  <div class='ocr_page' id='page_1' title='image "/cluster/home/n/w/nwhite01/storage/ocr_20150623/96/hvd.32044073502114/413.png"; bbox 0 0 3994 6350; ppageno 0'>
   <div class='ocr_carea' id='block_1_1' title="bbox 452 400 552 465">
    <p class='ocr_par' dir='ltr' id='par_1_1' title="bbox 452 400 552 465">
     <span class='ocr_line' id='line_1_1' title="bbox 452 400 552 465; baseline -0.04 0"><span class='ocrx_word' id='word_1_1' title='bbox 452 400 552 465; x_wconf 83' lang='grc' dir='ltr'>8οἾ</span> 
     </span>
    </p>
   </div>
   <div class='ocr_carea' id='block_1_2' title="bbox 1587 370 2467 439">
    <p class='ocr_par' dir='ltr' id='par_1_2' title="bbox 1587 370 2467 439">
     <span class='ocr_line' id='line_1_2' title="bbox 1587 370 2467 439; baseline -0.01 -2"><span class='ocrx_word' id='word_1_2' title='bbox 1587 381 1644 437; x_wconf 82' lang='lat' dir='ltr'>S.</span> <span class='ocrx_word' id='word_1_3' title='bbox 1685 375 2003 439; x_wconf 79' lang='lat' dir='ltr'>JOANNIS</span> <span class='ocrx_word' id='word_1_4' title='bbox 2035 370 2467 434; x_wconf 82' lang='lat' dir='ltr'><strong>DAMASCENI</strong></span> 
     </span>
    </p>
   </div>
   <div class='ocr_carea' id='block_1_3' title="bbox 3623 354 3733 417">
    <p class='ocr_par' dir='ltr' id='par_1_3' title="bbox 3623 354 3733 417">
     <span class='ocr_line' id='line_1_3' title="bbox 3623 354 3733 417; baseline 0.045 -5"><span class='ocrx_word' id='word_1_5' title='bbox 3623 354 3733 417; x_wconf 74' lang='lat'>808</span> 
     </span>
    </p>
   </div>
   <div class='ocr_carea' id='block_1_4' title="bbox 455 468 2057 567">
    <p class='ocr_par' dir='ltr' id='par_1_4' title="bbox 455 489 2031 567">
     <span class='ocr_line' id='line_1_4' title="bbox 455 489 2031 567; baseline -0.016 -1"><span class='ocrx_word' id='word_1_6' title='bbox 455 513 652 567; x_wconf 65' lang='lat' dir='ltr'><strong>benna:</strong></span> <span class='ocrx_word' id='word_1_7' title='bbox 707 515 758 561; x_wconf 91' lang='lat' dir='ltr'>te</span> <span class='ocrx_word' id='word_1_8' title='bbox 814 503 1028 558; x_wconf 80' lang='lat' dir='ltr'><strong>ﬂamma</strong></span> <span class='ocrx_word' id='word_1_9' title='bbox 1087 497 1325 567; x_wconf 84' lang='lat' dir='ltr'><strong>excipiet</strong></span> <span class='ocrx_word' id='word_1_10' title='bbox 1381 491 1862 560; x_wconf 75' lang='lat' dir='ltr'><strong>inexstinguibilis.</strong></span> <span class='ocrx_word' id='word_1_11' title='bbox 1916 489 2031 543; x_wconf 82' lang='lat' dir='ltr'>Non</span> 
     </span>
    </p>
   </div>
   <div class='ocr_carea' id='block_1_5' title="bbox 2166 468 3724 567">
    <p class='ocr_par' dir='ltr' id='par_1_5' title="bbox 2166 468 3724 553">
     <span class='ocr_line' id='line_1_5' title="bbox 2166 468 3724 553; baseline -0.012 -15"><span class='ocrx_word' id='word_1_12' title='bbox 2166 486 2240 537; x_wconf 82' lang='grc' dir='ltr'>ιὲν</span> <span class='ocrx_word' id='word_1_13' title='bbox 2261 479 2611 553; x_wconf 76' lang='grc' dir='ltr'>Σοδομιτικὸν</span> <span class='ocrx_word' id='word_1_14' title='bbox 2641 474 2878 531; x_wconf 78' lang='grc' dir='ltr'>ἐνταῦθά</span> <span class='ocrx_word' id='word_1_15' title='bbox 2912 490 2969 526; x_wconf 90' lang='grc' dir='ltr'>σε</span> <span class='ocrx_word' id='word_1_16' title='bbox 3003 470 3114 545; x_wconf 90' lang='grc' dir='ltr'>πῦρ</span> <span class='ocrx_word' id='word_1_17' title='bbox 3163 468 3569 539; x_wconf 73' lang='grc' dir='ltr'>ἐκεραύνωσεν,</span> <span class='ocrx_word' id='word_1_18' title='bbox 3599 472 3631 539; x_wconf 76' lang='grc' dir='ltr'>ἡ</span> <span class='ocrx_word' id='word_1_19' title='bbox 3663 468 3724 522; x_wconf 73' lang='grc' dir='ltr'>δὲ</span> 
     </span>
    </p>
   </div>
   <div class='ocr_carea' id='block_1_6' title="bbox 456 584 2034 665">
    <p class='ocr_par' dir='ltr' id='par_1_6' title="bbox 456 584 2034 665">
     <span class='ocr_line' id='line_1_6' title="bbox 456 584 2034 665; baseline -0.017 -9"><span class='ocrx_word' id='word_1_20' title='bbox 456 599 605 655; x_wconf 84' lang='lat' dir='ltr'><strong>enim</strong></span> <span class='ocrx_word' id='word_1_21' title='bbox 657 601 848 665; x_wconf 87' lang='lat' dir='ltr'><strong>dignus</strong></span> <span class='ocrx_word' id='word_1_22' title='bbox 900 590 1047 645; x_wconf 77' lang='lat' dir='ltr'><strong>luisti</strong></span> <span class='ocrx_word' id='word_1_23' title='bbox 1105 588 1198 658; x_wconf 89' lang='lat' dir='ltr'>qui</span> <span class='ocrx_word' id='word_1_24' title='bbox 1254 587 1309 640; x_wconf 89' lang='lat' dir='ltr'>in</span> <span class='ocrx_word' id='word_1_25' title='bbox 1367 584 1506 638; x_wconf 88' lang='lat' dir='ltr'><strong>vivis</strong></span> <span class='ocrx_word' id='word_1_26' title='bbox 1561 589 1833 651; x_wconf 86' lang='lat' dir='ltr'><strong>superstes</strong></span> <span class='ocrx_word' id='word_1_27' title='bbox 1864 592 2034 640; x_wconf 85' lang='lat' dir='ltr'><strong>esses,</strong></span> 
     </span>
    </p>
   </div>
   <div class='ocr_carea' id='block_1_7' title="bbox 463 669 2037 759">
    <p class='ocr_par' dir='ltr' id='par_1_7' title="bbox 463 669 2037 759">
     <span class='ocr_line' id='line_1_7' title="bbox 463 669 2037 759; baseline -0.017 -13"><span class='ocrx_word' id='word_1_28' title='bbox 463 708 531 746; x_wconf 89' lang='lat' dir='ltr'><strong>ne</strong></span> <span class='ocrx_word' id='word_1_29' title='bbox 583 690 752 759; x_wconf 87' lang='lat' dir='ltr'><strong>digito</strong></span> <span class='ocrx_word' id='word_1_30' title='bbox 791 688 1196 739; x_wconf 87' lang='lat' dir='ltr'><strong>demonstratus</strong></span> <span class='ocrx_word' id='word_1_31' title='bbox 1245 675 1501 746; x_wconf 82' lang='lat' dir='ltr'>martyris</span> <span class='ocrx_word' id='word_1_32' title='bbox 1552 681 1706 743; x_wconf 88' lang='lat' dir='ltr'><strong>pater</strong></span> <span class='ocrx_word' id='word_1_33' title='bbox 1754 669 2037 723; x_wconf 84' lang='lat' dir='ltr'><strong>dicereris.</strong></span> 
     </span>
    </p>
   </div>
   <div class='ocr_carea' id='block_1_8' title="bbox 465 762 2039 845">
    <p class='ocr_par' dir='ltr' id='par_1_8' title="bbox 465 762 2039 845">
     <span class='ocr_line' id='line_1_8' title="bbox 465 762 2039 845; baseline -0.015 -10"><span class='ocrx_word' id='word_1_34' title='bbox 465 781 581 835; x_wconf 87' lang='lat' dir='ltr'>Non</span> <span class='ocrx_word' id='word_1_35' title='bbox 617 791 669 832; x_wconf 93' lang='lat' dir='ltr'><strong>te</strong></span> <span class='ocrx_word' id='word_1_36' title='bbox 709 775 937 845; x_wconf 84' lang='lat' dir='ltr'><strong>amplius</strong></span> <span class='ocrx_word' id='word_1_37' title='bbox 987 772 1130 827; x_wconf 81' lang='lat' dir='ltr'><strong>aedes</strong></span> <span class='ocrx_word' id='word_1_38' title='bbox 1176 778 1283 823; x_wconf 71' lang='lat' dir='ltr'><strong>tua:</strong></span> <span class='ocrx_word' id='word_1_39' title='bbox 1327 767 1570 836; x_wconf 83' lang='lat' dir='ltr'>recipere</span> <span class='ocrx_word' id='word_1_40' title='bbox 1613 762 1917 826; x_wconf 84' lang='lat' dir='ltr'>sustinent,</span> <span class='ocrx_word' id='word_1_41' title='bbox 1971 772 2039 813; x_wconf 78' lang='lat' dir='ltr'><strong>ex</strong></span> 
     </span>
    </p>
   </div>
   <div class='ocr_carea' id='block_1_9' title="bbox 464 850 2037 942">
    <p class='ocr_par' dir='ltr' id='par_1_9' title="bbox 464 850 2037 942">
     <span class='ocr_line' id='line_1_9' title="bbox 464 850 2037 942; baseline -0.013 -16"><span class='ocrx_word' id='word_1_42' title='bbox 464 873 661 942; x_wconf 82' lang='lat' dir='ltr'>quibus</span> <span class='ocrx_word' id='word_1_43' title='bbox 708 867 993 937; x_wconf 79' lang='lat' dir='ltr'>virginem,</span> <span class='ocrx_word' id='word_1_44' title='bbox 1029 875 1259 931; x_wconf 84' lang='lat' dir='ltr'><strong>eamque</strong></span> <span class='ocrx_word' id='word_1_45' title='bbox 1308 855 1667 915; x_wconf 74' lang='lat' dir='ltr'><strong>clarissimam</strong></span> <span class='ocrx_word' id='word_1_46' title='bbox 1715 850 2037 907; x_wconf 77' lang='lat' dir='ltr'>exturbasti.</span> 
     </span>
    </p>
   </div>
   <div class='ocr_carea' id='block_1_10' title="bbox 539 1046 2044 1125">
    <p class='ocr_par' dir='ltr' id='par_1_10' title="bbox 539 1046 2044 1125">
     <span class='ocr_line' id='line_1_10' title="bbox 539 1046 2044 1125; baseline -0.015 -4"><span class='ocrx_word' id='word_1_47' title='bbox 539 1066 628 1121; x_wconf 81' lang='grc'>19.</span> <span class='ocrx_word' id='word_1_48' title='bbox 669 1064 748 1118; x_wconf 90' lang='lat' dir='ltr'><strong>&#39;l&#39;u</strong></span> <span class='ocrx_word' id='word_1_49' title='bbox 781 1076 909 1117; x_wconf 80' lang='lat' dir='ltr'><strong>vero</strong></span> <span class='ocrx_word' id='word_1_50' title='bbox 938 1060 1093 1125; x_wconf 91' lang='lat' dir='ltr'><strong>mihi,</strong></span> <span class='ocrx_word' id='word_1_51' title='bbox 1132 1055 1337 1112; x_wconf 80' lang='lat' dir='ltr'>Christi</span> <span class='ocrx_word' id='word_1_52' title='bbox 1387 1050 1596 1109; x_wconf 88' lang='lat' dir='ltr'><strong>ovicula</strong></span> <span class='ocrx_word' id='word_1_53' title='bbox 1622 1090 1638 1115; x_wconf 95' lang='lat'>,</span> <span class='ocrx_word' id='word_1_54' title='bbox 1670 1046 1918 1103; x_wconf 90' lang='lat' dir='ltr'><strong>columba</strong></span> <span class='ocrx_word' id='word_1_55' title='bbox 1940 1084 1955 1109; x_wconf 88' lang='lat'>,</span> <span class='ocrx_word' id='word_1_56' title='bbox 1989 1052 2044 1100; x_wconf 90' lang='lat' dir='ltr'>et</span> 
     </span>
    </p>
   </div>
   <div class='ocr_carea' id='block_1_11' title="bbox 468 1142 2044 1228">
    <p class='ocr_par' dir='ltr' id='par_1_11' title="bbox 468 1142 2044 1228">
     <span class='ocr_line' id='line_1_11' title="bbox 468 1142 2044 1228; baseline -0.013 -15"><span class='ocrx_word' id='word_1_57' title='bbox 468 1172 691 1228; x_wconf 88' lang='lat' dir='ltr'><strong>sponsa,</strong></span> <span class='ocrx_word' id='word_1_58' title='bbox 720 1170 784 1211; x_wconf 83' lang='lat' dir='ltr'>ac</span> <span class='ocrx_word' id='word_1_59' title='bbox 812 1156 857 1209; x_wconf 90' lang='lat' dir='ltr'>si</span> <span class='ocrx_word' id='word_1_60' title='bbox 890 1155 1031 1223; x_wconf 89' lang='lat' dir='ltr'><strong>quod</strong></span> <span class='ocrx_word' id='word_1_61' title='bbox 1049 1153 1246 1207; x_wconf 91' lang='lat' dir='ltr'><strong>bonum</strong></span> <span class='ocrx_word' id='word_1_62' title='bbox 1272 1162 1467 1202; x_wconf 85' lang='lat' dir='ltr'><strong>nomen</strong></span> <span class='ocrx_word' id='word_1_63' title='bbox 1490 1154 1594 1209; x_wconf 90' lang='lat' dir='ltr'><strong>est,</strong></span> <span class='ocrx_word' id='word_1_64' title='bbox 1616 1142 2044 1214; x_wconf 82' lang='lat' dir='ltr'><strong>gratiosumque,</strong></span> 
     </span>
    </p>
   </div>
   <div class='ocr_carea' id='block_1_12' title="bbox 468 1241 2041 1320">
    <p class='ocr_par' dir='ltr' id='par_1_12' title="bbox 468 1241 2041 1320">
     <span class='ocr_line' id='line_1_12' title="bbox 468 1241 2041 1320; baseline -0.015 -14"><span class='ocrx_word' id='word_1_65' title='bbox 468 1260 519 1305; x_wconf 90' lang='lat' dir='ltr'>et</span> <span class='ocrx_word' id='word_1_66' title='bbox 553 1258 839 1320; x_wconf 74' lang='lat' dir='ltr'><strong>praestans,</strong></span> <span class='ocrx_word' id='word_1_67' title='bbox 864 1246 1029 1311; x_wconf 87' lang='lat' dir='ltr'><strong>salve,</strong></span> <span class='ocrx_word' id='word_1_68' title='bbox 1059 1259 1178 1312; x_wconf 64' lang='lat' dir='ltr'><strong>qua:</strong></span> <span class='ocrx_word' id='word_1_69' title='bbox 1206 1241 1438 1297; x_wconf 86' lang='lat' dir='ltr'>stadium</span> <span class='ocrx_word' id='word_1_70' title='bbox 1467 1249 1688 1292; x_wconf 88' lang='lat' dir='ltr'><strong>strenue</strong></span> <span class='ocrx_word' id='word_1_71' title='bbox 1717 1246 1935 1289; x_wconf 90' lang='lat' dir='ltr'><strong>emensa</strong></span> <span class='ocrx_word' id='word_1_72' title='bbox 1963 1244 2041 1285; x_wconf 84' lang='lat' dir='ltr'>es.</span> 
     </span>
    </p>
   </div>
   <div class='ocr_carea' id='block_1_13' title="bbox 472 1322 2044 1409">
    <p class='ocr_par' dir='ltr' id='par_1_13' title="bbox 472 1322 2044 1409">
     <span class='ocr_line' id='line_1_13' title="bbox 472 1322 2044 1409; baseline -0.014 -12"><span class='ocrx_word' id='word_1_73' title='bbox 472 1344 654 1409; x_wconf 86' lang='lat' dir='ltr'><strong>Salve,</strong></span> <span class='ocrx_word' id='word_1_74' title='bbox 691 1356 809 1409; x_wconf 73' lang='lat' dir='ltr'><strong>qua:</strong></span> <span class='ocrx_word' id='word_1_75' title='bbox 840 1340 997 1409; x_wconf 89' lang='lat' dir='ltr'><strong>digna</strong></span> <span class='ocrx_word' id='word_1_76' title='bbox 1025 1334 1308 1391; x_wconf 82' lang='lat' dir='ltr'><strong>certamini</strong></span> <span class='ocrx_word' id='word_1_77' title='bbox 1332 1331 1549 1403; x_wconf 68' lang='lat' dir='ltr'><strong>praemia</strong></span> <span class='ocrx_word' id='word_1_78' title='bbox 1577 1325 1827 1383; x_wconf 90' lang='lat' dir='ltr'><strong>retulisti.</strong></span> <span class='ocrx_word' id='word_1_79' title='bbox 1865 1322 2044 1385; x_wconf 84' lang='lat' dir='ltr'><strong>Salve,</strong></span> 
     </span>
    </p>
   </div>
   <div class='ocr_carea' id='block_1_14' title="bbox 473 1415 2043 1501">
    <p class='ocr_par' dir='ltr' id='par_1_14' title="bbox 473 1415 2043 1501">
     <span class='ocr_line' id='line_1_14' title="bbox 473 1415 2043 1501; baseline -0.015 -10"><span class='ocrx_word' id='word_1_80' title='bbox 473 1436 582 1499; x_wconf 91' lang='lat' dir='ltr'><strong>cui,</strong></span> <span class='ocrx_word' id='word_1_81' title='bbox 620 1431 897 1501; x_wconf 87' lang='lat' dir='ltr'><strong>multiplici</strong></span> <span class='ocrx_word' id='word_1_82' title='bbox 931 1442 1102 1497; x_wconf 83' lang='lat' dir='ltr'><strong>agone</strong></span> <span class='ocrx_word' id='word_1_83' title='bbox 1131 1425 1412 1488; x_wconf 90' lang='lat' dir='ltr'><strong>desudato,</strong></span> <span class='ocrx_word' id='word_1_84' title='bbox 1443 1419 1719 1489; x_wconf 80' lang='lat' dir='ltr'><strong>multiplex</strong></span> <span class='ocrx_word' id='word_1_85' title='bbox 1744 1417 1924 1488; x_wconf 90' lang='lat' dir='ltr'><strong>palma</strong></span> <span class='ocrx_word' id='word_1_86' title='bbox 1948 1415 2043 1469; x_wconf 85' lang='lat' dir='ltr'><strong>de-</strong></span> 
     </span>
    </p>
   </div>
   <div class='ocr_carea' id='block_1_15' title="bbox 416 1506 2047 1589">
    <p class='ocr_par' dir='ltr' id='par_1_15' title="bbox 416 1506 2047 1589">
     <span class='ocr_line' id='line_1_15' title="bbox 416 1506 2047 1589; baseline -0.015 -8"><span class='ocrx_word' id='word_1_87' title='bbox 416 1550 433 1557; x_wconf 75' lang='grc'><strong>-</strong></span> <span class='ocrx_word' id='word_1_88' title='bbox 472 1526 653 1580; x_wconf 87' lang='lat' dir='ltr'>betur.</span> <span class='ocrx_word' id='word_1_89' title='bbox 693 1522 873 1586; x_wconf 87' lang='lat' dir='ltr'><strong>Salve,</strong></span> <span class='ocrx_word' id='word_1_90' title='bbox 906 1533 1024 1589; x_wconf 67' lang='lat' dir='ltr'><strong>qua:</strong></span> <span class='ocrx_word' id='word_1_91' title='bbox 1050 1516 1295 1584; x_wconf 85' lang='lat' dir='ltr'><strong>corporis</strong></span> <span class='ocrx_word' id='word_1_92' title='bbox 1318 1526 1507 1569; x_wconf 88' lang='lat' dir='ltr'><strong>sensus</strong></span> <span class='ocrx_word' id='word_1_93' title='bbox 1542 1511 1593 1564; x_wconf 92' lang='lat' dir='ltr'>in</span> <span class='ocrx_word' id='word_1_94' title='bbox 1618 1506 1839 1578; x_wconf 79' lang='lat' dir='ltr'><strong>juvenili</strong></span> <span class='ocrx_word' id='word_1_95' title='bbox 1870 1513 2047 1567; x_wconf 78' lang='lat' dir='ltr'><strong>:etate,</strong></span> 
     </span>
    </p>
   </div>
   <div class='ocr_carea' id='block_1_16' title="bbox 474 1595 2049 1684">
    <p class='ocr_par' dir='ltr' id='par_1_16' title="bbox 474 1595 2049 1684">
     <span class='ocr_line' id='line_1_16' title="bbox 474 1595 2049 1684; baseline -0.016 -12"><span class='ocrx_word' id='word_1_96' title='bbox 474 1615 629 1672; x_wconf 87' lang='lat' dir='ltr'><strong>senili</strong></span> <span class='ocrx_word' id='word_1_97' title='bbox 682 1610 1041 1684; x_wconf 83' lang='lat' dir='ltr'><strong>prudentique</strong></span> <span class='ocrx_word' id='word_1_98' title='bbox 1098 1606 1261 1677; x_wconf 82' lang='lat'>907</span> <span class='ocrx_word' id='word_1_99' title='bbox 1317 1616 1471 1658; x_wconf 88' lang='lat' dir='ltr'><strong>more</strong></span> <span class='ocrx_word' id='word_1_100' title='bbox 1522 1598 1823 1669; x_wconf 86' lang='lat' dir='ltr'><strong>castigasti.</strong></span> <span class='ocrx_word' id='word_1_101' title='bbox 1866 1595 2049 1659; x_wconf 86' lang='lat' dir='ltr'><strong>Salve,</strong></span> 
     </span>
    </p>
   </div>
   <div class='ocr_carea' id='block_1_17' title="bbox 474 1688 2049 1779">
    <p class='ocr_par' dir='ltr' id='par_1_17' title="bbox 474 1688 2049 1779">
     <span class='ocr_line' id='line_1_17' title="bbox 474 1688 2049 1779; baseline -0.017 -15"><span class='ocrx_word' id='word_1_102' title='bbox 474 1723 595 1779; x_wconf 72' lang='lat' dir='ltr'><strong>qua:</strong></span> <span class='ocrx_word' id='word_1_103' title='bbox 628 1704 992 1772; x_wconf 78' lang='lat' dir='ltr'><strong>virginitatem</strong></span> <span class='ocrx_word' id='word_1_104' title='bbox 1026 1700 1280 1763; x_wconf 82' lang='lat' dir='ltr'><strong>Christo,</strong></span> <span class='ocrx_word' id='word_1_105' title='bbox 1321 1696 1482 1750; x_wconf 90' lang='lat' dir='ltr'><strong>etiam</strong></span> <span class='ocrx_word' id='word_1_106' title='bbox 1538 1700 1661 1747; x_wconf 88' lang='lat' dir='ltr'><strong>ante</strong></span> <span class='ocrx_word' id='word_1_107' title='bbox 1706 1688 2049 1760; x_wconf 86' lang='lat' dir='ltr'><strong>martyrium,</strong></span> 
     </span>
    </p>
   </div>
   <div class='ocr_carea' id='block_1_18' title="bbox 2137 561 3724 644">
    <p class='ocr_par' dir='ltr' id='par_1_18' title="bbox 2137 561 3724 644">
     <span class='ocr_line' id='line_1_18' title="bbox 2137 561 3724 644; baseline -0.012 -14"><span class='ocrx_word' id='word_1_108' title='bbox 2137 580 2237 644; x_wconf 80' lang='grc' dir='ltr'>τῆς</span> <span class='ocrx_word' id='word_1_109' title='bbox 2271 576 2496 644; x_wconf 82' lang='grc' dir='ltr'>γεέννης</span> <span class='ocrx_word' id='word_1_110' title='bbox 2553 589 2614 625; x_wconf 88' lang='grc' dir='ltr'>σε</span> <span class='ocrx_word' id='word_1_111' title='bbox 2652 569 2785 640; x_wconf 80' lang='grc' dir='ltr'>φλὸξ</span> <span class='ocrx_word' id='word_1_112' title='bbox 2819 567 3082 628; x_wconf 78' lang='grc' dir='ltr'>ἄσϐεστος</span> <span class='ocrx_word' id='word_1_113' title='bbox 3116 566 3233 618; x_wconf 80' lang='grc' dir='ltr'>ἐκεῖ</span> <span class='ocrx_word' id='word_1_114' title='bbox 3275 561 3621 625; x_wconf 80' lang='grc' dir='ltr'>ὑποδέξεται.</span> <span class='ocrx_word' id='word_1_115' title='bbox 3647 562 3724 613; x_wconf 85' lang='grc' dir='ltr'>Ού</span> 
     </span>
    </p>
   </div>
   <div class='ocr_carea' id='block_1_19' title="bbox 2139 653 3728 739">
    <p class='ocr_par' dir='ltr' id='par_1_19' title="bbox 2139 653 3728 739">
     <span class='ocr_line' id='line_1_19' title="bbox 2139 653 3728 739; baseline -0.011 -17"><span class='ocrx_word' id='word_1_116' title='bbox 2139 671 2248 739; x_wconf 82' lang='grc' dir='ltr'>γὰρ</span> <span class='ocrx_word' id='word_1_117' title='bbox 2276 668 2358 721; x_wconf 80' lang='grc' dir='ltr'>ἔτι</span> <span class='ocrx_word' id='word_1_118' title='bbox 2397 665 2686 719; x_wconf 71' lang='grc' dir='ltr'>ὲπιόιῶιναι</span> <span class='ocrx_word' id='word_1_119' title='bbox 2721 660 3016 730; x_wconf 75' lang='grc' dir='ltr'>ἐτύγχανες</span> <span class='ocrx_word' id='word_1_120' title='bbox 3065 656 3238 723; x_wconf 78' lang='grc' dir='ltr'>ἄξιος,</span> <span class='ocrx_word' id='word_1_121' title='bbox 3285 655 3373 708; x_wconf 82' lang='grc' dir='ltr'>ἵνα</span> <span class='ocrx_word' id='word_1_122' title='bbox 3417 653 3493 723; x_wconf 75' lang='grc' dir='ltr'>μὴ</span> <span class='ocrx_word' id='word_1_123' title='bbox 3523 654 3728 706; x_wconf 87' lang='grc' dir='ltr'>δακτυ-</span> 
     </span>
    </p>
   </div>
   <div class='ocr_carea' id='block_1_20' title="bbox 2145 746 3720 829">
    <p class='ocr_par' dir='ltr' id='par_1_20' title="bbox 2145 746 3720 829">
     <span class='ocr_line' id='line_1_20' title="bbox 2145 746 3720 829; baseline -0.01 -17"><span class='ocrx_word' id='word_1_124' title='bbox 2145 758 2594 829; x_wconf 84' lang='grc' dir='ltr'>λοδεικτούμενος</span> <span class='ocrx_word' id='word_1_125' title='bbox 2647 753 2831 823; x_wconf 82' lang='grc' dir='ltr'>πατὴρ</span> <span class='ocrx_word' id='word_1_126' title='bbox 2905 749 3174 819; x_wconf 80' lang='grc' dir='ltr'>κληθῆναι</span> <span class='ocrx_word' id='word_1_127' title='bbox 3251 750 3352 816; x_wconf 82' lang='grc' dir='ltr'>τῆς</span> <span class='ocrx_word' id='word_1_128' title='bbox 3407 746 3720 829; x_wconf 63' lang='grc' dir='ltr'>μάρτυροςἶ</span> 
     </span>
    </p>
   </div>
   <div class='ocr_carea' id='block_1_21' title="bbox 2141 827 3731 909">
    <p class='ocr_par' dir='ltr' id='par_1_21' title="bbox 2141 827 3731 909">
     <span class='ocr_line' id='line_1_21' title="bbox 2141 827 3731 909; baseline -0.01 -6"><span class='ocrx_word' id='word_1_129' title='bbox 2141 846 2341 903; x_wconf 79' lang='grc' dir='ltr'>Οὐκέτι</span> <span class='ocrx_word' id='word_1_130' title='bbox 2374 827 2444 899; x_wconf 78' lang='grc' dir='ltr'>σε</span> <span class='ocrx_word' id='word_1_131' title='bbox 2480 846 2509 898; x_wconf 84' lang='grc' dir='ltr'><strong>ὁ</strong></span> <span class='ocrx_word' id='word_1_132' title='bbox 2548 844 2639 907; x_wconf 84' lang='grc' dir='ltr'>σὸς</span> <span class='ocrx_word' id='word_1_133' title='bbox 2691 838 2841 903; x_wconf 76' lang='grc' dir='ltr'>οἶκος</span> <span class='ocrx_word' id='word_1_134' title='bbox 2891 840 3146 909; x_wconf 78' lang='grc' dir='ltr'>ἀνέχεται</span> <span class='ocrx_word' id='word_1_135' title='bbox 3202 834 3479 901; x_wconf 82' lang='grc' dir='ltr'>δέξασθαι,</span> <span class='ocrx_word' id='word_1_136' title='bbox 3529 835 3625 903; x_wconf 75' lang='grc' dir='ltr'>ἀφ’</span> <span class='ocrx_word' id='word_1_137' title='bbox 3666 827 3731 887; x_wconf 78' lang='grc' dir='ltr'>οῦ</span> 
     </span>
    </p>
   </div>
   <div class='ocr_carea' id='block_1_22' title="bbox 2141 924 3597 1009">
    <p class='ocr_par' dir='ltr' id='par_1_22' title="bbox 2141 924 3597 1009">
     <span class='ocr_line' id='line_1_22' title="bbox 2141 924 3597 1009; baseline -0.011 -15"><span class='ocrx_word' id='word_1_138' title='bbox 2141 956 2285 1003; x_wconf 88' lang='grc' dir='ltr'>τινος</span> <span class='ocrx_word' id='word_1_139' title='bbox 2323 937 2422 1009; x_wconf 79' lang='grc' dir='ltr'>τὴν</span> <span class='ocrx_word' id='word_1_140' title='bbox 2452 935 2746 1007; x_wconf 75' lang='grc' dir='ltr'>παρθένον,</span> <span class='ocrx_word' id='word_1_141' title='bbox 2783 931 2879 985; x_wconf 74' lang='grc' dir='ltr'>καὶ</span> <span class='ocrx_word' id='word_1_142' title='bbox 2909 929 3274 999; x_wconf 78' lang='grc' dir='ltr'>πανεύφημον</span> <span class='ocrx_word' id='word_1_143' title='bbox 3304 924 3597 996; x_wconf 74' lang='grc' dir='ltr'>ὲξῴκισας.</span> 
     </span>
    </p>
   </div>
   <div class='ocr_carea' id='block_1_23' title="bbox 2217 1034 3732 1117">
    <p class='ocr_par' dir='ltr' id='par_1_23' title="bbox 2217 1034 3732 1117">
     <span class='ocr_line' id='line_1_23' title="bbox 2217 1034 3732 1117; baseline -0.014 -11"><span class='ocrx_word' id='word_1_144' title='bbox 2217 1051 2305 1107; x_wconf 70' lang='grc' dir='ltr'>ιδ’.</span> <span class='ocrx_word' id='word_1_145' title='bbox 2350 1050 2425 1104; x_wconf 76' lang='grc' dir='ltr'><strong>Σὺ</strong></span> <span class='ocrx_word' id='word_1_146' title='bbox 2462 1047 2525 1102; x_wconf 80' lang='grc' dir='ltr'>δέ</span> <span class='ocrx_word' id='word_1_147' title='bbox 2567 1063 2658 1117; x_wconf 88' lang='grc' dir='ltr'>μοι</span> <span class='ocrx_word' id='word_1_148' title='bbox 2693 1045 2726 1114; x_wconf 84' lang='grc' dir='ltr'>ἠ</span> <span class='ocrx_word' id='word_1_149' title='bbox 2763 1039 3003 1115; x_wconf 79' lang='grc' dir='ltr'>Χριστοῦ</span> <span class='ocrx_word' id='word_1_150' title='bbox 3037 1037 3235 1109; x_wconf 71' lang='grc' dir='ltr'>ἀμνὰς,</span> <span class='ocrx_word' id='word_1_151' title='bbox 3269 1034 3367 1089; x_wconf 74' lang='grc' dir='ltr'>καὶ</span> <span class='ocrx_word' id='word_1_152' title='bbox 3398 1034 3732 1105; x_wconf 77' lang='grc' dir='ltr'>περιστερὰ,</span> 
     </span>
    </p>
   </div>
   <div class='ocr_carea' id='block_1_24' title="bbox 2146 1126 3736 1214">
    <p class='ocr_par' dir='ltr' id='par_1_24' title="bbox 2146 1126 3736 1214">
     <span class='ocr_line' id='line_1_24' title="bbox 2146 1126 3736 1214; baseline -0.014 -14"><span class='ocrx_word' id='word_1_153' title='bbox 2146 1147 2243 1199; x_wconf 76' lang='grc' dir='ltr'>καὶ</span> <span class='ocrx_word' id='word_1_154' title='bbox 2269 1143 2478 1214; x_wconf 82' lang='grc' dir='ltr'>νύμφη,</span> <span class='ocrx_word' id='word_1_155' title='bbox 2508 1139 2604 1193; x_wconf 68' lang='grc' dir='ltr'>καὶ</span> <span class='ocrx_word' id='word_1_156' title='bbox 2632 1138 2741 1191; x_wconf 80' lang='grc' dir='ltr'>πᾶν</span> <span class='ocrx_word' id='word_1_157' title='bbox 2772 1135 2877 1188; x_wconf 85' lang='grc' dir='ltr'>είτι</span> <span class='ocrx_word' id='word_1_158' title='bbox 2912 1127 3006 1186; x_wconf 84' lang='grc' dir='ltr'>οῦν</span> <span class='ocrx_word' id='word_1_159' title='bbox 3054 1130 3228 1200; x_wconf 72' lang='grc' dir='ltr'>ὄνομα</span> <span class='ocrx_word' id='word_1_160' title='bbox 3272 1126 3460 1193; x_wconf 74' lang='grc' dir='ltr'>καλὸν,</span> <span class='ocrx_word' id='word_1_161' title='bbox 3495 1127 3594 1181; x_wconf 75' lang='grc' dir='ltr'>καὶ</span> <span class='ocrx_word' id='word_1_162' title='bbox 3627 1143 3736 1197; x_wconf 84' lang='grc' dir='ltr'>χα-</span> 
     </span>
    </p>
   </div>
   <div class='ocr_carea' id='block_1_25' title="bbox 2150 1219 3738 1309">
    <p class='ocr_par' dir='ltr' id='par_1_25' title="bbox 2150 1219 3738 1309">
     <span class='ocr_line' id='line_1_25' title="bbox 2150 1219 3738 1309; baseline -0.012 -19"><span class='ocrx_word' id='word_1_163' title='bbox 2150 1235 2290 1309; x_wconf 90' lang='grc' dir='ltr'>ρίεν,</span> <span class='ocrx_word' id='word_1_164' title='bbox 2329 1234 2425 1287; x_wconf 73' lang='grc' dir='ltr'>καὶ</span> <span class='ocrx_word' id='word_1_165' title='bbox 2457 1231 2664 1300; x_wconf 87' lang='grc' dir='ltr'>τίμιον,</span> <span class='ocrx_word' id='word_1_166' title='bbox 2690 1229 2874 1298; x_wconf 86' lang='grc' dir='ltr'>χαῖρε,</span> <span class='ocrx_word' id='word_1_167' title='bbox 2907 1223 3174 1293; x_wconf 82' lang='grc' dir='ltr'>γεννικῶς</span> <span class='ocrx_word' id='word_1_168' title='bbox 3203 1220 3315 1276; x_wconf 84' lang='grc' dir='ltr'>τῶν</span> <span class='ocrx_word' id='word_1_169' title='bbox 3354 1219 3591 1289; x_wconf 21' lang='grc' dir='ltr'>,ἀγώνων</span> <span class='ocrx_word' id='word_1_170' title='bbox 3621 1220 3738 1272; x_wconf 86' lang='grc' dir='ltr'>δια-</span> 
     </span>
    </p>
   </div>
   <div class='ocr_carea' id='block_1_26' title="bbox 2146 1312 3740 1400">
    <p class='ocr_par' dir='ltr' id='par_1_26' title="bbox 2146 1312 3740 1400">
     <span class='ocr_line' id='line_1_26' title="bbox 2146 1312 3740 1400; baseline -0.013 -18"><span class='ocrx_word' id='word_1_171' title='bbox 2146 1326 2429 1400; x_wconf 88' lang='grc' dir='ltr'>δραμοῦσα</span> <span class='ocrx_word' id='word_1_172' title='bbox 2442 1323 2535 1377; x_wconf 75' lang='grc' dir='ltr'>τδν</span> <span class='ocrx_word' id='word_1_173' title='bbox 2552 1320 2787 1375; x_wconf 87' lang='grc' dir='ltr'>δίαυλον.</span> <span class='ocrx_word' id='word_1_174' title='bbox 2808 1318 2986 1388; x_wconf 81' lang='grc' dir='ltr'>Χαῖρε</span> <span class='ocrx_word' id='word_1_175' title='bbox 3000 1356 3015 1379; x_wconf 95' lang='grc'>,</span> <span class='ocrx_word' id='word_1_176' title='bbox 3034 1315 3143 1368; x_wconf 83' lang='grc' dir='ltr'>τῶν</span> <span class='ocrx_word' id='word_1_177' title='bbox 3157 1314 3336 1366; x_wconf 80' lang='grc' dir='ltr'>ἄθλων</span> <span class='ocrx_word' id='word_1_178' title='bbox 3359 1312 3559 1378; x_wconf 73' lang='grc' dir='ltr'>ἐπάξια</span> <span class='ocrx_word' id='word_1_179' title='bbox 3581 1328 3740 1381; x_wconf 80' lang='grc' dir='ltr'>κομιο</span> 
     </span>
    </p>
   </div>
   <div class='ocr_carea' id='block_1_27' title="bbox 2152 1403 3737 1491">
    <p class='ocr_par' dir='ltr' id='par_1_27' title="bbox 2152 1403 3737 1491">
     <span class='ocr_line' id='line_1_27' title="bbox 2152 1403 3737 1491; baseline -0.012 -16"><span class='ocrx_word' id='word_1_180' title='bbox 2152 1421 2363 1491; x_wconf 87' lang='grc' dir='ltr'>σαμένη</span> <span class='ocrx_word' id='word_1_181' title='bbox 2379 1414 2690 1470; x_wconf 76' lang='grc' dir='ltr'>τάἑπαθλα.</span> <span class='ocrx_word' id='word_1_182' title='bbox 2705 1413 2899 1481; x_wconf 86' lang='grc' dir='ltr'>Χαῖρε,</span> <span class='ocrx_word' id='word_1_183' title='bbox 2913 1403 3057 1482; x_wconf 77' lang='grc' dir='ltr'>ᾗπερ</span> <span class='ocrx_word' id='word_1_184' title='bbox 3073 1406 3241 1459; x_wconf 86' lang='grc' dir='ltr'>πολλά</span> <span class='ocrx_word' id='word_1_185' title='bbox 3255 1405 3323 1459; x_wconf 86' lang='grc' dir='ltr'>τὰ</span> <span class='ocrx_word' id='word_1_186' title='bbox 3343 1405 3571 1476; x_wconf 72' lang='grc' dir='ltr'>βραδεῖα</span> <span class='ocrx_word' id='word_1_187' title='bbox 3592 1405 3737 1475; x_wconf 84' lang='grc' dir='ltr'>ὑπὲρ</span> 
     </span>
    </p>
   </div>
   <div class='ocr_carea' id='block_1_28' title="bbox 2153 1495 3740 1576">
    <p class='ocr_par' dir='ltr' id='par_1_28' title="bbox 2153 1495 3740 1576">
     <span class='ocr_line' id='line_1_28' title="bbox 2153 1495 3740 1576; baseline -0.011 -10"><span class='ocrx_word' id='word_1_188' title='bbox 2153 1511 2369 1567; x_wconf 78' lang='grc' dir='ltr'>πολλῶν</span> <span class='ocrx_word' id='word_1_189' title='bbox 2395 1508 2505 1562; x_wconf 89' lang='grc' dir='ltr'>τῶν</span> <span class='ocrx_word' id='word_1_190' title='bbox 2537 1504 2941 1576; x_wconf 84' lang='grc' dir='ltr'>ἀγωνισμάτων</span> <span class='ocrx_word' id='word_1_191' title='bbox 2986 1499 3283 1569; x_wconf 86' lang='grc' dir='ltr'>ὀφείλεται.</span> <span class='ocrx_word' id='word_1_192' title='bbox 3318 1498 3515 1567; x_wconf 82' lang='grc' dir='ltr'>Χαῖρε,</span> <span class='ocrx_word' id='word_1_193' title='bbox 3556 1498 3592 1567; x_wconf 75' lang='grc' dir='ltr'>η</span> <span class='ocrx_word' id='word_1_194' title='bbox 3621 1495 3740 1548; x_wconf 89' lang='grc' dir='ltr'>τῶν</span> 
     </span>
    </p>
   </div>
   <div class='ocr_carea' id='block_1_29' title="bbox 2158 1588 3738 1678">
    <p class='ocr_par' dir='ltr' id='par_1_29' title="bbox 2158 1588 3738 1678">
     <span class='ocr_line' id='line_1_29' title="bbox 2158 1588 3738 1678; baseline -0.013 -19"><span class='ocrx_word' id='word_1_195' title='bbox 2158 1602 2429 1678; x_wconf 84' lang='grc' dir='ltr'>ὲμπαθῶν</span> <span class='ocrx_word' id='word_1_196' title='bbox 2452 1603 2555 1672; x_wconf 80' lang='grc' dir='ltr'>τῆς</span> <span class='ocrx_word' id='word_1_197' title='bbox 2590 1597 2794 1669; x_wconf 79' lang='grc' dir='ltr'>σαρκὸς</span> <span class='ocrx_word' id='word_1_198' title='bbox 2828 1588 3479 1664; x_wconf 82' lang='grc' dir='ltr'>σκιρτημάτων).ογισμῷ</span> <span class='ocrx_word' id='word_1_199' title='bbox 3495 1590 3738 1659; x_wconf 74' lang='grc' dir='ltr'>ἐπικρα-</span> 
     </span>
    </p>
   </div>
   <div class='ocr_carea' id='block_1_30' title="bbox 2153 1680 3743 1767">
    <p class='ocr_par' dir='ltr' id='par_1_30' title="bbox 2153 1680 3743 1767">
     <span class='ocr_line' id='line_1_30' title="bbox 2153 1680 3743 1767; baseline -0.011 -18"><span class='ocrx_word' id='word_1_200' title='bbox 2153 1698 2366 1767; x_wconf 81' lang='grc' dir='ltr'>τήσασα</span> <span class='ocrx_word' id='word_1_201' title='bbox 2398 1692 2659 1762; x_wconf 81' lang='grc' dir='ltr'>σώφρονι.</span> <span class='ocrx_word' id='word_1_202' title='bbox 2690 1689 2888 1758; x_wconf 84' lang='grc' dir='ltr'>Χαῖρε,</span> <span class='ocrx_word' id='word_1_203' title='bbox 2925 1685 2959 1754; x_wconf 80' lang='grc' dir='ltr'>ἡ</span> <span class='ocrx_word' id='word_1_204' title='bbox 2982 1682 3084 1746; x_wconf 85' lang='grc' dir='ltr'>τὰς</span> <span class='ocrx_word' id='word_1_205' title='bbox 3115 1681 3209 1736; x_wconf 87' lang='grc' dir='ltr'>τοῦ</span> <span class='ocrx_word' id='word_1_206' title='bbox 3266 1681 3522 1750; x_wconf 85' lang='grc' dir='ltr'>σώματος</span> <span class='ocrx_word' id='word_1_207' title='bbox 3549 1680 3743 1749; x_wconf 71' lang='grc' dir='ltr'>αἰσθήο</span> 
     </span>
    </p>
   </div>
   <div class='ocr_carea' id='block_1_31' title="bbox 478 1770 2057 1861">
    <p class='ocr_par' dir='ltr' id='par_1_31' title="bbox 478 1770 2054 1861">
     <span class='ocr_line' id='line_1_31' title="bbox 478 1770 2054 1861; baseline -0.015 -6"><span class='ocrx_word' id='word_1_208' title='bbox 478 1770 855 1855; x_wconf 70' lang='lat' dir='ltr'><strong>ihtemeratam</strong></span> <span class='ocrx_word' id='word_1_209' title='bbox 902 1803 1064 1861; x_wconf 86' lang='lat' dir='ltr'><strong>atque</strong></span> <span class='ocrx_word' id='word_1_210' title='bbox 1102 1788 1438 1858; x_wconf 90' lang='lat' dir='ltr'><strong>impollutam</strong></span> <span class='ocrx_word' id='word_1_211' title='bbox 1475 1782 1685 1838; x_wconf 80' lang='lat' dir='ltr'><strong>vovisti.</strong></span> <span class='ocrx_word' id='word_1_212' title='bbox 1730 1779 1909 1843; x_wconf 86' lang='lat' dir='ltr'><strong>Salve,</strong></span> <span class='ocrx_word' id='word_1_213' title='bbox 1934 1790 2054 1848; x_wconf 70' lang='lat' dir='ltr'><strong>quae</strong></span> 
     </span>
    </p>
   </div>
   <div class='ocr_carea' id='block_1_32' title="bbox 2166 1770 3741 1861">
    <p class='ocr_par' dir='ltr' id='par_1_32' title="bbox 2166 1770 3741 1856">
     <span class='ocr_line' id='line_1_32' title="bbox 2166 1770 3741 1856; baseline -0.011 -16"><span class='ocrx_word' id='word_1_214' title='bbox 2166 1805 2271 1850; x_wconf 82' lang='grc' dir='ltr'>σεις</span> <span class='ocrx_word' id='word_1_215' title='bbox 2300 1787 2358 1838; x_wconf 80' lang='grc' dir='ltr'>ἐν</span> <span class='ocrx_word' id='word_1_216' title='bbox 2381 1783 2599 1856; x_wconf 80' lang='grc' dir='ltr'>ἡλικίας</span> <span class='ocrx_word' id='word_1_217' title='bbox 2626 1781 2842 1852; x_wconf 87' lang='grc' dir='ltr'>νεότητι</span> <span class='ocrx_word' id='word_1_218' title='bbox 2876 1774 3261 1850; x_wconf 76' lang='grc' dir='ltr'>πρεσϐυτικῶς</span> <span class='ocrx_word' id='word_1_219' title='bbox 3305 1775 3400 1827; x_wconf 76' lang='grc' dir='ltr'>καὶ</span> <span class='ocrx_word' id='word_1_220' title='bbox 3441 1770 3741 1844; x_wconf 74' lang='grc' dir='ltr'>ἐμφρόνως</span> 
     </span>
    </p>
   </div>
   <div class='ocr_carea' id='block_1_33' title="bbox 477 1848 2057 1959">
    <p class='ocr_par' dir='ltr' id='par_1_33' title="bbox 477 1848 2052 1959">
     <span class='ocr_line' id='line_1_33' title="bbox 477 1848 2052 1959; baseline -0.015 -14"><span class='ocrx_word' id='word_1_221' title='bbox 477 1888 721 1959; x_wconf 90' lang='lat' dir='ltr'><strong>corporis</strong></span> <span class='ocrx_word' id='word_1_222' title='bbox 770 1848 999 1940; x_wconf 75' lang='lat' dir='ltr'><strong>formam</strong></span> <span class='ocrx_word' id='word_1_223' title='bbox 1030 1880 1189 1936; x_wconf 91' lang='lat' dir='ltr'><strong>nullis</strong></span> <span class='ocrx_word' id='word_1_224' title='bbox 1218 1875 1587 1933; x_wconf 85' lang='lat' dir='ltr'><strong>all&#39;ectionibus</strong></span> <span class='ocrx_word' id='word_1_225' title='bbox 1616 1872 1927 1942; x_wconf 87' lang='lat' dir='ltr'><strong>inquinasti,</strong></span> <span class='ocrx_word' id='word_1_226' title='bbox 1956 1868 2052 1923; x_wconf 91' lang='lat' dir='ltr'><strong>sed</strong></span> 
     </span>
    </p>
   </div>
   <div class='ocr_carea' id='block_1_34' title="bbox 2166 1848 3741 1959">
    <p class='ocr_par' dir='ltr' id='par_1_34' title="bbox 2166 1848 3741 1947">
     <span class='ocr_line' id='line_1_34' title="bbox 2166 1848 3741 1947; baseline -0.011 -14"><span class='ocrx_word' id='word_1_227' title='bbox 2166 1848 2645 1947; x_wconf 71' lang='grc' dir='ltr'>παιδαγωγήσασα.</span> <span class='ocrx_word' id='word_1_228' title='bbox 2660 1848 2852 1943; x_wconf 82' lang='grc' dir='ltr'>Χαῖρε,</span> <span class='ocrx_word' id='word_1_229' title='bbox 2870 1871 2905 1941; x_wconf 82' lang='grc' dir='ltr'><strong>ἡ</strong></span> <span class='ocrx_word' id='word_1_230' title='bbox 2924 1848 3028 1939; x_wconf 76' lang='grc' dir='ltr'>τὴν</span> <span class='ocrx_word' id='word_1_231' title='bbox 3045 1866 3364 1938; x_wconf 82' lang='grc' dir='ltr'>παρθενίαν,</span> <span class='ocrx_word' id='word_1_232' title='bbox 3383 1865 3479 1918; x_wconf 71' lang='grc' dir='ltr'>καὶ</span> <span class='ocrx_word' id='word_1_233' title='bbox 3507 1864 3617 1936; x_wconf 82' lang='grc' dir='ltr'>πρὸ</span> <span class='ocrx_word' id='word_1_234' title='bbox 3644 1864 3741 1917; x_wconf 88' lang='grc' dir='ltr'>τοῦ</span> 
     </span>
    </p>
   </div>
   <div class='ocr_carea' id='block_1_35' title="bbox 479 1958 2050 2033">
    <p class='ocr_par' dir='ltr' id='par_1_35' title="bbox 479 1958 2050 2033">
     <span class='ocr_line' id='line_1_35' title="bbox 479 1958 2050 2033; baseline -0.014 0"><span class='ocrx_word' id='word_1_235' title='bbox 479 1958 739 2033; x_wconf 82' lang='lat' dir='ltr'><strong>intactam</strong></span> <span class='ocrx_word' id='word_1_236' title='bbox 756 1970 1038 2029; x_wconf 91' lang='lat' dir='ltr'><strong>Conditori</strong></span> <span class='ocrx_word' id='word_1_237' title='bbox 1072 1966 1401 2023; x_wconf 89' lang='lat' dir='ltr'><strong>consecrasti</strong></span> <span class='ocrx_word' id='word_1_238' title='bbox 1432 1974 1485 2019; x_wconf 89' lang='lat' dir='ltr'><strong>et</strong></span> <span class='ocrx_word' id='word_1_239' title='bbox 1516 1961 1832 2017; x_wconf 84' lang='lat' dir='ltr'><strong>exhibuisti.</strong></span> <span class='ocrx_word' id='word_1_240' title='bbox 1868 1958 2050 2022; x_wconf 83' lang='lat' dir='ltr'><strong>Salve,</strong></span> 
     </span>
    </p>
   </div>
   <div class='ocr_carea' id='block_1_36' title="bbox 477 2051 2052 2137">
    <p class='ocr_par' dir='ltr' id='par_1_36' title="bbox 477 2051 2052 2137">
     <span class='ocr_line' id='line_1_36' title="bbox 477 2051 2052 2137; baseline -0.014 -15"><span class='ocrx_word' id='word_1_241' title='bbox 477 2082 596 2137; x_wconf 76' lang='lat' dir='ltr'><strong>qua:</strong></span> <span class='ocrx_word' id='word_1_242' title='bbox 626 2067 679 2120; x_wconf 91' lang='lat' dir='ltr'>in</span> <span class='ocrx_word' id='word_1_243' title='bbox 716 2064 853 2118; x_wconf 90' lang='lat' dir='ltr'><strong>turri</strong></span> <span class='ocrx_word' id='word_1_244' title='bbox 881 2061 1025 2115; x_wconf 86' lang='lat' dir='ltr'><strong>velut</strong></span> <span class='ocrx_word' id='word_1_245' title='bbox 1060 2059 1113 2114; x_wconf 92' lang='lat' dir='ltr'>in</span> <span class='ocrx_word' id='word_1_246' title='bbox 1163 2056 1414 2128; x_wconf 65' lang='lat' dir='ltr'><strong>praesidio</strong></span> <span class='ocrx_word' id='word_1_247' title='bbox 1437 2096 1452 2121; x_wconf 95' lang='lat'>,</span> <span class='ocrx_word' id='word_1_248' title='bbox 1484 2062 1539 2109; x_wconf 90' lang='lat' dir='ltr'>et</span> <span class='ocrx_word' id='word_1_249' title='bbox 1568 2051 1838 2121; x_wconf 79' lang='lat' dir='ltr'><strong>virginum</strong></span> <span class='ocrx_word' id='word_1_250' title='bbox 1870 2056 2052 2102; x_wconf 87' lang='lat' dir='ltr'><strong>orato-</strong></span> 
     </span>
    </p>
   </div>
   <div class='ocr_carea' id='block_1_37' title="bbox 480 2138 2051 2219">
    <p class='ocr_par' dir='ltr' id='par_1_37' title="bbox 480 2138 2051 2219">
     <span class='ocr_line' id='line_1_37' title="bbox 480 2138 2051 2219; baseline -0.013 -7"><span class='ocrx_word' id='word_1_251' title='bbox 480 2160 560 2213; x_wconf 88' lang='lat' dir='ltr'>ria</span> <span class='ocrx_word' id='word_1_252' title='bbox 612 2156 814 2219; x_wconf 93' lang='lat' dir='ltr'><strong>domo,</strong></span> <span class='ocrx_word' id='word_1_253' title='bbox 863 2151 1083 2206; x_wconf 89' lang='lat' dir='ltr'><strong>crebras</strong></span> <span class='ocrx_word' id='word_1_254' title='bbox 1133 2158 1189 2203; x_wconf 89' lang='lat' dir='ltr'><strong>et</strong></span> <span class='ocrx_word' id='word_1_255' title='bbox 1238 2148 1481 2203; x_wconf 88' lang='lat' dir='ltr'><strong>sinceras</strong></span> <span class='ocrx_word' id='word_1_256' title='bbox 1533 2154 1721 2212; x_wconf 86' lang='lat' dir='ltr'><strong>preces</strong></span> <span class='ocrx_word' id='word_1_257' title='bbox 1764 2138 2051 2201; x_wconf 73' lang='lat' dir='ltr'><strong>olferebas,</strong></span> 
     </span>
    </p>
   </div>
   <div class='ocr_carea' id='block_1_38' title="bbox 480 2234 2056 2315">
    <p class='ocr_par' dir='ltr' id='par_1_38' title="bbox 480 2234 2056 2315">
     <span class='ocr_line' id='line_1_38' title="bbox 480 2234 2056 2315; baseline -0.013 -12"><span class='ocrx_word' id='word_1_258' title='bbox 480 2256 735 2315; x_wconf 84' lang='lat' dir='ltr'><strong>certaque</strong></span> <span class='ocrx_word' id='word_1_259' title='bbox 764 2258 945 2299; x_wconf 88' lang='lat' dir='ltr'><strong>rerum</strong></span> <span class='ocrx_word' id='word_1_260' title='bbox 990 2237 1442 2307; x_wconf 86' lang='lat' dir='ltr'><strong>contemplatione</strong></span> <span class='ocrx_word' id='word_1_261' title='bbox 1472 2234 1538 2289; x_wconf 88' lang='lat' dir='ltr'>ad</span> <span class='ocrx_word' id='word_1_262' title='bbox 1569 2241 1840 2288; x_wconf 82' lang='lat' dir='ltr'><strong>auctorem</strong></span> <span class='ocrx_word' id='word_1_263' title='bbox 1872 2243 2056 2286; x_wconf 87' lang='lat' dir='ltr'><strong>assur-</strong></span> 
     </span>
    </p>
   </div>
   <div class='ocr_carea' id='block_1_39' title="bbox 479 2322 2056 2409">
    <p class='ocr_par' dir='ltr' id='par_1_39' title="bbox 479 2322 2056 2409">
     <span class='ocr_line' id='line_1_39' title="bbox 479 2322 2056 2409; baseline -0.014 -14"><span class='ocrx_word' id='word_1_264' title='bbox 479 2353 637 2409; x_wconf 83' lang='lat' dir='ltr'><strong>gens,</strong></span> <span class='ocrx_word' id='word_1_265' title='bbox 667 2335 836 2392; x_wconf 90' lang='lat' dir='ltr'><strong>solius</strong></span> <span class='ocrx_word' id='word_1_266' title='bbox 867 2348 992 2388; x_wconf 83' lang='lat' dir='ltr'><strong>vere</strong></span> <span class='ocrx_word' id='word_1_267' title='bbox 1020 2332 1146 2387; x_wconf 89' lang='lat' dir='ltr'><strong>boni</strong></span> <span class='ocrx_word' id='word_1_268' title='bbox 1173 2340 1227 2386; x_wconf 91' lang='lat' dir='ltr'><strong>et</strong></span> <span class='ocrx_word' id='word_1_269' title='bbox 1270 2327 1517 2382; x_wconf 86' lang='lat' dir='ltr'><strong>amabilis</strong></span> <span class='ocrx_word' id='word_1_270' title='bbox 1547 2324 1758 2380; x_wconf 85' lang='lat' dir='ltr'><strong>deliciis</strong></span> <span class='ocrx_word' id='word_1_271' title='bbox 1805 2322 1925 2377; x_wconf 89' lang='lat' dir='ltr'><strong>sine</strong></span> <span class='ocrx_word' id='word_1_272' title='bbox 1968 2335 2056 2375; x_wconf 85' lang='lat' dir='ltr'><strong>sa-</strong></span> 
     </span>
    </p>
   </div>
   <div class='ocr_carea' id='block_1_40' title="bbox 484 2411 2056 2493">
    <p class='ocr_par' dir='ltr' id='par_1_40' title="bbox 484 2411 2056 2493">
     <span class='ocr_line' id='line_1_40' title="bbox 484 2411 2056 2493; baseline -0.012 -9"><span class='ocrx_word' id='word_1_273' title='bbox 484 2431 668 2485; x_wconf 90' lang='lat' dir='ltr'><strong>tietate</strong></span> <span class='ocrx_word' id='word_1_274' title='bbox 690 2425 978 2481; x_wconf 84' lang='lat' dir='ltr'><strong>fruebaris.</strong></span> <span class='ocrx_word' id='word_1_275' title='bbox 1020 2421 1199 2486; x_wconf 83' lang='lat' dir='ltr'><strong>Salve,</strong></span> <span class='ocrx_word' id='word_1_276' title='bbox 1238 2435 1358 2489; x_wconf 77' lang='lat' dir='ltr'><strong>qua:</strong></span> <span class='ocrx_word' id='word_1_277' title='bbox 1388 2419 1440 2472; x_wconf 92' lang='lat' dir='ltr'>in</span> <span class='ocrx_word' id='word_1_278' title='bbox 1471 2417 1663 2493; x_wconf 83' lang='lat' dir='ltr'><strong>balneo</strong></span> <span class='ocrx_word' id='word_1_279' title='bbox 1711 2411 2056 2482; x_wconf 79' lang='lat' dir='ltr'><strong>detergendis</strong></span> 
     </span>
    </p>
   </div>
   <div class='ocr_carea' id='block_1_41' title="bbox 483 2505 2053 2591">
    <p class='ocr_par' dir='ltr' id='par_1_41' title="bbox 483 2505 2053 2591">
     <span class='ocr_line' id='line_1_41' title="bbox 483 2505 2053 2591; baseline -0.013 -16"><span class='ocrx_word' id='word_1_280' title='bbox 483 2534 773 2591; x_wconf 89' lang='lat' dir='ltr'><strong>corporum</strong></span> <span class='ocrx_word' id='word_1_281' title='bbox 805 2516 1055 2571; x_wconf 81' lang='lat' dir='ltr'><strong>sordibus</strong></span> <span class='ocrx_word' id='word_1_282' title='bbox 1085 2520 1421 2583; x_wconf 88' lang='lat' dir='ltr'><strong>comparato,</strong></span> <span class='ocrx_word' id='word_1_283' title='bbox 1464 2517 1704 2565; x_wconf 87' lang='lat' dir='ltr'><strong>sanctam</strong></span> <span class='ocrx_word' id='word_1_284' title='bbox 1734 2505 2053 2560; x_wconf 75' lang='lat' dir='ltr'><strong>Trinitatem</strong></span> 
     </span>
    </p>
   </div>
   <div class='ocr_carea' id='block_1_42' title="bbox 485 2597 2057 2679">
    <p class='ocr_par' dir='ltr' id='par_1_42' title="bbox 485 2597 2057 2679">
     <span class='ocr_line' id='line_1_42' title="bbox 485 2597 2057 2679; baseline -0.011 -12"><span class='ocrx_word' id='word_1_285' title='bbox 485 2614 624 2667; x_wconf 91' lang='lat' dir='ltr'><strong>trina</strong></span> <span class='ocrx_word' id='word_1_286' title='bbox 655 2625 751 2679; x_wconf 83' lang='lat' dir='ltr'>per</span> <span class='ocrx_word' id='word_1_287' title='bbox 785 2608 1047 2663; x_wconf 83' lang='lat' dir='ltr'><strong>fenestras</strong></span> <span class='ocrx_word' id='word_1_288' title='bbox 1076 2597 1435 2660; x_wconf 75' lang='lat' dir='ltr'><strong>illustrations</strong></span> <span class='ocrx_word' id='word_1_289' title='bbox 1464 2598 1860 2672; x_wconf 70' lang='lat' dir='ltr'><strong>repraesentasti</strong></span> <span class='ocrx_word' id='word_1_290' title='bbox 1890 2639 1904 2663; x_wconf 94' lang='lat'>,</span> <span class='ocrx_word' id='word_1_291' title='bbox 1959 2597 2057 2651; x_wconf 83' lang='lat' dir='ltr'><strong>tri-</strong></span> 
     </span>
    </p>
   </div>
   <div class='ocr_carea' id='block_1_43' title="bbox 485 2687 2057 2773">
    <p class='ocr_par' dir='ltr' id='par_1_43' title="bbox 485 2687 2057 2773">
     <span class='ocr_line' id='line_1_43' title="bbox 485 2687 2057 2773; baseline -0.011 -18"><span class='ocrx_word' id='word_1_292' title='bbox 485 2702 717 2773; x_wconf 86' lang='lat' dir='ltr'><strong>plicique</strong></span> <span class='ocrx_word' id='word_1_293' title='bbox 748 2698 1052 2751; x_wconf 89' lang='lat' dir='ltr'><strong>animorum</strong></span> <span class='ocrx_word' id='word_1_294' title='bbox 1083 2692 1481 2749; x_wconf 88' lang='lat' dir='ltr'><strong>illuminatione</strong></span> <span class='ocrx_word' id='word_1_295' title='bbox 1513 2689 1799 2759; x_wconf 83' lang='lat' dir='ltr'><strong>mysticum</strong></span> <span class='ocrx_word' id='word_1_296' title='bbox 1833 2696 1887 2743; x_wconf 92' lang='lat' dir='ltr'><strong>ct</strong></span> <span class='ocrx_word' id='word_1_297' title='bbox 1914 2687 2057 2742; x_wconf 86' lang='lat' dir='ltr'><strong>salu-</strong></span> 
     </span>
    </p>
   </div>
   <div class='ocr_carea' id='block_1_44' title="bbox 487 2780 2054 2860">
    <p class='ocr_par' dir='ltr' id='par_1_44' title="bbox 487 2780 2054 2860">
     <span class='ocr_line' id='line_1_44' title="bbox 487 2780 2054 2860; baseline -0.009 -14"><span class='ocrx_word' id='word_1_298' title='bbox 487 2804 602 2847; x_wconf 87' lang='lat' dir='ltr'><strong>tare</strong></span> <span class='ocrx_word' id='word_1_299' title='bbox 650 2790 913 2860; x_wconf 88' lang='lat' dir='ltr'><strong>baptisma</strong></span> <span class='ocrx_word' id='word_1_300' title='bbox 962 2785 1266 2842; x_wconf 88' lang='lat' dir='ltr'><strong>delineasti.</strong></span> <span class='ocrx_word' id='word_1_301' title='bbox 1307 2783 1468 2838; x_wconf 85' lang='lat' dir='ltr'><strong>Salve</strong></span> <span class='ocrx_word' id='word_1_302' title='bbox 1496 2823 1511 2851; x_wconf 94' lang='lat'>,</span> <span class='ocrx_word' id='word_1_303' title='bbox 1577 2796 1697 2852; x_wconf 80' lang='lat' dir='ltr'><strong>qua:</strong></span> <span class='ocrx_word' id='word_1_304' title='bbox 1750 2780 1869 2835; x_wconf 90' lang='lat' dir='ltr'><strong>sine</strong></span> <span class='ocrx_word' id='word_1_305' title='bbox 1907 2793 2054 2834; x_wconf 91' lang='lat' dir='ltr'><strong>mora</strong></span> 
     </span>
    </p>
   </div>
   <div class='ocr_carea' id='block_1_45' title="bbox 486 2870 2059 2940">
    <p class='ocr_par' dir='ltr' id='par_1_45' title="bbox 486 2870 2059 2940">
     <span class='ocr_line' id='line_1_45' title="bbox 486 2870 2059 2940; baseline -0.009 -3"><span class='ocrx_word' id='word_1_306' title='bbox 486 2878 964 2939; x_wconf 88' lang='lat' dir='ltr'><strong>consubstantialis</strong></span> <span class='ocrx_word' id='word_1_307' title='bbox 999 2875 1287 2931; x_wconf 86' lang='lat' dir='ltr'><strong>Trinitatis</strong></span> <span class='ocrx_word' id='word_1_308' title='bbox 1347 2874 1505 2929; x_wconf 83' lang='lat' dir='ltr'><strong>ﬁdem</strong></span> <span class='ocrx_word' id='word_1_309' title='bbox 1558 2870 1855 2940; x_wconf 81' lang='lat' dir='ltr'><strong>theologica</strong></span> <span class='ocrx_word' id='word_1_310' title='bbox 1909 2882 2059 2923; x_wconf 89' lang='lat' dir='ltr'><strong>more</strong></span> 
     </span>
    </p>
   </div>
   <div class='ocr_carea' id='block_1_46' title="bbox 485 2960 2060 3037">
    <p class='ocr_par' dir='ltr' id='par_1_46' title="bbox 485 2960 2060 3037">
     <span class='ocr_line' id='line_1_46' title="bbox 485 2960 2060 3037; baseline -0.01 -9"><span class='ocrx_word' id='word_1_311' title='bbox 485 2972 730 3028; x_wconf 77' lang='lat' dir='ltr'><strong>confessa</strong></span> <span class='ocrx_word' id='word_1_312' title='bbox 761 2985 841 3026; x_wconf 91' lang='lat' dir='ltr'><strong>es.</strong></span> <span class='ocrx_word' id='word_1_313' title='bbox 891 2969 1072 3033; x_wconf 88' lang='lat' dir='ltr'><strong>Salve,</strong></span> <span class='ocrx_word' id='word_1_314' title='bbox 1112 2982 1233 3037; x_wconf 62' lang='lat' dir='ltr'><strong>quae</strong></span> <span class='ocrx_word' id='word_1_315' title='bbox 1272 2980 1436 3021; x_wconf 90' lang='lat' dir='ltr'><strong>unum</strong></span> <span class='ocrx_word' id='word_1_316' title='bbox 1491 2980 1521 3018; x_wconf 89' lang='lat' dir='ltr'>e</span> <span class='ocrx_word' id='word_1_317' title='bbox 1559 2973 1743 3018; x_wconf 77' lang='lat' dir='ltr'><strong>sancta</strong></span> <span class='ocrx_word' id='word_1_318' title='bbox 1797 2960 2060 3015; x_wconf 89' lang='lat' dir='ltr'><strong>Trinitate</strong></span> 
     </span>
    </p>
   </div>
   <div class='ocr_carea' id='block_1_47' title="bbox 487 3038 2056 3132">
    <p class='ocr_par' dir='ltr' id='par_1_47' title="bbox 487 3038 2056 3132">
     <span class='ocr_line' id='line_1_47' title="bbox 487 3038 2056 3132; baseline -0.008 -18"><span class='ocrx_word' id='word_1_319' title='bbox 487 3069 703 3132; x_wconf 89' lang='lat' dir='ltr'><strong>propter</strong></span> <span class='ocrx_word' id='word_1_320' title='bbox 734 3067 973 3113; x_wconf 88' lang='lat' dir='ltr'><strong>nostram</strong></span> <span class='ocrx_word' id='word_1_321' title='bbox 1030 3058 1256 3112; x_wconf 90' lang='lat' dir='ltr'><strong>salutem</strong></span> <span class='ocrx_word' id='word_1_322' title='bbox 1309 3054 1581 3109; x_wconf 87' lang='lat' dir='ltr'><strong>hominem</strong></span> <span class='ocrx_word' id='word_1_323' title='bbox 1628 3038 1828 3106; x_wconf 74' lang='lat' dir='ltr'><strong>factum</strong></span> <span class='ocrx_word' id='word_1_324' title='bbox 1861 3048 2056 3119; x_wconf 62' lang='lat' dir='ltr'><strong>praedi-</strong></span> 
     </span>
    </p>
   </div>
   <div class='ocr_carea' id='block_1_48' title="bbox 486 3144 2061 3217">
    <p class='ocr_par' dir='ltr' id='par_1_48' title="bbox 486 3144 2061 3217">
     <span class='ocr_line' id='line_1_48' title="bbox 486 3144 2061 3217; baseline -0.01 -10"><span class='ocrx_word' id='word_1_325' title='bbox 486 3152 645 3207; x_wconf 87' lang='lat' dir='ltr'><strong>casti.</strong></span> <span class='ocrx_word' id='word_1_326' title='bbox 688 3150 887 3215; x_wconf 89' lang='lat' dir='ltr'><strong>Salve,</strong></span> <span class='ocrx_word' id='word_1_327' title='bbox 916 3162 1034 3217; x_wconf 75' lang='lat' dir='ltr'><strong>quae</strong></span> <span class='ocrx_word' id='word_1_328' title='bbox 1084 3146 1329 3212; x_wconf 85' lang='lat' dir='ltr'><strong>divitias,</strong></span> <span class='ocrx_word' id='word_1_329' title='bbox 1379 3144 1741 3211; x_wconf 87' lang='lat' dir='ltr'><strong>deliciasque,</strong></span> <span class='ocrx_word' id='word_1_330' title='bbox 1776 3154 1841 3194; x_wconf 91' lang='lat' dir='ltr'>ac</span> <span class='ocrx_word' id='word_1_331' title='bbox 1884 3146 2061 3193; x_wconf 83' lang='lat' dir='ltr'><strong>vestes</strong></span> 
     </span>
    </p>
   </div>
   <div class='ocr_carea' id='block_1_49' title="bbox 487 3233 2061 3307">
    <p class='ocr_par' dir='ltr' id='par_1_49' title="bbox 487 3233 2061 3307">
     <span class='ocr_line' id='line_1_49' title="bbox 487 3233 2061 3307; baseline -0.007 -13"><span class='ocrx_word' id='word_1_332' title='bbox 487 3240 725 3307; x_wconf 87' lang='lat' dir='ltr'><strong>sericas,</strong></span> <span class='ocrx_word' id='word_1_333' title='bbox 766 3253 888 3292; x_wconf 92' lang='lat' dir='ltr'>cum</span> <span class='ocrx_word' id='word_1_334' title='bbox 919 3237 1066 3291; x_wconf 90' lang='lat' dir='ltr'><strong>omni</strong></span> <span class='ocrx_word' id='word_1_335' title='bbox 1098 3236 1342 3305; x_wconf 89' lang='lat' dir='ltr'><strong>corporis</strong></span> <span class='ocrx_word' id='word_1_336' title='bbox 1375 3246 1431 3289; x_wconf 90' lang='lat' dir='ltr'><strong>et</strong></span> <span class='ocrx_word' id='word_1_337' title='bbox 1469 3233 1806 3290; x_wconf 83' lang='lat' dir='ltr'><strong>formositate</strong></span> <span class='ocrx_word' id='word_1_338' title='bbox 1827 3271 1842 3297; x_wconf 96' lang='lat'>,</span> <span class='ocrx_word' id='word_1_339' title='bbox 1871 3240 1925 3285; x_wconf 91' lang='lat' dir='ltr'>et</span> <span class='ocrx_word' id='word_1_340' title='bbox 1953 3241 2061 3284; x_wconf 91' lang='lat' dir='ltr'><strong>ter-</strong></span> 
     </span>
    </p>
   </div>
   <div class='ocr_carea' id='block_1_50' title="bbox 490 3322 2057 3393">
    <p class='ocr_par' dir='ltr' id='par_1_50' title="bbox 490 3322 2057 3393">
     <span class='ocr_line' id='line_1_50' title="bbox 490 3322 2057 3393; baseline -0.006 -9"><span class='ocrx_word' id='word_1_341' title='bbox 490 3344 743 3385; x_wconf 90' lang='lat' dir='ltr'><strong>renorum</strong></span> <span class='ocrx_word' id='word_1_342' title='bbox 790 3328 1308 3383; x_wconf 84' lang='lat' dir='ltr'><strong>oblectamentorum</strong></span> <span class='ocrx_word' id='word_1_343' title='bbox 1382 3324 1716 3393; x_wconf 77' lang='lat' dir='ltr'><strong>iucunditate</strong></span> <span class='ocrx_word' id='word_1_344' title='bbox 1774 3322 2057 3391; x_wconf 86' lang='lat' dir='ltr'><strong>despuisti,</strong></span> 
     </span>
    </p>
   </div>
   <div class='ocr_carea' id='block_1_51' title="bbox 490 3414 2064 3489">
    <p class='ocr_par' dir='ltr' id='par_1_51' title="bbox 490 3414 2064 3489">
     <span class='ocr_line' id='line_1_51' title="bbox 490 3414 2064 3489; baseline -0.005 -14"><span class='ocrx_word' id='word_1_345' title='bbox 490 3421 681 3489; x_wconf 82' lang='lat' dir='ltr'><strong>hisque</strong></span> <span class='ocrx_word' id='word_1_346' title='bbox 704 3428 904 3473; x_wconf 70' lang='lat' dir='ltr'><strong>aeterna</strong></span> <span class='ocrx_word' id='word_1_347' title='bbox 932 3429 986 3472; x_wconf 90' lang='lat' dir='ltr'><strong>et</strong></span> <span class='ocrx_word' id='word_1_348' title='bbox 1012 3416 1339 3472; x_wconf 88' lang='lat' dir='ltr'><strong>immortalia</strong></span> <span class='ocrx_word' id='word_1_349' title='bbox 1371 3415 1508 3471; x_wconf 90' lang='lat' dir='ltr'><strong>bona</strong></span> <span class='ocrx_word' id='word_1_350' title='bbox 1541 3414 1880 3471; x_wconf 89' lang='lat' dir='ltr'><strong>commutasti</strong></span> <span class='ocrx_word' id='word_1_351' title='bbox 1903 3453 1916 3479; x_wconf 92' lang='lat'>,</span> <span class='ocrx_word' id='word_1_352' title='bbox 1945 3427 2064 3481; x_wconf 69' lang='lat' dir='ltr'><strong>quae</strong></span> 
     </span>
    </p>
   </div>
   <div class='ocr_carea' id='block_1_52' title="bbox 490 3506 2063 3576">
    <p class='ocr_par' dir='ltr' id='par_1_52' title="bbox 490 3506 2063 3576">
     <span class='ocr_line' id='line_1_52' title="bbox 490 3506 2063 3576; baseline -0.005 -11"><span class='ocrx_word' id='word_1_353' title='bbox 490 3508 773 3565; x_wconf 88' lang='lat' dir='ltr'><strong>oculorum</strong></span> <span class='ocrx_word' id='word_1_354' title='bbox 809 3508 991 3562; x_wconf 89' lang='lat' dir='ltr'><strong>lumen</strong></span> <span class='ocrx_word' id='word_1_355' title='bbox 1015 3547 1031 3573; x_wconf 94' lang='lat'>,</span> <span class='ocrx_word' id='word_1_356' title='bbox 1063 3508 1279 3561; x_wconf 89' lang='lat' dir='ltr'><strong>auditus</strong></span> <span class='ocrx_word' id='word_1_357' title='bbox 1306 3506 1416 3561; x_wconf 88' lang='lat' dir='ltr'>vim</span> <span class='ocrx_word' id='word_1_358' title='bbox 1440 3546 1457 3573; x_wconf 95' lang='lat'>,</span> <span class='ocrx_word' id='word_1_359' title='bbox 1488 3519 1813 3576; x_wconf 83' lang='lat' dir='ltr'><strong>omnemque</strong></span> <span class='ocrx_word' id='word_1_360' title='bbox 1839 3518 2063 3560; x_wconf 88' lang='lat' dir='ltr'><strong>sensum</strong></span> 
     </span>
    </p>
   </div>
   <div class='ocr_carea' id='block_1_53' title="bbox 489 3598 2064 3669">
    <p class='ocr_par' dir='ltr' id='par_1_53' title="bbox 489 3598 2064 3669">
     <span class='ocr_line' id='line_1_53' title="bbox 489 3598 2064 3669; baseline -0.004 -13"><span class='ocrx_word' id='word_1_361' title='bbox 489 3609 546 3656; x_wconf 92' lang='lat' dir='ltr'>et</span> <span class='ocrx_word' id='word_1_362' title='bbox 572 3599 812 3655; x_wconf 88' lang='lat' dir='ltr'><strong>auditum</strong></span> <span class='ocrx_word' id='word_1_363' title='bbox 841 3606 1120 3669; x_wconf 90' lang='lat' dir='ltr'><strong>superant.</strong></span> <span class='ocrx_word' id='word_1_364' title='bbox 1160 3598 1340 3663; x_wconf 88' lang='lat' dir='ltr'><strong>Salve,</strong></span> <span class='ocrx_word' id='word_1_365' title='bbox 1373 3613 1494 3668; x_wconf 70' lang='lat' dir='ltr'><strong>quae</strong></span> <span class='ocrx_word' id='word_1_366' title='bbox 1526 3598 1808 3653; x_wconf 88' lang='lat' dir='ltr'><strong>delicatam</strong></span> <span class='ocrx_word' id='word_1_367' title='bbox 1850 3606 2064 3651; x_wconf 67' lang='lat' dir='ltr'><strong>aetatem</strong></span> 
     </span>
    </p>
   </div>
   <div class='ocr_carea' id='block_1_54' title="bbox 492 3689 2067 3747">
    <p class='ocr_par' dir='ltr' id='par_1_54' title="bbox 492 3689 2067 3747">
     <span class='ocr_line' id='line_1_54' title="bbox 492 3689 2067 3747; baseline -0.002 0"><span class='ocrx_word' id='word_1_368' title='bbox 492 3701 548 3747; x_wconf 89' lang='lat' dir='ltr'>et</span> <span class='ocrx_word' id='word_1_369' title='bbox 591 3691 907 3746; x_wconf 90' lang='lat' dir='ltr'><strong>muliebrem</strong></span> <span class='ocrx_word' id='word_1_370' title='bbox 966 3691 1389 3746; x_wconf 88' lang='lat' dir='ltr'><strong>imbecillitatem</strong></span> <span class='ocrx_word' id='word_1_371' title='bbox 1453 3699 1673 3745; x_wconf 84' lang='lat' dir='ltr'><strong>strenue</strong></span> <span class='ocrx_word' id='word_1_372' title='bbox 1728 3700 1784 3745; x_wconf 90' lang='lat' dir='ltr'>et</span> <span class='ocrx_word' id='word_1_373' title='bbox 1836 3689 2067 3744; x_wconf 85' lang='lat' dir='ltr'><strong>viriliter</strong></span> 
     </span>
    </p>
   </div>
   <div class='ocr_carea' id='block_1_55' title="bbox 493 3781 2064 3853">
    <p class='ocr_par' dir='ltr' id='par_1_55' title="bbox 493 3781 2064 3853">
     <span class='ocr_line' id='line_1_55' title="bbox 493 3781 2064 3853; baseline -0.001 -16"><span class='ocrx_word' id='word_1_374' title='bbox 493 3792 748 3838; x_wconf 83' lang='lat' dir='ltr'><strong>contento</strong></span> <span class='ocrx_word' id='word_1_375' title='bbox 776 3782 941 3836; x_wconf 90' lang='lat' dir='ltr'><strong>animi</strong></span> <span class='ocrx_word' id='word_1_376' title='bbox 966 3796 1126 3838; x_wconf 89' lang='lat' dir='ltr'><strong>sensu</strong></span> <span class='ocrx_word' id='word_1_377' title='bbox 1162 3782 1450 3837; x_wconf 74' lang='lat' dir='ltr'><strong>rohorarti.</strong></span> <span class='ocrx_word' id='word_1_378' title='bbox 1492 3781 1672 3847; x_wconf 86' lang='lat' dir='ltr'><strong>Salve,</strong></span> <span class='ocrx_word' id='word_1_379' title='bbox 1701 3796 1822 3853; x_wconf 71' lang='lat' dir='ltr'><strong>qua:</strong></span> <span class='ocrx_word' id='word_1_380' title='bbox 1854 3782 2064 3837; x_wconf 58' lang='lat' dir='ltr'><strong>crucia.</strong></span> 
     </span>
    </p>
   </div>
   <div class='ocr_carea' id='block_1_56' title="bbox 496 3874 2068 3946">
    <p class='ocr_par' dir='ltr' id='par_1_56' title="bbox 496 3874 2068 3946">
     <span class='ocr_line' id='line_1_56' title="bbox 496 3874 2068 3946; baseline 0.003 -18"><span class='ocrx_word' id='word_1_381' title='bbox 496 3886 646 3930; x_wconf 90' lang='lat' dir='ltr'><strong>tuum</strong></span> <span class='ocrx_word' id='word_1_382' title='bbox 685 3874 1167 3930; x_wconf 86' lang='lat' dir='ltr'><strong>dehonestamenta</strong></span> <span class='ocrx_word' id='word_1_383' title='bbox 1214 3889 1321 3930; x_wconf 92' lang='lat' dir='ltr'>non</span> <span class='ocrx_word' id='word_1_384' title='bbox 1374 3876 1671 3944; x_wconf 70' lang='lat' dir='ltr'><strong>expavisti,</strong></span> <span class='ocrx_word' id='word_1_385' title='bbox 1710 3877 1839 3946; x_wconf 81' lang='lat' dir='ltr'><strong>quin</strong></span> <span class='ocrx_word' id='word_1_386' title='bbox 1890 3876 2068 3946; x_wconf 85' lang='lat' dir='ltr'><strong>potius</strong></span> 
     </span>
    </p>
   </div>
   <div class='ocr_carea' id='block_1_57' title="bbox 494 3964 2070 4035">
    <p class='ocr_par' dir='ltr' id='par_1_57' title="bbox 494 3964 2070 4035">
     <span class='ocr_line' id='line_1_57' title="bbox 494 3964 2070 4035; baseline 0.001 -16"><span class='ocrx_word' id='word_1_387' title='bbox 494 3964 752 4020; x_wconf 87' lang='lat' dir='ltr'><strong>audacter</strong></span> <span class='ocrx_word' id='word_1_388' title='bbox 783 3973 836 4020; x_wconf 92' lang='lat' dir='ltr'><strong>te</strong></span> <span class='ocrx_word' id='word_1_389' title='bbox 867 3966 1046 4021; x_wconf 89' lang='lat' dir='ltr'><strong>omnis</strong></span> <span class='ocrx_word' id='word_1_390' title='bbox 1092 3964 1306 4035; x_wconf 63' lang='lat' dir='ltr'><strong>[teneris</strong></span> <span class='ocrx_word' id='word_1_391' title='bbox 1348 3966 1627 4035; x_wconf 86' lang='lat' dir='ltr'><strong>suppliciis</strong></span> <span class='ocrx_word' id='word_1_392' title='bbox 1678 3975 1734 4021; x_wconf 88' lang='lat' dir='ltr'><strong>et</strong></span> <span class='ocrx_word' id='word_1_393' title='bbox 1788 3966 2070 4021; x_wconf 90' lang='lat' dir='ltr'><strong>tormentis</strong></span> 
     </span>
    </p>
   </div>
   <div class='ocr_carea' id='block_1_58' title="bbox 495 4054 2070 4127">
    <p class='ocr_par' dir='ltr' id='par_1_58' title="bbox 495 4054 2070 4127">
     <span class='ocr_line' id='line_1_58' title="bbox 495 4054 2070 4127; baseline 0.001 -17"><span class='ocrx_word' id='word_1_394' title='bbox 495 4054 769 4110; x_wconf 86' lang='lat' dir='ltr'><strong>dedidisti.</strong></span> <span class='ocrx_word' id='word_1_395' title='bbox 797 4054 977 4120; x_wconf 88' lang='lat' dir='ltr'><strong>Salve,</strong></span> <span class='ocrx_word' id='word_1_396' title='bbox 1009 4070 1131 4124; x_wconf 75' lang='lat' dir='ltr'><strong>qua:</strong></span> <span class='ocrx_word' id='word_1_397' title='bbox 1159 4056 1211 4110; x_wconf 91' lang='lat' dir='ltr'>in</span> <span class='ocrx_word' id='word_1_398' title='bbox 1238 4070 1401 4111; x_wconf 90' lang='lat' dir='ltr'><strong>carne</strong></span> <span class='ocrx_word' id='word_1_399' title='bbox 1441 4071 1626 4127; x_wconf 87' lang='lat' dir='ltr'><strong>agens,</strong></span> <span class='ocrx_word' id='word_1_400' title='bbox 1660 4056 1860 4112; x_wconf 83' lang='lat' dir='ltr'><strong>Christi</strong></span> <span class='ocrx_word' id='word_1_401' title='bbox 1884 4056 2070 4111; x_wconf 88' lang='lat' dir='ltr'><strong>videre</strong></span> 
     </span>
    </p>
   </div>
   <div class='ocr_carea' id='block_1_59' title="bbox 494 4146 2072 4216">
    <p class='ocr_par' dir='ltr' id='par_1_59' title="bbox 494 4146 2072 4216">
     <span class='ocr_line' id='line_1_59' title="bbox 494 4146 2072 4216; baseline 0.002 -16"><span class='ocrx_word' id='word_1_402' title='bbox 494 4146 792 4201; x_wconf 85' lang='lat' dir='ltr'><strong>claritatem</strong></span> <span class='ocrx_word' id='word_1_403' title='bbox 826 4146 1112 4212; x_wconf 87' lang='lat' dir='ltr'><strong>meruisti,</strong></span> <span class='ocrx_word' id='word_1_404' title='bbox 1174 4147 1316 4201; x_wconf 87' lang='lat' dir='ltr'><strong>haud</strong></span> <span class='ocrx_word' id='word_1_405' title='bbox 1359 4162 1515 4203; x_wconf 87' lang='lat' dir='ltr'><strong>secus</strong></span> <span class='ocrx_word' id='word_1_406' title='bbox 1569 4156 1732 4216; x_wconf 84' lang='lat' dir='ltr'><strong>atque</strong></span> <span class='ocrx_word' id='word_1_407' title='bbox 1782 4149 1835 4203; x_wconf 91' lang='lat' dir='ltr'>in</span> <span class='ocrx_word' id='word_1_408' title='bbox 1890 4155 2072 4203; x_wconf 88' lang='lat' dir='ltr'><strong>monte</strong></span> 
     </span>
    </p>
   </div>
   <div class='ocr_carea' id='block_1_60' title="bbox 497 4234 2068 4306">
    <p class='ocr_par' dir='ltr' id='par_1_60' title="bbox 497 4234 2068 4306">
     <span class='ocr_line' id='line_1_60' title="bbox 497 4234 2068 4306; baseline 0.003 -18"><span class='ocrx_word' id='word_1_409' title='bbox 497 4234 741 4304; x_wconf 88' lang='lat' dir='ltr'><strong>primarii</strong></span> <span class='ocrx_word' id='word_1_410' title='bbox 769 4234 1051 4302; x_wconf 87' lang='lat' dir='ltr'><strong>discipuli;</strong></span> <span class='ocrx_word' id='word_1_411' title='bbox 1077 4234 1203 4303; x_wconf 90' lang='lat' dir='ltr'><strong>quia</strong></span> <span class='ocrx_word' id='word_1_412' title='bbox 1236 4249 1354 4289; x_wconf 88' lang='lat' dir='ltr'>eam</span> <span class='ocrx_word' id='word_1_413' title='bbox 1377 4250 1498 4289; x_wconf 91' lang='lat' dir='ltr'>cum</span> <span class='ocrx_word' id='word_1_414' title='bbox 1518 4235 1629 4289; x_wconf 90' lang='lat' dir='ltr'><strong>Elia</strong></span> <span class='ocrx_word' id='word_1_415' title='bbox 1657 4246 1711 4291; x_wconf 89' lang='lat' dir='ltr'><strong>et</strong></span> <span class='ocrx_word' id='word_1_416' title='bbox 1732 4236 1913 4306; x_wconf 80' lang='lat' dir='ltr'><strong>Moyse</strong></span> <span class='ocrx_word' id='word_1_417' title='bbox 1941 4252 2068 4292; x_wconf 88' lang='lat' dir='ltr'><strong>con—</strong></span> 
     </span>
    </p>
   </div>
   <div class='ocr_carea' id='block_1_61' title="bbox 497 4322 2071 4394">
    <p class='ocr_par' dir='ltr' id='par_1_61' title="bbox 497 4322 2071 4394">
     <span class='ocr_line' id='line_1_61' title="bbox 497 4322 2071 4394; baseline 0.001 -16"><span class='ocrx_word' id='word_1_418' title='bbox 497 4338 747 4392; x_wconf 79' lang='lat' dir='ltr'><strong>spexere,</strong></span> <span class='ocrx_word' id='word_1_419' title='bbox 771 4322 896 4391; x_wconf 84' lang='lat' dir='ltr'><strong>jure</strong></span> <span class='ocrx_word' id='word_1_420' title='bbox 929 4323 1072 4377; x_wconf 84' lang='lat' dir='ltr'><strong>beati</strong></span> <span class='ocrx_word' id='word_1_421' title='bbox 1115 4323 1243 4377; x_wconf 89' lang='lat' dir='ltr'><strong>dicti</strong></span> <span class='ocrx_word' id='word_1_422' title='bbox 1296 4333 1422 4378; x_wconf 89' lang='lat' dir='ltr'><strong>sunt</strong></span> <span class='ocrx_word' id='word_1_423' title='bbox 1446 4324 1514 4379; x_wconf 78' lang='grc' dir='ltr'>⁵ο.</span> <span class='ocrx_word' id='word_1_424' title='bbox 1567 4323 1745 4391; x_wconf 85' lang='lat' dir='ltr'><strong>Salve,</strong></span> <span class='ocrx_word' id='word_1_425' title='bbox 1779 4340 1898 4394; x_wconf 69' lang='lat' dir='ltr'><strong>quae</strong></span> <span class='ocrx_word' id='word_1_426' title='bbox 1944 4340 2071 4379; x_wconf 89' lang='lat' dir='ltr'><strong>ver-</strong></span> 
     </span>
    </p>
   </div>
   <div class='ocr_carea' id='block_1_62' title="bbox 497 4412 2070 4483">
    <p class='ocr_par' dir='ltr' id='par_1_62' title="bbox 497 4412 2070 4483">
     <span class='ocr_line' id='line_1_62' title="bbox 497 4412 2070 4483; baseline 0.003 -16"><span class='ocrx_word' id='word_1_427' title='bbox 497 4415 686 4467; x_wconf 87' lang='lat' dir='ltr'><strong>berum</strong></span> <span class='ocrx_word' id='word_1_428' title='bbox 714 4412 1029 4478; x_wconf 87' lang='lat' dir='ltr'><strong>cruciatus,</strong></span> <span class='ocrx_word' id='word_1_429' title='bbox 1077 4412 1253 4479; x_wconf 80' lang='lat' dir='ltr'><strong>ferri,</strong></span> <span class='ocrx_word' id='word_1_430' title='bbox 1309 4415 1730 4483; x_wconf 87' lang='lat' dir='ltr'><strong>asperrimorum</strong></span> <span class='ocrx_word' id='word_1_431' title='bbox 1771 4415 2070 4471; x_wconf 90' lang='lat' dir='ltr'><strong>ciliciorum</strong></span> 
     </span>
    </p>
   </div>
   <div class='ocr_carea' id='block_1_63' title="bbox 2158 1956 3744 2041">
    <p class='ocr_par' dir='ltr' id='par_1_63' title="bbox 2158 1956 3744 2041">
     <span class='ocr_line' id='line_1_63' title="bbox 2158 1956 3744 2041; baseline -0.009 -19"><span class='ocrx_word' id='word_1_432' title='bbox 2158 1968 2484 2041; x_wconf 84' lang='grc' dir='ltr'>μαρτυρίου,</span> <span class='ocrx_word' id='word_1_433' title='bbox 2498 1964 2731 2035; x_wconf 75' lang='grc' dir='ltr'>φυλάξαι</span> <span class='ocrx_word' id='word_1_434' title='bbox 2742 1962 2819 2033; x_wconf 81' lang='grc' dir='ltr'>τῷ</span> <span class='ocrx_word' id='word_1_435' title='bbox 2832 1963 2877 2015; x_wconf 98' lang='grc' dir='ltr'>Χ</span> <span class='ocrx_word' id='word_1_436' title='bbox 2887 1959 3053 2032; x_wconf 84' lang='grc' dir='ltr'>ριστῷ</span> <span class='ocrx_word' id='word_1_437' title='bbox 3070 1956 3529 2027; x_wconf 79' lang='grc' dir='ltr'>καθυποσχομένη</span> <span class='ocrx_word' id='word_1_438' title='bbox 3542 1956 3744 2025; x_wconf 61' lang='grc' dir='ltr'>ἄκραν.</span> 
     </span>
    </p>
   </div>
   <div class='ocr_carea' id='block_1_64' title="bbox 2154 2048 3744 2129">
    <p class='ocr_par' dir='ltr' id='par_1_64' title="bbox 2154 2048 3744 2129">
     <span class='ocr_line' id='line_1_64' title="bbox 2154 2048 3744 2129; baseline -0.01 -14"><span class='ocrx_word' id='word_1_439' title='bbox 2154 2079 2245 2117; x_wconf 87' lang='grc' dir='ltr'>τον</span> <span class='ocrx_word' id='word_1_440' title='bbox 2282 2061 2379 2113; x_wconf 77' lang='grc' dir='ltr'>καὶ</span> <span class='ocrx_word' id='word_1_441' title='bbox 2427 2058 2713 2129; x_wconf 85' lang='grc' dir='ltr'>ἀμίαντον.</span> <span class='ocrx_word' id='word_1_442' title='bbox 2760 2056 2932 2125; x_wconf 84' lang='grc' dir='ltr'>Χαῖρε</span> <span class='ocrx_word' id='word_1_443' title='bbox 2957 2093 2971 2119; x_wconf 93' lang='grc'>,</span> <span class='ocrx_word' id='word_1_444' title='bbox 3013 2053 3047 2123; x_wconf 83' lang='grc' dir='ltr'><strong>ἡ</strong></span> <span class='ocrx_word' id='word_1_445' title='bbox 3091 2051 3151 2104; x_wconf 76' lang='grc' dir='ltr'>τὸ</span> <span class='ocrx_word' id='word_1_446' title='bbox 3197 2048 3510 2119; x_wconf 78' lang='grc' dir='ltr'>σωματικὸν</span> <span class='ocrx_word' id='word_1_447' title='bbox 3542 2048 3744 2110; x_wconf 80' lang='grc' dir='ltr'>κάλλος</span> 
     </span>
    </p>
   </div>
   <div class='ocr_carea' id='block_1_65' title="bbox 2153 2138 3741 2218">
    <p class='ocr_par' dir='ltr' id='par_1_65' title="bbox 2153 2138 3741 2218">
     <span class='ocr_line' id='line_1_65' title="bbox 2153 2138 3741 2218; baseline -0.01 -13"><span class='ocrx_word' id='word_1_448' title='bbox 2153 2155 2266 2215; x_wconf 86' lang='grc' dir='ltr'>τοῖς</span> <span class='ocrx_word' id='word_1_449' title='bbox 2292 2150 2489 2204; x_wconf 87' lang='grc' dir='ltr'>πάθεσι</span> <span class='ocrx_word' id='word_1_450' title='bbox 2523 2148 2598 2218; x_wconf 85' lang='grc' dir='ltr'>μὴ</span> <span class='ocrx_word' id='word_1_451' title='bbox 2627 2145 2930 2218; x_wconf 81' lang='grc' dir='ltr'>ρυπώσασα</span> <span class='ocrx_word' id='word_1_452' title='bbox 2951 2182 2965 2207; x_wconf 91' lang='grc'>,</span> <span class='ocrx_word' id='word_1_453' title='bbox 2994 2142 3110 2198; x_wconf 82' lang='grc' dir='ltr'>ἀλλ’</span> <span class='ocrx_word' id='word_1_454' title='bbox 3137 2141 3417 2209; x_wconf 80' lang='grc' dir='ltr'>ἀνέπαφον</span> <span class='ocrx_word' id='word_1_455' title='bbox 3437 2138 3514 2209; x_wconf 87' lang='grc' dir='ltr'>τῷ</span> <span class='ocrx_word' id='word_1_456' title='bbox 3538 2141 3741 2209; x_wconf 79' lang='grc' dir='ltr'>ποιητῇ</span> 
     </span>
    </p>
   </div>
   <div class='ocr_carea' id='block_1_66' title="bbox 2154 2225 3744 2308">
    <p class='ocr_par' dir='ltr' id='par_1_66' title="bbox 2154 2225 3744 2308">
     <span class='ocr_line' id='line_1_66' title="bbox 2154 2225 3744 2308; baseline -0.006 -12"><span class='ocrx_word' id='word_1_457' title='bbox 2154 2243 2415 2298; x_wconf 74' lang='grc' dir='ltr'>ἀναθεῖσα</span> <span class='ocrx_word' id='word_1_458' title='bbox 2444 2241 2540 2293; x_wconf 73' lang='grc' dir='ltr'>καὶ</span> <span class='ocrx_word' id='word_1_459' title='bbox 2578 2225 2906 2308; x_wconf 78' lang='grc' dir='ltr'>παραθεῖσα.</span> <span class='ocrx_word' id='word_1_460' title='bbox 2942 2237 3115 2306; x_wconf 86' lang='grc' dir='ltr'>Χαῖρε</span> <span class='ocrx_word' id='word_1_461' title='bbox 3135 2273 3150 2297; x_wconf 93' lang='grc'>,</span> <span class='ocrx_word' id='word_1_462' title='bbox 3177 2236 3210 2304; x_wconf 77' lang='grc' dir='ltr'>ἡ</span> <span class='ocrx_word' id='word_1_463' title='bbox 3242 2234 3299 2286; x_wconf 81' lang='grc' dir='ltr'>ὲν</span> <span class='ocrx_word' id='word_1_464' title='bbox 3327 2233 3403 2304; x_wconf 82' lang='grc' dir='ltr'>τῷ</span> <span class='ocrx_word' id='word_1_465' title='bbox 3435 2233 3634 2305; x_wconf 85' lang='grc' dir='ltr'>πύργῳ</span> <span class='ocrx_word' id='word_1_466' title='bbox 3666 2235 3744 2298; x_wconf 84' lang='grc' dir='ltr'>ὡς</span> 
     </span>
    </p>
   </div>
   <div class='ocr_carea' id='block_1_67' title="bbox 2155 2325 3744 2403">
    <p class='ocr_par' dir='ltr' id='par_1_67' title="bbox 2155 2325 3744 2403">
     <span class='ocr_line' id='line_1_67' title="bbox 2155 2325 3744 2403; baseline -0.006 -16"><span class='ocrx_word' id='word_1_467' title='bbox 2155 2335 2213 2386; x_wconf 85' lang='grc' dir='ltr'>ὲν</span> <span class='ocrx_word' id='word_1_468' title='bbox 2258 2333 2494 2403; x_wconf 80' lang='grc' dir='ltr'>ἀσφαλεῖ</span> <span class='ocrx_word' id='word_1_469' title='bbox 2524 2330 2790 2403; x_wconf 75' lang='grc' dir='ltr'>φρουρίῳ,</span> <span class='ocrx_word' id='word_1_470' title='bbox 2826 2328 2923 2382; x_wconf 79' lang='grc' dir='ltr'>καὶ</span> <span class='ocrx_word' id='word_1_471' title='bbox 2956 2326 3245 2398; x_wconf 80' lang='grc' dir='ltr'>παρθένων</span> <span class='ocrx_word' id='word_1_472' title='bbox 3277 2325 3551 2396; x_wconf 82' lang='grc' dir='ltr'>εύκτηρίῳ</span> <span class='ocrx_word' id='word_1_473' title='bbox 3573 2366 3589 2390; x_wconf 92' lang='grc'>,</span> <span class='ocrx_word' id='word_1_474' title='bbox 3636 2343 3744 2378; x_wconf 81' lang='grc' dir='ltr'>πυ-</span> 
     </span>
    </p>
   </div>
   <div class='ocr_carea' id='block_1_68' title="bbox 2155 2417 3747 2495">
    <p class='ocr_par' dir='ltr' id='par_1_68' title="bbox 2155 2417 3747 2495">
     <span class='ocr_line' id='line_1_68' title="bbox 2155 2417 3747 2495; baseline -0.005 -18"><span class='ocrx_word' id='word_1_475' title='bbox 2155 2425 2290 2489; x_wconf 87' lang='grc' dir='ltr'>κνάς</span> <span class='ocrx_word' id='word_1_476' title='bbox 2313 2466 2327 2492; x_wconf 95' lang='grc'>,</span> <span class='ocrx_word' id='word_1_477' title='bbox 2356 2424 2454 2478; x_wconf 69' lang='grc' dir='ltr'>καῖ⁹</span> <span class='ocrx_word' id='word_1_478' title='bbox 2491 2423 2817 2495; x_wconf 81' lang='grc' dir='ltr'>ἀκραιφνεῖς</span> <span class='ocrx_word' id='word_1_479' title='bbox 2862 2419 2940 2490; x_wconf 82' lang='grc' dir='ltr'>τῷ</span> <span class='ocrx_word' id='word_1_480' title='bbox 2974 2419 3092 2490; x_wconf 83' lang='grc' dir='ltr'>Θεῷ</span> <span class='ocrx_word' id='word_1_481' title='bbox 3138 2418 3450 2491; x_wconf 80' lang='grc' dir='ltr'>προσευχὰς</span> <span class='ocrx_word' id='word_1_482' title='bbox 3493 2417 3747 2487; x_wconf 86' lang='grc' dir='ltr'>ἀναπέμ-</span> 
     </span>
    </p>
   </div>
   <div class='ocr_carea' id='block_1_69' title="bbox 2156 2508 3746 2586">
    <p class='ocr_par' dir='ltr' id='par_1_69' title="bbox 2156 2508 3746 2586">
     <span class='ocr_line' id='line_1_69' title="bbox 2156 2508 3746 2586; baseline -0.007 -14"><span class='ocrx_word' id='word_1_483' title='bbox 2156 2536 2333 2571; x_wconf 88' lang='grc' dir='ltr'>πουσα</span> <span class='ocrx_word' id='word_1_484' title='bbox 2356 2559 2371 2584; x_wconf 90' lang='grc'>,</span> <span class='ocrx_word' id='word_1_485' title='bbox 2418 2516 2511 2570; x_wconf 77' lang='grc' dir='ltr'>καὶ</span> <span class='ocrx_word' id='word_1_486' title='bbox 2541 2517 2606 2586; x_wconf 80' lang='grc' dir='ltr'>τῇ</span> <span class='ocrx_word' id='word_1_487' title='bbox 2648 2512 2882 2569; x_wconf 86' lang='grc' dir='ltr'>ἀπλανεῖ</span> <span class='ocrx_word' id='word_1_488' title='bbox 2906 2512 3013 2565; x_wconf 89' lang='grc' dir='ltr'>τῶν</span> <span class='ocrx_word' id='word_1_489' title='bbox 3035 2510 3205 2564; x_wconf 80' lang='grc' dir='ltr'>ὅντων</span> <span class='ocrx_word' id='word_1_490' title='bbox 3239 2510 3447 2581; x_wconf 78' lang='grc' dir='ltr'>θεωρία</span> <span class='ocrx_word' id='word_1_491' title='bbox 3479 2508 3620 2580; x_wconf 85' lang='grc' dir='ltr'>πρὸς</span> <span class='ocrx_word' id='word_1_492' title='bbox 3651 2508 3746 2563; x_wconf 77' lang='grc' dir='ltr'>τὸν</span> 
     </span>
    </p>
   </div>
   <div class='ocr_carea' id='block_1_70' title="bbox 2158 2599 3747 2678">
    <p class='ocr_par' dir='ltr' id='par_1_70' title="bbox 2158 2599 3747 2678">
     <span class='ocr_line' id='line_1_70' title="bbox 2158 2599 3747 2678; baseline -0.004 -18"><span class='ocrx_word' id='word_1_493' title='bbox 2158 2605 2390 2678; x_wconf 85' lang='grc' dir='ltr'>ποιητὴν</span> <span class='ocrx_word' id='word_1_494' title='bbox 2427 2602 2759 2675; x_wconf 88' lang='grc' dir='ltr'>ἀναχθεῖσα,</span> <span class='ocrx_word' id='word_1_495' title='bbox 2798 2600 2897 2655; x_wconf 73' lang='grc' dir='ltr'>καὶ</span> <span class='ocrx_word' id='word_1_496' title='bbox 2928 2600 3025 2654; x_wconf 89' lang='grc' dir='ltr'>τοῦ</span> <span class='ocrx_word' id='word_1_497' title='bbox 3057 2600 3219 2671; x_wconf 86' lang='grc' dir='ltr'>μόνου</span> <span class='ocrx_word' id='word_1_498' title='bbox 3266 2599 3437 2663; x_wconf 75' lang='grc' dir='ltr'>ὅντως</span> <span class='ocrx_word' id='word_1_499' title='bbox 3478 2599 3645 2653; x_wconf 88' lang='grc' dir='ltr'>καλοῦ</span> <span class='ocrx_word' id='word_1_500' title='bbox 3682 2617 3747 2653; x_wconf 90' lang='grc' dir='ltr'>τε</span> 
     </span>
    </p>
   </div>
   <div class='ocr_carea' id='block_1_71' title="bbox 2157 2692 3747 2765">
    <p class='ocr_par' dir='ltr' id='par_1_71' title="bbox 2157 2692 3747 2765">
     <span class='ocr_line' id='line_1_71' title="bbox 2157 2692 3747 2765; baseline -0.003 -15"><span class='ocrx_word' id='word_1_501' title='bbox 2157 2697 2252 2750; x_wconf 77' lang='grc' dir='ltr'>καὶ</span> <span class='ocrx_word' id='word_1_502' title='bbox 2280 2694 2510 2765; x_wconf 79' lang='grc' dir='ltr'>ἐραστοῦ</span> <span class='ocrx_word' id='word_1_503' title='bbox 2540 2692 2833 2764; x_wconf 85' lang='grc' dir='ltr'>ἀπλήστως</span> <span class='ocrx_word' id='word_1_504' title='bbox 2866 2692 3357 2763; x_wconf 87' lang='grc' dir='ltr'>κατατρυφήσασα.</span> <span class='ocrx_word' id='word_1_505' title='bbox 3394 2692 3587 2763; x_wconf 87' lang='grc' dir='ltr'>Χαῖρε,</span> <span class='ocrx_word' id='word_1_506' title='bbox 3616 2693 3651 2761; x_wconf 81' lang='grc' dir='ltr'><strong>ἡ</strong></span> <span class='ocrx_word' id='word_1_507' title='bbox 3686 2693 3747 2745; x_wconf 77' lang='grc' dir='ltr'>ἐν</span> 
     </span>
    </p>
   </div>
   <div class='ocr_carea' id='block_1_72' title="bbox 2155 2781 3750 2858">
    <p class='ocr_par' dir='ltr' id='par_1_72' title="bbox 2155 2781 3750 2858">
     <span class='ocr_line' id='line_1_72' title="bbox 2155 2781 3750 2858; baseline -0.003 -19"><span class='ocrx_word' id='word_1_508' title='bbox 2155 2786 2233 2858; x_wconf 83' lang='grc' dir='ltr'>τῷ</span> <span class='ocrx_word' id='word_1_509' title='bbox 2267 2786 2360 2838; x_wconf 88' lang='grc' dir='ltr'>τοῦ</span> <span class='ocrx_word' id='word_1_510' title='bbox 2394 2782 2709 2855; x_wconf 82' lang='grc' dir='ltr'>σωματικοῦ</span> <span class='ocrx_word' id='word_1_511' title='bbox 2745 2782 2917 2854; x_wconf 80' lang='grc' dir='ltr'>ῥύπου</span> <span class='ocrx_word' id='word_1_512' title='bbox 2957 2782 3308 2853; x_wconf 82' lang='grc' dir='ltr'>καθαρτηρίῳ</span> <span class='ocrx_word' id='word_1_513' title='bbox 3358 2781 3567 2854; x_wconf 80' lang='grc' dir='ltr'>λουτρῷ</span> <span class='ocrx_word' id='word_1_514' title='bbox 3606 2799 3750 2854; x_wconf 87' lang='grc' dir='ltr'>συμ-</span> 
     </span>
    </p>
   </div>
   <div class='ocr_carea' id='block_1_73' title="bbox 2158 2873 3750 2947">
    <p class='ocr_par' dir='ltr' id='par_1_73' title="bbox 2158 2873 3750 2947">
     <span class='ocr_line' id='line_1_73' title="bbox 2158 2873 3750 2947; baseline -0.003 -16"><span class='ocrx_word' id='word_1_515' title='bbox 2158 2876 2387 2940; x_wconf 77' lang='grc' dir='ltr'>ϐολικῶς</span> <span class='ocrx_word' id='word_1_516' title='bbox 2418 2876 2518 2947; x_wconf 80' lang='grc' dir='ltr'>τὴν</span> <span class='ocrx_word' id='word_1_517' title='bbox 2564 2874 2771 2946; x_wconf 84' lang='grc' dir='ltr'>Τριάδα</span> <span class='ocrx_word' id='word_1_518' title='bbox 2813 2873 2903 2928; x_wconf 82' lang='grc' dir='ltr'>διά</span> <span class='ocrx_word' id='word_1_519' title='bbox 2939 2874 3039 2946; x_wconf 78' lang='grc' dir='ltr'>τῆς</span> <span class='ocrx_word' id='word_1_520' title='bbox 3080 2874 3188 2927; x_wconf 89' lang='grc' dir='ltr'>τῶν</span> <span class='ocrx_word' id='word_1_521' title='bbox 3232 2873 3466 2945; x_wconf 80' lang='grc' dir='ltr'>θυρίδων</span> <span class='ocrx_word' id='word_1_522' title='bbox 3509 2875 3750 2945; x_wconf 69' lang='grc' dir='ltr'>τριπλῆς</span> 
     </span>
    </p>
   </div>
   <div class='ocr_carea' id='block_1_74' title="bbox 2160 2966 3749 3041">
    <p class='ocr_par' dir='ltr' id='par_1_74' title="bbox 2160 2966 3749 3041">
     <span class='ocr_line' id='line_1_74' title="bbox 2160 2966 3749 3041; baseline -0.003 -16"><span class='ocrx_word' id='word_1_523' title='bbox 2160 2968 2525 3041; x_wconf 83' lang='grc' dir='ltr'>φωταγωγίας</span> <span class='ocrx_word' id='word_1_524' title='bbox 2552 2966 2952 3032; x_wconf 78' lang='grc' dir='ltr'>ὲξεικονίσασα,</span> <span class='ocrx_word' id='word_1_525' title='bbox 3001 2968 3095 3021; x_wconf 72' lang='grc' dir='ltr'>καὶ</span> <span class='ocrx_word' id='word_1_526' title='bbox 3135 2966 3194 3021; x_wconf 82' lang='grc' dir='ltr'>τὸ</span> <span class='ocrx_word' id='word_1_527' title='bbox 3234 2969 3301 3038; x_wconf 82' lang='grc' dir='ltr'>τῇ</span> <span class='ocrx_word' id='word_1_528' title='bbox 3339 2969 3529 3038; x_wconf 84' lang='grc' dir='ltr'>τριττῇ</span> <span class='ocrx_word' id='word_1_529' title='bbox 3566 2984 3749 3035; x_wconf 90' lang='grc' dir='ltr'>φωτο-</span> 
     </span>
    </p>
   </div>
   <div class='ocr_carea' id='block_1_75' title="bbox 2159 3057 3749 3133">
    <p class='ocr_par' dir='ltr' id='par_1_75' title="bbox 2159 3057 3749 3133">
     <span class='ocr_line' id='line_1_75' title="bbox 2159 3057 3749 3133; baseline -0.002 -18"><span class='ocrx_word' id='word_1_530' title='bbox 2159 3062 2311 3133; x_wconf 72' lang='grc' dir='ltr'>δοσίᾳ</span> <span class='ocrx_word' id='word_1_531' title='bbox 2352 3060 2542 3130; x_wconf 78' lang='grc' dir='ltr'>ψυχῶν</span> <span class='ocrx_word' id='word_1_532' title='bbox 2596 3057 2863 3131; x_wconf 79' lang='grc' dir='ltr'>μυστικὸν</span> <span class='ocrx_word' id='word_1_533' title='bbox 2898 3058 2992 3112; x_wconf 72' lang='grc' dir='ltr'>καὶ</span> <span class='ocrx_word' id='word_1_534' title='bbox 3029 3058 3298 3129; x_wconf 87' lang='grc' dir='ltr'>σωτήριον</span> <span class='ocrx_word' id='word_1_535' title='bbox 3345 3058 3593 3122; x_wconf 83' lang='grc' dir='ltr'>τυπικῶς</span> <span class='ocrx_word' id='word_1_536' title='bbox 3627 3057 3749 3113; x_wconf 86' lang='grc' dir='ltr'>δια-</span> 
     </span>
    </p>
   </div>
   <div class='ocr_carea' id='block_1_76' title="bbox 2167 3147 3751 3222">
    <p class='ocr_par' dir='ltr' id='par_1_76' title="bbox 2167 3147 3751 3222">
     <span class='ocr_line' id='line_1_76' title="bbox 2167 3147 3751 3222; baseline -0.002 -18"><span class='ocrx_word' id='word_1_537' title='bbox 2167 3150 2427 3222; x_wconf 66' lang='grc' dir='ltr'>γράφασα</span> <span class='ocrx_word' id='word_1_538' title='bbox 2468 3148 2773 3219; x_wconf 79' lang='grc' dir='ltr'>βάπτισμα.</span> <span class='ocrx_word' id='word_1_539' title='bbox 2827 3148 3019 3217; x_wconf 86' lang='grc' dir='ltr'>Χαῖρε,</span> <span class='ocrx_word' id='word_1_540' title='bbox 3052 3148 3085 3217; x_wconf 82' lang='grc' dir='ltr'><strong>ἡ</strong></span> <span class='ocrx_word' id='word_1_541' title='bbox 3116 3147 3277 3209; x_wconf 78' lang='grc' dir='ltr'>εὐθὺς</span> <span class='ocrx_word' id='word_1_542' title='bbox 3313 3148 3616 3219; x_wconf 87' lang='grc' dir='ltr'>τρανότατα</span> <span class='ocrx_word' id='word_1_543' title='bbox 3648 3148 3751 3219; x_wconf 78' lang='grc' dir='ltr'>τὴν</span> 
     </span>
    </p>
   </div>
   <div class='ocr_carea' id='block_1_77' title="bbox 2166 3235 3753 3311">
    <p class='ocr_par' dir='ltr' id='par_1_77' title="bbox 2166 3235 3753 3311">
     <span class='ocr_line' id='line_1_77' title="bbox 2166 3235 3753 3311; baseline -0.004 -18"><span class='ocrx_word' id='word_1_544' title='bbox 2166 3240 2264 3311; x_wconf 81' lang='grc' dir='ltr'>τῆς</span> <span class='ocrx_word' id='word_1_545' title='bbox 2294 3238 2579 3309; x_wconf 81' lang='grc' dir='ltr'>ὁμοουσίου</span> <span class='ocrx_word' id='word_1_546' title='bbox 2614 3236 2844 3307; x_wconf 88' lang='grc' dir='ltr'>Τριάδος</span> <span class='ocrx_word' id='word_1_547' title='bbox 2877 3236 3061 3289; x_wconf 89' lang='grc' dir='ltr'>πίστιν</span> <span class='ocrx_word' id='word_1_548' title='bbox 3093 3235 3391 3306; x_wconf 87' lang='grc' dir='ltr'>θεολογικῷ</span> <span class='ocrx_word' id='word_1_549' title='bbox 3427 3236 3753 3309; x_wconf 83' lang='grc' dir='ltr'>διομολογή-</span> 
     </span>
    </p>
   </div>
   <div class='ocr_carea' id='block_1_78' title="bbox 2170 3326 3753 3400">
    <p class='ocr_par' dir='ltr' id='par_1_78' title="bbox 2170 3326 3753 3400">
     <span class='ocr_line' id='line_1_78' title="bbox 2170 3326 3753 3400; baseline 0 -17"><span class='ocrx_word' id='word_1_550' title='bbox 2170 3347 2312 3385; x_wconf 87' lang='grc' dir='ltr'>σασα</span> <span class='ocrx_word' id='word_1_551' title='bbox 2342 3330 2591 3400; x_wconf 87' lang='grc' dir='ltr'>στόματι.</span> <span class='ocrx_word' id='word_1_552' title='bbox 2638 3330 2844 3397; x_wconf 88' lang='grc' dir='ltr'>Χαῖρε,</span> <span class='ocrx_word' id='word_1_553' title='bbox 2871 3329 2904 3398; x_wconf 84' lang='grc' dir='ltr'>ὴ</span> <span class='ocrx_word' id='word_1_554' title='bbox 2937 3326 3028 3381; x_wconf 80' lang='grc' dir='ltr'>τὸν</span> <span class='ocrx_word' id='word_1_555' title='bbox 3067 3327 3163 3381; x_wconf 78' lang='grc' dir='ltr'>ἕνα</span> <span class='ocrx_word' id='word_1_556' title='bbox 3203 3328 3302 3398; x_wconf 79' lang='grc' dir='ltr'>τῆς</span> <span class='ocrx_word' id='word_1_557' title='bbox 3330 3329 3492 3396; x_wconf 85' lang='grc' dir='ltr'>ἁγίας</span> <span class='ocrx_word' id='word_1_558' title='bbox 3518 3329 3753 3398; x_wconf 85' lang='grc' dir='ltr'>Τριάδος</span> 
     </span>
    </p>
   </div>
   <div class='ocr_carea' id='block_1_79' title="bbox 2168 3416 3752 3490">
    <p class='ocr_par' dir='ltr' id='par_1_79' title="bbox 2168 3416 3752 3490">
     <span class='ocr_line' id='line_1_79' title="bbox 2168 3416 3752 3490; baseline 0.001 -17"><span class='ocrx_word' id='word_1_559' title='bbox 2168 3420 2257 3473; x_wconf 83' lang='grc' dir='ltr'>διὰ</span> <span class='ocrx_word' id='word_1_560' title='bbox 2308 3420 2406 3489; x_wconf 82' lang='grc' dir='ltr'>τὴν</span> <span class='ocrx_word' id='word_1_561' title='bbox 2454 3418 2733 3490; x_wconf 79' lang='grc' dir='ltr'>ἡμετέραν</span> <span class='ocrx_word' id='word_1_562' title='bbox 2786 3416 3290 3489; x_wconf 83' lang='grc' dir='ltr'>ὲνανθρωπήσαντα</span> <span class='ocrx_word' id='word_1_563' title='bbox 3344 3419 3645 3489; x_wconf 86' lang='grc' dir='ltr'>σωτηρίαν,</span> <span class='ocrx_word' id='word_1_564' title='bbox 3690 3421 3752 3474; x_wconf 72' lang='grc' dir='ltr'>ἑν</span> 
     </span>
    </p>
   </div>
   <div class='ocr_carea' id='block_1_80' title="bbox 2173 3509 3749 3583">
    <p class='ocr_par' dir='ltr' id='par_1_80' title="bbox 2173 3509 3749 3583">
     <span class='ocr_line' id='line_1_80' title="bbox 2173 3509 3749 3583; baseline 0.001 -21"><span class='ocrx_word' id='word_1_565' title='bbox 2173 3510 2458 3581; x_wconf 76' lang='grc' dir='ltr'>παρρησίᾳ</span> <span class='ocrx_word' id='word_1_566' title='bbox 2497 3510 2803 3580; x_wconf 78' lang='grc' dir='ltr'>κηρύξασα.</span> <span class='ocrx_word' id='word_1_567' title='bbox 2836 3511 3029 3583; x_wconf 88' lang='grc' dir='ltr'>Χαῖρε,</span> <span class='ocrx_word' id='word_1_568' title='bbox 3061 3511 3093 3580; x_wconf 86' lang='grc' dir='ltr'>ἠ</span> <span class='ocrx_word' id='word_1_569' title='bbox 3124 3509 3355 3562; x_wconf 84' lang='grc' dir='ltr'>πλοῦτον</span> <span class='ocrx_word' id='word_1_570' title='bbox 3393 3511 3489 3563; x_wconf 70' lang='grc' dir='ltr'>καὶ</span> <span class='ocrx_word' id='word_1_571' title='bbox 3515 3511 3749 3582; x_wconf 79' lang='grc' dir='ltr'>τρυφὴν,</span> 
     </span>
    </p>
   </div>
   <div class='ocr_carea' id='block_1_81' title="bbox 2171 3600 3755 3674">
    <p class='ocr_par' dir='ltr' id='par_1_81' title="bbox 2171 3600 3755 3674">
     <span class='ocr_line' id='line_1_81' title="bbox 2171 3600 3755 3674; baseline -0.001 -18"><span class='ocrx_word' id='word_1_572' title='bbox 2171 3603 2268 3656; x_wconf 69' lang='grc' dir='ltr'>καὶ</span> <span class='ocrx_word' id='word_1_573' title='bbox 2297 3603 2480 3673; x_wconf 89' lang='grc' dir='ltr'>σηρῶν</span> <span class='ocrx_word' id='word_1_574' title='bbox 2504 3602 2763 3674; x_wconf 83' lang='grc' dir='ltr'>νημάτων</span> <span class='ocrx_word' id='word_1_575' title='bbox 2796 3602 3113 3672; x_wconf 82' lang='grc' dir='ltr'>ὑφάσματα,</span> <span class='ocrx_word' id='word_1_576' title='bbox 3143 3602 3237 3655; x_wconf 76' lang='grc' dir='ltr'>καὶ</span> <span class='ocrx_word' id='word_1_577' title='bbox 3257 3600 3421 3656; x_wconf 87' lang='grc' dir='ltr'>λίθων</span> <span class='ocrx_word' id='word_1_578' title='bbox 3447 3602 3755 3674; x_wconf 75' lang='grc' dir='ltr'>πολυτιμή-</span> 
     </span>
    </p>
   </div>
   <div class='ocr_carea' id='block_1_82' title="bbox 2170 3692 3754 3764">
    <p class='ocr_par' dir='ltr' id='par_1_82' title="bbox 2170 3692 3754 3764">
     <span class='ocr_line' id='line_1_82' title="bbox 2170 3692 3754 3764; baseline 0.001 -18"><span class='ocrx_word' id='word_1_579' title='bbox 2170 3711 2303 3758; x_wconf 86' lang='grc' dir='ltr'>των,</span> <span class='ocrx_word' id='word_1_580' title='bbox 2342 3694 2437 3747; x_wconf 77' lang='grc' dir='ltr'>κα¹ι</span> <span class='ocrx_word' id='word_1_581' title='bbox 2486 3693 2841 3764; x_wconf 87' lang='grc' dir='ltr'>μαργαρίτων</span> <span class='ocrx_word' id='word_1_582' title='bbox 2891 3692 3377 3762; x_wconf 78' lang='grc' dir='ltr'>χρυσοκολλήτων,</span> <span class='ocrx_word' id='word_1_583' title='bbox 3426 3692 3521 3746; x_wconf 75' lang='grc' dir='ltr'>καὶ</span> <span class='ocrx_word' id='word_1_584' title='bbox 3569 3694 3754 3747; x_wconf 80' lang='grc' dir='ltr'>πᾶσαν</span> 
     </span>
    </p>
   </div>
   <div class='ocr_carea' id='block_1_83' title="bbox 2175 3784 3760 3856">
    <p class='ocr_par' dir='ltr' id='par_1_83' title="bbox 2175 3784 3760 3856">
     <span class='ocr_line' id='line_1_83' title="bbox 2175 3784 3760 3856; baseline -0.002 -17"><span class='ocrx_word' id='word_1_585' title='bbox 2175 3786 2496 3856; x_wconf 80' lang='grc' dir='ltr'>σωματικὴν</span> <span class='ocrx_word' id='word_1_586' title='bbox 2528 3786 2829 3855; x_wconf 83' lang='grc' dir='ltr'>εὐκοσμίαν</span> <span class='ocrx_word' id='word_1_587' title='bbox 2859 3785 2956 3838; x_wconf 76' lang='grc' dir='ltr'>καὶ</span> <span class='ocrx_word' id='word_1_588' title='bbox 2982 3784 3325 3855; x_wconf 76' lang='grc' dir='ltr'>ὡραιότητα,</span> <span class='ocrx_word' id='word_1_589' title='bbox 3372 3785 3469 3838; x_wconf 78' lang='grc' dir='ltr'>καὶ</span> <span class='ocrx_word' id='word_1_590' title='bbox 3495 3784 3603 3837; x_wconf 87' lang='grc' dir='ltr'>τῶν</span> <span class='ocrx_word' id='word_1_591' title='bbox 3631 3786 3760 3837; x_wconf 86' lang='grc' dir='ltr'>ὲπι-</span> 
     </span>
    </p>
   </div>
   <div class='ocr_carea' id='block_1_84' title="bbox 2172 3877 3762 3949">
    <p class='ocr_par' dir='ltr' id='par_1_84' title="bbox 2172 3877 3762 3949">
     <span class='ocr_line' id='line_1_84' title="bbox 2172 3877 3762 3949; baseline 0 -18"><span class='ocrx_word' id='word_1_592' title='bbox 2172 3878 2339 3947; x_wconf 88' lang='grc' dir='ltr'>γείων</span> <span class='ocrx_word' id='word_1_593' title='bbox 2398 3879 2784 3949; x_wconf 78' lang='grc' dir='ltr'>τερπνοτητων</span> <span class='ocrx_word' id='word_1_594' title='bbox 2846 3877 3147 3931; x_wconf 85' lang='grc' dir='ltr'>ἀπόλαυσιν</span> <span class='ocrx_word' id='word_1_595' title='bbox 3204 3877 3587 3941; x_wconf 84' lang='grc' dir='ltr'>διαπτύσασα.</span> <span class='ocrx_word' id='word_1_596' title='bbox 3662 3879 3762 3933; x_wconf 71' lang='grc' dir='ltr'>καὶ</span> 
     </span>
    </p>
   </div>
   <div class='ocr_carea' id='block_1_85' title="bbox 2174 3969 3759 4041">
    <p class='ocr_par' dir='ltr' id='par_1_85' title="bbox 2174 3969 3759 4041">
     <span class='ocr_line' id='line_1_85' title="bbox 2174 3969 3759 4041; baseline -0.001 -18"><span class='ocrx_word' id='word_1_597' title='bbox 2174 3970 2377 4024; x_wconf 79' lang='grc' dir='ltr'>τούτων</span> <span class='ocrx_word' id='word_1_598' title='bbox 2401 3969 2845 4041; x_wconf 81' lang='grc' dir='ltr'>ἀνταλλαξαμένη</span> <span class='ocrx_word' id='word_1_599' title='bbox 2880 3970 3075 4025; x_wconf 86' lang='grc' dir='ltr'>αίώνια</span> <span class='ocrx_word' id='word_1_600' title='bbox 3118 3969 3296 4038; x_wconf 86' lang='grc' dir='ltr'>ἀγαθά</span> <span class='ocrx_word' id='word_1_601' title='bbox 3328 3970 3424 4024; x_wconf 81' lang='grc' dir='ltr'>καὶ</span> <span class='ocrx_word' id='word_1_602' title='bbox 3471 3971 3759 4041; x_wconf 86' lang='grc' dir='ltr'>ἀκήρατα,</span> 
     </span>
    </p>
   </div>
   <div class='ocr_carea' id='block_1_86' title="bbox 2173 4059 3765 4132">
    <p class='ocr_par' dir='ltr' id='par_1_86' title="bbox 2173 4059 3765 4132">
     <span class='ocr_line' id='line_1_86' title="bbox 2173 4059 3765 4132; baseline -0.002 -18"><span class='ocrx_word' id='word_1_603' title='bbox 2173 4061 2242 4114; x_wconf 68' lang='grc' dir='ltr'>τὰ</span> <span class='ocrx_word' id='word_1_604' title='bbox 2286 4060 2554 4132; x_wconf 82' lang='grc' dir='ltr'>ὀμμάτων</span> <span class='ocrx_word' id='word_1_605' title='bbox 2595 4061 2809 4132; x_wconf 85' lang='grc' dir='ltr'>ὅρασιν,</span> <span class='ocrx_word' id='word_1_606' title='bbox 2856 4061 2950 4114; x_wconf 79' lang='grc' dir='ltr'>καὶ</span> <span class='ocrx_word' id='word_1_607' title='bbox 3001 4060 3154 4114; x_wconf 80' lang='grc' dir='ltr'>ὤτων</span> <span class='ocrx_word' id='word_1_608' title='bbox 3210 4059 3399 4130; x_wconf 81' lang='grc' dir='ltr'>ἀκοὴν,</span> <span class='ocrx_word' id='word_1_609' title='bbox 3445 4061 3541 4113; x_wconf 72' lang='grc' dir='ltr'>καὶ</span> <span class='ocrx_word' id='word_1_610' title='bbox 3575 4062 3765 4113; x_wconf 79' lang='grc' dir='ltr'>πᾶσαν</span> 
     </span>
    </p>
   </div>
   <div class='ocr_carea' id='block_1_87' title="bbox 2177 4149 3768 4222">
    <p class='ocr_par' dir='ltr' id='par_1_87' title="bbox 2177 4149 3768 4222">
     <span class='ocr_line' id='line_1_87' title="bbox 2177 4149 3768 4222; baseline -0.003 -17"><span class='ocrx_word' id='word_1_611' title='bbox 2177 4151 2429 4222; x_wconf 77' lang='grc' dir='ltr'>αἴσθησίν</span> <span class='ocrx_word' id='word_1_612' title='bbox 2457 4168 2517 4204; x_wconf 90' lang='grc' dir='ltr'>τε</span> <span class='ocrx_word' id='word_1_613' title='bbox 2550 4153 2644 4205; x_wconf 71' lang='grc' dir='ltr'>καὶ</span> <span class='ocrx_word' id='word_1_614' title='bbox 2685 4152 2872 4222; x_wconf 85' lang='grc' dir='ltr'>νόησιν</span> <span class='ocrx_word' id='word_1_615' title='bbox 2907 4151 3296 4222; x_wconf 80' lang='grc' dir='ltr'>ὑπεραίροντα.</span> <span class='ocrx_word' id='word_1_616' title='bbox 3346 4150 3518 4221; x_wconf 87' lang='grc' dir='ltr'>Χαῖρε</span> <span class='ocrx_word' id='word_1_617' title='bbox 3549 4189 3564 4215; x_wconf 96' lang='grc'>,</span> <span class='ocrx_word' id='word_1_618' title='bbox 3605 4151 3640 4220; x_wconf 76' lang='grc' dir='ltr'><strong>ὴ</strong></span> <span class='ocrx_word' id='word_1_619' title='bbox 3700 4149 3768 4202; x_wconf 76' lang='grc' dir='ltr'>τδ</span> 
     </span>
    </p>
   </div>
   <div class='ocr_carea' id='block_1_88' title="bbox 2176 4240 3765 4313">
    <p class='ocr_par' dir='ltr' id='par_1_88' title="bbox 2176 4240 3765 4313">
     <span class='ocr_line' id='line_1_88' title="bbox 2176 4240 3765 4313; baseline 0.002 -22"><span class='ocrx_word' id='word_1_620' title='bbox 2176 4240 2276 4309; x_wconf 83' lang='grc' dir='ltr'>τῆς</span> <span class='ocrx_word' id='word_1_621' title='bbox 2315 4240 2530 4311; x_wconf 81' lang='grc' dir='ltr'>ἡλικίας</span> <span class='ocrx_word' id='word_1_622' title='bbox 2573 4241 2869 4312; x_wconf 81' lang='grc' dir='ltr'>τρυφερὸν,</span> <span class='ocrx_word' id='word_1_623' title='bbox 2905 4243 3000 4295; x_wconf 80' lang='grc' dir='ltr'>καὶ</span> <span class='ocrx_word' id='word_1_624' title='bbox 3042 4242 3101 4295; x_wconf 85' lang='grc' dir='ltr'>τὸ</span> <span class='ocrx_word' id='word_1_625' title='bbox 3144 4241 3239 4295; x_wconf 88' lang='grc' dir='ltr'>τοῦ</span> <span class='ocrx_word' id='word_1_626' title='bbox 3275 4241 3482 4313; x_wconf 81' lang='grc' dir='ltr'>θήλεως</span> <span class='ocrx_word' id='word_1_627' title='bbox 3533 4241 3765 4304; x_wconf 78' lang='grc' dir='ltr'>ἀσθενὲς</span> 
     </span>
    </p>
   </div>
   <div class='ocr_carea' id='block_1_89' title="bbox 2178 4332 3767 4405">
    <p class='ocr_par' dir='ltr' id='par_1_89' title="bbox 2178 4332 3767 4405">
     <span class='ocr_line' id='line_1_89' title="bbox 2178 4332 3767 4405; baseline 0 -22"><span class='ocrx_word' id='word_1_628' title='bbox 2178 4332 2441 4400; x_wconf 85' lang='grc' dir='ltr'>γεννικῶς</span> <span class='ocrx_word' id='word_1_629' title='bbox 2473 4333 2564 4386; x_wconf 70' lang='grc' dir='ltr'>καὶ</span> <span class='ocrx_word' id='word_1_630' title='bbox 2602 4333 2874 4404; x_wconf 82' lang='grc' dir='ltr'>ἀνδρικῶς</span> <span class='ocrx_word' id='word_1_631' title='bbox 2905 4333 3260 4405; x_wconf 81' lang='grc' dir='ltr'>στερεώσασα</span> <span class='ocrx_word' id='word_1_632' title='bbox 3291 4334 3530 4404; x_wconf 83' lang='grc' dir='ltr'>συντόνῳ</span> <span class='ocrx_word' id='word_1_633' title='bbox 3554 4334 3767 4404; x_wconf 75' lang='grc' dir='ltr'>φρονήο</span> 
     </span>
    </p>
   </div>
   <div class='ocr_carea' id='block_1_90' title="bbox 2183 4425 3768 4497">
    <p class='ocr_par' dir='ltr' id='par_1_90' title="bbox 2183 4425 3768 4497">
     <span class='ocr_line' id='line_1_90' title="bbox 2183 4425 3768 4497; baseline 0.001 -21"><span class='ocrx_word' id='word_1_634' title='bbox 2183 4441 2332 4495; x_wconf 91' lang='grc' dir='ltr'>ματι.</span> <span class='ocrx_word' id='word_1_635' title='bbox 2380 4425 2577 4495; x_wconf 87' lang='grc' dir='ltr'>Χαῖρε,</span> <span class='ocrx_word' id='word_1_636' title='bbox 2613 4425 2824 4497; x_wconf 77' lang='grc' dir='ltr'>ηπρδς</span> <span class='ocrx_word' id='word_1_637' title='bbox 2853 4426 2981 4489; x_wconf 79' lang='grc' dir='ltr'>τοὺς</span> <span class='ocrx_word' id='word_1_638' title='bbox 3013 4426 3121 4481; x_wconf 88' lang='grc' dir='ltr'>τῶν</span> <span class='ocrx_word' id='word_1_639' title='bbox 3164 4427 3439 4482; x_wconf 83' lang='grc' dir='ltr'>κολάσεων</span> <span class='ocrx_word' id='word_1_640' title='bbox 3468 4426 3768 4496; x_wconf 78' lang='grc' dir='ltr'>αἰκισμοὺς</span> 
     </span>
    </p>
   </div>
   <div class='ocr_carea' id='block_1_91' title="bbox 501 4496 2057 4599">
    <p class='ocr_par' dir='ltr' id='par_1_91' title="bbox 501 4496 2057 4578">
     <span class='ocr_line' id='line_1_91' title="bbox 501 4496 2057 4578; baseline 0.009 -29"><span class='ocrx_word' id='word_1_641' title='bbox 501 4496 913 4569; x_wconf 78' lang='lat' dir='ltr'><strong>perfricationes</strong></span> <span class='ocrx_word' id='word_1_642' title='bbox 939 4538 956 4566; x_wconf 93' lang='lat'>,</span> <span class='ocrx_word' id='word_1_643' title='bbox 989 4501 1271 4571; x_wconf 87' lang='lat' dir='ltr'><strong>sanguinis</strong></span> <span class='ocrx_word' id='word_1_644' title='bbox 1300 4502 1630 4573; x_wconf 83' lang='lat' dir='ltr'><strong>proﬂuentes</strong></span> <span class='ocrx_word' id='word_1_645' title='bbox 1680 4506 1826 4561; x_wconf 83' lang='lat' dir='ltr'><strong>rivos</strong></span> <span class='ocrx_word' id='word_1_646' title='bbox 1853 4545 1869 4573; x_wconf 93' lang='lat'>,</span> <span class='ocrx_word' id='word_1_647' title='bbox 1936 4506 2057 4578; x_wconf 77' lang='lat' dir='ltr'><strong>ignit</strong></span> 
     </span>
    </p>
   </div>
   <div class='ocr_carea' id='block_1_92' title="bbox 2166 4496 3769 4599">
    <p class='ocr_par' dir='ltr' id='par_1_92' title="bbox 2183 4496 3769 4590">
     <span class='ocr_line' id='line_1_92' title="bbox 2183 4496 3769 4590; baseline 0 -20"><span class='ocrx_word' id='word_1_648' title='bbox 2183 4518 2258 4587; x_wconf 78' lang='grc' dir='ltr'>μὴ</span> <span class='ocrx_word' id='word_1_649' title='bbox 2301 4496 2772 4588; x_wconf 82' lang='grc' dir='ltr'>δειλανδρήσασα,</span> <span class='ocrx_word' id='word_1_650' title='bbox 2823 4517 3142 4590; x_wconf 83' lang='grc' dir='ltr'>θαρσαλέως</span> <span class='ocrx_word' id='word_1_651' title='bbox 3195 4518 3253 4571; x_wconf 79' lang='grc' dir='ltr'>δὲ</span> <span class='ocrx_word' id='word_1_652' title='bbox 3305 4517 3506 4589; x_wconf 80' lang='grc' dir='ltr'>μᾶλλον</span> <span class='ocrx_word' id='word_1_653' title='bbox 3561 4516 3769 4588; x_wconf 74' lang='grc' dir='ltr'>ἑαυτὴν</span> 
     </span>
    </p>
   </div>
   <div class='ocr_carea' id='block_1_93' title="bbox 497 4588 2075 4663">
    <p class='ocr_par' dir='ltr' id='par_1_93' title="bbox 497 4588 2075 4663">
     <span class='ocr_line' id='line_1_93' title="bbox 497 4588 2075 4663; baseline 0.008 -21"><span class='ocrx_word' id='word_1_654' title='bbox 497 4597 749 4645; x_wconf 81' lang='lat' dir='ltr'><strong>vorantes</strong></span> <span class='ocrx_word' id='word_1_655' title='bbox 792 4588 1034 4647; x_wconf 79' lang='lat' dir='ltr'><strong>ﬂammas</strong></span> <span class='ocrx_word' id='word_1_656' title='bbox 1059 4633 1074 4659; x_wconf 95' lang='lat'>,</span> <span class='ocrx_word' id='word_1_657' title='bbox 1123 4606 1341 4650; x_wconf 81' lang='lat' dir='ltr'><strong>exsecta</strong></span> <span class='ocrx_word' id='word_1_658' title='bbox 1388 4596 1661 4663; x_wconf 89' lang='lat' dir='ltr'><strong>membra,</strong></span> <span class='ocrx_word' id='word_1_659' title='bbox 1706 4597 1861 4654; x_wconf 65' lang='lat' dir='ltr'><strong>nudae</strong></span> <span class='ocrx_word' id='word_1_660' title='bbox 1891 4601 2075 4654; x_wconf 65' lang='lat' dir='ltr'><strong>traduo</strong></span> 
     </span>
    </p>
   </div>
   <div class='ocr_carea' id='block_1_94' title="bbox 496 4677 2071 4756">
    <p class='ocr_par' dir='ltr' id='par_1_94' title="bbox 496 4677 2071 4756">
     <span class='ocr_line' id='line_1_94' title="bbox 496 4677 2071 4756; baseline 0.007 -21"><span class='ocrx_word' id='word_1_661' title='bbox 496 4677 766 4744; x_wconf 84' lang='lat' dir='ltr'><strong>ctionem,</strong></span> <span class='ocrx_word' id='word_1_662' title='bbox 796 4681 987 4751; x_wconf 86' lang='lat' dir='ltr'><strong>capitis</strong></span> <span class='ocrx_word' id='word_1_663' title='bbox 1018 4692 1074 4738; x_wconf 92' lang='lat' dir='ltr'><strong>et</strong></span> <span class='ocrx_word' id='word_1_664' title='bbox 1095 4683 1218 4739; x_wconf 75' lang='lat' dir='ltr'><strong>vita:</strong></span> <span class='ocrx_word' id='word_1_665' title='bbox 1244 4686 1642 4756; x_wconf 90' lang='lat' dir='ltr'><strong>ademptionem</strong></span> <span class='ocrx_word' id='word_1_666' title='bbox 1673 4688 1875 4745; x_wconf 86' lang='lat' dir='ltr'><strong>Christi</strong></span> <span class='ocrx_word' id='word_1_667' title='bbox 1907 4705 2071 4747; x_wconf 88' lang='lat' dir='ltr'><strong>causa</strong></span> 
     </span>
    </p>
   </div>
   <div class='ocr_carea' id='block_1_95' title="bbox 496 4768 2070 4850">
    <p class='ocr_par' dir='ltr' id='par_1_95' title="bbox 496 4768 2070 4850">
     <span class='ocr_line' id='line_1_95' title="bbox 496 4768 2070 4850; baseline 0.01 -28"><span class='ocrx_word' id='word_1_668' title='bbox 496 4768 826 4835; x_wconf 90' lang='lat' dir='ltr'><strong>sustinuisti,</strong></span> <span class='ocrx_word' id='word_1_669' title='bbox 858 4782 917 4824; x_wconf 90' lang='lat' dir='ltr'><strong>ut</strong></span> <span class='ocrx_word' id='word_1_670' title='bbox 948 4772 1202 4842; x_wconf 89' lang='lat' dir='ltr'><strong>deinceps</strong></span> <span class='ocrx_word' id='word_1_671' title='bbox 1228 4775 1532 4831; x_wconf 85' lang='lat' dir='ltr'><strong>immortale</strong></span> <span class='ocrx_word' id='word_1_672' title='bbox 1555 4791 1751 4847; x_wconf 91' lang='lat' dir='ltr'><strong>corpus</strong></span> <span class='ocrx_word' id='word_1_673' title='bbox 1782 4780 2070 4850; x_wconf 88' lang='lat' dir='ltr'><strong>reciperes,</strong></span> 
     </span>
    </p>
   </div>
   <div class='ocr_carea' id='block_1_96' title="bbox 498 4860 2071 4938">
    <p class='ocr_par' dir='ltr' id='par_1_96' title="bbox 498 4860 2071 4938">
     <span class='ocr_line' id='line_1_96' title="bbox 498 4860 2071 4938; baseline 0.008 -22"><span class='ocrx_word' id='word_1_674' title='bbox 498 4870 616 4916; x_wconf 90' lang='lat' dir='ltr'>tum</span> <span class='ocrx_word' id='word_1_675' title='bbox 647 4860 1074 4930; x_wconf 83' lang='lat' dir='ltr'><strong>iucorruptionis</strong></span> <span class='ocrx_word' id='word_1_676' title='bbox 1130 4865 1298 4920; x_wconf 87' lang='lat' dir='ltr'><strong>radiis</strong></span> <span class='ocrx_word' id='word_1_677' title='bbox 1347 4865 1642 4938; x_wconf 82' lang='lat' dir='ltr'><strong>etl&#39;ulgens,</strong></span> <span class='ocrx_word' id='word_1_678' title='bbox 1700 4880 1755 4925; x_wconf 91' lang='lat' dir='ltr'><strong>et</strong></span> <span class='ocrx_word' id='word_1_679' title='bbox 1805 4872 2071 4929; x_wconf 88' lang='lat' dir='ltr'><strong>claritatis</strong></span> 
     </span>
    </p>
   </div>
   <div class='ocr_carea' id='block_1_97' title="bbox 496 4949 2073 5033">
    <p class='ocr_par' dir='ltr' id='par_1_97' title="bbox 496 4949 2073 5033">
     <span class='ocr_line' id='line_1_97' title="bbox 496 4949 2073 5033; baseline 0.01 -28"><span class='ocrx_word' id='word_1_680' title='bbox 496 4949 775 5005; x_wconf 90' lang='lat' dir='ltr'><strong>inductum</strong></span> <span class='ocrx_word' id='word_1_681' title='bbox 806 4951 940 5007; x_wconf 86' lang='lat' dir='ltr'><strong>stola</strong></span> <span class='ocrx_word' id='word_1_682' title='bbox 969 4992 985 5018; x_wconf 93' lang='lat'>,</span> <span class='ocrx_word' id='word_1_683' title='bbox 1017 4967 1179 5022; x_wconf 88' lang='lat' dir='ltr'><strong>quam</strong></span> <span class='ocrx_word' id='word_1_684' title='bbox 1211 4955 1356 5011; x_wconf 88' lang='lat' dir='ltr'><strong>nulla</strong></span> <span class='ocrx_word' id='word_1_685' title='bbox 1407 4959 1488 5013; x_wconf 85' lang='lat' dir='ltr'>vis</span> <span class='ocrx_word' id='word_1_686' title='bbox 1534 4964 1800 5017; x_wconf 90' lang='lat' dir='ltr'><strong>sermonis</strong></span> <span class='ocrx_word' id='word_1_687' title='bbox 1826 4964 2073 5033; x_wconf 81' lang='lat' dir='ltr'><strong>explica-</strong></span> 
     </span>
    </p>
   </div>
   <div class='ocr_carea' id='block_1_98' title="bbox 495 5042 1107 5100">
    <p class='ocr_par' dir='ltr' id='par_1_98' title="bbox 495 5042 1107 5100">
     <span class='ocr_line' id='line_1_98' title="bbox 495 5042 1107 5100; baseline 0.008 -5"><span class='ocrx_word' id='word_1_688' title='bbox 495 5042 636 5098; x_wconf 86' lang='lat' dir='ltr'><strong>verit</strong></span> <span class='ocrx_word' id='word_1_689' title='bbox 664 5052 754 5097; x_wconf 93' lang='lat' dir='ltr'>aut</span> <span class='ocrx_word' id='word_1_690' title='bbox 782 5045 1107 5100; x_wconf 91' lang='lat' dir='ltr'><strong>narraverit.</strong></span> 
     </span>
    </p>
   </div>
   <div class='ocr_carea' id='block_1_99' title="bbox 2180 4606 3771 4679">
    <p class='ocr_par' dir='ltr' id='par_1_99' title="bbox 2180 4606 3771 4679">
     <span class='ocr_line' id='line_1_99' title="bbox 2180 4606 3771 4679; baseline -0.002 -18"><span class='ocrx_word' id='word_1_691' title='bbox 2180 4608 2441 4662; x_wconf 77' lang='grc' dir='ltr'>ἐπιδοῦσα</span> <span class='ocrx_word' id='word_1_692' title='bbox 2476 4612 2752 4671; x_wconf 84' lang='grc' dir='ltr'>παντοίοις</span> <span class='ocrx_word' id='word_1_693' title='bbox 2789 4607 3223 4679; x_wconf 86' lang='grc' dir='ltr'>βασανιστηρίων</span> <span class='ocrx_word' id='word_1_694' title='bbox 3268 4608 3433 4660; x_wconf 79' lang='grc' dir='ltr'>εῖδεσι</span> <span class='ocrx_word' id='word_1_695' title='bbox 3469 4606 3566 4660; x_wconf 60' lang='grc' dir='ltr'>καὶ⁵</span> <span class='ocrx_word' id='word_1_696' title='bbox 3606 4622 3771 4676; x_wconf 79' lang='grc' dir='ltr'>στρε-</span> 
     </span>
    </p>
   </div>
   <div class='ocr_carea' id='block_1_100' title="bbox 2182 4696 3768 4771">
    <p class='ocr_par' dir='ltr' id='par_1_100' title="bbox 2182 4696 3768 4771">
     <span class='ocr_line' id='line_1_100' title="bbox 2182 4696 3768 4771; baseline -0.002 -19"><span class='ocrx_word' id='word_1_697' title='bbox 2182 4699 2438 4753; x_wconf 77' lang='grc' dir='ltr'>ϐλώσεσι.</span> <span class='ocrx_word' id='word_1_698' title='bbox 2494 4700 2689 4771; x_wconf 89' lang='grc' dir='ltr'>Χαῖρε,</span> <span class='ocrx_word' id='word_1_699' title='bbox 2724 4701 2759 4770; x_wconf 79' lang='grc' dir='ltr'><strong>ἡ</strong></span> <span class='ocrx_word' id='word_1_700' title='bbox 2810 4700 2868 4753; x_wconf 84' lang='grc' dir='ltr'>ὲν</span> <span class='ocrx_word' id='word_1_701' title='bbox 2908 4700 3074 4770; x_wconf 56' lang='grc' dir='ltr'>σαρκὶ⁵</span> <span class='ocrx_word' id='word_1_702' title='bbox 3102 4698 3453 4769; x_wconf 76' lang='grc' dir='ltr'>διατρίϐουσα</span> <span class='ocrx_word' id='word_1_703' title='bbox 3478 4736 3492 4761; x_wconf 91' lang='grc'>,</span> <span class='ocrx_word' id='word_1_704' title='bbox 3526 4696 3768 4768; x_wconf 86' lang='grc' dir='ltr'>Χριστοῦ</span> 
     </span>
    </p>
   </div>
   <div class='ocr_carea' id='block_1_101' title="bbox 2178 4788 3772 4862">
    <p class='ocr_par' dir='ltr' id='par_1_101' title="bbox 2178 4788 3772 4862">
     <span class='ocr_line' id='line_1_101' title="bbox 2178 4788 3772 4862; baseline -0.003 -18"><span class='ocrx_word' id='word_1_705' title='bbox 2178 4791 2278 4862; x_wconf 79' lang='grc' dir='ltr'>τὴν</span> <span class='ocrx_word' id='word_1_706' title='bbox 2309 4791 2468 4855; x_wconf 78' lang='grc' dir='ltr'>δόξαν</span> <span class='ocrx_word' id='word_1_707' title='bbox 2507 4791 2632 4844; x_wconf 78' lang='grc' dir='ltr'>ἰδεῖν</span> <span class='ocrx_word' id='word_1_708' title='bbox 2662 4790 2941 4862; x_wconf 72' lang='grc' dir='ltr'>ἠξιωμένη</span> <span class='ocrx_word' id='word_1_709' title='bbox 2967 4830 2982 4856; x_wconf 91' lang='grc'>,</span> <span class='ocrx_word' id='word_1_710' title='bbox 3031 4790 3108 4854; x_wconf 85' lang='grc' dir='ltr'>ὡς</span> <span class='ocrx_word' id='word_1_711' title='bbox 3155 4791 3213 4843; x_wconf 82' lang='grc' dir='ltr'>ὲν</span> <span class='ocrx_word' id='word_1_712' title='bbox 3245 4789 3324 4861; x_wconf 82' lang='grc' dir='ltr'>τῷ</span> <span class='ocrx_word' id='word_1_713' title='bbox 3357 4789 3474 4860; x_wconf 73' lang='grc' dir='ltr'>ὄρει</span> <span class='ocrx_word' id='word_1_714' title='bbox 3511 4788 3622 4841; x_wconf 88' lang='grc' dir='ltr'>τῶν</span> <span class='ocrx_word' id='word_1_715' title='bbox 3656 4806 3772 4859; x_wconf 89' lang='grc' dir='ltr'>μα-</span> 
     </span>
    </p>
   </div>
   <div class='ocr_carea' id='block_1_102' title="bbox 2179 4880 3773 4955">
    <p class='ocr_par' dir='ltr' id='par_1_102' title="bbox 2179 4880 3773 4955">
     <span class='ocr_line' id='line_1_102' title="bbox 2179 4880 3773 4955; baseline -0.003 -19"><span class='ocrx_word' id='word_1_716' title='bbox 2179 4881 2361 4951; x_wconf 86' lang='grc' dir='ltr'>θητῶν</span> <span class='ocrx_word' id='word_1_717' title='bbox 2394 4884 2445 4935; x_wconf 89' lang='grc' dir='ltr'>οί</span> <span class='ocrx_word' id='word_1_718' title='bbox 2488 4883 2793 4955; x_wconf 89' lang='grc' dir='ltr'>πρόκριτοι,</span> <span class='ocrx_word' id='word_1_719' title='bbox 2825 4883 2923 4936; x_wconf 82' lang='grc' dir='ltr'>σὺν</span> <span class='ocrx_word' id='word_1_720' title='bbox 2964 4883 3123 4954; x_wconf 74' lang='grc' dir='ltr'>Ἠλίᾳ</span> <span class='ocrx_word' id='word_1_721' title='bbox 3151 4883 3247 4935; x_wconf 69' lang='grc' dir='ltr'>καῖ⁸</span> <span class='ocrx_word' id='word_1_722' title='bbox 3288 4882 3465 4953; x_wconf 87' lang='grc' dir='ltr'>Μωσῇ</span> <span class='ocrx_word' id='word_1_723' title='bbox 3506 4880 3773 4949; x_wconf 80' lang='grc' dir='ltr'>τεθεαμέ-</span> 
     </span>
    </p>
   </div>
   <div class='ocr_carea' id='block_1_103' title="bbox 2182 4971 3773 5044">
    <p class='ocr_par' dir='ltr' id='par_1_103' title="bbox 2182 4971 3773 5044">
     <span class='ocr_line' id='line_1_103' title="bbox 2182 4971 3773 5044; baseline -0.001 -19"><span class='ocrx_word' id='word_1_724' title='bbox 2182 4988 2288 5038; x_wconf 89' lang='grc' dir='ltr'>νοι,</span> <span class='ocrx_word' id='word_1_725' title='bbox 2353 4973 2744 5044; x_wconf 86' lang='grc' dir='ltr'>προσηκόντως</span> <span class='ocrx_word' id='word_1_726' title='bbox 2801 4973 3271 5044; x_wconf 75' lang='grc' dir='ltr'>ἐμακαρίσθησαν.</span> <span class='ocrx_word' id='word_1_727' title='bbox 3313 4973 3522 5041; x_wconf 88' lang='grc' dir='ltr'>Χαῖρε,</span> <span class='ocrx_word' id='word_1_728' title='bbox 3575 4972 3606 5039; x_wconf 82' lang='grc' dir='ltr'>ὴ</span> <span class='ocrx_word' id='word_1_729' title='bbox 3659 4971 3773 5024; x_wconf 87' lang='grc' dir='ltr'>τῶν</span> 
     </span>
    </p>
   </div>
   <div class='ocr_carea' id='block_1_104' title="bbox 2190 5062 3769 5135">
    <p class='ocr_par' dir='ltr' id='par_1_104' title="bbox 2190 5062 3769 5135">
     <span class='ocr_line' id='line_1_104' title="bbox 2190 5062 3769 5135; baseline -0.001 -20"><span class='ocrx_word' id='word_1_730' title='bbox 2190 5062 2469 5133; x_wconf 87' lang='grc' dir='ltr'>μαστίγων</span> <span class='ocrx_word' id='word_1_731' title='bbox 2497 5064 2597 5127; x_wconf 79' lang='grc' dir='ltr'>τὰς</span> <span class='ocrx_word' id='word_1_732' title='bbox 2625 5065 2923 5135; x_wconf 80' lang='grc' dir='ltr'>ἀλγηδόνας</span> <span class='ocrx_word' id='word_1_733' title='bbox 2944 5104 2958 5128; x_wconf 90' lang='grc'>,</span> <span class='ocrx_word' id='word_1_734' title='bbox 3001 5066 3095 5117; x_wconf 75' lang='grc' dir='ltr'>καὶ</span> <span class='ocrx_word' id='word_1_735' title='bbox 3146 5065 3384 5135; x_wconf 83' lang='grc' dir='ltr'>σιδήρων</span> <span class='ocrx_word' id='word_1_736' title='bbox 3413 5062 3769 5126; x_wconf 77' lang='grc' dir='ltr'>καταξὲσεις,</span> 
     </span>
    </p>
   </div>
   <div class='ocr_carea' id='block_1_105' title="bbox 496 5135 3773 5228">
    <p class='ocr_par' dir='ltr' id='par_1_105' title="bbox 496 5135 3773 5228">
     <span class='ocr_line' id='line_1_105' title="bbox 496 5135 3773 5228; baseline 0.005 -41"><span class='ocrx_word' id='word_1_737' title='bbox 496 5135 592 5188; x_wconf 75' lang='grc' dir='ltr'>καὶ</span> <span class='ocrx_word' id='word_1_738' title='bbox 638 5137 998 5207; x_wconf 87' lang='grc' dir='ltr'>τραχυτάτων</span> <span class='ocrx_word' id='word_1_739' title='bbox 1053 5140 1311 5211; x_wconf 89' lang='grc' dir='ltr'>τριχίνων</span> <span class='ocrx_word' id='word_1_740' title='bbox 1367 5140 1705 5213; x_wconf 73' lang='grc' dir='ltr'>ὑφασμάτων</span> <span class='ocrx_word' id='word_1_741' title='bbox 1761 5149 2072 5219; x_wconf 66' lang='grc' dir='ltr'>ἐκτρίψεις,</span> <span class='ocrx_word' id='word_1_742' title='bbox 2114 5158 2209 5207; x_wconf 70' lang='grc' dir='ltr'>καὶ</span> <span class='ocrx_word' id='word_1_743' title='bbox 2240 5157 2490 5226; x_wconf 83' lang='grc' dir='ltr'>αἱμάτων</span> <span class='ocrx_word' id='word_1_744' title='bbox 2533 5158 2697 5228; x_wconf 73' lang='grc' dir='ltr'>ῥοὰς,</span> <span class='ocrx_word' id='word_1_745' title='bbox 2726 5158 2823 5210; x_wconf 74' lang='grc' dir='ltr'>καὶ</span> <span class='ocrx_word' id='word_1_746' title='bbox 2893 5158 3064 5227; x_wconf 75' lang='grc' dir='ltr'>πυρὸς</span> <span class='ocrx_word' id='word_1_747' title='bbox 3134 5156 3502 5226; x_wconf 83' lang='grc' dir='ltr'>φλογισμοὺς,</span> <span class='ocrx_word' id='word_1_748' title='bbox 3540 5156 3635 5207; x_wconf 73' lang='grc' dir='ltr'>καὶ</span> <span class='ocrx_word' id='word_1_749' title='bbox 3667 5170 3773 5223; x_wconf 89' lang='grc' dir='ltr'>με-</span> 
     </span>
    </p>
   </div>
   <div class='ocr_carea' id='block_1_106' title="bbox 496 5229 3778 5323">
    <p class='ocr_par' dir='ltr' id='par_1_106' title="bbox 496 5229 3778 5323">
     <span class='ocr_line' id='line_1_106' title="bbox 496 5229 3778 5323; baseline 0.006 -40"><span class='ocrx_word' id='word_1_750' title='bbox 496 5229 604 5283; x_wconf 79' lang='grc' dir='ltr'>λῶν</span> <span class='ocrx_word' id='word_1_751' title='bbox 623 5232 883 5304; x_wconf 81' lang='grc' dir='ltr'>ἐκτομὰς,</span> <span class='ocrx_word' id='word_1_752' title='bbox 907 5236 1003 5288; x_wconf 77' lang='grc' dir='ltr'>καὶ</span> <span class='ocrx_word' id='word_1_753' title='bbox 1027 5236 1241 5308; x_wconf 83' lang='grc' dir='ltr'>γυμνὴν</span> <span class='ocrx_word' id='word_1_754' title='bbox 1269 5238 1667 5309; x_wconf 78' lang='grc' dir='ltr'>ὲκπόμπευσιν,</span> <span class='ocrx_word' id='word_1_755' title='bbox 1702 5243 1798 5297; x_wconf 84' lang='grc' dir='ltr'>καὶ</span> <span class='ocrx_word' id='word_1_756' title='bbox 1829 5245 2069 5317; x_wconf 84' lang='grc' dir='ltr'>κεφαλῆς</span> <span class='ocrx_word' id='word_1_757' title='bbox 2108 5251 2201 5302; x_wconf 79' lang='grc' dir='ltr'>καὶ</span> <span class='ocrx_word' id='word_1_758' title='bbox 2232 5250 2379 5321; x_wconf 75' lang='grc' dir='ltr'>ζωῆς</span> <span class='ocrx_word' id='word_1_759' title='bbox 2444 5252 2733 5323; x_wconf 82' lang='grc' dir='ltr'>ὑφαίρεσιν</span> <span class='ocrx_word' id='word_1_760' title='bbox 2764 5251 2852 5307; x_wconf 75' lang='grc' dir='ltr'>διὰ</span> <span class='ocrx_word' id='word_1_761' title='bbox 2882 5252 3115 5323; x_wconf 77' lang='grc' dir='ltr'>Χριστὸν</span> <span class='ocrx_word' id='word_1_762' title='bbox 3184 5251 3559 5322; x_wconf 83' lang='grc' dir='ltr'>ὑπομείνασα,</span> <span class='ocrx_word' id='word_1_763' title='bbox 3589 5250 3677 5305; x_wconf 79' lang='grc' dir='ltr'>ἵνα</span> <span class='ocrx_word' id='word_1_764' title='bbox 3710 5251 3778 5303; x_wconf 72' lang='grc' dir='ltr'>τδ</span> 
     </span>
    </p>
   </div>
   <div class='ocr_carea' id='block_1_107' title="bbox 496 5325 3780 5416">
    <p class='ocr_par' dir='ltr' id='par_1_107' title="bbox 496 5325 3780 5416">
     <span class='ocr_line' id='line_1_107' title="bbox 496 5325 3780 5416; baseline 0.002 -25"><span class='ocrx_word' id='word_1_765' title='bbox 496 5325 657 5395; x_wconf 82' lang='grc' dir='ltr'>σῶμα</span> <span class='ocrx_word' id='word_1_766' title='bbox 690 5326 875 5381; x_wconf 58' lang='grc' dir='ltr'>λοιπὸν</span> <span class='ocrx_word' id='word_1_767' title='bbox 934 5328 1105 5400; x_wconf 76' lang='grc' dir='ltr'>λάϐῃς</span> <span class='ocrx_word' id='word_1_768' title='bbox 1136 5330 1425 5397; x_wconf 68' lang='grc' dir='ltr'>ἀθάνατον,</span> <span class='ocrx_word' id='word_1_769' title='bbox 1481 5333 1792 5405; x_wconf 78' lang='grc' dir='ltr'>ἀφθαρσίας</span> <span class='ocrx_word' id='word_1_770' title='bbox 1839 5342 2210 5412; x_wconf 78' lang='grc' dir='ltr'>μαρμαρυγὰς</span> <span class='ocrx_word' id='word_1_771' title='bbox 2297 5345 2715 5415; x_wconf 84' lang='grc' dir='ltr'>ἀπαστράπτον,</span> <span class='ocrx_word' id='word_1_772' title='bbox 2759 5345 2856 5399; x_wconf 76' lang='grc' dir='ltr'>καὶ</span> <span class='ocrx_word' id='word_1_773' title='bbox 2903 5345 3062 5416; x_wconf 81' lang='grc' dir='ltr'>δόξης</span> <span class='ocrx_word' id='word_1_774' title='bbox 3108 5345 3488 5416; x_wconf 72' lang='grc' dir='ltr'>ἠμφιεσμένον</span> <span class='ocrx_word' id='word_1_775' title='bbox 3573 5344 3780 5416; x_wconf 79' lang='grc' dir='ltr'>στολὴν</span> 
     </span>
    </p>
   </div>
   <div class='ocr_carea' id='block_1_108' title="bbox 497 5417 1321 5493">
    <p class='ocr_par' dir='ltr' id='par_1_108' title="bbox 497 5417 1321 5493">
     <span class='ocr_line' id='line_1_108' title="bbox 497 5417 1321 5493; baseline 0.013 -25"><span class='ocrx_word' id='word_1_776' title='bbox 497 5417 773 5485; x_wconf 77' lang='grc' dir='ltr'>ἄφραστον</span> <span class='ocrx_word' id='word_1_777' title='bbox 804 5420 897 5471; x_wconf 69' lang='grc' dir='ltr'>καὶ</span> <span class='ocrx_word' id='word_1_778' title='bbox 935 5420 1321 5493; x_wconf 83' lang='grc' dir='ltr'>ἀνεκλάλητον.</span> 
     </span>
    </p>
   </div>
   <div class='ocr_carea' id='block_1_109' title="bbox 563 5505 2062 5578">
    <p class='ocr_par' dir='ltr' id='par_1_109' title="bbox 563 5505 2062 5578">
     <span class='ocr_line' id='line_1_109' title="bbox 563 5505 2062 5578; baseline 0.015 -22"><span class='ocrx_word' id='word_1_779' title='bbox 563 5506 655 5559; x_wconf 75' lang='lat'><strong>20.</strong></span> <span class='ocrx_word' id='word_1_780' title='bbox 691 5505 767 5561; x_wconf 89' lang='lat' dir='ltr'><strong>Te</strong></span> <span class='ocrx_word' id='word_1_781' title='bbox 796 5508 919 5578; x_wconf 86' lang='lat' dir='ltr'><strong>jure</strong></span> <span class='ocrx_word' id='word_1_782' title='bbox 947 5512 1123 5565; x_wconf 90' lang='lat' dir='ltr'><strong>mirati</strong></span> <span class='ocrx_word' id='word_1_783' title='bbox 1176 5524 1301 5568; x_wconf 92' lang='lat' dir='ltr'><strong>sunt</strong></span> <span class='ocrx_word' id='word_1_784' title='bbox 1345 5516 1591 5572; x_wconf 81' lang='lat' dir='ltr'><strong>homines</strong></span> <span class='ocrx_word' id='word_1_785' title='bbox 1629 5519 1699 5573; x_wconf 89' lang='lat' dir='ltr'>ob</span> <span class='ocrx_word' id='word_1_786' title='bbox 1756 5530 1900 5576; x_wconf 91' lang='lat' dir='ltr'><strong>tuam</strong></span> <span class='ocrx_word' id='word_1_787' title='bbox 1934 5537 2062 5578; x_wconf 89' lang='lat' dir='ltr'><strong>con-</strong></span> 
     </span>
    </p>
   </div>
   <div class='ocr_carea' id='block_1_110' title="bbox 499 5597 2068 5685">
    <p class='ocr_par' dir='ltr' id='par_1_110' title="bbox 499 5597 2068 5685">
     <span class='ocr_line' id='line_1_110' title="bbox 499 5597 2068 5685; baseline 0.013 -36"><span class='ocrx_word' id='word_1_788' title='bbox 499 5597 751 5650; x_wconf 82' lang='lat' dir='ltr'><strong>stantiam</strong></span> <span class='ocrx_word' id='word_1_789' title='bbox 780 5616 794 5653; x_wconf 91' lang='lat'><strong>:</strong></span> <span class='ocrx_word' id='word_1_790' title='bbox 821 5602 994 5670; x_wconf 84' lang='lat' dir='ltr'><strong>angeli</strong></span> <span class='ocrx_word' id='word_1_791' title='bbox 1025 5613 1299 5661; x_wconf 86' lang='lat' dir='ltr'><strong>certamen</strong></span> <span class='ocrx_word' id='word_1_792' title='bbox 1333 5616 1507 5674; x_wconf 91' lang='lat' dir='ltr'><strong>tuum,</strong></span> <span class='ocrx_word' id='word_1_793' title='bbox 1538 5610 1614 5666; x_wconf 93' lang='lat' dir='ltr'><strong>uti</strong></span> <span class='ocrx_word' id='word_1_794' title='bbox 1638 5625 1735 5681; x_wconf 89' lang='lat' dir='ltr'>par</span> <span class='ocrx_word' id='word_1_795' title='bbox 1757 5622 1858 5679; x_wconf 86' lang='lat' dir='ltr'><strong>est,</strong></span> <span class='ocrx_word' id='word_1_796' title='bbox 1878 5614 2068 5685; x_wconf 86' lang='lat' dir='ltr'><strong>plausu</strong></span> 
     </span>
    </p>
   </div>
   <div class='ocr_carea' id='block_1_111' title="bbox 567 5770 1231 5847">
    <p class='ocr_par' dir='ltr' id='par_1_111' title="bbox 567 5770 1231 5847">
     <span class='ocr_line' id='line_1_111' title="bbox 567 5770 1231 5847; baseline 0.014 -25"><span class='ocrx_word' id='word_1_797' title='bbox 567 5772 613 5803; x_wconf 78' lang='grc' dir='ltr'>³ο</span> <span class='ocrx_word' id='word_1_798' title='bbox 649 5770 834 5825; x_wconf 65' lang='lat' dir='ltr'><strong>Matth.</strong></span> <span class='ocrx_word' id='word_1_799' title='bbox 862 5788 990 5841; x_wconf 81' lang='lat' dir='ltr'><strong>xvn,</strong></span> <span class='ocrx_word' id='word_1_800' title='bbox 1023 5776 1045 5831; x_wconf 76' lang='lat' dir='ltr'>l</span> <span class='ocrx_word' id='word_1_801' title='bbox 1081 5791 1231 5847; x_wconf 86' lang='lat' dir='ltr'><strong>seqq.</strong></span> 
     </span>
    </p>
   </div>
   <div class='ocr_carea' id='block_1_112' title="bbox 2238 5522 3779 5600">
    <p class='ocr_par' dir='ltr' id='par_1_112' title="bbox 2238 5522 3779 5600">
     <span class='ocr_line' id='line_1_112' title="bbox 2238 5522 3779 5600; baseline 0.005 -25"><span class='ocrx_word' id='word_1_802' title='bbox 2238 5522 2306 5577; x_wconf 85' lang='grc' dir='ltr'>κ’.</span> <span class='ocrx_word' id='word_1_803' title='bbox 2340 5524 2406 5577; x_wconf 72' lang='grc' dir='ltr'><strong>Σὲ</strong></span> <span class='ocrx_word' id='word_1_804' title='bbox 2454 5524 2679 5589; x_wconf 82' lang='grc' dir='ltr'>δικαίως</span> <span class='ocrx_word' id='word_1_805' title='bbox 2718 5527 2817 5596; x_wconf 79' lang='grc' dir='ltr'>τῆς</span> <span class='ocrx_word' id='word_1_806' title='bbox 2846 5524 3145 5596; x_wconf 82' lang='grc' dir='ltr'>καρτερίας</span> <span class='ocrx_word' id='word_1_807' title='bbox 3189 5523 3511 5596; x_wconf 82' lang='grc' dir='ltr'>ἐθαύμασαν</span> <span class='ocrx_word' id='word_1_808' title='bbox 3554 5526 3779 5600; x_wconf 82' lang='grc' dir='ltr'>ἀνθρω-</span> 
     </span>
    </p>
   </div>
   <div class='ocr_carea' id='block_1_113' title="bbox 2182 5614 3781 5690">
    <p class='ocr_par' dir='ltr' id='par_1_113' title="bbox 2182 5614 3781 5690">
     <span class='ocr_line' id='line_1_113' title="bbox 2182 5614 3781 5690; baseline 0.006 -23"><span class='ocrx_word' id='word_1_809' title='bbox 2182 5631 2293 5679; x_wconf 88' lang='grc' dir='ltr'>ποι,</span> <span class='ocrx_word' id='word_1_810' title='bbox 2328 5614 2551 5681; x_wconf 80' lang='grc' dir='ltr'>ἄγγελοι</span> <span class='ocrx_word' id='word_1_811' title='bbox 2596 5615 2652 5669; x_wconf 78' lang='grc' dir='ltr'>δὲ</span> <span class='ocrx_word' id='word_1_812' title='bbox 2685 5617 2909 5681; x_wconf 82' lang='grc' dir='ltr'>εἰκότως</span> <span class='ocrx_word' id='word_1_813' title='bbox 2959 5617 3057 5687; x_wconf 76' lang='grc' dir='ltr'>τὴν</span> <span class='ocrx_word' id='word_1_814' title='bbox 3098 5615 3325 5688; x_wconf 74' lang='grc' dir='ltr'>ἄθλησιν</span> <span class='ocrx_word' id='word_1_815' title='bbox 3372 5617 3678 5690; x_wconf 82' lang='grc' dir='ltr'>ὲκρότησάν</span> <span class='ocrx_word' id='word_1_816' title='bbox 3710 5638 3781 5676; x_wconf 84' lang='grc' dir='ltr'>τε</span> 
     </span>
    </p>
   </div>
  </div>
