3968 6348
280 411 388 472 809

1278 419 1662 481 LAUDATIO
1699 423 1759 483 S.
1801 420 2174 482 BARBAR/E
2212 417 2445 479 MART.

3441 411 3542 473 810

274 522 370 577 καὶ
404 520 676 593 ὕμνησαν,
712 524 761 576 oi
802 523 856 576 δὲ
885 524 1139 596 δαίμονες
1167 569 1179 587 ,
1213 529 1312 598 τὴν
1347 531 1445 598 σὴν
1483 530 1754 600 ὑμνῳδίαν
1798 548 1855 583 τε

1980 538 2015 585 ει
2045 527 2263 600 hymnis
2292 524 2650 581 celebrarunt
2679 540 2693 577 :
2727 523 2998 579 daemones
3041 531 3131 578 tua
3162 523 3383 579 laudum
3412 542 3543 582 ean-

276 613 374 667 καὶ
406 611 662 665 ἔνστασιν
713 612 978 684 ἐφριξαν,
1032 618 1125 669 καὶ
1173 617 1455 688 αἰσχύνην,
1512 619 1604 671 καὶ
1656 617 1859 682 ὄνειδος

276 703 496 759 αἰώνιον
524 704 893 774 ἠμφιάσαντο.
935 706 1025 770 Ὠς
1059 710 1120 761 τὸ
1148 708 1380 779 θηλυκὸν
1411 710 1504 762 καὶ
1550 712 1859 778 γυναικεῖον

274 796 442 864 φὺλον
482 795 979 863 ἐγκαλλωπίζεται,
1028 799 1123 853 καὶ
1168 798 1532 871 σεμνύνεται,
1581 800 1676 854 ml.
1723 800 1858 873 πρὸς

274 888 563 959 εὐανδρίαν
597 890 711 951 τοῖς
744 891 857 952 σοῖς
894 890 1077 953 ἄθλοις
1122 892 1562 962 Θαρσοποιεῖται,
1621 893 1717 946 καὶ
1756 892 1856 944 ἒπ-

274 979 595 1047 αλείφεταιί
637 981 727 1033 Ἐν
756 980 840 1033 σοὶ
884 982 1211 1053 προσφόρως
1255 984 1287 1053 ἡ
1324 985 1625 1054 προμήτωρ
1657 985 1859 1051 ἐγκαυ-

275 1073 463 1141 χᾶται,
503 1073 598 1125 καὶ
624 1072 885 1143 γέγηθεν,
916 1075 992 1134 ὡς
1026 1072 1319 1145 θυγάτριον
1347 1074 1670 1144 κτησαμένη
1696 1115 1711 1137 ,
1770 1074 1860 1127 τὸν

276 1162 498 1234 ἐκείνην
535 1152 1037 1218 καταπαλαίσανειια¹
1055 1165 1353 1218 ἀντίπαλον
1383 1155 1655 1236 δράκοντα
1704 1162 1863 1231 αὖθις

275 1252 683 1311 ἁναπαλαῖσαν.
711 1252 807 1307 καὶ
839 1254 1173 1325 ἁνατρέψαν,
1215 1255 1309 1307 καὶ
1348 1253 1447 1326 τὴν
1471 1255 1630 1325 νίκην
1658 1257 1864 1310 ἀνακα-

204 1400 205 1403 η
273 1342 600 1413 λεσάμενον,
651 1345 745 1397 καὶ
783 1345 1015 1415 λαμπρὰ
1059 1346 1181 1400 κατ’
1210 1345 1376 1400 αὑτοῦ
1412 1347 1689 1418 ἀράμενον
1734 1348 1863 1418 τρό-

277 1447 438 1486 παια.
456 1433 521 1485 Σὲ
547 1435 579 1503 ή
602 1433 712 1485 τῶν
766 1434 936 1501 ἁγίων
968 1435 1097 1502 ἁγία
1121 1435 1383 1500 Θεοτόκος
1405 1436 1500 1489 καὶ
1536 1438 1863 1508 προμὴτωρ,

278 1523 550 1594 παρθένος
580 1527 677 1577 καὶ
701 1524 1024 1597 Θοομήτωρ,
1056 1526 1089 1597 ή
1121 1527 1182 1579 τὸ
1202 1526 1337 1597 θῆλυ
1370 1528 1642 1598 μὲνγένος
1671 1528 1863 1600 πρώτη

276 1615 377 1668 καὶ
404 1614 539 1686 μόνη
565 1614 837 1679 δοξάσασα
858 1658 872 1681 ,
903 1618 1123 1672 πάντων
1145 1618 1202 1671 δὲ
1228 1619 1477 1691 ἀρρένων
1506 1619 1598 1673 καὶ
1628 1619 1865 1689 Οηλύων,

274 1707 548 1775 οὐρανίων
576 1724 635 1759 τε
669 1708 763 1760 καὶ
807 1709 1071 1777 ἐπιγείων
1102 1710 1414 1764 ἁνάσσουσα
1439 1752 1453 1776 ,
1500 1711 1575 1774 ὡς
1607 1710 1699 1763 τοῦ
1731 1712 1868 1764 πάνο

275 1814 390 1851 των
422 1797 777 1873 δεσπόζοντος
808 1800 993 1871 μήτηρ
1026 1799 1421 1871 χρηματίσασα
1440 1841 1455 1866 ,
1481 1802 1540 1853 ἐν
1569 1800 1867 1871 γυναικείῳ

279 1887 379 1940 καὶ
412 1872 681 1959 μειρακίῳ
714 1890 951 1960 σαρκίῳ,
985 1891 1078 1944 τὸν
1118 1893 1200 1956 είς
1224 1894 1292 1946 τὰ
1321 1894 1539 1965 ἄμετρα
1576 1894 1867 1965 καυχώμε-
1897 1872 1939 1927 Β

276 1996 392 2041 νον,
422 1981 516 2034 καὶ
543 1980 643 2052 τὴν
673 1980 949 2035 θάλασσαν
978 1983 1306 2054 ἐξαλείφειν,
1342 1988 1435 2040 καὶ
1464 1990 1563 2057 τὴν
1608 1986 1867 2057 οἰκουμέ-

276 2093 383 2145 νην
415 2073 490 2137 ὡς
523 2074 706 2129 νοσιάν
738 2076 1196 2148 περιδράττεσθαι
1235 2080 1659 2152 φρυαττόμενον,
1701 2094 1871 2134 κατα-

276 2164 809 2231 ϐαλοῦσανίδοῦσα,
842 2172 937 2219 καὶ
984 2164 1330 2240 κατακρατος
1376 2173 1865 2240 καταπατήσασαν.

278 2255 397 2307 Καὶ
426 2257 546 2318 ταῖς
597 2257 819 2323 ἀρεταῖς
865 2255 1198 2327 τερφθεῖσα,
1229 2259 1460 2324 ὠλέναις
1494 2261 1867 2333 προλαϐοῦσα,

277 2346 514 2416 πλησίον
545 2348 765 2401 ἐκάθισε
812 2350 905 2403 καὶ
933 2350 1282 2422 καθίδρυσεν,
1331 2353 1426 2405 καὶ
1466 2350 1563 2423 τῆς
1607 2353 1870 2406 ἀνωτάτω

274 2438 454 2507 τιμῆς
483 2439 577 2491 καὶ
608 2439 923 2511 παρρησίας
971 2442 1303 2511 μετέδωκεν,
1334 2444 1428 2496 καὶ
1478 2444 1555 2514 τῷ
1602 2442 1870 2514 βασιλικῷ

278 2527 461 2599 θρόνῳ
488 2529 803 2598 ἐνεφάνισεν
840 2533 936 2585 καὶ
965 2533 1335 2604 παρέστησεν.

357 2715 464 2762 κα’.
499 2710 678 2775 Ἅπας
718 2707 813 2765 οὖν
856 2713 949 2765 ἐπὶ
981 2711 1062 2765 σοὶ
1084 2712 1238 2782 λόγος
1262 2712 1703 2784 ὲγκωμιαστικδς
1741 2732 1873 2767 κατα

279 2802 754 2874 ιυγλωττισμένος
789 2805 883 2857 καὶ
908 2790 1163 2877 περιττὸς
1221 2806 1426 2877 ίλιγγιᾷ
1446 2848 1460 2870 ,
1490 2807 1586 2860 καὶ
1617 2805 1871 2871 δεδοικὼς

280 2891 605 2961 προσιέναι,
661 2893 1029 2948 συστέλλεται.
1110 2894 1332 2965 ’Υμνεῖν
1392 2896 1501 2967 γὰρ
1575 2896 1872 2968 προσφυῶς

278 2983 560 3053 ἀδρανὴς,
612 2984 959 3056 πανὺμνητε,
1016 2987 1109 3040 καὶ
1163 2985 1474 3055 ἀξιέπαινε,
1522 2987 1588 3041 ἂν
1638 2990 1721 3060 εἴη
1766 2990 1873 3041 τῶν

281 3076 635 3145 ἀξιαγάστων
673 3094 769 3129 σου
806 3077 1017 3150 ἀρετῶν
1049 3076 1119 3130 τὰ
1148 3077 1406 3147 ὑπερφυῆ
1457 3081 1869 3149 προτερήματα.

280 3168 467 3237 Τέχνη
498 3168 596 3238 μὲν
617 3167 727 3238 γὰρ
758 3168 1054 3239 ῥητορικῆς
1085 3168 1419 3235 εὐγλωττίας
1439 3212 1453 3232 ,
1478 3168 1545 3220 δι’
1572 3168 1873 3240 εὐστρόφου

284 3257 554 3330 ῥημάτων
594 3258 870 3329 σννοὴκης
889 3298 903 3323 ,
937 3258 1033 3310 καὶ
1064 3256 1523 3328 κεκομψευμένης
1554 3258 1647 3310 καί¹
1674 3275 1875 3328 τροχα-

281 3352 390 3421 λῆς
432 3353 817 3423 πειθανότητος
866 3351 1062 3416 κάλλος
1108 3353 1422 3423 σωματικὸν
1465 3354 1730 3414 ἐπαινεῖν,
1781 3354 1878 3407 καὶ

286 3440 565 3512 σαρκικὴν
622 3440 968 3511 ὡραιότητα,
1021 3441 1145 3511 ἥτις
1186 3442 1251 3494 ἐκ
1306 3440 1487 3511 μελῶν
1537 3438 1879 3513 συμμετρίας

289 3533 414 3600 μετ’
444 3532 697 3602 εὐχροίας
731 3532 1078 3603 συνέστησεν.
1122 3532 1265 3605 Πρὸς
1303 3533 1360 3586 δὲ
1400 3533 1493 3585 καὶ
1526 3532 1715 3603 ῥώμην
1747 3533 1878 3586 πολ-

284 3622 476 3687 λάκις,
524 3623 824 3677 εὐπάθειάν
870 3640 930 3677 τε
974 3625 1071 3677 καὶ
1110 3623 1311 3695 Θνητῆς
1345 3624 1628 3693 εὐγενείας
1680 3624 1878 3695 σεμνό-

286 3732 459 3786 τητα,
490 3716 791 3786 περιφανές
820 3733 911 3782 τε,
944 3718 992 3769 εί
1031 3717 1183 3785 τύχοι
1211 3758 1225 3782 ,
1266 3715 1515 3791 ἀξίωμα,
1566 3717 1659 3769 καὶ
1688 3714 1751 3769 τὸ
1783 3717 1879 3786 τῆς

286 3807 557 3878 πατρίδος
593 3809 887 3877 ἐπίσημον,
930 3809 1021 3862 καὶ
1062 3806 1298 3861 πλούτου
1332 3806 1617 3877 δαψιλείαν
1650 3804 1880 3878 ῥέουσαν

283 3915 352 3950 τε
382 3899 477 3951 καὶ
510 3898 942 3963 όλισθαίνουσαν,
996 3900 1091 3953 καὶ
1124 3899 1370 3971 εὐχερῶς
1409 3900 1878 3970 μεταπίπτουσαν.

286 3989 475 4061 Ἀπερ
525 3990 639 4059 ἅμα
704 3992 1191 4061 συνδεδραμηκότα
1237 3992 1316 4062 τῷ
1359 3991 1505 4059 λόγῳ
1559 3988 1881 4043 ὑποκεῖσθαι

287 4081 432 4152 πρὶς
475 4082 777 4152 εὐφημίαν,
818 4083 1180 4153 δυσπόριστόν
1222 4099 1281 4134 τε
1314 4082 1410 4135 καὶ⁸
1450 4080 1880 4152 ἐργωδέστατονο

284 4174 429 4241 πλὴν
465 4171 687 4227 ἅπαντα
716 4175 817 4227 ὅσα
841 4176 961 4228 κατ’
986 4172 1128 4239 εἶδος
1152 4174 1181 4227 ό
1212 4174 1368 4244 λόγος
1398 4173 1755 4235 διεστείλατο,
1789 4171 1884 4223 καὶ

284 4265 608 4331 κατέλεξεν,
646 4266 720 4330 ὡς
752 4267 912 4330 ἄνθος
945 4268 1138 4337 χόρτου
1175 4266 1576 4337 μαραινόμενον
1604 4262 1701 4317 καὶ
1734 4260 1886 4332 φθει-

289 4360 549 4429 ρόμενον,
585 4360 680 4411 καὶ
713 4358 788 4423 ὡς
820 4358 1075 4429 χρηστῶν
1109 4358 1336 4429 ὀνείρων
1376 4356 1629 4429 ἀπατηλὴ
1659 4355 1753 4409 καὶ
1780 4372 1885 4423 φα-

287 4449 591 4519 σματώδης
624 4447 768 4517 ὄψις,
800 4446 917 4516 ἅμα
957 4448 1259 4517 φαινομένη
1294 4448 1388 4500 καὶ
1418 4445 1883 4515 παρατρέχουσαη,

1964 621 2071 674 tica
2122 629 2178 674 et
2230 615 2597 671 resistentiam
2652 616 3104 680 exhorruerunt,
3158 630 3222 669 ae
3278 618 3539 685 pudorem

1962 712 2333 787 probrumque
2382 709 2778 778 sempiternum
2829 707 3147 764 induerunt.
3178 709 3350 775 Quam
3381 711 3541 763 deco-

1963 816 2115 859 ratur
2144 811 2195 856 et
2226 799 2549 856 honestatur
2588 799 2856 854 femineus
2916 814 2981 855 ac
3038 799 3320 861 muliebris
3353 815 3539 866 serus,

1964 895 2178 962 tuisque
2209 890 2602 946 certaminibus
2648 890 2716 943 ad
2774 890 2985 945 virilem
3038 888 3412 946 fortitudinem
3443 908 3542 945 au-

1967 983 2132 1038 daces
2163 981 2377 1035 animos
2431 979 2685 1044 assumit,
2734 988 2791 1034 et
2840 980 3115 1034 animatur
3147 982 3162 1035 ε
3197 979 3250 1033 In
3291 990 3339 1036 te
3369 984 3542 1050 prima

1968 1072 2182 1143 generis
2208 1085 2404 1139 parens
2466 1084 2705 1140 congrue
2758 1068 3023 1138 gloriatur
3084 1083 3148 1123 ac
3178 1070 3364 1139 gestit.
3424 1086 3544 1124 cum

1967 1164 2134 1219 filiam
2167 1161 2359 1230 adepta
2382 1161 2477 1224 sit,
2509 1174 2632 1232 qua:
2690 1157 3090 1224 adversarium,
3126 1173 3154 1212 a
3194 1174 3301 1228 quo
3333 1159 3421 1211 illa
3457 1162 3549 1213 de-

1966 1256 2111 1311 victa
2175 1261 2539 1326 snperataque
2594 1260 2736 1315 erat,
2783 1250 2927 1305 luela
2982 1266 3199 1306 rursum
3233 1252 3449 1318 vicerit,
3496 1261 3548 1303 ct

1967 1346 2250 1410 everterit,
2330 1330 2741 1411 instanrataqne
2797 1342 3049 1404 victoria,
3108 1342 3255 1396 clara
3311 1342 3377 1398 de
3432 1344 3549 1410 ipso

1968 1448 2168 1508 tropaea
2194 1437 2395 1492 tulerit.
2430 1431 2505 1492 Te
2544 1444 2732 1490 sancta
2759 1443 3071 1489 sanctorum
3103 1433 3354 1503 Deipara,
3375 1436 3547 1505 prima

1970 1526 2135 1598 Virgo
2168 1543 2387 1600 parens,
2417 1536 2472 1582 et
2500 1528 2591 1581 Dei
2627 1536 2826 1589 mater,
2855 1541 2976 1595 qua:
3008 1526 3328 1581 muliebrem
3359 1542 3547 1581 sexum

1970 1623 2143 1691 prima
2205 1621 2429 1687 solaque
2476 1618 2820 1679 clarilicavit,
2862 1626 3294 1686 cunctorumqne
3331 1632 3549 1672 mascu—

1973 1711 2145 1764 lorum
2199 1724 2263 1763 ac
2326 1706 2676 1772 feminarum,
2747 1705 3054 1759 caelestium
3089 1721 3153 1759 ac
3205 1705 3549 1761 terrestrium

1972 1801 2177 1872 Regina
2205 1809 2311 1864 est,
2346 1808 2604 1870 tanquam
2654 1795 2770 1864 ejus
2821 1805 2995 1849 mater
3046 1796 3139 1864 qui
3174 1798 3429 1851 omnibus
3455 1797 3554 1850 do-

1973 1895 2241 1960 minatur;
2277 1894 2331 1946 in
2364 1889 2615 1946 muliebri
2646 1898 2702 1944 et
2742 1888 2974 1960 puellari
3026 1886 3374 1956 corpusculo,
3427 1901 3552 1942 eum

1971 2002 2001 2040 a
2036 1995 2090 2041 te
2118 2000 2367 2041 eversum
2406 1999 2470 2039 ac
2503 1990 2754 2052 potenter
2800 1981 3178 2050 proculcalum
3210 1980 3421 2045 videns,
3458 1980 3553 2049 qui

1973 2076 2025 2132 in
2051 2078 2373 2131 immensum
2427 2073 2787 2144 gloriabatur.
2839 2075 3007 2144 908
3048 2072 3413 2143 superbiaque
3453 2086 3550 2130 sua

1970 2167 2210 2239 iactabat
2237 2164 2373 2233 fore,
2407 2176 2466 2221 nt
2492 2175 2547 2221 et
2597 2180 2748 2220 mare
2779 2166 3073 2227 desolaret,
3128 2174 3182 2218 et
3218 2166 3406 2220 orbem
3432 2164 3554 2217 uni-

1972 2275 2192 2314 versum
2246 2254 2416 2315 veluti
2483 2256 2671 2311 nidum
2728 2254 3216 2324 comprehenderet
3262 2272 3274 2308 :
3329 2263 3555 2323 tumque

1975 2352 2111 2406 adeo
2130 2352 2390 2404 virtutum
2424 2358 2643 2403 tuarum
2675 2345 2798 2400 luce
2823 2343 3114 2409 delectata,
3152 2344 3294 2399 ulnis
3330 2353 3381 2397 te
3404 2358 3553 2397 com-

1974 2444 2216 2513 plectens
2273 2442 2375 2496 sibi
2435 2439 2739 2510 proximam
2803 2434 3134 2503 collocavit,
3192 2449 3555 2506 supremoque

1976 2532 2181 2589 honore
2221 2542 2275 2587 et
2306 2529 2491 2586 favore
2518 2531 2797 2594 donatam,
2825 2528 2973 2599 regio
3022 2527 3221 2582 throno
3253 2540 3553 2597 repmsen-

1976 2625 2109 2679 tavit
2140 2635 2196 2680 et
2228 2625 2493 2679 exhibuit.

2041 2717 2131 2770 2f.
2161 2714 2215 2770 in
2250 2726 2299 2771 te
2331 2710 2634 2769 laudaturia
2667 2714 2845 2771 omnis
2873 2711 3049 2769 oratio
3080 2710 3308 2777 diserta,
3338 2716 3555 2774 ornata,

1976 2821 2025 2865 et
2069 2808 2290 2864 affluens
2325 2809 2511 2874 Intret,
2545 2816 2709 2877 atque
2763 2806 3025 2862 accedere
3058 2811 3307 2860 metuens
3335 2814 3555 2870 compe-

1976 2906 2164 2968 scitur,
2195 2920 2291 2960 cen
2318 2919 2439 2973 quae
2469 2905 2541 2959 sit
2580 2902 2928 2964 imbecillior,
2959 2915 3120 2969 quant
3152 2907 3209 2953 ut
3240 2896 3541 2965 stupenda-

1983 3012 2101 3050 rum
2139 2997 2397 3049 virtutum
2436 3005 2648 3048 tuarum
2704 2993 2935 3048 eximias
2986 2989 3379 3060 prrecellentias
3418 3003 3556 3042 con-

1977 3082 2277 3145 venienter,
2309 3099 2340 3136 ο
2367 3081 2790 3137 celebratissima
2833 3093 2896 3132 ac
2932 3076 3323 3138 laudatissima,
3359 3086 3558 3129 canore

1904 3207 1947 3263 ο
1979 3173 2225 3227 sufficiat.
2259 3170 2525 3226 Oratoriaa
2553 3168 2771 3240 quidem
2830 3167 3099 3221 facundiae
3160 3180 3275 3228 ars,
3317 3162 3554 3218 versatili

1981 3268 2267 3321 verborum
2296 3265 2707 3334 compositione,
2741 3273 3061 3330 comptaqne
3087 3269 3140 3315 et
3170 3259 3397 3314 rotunda
3428 3271 3559 3328 pro-

1980 3361 2173 3414 habilis
2202 3359 2471 3413 sermonis
2487 3357 2812 3420 elocutione,
2832 3354 3078 3424 corporis
3099 3350 3555 3420 pulchritudinem

1979 3463 2032 3506 et
2058 3452 2241 3504 carnis
2294 3458 2658 3512 venustatem,
2712 3454 2858 3501 certa
2924 3443 3288 3498 membrorum
3331 3454 3557 3510 propor-

1981 3546 2127 3597 tione
2187 3560 2308 3598 cnm
2371 3542 2573 3597 coloris
2620 3536 2891 3593 suavitate
2950 3543 3315 3599 constantem,
3349 3533 3554 3587 laudat.

1982 3634 2119 3701 Quin
2146 3638 2308 3689 etiam
2350 3647 2451 3686 non
2475 3648 2600 3687 raro
2628 3630 2817 3699 robur,
2842 3631 3147 3697 bonamque
3174 3624 3559 3683 valetudinem.

1968 3743 2046 3789 .ac
2103 3726 2346 3780 mortalis
2404 3721 2755 3794 ingenuitatis
2823 3720 3163 3788 maiestatem
3218 3735 3234 3785 ;
3294 3716 3559 3770 illustrem

1982 3817 2145 3870 etiam
2182 3812 2508 3884 quandoque
2537 3813 2859 3883 dignitatem
2892 3826 2956 3864 ac
2986 3806 3175 3878 patria:
3207 3802 3512 3861 claritatem
3544 3818 3561 3865 ;

1982 3906 2228 3973 capiosas
2254 3920 2385 3974 opes
2414 3919 2533 3972 qua:
2590 3902 2764 3956 fluunt
2826 3913 2891 3953 ac
2946 3898 3274 3959 dilabuntur,
3312 3892 3563 3961 facilique

1985 3994 2199 4061 negotio
2230 3993 2540 4048 concidunt.
2573 3992 2702 4057 Quae
2748 4000 2805 4044 ut
2836 3987 2997 4043 simul
3041 3986 3368 4041 laudationis
3402 3998 3565 4052 argu-

1986 4099 2171 4143 mento
2207 4093 2557 4153 concurrant,
2585 4081 2799 4139 difficile
2825 4094 3224 4151 operosnmque
3262 4088 3365 4133 est.
3398 4078 3572 4132 Carte~
3646 4062 3658 4075 ’

1986 4199 2128 4249 rum,
2169 4196 2509 4252 qumcunqne
2565 4180 2746 4234 omnia
2807 4179 2922 4233 haec
2961 4173 3567 4248 singulatimdistinxit

1988 4288 2052 4327 ac
2087 4272 2403 4344 percensuit
2433 4269 2631 4334 oratio,
2680 4279 2939 4336 tanquam
3001 4266 3109 4321 feni
3157 4264 3257 4319 flos
3284 4274 3432 4328 sunt,
3472 4265 3563 4333 qui

1990 4367 2277 4422 marcescit
2308 4375 2362 4419 et
2392 4362 2603 4431 interit,
2630 4374 2723 4418 aut
2778 4363 2926 4418 velut
2983 4360 3321 4430 egregiorum
3360 4359 3566 4412 insom-

1990 4465 2205 4517 niorum
2244 4459 2474 4514 mendax
2507 4468 2562 4512 et
2588 4467 2802 4528 spectro
2861 4456 3055 4510 ludens
3106 4464 3452 4521 conspectus,
3477 4452 3569 4522 qui

286 4541 491 4593 θᾶττον
519 4541 616 4592 καὶ
655 4543 712 4592 ὲν
745 4540 939 4611 βραχεῖ
981 4539 1092 4593 ἔσθ’
1123 4541 1211 4592 ὅτε
1250 4540 1345 4593 καὶ
1384 4539 1462 4609 τῷ
1494 4535 1671 4609 χρόνῳ
1713 4554 1875 4590 κατα-

1990 4568 2114 4607 mox
2152 4559 2209 4607 ut
2234 4550 2506 4623 apparuit,
2543 4549 2753 4618 diffugit
2785 4566 2798 4602 :
2851 4547 2977 4616 quia
3026 4546 3190 4599 citins
3221 4559 3286 4599 ac
3330 4543 3570 4599 breviori

284 4632 535 4702 λυόμενά
569 4648 628 4685 τε
657 4633 750 4684 καὶ
774 4631 1163 4702 ἀλλοιούμενα,
1201 4627 1570 4700 συγκαταλὺει
1605 4627 1883 4700 καταλλήο

286 4723 399 4788 λως
439 4723 540 4778 καὶ
569 4722 879 4788 ἀκολούθως
908 4724 1019 4777 τῶν
1052 4724 1346 4795 ἐγκωμίων
1370 4722 1467 4793 τὴν
1498 4721 1885 4791 ἐκπεπονημέ-

288 4835 392 4887 νην
443 4817 717 4888 ἁρμονίαν
770 4819 863 4871 καὶ
906 4816 1234 4887 σύμπλεξιν.
1279 4817 1366 4869 Σοὶ
1415 4816 1514 4879 δὲ,
1551 4809 1595 4868 ὦ
1644 4812 1885 4885 παρθένε

290 4913 473 4985 σεμνὴ
505 4915 605 4967 καὶ
641 4912 896 4986 σώφρων,
923 4916 1018 4967 καί
1054 4917 1266 4986 μάρτυς
1296 4911 1665 4984 τροπαιοφόρε
1694 4930 1753 4964 τε
1792 4912 1888 4964 καὶ

288 5009 580 5078 ἀήττητε,
639 5008 860 5080 εὑρήσει
928 5006 1027 5079 μὲν
1081 5007 1111 5060 ὀ
1162 5006 1320 5075 λόγος
1374 5003 1734 5077 εὐπορώτατα
1792 5004 1888 5057 καὶ

289 5100 512 5171 ἀκμητὶ
551 5099 723 5169 ἄρδην
767 5098 1192 5169 σεσωρευμένα,
1230 5099 1324 5152 καὶ
1372 5080 1847 5169 συμπεφορημένα
1870 5135 1885 5161 ,

288 5192 328 5247 ἃ
357 5192 457 5245 νῦν
496 5193 939 5263 κατωνόμασται,
978 5192 1071 5245 καί
1111 5190 1452 5260 Θαυμάζουσι
1474 5230 1488 5252 ,
1519 5189 1613 5243 καὶ
1648 5188 1886 5259 μακαρί-

293 5285 490 5349 ζουσιν
519 5284 831 5355 ἄνθρωποι,
865 5285 961 5337 καὶ
996 5283 1258 5355 ἁξιόδηλα
1298 5283 1560 5336 τίθενται’
1590 5281 1650 5334 οὐ
1698 5280 1804 5353 μὴν
1830 5280 1890 5333 δὲ

294 5374 656 5442 ἀπολλύμενα
709 5376 803 5427 καὶ
834 5374 1105 5445 λυόμενα,
1157 5373 1252 5429 καὶ
1298 5375 1425 5437 τοὺς
1462 5374 1717 5435 ἐπαίνους
1764 5372 1889 5442 εἰκῆ

293 5470 505 5539 χωρεῖν
550 5469 632 5529 εἰς
659 5468 797 5537 ἀέρα
832 5466 1346 5537 παρασκευάζοντα.
1404 5465 1469 5518 Ἦ
1500 5467 1610 5535 γὰρ
1641 5465 1745 5534 τῇς
1789 5459 1891 5533 σῆς

297 5558 565 5619 Θειώδους
593 5556 775 5626 ψυχῆς
820 5557 1013 5626 ἁρετὴ,
1041 5557 1135 5609 καὶ
1169 5557 1201 5627 ἡ
1248 5555 1386 5626 πρὸς
1420 5553 1512 5606 τὸν
1544 5551 1783 5623 Κτίστην
1811 5552 1892 5603 oi-

296 5646 570 5711 κείωσις,
623 5646 953 5714 συνέσφιγξέ
1004 5664 1087 5698 σοι
1134 5647 1226 5699 καὶ
1269 5632 1644 5716 συνετήρησε,
1692 5642 1787 5695 καὶ⁹
1822 5642 1892 5695 τὰ

299 5738 583 5808 προσόντα
610 5739 751 5790 καλὲ
787 5738 879 5789 καὶ
908 5737 1180 5808 ὲγκόσμια
1203 5778 1217 5800 ,
1247 5738 1343 5791 καὶ
1376 5738 1442 5807 τῇ
1482 5736 1671 5807 μνήμῃ
1702 5733 1892 5787 ἀνεπί-

300 5830 505 5900 ληστα,
539 5831 636 5883 καὶ
665 5829 744 5899 τῷ
776 5830 938 5883 παντὶ
966 5831 1122 5883 αἰῶνι
1156 5816 1552 5900 συνδολιχεὺειν
1595 5828 1885 5897 πεποίηκε·

665 5934 933 5994 Ριιτιιοι.
981 5933 1096 5994 Gn.
1146 5934 1365 5997 XCVI.

1989 4643 2279 4715 aliquando
2306 4659 2453 4699 mora
2500 4650 2853 4713 pessumennt
2909 4648 2965 4693 et
3001 4645 3304 4700 mutantur,
3355 4651 3572 4703 unaque

1990 4740 2126 4794 adeo
2157 4753 2339 4793 secum
2412 4742 2775 4791 consentanee
2822 4742 2877 4785 et
2932 4731 3176 4800 apposite
3232 4728 3570 4784 elaboratum

1992 4828 2364 4884 laudationum
2399 4833 2723 4882 concentum
2754 4831 2807 4877 et
2841 4821 3271 4892 complexionem
3297 4827 3567 4875 evertunt.

1990 4916 2048 4973 In
2084 4929 2133 4973 te
2163 4926 2341 4971 autem
2366 4955 2381 4977 ,
2412 4932 2445 4971 ο
2480 4917 2632 4985 virgo
2666 4923 2815 4968 casta
2876 4921 2932 4968 et
2966 4914 3223 4982 prudens,
3252 4919 3569 4978 martyrque

1994 5018 2197 5078 tropzeo
2231 5007 2430 5077 inclyta
2466 5016 2521 5061 et
2581 5005 2803 5071 invicta,
2866 5014 3060 5060 cuncta
3120 5006 3235 5058 baac
3297 5000 3570 5067 facillime,

1993 5097 2248 5171 nulloque
2301 5100 2511 5164 labore,
2557 5107 2811 5166 congesta
2869 5105 2924 5151 et
2969 5094 3391 5161 conglomerata,
3449 5105 3575 5159 qua!

1995 5207 2136 5245 nunc
2168 5189 2435 5245 recensita
2480 5199 2632 5252 sunt,
2685 5187 3039 5252 hominesque
3090 5179 3379 5244 mirantur,
3414 5179 3573 5240 beata

1987 5280 2263 5351 jactitant,
2321 5278 2592 5352 dignaque
2646 5278 2765 5332 luce
2822 5282 3079 5336 censent,
3140 5272 3304 5326 verba
3360 5269 3573 5324 facturo

1994 5383 2319 5440 occurrent;
2356 5388 2455 5428 nec
2486 5382 2664 5425 tamen
2686 5367 2972 5437 ejusmodi,
3012 5375 3069 5418 ut
3103 5372 3329 5434 pereant
3367 5378 3431 5417 ac
3460 5361 3575 5417 dis-

1995 5466 2294 5532 solvantur,
2335 5465 2646 5533 frustraque
2670 5450 2856 5515 laudes
2876 5461 2928 5514 in
2958 5473 3139 5515 aerem
3160 5457 3315 5513 abire
3346 5457 3572 5515 faciant.

1998 5552 2171 5611 Divini
2200 5558 2341 5610 enim
2378 5554 2543 5609 animi
2597 5552 2674 5607 tui
2705 5553 2895 5617 virtus,
2927 5560 2983 5604 et
3033 5562 3153 5603 cum
3187 5546 3446 5601 Creatore
3476 5561 3575 5599 ne-

1996 5645 2288 5708 cessitudo,
2316 5646 2454 5700 bona
2485 5644 2681 5716 quibus
2696 5652 2887 5698 ornata
2908 5656 2988 5703 es,
3015 5641 3241 5710 ipsaque
3277 5638 3573 5701 mundana,

1997 5734 2090 5787 tibi
2125 5734 2377 5787 astrinxit
2429 5744 2483 5788 et
2526 5731 2891 5795 conservavit,
2924 5730 3235 5801 effecitque,
3262 5738 3324 5783 ut
3347 5742 3445 5783 nec
3477 5740 3571 5780 eo-

1996 5840 2115 5880 rum
2174 5823 2434 5879 memoria
2497 5824 2790 5888 deleretur,
2850 5831 3014 5894 atqne
3064 5822 3118 5876 in
3177 5834 3340 5874 omne
3396 5828 3567 5874 :evum

3205 5924 3285 5986 26
