3968 6348
396 5452 401 5461 ¹
503 5396 617 5449 ego,
647 5381 740 5436 sed
773 5382 1126 5453 gloriﬁcantes
1154 5400 1235 5438 me
1257 5380 1563 5454 gloriﬁcabo
1591 5378 1659 5433 ⁸³.
1690 5375 2074 5443 Quamobrem,

505 406 605 466 811
1149 477 1157 483 ,
1520 384 1525 389 ”
1621 409 1677 469 s.
1717 412 2033 473 JOANNIS
2072 416 2497 480 DAMASCENI
3652 422 3779 484 διε

492 524 699 598 pariter
730 528 1121 577 excurrerent:
1149 520 1391 590 quiuimo
1426 522 1581 595 longe
1616 524 1779 580 etiam
1812 528 2068 598 ntttltipli-

2180 534 2372 603 μᾶλλον
2401 535 2456 588 δὲ
2484 537 2577 588 καὶ
2598 536 3038 607 ὑπερεπλασίασε
3074 539 3164 592 καὶ
3191 537 3593 612 ύπερηύξησεν·
3656 544 3789 599 Τοῦ

494 616 637 671 cavit
685 623 739 669 et
791 612 1106 684 aggeravit:
1162 610 1361 667 Fidelis
1422 614 1621 684 quippe
1673 632 1782 670 esse
1812 621 2065 672 minutum

2180 625 2276 695 γάρ
2323 626 2563 691 πιστοῦ,
2606 627 2747 692 ὅλος
2797 630 2829 681 ὁ
2867 631 3096 697 κόσμος
3124 630 3244 683 τῶν
3275 610 3620 701 χρημάτων,
3659 634 3786 689 τοῦ

494 714 661 761 totum
695 703 1019 770 divitiarum,
1047 702 1278 773 inﬁdelis
1332 720 1473 772 vero,
1523 721 1586 759 ne
1616 722 1777 759 unum
1827 708 2059 776 obolum,

2180 717 2235 770 δὲ
2262 719 2545 781 ἀπίστου,
2579 718 2720 772 οὐδὲ
2745 716 2831 785 εἷς
2858 721 3071 787 ὀϐολὸς
3091 760 3106 784 ,
3139 721 3201 774 τὸ
3228 724 3500 793 γραφικὸν
3541 726 3782 796 ἀπεφή-

494 790 787 859 Scriptura:
814 791 1186 860 pronuntiavit
1206 793 1483 849 oraculum
1505 793 1572 847 ⁸¹.
1597 792 1729 849 Nam
1759 799 2064 866 prmscutia,

2180 828 2298 864 νατο
2320 811 2519 880 λόγιον.
2550 811 2633 864 Τά
2656 812 2930 865 ἐνεστῶτα
2952 813 3084 885 γὰρ,
3120 815 3214 868 καὶ
3239 790 3308 868 τά
3337 790 3626 886 μέλλοντα,

491 892 546 938 et
576 882 775 948 futura,
805 890 862 938 et
892 891 1110 950 cuncta,
1146 898 1375 954 quorum
1408 894 1528 940 tuus
1555 901 1785 958 sponsus
1809 888 2067 945 Dominus

491 984 595 1043 est,
626 976 681 1030 in
716 975 859 1031 dotis
885 983 1094 1047 partem
1138 977 1392 1034 muniﬁce
1416 977 1513 1033 tibi
1546 993 1806 1036 concessa
1848 993 1971 1036 sunt
2006 992 2059 1037 ct

491 1069 710 1125 donata.

556 1163 652 1218 τε.
687 1164 820 1219 Cum
850 1163 1011 1233 igitur
1044 1165 1307 1219 adversus
1330 1164 1594 1219 humanas
1624 1164 1811 1219 laudes
1833 1164 2065 1234 palmam

491 1255 746 1326 utrinque
779 1254 1003 1320 referas,
1055 1263 1167 1309 tum
1199 1255 1410 1311 scilicet
1435 1254 1715 1311 saecularis
1744 1256 1867 1310 vitae
1903 1256 2065 1311 clari-

494 1356 623 1412 tate,
658 1358 768 1402 tum
802 1347 1000 1417 insigni
1024 1347 1190 1401 animi
1224 1347 1409 1402 dolum
1430 1348 1737 1419 Splendore,
1768 1364 1887 1408 uitae
1910 1349 2066 1402 ambo

2171 903 2388 959 πάντων
2423 897 2496 958 ὧν
2525 907 2552 957 ὁ
2583 904 2674 968 σὸς
2711 903 2965 969 δεσπόζει
2999 906 3231 976 νυμφίος
3252 945 3266 969 9

2170 995 2491 1065 κεχάρισται
2522 996 2613 1048 καὶ
2639 994 2964 1066 δεδώρηται.

3311 908 3394 959 σοὶ
3422 908 3502 971 είς
3535 913 3718 979 προῖκ
3731 928 3770 964 α

2239 1174 2339 1244 κβν.
2360 1174 2509 1227 Ἐπεὶ
2527 1173 2581 1227 δὲ
2604 1174 2778 1228 τοίνυν
2794 1174 3180 1246 ἀμφοτέρωθεν
3198 1174 3339 1229 κατά
3359 1173 3469 1228 τῶν
3481 1175 3775 1245 ἀνθρωπε-

2169 1283 2271 1318 νων
2288 1263 2523 1317 ἐπαίνων
2537 1263 2604 1317 τά
2619 1265 2909 1336 νικητήρια
2921 1263 3208 1335 κέκτησαι,
3221 1268 3286 1335 τῇ
3304 1283 3363 1318 τε
3378 1264 3472 1319 τοῦ
3491 1268 3772 1337 κοσμικοῦ

2171 1356 2285 1427 βίου
2302 1356 2579 1427 φανότητι,
2594 1358 2687 1409 καὶ
2701 1358 2766 1427 τῇ
2788 1356 2895 1409 τῶν
2920 1356 3061 1411 κατά
3078 1356 3254 1427 ψυχὴν
3270 1357 3774 1428 πλεονεκτημάτων

2169 1445 2545 1518 λαμπρότητι,
2576 1446 2976 1517 ἆπερᾶμφωτῇ
3000 1445 3097 1499 τοῦ
3131 1446 3429 1516 μαρτυρίου
3449 1447 3783 1516 κατήστρα-

2168 1537 2275 1606 φας
2324 1536 2417 1590 καὶ
2470 1534 2838 1605 κατηγλάῖσας
2890 1535 3249 1608 στερρότητι,
3294 1534 3451 1589 ἄπιθι
3493 1536 3771 1605 χαίρουσα

2170 1627 2305 1698 πρὸς
2325 1626 2605 1699 οὐρανίους
2647 1626 2981 1696 ὑμνοπόλους
3020 1628 3254 1698 σκηνὰς,
3292 1626 3673 1697 καταλείψασα
3705 1631 3771 1680 ἐγ

496 1714 587 1783 qui
618 1713 820 1769 carnali
854 1728 919 1768 ex
961 1728 1057 1767 ore
1099 1712 1368 1782 prodeunt
1398 1712 1660 1781 politioris
1689 1712 1823 1765 artis
1859 1727 2069 1767 sermo-

2180 1719 2433 1790 σαρκίνης
2485 1717 2924 1789 προφερομένους
2955 1717 3200 1786 γλώττης
3239 1719 3773 1787 ὲκτετορνευμένους

495 1804 675 1867 nibus,
709 1803 908 1870 quique
938 1816 995 1855 se
1052 1801 1226 1855 victos
1281 1801 1483 1855 diserta
1538 1808 1671 1855 voce
1720 1799 2065 1856 conﬁtentur.

2180 1808 2363 1876 λόγους
2386 1845 2401 1871 ,
2451 1807 2546 1862 καὶ
2569 1806 2667 1878 τὴν
2700 1802 2869 1878 ἧτταν
2908 1809 3060 1876 φωνῇ
3114 1805 3645 1876 καθομολογοῦντας.
3709 1809 3773 1861 El

497 1894 632 1950 Cum
667 1869 1103 1964 enimpratclare
1133 1905 1405 1964 gestorum
1466 1892 1634 1962 gloria
1676 1901 1730 1947 et
1754 1893 2069 1962 approbatio

2180 1869 2280 1970 γὰρ
2316 1869 2453 1968 ὑπὲρ
2486 1869 2771 1970 ἄνθρωπον
2821 1869 2931 1952 τῶν
2984 1869 3415 1972 ἀριστευμάτων
3461 1899 3497 1967 ἡ
3546 1899 3763 1951 εὐδοκεο

497 2002 656 2057 supra
683 1988 956 2042 hominem
985 1987 1231 2048 exsistat,
1262 1986 1533 2055 quomodo
1582 2000 1819 2054 congrua
1854 1989 2069 2039 edrum-

2180 2007 2358 2060 μησις,
2399 1989 2516 2053 πῶς
2542 1990 2640 2060 οὐχ
2684 1990 2824 2060 ὑπὲρ
2863 1989 3071 2045 ἔννοιαν
3122 1988 3476 2063 ἀνθρωπίνην
3525 1990 3553 2043 ὀ
3588 1991 3773 2059 πρόσ-

497 2079 619 2134 dem
645 2077 884 2133 laudatio
924 2079 1489 2131 humanam-mentem
1536 2092 1640 2130 non
1673 2075 1936 2131 excedat?
1965 2074 2066 2130 Abi

2180 2099 2333 2153 φορος
2386 2080 2639 2147 ἔπαινοςς
2685 2080 2878 2135 Ἄπιθι
2945 2082 3173 2146 τοίνυν,
3227 2079 3405 2152 σεμνὴ
3451 2080 3771 2149 καλλιπαρ-

496 2185 650 2240 ergo,
675 2182 849 2235 casm,
880 2169 1225 2232 venerabilis,
1257 2178 1311 2225 et
1334 2170 1589 2239 praeclara
1611 2170 1783 2238 virgo,
1817 2179 1872 2223 ut
1907 2184 2068 2240 supc-

2180 2174 2319 2237 9ένε,
2353 2172 2461 2226 τῶν
2487 2174 2878 2245 ύπερκοσμίων
2904 2174 3084 2244 γερῶν
3109 2171 3484 2227 ἀπολαύουσα.
3516 2172 3726 2227 Ἄπιθι
3756 2213 3773 2236 ,

501 2262 733 2318 rioribus
788 2261 993 2316 mundo
1048 2262 1287 2332 pratmiis
1338 2261 1589 2333 potiaris.
1651 2260 1776 2323 Abi,
1814 2262 1904 2315 ubi
1939 2263 2069 2317 silet

2180 2264 2297 2318 ἔνθα
2343 2265 2498 2334 λόγος
2532 2268 2699 2337 σιγᾷ,
2729 2264 2835 2320 τῶν
2861 2265 3002 2335 ὑπὲρ
3037 2264 3196 2332 λόγον
3250 2263 3351 2335 τὴν
3378 2263 3539 2330 δόξαν
3585 2263 3770 2329 διεξο-

496 2355 694 2421 oratio,
721 2366 909 2410 eorum
937 2368 1058 2424 quae
1085 2354 1348 2409 orationis
1380 2355 1487 2410 vim
1518 2354 1811 2418 excedunt,
1841 2353 2068 2424 gloriam

2180 2356 2334 2420 5ικῶς
2385 2359 2558 2411 εἰπεῖν
2602 2359 2662 2411 ού
2712 2357 3031 2428 δυνάμενος.
3075 2355 3265 2410 ’Ἄπιθι
3312 2357 3423 2410 τῶν
3477 2356 3624 2426 ὕπὲρ
3655 2357 3758 2408 ὲν-

495 2446 662 2519 909
684 2446 882 2504 dill'use
906 2447 1085 2517 eloqui
1129 2461 1236 2503 non
1274 2446 1482 2503 valens.
1534 2446 1660 2513 Abi,
1702 2447 1945 2501 sinceras
1977 2447 2069 2501 bo-

2180 2448 2407 2518 θύμησιν
2452 2448 2673 2517 ἀγαθῶν
2726 2450 2921 2520 ἡδονῆς
2972 2448 3071 2516 τῆς
3127 2447 3370 2519 ἀκράτου
3422 2446 3763 2518 μεθέξουσα,

498 2554 690 2594 norum
723 2553 843 2607 qua:
872 2537 1255 2607 cogitationem
1299 2544 1579 2606 superant,
1640 2534 1859 2591 delicias
1886 2549 2069 2603 perce-

2180 2539 2297 2592 ἔνθα
2341 2539 2527 2608 νόησις
2559 2539 2747 2593 ἅπασα
2790 2541 2854 2592 ὲκ
2897 2537 3007 2592 τῶν
3062 2536 3307 2608 μερικῶν
3346 2537 3765 2607 φαντασμάτων

498 2640 679 2700 ptura,
708 2628 797 2684 ubi
819 2627 1118 2684 intellectio
1142 2627 1321 2683 omnis
1368 2642 1433 2682 ex
1489 2625 1912 2698 particularibus
1941 2625 2069 2679 visis

2180 2630 2267 2701 τὴν
2314 2630 2520 2699 γνῶσιν
2574 2630 2905 2701 ἀθροίζουσα
2936 2631 3097 2703 ἀργεῖ
3128 2628 3223 2683 καὶ¹
3258 2628 3516 2699 σχολάζει
3547 2628 3761 2691 ἁπλῶς,

499 2720 860 2793 cognitionem
884 2719 1163 2791 colligens,
1191 2720 1394 2776 otiatur
1423 2728 1476 2774 et
1503 2726 1660 2773 vacat
1683 2718 1885 2773 intenta
1913 2725 2069 2772 aeter-

2180 2719 2265 2775 ιοῧ
2293 2722 2384 2776 νοῦ
2410 2722 2646 2785 αἰωνίως
2671 2724 2783 2785 τοῖς
2816 2721 3119 2792 ύπερφυέσι
3144 2721 3241 2775 καὶ
3267 2723 3481 2789 νοητοῖς
3525 2720 3772 2774 ἐπιϐάλ-

497 2827 628 2869 num
662 2820 841 2869 mente
871 2812 925 2866 in
956 2812 1156 2867 eximia
1200 2810 1286 2866 illa
1320 2825 1480 2881 supra
1513 2818 1764 2865 naturam
1790 2817 1844 2865 et
1867 2808 2069 2866 intelli-

2180 2811 2593 2876 lovro;."Am0t,
2630 2811 2758 2864 ἔνθα
2802 2812 2910 2864 τῶν
2950 2810 3227 2880 αἰσθητῶν
3258 2811 3352 2865 καὶ
3380 2810 3693 2880 αἰσθήσεων
3730 2813 3767 2880 ή

496 2903 698 2977 gibilia.
729 2903 852 2971 Abi,
904 2904 1207 2961 ubi-rerum
1267 2902 1647 2970 sensibilium,
1704 2915 2069 2972 sensuumque

2180 2898 2493 2972 πολυσχιδὴς
2527 2900 2862 2970 ἀπάτη,’καὶ
2891 2900 3168 2973 περιφορά
3214 2902 3492 2955 πέπαυται
3544 2919 3607 2955 τε
3659 2902 3759 2957 καὶ

496 2997 738 3068 ipsorum
785 2994 1053 3051 multiﬁda
1083 2994 1330 3064 deceplio
1383 3002 1439 3048 et
1486 2992 1696 3064 vertigo
1725 2992 1905 3057 desiit,
1938 2994 2068 3048 abo-

2180 2993 2536 3063 κατήργηται.
2560 2991 2829 3046 Ἀπόλαϐἐ
2859 3010 2955 3046 σου
2984 2992 3053 3045 τὰ
3082 2993 3343 3065 νικητικά
3369 2993 3627 3065 βραδεῖα,
3659 2997 3762 3048 καὶ

502 3089 707 3161 litaque
735 3097 837 3144 est.
896 3087 1100 3157 Recipe
1122 3086 1376 3142 victrices
1428 3085 1637 3153 palmas
1693 3095 1813 3139 tuas
1846 3092 1899 3137 et
1934 3098 2069 3154 prae-

2180 3081 2550 3154 ὺπέρλαμπρα
2584 3082 2721 3152 γέρα
2756 3085 2851 3136 καὶ
2884 3082 3402 3137 ἔπαθλα.Ἀπόλα6έ
3428 3099 3521 3137 σου
3556 3083 3668 3136 τῶν
3710 3085 3770 3137 ὲν

497 3182 784 3251 magniﬁca
818 3180 1059 3250 prtemia.
1092 3178 1294 3248 Recipe
1313 3187 1401 3231 tua
1430 3175 1651 3246 przemia
1683 3182 1737 3229 et
1758 3181 2065 3238 stemmata,

2180 3176 2282 3238 τοῖς
2311 3174 2630 3245 σκάμμασιν
2666 3175 2905 3246 ἱδρώτων
2929 3176 3025 3228 καὶ
3056 3175 3235 3228 πόνων
3268 3176 3369 3245 τὴν
3398 3174 3758 3247 καθήκουσαν

496 3290 616 3345 qua:
640 3275 769 3338 illis,
802 3273 892 3344 qui
921 3273 1123 3328 Christi
1166 3285 1329 3327 causa
1360 3266 1759 3325 decertavcriut
1788 3281 1851 3322 ac
1883 3265 2069 3321 decer-

2180 3264 2496 3318 ἀνάπαυλαν
2519 3266 2612 3317 καὶ
2637 3265 2919 3334 ἀνάψυξιν.
2939 3264 3202 3319 Ἀπόλαόέ
3232 3282 3327 3318 σου
3358 3266 3428 3320 τὰ
3470 3267 3759 3337 ἔποφειλέ-

499 3376 639 3431 tant,
670 3365 1020 3434 oppignerata
1051 3370 1196 3418 sunt.
1234 3360 1537 3417 Laetissima
1580 3357 1775 3427 Sponsi
1807 3356 1989 3428 specie
2017 3365 2069 3411 et

2180 3372 2314 3424 μενα
2356 3356 2468 3419 τοῖς
2510 3354 2598 3407 διὰ
2637 3355 2870 3424 Χριστὸν
2898 3354 3165 3425 ἀθλήσασι
3199 3356 3291 3411 καὶ
3315 3355 3571 3411 ἀθλοῦσιν
3598 3373 3761 3425 νικη-

499 3466 785 3513 venumate
814 3455 1014 3522 fruere,
1040 3466 1158 3524 qua!
1187 3468 1288 3510 nec
1324 3453 1504 3508 verbis
1527 3450 1731 3518 ellerri,
1770 3464 1871 3506 nec
1891 3459 2069 3505 mente

2180 3446 2317 3517 φόρα
2354 3446 2664 3516 στέμματα,
2689 3447 2785 3499 καὶ
2809 3446 3127 3519 μαρτυρικά
3153 3446 3755 3519 διαδήματα.Ἀπόλαυε

494 3548 714 3619 concipi
744 3555 943 3618 potest.
974 3545 1178 3601 Fruere
1213 3558 1412 3599 arcana
1443 3552 1497 3598 et
1528 3542 1753 3614 mystica
1794 3543 1848 3596 in
1878 3555 2069 3610 super-

2180 3539 2273 3608 τῆς
2335 3537 2429 3590 τοῦ
2480 3537 2737 3607 Νυμφίου
2802 3538 3186 3609 ἀνεκφράστου
3257 3540 3355 3595 καὶ
3430 3540 3760 3610 ἀνεννοήτου

502 3640 715 3697 εωιεειὶ
769 3637 1006 3694 thalamo
1068 3636 1510 3693 confabulatione
1545 3644 1599 3689 et
1660 3634 2069 3699 consuetudine,

2180 3625 2407 3695 ἀγλαΐας
2436 3625 2530 3679 καὶ
2570 3626 2920 3696 ὡραιότητος.
2942 3629 3206 3683 Ἀπόλαυε
3234 3630 3335 3700 τῆς
3365 3631 3421 3684 ὲν
3462 3629 3542 3700 τῷ
3585 3630 3764 3700 ὑπερ-

500 3748 609 3804 qua
639 3731 799 3804 plane
832 3730 967 3785 nihil
1021 3727 1232 3785 felicius
1279 3727 1603 3797 beatiusque
1633 3734 1737 3784 est.
1776 3723 1919 3779 Nihil
1952 3725 2068 3791 tibi,

2180 3717 2408 3789 ουρανίῳ
2442 3716 2691 3804 νυμφῶνι
2736 3717 3051 3789 ἀπορρήτου
3100 3720 3194 3773 καὶ
3246 3720 3516 3791 μυστικῆς
3540 3720 3766 3791 ὁμιλίας

499 3802 697 3893 sponsa
729 3821 951 3887 Christi,
1002 3836 1065 3876 ex
1117 3817 1391 3891 praeclaris
1432 3817 1763 3874 facinoribus
1800 3816 2069 3887 virginum

2180 3809 2270 3863 καὶ
2298 3806 2617 3877 συναφείας,
2646 3802 2713 3875 ἧς
2747 3806 2915 3867 ὅντως
2955 3806 3108 3858 οὐδὲν
3154 3806 3481 3878 ὁλΰιὼτερον
3513 3807 3608 3860 καὶ
3655 3826 3765 3878 μα-

500 3914 777 3986 lampades
811 3913 1160 3985 gestantium,
1198 3914 1264 3968 ad
1298 3911 1644 3984 splendorem
1701 3912 2069 3977 desideratur;

2180 3900 2515 3973 καριώτερον
2557 3899 2818 3967 πέφυκεν.
2848 3897 3017 3954 Ούδέν
3050 3916 3131 3952 σοι
3162 3899 3272 3952 τῶν
3311 3900 3576 3969 ὑπερλίαν
3607 3900 3764 3953 εὐδο-

499 4016 561 4062 ut
592 4022 711 4078 quae
739 4005 1016 4061 Christum
1051 4018 1309 4076 sponsum
1338 4018 1500 4073 supra
1553 4003 1769 4057 modum
1801 4000 2069 4066 dilexeris,

2180 3992 2491 4064 κιμηκότων
2554 3988 3100 4061 ἀνδραγαθημάτων,
3153 3988 3261 4041 τῶν
3306 3988 3767 4061 λαμπαδηφόρων

500 4074 751 4171 illiusque
784 4099 987 4155 amoris
1016 4074 1284 4153 illecebris
1312 4106 1467 4166 capta
1503 4096 1613 4150 sis:
1639 4102 1857 4164 propter
1887 4107 2069 4161 quem,

2180 4082 2487 4155 παρθένων,
2519 4075 2776 4152 ῶνύμφη
2814 4077 3073 4151 Χριστοῦ,
3104 4075 3239 4147 πρὸς
3270 4074 3526 4129 εὔκλειαν
3559 4077 3767 4130 ἀπολέ-

500 4201 607 4245 non
631 4167 804 4247 solum
843 4188 1021 4244 omnia
1073 4189 1335 4243 arbitrata
1392 4202 1453 4242 es
1491 4187 1563 4240 uti
1604 4195 1843 4240 stercora
1878 4183 1946 4249 ⁸¹,
1979 4182 2069 4238 sed

2180 4176 2418 4242 λειπται,
2450 4174 2523 4238 ὡς
2555 4173 2836 4243 ὑπεράγαν
2868 4171 2961 4224 τὸν
2992 4169 3225 4240 νυμφίον
3270 4167 3505 4239 Χριστὸν
3538 4168 3764 4239 ἀγαπή-

501 4291 556 4335 et
591 4280 823 4350 propria:
852 4280 975 4332 vita:
1006 4286 1060 4333 et
1086 4279 1279 4331 animm
1308 4276 1481 4346 ipsum
1509 4276 1663 4345 cujus
1692 4274 1959 4330 desiderio
1984 4288 2069 4355 at;-

2180 4283 2338 4329 σασα,
2374 4265 2467 4318 καὶ
2493 4262 2685 4315 τούτου
2716 4260 3149 4330 καταθελχθεῖσα
3176 4258 3361 4329 ἔρωτι.
3387 4256 3465 4309 Δι’
3489 4250 3552 4311 οὗ
3578 4258 3642 4311 οὐ
3669 4256 3764 4327 μό.

502 4348 704 4432 ἀειιιιε,
729 4366 1044 4420 antetulisti.
1079 4364 1249 4432 Quam
1298 4364 1534 4435 legitime
1556 4364 1844 4419 admodum
1874 4348 2069 4420 bonum

2180 4379 2266 4417 νον
2312 4359 2526 4414 ἅπαντα
2574 4355 2844 4424 λελόγισαι
2881 4351 3145 4418 σκύϐαλα,
3178 4350 3317 4405 ἀλλὰ
3359 4349 3453 4404 καὶ
3484 4348 3583 4421 τῆς
3621 4350 3763 4413 ἰδίας

503 4468 775 4514 certamen
807 4458 1056 4523 certasti,
1102 4466 1263 4527 atque
1310 4457 1587 4513 immotam
1625 4456 1782 4513 ﬁdem
1839 4456 2069 4512 mutabi-

2180 4444 2322 4521 ζωῆς
2368 4449 2461 4503 καὶ
2508 4447 2685 4518 ψυχῆς
2729 4445 2818 4499 τὸν
2854 4441 3189 4508 ποθούμενον
3222 4439 3763 4511 προτετίμηξιας.ἀς

503 4548 643 4604 libus
690 4547 1120 4618 periculosisque
1176 4550 1508 4621 temporibus
1555 4550 1786 4605 servasti
1826 4549 1841 4604 l
1900 4548 2069 4616 Quam

2180 4541 2298 4596 λίαν
2342 4540 2584 4610 ἐννόμως
2630 4538 2719 4590 τὸν
2770 4536 2935 4591 καλὸν
2966 4535 3151 4603 ἀγῶνα
3183 4534 3476 4604 ἠγώνισαι,
3515 4532 3611 4584 καὶ
3660 4532 3762 4601 τὴν

502 4638 658 4694 valde
693 4638 974 4707 inoffense,
1013 4655 1075 4696 ac
1104 4642 1222 4697 sine
1253 4641 1555 4709 obstaculo,
1608 4642 1822 4712 pietatis
1850 4655 2066 4697 cursum

2180 4635 2360 4686 πίστιν
2397 4632 2708 4702 τετήρηκας
2742 4629 3031 4699 ἄτρεπτον,
3061 4628 3119 4679 ὲν
3162 4628 3377 4695 καιροῖς
3415 4626 3666 4691 τρεπτοῖς
3698 4640 3759 4675 τε

503 4733 920 4789 consummasti!
961 4731 1131 4799 Quam
1188 4734 1410 4789 multum
1441 4733 1658 4798 acerba,
1711 4734 1972 4801 duraque,
2007 4746 2069 4787 ac

2180 4725 2268 4780 καὶ
2294 4722 2673 4778 κινδυνώδεσιί
2717 4721 2802 4783 Ὠς
2836 4720 2959 4774 λίαν
2988 4718 3393 4790 ἀπροσκόπτως
3442 4716 3537 4769 καὶ
3583 4714 3759 4783 ἀνεμ-

502 4841 663 4896 supra
693 4824 1002 4879 mortalium
1037 4823 1346 4881 facultatem
1387 4824 1586 4881 inﬂicta
1646 4825 1739 4880 tibi
1770 4825 1838 4879 ob
1862 4823 2069 4879 Christi

2180 4816 2443 4878 ποδίστως
2486 4813 2577 4867 τὸν
2624 4813 2821 4885 δρόμον
2846 4812 2945 4880 τῆς
2977 4810 3262 4874 εὐσεϐείας
3288 4807 3615 4869 τετέλεκαςὶ
3670 4806 3763 4868 Ὠς

430 4898 433 4905 ⁴
502 4918 848 4974 dilectionem
896 4925 1164 4972 tormenta
1218 4926 1329 4971 toto
1381 4921 1583 4984 animo,
1610 4932 1929 4988 summaque
1957 4915 2069 4970 ala-

2180 4908 2294 4963 λίαν
2325 4907 2551 4976 ἀλγεινά
2599 4907 2694 4960 καὶ
2733 4904 2989 4976 ὀδυνηρά,
3027 4903 3121 4956 καὶ
3168 4900 3308 4971 ὑπὲρ
3352 4899 3580 4968 δύναμιν
3629 4895 3761 4967 βρο-

501 5013 694 5071 critate
725 5008 1066 5067 sustinuisti!
1100 5003 1461 5076 Quamobrem
1499 5009 1723 5076 insutis:
1755 5009 1848 5063 tibi
1872 5021 2069 5064 corona

2180 5000 2327 5055 τείαν
2358 4999 2595 5069 ὑπέστης
2628 4998 2697 5050 τά
2722 4994 3084 5066 ἐπενεχθέντα
3111 5010 3192 5046 σοι
3225 4991 3312 5045 διά
3359 4992 3456 5060 τὴν
3500 4992 3579 5053 εἰς
3619 4990 3760 5059 Χρι-

503 5106 740 5175 reposita
774 5112 878 5171 est,
924 5117 1086 5173 quam
1122 5117 1243 5156 cum
1291 5100 1451 5170 digne
1484 5102 1847 5162 contexueris,
1878 5100 1930 5153 in
1963 5113 2069 5152 coe-

2184 5095 2308 5148 στὺν
2331 5094 2552 5162 ἀγάπην
2587 5090 2983 5163 βασανιστήρια
3009 5086 3287 5157 ὁλοψύχως
3336 5085 3430 5137 καὶ
3479 5082 3760 5153 προθυμό-

2180 5204 2339 5240 τατα.
2366 5184 2656 5253 Τοιγάρτοι
2685 5181 2779 5235 καὶ
2803 5182 2831 5234 ὁ
2856 5181 2952 5248 τῆς
2980 5179 3328 5248 δικαιοσύνης
3361 5194 3443 5228 σοι
3468 5174 3760 5228 ἀπόκειται

2182 5279 2462 5347 στέφανος,
2500 5276 2668 5344 ὅνπερ
2701 5272 2867 5337 ἀξίως
2900 5270 3310 5342 ἀναδησαμένη,
3346 5270 3403 5321 ὲν
3434 5270 3543 5328 τοῖς
3592 5269 3761 5319 sucu-

2183 5371 2385 5442 ρανίοις
2412 5366 2765 5437 κατέστεψαι.
2783 5365 2924 5417 Ἀλλ’
2959 5364 3068 5418 οὐδ’
3098 5361 3350 5426 ἐνταῦθα,
3383 5358 3673 5413 κατέλιπέν
3698 5374 3757 5410 σε

2179 5463 2410 5531 Χριστὸς
2441 5462 2764 5533 ἀγέραστον.
2794 5458 2884 5512 Ζῶ
2914 5458 3023 5528 γὰρ
3052 5454 3186 5526 ἐγὼ,
3219 5454 3407 5525 φησὶν,
3434 5450 3595 5507 ἀλλὰ
3616 5449 3758 5515 τοὺς

2179 5553 2536 5621 δοξάζον-τάς
2563 5570 2640 5623 με
2666 5551 2926 5616 δοξάσω.
2972 5547 3136 5611 Διότι,
3172 5544 3354 5609 καθὼς
3401 5542 3758 5615 ἐπήγγελται.

2179 5646 2238 5697 ἐν
2268 5646 2344 5716 τῷ
2373 5645 2451 5715 σῷ
2481 5644 2761 5715 κολύμϐῳ,
2792 5640 2919 5696 ἔνθα
2967 5640 3059 5695 καὶ
3110 5638 3179 5692 τά
3221 5637 3378 5708 τίμιά
3407 5653 3499 5690 σαν
3531 5633 3759 5705 leui/uva

494 1438 737 1509 martyrii
776 1439 1031 1492 ﬁrmitate
1081 1436 1406 1506 robustaque
1456 1437 2066 1493 constantiaillustrasti

494 1541 548 1586 et
585 1531 782 1587 eximie
810 1530 1102 1595 decorasti,
1128 1529 1213 1584 abi
1269 1530 1379 1598 jam
1432 1531 1671 1601 gaudens
1726 1528 1792 1583 ad
1823 1528 2064 1583 cazleslia

496 1638 614 1693 qua:
645 1623 850 1678 crebris
879 1622 1109 1676 canticis
1136 1630 1448 1691 personant,
1477 1621 1844 1685 tabernacula,
1869 1620 2068 1675 relictis

504 5197 729 5254 lestibus
760 5206 1017 5254 coronata
1045 5211 1105 5251 es
1139 5195 1228 5250 "'.
1260 5195 1327 5248 At
1362 5208 1429 5248 ne
1457 5194 1543 5248 hic
1575 5193 1790 5263 quidem
1822 5190 2075 5245 Christus

501 5291 723 5358 praemio
748 5297 799 5345 te
824 5305 1048 5345 vacuam
1070 5288 1321 5359 reliquit:
1355 5287 1652 5357 quippequi
1680 5282 1897 5337 dixerit:
1944 5279 2074 5335 Vivo

505 5469 647 5525 sicut
673 5475 998 5540 promissum
1030 5484 1135 5541 est,
1168 5476 1220 5529 in
1275 5483 1365 5528 tuo
1404 5472 1643 5533 lavacro,
1682 5467 1770 5523 ubi
1799 5465 1961 5523 etiam
1995 5481 2078 5521 re-

505 5561 689 5631 liquiae
716 5573 823 5622 tute
846 5578 995 5638 sunt,
1041 5571 1095 5624 in
1128 5569 1311 5623 ﬁdeles
1364 5567 1455 5637 qui
1489 5566 1555 5621 ad
1599 5564 1742 5635 ipsas
1793 5562 2075 5626 accedunt,

505 5653 758 5713 laticibus
781 5659 1137 5729 copiosiores,
1193 5660 1369 5716 omnis
1416 5656 1631 5729 generis
1662 5654 2076 5726 aegrotationum

583 5828 627 5863 ’“
665 5832 819 5890 Prov.
857 5849 987 5903 xvn,
1018 5826 1074 5897 θ,
1102 5846 1212 5889 sec.
1243 5831 1409 5888 LXX.
1490 5832 1535 5865 ⁸¹
1564 5830 1798 5902 Philipp.
1827 5844 1910 5895 tu,
1944 5825 1994 5883 8.
2073 5825 2135 5857 "‘
2175 5823 2219 5877 II
2253 5822 2393 5879 Tim.
2427 5838 2498 5890 ιν,
2529 5824 2580 5889 7,
2610 5823 2662 5879 8.
2737 5821 2781 5853 ⁸³
2812 5822 2831 5873 l
2862 5818 2996 5890 Reg.
3033 5816 3211 5882 11.50.
