3968 6348
296 427 403 488 813

1293 443 1679 511 LAUDATIO
1718 451 1785 513 S.
1819 455 2196 515 BARBAR/E
2235 459 2467 519 MART.

3454 457 3556 520 814

290 540 407 602 τοῖς
429 539 644 603 πιστοῖς
675 540 1172 613 προσπελάζουσιν,
1208 549 1349 622 ὑπὲρ
1380 557 1600 627 νάματα
1634 559 1792 631 βρύει
1814 581 1855 615 τε

1989 566 2253 621 sanitates
2300 566 2623 633 scatur-iant,
2689 570 2961 639 pestisque
3028 571 3319 638 ulceribus,
3388 575 3567 631 aliove

290 634 400 685 τῶν
449 631 812 686 παντοδαπῶν
857 634 1314 711 ἀρρωστημάτων
1352 647 1583 719 ἰάματα,
1627 655 1725 707 καὶ
1772 657 1881 709 τῶν

288 724 471 778 ἕλκεσι
500 725 788 796 λοιμικοῖς,
820 726 852 797 ἦ
884 728 1047 800 ἑτέρᾳ
1075 731 1216 803 νόσῳ
1258 739 1598 810 καμνόντων,
1636 747 1730 800 καὶ
1757 749 1878 802 ἐτέ-

290 833 406 885 ροις
435 816 662 888 μώλωψι
698 821 1188 892 κατοτρυχομένων
1219 828 1290 881 τά
1312 829 1565 901 σώματα,
1610 838 1719 891 τῶν
1768 857 1876 894 σω-

285 907 492 977 τηρίων
522 908 732 963 ὑδάτων
755 910 1034 982 ἁψάμενα,
1059 914 1255 969 θᾶττον
1270 917 1569 994 θανασίμῳ
1592 928 1877 983 ἀπονίπτε-

283 1017 376 1051 ται
417 1001 706 1071 νοσήματι.
738 1005 848 1058 Καὶ
901 1004 1052 1060 ἐστιν
1094 1011 1208 1071 τοῖς
1263 993 1590 1083 περιοίκοις,
1616 1021 1710 1074 καὶ
1760 1027 1876 1089 τοῖς

287 1090 505 1158 μακράν
534 1108 634 1144 που
665 1094 1081 1165 ἀπῳκισμένοις
1121 1100 1149 1151 ὁ
1188 1100 1353 1167 τόπος
1378 1104 1649 1178 ἐπίσημός
1680 1129 1740 1164 τε
1781 1115 1875 1167 καὶ
1918 1142 1923 1147 ·

283 1180 591 1253 διαϐόητος,
627 1184 722 1238 καὶ
752 1186 887 1257 πρὸς
914 1186 1217 1260 θεραπείαν
1256 1197 1369 1259 τοῖς
1410 1197 1672 1270 χρῄζουσι
1717 1222 1873 1276 περι-

283 1272 638 1338 σπούδαστος.
667 1277 777 1330 Καὶ
829 1279 931 1332 οὐκ
980 1282 1038 1334 ἐν
1092 1283 1286 1353 ἐκείνῳ
1331 1287 1491 1357 μόνον
1520 1291 1596 1361 τῷ
1626 1272 1803 1365 χώρῳ-
1837 1297 1873 1367 ἦ

228 1346 244 1453 li
283 1382 366 1418 σοι
397 1366 753 1442 δεδωρημένη
800 1372 1057 1445 καλλονὴ,
1089 1377 1186 1430 καὶ
1214 1346 1374 1449 χάρίς
1407 1346 1673 1455 ἰαματικιξ]
1706 1346 1867 1457 ἐτέρι]

280 1457 613 1529 γέγραπται,
640 1461 778 1517 ἀλλά
821 1466 917 1518 καὶ
959 1469 1075 1531 τοῖς
1110 1473 1365 1542 πανταχῆ
1398 1474 1500 1544 τῆς
1540 1478 1866 1549 οἰκουμένης

283 1550 424 1618 μετὰ
457 1551 665 1623 θερμῆς
704 1571 784 1609 σοι
810 1558 1093 1628 προσιοῦσι
1115 1561 1214 1631 τῆς
1243 1563 1505 1632 πίστεως,
1543 1570 1638 1623 καὶ
1682 1570 1742 1624 τὸ
1774 1574 1865 1625 σὺν

278 1641 495 1734 ἐτήσιον
533 1645 814 1702 ἐκτελοῦσι
866 1651 1252 1723 μνημόσυνον,
1299 1657 1368 1711 τὰ
1413 1659 1652 1733 λοιμώδη
1699 1663 1864 1734 θερα-

166 1749 180 1779 2
277 1732 505 1819 πεύεται
540 1737 849 1810 τραύματα,
881 1745 979 1797 καὶ
1019 1746 1202 1817 πάσης
1242 1749 1459 1820 ἡλικίας
1490 1755 1523 1823 ἡ
1561 1732 1732 1827 ἀηδὴς
1763 1732 1865 1824 cpu-

1991 657 2181 712 morbo
2205 656 2531 726 laborantia,
2574 658 2802 729 aliisque
2827 662 2996 732 plagis
3020 664 3263 719 confecta
3323 676 3377 721 et
3420 668 3568 723 tabe-

1991 747 2197 803 scentia
2225 762 2479 816 corpora,
2537 749 2857 806 salutarium
2890 767 3157 823 aquarum
3186 764 3418 823 attactu,
3449 762 3568 812 exi-

1992 839 2105 894 tiali
2132 842 2458 909 quantocius
2486 844 2676 899 morbo
2726 845 3133 915 absterguntur.
3166 846 3369 918 Estque
3399 849 3567 912 locus,

1989 940 2099 984 tum
2136 932 2355 996 vicinis,
2393 944 2506 988 tum
2550 937 2772 991 remotis
2814 937 3072 1004 illustris,
3108 954 3171 995 ac
3205 940 3568 998 celebratissi-

1985 1038 2104 1077 mus
2132 1023 2238 1078 illis
2267 1034 2348 1078 est
2378 1026 2469 1095 qui
2520 1027 2807 1084 curatione
2863 1029 3127 1101 indigent.
3168 1030 3275 1088 Nec
3312 1033 3401 1087 illo
3434 1034 3561 1086 dun-

1985 1123 2135 1167 taxat
2162 1114 2283 1169 loco
2316 1132 2576 1174 concessa
2611 1120 2704 1175 tibi
2736 1120 2955 1177 claritas
2979 1133 3033 1178 et
3067 1125 3359 1180 sanitatum
3389 1128 3563 1196 gratia

1979 1202 2201 1259 definita
2234 1215 2350 1274 est;
2385 1209 2479 1264 sed
2514 1218 2570 1264 et
2597 1210 2662 1266 iis
2694 1211 2859 1266 etiam
2896 1214 2989 1282 qui
3019 1216 3152 1269 orbe
3182 1222 3294 1269 toto
3323 1214 3551 1271 ferventi

1984 1293 2087 1350 fide
2129 1302 2183 1352 te
2232 1298 2471 1365 adeunt,
2540 1300 2725 1370 tuique
2788 1305 3106 1359 memoriam
3153 1309 3430 1361 annuatim
3469 1324 3563 1361 co-

1976 1385 2114 1452 lunt,
2164 1388 2399 1460 benigne
2438 1401 2701 1448 curantur
2737 1397 2903 1465 pestis
2946 1399 3209 1465 vulnera;
3262 1400 3554 1470 omnisque

1975 1480 2151 1535 aetatis
2177 1484 2359 1550 gravis
2385 1484 2665 1541 calamitas
2694 1496 2751 1543 et
2799 1489 3049 1545 molestia
3079 1491 3309 1561 aufugit,
3354 1507 3417 1546 ac
3446 1493 3555 1546 dre-

1975 1587 2197 1627 monum
2258 1574 2496 1632 assultus
2548 1562 3063 1636 comminationibus
3111 1580 3217 1637 tuis
3269 1581 3557 1652 fugantur;

1972 1664 2118 1718 omni
2145 1664 2377 1735 denique
2406 1667 2644 1736 periculo
2672 1677 2727 1723 et
2775 1670 3007 1726 adverso
3056 1686 3186 1726 casu
3225 1672 3552 1737 liberantur,

1972 1756 2064 1826 qui
2100 1765 2245 1811 tuam
2276 1757 2544 1815 vindicem
2582 1774 2744 1829 opem
2774 1760 3051 1817 invocant.

277 1829 565 1928 ’ίξδειῖξῖβξ
609 1835 810 1905 σκῆψις
878 1840 972 1894 καὶ
1037 1842 1281 1914 ὄχλησις,
1313 1846 1586 1918 ἐνέργειαι
1645 1868 1703 1904 τε
1756 1850 2131 1923 δαιμονιὼδεις
2185 1855 2296 1918 τοῖς
2350 1856 2463 1918 σοῖς
2513 1855 2935 1928 ἐμϐριμημασιν
3009 1856 3443 1913 ἀπελαύνονται·
3492 1858 3553 1911 ού

278 1919 387 1991 μὴν
436 1922 569 1978 ἀ).λά
614 1928 707 1980 καὶ
749 1929 968 1985 πάντων
1017 1933 1404 2007 ἐκλυτροῦνται
1449 1941 1711 1996 κινδύνων
1755 1944 1850 1997 καὶ
1890 1947 2283 2016 περιστάσεων,
2318 1947 2373 2001 οἵ
2440 1965 2500 2001 σε
2531 1950 2669 2019 πρὸς
2699 1949 2914 2021 ἄμυναν
2981 1951 3274 2026 ἐπίκουρον
3305 1970 3555 2025 προσκα-

276 2010 372 2062 λού
381 2029 552 2081 μενοι.

348 2110 465 2202 κγ’..
496 2108 588 2180 Μὴ
637 2110 817 2202 τοίνυν
863 2111 1091 2188 λείπῃς,
1146 2116 1284 2189 ἁγνὴ
1328 2120 1656 2193 ἀειπάρθενε
1682 2164 1697 2187 ,
1738 2125 1855 2187 τοὺς

2038 2123 2129 2179 93.
2162 2123 2237 2178 Ne
2268 2139 2453 2179 cesses
2506 2125 2687 2195 igitur,
2718 2130 2867 2181 casta
2916 2127 2970 2181 in
3015 2137 3340 2197 perpetuum
3376 2131 3545 2202 virgo,

279 2194 409 2257 σοὺς
448 2196 830 2255 ἐποπτεύουσα
874 2205 1152 2275 συμπαθεῖ
1194 2207 1273 2279 τῷ
1306 2210 1582 2283 βλέμματι
1611 2216 1861 2285 πρόσφυ-

272 2301 400 2376 γας,
429 2287 570 2342 ἀλλά
601 2292 698 2343 καὶ
729 2293 820 2346 τὸν
845 2297 993 2349 τουτί
1038 2315 1123 2351 σοι
1171 2306 1683 2376 προσπεφωνηκότα
1716 2308 1864 2361 εὐτε-

273 2375 383 2470 λές,
414 2378 508 2431 καὶ
542 2381 786 2454 ἐξίτηλον
814 2389 913 2457 τῆς
937 2388 1212 2461 εὐφημίας
1245 2393 1537 2467 λογίδριον,
1569 2398 1861 2470 παραπολὺ

279 2468 381 2537 μὲν
412 2470 511 2539 τῆς
545 2473 644 2543 σῆς
673 2476 1018 2548 ὑπερφεροῦς
1051 2481 1209 2547 ἀξίας
1233 2468 1684 2558 ἀπολειπόμενον,
1711 2491 1864 2544 εὐτε-

274 2558 403 2653 λοῦς
425 2561 812 2653 δένπροθυμίας
844 2570 945 2623 οὐκ
969 2570 1189 2628 ἔλαττον
1216 2576 1364 2647 αὐτῷ
1395 2582 1862 2653 πεφροντισμένον

273 2650 413 2720 πρὸς
443 2652 690 2725 δύναμιν,
725 2658 979 2729 ἀσμένως
1011 2663 1111 2734 τῆς
1150 2650 1529 2739 προαιρέσεως
1583 2650 1855 2740 ἀποδέξω,

274 2743 369 2793 καὶ
414 2746 715 2814 συμπαθῶς
761 2752 1227 2827 ἐπικαμπτομένη
1278 2761 1371 2814 καὶ
1421 2763 1770 2830 ἐπινεύουσα,
1797 2767 1861 2821 τὸ

274 2832 611 2929 βραχύτατον
655 2839 828 2929 δῶρον
864 2845 1143 2917 προσίεσο,
1183 2849 1258 2914 ὡς
1286 2853 1314 2904 ὁ
1340 2852 1433 2916 σὸς
1461 2856 1694 2927 νυμφίος
1723 2859 1858 2929 Χρι-

271 2921 400 3018 στὸς
440 2925 509 2979 τὰ
538 2926 648 3018 ⁸δύο
674 2928 845 2985 λεπτὰ
881 2933 1035 3004 παρὰ
1066 2937 1165 3007 τῆς
1196 2943 1457 3010 πενιχρᾶς
1486 2921 1661 3014 χήρας
1690 2921 1859 3018 προσ-

268 3010 465 3107 ήκατο,
498 3015 560 3069 οὐ
603 3020 669 3089 τῇ
702 3020 796 3074 τοῦ
825 3022 1106 3093 διδομένου
1143 3029 1423 3100 ποσότητι,
1620 3010 1856 3107 προσφεο

269 3101 474 3195 ρούσης
500 3108 578 3195 δέ
619 3110 846 3182 γνώμης
896 3120 1295 3189 προσεσχηκὼς
1340 3125 1408 3193 τῇ
1456 3101 1722 3195 ποιότητι.
1754 3101 1857 3180 1έῦ-

270 3203 420 3285 ροιμι
451 3192 508 3245 δέ
545 3212 604 3247 σε
631 3197 728 3251 καὶ
760 3199 868 3254 τῶν
895 3202 1045 3273 ἐμῶν
1088 3206 1336 3278 ψυχικῶν
1380 3215 1474 3265 καὶ
1523 3192 1854 3285 σωματικῶν

268 3281 552 3348 μωλώπων
583 3292 834 3361 προσηνῆ
871 3294 1297 3369 θεραπεύτριαν,
1331 3303 1427 3358 καὶ
1476 3281 1681 3371 πάσαις
1734 3311 1854 3375 ταῖς

265 3382 682 3467 περιστατικαῖς
713 3381 925 3454 θλίψεσι
957 3389 1315 3465 ἑτοιμοτάτην
1342 3400 1676 3467 προστάτιδα
1698 3417 1713 3432 ·
1759 3403 1854 3457 καί

264 3480 371 3532 μου
422 3466 530 3561 τῶν
563 3471 752 3526 παθῶν
791 3478 1010 3548 στήσοις
1059 3481 1309 3553 γαληνῶς
1353 3466 1455 3552 τάς
1502 3491 1702 3561 ὁρμὰς,
1751 3494 1847 3548 καὶ
1880 3471 1923 3530 c

262 3558 639 3654 σκιρτήματα,
671 3564 757 3654 ἵνα
801 3568 897 3621 καὶ
937 3569 1029 3623 τὸν
1069 3572 1184 3642 βίον
1215 3576 1350 3648 πρὸς
1376 3578 1413 3633 ἃ
1437 3580 1520 3633 δεῖ
1533 3558 1842 3654 coepio“,

258 3644 357 3742 καί
387 3645 477 3742 τὸν
499 3653 762 3742 κοσμικὸν
783 3657 1204 3729 ἀναχειμάστως
1228 3644 1560 3740 περαιώσας.
1575 3644 1841 3742 κλύδωνα,

258 3731 400 3836 πρὸς
437 3735 594 3836 ζωὴν.
616 3740 714 3812 τὴν
741 3745 952 3836 ἀγήρω,
996 3750 1092 3804 καὶ⁸
1140 3731 1335 3825 λιμένα
1365 3731 1632 3831 σωτήριον
1680 3731 1845 3836 rupae;

256 3824 516 3924 ορμίσας,
533 3828 752 3924 τύχοιμι
789 3834 877 3889 διὰ
908 3838 1003 3891 σοῦ
1035 3840 1128 3893 ἐπὶ¹
1156 3824 1267 3908 τοῖς
1304 3824 1568 3918 ἀμέτροις
1593 3824 1844 3924 πλημμε-

255 3914 496 4016 λήμασι,
514 3922 609 3976 τοῦ
649 3927 831 3982 κοινοῦ
867 3932 960 3984 καὶ
993 3914 1368 4010 εὐσπλὰγχνου
1400 3914 1589 4013 κριτοῦ
1610 3984 1625 4008 ,
1652 3914 1841 4016 sentv-

252 4023 349 4103 ⁸*τος
374 4011 572 4103 μᾷλλον
602 4017 695 4070 καὶ
716 4022 1130 4093 συγχωροῦντος
1161 4028 1250 4082 διὰ
1283 4030 1380 4102 τὴν
1412 4011 1714 4103 πρεσϐείαν*
1744 4038 1841 4091 καὶ

252 4100 518 4199 ἔντευξιν,
539 4107 639 4179 ήδη
667 4110 769 4181 τὴν
796 4113 934 4185 ἐμὴν
965 4117 1242 4191 ρᾳθυμίαν
1270 4100 1497 4189 ἐνδίκως
1530 4128 1843 4199 καταψηφι-

254 4191 498 4260 σαμένου
544 4201 640 4252 καὶ
667 4204 1112 4275 κατακρίνοντος,
1145 4213 1279 4266 πᾶσι
1311 4212 1367 4266 δὲ
1394 4216 1507 4278 τοῖς
1534 4214 1715 4269 πίστει
1746 4235 1839 4272 σου

384 4290 761 4360 προσηγορίαν
814 4295 1094 4367 ἀγαπῶσι,
1124 4302 1223 4355 καὶ
1263 4304 1489 4374 τιμῶσι,
1521 4308 1616 4360 καὶ
1662 4308 1730 4361 δι’
1756 4312 1841 4364 αι-

247 4370 382 4436 δοῦς
410 4374 625 4469 ἀγουσι,
654 4383 749 4435 καὶ
790 4387 857 4456 τῇ
905 4388 1265 4463 ἀντιληπτικῇ
1302 4370 1397 4447 σου
1433 4398 1839 4469 προσφεύγουσι

245 4465 543 4540 πρεσϐείᾳ,
574 4471 772 4542 γένοιο,
806 4470 851 4531 ὧ
877 4479 1145 4551 ἀθλοφόρε
1190 4465 1485 4557 Βαρσάρα,
1509 4465 1603 4542 και
1652 4465 1838 4545 καλλί-

246 4571 372 4608 νικε
405 4560 642 4653 ἀοίδιμε,
680 4566 772 4618 καὶ
806 4568 1139 4642 ἀείμνηστε,
1174 4575 1269 4628 καὶ
1315 4578 1643 4651 πανεύφημε
1694 4581 1837 4653 μάρ-

243 4652 496 4744 τυς,-καὶ
518 4654 850 4729 ἐννομοτάτη
877 4661 1166 4735 ἀθλήτρια,
1195 4668 1291 4737 τῆς
1312 4669 1421 4724 τῶν
1460 4672 1705 4744 οὐρανῶν
1738 4652 1839 4744 βά-

245 4739 457 4835 σιλείας
507 4746 799 4815 πρόξενος,
857 4754 950 4807 καὶ
994 4757 1053 4809 ἐν
1099 4758 1248 4831 πάσῃ
1299 4739 1538 4835 λυπηρᾷν
1569 4739 1837 4834 συμϐάσει

240 4833 595 4926 ὑπέρμαχος,
637 4841 731 4894 καὶ
779 4844 1025 4915 πρέσϐυς
1074 4833 1512 4922 ἀκαταίσχυντος
1563 4833 1699 4926 πρδς
1744 4858 1834 4912 τὸν
1865 4835 1911 4891 D

239 4924 570 5018 πανάγαθον
614 4931 851 5002 Χριστὸν
887 4938 981 4992 τὸν
1009 4938 1140 4994 Θεὸν
1164 4942 1343 5013 ἡμῶν,
1381 4944 1501 5015 μεθ’
1530 4924 1699 5018 οῦήτῷ
1736 4951 1836 5003 ἀν-

236 5013 428 5111 ἀρχιρ,
462 5019 557 5072 καὶ
603 5023 906 5099 ἀγεννήτῳ,
939 5030 1035 5084 καὶ
1084 5013 1446 5107 προσκυνητῷ
1492 5013 1689 5109 lla-cpt,
1719 5040 1835 5111 ἅμα

235 5101 328 5173 τῷ
358 5105 649 5203 ὁμοουσίῳ,
681 5116 775 5168 καὶ
807 5117 1103 5192 ζωαρχικῷ
1130 5101 1446 5197 Πνεῦματι,
1489 5101 1636 5195 δόξα,
1675 5101 1832 5203 τιμὴ,

236 5196 647 5286 προσκύνησις,
678 5204 793 5274 νῦν,
827 5211 917 5265 καὶ
965 5213 1075 5280 ἀεὶ,
1107 5215 1201 5273 καὶ
1230 5196 1311 5282 εἰς
1342 5219 1466 5285 τοὺς
1495 5220 1696 5286 αἰῶνας

232 5284 481 5343 αἰώνων.
502 5292 693 5367 Ἀμήν.

321 5443 362 5473 ⁸³
395 5445 527 5505 Luc.
566 5467 676 5517 xxi,
715 5454 835 5511 2-4.

1965 2216 2245 2271 miseranti
2284 2225 2505 2288 aspectu
2533 2233 2626 2274 eos
2651 2220 2742 2288 qui
2771 2219 2837 2273 ad
2871 2228 2922 2274 te
2954 2218 3292 2291 confugiunt,
3325 2221 3547 2287 intueri.

1963 2310 2058 2364 sed
2115 2320 2170 2363 ct
2216 2325 2338 2365 eum
2379 2311 2471 2381 qui
2504 2310 2558 2365 in
2592 2311 2670 2364 tui
2725 2309 2942 2366 laudem
2973 2351 2988 2377 ,
3053 2326 3279 2384 egenam
3330 2313 3470 2370 hanc
3497 2329 3551 2371 ct

1961 2400 2159 2455 exilem
2187 2398 2732 2456 declamatiunculam
2765 2402 3158 2469 pronuntiavit,
3196 2405 3545 2474 tuze'quidem

1961 2492 2177 2547 eximiae
2211 2492 2461 2561 dignitati
2489 2492 2645 2562 longe
2674 2491 2963 2561 imparem,
3004 2494 3107 2550 etsi
3156 2496 3354 2566 exiguo
3381 2500 3544 2552 animi

1963 2587 2156 2639 ardore
2197 2583 2364 2639 nihilo
2403 2581 2581 2637 secius
2636 2595 2732 2651 pro
2766 2581 2907 2637 virili
2955 2592 3292 2651 accuratam,
3327 2601 3424 2656 pro
3450 2598 3545 2644 Vo-

1960 2673 2189 2730 luntatis
2237 2675 2429 2729 merito
2464 2673 2695 2744 benigne
2722 2671 2889 2743 910
2933 2674 3080 2739 audi,
3112 2675 3544 2748 clementiusque

1959 2763 2153 2819 inﬂexa
2179 2772 2235 2817 et
2262 2776 2526 2827 annuens,
2557 2764 2909 2832 perexiguum
2937 2765 3310 2819 munusculum
3336 2768 3539 2834 accipe;

1958 2855 2412 2924 quemadmodum
2451 2869 2680 2923 sponsus
2716 2862 2840 2909 tuus
2886 2855 3146 2910 Christus
3189 2855 3400 2911 minuta
3436 2858 3573 2914 dum

1964 2945 2309 3015 approbavit,
2340 2960 2460 3014 quae
2509 2944 2840 3015 paupercula
2868 2945 3027 3000 vidua
3062 2946 3115 2999 in
3160 2946 3252 3001 Dei
3313 2964 3540 3004 munera

1957 3037 2206 3101 miserat,
2232 3032 2359 3090 eum
2388 3051 2493 3090 non
2528 3036 2639 3090 dati
2667 3036 3026 3103 quantitatem
3053 3077 3069 3103 ,
3110 3038 3202 3092 sed
3258 3036 3540 3095 offerentis

1955 3116 2123 3181 animi
2152 3124 2403 3180 affectum
2434 3125 2740 3180 attenderet
2765 3124 2833 3178 “.
2852 3124 3127 3181 Inveniam
3156 3142 3283 3183 vero
3303 3140 3353 3183 te
3373 3130 3534 3184 etiam

1956 3216 2153 3272 animae
2186 3225 2241 3271 et
2275 3217 2519 3287 corporis
2553 3217 2836 3272 vulnerum
2874 3218 3161 3289 benignam
3179 3223 3530 3286 curatricem,

1952 3310 2120 3380 inque
2145 3311 2291 3364 omni
2326 3311 2559 3366 adverso
2588 3326 2719 3366 casu
2756 3320 2809 3367 et
2852 3311 3143 3367 afflictione
3192 3316 3533 3385 promptissi-

1961 3414 2106 3454 mam
2136 3409 2447 3471 patronam.
2476 3401 2778 3457 Aﬂ'cctuum
2833 3416 3051 3473 quoque
3105 3405 3340 3475 impetus
3370 3418 3423 3463 et
3454 3408 3533 3461 la-

1955 3492 2247 3549 scivientes
2274 3503 2453 3548 motus
2479 3494 2771 3566 tranquille
2800 3497 2986 3563 sistas,
3024 3512 3134 3566 quo
3168 3499 3333 3554 vitam
3368 3501 3434 3556 ad
3465 3516 3525 3557 ea

1953 3601 2073 3657 qua:
2096 3596 2311 3656 oportet
2343 3602 2693 3656 componens,
2744 3597 2797 3643 et
2832 3590 3018 3645 mundi
3062 3592 3295 3659 procella
3332 3608 3524 3648 secure

1955 3680 2295 3746 transmissa,
2317 3681 2382 3735 ad
2413 3680 2582 3736 vitam
2615 3682 2751 3735 senii
2780 3692 3081 3751 expertem,
3112 3694 3166 3739 et
3193 3685 3385 3741 salutis
3407 3702 3530 3756 por-

1952 3779 2065 3824 tum
2103 3772 2398 3841 appellens,
2436 3788 2533 3842 per
2559 3782 2631 3837 te,
2662 3786 2763 3842 ego
2789 3772 3179 3829 immensorum
3208 3776 3528 3831 delictorum

1953 3876 2099 3927 reus,
2151 3877 2496 3919 communem
2558 3870 2613 3917 et
2668 3864 3075 3919 misericordem
3125 3864 3361 3932 judicem
3396 3882 3530 3921 nan-

1950 3956 2148 4019 ciscar,
2178 3956 2269 4025 qui
2296 3954 2534 4009 dimittat
2579 3955 2758 4023 potius
2791 3963 2846 4007 et
2889 3954 3185 4025 indulgeat,
3227 3956 3331 4011 tuis
3362 3958 3528 4013 inter-

1949 4046 2287 4100 cessionibus
2310 4053 2474 4113 atque
2511 4044 2999 4114 supplicationibus
3046 4056 3358 4115 permotus;
3395 4064 3519 4103 cum

1949 4137 2137 4207 utique
2175 4138 2464 4208 segnitiem
2490 4151 2665 4192 meam
2689 4135 2810 4207 jure
2838 4136 2950 4207 jam
2975 4140 3439 4207 condemnaverit,
3460 4156 3525 4195 ac

1947 4231 2112 4286 modo
2146 4233 2492 4285 condemnet.
2532 4228 2641 4284 Sed
2684 4237 2739 4285 et
2770 4230 2985 4285 cunctis
3017 4232 3108 4300 qui
3136 4247 3257 4285 cum
3292 4231 3394 4287 fide
3428 4248 3525 4286 κιο·

1946 4333 2073 4375 men
2105 4328 2256 4373 tuum
2291 4318 2541 4389 diligunt,
2586 4318 2791 4384 colunt,
2828 4328 2883 4375 et
2922 4321 3254 4375 venerationi
3299 4321 3519 4389 habent,

1948 4412 2151 4483 quique
2169 4411 2234 4465 ad
2264 4410 2676 4467 intercessionis
2706 4420 2809 4466 tua:
2848 4413 3150 4469 subsidium
3182 4415 3518 4485 confugiunt,

1945 4512 2088 4570 esto,
2113 4518 2146 4558 o
2177 4502 2561 4573 triumphatrix
2626 4518 2691 4557 ac
2724 4504 2982 4573 praaclara
3034 4506 3251 4572 victrix,
3298 4507 3519 4578 inclyta,

1946 4593 2219 4663 dignaque
2263 4602 2466 4648 acterna
2511 4593 2799 4658 memoria,
2852 4593 3159 4649 clarissima
3197 4608 3423 4667 martyr,
3456 4613 3520 4651 ac

1945 4684 2185 4753 legitima
2240 4697 2465 4754 prorsus
2523 4682 2669 4752 pugil
2723 4682 2986 4747 Barbara,
3044 4687 3193 4756 regni
3254 4688 3515 4743 ccelorum

1945 4776 2313 4842 conciliatrix,
2351 4775 2408 4829 in
2458 4774 2608 4830 omni
2651 4785 2853 4830 eventu
2902 4777 3044 4831 tristi
3098 4779 3430 4844 auxiliatrix,
3466 4791 3519 4831 et

1943 4865 2226 4922 inconfusa
2255 4872 2535 4936 sequestra
2570 4867 2711 4936 apud
2756 4866 3203 4936 benignissimum
3240 4870 3515 4924 Christum

1942 4958 2229 5013 Dominum
2262 4965 2532 5021 nostrum,
2564 4958 2783 5027 quicum
2818 4957 2889 5014 sit
2936 4969 3162 5023 aeterno,
3194 4959 3431 5027 ingenito
3462 4967 3517 5010 et

1943 5048 2222 5103 adorando
2261 5048 2432 5114 Patri,
2486 5063 2591 5103 una
2638 5063 2762 5105 cmn
2800 5047 3257 5104 consubstantiali
3281 5062 3344 5101 ac
3376 5047 3511 5101 vivi-

1944 5141 2046 5197 fico
2107 5141 2339 5212 Spiritu,
2379 5142 2571 5213 gloria,
2630 5141 2803 5195 honor
2856 5148 2911 5193 et
2944 5137 3210 5203 adoratio,
3267 5153 3408 5193 nunc
3460 5147 3515 5193 et

1941 5248 2177 5306 semper,
2208 5244 2261 5291 et
2290 5236 2342 5290 in
2362 5233 2559 5292 szccula
2592 5232 2934 5289 saeculorum.
2962 5232 3151 5284 Amen.
