3994 6350
506 404 619 466 815

1741 414 2061 474 JOANNIS
2096 416 2521 477 DAMASCENI

3678 418 3784 487 8l6

521 569 2898 598 Mm

3710 599 3786 619 -η

588 722 669 781 In
702 728 922 812 catena
950 721 1145 823 Ijlegia
1194 720 1517 823 irt'Lu‘eam
1564 721 1918 823 60d..2[l'40,
1956 725 2041 815 ad
2077 750 2085 783 ι

2195 735 2262 786 ιιι
2294 729 2351 801 1,
2385 728 2581 821 υ..3.5,
2623 731 3046 823 [fug-mentum
3093 736 3207 823 hoc
3260 740 3429 818 quod
3470 745 3759 823 sequitur

510 800 740 901 reperi,
780 798 1104 879 cujusdam
1154 798 1395 892 scilicet
1447 802 1750 901 secmoat's
1782 798 2583 901 {congispomasceninig
2615 798 2691 871 Β.
2732 798 3049 890 Virginem
3074 862 3089 889 ,
3140 818 3208 878 in
3236 798 3782 901 qiuo'

510 877 937 978 legit-attumne
976 879 1229 978 qtae-ia.
1252 881 1462 978 prima
1511 880 1584 940 de
1632 881 1903 971 ejusdem
1941 882 2610 978 Nativi'tate,.p.h843,
2640 890 2804 950 unde
2841 877 3609 978 ‘nttllunimt'h't'superest
3644 877 3779 964 ’άίιί

519 957 701 1032 bium,
748 958 898 1037 quin
937 957 1014 1018 ear
1038 957 1310 1036 genuino
1344 957 1554 1036 aliqua
1605 957 1738 1038 ejus
1789 978 1971 1038 opere
2004 961 2170 1040 quod
2198 957 2488 1040 periE’rit,
2532 957 2917 1048 assumptum
2956 972 3115 1034 illud
3163 957 3384 1052 fuerit.

1070 1120 1526 1178 DAMASCENI.

580 1234 679 1301 Qui
714 1232 880 1290 caelos
904 1234 1148 1290 condidit
1174 1244 1226 1288 et
1250 1245 1560 1301 conservat,
1585 1236 1958 1306 omniumque,
1977 1244 2085 1290 tam

513 1339 632 1393 quae
661 1325 713 1378 in
749 1325 983 1391 mundo,
1045 1340 1207 1393 qnam
1261 1339 1381 1394 quae
1414 1340 1576 1396 supra
1629 1326 1884 1379 mundum
1935 1335 2085 1388 sunt,

507 1418 740 1483 Artifex,
772 1418 929 1488 cujus
957 1418 1091 1473 nihil
1120 1434 1185 1474 ex
1217 1420 1487 1475 universis
1524 1423 1685 1476 rebus
1713 1421 1860 1476 locus
1888 1432 1992 1489 est,
2042 1421 2087 1476 si

508 1510 670 1566 modo
730 1510 883 1566 locus
919 1510 1175 1566 deﬁnitur
1221 1511 1295 1582 (id
1330 1511 1472 1582 quod
1505 1526 1565 1567 ea
1603 1528 1722 1582 quae
1775 1514 1826 1566 in
1852 1528 1909 1568 se
1939 1524 2086 1577 sunt,

505 1602 883 1673 complectitur
909 1611 964 1660 et
997 1603 1186 1676 ambit)
1217 1622 1230 1659 :
1274 1604 1327 1659 in
1378 1613 1429 1658 te
1460 1620 1489 1657 a
1540 1605 1719 1675 scipso
1762 1605 1938 1660 infans
1972 1606 2088 1660 sine

505 1699 711 1754 semine
740 1698 1024 1765 condetur,
1073 1708 1231 1769 teque
1254 1699 1574 1755 latissimum
1612 1700 1869 1755 conclave
1899 1707 2086 1755 osten-

506 1791 598 1846 det
640 1790 859 1847 deitatis
890 1806 1023 1857 suae,
1076 1806 1195 1861 quae
1243 1791 1424 1846 omnia
1480 1791 1677 1861 replet,
1714 1806 1939 1862 quaeque
1972 1791 2085 1847 sola

507 1883 1036 1954 circumscriptionis
1065 1891 1149 1939 est
1173 1898 1370 1953 expers
1396 1902 1409 1938 :
1448 1893 1593 1939 totus
1626 1885 1675 1939 in
1735 1895 1787 1940 te
1818 1886 1933 1939 sine
1962 1900 2087 1954 pas-

506 1976 661 2033 sione
695 1978 1044 2045 constrictus,
1108 1986 1253 2033 totus
1293 1978 1478 2032 itidem
1531 1987 1683 2032 extra
1739 1992 1983 2043 manens,
2022 1994 2087 2035 ac

492 2070 855 2137 semetipsum
908 2069 1081 2124 locum
1123 2068 1328 2125 habens
1385 2069 1476 2139 qui
1522 2071 1640 2139 capi
1676 2070 1881 2141 nequit.
1919 2069 1996 2125 Ex
2034 2080 2087 2126 te

490 2160 729 2229 .justitia:
772 2160 851 2218 sol
909 2160 1147 2227 orietur;
1198 2170 1406 2216 natura:
1459 2161 1617 2229 duae,
1674 2161 1801 2218 licet
1830 2163 2083 2245 Acephali

504 2252 690 2307 furore
721 2252 1040 2308 insaniant:
1096 2267 1201 2307 una
1253 2252 1585 2324 bypostasis,
1630 2266 1913 2324 rumpatur
1960 2256 2087 2310 licet

2111 1127 2165 1185 Δ

2633 1132 2777 1184 ΤΟΥ
2806 1133 3328 1200 ΔΑΜΑΣΚΗΝΟΥ.

2271 1237 2329 1292 ’0
2360 1240 2468 1295 τῶν
2497 1242 2743 1313 οὐρανῶν
2766 1244 3099 1317 δημιουργός
3139 1267 3195 1303 τε
3244 1252 3339 1306 καὶ
3370 1258 3651 1326 συνοχεὺς,
3678 1261 3780 1313 καὶ

2190 1329 2394 1393 παντὸς
2441 1331 2739 1419 ὲγκοσμίου
2801 1337 2895 1389 καὶ
2945 1338 3318 1411 ὑπερκοσμίου
3351 1345 3615 1419 Τεχνίτης
3666 1350 3779 1419 δη-

2192 1422 2624 1492 μιουργήματος,
2658 1417 2720 1478 οὗ
2769 1427 2933 1491 τόπος
2973 1430 3147 1497 οὐδεὶς
3174 1433 3284 1487 τῶν
3319 1438 3537 1493 πάντων
3571 1417 3738 1495 -ὲστίν
3761 1461 3775 1474 ο

2189 1512 2349 1584 εἴπερ
2384 1515 2445 1567 τὸ
2488 1516 2743 1589 περιέχον
2788 1520 2899 1574 τῶν
2931 1522 3159 1577 ἐνόντων
3194 1527 3359 1593 τόπος
3402 1529 3647 1603 ὁρίζεται
3668 1552 3683 1565 ·
3718 1536 3780 1587 ἐν

2192 1608 2273 1659 σοὶ
2308 1610 2443 1679 πρὸς
2471 1610 2665 1663 ἑαυτοῦ
2689 1612 2949 1683 άσπόρως
2973 1613 3176 1685 βρέφος
3204 1616 3776 1696 δημιουργηθήσεται,

2190 1700 2283 1790 καί
2320 1717 2379 1753 σε
2408 1703 2633 1790 ταμεῖον
2662 1703 2975 1775 εὐρύχωρον
3004 1707 3169 1773 δείξει
3203 1712 3302 1782 τῆς
3329 1713 3400 1767 τά
3430 1715 3608 1770 πάντα
3642 1719 3780 1790 πλη-

2192 1788 2392 1861 ρούσης
2414 1789 2582 1845 αὐτοῦ
2612 1792 2705 1846 καὶ
2729 1794 2900 1864 μόνης
2924 1796 3305 1869 άπεριγράφου
3330 1788 3779 1874 θεότητος.”ολος

2189 1881 2413 1945 άπαθῶς
2442 1883 2500 1935 ὲν
2528 1882 2611 1936 σοὶ
2635 1886 3072 1958 συστελλόμενος,
3099 1890 3193 1943 καὶ
3222 1892 3402 1962 μένων
3428 1895 3552 1961 ὅλος
3576 1899 3774 1966 ὲκτόςς

2190 1973 2282 2025 καὶ
2309 1973 2475 2027 τόπον
2505 1972 2644 2045 ἔχων
2675 1977 2867 2031 ἑαυτὸν
2900 1980 3308 2051 άπερίληπτονί
3346 1986 3413 2039 ὲκ
3468 1986 3564 2041 σοῦ
3603 1991 3634 2043 6
3675 1991 3779 2060 τῆς

2187 2065 2533 2139 δικαιοσύνης
2561 2069 2818 2124 άνατελεῖ
2836 2071 3008 2143 ἥλιος,
3044 2073 3139 2127 δύο
3177 2075 3369 2144 φύσεις
3400 2078 3508 2132 κᾶν
3537 2081 3777 2149 Ἀκέφα-

2188 2160 2269 2214 λοι
2304 2161 2604 2231 μαίνωνται
2627 2175 2642 2189 ·
2685 2163 2785 2233 μία
2813 2163 3134 2233 ὑπόστασις,
3161 2167 3265 2221 κᾶν
3289 2169 3589 2242 Νεστόριος
3619 2173 3775 2246 διαρ-

2190 2255 2514 2327 ρηγνύηται.
2564 2255 2741 2311 Οίονεὶ
2791 2259 2901 2329 γὰρ
2950 2258 3092 2314 θεῖον
3142 2262 3345 2333 σπόρον
3402 2267 3778 2336 πνευματικὸν

506 2344 812 2401 Nestorius.
865 2344 1027 2401 Pater
1071 2346 1361 2417 siquidem,
1403 2347 1646 2402 divinum
1693 2348 1857 2404 veluti
1899 2363 2082 2406 semen

2195 2347 2282 2400 τὸν
2318 2348 2516 2401 ἑαυτοῦ
2560 2348 2688 2402 Υίὸν
2722 2349 3078 2414 ἐξαποστελεῖ
3111 2354 3140 2407 6
3175 2354 3387 2427 Πατὴρ,
3423 2358 3520 2410 καὶ
3564 2357 3707 2428 σὰρξ
3749 2361 3779 2410 ὁ

504 2438 810 2509 spirituale,
840 2438 1022 2496 lumen
1051 2440 1263 2496 emittet
1316 2456 1496 2507 suum,
1552 2439 1899 2513 Verbumque
1938 2458 2003 2498 ex
2035 2454 2085 2498 te

2195 2440 2361 2510 Λόγος
2409 2442 2474 2494 ὲκ
2529 2440 2623 2495 σοῦ
2669 2443 2955 2513 ἀτρέπτως
2992 2446 3336 2517 γεννήσεται.
3378 2448 3492 2502 Καὶ
3544 2450 3778 2513 ἀπαθῶς

505 2531 644 2587 citra
682 2532 1097 2589 conversionem
1130 2532 1226 2588 ﬁet
1257 2547 1405 2588 caro.
1442 2532 1506 2587 Et
1550 2531 1732 2601 Pater,
1762 2535 1852 2605 qui
1881 2535 2085 2605 impas-

2195 2535 2459 2605 γεννήσας
2485 2532 2577 2587 τὸν
2612 2533 2742 2587 Υίὺν
2789 2537 2817 2588 ὁ
2855 2536 3045 2607 Πατὴρ
3091 2538 3152 2590 τὸ
3198 2538 3467 2610 πρότερον
3496 2543 3775 2610 φυσικῶς,

504 2624 647 2680 sibili
704 2625 914 2680 ratione
940 2624 1134 2680 Filium
1192 2625 1426 2681 naturali
1499 2627 1663 2682 modo
1685 2628 1836 2699 prius
1877 2629 2085 2700 genuit,

2195 2625 2417 2690 ἀπαθῶς
2446 2626 2536 2679 τὸν
2564 2626 2727 2681 αὑτὸν
2758 2628 3031 2697 γεννήσει,
3065 2629 3160 2683 καὶ
3189 2629 3251 2683 τὸ
3277 2630 3533 2702 δεύτερον
3564 2636 3778 2690 οἰκονοοο

502 2717 681 2784 ipsum
722 2732 938 2789 quoque
966 2732 1033 2773 ex
1070 2729 1122 2776 te
1144 2718 1337 2774 iterum
1360 2733 1457 2789 per
1481 2719 1944 2790 dispensationem
1970 2721 2085 2777 sine

2196 2718 2391 2790 μικῶς·
2424 2719 2638 2790 ’Ὠσπερ
2688 2719 2796 2791 γάρ
2844 2737 2929 2783 τις
2976 2720 3174 2791 κόγχος
3217 2722 3513 2793 οὐρανόθεν
3555 2727 3622 2779 ὲκ
3674 2728 3779 2796 τῆς

505 2810 760 2880 passione
823 2812 1125 2883 generabit.
1185 2810 1321 2867 Nam
1380 2813 1460 2867 uti
1517 2814 1725 2868 concha
1775 2813 1992 2869 cmlitus
2019 2830 2085 2870 ex

490 2903 736 2960 Deitatis
760 2902 969 2976 fulgore
1009 2905 1059 2959 in
1093 2915 1249 2961 utero
1307 2905 1605 2976 concipies,
1639 2905 1926 2976 pariesque
1962 2921 2087 2976 pre-

480 2998 806 3054 .tiossitnam
839 2999 1192 3070 margaritam
1232 2998 1533 3066 Christum,
1565 3001 1854 3071 unigenam
1889 3002 2084 3067 lucem,

506 3107 628 3162 quae
662 3108 767 3147 non
796 3092 986 3165 gignit,
1034 3103 1087 3147 et
1115 3107 1331 3164 semper
1364 3102 1686 3164 generatur;
1713 3096 1864 3162 cujus
1897 3108 2084 3164 perso-

508 3185 647 3241 nalis
692 3187 997 3257 proprietas
1038 3196 1118 3243 est
1144 3227 1158 3252 ,
1216 3187 1361 3257 quod
1396 3198 1705 3257 generetur.
1750 3188 1910 3257 911
1944 3187 2001 3242 In
2035 3196 2087 3242 te

484 3279 654 3344 leges
677 3292 892 3348 quoque
930 3286 1149 3333 natura
1199 3278 1624 3350 innovabuntur,
1659 3288 1714 3333 et
1758 3295 1859 3333 una
1889 3295 2087 3335 conve-

509 3371 684 3436 nient,
724 3386 844 3440 quae
871 3370 1086 3425 misceri
1108 3378 1403 3439 nequeunt.
1458 3370 1579 3425 Erit
1625 3371 1769 3425 enim
1804 3371 2087 3442 virginitas

478 3500 481 3501 ν
507 3462 726 3532 pariens
745 3502 760 3529 ,
794 3462 1013 3517 deitatis
1038 3471 1199 3531 atque
1232 3462 1587 3518 humanitatis
1611 3463 1793 3518 mistio
1817 3505 1832 3528 ,
1864 3478 2087 3533 perpes-

508 3553 679 3609 sionis
702 3552 1252 3623 etimpassibilitatis,
1283 3554 1410 3609 vita:
1471 3563 1526 3608 et
1590 3555 1801 3620 mortis,
1853 3556 2085 3626 utquod

507 3647 751 3702 deterius
773 3656 881 3713 est,
925 3647 981 3703 in
1011 3648 1263 3703 omnibus
1322 3662 1351 3701 a
1388 3647 1584 3719 potiori
1633 3659 1941 3719 superetur.
1969 3649 2086 3704 Non

508 3743 654 3796 enim
684 3741 1018 3811 operationis
1052 3739 1147 3794 Dei
1185 3741 1635 3811 conceptaculum
1668 3742 1804 3807 eris,
1834 3743 1927 3798 sed
1959 3744 2090 3797 θυι)-

2190 2812 2480 2882 ἀστραπῆς
2518 2814 2616 2882 τῆς
2659 2810 2913 2881 θεότητος
2947 2814 3005 2867 ὲν
3038 2814 3236 2885 γαστρὶ
3267 2814 3429 2881 ἔξεις,
3468 2817 3563 2871 καὶ
3601 2818 3780 2885 τέξεις

2188 2905 2281 2957 τὸν
2327 2904 2622 2973 πολύτιμον
2673 2904 3021 2976 μαργαρίτην
3071 2906 3344 2977 Χριστὸν,
3391 2908 3453 2961 τὸ
3490 2913 3780 2979 μονογενὲς

2191 2997 2328 3066 φῶς,
2360 2997 2421 3051 τὸ
2463 2996 2538 3068 μὴ
2574 2998 2797 3063 γεννῶν,
2829 2998 2917 3051 ἀεὶ
2951 2998 3008 3052 δὲ
3052 2998 3411 3068 γεννώμενον,
3449 2996 3511 3056 οὗ
3546 3004 3608 3056 τὸ
3653 3021 3779 3073 γεν-

2189 3091 2386 3146 νᾶσθαι
2421 3089 2784 3143 ὑποστατικὸν
2820 3091 2979 3162 μόνον
3015 3090 3337 3162 ἰδίωμα.Ἐν
3378 3094 3464 3148 σοὶ
3496 3097 3589 3149 καὶ
3621 3096 3777 3167 νόμοι.

2191 3186 2406 3257 φύσεως
2456 3184 3038 3256 καινοτομηθήσονται,
3075 3186 3171 3239 καὶ
3209 3186 3278 3240 τὰ
3321 3186 3531 3258 ἄμικτα
3561 3190 3779 3259 συμϐή-

2191 3276 2569 3331 σεται.Ἔσται
2598 3275 2707 3345 γὰρ
2735 3274 3007 3345 παρθενία
3033 3275 3317 3331 τίκτουσα.
3336 3277 3499 3342 Μίξις
3523 3278 3780 3349 θεότητος

2190 3373 2286 3425 καὶ
2330 3370 2787 3441 ἀνθρωπότητος,
2807 3369 3013 3433 πάθους
3060 3369 3155 3422 καὶ⁵
3186 3369 3472 3435 ἀπαθείας,
3504 3371 3654 3441 ζωῆς
3684 3374 3781 3425 καὶ

2192 3467 2444 3531 θανάτου,
2477 3464 2552 3527 ῶς
2583 3465 2649 3518 ἂν
2692 3463 2752 3515 ὲν
2800 3464 2966 3516 πᾶσιν
2996 3461 3313 3533 ὲκνικηθείη
3349 3463 3411 3516 τὸ
3455 3466 3639 3534 χεῖρον
3673 3466 3782 3517 ὑπὸ

2187 3560 2282 3613 τοῦ
2335 3558 2660 3631 κρείττονος.
2707 3557 2779 3610 Οὐ
2830 3556 2938 3627 γὰρ
2988 3554 3271 3627 ἐνεργείας
3322 3555 3459 3609 Θεοῦ
3513 3556 3781 3627 ὑπάρξεις

2186 3655 2410 3723 δοχεῖον,
2459 3650 2577 3705 ἀλλ’
2605 3648 2878 3712 οὑσιωδῶς
2910 3648 3011 3719 τῆς
3054 3647 3151 3701 τοῦ
3197 3648 3333 3702 Θεοῦ
3382 3649 3733 3709 ὑποστάσεως
3762 3666 3777 3680 ·

2189 3748 2284 3801 καλ⁸
2322 3748 2516 3817 μοῖραν
2562 3746 2626 3797 ὲκ
2679 3742 2772 3796 σοῦ
2802 3741 3176 3813 προσλήψεται
3209 3743 3238 3795 6
3275 3741 3642 3813 Δημιουργδς,
3677 3742 3781 3811 τὴν

506 3833 750 3888 stantiali
797 3832 986 3899 modo,
1028 3832 1122 3889 Dei
1170 3835 1480 3905 hypostasis
1523 3848 1588 3888 ac
1629 3850 1897 3904 personae.
1948 3833 2085 3889 Poru

2195 3841 2444 3912 ἀπαρχὴν
2490 3839 2582 3892 τοῦ
2615 3836 2956 3908 ἀνθρωπίνου
2994 3835 3312 3907 φυράματος
3355 3836 3420 3888 ἐκ
3460 3834 3781 3905 Πνεύματος

507 3926 708 3983 tionem
752 3941 819 3983 ex
853 3938 905 3982 te
944 3926 1215 3983 Conditor
1269 3941 1453 3983 rerum
1518 3938 1781 3993 assutnet.
1834 3929 2085 3986 humanae

484 4033 699 4075 (massze
730 4021 1018 4090 primitias,
1052 4037 1119 4077 ex
1155 4019 1362 4091 Spiritu
1400 4030 1627 4091 _sancto,
1684 4021 1900 4093 tuisque
1955 4036 2084 4077 san-

508 4113 760 4182 guinihus
791 4111 962 4170 factus
986 4129 1136 4183 caro.

1754 4307 2166 4325 Μ

2190 3936 2368 4002 ἁγίου,
2404 3933 2497 3986 καὶ
2522 3930 2632 3985 τῶν
2663 3929 2773 3983 σῶν
2804 3927 3055 3999 αἱμάτων
3090 3924 3415 3996 σαρκωθείς.

2176 4286 3690 4322 _____________________________.._.

569 4445 707 4501 .Tres
756 4449 1079 4515 precationes
1113 4448 1241 4501 istas
1282 4455 1404 4502 ante
1452 4449 1802 4517 sumptionem
1840 4447 2032 4502 divina:
2063 4442 2753 4517 Eucharistiterrecitandas
2778 4478 2795 4506 ,
2843 4438 3021 4517 reperi
3042 4431 3415 4517 iniﬂorologio
3445 4430 3781 4517 Gran't‘orttttt.

508 4527 556 4570 et
591 4499 861 4589 rinﬁeadice
891 4499 1434 4589 ηιεηςὴὶριὶἀέὶειέὲῖζς.
1454 4499 2444 4589 redita.“'Ebr'b'iiéiiéa,clauserit:
2477 4515 2685 4585 copiam
2716 4499 2793 4566 de.
2819 4499 2963 4564 more
2993 4507 3113 4576 {erit
3154 4499 3462 4558 reverendus
3493 4499 3783 4554 admodum

509 4588 947 4659 doetissimusque
974 4586 1042 4644 Ρ.
1074 4588 1141 4642 D.
1173 4588 1480 4645 Bernardus
1507 4589 1571 4643 de
1595 4587 2030 4661 Montefalconis.

861 4747 1103 4801 Precatio
1139 4747 1365 4802 Joannis
1411 4748 1745 4804 Damasceni.

580 4860 719 4917 Here
755 4859 981 4917 Domine
1014 4859 1141 4916 Jesu
1176 4861 1415 4951 Christe,
1444 4860 1587 4918 Deus
1618 4872 1827 4930 noster,
1866 4863 1959 4933 qui
1996 4878 2088 4920 so-

492 4954 593 5015 lus
632 4962 899 5021 potestate
933 4954 1101 5023 polles
1146 4955 1456 5010 hominibus
1504 4965 1724 5024 peccata
1757 4957 2087 5023 remittendi,

2445 4740 2617 4812 Εὒχὴ
2654 4738 2940 4796 Ἰωάννου
2971 4734 3080 4790 τοῦ
3102 4727 3529 4804 Δαμασκηνοῦ.

2266 4858 2511 4911 Δέσποτα
2543 4854 2716 4926 Κύριε
2755 4851 2929 4922 Ἰησοῦ
2951 4847 3179 4921 Χριστὲ,
3208 4849 3235 4901 6
3258 4845 3391 4908 Θεὸς
3416 4841 3594 4914 ἡμῶν,
3621 4841 3651 4893 6
3686 4840 3783 4910 μό-

2195 4970 2288 5015 νος
2316 4951 2456 5022 ἔχων
2486 4949 2738 5016 ἐξουσίαν
2768 4944 3080 5015 ἀνθρώποις
3112 4941 3330 5011 ἀφιέναι
3360 4934 3638 5009 ἁμαρτίας
3661 4974 3675 4995 ,
3710 4933 3784 4995 ῶς

509 5055 567 5101 ut
598 5046 691 5117 qui
733 5048 908 5102 bonus
951 5061 1014 5101 ac
1062 5046 1488 5116 benignissimus
1533 5048 1629 5113 sis,
1660 5049 1908 5103 condona
1957 5049 2085 5104 mihi

2195 5044 2401 5113 ἀγαθὸς
2441 5042 2536 5097 καὶ
2565 5040 2982 5111 φιλάνθρωπος,
3018 5034 3215 5106 «captae
3264 5049 3364 5104 μου
3399 5030 3578 5085 πάντα
3610 5027 3680 5080 τὰ
3728 5028 3787 5078 ὲν

509 5138 692 5208 lapsus
724 5152 898 5206 meos,
925 5150 1294 5208 quoscunque,
1322 5136 1690 5205 vel-scienter,
1723 5137 1809 5192 vel
1839 5139 2092 5209 ignoran-

510 5239 593 5284 ter
627 5229 859 5297 admisi;
906 5242 1103 5299 meque
1153 5228 1371 5299 dignum
1403 5227 1585 5294 facito,
1621 5230 1713 5299 qui
1758 5230 2087 5295 divinorum,

509 5321 894 5390 gloriosorum,
952 5321 1440 5381 immaculatorum,
1488 5333 1553 5372 ac
1596 5318 1932 5374 viviﬁcorum
1973 5335 2090 5390 my-

509 5414 798 5469 steriorum
833 5426 1049 5469 tuorum
1094 5414 1236 5468 nulla
1269 5427 1388 5467 mea
1421 5412 1771 5466 damnatione
1812 5412 2088 5483 particeps

509 5507 732 5567 efﬁciat,
770 5522 877 5560 non
917 5509 982 5560 ad
1023 5521 1239 5573 poenam
1277 5519 1341 5560 ac
1370 5504 1714 5574 supplicium,
1746 5521 1851 5559 non
1895 5505 1959 5559 ad
1992 5520 2090 5560 au-

510 5598 744 5652 ctionem
781 5596 1083 5664 culparum,
1116 5597 1209 5651 sed
1253 5597 1319 5651 ad
1360 5596 1814 5664 emendationem,
1846 5597 2089 5651 sanctiﬁ-

513 5690 917 5759 cationetnque,
956 5700 1011 5746 ct
1059 5693 1252 5761 pignus
1288 5689 1480 5744 futura:
1527 5691 1649 5744 vitae
1690 5701 1745 5745 et
1789 5691 1978 5760 regni;
2034 5699 2092 5743 ut

515 5784 646 5838 mihi
680 5799 889 5847 murus,
920 5785 1494 5856 propugnaculumque
1535 5784 1626 5847 sit,
1671 5794 1725 5839 et
1755 5786 2093 5838 adversario-

515 5892 637 5933 rum
666 5878 897 5948 eversio,
930 5889 1092 5949 atque
1139 5882 1191 5935 in
1229 5878 1626 5937 abstersionem
1667 5878 1963 5935 multorum
1997 5877 2092 5931 de—

2183 5136 2397 5208 ’γνώσει
2425 5135 2521 5189 καὶ
2553 5131 2747 5202 ἀγνοίᾳ
2777 5130 3118 5199 πταίσματα,
3154 5126 3250 5179 καὶ
3278 5122 3509 5191 άξίωσόν
3547 5137 3615 5190 με
3644 5119 3789 5171 ἀκα-

2196 5226 2473 5298 τακρίτως
2524 5222 2850 5297 μεταλασεῖν
2892 5220 3001 5273 τῶν
3035 5219 3222 5282 θείων,
3268 5217 3364 5269 καὶ
3399 5211 3657 5275 ἐνδόξων,
3690 5210 3789 5262 καὶ

2197 5320 2505 5392 ἁχράντων,
2555 5317 2652 5369 καὶ
2705 5312 2988 5379 ζωοποιῶν
3038 5329 3131 5365 σου
3190 5305 3545 5380 μυστηρίων,
3580 5300 3655 5372 μὴ
3705 5302 3788 5362 είς

2199 5412 2458 5477 κόλασιν,
2511 5407 2585 5480 μὴ
2637 5409 2717 5470 εἰς
2769 5404 3093 5477 προσθήκην
3151 5398 3482 5471 ἁμαρτιῶν,
3534 5393 3651 5447 ἀλλ’
3704 5393 3788 5454 είς

2196 5502 2561 5575 καθαρισμὸν,
2597 5501 2691 5553 καὶ
2719 5496 3015 5568 άγιασμδν,
3054 5496 3149 5548 καὶ
3187 5490 3486 5563 ἀρραϐῶνα
3516 5487 3614 5556 τῆς
3651 5484 3787 5555 μελ-

2195 5595 2395 5664 λούσης
2416 5593 2561 5662 ζωῆς
2585 5593 2680 5646 καὶ
2712 5589 3011 5662 βασιλείας,
3040 5589 3120 5649 εἰς
3150 5588 3351 5654 τεῖχος,
3380 5581 3475 5634 καὶ
3507 5577 3786 5649 βοήθειαν,

2198 5687 2291 5742 καὶ
2334 5684 2647 5757 ἀνατροπὴν
2694 5683 2802 5737 τῶν
2852 5679 3153 5743 ἐναντίων,
3213 5678 3294 5739 εἰς
3348 5672 3627 5740 ἐξάλειψιν
3674 5669 3790 5721 τῶν

2203 5780 2415 5835 πολλῶν
2440 5796 2542 5849 μου
2572 5775 3082 5847 πλημμελημάτων.
3114 5771 3187 5823 Σὺ
3210 5769 3320 5838 γὰρ
3347 5761 3398 5817 εἷ
3419 5763 3552 5825 Θεὸς
3577 5760 3787 5849 ἐλέους,

2202 5871 2296 5925 καὶ
2323 5847 2649 5937 οἰκτιρμῶν,
2684 5866 2777 5919 καὶ
2802 5860 3231 5935 φιλανθρωπίας·
3266 5857 3360 5909 καὶ
3387 5853 3468 5908 σοὶ⁸
3497 5851 3599 5924 τὴν
3625 5847 3789 5914 δόξαν
