3968 6348
297 344 400 407 817

1753 345 2115 409 CARMINA.

3426 342 3529 407 818

289 454 687 525 ἀναπέμπομεν
716 455 812 508 σὺν
835 455 913 524 τῷ
940 457 1135 527 Πατρί,
1172 458 1266 511 καὶ
1292 456 1370 529 τῷ
1398 458 1535 531 ἁγίῳ
1560 460 1857 529 Πνεύματι,

1969 456 2212 510 lictorum
2254 470 2517 512 meorum.
2552 455 2631 511 Tu
2675 457 2941 528 siquidem
2973 471 3030 513 es
3061 456 3201 511 Deus
3235 453 3536 510 misericor-

289 544 407 610 νῦν,
452 547 548 598 καὶ
597 545 720 609 ἀεὶ,
770 547 861 598 καὶ
910 548 991 609 εἰς
1037 549 1163 611 τοὺς
1213 548 1415 613 αἰῶνας
1466 550 1574 603 τῶν
1626 549 1861 606 αἰώνων.

302 638 478 708 Ἀμήν

286 835 455 905 Εὐχὴ
481 835 649 904 ἑτέρα
674 835 777 889 τοῦ
798 834 985 889 αὑτοῦ
1024 836 1295 891 Ἰωάννου
1317 837 1421 892 τοῦ
1441 837 1860 907 Δαμασκηνοῦ.

364 948 478 1017 ῐῐρδ
504 948 616 1000 τῶν
646 946 824 1017 θυρῶν
848 947 942 1001 τοῦ
968 947 1099 1001 ναοῦ
1125 965 1217 1002 σου
1247 949 1594 1021 παρέστηκα,
1624 947 1721 1000 καὶ
1752 947 1862 999 τῶν

290 1039 483 1093 δεινῶν
516 1038 794 1109 λογισμῶν
820 1040 922 1093 οὐκ
955 1041 1283 1110 ἀφίσταμαι.
1326 1040 1488 1092 Ἀλλὰ
1522 1040 1587 1092 σὺ
1612 1079 1627 1102 ,
1659 1038 1863 1108 Χριστὲ

292 1135 320 1185 ὁ
346 1131 541 1195 Θεὺς.ό
562 1130 802 1200 τελώνην
821 1130 1137 1196 δικαιώσας,
1160 1132 1255 1185 καὶ
1272 1130 1583 1185 Χαναναίαν
1607 1130 1860 1201 ἐλεήσας,

294 1223 392 1276 καί
435 1222 513 1292 τῷ
556 1221 726 1294 λῃστῇ
763 1222 1093 1295 παραδείσου
1143 1221 1319 1285 πύλας
1365 1220 1605 1287 ἀνοίξας,
1653 1220 1863 1287 ἀνοιξόν

298 1330 403 1383 μου
434 1311 503 1365 τά
530 1312 815 1381 σπλάγχνα
844 1314 943 1383 τῆς
976 1311 1385 1383 φιλανθρωπίας
1418 1328 1512 1363 σου
1533 1352 1547 1375 ,
1584 1312 1679 1365 καὶ
1714 1309 1862 1373 δέξαι

299 1422 371 1473 με
455 1405 929 1475 προσερχόμενον,
978 1405 1072 1458 xa‘t
1121 1403 1426 1474 ἁπτόμενόν
1456 1419 1590 1468 .σου,
1645 1402 1722 1464 ὡς
1766 1400 1862 1471 τὴν

297 1493 503 1563 πόρνην
532 1494 623 1546 καὶ
654 1493 751 1563 τὴν
785 1493 1182 1565 αἰμόρῤουν.Ἡ
1222 1494 1322 1564 μὲν
1352 1491 1462 1564 γὰρ
1494 1492 1587 1545 τοῦ
1622 1491 1863 1562 κρασπέ-

296 1584 387 1636 δου
430 1601 523 1636 σου
561 1583 815 1654 ἁψαμένη
835 1624 850 1650 ,
881 1584 1119 1654 εὐχερῶς
1152 1583 1251 1653 τὴν
1297 1583 1441 1637 ἴασιν
1472 1582 1693 1637 ἔλαϐεν·
1738 1584 1771 1652 ὴ
1805 1582 1861 1635 δὲ

296 1678 423 1740 τοὺς
462 1677 587 1737 σοὺς
635 1677 938 1746 ἀχράντους
980 1676 1145 1739 πόδας
1179 1678 1539 1748 κρατήσασα,
1570 1676 1670 1746 τὴν
1707 1674 1863 1729 λύσιν

1966 548 2087 613 ἀίω,
2121 548 2528 604 miser-alienum
2569 557 2622 603 et
2651 549 3046 616 humanitatis;
3078 549 3282 618 tibique
3315 546 3542 617 gloriam

1966 651 2341 706 personamus,
2371 655 2492 695 cum
2535 639 2693 695 Patre
2720 649 2775 696 et.
2817 649 3007 695 sancto
3037 639 3263 708 Spiritu,
3298 655 3438 695 nunc
3486 647 3542 693 et

1965 741 2198 799 semper,
2234 737 2291 784 et
2316 729 2370 784 in
2394 729 2591 785 saecula
2618 731 2962 787 smeulorum.
2996 728 3190 786 Amen.

2070 835 2311 891 Precatio
2357 836 2524 892 altera
2564 839 2797 909 ejusdem
2834 838 3061 896 Joannis
3098 837 3435 895 Damasceni.

2034 951 2173 1005 Ante
2211 952 2393 1022 templi
2440 953 2513 1007 tui
2570 952 2715 1010 fores
2753 964 2891 1020 asto,
2932 970 3034 1025 nec
3072 972 3101 1008 a
3136 955 3409 1025 perversis
3448 970 3541 1009 co-

1962 1040 2311 1111 gitationibus
2358 1042 2581 1098 absiste.
2629 1043 2708 1099 Tu
2766 1060 2915 1109 vero,
2964 1043 3182 1100 Christe
3230 1045 3398 1111 Deus,
3445 1046 3541 1115 qui

1961 1128 2306 1199 publicanum
2330 1130 2539 1199 iustitia
2584 1134 2818 1199 donasti,
2850 1145 2905 1190 et
2933 1134 3254 1191 Cbananaaze
3285 1136 3541 1191 misertus

1961 1234 2041 1287 es,
2081 1221 2281 1291 quique
2314 1223 2546 1293 paradisi
2586 1225 2780 1293 januas
2819 1226 3014 1281 latroni
3060 1226 3340 1295 aperuisti,
3394 1226 3544 1281 beni-

1960 1311 2179 1380 gnitatis
2203 1320 2305 1367 tua;
2331 1314 2532 1370 viscera
2568 1316 2697 1369 mihi
2735 1317 2929 1385 pande,
2965 1331 3158 1387 meque
3194 1318 3261 1371 ad
3294 1326 3344 1372 te
3383 1332 3539 1373 acce-

1962 1402 2197 1469 dentem,
2227 1418 2291 1457 ac
2318 1412 2369 1459 te
2396 1412 2702 1475 tangentem
2737 1409 2974 1495 suscipe,
3001 1408 3166 1464 veluti
3200 1409 3538 1464 meretricem

1961 1492 2126 1557 illam,
2162 1502 2217 1549 et
2248 1494 2524 1564 sanguinis
2552 1495 2696 1552 ﬂuxu
2735 1492 3108 1554 laborantem.
3144 1498 3237 1555 llla
3273 1501 3538 1570 siquidem

1962 1583 2229 1638 ﬁmbriam
2261 1584 2581 1655 contingens
2632 1597 2799 1654 tuam,
2842 1590 2992 1644 brevi
3042 1591 3260 1662 negotio
3300 1590 3536 1646 salutem

1964 1675 2152 1745 adepta
2197 1684 2322 1730 est:
2355 1675 2490 1741 haec,
2530 1677 2619 1733 ubi
2666 1679 3043 1735 immaculatos
3084 1682 3247 1751 pedes
3294 1691 3412 1736 tuos
3444 1696 3539 1750 ap-

295 1766 409 1819 τῶν
438 1767 852 1837 ἁμαρτημάτων
892 1766 1206 1835 ἐκομίσατο.
1253 1765 1394 1834 Ἐγὼ
1434 1766 1490 1819 δὲ
1533 1768 1562 1819 ό
1599 1764 1861 1826 ἐλεεινὸς,

1969 1771 2287 1839 prehendit,
2334 1780 2677 1840 peccatorum
2722 1773 3112 1842 indulgentiam
3170 1774 3373 1827 retulit.
3404 1773 3540 1841 δεμ

294 1858 415 1912 ὅλον
445 1874 539 1910 σου
570 1858 630 1911 τὸ
666 1858 826 1928 σῶμα
859 1857 1070 1911 πολλῶν
1114 1857 1367 1925 δέξασθαι
1392 1899 1406 1923 ,
1465 1856 1538 1929 μὴ
1591 1855 1863 1925 καταφλε-

296 1949 489 2019 χθείην
510 1990 523 2015 ,
559 1950 693 2003 ἀλλά
724 1950 875 2016 δέξαι
910 1965 976 2020 με
1002 1948 1191 2020 ὥσπερ
1228 1948 1472 2013 ὲκείνας,
1507 1948 1601 2000 καὶ
1632 1947 1865 2016 φώτισόν

299 2057 404 2109 μου
432 2039 500 2094 τὰ
528 2040 628 2110 τῆς
656 2040 835 2112 ψυχῆς
863 2039 1191 2111 αἰσθητήρια
1210 2078 1226 2104 ,
1258 2038 1615 2108 καταφλέγων
1663 2054 1764 2109 μου
1796 2038 1865 2092 τὰ

295 2131 397 2201 τῆς
432 2132 705 2203 ἁμαρτίας
746 2132 1088 2202 ἐγκλήματα.
1122 2130 1451 2201 Πρεσϐεἰαις
1472 2130 1571 2199 τῆς
1610 2130 1866 2199 ἀσπόρως

295 2218 561 2291 τεκούσης
589 2236 672 2285 σε,
703 2220 798 2273 καὶ
821 2219 927 2273 τῶν
959 2219 1298 2290 ἐπουρανίων
1326 2218 1628 2289 δυνάμεων·
1664 2218 1748 2271 ὅτι
1773 2217 1865 2269 εὐ-

296 2310 523 2381 λογητὸς
553 2304 607 2363 εἰ
633 2311 714 2373 εἰς
736 2300 861 2373 τοῦς
882 2308 1085 2373 αἰῶνας
1110 2308 1219 2363 τῶν
1249 2306 1477 2362 αἰώνων.
1524 2306 1717 2377 Ἀμήν.

712 2509 880 2579 Εὺχὴ
906 2508 1075 2578 ἑτέρα
1096 2510 1202 2563 τοῦ
1232 2510 1437 2563 αὐτου.

368 2617 717 2690 Τετρωμένος
744 2617 973 2689 καρδίαν
1005 2619 1120 2690 εἰμί
1149 2618 1279 2686 ἐγώ·
1311 2618 1529 2689 ἐξέτηξε
1562 2636 1629 2689 με
1653 2620 1681 2673 ό
1704 2618 1865 2691 me;

298 2728 416 2775 σου,
447 2709 709 2779 ήλλοίωσέ
751 2726 819 2780 με
866 2711 899 2780 ή
938 2711 1125 2780 ἀγάπη
1167 2727 1293 2776 σου,
1333 2710 1612 2766 Δέσποτα*
1644 2712 1865 2783 δέσμιός

294 2804 413 2869 εἰμι
444 2799 522 2871 τῷ
560 2800 725 2873 ἔρωτί
753 2817 870 2854 σου.
911 2801 1315 2872 Ἐμπλησθείην
1353 2818 1445 2854 σου
1482 2801 1592 2855 τῶν
1619 2803 1860 2874 σαρκῶνο

294 2890 613 2962 κορεσθείην
657 2890 751 2944 τοῦ
782 2890 990 2961 ζωεροῢ
1048 2891 1140 2944 καὶ
1183 2891 1430 2945 θεοποιοῦ
1476 2893 1705 2963 αἵματός
1735 2910 1861 2947 σουο

292 2981 665 3051 ἀπολαύσαιμι
698 2980 807 3034 τῶν
833 2980 1074 3049 ἀγαθῶν·
1105 2984 1589 3054 κατατρυφήσαιμι
1633 2986 1733 3054 τῆς
1765 2985 1863 3055 σῆς

291 3074 563 3144 θεότητος*
586 3072 733 3137 ἄξιος
756 3072 1016 3141 γενοίμην
1044 3072 1323 3142 ἐρχομένῳ
1349 3073 1488 3142 μετὰ
1509 3074 1668 3144 δόξης
1692 3075 1863 3128 ὑπαν-

1966 1873 2096 1914 vero
2123 1860 2287 1914 miser
2330 1875 2572 1930 prorsus,
2610 1860 2701 1930 qui
2752 1870 2921 1916 totum
2968 1876 3165 1932 corpus
3204 1870 3353 1915 tuum
3403 1862 3541 1915 reci-

1961 1963 2089 2017 pere
2130 1950 2322 2016 audeo,
2352 1951 2557 2006 utinam
2588 1952 2659 2007 ab
2693 1952 2946 2008 incendio
2973 1952 3225 2007 immunis
3269 1960 3323 2005 et
3358 1951 3540 2006 salvus

1962 2039 2184 2093 evadam
2216 2058 2229 2094 :
2262 2041 2357 2095 sed
2389 2056 2474 2097 me
2520 2050 2580 2095 ut
2625 2042 2745 2098 illas
2777 2044 2905 2097 olim
2938 2042 3225 2108 suscipias,
3265 2042 3539 2108 animique

1964 2143 2155 2184 sensus
2200 2128 2492 2198 illumines,
2536 2132 2747 2188 cunctis
2785 2132 2990 2202 peccati
3028 2132 3270 2187 reatibus
3313 2132 3538 2187 combu-

1963 2221 2084 2285 stis,
2134 2219 2275 2276 illius
2312 2221 2824 2289 interventionibus,
2859 2238 2981 2293 quae
3026 2223 3145 2278 sine
3184 2222 3390 2277 semine
3442 2237 3535 2292 ge-

1963 2311 2081 2365 nuit
2108 2329 2121 2366 :
2155 2312 2407 2381 quoniam
2432 2312 2753 2370 benedictus
2782 2329 2840 2370 es
2874 2314 2930 2368 in
2961 2311 3157 2373 saacula
3188 2311 3535 2369 saeculorum.

1965 2404 2159 2457 Amen.

2384 2514 2638 2585 Ejusdem
2668 2517 2900 2584 precatio
2924 2515 3114 2571 altera.

2034 2623 2207 2678 Corde
2248 2625 2561 2680 vulneratus
2599 2640 2700 2695 ego
2754 2641 2872 2680 sum
2903 2645 2917 2682 :
2947 2626 3229 2682 tabescere
3277 2640 3361 2680 me
3412 2623 3541 2681 fecit

1963 2714 2109 2769 zelus
2139 2723 2262 2771 tuus
2289 2726 2345 2771 et
2376 2718 2652 2773 aemulatio
2680 2735 2694 2773 :
2720 2717 3028 2772 immutavit
3060 2734 3146 2772 me
3177 2718 3393 2773 dilectio
3424 2727 3537 2781 tua,

1965 2807 2186 2861 Domine
2220 2825 2234 2861 :
2268 2807 2479 2863 vinctus
2508 2824 2627 2865 sum
2670 2822 2769 2879 ego
2807 2823 2993 2864 amore
3018 2808 3183 2879 912
3217 2810 3315 2864 tui.
3348 2809 3541 2865 Carni-

1963 2897 2063 2952 bus
2095 2897 2201 2952 tuis
2245 2898 2491 2973 implear,
2522 2913 2705 2967 quaeso
2732 2917 2747 2954 :
2780 2898 2993 2954 viviﬁco
3017 2900 3318 2969 deiﬁcoque
3347 2913 3541 2955 cruore

1967 2998 2054 3043 tuo
2094 2998 2308 3044 saturer
2335 3007 2349 3042 :
2377 2990 2530 3044 bonis
2578 2988 2827 3060 perfruar
2866 2991 2993 3045 tuis.
3035 2988 3245 3045 Deitate
3279 2999 3367 3043 tua
3407 2989 3543 3043 deli-

1964 3080 2074 3132 cicr
2107 3097 2120 3131 :
2152 3079 2345 3150 dignus
2379 3078 2604 3145 eﬂiciar,
2636 3080 2727 3149 qui
2765 3079 2859 3135 tibi
2886 3084 3007 3135 cum
3038 3079 3206 3151 gloria
3232 3080 3539 3134 advenienti

289 3165 452 3235 τῆσαί
488 3180 592 3229 σοι,
625 3163 870 3235 ὲναέριος
902 3163 1176 3235 ἁρπαγεὶς
1212 3165 1268 3215 ἐν
1302 3163 1551 3231 νεφέλαις
1588 3164 1687 3217 σὺν
1719 3165 1855 3219 πᾶσι

1969 3166 2150 3221 obvius
2180 3181 2419 3236 pergam,
2452 3167 2508 3220 in
2559 3181 2741 3224 aerem
2792 3178 2978 3237 raptus
3013 3170 3065 3224 in
3116 3169 3367 3234 nubibus,
3415 3184 3538 3224 cum

290 3258 401 3317 τοῖς
428 3256 703 3319 ἐκλεκτοῖς
732 3272 849 3321 σου,
878 3256 954 3319 ὡς
983 3256 1048 3309 ἂν
1079 3254 1233 3325 ὑμνῶ
1250 3294 1265 3320 ,
1294 3256 1389 3308 καὶ
1410 3256 1699 3327 προσκυνῶ
1716 3296 1731 3323 ,
1760 3259 1854 3311 καὶ

1969 3259 2211 3314 οιιιιιὶὺιιε
2244 3258 2430 3313 οΙθοιίε
2460 3260 2589 3326 tuis,
2621 3269 2681 3313 ut
2731 3270 2782 3316 te
2828 3260 3065 3326 laudem,
3098 3261 3449 3329 adoremque,
3486 3268 3542 3313 et

290 3346 497 3410 δοξάζω
552 3363 609 3398 σε
647 3346 977 3417 εὐχαρίστως
1026 3348 1084 3400 ὲν
1136 3346 1519 3419 ἐξομολογήσει
1544 3387 1559 3413 ,
1621 3349 1719 3403 σὺν
1777 3349 1862 3420 τῷ,

1969 3345 2269 3412 :lariticem,
2312 3347 2524 3417 gratias
2570 3363 2736 3419 agens
2784 3350 2839 3403 in
2886 3347 3250 3412 confessione,
3296 3362 3419 3403 cum
3449 3357 3541 3402 tuo

289 3437 508 3508 ἀνάρχῳ
536 3454 629 3490 σου
663 3438 839 3508 Πατρὶ
862 3438 954 3490 καὶ
988 3437 1066 3509 τῷ
1105 3438 1376 3507 παναγίῳ,
1402 3438 1495 3493 καὶ
1523 3439 1735 3509 ἀγαθῷ,
1764 3442 1857 3494 καὶ

1969 3439 2118 3496 Patre
2162 3450 2217 3495 et
2257 3441 2625 3506 sanctissimo,
2673 3440 3005 3510 optimoque,
3050 3450 3107 3496 et
3163 3439 3287 3494 vitae
3321 3448 3542 3493 auctore

290 3526 542 3597 ζωοποιῷ
581 3544 673 3580 σου
720 3526 1016 3597 Πνεύματι,
1052 3527 1166 3592 νῦν,
1211 3529 1304 3581 καλ⁸
1330 3529 1437 3593 ἀεὶ,
1475 3530 1571 3582 καὶ
1616 3532 1698 3591 εἰς
1728 3532 1853 3595 τοὺς

1969 3530 2164 3602 Spiritu
2211 3542 2322 3597 tuo,
2349 3548 2492 3588 nunc
2524 3543 2577 3588 et
2610 3547 2847 3602 semper,
2891 3540 2947 3586 et
2988 3532 3039 3587 in
3071 3530 3268 3587 saecula
3312 3529 3539 3586 saeculo-

288 3614 494 3680 αἰῶνας
519 3615 630 3669 τῶν
656 3614 888 3671 αἰώνων.
928 3618 1120 3689 Ἀμήν.

1969 3636 2097 3676 rum.
2131 3613 2322 3677 Arnen.

1085 3758 1470 3774 —-—-‘-

379 3760 3540 3798 ΝΜ

1542 3889 2283 3983 ADMONITIO.

375 4036 735 4120 Damasgeni
765 4040 1043 4120 carmina
1080 4048 1136 4100 et
1174 4042 1427 4120 cantica
1461 4041 1601 4120 jam
1650 4039 1798 4120 olim
1855 4046 1997 4120 ante
2038 4038 2247 4102 seaculi
2290 4041 2513 4120 decimi
2563 4042 2729 4120 sexti
2762 4040 3033 4102 medium
3066 4040 3273 4120 Roma:
3320 4057 3542 4120 excusa

288 4114 545 4197 [nerant
568 4116 785 4197 Greece
830 4118 1163 4197 Latineque
1192 4118 1267 4177 ab
1310 4114 1827 4197 Aldo'Manutio,
1862 4119 2163 4193 Romano,
2199 4117 2547 4179 earumdem
2574 4119 2936 4197 interprete,
2969 4134 3105 4178 cum
3131 4115 3275 4177 aliis
3308 4117 3543 4197 Cosmce

290 4193 872 4288 Hierosolq‘mitani,
903 4193 1115 4288 Marci
1135 4198 1550 4288 Hydruntini.
1591 4195 2009 4288 Theophanis,
2052 4206 2109 4257 et
2140 4197 2453 4288 Sach'olarii
2477 4220 2509 4288 ;.
2529 4216 2602 4258 ac
2641 4193 2902 4288 saninde
2931 4197 3149 4258 Latine
3188 4202 3429 4288 tanaim
3463 4194 3540 4255 ab

290 4272 565 4355 Henrico
594 4273 1147 4355 Grauio,_ordinis
1175 4272 1700 4355 Praedicatorum,
1740 4272 1808 4337 in
1848 4275 2116 4355 editione
2153 4275 2509 4355 Coloniensi
2537 4275 2690 4336 anni
2731 4274 2903 4355 1546,
2936 4292 3300 4355 rursumque
3332 4275 3539 4355 Greece

291 4359 347 4408 et
380 4351 599 4411 Latine
628 4351 697 4412 in
731 4351 1077 4413 Basileensi
1105 4371 1269 4413 anno
1307 4353 1489 4426 1575,
1531 4373 1603 4415 ac
1654 4355 1903 4416 tandem
1934 4353 2003 4413 in
2029 4353 2493 4416 Parisiensibus
2534 4354 2914 4417 editionibus
2968 4372 3045 4415 ea:
3076 4350 3300 4415 Jacobi
3363 4350 3542 4412 Billii

290 4429 1160 4512 interpretatione._Mangttii
1190 4433 1536 4512 versionem
1562 4479 1577 4505 ,
1619 4434 1768 4512 quia
1809 4429 2065 4512 verbum
2110 4453 2139 4494 e
2190 4433 2376 4495 verba
2412 4433 2735 4512 reddidit,
2794 4452 2824 4494 e
2885 4434 3140 4512 regione
3209 4439 3538 4512 contextus

290 4506 957 4588 Grceciapponendam
1004 4509 1183 4581 duxi,
1213 4509 1611 4588 paucishinc
1625 4506 1799 4572 _inde
1835 4511 2090 4570 mutatis
2121 4532 2153 4579 λ
2190 4519 2319 4572 tum
2366 4512 2586 4572 deinde
2620 4506 2981 4573 Billianam'
2996 4512 3218 4571 stricta
3257 4511 3540 4588 oratione

286 4583 735 4678 metopit‘idsim
775 4586 1037 4678 sypjicio
1064 4635 1079 4661 ,
1146 4583 1357 4678 utpote
1390 4587 1770 4678 liberiorem,
1808 4606 1880 4649 ac
1919 4606 2057 4678 qua:
2102 4607 2346 4678 sensum
2371 4591 2648 4650 auctoris
2691 4607 2768 4650 ex
2806 4597 2936 4649 toto
2965 4605 3092 4678 non
3129 4589 3397 4678 επεν-αι..
3427 4583 3541 4648 [Iis

289 4661 987 4746 idem’Billiusuaddidit
1015 4685 1189 4725 suam
1212 4661 1434 4746 prima:
1457 4668 1664 4745 partis
1687 4661 1975 4746 Gotoeclii
2006 4666 2501 4739 translationem,
2535 4687 2575 4725 a
2615 4685 2737 4746 qua
2762 4683 2928 4728 nunc
2958 4661 3196 4746 edenda
3233 4667 3539 4746 abstineo.

289 4740 634 4879 dumhcerto
676 4741 1033 4881 digztoscere
1057 4740 1274 4823 potero
1305 4740 1558 4825 quinam
1600 4764 1813 4806 versus
1853 4744 2118 4805 Joannis
2169 4746 2534 4806 Damasceni
2563 4740 2713 4819 sint,
2770 4747 3025 4826 quinam
3054 4743 3363 4820 Anatolii,
3401 4745 3538 4805 Meo

289 4828 434 4881 ενοι)
484 4837 623 4881 ants
654 4829 711 4881 et
747 4840 783 4881 a
814 4822 1036 4881 iorum.

289 4820 623 4898 trophanis
654 4829 711 4882 et
747 4820 1036 4883 aliorum.

394 5047 699 5103 ωΑΝΝοΥ
732 5049 869 5103 ΤΟΥ
907 5052 1413 5117 ΔᾹΜΛΣΚΗΝΟΥ,
1454 5054 1562 5107 ΕΙΣ
1608 5055 1751 5108 ΤΗΝ

866 5121 1279 5175 ΘΕΟΓΟΝΙΑΝ.

2083 5054 2366 5110 JOANNIS
2406 5057 2794 5113 DAMASCENI
2835 5057 2902 5111 IN
2943 5052 3419 5112 THEOGUNIAM.

803 5207 887 5269 Οὖ
921 5213 960 5280 ἡ
985 5213 1351 5283 ἀκροστιχίς.
1442 5226 1451 5235 ‘

2437 5213 2759 5282 Principium
2784 5228 3053 5268 versuum.

286 5303 525 5376 Εύεπίης
561 5302 843 5373 μελέεσσιν
877 5303 1113 5374 ὲφύμνια
1144 5304 1314 5357 ταῦτα
1342 5304 1572 5375 λιγαίνει
1599 5347 1612 5373 ,

2026 5303 2287 5374 ..ῐυευιιιίἱε
2314 5306 2560 5362 cautibus
2595 5304 2776 5375 hymni
2813 5302 2904 5358 isti
2939 5312 3147 5357 canunt

1468 5412 1519 5468 J.
1554 5414 1751 5470 BlLLll
1788 5414 2363 5475 INTERPRETATIO.

283 5532 353 5586 Β.
387 5533 950 5611 Ιοαηηξεραηωεοεηὶ
971 5534 1035 5586 de
1064 5532 1288 5611 _Cltri_sti
1347 5535 1641 5611 nativitate,
1687 5539 1848 5594 iambi
2023 5540 2298 5607 Christus,
2326 5542 2415 5611 qui
2449 5541 2565 5597 ﬂeri
2594 5556 2698 5596 non
2729 5538 2993 5594 dubitavit
3016 5539 3184 5594 homo
3220 5562 3233 5594 ι

357 5605 670 5688 pertinatia/tt;
696 5620 957 5688 :qulor'um
992 5606 1177 5672 prima:
1215 5602 1406 5657 litterae
1438 5606 1491 5659 in
1527 5604 1710 5662 erco
1742 5610 1852 5664 ha’c

1969 5631 2205 5688 Solveret
2236 5641 2293 5685 ut
2319 5632 2503 5688 miseri
2533 5631 2769 5686 moriens
2802 5632 3140 5688 incommoda
3175 5630 3384 5687 mundi.

360 5673 465 5724 duo
481 5673 721 5743 dysticha
739 5673 996 5742 efﬁciunt.

290 5737 549 5798 Versibus
590 5744 672 5799 his
704 5741 911 5800 canitur
940 5742 1152 5800 soboles
1196 5752 1395 5799 {eterna
1428 5744 1712 5811 Tonantis,

2035 5722 2128 5778 llis
2168 5723 2309 5777 hunc
2338 5723 2483 5779 solve
2513 5723 2691 5788 malis,
2733 5723 2823 5792 qui
2851 5724 2998 5779 canit
3034 5725 3155 5790 ista,
3187 5722 3352 5780 Deus.
