3968 6348
488 282 589 345 sia
1620 287 1678 345 s.
1719 283 2037 345 JOANNIS
2077 284 2511 345 DAMASCEN’I
3654 271 3757 329 διδ

481 403 833 475 FiliumDei,
863 399 1139 457 hominum
1173 398 1345 467 gratia
1385 408 1568 452 natum

2097 400 2141 457 Α
2174 396 2278 452 Υἷα
2304 400 2461 465 Θεοῦ,
2498 398 2753 470 μερόπων
2781 399 2966 450 εἵνεκα
3002 395 3343 463 τικτόμενον.

482 495 539 549 1η
600 505 780 559 terra,
831 502 884 547 et
933 492 1231 546 solventem
1284 490 1678 545 luctuosissima
1736 498 2049 543 nocumenta

2183 493 2269 543 Ἓν
2293 492 2460 561 χθονὶ,
2488 492 2581 545 καὶ
2615 491 2810 543 λύοντα
2846 489 3145 542 πολύστονα
3190 488 3419 556 πήματα
3452 485 3688 555 κόσμου,

1756 579 1990 651 [mundi.
2558 582 2559 585 ‘

483 677 587 731 Sed
618 692 650 731 ο
682 676 817 741 Rex,
848 674 1113 729 locutores
1139 674 1306 727 libera
1338 675 1404 727 ab
1441 674 1526 727 his
1558 672 1857 728 laboribus.

1775 686 1857 727 us.
2184 673 2322 725 Ἀλλ’
2355 674 2478 728 ἄνα.
2510 672 2750 742 ρητῆρας
2787 670 2912 741 ῥύεο
2938 668 3105 722 τῶνδε
3142 666 3342 720 πόνων.

551 787 787 842 Salvavit
813 787 1063 856 populum
1102 788 1236 841 mira
1262 796 1480 856 patraus
1516 790 1703 852 herus,

2244 787 2454 840 Ἔσωσε
2493 784 2620 838 λαὸν
2657 781 3089 854 θαυματουργῶν
3118 780 3405 847 δεσπότης,

480 877 761 948 Liquidam
802 877 964 931 maris
1002 879 1200 932 undam
1225 880 1503 933 exsiccans
1533 880 1659 933 olim
1697 895 1710 932 :

2181 879 2378 949 ’Υγρδν
2415 878 2689 946 θαλάσσης
2734 875 2886 946 κῦμα
2923 870 3208 957 χερσώσας
3245 868 3436 927 πάλαι,

479 967 591 1019 Non
620 967 822 1020 invitus
850 975 1029 1021 autem
1070 976 1227 1023 natus
1267 984 1328 1023 ex
1358 968 1556 1037 puella,
1604 968 1792 1024 callem
1828 970 2046 1023 accessi-

1843 970 2062 1023 tccessi-
2184 971 2355 1025 Ἐκὼν
2383 971 2439 1023 δὲ
2464 969 2677 1040 τεχθεὶς
2698 971 2763 1022 ἐκ
2791 968 2981 1038 κόρης,
3015 964 3203 1034 τρίϐον
3241 963 3410 1034 βατὴν

1803 1060 1990 1133 [bilem
2118 1058 2131 1075 ί
2376 1052 2386 1062 ’

479 1147 588 1202 l’nli
626 1158 774 1218 pomt
808 1151 980 1215 nobis,
1016 1166 1173 1221 quem
1211 1153 1506 1207 secundum
1553 1154 1853 1207 substantia
1879 1171 1909 1206 ιι

1686 1154 1853 1206 tantia
1879 1171 1909 1206 ιι
2169 1148 2338 1203 Πόλον
2368 1146 2583 1217 τίθησιν
2614 1146 2767 1216 ἡμῖν,
2803 1143 2863 1196 ὃν
2892 1144 3012 1197 κατ’
3039 1142 3252 1203 οὐσίαν,

475 1238 762 1307 aliquidem
794 1239 937 1294 Patri
965 1251 1020 1296 et
1057 1242 1374 1295 mortalibus
1411 1243 1805 1312 glorificamus.

545 1331 787 1385 Portavit
820 1342 1013 1387 venter
1046 1344 1291 1388 sacratus
1324 1334 1583 1396 Verbum,

479 1422 761 1477 lllaniieste
789 1423 1131 1479 incombusto
1162 1427 1424 1493 ﬁguratus
1462 1426 1618 1492 rubo,

477 1514 831 1568 Commistum
865 1514 1049 1570 fortnte
1080 1517 1312 1579 mortali,
1353 1517 1467 1579 Dei,

482 1605 604 1661 Erae
642 1608 895 1661 miserum
932 1618 1173 1663 ventrem
1220 1609 1601 1663 maledictione
1635 1599 1847 1663 vetnstzi

482 1698 709 1754 Solvcns
749 1715 958 1766 amara,
995 1702 1137 1771 quod
1168 1700 1424 1755 mortales
1461 1700 1849 1767 gloriﬁcamus.

551 1790 803 1843 Ostendit
840 1790 993 1845 stella
1027 1791 1167 1861 quod
1194 1789 1308 1844 sole
1342 1799 1424 1845 est
1455 1791 1623 1858 prius,
1655 1788 1915 1857 Verbum,

480 1878 784 1933 Profectum
814 1884 881 1935 ad
913 1881 1210 1936 sedandum
1248 1890 1551 1949 peccatum,
1583 1880 1772 1950 Magis,

485 1970 669 2024 Palam
704 1987 991 2041 pauperem
1018 1972 1071 2025 in
1101 1973 1434 2042 speluncam,
1475 1972 1905 2033 misericordem,

485 2060 562 2115 Te
588 2062 773 2116 fasciis
805 2061 1101 2115 involutum
1134 2080 1148 2115 ε
1180 2061 1322 2131 quod
1352 2060 1522 2115 laetati

478 2149 739 2204 Viderunt
774 2149 935 2213 idem,
968 2158 1022 2205 et
1052 2150 1293 2212 mortale,
1330 2160 1383 2204 et
1418 2148 1730 2207 Dominum.

548 2242 737 2295 Annue
763 2244 826 2295 ad
856 2243 1083 2315 hymnos
1112 2257 1411 2306 servorum,
1445 2244 1782 2310 benefactor,

478 2332 681 2390 inimici
709 2335 998 2390 bumilians
1026 2334 1226 2389 elatum
1258 2335 1630 2403 supercilium,

480 2425 808 2493 Fcrensque,
845 2426 934 2494 qui
975 2435 1169 2479 cuncta
1201 2426 1402 2488 cernis,
1432 2436 1652 2494 peccato

484 2518 721 2586 Desuper
753 2517 1098 2571 immobiliter
1132 2518 1396 2585 firmatos,

480 2609 524 2663 Ο
557 2611 731 2672 beate,
766 2621 1016 2663 cantores
1045 2610 1385 2664 firmamento
1415 2610 1559 2665 ﬂdei.

551 2701 773 2770 Spensa:
805 2715 1052 2769 perpura:
1082 2701 1236 2755 valde
1270 2702 1490 2757 divitem
1523 2716 1735 2773 partum

486 2795 679 2849 Videre
708 2807 872 2862 supra
896 2806 1111 2847 sensum
1142 2794 1336 2865 dignus
1365 2795 1536 2851 factus
1571 2799 1795 2862 chorus,

478 2887 603 2957 Agri
629 2886 802 2940 incola
838 2883 1154 2939 movebatur
1189 2887 1419 2940 mirabili
1451 2888 1635 2955 modo,

476 2979 756 3043 Ordinem,
788 2989 1200 3047 eanentemque,
1234 2979 1675 3049 incorporcormn

482 3069 677 3139 Regem
704 3068 977 3125 Christum
1003 3071 1121 3125 siue
1151 3072 1358 3147 semine
1391 3075 1756 3130 iucarnatmn.

544 3159 861 3216 Celsitudini
894 3161 1164 3230 imperans
1198 3164 1480 3229 caelorum,
1532 3168 1601 3219 ob
1631 3166 2056 3221 misericordiam

479 3250 672 3304 Exstat
709 3250 1004 3304 secundum
1040 3266 1138 3305 nos
1159 3265 1223 3304 ex
1258 3252 1477 3322 innupta
1514 3253 1753 3325 Virgim-,

482 3340 715 3398 Materiae
741 3353 936 3409 expers
963 3341 1234 3395 exsistens
1263 3350 1408 3406 ante,
1447 3343 1541 3397 sed
1574 3346 1625 3396 in
1659 3347 1919 3401 extremis

487 3429 715 3489 Verbum
745 3428 1133 3497 impiuguatum
1155 3445 1340 3495 carne,
1371 3431 1701 3501 prolapsum,

483 3525 552 3579 lit
574 3523 640 3576 ad
670 3535 729 3576 se
765 3520 1003 3576 traheret
1026 3535 1185 3591 quem
1213 3522 1389 3590 primo
1420 3523 1767 3580 formaverat.

554 3610 782 3670 Generis
815 3614 1057 3669 mortalis
1089 3616 1529 3671 reformationem
1556 3620 1683 3673 olim

476 3706 691 3763 Canens
722 3706 985 3777 propheta
1011 3705 1344 3773 llabbacmn,
1376 3710 1717 3777 praenuntiat,

481 3800 676 3855 Videre
708 3798 959 3855 iueﬂabili
997 3799 1155 3854 modo
1188 3802 1380 3871 dignus
1412 3802 1583 3857 factus
1618 3803 1866 3871 figuram.

480 3890 658 3946 Novus
694 3890 871 3946 infans
909 3892 1052 3946 enim
1089 3909 1152 3946 ex
1182 3902 1361 3946 monte
1397 3908 1489 3947 seu
1531 3893 1746 3962 Virgine

480 3984 681 4051 Exivit,
711 3987 785 4042 ad
803 3987 1121 4057 populorqu
1164 3985 1621 4048 reformationem,
1660 3985 1909 4047 Verbum.

550 4070 657 4135 Par
686 4079 995 4149 processisti
1030 4078 1348 4134 mortalibus
1384 4091 1593 4147 sponte,

2168 1235 2314 1292 Ἶσόν
2337 1256 2393 1292 τε
2427 1238 2601 1309 Πατρὶ
2629 1237 2722 1290 καὶ
2754 1236 2962 1307 βροτοῖς
2990 1234 3306 1303 δοξάζομεν.

2242 1327 2477 1394 ’Πνεγκε
2512 1323 2727 1395 γαστὴρ
2755 1322 3085 1395 ἡγιασμένη,
3117 1324 3321 1390 Λόγον,

2171 1418 2362 1484 Σαφῶς
2400 1416 2683 1487 άφλέκτως
2716 1412 3153 1484 ζωγραφουμένη
3184 1412 3363 1483 βάτῳ,

2170 1511 2419 1579 Μιγέντα
2452 1512 2634 1581 μορφῇ
2674 1511 2739 1580 τῇ
2771 1508 3058 1579 βροτησίᾳ.
3093 1506 3230 1558 Θεοῦ
3254 1544 3269 1568 ,

2171 1602 2313 1664 Εὔας
2335 1602 2594 1654 τάλαιναν
2626 1600 2787 1669 νηδὺν
2818 1600 2961 1669 άρᾶς
2979 1599 3079 1667 τῆς
3103 1596 3269 1651 πάλαι
3294 1637 3307 1660 ,

2172 1692 2380 1746 Λῦοντα
2410 1694 2631 1762 πικρᾶς,
2660 1692 2718 1745 ὃν
2754 1691 2935 1763 βροτοὶ
2968 1687 3290 1756 δοξάζομεν.

2246 1784 2488 1850 Ἔδειξεν
2518 1785 2692 1856 ἀστὴρ
2723 1784 2814 1837 τὸν
2840 1783 2944 1854 πρὸ
2973 1783 3124 1849 ἡλίου
3157 1780 3329 1847 Λόγον
3352 1821 3371 1847 ,

2184 1874 2432 1927 Ἐλθόντα
2464 1873 2665 1927 παῦσαι
2694 1872 2790 1944 τὴν
2824 1874 3099 1943 ἁμαρτίαν
3123 1909 3139 1935 ,
3168 1871 3416 1938 Μάγοις,

2170 1968 2363 2037 Σαφῶς
2393 1968 2647 2038 πενιχρὸν
2677 1968 2757 2030 εἰς
2790 1965 2953 2029 σπέος
2981 1965 3073 2018 τὸν
3106 1962 3366 2034 συμπαθῆ
3388 2002 3403 2029 ,

2170 2060 2237 2113 Σὲ
2263 2060 2598 2130 σπαργάνοις
2623 2058 2857 2120 ἑλικτὸν,
2878 2057 2938 2110 ὃν
2969 2055 3289 2126 γεγηθότες,

2171 2149 2326 2207 Εἶδον
2352 2152 2443 2205 τὸν
2470 2152 2655 2217 αὑτὸν,
2690 2153 2784 2203 καὶ
2811 2149 3024 2221 βροτὸν,
3056 2147 3152 2201 καὶ
3177 2147 3387 2218 Κύριον

2238 2242 2449 2297 Νεῦσον
2485 2241 2620 2312 πρὸς
2655 2241 2861 2313 ὕμνους
2889 2239 3138 2305 οἰκετῶν,
3178 2238 3465 2308 εὐεργέτα,

2182 2331 2407 2404 Ἐχθροῦ
2451 2331 2721 2386 ταπεινῶν
2756 2332 2855 2401 τὴν
2886 2328 3206 2399 ἐπηρμένην
3240 2326 3434 2397 ὀφρύν.

2167 2425 2352 2497 Φέρων
2378 2443 2458 2489 τε,
2494 2424 2848 2477 παντεπὸπτα
2869 2462 2884 2487 ,
2911 2422 3014 2491 τῆς
3038 2420 3316 2492 ἁμαρτίας

2173 2518 2448 2589 Ὕπερθεν
2484 2517 2779 2587 άκλόνητον
2812 2512 3243 2585 ἐστηριγμένους

2167 2611 2391 2680 Μάκαρ,
2422 2608 2694 2680 μελῳδοῦς
2722 2610 2789 2678 τῇ
2824 2606 2981 2677 βάσει
3007 2606 3108 2672 τῆς
3136 2605 3398 2669 πίστεως.

2240 2701 2479 2771 Νύμερης
2511 2699 2784 2768 πανάγνου
2821 2699 2914 2752 τὸν
2936 2697 3226 2751 πανόλϐιον
3263 2697 3425 2751 τόκον
3448 2731 3463 2761 ,

2181 2793 2328 2845 Ἰδεῖν
2357 2792 2497 2861 ὑπὲρ
2525 2790 2651 2843 νοῦν
2682 2790 2983 2861 ἠξιωμένος
3011 2789 3205 2859 χορὸς,

2171 2883 2476 2954 Ἄγραυλος
2509 2883 2777 2937 ὲκλονεῑτο
2799 2881 2877 2952 τῷ
2909 2882 3046 2952 ξένῳ
3075 2881 3264 2952 τρόπῳ
3282 2921 3299 2945 ,

2167 2977 2334 3045 Τάξιν
2366 2975 2710 3049 μελῳδοῦσάν
2734 2994 2795 3028 τε
2827 2974 2938 3028 τῶν
2974 2973 3285 3043 ἀσωμάτων
3306 3011 3325 3037 ,

2088 3104 2129 3160 C
2172 3073 2413 3124 ..Ανακτα
2441 3070 2696 3141 Χριστὸν,
2730 3068 2985 3136 ἀσπόρως
3010 3064 3404 3160 σαρκούμενοῖ.

2230 3164 2443 3232 "rd/ou;
2474 3162 2723 3215 ἀνάσσων
2760 3160 3027 3230 οὐρανῶν,
3054 3152 3431 3226 εὐσπλαγχνίᾳ

2165 3254 2323 3307 Τελεί
2346 3253 2465 3308 καθ’
2497 3254 2649 3323 ἡμᾶς
2680 3249 2740 3315 ἐξ
2767 3248 3115 3319 ἁνυμφεύτου
3143 3248 3312 3317 κόρης
3335 3282 3352 3309 .

2172 3345 2368 3406 Ἀὖλος
2395 3344 2471 3397 ὣν
2499 3342 2818 3413 τοπρόσθεν,
2857 3341 2973 3394 ἀλλ’
3002 3340 3088 3393 ἐπ’
3117 3339 3364 3409 ἐσχάτων

2169 3438 2337 3506 Λόγος
2370 3434 2669 3505 παχυνθείς
2692 3433 2879 3504 σαρκὶ,
2914 3433 3006 3486 τὸν
3050 3429 3378 3485 πεπτωκότα
3403 3468 3419 3497 ,

2169 3531 2286 3582 Ἵνα
2311 3528 2444 3598 πρὸς
2474 3527 2638 3579 αὐτὸν
2666 3526 2871 3597 ἑλκύσῃ
2906 3525 3329 3595 πρωτόκτιστον.

2237 3621 2433 3680 Γένους
2464 3616 2710 3687 βροτείου
2746 3614 2844 3684 τὴν
2869 3615 3177 3670 ἀνάπλασιν
3209 3614 3395 3678 πάλαι,

2170 3713 2341 3786 ’ᾼδων
2376 3710 2663 3784 προφήτης
2700 3706 3039 3777 ’Δὸὃακοὺμ,
3070 3706 3397 3778 προμηνύιι,

2179 3808 2329 3859 Ἰδεῖν
2356 3802 2649 3872 ἀφράστως
2687 3797 2940 3864 ἀξιωθεὶς
2964 3798 3055 3850 τὸν
3074 3798 3265 3852 τύπον.

2168 3899 2303 3952 Νέον
2342 3896 2538 3966 βρέφος
2568 3890 2766 3963 γὰρεξ
2798 3890 2959 3962 ὅρους
2986 3889 3086 3958 τῆς
3114 3888 3387 3957 παρθένου

2176 3990 2401 4058 Ἐξῆλθε
2429 3987 2571 4041 λαῶν
2604 3987 2682 4049 είς
2707 3981 3034 4045 ἀνάπλασιν,
3070 3981 3258 4049 Λόγος.

2234 4080 2382 4146 Ἷσος
2416 4078 2683 4154 προῆλθες
2722 4079 2834 4142 τοῖς
2863 4076 3075 4147 βροτοῖς
3099 4074 3376 4140 ἑκουσίως,

1642 4217 1689 4270 J.
1735 4219 1932 4275 BlLLll
1980 4222 2562 4279 ΙΝΤΕΙὶΡΒΕΤΑΤΙΟ.

481 4357 628 4410 Plebi
661 4356 889 4409 salutem
926 4356 1175 4421 contulit,
1201 4355 1395 4408 mirum
1432 4358 1481 4408 in
1527 4360 1740 4413 modum

482 4425 652 4479 Verso
685 4434 901 4491 repente
930 4424 1178 4479 Christus
1208 4428 1257 4478 in
1298 4427 1498 4479 siceum
1530 4432 1688 4483 mari.

479 4495 551 4548 At
581 4508 648 4547 ex
683 4493 855 4562 puella
888 4504 1067 4559 natus,
1094 4498 1143 4549 in
1180 4497 1372 4551 omium
1418 4499 1557 4549 viam

480 4563 647 4636 ljobis
681 4562 925 4627 recludit,
961 4580 1118 4633 quem
1149 4566 1254 4621 Deo
1277 4567 1423 4621 Patri
1456 4586 1663 4636 parem,

483 4634 800 4708 Rursusque
827 4637 984 4692 nobis
1015 4638 1288 4708 credimus
1314 4654 1437 4694 vero
1458 4634 1666 4708 parem.

554 4702 752 4777 Venter
780 4716 1049 4777 sacratus,
1075 4707 1195 4777 igne
1236 4725 1393 4777 quem
1422 4702 1527 4764 non
1567 4714 1769 4768 torrida

483 4773 739 4848 §ignabat
768 4775 893 4848 olim
924 4773 1362 4848 spinaIgestavit
1389 4780 1582 4848 Λόγον,

479 4844 614 4900 Cum
643 4844 1014 4910 carnejuncto
1033 4844 1248 4899 subdita
1278 4850 1435 4902 morti
1479 4844 1619 4905 Deo:

484 4915 629 4988 Diris
660 4922 717 4966 ut
750 4913 871 4988 Eva;
909 4912 1145 4988 solveret
1173 4927 1438 4988 ventrem,
1467 4921 1661 4988 quibus

481 4986 741 5040 Addiclus
773 4984 900 5039 olim
940 4991 1044 5054 est,
1078 4981 1327 5040 laudibus
1357 4981 1514 5054 quem
1545 4990 1797 5046 tollimus.

551 5055 921 5124 Antiquiorem
955 5053 1071 5107 sole
1109 5053 1429 5127 monstravit
1464 5057 1629 5127 Magis

483 5123 637 5178 "llth
661 5123 835 5189 stella,
866 5138 1036 5178 noxas
1065 5136 1286 5179 venerat
1316 5126 1407 5194 qui
1449 5136 1509 5179 ut
1537 5123 1768 5183 solveret

482 5194 689 5249 Nostra:
723 5196 1050 5267 indolentem
1092 5195 1345 5267 miserim,
1375 5196 1467 5251 vili
1497 5198 1547 5249 in
1584 5212 1767 5267 specu,

483 5268 657 5331 Atque
687 5266 998 5319 obvolutum
1031 5264 1232 5329 fasciis,
1265 5266 1526 5322 laetissimi

483 5332 765 5405 llomiucm
800 5335 1075 5396 Deumque
1108 5351 1267 5405 quem
1301 5338 1483 5390 vident
1514 5339 1585 5390 illi
1624 5338 1803 5393 simul.

554 5401 847 5479 servorum
883 5404 958 5479 ad
985 5401 1214 5479 hymnos
1255 5422 1462 5463 annuas
1485 5449 1499 5473 ,
1534 5407 1694 5477 Deus,
1726 5424 1936 5479 prcCor,

483 5468 663 5546 llostis
695 5474 899 5526 cruenti
927 5468 1236 5546 deprimens
1264 5468 1590 5546 superbiam,

482 5539 811 5620 l‘iostrasque
839 5539 1046 5599 mentes
1080 5539 1539 5620 eﬁ'erens'nosam
1578 5539 1765 5620 Supra,

480 5610 525 5663 0
555 5618 743 5660 citricta
774 5623 1003 5665 cernens
1024 5624 1079 5668 et
1101 5616 1277 5675 beate.
1306 5616 1531 5671 firmiter

484 5678 629 5743 t‘idei
667 5692 761 5759 per
794 5694 951 5735 oume
979 5690 1184 5755 tempus
1212 5688 1423 5753 inuitas
1450 5688 1585 5743 basi.

2235 4367 2447 4421 Sancue
2484 4361 2730 4418 Parentis
2762 4360 2984 4415 divitem
3015 4362 3251 4425 partum,
3279 4351 3389 4405 Deo

2084 4430 2127 4483 Ῐ)
2160 4436 2271 4489 Hoc.
2308 4444 2643 4494 untncrantc,
2683 4431 2922 4485 rusticus
2954 4437 3131 4483 canus
3176 4425 3388 4486 videns,

2165 4506 2300 4560 Sese
2338 4505 2587 4559 movebat
2616 4503 2681 4556 ad
2719 4502 2795 4554 rei
2830 4497 3176 4572 miraculum,
3299 4560 3331 4572 η

2166 4576 2232 4628 Et
2261 4576 2615 4630 concinentes
2651 4574 2871 4642 angelos
2900 4568 3181 4642 Christum
3208 4561 3453 4642 audiens.

2161 4645 2391 4699 Carnem
2421 4644 2677 4698 induebat
2697 4635 2789 4713 qui
2824 4653 2998 4713 meam
3032 4635 3236 4713 absque
3265 4635 3493 4713 semine.

2238 4713 2371 4768 Caeli
2404 4699 3220 4783 imperator;indoleus‘nostris
3254 4699 3430 4764 malis,

2160 4783 2234 4852 Ex
2262 4775 2504 4852 injugata
2540 4780 2760 4851 Virgine
2794 4779 2968 4833 instar
2997 4775 3056 4829 ﬁt
3091 4775 3217 4826 mei.

2160 4848 2409 4923 Namque
2432 4861 2559 4906 ante
2588 4848 2754 4923 carne
2783 4863 2904 4923 cum
2936 4851 3178 4923 vacaret,
3209 4848 3395 4923 postea

2161 4922 2274 4976 llae
2306 4918 2363 4975 se
2396 4923 2511 4990 ipse
2537 4921 2693 4985 texit,
2728 4918 3004 4973 conditum
3030 4918 3217 4990 primo
3248 4921 3453 4990 patrem

2157 4984 2503 5063 Ut_trahcret
2528 4990 2594 5043 ad
2614 4984 2708 5063 se,
2744 5002 2918 5063 quem
2938 4984 3115 5063 scelus
3166 4986 3549 5063 prostraverat.

2231 5048 3006 5131 Redintegrandumprzecinit
3041 5048 3352 5131 mortalium

2171 5131 2440 5203 Propheta
2466 5127 2688 5183 sanctus
2716 5127 3182 5203 llabacucgenus,
3217 5127 3295 5173 rei

2158 5193 2328 5269 llujiis
2357 5200 2585 5268 figuram
2611 5197 2933 5270 conspicatus
2960 5193 3241 5270 divinitus.

2162 5260 2257 5324 Ε(
2278 5260 2458 5324 monte
2483 5260 3009 5336 mnnquerirgiue,
3042 5263 3284 5330 inquam,
3320 5260 3521 5329 prodiit

2160 5339 2365 5404 Infans,
2402 5352 2597 5393 cruore
2631 5352 2728 5389 nos
2752 5351 2849 5391 suo
2878 5347 3091 5387 rursum
3129 5345 3344 5404 creatis.

2232 5409 2336 5461 Par
2355 5399 2620 5478 'prodiisti
2649 5416 2842 5473 Sponte
2869 5413 2928 5478 tu
2962 5399 3301 5478 mortalibus,

2160 5479 2204 5533 Ο
2225 5468 2460 5541 Christe,
2500 5468 2692 5546 corpus
2724 5475 3000 5546 attrahens
3032 5487 3101 5546 ex_
3134 5468 3370 5546 Virgine,

2166 5539 2524 5601 Venenum-ut
2566 5539 2755 5615 anguis
2786 5543 3053 5615 pestilens
3071 5539 3395 5615 depelleres,

2162 5624 2469 5685 Omnesque
2499 5620 2564 5671 :il)
2592 5610 2723 5671 atris
2747 5610 2943 5684 ianuis,
2968 5612 3119 5685 velut
3154 5610 3312 5676 Deus,

2165 5688 2285 5754 divi
2320 5684 2575 5757 perennis
2607 5689 2668 5740 ad
2697 5688 2857 5755 jubar
2886 5684 3191 5737 reduceres.

2936 5890 2939 5891 ⁷
2984 5889 3027 5901 ν“
