  <div class='ocr_page' id='page_1' title='image "/cluster/home/n/w/nwhite01/storage/ocr_20150623/96/hvd.32044073502114/424.png"; bbox 0 0 3994 6350; ppageno 0'>
   <div class='ocr_carea' id='block_1_1' title="bbox 281 312 388 378">
    <p class='ocr_par' dir='ltr' id='par_1_1' title="bbox 281 312 388 378">
     <span class='ocr_line' id='line_1_1' title="bbox 281 312 388 378; baseline 0.009 -1"><span class='ocrx_word' id='word_1_1' title='bbox 281 312 388 378; x_wconf 73' lang='lat'><strong>829</strong></span> 
     </span>
    </p>
   </div>
   <div class='ocr_carea' id='block_1_2' title="bbox 282 421 1523 502">
    <p class='ocr_par' dir='ltr' id='par_1_2' title="bbox 282 421 1523 502">
     <span class='ocr_line' id='line_1_2' title="bbox 282 421 1523 502; baseline -0.014 -13"><span class='ocrx_word' id='word_1_2' title='bbox 282 434 455 502; x_wconf 80' lang='grc' dir='ltr'>Λόγος</span> <span class='ocrx_word' id='word_1_3' title='bbox 479 428 540 483; x_wconf 82' lang='grc' dir='ltr'>τέ</span> <span class='ocrx_word' id='word_1_4' title='bbox 567 445 668 500; x_wconf 89' lang='grc' dir='ltr'><strong>μου</strong></span> <span class='ocrx_word' id='word_1_5' title='bbox 695 427 825 492; x_wconf 76' lang='grc' dir='ltr'><strong>ζῶν,</strong></span> <span class='ocrx_word' id='word_1_6' title='bbox 858 425 949 479; x_wconf 71' lang='grc' dir='ltr'>καὶ</span> <span class='ocrx_word' id='word_1_7' title='bbox 979 423 1167 495; x_wconf 75' lang='grc' dir='ltr'>βροτὸς</span> <span class='ocrx_word' id='word_1_8' title='bbox 1195 421 1523 492; x_wconf 75' lang='grc' dir='ltr'>προμηθείᾳ.</span> 
     </span>
    </p>
   </div>
   <div class='ocr_carea' id='block_1_3' title="bbox 363 510 1548 595">
    <p class='ocr_par' dir='ltr' id='par_1_3' title="bbox 363 510 1548 583">
     <span class='ocr_line' id='line_1_3' title="bbox 363 510 1548 583; baseline -0.014 -6"><span class='ocrx_word' id='word_1_9' title='bbox 363 525 461 577; x_wconf 74' lang='grc' dir='ltr'>Ἐκ</span> <span class='ocrx_word' id='word_1_10' title='bbox 485 518 705 573; x_wconf 84' lang='grc' dir='ltr'><strong>ποντίου</strong></span> <span class='ocrx_word' id='word_1_11' title='bbox 733 516 949 578; x_wconf 82' lang='grc' dir='ltr'>λέοντος</span> <span class='ocrx_word' id='word_1_12' title='bbox 970 516 998 567; x_wconf 79' lang='grc' dir='ltr'><strong>ό</strong></span> <span class='ocrx_word' id='word_1_13' title='bbox 1027 514 1353 583; x_wconf 77' lang='grc' dir='ltr'><strong>τριέσπερος</strong></span> <span class='ocrx_word' id='word_1_14' title='bbox 1380 510 1548 577; x_wconf 76' lang='grc' dir='ltr'>ξένος,</span> 
     </span>
    </p>
   </div>
   <div class='ocr_carea' id='block_1_4' title="bbox 281 606 1270 686">
    <p class='ocr_par' dir='ltr' id='par_1_4' title="bbox 281 606 1270 686">
     <span class='ocr_line' id='line_1_4' title="bbox 281 606 1270 686; baseline -0.011 -20"><span class='ocrx_word' id='word_1_15' title='bbox 281 620 322 670; x_wconf 81' lang='lat' dir='ltr'><strong>li</strong></span> <span class='ocrx_word' id='word_1_16' title='bbox 334 617 575 686; x_wconf 55' lang='grc' dir='ltr'>ροῃήτης</span> <span class='ocrx_word' id='word_1_17' title='bbox 608 610 863 679; x_wconf 78' lang='grc' dir='ltr'>ἑγκάτοις</span> <span class='ocrx_word' id='word_1_18' title='bbox 890 606 1234 675; x_wconf 83' lang='grc' dir='ltr'>φλοιδόμενος</span> <span class='ocrx_word' id='word_1_19' title='bbox 1257 646 1270 667; x_wconf 85' lang='grc'>,</span> 
     </span>
    </p>
   </div>
   <div class='ocr_carea' id='block_1_5' title="bbox 277 693 1321 771">
    <p class='ocr_par' dir='ltr' id='par_1_5' title="bbox 277 693 1321 771">
     <span class='ocr_line' id='line_1_5' title="bbox 277 693 1321 771; baseline -0.012 -14"><span class='ocrx_word' id='word_1_20' title='bbox 277 700 449 765; x_wconf 77' lang='grc' dir='ltr'>Αὖθις</span> <span class='ocrx_word' id='word_1_21' title='bbox 479 698 723 771; x_wconf 74' lang='grc' dir='ltr'>προῆλθε</span> <span class='ocrx_word' id='word_1_22' title='bbox 750 698 849 766; x_wconf 81' lang='grc' dir='ltr'>τῆς</span> <span class='ocrx_word' id='word_1_23' title='bbox 876 693 1321 761; x_wconf 81' lang='grc' dir='ltr'><strong>παλιγγενεσίας,</strong></span> 
     </span>
    </p>
   </div>
   <div class='ocr_carea' id='block_1_6' title="bbox 278 782 1419 862">
    <p class='ocr_par' dir='ltr' id='par_1_6' title="bbox 278 782 1419 862">
     <span class='ocr_line' id='line_1_6' title="bbox 278 782 1419 862; baseline -0.011 -17"><span class='ocrx_word' id='word_1_24' title='bbox 278 791 566 862; x_wconf 82' lang='grc' dir='ltr'>Σωτηρίαν</span> <span class='ocrx_word' id='word_1_25' title='bbox 592 787 887 859; x_wconf 81' lang='grc' dir='ltr'>δράκοντος</span> <span class='ocrx_word' id='word_1_26' title='bbox 923 785 986 836; x_wconf 78' lang='grc' dir='ltr'>ἐκ</span> <span class='ocrx_word' id='word_1_27' title='bbox 1027 782 1377 853; x_wconf 83' lang='grc' dir='ltr'>βροτοκτόνου</span> <span class='ocrx_word' id='word_1_28' title='bbox 1405 818 1419 843; x_wconf 85' lang='grc'><em>,</em></span> 
     </span>
    </p>
   </div>
   <div class='ocr_carea' id='block_1_7' title="bbox 277 872 1545 951">
    <p class='ocr_par' dir='ltr' id='par_1_7' title="bbox 277 872 1545 951">
     <span class='ocr_line' id='line_1_7' title="bbox 277 872 1545 951; baseline -0.009 -14"><span class='ocrx_word' id='word_1_29' title='bbox 277 886 420 938; x_wconf 71' lang='lat' dir='ltr'><strong>llis:</strong></span> <span class='ocrx_word' id='word_1_30' title='bbox 452 880 785 951; x_wconf 81' lang='grc' dir='ltr'>προφαίνων,</span> <span class='ocrx_word' id='word_1_31' title='bbox 808 875 916 929; x_wconf 86' lang='grc' dir='ltr'>τῶν</span> <span class='ocrx_word' id='word_1_32' title='bbox 941 874 1148 945; x_wconf 80' lang='grc' dir='ltr'>χρόνων</span> <span class='ocrx_word' id='word_1_33' title='bbox 1173 875 1257 925; x_wconf 75' lang='grc' dir='ltr'>ἐπ’</span> <span class='ocrx_word' id='word_1_34' title='bbox 1282 872 1545 942; x_wconf 76' lang='grc' dir='ltr'><strong>ἐσχάτων.</strong></span> 
     </span>
    </p>
   </div>
   <div class='ocr_carea' id='block_1_8' title="bbox 359 964 1503 1041">
    <p class='ocr_par' dir='ltr' id='par_1_8' title="bbox 359 964 1503 1041">
     <span class='ocr_line' id='line_1_8' title="bbox 359 964 1503 1041; baseline -0.01 -14"><span class='ocrx_word' id='word_1_35' title='bbox 359 973 693 1041; x_wconf 78' lang='grc' dir='ltr'>Ἀνειμένων</span> <span class='ocrx_word' id='word_1_36' title='bbox 722 970 911 1023; x_wconf 84' lang='grc' dir='ltr'>πόλοιο</span> <span class='ocrx_word' id='word_1_37' title='bbox 936 965 1213 1038; x_wconf 79' lang='grc' dir='ltr'>παμφαῶν</span> <span class='ocrx_word' id='word_1_38' title='bbox 1248 964 1469 1035; x_wconf 83' lang='grc' dir='ltr'>πτυχῶν</span> <span class='ocrx_word' id='word_1_39' title='bbox 1489 1002 1503 1027; x_wconf 92' lang='grc'><em>,</em></span> 
     </span>
    </p>
   </div>
   <div class='ocr_carea' id='block_1_9' title="bbox 278 1054 1501 1135">
    <p class='ocr_par' dir='ltr' id='par_1_9' title="bbox 278 1054 1501 1135">
     <span class='ocr_line' id='line_1_9' title="bbox 278 1054 1501 1135; baseline -0.012 -15"><span class='ocrx_word' id='word_1_40' title='bbox 278 1066 510 1134; x_wconf 77' lang='grc' dir='ltr'>Μύστης</span> <span class='ocrx_word' id='word_1_41' title='bbox 540 1064 646 1135; x_wconf 84' lang='grc' dir='ltr'>ὁρᾷ</span> <span class='ocrx_word' id='word_1_42' title='bbox 678 1061 815 1133; x_wconf 79' lang='grc' dir='ltr'>πρὸς</span> <span class='ocrx_word' id='word_1_43' title='bbox 847 1059 1058 1127; x_wconf 78' lang='grc' dir='ltr'>Πατρὸς</span> <span class='ocrx_word' id='word_1_44' title='bbox 1088 1054 1501 1126; x_wconf 75' lang='grc' dir='ltr'>ἐξικνούμενον,</span> 
     </span>
    </p>
   </div>
   <div class='ocr_carea' id='block_1_10' title="bbox 277 1145 1505 1223">
    <p class='ocr_par' dir='ltr' id='par_1_10' title="bbox 277 1145 1505 1223">
     <span class='ocr_line' id='line_1_10' title="bbox 277 1145 1505 1223; baseline -0.014 -13"><span class='ocrx_word' id='word_1_45' title='bbox 277 1158 456 1212; x_wconf 79' lang='grc' dir='ltr'>Μένον</span> <span class='ocrx_word' id='word_1_46' title='bbox 482 1171 541 1206; x_wconf 89' lang='grc' dir='ltr'><strong>τε</strong></span> <span class='ocrx_word' id='word_1_47' title='bbox 574 1153 798 1223; x_wconf 82' lang='grc' dir='ltr'><strong>Πνεῦμα</strong></span> <span class='ocrx_word' id='word_1_48' title='bbox 821 1150 899 1217; x_wconf 85' lang='grc' dir='ltr'>τῷ</span> <span class='ocrx_word' id='word_1_49' title='bbox 934 1149 1301 1219; x_wconf 80' lang='grc' dir='ltr'>παναχράντῳ</span> <span class='ocrx_word' id='word_1_50' title='bbox 1326 1145 1505 1214; x_wconf 84' lang='grc' dir='ltr'>Λόγῳ,</span> 
     </span>
    </p>
   </div>
   <div class='ocr_carea' id='block_1_11' title="bbox 289 1238 1447 1309">
    <p class='ocr_par' dir='ltr' id='par_1_11' title="bbox 289 1238 1447 1309">
     <span class='ocr_line' id='line_1_11' title="bbox 289 1238 1447 1309; baseline -0.011 -11"><span class='ocrx_word' id='word_1_51' title='bbox 289 1244 555 1298; x_wconf 76' lang='grc' dir='ltr'>Ἐπελθὸν</span> <span class='ocrx_word' id='word_1_52' title='bbox 578 1241 653 1304; x_wconf 83' lang='grc' dir='ltr'><strong>ὡς</strong></span> <span class='ocrx_word' id='word_1_53' title='bbox 681 1240 900 1293; x_wconf 78' lang='grc' dir='ltr'>πέλειαν</span> <span class='ocrx_word' id='word_1_54' title='bbox 932 1238 1196 1309; x_wconf 76' lang='grc' dir='ltr'>ἀφράστῳ</span> <span class='ocrx_word' id='word_1_55' title='bbox 1219 1238 1407 1306; x_wconf 85' lang='grc' dir='ltr'>τρόπῳ</span> <span class='ocrx_word' id='word_1_56' title='bbox 1431 1274 1447 1297; x_wconf 89' lang='grc'><em>,</em></span> 
     </span>
    </p>
   </div>
   <div class='ocr_carea' id='block_1_12' title="bbox 168 1326 1562 1407">
    <p class='ocr_par' dir='ltr' id='par_1_12' title="bbox 168 1326 1562 1407">
     <span class='ocr_line' id='line_1_12' title="bbox 168 1326 1562 1407; baseline -0.009 -17"><span class='ocrx_word' id='word_1_57' title='bbox 168 1368 171 1369; x_wconf 53' lang='grc' dir='ltr'><strong>ν</strong></span> <span class='ocrx_word' id='word_1_58' title='bbox 275 1339 484 1407; x_wconf 78' lang='grc' dir='ltr'><strong>Δήμοις</strong></span> <span class='ocrx_word' id='word_1_59' title='bbox 509 1352 568 1386; x_wconf 86' lang='grc' dir='ltr'><strong>τε</strong></span> <span class='ocrx_word' id='word_1_60' title='bbox 595 1333 778 1400; x_wconf 79' lang='grc' dir='ltr'>φαίνει</span> <span class='ocrx_word' id='word_1_61' title='bbox 808 1329 1159 1401; x_wconf 82' lang='grc' dir='ltr'>προσδραμὸν</span> <span class='ocrx_word' id='word_1_62' title='bbox 1188 1327 1268 1397; x_wconf 79' lang='grc' dir='ltr'>τῷ</span> <span class='ocrx_word' id='word_1_63' title='bbox 1297 1326 1562 1396; x_wconf 85' lang='grc' dir='ltr'>Δεσπότῃ.</span> 
     </span>
    </p>
   </div>
   <div class='ocr_carea' id='block_1_13' title="bbox 353 1417 1652 1494">
    <p class='ocr_par' dir='ltr' id='par_1_13' title="bbox 353 1417 1652 1494">
     <span class='ocr_line' id='line_1_13' title="bbox 353 1417 1652 1494; baseline -0.008 -16"><span class='ocrx_word' id='word_1_64' title='bbox 353 1425 584 1494; x_wconf 75' lang='grc' dir='ltr'>Ἐφλεξε</span> <span class='ocrx_word' id='word_1_65' title='bbox 611 1422 815 1493; x_wconf 79' lang='grc' dir='ltr'>ῥείθρῳ</span> <span class='ocrx_word' id='word_1_66' title='bbox 847 1422 955 1473; x_wconf 84' lang='grc' dir='ltr'><strong>τῶν</strong></span> <span class='ocrx_word' id='word_1_67' title='bbox 984 1419 1293 1490; x_wconf 85' lang='grc' dir='ltr'>δρακόντων</span> <span class='ocrx_word' id='word_1_68' title='bbox 1318 1420 1418 1479; x_wconf 83' lang='grc' dir='ltr'>τὰς</span> <span class='ocrx_word' id='word_1_69' title='bbox 1444 1417 1620 1488; x_wconf 85' lang='grc' dir='ltr'>κάρας</span> <span class='ocrx_word' id='word_1_70' title='bbox 1638 1453 1652 1476; x_wconf 84' lang='grc'>,</span> 
     </span>
    </p>
   </div>
   <div class='ocr_carea' id='block_1_14' title="bbox 290 1508 1417 1585">
    <p class='ocr_par' dir='ltr' id='par_1_14' title="bbox 290 1508 1417 1585">
     <span class='ocr_line' id='line_1_14' title="bbox 290 1508 1417 1585; baseline -0.011 -14"><span class='ocrx_word' id='word_1_71' title='bbox 290 1519 348 1571; x_wconf 82' lang='grc' dir='ltr'>Ὀ</span> <span class='ocrx_word' id='word_1_72' title='bbox 377 1517 479 1585; x_wconf 78' lang='grc' dir='ltr'>τῆς</span> <span class='ocrx_word' id='word_1_73' title='bbox 515 1514 749 1584; x_wconf 81' lang='grc' dir='ltr'>καμίνου</span> <span class='ocrx_word' id='word_1_74' title='bbox 785 1512 886 1582; x_wconf 82' lang='grc' dir='ltr'>τὴν</span> <span class='ocrx_word' id='word_1_75' title='bbox 920 1512 1214 1582; x_wconf 83' lang='grc' dir='ltr'>μετάρσιον</span> <span class='ocrx_word' id='word_1_76' title='bbox 1242 1508 1417 1577; x_wconf 80' lang='grc' dir='ltr'>φλόγα</span> 
     </span>
    </p>
   </div>
   <div class='ocr_carea' id='block_1_15' title="bbox 278 1600 1415 1677">
    <p class='ocr_par' dir='ltr' id='par_1_15' title="bbox 278 1600 1415 1677">
     <span class='ocr_line' id='line_1_15' title="bbox 278 1600 1415 1677; baseline -0.01 -15"><span class='ocrx_word' id='word_1_77' title='bbox 278 1610 454 1670; x_wconf 76' lang='grc' dir='ltr'>Νέους</span> <span class='ocrx_word' id='word_1_78' title='bbox 480 1607 755 1677; x_wconf 74' lang='grc' dir='ltr'>φέρουσαν</span> <span class='ocrx_word' id='word_1_79' title='bbox 782 1602 1025 1665; x_wconf 81' lang='grc' dir='ltr'>εὐσεϐεῖς</span> <span class='ocrx_word' id='word_1_80' title='bbox 1053 1600 1415 1661; x_wconf 82' lang='grc' dir='ltr'>κατευνάσας,</span> 
     </span>
    </p>
   </div>
   <div class='ocr_carea' id='block_1_16' title="bbox 277 1692 1387 1769">
    <p class='ocr_par' dir='ltr' id='par_1_16' title="bbox 277 1692 1387 1769">
     <span class='ocr_line' id='line_1_16' title="bbox 277 1692 1387 1769; baseline -0.008 -17"><span class='ocrx_word' id='word_1_81' title='bbox 277 1701 391 1769; x_wconf 82' lang='grc' dir='ltr'><strong>Τὴν</strong></span> <span class='ocrx_word' id='word_1_82' title='bbox 412 1695 781 1751; x_wconf 80' lang='grc' dir='ltr'>δυσκάθεκτον</span> <span class='ocrx_word' id='word_1_83' title='bbox 809 1694 980 1764; x_wconf 74' lang='grc' dir='ltr'>ἀχλὺν</span> <span class='ocrx_word' id='word_1_84' title='bbox 1009 1692 1068 1757; x_wconf 78' lang='grc' dir='ltr'><strong>ἐξ</strong></span> <span class='ocrx_word' id='word_1_85' title='bbox 1088 1692 1387 1763; x_wconf 83' lang='grc' dir='ltr'>ἁμαρτίας,</span> 
     </span>
    </p>
   </div>
   <div class='ocr_carea' id='block_1_17' title="bbox 278 1781 1541 1860">
    <p class='ocr_par' dir='ltr' id='par_1_17' title="bbox 278 1781 1541 1860">
     <span class='ocr_line' id='line_1_17' title="bbox 278 1781 1541 1860; baseline -0.01 -16"><span class='ocrx_word' id='word_1_86' title='bbox 278 1793 452 1860; x_wconf 86' lang='grc' dir='ltr'><strong>Ὅλην</strong></span> <span class='ocrx_word' id='word_1_87' title='bbox 475 1788 665 1842; x_wconf 81' lang='grc' dir='ltr'>πλύνει</span> <span class='ocrx_word' id='word_1_88' title='bbox 690 1788 748 1840; x_wconf 84' lang='grc' dir='ltr'>δὲ</span> <span class='ocrx_word' id='word_1_89' title='bbox 777 1790 843 1857; x_wconf 81' lang='grc' dir='ltr'>τῇ</span> <span class='ocrx_word' id='word_1_90' title='bbox 872 1786 1049 1858; x_wconf 83' lang='grc' dir='ltr'>δρόσῳ</span> <span class='ocrx_word' id='word_1_91' title='bbox 1082 1784 1177 1837; x_wconf 77' lang='grc' dir='ltr'>τοῦ</span> <span class='ocrx_word' id='word_1_92' title='bbox 1200 1781 1541 1851; x_wconf 84' lang='grc' dir='ltr'>Πνεύματος.</span> 
     </span>
    </p>
   </div>
   <div class='ocr_carea' id='block_1_18' title="bbox 348 1872 1545 1950">
    <p class='ocr_par' dir='ltr' id='par_1_18' title="bbox 348 1872 1545 1950">
     <span class='ocr_line' id='line_1_18' title="bbox 348 1872 1545 1950; baseline -0.008 -17"><span class='ocrx_word' id='word_1_93' title='bbox 348 1884 416 1935; x_wconf 77' lang='grc' dir='ltr'><strong>Σὲ</strong></span> <span class='ocrx_word' id='word_1_94' title='bbox 450 1878 852 1950; x_wconf 79' lang='grc' dir='ltr'>ζωγραφοῦσαν</span> <span class='ocrx_word' id='word_1_95' title='bbox 877 1875 979 1948; x_wconf 87' lang='grc' dir='ltr'><strong>τὴν</strong></span> <span class='ocrx_word' id='word_1_96' title='bbox 1023 1875 1309 1945; x_wconf 82' lang='grc' dir='ltr'>Ἀσσύριον</span> <span class='ocrx_word' id='word_1_97' title='bbox 1349 1872 1545 1942; x_wconf 83' lang='grc' dir='ltr'><strong>φλόγα,</strong></span> 
     </span>
    </p>
   </div>
   <div class='ocr_carea' id='block_1_19' title="bbox 287 1963 1542 2039">
    <p class='ocr_par' dir='ltr' id='par_1_19' title="bbox 287 1963 1542 2039">
     <span class='ocr_line' id='line_1_19' title="bbox 287 1963 1542 2039; baseline -0.01 -12"><span class='ocrx_word' id='word_1_98' title='bbox 287 1973 605 2027; x_wconf 81' lang='grc' dir='ltr'>Ἑκστῶσαν</span> <span class='ocrx_word' id='word_1_99' title='bbox 643 1972 799 2039; x_wconf 80' lang='grc' dir='ltr'>ἵστης</span> <span class='ocrx_word' id='word_1_100' title='bbox 834 1971 912 2032; x_wconf 86' lang='grc' dir='ltr'>εἰς</span> <span class='ocrx_word' id='word_1_101' title='bbox 934 1968 1126 2038; x_wconf 80' lang='grc' dir='ltr'>δρόσον</span> <span class='ocrx_word' id='word_1_102' title='bbox 1155 1963 1507 2035; x_wconf 85' lang='grc' dir='ltr'>μετηγμένην</span> <span class='ocrx_word' id='word_1_103' title='bbox 1528 2002 1542 2027; x_wconf 89' lang='grc'><em>,</em></span> 
     </span>
    </p>
   </div>
   <div class='ocr_carea' id='block_1_20' title="bbox 275 2057 1333 2136">
    <p class='ocr_par' dir='ltr' id='par_1_20' title="bbox 275 2057 1333 2136">
     <span class='ocr_line' id='line_1_20' title="bbox 275 2057 1333 2136; baseline -0.01 -18"><span class='ocrx_word' id='word_1_104' title='bbox 275 2067 464 2136; x_wconf 79' lang='grc' dir='ltr'>’Ύδωρ</span> <span class='ocrx_word' id='word_1_105' title='bbox 495 2064 617 2117; x_wconf 82' lang='grc' dir='ltr'>ὅθεν</span> <span class='ocrx_word' id='word_1_106' title='bbox 648 2062 743 2117; x_wconf 77' lang='grc' dir='ltr'><strong>νῦν</strong></span> <span class='ocrx_word' id='word_1_107' title='bbox 771 2060 1084 2131; x_wconf 81' lang='grc' dir='ltr'>ἁμφιέσσαο</span> <span class='ocrx_word' id='word_1_108' title='bbox 1113 2057 1333 2127; x_wconf 83' lang='grc' dir='ltr'>φλέγον,</span> 
     </span>
    </p>
   </div>
   <div class='ocr_carea' id='block_1_21' title="bbox 275 2144 1625 2222">
    <p class='ocr_par' dir='ltr' id='par_1_21' title="bbox 275 2144 1625 2222">
     <span class='ocr_line' id='line_1_21' title="bbox 275 2144 1625 2222; baseline -0.007 -15"><span class='ocrx_word' id='word_1_109' title='bbox 275 2154 461 2207; x_wconf 85' lang='grc' dir='ltr'>Σίντον</span> <span class='ocrx_word' id='word_1_110' title='bbox 485 2154 767 2216; x_wconf 83' lang='grc' dir='ltr'>κάκιστον,</span> <span class='ocrx_word' id='word_1_111' title='bbox 803 2149 1033 2222; x_wconf 85' lang='grc' dir='ltr'>Χριστὲ,</span> <span class='ocrx_word' id='word_1_112' title='bbox 1065 2147 1204 2221; x_wconf 78' lang='grc' dir='ltr'>πρὸς</span> <span class='ocrx_word' id='word_1_113' title='bbox 1235 2144 1625 2217; x_wconf 79' lang='grc' dir='ltr'>κεκευθμὲνον,</span> 
     </span>
    </p>
   </div>
   <div class='ocr_carea' id='block_1_22' title="bbox 276 2236 1448 2318">
    <p class='ocr_par' dir='ltr' id='par_1_22' title="bbox 276 2236 1448 2318">
     <span class='ocr_line' id='line_1_22' title="bbox 276 2236 1448 2318; baseline -0.007 -20"><span class='ocrx_word' id='word_1_114' title='bbox 276 2246 421 2318; x_wconf 73' lang='grc' dir='ltr'>Πρὸς</span> <span class='ocrx_word' id='word_1_115' title='bbox 445 2245 541 2315; x_wconf 78' lang='grc' dir='ltr'><strong>τὴν</strong></span> <span class='ocrx_word' id='word_1_116' title='bbox 566 2242 777 2296; x_wconf 77' lang='grc' dir='ltr'>ὄλισθον</span> <span class='ocrx_word' id='word_1_117' title='bbox 807 2239 1210 2309; x_wconf 81' lang='grc' dir='ltr'>ὲκκαλούμενον</span> <span class='ocrx_word' id='word_1_118' title='bbox 1240 2236 1448 2308; x_wconf 89' lang='grc' dir='ltr'>τρίϐον.</span> 
     </span>
    </p>
   </div>
   <div class='ocr_carea' id='block_1_23' title="bbox 359 2329 1437 2407">
    <p class='ocr_par' dir='ltr' id='par_1_23' title="bbox 359 2329 1437 2407">
     <span class='ocr_line' id='line_1_23' title="bbox 359 2329 1437 2407; baseline -0.008 -18"><span class='ocrx_word' id='word_1_119' title='bbox 359 2334 796 2407; x_wconf 75' lang='grc' dir='ltr'>Ἀπορραγέντος</span> <span class='ocrx_word' id='word_1_120' title='bbox 820 2331 913 2386; x_wconf 84' lang='grc' dir='ltr'>τοῦ</span> <span class='ocrx_word' id='word_1_121' title='bbox 951 2329 1216 2401; x_wconf 85' lang='grc' dir='ltr'>Ἰορδάνου</span> <span class='ocrx_word' id='word_1_122' title='bbox 1249 2329 1437 2393; x_wconf 81' lang='grc' dir='ltr'>πάλαι,</span> 
     </span>
    </p>
   </div>
   <div class='ocr_carea' id='block_1_24' title="bbox 288 2421 1320 2498">
    <p class='ocr_par' dir='ltr' id='par_1_24' title="bbox 288 2421 1320 2498">
     <span class='ocr_line' id='line_1_24' title="bbox 288 2421 1320 2498; baseline -0.007 -18"><span class='ocrx_word' id='word_1_123' title='bbox 288 2427 492 2498; x_wconf 85' lang='grc' dir='ltr'>Ἰσθμῴ</span> <span class='ocrx_word' id='word_1_124' title='bbox 521 2426 759 2495; x_wconf 80' lang='grc' dir='ltr'>περᾶται</span> <span class='ocrx_word' id='word_1_125' title='bbox 788 2422 917 2485; x_wconf 77' lang='grc' dir='ltr'>λαὸς</span> <span class='ocrx_word' id='word_1_126' title='bbox 953 2421 1320 2494; x_wconf 80' lang='grc' dir='ltr'>Ἰσραηλίτης,</span> 
     </span>
    </p>
   </div>
   <div class='ocr_carea' id='block_1_25' title="bbox 277 2510 1513 2588">
    <p class='ocr_par' dir='ltr' id='par_1_25' title="bbox 277 2510 1513 2588">
     <span class='ocr_line' id='line_1_25' title="bbox 277 2510 1513 2588; baseline -0.005 -18"><span class='ocrx_word' id='word_1_127' title='bbox 277 2519 345 2570; x_wconf 85' lang='grc' dir='ltr'><strong>Σὲ</strong></span> <span class='ocrx_word' id='word_1_128' title='bbox 375 2517 468 2569; x_wconf 83' lang='grc' dir='ltr'><strong>τὸν</strong></span> <span class='ocrx_word' id='word_1_129' title='bbox 490 2515 781 2588; x_wconf 85' lang='grc' dir='ltr'>κράτιστον</span> <span class='ocrx_word' id='word_1_130' title='bbox 811 2511 1157 2584; x_wconf 78' lang='grc' dir='ltr'>ὲμφοροῦντα</span> <span class='ocrx_word' id='word_1_131' title='bbox 1189 2511 1289 2583; x_wconf 83' lang='grc' dir='ltr'><strong>τὴν</strong></span> <span class='ocrx_word' id='word_1_132' title='bbox 1312 2510 1513 2575; x_wconf 84' lang='grc' dir='ltr'>κτίσιν,</span> 
     </span>
    </p>
   </div>
   <div class='ocr_carea' id='block_1_26' title="bbox 290 2602 1422 2677">
    <p class='ocr_par' dir='ltr' id='par_1_26' title="bbox 290 2602 1422 2677">
     <span class='ocr_line' id='line_1_26' title="bbox 290 2602 1422 2677; baseline -0.006 -16"><span class='ocrx_word' id='word_1_133' title='bbox 290 2607 670 2677; x_wconf 86' lang='grc' dir='ltr'>Ἠπειγμένως</span> <span class='ocrx_word' id='word_1_134' title='bbox 699 2605 795 2659; x_wconf 80' lang='grc' dir='ltr'>νῦν</span> <span class='ocrx_word' id='word_1_135' title='bbox 819 2607 877 2658; x_wconf 78' lang='grc' dir='ltr'>ὲν</span> <span class='ocrx_word' id='word_1_136' title='bbox 906 2606 1056 2676; x_wconf 79' lang='grc' dir='ltr'>ῥοαῖς</span> <span class='ocrx_word' id='word_1_137' title='bbox 1080 2602 1422 2673; x_wconf 70' lang='grc' dir='ltr'>διαγράφων,</span> 
     </span>
    </p>
   </div>
   <div class='ocr_carea' id='block_1_27' title="bbox 278 2694 1563 2773">
    <p class='ocr_par' dir='ltr' id='par_1_27' title="bbox 278 2694 1563 2773">
     <span class='ocr_line' id='line_1_27' title="bbox 278 2694 1563 2773; baseline -0.005 -17"><span class='ocrx_word' id='word_1_138' title='bbox 278 2702 424 2773; x_wconf 74' lang='grc' dir='ltr'>Πρὸς</span> <span class='ocrx_word' id='word_1_139' title='bbox 461 2699 561 2769; x_wconf 85' lang='grc' dir='ltr'>τὴν</span> <span class='ocrx_word' id='word_1_140' title='bbox 586 2700 912 2771; x_wconf 78' lang='grc' dir='ltr'>ᾶρῥευστον,</span> <span class='ocrx_word' id='word_1_141' title='bbox 937 2698 1033 2751; x_wconf 72' lang='grc' dir='ltr'>καὶ</span> <span class='ocrx_word' id='word_1_142' title='bbox 1061 2696 1327 2768; x_wconf 82' lang='grc' dir='ltr'>ἀμείνονα</span> <span class='ocrx_word' id='word_1_143' title='bbox 1353 2694 1563 2767; x_wconf 82' lang='grc' dir='ltr'>τρίϐον.</span> 
     </span>
    </p>
   </div>
   <div class='ocr_carea' id='block_1_28' title="bbox 352 2785 1609 2860">
    <p class='ocr_par' dir='ltr' id='par_1_28' title="bbox 352 2785 1609 2860">
     <span class='ocr_line' id='line_1_28' title="bbox 352 2785 1609 2860; baseline -0.004 -17"><span class='ocrx_word' id='word_1_144' title='bbox 352 2790 537 2860; x_wconf 85' lang='grc' dir='ltr'>Ἴδμεν</span> <span class='ocrx_word' id='word_1_145' title='bbox 564 2790 626 2842; x_wconf 89' lang='grc' dir='ltr'><strong>τὸ</strong></span> <span class='ocrx_word' id='word_1_146' title='bbox 652 2789 871 2859; x_wconf 85' lang='grc' dir='ltr'>πρῶτον</span> <span class='ocrx_word' id='word_1_147' title='bbox 892 2787 991 2860; x_wconf 82' lang='grc' dir='ltr'>τὴν</span> <span class='ocrx_word' id='word_1_148' title='bbox 1020 2785 1372 2857; x_wconf 74' lang='grc' dir='ltr'>πανώλεθρον</span> <span class='ocrx_word' id='word_1_149' title='bbox 1397 2785 1609 2851; x_wconf 85' lang='grc' dir='ltr'>κλύσιν,</span> 
     </span>
    </p>
   </div>
   <div class='ocr_carea' id='block_1_29' title="bbox 276 2877 1687 2952">
    <p class='ocr_par' dir='ltr' id='par_1_29' title="bbox 276 2877 1687 2952">
     <span class='ocr_line' id='line_1_29' title="bbox 276 2877 1687 2952; baseline -0.004 -17"><span class='ocrx_word' id='word_1_150' title='bbox 276 2880 529 2952; x_wconf 84' lang='grc' dir='ltr'>υίκτρῶς</span> <span class='ocrx_word' id='word_1_151' title='bbox 557 2897 616 2933; x_wconf 87' lang='grc' dir='ltr'><strong>σε</strong></span> <span class='ocrx_word' id='word_1_152' title='bbox 642 2880 864 2934; x_wconf 82' lang='grc' dir='ltr'>πάντων</span> <span class='ocrx_word' id='word_1_153' title='bbox 895 2878 1030 2949; x_wconf 83' lang='grc' dir='ltr'>πρὸς</span> <span class='ocrx_word' id='word_1_154' title='bbox 1061 2877 1267 2949; x_wconf 80' lang='grc' dir='ltr'>φθορὰν</span> <span class='ocrx_word' id='word_1_155' title='bbox 1296 2877 1654 2948; x_wconf 84' lang='grc' dir='ltr'>παρεισάγειν</span> <span class='ocrx_word' id='word_1_156' title='bbox 1672 2916 1687 2943; x_wconf 83' lang='grc'><strong><em>,</em></strong></span> 
     </span>
    </p>
   </div>
   <div class='ocr_carea' id='block_1_30' title="bbox 274 2969 1450 3044">
    <p class='ocr_par' dir='ltr' id='par_1_30' title="bbox 274 2969 1450 3044">
     <span class='ocr_line' id='line_1_30' title="bbox 274 2969 1450 3044; baseline -0.004 -17"><span class='ocrx_word' id='word_1_157' title='bbox 274 2970 348 3028; x_wconf 78' lang='grc' dir='ltr'><em>Ὅ</em></span> <span class='ocrx_word' id='word_1_158' title='bbox 375 2971 740 3044; x_wconf 81' lang='grc' dir='ltr'>τρισμέγιστα</span> <span class='ocrx_word' id='word_1_159' title='bbox 771 2970 1127 3042; x_wconf 80' lang='grc' dir='ltr'>χρηματίζων</span> <span class='ocrx_word' id='word_1_160' title='bbox 1160 2970 1256 3022; x_wconf 81' lang='grc' dir='ltr'>καὶ</span> <span class='ocrx_word' id='word_1_161' title='bbox 1294 2969 1450 3034; x_wconf 81' lang='grc' dir='ltr'>ξένα,</span> 
     </span>
    </p>
   </div>
   <div class='ocr_carea' id='block_1_31' title="bbox 276 3059 1529 3132">
    <p class='ocr_par' dir='ltr' id='par_1_31' title="bbox 276 3059 1529 3132">
     <span class='ocr_line' id='line_1_31' title="bbox 276 3059 1529 3132; baseline -0.005 -14"><span class='ocrx_word' id='word_1_162' title='bbox 276 3064 393 3118; x_wconf 80' lang='grc' dir='ltr'><strong>Νῦν</strong></span> <span class='ocrx_word' id='word_1_163' title='bbox 414 3063 471 3117; x_wconf 85' lang='grc' dir='ltr'><strong>δὲ</strong></span> <span class='ocrx_word' id='word_1_164' title='bbox 501 3063 796 3129; x_wconf 81' lang='grc' dir='ltr'>κλύσαντα,</span> <span class='ocrx_word' id='word_1_165' title='bbox 832 3061 1056 3132; x_wconf 83' lang='grc' dir='ltr'>Χριστὲ,</span> <span class='ocrx_word' id='word_1_166' title='bbox 1087 3060 1188 3130; x_wconf 83' lang='grc' dir='ltr'><strong>τὴν</strong></span> <span class='ocrx_word' id='word_1_167' title='bbox 1212 3059 1488 3132; x_wconf 81' lang='grc' dir='ltr'>ἁμαρτίαν</span> <span class='ocrx_word' id='word_1_168' title='bbox 1513 3098 1529 3124; x_wconf 84' lang='grc'><strong>,</strong></span> 
     </span>
    </p>
   </div>
   <div class='ocr_carea' id='block_1_32' title="bbox 277 3150 1369 3226">
    <p class='ocr_par' dir='ltr' id='par_1_32' title="bbox 277 3150 1369 3226">
     <span class='ocr_line' id='line_1_32' title="bbox 277 3150 1369 3226; baseline -0.005 -20"><span class='ocrx_word' id='word_1_169' title='bbox 277 3155 358 3207; x_wconf 79' lang='grc' dir='ltr'><strong>Δι’</strong></span> <span class='ocrx_word' id='word_1_170' title='bbox 387 3152 684 3206; x_wconf 76' lang='grc' dir='ltr'>εὐπάθειαν</span> <span class='ocrx_word' id='word_1_171' title='bbox 712 3152 807 3206; x_wconf 74' lang='grc' dir='ltr'><strong>καὶ</strong></span> <span class='ocrx_word' id='word_1_172' title='bbox 843 3151 1050 3226; x_wconf 80' lang='grc' dir='ltr'>βροτῶν</span> <span class='ocrx_word' id='word_1_173' title='bbox 1073 3150 1369 3222; x_wconf 85' lang='grc' dir='ltr'>σωτηρίαν.</span> 
     </span>
    </p>
   </div>
   <div class='ocr_carea' id='block_1_33' title="bbox 362 3242 1451 3314">
    <p class='ocr_par' dir='ltr' id='par_1_33' title="bbox 362 3242 1451 3314">
     <span class='ocr_line' id='line_1_33' title="bbox 362 3242 1451 3314; baseline 0 -16"><span class='ocrx_word' id='word_1_174' title='bbox 362 3245 658 3314; x_wconf 81' lang='grc' dir='ltr'>Ἐλευθέρα</span> <span class='ocrx_word' id='word_1_175' title='bbox 698 3245 797 3314; x_wconf 82' lang='grc' dir='ltr'>μὲν</span> <span class='ocrx_word' id='word_1_176' title='bbox 833 3246 867 3314; x_wconf 84' lang='grc' dir='ltr'><strong>ἡ</strong></span> <span class='ocrx_word' id='word_1_177' title='bbox 894 3243 1074 3307; x_wconf 83' lang='grc' dir='ltr'>κτίσις</span> <span class='ocrx_word' id='word_1_178' title='bbox 1100 3242 1451 3313; x_wconf 78' lang='grc' dir='ltr'>γνωρίζεται.</span> 
     </span>
    </p>
   </div>
   <div class='ocr_carea' id='block_1_34' title="bbox 281 3336 1386 3408">
    <p class='ocr_par' dir='ltr' id='par_1_34' title="bbox 281 3336 1386 3408">
     <span class='ocr_line' id='line_1_34' title="bbox 281 3336 1386 3408; baseline -0.004 -17"><span class='ocrx_word' id='word_1_179' title='bbox 281 3338 405 3399; x_wconf 69' lang='grc' dir='ltr'>Υἱοὶ</span> <span class='ocrx_word' id='word_1_180' title='bbox 433 3338 491 3390; x_wconf 72' lang='grc' dir='ltr'>δὲ</span> <span class='ocrx_word' id='word_1_181' title='bbox 521 3336 699 3406; x_wconf 81' lang='grc' dir='ltr'>φωτὸς</span> <span class='ocrx_word' id='word_1_182' title='bbox 730 3339 779 3391; x_wconf 90' lang='grc' dir='ltr'><strong>οί</strong></span> <span class='ocrx_word' id='word_1_183' title='bbox 808 3336 940 3408; x_wconf 78' lang='grc' dir='ltr'>πρὶν</span> <span class='ocrx_word' id='word_1_184' title='bbox 969 3336 1349 3406; x_wconf 81' lang='grc' dir='ltr'>ὲσκοτισμένοι</span> <span class='ocrx_word' id='word_1_185' title='bbox 1372 3350 1386 3363; x_wconf 74' lang='grc' dir='ltr'><strong><em>ο</em></strong></span> 
     </span>
    </p>
   </div>
   <div class='ocr_carea' id='block_1_35' title="bbox 280 3425 1511 3498">
    <p class='ocr_par' dir='ltr' id='par_1_35' title="bbox 280 3425 1511 3498">
     <span class='ocr_line' id='line_1_35' title="bbox 280 3425 1511 3498; baseline -0.005 -13"><span class='ocrx_word' id='word_1_186' title='bbox 280 3430 457 3492; x_wconf 83' lang='grc' dir='ltr'>Μόνος</span> <span class='ocrx_word' id='word_1_187' title='bbox 487 3428 737 3492; x_wconf 76' lang='grc' dir='ltr'>στενάζει</span> <span class='ocrx_word' id='word_1_188' title='bbox 758 3427 852 3480; x_wconf 78' lang='grc' dir='ltr'><strong>τοῦ</strong></span> <span class='ocrx_word' id='word_1_189' title='bbox 884 3427 1108 3491; x_wconf 86' lang='grc' dir='ltr'>σκότους</span> <span class='ocrx_word' id='word_1_190' title='bbox 1129 3428 1157 3480; x_wconf 87' lang='grc' dir='ltr'>ὀ</span> <span class='ocrx_word' id='word_1_191' title='bbox 1179 3425 1511 3498; x_wconf 81' lang='grc' dir='ltr'>προστάτης.</span> 
     </span>
    </p>
   </div>
   <div class='ocr_carea' id='block_1_36' title="bbox 278 3517 1353 3589">
    <p class='ocr_par' dir='ltr' id='par_1_36' title="bbox 278 3517 1353 3589">
     <span class='ocr_line' id='line_1_36' title="bbox 278 3517 1353 3589; baseline -0.006 -14"><span class='ocrx_word' id='word_1_192' title='bbox 278 3520 397 3575; x_wconf 79' lang='grc' dir='ltr'>Νῦν</span> <span class='ocrx_word' id='word_1_193' title='bbox 427 3518 721 3588; x_wconf 72' lang='grc' dir='ltr'>εὐλογείτω</span> <span class='ocrx_word' id='word_1_194' title='bbox 753 3517 1018 3582; x_wconf 86' lang='grc' dir='ltr'>συντόνως</span> <span class='ocrx_word' id='word_1_195' title='bbox 1047 3518 1139 3589; x_wconf 80' lang='grc' dir='ltr'><strong>τὸν</strong></span> <span class='ocrx_word' id='word_1_196' title='bbox 1158 3519 1353 3583; x_wconf 84' lang='grc' dir='ltr'>αῐτιον,</span> 
     </span>
    </p>
   </div>
   <div class='ocr_carea' id='block_1_37' title="bbox 290 3609 1496 3686">
    <p class='ocr_par' dir='ltr' id='par_1_37' title="bbox 290 3609 1496 3686">
     <span class='ocr_line' id='line_1_37' title="bbox 290 3609 1496 3686; baseline -0.003 -17"><span class='ocrx_word' id='word_1_197' title='bbox 290 3613 357 3669; x_wconf 83' lang='grc' dir='ltr'><strong>Ἦ</strong></span> <span class='ocrx_word' id='word_1_198' title='bbox 385 3614 516 3686; x_wconf 76' lang='grc' dir='ltr'>πρὶν</span> <span class='ocrx_word' id='word_1_199' title='bbox 552 3612 781 3668; x_wconf 81' lang='grc' dir='ltr'>τάλαινα</span> <span class='ocrx_word' id='word_1_200' title='bbox 804 3610 916 3665; x_wconf 84' lang='grc' dir='ltr'><strong>τῶν</strong></span> <span class='ocrx_word' id='word_1_201' title='bbox 954 3610 1124 3665; x_wconf 76' lang='grc' dir='ltr'>ἐθνῶν</span> <span class='ocrx_word' id='word_1_202' title='bbox 1159 3609 1496 3682; x_wconf 84' lang='grc' dir='ltr'>παγκληρία.</span> 
     </span>
    </p>
   </div>
   <div class='ocr_carea' id='block_1_38' title="bbox 1735 312 2096 373">
    <p class='ocr_par' dir='ltr' id='par_1_38' title="bbox 1735 312 2096 373">
     <span class='ocr_line' id='line_1_38' title="bbox 1735 312 2096 373; baseline 0.006 -4"><span class='ocrx_word' id='word_1_203' title='bbox 1735 312 2096 373; x_wconf 75' lang='grc' dir='ltr'><strong>(ῘᾹΒΜΙΝΛ.</strong></span> 
     </span>
    </p>
   </div>
   <div class='ocr_carea' id='block_1_39' title="bbox 1894 419 3469 494">
    <p class='ocr_par' dir='ltr' id='par_1_39' title="bbox 1894 419 3469 494">
     <span class='ocr_line' id='line_1_39' title="bbox 1894 419 3469 494; baseline 0.001 -20"><span class='ocrx_word' id='word_1_204' title='bbox 1894 428 1940 483; x_wconf 73' lang='grc' dir='ltr'><strong>Α</strong></span> <span class='ocrx_word' id='word_1_205' title='bbox 1977 422 2316 493; x_wconf 79' lang='lat' dir='ltr'><strong>Verbumquc</strong></span> <span class='ocrx_word' id='word_1_206' title='bbox 2354 419 2557 476; x_wconf 79' lang='lat' dir='ltr'><strong>meum‘</strong></span> <span class='ocrx_word' id='word_1_207' title='bbox 2576 421 2784 488; x_wconf 87' lang='lat' dir='ltr'><strong>vivens,</strong></span> <span class='ocrx_word' id='word_1_208' title='bbox 2824 430 2875 478; x_wconf 90' lang='lat' dir='ltr'><strong>et</strong></span> <span class='ocrx_word' id='word_1_209' title='bbox 2903 423 3071 478; x_wconf 84' lang='lat' dir='ltr'><strong>homo</strong></span> <span class='ocrx_word' id='word_1_210' title='bbox 3116 420 3469 494; x_wconf 77' lang='lat' dir='ltr'><strong>providentia.</strong></span> 
     </span>
    </p>
   </div>
   <div class='ocr_carea' id='block_1_40' title="bbox 2044 514 3086 585">
    <p class='ocr_par' dir='ltr' id='par_1_40' title="bbox 2044 514 3086 585">
     <span class='ocr_line' id='line_1_40' title="bbox 2044 514 3086 585; baseline 0.005 -19"><span class='ocrx_word' id='word_1_211' title='bbox 2044 514 2119 568; x_wconf 74' lang='lat' dir='ltr'><strong>Ex</strong></span> <span class='ocrx_word' id='word_1_212' title='bbox 2147 515 2359 568; x_wconf 88' lang='lat' dir='ltr'><strong>marino</strong></span> <span class='ocrx_word' id='word_1_213' title='bbox 2390 514 2564 569; x_wconf 83' lang='lat' dir='ltr'><strong>leonis</strong></span> <span class='ocrx_word' id='word_1_214' title='bbox 2602 514 2865 584; x_wconf 82' lang='lat' dir='ltr'><strong>trivesper</strong></span> <span class='ocrx_word' id='word_1_215' title='bbox 2886 516 3086 585; x_wconf 74' lang='lat' dir='ltr'><strong>hospes</strong></span> 
     </span>
    </p>
   </div>
   <div class='ocr_carea' id='block_1_41' title="bbox 1971 605 3026 676">
    <p class='ocr_par' dir='ltr' id='par_1_41' title="bbox 1971 605 3026 676">
     <span class='ocr_line' id='line_1_41' title="bbox 1971 605 3026 676; baseline 0.003 -17"><span class='ocrx_word' id='word_1_216' title='bbox 1971 607 2258 676; x_wconf 77' lang='lat' dir='ltr'><strong>Propheta,</strong></span> <span class='ocrx_word' id='word_1_217' title='bbox 2296 605 2615 661; x_wconf 69' lang='lat' dir='ltr'><strong>visceribus</strong></span> <span class='ocrx_word' id='word_1_218' title='bbox 2646 607 3026 672; x_wconf 80' lang='lat' dir='ltr'><strong>decorticatus,</strong></span> 
     </span>
    </p>
   </div>
   <div class='ocr_carea' id='block_1_42' title="bbox 1972 695 2878 765">
    <p class='ocr_par' dir='ltr' id='par_1_42' title="bbox 1972 695 2878 765">
     <span class='ocr_line' id='line_1_42' title="bbox 1972 695 2878 765; baseline 0.004 -17"><span class='ocrx_word' id='word_1_219' title='bbox 1972 695 2178 751; x_wconf 82' lang='lat' dir='ltr'><strong>Rursus</strong></span> <span class='ocrx_word' id='word_1_220' title='bbox 2208 695 2399 762; x_wconf 73' lang='lat' dir='ltr'><strong>exivit,</strong></span> <span class='ocrx_word' id='word_1_221' title='bbox 2420 720 2428 727; x_wconf 84' lang='grc'><strong>·</strong></span> <span class='ocrx_word' id='word_1_222' title='bbox 2446 696 2878 765; x_wconf 75' lang='lat' dir='ltr'><strong>regenerationis</strong></span> 
     </span>
    </p>
   </div>
   <div class='ocr_carea' id='block_1_43' title="bbox 1971 788 2935 844">
    <p class='ocr_par' dir='ltr' id='par_1_43' title="bbox 1971 788 2935 844">
     <span class='ocr_line' id='line_1_43' title="bbox 1971 788 2935 844; baseline -0.002 -1"><span class='ocrx_word' id='word_1_223' title='bbox 1971 788 2211 844; x_wconf 87' lang='lat' dir='ltr'><strong>Salutem</strong></span> <span class='ocrx_word' id='word_1_224' title='bbox 2250 790 2481 844; x_wconf 83' lang='lat' dir='ltr'><strong>dracone</strong></span> <span class='ocrx_word' id='word_1_225' title='bbox 2504 804 2569 844; x_wconf 82' lang='lat' dir='ltr'><strong>ex</strong></span> <span class='ocrx_word' id='word_1_226' title='bbox 2603 789 2935 843; x_wconf 87' lang='lat' dir='ltr'><strong>mortalicida</strong></span> 
     </span>
    </p>
   </div>
   <div class='ocr_carea' id='block_1_44' title="bbox 1969 881 3401 963">
    <p class='ocr_par' dir='ltr' id='par_1_44' title="bbox 1969 881 3401 963">
     <span class='ocr_line' id='line_1_44' title="bbox 1969 881 3401 963; baseline 0.005 -27"><span class='ocrx_word' id='word_1_227' title='bbox 1969 881 2234 937; x_wconf 87' lang='lat' dir='ltr'><strong>Omnibus</strong></span> <span class='ocrx_word' id='word_1_228' title='bbox 2261 892 2686 953; x_wconf 70' lang='lat' dir='ltr'><strong>prtemonstrans</strong></span> <span class='ocrx_word' id='word_1_229' title='bbox 2714 884 3051 953; x_wconf 90' lang='lat' dir='ltr'><strong>temporibus</strong></span> <span class='ocrx_word' id='word_1_230' title='bbox 3087 884 3144 939; x_wconf 89' lang='lat' dir='ltr'><strong>in</strong></span> <span class='ocrx_word' id='word_1_231' title='bbox 3174 884 3401 963; x_wconf 74' lang='lat' dir='ltr'><strong>ultimis.</strong></span> 
     </span>
    </p>
   </div>
   <div class='ocr_carea' id='block_1_45' title="bbox 2038 974 3064 1045">
    <p class='ocr_par' dir='ltr' id='par_1_45' title="bbox 2038 974 3064 1045">
     <span class='ocr_line' id='line_1_45' title="bbox 2038 974 3064 1045; baseline 0.002 -17"><span class='ocrx_word' id='word_1_232' title='bbox 2038 975 2256 1043; x_wconf 88' lang='lat' dir='ltr'><strong>Apertis</strong></span> <span class='ocrx_word' id='word_1_233' title='bbox 2296 975 2401 1043; x_wconf 90' lang='lat' dir='ltr'><strong>poli</strong></span> <span class='ocrx_word' id='word_1_234' title='bbox 2433 974 2835 1045; x_wconf 87' lang='lat' dir='ltr'><strong>perillustribus</strong></span> <span class='ocrx_word' id='word_1_235' title='bbox 2858 977 3064 1042; x_wconf 71' lang='lat' dir='ltr'><strong>ianuis,</strong></span> 
     </span>
    </p>
   </div>
   <div class='ocr_carea' id='block_1_46' title="bbox 1970 1062 3077 1134">
    <p class='ocr_par' dir='ltr' id='par_1_46' title="bbox 1970 1062 3077 1134">
     <span class='ocr_line' id='line_1_46' title="bbox 1970 1062 3077 1134; baseline 0.006 -18"><span class='ocrx_word' id='word_1_236' title='bbox 1970 1064 2274 1133; x_wconf 83' lang='lat' dir='ltr'><strong>Discipulos</strong></span> <span class='ocrx_word' id='word_1_237' title='bbox 2305 1064 2451 1120; x_wconf 92' lang='lat' dir='ltr'><strong>videt</strong></span> <span class='ocrx_word' id='word_1_238' title='bbox 2495 1082 2523 1121; x_wconf 84' lang='lat' dir='ltr'><strong>a</strong></span> <span class='ocrx_word' id='word_1_239' title='bbox 2557 1062 2718 1123; x_wconf 84' lang='lat' dir='ltr'><strong>Patre</strong></span> <span class='ocrx_word' id='word_1_240' title='bbox 2748 1067 3077 1134; x_wconf 81' lang='lat' dir='ltr'><strong>venientem,</strong></span> 
     </span>
    </p>
   </div>
   <div class='ocr_carea' id='block_1_47' title="bbox 1969 1152 3286 1226">
    <p class='ocr_par' dir='ltr' id='par_1_47' title="bbox 1969 1152 3286 1226">
     <span class='ocr_line' id='line_1_47' title="bbox 1969 1152 3286 1226; baseline 0.007 -22"><span class='ocrx_word' id='word_1_241' title='bbox 1969 1152 2383 1224; x_wconf 84' lang='lat' dir='ltr'><strong>Manentemque</strong></span> <span class='ocrx_word' id='word_1_242' title='bbox 2414 1155 2677 1225; x_wconf 85' lang='lat' dir='ltr'><strong>Spiritum</strong></span> <span class='ocrx_word' id='word_1_243' title='bbox 2718 1157 2772 1211; x_wconf 92' lang='lat' dir='ltr'><strong>in</strong></span> <span class='ocrx_word' id='word_1_244' title='bbox 2816 1170 3049 1226; x_wconf 87' lang='lat' dir='ltr'><strong>perpuro</strong></span> <span class='ocrx_word' id='word_1_245' title='bbox 3088 1158 3286 1222; x_wconf 83' lang='lat' dir='ltr'><strong>Verbo,</strong></span> 
     </span>
    </p>
   </div>
   <div class='ocr_carea' id='block_1_48' title="bbox 1970 1243 3200 1314">
    <p class='ocr_par' dir='ltr' id='par_1_48' title="bbox 1970 1243 3200 1314">
     <span class='ocr_line' id='line_1_48' title="bbox 1970 1243 3200 1314; baseline 0.006 -19"><span class='ocrx_word' id='word_1_246' title='bbox 1970 1243 2287 1299; x_wconf 79' lang='lat' dir='ltr'><strong>Venientem</strong></span> <span class='ocrx_word' id='word_1_247' title='bbox 2320 1255 2378 1298; x_wconf 92' lang='lat' dir='ltr'><strong>ut</strong></span> <span class='ocrx_word' id='word_1_248' title='bbox 2404 1245 2705 1299; x_wconf 86' lang='lat' dir='ltr'><strong>columbam</strong></span> <span class='ocrx_word' id='word_1_249' title='bbox 2732 1245 2990 1300; x_wconf 74' lang='lat' dir='ltr'><strong>ineffabili</strong></span> <span class='ocrx_word' id='word_1_250' title='bbox 3022 1248 3200 1314; x_wconf 90' lang='lat' dir='ltr'><strong>modo,</strong></span> 
     </span>
    </p>
   </div>
   <div class='ocr_carea' id='block_1_49' title="bbox 1967 1335 3273 1404">
    <p class='ocr_par' dir='ltr' id='par_1_49' title="bbox 1967 1335 3273 1404">
     <span class='ocr_line' id='line_1_49' title="bbox 1967 1335 3273 1404; baseline 0.005 -16"><span class='ocrx_word' id='word_1_251' title='bbox 1967 1335 2298 1404; x_wconf 79' lang='lat' dir='ltr'><strong>Populisque</strong></span> <span class='ocrx_word' id='word_1_252' title='bbox 2335 1337 2571 1392; x_wconf 86' lang='lat' dir='ltr'><strong>ostendit</strong></span> <span class='ocrx_word' id='word_1_253' title='bbox 2599 1345 2973 1393; x_wconf 87' lang='lat' dir='ltr'><strong>accurrentem</strong></span> <span class='ocrx_word' id='word_1_254' title='bbox 3026 1337 3273 1394; x_wconf 89' lang='lat' dir='ltr'><strong>Domino.</strong></span> 
     </span>
    </p>
   </div>
   <div class='ocr_carea' id='block_1_50' title="bbox 2037 1424 3088 1498">
    <p class='ocr_par' dir='ltr' id='par_1_50' title="bbox 2037 1424 3088 1498">
     <span class='ocr_line' id='line_1_50' title="bbox 2037 1424 3088 1498; baseline 0.006 -21"><span class='ocrx_word' id='word_1_255' title='bbox 2037 1426 2261 1480; x_wconf 84' lang='lat' dir='ltr'><strong>Adussit</strong></span> <span class='ocrx_word' id='word_1_256' title='bbox 2302 1424 2507 1481; x_wconf 83' lang='lat' dir='ltr'><strong>ﬂuento</strong></span> <span class='ocrx_word' id='word_1_257' title='bbox 2548 1426 2843 1482; x_wconf 83' lang='lat' dir='ltr'><strong>draconum</strong></span> <span class='ocrx_word' id='word_1_258' title='bbox 2889 1431 3088 1498; x_wconf 82' lang='lat' dir='ltr'><strong>capita,</strong></span> 
     </span>
    </p>
   </div>
   <div class='ocr_carea' id='block_1_51' title="bbox 1966 1514 3033 1583">
    <p class='ocr_par' dir='ltr' id='par_1_51' title="bbox 1966 1514 3033 1583">
     <span class='ocr_line' id='line_1_51' title="bbox 1966 1514 3033 1583; baseline 0.004 -16"><span class='ocrx_word' id='word_1_259' title='bbox 1966 1514 2015 1567; x_wconf 77' lang='lat' dir='ltr'><strong>ls</strong></span> <span class='ocrx_word' id='word_1_260' title='bbox 2048 1518 2135 1583; x_wconf 90' lang='lat' dir='ltr'><strong>qui</strong></span> <span class='ocrx_word' id='word_1_261' title='bbox 2166 1515 2405 1570; x_wconf 87' lang='lat' dir='ltr'><strong>fornacis</strong></span> <span class='ocrx_word' id='word_1_262' title='bbox 2446 1516 2728 1572; x_wconf 86' lang='lat' dir='ltr'><strong>sublimem</strong></span> <span class='ocrx_word' id='word_1_263' title='bbox 2760 1517 3033 1573; x_wconf 85' lang='lat' dir='ltr'><strong>flammam</strong></span> 
     </span>
    </p>
   </div>
   <div class='ocr_carea' id='block_1_52' title="bbox 1965 1604 2907 1677">
    <p class='ocr_par' dir='ltr' id='par_1_52' title="bbox 1965 1604 2907 1677">
     <span class='ocr_line' id='line_1_52' title="bbox 1965 1604 2907 1677; baseline 0.003 -18"><span class='ocrx_word' id='word_1_264' title='bbox 1965 1604 2199 1660; x_wconf 86' lang='lat' dir='ltr'><strong>Juvenes</strong></span> <span class='ocrx_word' id='word_1_265' title='bbox 2246 1604 2509 1661; x_wconf 85' lang='lat' dir='ltr'><strong>ferentem</strong></span> <span class='ocrx_word' id='word_1_266' title='bbox 2542 1607 2660 1677; x_wconf 78' lang='lat' dir='ltr'><strong>pios</strong></span> <span class='ocrx_word' id='word_1_267' title='bbox 2688 1608 2907 1677; x_wconf 78' lang='lat' dir='ltr'><strong>sopivit.</strong></span> 
     </span>
    </p>
   </div>
   <div class='ocr_carea' id='block_1_53' title="bbox 1969 1696 3287 1767">
    <p class='ocr_par' dir='ltr' id='par_1_53' title="bbox 1969 1696 3287 1767">
     <span class='ocr_line' id='line_1_53' title="bbox 1969 1696 3287 1767; baseline 0.005 -19"><span class='ocrx_word' id='word_1_268' title='bbox 1969 1696 2219 1751; x_wconf 83' lang='lat' dir='ltr'><strong>DilIiciles</strong></span> <span class='ocrx_word' id='word_1_269' title='bbox 2247 1698 2637 1767; x_wconf 81' lang='lat' dir='ltr'><strong>comprehensa</strong></span> <span class='ocrx_word' id='word_1_270' title='bbox 2685 1699 2937 1753; x_wconf 83' lang='lat' dir='ltr'><strong>tenebras</strong></span> <span class='ocrx_word' id='word_1_271' title='bbox 2968 1712 3034 1753; x_wconf 79' lang='lat' dir='ltr'><strong>ex</strong></span> <span class='ocrx_word' id='word_1_272' title='bbox 3067 1706 3287 1767; x_wconf 84' lang='lat' dir='ltr'><strong>peccato</strong></span> 
     </span>
    </p>
   </div>
   <div class='ocr_carea' id='block_1_54' title="bbox 1969 1787 2873 1859">
    <p class='ocr_par' dir='ltr' id='par_1_54' title="bbox 1969 1787 2873 1859">
     <span class='ocr_line' id='line_1_54' title="bbox 1969 1787 2873 1859; baseline 0.001 -18"><span class='ocrx_word' id='word_1_273' title='bbox 1969 1787 2155 1851; x_wconf 88' lang='lat' dir='ltr'><strong>Totas,</strong></span> <span class='ocrx_word' id='word_1_274' title='bbox 2189 1788 2436 1859; x_wconf 89' lang='lat' dir='ltr'><strong>lavatque</strong></span> <span class='ocrx_word' id='word_1_275' title='bbox 2463 1804 2583 1845; x_wconf 90' lang='lat' dir='ltr'><strong>rore</strong></span> <span class='ocrx_word' id='word_1_276' title='bbox 2614 1788 2873 1859; x_wconf 88' lang='lat' dir='ltr'><strong>Spiritus.</strong></span> 
     </span>
    </p>
   </div>
   <div class='ocr_carea' id='block_1_55' title="bbox 2038 1876 3083 1949">
    <p class='ocr_par' dir='ltr' id='par_1_55' title="bbox 2038 1876 3083 1949">
     <span class='ocr_line' id='line_1_55' title="bbox 2038 1876 3083 1949; baseline 0.003 -18"><span class='ocrx_word' id='word_1_277' title='bbox 2038 1876 2115 1932; x_wconf 89' lang='lat' dir='ltr'><strong>Te</strong></span> <span class='ocrx_word' id='word_1_278' title='bbox 2146 1878 2467 1946; x_wconf 83' lang='lat' dir='ltr'><strong>figurantem</strong></span> <span class='ocrx_word' id='word_1_279' title='bbox 2500 1879 2781 1949; x_wconf 82' lang='lat' dir='ltr'><strong>Assyriam</strong></span> <span class='ocrx_word' id='word_1_280' title='bbox 2809 1877 3083 1934; x_wconf 84' lang='lat' dir='ltr'><strong>ﬂammam</strong></span> 
     </span>
    </p>
   </div>
   <div class='ocr_carea' id='block_1_56' title="bbox 1968 1967 3287 2039">
    <p class='ocr_par' dir='ltr' id='par_1_56' title="bbox 1968 1967 3287 2039">
     <span class='ocr_line' id='line_1_56' title="bbox 1968 1967 3287 2039; baseline 0 -15"><span class='ocrx_word' id='word_1_281' title='bbox 1968 1967 2431 2039; x_wconf 86' lang='lat' dir='ltr'><strong>Stupefacientem</strong></span> <span class='ocrx_word' id='word_1_282' title='bbox 2472 1970 2622 2024; x_wconf 87' lang='lat' dir='ltr'><strong>sistis</strong></span> <span class='ocrx_word' id='word_1_283' title='bbox 2668 1971 2723 2023; x_wconf 91' lang='lat' dir='ltr'><strong>in</strong></span> <span class='ocrx_word' id='word_1_284' title='bbox 2761 1985 2939 2025; x_wconf 90' lang='lat' dir='ltr'><strong>rorem</strong></span> <span class='ocrx_word' id='word_1_285' title='bbox 2976 1969 3287 2037; x_wconf 88' lang='lat' dir='ltr'><strong>deductam,</strong></span> 
     </span>
    </p>
   </div>
   <div class='ocr_carea' id='block_1_57' title="bbox 1963 2060 3187 2129">
    <p class='ocr_par' dir='ltr' id='par_1_57' title="bbox 1963 2060 3187 2129">
     <span class='ocr_line' id='line_1_57' title="bbox 1963 2060 3187 2129; baseline -0.001 -14"><span class='ocrx_word' id='word_1_286' title='bbox 1963 2060 2172 2129; x_wconf 86' lang='lat' dir='ltr'><strong>Aquam</strong></span> <span class='ocrx_word' id='word_1_287' title='bbox 2211 2061 2354 2116; x_wconf 92' lang='lat' dir='ltr'><strong>unde</strong></span> <span class='ocrx_word' id='word_1_288' title='bbox 2385 2076 2527 2115; x_wconf 89' lang='lat' dir='ltr'><strong>nunc</strong></span> <span class='ocrx_word' id='word_1_289' title='bbox 2558 2061 2776 2115; x_wconf 87' lang='lat' dir='ltr'><strong>indutus</strong></span> <span class='ocrx_word' id='word_1_290' title='bbox 2805 2076 2865 2116; x_wconf 90' lang='lat' dir='ltr'><strong>es</strong></span> <span class='ocrx_word' id='word_1_291' title='bbox 2915 2068 3187 2128; x_wconf 88' lang='lat' dir='ltr'><strong>urentem,</strong></span> 
     </span>
    </p>
   </div>
   <div class='ocr_carea' id='block_1_58' title="bbox 1966 2150 3293 2221">
    <p class='ocr_par' dir='ltr' id='par_1_58' title="bbox 1966 2150 3293 2221">
     <span class='ocr_line' id='line_1_58' title="bbox 1966 2150 3293 2221; baseline 0.002 -18"><span class='ocrx_word' id='word_1_292' title='bbox 1966 2150 2245 2206; x_wconf 86' lang='lat' dir='ltr'><strong>Diabolum</strong></span> <span class='ocrx_word' id='word_1_293' title='bbox 2275 2152 2588 2221; x_wconf 90' lang='lat' dir='ltr'><strong>pessimum,</strong></span> <span class='ocrx_word' id='word_1_294' title='bbox 2619 2151 2855 2214; x_wconf 81' lang='lat' dir='ltr'><strong>Christe,</strong></span> <span class='ocrx_word' id='word_1_295' title='bbox 2890 2152 3293 2218; x_wconf 88' lang='lat' dir='ltr'><strong>absconditum,</strong></span> 
     </span>
    </p>
   </div>
   <div class='ocr_carea' id='block_1_59' title="bbox 1962 2243 2906 2300">
    <p class='ocr_par' dir='ltr' id='par_1_59' title="bbox 1962 2243 2906 2300">
     <span class='ocr_line' id='line_1_59' title="bbox 1962 2243 2906 2300; baseline -0.001 -2"><span class='ocrx_word' id='word_1_296' title='bbox 1962 2243 2045 2299; x_wconf 84' lang='lat' dir='ltr'><strong>Ad</strong></span> <span class='ocrx_word' id='word_1_297' title='bbox 2076 2243 2338 2298; x_wconf 88' lang='lat' dir='ltr'><strong>lubricam</strong></span> <span class='ocrx_word' id='word_1_298' title='bbox 2373 2254 2689 2300; x_wconf 89' lang='lat' dir='ltr'><strong>evocantem</strong></span> <span class='ocrx_word' id='word_1_299' title='bbox 2742 2244 2906 2297; x_wconf 85' lang='lat' dir='ltr'><strong>viam.</strong></span> 
     </span>
    </p>
   </div>
   <div class='ocr_carea' id='block_1_60' title="bbox 2035 2332 2730 2398">
    <p class='ocr_par' dir='ltr' id='par_1_60' title="bbox 2035 2332 2730 2398">
     <span class='ocr_line' id='line_1_60' title="bbox 2035 2332 2730 2398; baseline 0 -11"><span class='ocrx_word' id='word_1_300' title='bbox 2035 2332 2273 2389; x_wconf 76' lang='lat' dir='ltr'><strong>Elfracto</strong></span> <span class='ocrx_word' id='word_1_301' title='bbox 2304 2332 2541 2389; x_wconf 69' lang='lat' dir='ltr'><strong>Iordane</strong></span> <span class='ocrx_word' id='word_1_302' title='bbox 2578 2335 2730 2398; x_wconf 92' lang='lat' dir='ltr'><strong>olim,</strong></span> 
     </span>
    </p>
   </div>
   <div class='ocr_carea' id='block_1_61' title="bbox 1962 2422 3021 2496">
    <p class='ocr_par' dir='ltr' id='par_1_61' title="bbox 1962 2422 3021 2496">
     <span class='ocr_line' id='line_1_61' title="bbox 1962 2422 3021 2496; baseline 0 -17"><span class='ocrx_word' id='word_1_303' title='bbox 1962 2424 2229 2480; x_wconf 88' lang='lat' dir='ltr'><strong>lstbmum</strong></span> <span class='ocrx_word' id='word_1_304' title='bbox 2262 2426 2459 2480; x_wconf 88' lang='lat' dir='ltr'><strong>transit</strong></span> <span class='ocrx_word' id='word_1_305' title='bbox 2486 2422 2715 2496; x_wconf 88' lang='lat' dir='ltr'><strong>populus</strong></span> <span class='ocrx_word' id='word_1_306' title='bbox 2754 2424 3021 2492; x_wconf 88' lang='lat' dir='ltr'><strong>Israelita,</strong></span> 
     </span>
    </p>
   </div>
   <div class='ocr_carea' id='block_1_62' title="bbox 1964 2515 3164 2583">
    <p class='ocr_par' dir='ltr' id='par_1_62' title="bbox 1964 2515 3164 2583">
     <span class='ocr_line' id='line_1_62' title="bbox 1964 2515 3164 2583; baseline 0.002 -13"><span class='ocrx_word' id='word_1_307' title='bbox 1964 2517 2040 2570; x_wconf 83' lang='lat' dir='ltr'><strong>Te</strong></span> <span class='ocrx_word' id='word_1_308' title='bbox 2076 2515 2433 2571; x_wconf 87' lang='lat' dir='ltr'><strong>fortissimum</strong></span> <span class='ocrx_word' id='word_1_309' title='bbox 2467 2516 2789 2572; x_wconf 78' lang='lat' dir='ltr'><strong>inferentem</strong></span> <span class='ocrx_word' id='word_1_310' title='bbox 2828 2526 3164 2583; x_wconf 85' lang='lat' dir='ltr'><strong>creaturam,</strong></span> 
     </span>
    </p>
   </div>
   <div class='ocr_carea' id='block_1_63' title="bbox 1963 2605 3215 2675">
    <p class='ocr_par' dir='ltr' id='par_1_63' title="bbox 1963 2605 3215 2675">
     <span class='ocr_line' id='line_1_63' title="bbox 1963 2605 3215 2675; baseline 0.003 -15"><span class='ocrx_word' id='word_1_311' title='bbox 1963 2605 2307 2661; x_wconf 84' lang='lat' dir='ltr'><strong>Festinanter</strong></span> <span class='ocrx_word' id='word_1_312' title='bbox 2355 2621 2499 2661; x_wconf 93' lang='lat' dir='ltr'><strong>nunc</strong></span> <span class='ocrx_word' id='word_1_313' title='bbox 2529 2607 2584 2661; x_wconf 93' lang='lat' dir='ltr'><strong>in</strong></span> <span class='ocrx_word' id='word_1_314' title='bbox 2614 2605 2848 2663; x_wconf 81' lang='lat' dir='ltr'><strong>fluxibus</strong></span> <span class='ocrx_word' id='word_1_315' title='bbox 2872 2606 3215 2675; x_wconf 87' lang='lat' dir='ltr'><strong>describens,</strong></span> 
     </span>
    </p>
   </div>
   <div class='ocr_carea' id='block_1_64' title="bbox 1962 2697 3116 2769">
    <p class='ocr_par' dir='ltr' id='par_1_64' title="bbox 1962 2697 3116 2769">
     <span class='ocr_line' id='line_1_64' title="bbox 1962 2697 3116 2769; baseline 0.003 -18"><span class='ocrx_word' id='word_1_316' title='bbox 1962 2698 2040 2753; x_wconf 85' lang='lat' dir='ltr'><strong>Ad</strong></span> <span class='ocrx_word' id='word_1_317' title='bbox 2074 2698 2217 2753; x_wconf 84' lang='lat' dir='ltr'><strong>ﬂuxu</strong></span> <span class='ocrx_word' id='word_1_318' title='bbox 2243 2709 2520 2769; x_wconf 82' lang='lat' dir='ltr'><strong>expertem</strong></span> <span class='ocrx_word' id='word_1_319' title='bbox 2552 2707 2607 2753; x_wconf 92' lang='lat' dir='ltr'><strong>et</strong></span> <span class='ocrx_word' id='word_1_320' title='bbox 2634 2697 2914 2754; x_wconf 89' lang='lat' dir='ltr'><strong>meliorem</strong></span> <span class='ocrx_word' id='word_1_321' title='bbox 2948 2700 3116 2755; x_wconf 84' lang='lat' dir='ltr'><strong>viam.</strong></span> 
     </span>
    </p>
   </div>
   <div class='ocr_carea' id='block_1_65' title="bbox 2036 2781 3209 2860">
    <p class='ocr_par' dir='ltr' id='par_1_65' title="bbox 2036 2781 3209 2860">
     <span class='ocr_line' id='line_1_65' title="bbox 2036 2781 3209 2860; baseline -0.003 -15"><span class='ocrx_word' id='word_1_322' title='bbox 2036 2781 2251 2845; x_wconf 84' lang='lat' dir='ltr'><strong>Scimus</strong></span> <span class='ocrx_word' id='word_1_323' title='bbox 2280 2792 2513 2859; x_wconf 89' lang='lat' dir='ltr'><strong>primum</strong></span> <span class='ocrx_word' id='word_1_324' title='bbox 2547 2790 2916 2860; x_wconf 84' lang='lat' dir='ltr'><strong>perniciosum</strong></span> <span class='ocrx_word' id='word_1_325' title='bbox 2948 2790 3209 2846; x_wconf 81' lang='lat' dir='ltr'><strong>diluvium</strong></span> 
     </span>
    </p>
   </div>
   <div class='ocr_carea' id='block_1_66' title="bbox 1962 2880 3363 2945">
    <p class='ocr_par' dir='ltr' id='par_1_66' title="bbox 1962 2880 3363 2945">
     <span class='ocr_line' id='line_1_66' title="bbox 1962 2880 3363 2945; baseline -0.001 -10"><span class='ocrx_word' id='word_1_326' title='bbox 1962 2882 2155 2936; x_wconf 79' lang='lat' dir='ltr'><strong>Misere</strong></span> <span class='ocrx_word' id='word_1_327' title='bbox 2186 2886 2237 2936; x_wconf 87' lang='lat' dir='ltr'><strong>te</strong></span> <span class='ocrx_word' id='word_1_328' title='bbox 2263 2882 2504 2935; x_wconf 89' lang='lat' dir='ltr'><strong>omnium</strong></span> <span class='ocrx_word' id='word_1_329' title='bbox 2532 2882 2600 2936; x_wconf 89' lang='lat' dir='ltr'><strong>ad</strong></span> <span class='ocrx_word' id='word_1_330' title='bbox 2634 2882 3054 2937; x_wconf 90' lang='lat' dir='ltr'><strong>destructionem</strong></span> <span class='ocrx_word' id='word_1_331' title='bbox 3088 2880 3363 2945; x_wconf 86' lang='lat' dir='ltr'><strong>inducere,</strong></span> 
     </span>
    </p>
   </div>
   <div class='ocr_carea' id='block_1_67' title="bbox 1960 2970 3183 3042">
    <p class='ocr_par' dir='ltr' id='par_1_67' title="bbox 1960 2970 3183 3042">
     <span class='ocr_line' id='line_1_67' title="bbox 1960 2970 3183 3042; baseline -0.002 -15"><span class='ocrx_word' id='word_1_332' title='bbox 1960 2971 2004 3027; x_wconf 92' lang='grc' dir='ltr'><strong>Ο</strong></span> <span class='ocrx_word' id='word_1_333' title='bbox 2034 2987 2194 3042; x_wconf 90' lang='lat' dir='ltr'><strong>quam</strong></span> <span class='ocrx_word' id='word_1_334' title='bbox 2229 2972 2460 3025; x_wconf 82' lang='lat' dir='ltr'><strong>maxima</strong></span> <span class='ocrx_word' id='word_1_335' title='bbox 2485 2970 2691 3026; x_wconf 82' lang='lat' dir='ltr'><strong>faciens</strong></span> <span class='ocrx_word' id='word_1_336' title='bbox 2722 2980 2777 3027; x_wconf 86' lang='lat' dir='ltr'><strong>et</strong></span> <span class='ocrx_word' id='word_1_337' title='bbox 2801 2971 3138 3027; x_wconf 88' lang='lat' dir='ltr'><strong>admirabilia</strong></span> <span class='ocrx_word' id='word_1_338' title='bbox 3169 2973 3183 3025; x_wconf 82' lang='lat' dir='ltr'><strong>l</strong></span> 
     </span>
    </p>
   </div>
   <div class='ocr_carea' id='block_1_68' title="bbox 1963 3062 3293 3132">
    <p class='ocr_par' dir='ltr' id='par_1_68' title="bbox 1963 3062 3293 3132">
     <span class='ocr_line' id='line_1_68' title="bbox 1963 3062 3293 3132; baseline 0.003 -17"><span class='ocrx_word' id='word_1_339' title='bbox 1963 3062 2116 3117; x_wconf 87' lang='lat' dir='ltr'><strong>Nunc</strong></span> <span class='ocrx_word' id='word_1_340' title='bbox 2149 3072 2331 3117; x_wconf 87' lang='lat' dir='ltr'><strong>autem</strong></span> <span class='ocrx_word' id='word_1_341' title='bbox 2359 3062 2705 3125; x_wconf 89' lang='lat' dir='ltr'><strong>obruentem,</strong></span> <span class='ocrx_word' id='word_1_342' title='bbox 2736 3063 2975 3127; x_wconf 81' lang='lat' dir='ltr'><strong>Christe,</strong></span> <span class='ocrx_word' id='word_1_343' title='bbox 3011 3072 3293 3132; x_wconf 86' lang='lat' dir='ltr'><strong>peccatum</strong></span> 
     </span>
    </p>
   </div>
   <div class='ocr_carea' id='block_1_69' title="bbox 1965 3154 3230 3211">
    <p class='ocr_par' dir='ltr' id='par_1_69' title="bbox 1965 3154 3230 3211">
     <span class='ocr_line' id='line_1_69' title="bbox 1965 3154 3230 3211; baseline -0.002 0"><span class='ocrx_word' id='word_1_344' title='bbox 1965 3156 2047 3211; x_wconf 90' lang='lat' dir='ltr'><strong>Ob</strong></span> <span class='ocrx_word' id='word_1_345' title='bbox 2087 3154 2517 3210; x_wconf 88' lang='lat' dir='ltr'><strong>misericordiam</strong></span> <span class='ocrx_word' id='word_1_346' title='bbox 2547 3162 2601 3209; x_wconf 90' lang='lat' dir='ltr'><strong>et</strong></span> <span class='ocrx_word' id='word_1_347' title='bbox 2631 3154 2945 3210; x_wconf 87' lang='lat' dir='ltr'><strong>mortalium</strong></span> <span class='ocrx_word' id='word_1_348' title='bbox 2978 3154 3230 3210; x_wconf 85' lang='lat' dir='ltr'><strong>salutem.</strong></span> 
     </span>
    </p>
   </div>
   <div class='ocr_carea' id='block_1_70' title="bbox 2037 3245 3160 3316">
    <p class='ocr_par' dir='ltr' id='par_1_70' title="bbox 2037 3245 3160 3316">
     <span class='ocr_line' id='line_1_70' title="bbox 2037 3245 3160 3316; baseline -0.001 -15"><span class='ocrx_word' id='word_1_349' title='bbox 2037 3246 2228 3301; x_wconf 87' lang='lat' dir='ltr'><strong>Libera</strong></span> <span class='ocrx_word' id='word_1_350' title='bbox 2260 3246 2476 3315; x_wconf 89' lang='lat' dir='ltr'><strong>quidem</strong></span> <span class='ocrx_word' id='word_1_351' title='bbox 2504 3255 2756 3301; x_wconf 88' lang='lat' dir='ltr'><strong>creatura</strong></span> <span class='ocrx_word' id='word_1_352' title='bbox 2787 3245 3160 3316; x_wconf 90' lang='lat' dir='ltr'><strong>cognoscitur,</strong></span> 
     </span>
    </p>
   </div>
   <div class='ocr_carea' id='block_1_71' title="bbox 1970 3336 2922 3408">
    <p class='ocr_par' dir='ltr' id='par_1_71' title="bbox 1970 3336 2922 3408">
     <span class='ocr_line' id='line_1_71' title="bbox 1970 3336 2922 3408; baseline -0.002 -16"><span class='ocrx_word' id='word_1_353' title='bbox 1970 3339 2204 3408; x_wconf 89' lang='lat' dir='ltr'><strong>Filiique</strong></span> <span class='ocrx_word' id='word_1_354' title='bbox 2233 3338 2372 3393; x_wconf 91' lang='lat' dir='ltr'><strong>lucis</strong></span> <span class='ocrx_word' id='word_1_355' title='bbox 2400 3345 2528 3391; x_wconf 88' lang='lat' dir='ltr'><strong>ante</strong></span> <span class='ocrx_word' id='word_1_356' title='bbox 2555 3336 2922 3406; x_wconf 86' lang='lat' dir='ltr'><strong>obtenebrati,</strong></span> 
     </span>
    </p>
   </div>
   <div class='ocr_carea' id='block_1_72' title="bbox 1969 3427 3049 3499">
    <p class='ocr_par' dir='ltr' id='par_1_72' title="bbox 1969 3427 3049 3499">
     <span class='ocr_line' id='line_1_72' title="bbox 1969 3427 3049 3499; baseline 0.001 -17"><span class='ocrx_word' id='word_1_357' title='bbox 1969 3429 2126 3483; x_wconf 90' lang='lat' dir='ltr'><strong>Solus</strong></span> <span class='ocrx_word' id='word_1_358' title='bbox 2154 3428 2323 3499; x_wconf 86' lang='lat' dir='ltr'><strong>gemit</strong></span> <span class='ocrx_word' id='word_1_359' title='bbox 2355 3429 2700 3483; x_wconf 89' lang='lat' dir='ltr'><strong>tenebrarum</strong></span> <span class='ocrx_word' id='word_1_360' title='bbox 2732 3427 3049 3497; x_wconf 81' lang='lat' dir='ltr'><strong>praefectus.</strong></span> 
     </span>
    </p>
   </div>
   <div class='ocr_carea' id='block_1_73' title="bbox 1971 3519 2945 3585">
    <p class='ocr_par' dir='ltr' id='par_1_73' title="bbox 1971 3519 2945 3585">
     <span class='ocr_line' id='line_1_73' title="bbox 1971 3519 2945 3585; baseline 0.004 -14"><span class='ocrx_word' id='word_1_361' title='bbox 1971 3519 2127 3573; x_wconf 77' lang='lat' dir='ltr'><strong>Nunc</strong></span> <span class='ocrx_word' id='word_1_362' title='bbox 2152 3519 2436 3574; x_wconf 88' lang='lat' dir='ltr'><strong>benedicat</strong></span> <span class='ocrx_word' id='word_1_363' title='bbox 2458 3519 2615 3575; x_wconf 80' lang='lat' dir='ltr'><strong>enixe</strong></span> <span class='ocrx_word' id='word_1_364' title='bbox 2644 3530 2945 3585; x_wconf 87' lang='lat' dir='ltr'><strong>auctorem,</strong></span> 
     </span>
    </p>
   </div>
   <div class='ocr_carea' id='block_1_74' title="bbox 3446 307 3551 372">
    <p class='ocr_par' dir='ltr' id='par_1_74' title="bbox 3446 307 3551 372">
     <span class='ocr_line' id='line_1_74' title="bbox 3446 307 3551 372; baseline -0.019 0"><span class='ocrx_word' id='word_1_365' title='bbox 3446 307 3551 372; x_wconf 77' lang='lat'><strong>830</strong></span> 
     </span>
    </p>
   </div>
   <div class='ocr_carea' id='block_1_75' title="bbox 1971 3610 3469 3684">
    <p class='ocr_par' dir='ltr' id='par_1_75' title="bbox 1971 3610 3469 3684">
     <span class='ocr_line' id='line_1_75' title="bbox 1971 3610 3469 3684; baseline -0.001 -18"><span class='ocrx_word' id='word_1_366' title='bbox 1971 3610 2103 3677; x_wconf 73' lang='lat' dir='ltr'><strong>Quae</strong></span> <span class='ocrx_word' id='word_1_367' title='bbox 2138 3611 2290 3682; x_wconf 84' lang='lat' dir='ltr'><strong>prius</strong></span> <span class='ocrx_word' id='word_1_368' title='bbox 2318 3612 2515 3667; x_wconf 87' lang='lat' dir='ltr'><strong>misera</strong></span> <span class='ocrx_word' id='word_1_369' title='bbox 2551 3610 2657 3665; x_wconf 89' lang='lat' dir='ltr'><strong>fuit</strong></span> <span class='ocrx_word' id='word_1_370' title='bbox 2693 3611 2935 3684; x_wconf 85' lang='lat' dir='ltr'><strong>gentium</strong></span> <span class='ocrx_word' id='word_1_371' title='bbox 2961 3612 3142 3670; x_wconf 86' lang='lat' dir='ltr'><strong>omnis</strong></span> <span class='ocrx_word' id='word_1_372' title='bbox 3166 3612 3469 3684; x_wconf 85' lang='lat' dir='ltr'><strong>generatio.</strong></span> 
     </span>
    </p>
   </div>
   <div class='ocr_carea' id='block_1_76' title="bbox 1445 3742 2372 3848">
    <p class='ocr_par' dir='ltr' id='par_1_76' title="bbox 1445 3742 2372 3848">
     <span class='ocr_line' id='line_1_76' title="bbox 1445 3742 2372 3848; baseline -0.002 0"><span class='ocrx_word' id='word_1_373' title='bbox 1445 3790 1495 3848; x_wconf 76' lang='grc' dir='ltr'><strong>ι.</strong></span> <span class='ocrx_word' id='word_1_374' title='bbox 1537 3788 1738 3848; x_wconf 60' lang='lat' dir='ltr'><strong>eumn</strong></span> <span class='ocrx_word' id='word_1_375' title='bbox 1781 3742 2033 3845; x_wconf 66' lang='lat' dir='ltr'><strong>Iurene</strong></span> <span class='ocrx_word' id='word_1_376' title='bbox 2051 3790 2372 3846; x_wconf 80' lang='lat' dir='ltr'><strong>RETATIO.</strong></span> 
     </span>
    </p>
   </div>
   <div class='ocr_carea' id='block_1_77' title="bbox 286 3947 1331 4025">
    <p class='ocr_par' dir='ltr' id='par_1_77' title="bbox 286 3947 1331 4025">
     <span class='ocr_line' id='line_1_77' title="bbox 286 3947 1331 4025; baseline -0.011 -12"><span class='ocrx_word' id='word_1_377' title='bbox 286 3960 474 4024; x_wconf 79' lang='lat' dir='ltr'><strong>Venis,</strong></span> <span class='ocrx_word' id='word_1_378' title='bbox 503 3954 736 4025; x_wconf 85' lang='lat' dir='ltr'><strong>repellas</strong></span> <span class='ocrx_word' id='word_1_379' title='bbox 758 3949 1018 4025; x_wconf 73' lang='lat' dir='ltr'><strong>noctisut</strong></span> <span class='ocrx_word' id='word_1_380' title='bbox 1044 3947 1331 4018; x_wconf 88' lang='lat' dir='ltr'><strong>caliginem</strong></span> 
     </span>
    </p>
   </div>
   <div class='ocr_carea' id='block_1_78' title="bbox 286 4020 1542 4102">
    <p class='ocr_par' dir='ltr' id='par_1_78' title="bbox 286 4020 1542 4102">
     <span class='ocr_line' id='line_1_78' title="bbox 286 4020 1542 4102; baseline -0.01 -19"><span class='ocrx_word' id='word_1_381' title='bbox 286 4020 527 4102; x_wconf 62' lang='lat' dir='ltr'><strong>raram,</strong></span> <span class='ocrx_word' id='word_1_382' title='bbox 550 4020 858 4102; x_wconf 68' lang='lat' dir='ltr'><strong>meumque</strong></span> <span class='ocrx_word' id='word_1_383' title='bbox 873 4020 1064 4102; x_wconf 4' lang='lat' dir='ltr'><strong>deleas,</strong></span> <span class='ocrx_word' id='word_1_384' title='bbox 1076 4033 1308 4102; x_wconf 71' lang='lat' dir='ltr'><strong>prorsus</strong></span> <span class='ocrx_word' id='word_1_385' title='bbox 1336 4029 1506 4089; x_wconf 90' lang='lat' dir='ltr'><strong>genus</strong></span> <span class='ocrx_word' id='word_1_386' title='bbox 1527 4031 1542 4083; x_wconf 88' lang='lat'><strong>;</strong></span> 
     </span>
    </p>
   </div>
   <div class='ocr_carea' id='block_1_79' title="bbox 286 4088 1289 4167">
    <p class='ocr_par' dir='ltr' id='par_1_79' title="bbox 286 4088 1289 4167">
     <span class='ocr_line' id='line_1_79' title="bbox 286 4088 1289 4167; baseline -0.007 -19"><span class='ocrx_word' id='word_1_387' title='bbox 286 4088 674 4167; x_wconf 32' lang='lat' dir='ltr'><strong>’l‘uiquc’dono</strong></span> <span class='ocrx_word' id='word_1_388' title='bbox 702 4088 915 4167; x_wconf 68' lang='lat' dir='ltr'><strong>mystici</strong></span> <span class='ocrx_word' id='word_1_389' title='bbox 944 4088 1289 4167; x_wconf 67' lang='lat' dir='ltr'><strong>baptismatis</strong></span> 
     </span>
    </p>
   </div>
   <div class='ocr_carea' id='block_1_80' title="bbox 290 4157 1325 4220">
    <p class='ocr_par' dir='ltr' id='par_1_80' title="bbox 290 4157 1325 4220">
     <span class='ocr_line' id='line_1_80' title="bbox 290 4157 1325 4220; baseline -0.009 -1"><span class='ocrx_word' id='word_1_390' title='bbox 290 4157 436 4220; x_wconf 70' lang='lat' dir='ltr'><strong>l’iau&#39;t</strong></span> <span class='ocrx_word' id='word_1_391' title='bbox 470 4182 535 4220; x_wconf 83' lang='lat' dir='ltr'><strong>cx</strong></span> <span class='ocrx_word' id='word_1_392' title='bbox 562 4157 778 4220; x_wconf 78' lang='lat' dir='ltr'><strong>ﬂuentis</strong></span> <span class='ocrx_word' id='word_1_393' title='bbox 822 4160 964 4215; x_wconf 77' lang='lat' dir='ltr'><strong>(ilius</strong></span> <span class='ocrx_word' id='word_1_394' title='bbox 995 4157 1325 4214; x_wconf 76' lang='lat' dir='ltr'><strong>Iordanicis.</strong></span> 
     </span>
    </p>
   </div>
   <div class='ocr_carea' id='block_1_81' title="bbox 359 4226 1590 4303">
    <p class='ocr_par' dir='ltr' id='par_1_81' title="bbox 359 4226 1590 4303">
     <span class='ocr_line' id='line_1_81' title="bbox 359 4226 1590 4303; baseline -0.007 -13"><span class='ocrx_word' id='word_1_395' title='bbox 359 4236 512 4290; x_wconf 83' lang='lat' dir='ltr'><strong>Hunc</strong></span> <span class='ocrx_word' id='word_1_396' title='bbox 542 4233 901 4303; x_wconf 79' lang='lat' dir='ltr'><strong>conspicatus</strong></span> <span class='ocrx_word' id='word_1_397' title='bbox 914 4229 1186 4303; x_wconf 70' lang='lat' dir='ltr'><strong>inclytum</strong></span> <span class='ocrx_word' id='word_1_398' title='bbox 1217 4242 1394 4303; x_wconf 64' lang='lat' dir='ltr'><strong>prteco</strong></span> <span class='ocrx_word' id='word_1_399' title='bbox 1419 4226 1590 4296; x_wconf 80' lang='grc' dir='ltr'>Λόγον</span> 
     </span>
    </p>
   </div>
   <div class='ocr_carea' id='block_1_82' title="bbox 284 4297 1466 4377">
    <p class='ocr_par' dir='ltr' id='par_1_82' title="bbox 284 4297 1466 4377">
     <span class='ocr_line' id='line_1_82' title="bbox 284 4297 1466 4377; baseline -0.008 -16"><span class='ocrx_word' id='word_1_400' title='bbox 284 4307 431 4361; x_wconf 75' lang='lat' dir='ltr'><strong>Altis</strong></span> <span class='ocrx_word' id='word_1_401' title='bbox 458 4306 529 4360; x_wconf 89' lang='lat' dir='ltr'><strong>ad</strong></span> <span class='ocrx_word' id='word_1_402' title='bbox 557 4297 759 4377; x_wconf 75' lang='lat' dir='ltr'><strong>omnes</strong></span> <span class='ocrx_word' id='word_1_403' title='bbox 783 4300 1010 4377; x_wconf 75' lang='lat' dir='ltr'><strong>vocibus</strong></span> <span class='ocrx_word' id='word_1_404' title='bbox 1031 4297 1229 4353; x_wconf 80' lang='lat' dir='ltr'><strong>clamat</strong></span> <span class='ocrx_word' id='word_1_405' title='bbox 1259 4313 1273 4351; x_wconf 90' lang='lat'><strong>:</strong></span> <span class='ocrx_word' id='word_1_406' title='bbox 1309 4297 1466 4377; x_wconf 81' lang='lat' dir='ltr'><strong>Prior</strong></span> 
     </span>
    </p>
   </div>
   <div class='ocr_carea' id='block_1_83' title="bbox 288 4372 1503 4431">
    <p class='ocr_par' dir='ltr' id='par_1_83' title="bbox 288 4372 1503 4431">
     <span class='ocr_line' id='line_1_83' title="bbox 288 4372 1503 4431; baseline -0.007 -2"><span class='ocrx_word' id='word_1_407' title='bbox 288 4377 391 4431; x_wconf 88' lang='lat' dir='ltr'><strong>Hic</strong></span> <span class='ocrx_word' id='word_1_408' title='bbox 418 4392 507 4431; x_wconf 91' lang='lat' dir='ltr'><strong>me</strong></span> <span class='ocrx_word' id='word_1_409' title='bbox 531 4384 649 4430; x_wconf 90' lang='lat' dir='ltr'><strong>est:</strong></span> <span class='ocrx_word' id='word_1_410' title='bbox 675 4380 730 4427; x_wconf 87' lang='lat' dir='ltr'><strong>at</strong></span> <span class='ocrx_word' id='word_1_411' title='bbox 746 4372 886 4426; x_wconf 90' lang='lat' dir='ltr'><strong>idem</strong></span> <span class='ocrx_word' id='word_1_412' title='bbox 907 4382 1075 4424; x_wconf 88' lang='lat' dir='ltr'><strong>carne</strong></span> <span class='ocrx_word' id='word_1_413' title='bbox 1102 4382 1189 4422; x_wconf 89' lang='lat' dir='ltr'><strong>me</strong></span> <span class='ocrx_word' id='word_1_414' title='bbox 1213 4372 1503 4430; x_wconf 83' lang='lat' dir='ltr'><strong>recentior,</strong></span> 
     </span>
    </p>
   </div>
   <div class='ocr_carea' id='block_1_84' title="bbox 281 4435 1485 4516">
    <p class='ocr_par' dir='ltr' id='par_1_84' title="bbox 281 4435 1485 4516">
     <span class='ocr_line' id='line_1_84' title="bbox 281 4435 1485 4516; baseline -0.007 -18"><span class='ocrx_word' id='word_1_415' title='bbox 281 4446 519 4516; x_wconf 86' lang='lat' dir='ltr'><strong>Parique</strong></span> <span class='ocrx_word' id='word_1_416' title='bbox 555 4447 726 4499; x_wconf 89' lang='lat' dir='ltr'><strong>forma</strong></span> <span class='ocrx_word' id='word_1_417' title='bbox 754 4439 923 4516; x_wconf 78' lang='lat' dir='ltr'><strong>fulsit,</strong></span> <span class='ocrx_word' id='word_1_418' title='bbox 948 4449 1009 4493; x_wconf 91' lang='lat' dir='ltr'><strong>ut</strong></span> <span class='ocrx_word' id='word_1_419' title='bbox 1036 4445 1281 4516; x_wconf 80' lang='lat' dir='ltr'><strong>nostrum</strong></span> <span class='ocrx_word' id='word_1_420' title='bbox 1309 4435 1485 4492; x_wconf 87' lang='lat' dir='ltr'><strong>scelus</strong></span> 
     </span>
    </p>
   </div>
   <div class='ocr_carea' id='block_1_85' title="bbox 284 4508 1261 4583">
    <p class='ocr_par' dir='ltr' id='par_1_85' title="bbox 284 4508 1261 4583">
     <span class='ocr_line' id='line_1_85' title="bbox 284 4508 1261 4583; baseline -0.009 -13"><span class='ocrx_word' id='word_1_421' title='bbox 284 4508 512 4582; x_wconf 70' lang='lat' dir='ltr'><strong>Quidvis</strong></span> <span class='ocrx_word' id='word_1_422' title='bbox 542 4521 763 4583; x_wconf 89' lang='lat' dir='ltr'><strong>potente</strong></span> <span class='ocrx_word' id='word_1_423' title='bbox 793 4508 972 4564; x_wconf 88' lang='lat' dir='ltr'><strong>deleat</strong></span> <span class='ocrx_word' id='word_1_424' title='bbox 998 4508 1261 4581; x_wconf 86' lang='lat' dir='ltr'><strong>potentia.</strong></span> 
     </span>
    </p>
   </div>
   <div class='ocr_carea' id='block_1_86' title="bbox 361 4575 1623 4651">
    <p class='ocr_par' dir='ltr' id='par_1_86' title="bbox 361 4575 1623 4651">
     <span class='ocr_line' id='line_1_86' title="bbox 361 4575 1623 4651; baseline -0.008 -14"><span class='ocrx_word' id='word_1_425' title='bbox 361 4575 630 4639; x_wconf 54' lang='lat' dir='ltr'><strong>Vitale&#39;ad</strong></span> <span class='ocrx_word' id='word_1_426' title='bbox 661 4584 837 4651; x_wconf 89' lang='lat' dir='ltr'><strong>ipsum</strong></span> <span class='ocrx_word' id='word_1_427' title='bbox 868 4575 1129 4651; x_wconf 71' lang='lat' dir='ltr'><strong>pascuum</strong></span> <span class='ocrx_word' id='word_1_428' title='bbox 1155 4592 1256 4651; x_wconf 80' lang='lat' dir='ltr'><strong>nos</strong></span> <span class='ocrx_word' id='word_1_429' title='bbox 1288 4575 1540 4639; x_wconf 84' lang='lat' dir='ltr'><strong>eﬂ&#39;erens,</strong></span> <span class='ocrx_word' id='word_1_430' title='bbox 1607 4623 1623 4638; x_wconf 86' lang='grc'><em>,</em></span> 
     </span>
    </p>
   </div>
   <div class='ocr_carea' id='block_1_87' title="bbox 286 4648 1520 4724">
    <p class='ocr_par' dir='ltr' id='par_1_87' title="bbox 286 4648 1520 4724">
     <span class='ocr_line' id='line_1_87' title="bbox 286 4648 1520 4724; baseline -0.01 -15"><span class='ocrx_word' id='word_1_431' title='bbox 286 4656 550 4720; x_wconf 81' lang='lat' dir='ltr'><strong>Venatnr,</strong></span> <span class='ocrx_word' id='word_1_432' title='bbox 583 4648 726 4724; x_wconf 84' lang='lat' dir='ltr'><strong>ipsos</strong></span> <span class='ocrx_word' id='word_1_433' title='bbox 760 4648 1015 4724; x_wconf 83' lang='lat' dir='ltr'><strong>anguium</strong></span> <span class='ocrx_word' id='word_1_434' title='bbox 1051 4648 1290 4724; x_wconf 46' lang='lat' dir='ltr'><strong>subiens</strong></span> <span class='ocrx_word' id='word_1_435' title='bbox 1308 4660 1520 4717; x_wconf 80' lang='lat' dir='ltr'><strong>specus.</strong></span> 
     </span>
    </p>
   </div>
   <div class='ocr_carea' id='block_1_88' title="bbox 284 4717 1451 4797">
    <p class='ocr_par' dir='ltr' id='par_1_88' title="bbox 284 4717 1451 4797">
     <span class='ocr_line' id='line_1_88' title="bbox 284 4717 1451 4797; baseline -0.009 -19"><span class='ocrx_word' id='word_1_436' title='bbox 284 4725 501 4797; x_wconf 74' lang='lat' dir='ltr'><strong>Milleua</strong></span> <span class='ocrx_word' id='word_1_437' title='bbox 534 4717 783 4797; x_wconf 79' lang='lat' dir='ltr'><strong>sternens</strong></span> <span class='ocrx_word' id='word_1_438' title='bbox 811 4717 1041 4797; x_wconf 63' lang='lat' dir='ltr'><strong>agmina</strong></span> <span class='ocrx_word' id='word_1_439' title='bbox 1066 4718 1159 4773; x_wconf 88' lang='lat' dir='ltr'><strong>Dei</strong></span> <span class='ocrx_word' id='word_1_440' title='bbox 1184 4717 1397 4797; x_wconf 85' lang='lat' dir='ltr'><strong>_Filius:</strong></span> <span class='ocrx_word' id='word_1_441' title='bbox 1439 4785 1451 4797; x_wconf 39' lang='lat'><strong><em>.</em></strong></span> 
     </span>
    </p>
   </div>
   <div class='ocr_carea' id='block_1_89' title="bbox 283 4789 1570 4865">
    <p class='ocr_par' dir='ltr' id='par_1_89' title="bbox 283 4789 1570 4865">
     <span class='ocr_line' id='line_1_89' title="bbox 283 4789 1570 4865; baseline -0.009 -19"><span class='ocrx_word' id='word_1_442' title='bbox 283 4796 496 4864; x_wconf 73' lang='lat' dir='ltr'><strong>Quique</strong></span> <span class='ocrx_word' id='word_1_443' title='bbox 526 4805 657 4865; x_wconf 13' lang='lat' dir='ltr'><strong>ante,</strong></span> <span class='ocrx_word' id='word_1_444' title='bbox 680 4789 1276 4865; x_wconf 47' lang='lat' dir='ltr'><strong>plantamjulnerabat</strong></span> <span class='ocrx_word' id='word_1_445' title='bbox 1307 4789 1570 4865; x_wconf 64' lang='lat' dir='ltr'><strong>omnium,</strong></span> 
     </span>
    </p>
   </div>
   <div class='ocr_carea' id='block_1_90' title="bbox 285 4855 1603 4932">
    <p class='ocr_par' dir='ltr' id='par_1_90' title="bbox 285 4855 1603 4932">
     <span class='ocr_line' id='line_1_90' title="bbox 285 4855 1603 4932; baseline -0.008 -12"><span class='ocrx_word' id='word_1_446' title='bbox 285 4855 439 4920; x_wconf 76' lang='grc' dir='ltr'><strong>Πυιώ</strong></span> <span class='ocrx_word' id='word_1_447' title='bbox 479 4867 594 4932; x_wconf 89' lang='lat' dir='ltr'><strong>ipse</strong></span> <span class='ocrx_word' id='word_1_448' title='bbox 617 4855 898 4932; x_wconf 73' lang='lat' dir='ltr'><strong>claudens,</strong></span> <span class='ocrx_word' id='word_1_449' title='bbox 932 4858 1131 4914; x_wconf 89' lang='lat' dir='ltr'><strong>liberat</strong></span> <span class='ocrx_word' id='word_1_450' title='bbox 1163 4871 1303 4932; x_wconf 72' lang='lat' dir='ltr'><strong>quos</strong></span> <span class='ocrx_word' id='word_1_451' title='bbox 1341 4855 1603 4932; x_wconf 75' lang='lat' dir='ltr'><strong>condidit.</strong></span> 
     </span>
    </p>
   </div>
   <div class='ocr_carea' id='block_1_91' title="bbox 355 4925 1463 5002">
    <p class='ocr_par' dir='ltr' id='par_1_91' title="bbox 355 4925 1463 5002">
     <span class='ocr_line' id='line_1_91' title="bbox 355 4925 1463 5002; baseline -0.012 -15"><span class='ocrx_word' id='word_1_452' title='bbox 355 4925 537 4989; x_wconf 76' lang='lat' dir='ltr'><strong>Hostis</strong></span> <span class='ocrx_word' id='word_1_453' title='bbox 565 4931 852 5002; x_wconf 80' lang='lat' dir='ltr'><strong>nigrantis,</strong></span> <span class='ocrx_word' id='word_1_454' title='bbox 889 4939 1050 5002; x_wconf 79' lang='lat' dir='ltr'><strong>atque</strong></span> <span class='ocrx_word' id='word_1_455' title='bbox 1082 4925 1463 5002; x_wconf 83' lang='lat' dir='ltr'><strong>sordidissimi,</strong></span> 
     </span>
    </p>
   </div>
   <div class='ocr_carea' id='block_1_92' title="bbox 286 4996 1499 5074">
    <p class='ocr_par' dir='ltr' id='par_1_92' title="bbox 286 4996 1499 5074">
     <span class='ocr_line' id='line_1_92' title="bbox 286 4996 1499 5074; baseline -0.01 -14"><span class='ocrx_word' id='word_1_456' title='bbox 286 5006 563 5074; x_wconf 70' lang='lat' dir='ltr'><strong>Baptisms</strong></span> <span class='ocrx_word' id='word_1_457' title='bbox 595 4996 744 5056; x_wconf 71' lang='lat' dir='ltr'><strong>virus</strong></span> <span class='ocrx_word' id='word_1_458' title='bbox 766 4996 1009 5074; x_wconf 81' lang='lat' dir='ltr'><strong>depulit:</strong></span> <span class='ocrx_word' id='word_1_459' title='bbox 1043 5012 1249 5074; x_wconf 81' lang='lat' dir='ltr'><strong>nosque</strong></span> <span class='ocrx_word' id='word_1_460' title='bbox 1279 4997 1331 5049; x_wconf 91' lang='lat' dir='ltr'><strong>in</strong></span> <span class='ocrx_word' id='word_1_461' title='bbox 1357 4996 1499 5048; x_wconf 84' lang='lat' dir='ltr'><strong>viam</strong></span> 
     </span>
    </p>
   </div>
   <div class='ocr_carea' id='block_1_93' title="bbox 284 5067 1642 5141">
    <p class='ocr_par' dir='ltr' id='par_1_93' title="bbox 284 5067 1642 5141">
     <span class='ocr_line' id='line_1_93' title="bbox 284 5067 1642 5141; baseline -0.009 -13"><span class='ocrx_word' id='word_1_462' title='bbox 284 5067 503 5129; x_wconf 78' lang='lat' dir='ltr'><strong>Eri-oris</strong></span> <span class='ocrx_word' id='word_1_463' title='bbox 533 5074 712 5128; x_wconf 85' lang='lat' dir='ltr'><strong>omnis</strong></span> <span class='ocrx_word' id='word_1_464' title='bbox 746 5067 988 5124; x_wconf 79' lang='lat' dir='ltr'><strong>nesciam</strong></span> <span class='ocrx_word' id='word_1_465' title='bbox 1023 5067 1394 5141; x_wconf 81' lang='lat' dir='ltr'><strong>pervenimus,</strong></span> <span class='ocrx_word' id='word_1_466' title='bbox 1551 5132 1563 5141; x_wconf 88' lang='lat'><em>_</em></span> <span class='ocrx_word' id='word_1_467' title='bbox 1593 5133 1603 5141; x_wconf 87' lang='lat'>_</span> <span class='ocrx_word' id='word_1_468' title='bbox 1631 5130 1642 5141; x_wconf 40' lang='lat'><strong><em>&#39;</em></strong></span> 
     </span>
    </p>
   </div>
   <div class='ocr_carea' id='block_1_94' title="bbox 281 5132 1676 5216">
    <p class='ocr_par' dir='ltr' id='par_1_94' title="bbox 281 5132 1676 5216">
     <span class='ocr_line' id='line_1_94' title="bbox 281 5132 1676 5216; baseline -0.009 -19"><span class='ocrx_word' id='word_1_469' title='bbox 281 5148 524 5216; x_wconf 72' lang='lat' dir='ltr'><strong>Qua-quc</strong></span> <span class='ocrx_word' id='word_1_470' title='bbox 551 5144 617 5197; x_wconf 87' lang='lat' dir='ltr'><strong>ad</strong></span> <span class='ocrx_word' id='word_1_471' title='bbox 646 5154 886 5216; x_wconf 69' lang='lat' dir='ltr'><strong>perenne</strong></span> <span class='ocrx_word' id='word_1_472' title='bbox 917 5132 1172 5216; x_wconf 56' lang='lat' dir='ltr'><strong>gaudium</strong></span> <span class='ocrx_word' id='word_1_473' title='bbox 1223 5137 1391 5200; x_wconf 83' lang='lat' dir='ltr'><strong>ducit,</strong></span> <span class='ocrx_word' id='word_1_474' title='bbox 1422 5132 1563 5214; x_wconf 80' lang='lat' dir='ltr'><strong>quod</strong></span> <span class='ocrx_word' id='word_1_475' title='bbox 1592 5132 1676 5185; x_wconf 86' lang='lat' dir='ltr'><strong>bis</strong></span> 
     </span>
    </p>
   </div>
   <div class='ocr_carea' id='block_1_95' title="bbox 283 5206 1605 5285">
    <p class='ocr_par' dir='ltr' id='par_1_95' title="bbox 283 5206 1605 5285">
     <span class='ocr_line' id='line_1_95' title="bbox 283 5206 1605 5285; baseline -0.011 -16"><span class='ocrx_word' id='word_1_476' title='bbox 283 5206 449 5279; x_wconf 66' lang='lat' dir='ltr'><strong>Solis,</strong></span> <span class='ocrx_word' id='word_1_477' title='bbox 490 5206 730 5285; x_wconf 67' lang='lat' dir='ltr'><strong>pepercit</strong></span> <span class='ocrx_word' id='word_1_478' title='bbox 766 5206 1185 5285; x_wconf 50' lang='lat' dir='ltr'><strong>queis&#39;fl‘onans,</strong></span> <span class='ocrx_word' id='word_1_479' title='bbox 1224 5216 1307 5285; x_wconf 71' lang='lat' dir='ltr'><strong>est</strong></span> <span class='ocrx_word' id='word_1_480' title='bbox 1339 5206 1605 5285; x_wconf 77' lang='lat' dir='ltr'><strong>pervium.</strong></span> 
     </span>
    </p>
   </div>
   <div class='ocr_carea' id='block_1_96' title="bbox 357 5275 1431 5342">
    <p class='ocr_par' dir='ltr' id='par_1_96' title="bbox 357 5275 1431 5342">
     <span class='ocr_line' id='line_1_96' title="bbox 357 5275 1431 5342; baseline -0.009 -3"><span class='ocrx_word' id='word_1_481' title='bbox 357 5275 603 5340; x_wconf 47' lang='lat' dir='ltr'><strong>(Iern-cus</strong></span> <span class='ocrx_word' id='word_1_482' title='bbox 635 5284 688 5335; x_wconf 92' lang='lat' dir='ltr'><strong>in</strong></span> <span class='ocrx_word' id='word_1_483' title='bbox 721 5275 839 5333; x_wconf 77' lang='lat' dir='ltr'><strong>atra</strong></span> <span class='ocrx_word' id='word_1_484' title='bbox 877 5278 1164 5333; x_wconf 87' lang='lat' dir='ltr'><strong>criminum</strong></span> <span class='ocrx_word' id='word_1_485' title='bbox 1200 5275 1431 5342; x_wconf 84' lang='lat' dir='ltr'><strong>caligine</strong></span> 
     </span>
    </p>
   </div>
   <div class='ocr_carea' id='block_1_97' title="bbox 283 5347 1548 5415">
    <p class='ocr_par' dir='ltr' id='par_1_97' title="bbox 283 5347 1548 5415">
     <span class='ocr_line' id='line_1_97' title="bbox 283 5347 1548 5415; baseline -0.012 -6"><span class='ocrx_word' id='word_1_486' title='bbox 283 5356 545 5410; x_wconf 87' lang='lat' dir='ltr'><strong>Strictum</strong></span> <span class='ocrx_word' id='word_1_487' title='bbox 577 5352 787 5407; x_wconf 83' lang='lat' dir='ltr'><strong>catenis</strong></span> <span class='ocrx_word' id='word_1_488' title='bbox 819 5348 1081 5406; x_wconf 84' lang='lat' dir='ltr'><strong>Conditor</strong></span> <span class='ocrx_word' id='word_1_489' title='bbox 1104 5360 1264 5415; x_wconf 89' lang='lat' dir='ltr'><strong>quem</strong></span> <span class='ocrx_word' id='word_1_490' title='bbox 1294 5347 1548 5405; x_wconf 80' lang='lat' dir='ltr'><strong>tinxerat,</strong></span> 
     </span>
    </p>
   </div>
   <div class='ocr_carea' id='block_1_98' title="bbox 283 5416 1567 5483">
    <p class='ocr_par' dir='ltr' id='par_1_98' title="bbox 283 5416 1567 5483">
     <span class='ocr_line' id='line_1_98' title="bbox 283 5416 1567 5483; baseline -0.009 -5"><span class='ocrx_word' id='word_1_491' title='bbox 283 5424 540 5479; x_wconf 84' lang='lat' dir='ltr'><strong>llumeris</strong></span> <span class='ocrx_word' id='word_1_492' title='bbox 569 5424 627 5476; x_wconf 88' lang='lat' dir='ltr'><strong>in</strong></span> <span class='ocrx_word' id='word_1_493' title='bbox 648 5422 818 5475; x_wconf 87' lang='lat' dir='ltr'><strong>altum</strong></span> <span class='ocrx_word' id='word_1_494' title='bbox 848 5418 987 5471; x_wconf 89' lang='lat' dir='ltr'><strong>tollit</strong></span> <span class='ocrx_word' id='word_1_495' title='bbox 1012 5418 1154 5471; x_wconf 85' lang='lat' dir='ltr'><strong>hunc</strong></span> <span class='ocrx_word' id='word_1_496' title='bbox 1187 5416 1322 5479; x_wconf 89' lang='lat' dir='ltr'><strong>suis,</strong></span> <span class='ocrx_word' id='word_1_497' title='bbox 1345 5430 1483 5483; x_wconf 83' lang='lat' dir='ltr'><strong>aqua</strong></span> <span class='ocrx_word' id='word_1_498' title='bbox 1556 5428 1567 5439; x_wconf 52' lang='grc' dir='ltr'><strong>κ</strong></span> 
     </span>
    </p>
   </div>
   <div class='ocr_carea' id='block_1_99' title="bbox 284 5485 1463 5561">
    <p class='ocr_par' dir='ltr' id='par_1_99' title="bbox 284 5485 1463 5561">
     <span class='ocr_line' id='line_1_99' title="bbox 284 5485 1463 5561; baseline -0.008 -14"><span class='ocrx_word' id='word_1_499' title='bbox 284 5497 458 5561; x_wconf 83' lang='lat' dir='ltr'><strong>Ipsius</strong></span> <span class='ocrx_word' id='word_1_500' title='bbox 477 5508 697 5548; x_wconf 87' lang='lat' dir='ltr'><strong>omnem</strong></span> <span class='ocrx_word' id='word_1_501' title='bbox 733 5490 1023 5543; x_wconf 88' lang='lat' dir='ltr'><strong>criminum</strong></span> <span class='ocrx_word' id='word_1_502' title='bbox 1052 5487 1225 5541; x_wconf 79' lang='lat' dir='ltr'><strong>labent</strong></span> <span class='ocrx_word' id='word_1_503' title='bbox 1256 5485 1463 5549; x_wconf 85' lang='lat' dir='ltr'><strong>eluens,</strong></span> 
     </span>
    </p>
   </div>
   <div class='ocr_carea' id='block_1_100' title="bbox 281 5561 1487 5633">
    <p class='ocr_par' dir='ltr' id='par_1_100' title="bbox 281 5561 1487 5633">
     <span class='ocr_line' id='line_1_100' title="bbox 281 5561 1487 5633; baseline -0.009 -14"><span class='ocrx_word' id='word_1_504' title='bbox 281 5566 450 5629; x_wconf 62' lang='lat' dir='ltr'><strong>Primi</strong></span> <span class='ocrx_word' id='word_1_505' title='bbox 482 5561 723 5633; x_wconf 86' lang='lat' dir='ltr'><strong>parentis</strong></span> <span class='ocrx_word' id='word_1_506' title='bbox 758 5573 897 5612; x_wconf 82' lang='lat' dir='ltr'><strong>noxa</strong></span> <span class='ocrx_word' id='word_1_507' title='bbox 929 5571 1087 5626; x_wconf 81' lang='lat' dir='ltr'><strong>quam</strong></span> <span class='ocrx_word' id='word_1_508' title='bbox 1116 5564 1487 5633; x_wconf 74' lang='lat' dir='ltr'><strong>contraxerat.</strong></span> 
     </span>
    </p>
   </div>
   <div class='ocr_carea' id='block_1_101' title="bbox 356 5626 1612 5693">
    <p class='ocr_par' dir='ltr' id='par_1_101' title="bbox 356 5626 1612 5693">
     <span class='ocr_line' id='line_1_101' title="bbox 356 5626 1612 5693; baseline -0.006 -7"><span class='ocrx_word' id='word_1_509' title='bbox 356 5626 689 5687; x_wconf 55' lang='lat' dir='ltr'><strong>Jam&#39;tucnte</strong></span> <span class='ocrx_word' id='word_1_510' title='bbox 720 5639 931 5691; x_wconf 81' lang='lat' dir='ltr'><strong>sancta,</strong></span> <span class='ocrx_word' id='word_1_511' title='bbox 972 5626 1311 5693; x_wconf 84' lang='lat' dir='ltr'><strong>concitisque</strong></span> <span class='ocrx_word' id='word_1_512' title='bbox 1335 5627 1612 5692; x_wconf 69' lang='lat' dir='ltr'><strong>gressibus</strong></span> 
     </span>
    </p>
   </div>
   <div class='ocr_carea' id='block_1_102' title="bbox 283 5694 1506 5771">
    <p class='ocr_par' dir='ltr' id='par_1_102' title="bbox 283 5694 1506 5771">
     <span class='ocr_line' id='line_1_102' title="bbox 283 5694 1506 5771; baseline -0.008 -15"><span class='ocrx_word' id='word_1_513' title='bbox 283 5706 511 5762; x_wconf 81' lang='lat' dir='ltr'><strong>Funtctu</strong></span> <span class='ocrx_word' id='word_1_514' title='bbox 547 5712 794 5771; x_wconf 77' lang='lat' dir='ltr'><strong>potamus</strong></span> <span class='ocrx_word' id='word_1_515' title='bbox 826 5698 1102 5751; x_wconf 81' lang='lat' dir='ltr'><strong>lustricum</strong></span> <span class='ocrx_word' id='word_1_516' title='bbox 1147 5694 1506 5761; x_wconf 75' lang='lat' dir='ltr'><strong>baptismatis,</strong></span> 
     </span>
    </p>
   </div>
   <div class='ocr_carea' id='block_1_103' title="bbox 1971 3944 3296 4016">
    <p class='ocr_par' dir='ltr' id='par_1_103' title="bbox 1971 3944 3296 4016">
     <span class='ocr_line' id='line_1_103' title="bbox 1971 3944 3296 4016; baseline 0 -14"><span class='ocrx_word' id='word_1_517' title='bbox 1971 3950 2204 4003; x_wconf 79' lang='lat' dir='ltr'><strong>Verbum</strong></span> <span class='ocrx_word' id='word_1_518' title='bbox 2233 3950 2525 4016; x_wconf 79' lang='lat' dir='ltr'><strong>intuentes,</strong></span> <span class='ocrx_word' id='word_1_519' title='bbox 2555 3944 2697 4013; x_wconf 92' lang='lat' dir='ltr'><strong>quod</strong></span> <span class='ocrx_word' id='word_1_520' title='bbox 2731 3950 2950 4016; x_wconf 91' lang='lat' dir='ltr'><strong>quidem</strong></span> <span class='ocrx_word' id='word_1_521' title='bbox 2978 3958 3180 4005; x_wconf 58' lang='lat' dir='ltr'><strong>sanctas</strong></span> <span class='ocrx_word' id='word_1_522' title='bbox 3204 3947 3296 4003; x_wconf 91' lang='lat' dir='ltr'><strong>siti</strong></span> 
     </span>
    </p>
   </div>
   <div class='ocr_carea' id='block_1_104' title="bbox 1970 4014 3327 4087">
    <p class='ocr_par' dir='ltr' id='par_1_104' title="bbox 1970 4014 3327 4087">
     <span class='ocr_line' id='line_1_104' title="bbox 1970 4014 3327 4087; baseline -0.003 -14"><span class='ocrx_word' id='word_1_523' title='bbox 1970 4018 2227 4073; x_wconf 86' lang='lat' dir='ltr'><strong>llaustum</strong></span> <span class='ocrx_word' id='word_1_524' title='bbox 2261 4014 2502 4087; x_wconf 64' lang='lat' dir='ltr'><strong>levandae</strong></span> <span class='ocrx_word' id='word_1_525' title='bbox 2524 4014 2775 4087; x_wconf 76' lang='lat' dir='ltr'><strong>porrigit,</strong></span> <span class='ocrx_word' id='word_1_526' title='bbox 2814 4019 3060 4073; x_wconf 91' lang='lat' dir='ltr'><strong>morbum</strong></span> <span class='ocrx_word' id='word_1_527' title='bbox 3086 4033 3327 4086; x_wconf 88' lang='lat' dir='ltr'><strong>gravem,</strong></span> 
     </span>
    </p>
   </div>
   <div class='ocr_carea' id='block_1_105' title="bbox 1969 4084 3310 4160">
    <p class='ocr_par' dir='ltr' id='par_1_105' title="bbox 1969 4084 3310 4160">
     <span class='ocr_line' id='line_1_105' title="bbox 1969 4084 3310 4160; baseline 0 -17"><span class='ocrx_word' id='word_1_528' title='bbox 1969 4088 2224 4160; x_wconf 71' lang='lat' dir='ltr'><strong>Mundam</strong></span> <span class='ocrx_word' id='word_1_529' title='bbox 2249 4084 2549 4155; x_wconf 88' lang='lat' dir='ltr'><strong>occupabat</strong></span> <span class='ocrx_word' id='word_1_530' title='bbox 2583 4084 3072 4160; x_wconf 5' lang='lat' dir='ltr'><strong>qui&#39;prius,glonge</strong></span> <span class='ocrx_word' id='word_1_531' title='bbox 3091 4084 3310 4160; x_wconf 78' lang='lat' dir='ltr'><strong>fugans.</strong></span> 
     </span>
    </p>
   </div>
   <div class='ocr_carea' id='block_1_106' title="bbox 2041 4158 3078 4214">
    <p class='ocr_par' dir='ltr' id='par_1_106' title="bbox 2041 4158 3078 4214">
     <span class='ocr_line' id='line_1_106' title="bbox 2041 4158 3078 4214; baseline -0.001 -2"><span class='ocrx_word' id='word_1_532' title='bbox 2041 4158 2419 4213; x_wconf 85' lang='lat' dir='ltr'><strong>Desideratum</strong></span> <span class='ocrx_word' id='word_1_533' title='bbox 2447 4169 2582 4214; x_wconf 77' lang='lat' dir='ltr'><strong>Voce</strong></span> <span class='ocrx_word' id='word_1_534' title='bbox 2616 4170 2737 4210; x_wconf 91' lang='lat' dir='ltr'><strong>cum</strong></span> <span class='ocrx_word' id='word_1_535' title='bbox 2777 4158 3078 4213; x_wconf 89' lang='lat' dir='ltr'><strong>clarissima</strong></span> 
     </span>
    </p>
   </div>
   <div class='ocr_carea' id='block_1_107' title="bbox 1968 4226 3216 4296">
    <p class='ocr_par' dir='ltr' id='par_1_107' title="bbox 1968 4226 3216 4296">
     <span class='ocr_line' id='line_1_107' title="bbox 1968 4226 3216 4296; baseline 0.001 -15"><span class='ocrx_word' id='word_1_536' title='bbox 1968 4228 2129 4282; x_wconf 86' lang='lat' dir='ltr'><strong>Pater</strong></span> <span class='ocrx_word' id='word_1_537' title='bbox 2159 4226 2440 4292; x_wconf 87' lang='lat' dir='ltr'><strong>indicavit,</strong></span> <span class='ocrx_word' id='word_1_538' title='bbox 2481 4238 2669 4283; x_wconf 89' lang='lat' dir='ltr'><strong>ventre</strong></span> <span class='ocrx_word' id='word_1_539' title='bbox 2692 4242 2850 4296; x_wconf 92' lang='lat' dir='ltr'><strong>quem</strong></span> <span class='ocrx_word' id='word_1_540' title='bbox 2882 4237 3216 4283; x_wconf 85' lang='lat' dir='ltr'><strong>ructaverat.</strong></span> 
     </span>
    </p>
   </div>
   <div class='ocr_carea' id='block_1_108' title="bbox 1971 4297 3204 4368">
    <p class='ocr_par' dir='ltr' id='par_1_108' title="bbox 1971 4297 3204 4368">
     <span class='ocr_line' id='line_1_108' title="bbox 1971 4297 3204 4368; baseline 0 -16"><span class='ocrx_word' id='word_1_541' title='bbox 1971 4298 2088 4366; x_wconf 82' lang='lat' dir='ltr'><strong>ilic,</strong></span> <span class='ocrx_word' id='word_1_542' title='bbox 2122 4297 2315 4368; x_wconf 89' lang='lat' dir='ltr'><strong>inquit,</strong></span> <span class='ocrx_word' id='word_1_543' title='bbox 2349 4306 2436 4351; x_wconf 89' lang='lat' dir='ltr'><strong>est</strong></span> <span class='ocrx_word' id='word_1_544' title='bbox 2474 4313 2569 4368; x_wconf 90' lang='lat' dir='ltr'><strong>par</strong></span> <span class='ocrx_word' id='word_1_545' title='bbox 2598 4300 2689 4366; x_wconf 92' lang='lat' dir='ltr'><strong>qui</strong></span> <span class='ocrx_word' id='word_1_546' title='bbox 2715 4299 2846 4353; x_wconf 86' lang='lat' dir='ltr'><strong>mihi</strong></span> <span class='ocrx_word' id='word_1_547' title='bbox 2877 4300 3204 4365; x_wconf 87' lang='lat' dir='ltr'><strong>substantia,</strong></span> 
     </span>
    </p>
   </div>
   <div class='ocr_carea' id='block_1_109' title="bbox 1964 4368 2923 4435">
    <p class='ocr_par' dir='ltr' id='par_1_109' title="bbox 1964 4368 2923 4435">
     <span class='ocr_line' id='line_1_109' title="bbox 1964 4368 2923 4435; baseline 0.001 -13"><span class='ocrx_word' id='word_1_548' title='bbox 1964 4368 2303 4423; x_wconf 87' lang='lat' dir='ltr'><strong>lliuminator</strong></span> <span class='ocrx_word' id='word_1_549' title='bbox 2342 4369 2552 4424; x_wconf 81' lang='lat' dir='ltr'><strong>exstitit</strong></span> <span class='ocrx_word' id='word_1_550' title='bbox 2580 4368 2923 4435; x_wconf 88' lang='lat' dir='ltr'><strong>mortalium,</strong></span> 
     </span>
    </p>
   </div>
   <div class='ocr_carea' id='block_1_110' title="bbox 1897 4436 3321 4509">
    <p class='ocr_par' dir='ltr' id='par_1_110' title="bbox 1897 4436 3321 4509">
     <span class='ocr_line' id='line_1_110' title="bbox 1897 4436 3321 4509; baseline 0.003 -18"><span class='ocrx_word' id='word_1_551' title='bbox 1897 4443 1946 4501; x_wconf 88' lang='grc' dir='ltr'>ι)</span> <span class='ocrx_word' id='word_1_552' title='bbox 1977 4437 2319 4509; x_wconf 82' lang='lat' dir='ltr'><strong>Verbumque</strong></span> <span class='ocrx_word' id='word_1_553' title='bbox 2343 4436 2533 4494; x_wconf 83' lang='lat' dir='ltr'><strong>vivens</strong></span> <span class='ocrx_word' id='word_1_554' title='bbox 2561 4448 2645 4495; x_wconf 92' lang='lat' dir='ltr'><strong>est</strong></span> <span class='ocrx_word' id='word_1_555' title='bbox 2677 4454 2879 4509; x_wconf 87' lang='lat' dir='ltr'><strong>meum,</strong></span> <span class='ocrx_word' id='word_1_556' title='bbox 2914 4438 3111 4497; x_wconf 87' lang='lat' dir='ltr'><strong>dehinc</strong></span> <span class='ocrx_word' id='word_1_557' title='bbox 3140 4442 3321 4496; x_wconf 85' lang='lat' dir='ltr'><strong>homo.</strong></span> 
     </span>
    </p>
   </div>
   <div class='ocr_carea' id='block_1_111' title="bbox 2041 4507 3045 4575">
    <p class='ocr_par' dir='ltr' id='par_1_111' title="bbox 2041 4507 3045 4575">
     <span class='ocr_line' id='line_1_111' title="bbox 2041 4507 3045 4575; baseline 0.003 -12"><span class='ocrx_word' id='word_1_558' title='bbox 2041 4508 2157 4563; x_wconf 89' lang='lat' dir='ltr'><strong>Ceti</strong></span> <span class='ocrx_word' id='word_1_559' title='bbox 2195 4507 2385 4562; x_wconf 84' lang='lat' dir='ltr'><strong>fuisset</strong></span> <span class='ocrx_word' id='word_1_560' title='bbox 2414 4509 2668 4564; x_wconf 89' lang='lat' dir='ltr'><strong>noctibus</strong></span> <span class='ocrx_word' id='word_1_561' title='bbox 2698 4507 2821 4575; x_wconf 91' lang='lat' dir='ltr'><strong>pius</strong></span> <span class='ocrx_word' id='word_1_562' title='bbox 2853 4510 3045 4566; x_wconf 89' lang='lat' dir='ltr'><strong>tribus.</strong></span> 
     </span>
    </p>
   </div>
   <div class='ocr_carea' id='block_1_112' title="bbox 1971 4578 3150 4647">
    <p class='ocr_par' dir='ltr' id='par_1_112' title="bbox 1971 4578 3150 4647">
     <span class='ocr_line' id='line_1_112' title="bbox 1971 4578 3150 4647; baseline 0.004 -17"><span class='ocrx_word' id='word_1_563' title='bbox 1971 4578 2103 4647; x_wconf 64' lang='lat' dir='ltr'><strong>Cum</strong></span> <span class='ocrx_word' id='word_1_564' title='bbox 2139 4578 2358 4633; x_wconf 87' lang='lat' dir='ltr'><strong>clausus</strong></span> <span class='ocrx_word' id='word_1_565' title='bbox 2381 4578 2509 4633; x_wconf 91' lang='lat' dir='ltr'><strong>olim</strong></span> <span class='ocrx_word' id='word_1_566' title='bbox 2536 4589 2689 4633; x_wconf 89' lang='lat' dir='ltr'><strong>vates</strong></span> <span class='ocrx_word' id='word_1_567' title='bbox 2729 4578 2781 4633; x_wconf 92' lang='lat' dir='ltr'><strong>in</strong></span> <span class='ocrx_word' id='word_1_568' title='bbox 2816 4579 3150 4647; x_wconf 67' lang='lat' dir='ltr'><strong>praecordiis,</strong></span> 
     </span>
    </p>
   </div>
   <div class='ocr_carea' id='block_1_113' title="bbox 1970 4646 3071 4715">
    <p class='ocr_par' dir='ltr' id='par_1_113' title="bbox 1970 4646 3071 4715">
     <span class='ocr_line' id='line_1_113' title="bbox 1970 4646 3071 4715; baseline 0.004 -16"><span class='ocrx_word' id='word_1_569' title='bbox 1970 4646 2184 4701; x_wconf 76' lang='lat' dir='ltr'><strong>Redivit</strong></span> <span class='ocrx_word' id='word_1_570' title='bbox 2208 4647 2388 4701; x_wconf 85' lang='lat' dir='ltr'><strong>illinc:</strong></span> <span class='ocrx_word' id='word_1_571' title='bbox 2415 4647 2624 4702; x_wconf 89' lang='lat' dir='ltr'><strong>scilicet</strong></span> <span class='ocrx_word' id='word_1_572' title='bbox 2657 4648 2773 4703; x_wconf 90' lang='lat' dir='ltr'><strong>fore</strong></span> <span class='ocrx_word' id='word_1_573' title='bbox 2798 4646 3071 4715; x_wconf 88' lang='lat' dir='ltr'><strong>indicans,</strong></span> 
     </span>
    </p>
   </div>
   <div class='ocr_carea' id='block_1_114' title="bbox 1968 4717 3332 4786">
    <p class='ocr_par' dir='ltr' id='par_1_114' title="bbox 1968 4717 3332 4786">
     <span class='ocr_line' id='line_1_114' title="bbox 1968 4717 3332 4786; baseline 0.005 -18"><span class='ocrx_word' id='word_1_574' title='bbox 1968 4718 2187 4771; x_wconf 81' lang='lat' dir='ltr'><strong>Satanae</strong></span> <span class='ocrx_word' id='word_1_575' title='bbox 2214 4724 2294 4781; x_wconf 90' lang='lat' dir='ltr'><strong>ut,</strong></span> <span class='ocrx_word' id='word_1_576' title='bbox 2339 4729 2438 4783; x_wconf 87' lang='lat' dir='ltr'><strong>per</strong></span> <span class='ocrx_word' id='word_1_577' title='bbox 2471 4719 2644 4772; x_wconf 88' lang='lat' dir='ltr'><strong>undas</strong></span> <span class='ocrx_word' id='word_1_578' title='bbox 2668 4719 2945 4786; x_wconf 87' lang='lat' dir='ltr'><strong>mysticas,</strong></span> <span class='ocrx_word' id='word_1_579' title='bbox 2974 4733 3041 4773; x_wconf 79' lang='lat' dir='ltr'><strong>ex</strong></span> <span class='ocrx_word' id='word_1_580' title='bbox 3083 4717 3332 4775; x_wconf 79' lang='lat' dir='ltr'><strong>faucibus</strong></span> 
     </span>
    </p>
   </div>
   <div class='ocr_carea' id='block_1_115' title="bbox 1968 4786 2981 4855">
    <p class='ocr_par' dir='ltr' id='par_1_115' title="bbox 1968 4786 2981 4855">
     <span class='ocr_line' id='line_1_115' title="bbox 1968 4786 2981 4855; baseline 0.003 -14"><span class='ocrx_word' id='word_1_581' title='bbox 1968 4786 2381 4855; x_wconf 75' lang='lat' dir='ltr'><strong>Eruet-geremus</strong></span> <span class='ocrx_word' id='word_1_582' title='bbox 2408 4788 2623 4842; x_wconf 80' lang='lat' dir='ltr'><strong>sacculis</strong></span> <span class='ocrx_word' id='word_1_583' title='bbox 2650 4789 2981 4844; x_wconf 80' lang='lat' dir='ltr'><strong>novissimis.</strong></span> 
     </span>
    </p>
   </div>
   <div class='ocr_carea' id='block_1_116' title="bbox 2036 4855 3020 4930">
    <p class='ocr_par' dir='ltr' id='par_1_116' title="bbox 2036 4855 3020 4930">
     <span class='ocr_line' id='line_1_116' title="bbox 2036 4855 3020 4930; baseline 0.007 -21"><span class='ocrx_word' id='word_1_584' title='bbox 2036 4856 2170 4930; x_wconf 68' lang='lat' dir='ltr'><strong>Quali</strong></span> <span class='ocrx_word' id='word_1_585' title='bbox 2204 4855 2430 4930; x_wconf 79' lang='lat' dir='ltr'><strong>reclusis</strong></span> <span class='ocrx_word' id='word_1_586' title='bbox 2458 4856 2641 4930; x_wconf 73' lang='lat' dir='ltr'><strong>januis</strong></span> <span class='ocrx_word' id='word_1_587' title='bbox 2665 4858 3020 4930; x_wconf 66' lang='lat' dir='ltr'><strong>praefulgidis.</strong></span> 
     </span>
    </p>
   </div>
   <div class='ocr_carea' id='block_1_117' title="bbox 1963 4924 3129 4997">
    <p class='ocr_par' dir='ltr' id='par_1_117' title="bbox 1963 4924 3129 4997">
     <span class='ocr_line' id='line_1_117' title="bbox 1963 4924 3129 4997; baseline 0.003 -16"><span class='ocrx_word' id='word_1_588' title='bbox 1963 4927 2006 4981; x_wconf 80' lang='grc' dir='ltr'>Α</span> <span class='ocrx_word' id='word_1_589' title='bbox 2036 4924 2196 4997; x_wconf 85' lang='lat' dir='ltr'><strong>Patre</strong></span> <span class='ocrx_word' id='word_1_590' title='bbox 2231 4924 2741 4997; x_wconf 50' lang='lat' dir='ltr'><strong>niissum&#39;Spiritum</strong></span> <span class='ocrx_word' id='word_1_591' title='bbox 2771 4924 2925 4986; x_wconf 67' lang='lat' dir='ltr'><strong>vatcs</strong></span> <span class='ocrx_word' id='word_1_592' title='bbox 2961 4929 3129 4992; x_wconf 83' lang='lat' dir='ltr'><strong>videt,</strong></span> 
     </span>
    </p>
   </div>
   <div class='ocr_carea' id='block_1_118' title="bbox 1955 4994 3176 5069">
    <p class='ocr_par' dir='ltr' id='par_1_118' title="bbox 1955 4994 3176 5069">
     <span class='ocr_line' id='line_1_118' title="bbox 1955 4994 3176 5069; baseline 0.002 -20"><span class='ocrx_word' id='word_1_593' title='bbox 1955 4997 2136 5069; x_wconf 55' lang='lat' dir='ltr'><strong>Atque</strong></span> <span class='ocrx_word' id='word_1_594' title='bbox 2158 4994 2484 5069; x_wconf 80' lang='lat' dir='ltr'><strong>incidentem</strong></span> <span class='ocrx_word' id='word_1_595' title='bbox 2515 4994 2769 5054; x_wconf 82' lang='lat' dir='ltr'><strong>sordibus</strong></span> <span class='ocrx_word' id='word_1_596' title='bbox 2792 5016 2953 5069; x_wconf 90' lang='lat' dir='ltr'><strong>porro</strong></span> <span class='ocrx_word' id='word_1_597' title='bbox 2983 5000 3176 5067; x_wconf 84' lang='grc' dir='ltr'>Λόγον.</span> 
     </span>
    </p>
   </div>
   <div class='ocr_carea' id='block_1_119' title="bbox 1958 5065 3342 5137">
    <p class='ocr_par' dir='ltr' id='par_1_119' title="bbox 1958 5065 3342 5137">
     <span class='ocr_line' id='line_1_119' title="bbox 1958 5065 3342 5137; baseline -0.001 -18"><span class='ocrx_word' id='word_1_598' title='bbox 1958 5065 2137 5137; x_wconf 65' lang='lat' dir='ltr'><strong>instar</strong></span> <span class='ocrx_word' id='word_1_599' title='bbox 2159 5065 2423 5122; x_wconf 66' lang='lat' dir='ltr'><strong>columba:</strong></span> <span class='ocrx_word' id='word_1_600' title='bbox 2456 5069 2636 5124; x_wconf 89' lang='lat' dir='ltr'><strong>cernit</strong></span> <span class='ocrx_word' id='word_1_601' title='bbox 2661 5065 2824 5134; x_wconf 74' lang='lat' dir='ltr'><strong>hunc,</strong></span> <span class='ocrx_word' id='word_1_602' title='bbox 2860 5065 3104 5137; x_wconf 86' lang='lat' dir='ltr'><strong>inquam,</strong></span> <span class='ocrx_word' id='word_1_603' title='bbox 3139 5068 3342 5137; x_wconf 10' lang='lat' dir='ltr'><strong>aetlirere</strong></span> 
     </span>
    </p>
   </div>
   <div class='ocr_carea' id='block_1_120' title="bbox 1963 5134 3340 5207">
    <p class='ocr_par' dir='ltr' id='par_1_120' title="bbox 1963 5134 3340 5207">
     <span class='ocr_line' id='line_1_120' title="bbox 1963 5134 3340 5207; baseline 0.001 -20"><span class='ocrx_word' id='word_1_604' title='bbox 1963 5134 2282 5192; x_wconf 83' lang='lat' dir='ltr'><strong>Venientem</strong></span> <span class='ocrx_word' id='word_1_605' title='bbox 2315 5138 2383 5192; x_wconf 91' lang='lat' dir='ltr'><strong>ab</strong></span> <span class='ocrx_word' id='word_1_606' title='bbox 2413 5137 2545 5201; x_wconf 87' lang='lat' dir='ltr'><strong>alto,</strong></span> <span class='ocrx_word' id='word_1_607' title='bbox 2581 5149 2849 5194; x_wconf 88' lang='lat' dir='ltr'><strong>monstrat</strong></span> <span class='ocrx_word' id='word_1_608' title='bbox 2876 5134 3340 5207; x_wconf 53' lang='lat' dir='ltr'><strong>ct&#39;praescntibus.</strong></span> 
     </span>
    </p>
   </div>
   <div class='ocr_carea' id='block_1_121' title="bbox 2038 5207 3361 5285">
    <p class='ocr_par' dir='ltr' id='par_1_121' title="bbox 2038 5207 3361 5285">
     <span class='ocr_line' id='line_1_121' title="bbox 2038 5207 3361 5285; baseline -0.001 -25"><span class='ocrx_word' id='word_1_609' title='bbox 2038 5207 2342 5261; x_wconf 90' lang='lat' dir='ltr'><strong>Draconum</strong></span> <span class='ocrx_word' id='word_1_610' title='bbox 2372 5207 2583 5285; x_wconf 78' lang='lat' dir='ltr'><strong>adussit</strong></span> <span class='ocrx_word' id='word_1_611' title='bbox 2612 5209 2861 5285; x_wconf 75' lang='lat' dir='ltr'><strong>mysticis</strong></span> <span class='ocrx_word' id='word_1_612' title='bbox 2910 5207 3145 5285; x_wconf 75' lang='lat' dir='ltr'><strong>lymphis</strong></span> <span class='ocrx_word' id='word_1_613' title='bbox 3179 5214 3361 5273; x_wconf 87' lang='lat' dir='ltr'><strong>caput,</strong></span> 
     </span>
    </p>
   </div>
   <div class='ocr_carea' id='block_1_122' title="bbox 1966 5273 3199 5347">
    <p class='ocr_par' dir='ltr' id='par_1_122' title="bbox 1966 5273 3199 5347">
     <span class='ocr_line' id='line_1_122' title="bbox 1966 5273 3199 5347; baseline 0.003 -20"><span class='ocrx_word' id='word_1_614' title='bbox 1966 5273 2265 5347; x_wconf 58' lang='lat' dir='ltr'><strong>Flammam</strong></span> <span class='ocrx_word' id='word_1_615' title='bbox 2296 5277 2499 5347; x_wconf 84' lang='lat' dir='ltr'><strong>camini</strong></span> <span class='ocrx_word' id='word_1_616' title='bbox 2534 5277 2625 5347; x_wconf 88' lang='lat' dir='ltr'><strong>qui</strong></span> <span class='ocrx_word' id='word_1_617' title='bbox 2660 5273 2874 5347; x_wconf 75' lang='lat' dir='ltr'><strong>potens,</strong></span> <span class='ocrx_word' id='word_1_618' title='bbox 2902 5273 3199 5345; x_wconf 72' lang='lat' dir='ltr'><strong>antiquitus</strong></span> 
     </span>
    </p>
   </div>
   <div class='ocr_carea' id='block_1_123' title="bbox 1965 5342 3150 5415">
    <p class='ocr_par' dir='ltr' id='par_1_123' title="bbox 1965 5342 3150 5415">
     <span class='ocr_line' id='line_1_123' title="bbox 1965 5342 3150 5415; baseline 0.003 -18"><span class='ocrx_word' id='word_1_619' title='bbox 1965 5342 2198 5415; x_wconf 43' lang='lat' dir='ltr'><strong>iuvenes</strong></span> <span class='ocrx_word' id='word_1_620' title='bbox 2221 5343 2429 5399; x_wconf 81' lang='lat' dir='ltr'><strong>ferebat</strong></span> <span class='ocrx_word' id='word_1_621' title='bbox 2454 5342 2577 5414; x_wconf 67' lang='lat' dir='ltr'><strong>quae</strong></span> <span class='ocrx_word' id='word_1_622' title='bbox 2608 5342 2746 5415; x_wconf 76' lang='lat' dir='ltr'><strong>pios,</strong></span> <span class='ocrx_word' id='word_1_623' title='bbox 2775 5342 3110 5401; x_wconf 73' lang='lat' dir='ltr'><strong>exstinxerat</strong></span> <span class='ocrx_word' id='word_1_624' title='bbox 3135 5364 3150 5400; x_wconf 90' lang='lat'><strong>:</strong></span> 
     </span>
    </p>
   </div>
   <div class='ocr_carea' id='block_1_124' title="bbox 1966 5412 3311 5484">
    <p class='ocr_par' dir='ltr' id='par_1_124' title="bbox 1966 5412 3311 5484">
     <span class='ocr_line' id='line_1_124' title="bbox 1966 5412 3311 5484; baseline 0.003 -18"><span class='ocrx_word' id='word_1_625' title='bbox 1966 5412 2356 5484; x_wconf 60' lang='lat' dir='ltr'><strong>Iettebrasque</strong></span> <span class='ocrx_word' id='word_1_626' title='bbox 2380 5412 2623 5484; x_wconf 44' lang='lat' dir='ltr'><strong>densas,—</strong></span> <span class='ocrx_word' id='word_1_627' title='bbox 2642 5431 2781 5471; x_wconf 82' lang='lat' dir='ltr'><strong>noxa</strong></span> <span class='ocrx_word' id='word_1_628' title='bbox 2811 5433 2945 5484; x_wconf 87' lang='lat' dir='ltr'><strong>quas</strong></span> <span class='ocrx_word' id='word_1_629' title='bbox 2977 5415 3132 5470; x_wconf 88' lang='lat' dir='ltr'><strong>nobis</strong></span> <span class='ocrx_word' id='word_1_630' title='bbox 3168 5415 3311 5484; x_wconf 87' lang='lat' dir='ltr'><strong>tulit,</strong></span> 
     </span>
    </p>
   </div>
   <div class='ocr_carea' id='block_1_125' title="bbox 1963 5482 3107 5556">
    <p class='ocr_par' dir='ltr' id='par_1_125' title="bbox 1963 5482 3107 5556">
     <span class='ocr_line' id='line_1_125' title="bbox 1963 5482 3107 5556; baseline 0 -20"><span class='ocrx_word' id='word_1_631' title='bbox 1963 5482 2119 5556; x_wconf 85' lang='lat' dir='ltr'><strong>Nunc</strong></span> <span class='ocrx_word' id='word_1_632' title='bbox 2154 5482 2279 5556; x_wconf 76' lang='lat' dir='ltr'><strong>rore</strong></span> <span class='ocrx_word' id='word_1_633' title='bbox 2306 5483 2458 5551; x_wconf 83' lang='lat' dir='ltr'><strong>pellit</strong></span> <span class='ocrx_word' id='word_1_634' title='bbox 2481 5486 2719 5556; x_wconf 88' lang='lat' dir='ltr'><strong>Spiritus</strong></span> <span class='ocrx_word' id='word_1_635' title='bbox 2753 5482 3107 5541; x_wconf 82' lang='lat' dir='ltr'><strong>sanctissimi.</strong></span> 
     </span>
    </p>
   </div>
   <div class='ocr_carea' id='block_1_126' title="bbox 2034 5553 3008 5619">
    <p class='ocr_par' dir='ltr' id='par_1_126' title="bbox 2034 5553 3008 5619">
     <span class='ocr_line' id='line_1_126' title="bbox 2034 5553 3008 5619; baseline 0.004 -14"><span class='ocrx_word' id='word_1_636' title='bbox 2034 5553 2384 5619; x_wconf 77' lang='lat' dir='ltr'><strong>Assyriorum</strong></span> <span class='ocrx_word' id='word_1_637' title='bbox 2419 5553 2704 5609; x_wconf 81' lang='lat' dir='ltr'><strong>reddidisti</strong></span> <span class='ocrx_word' id='word_1_638' title='bbox 2742 5557 3008 5609; x_wconf 85' lang='lat' dir='ltr'><strong>roscidam</strong></span> 
     </span>
    </p>
   </div>
   <div class='ocr_carea' id='block_1_127' title="bbox 1967 5622 3322 5696">
    <p class='ocr_par' dir='ltr' id='par_1_127' title="bbox 1967 5622 3322 5696">
     <span class='ocr_line' id='line_1_127' title="bbox 1967 5622 3322 5696; baseline 0.009 -23"><span class='ocrx_word' id='word_1_639' title='bbox 1967 5622 2291 5696; x_wconf 43' lang='lat' dir='ltr'><strong>finiuntur&quot;,</strong></span> <span class='ocrx_word' id='word_1_640' title='bbox 2316 5624 2557 5696; x_wconf 80' lang='lat' dir='ltr'><strong>gerebat,</strong></span> <span class='ocrx_word' id='word_1_641' title='bbox 2594 5626 2828 5696; x_wconf 78' lang='lat' dir='ltr'><strong>Christe,</strong></span> <span class='ocrx_word' id='word_1_642' title='bbox 2860 5642 2978 5694; x_wconf 64' lang='lat' dir='ltr'><strong>quae</strong></span> <span class='ocrx_word' id='word_1_643' title='bbox 3012 5635 3192 5696; x_wconf 87' lang='lat' dir='ltr'><strong>typum</strong></span> <span class='ocrx_word' id='word_1_644' title='bbox 3231 5630 3322 5686; x_wconf 79' lang='lat' dir='ltr'><strong>tui.</strong></span> 
     </span>
    </p>
   </div>
   <div class='ocr_carea' id='block_1_128' title="bbox 1969 5689 3077 5758">
    <p class='ocr_par' dir='ltr' id='par_1_128' title="bbox 1969 5689 3077 5758">
     <span class='ocr_line' id='line_1_128' title="bbox 1969 5689 3077 5758; baseline 0.007 -15"><span class='ocrx_word' id='word_1_645' title='bbox 1969 5690 2119 5743; x_wconf 83' lang='lat' dir='ltr'><strong>Uudc</strong></span> <span class='ocrx_word' id='word_1_646' title='bbox 2146 5689 2370 5745; x_wconf 71' lang='lat' dir='ltr'><strong>induisti</strong></span> <span class='ocrx_word' id='word_1_647' title='bbox 2407 5709 2552 5748; x_wconf 86' lang='lat' dir='ltr'><strong>nunc</strong></span> <span class='ocrx_word' id='word_1_648' title='bbox 2586 5689 3077 5758; x_wconf 51' lang='lat' dir='ltr'><strong>adnrcntcs&#39;aqua&#39;s</strong></span> 
     </span>
    </p>
   </div>
  </div>
