3968 6348
251 376 356 439 837
1302 430 1305 431 ν
1687 394 1743 452 c,

1988 400 2051 458 Α.
2210 374 2211 377 γ
3400 412 3501 473 83s
3549 484 3555 491 ,

1848 510 1895 567 Α
1924 507 2185 567 Paracleti
2226 528 2404 572 autent
2437 517 2657 576 lucifera
2698 536 2867 592 gratia

1928 604 2127 672 Dignos
2151 605 2279 661 facit
2316 612 2646 682 utclamcnt,
2674 614 2719 669 Ο
2750 615 2987 673 Trinitas
3025 621 3158 682 sola,

1923 694 2281 765 [Equipotens
2313 700 2431 754 sine
2454 704 2738 773 principio,
2764 707 3041 763 benedicta
3069 725 3147 764 es.

1995 784 2192 841 Vocem
2224 802 2253 840 a
2287 791 2548 858 propheta
2574 792 2775 848 dictum
2817 796 2907 863 qui
2946 797 3283 867 ignorarunt,

1922 874 2182 931 Dicebant
2222 880 2391 945 stulti,
2430 880 2627 937 factam
2663 900 2691 938 a
2722 885 2844 940 vino
2882 886 3217 941 ebrietatem.

1921 966 2171 1037 Loqnelae
2198 975 2499 1043 peregrina:
2527 976 2725 1032 audita:
2748 987 2894 1041 sunt,
2922 987 2979 1032 ut
3008 980 3396 1048 apostolorum.

1918 1057 1999 1113 Pii
2038 1069 2217 1115 autem
2255 1062 2347 1118 tibi
2376 1063 2677 1122 clamamus
2709 1067 2969 1123 divinitus

1919 1146 2159 1205 Novilice
2201 1152 2462 1218 universi,
2497 1153 2809 1212 benedictus
2859 1172 2938 1213 es.

1991 1238 2385 1297 Vaticinantem
2414 1248 2689 1314 pertonuit
2714 1248 2899 1304 videns
2928 1264 3137 1315 vocem,

1919 1328 2032 1386 Deo
2062 1332 2253 1399 plenus
2291 1332 2428 1400 Joel,
2453 1335 2777 1403 divinissiml
2823 1338 3158 1408 principatus
3192 1357 3205 1391 :

1916 1423 2123 1490 Quibus
2149 1424 2443 1494 eﬂundam,
2479 1426 2681 1493 aiebat,
2735 1438 2992 1498 tanquam
3035 1430 3292 1496 Verbum,

1913 1517 1991 1572 De
2017 1517 2221 1586 Spiritu
2250 1533 2392 1583 meo,
2423 1534 2526 1573 una
2553 1519 2904 1575 clamabunt:
2930 1521 2977 1577 Ο
3011 1532 3201 1576 natura

1916 1609 2141 1681 Triplici
2169 1610 2455 1681 splendore
2490 1612 2698 1678 lucens,
2732 1614 3013 1668 benedicta
3036 1629 3114 1667 es.

1984 1703 2170 1759 Tertia
2199 1705 2413 1774 quidem
2441 1712 2597 1761 nacta
2633 1714 2717 1760 est
2738 1706 2992 1759 horarum
3026 1707 3276 1776 gratiam,

1843 1843 1888 1899 Β
1916 1794 1987 1899 ΞΜ
2016 1796 2432 1864 demonstraret,
2462 1807 2569 1853 tres
2596 1799 2927 1854 substantias

1866 1885 1888 1949 .'
1914 1885 2157 1945 λάθητε
2187 1890 2239 1944 in
2264 1889 2610 1959 simplicitate
2656 1892 2941 1960 potestatis
2973 1908 2987 1944 :
3028 1906 3037 1913 ’

1915 1981 2021 2035 Sed
2059 1982 2112 2036 in
2137 1995 2242 2035 una
2273 1996 2414 2036 nunc
2450 1981 2659 2037 dierum
2694 1981 2937 2046 domina,

1913 2070 2103 2136 Filius,
2132 2071 2315 2137 Pater,
2351 2083 2405 2126 et
2435 2072 2690 2140 Spiritus,
2721 2072 3033 2126 benedictus
3067 2087 3147 2126 es.

1984 2162 2157 2217 Solvit
2189 2161 2425 2229 vincula,
2448 2168 2502 2215 et
2540 2169 2685 2215 rorat
2718 2159 2985 2215 ﬂammam

1913 2253 2092 2309 Terno
2115 2254 2317 2309 lumine
2342 2254 2675 2323 principatus
2703 2250 2900 2307 forma.

1912 2345 2162 2402 Laudant
2203 2346 2376 2417 pueri,
2400 2345 2618 2400 laudate
2656 2346 2830 2401 solum

1913 2440 2270 2504 Salvatorem,
2290 2438 2689 2495 etconditorem
2713 2438 2976 2504 omnium,
2992 2448 3041 2492 et
3062 2435 3485 2501 benefactorem,

1911 2530 2103 2586 Creata
2131 2530 2379 2587 universa
2410 2540 2681 2585 creatura.
3165 2525 3489 2599 [salvantur,

1982 2621 2299 2678 Memoriam
2328 2623 2598 2687 Christus
2646 2623 2932 2677 verborum
2978 2621 3179 2690 quibus
3231 2623 3488 2675 mortales

1911 2714 2043 2782 Quae
2073 2730 2102 2769 a
2134 2714 2294 2771 Patre
2317 2714 2545 2780 audivit,
2579 2713 2836 2784 apostolis
2871 2713 3025 2767 dixit.

1914 2804 2151 2875 Spiritus
2182 2813 2448 2875 praeparat
2481 2804 2781 2869 linguarum
2829 2802 3109 2872 igncarum
3165 2800 3478 2870 Spectacula

1911 2895 2183 2961 insidens,
2217 2896 2586 2960 benedictum,
2610 2895 2905 2950 assimilata
2940 2914 2955 2948 :

1911 2990 2157 3046 Alienata
2194 3005 2324 3044 vero
2363 2989 2546 3043 laudat
2575 2999 2626 3044 te
2649 2988 2876 3043 creatio.

1983 3080 2221 3136 Salutari
2254 3080 2466 3135 ratione
2498 3095 2593 3135 sua
2640 3088 2907 3146 potestate
2935 3079 3075 3132 iens-

1836 3180 1884 3242 (ι
1916 3173 2028 3228 Lux
2056 3188 2153 3243 per
2180 3186 2241 3228 se
2269 3172 2568 3243 splendida,
2599 3180 2652 3226 et
2703 3170 2880 3225 datrix
2915 3168 3134 3222 luminis

1917 3263 2217 3328 Exsistens,
2241 3260 2440 3316 venisti
2471 3270 2527 3314 ut
2553 3261 2805 3329 implores
2848 3259 3143 3329 apostolos,

1918 3352 2248 3408 Honoratum
2296 3359 2551 3421 tanquam
2576 3350 2802 3405 halitum
2839 3350 2944 3403 tuis
2972 3351 3167 3414 servis,

1916 3443 2288 3513 lllustremque
2314 3440 2577 3512 Spiritum
2611 3441 2923 3497 distribuas.

1985 3538 2197 3594 Cecinit
2225 3538 2613 3608 prophetarum
2643 3533 2845 3605 Spiritu
2875 3534 3089 3603 plenum
3121 3549 3206 3599 os,

1916 3627 2089 3682 Tuum
2113 3627 2487 3697 corporaliter,
2513 3640 2547 3681 ο
2573 3624 2818 3691 Domine,
2849 3626 3163 3689 adventum,

1917 3718 1981 3772 Et
2007 3718 2268 3788 Spiritum
2294 3720 2502 3776 sinibus
2547 3719 2790 3789 paternis
2815 3718 3133 3787 productum

1921 3811 2244 3877 lncreatum,
2280 3808 2669 3875 confactorem,
2695 3822 3070 3863 consessorem
3103 3815 3274 3870 tuum,

1918 3902 2087 3970 Quem
2116 3901 2313 3957 misisti
2344 3898 2738 3956 incarnationis
2767 3895 3015 3951 ﬁdelibus
3039 3894 3344 3950 colendum.

246 490 314 543 Ἦ
342 486 437 544 τοῦ
468 493 827 567 Παρακλήτου
855 496 910 549 δὲ
946 499 1230 569 φωσφόρος
1266 502 1442 573 χάρις,

234 581 605 653 Σεϐασμιάζει
632 586 726 638 τοῦ
762 585 912 657 βοᾷν,
946 588 1116 659 Τριὰς
1147 591 1306 661 μόνη,

246 671 571 743 ’ἰσοσθενὴς,
593 672 852 743 ἄναρχος,
880 676 1169 746 εὐλογητὸς
1196 677 1265 732 εἴ.

302 765 494 835 Φωνὴν
523 765 1044 836 προφητὰρθεγκτον
1085 771 1437 839 ἠγνοηκότες,

235 856 519 923 Ἐφασκον
548 854 908 921 οἰνότευκτον,
944 860 1197 930 ἄφρονες,
1232 862 1425 933 μέθην,

243 947 465 1016 Ῥήσεις
496 947 936 1018 ξενηκούσθησαν
969 950 1044 1013 ὡς
1076 952 1411 1007 ἀποστόλων.

231 1036 301 1091 Οἱ
328 1037 576 1102 εὐσεϐεῖς
595 1038 653 1092 δέ
684 1057 765 1093 σοι
802 1041 1018 1111 βοῶμεν
1050 1043 1272 1109 ὲνθέως,

229 1130 487 1201 Νεονργὲ
511 1131 607 1184 τοῦ
634 1133 952 1204 σύμπαντος
975 1136 1265 1205 εὐλογητὸς
1295 1134 1365 1191 si.

304 1221 511 1276 Θέσπιν
541 1224 975 1297 κατεϐρόντησεν
1007 1231 1035 1282 ὁ
1069 1228 1283 1299 βλέπων
1307 1231 1437 1296 ὅπα,

234 1312 463 1377 Ἐνθους
499 1314 669 1387 Ἰωὴλ,
696 1316 791 1369 τοῦ
831 1319 1291 1389 θεαρχικωτάτου,

232 1403 331 1471 Οἷς
368 1410 564 1479 ἐκχεῶ,
598 1414 892 1483 φήσαντος,
923 1410 1009 1469 οἷά
1040 1433 1144 1488 περ
1171 1419 1365 1487 Λόγον,

231 1501 343 1554 Τοῦ
374 1502 692 1574 Πνεῦμα-τός
726 1523 827 1577 μου
859 1508 1230 1580 συμδοήσουσι
1270 1512 1432 1581 φύσις

247 1594 311 1647 Ἡ
339 1598 913 1668 τρισσοφεγγόφωτος,
944 1600 1236 1674 εὐλογητὸς
1266 1600 1334 1659 εἴ,

303 1688 506 1761 Τριττὴ
539 1692 637 1759 μὲν
658 1692 987 1763 εὐμοίρησεν
1012 1694 1171 1765 ὡρῶν
1203 1697 1302 1767 τὴν
1332 1697 1514 1768 χάριν,

235 1779 426 1844 Ὅπως
446 1781 779 1854 ἐπεμφήνειε
806 1788 955 1856 τρεῖς
986 1787 1339 1855 ὑποστάσεις,

233 1872 425 1927 Σεδειν
448 1877 504 1927 ὲν
534 1875 799 1947 ἁπλότητι
822 1878 923 1949 τῆς
949 1878 1216 1945 ἐξουσίας.

244 1964 388 2017 Ἀλλ’
417 1967 475 2019 ὲν
502 1969 601 2038 μιᾷ
626 1968 721 2023 νῦν
754 1971 977 2040 ἡμερῶν
1006 1976 1072 2045 τῇ
1098 1975 1301 2049 Κυρίᾳ,

235 2056 382 2124 Υἱὸς,
409 2057 620 2129 Πατὴρ,
652 2060 749 2115 καὶ
770 2062 1016 2134 Πνεῦμα,
1045 2066 1334 2137 εὐλογητὸς
1362 2064 1430 2123 εἴ.

302 2149 436 2204 Λύει
468 2151 537 2205 τὰ
570 2153 765 2224 δεσμὰ,
807 2158 901 2210 καὶ
928 2159 1164 2230 δροσίζει
1186 2161 1285 2232 τὴν
1316 2162 1506 2233 φλόγα,

242 2237 303 2294 '0
323 2248 725 2319 τρισσοφεγγὴς
750 2250 848 2321 τῆς
876 2253 1134 2324 θεαρχεας
1159 2256 1352 2321 τύπος,

243 2332 506 2403 ’Υμνοῦσι
539 2339 749 2407 παῖδες,
778 2342 1052 2413 εὐλογεῖτε
1079 2346 1169 2399 τὸν
1203 2347 1387 2418 μόνον,

230 2424 483 2497 Σωτῆρα,
520 2431 613 2483 καὶ
638 2436 977 2507 παντουργὺν
1006 2436 1080 2500 ὡς
1111 2439 1427 2510 εὐεργέτην,

240 2515 308 2569 Ἦ
333 2517 800 2594 δημιουργηθεῖσα
834 2526 1099 2597 σύμπασα
1129 2531 1323 2596 κτίσις.

302 2610 542 2683 Μνήμην
560 2615 588 2667 ὁ
615 2616 849 2687 Χριστὸς
872 2620 981 2675 τῶν
1004 2621 1342 2692 βροτοσσόων
1371 2625 1541 2693 ἐπῶν,
1638 2678 1647 2693 ,

245 2702 742 2774 Ἀπατρακουσοεὶς
765 2711 879 2773 τοῖς
905 2712 1225 2777 ἀποστόλοις
1248 2712 1373 2787 ἔφη,

229 2795 305 2848 Τὸ
332 2797 556 2868 Πνεῦμα
578 2798 760 2869 τεύχει
792 2802 1297 2875 γλωσσοπυρσεύτῳ
1319 2808 1457 2880 Θεῷ.

242 2886 479 2956 Ὲφίζον,
519 2889 811 2960 εὐλογητὺν
847 2895 1045 2947 οὶκειου
1054 2897 1211 2967 μένη,

244 2980 681 3054 Ἦλλοτριωμένη
708 2984 765 3037 δὲ
807 2985 1000 3054 μέλπει
1034 3005 1093 3040 σε
1127 2991 1324 3054 κτίσις.

302 3070 691 3142 Σωτηριωδῶς,
725 3076 1127 3142 αὐτοδεσπότως
1159 3080 1255 3145 ἱὸν,

228 3160 351 3225 Φῶς
379 3163 746 3238 αὐτολαμπὲς,
773 3170 869 3220 καὶ
903 3170 1236 3241 παρεκτικὸν
1264 3172 1437 3242 φάους

243 3254 542 3327 ’Υπὰρχον,
572 3252 708 3328 ἧκες
728 3261 1005 3331 ἐμφοροῦν
1041 3264 1396 3333 ἀποστόλους,

229 3346 442 3418 Τιμῆεν
471 3349 548 3412 ὡς
575 3350 732 3422 ἆημα
759 3354 871 3417 τοῖς
903 3356 1016 3419 σοῖς
1050 3356 1314 3423 οἰκέταις,

232 3438 683 3511 Λελιπαρημένον
707 3461 764 3497 τε
792 3445 1019 3517 Πνεῦμα
1053 3449 1401 3523 προσνέμοις.
1502 3466 1509 3467 ’

302 3527 442 3603 τῌςιτε
471 3534 766 3606 προφητῶν
792 3539 1280 3609 πνευματέμφορον
1320 3541 1518 3613 στόμα,

232 3624 341 3692 Σὴν
369 3627 734 3696 σωματωδῶς,
760 3621 805 3682 ὦ
833 3630 1046 3695 Μέδων,
1081 3632 1365 3704 ὲνδημίαν,

234 3715 344 3768 Καὶ
365 3717 591 3787 Πνεῦμα
615 3719 832 3774 κόλπων
859 3722 1141 3794 πατρικῶν
1179 3727 1544 3797 προηγμένον,

235 3807 548 3875 ’Δκτιστον,
581 3812 1097 3886 συμπλάστουργον,
1128 3816 1418 3889 σύνθρονον
1448 3821 1603 3876 σέθεν
1623 3860 1639 3886 .

245 3889 365 3961 Ὶεὶς
392 3898 861 3972 ἐνανθρωπήσεως
897 3907 1106 3971 πιστοῖς
1144 3907 1330 3973 σέϐας.

1428 4096 1477 4153 J.
1522 4099 1718 4155 BILLII
1756 4094 2335 4158 ιδΤΕΒΡιιΕΤΑΤιΟ.

1987 4254 2083 4310 Est
2112 4258 2402 4311 consecuta
2434 4248 2665 4320 gratiam
2691 4247 2824 4320 hora
2852 4253 3029 4308 tertia,

1920 4327 1992 4383 Ut
2029 4341 2126 4380 nos
2149 4325 2370 4380 doceret
2398 4318 2576 4376 celere
2608 4328 2716 4372 tres
2745 4318 3067 4387 ltypostases

1919 4398 1974 4450 In
2004 4396 2209 4450 unitate
2241 4390 2471 4461 simplici
2506 4388 2779 4461 potentiae.

1848 4470 1890 4523 ἱ)
1917 4470 1983 4520 At
2017 4481 2162 4521 nunc
2189 4466 2240 4519 in
2273 4457 2381 4518 una
2415 4457 2526 4531 jam
2565 4458 2652 4531 die
2685 4457 2981 4531 Dee_sacra

232 4248 279 4325 ρ
306 4247 472 4325 Patre
502 4249 601 4325 qui_
634 4249 783 4325 egit;
826 4264 1055 4325 prorsus
1076 4261 1239 4323 atque
1259 4252 1525 4325 jungitur,

231 4320 547 4395 Sordesque
576 4319 752 4376 {cedas
773 4319 1061 4395 criminum
1108 4319 1332 4379 cunctas
1360 4319 1594 4395 cremat,

230 4389 584 4461 maculaeque
611 4404 834 4460 prorsus
862 4391 913 4446 vi
943 4407 1041 4448 sua
1070 4408 1281 4448 summa
1320 4394 1473 4449 eluit.

306 4459 873 4532 Decus’exp’etendum
908 4474 963 4519 tu
994 4462 1243 4528 Sionitis,
1276 4473 1423 4519 tuam

230 4532 516 4602 Apostolis
547 4531 891 4602 manentibus
913 4534 1281 4602 praesentiam,

230 4601 279 4655 0
311 4601 572 4666 Pneuma,
603 4600 881 4655 declarant
912 4600 1088 4657 satum
1118 4602 1352 4658 Verbum
1386 4601 1564 4670 Patre,

232 4672 522 4744 plerasque
554 4672 1001 4744 nuga‘shgentium
1035 4685 1388 4744 poppysmata

231 4742 569 4811 Monstrat»,
612 4741 796 4811 inrillis
825 4741 1000 4797 instar
1034 4741 1424 4811 ignis'insides.

308 4809 421 4865 Rex
436 4809 782 4878 imperabat,
820 4812 1040 4880 organis
1058 4809 1409 4881 canentibus,

231 4881 506 4936 Adiiibere
543 4882 745 4935 cultum
771 4883 1018 4949 protinus
1043 4890 1236 4937 statua:
1258 4899 1457 4938 aureas.

234 4952 490 5005 Lucifera
522 4960 711 5005 contra
746 4950 1057 5006 Pneumatis
1087 4955 1258 5006 sancti
1291 4954 1494 5015 charis,

236 5020 491 5089 Clamare
525 5033 626 5074 nos
655 5020 767 5074 vult
796 5037 811 5074 :
849 5019 991 5075 Laus
1024 5024 1118 5076 tibi
1154 5022 1275 5085 soli,
1312 5021 1494 5089 Trias,

237 5088 410 5145 Ortus
447 5099 502 5145 et
539 5103 753 5158 expers,
787 5100 842 5144 et
873 5092 1019 5160 paris
1045 5093 1318 5160 potentiae.

316 5161 481 5232 Vocis
498 5161 772 5232 prOpbetaz
803 5161 968 5217 nescii
995 5161 1065 5231 (ο
1091 5161 1417 5218 dementiam
1436 5161 1485 5232 l)

235 5229 437 5301 Musto,
473 5231 806 5301 inquiebant,
836 5229 1178 5287 comntadere
1208 5229 1499 5301 apostolos,

241 5300 454 5354 Auditae
491 5310 553 5354 ut
583 5300 689 5355 illis
720 5307 846 5357 sunt
871 5301 1057 5356 statim
1091 5300 1255 5358 voces
1286 5318 1455 5359 novae.

233 5370 552 5425 Clamamus
573 5380 751 5426 autem
785 5387 883 5426 nos
916 5371 1011 5426 tibi
1044 5373 1339 5428 divinitus:

239 5438 403 5496 Orbis
430 5451 681 5504 novator,
711 5442 781 5497 sit
811 5441 1060 5498 tuolaus
1091 5443 1317 5498 nomini.

315 5509 420 5564 Per
449 5523 545 5563 ora
573 5511 714 5565 vatis
743 5511 1001 5567 intonans
1034 5527 1278 5567 summus
1302 5512 1463 5567 Pater

239 5578 428 5650 Joelis,
462 5580 661 5648 inquit,
688 5580 777 5647 Hi,
808 5583 1006 5650 quibus
1027 5625 1042 5649 ,
1079 5582 1314 5637 Verbum
1363 5581 1534 5649 velut,

239 5649 290 5723 ξ
290 5650 491 5705 undam
516 5652 797 5723 benignus
828 5649 1091 5723 Spiritum
1118 5663 1370 5709 sanctum
1404 5667 1603 5719 meum,

240 5720 359 5790 Hoc
385 5720 753 5790 prazdicabunt
789 5720 885 5778 ore
910 5725 1205 5787 communi,
1235 5723 1420 5776 Trilux

240 5788 475 5857 Natura,
510 5790 718 5847 laudem
752 5794 977 5863 quilibet
1002 5794 1145 5849 dicat
1177 5795 1291 5849 tibi.

1924 4536 2045 4592 Tibi
2073 4537 2195 4590 dico
2225 4523 2750 4602 laudem,_Spirilu_s_,
2797 4524 3052 4602 Verbum,
3093 4523 3280 4602 Pater:
3344 4592 3354 4602 .

1993 4606 2061 4659 Et
2095 4605 2273 4658 vincla
2305 4592 2921 4669 rumpitproscidam‘et
2950 4592 3220 4665 ﬂzttlttllatll
3258 4592 3384 4645 [erit

1922 4676 2102 4746 Typus
2126 4671 2362 4743 supremi
2398 4666 2638 4746 nit-minis
2674 4666 2979 4746 trilucidus.

1919 4733 2157 4797 Iuvenes
2186 4733 2444 4796 canentes
2471 4737 2759 4805 inquiunt:
2804 4735 3000 4805 [tentur
3033 4733 3276 4805 omnium

1920 4814 2205 4868 Summum
2231 4818 2529 4879 parentem,
2548 4804 2659 4879 pro
2687 4804 3186 4879 suisamplissbnis

1921 4882 2150 4947 Meritis,
2182 4874 2426 4935 creatum
2459 4887 2539 4930 est
2566 4874 2830 4944 quidquid
2858 4874 2910 4927 in
2949 4874 3167 4947 minuto,
3202 4880 3381 4925 canat.

1946 5006 1955 5011 ,
1992 4953 2032 5005 A
2059 4943 2220 5005 Patre
2240 4951 2430 5004 doctus
2466 4943 2600 5016 quae
2615 4943 2730 5000 suis
2758 4943 3015 5014 apostolis

1921 5021 2099 5078 Certa;
2134 5020 2325 5076 salutis
2364 5018 2517 5086 plena
2545 5016 2795 5070 Christus
2829 5016 3063 5086 dixerat.

1925 5092 2127 5147 Horum
2154 5084 2473 5147 memoriam
2511 5087 2747 5155 Spiritus
2778 5087 2858 5140 eis
2890 5084 3132 5144 refricat,

1923 5161 2148 5229 Linguis
2179 5163 2232 5217 in
2264 5160 2405 5229 ignis
2434 5158 2694 5229 insidens.
2738 5156 2793 5207 In
2829 5155 3061 5229 gratiam

1924 5223 2126 5289 Tecum
2160 5223 2391 5300 reducti,
2415 5227 2676 5300 laudibus
2712 5234 2765 5278 te
2793 5223 3113 5300 attollimus,

1994 5300 2214 5358 Certam
2240 5299 2308 5354 ad
2349 5290 2599 5370 salutem,
2624 5308 2847 5370 prorsus
2866 5307 2933 5370 ac
2950 5290 3217 5370 lieriliter,

1925 5369 2042 5426 Lux
2069 5372 2218 5427 clara
2244 5385 2339 5439 per
2368 5376 2447 5435 te,
2480 5361 2702 5439 lucis—et
2729 5363 2875 5416 clare
2902 5361 3103 5439 datriv,

1924 5441 2152 5509 Venisti,
2191 5430 2258 5494 ut-
2280 5430 2729 5509 omnésjmpleas
2762 5430 3035 5509 apostolos

1916 5508 2104 5582 Flatus
2131 5500 2201 5582 ad
2234 5508 2429 5582 instar.
2460 5500 2724 5582 Spiritum
2752 5500 3070 5582 petentibus

1917 5580 2113 5654 Servis
2128 5579 2390 5649 benignus
2420 5573 2661 5654 praebeas
2685 5573 2998 5654 velim‘tuis.

1988 5643 2644 5724 Cecinere'vates‘gonciti
2673 5643 2934 5698 divinitus
3030 5710 3060 5724 Δ.

1920 5721 1977 5774 In
2003 5731 2189 5784 carne,
2216 5732 2425 5774 summe
2446 5716 2586 5780 Rex,
2630 5722 2773 5784 tuam
2809 5716 3176 5784 prasentiam,

1920 5793 1999 5845 Ac
2034 5780 2270 5846 Pueu’ma
2299 5795 2546 5845 sanctum
2576 5780 2830 5855 prodiens
2857 5780 3037 5839 Patris
3062 5783 3209 5847 sinu,
