3968 6348
533 376 635 432 839

572 492 752 559 Salve,
784 490 1007 559 Regina,
1041 483 1484 554 matrivirginalis
1513 482 1701 552 gloria,

501 586 673 642 Omne
690 584 830 638 enim
862 576 1254 639 benevolubile,
1286 575 1421 630 bene
1454 573 1680 642 loquens
1712 587 1774 626 os

500 678 783 733 Rhetorica
813 682 927 726 arte
948 685 1051 725 non
1085 676 1261 739 potest
1289 675 1341 721 te
1372 665 1591 720 laudare
1621 665 1800 733 digne.

497 771 704 838 Caligat
731 775 906 818 autem
932 776 1090 816 mens
1118 760 1296 814 omnis
1326 758 1390 811 ad
1420 758 1806 826 tuum’partuut

495 856 965 925 Cognoseendum,
998 853 1141 905 unde
1165 861 1216 904 te
1241 864 1361 904 cum
1387 846 1656 902 desiderio
1674 844 2058 915 gloriﬁcamus.

563 948 798 1002 Cautare
820 946 975 997 decet
998 948 1245 995 naturam
1278 936 1642 992 viviﬁcantem
1662 935 1920 1004 puellam:

497 1038 619 1093 Sola
651 1039 793 1090 enim
824 1036 876 1087 in
910 1031 1194 1102 profundis
1220 1028 1509 1085 occultavit
1552 1024 1812 1089 Verbum,

496 1128 802 1199 Egrotanti
835 1126 1055 1179 medens
1082 1121 1387 1176 mortalium
1415 1127 1650 1173 natura}:

495 1221 649 1287 Quod
675 1218 885 1273 dextris
918 1217 1139 1271 sedibus
1171 1228 1313 1267 nunc
1344 1213 1539 1266 sedens

494 1313 695 1375 Patris,
723 1310 868 1364 misit
896 1308 1128 1375 gratiam
1173 1304 1429 1375 Spiritus.

568 1404 933 1468 Quoscunque
969 1400 1255 1467 iuSpiravit
1280 1397 1475 1452 dcillua
1503 1396 1675 1465 gratia

499 1492 881 1559 Splendeutes,
911 1488 1266 1558 lulgnrantes,
1292 1486 1608 1557 permutati,

499 1586 812 1637 llcsternam
847 1580 1317 1650 permutationem,
1351 1577 1814 1639 decentissimam,

497 1669 1358 1740 Aiquipotentem,indivisibilem
1394 1677 1799 1738 cognoscentes,
1831 1662 2059 1736 [camus

500 1760 835 1829 Sapientem,
866 1761 1094 1830 triplicis
1128 1760 1432 1830 splendoris
1464 1758 1820 1814 substantiam
1852 1754 2060 1826 gloriﬁ-

1614 365 1675 424 S.
1718 362 2036 423 JOANNIS
2075 363 2501 423 DAMASCENI

2088 492 2133 538 Α
2232 483 2482 552 Χαίροις.
2520 481 2751 545 ἄνασσα,
2788 471 3237 548 μητροπάρθενον
3270 467 3443 529 κλέος.

3636 352 3761 415 840

2164 572 2347 623 ⁸’Λπαν
2386 572 2495 640 γὰρ
2522 569 2798 637 εὑδίνητον
2833 565 3059 617 εῦλαλον
3095 562 3291 630 στόμα,

2176 660 2518 729 Ῥητορεῦον,
2552 660 2611 711 οὐ
2643 656 2819 709 σθένει
2850 672 2909 708 σε
2941 652 3172 723 μέλπειν
3207 650 3396 715 ἀξίως.

2178 752 2406 821 ’ἰλιγγιᾷ
2431 750 2487 802 δὲ
2517 749 2640 812 νοῦς
2663 748 2809 809 ἅπας
2843 763 2935 798 σου
2969 745 3059 797 τὸν
3082 741 3259 795 τόκον.

2168 843 2352 903 Νοεῖν.
2382 842 2506 893 ὅθεν
2535 857 2593 892 σε
2617 841 2714 892 σὺν
2738 838 2891 907 πόθῳ
2912 834 3231 901 δοξάζομεν.

2241 934 2422 1004 ’ᾼδειν
2448 932 2591 984 ἔοικε
2623 930 2723 1002 τὴν
2758 926 3030 998 φνσίζωον
3058 927 3248 995 κόρην.

2167 1026 2321 1094 Μόνη
2351 1023 2461 1094 γὰρ
2490 1025 2547 1076 ὲν
2578 1023 2752 1093 δίνῃσι
2788 1019 3052 1089 κεκρύψει
3072 1017 3267 1087 Λόγον,

2171 1113 2453 1168 Νοσοῦσαν
2479 1113 2802 1167 άλθαίνοντα
2833 1111 2932 1181 τὴν
2967 1109 3175 1182 βροτῶν
3214 1108 3399 1177 φύσιν,

2176 1208 2273 1266 Ὃς
2292 1205 2486 1269 δεξιοῖς
2518 1204 2795 1274 κλισμοῖσι
2838 1203 2934 1256 νῦν
2971 1202 3255 1274 ἱδρυμένος

2173 1296 2407 1367 Πατρδς,
2432 1295 2691 1365 πέπομφε
2722 1295 2819 1363 τὴν
2850 1294 3010 1364 χάριν
3042 1292 3131 1345 τοῦ
3163 1288 3499 1359 Πνεῦματος.

2245 1388 2433 1449 Ὀσοις
2463 1387 2723 1438 ἕπνευσεν
2753 1387 2785 1455 ἡ
2821 1384 3110 1455 θεὸρῤυτος
3138 1382 3322 1452 χάρις,

2170 1479 2514 1547 Λάμποντες,
2547 1474 2972 1545 ἀστράπτοντες,
2993 1474 3335 1544 ὴλλιωμένοι,

2181 1570 2424 1623 Ὀθνείαν
2461 1568 2764 1632 ἀλλοίωσιν,
2796 1567 3269 1637 εὐπρεπεστάτην,

2180 1660 2603 1727 Ἰσοσθενοῦσαν,
2626 1660 2726 1732 τὴν
2755 1658 2995 1729 ἄτμητον
3026 1657 3249 1717 εἰδότες,

2169 1753 2369 1826 Σοφὴν,
2398 1753 2692 1825 τρίφεγγον
2721 1749 2906 1804 οὐσίαν
2932 1748 3244 1817 δοξάζομεν.

1656 1979 1705 2034 J.
1748 1977 1955 2034 BILLIl
1993 1970 2585 2032 lNTERPRETATIO.
2888 1956 2939 1991 κ

505 2191 577 2246 Ut
609 2201 662 2242 ttt
688 2188 1009 2251 increatnm,
1043 2201 1140 2252 par
1169 2185 1288 2247 tibi,
1311 2200 1490 2239 rerum
1529 2198 1743 2254 parcns,

500 2259 669 2313 Mittis
698 2259 982 2314 colendum
1016 2257 1253 2327 praeditis
1285 2254 1387 2327 lide
1420 2257 1571 2327 viris.

569 2329 800 2397 Regina,
835 2322 1207 2387 salvefmater
1231 2336 1286 2380 et
1308 2322 1665 2397 virgosimul.

499 2394 909 2465 Nulla—reperiri
942 2397 1120 2465 lingua
1160 2404 1268 2448 tam
1302 2394 1551 2465 volubilis

499 2466 707 2530 Potest,
736 2462 885 2519 tuum
918 2462 1043 2533 quae
1066 2466 1311 2518 concinat
1344 2464 1501 2533 digne
1526 2462 1711 2516 decus.

502 2536 651 2590 Meus
684 2536 899 2603 languet
919 2535 1119 2598 omnis,
1152 2534 1409 2603 cogitans
1436 2544 1649 2603 partum
1679 2544 1849 2584 tuum.

499 2605 707 2725 Cupido
733 2601 864 2672 ergo
889 2604 1099 2683 laudem
1125 2601 1356 2682 dicimus
1377 2601 1473 2655 tibi
1506 2609 1743 2670 pectore.

620 2681 706 2725 tta:
735 2682 977 2725 narentts
1015 2670 1255 2725 Vtrctnts
1285 2670 1471 2725 Iaudes
1501 2674 1654 2725 decet

600 2671 706 2726 Fila:
735 2670 977 2741 parentis
1015 2670 1255 2738 Virginis
1285 2670 1471 2741 Iaudes
1501 2674 1654 2725 decet

501 2739 757 2797 Cantare.
789 2740 915 2796 Sola
939 2751 1127 2796 ventre
1151 2757 1271 2795 nam
1303 2740 1496 2796 clausit
1518 2741 1711 2808 Λογον,

895 3334 1232 3393 EIUSDEM
1263 3332 1698 3390 DAMASCENI

952 3471 1018 3524 In
1047 3470 1370 3524 Dominicam
1392 3466 1619 3521 Pascha.

574 3628 1007 3687 Resurrectionis
1036 3627 1151 3681 dies
1183 3642 1199 3680 :
1233 3625 1690 3695 splendescamus,
1722 3625 1921 3695 populi,
1955 3627 2061 3681 Pa—

2093 2188 2136 2244 B
2165 2177 2349 2247 Egris
2370 2174 2634 2247 medelam
2660 2173 2751 2240 qui
2779 2168 3266 2247 tulit_‘mor_talih_us
3292 2180 3309 2218 :

2168 2235 2488 2315 De‘itrisque
2510 2245 2604 2315 qui
2631 2235 2775 2315 nunc
2800 2242 3020 2315 sedibus
3049 2239 3238 2315 Patris
3266 2235 3491 2295 sedens,

2168 2310 3247 2383 DesiderataniSpiritnsmisit‘chatjna
3336 2374 3349 2383 _
3441 2372 3452 2381 θ

2242 2384 2373 2448 Νοεν
2408 2384 2564 2451 (lucis
2591 2374 2826 2451 supremi
2857 2379 3097 2434 numinis
3124 2376 3275 2431 ﬂavit
3304 2374 3507 2434 charis,

2173 2454 2292 2509 Jam
2324 2455 2589 2508 charitate
2622 2452 2829 2519 praediti
2864 2463 3095 2509 summa,
3129 2457 3183 2500 et
3214 2461 3352 2519 novo
3460 2454 3465 2467 ‘

2173 2527 2349 2592 Atque
2386 2514 2874 2592 eleganti-prorsus
2902 2519 3101 2574 inversi
3135 2514 3318 2581 modo,

2167 2591 2462 2648 Divisionis
2492 2591 2747 2646 Trinitati
2774 2592 2991 2655 nesciae,

2168 2661 2445 2731 Cujusque
2471 2660 2555 2717 vis
2587 2669 2670 2715 est
2698 2674 2854 2729 aqua.
2893 2654 3130 2715 Laudem
3161 2654 3414 2712 dicimus.

2484 3350 2574 3405 ΤΟ
2587 3353 2632 3404 Υ
2652 3356 2697 3405 Α
2714 3352 2902 3405 ΥΤΟΥ
2927 3350 3364 3405 ΔΑΜΑΣΚΗΝΟ
3377 3348 3424 3401 Υ

2454 3491 2556 3553 Εις
2581 3487 2696 3556 τὴν
2734 3486 3045 3556 Κυριαιιὴν
3075 3486 3179 3541 τοῦ
3210 3486 3450 3554 Πάσχα.

2256 3640 2627 3703 Ἀναστάσεως
2661 3640 2866 3710 ἡμέρα,
2897 3639 3345 3711 λαμπρυνθῶμεν
3372 3638 3513 3701 λαοὶ,
3548 3638 3750 3705 llis/cx

502 3726 632 3780 scita
667 3721 899 3785 Domini,
940 3718 1168 3773 Pascha.
1205 3719 1245 3771 Ε
1270 3728 1441 3772 morte
1476 3718 1618 3772 enim
1674 3720 1741 3772 ad
1765 3719 1966 3784 vitam,
2011 3728 2067 3773 et

2201 3731 2372 3802 Lupiou
2402 3769 2414 3791 ,
2447 3729 2663 3797 Πάσχα.
2712 3730 2808 3781 Ἐκ
2848 3728 2955 3798 γὰρ
2984 3730 3215 3782 θανάτου
3255 3730 3391 3801 πρὸς
3420 3729 3568 3799 ζωὴν
3588 3768 3603 3789 ,
3646 3732 3748 3780 καὶ

502 3831 569 3870 ex
615 3822 755 3868 terra
808 3812 874 3865 ad
940 3810 1158 3874 caelum,
1192 3807 1442 3863 Christus
1489 3808 1628 3863 Deus
1659 3824 1755 3863 nos
1793 3807 2066 3873 traduxit,

501 3906 783 3961 victoriam
812 3911 1089 3958 canentes.

576 3997 945 4066 Expurgemur
974 3993 1244 4058 sensibus,
1273 4001 1322 4047 et
1357 3991 1660 4046 videbimus
1699 3989 2063 4046 inaccessibili

504 4085 914 4141 resurrectionis
960 4084 1079 4140 luce
1132 4086 1407 4139 Christum
1436 4083 1781 4154 ell'ulgentem
1801 4126 1815 4148 ,
1846 4093 1901 4138 et
1932 4097 2070 4151 gau-

502 4179 661 4232 dete:
707 4178 977 4233 dicentem
1035 4186 1221 4247 aperte
1269 4177 1583 4240 audiemus,
1641 4175 1928 4230 victoriam
1973 4189 2069 4228 ca-

505 4281 715 4326 nentes.

572 4362 707 4429 Caali
745 4362 958 4432 quidem
998 4362 1156 4431 digne
1189 4358 1457 4424 lteteutur,
1496 4366 1637 4412 terra
1675 4366 1854 4411 antem
1893 4355 2072 4410 exsul-

507 4464 580 4507 tet
616 4473 629 4509 :
664 4453 857 4507 festum
891 4461 1010 4521 agat
1043 4458 1220 4504 autem
1255 4449 1514 4514 mundus,
1549 4457 1661 4503 tum
1695 4447 1922 4502 visibilis
1950 4461 2070 4501 om-

506 4548 611 4609 nis,
646 4556 756 4599 tum
785 4544 1070 4599 invisibilis
1099 4562 1113 4599 :
1145 4542 1395 4599 Christus
1424 4542 1565 4598 enint
1594 4542 1684 4612 qui
1717 4540 1902 4597 laetitia
1929 4554 2071 4596 sem-

506 4638 711 4706 piterna
744 4646 845 4703 est,
877 4638 942 4691 ad
970 4637 1132 4690 vitam
1163 4635 1343 4690 rediit.

574 4729 750 4794 Agite,
777 4732 1044 4798 potionem
1071 4729 1318 4782 bibamus
1345 4742 1559 4793 novam,
1587 4742 1692 4781 non
1720 4741 1784 4781 ex
1814 4740 1946 4782 suo
1970 4733 2075 4780 steo

508 4821 590 4874 rili
625 4820 924 4888 prodigiose
951 4821 1219 4885 eductam,
1246 4821 1337 4870 sed
1368 4819 1787 4886 incorruptionis
1817 4817 2017 4873 fontem
2044 4831 2074 4871 e

505 4912 751 4983 sepulcro
781 4910 995 4979 plucnte
1024 4908 1260 4973 Christo,
1296 4909 1348 4962 in
1377 4926 1484 4975 quo
1514 4910 1834 4965 solidantur.

577 4988 729 5057 Nunc
769 5001 950 5055 omnia
992 5000 1193 5068 repleta
1239 5009 1365 5053 sunt
1410 5001 1629 5064 lumine,
1676 5002 1980 5070 caelumque
2018 5009 2073 5054 et

508 5103 648 5146 terra
686 5102 741 5146 et
776 5088 1055 5146 terreStria
1093 5108 1106 5143 :
1144 5087 1367 5143 ferietur
1400 5095 1578 5141 autem
1614 5088 1789 5141 omnis
1821 5100 2070 5143 creatura

506 5187 913 5240 suscitationem
946 5181 1174 5247 Christi,
1204 5182 1254 5234 itt
1290 5195 1396 5251 quo
1426 5179 1651 5234 solidata
1683 5189 1783 5233 est.

580 5278 704 5334 lleri
744 5294 848 5332 una
886 5289 1060 5332 tecum
1103 5275 1427 5336 tuntulabar,
1460 5273 1705 5336 Christe;
1740 5284 2070 5339 conresnrgo

509 5368 667 5422 hodie
714 5377 889 5423 tecum
944 5377 1275 5433 resurgente.
1326 5363 1440 5419 Una
1494 5364 1845 5431 crttciligebar
1894 5373 2066 5416 tecum

508 5458 623 5511 lteri
656 5474 671 5510 :
707 5460 821 5526 ipse
855 5474 940 5512 me
977 5467 1149 5511 tecum
1188 5457 1355 5526 gloria
1393 5455 1562 5519 allice,
1600 5454 1869 5517 Salvator,
1908 5453 1958 5505 in
1999 5468 2074 5506 re-

509 5564 613 5618 gno
647 5556 754 5601 tuo.

579 5637 636 5692 In
688 5638 867 5691 divina
913 5639 1153 5694 custodia
1202 5639 1563 5707 diviniloquus
1612 5637 1920 5695 llabhacum
1968 5650 2074 5697 stet

509 5730 813 5796 nobiseum,
844 5738 898 5785 et
930 5732 1179 5787 ostendat
1217 5731 1495 5788 luciferum
1533 5734 1779 5803 angelum
1814 5735 1961 5797 clare
1996 5735 2073 5789 di-

2169 3823 2233 3874 ὲκ
2261 3821 2365 3889 γῆς
2390 3819 2525 3889 πρὸς
2551 3818 2802 3888 οὐρανὸν,
2840 3819 3074 3888 Χριστὸς
3108 3821 3138 3870 ὁ
3164 3819 3296 3881 Θεὸς
3328 3821 3478 3888 ἡμᾶς
3503 3819 3749 3871 διεϐίδα-

2172 3928 2282 3974 σεν,
2317 3911 2580 3964 ἐπινίκιον
2613 3909 2858 3981 ᾅδοντας.

2242 4001 2619 4073 Καθαρθῶμεν
2678 4000 2777 4063 τὰς
2833 3999 3145 4069 αἰσθήσεις,
3205 3998 3301 4051 καὶ
3352 3994 3604 4066 ὀψόμεθα
3664 4001 3751 4067 τῷ

2170 4095 2454 4163 ἀπροσίτῳ
2478 4094 2617 4161 φωτὶ
2650 4092 2747 4163 τῆς
2778 4092 3123 4155 ἀναστάσεως
3154 4090 3388 4162 Χριστὸν
3416 4089 3749 4160 ἐξαστράπ-

2169 4203 2351 4252 τοντα,
2388 4186 2482 4239 καὶ
2511 4185 2732 4255 χαίρετε
2756 4203 2768 4216 ·
2799 4186 3075 4254 φάσκοντα
3125 4185 3335 4256 τρανῶς
3365 4184 3748 4254 ἀκουσόμεθα,

2170 4278 2433 4331 ἐπινίκιον
2460 4276 2642 4348 ᾇδοντε
2651 4295 2698 4341 ς.

2242 4369 2479 4441 Οὐρανοὶ
2536 4368 2637 4438 μὲν
2686 4369 2925 4436 ἐπαξίως
2975 4367 3456 4438 εὐφραινὼθωσαν
3485 4405 3501 4429 ,
3554 4366 3627 4433 γῆ
3681 4365 3747 4418 δὲ

2170 4459 2521 4527 ἀγαλλιάσθω
2542 4474 2557 4488 '
2585 4460 2894 4530 toptaCécto
2919 4459 2977 4511 δὲ
3006 4459 3236 4528 κόσμος,
3260 4457 3456 4528 ὁρατός
3479 4472 3537 4508 τε
3567 4455 3739 4515 ἄπας.

2172 4549 2268 4601 καὶ
2316 4548 2581 4618 ἀόρατοςο
2630 4548 2865 4620 Χριστὸς
2902 4547 3010 4617 γὰρ
3061 4548 3375 4618 ἐγήγερται,
3434 4543 3740 4616 εὐφροσύνη

2171 4640 2413 4704 αἰώνιος.

2242 4732 2409 4786 Δεῦτε
2431 4732 2581 4802 πόμα
2606 4730 2822 4801 πίωμεν
2847 4730 3053 4793 καινὸν,
3081 4730 3182 4783 οὐκ
3209 4729 3276 4782 ὲκ
3303 4728 3512 4799 πέτρας
3543 4726 3741 4794 ἄγονον

2171 4823 2725 4896 τερατουργούμενον,
2774 4822 2889 4876 ἀλλ’
2924 4821 3231 4893 ἀφθαρσίας
3264 4819 3446 4891 πηγὴν
3478 4820 3542 4872 ὲκ
3566 4817 3742 4886 τάφον

2172 4918 2550 4986 ὀμϐρήσαντος
2579 4915 2838 4984 Χριστοῦ,
2877 4916 2933 4966 ἐν
2972 4905 3017 4981 ᾧ
3050 4910 3439 4983 στερεούμεθα.

2245 5008 2358 5059 Νῦν
2411 5009 2588 5059 πάντα
2620 5008 2974 5078 πεπλήρωται
3017 5006 3213 5073 φωτὸς,
3246 5002 3475 5072 οὐρανός
3501 5017 3560 5054 τε
3584 5041 3599 5064 ,
3650 5001 3744 5054 καὶ

2178 5100 2252 5169 γῆ
2278 5140 2293 5163 ,
2317 5101 2414 5153 καὶ⁵
2441 5101 2509 5154 τὰ
2538 5100 2890 5168 καταχθόνιοι.
2924 5096 3264 5165 Ἐορταζέτω
3296 5093 3355 5145 δὲ
3393 5094 3543 5145 πᾶσα
3569 5093 3603 5163 ἠ
3632 5090 3744 5144 κτί-

2183 5208 2268 5251 σις
2302 5190 2397 5260 τὴν
2428 5191 2648 5260 ἔγερσιν
2682 5189 2941 5260 Χριστοῦ,
2973 5190 3030 5241 ὲν
3050 5181 3094 5256 ᾧ
3123 5185 3481 5257 ὲστερέωται.

2242 5283 2384 5346 Χθὲς
2426 5282 2839 5350 συνεθαπτόμην
2892 5299 3013 5345 σοι,
3058 5280 3294 5351 Χριστὲ,
3359 5290 3746 5345 συνεγειρομα.

2175 5376 2415 5445 σήμερον
2454 5374 2745 5427 ἀναστάντι
2780 5391 2897 5439 σοι,
2946 5370 3428 5440 συνεστανροῦμην
3460 5386 3543 5422 σοι
3572 5366 3703 5437 χθές
3726 5381 3739 5395 ·

2171 5469 2332 5530 αὑτός
2371 5485 2436 5537 με
2471 5465 2791 5531 συνδόξασον
2816 5465 3023 5535 Σωτὴρ,
3057 5465 3116 5517 ἐν
3148 5466 3211 5533 τῇ
3243 5460 3490 5533 βασιλείᾳ
3515 5476 3632 5513 σου.

2260 5647 2383 5699 Ἐπὶ
2426 5646 2526 5715 τῆς
2561 5646 2712 5710 θείας
2755 5646 3002 5715 φυλακῆς
3031 5647 3060 5698 ὁ
3101 5645 3361 5715 θεηγόρος
3426 5643 3740 5714 Ἀϐϐακοὺμ

2173 5738 2351 5807 στήτω
2385 5737 2503 5806 μεθ’
2538 5736 2717 5807 ἡμῶν,
2745 5735 2838 5790 καὶ
2869 5735 3131 5789 δεικνύτω
3166 5735 3485 5806 φαεσφόροκ
3507 5733 3737 5803 ἄγγελον
