3968 6348
182 357 288 420 841
1630 361 1749 421 CAl

1874 363 1994 425 NA.
3328 368 3434 439 842

176 461 521 532 διαπρυσίοις
553 464 780 532 λέγοντα
802 476 816 493 ’
864 463 1110 534 Σήμερον
1144 464 1386 536 σωτηρία
1420 465 1497 537 τῷ
1536 466 1743 539 κόσμῳ,

1868 485 2067 530 centeni
2123 494 2135 529 :
2187 473 2361 534 llodie
2409 476 2557 532 salus
2608 474 2841 540 mundo,
2890 472 3145 545 quoniam
3199 477 3435 531 surrexit

174 560 265 611 ὅτι
292 555 777 626 ἀνέστη-Χριστὸς,
809 554 885 619 ὡς
909 557 1335 629 παντοδύναμος.

1026 557 1335 629 τοδύναμος.
1858 566 2108 624 Christus
2138 578 2199 624 ut
2225 570 2593 640 omnipotens.

260 646 462 717 ’Δρσεν
496 646 597 715 μὲν
620 687 634 707 .
658 646 735 710 ὡς
766 646 1040 712 διανοίξας
1071 648 1172 720 τήν
1201 648 1642 720 παρθενεύουσαν
1664 668 1755 719 νη-

1932 657 2001 713 Ut
2030 659 2302 715 masculus
2328 659 2567 729 quidem,
2595 658 2843 728 aperiens
2866 658 3165 728 virgineum
3197 665 3433 719 uterum.

174 738 298 802 δὺν,
326 737 533 807 πέφηνε
563 737 821 808 Χριστὸς,
856 738 932 802 ὡς
973 738 1164 810 βροτὸς
1192 739 1251 793 δὲ
1280 741 1451 811 άμνὸς
1485 742 1741 813 προσηγό·

1867 746 2112 818 apparuit
2136 750 2388 806 Christus
2419 769 2434 806 :
2464 760 2525 806 ut
2556 749 2799 805 mortalis
2826 760 3028 814 autem,
3056 763 3227 819 agnus
3254 748 3434 819 appel-

179 844 394 898 ρευται.
428 828 490 881 Ἀ
505 845 696 898 μῶμος
720 828 799 894 δὲ,
831 828 907 892 ὡς
941 829 1206 897 ἄγευστος
1239 831 1458 901 κηλίδος
1481 871 1496 894 ,
1529 832 1591 885 τὸ
1620 833 1746 904 ήμὲ-

1866 840 2007 896 latus
2033 850 2115 895 est
2144 860 2159 896 :
2193 841 2569 899 immaculatus
2601 850 2800 907 autem,
2831 851 2888 895 ut
2919 840 3055 896 labis
3082 854 3300 910 expers,
3334 853 3433 895 no-

178 934 341 989 τερον
366 918 571 987 πάσχω
604 918 699 972 καὶ
723 919 800 982 ὡς
822 918 954 983 Θεὸς
980 918 1189 992 ἀληθὴς
1207 959 1222 987 ,
1247 920 1452 986 τέλειος
1485 920 1745 976 λέλεκται.

1869 939 2031 986 struat
2079 930 2283 989 Pascha
2328 949 2344 989 :
2390 941 2447 989 et
2495 942 2554 990 ut
2602 934 2745 990 Deus
2794 948 2990 999 verus,
3034 930 3306 1002 perfectus
3353 931 3436 987 di-

1860 1029 1979 1077 ctus
2006 1030 2112 1078 est.

264 1098 356 1161 ἀς
386 1097 658 1162 ἐνιαύσιος
678 1098 850 1170 ἀμνὸς
876 1101 905 1153 ὁ
929 1098 1319 1171 εὐλογούμενος
1338 1102 1474 1172 ἡμῖν
1497 1102 1760 1172 στέφανος

1931 1113 2003 1169 Ut
2022 1114 2304 1172 anniculus
2325 1130 2516 1185 agnus,
2540 1130 2660 1185 qua:
2681 1115 3016 1171 benedicitur
3038 1114 3195 1171 nobis
3216 1128 3435 1172 corona.

183 1185 423 1257 Χριστὸς
461 1186 720 1251 ἑκουσίως
758 1188 901 1258 ὑπὲρ
944 1189 1162 1243 πάντων
1189 1189 1448 1255 τέθυται,
1478 1190 1664 1261 πάσχα
1700 1189 1750 1242 τὲ

1867 1201 2109 1258 Christus
2132 1212 2323 1271 sponte
2345 1216 2441 1272 pro
2464 1203 2721 1258 omnibus
2746 1202 3078 1259 sacriﬁcatus
3102 1211 3203 1266 est.
3230 1201 3434 1257 Pascha

185 1276 575 1347 καθαρτήριον.
619 1277 732 1330 Καὶ
766 1272 921 1340 αὖθις
970 1278 1036 1331 ὲκ
1083 1277 1178 1331 τοῦ
1223 1274 1396 1349 τάῲου
1434 1279 1638 1350 ὡραῖος
1681 1279 1752 1332 δι-

1867 1290 2239 1358 expiatorium,
2272 1301 2326 1346 et
2359 1305 2548 1346 rursus
2581 1306 2647 1346 ex
2682 1291 2931 1361 sepulcro
2966 1292 3248 1362 speciosus
3274 1290 3434 1362 justi—

188 1367 488 1438 καιοσύνης
519 1369 652 1438 ἡμῖν
680 1368 922 1438 ἔλαμψεν
946 1370 1120 1440 ήλιος.

989 1370 1120 1434 λιος.
1863 1378 1952 1433 tia:
1981 1378 2135 1434 nobis
2161 1379 2431 1448 splenduit
2460 1381 2556 1437 sol.

274 1455 339 1510 Ὀ
366 1458 665 1529 Θεοπάτωρ
694 1457 794 1527 μὲν
819 1458 1124 1530 Δαὸὶδ⁴πρὸ
1156 1460 1258 1530 τῆς
1287 1460 1549 1525 σκιώδους
1585 1460 1754 1515 κιϐω-

1934 1466 2027 1521 Dei
2074 1467 2235 1522 Pater
2269 1470 2484 1537 quidem
2529 1471 2694 1526 David
2738 1472 2863 1528 ante
2905 1473 3210 1529 umbrosam
3253 1488 3433 1528 arcam

187 1548 307 1611 τοῦ,
342 1547 512 1618 ἥλατο
546 1549 806 1620 σκιρτῶν·
836 1550 865 1602 ὁ
886 1550 1014 1613 λαὸς
1041 1551 1100 1605 δὲ
1127 1550 1222 1604 τοῦ
1248 1550 1384 1605 Θεοῦ
1407 1554 1436 1605 ό
1459 1551 1633 1621 ἆγιος,
1665 1552 1754 1624 τὴν

1873 1556 2082 1612 saltavit
2116 1559 2426 1626 exsultans;
2462 1560 2689 1630 populus
2724 1572 2901 1617 autem
2939 1560 3033 1617 Dei
3069 1573 3323 1631 sanctus,
3357 1564 3440 1618 si-

186 1639 301 1691 τῶν
322 1654 385 1691 συ
393 1639 604 1710 μϐόλων
621 1640 844 1694 ἔκϐασιν
857 1640 1109 1711 ὁρῶντες,
1134 1642 1525 1714 εὐφρανθῶμεν
1540 1644 1753 1710 ὲνθέως,

1870 1666 2093 1720 gnorum
2120 1660 2371 1707 eventum
2398 1652 2663 1718 videntes,
2690 1652 2937 1708 laztemur
2959 1653 3156 1718 divine,
3186 1655 3437 1723 quoniam

188 1732 275 1785 ὅτι
312 1731 510 1801 ἀνέστη
541 1733 776 1803 Χριστὸς
802 1732 877 1796 ὡς
908 1733 1333 1804 παντοδύναμος.

1297 1752 1333 1798 ῖο
1798 1808 1829 1813 ᾗ
1864 1742 2099 1797 surrexit
2128 1741 2378 1798 Christus
2408 1750 2468 1797 ut
2496 1744 2864 1813 omnipotens.

277 1821 655 1893 Ὀρθρίσωμεν
686 1822 883 1893 ὄρθρου
914 1822 1144 1892 βαθέως.
1170 1825 1267 1877 καὶ
1300 1825 1423 1879 ἀντὶ
1457 1829 1633 1895 μύρου
1668 1824 1759 1879 τὸν
1798 1808 1843 1863 Β

1936 1831 2233 1903 Vigilemus
2261 1846 2418 1887 mane
2446 1808 2730 1899 profunde,
2760 1839 2817 1887 et
2846 1845 2943 1902 pro
2976 1838 3251 1899 unguento
3289 1829 3441 1900 bym-

196 1912 368 1984 ὕμνον
406 1914 784 1983 προσοίσωμεν
808 1912 887 1984 τῷ
917 1914 1191 1988 Δεσπότῃ,
1232 1916 1328 1969 xui.
1359 1915 1593 1987 Χριστὸν
1618 1912 1763 1985 ὀψώ-

1871 1938 1991 1976 num
2026 1921 2316 1978 all'eramus
2349 1922 2609 1989 Domino,
2643 1931 2699 1978 et
2726 1920 3005 1978 Christum
3041 1922 3318 1977 videamus
3345 1919 3438 1990 ju-

196 2006 363 2074 μεθα,
389 2006 734 2076 δικαιοσύνης
765 2006 934 2077 ἣλιον,
966 2007 1101 2059 πᾶσι
1128 2006 1275 2079 ζωὴν
1302 2006 1684 2061 ἀνατέλλοντα.

1537 2023 1684 2061 οντα.
1872 2011 2034 2066 stitia:
2063 2009 2254 2075 solem,
2282 2010 2531 2065 omnibus
2555 2010 2722 2064 vitam
2749 2012 3104 2065 exorientem.

270 2094 381 2162 Τὴν
420 2092 657 2165 ἄμετρον
700 2111 792 2147 σου
833 2094 1239 2165 εὖσπλατχνίαν
1268 2098 1317 2149 oi.
1354 2098 1477 2159 ταῖς
1510 2094 1606 2148 τοῦ
1638 2094 1765 2166 ᾅδου

1936 2102 2072 2158 Cum
2110 2102 2431 2155 immensam
2466 2109 2616 2154 tuam
2650 2098 3076 2154 misericordiam
3114 2098 3204 2168 qui
3242 2098 3438 2153 inferni

201 2186 414 2254 σειραῖς
479 2184 863 2257 συνεχόμενοι,
931 2186 1280 2257 δεδορκότες,
1341 2185 1480 2257 πρὸς
1540 2184 1601 2238 τὸ
1654 2184 1768 2251 φῶς

1874 2193 2074 2248 catenis
2101 2191 2381 2247 constricti
2406 2199 2583 2258 erant,
2612 2189 3043 2259 conspexissent,
3070 2188 3124 2242 in
3155 2189 3331 2243 lucem
3361 2187 3441 2244 l‘e-

202 2276 493 2345 ἡπείγοντο
512 2316 529 2343 ,
558 2277 760 2347 Χριστὲ
786 2317 803 2343 ,
850 2277 1205 2349 ἀγαλλομένῳ
1238 2277 1383 2342 ποδὶ,
1415 2276 1608 2347 Πάσχα
1640 2293 1767 2348 κρο-

1875 2280 2161 2346 stinabant,
2182 2280 2420 2347 Christe,
2443 2278 2735 2335 exsultanti
2756 2278 2914 2348 pede,
2935 2276 3141 2333 Pascha
3183 2278 3442 2348 plauden-

204 2368 423 2433 τοῦντες
446 2368 684 2443 αίῴνιον.
1032 2392 1039 2397 ·

1032 2392 1039 2397 ”
1872 2384 1954 2430 tes
1979 2383 2260 2428 internum.

276 2459 667 2528 Προσελθωμεν
705 2450 1124 2531 λαμπαδηφόρω
1151 2460 1229 2530 τῷ
1260 2460 1503 2531 προιόντι
1546 2456 1768 2531 Χριστῷ

1939 2464 2282 2519 Accedamus
2322 2462 2470 2519 faces
2506 2461 2740 2519 ferentes
2777 2461 3081 2518 advenienti
3125 2459 3343 2515 Christo
3379 2472 3445 2511 ex

206 2549 275 2601 ὲκ
321 2548 416 2599 τοῦ
460 2549 740 2618 μνήματος
767 2588 783 2613 ,
826 2549 902 2612 ὡς
958 2549 1211 2619 νυμφίῳ,
1264 2550 1361 2603 καὶ
1410 2548 1773 2619 συνεορτάσω-

1882 2564 2248 2619 monumento,
2277 2565 2335 2610 ut
2364 2570 2564 2625 sponso
2592 2573 2606 2609 :
2635 2564 2689 2610 et
2719 2569 2822 2608 una
2851 2546 3296 2623 festum’agamus
3325 2565 3449 2603 cum

211 2656 311 2708 μεν
363 2640 478 2701 ταῖς
547 2638 854 2709 φιλεόρτοις
906 2638 1133 2706 τάξεσι,
1195 2639 1387 2710 Πάσχα
1443 2637 1771 2709 κροτοῦντες

1743 2655 1771 2702 ς
1880 2647 2087 2704 festivis
2113 2647 2412 2715 ordinibus,
2440 2646 2644 2703 Pascha
2675 2646 2996 2717 plaudentes
3024 2654 3307 2699 aeternum.

207 2729 455 2783 αἰώνιον.
1415 2756 1421 2761 ο

281 2820 563 2891 Κατῆλθες
590 2823 647 2874 ὲν
678 2822 790 2884 τοῖς
819 2820 1150 2885 κατωτάτοις
1196 2821 1295 2892 τῆς
1343 2820 1448 2893 γῆς
1494 2823 1588 2875 καὶ
1619 2819 1777 2875 συνέ-

1954 2824 2285 2881 Descendisti
2322 2826 2375 2879 in
2412 2824 2593 2879 intima
2628 2831 2816 2887 terras,
2847 2830 2902 2877 et
2935 2818 3237 2875 contrivisti
3272 2825 3452 2871 vectes

208 2912 407 2982 τριψας
440 2910 667 2980 μοχλοὺς
698 2910 970 2976 αἰωνίους,
1004 2909 1267 2979 κατόχους
1290 2951 1305 2974 ,
1342 2910 1775 2981 πεπεδημένους,

1885 2932 2074 2983 aureos,
2100 2918 2286 2987 eisque
2313 2917 2561 2973 detentus
2588 2915 2876 2984 expedisti,
2901 2913 3139 2976 Christe,
3166 2919 3220 2964 ct
3247 2908 3452 2963 tridua-

212 3001 416 3071 Χριστὲ
438 3041 452 3064 ,
486 3000 580 3054 καὶ
612 3002 909 3071 τριήμερος
934 3038 950 3063 ,
981 2999 1057 3063 ὡς
1088 3001 1151 3052 ὲκ
1180 3002 1379 3072 κήτους
1420 3000 1626 3065 Ἰωνᾶς,
1658 2998 1779 3066 ἐξα-

1750 3018 1784 3053 ί-
1885 3023 2008 3073 nus,
2037 3017 2095 3064 ut
2122 3024 2188 3066 ex
2219 3020 2334 3066 cete
2362 3008 2549 3075 Jonas,
2581 3005 2940 3064 exsurrexisti
2970 3018 3002 3060 e
3035 3002 3317 3072 sepulcro.

212 3093 408 3160 νὲστης
433 3091 528 3144 τοῦ
553 3091 749 3159 τάφου.
1812 3146 1849 3160 _
2108 3098 2113 3104 ‘
2538 3091 2549 3105 ‘

280 3146 531 3246 Φυλάξας
552 3182 621 3236 τὰ
638 3146 934 3253 ’σήμαντρα
961 3181 1095 3247 σῶα,
1114 3181 1339 3254 Χριστὲ.
1365 3179 1668 3253 emam;
1682 3180 1778 3235 τοῦ
1808 3146 1847 3206 C

1956 3184 2200 3241 Servatis
2227 3184 2395 3254 signis
2420 3181 2736 3253 sospitihus,
2761 3180 2998 3245 Christe,
3022 3179 3317 3234 suscitatus
3343 3190 3401 3229 es
3429 3192 3458 3229 e

214 3276 407 3345 τάφου·
447 3271 506 3327 '0
531 3272 631 3335 τὰς
654 3272 799 3336 κλεῖς
826 3273 927 3342 τῆς
967 3272 1244 3342 Παρθένου
1295 3273 1368 3343 μή
1401 3271 1781 3343 λυμηνάμενος

1892 3278 2154 3348 sepulcro.
2184 3276 2284 3343 Qui
2320 3277 2499 3331 claves
2525 3273 2759 3343 Virginis
2793 3288 2899 3328 non
2935 3270 3206 3326 oﬂ‘endisti
3244 3265 3369 3324 dum
3409 3275 3459 3320 te

216 3367 276 3418 ὲν
300 3363 377 3433 τῷ
417 3363 562 3433 τόκῳ
594 3380 689 3416 σου
718 3405 732 3429 ,
765 3363 858 3417 καὶ
886 3361 1127 3433 ὴνέῳξας
1164 3364 1297 3432 ἡμῖν
1325 3361 1655 3433 παραδείσου
1684 3360 1783 3425 τὰς

1619 3379 1655 3414 ὐ
1684 3360 1783 3425 τὰς
1888 3369 2116 3441 peperit,
2146 3376 2201 3424 et
2230 3368 2485 3424 reserasti
2520 3366 2676 3423 nobis
2708 3364 2943 3435 paradisi
2977 3372 3186 3434 portas.

219 3451 417 3516 πύλας.

291 3545 476 3617 Σῖιτέρ
506 3562 609 3615 μου
635 3583 651 3608 ,
694 3542 755 3597 τὸ
798 3542 907 3607 ζῶν
935 3559 1025 3606 τε,
1059 3544 1153 3595 καὶ
1197 3542 1395 3597 ἄθυτον
1427 3545 1629 3614 ἱερεῖον
1654 3581 1670 3609 ,
1708 3541 1787 3606 ὡς

1964 3530 2212 3603 Salvator
2241 3560 2418 3610 meus,
2451 3546 2774 3613 vivensque,
2807 3556 2910 3598 nec
2945 3549 3177 3597 mactata
3208 3516 3457 3601 victima:

222 3638 355 3701 Θεὸς
385 3636 575 3690 ἑαυτὸν
619 3633 882 3696 ἑκουσίως
923 3633 1292 3705 προσαγαγὼν
1315 3634 1392 3706 τῷ
1423 3636 1622 3705 Πατρὶ,
1662 3651 1787 3687 συν-

1894 3650 1951 3694 ιιι
1984 3639 2146 3704 Deus,
2182 3639 2417 3707 seipsum
2452 3648 2642 3707 sponte
2674 3635 2908 3692 olIerens
2939 3634 3109 3697 Patri,
3143 3649 3246 3686 una
3283 3634 3458 3688 snsci~

156 3764 163 3768 -
224 3730 530 3797 ανέστησας
576 3728 823 3797 παγγενῆ
886 3724 979 3779 τὸν
1045 3725 1255 3797 Ἀδάμ,
1292 3727 1536 3791 ἀναστὰς
1580 3729 1646 3781 ὲκ
1694 3743 1723 3780 τ

1694 3725 1789 3780 τοῦ
1898 3732 2018 3785 tasti
2049 3730 2392 3815 omnigenum
2425 3727 2614 3792 Adam,
2647 3740 2876 3795 surgens
2906 3739 2937 3778 e
2967 3724 3238 3793 sepulcro.

224 3821 421 3888 τάφου.

310 3884 370 3964 λυ
400 3911 619 3974 παῖδαςν
634 3911 698 3963 ὲκ
739 3909 969 3980 καμίνου
1022 3908 1326 3981 ῥυσάμενος
1362 3911 1653 3980 γενόμενος
1696 3910 1794 3963 ﬁv-

1968 3904 2070 3971 Qui
2100 3915 2297 3971 pueros
2323 3915 2353 3953 e
2385 3897 2600 3953 fornace
2627 3895 2905 3958 liberavit,
2940 3884 3121 3949 factus
3150 3893 3341 3954 homo,
3376 3906 3469 3958 pa-

230 4002 471 4072 θρωπος,
502 3999 698 4070 πάσχει
727 3999 801 4062 ὼς
829 3999 1042 4069 θνητὸς,
1078 4000 1173 4052 κοιλ⁸
1204 4000 1291 4053 διὰ
1324 3999 1549 4065 πάθους,
1583 4001 1645 4052 τὸ
1665 3999 1794 4071 θνη-

1903 3997 2033 4052 titur
2064 4003 2123 4048 ut
2155 3990 2398 4046 mortalis
2428 4006 2445 4043 ι
2481 3999 2535 4043 et
2572 4002 2668 4057 per
2702 3986 3030 4056 passionem,
3064 3984 3206 4054 quod
3242 3982 3468 4037 mortale

230 4093 323 4144 τὸν
346 4088 654 4161 ἀφθαρσίας
681 4089 855 4142 ὲνδύει
881 4088 1237 4159 εὐπρέπειαν,
1267 4088 1296 4140 ὁ
1328 4089 1487 4159 μόνος
1510 4087 1797 4158 εὐλογητὸς

1904 4097 2037 4149 erat,
2062 4081 2481 4152 incorruptionis
2506 4080 2695 4135 vestiit
2720 4078 2914 4133 decore
2942 4094 2956 4131 :
2982 4076 3130 4131 solus
3158 4075 3471 4130 benedictus

229 4181 341 4235 τῶν
369 4180 620 4250 πατέρων
651 4180 804 4244 Θεὸς,
832 4182 927 4234 καὶ
958 4180 1333 4253 ὑπερένδοξος.

1293 4197 1333 4244 ςο
1906 4187 2114 4250 patrum
2149 4176 2310 4240 Dens,
2337 4185 2391 4228 et
2419 4170 2860 4244 gloriosissimus.

306 4294 566 4356 Γυναῖκες
595 4292 732 4362 μετὰ
762 4292 946 4364 μύρων
978 4292 1285 4363 θεόφρονες,
1315 4291 1493 4345 όπίσω
1523 4308 1614 4344 σου
1641 4291 1801 4362 ἔδρα-

1974 4289 2142 4363 θεθ
2176 4286 2425 4342 Muliercs
2454 4285 2556 4355 pia:
2583 4298 2707 4339 cum
2739 4281 3028 4352 unguentis
3054 4290 3175 4351 post
3208 4291 3260 4335 te
3289 4296 3477 4335 accur-

237 4401 359 4456 ρον·
393 4383 451 4436 ὃν
478 4383 532 4436 δὲ
556 4383 629 4446 ὡς
659 4382 849 4453 θνητὸν
892 4383 1027 4451 μετὰ
1070 4382 1323 4453 δακρύων
1359 4381 1583 4453 ἐζήτουν
1621 4399 1799 4453 προσ-

1911 4390 2099 4436 rerum
2142 4397 2155 4433 :
2200 4393 2360 4449 quem
2404 4383 2584 4429 autem
2632 4384 2692 4427 ut
2734 4372 3017 4428 mortalem
3058 4386 3179 4427 cum
3225 4369 3478 4443 lacrymis

235 4473 514 4541 εκύνησαν
582 4474 868 4543 χαίρουσαι
932 4471 1110 4537 ζῶντα
1153 4472 1309 4528 Θεόν.
1359 4473 1472 4527 Καὶ
1519 4474 1713 4543 Πάσχα
1745 4472 1802 4526 τὸ

1912 4471 2252 4542 quaerebant,
2285 4467 2581 4522 adorarunt
2610 4462 2937 4533 gaudentes,
2970 4461 3241 4517 viventem
3277 4459 3478 4522 Deum,

239 4568 504 4640 μυστικὸν
538 4570 651 4630 τοῖς
680 4564 917 4638 Χριστοῦ
950 4565 1223 4637 μαθηταῖς
1253 4567 1698 4637 εὐηγγελίσαντο.

1914 4573 1965 4618 et
1999 4560 2208 4615 Pascha
2244 4570 2504 4613 arcanum
2538 4553 2740 4609 Christi
2778 4551 3057 4622 discipulis
3092 4551 3231 4607 bene
3265 4549 3481 4606 nuntia-

1941 4658 2053 4708 unt.

312 4744 559 4798 Θανάτου
587 4745 931 4815 ἑορτάσωμεν
955 4742 1244 4813 νέκρωσιν,
1272 4738 1400 4812 ᾅδου
1427 4740 1525 4812 τὴν
1555 4739 1814 4811 καθαίρε-

1918 4666 2053 4709 runt.

1981 4739 2169 4797 Mortis
2216 4738 2547 4795 celebremus
2599 4734 3100 4799 mortiﬁcationem,
3146 4730 3343 4787 inferni
3393 4729 3485 4785 de-

241 4854 355 4902 σιν,
395 4836 560 4906 ἄλλης
602 4836 786 4906 βιοτῆς
813 4836 914 4906 τῆς
947 4834 1168 4890 αἰωνίου
1203 4832 1458 4903 άπαρχῆς
1479 4872 1495 4897 ,
1536 4831 1632 4885 καὶ
1662 4846 1808 4899 σκιρ-

1920 4834 2296 4895 structionem,
2329 4828 2554 4883 alterius
2577 4828 2701 4883 vitae
2732 4827 3076 4911 sempiternae
3103 4824 3405 4895 primitias;
3432 4829 3487 4873 et

240 4929 452 4989 τῶντες
475 4926 734 4997 ὑμνῶμεν
759 4925 852 4979 τὸν
873 4926 961 4979 αίτ
971 4941 1070 4989 ιον,
1097 4924 1190 4977 τὸν
1210 4924 1369 4994 μόνον
1389 4920 1680 4992 εὐλογητὸν
1707 4920 1807 4975 τῶν

1918 4918 2170 4975 salientes
2210 4925 2489 4971 cantemus
2532 4910 2812 4971 auctorem
2862 4932 2877 4969 :
2926 4914 3100 4970 solum
3141 4910 3485 4967 benedictum

244 5020 504 5092 πατέρων
532 5019 667 5072 Θεὸν
699 5018 795 5072 καὶ
830 5015 1200 5088 ὑπερένδοξον.

1915 5008 2133 5065 Patrem
2162 5007 2355 5074 Deum,
2388 5014 2445 5063 et
2474 5007 2954 5078 supergloriosum.

448 5111 615 5173 ὅντως
638 5109 759 5181 ἱερά
782 5111 877 5164 καὶ
897 5109 1192 5181 Μνέορτος
1208 5108 1345 5178 αὓτη
1364 5108 1396 5179 ἡ
1417 5105 1681 5177 σωτήριος
1700 5101 1817 5169 νὺξ,

1989 5101 2158 5169 Quam
2184 5115 2310 5156 vere
2336 5114 2493 5155 sacra
2518 5092 2707 5155 ettota
2736 5097 2927 5152 festiva
2958 5095 3072 5149 haec
3102 5089 3358 5163 salutaris
3384 5104 3485 5144 nox

246 5204 350 5260 καὶ
378 5202 700 5271 φωταυγὴςν
733 5200 833 5272 τῆς
861 5198 1255 5270 λαμπροφόρου
1285 5197 1497 5268 ἡμέρας
1523 5196 1620 5266 τῆς
1664 5194 1813 5265 ἐγέρ-

1922 5202 1978 5249 et
1997 5193 2197 5259 lucida,
2221 5190 2639 5264 splendiscentis
2662 5188 2765 5242 diei
2790 5182 3203 5241 resurrectionis
3222 5181 3489 5237 exsistens

251 5310 395 5355 σεως
419 5287 558 5344 οὖσα
580 5288 942 5359 προάγγελος,
981 5289 1040 5339 ὲν
1151 5286 1211 5339 τὸ
1243 5283 1469 5356 ἄχρονον
1501 5282 1616 5353 φῶς
1640 5285 1705 5337 ὲκ
1728 5283 1818 5338 τάα

1925 5286 2246 5356 praenuntia,
2277 5286 2330 5338 in
2358 5298 2464 5353 qua
2494 5279 2750 5349 temporis
2770 5292 2958 5334 exsars
2985 5275 3162 5330 lumen
3189 5288 3219 5328 e
3244 5272 3488 5344 sepulcro

252 5401 360 5453 φου
391 5380 723 5453 σωματικῶς
758 5381 922 5433 πᾶσιν
953 5376 1286 5447 ἐπέλαμψεν.

1227 5394 1286 5431 ιν.
1925 5376 2275 5446 corporaliter
2301 5374 2551 5429 omnibus
2578 5368 2794 5427 effulsit.

328 5472 479 5542 Αὕτη
502 5473 536 5541 ή
572 5470 743 5541 κλητὴ
774 5470 867 5524 καὶ
889 5469 1018 5537 ἁγία
1043 5467 1246 5539 ήμέρα,
1272 5468 1307 5537 ή
1350 5467 1448 5537 μία
1474 5466 1583 5519 τῶν
1610 5464 1826 5519 Σαϐϐά-

1999 5466 2125 5521 Haac
2148 5475 2335 5521 vocata
2366 5474 2450 5520 est
2481 5472 2667 5520 sancta
2698 5462 2835 5528 dies,
2864 5475 2967 5514 una
2997 5457 3379 5522 Sabbatorum,
3408 5470 3491 5511 ιε-

257 5582 392 5630 των,
431 5565 466 5634 ἡ
509 5561 722 5633 βασιλὶς
754 5562 848 5615 καὶ
878 5559 1045 5631 κυρία
1065 5599 1081 5624 ,
1132 5557 1336 5629 ἑορτῶν
1364 5556 1525 5628 ἑορτὴ
1546 5596 1561 5622 ,
1593 5557 1688 5610 καὶ
1725 5574 1824 5610 πα‹

1929 5557 2053 5629 gina
2082 5563 2135 5611 et
2164 5556 2377 5610 domina
2411 5571 2426 5608 :
2460 5553 2865 5610 solemnitatum
2897 5548 3232 5613 solemnitas,
3263 5556 3317 5602 et
3346 5545 3490 5601 cele-

258 5655 493 5727 νήγυρίς
522 5655 641 5706 ἐστὶ
672 5650 1055 5722 πανηγύρεων,
1086 5652 1145 5704 ὲν
1242 5648 1571 5718 εὐλογοῦμεν
1596 5648 1825 5719 Χριστὸν

1931 5649 2103 5703 britas
2136 5656 2217 5701 est
2252 5645 2656 5710 celebritatunt,
2695 5644 2747 5698 in
2785 5657 2889 5716 qua
2928 5640 3296 5698 benedicimus
3332 5636 3492 5692 Chri-

262 5748 344 5810 εἰς
372 5745 503 5813 τοὺς
523 5744 743 5805 αἰῶνας.

1934 5748 2075 5795 stum
2116 5751 2206 5809 per
2238 5735 2451 5792 saecula.

569 5833 843 5893 PATROL.
891 5824 1007 5891 Gtt.
1052 5824 1268 5888 λρνι.

3118 5823 3198 5886 2'1
