3994 6350
505 364 611 427 843

1634 362 1694 422 S.
1734 360 2051 422 JOANNIS
2088 361 2517 424 DAMASCENI

3544 362 3757 426 »844

575 466 755 538 Agite,
788 479 987 523 novum
1023 463 1151 519 vilis
1188 462 1449 530 fructum,
1481 466 1720 522 divinam
1756 467 2074 523 delectatio-

2252 470 2416 524 Δεῦτε
2436 510 2453 535 ,
2487 469 2583 523 τοῦ
2622 470 2809 527 καινοῦ
2850 470 2946 543 τῆς
2975 471 3223 542 ἀμπέλου
3252 476 3612 548 γεννήματος,
3649 481 3751 552 τῆς

510 571 634 613 nem
677 558 730 612 in
771 553 967 624 insigni
1006 554 1097 608 die
1137 555 1574 621 resurrectionis,
1612 570 1835 628 regnum
1873 558 2074 614 Christi

507 649 913 718 participemns,
940 646 1224 704 laudantes
1250 646 1426 718 ipsum
1453 656 1511 703 ut
1538 645 1705 704 Deum
1733 662 1829 723 per
1855 648 2073 713 saecula.

574 849 715 905 Leva
745 850 1097 909 circumcirca
1124 850 1307 911 oculos
1337 857 1477 917 tuos,
1504 850 1657 918 Sion,
1680 860 1736 909 et
1759 852 1882 909 vide
1909 870 1924 908 :
1951 868 2078 919 ecce

506 942 651 996 enim
679 949 946 1007 venerunt
978 940 1074 997 tibi
1109 941 1289 997 divina
1324 941 1444 1007 luce
1477 943 1720 1013 praediti,
1751 942 1895 1010 velut
1928 944 2080 1001 faces

509 1033 577 1089 ab
602 1047 825 1099 occasu,
852 1041 908 1088 et
932 1032 1203 1102 aquilone,
1231 1040 1286 1089 et
1314 1033 1474 1099 mari,
1506 1042 1563 1089 et
1588 1035 1821 1103 oriente,
1846 1035 1942 1093 ﬁlii
1975 1036 2079 1102 tui,

510 1123 564 1179 in
598 1132 651 1179 te
680 1123 1058 1189 benedicentes
1083 1123 1355 1183 Christum
1386 1137 1483 1197 per
1510 1126 1732 1185 sarcula.

578 1211 740 1267 Pater
762 1211 1125 1282 omnipotens,
1157 1221 1213 1267 et
1231 1209 1491 1281 Verbum,
1519 1220 1572 1267 et
1602 1210 1860 1283 Spiritus,
1888 1228 1995 1271 una
2025 1212 2083 1266 in

514 1303 688 1358 tribus
717 1302 963 1372 personis
996 1301 1302 1359 consistens
1334 1312 1553 1366 natura,
1588 1300 1823 1357 essentia
1857 1310 1912 1357 et
1944 1301 2082 1357 divi-

515 1395 685 1450 nitate
714 1393 914 1464 major;
946 1393 1001 1448 in
1035 1401 1088 1448 te
1114 1393 1373 1463 haptizatl
1404 1406 1617 1458 sumus,
1643 1401 1699 1450 et
1730 1401 1782 1457 te
1811 1392 2084 1457 benedici-

516 1497 638 1538 mus
666 1497 879 1551 semper
905 1483 958 1541 in
988 1481 1207 1536 saecula.

583 1570 922 1635 lllnminare,
963 1569 1300 1636 illuminare,
1341 1584 1478 1643 nova
1515 1568 1816 1633 Jerusalem
1861 1587 1875 1624 :
1915 1568 2085 1640 gloria

517 1661 661 1718 enim
698 1661 909 1717 Domini
943 1660 999 1717 in
1036 1669 1090 1715 te
1122 1669 1240 1715 orta
1274 1667 1377 1713 est.
1416 1658 1564 1725 Salta
1598 1675 1741 1721 nunc
1770 1668 1823 1715 et
1853 1660 2084 1726 exsulta,

520 1750 650 1808 Sion
683 1770 697 1805 :
729 1760 785 1806 tu
812 1764 945 1806 vero
961 1759 1148 1807 sancta
1170 1749 1461 1819 delectare,
1485 1750 1735 1825 Deipara,
1771 1751 1827 1807 in
1855 1752 2087 1809 suscita-

521 1846 665 1900 tione
693 1844 768 1897 tui
802 1844 963 1899 fetus.
1326 1916 1333 1917 ί
2102 1920 2107 1923 _

589 1936 636 1993 0
672 1935 932 2005 divinam,
970 1951 1003 1990 o
1044 1932 1296 2003 amicam,
1333 1951 1366 1991 ο
1405 1936 1772 1995 dulcissimam
1814 1944 1957 1992 tuam
2001 1948 2090 1989 voc

523 2042 638 2083 cem
671 2045 685 2082 :
715 2026 991 2082 nobiscum
1023 2027 1169 2081 enim
1200 2027 1317 2089 sine
1344 2026 1625 2083 mendacio
1654 2024 1947 2096 promisisti
1979 2023 2096 2083 fore

523 2131 693 2186 nsque
723 2116 790 2172 ad
823 2115 959 2171 lines
987 2115 1193 2182 saeculi,
1221 2116 1456 2181 Christe.
1482 2129 1641 2185 quam
1676 2114 1862 2181 ﬁdeles
1891 2114 2096 2173 ancho-

524 2220 639 2260 ram
673 2204 789 2277 spei
822 2213 1067 2269 tenentes
1096 2204 1453 2271 exsullamus.
1872 2264 1891 2273 ,

594 2295 638 2349 Ο
678 2294 884 2363 Pascha
925 2309 1180 2369 magnum
1226 2304 1282 2351 et
1329 2294 1759 2357 sacratissimum
1784 2292 2020 2361 Christe,
2063 2306 2098 2347 ο

526 2379 796 2450 sapientia
817 2421 832 2445 ,
864 2390 918 2435 et
945 2380 1179 2435 Verbum
1210 2380 1337 2445 Dei,
1370 2390 1425 2435 et
1452 2383 1690 2451 potentia
1720 2399 1733 2434 :
1766 2382 1831 2441 da
1860 2382 2015 2441 nobis
2043 2390 2102 2436 ut

526 2468 838 2539 expressius
883 2477 936 2525 te
977 2471 1398 2541 participemus,
1441 2472 1494 2529 in
1542 2487 1651 2529 non
1694 2471 2099 2541 vesperascenti

529 2560 679 2630 regni
717 2560 791 2615 tui
827 2559 933 2616 die.
978 2602 985 2611 μ,

1145 2692 1487 2751 EIUSDEM

624 2805 692 2861 In
728 2807 1150 2877 Assumptionem
1188 2808 1403 2864 Domini
1439 2809 1606 2864 nostri
1637 2810 1765 2865 Iesu
1800 2808 2011 2865 Christi.

607 3011 873 3069 Salvatori
919 3012 1048 3087 Deo.
1088 3013 1178 3084 qui
1226 3014 1280 3069 in
1328 3014 1461 3069 mari
1508 3014 1758 3085 populum
1808 3015 1968 3073 siccis
2014 3030 2105 3085 pc-

2180 560 2333 625 θείας
2365 561 2708 632 εὐφροσύνης
2731 600 2748 623 ,
2781 563 2843 616 ὲν
2888 565 2955 633 τῇ
2997 563 3224 635 εὐσήμῳ
3250 566 3436 637 ἡμέρᾳ
3460 570 3561 639 τῆς
3593 571 3753 641 ἐγέρ-

2182 669 2340 716 σεως,
2365 652 2642 723 βασιλείας
2666 653 2761 706 τοῦ
2786 652 3025 723 Χριστοῦ
3054 656 3497 727 κοινωνήσωμεν,
3520 661 3753 730 ὑμνοῦν-

2180 763 2271 809 τες
2299 744 2460 798 αὐτὸν
2482 744 2558 805 ὡς
2586 745 2718 807 Θεὸν
2749 745 2830 808 εἰς
2858 746 2985 809 τοὺς
3010 746 3239 810 αἰῶνας.

2250 828 2422 903 ’Δρον
2452 831 2639 903 κύκλῳ
2667 832 2795 897 τοὺς
2825 833 3139 903 ὀφθαλμούς
3175 850 3272 889 σου
3303 834 3465 901 Σιὼν,
3497 836 3593 889 καὶ
3628 837 3707 890 ῐδε
3738 852 3753 866 ·

2186 923 2293 979 ἰδοὺ
2327 923 2435 995 γὰρ
2476 921 2647 994 ἧκασι
2676 938 2774 975 σου
2810 921 3163 991 θεοφεγγείς,
3200 921 3286 986 ὡς
3323 924 3612 993 φωστῆρες
3632 965 3647 988 .
3688 927 3757 979 ὲκ

2181 1014 2422 1085 δυσμῶν,
2482 1015 2577 1069 καὶ
2621 1013 2827 1087 βορρᾶ,
2871 1014 2968 1067 καὶ⁹
3004 1013 3318 1083 θαλάσσης,
3364 1015 3461 1069 καὶ
3493 1015 3634 1079 ὲὼας
3686 1019 3757 1072 τὰ

2183 1104 2351 1160 τέκνα
2380 1121 2500 1169 σου,
2528 1104 2587 1158 ὲν
2619 1104 2704 1161 σοὶ
2730 1102 3057 1175 εὐλογοῦντα
3086 1104 3321 1174 Χριστὸν
3355 1105 3434 1169 εἰς
3458 1105 3682 1169 αἰῶνας.

2256 1196 2441 1267 Πάτερ
2474 1195 2876 1267 παντοκράτορ,
2912 1197 3005 1249 καὶ
3033 1195 3197 1263 Δότε,
3224 1196 3320 1248 καὶ
3346 1194 3593 1266 Πνεῦμα,
3633 1212 3759 1267 τρι-

2189 1286 2273 1343 σὶν
2304 1284 2593 1356 ὲνιζομένη
2630 1285 2691 1340 ὲν
2719 1286 3051 1340 ὑποστάσεσι
3080 1284 3242 1354 φύσις
3267 1324 3283 1349 ,
3317 1283 3612 1356 ὑπερούσιε
3661 1286 3759 1338 καὶ

2188 1376 2421 1448 ὕπέρθεε
2443 1415 2458 1439 ,
2493 1376 2575 1440 είς
2606 1375 2665 1429 σὲ
2698 1375 3113 1448 βεϐαπτισμεθα
3134 1416 3151 1443 ,
3184 1377 3281 1430 καὶ
3317 1378 3378 1428 σὲ
3420 1376 3760 1447 εὐλογοῦμεν

2187 1469 2275 1529 ἀεὶ
2305 1470 2386 1532 εἰς
2408 1469 2534 1532 τοὺς
2559 1467 2783 1532 αἰῶνας.

2258 1555 2524 1620 Φωτίζου,
2561 1555 2795 1626 φωτίζον
2818 1557 2853 1627 ἡ
2881 1556 2979 1619 νέα
3014 1557 3393 1628 Ἰερουσαλήμ*
3422 1558 3457 1628 ἡ
3485 1557 3594 1629 γὰρ
3623 1558 3754 1624 δόξα

2191 1646 2399 1719 Κυρίου
2430 1648 2523 1701 ἐπὶ
2575 1647 2635 1707 σὲ
2669 1646 2934 1705 ἀνέτειλε.
2981 1648 3189 1719 Χόρευε
3233 1647 3347 1713 νῦν,
3390 1650 3485 1701 καὶ
3521 1649 3758 1717 ἀγάλλου

2191 1736 2329 1791 Σιών
2352 1755 2364 1769 ·
2399 1738 2464 1790 σὺ
2490 1738 2545 1791 δὲ
2570 1724 2715 1809 ἁγνῆ
2731 1738 2934 1809 τέρπου
2961 1738 3211 1804 Θεοτόκε,
3238 1740 3296 1790 ὲν
3323 1740 3389 1809 τῇ
3415 1739 3636 1808 ὲγέρσει
3665 1740 3759 1793 τοῦ

2121 1826 2164 1885 Β
2190 1830 2350 1891 τόκου
2376 1848 2493 1888 σου.

2260 1918 2325 1971 Ὢ
2352 1919 2523 1983 θείας,
2547 1918 2593 1975 ὢ
2624 1919 2805 1990 φίλης,
2834 1918 2880 1975 ὣ
2908 1919 3251 1992 γλυκυτάτης
3280 1938 3377 1975 σου
3406 1922 3614 1992 φωνῆς’
3640 1922 3763 1993 μεθ’

2191 2010 2347 2085 ⁴ζιμῷν
2373 2009 2618 2079 ἀψευδῶς
2640 2010 2751 2089 γὰρ
2773 2010 3086 2082 ἐπηγγείλω
3114 2012 3335 2077 ἔσεσθαι
3365 2014 3527 2083 μέχρι
3553 2015 3763 2084 τερμά-

2191 2120 2300 2169 των
2333 2102 2555 2167 αἰῶνας,
2599 2103 2805 2174 Χριστὲ
2831 2141 2847 2167 ,
2880 2103 2949 2174 ἢν
2977 2104 3027 2157 οἱ
3059 2105 3242 2158 πιστοὶ
3269 2106 3519 2176 ἄγκυραν
3547 2106 3762 2171 ἐλπίδος

2193 2194 2534 2265 κατέχοντες,
2576 2193 2947 2265 ἀγαλλόμεθα.

2232 2300 2243 2309 λ
2268 2287 2333 2340 Ὢ
2363 2286 2548 2357 πάσχα
2576 2287 2637 2347 τὸ
2675 2286 2817 2357 μέγα
2840 2327 2855 2350 ,
2885 2287 2983 2351 καὶ
3010 2287 3304 2358 ἱερώτατον
3336 2288 3560 2359 Χριστὲ,
3587 2284 3634 2345 ὧ
3670 2306 3762 2343 σο-

2196 2376 2319 2446 φία,
2360 2377 2454 2429 καὶ
2497 2376 2639 2444 Λόγε
2669 2376 2765 2429 τοῦ
2796 2376 2933 2429 Θεοῦ
2964 2418 2978 2442 ,
3012 2379 3106 2432 καὶ
3132 2379 3392 2449 δύναμιςι
3426 2379 3580 2433 Δίδου
3627 2382 3761 2451 ἡμῖν

2196 2466 2572 2538 ὲκτυπώτερόν
2604 2483 2698 2520 σου
2731 2470 3038 2540 μετασχεῖν,
3071 2469 3130 2521 ὲν
3160 2471 3226 2540 τῇ
3255 2469 3545 2541 ἀνεσπέριιι
3578 2470 3766 2541 ἡμέρᾳ

2200 2559 2297 2629 τῆς
2326 2556 2601 2628 βασιλείας
2633 2574 2748 2613 σου.

2779 2695 2923 2749 ΤΟΥ
2948 2695 3194 2749 ΑΥΤΟΥ

2274 2809 2374 2873 Εἰς
2402 2806 2515 2876 τὴν
2548 2805 2999 2945 ἀνάληψιᾘώ
3026 2804 3248 2885 Ῑςυρίου
3277 2803 3445 2875 ἡμῶν
3486 2803 3695 2875 Ἰησοῦ

2914 2891 3105 2930 ιστου.

2914 2891 2975 2929 ισ
2979 2893 3105 2930 του.

2276 3010 2366 3082 Τῷ
2389 3013 2603 3082 Σωτῆρι
2633 3010 2772 3081 Θεῷ,
2803 3009 2882 3081 τῷ
2908 3011 2966 3066 ὲν
2993 3009 3238 3082 θαλάσσῃ
3265 3008 3395 3063 λαὸν
3417 3010 3576 3063 ποσὶν
3606 3008 3777 3081 ἀϐρό-

535 3105 693 3161 dihus
735 3106 912 3173 duxit,
957 3114 1014 3161 et
1055 3103 1392 3162 Pharaonem
1423 3121 1543 3162 cum
1569 3107 1825 3163 universo
1863 3106 2098 3162 exercitu

2225 3119 2321 3172 [οις
2346 3102 2689 3173 δδηγήσαντι,
2715 3101 2810 3155 καὶ
2836 3102 3036 3172 Φαραὼ
3068 3101 3415 3173 πανστρατιᾷ
3440 3102 3776 3156 καταποντί-

536 3193 795 3251 demersit
840 3210 856 3249 :
896 3170 1003 3265 ipsi
1048 3192 1148 3259 soli
1196 3208 1489 3263 canamus,
1532 3195 1788 3266 quoniam
1835 3194 2098 3265 gloriﬁca-

2225 3170 2383 3261 iatm,
2591 3192 2739 3264 μόνῳ
2763 3170 3007 3264 ᾀσωμεν,
3032 3192 3116 3246 ὅτι
3143 3170 3477 3258 δεδόξασται.

537 3295 625 3341 IIIS
654 3294 759 3342 est.

606 3375 898 3442 Canamus,
929 3389 1119 3431 omnes
1162 3373 1381 3449 populi,
1427 3374 1479 3428 in
1530 3373 1770 3431 humeris
1817 3372 2108 3433 Cherubim

538 3466 852 3523 ascendenti
887 3482 1012 3522 cum
1044 3465 1213 3537 gloria
1245 3464 1485 3533 Christo,
1519 3474 1574 3522 et
1604 3464 1888 3521 collocanti
1921 3480 2021 3522 nos
2054 3467 2107 3522 in

540 3560 762 3615 dextera
787 3558 989 3627 Patris,
1013 3557 1257 3616 victoriae
1282 3550 1529 3627 cantum,
1559 3557 1811 3629 quoniam
1839 3556 2109 3630 gloriﬁca-

457 3635 464 3642 ’
543 3659 629 3706 tus
655 3658 758 3707 est.

610 3742 964 3799 Mediatorem
997 3741 1090 3799 Dei
1117 3752 1172 3798 et
1200 3742 1480 3799 hominum
1511 3741 1804 3808 Christum,
1833 3738 1985 3798 chori
2014 3753 2112 3793 an-

543 3832 783 3901 gelorum
821 3841 1132 3903 spectantes
1171 3848 1293 3889 cum
1333 3846 1498 3889 carne
1537 3833 1588 3886 in
1634 3832 1885 3897 excelsis,
1928 3830 2111 3885 obstu-

544 3924 855 3993 pescebant.
894 3922 1269 3981 Consonanter
1302 3932 1482 3978 autem
1521 3922 1837 3980 recinebant
1870 3922 2111 3978 victoria:

543 4023 784 4082 cantum,
814 4015 1071 4085 quoniam
1105 4013 1439 4084 gloriﬁcatus
1466 4022 1567 4069 est.

616 4103 862 4161 Potentia
896 4104 1076 4165 crucis
1107 4112 1233 4171 tua),
1267 4103 1502 4169 Christe,
1539 4103 1710 4160 solida
1747 4117 1918 4159 meam
1956 4116 2112 4157 men-

512 4200 517 4223 τ
549 4206 677 4263 tem,
704 4196 771 4251 ad
799 4196 1097 4252 canendum
1126 4206 1182 4250 et
1207 4194 1616 4265 glorificandum
1651 4204 1794 4250 tuam
1822 4192 2113 4251 salutarem

549 4289 943 4345 ascensionem.

615 4377 782 4449 687
820 4376 1052 4432 Ordines
1080 4374 1414 4447 angelorum,
1441 4374 1672 4442 Christe,
1704 4375 1983 4431 mortalem
2017 4390 2116 4430 na-

2278 3374 2533 3445 ’ᾼσωμεν
2585 3374 2788 3438 πάντες
2844 3372 2966 3427 λαοὶ
3013 3372 3091 3443 τῷ
3143 3374 3236 3427 ἐπὶ
3279 3372 3447 3444 ὤμων
3488 3374 3778 3446 Χερουϐὶμ

2210 3463 2570 3535 άναληφθέντι
2611 3463 2749 3535 μετά
2791 3463 2950 3534 δόξης
2977 3462 3217 3535 Χριστῷ,
3248 3464 3345 3517 καὶ
3376 3464 3775 3531 συγκαθίσαντι

2208 3556 2355 3629 ἡμᾶς
2385 3557 2444 3611 ὲν
2478 3556 2634 3627 δεξιᾷ
2656 3554 2751 3611 τοῦ
2785 3556 3001 3627 Πατρὸς
3022 3598 3036 3622 ,
3064 3554 3208 3626 ᾠδὴν
3244 3555 3532 3622 ἐπινίκιον,
3571 3556 3655 3608 ὅτι
3688 3555 3779 3610 δε-

2209 3643 2487 3711 δόξασται.

2279 3734 2384 3789 Τὸν
2420 3733 2647 3805 μεσίτην
2678 3730 2815 3789 Θεοῦ
2857 3731 2950 3787 καὶ
2987 3730 3291 3801 ἀνθρώπων
3334 3733 3587 3805 Χριστὸν,
3628 3737 3784 3807 χοροὶ

2209 3826 2453 3895 ἀγγέλων
2493 3824 2819 3895 θεασάμενοι
2856 3823 2997 3894 μετά
3029 3823 3229 3894 σαρκὸς
3254 3824 3313 3875 ὲν
3357 3823 3634 3893 ὑψίστοις,
3664 3820 3785 3891 ἐξε-

2210 3918 2527 3989 πλήττοντο·
2563 3914 2869 3991 συμφώνως
2896 3914 2954 3971 δὲ
2971 3913 3275 3984 ἀνέμελπον
3299 3913 3468 3984 ὕμνον
3486 3916 3780 3980 ἐπινίκιον,

2211 4008 2293 4067 ὅτι
2319 4004 2649 4070 δεδόξασται.

2282 4098 2522 4165 Δυνάμει
2569 4095 2679 4165 τοῦ,
2726 4092 2961 4168 σταυροῦ
3009 4111 3136 4160 σου,
3180 4094 3423 4166 Χριστὲ,
3474 4096 3785 4166 στερέωσόν

2216 4208 2316 4261 μου
2346 4189 2445 4261 τὴν
2474 4188 2738 4256 διάνοιαν,
2763 4189 2843 4251 εἰς
2859 4186 2922 4242 τὺ
2951 4188 3139 4259 ὑμνεῖν
3170 4188 3266 4243 καὶ
3287 4186 3535 4253 δοξάζειν
3565 4204 3662 4242 σου
3685 4190 3784 4251 τὴν

2214 4281 2482 4355 σωτήριον
2520 4279 2809 4352 ἀνάληψιν.

2284 4374 2348 4426 Ai
2388 4372 2571 4442 τάξεις
2613 4372 2723 4427 τῶν
2760 4370 3027 4440 ἀγγέλων,
3071 4372 3294 4451 Χριστὲ,
3332 4372 3577 4444 βροτείαν
3623 4371 3787 4441 φύσιν

552 4478 725 4521 turam
749 4475 1072 4536 spectantes,
1096 4480 1199 4520 una
1223 4466 1599 4521 ascendentem
1627 4476 1822 4535 tecum,
1842 4467 2098 4523 incessan-

2225 4465 2546 4537 θεασάμεναι
2601 4462 2954 4531 συνανιοῢσάν
3003 4480 3084 4525 σοι
3132 4463 3426 4528 ἀπαύστως
3481 4462 3787 4536 ἐκπληττό-

552 4567 636 4612 ter
659 4556 977 4621 admirando
1005 4556 1398 4628 gloriﬁcabant.

620 4646 1202 4714 Exaudivi,'Domine,
1244 4647 1573 4705 auditionem
1620 4650 1870 4719 potentiae
1914 4649 2114 4715 crucis,

551 4738 695 4808 quod
731 4737 1011 4808 paradisus
1045 4747 1265 4809 apertus
1302 4737 1373 4793 sit
1400 4751 1497 4808 per
1531 4738 1724 4809 ipsam,
1755 4748 1809 4794 et
1835 4738 2059 4794 clamavi
2100 4757 2114 4791 :

553 4827 737 4885 Gloria
767 4829 1021 4899 potentiae
1053 4838 1178 4895 tuae,
1211 4829 1455 4887 Domine.

622 4920 948 4990 Assumptus
974 4935 1033 4976 es
1062 4921 1115 4975 in
1147 4920 1339 4999 gloria,
1370 4921 1681 4993 angelorum
1714 4937 1830 4991 rex,
1861 4921 1927 4983 ad
1958 4918 2118 4979 Para-

552 5011 750 5067 cletum
781 5010 936 5065 nobis
961 5023 990 5063 a
1016 5008 1175 5066 Patre
1198 5010 1541 5081 mittendum,
1565 5019 1623 5071 ut
1644 5016 1936 5079 clamemus
1961 5030 1974 5067 :
1996 5011 2122 5071 Glow

555 5105 633 5160 ria
666 5102 919 5173 potentia:
955 5111 1082 5169 tute,
1117 5102 1363 5173 Domine.

624 5196 698 5254 Ut
721 5198 963 5255 ascendit
987 5195 1238 5253 Salvator
1260 5199 1327 5253 ad
1354 5196 1566 5254 Patrem
1593 5210 1714 5251 cum
1742 5209 1926 5262 carne,
1952 5196 2120 5252 admi-

556 5289 657 5343 rati
688 5297 813 5345 sunt
840 5289 1013 5360 ipsum
1037 5287 1348 5365 angelorum
1371 5287 1663 5351 exercitus,
1691 5293 1745 5342 et
1773 5285 2075 5345 clamarunt
2103 5307 2116 5342 :

559 5380 737 5457 Gloria
782 5383 1034 5451 potentia:
1071 5381 1475 5446 tuae,.Domine.

630 5473 889 5544 Supernae
955 5482 1252 5543 potestates
1313 5471 1684 5541 superioribus
1749 5471 2057 5535 clamabant
2105 5490 2119 5528 :

557 5563 750 5621 Portas
783 5565 1011 5621 attollite
1042 5567 1259 5623 Christo
1293 5572 1477 5619 nostro
1512 5564 1652 5636 regi,
1689 5580 1847 5637 quem
1883 5566 2123 5623 concini-

563 5673 682 5713 mns
711 5671 816 5709 una
845 5672 964 5712 cum
992 5658 1153 5715 Patre
1179 5669 1233 5715 et
1260 5656 1483 5728 Spiritu.

640 5746 929 5818 Vigilantes
967 5751 1033 5807 de
1054 5751 1193 5820 luce,
1214 5752 1511 5811 clamamus
1539 5750 1656 5822 tibi,
1687 5750 1935 5821 Domine,
1967 5749 2131 5807 Salva

2219 4573 2396 4628 μεναι,
2431 4556 2693 4624 ἐδόξαζον.

2285 4650 2619 4721 Είσακήκοα,
2652 4649 2845 4719 Κύριε,
2873 4648 2973 4720 τὴν
3002 4648 3169 4722 ἀκοὴν
3192 4649 3291 4718 τῆς
3330 4646 3650 4710 δυναστείας
3688 4648 3788 4702 τοῦ

2219 4740 2485 4814 σταυροῦ,
2547 4740 2622 4804 ὡς
2680 4740 3007 4812 παράδεισος
3063 4739 3270 4809 ἡνοίγει
3324 4738 3395 4795 δι’
3434 4737 3631 4805 αὐτοῦ,
3692 4742 3791 4795 καὶ

2218 4830 2439 4902 ἐϐόησαν
2462 4829 2597 4897 Δόξα
2616 4832 2685 4902 τῇ
2714 4830 2937 4907 δυνάμει
2967 4846 3085 4896 σου,
3119 4828 3313 4901 Κύριε.

2300 4922 2634 4995 ’Λνελήφθης
2669 4922 2727 4976 ὲν
2753 4921 2878 4992 δόξῃ
2905 4923 2937 4983 ό
2958 4921 3066 4981 τῶν
3107 4919 3359 4988 ἀγγέλων
3391 4919 3668 4993 βασιλεὺς,
3697 4920 3794 4973 τὸν

2220 5012 2573 5084 Παράιιλητον
2618 5014 2749 5083 ἡμῖν
2789 5013 2854 5064 ὲκ
2905 5010 2999 5066 τοῦ
3044 5010 3259 5080 Πατρδς
3305 5008 3649 5073 amarentet,
3706 5009 3794 5065 ἵνα

2222 5105 2453 5178 βοῶμενο
2483 5103 2620 5170 Δόξα
2647 5106 2714 5176 τῇ
2747 5102 2972 5173 δυνάμει
3008 5118 3122 5167 σου,
3153 5100 3347 5172 Κύριε.

2302 5197 2390 5262 Ὧς
2410 5195 2638 5269 ἀνῆλθεν
2666 5184 2912 5266 όΣωτὴρ
2938 5192 3073 5264 πρὸς
3103 5194 3194 5255 τὸν
3223 5192 3442 5264 Πατέρα
3470 5191 3570 5249 σὺν
3603 5193 3796 5262 σαρκὶ,

2222 5288 2646 5359 κατεπλάγησαν
2672 5285 2833 5340 αὐτὸν
2877 5287 2933 5340 αἱ
2964 5286 3073 5345 τῶν
3120 5283 3366 5353 ἀγγέλων
3395 5281 3667 5354 στρατιαὶ,
3702 5283 3801 5337 καὶ
3914 5298 3931 5315 υ

2221 5382 2475 5453 ἐϐόησαν,
2504 5378 2641 5446 Δόξα
2666 5380 2731 5449 τῇ
2764 5377 2991 5447 δυνάμει
3016 5393 3132 5441 σου,
3158 5374 3349 5445 Κύριε.

2289 5473 2359 5527 Ai.
2389 5471 2495 5527 τῶν
2524 5471 2637 5526 ἄνω
2669 5469 2947 5539 δυνάμεις,
2976 5470 3099 5531 ταῖς
3134 5466 3434 5537 ἀνωτέραις
3463 5464 3655 5517 ἐϐόων·
3681 5464 3800 5518 Πύρ

2224 5563 2320 5627 λας
2352 5562 2519 5634 ἄρατε
2543 5559 2763 5632 Χριστῷ
2789 5559 2867 5629 τῷ
2892 5558 3143 5629 ἡμετέρῳ
3177 5556 3408 5627 βασιλεῖ,
3433 5555 3493 5611 ὃν
3523 5554 3805 5626 ἀνυμνοῦε

2231 5672 2327 5727 μεν
2355 5654 2470 5724 ἅμα
2492 5653 2569 5724 τῷ
2601 5650 2793 5723 Πατρὶ,
2819 5648 2912 5705 καὶ
2934 5647 3009 5721 τῷ
3033 5647 3332 5718 Πνεύματι.

2298 5746 2668 5818 ὀρθρίζοντες
2729 5741 2939 5815 βοῶμέν
2988 5758 3070 5796 σοι
3116 5739 3331 5819 Κύριεῖ
3380 5738 3566 5797 mm
3614 5738 3803 5811 ἡμᾶς’
