3968 6348
252 358 367 422 8»ίό

1712 360 2076 423 CARMINA.

262 471 330 526 σὺ
374 467 483 539 γὰρ
508 460 573 535 ,εἴ
616 465 748 529 Θεὸς
789 464 963 538 ἡμῶν,
1006 465 1160 531 ἐκτός
1215 482 1307 521 σου
1356 468 1513 522 ἄλλον
1558 470 1656 522 οὐκ
1697 471 1827 524 οῖδα-

1971 486 2042 525 ιοε
2081 489 2093 524 :
2134 480 2187 523 tu
2223 471 2369 524 enim
2409 485 2466 525 es
2506 470 2644 526 Deus
2682 481 2898 539 noster;
2933 482 3085 529 extra
3121 483 3173 531 te
3208 475 3370 533 alium
3405 495 3515 536 non

258 574 386 628 μεν.
502 634 505 635 ν

221 706 230 751 i
336 693 641 767 Πληρὼσας
693 691 1034 765 εὐφροσύνης
1092 692 1162 747 τὰ
1219 676 1510 766 σύμπαντα
1563 695 1835 768 ἐλεήμων,

256 787 384 849 ταῖς
406 785 520 840 ἀνω
536 784 804 857 δυνάμεσι
842 783 983 857 μετά
1002 785 1204 857 σαρκὸς
1231 786 1605 859 ἐπεδήμησας.

223 887 230 895 ’
345 898 621 969 Ἀγγέλων
659 899 717 952 αἱ
747 898 1007 970 δυνάμεις
1049 900 1340 973 αἱρόμενόν
1382 918 1442 953 σε
1471 900 1705 968 ἰδοῦσαι,
1740 903 1836 968 τὰς

257 992 842 1064 πύλας.ξὲκραόγαξον.
867 994 961 1064 Τῷ
987 992 1197 1064 βασιλεῖ
1218 993 1374 1065 ημῶν
1397 993 1588 1066 ἄρατε.
1652 1048 1661 1065 χ

342 1106 652 1160 Ἐκὺκλωσέ
704 1124 771 1180 με
796 1106 1058 1173 ἄϐυσσος,
1098 1108 1243 1179 ταφή
1280 1125 1371 1179 μοι
1416 1108 1478 1163 τὸ
1514 1109 1680 1180 κῆτος
1710 1110 1835 1179 ἐγέ-

257 1216 402 1264 νετο,
432 1197 543 1267 ἐγὼ
572 1196 631 1251 δὲ
666 1198 870 1269 ἐϐόησα
916 1199 1055 1269 πρός
1092 1216 1153 1252 σε
1188 1199 1278 1253 τὸν
1309 1198 1713 1271 φιλάνθρωπον,
1743 1201 1837 1255 καὶ

257 1288 432 1343 ἔσωσέ
462 1306 529 1360 με
561 1290 593 1358 ἠ
625 1287 775 1353 δεξιά
802 1305 917 1355 σου,
951 1289 1146 1359 Κύριε.

343 1402 703 1475 Ἑσκίρτησαν
740 1401 1050 1469 ἀπόστολοι,
1106 1404 1343 1476 ὁρῶντες
1396 1405 1688 1477 μετάρσιον
1733 1406 1834 1478 ση-

260 1512 430 1567 μερον
462 1496 553 1549 τὸν
581 1495 817 1566 κτίστην
833 1496 1152 1567 φερόμενον,
1188 1497 1364 1553 ὲλπὶδι
1402 1496 1497 1551 τοῦ
1526 1497 1834 1569 πνεύματος

256 1578 358 1644 καὶ
392 1588 543 1661 φόόῳ
576 1588 833 1661 ἔκραζον
869 1587 1007 1654 Δόξα
1024 1591 1094 1663 τῇ
1124 1588 1295 1659 ἀνόδῳ
1331 1606 1446 1643 σου.

344 1701 684 1770 Ἐπέστησαν
710 1701 759 1754 οἱ
788 1700 1015 1771 ἄγγελοι
1043 1699 1298 1771 βοῶντες,
1330 1700 1557 1774 Χριστὲ,
1589 1706 1702 1769 τοῖς
1731 1721 1833 1776 μα-

1940 562 2208 617 novimus.

2008 696 2241 768 lmpleus
2270 699 2453 755 laetitia
2486 700 2733 757 universa
2766 702 3103 769 misericors,
3132 706 3380 775 supernis
3412 722 3511 778 po»

1940 790 2123 845 tentiis
2155 805 2276 846 cum
2311 806 2475 847 carne
2507 792 2881 863 peregrinatus
2910 809 2989 850 es.

2006 904 2331 975 Angelorum
2355 908 2607 975 potentiae
2635 907 2902 963 sublatum
2939 917 2988 965 te
3014 910 3257 967 videntes
3275 952 3291 979 ,
3320 912 3512 972 Portas

1938 994 2286 1067 (clamabant)
2318 995 2449 1068 Regi
2478 1007 2661 1053 nostro
2690 998 2941 1054 attollite.

2005 1106 2270 1163 Circuivit
2301 1122 2389 1164 me
2422 1108 2680 1180 abyssus,
2715 1111 2986 1182 sepultura
3022 1114 3154 1168 milii
3187 1126 3306 1171 cete
3336 1120 3512 1175 exsti~

1938 1197 2001 1252 tit
2023 1211 2040 1251 :
2062 1212 2163 1269 ego
2190 1209 2369 1255 autem
2397 1200 2622 1256 clamavi
2650 1203 2717 1258 ad
2747 1212 2796 1257 te
2821 1203 3293 1275 benignissimum,
3318 1219 3371 1267 et
3396 1225 3514 1267 ser-

1937 1288 2083 1349 vavit
2112 1302 2199 1343 me
2225 1289 2450 1346 dextera
2484 1300 2597 1357 tua,
2628 1290 2875 1349 Domine.

2006 1400 2285 1458 Saltarunt
2310 1396 2560 1475 apostoli,
2587 1405 2833 1461 videntes
2859 1408 3143 1465 sublimem
3173 1412 3331 1468 hodie
3352 1427 3507 1469 crea-
3566 1438 3569 1439 ν

1936 1497 2105 1543 torem
2149 1489 2320 1546 latum
2368 1510 2382 1546 :
2430 1508 2528 1563 spe
2569 1494 2792 1563 spiritus
2836 1504 2891 1551 et
2932 1498 3127 1555 timore
3163 1502 3504 1571 clamabant,

1934 1580 2115 1638 Gloria
2148 1586 2456 1640 ascensioni
2489 1596 2615 1644 tuae.

2004 1695 2308 1752 Astiterunt
2348 1697 2544 1769 angeli,
2588 1699 2910 1767 clamantes,
2952 1704 3191 1772 Christe,
3231 1707 3511 1779 discipulis

254 1796 451 1866 θηταῖς
475 1811 588 1847 σου·
602 1796 697 1848 Ὃν
716 1795 915 1864 τρόπον
936 1793 1180 1848 κατιδετε
1193 1795 1424 1866 Χριστὸν
1436 1796 1827 1868 ἀνυψούμενον,

1971 1784 2042 1840 iis
2074 1799 2089 1839 :
2123 1785 2582 1852 Quemadmodum
2607 1792 2895 1859 spectastis
2914 1793 3189 1851 Christum
3218 1797 3507 1867 clevatum,

250 1888 403 1943 οὕτω
434 1887 599 1957 σαρκὶ
622 1885 898 1940 ἐλεύσεται
920 1885 1129 1951 δίκαιος
1161 1889 1189 1941 6
1218 1890 1436 1942 πάντων
1469 1889 1686 1963 κριτής.

342 2000 430 2062 Ὠς
457 1994 597 2053 εἶδόν
613 2015 694 2063 σε,
722 1998 912 2069 Σωτὴρ
931 1999 1110 2069 ἡμῶν,
1142 2000 1199 2053 αἱ
1225 2000 1553 2072 ἀνωδυνάμε
1563 2019 1609 2066 ις
1631 2004 1688 2057 ὲν
1708 2002 1831 2074 ῠψὶο

256 2107 406 2155 στοις
448 2090 733 2160 αἰρόμενον
794 2088 1103 2160 σύσσωμον,
1150 2092 1210 2144 ὲν
1259 2091 1410 2163 φόϐῳ
1459 2092 1827 2164 ἐκραύγαζον·

255 2182 508 2253 Μεγάλη,
532 2181 796 2247 Δέσποτα,
823 2182 856 2251 ἡ
880 2181 1263 2252 φιλανθρωπία
1294 2200 1410 2238 σου.

340 2295 401 2350 Ὀ
423 2296 483 2348 ὲν
514 2293 729 2366 καμίνῳ
759 2293 933 2366 πυρὸς
957 2294 1083 2358 τοὺς
1112 2295 1446 2371 ὐμνολόγους
1482 2297 1663 2363 σώσας
1697 2301 1827 2353 παῖ-

256 2387 374 2452 δας·
408 2386 707 2459 Εὐλογητὸς
732 2387 760 2440 ό
784 2386 916 2450 Θεὸς
936 2387 964 2440 ό
988 2386 1097 2439 τῶν
1129 2388 1380 2458 πατέρων
1400 2389 1580 2460 ἡμῶν.

342 2498 465 2552 ἐπὶ
492 2498 600 2552 τῶν
650 2498 835 2569 ὤμων,
884 2497 1107 2568 Χριστὲ,
1139 2498 1239 2569 τὴν
1272 2499 1639 2572 πλανηθεῖσαν
1690 2502 1828 2573 ἄρας

255 2586 445 2658 φύσιν,
466 2587 796 2659 ἀναληφθεὶς
821 2585 898 2661 τῷ
918 2585 1037 2656 Θεῷ
1064 2587 1158 2640 καὶ
1180 2587 1356 2659 Πατρὶ
1383 2590 1755 2661 προσήγαγες.

342 2704 401 2759 '0
453 2705 511 2757 ὲν
537 2704 735 2775 νεφέλῃ
769 2703 944 2772 φωτὸς
976 2703 1328 2775 ἀναληφθεὶς.
1376 2705 1473 2758 καὶ
1520 2703 1699 2770 σώσας
1729 2707 1822 2761 κόο

256 2811 421 2867 σμον”
448 2794 748 2865 Εὐλογητὸς
771 2796 801 2848 ό
825 2793 955 2857 Θεὸς
979 2794 1007 2846 ό
1036 2792 1146 2848 τῶν
1171 2793 1421 2866 πατέρων
1449 2793 1632 2865 ἡμῶν.

343 2910 401 2963 '0
440 2907 675 2964 ἀνελθὼν
716 2882 823 2961 ἀπὸ
848 2908 951 2977 γῆς
980 2906 1117 2978 πρὸς
1147 2906 1237 2961 τὸν
1270 2906 1560 2978 ἀσώματον
1584 2908 1823 2980 Πατέρα·

254 3000 562 3071 Εὐλογητὸς
589 3001 618 3053 ό
645 3000 774 3063 Θεὸς
794 3000 822 3052 ὁ
848 2999 957 3052 τῶν
985 2999 1236 3071 πατέρων
1262 2999 1443 3070 ἡμῶν.

333 3116 437 3169 Τὸν
482 3116 546 3168 ὲκ
579 3114 792 3183 Πατρὸς
822 3113 927 3183 πρὸ
968 3112 1183 3167 αἰώνων
1219 3111 1549 3182 γεννηθέντα
1579 3110 1707 3171 Υἱὸν
1734 3113 1828 3166 καὶ

254 3209 416 3273 Θεὸν,
449 3209 543 3264 καὶ
572 3208 659 3261 ἐπ’
704 3207 947 3279 ἐσχάτων
972 3207 1081 3260 τῶν
1105 3208 1314 3278 χρόνων
1344 3207 1719 3279 σαρκιοθέντα,
1761 3210 1825 3261 ὲκ

255 3300 539 3373 Παρθένου
588 3299 792 3370 μητρὸς
821 3301 982 3371 ἱερεῖς
1014 3301 1255 3370 ὑμνεῖτε*
1288 3298 1455 3363 Λαὸς,
1482 3299 1823 3371 ὑπεροψοῦτε

256 3395 343 3457 εἱς
372 3392 579 3455 πεντας
611 3393 737 3455 τοὺς
767 3391 988 3456 αἰῶνας.

333 3506 436 3561 Τὸν
456 3507 514 3559 ὲν
538 3504 654 3559 δυσὶ
681 3506 799 3569 ταῖς
825 3505 1030 3570 οὐσίαις
1051 3505 1364 3560 ἀναπτάντα
1401 3506 1669 3579 ζωοδότην
1693 3508 1826 3579 Χρι-

259 3597 388 3655 στὸν
416 3598 497 3661 εἱς
532 3596 795 3668 οὐρανοὺς
831 3594 968 3667 μετὰ
1002 3596 1183 3669 δόξης,
1220 3598 1312 3653 καὶ
1348 3599 1522 3672 Πατρὶ
1564 3601 1828 3669 συγκαθε-

258 3690 507 3761 ζόμενον,
532 3690 695 3759 ἱερεῖς
709 3689 948 3758 ὑμνεῖτε*
967 3688 1131 3755 Λαὸς,
1156 3689 1495 3762 ὕπερυψοῦτε
1518 3693 1597 3758 εἱς
1620 3692 1828 3757 πάντας

257 3781 392 3844 τοὺς
418 3778 639 3844 αἰῶνας.

331 3897 438 3952 Τὸν
462 3896 527 3951 ἑκ
547 3896 789 3962 δουλείας
820 3895 918 3970 τὴν
949 3898 1126 3953 κτίσιν
1160 3898 1268 3953 τῶν
1293 3898 1525 3953 εἰδώλων
1550 3897 1830 3970 λυτρωσάο

264 4007 448 4061 μενον,
476 3990 569 4045 καὶ
608 3991 1037 4062 παραστήσαντα
1065 3990 1269 4062 ταύτην
1292 3991 1584 4062 ἐλευθέραν
1605 3991 1683 4062 τῷ
1716 3991 1830 4062 ἱδίῳ

260 4082 470 4153 Πατρὶ,
503 4083 669 4153 ἱερεῖς
694 4083 934 4154 ὑμνεῖτε
964 4083 1128 4148 Λαὸς,
1155 4083 1494 4154 ὑπερυψοῦτε
1524 4083 1603 4148 εἱς
1624 4083 1830 4148 πάντας

255 4173 391 4235 τοὺς
416 4171 637 4236 αἰῶνας.

333 4285 439 4338 Τὸν
457 4288 523 4358 τῇ
561 4285 727 4341 αὐτοῦ
761 4285 1063 4342 καταδάσει
1092 4284 1390 4341 καθελόντα
1412 4283 1504 4339 τὸν
1538 4283 1831 4343 ἀντίπαλον

258 4376 360 4430 καὶ
384 4378 451 4446 τῇ
494 4375 659 4431 αὑτοῦ
694 4376 958 4435 ἀναϐάσει
996 4376 1352 4445 ἀνυψιῖηαντα
1389 4376 1485 4433 τὸν
1519 4375 1827 4447 ἄνθρωπον,

1930 1875 2008 1931 sic
2034 1890 2201 1934 carne
2227 1877 2406 1934 veniet
2433 1879 2615 1950 justus
2644 1882 2885 1939 omnium
2912 1884 3099 1955 judex.

2000 1989 2074 2048 Ut
2106 1991 2362 2048 viderunt
2397 2002 2481 2060 te,
2514 1994 2765 2053 Salvator
2794 2010 3001 2069 noster,
3035 2016 3285 2074 supernae
3319 2014 3511 2075 poten-

1929 2078 2018 2135 tias
2057 2079 2111 2135 in
2154 2080 2384 2138 excelsis
2436 2084 2707 2141 sublatum
2734 2101 2857 2143 cum
2897 2104 3161 2163 corpore,
3224 2096 3279 2151 in
3318 2098 3515 2154 timore

1924 2168 2234 2227 clamabant
2263 2188 2278 2225 :
2308 2170 2530 2243 Magna,
2568 2172 2816 2244 Domine,
2850 2178 3156 2250 benignitas
3188 2191 3300 2238 tua.

1940 2311 1947 2318 ι
1996 2280 2099 2348 Qui
2132 2281 2186 2337 in
2221 2279 2439 2340 fornace
2472 2282 2613 2355 ignis
2644 2294 2956 2343 cantatores
2987 2291 3223 2348 servavit
3252 2307 3448 2363 pueros
3478 2315 3491 2349 :

1928 2373 2249 2433 Benedictus
2278 2374 2422 2433 Deus
2450 2384 2662 2447 patrum
2694 2388 3024 2439 nostrorum.

1996 2488 2055 2544 In
2089 2487 2363 2554 humeris,
2397 2488 2646 2557 Christe,
2677 2503 2953 2550 errantem
2986 2497 3182 2554 tollens
3225 2508 3504 2571 naturam,

1928 2588 2238 2649 assumptus
2281 2594 2520 2647 sursum,
2553 2582 2661 2649 Deo
2690 2592 2746 2639 et
2775 2585 2921 2642 Patri
2955 2588 3247 2647 adduxisti.

1995 2692 2098 2761 Qui
2132 2693 2187 2749 in
2224 2694 2418 2751 nebula
2459 2694 2677 2753 luminis
2715 2712 2775 2754 es
2824 2711 3166 2773 assumptus,
3205 2713 3259 2761 et
3291 2707 3511 2766 salvasti

1929 2785 2192 2840 mundum
2225 2805 2238 2842 :
2272 2783 2597 2844 Benedictus
2626 2789 2767 2845 Deus
2795 2800 3007 2861 patrum
3037 2803 3365 2852 nostrorum.

1998 2900 2099 2967 Qui
2145 2901 2440 2957 ascendisti
2476 2917 2507 2958 e
2540 2911 2682 2958 terra
2712 2903 2779 2959 ad
2824 2903 3201 2977 incorporeum
3242 2909 3457 2971 Patrem
3488 2930 3504 2971 :

1931 2989 2255 3050 Benedictus
2287 2993 2431 3051 Deus
2468 3003 2680 3065 patrum
2716 3004 3056 3054 nostrorum.

2000 3106 2081 3163 Ex
2111 3105 2274 3165 Patre
2304 3117 2430 3165 ante
2459 3108 2656 3167 saecula
2686 3110 3102 3169 natum'Filium
3134 3123 3188 3170 et
3223 3116 3421 3185 Deum,
3453 3128 3509 3177 et

1932 3196 1988 3251 in
2012 3196 2219 3254 ultimis
2244 3200 2581 3269 temporibus
2608 3201 2955 3258 incarnatum
2982 3215 3049 3256 ex
3070 3202 3288 3275 Virgine
3314 3219 3505 3275 matre,

1931 3288 2259 3355 sacerdotes,
2295 3291 2481 3350 canite
2514 3309 2529 3349 :
2566 3292 2739 3363 plebs,
2762 3292 3170 3363 superesaltate
3201 3313 3299 3367 per
3328 3304 3508 3358 omnia

1933 3378 2152 3436 mula.
2296 3388 2311 3399 “

2003 3492 2059 3549 ln
2084 3495 2289 3552 duabus
2310 3498 2626 3556 substantiis
2647 3501 2912 3560 volantem
2940 3502 3063 3560 vita)
3087 3504 3329 3560 datorem
3352 3503 3510 3560 Chri-

1935 3592 2077 3640 stum
2111 3586 2163 3641 in
2198 3589 2364 3645 ccelos
2396 3606 2519 3646 cum
2554 3591 2727 3663 gloria
2759 3605 2816 3651 et
2850 3610 2972 3652 eum
3006 3595 3172 3653 Patre
3204 3597 3505 3658 sedentem.

1934 3676 2263 3743 sacerdotes,
2296 3678 2534 3749 laudate;
2565 3682 2737 3752 plebs,
2782 3685 3177 3754 superexaltate
3204 3699 3301 3756 per
3324 3686 3506 3742 omnia

1934 3767 2147 3823 saecula.

2004 3880 2107 3948 Qui
2136 3895 2167 3939 a
2196 3884 2455 3938 servitute
2488 3884 2749 3945 idolorum
2778 3896 3079 3944 creaturam
3108 3888 3301 3953 salvat,
3331 3897 3385 3941 et
3413 3902 3508 3957 po-

1936 3969 2016 4025 nit
2042 3970 2213 4040 ipsam
2244 3971 2466 4027 liberam
2498 3974 2641 4043 apud
2668 3977 2941 4045 proprium
2973 3976 3219 4043 Patrem,
3252 3978 3396 4031 hunc
3423 3991 3502 4031 sa-

1936 4063 2180 4118 cerdotes
2202 4061 2433 4129 laudate,
2462 4063 2637 4134 plebs,
2652 4066 3048 4135 superexaltate
3076 4082 3173 4137 per
3196 4067 3377 4122 omnia
3409 4083 3508 4122 saec

1936 4156 2078 4215 cula.

2007 4269 2119 4329 Sua
2159 4272 2328 4342 ipsius
2365 4271 2716 4329 descensione
2757 4272 2848 4342 qui
2888 4271 3069 4327 obruit
3106 4272 3419 4338 inimicum,
3456 4285 3511 4328 ct

1935 4364 2105 4438 688
2135 4379 2232 4421 sua
2260 4364 2426 4437 ipsius
2454 4366 2772 4423 ascensione
2800 4365 2890 4436 qui
2921 4364 3181 4423 exaltavit
3210 4367 3507 4431 hominem,

260 4468 452 4539 ἱερεῖς,
477 4466 721 4539 ὑμνεῖτεο
746 4468 911 4535 Λαὸς,
964 4466 1304 4539 ὑπερνψοῦτε
1348 4469 1428 4531 εἱς
1472 4466 1680 4530 πάντας
1700 4468 1827 4532 τοὺς

1979 4473 2101 4523 unc,
2130 4458 2442 4514 sacerdotes
2461 4499 2477 4526 ,
2505 4456 2751 4529 laudate;
2784 4458 2957 4527 plebs,
2990 4459 3388 4531 superexaltate
3415 4475 3510 4531 per

254 4553 485 4619 αἰῶνας.

332 4667 403 4720 Σὲ
426 4668 529 4739 τὴν
571 4668 711 4739 ὑπὲρ
736 4667 859 4722 νοῦν
883 4669 979 4723 καὶ
1006 4666 1161 4737 λόγον
1183 4667 1413 4739 Μητέρα
1441 4670 1599 4737 Θεοῦ,
1635 4670 1739 4741 τὴν
1772 4672 1833 4723 ἐν

254 4759 442 4833 χρόνῳ
472 4760 565 4815 τὸν
610 4760 837 4832 ἄχρονον
876 4759 1172 4831 ἀφράστως
1218 4760 1522 4830 κυήσασαν,
1561 4762 1609 4815 οἱ
1651 4760 1833 4814 πιστοὶ

253 4872 581 4946 ὀμοφρόνως
609 4870 1009 4944 μεγαλύνομεν.

331 4984 401 5039 Σὲ
429 4984 521 5039 τὸν
546 4985 823 5056 λυτρωτὴν
860 4984 954 5039 τοῦ
986 4985 1191 5056 κόσμου
1221 4986 1453 5059 Χριστὸν
1492 4987 1584 5039 τὸν
1609 4986 1739 5040 Θεὸν
1779 4990 1827 5042 οἱ

250 5073 547 5130 ἀπόστολοι
587 5073 875 5145 βλέποντες
903 5074 1101 5140 ὲνθέως
1132 5074 1454 5148 ὑψοΰμενον,
1493 5075 1629 5147 μετᾶ
1680 5075 1831 5140 δέους

257 5165 612 5237 σκιρτῶντες,
642 5166 1037 5239 μεγαλύνομεν.

329 5278 401 5332 Σὲ
433 5278 527 5334 τὸν
562 5280 877 5336 καταϐάντα
904 5281 1009 5346 ἕως
1041 5282 1269 5353 ἐσχάτου
1302 5282 1401 5353 τῆς
1434 5282 1558 5353 γῆς,
1600 5281 1696 5335 καὶ
1738 5281 1833 5337 τὸν

256 5369 549 5441 ἄνθρωπον
596 5371 870 5437 σώσαντα,
922 5374 1017 5427 καὶ
1053 5377 1119 5445 τῇ
1162 5374 1425 5429 ἀναϐάσει
1473 5391 1568 5428 σου
1613 5373 1832 5444 ἀνυψώ-

258 5477 432 5516 σαντα
457 5461 647 5516 τοῦτον
670 5463 1064 5534 μεγαλύνομεν.

330 5575 535 5648 Χαῖρε,
556 5577 808 5643 Θεοτόκε,
839 5579 1012 5650 μῆτερ
1041 5578 1279 5652 Χριστοῦ
1312 5578 1405 5633 τοῦ
1427 5578 1592 5633 Θεοῦο
1633 5579 1694 5633 ὃν
1721 5578 1830 5650 γὰρ

258 5664 502 5737 ἐκύησας
541 5669 780 5739 σήμερον
807 5672 870 5724 ἐκ
898 5672 999 5744 γῆς
1027 5672 1413 5744 ἀνιπτάμενον,
1449 5672 1545 5726 σὺν
1570 5670 1826 5741 ἀγγέλοις

258 5756 441 5825 ὁρῶσα
470 5760 835 5829 ὲμεγάλυνας.

1936 4550 2119 4604 omnia
2153 4549 2369 4605 szecula.

2007 4684 2084 4740 Te
2114 4658 2277 4755 supra
2311 4690 2548 4739 mentem
2582 4690 2638 4738 et
2673 4681 2939 4739 rationem
2974 4683 3196 4739 Matrem
3232 4687 3356 4749 Dei,
3393 4703 3513 4756 qua:

1936 4777 1990 4832 in
2023 4785 2265 4847 tempore
2294 4776 2549 4845 temporis
2575 4784 2845 4831 exsortem
2876 4774 3220 4833 inell'abiliter
3236 4779 3399 4837 enixa
3430 4795 3511 4844 es,

1938 4868 2123 4925 ﬁdeles
2149 4868 2467 4925 unanimiter
2490 4867 2917 4940 magniﬁcamus.

2007 4982 2084 5037 'l'e
2112 4982 2435 5037 salvatorem
2466 4982 2652 5038 mundi
2677 4982 2953 5039 Christum
2980 4983 3149 5041 Deum
3180 4982 3405 5053 apostoli
3430 4980 3514 5038 vi.

1938 5075 2124 5129 dentes
2151 5073 2408 5129 divinitus
2434 5074 2751 5144 exaltatum,
2778 5091 2901 5131 cum
2932 5076 3125 5133 timore
3151 5074 3507 5139 exsultantes,

1938 5167 2370 5236 magniﬁcamus.

2009 5283 2085 5339 Te
2117 5282 2527 5340 descendentem
2556 5296 2727 5352 usque
2755 5280 2821 5336 ad
2848 5288 3087 5334 extrema
3122 5287 3300 5346 teme,
3329 5287 3384 5334 et
3416 5280 3512 5335 ho-

1939 5376 2137 5433 minem
2173 5374 2467 5433 salvantem
2490 5414 2505 5440 ,
2536 5382 2592 5428 et
2622 5372 2942 5428 ascensione
2974 5380 3061 5425 tua
3094 5370 3507 5439 superexaltan-

1939 5477 2043 5523 tem
2078 5467 2220 5522 hunc
2240 5505 2256 5531 ,
2285 5464 2710 5535 maguilicamus.

2005 5582 2138 5645 Ave,
2152 5580 2380 5650 Deipara
2408 5587 2577 5634 mater
2598 5576 2796 5633 Christi
2826 5576 2920 5632 Dei
2947 5594 2962 5632 :
2989 5592 3146 5647 quem
3176 5578 3320 5633 enim
3349 5591 3510 5647 pepe-

1938 5668 2056 5728 risti
2080 5714 2094 5737 ,
2124 5671 2282 5726 hodie
2309 5685 2373 5725 ex
2410 5679 2551 5726 terra
2580 5667 3013 5741 supravolantem
3044 5685 3165 5725 cum
3198 5667 3404 5740 angelis
3429 5668 3508 5723 vi-

1938 5765 2093 5832 dens,
2126 5761 2504 5827 magnilicasti.

3415 376 3520 438 διδ
3626 450 3633 455 _
