3968 6348
521 284 630 347 84⁸7

1145 400 1224 452 1ι“.1
1230 398 1273 451 U
1281 399 1419 453 SDE
1427 400 1475 451 Μ

584 558 647 613 In
680 556 1190 626 trum/igurationem
1225 555 1436 611 Domini
1467 558 1631 610 nostri
1666 558 1786 613 lem
1821 558 2037 613 Christi.

1140 780 1477 837 Acroaticltis.

590 934 798 1007 Moyses
830 933 921 991 Dei
956 933 1150 992 faciem
1185 937 1238 991 in
1268 937 1487 995 Thabor
1519 939 1670 996 vidit.

589 1024 798 1096 Moyses
824 1025 877 1080 in
909 1026 1043 1080 mari
1076 1028 1388 1096 prophetice
1417 1029 1760 1101 conspicatus
1787 1031 1841 1086 in
1877 1032 2091 1098 nebula,

517 1126 572 1172 et
601 1117 653 1171 in
684 1118 932 1172 columna
959 1118 1087 1172 olim
1121 1119 1259 1187 ignis
1288 1120 1513 1190 gloriam
1547 1122 1781 1187 Domini,
1813 1123 2090 1179 exclama-

516 1209 610 1264 bat
635 1228 648 1263 :
675 1209 1023 1279 Redemptori
1052 1220 1106 1266 et
1132 1213 1241 1267 Deo
1269 1221 1457 1269 nostro
1481 1229 1765 1271 canamus.

589 1299 661 1356 Ut
693 1310 844 1370 petra
881 1316 1110 1372 corpore
1142 1312 1417 1373 protectus
1451 1304 1720 1372 deiﬁcato,
1757 1305 2087 1363 invisibilem

515 1392 732 1449 intuens
760 1393 972 1464 Moyses
1001 1394 1093 1450 Dei
1122 1405 1416 1465 spectator,
1445 1396 1785 1454 exclamabat
1816 1417 1830 1454 :
1864 1399 2094 1457 Redem-

515 1487 657 1554 ptori
686 1494 740 1541 et
772 1488 880 1541 Deo
910 1496 1099 1542 nostro
1129 1503 1412 1544 canamus.

583 1578 665 1633 Tu
696 1579 747 1633 in
780 1588 961 1634 monte
990 1578 1147 1650 legali
1178 1588 1233 1635 et
1261 1580 1315 1635 in
1347 1579 1633 1637 Thaboreo
1661 1581 1807 1637 visus
1834 1596 1893 1637 es
1920 1581 2088 1654 Moysi

516 1669 570 1723 in
605 1670 846 1725 tenebris
875 1670 1001 1724 olim
1033 1688 1046 1724 :
1082 1671 1134 1726 in
1167 1671 1339 1727 lucem
1370 1682 1551 1728 autem
1582 1687 1725 1728 nunc
1758 1672 2085 1730 inaccessam

514 1761 834 1816 divinitatis.
1580 1830 1583 1831 ν

582 1851 926 1908 Obumbrans
954 1853 1121 1925 gloria
1150 1855 1201 1910 in
1234 1855 1462 1911 tentorio
1490 1856 1659 1928 prius,
1681 1868 1735 1913 et
1758 1858 1925 1930 Moysi
1954 1859 2085 1915 allo-

511 1957 685 2012 quens
711 1953 801 2009 tuo
826 1960 1002 2009 servo,
1029 1946 1198 2016 llgura
1224 1945 1365 2002 facta
1390 1955 1471 2002 est
1496 1948 1718 2005 illustris
1742 1951 2085 2009 ineliabiliter

512 2034 568 2087 in
593 2029 810 2086 Thabor
838 2041 959 2097 tuae,
995 2034 1238 2103 Domine,
1269 2036 1781 2107 transﬁgurationis.

575 2217 959 2274 Gonvenerunt
994 2230 1166 2275 tecum
1188 2263 1201 2287 ,
1230 2236 1264 2276 ο
1289 2222 1552 2288 Verbum,
1584 2223 1948 2295 unigenitum,
1983 2239 2079 2280 ex-

505 2307 731 2374 celsum,
761 2309 1127 2377 apostolorum
1159 2312 1442 2368 summitas
1472 2313 1524 2367 in
1557 2324 1741 2368 monte
1761 2314 1997 2382 Thabor,
2025 2324 2082 2371 et

504 2397 666 2453 simul
694 2400 984 2475 astiterunt
1014 2399 1228 2470 Moyses
1254 2411 1308 2456 et
1335 2401 1498 2471 Elias,
1528 2412 1586 2458 ut
1613 2403 1706 2461 Dei
1735 2406 1899 2472 servi,
1925 2421 1958 2461 ο
1985 2406 2076 2476 qui

503 2490 653 2544 solus
682 2490 955 2545 humanus
983 2504 1066 2546 es.

577 2578 718 2635 Deus
748 2588 891 2637 totus
916 2580 1202 2646 exsistens,
1232 2590 1373 2637 totus
1396 2583 1635 2640 mortalis
1660 2585 1834 2642 lactus
1860 2602 1939 2651 es,
1966 2596 2075 2643 tota

501 2667 782 2724 divinitate
818 2673 1051 2729 miscens
1091 2671 1480 2728 humanitatem
1520 2674 1571 2728 in
1610 2676 1913 2732 substantia
1949 2687 2070 2742 tua,

501 2775 663 2829 quam
699 2759 752 2815 in
785 2761 996 2825 duabus
1029 2762 1353 2819 substantiis
1387 2763 1601 2836 Moyses
1638 2767 1889 2838 Eliasque
1922 2770 2071 2825 vide-

502 2859 627 2906 runt
658 2851 710 2906 in
745 2860 927 2907 monte
942 2850 1191 2911 ’Thabor.

572 2945 649 3000 Ex
675 2960 838 3001 carne
865 2953 953 3001 tua
986 2947 1118 3001 radii
1147 2944 1448 3002 divinitatis
1474 2947 1913 3017 egrediebantur,
1942 2964 2068 3020 pro-

497 3034 777 3105 phetarum
813 3043 867 3091 et
902 3036 1287 3105 apostolorum,
1321 3039 1463 3094 unde
1495 3039 1650 3095 electi
1675 3050 1941 3097 canentes
1971 3056 2069 3097 ex-

495 3124 801 3183 clamabant
828 3144 843 3181 :
875 3125 1056 3183 Gloria
1084 3126 1339 3196 potentia:
1370 3135 1493 3194 tuae,
1526 3127 1769 3186 Domine.

569 3215 780 3271 Bubnm
800 3231 1027 3274 servans
1048 3217 1271 3274 illaesum
1290 3219 1726 3288 congredientem
1744 3221 1882 3293 igni,
1901 3222 2067 3295 Moysi

494 3306 676 3363 divina
700 3308 818 3363 luce
839 3308 1116 3378 praditam
1140 3323 1356 3364 carnem
1381 3310 1684 3376 ostendisti,
1707 3312 1952 3379 Domine,
1975 3328 2068 3369 ca-

496 3398 646 3454 nenti
675 3414 692 3453 :
719 3396 900 3454 Gloria
932 3399 1185 3470 potentiae
1219 3409 1342 3464 tuae,
1373 3399 1616 3456 Domlne.

564 3490 879 3548 Ahsconsus
910 3500 997 3547 est
1027 3491 1326 3547 divinitatis
1359 3492 1523 3547 radiis
1557 3492 1827 3548 sensibilis
1861 3495 1972 3560 sol,
2009 3505 2068 3550 ut

492 3585 549 3639 in
571 3593 753 3640 monte
773 3582 1056 3640 Thaboreo
1075 3582 1212 3638 vidit
1236 3590 1287 3637 te
1312 3581 1776 3652 transﬁguratum,
1794 3582 1924 3640 Jesu
1948 3586 2019 3639 mi
2046 3603 2061 3640 :

493 3674 675 3732 Gloria
709 3675 967 3747 potestati
1002 3683 1125 3742 tua»,
1158 3673 1402 3730 Domine.

561 3766 707 3838 [gitis
736 3782 841 3824 non
873 3782 1036 3824 urens
1066 3766 1344 3822 materiem
1373 3767 1637 3837 corporis,
1661 3766 1811 3824 visus
1835 3778 1918 3824 est
1948 3784 2063 3823 ma-

492 3861 641 3918 teria:
674 3874 887 3930 expers,
920 3866 979 3913 ut
1009 3855 1219 3931 Moyses
1250 3866 1302 3911 et
1337 3856 1481 3912 Elias
1514 3856 1773 3928 apostolis
1804 3857 1949 3914 visus
1981 3873 2061 3925 es,

488 3952 736 4018 Domine,
780 3965 920 4007 unus
962 3964 1029 4005 ex
1071 3950 1279 4006 duobus
1322 3949 1376 4004 in
1410 3948 1629 4006 duabus
1663 3948 1923 4021 perlectis
1963 3966 2062 4006 na-

490 4045 649 4101 turis.

557 4135 848 4194 Facundos
877 4134 1082 4205 lingua,
1114 4142 1204 4188 tua
1235 4131 1497 4202 magnalia
1530 4146 1636 4186 non
1669 4142 1843 4203 potest
1870 4135 2012 4206 loqui
2042 4155 2055 4192 :

490 4240 550 4287 ut
578 4232 720 4287 enim
753 4230 1024 4297 imperans
1053 4225 1177 4278 vitae
1196 4262 1212 4289 ,
1240 4231 1293 4275 et
1322 4222 1478 4276 morti
1510 4222 1791 4279 dominans
1810 4267 1825 4292 ,
1852 4229 2057 4283 consti-

490 4324 637 4380 tuisti
663 4321 831 4393 689
860 4320 913 4373 in
946 4316 1166 4372 Thabor
1195 4321 1376 4368 monte
1412 4311 1628 4381 Moysen
1659 4324 1714 4370 et
1744 4316 1946 4385 Eliam,
1981 4329 2059 4375 te-

487 4421 689 4469 stantes
719 4422 863 4465 tuam
892 4407 1246 4463 divinitatem.

556 4589 658 4656 Qui
715 4589 963 4647 manibus
1020 4589 1381 4649 invisibilibus
1452 4591 1695 4649 formasti
1748 4595 2044 4650 secundum

486 4683 771 4754 imaginem
824 4693 992 4751 tuam,
1046 4683 1286 4750 Christe,
1342 4684 1638 4752 hominem,
1694 4687 2049 4759 archetypam

487 4788 632 4833 tuam
687 4777 739 4832 in
796 4776 1049 4845 figmento
1108 4777 1564 4846 pulchritudinem
1610 4780 1889 4836 ostendisti
1946 4795 2051 4834 non

482 4881 542 4928 ut
572 4871 626 4928 in
656 4868 913 4939 imagine,
947 4868 1041 4922 sed
1083 4880 1142 4922 ut
1174 4869 1278 4924 hoc
1327 4869 1442 4937 ipse
1487 4872 1759 4928 exsistens
1798 4886 1895 4942 per
1922 4872 2053 4927 sub-

482 4963 763 5025 stantiam,
789 4961 928 5016 Deus
958 4957 1116 5013 simul
1150 4968 1204 5014 et
1237 4960 1416 5014 homo.

551 5053 885 5109 Commistus
917 5048 1198 5105 inconfuse
1228 5049 1516 5104 carbonem
1560 5052 1840 5107 ostendisti
1894 5052 2049 5108 nobis

454 5145 800 5209 ‘divinitatis,
830 5144 1235 5200 comburentem
1289 5141 1503 5212 quidem
1555 5152 1773 5213 peccata
1798 5185 1813 5208 ,
1843 5145 2051 5200 animas

479 5246 654 5290 autem
692 5235 1080 5290 illuminantem
1131 5236 1182 5289 in
1220 5233 1438 5289 Thabor
1472 5244 1689 5300 monte,
1751 5233 1966 5306 Moysen
1996 5246 2052 5292 et

432 5310 443 5321 ’
478 5324 673 5392 Etiam,
705 5325 1197 5396 discipu‘lorumque
1232 5326 1507 5396 principes
1539 5326 1953 5396 obstupuerunt.

547 5414 719 5481 Quam
759 5432 1011 5485 magnum
1050 5425 1104 5471 et
1147 5415 1388 5472 terribile
1431 5416 1603 5471 visum
1638 5426 1724 5472 est
1766 5426 2048 5487 spectacu-

479 5505 587 5557 lunt
621 5504 810 5561 hodie!
845 5520 877 5561 e
906 5508 1048 5563 caelo
1079 5506 1373 5573 sensibilis,
1403 5520 1447 5571 οΔ
1478 5515 1623 5563 terra
1667 5522 1796 5564 vero
1842 5509 2046 5565 incom-

479 5592 731 5661 parabilis
753 5594 948 5652 ellulsit
982 5596 1061 5654 sol
1089 5596 1336 5666 iustitiae,
1371 5597 1743 5669 intelligibilis,
1776 5599 1830 5655 in
1865 5608 2045 5657 monte

477 5685 710 5742 Thabor.

1660 295 1720 354 S.
1763 296 2079 359 JOANNIS
2122 299 2547 365 DAMASCENI

2125 414 2173 467 Α
2768 419 2893 470 ΤΟΥ
2928 423 2969 471 Α
2990 420 3176 473 ΥΤΟΥ

3680 308 3781 369 8ίὸ

2200 568 2304 630 Εἰς
2351 569 2462 634 τὴν
2492 573 2950 641 μεταμόρεοωσιν
2980 573 3087 651 τοῦ
3135 575 3357 643 Kvplov
3403 576 3612 646 Ἰησοῦ
3645 581 3771 649 Χρια

2902 658 3070 696 στου.

2754 775 2815 833 Ἠ
2839 778 3212 849 ἀκροστιχίς.

2265 935 2473 1005 Μωσῆς
2502 934 2636 990 Θεοῦ
2671 937 2962 1007 πρόσωπον
2988 939 3044 992 έν
3073 939 3270 1014 Θαῧὼρ
3300 942 3398 995 ῐδε.

2265 1028 2473 1097 Μωσῆς
2511 1029 2570 1080 ὲν
2618 1027 2858 1101 θαλάσσῃ
2894 1032 3250 1103 προφητικῶς
3291 1032 3415 1088 ίδὼν
3451 1036 3510 1088 ἐν
3551 1037 3765 1109 νεφέλῃ,

2195 1117 2291 1171 καὶ
2321 1120 2377 1171 έν
2403 1120 2572 1191 στήλῃ
2604 1119 2768 1175 πάλαι
2795 1121 2966 1192 πυρὸς
2985 1121 3085 1192 τὴν
3110 1122 3268 1187 δόξαν
3294 1125 3524 1197 Κυρίου,
3547 1128 3762 1182 ἀνεδόα’

2196 1208 2288 1280 Τῷ
2314 1209 2564 1282 λυτρωτῇ
2596 1211 2697 1265 καὶ
2714 1211 2833 1283 Θεῷ
2863 1215 3022 1284 ἡμῶν
3050 1215 3290 1286 ᾷσωμεν.

2275 1303 2363 1367 Ὠς
2403 1306 2575 1376 πέτρα
2599 1303 2677 1375 τῷ
2709 1303 2920 1377 σώματι
2962 1307 3289 1371 σκεπασθεὶς
3310 1307 3389 1379 τῷ
3418 1308 3763 1380 τεθεωμένῳ,

2194 1393 2286 1449 τὸν
2311 1394 2541 1465 ἀόρατον
2588 1394 2831 1466 καθορῶν
2856 1396 3061 1468 Μωσῆς
3088 1398 3117 1449 ὁ
3141 1396 3397 1470 θεόπτης,
3425 1399 3644 1454 ἀνεϐόα·
3677 1400 3763 1473 Τῷ

2192 1486 2441 1557 λυτρωτῇ
2475 1488 2568 1541 καὶ
2597 1485 2716 1557 Θεῷ
2738 1486 2894 1560 ημῶν
2922 1486 3168 1560 ᾄσωμεν.

2262 1578 2335 1631 Σὺ
2381 1578 2473 1631 ἐπὶ
2525 1577 2619 1631 τοῦ
2654 1576 2815 1648 ὄρους
2864 1578 2957 1632 τοῦ
3005 1576 3233 1651 νομικοῦ
3264 1578 3358 1634 καὶ
3406 1581 3463 1634 ὲν
3506 1581 3762 1655 Θαόαρίῳ

2190 1669 2514 1741 καθωράθης
2550 1669 2627 1741 τῷ
2665 1672 2873 1743 Μωῦσῇ
2906 1662 2963 1724 ἐν
3000 1672 3183 1743 γνόφῳ
3225 1673 3287 1725 τδ
3318 1672 3504 1738 πάλαι,
3536 1676 3597 1728 ἐν
3628 1675 3763 1745 φωτὶ

2118 1748 2159 1804 Β
2189 1762 2246 1815 δὲ
2280 1761 2376 1815 νῦν
2406 1762 2684 1834 ἀπροσίτῳ
2713 1763 2813 1832 τῆς
2842 1762 3117 1833 θεότητος.

2272 1851 2335 1904 'H
2368 1851 2665 1916 σκιάζουσα
2688 1852 2814 1917 δόξα
2843 1853 2900 1904 ὲν
2932 1855 2998 1923 τῇ
3033 1854 3207 1923 σκηνῇ
3241 1852 3527 1924 πρότερον,
3566 1855 3661 1909 καὶ
3687 1853 3762 1927 τῷ

2188 1943 2394 2014 Μωῦσῇ
2427 1942 2689 2014 ὁμιλοῦσα
2714 1943 2792 2014 τῷ
2823 1943 2900 2014 σῷ
2925 1943 3236 2013 θεράποντι,
3262 1943 3433 2006 τύπος
3466 1946 3760 2018 γεγένηται

2186 2035 2285 2104 τῆς
2316 2032 2675 2104 ἀστραψάσης
2708 2033 2962 2106 ἀρρήτως
2987 2034 3048 2087 ὲν
3079 2032 3279 2105 Θαὸώρ
3319 2050 3446 2100 σου,
3477 2036 3758 2105 Δέσποτα,

2188 2127 2685 2200 μεταμορφώσεως.

2254 2216 2592 2287 Συνανῆλθόν
2629 2234 2749 2284 σοι,
2779 2216 2955 2286 Λόγε,
2991 2215 3306 2287 μονογενὲς,
3339 2215 3554 2287 ὖψιστε,
3590 2219 3626 2290 η
3652 2218 3759 2272 τῶν

2185 2308 2498 2362 ἀποστόλων
2530 2308 2769 2380 ἀκρότης
2804 2310 2895 2361 ἐπὶ
2922 2307 3017 2361 τοῦ
3046 2307 3205 2378 ὅρους
3237 2306 3457 2379 Θαὸὼρ,
3488 2310 3586 2361 καὶ
3618 2326 3758 2379 συμ-

2183 2402 2560 2473 παρέστησαν,
2594 2403 2622 2455 ὅ
2663 2419 2721 2455 τε
2755 2401 2982 2472 Μωσῆς,
3018 2403 3113 2456 κα)⁸
3151 2401 3357 2467 Ἠλίας,
3397 2401 3474 2465 ὡς
3504 2400 3645 2455 Θεοῦ
3673 2401 3759 2455 θε-

2182 2492 2473 2565 ράποντες,
2508 2492 2637 2563 μόνε
2676 2491 3047 2563 φιλάνθρωπε.

2248 2582 2381 2647 Θεὸς
2424 2583 2545 2647 ὅλος
2574 2584 2857 2655 ὑπάρχων,
2896 2584 3015 2647 ὅλος
3046 2583 3234 2653 βροτὸς
3268 2583 3520 2652 γέγονας,
3557 2583 3660 2657 ὅλῃ
3690 2586 3755 2655 Th

2179 2675 2394 2748 θεότητι
2439 2675 2599 2748 μίξας
2630 2677 2730 2747 τὴν
2759 2675 3157 2747 ἀνθρωπότητα
3184 2670 3252 2728 ἓν
3298 2676 3599 2730 ὑποστάσει
3631 2692 3755 2742 σου,

2177 2765 2243 2837 ἢν
2276 2766 2336 2818 ὲν
2371 2765 2491 2819 δυσὶ
2527 2767 2646 2829 ταῖς
2677 2764 2889 2828 οὐσίαις
2927 2765 3135 2836 Μωσῆς
3197 2762 3382 2829 Ἠλίας
3417 2779 3477 2817 τε
3520 2760 3666 2818 εἶδον
3696 2765 3756 2818 ἑν

2176 2858 2292 2930 δρει
2318 2856 2537 2928 Θαόὡρ.

2258 2947 2354 3002 Ἐκ
2400 2949 2603 3019 σαρκός
2649 2966 2743 3002 σου
2796 2945 3001 3018 βολίδες
3057 2946 3311 3016 θεότητος
3362 2942 3755 3017 ἐξεπορεύοντο

2176 3040 2471 3113 προφητῶν
2512 3043 2605 3095 καὶ
2652 3040 2993 3105 ἀποστόλων,
3043 3038 3163 3093 ὅθεν
3198 3039 3248 3091 οἱ
3296 3036 3578 3111 πρόκριτοι
3615 3038 3755 3108 μέλ-

2099 3099 2142 3159 c
2177 3099 2369 3199 πόνὲεξ
2400 3134 2658 3189 ἀνεϐόων·
2695 3134 2833 3198 Δόξα
2861 3135 2927 3204 τῇ
2966 3099 3193 3202 δυνάμει
3225 3099 3562 3199 σουξΚόριε.

2250 3226 2310 3281 '0
2359 3225 2460 3297 τὴν
2500 3225 2662 3297 βάτον
2701 3225 2945 3296 φυλάξας
2979 3221 3267 3293 ἀλώὸητον
3296 3217 3749 3291 προσομιλοῦσαν

2167 3317 2321 3389 πυρὶ.
2373 3317 2453 3388 τῷ
2500 3318 2672 3387 Μωσῇ
2720 3315 3139 3385 θεολαμποῦσαν
3195 3314 3373 3383 σάρκα
3427 3309 3746 3374 ὑπέδειξας,

2170 3409 2432 3473 Δέσποτα,
2459 3408 2826 3479 μελῳδοῦντα·
2861 3407 2999 3473 Δόξα
3031 3409 3097 3479 τῇ
3130 3406 3359 3476 δυνάμει
3393 3420 3508 3467 σου,
3538 3401 3747 3474 Κύριε.

2247 3498 2562 3569 Ὑπεκρύὸη
2616 3498 2798 3551 ἀκτίσι
2842 3497 3097 3569 θεότητος
3140 3497 3400 3567 αἰσθητὸς
3431 3494 3607 3567 ἥλιος,
3667 3494 3747 3557 ὡς

2163 3593 2221 3643 ἐν
2252 3589 2367 3661 όρει
2401 3589 2666 3661 Θαὸωρίῳ
2710 3584 2818 3642 εἶδέ
2855 3605 2914 3642 σε
2964 3588 3509 3661 μεταμορφούμενον,
3556 3584 3745 3658 Ἰησοῦ

2165 3697 2287 3751 pou‘
2315 3681 2452 3747 Δόξα
2479 3683 2545 3751 τῇ
2579 3679 2809 3750 δυνάμει
2843 3696 2962 3743 σου,
2992 3679 3189 3750 Κύριε.

2232 3772 2350 3845 Πῦρ
2384 3772 2459 3844 μὴ
2496 3772 2692 3841 φλέγον
2716 3772 2813 3841 τὴν
2845 3770 2976 3838 ὕλην
3002 3769 3097 3823 τοῦ
3133 3769 3385 3839 σώματος
3413 3765 3601 3838 ὡράθη
3635 3765 3744 3821 5B-

2160 3865 2276 3932 λον,
2307 3865 2382 3928 ὡς
2421 3862 2623 3934 Μωσῆς
2671 3860 2764 3915 καὶ
2793 3859 3110 3922 ἀποστόλοις
3150 3858 3341 3927 ὤφθης
3406 3857 3597 3920 Ἠλίας
3641 3874 3741 3922 τε,

2164 3959 2428 4024 Δέσποτα,
2454 3950 2535 4020 εἷς
2574 3957 2639 4009 ὲκ
2658 3954 2773 4019 δύο,
2804 3955 2860 4007 ὲν
2886 3951 3007 4006 δυσὶ
3029 3948 3263 4012 τελείαις
3287 3951 3408 4012 ταῖς
3438 3949 3665 4017 φύσεσι.

2240 4134 2639 4209 Ῥητορεύουσα
2661 4132 2902 4202 γλῶσσα,
2932 4128 3026 4183 σοῦ
3047 4128 3115 4183 τὰ
3139 4123 3400 4199 μεγαλεῖα
3418 4121 3480 4176 οὐ
3503 4121 3743 4178 δύναται

2160 4229 2531 4300 φθέγξασθαιο
2589 4226 2667 4289 ὡς
2716 4222 2937 4296 κρατῶν
2992 4221 3139 4291 ζωῆς
3188 4217 3316 4289 γὰρ,
3348 4216 3445 4270 καὶ
3494 4214 3736 4269 Θανάτου

2157 4321 2455 4387 δεσπόζων,
2483 4317 2836 4389 παρέστησας
2864 4317 2922 4370 ὲν
2956 4311 3154 4383 Θαὸὼρ
3184 4309 3261 4381 τῷ
3292 4308 3409 4379 ὄρει
3443 4305 3534 4358 τὸν
3566 4302 3735 4361 Μωῧ-
3764 4352 3771 4359 .

2081 4443 2131 4503 D
2162 4412 2263 4482 σῆν
2303 4410 2523 4465 καὶτὸν
2578 4408 2785 4474 Ἠλίαν,
2833 4399 3287 4477 μαρτυρήσαντας
3320 4413 3415 4450 σου
3462 4393 3559 4465 τὴν
3608 4392 3735 4446 θεό-

2155 4520 2314 4556 τητα.
3504 4550 3507 4555 ,

2191 4521 2509 4668 “ES-x5961»:
2521 4591 2772 4664 ἀοράτοις
2789 4587 3000 4646 πλάσας
3020 4584 3140 4639 κατ’
3168 4578 3349 4636 εἰκόνα
3365 4550 3730 4668 σουρςριστὲ,

2153 4685 2245 4739 τὸν
2269 4666 2595 4755 ἄνθρωπον,
2647 4679 2708 4732 τὸ
2744 4674 3046 4748 ἀρχέτυπόν
3092 4688 3185 4725 σου
3231 4672 3288 4723 ὲν
3334 4667 3413 4738 τῷ
3448 4666 3728 4736 πλάσματι

2156 4776 2349 4839 κάλλος
2379 4771 2663 4837 ὑπέδειξας
2684 4812 2698 4836 ,
2733 4770 2832 4838 οὐχ
2873 4766 2948 4830 ὡς
2982 4766 3040 4819 ὲν
3081 4762 3273 4825 εἰκόνι,
3307 4759 3423 4814 ἀλλ’
3449 4758 3525 4821 ὡς
3565 4756 3729 4818 αὐτὸς

2154 4868 2228 4921 ῶν
2266 4867 2385 4919 κατ’
2415 4863 2622 4928 οὐσίαν,
2658 4863 2687 4913 ὁ
2718 4860 2849 4922 Θεὸς
2894 4854 3243 4935 χρηματίσας
3280 4851 3373 4906 καὶ
3416 4850 3723 4921 ἄνθρωπος.

2224 5048 2559 5119 Συγκραθεὶς
2597 5045 2951 5114 ἀσυγχύτως,
2988 5039 3235 5111 ἄνθρακα
3269 5035 3555 5100 ὑπέδειξας
3591 5032 3722 5103 ἡμῖν

2152 5144 2439 5213 θεότητος,
2477 5136 2887 5207 καταφλέγοντα
2938 5132 3037 5205 μὲν
3076 5128 3386 5202 ἁμαρτίας,
3436 5126 3615 5197 ψυχὰς
3660 5122 3720 5176 δὲ

2150 5232 2452 5304 φωτίζοντα
2487 5231 2545 5284 ὲν
2571 5226 2777 5300 λΘαϐὼρ
2811 5226 2890 5297 τῷ
2919 5224 3065 5296 ὄρει,
3105 5221 3197 5276 τὸν
3231 5218 3472 5289 Μωῦσῆν
3506 5215 3601 5270 καὶ
3628 5213 3719 5267 τὸν

2162 5326 2368 5391 Ἠλίαν,
2409 5321 2665 5395 μαθητῶν
2700 5338 2760 5373 τε
2789 5320 3052 5391 ἐξάρχους
3096 5314 3417 5384 ἐξέστησαν.

2230 5419 2318 5483 Ὠς
2357 5417 2500 5489 μέγα
2535 5416 2629 5469 καὶ
2661 5411 2890 5486 φοϐερόν
2921 5411 3110 5483 ὼράθη
3139 5410 3317 5478 θέαμα
3354 5404 3622 5477 σήμερονῑ
3657 5398 3719 5466 ἐξ

2144 5510 2378 5583 οὐρανοῦ
2411 5508 2690 5580 αἰσθητὸς,
2720 5507 2786 5561 ἐκ
2813 5507 2914 5578 γῆς
2940 5506 2996 5559 δὲ
3026 5502 3357 5573 ἀσύγκριτος
3380 5495 3718 5571 έξήστραψεν

2147 5604 2337 5668 Ἥλιος
2362 5602 2461 5674 τῆς
2490 5599 2854 5670 δικαιοσύνης,
2891 5596 3075 5670 νοητὸς
3095 5635 3112 5664 ,
3147 5595 3240 5651 ἐπὶ
3277 5593 3371 5648 τοῦ
3399 5591 3560 5668 ὅρους
3603 5589 3725 5657 Θαο.

2146 5696 2278 5751 δῶν.
