3994 6350
256 462 366 525 849

1638 490 1643 495 '
1702 457 2063 536 CARMI'NA.

3413 426 3517 538 θέο

330 576 584 649 Παρῆλθε
634 577 732 646 μὲν
783 579 815 648 ἡ
870 578 997 631 σκιᾶ
1047 578 1141 632 τοῦ
1196 582 1360 650 νόμου
1410 583 1838 655 ἐξασθενήσασα⁸

2015 582 2286 639 Praeteriit
2334 582 2547 653 quidem
2582 580 2788 635 'umbra
2837 581 2969 650 legis
3022 580 3290 636 infirmata
3325 600 3336 635 :
3373 584 3518 637 venit

256 666 482 737 Ξλήλυθε
509 666 565 719 δὲ
601 665 791 734 σαφῶς
816 668 1071 738 Χριστὸς,
1116 672 1150 738 η
1194 671 1444 727 ἀλέθεια·
1475 675 1680 743 Μωσῆς
1714 677 1838 729 ἀνε-

256 762 455 831 ϐόησεν
493 761 549 813 ἐν
601 759 679 830 τῷ
711 759 997 831 Θαϐωρίῳ,
1048 763 1282 817 κατιδὼν
1331 782 1423 818 σου
1455 765 1552 836 τὴν
1582 766 1833 838 θεότητα.

333 856 401 904 '0
436 850 625 914 στύλος
650 849 728 920 τῷ
759 850 959 921 Μωΰσῇ
994 852 1228 923 Χριστὸν
1256 853 1347 905 τὸν
1383 854 1837 925 μεταμορφούμε-

256 960 350 995 νον
370 982 384 1006 ,
412 943 445 1011 ἠ
478 941 535 994 δὲ
569 941 768 1011 νεφέλη
818 941 1001 1010 σαφῶς
1031 940 1129 1011 τὴν
1161 944 1323 1012 χάριν
1361 942 1454 996 τοῦ
1486 944 1835 1013 Πνεύματος,

258 1033 359 1104 τὴν
386 1034 784 1088 ἐπισκιάσασαν
816 1035 872 1085 ἐν
901 1032 978 1103 τῷ
1009 1032 1276 1105 Θαϐωρὶῳ
1321 1034 1629 1105 παρεδήλου
1663 1036 1839 1106 ἐμφα-

257 1125 513 1177 νέστατα.
1106 1166 1109 1167 ,

331 1212 446 1266 Νῦν
476 1211 771 1283 καθωράοη
808 1211 1127 1276 ἀποστόλοις
1165 1212 1236 1266 τὰ
1267 1212 1510 1277 ἀθέατα,
1545 1212 1734 1285 θεότης
1780 1214 1838 1267 ἐν

260 1303 471 1373 σαρκίῳ
508 1304 567 1355 ἐν
618 1301 695 1372 τῷ
730 1301 927 1372 Θαϐὼρ
971 1303 1363 1374 ἀστράπτουσα
1411 1303 1641 1373 βοῶσιν,
1675 1304 1842 1358 Εὐλο-

258 1394 431 1465 γητὸς
464 1388 537 1460 εἴ,
574 1392 744 1464 Κύριε
774 1393 802 1445 ὁ
832 1393 982 1459 Θεὸς,
1018 1395 1098 1454 εἱς
1125 1394 1253 1458 τούς
1284 1393 1507 1457 αἰῶνας.

341 1484 609 1557 Ἐφριξαν
639 1483 790 1555 φόϐῳ
829 1484 1199 1552 ἐκπλαγέντες
1240 1486 1341 1556 τὴν
1374 1486 1711 1559 εὐπρέπειαν
1742 1487 1839 1558 τῆς

260 1576 412 1639 θείας
443 1574 721 1645 βασιλείας
751 1576 809 1629 ἐν
840 1576 917 1646 τῷ
951 1576 1067 1647 ὄρει
1096 1577 1297 1648 Θαϐὼρ
1328 1578 1635 1642 ἀπόστολοι,
1670 1578 1840 1649 βοῶν-

257 1682 373 1729 τες
406 1666 711 1735 Εὐλογητὸς
740 1661 809 1731 εί,
840 1666 1014 1736 Κύριε
1039 1670 1066 1719 ὁ
1094 1668 1251 1732 Θεὸς,
1280 1671 1360 1732 εἰς
1389 1672 1515 1731 τοὺς
1541 1670 1765 1734 αἰῶνας.

331 1757 447 1812 Νῦν
479 1758 547 1811 τὰ
576 1758 885 1827 ἀνήκουστα
913 1758 1179 1829 ἠκούσθη.
1227 1760 1284 1814 Ὀ
1310 1761 1541 1832 ἀπάτωρ
1573 1762 1681 1833 γὰρ
1715 1763 1841 1828 Υἱὸς

259 1851 327 1901 ἐκ
361 1847 463 1917 τῆς
493 1848 769 1927 Παρθένου
811 1850 878 1918 τῇ
912 1848 1151 1920 Πατρῴα
1183 1854 1334 1922 φωνῇ
1371 1851 1595 1916 ἐνδόξως
1627 1870 1841 1924 μαρτυ-

1946 686 2126 730 autem
2171 674 2453 729 manifesta
2489 673 2739 728 Christus
2784 673 3027 727 veritas:
3077 674 3285 745 Moyses
3340 674 3516 729 excla-

1946 770 2114 821 mavit
2141 767 2193 821 in
2226 766 2519 829 Thaborio,
2558 765 2771 818 intuens
2802 774 2947 818 tuam
2981 765 3348 821 divinitatem-

2016 859 2275 913 Columna
2304 856 2499 928 Moysis
2525 856 2801 911 Christum
2835 857 3299 926 transfiguratum,
3326 859 3516 914 nebula

1945 962 2128 1005 autem
2165 949 2447 1003 manifeste
2482 949 2710 1017 gratiam
2743 948 2976 1015 Spiritus
3015 949 3427 1006 obumbrantem
3465 952 3516 1006 in

1946 1041 2220 1097 Tbab‘orio
2252 1039 2631 1095 manifeStabat
2664 1040 3023 1109 apertissime.

2018 1218 2172 1275 Nunc
2207 1227 2446 1289 spectata
2475 1227 2601 1272 sunt
2644 1217 2902 1286 apostolis
2929 1217 3237 1284 invisibilia,
3271 1218 3522 1274 divinitas

1946 1313 1999 1365 in
2024 1311 2313 1366 caruncula
2338 1311 2391 1363 in
2415 1315 2597 1364 monte
2622 1308 2840 1364 Thabor
2867 1308 3101 1377 fulgens,
3125 1308 3517 1363 clamantibus:

1951 1402 2271 1475 Benedictus
2304 1415 2384 1467 es,
2426 1400 2652 1455 Domine
2677 1397 2838 1462 Dens,
2876 1415 2970 1469 per
3000 1399 3223 1453 srecula.

2018 1490 2358 1545 Horruerunt
2380 1490 2573 1543 timore
2593 1488 2878 1558 stupefacti
2905 1490 3153 1543 decorem
3180 1488 3347 1542 divini
3371 1488 3518 1557 regni

1948 1581 2002 1636 in
2036 1589 2219 1636 monte
2249 1580 2489 1646 Thabor,
2527 1581 2752 1650 apostoli
2781 1620 2796 1646 ,
2824 1581 3119 1635 clamantes
3155 1598 3169 1635 :
3205 1580 3523 1636 Benedictus

1949 1688 2033 1736 es,
2072 1672 2297 1727 Domine
2327 1672 2489 1736 Dens,
2523 1687 2618 1741 per
2649 1672 2845 1727 saecula

2020 1764 2175 1819 Nune
2212 1761 2447 1817 inaudita
2479 1763 2658 1817 audita
2688 1772 2834 1817 sunt.
2865 1763 2993 1818 Sine
3008 1764 3168 1820 Patre
3190 1766 3331 1819 enim
3354 1763 3523 1818 Filius

1948 1858 2013 1913 de
2051 1856 2305 1925 Virgine.
2348 1864 2571 1923 paterna
2601 1869 2732 1909 voce
2774 1854 3001 1925 gloriose
3032 1856 3357 1925 prmdicatur
3399 1865 3520 1910 tan-

261 1942 463 2011 ρεῖται,
486 1934 572 1993 οἷα
599 1939 732 2003 Θεὸς
755 1940 849 1994 καὶ
875 1939 1162 2012 ἄνθρωπος
1190 1944 1220 1995 ό
1243 1943 1409 2007 αὐτὸς
1436 1945 1517 2009 είς
1549 1946 1676 2008 τούς
1708 1945 1836 1999 αἱῶο

1973 1966 2109 2021 piam
2138 1950 2280 2005 Deus
2314 1960 2369 2005 et
2401 1949 2564 2004 homo
2591 1948 2729 2003 idem
2762 1963 2857 2019 per
2889 1948 3107 2005 saecula.

259 2050 379 2087 νας.

333 2071 494 2178 ὲέσει
516 2125 579 2178 οὐ
609 2125 836 2193 γέγονας
871 2124 1126 2196 Ὑψίστου
1145 2167 1159 2189 ,
1189 2129 1257 2198 τῇ
1281 2127 1439 2199 οὐσίᾳ
1463 2128 1518 2182 δὲ
1548 2130 1675 2192 Υίὸς
1703 2131 1830 2201 ἠγα-

262 2218 538 2289 πημένος,
572 2219 977 2290 προϋπάρχων,
1018 2221 1149 2290 ἡμῖν
1193 2220 1479 2291 ὡμίλησας
1528 2223 1839 2291 ἀτρέπτωςο

261 2310 575 2382 Εὐλογητὸς
605 2306 675 2376 εἷ,
709 2310 884 2381 Κύριε
916 2313 945 2365 ό
977 2311 1129 2377 Θεὸς,
1158 2313 1239 2376 εἰς
1267 2313 1392 2375 τοὺς
1420 2312 1644 2376 αἰῶνας.

349 2486 694 2558 Ἀκηκοότες,
724 2486 990 2553 Δέσποτα,
1031 2489 1094 2540 ἐκ
1124 2488 1336 2559 Πατρὸς
1373 2488 1839 2560 μαρτυρούμενον,

265 2579 366 2633 καὶ
420 2578 497 2641 ὡς
543 2577 889 2649 ἀνθρωπίνης
936 2579 1312 2651 στερρωτέραν
1349 2580 1525 2649 ὅψεως
1573 2581 1706 2652 ὁρᾷν
1745 2580 1840 2634 τοῦ

266 2668 565 2741 προσώπου
612 2686 707 2723 σου
750 2670 849 2742 τὴν
899 2672 1186 2743 ἀστραπὴν
1228 2673 1301 2744 μὴ
1348 2672 1606 2744 φέροντές
1650 2690 1743 2726 σου
1792 2674 1843 2727 οἱ

268 2761 543 2832 μαθηταὶ,
571 2762 663 2814 ἐπὶ
701 2761 800 2832 τὴν
834 2762 937 2833 γῆν
983 2763 1320 2817 κατέπιπτον
1339 2802 1352 2825 ,
1400 2765 1457 2817 ἐν
1486 2763 1636 2835 φόϐῳ
1665 2764 1841 2835 μελῳ-

263 2846 520 2916 δοῦντεςο
561 2854 622 2905 Οἱ
675 2854 864 2916 παῖδες
915 2854 1225 2923 εὐλογεῖτε,
1286 2856 1473 2925 ἱερεῖς,
1507 2858 1838 2926 ἁνυμνείτε,

263 2943 419 3007 λαὸς,
447 2943 789 3016 ὐπερυψοῦτε
819 2946 899 3007 είς
930 2945 1139 3009 πάντας
1168 2947 1294 3009 τοὺς
1322 2947 1545 3012 αἰῶνας.

258 3068 263 3075 -
339 3038 744 3093 Βασιλευόντων
788 3041 1305 3121 πέφυκαςνΒασιλεῦ
1338 3041 1705 3113 ὡραιότατος,
1748 3042 1844 3096 καὶ

263 3132 385 3203 1th
404 3132 683 3202 πανταχοῦ
717 3133 1080 3203 κυριευόντων
1112 3133 1337 3205 Κύριος,
1367 3135 1636 3206 δυνάστης
1668 3136 1843 3205 μακά·

267 3242 408 3296 ριος,
438 3225 533 3279 καὶ
562 3224 679 3293 φῶς
710 3222 874 3277 οἰκῶν
904 3225 1219 3295 ἀπρόσιτον,
1252 3220 1295 3292 ᾧ
1326 3227 1376 3278 οἱ
1408 3226 1647 3296 μαθηταὶ
1671 3244 1841 3282 κατα-

2023 2121 2329 2193 Adoptione
2363 2135 2469 2175 non
2503 2119 2678 2175 factus
2706 2133 2766 2173 es
2796 2118 3006 2173 Excelsi
3038 2114 3059 2182 ,
3089 2118 3388 2172 SthSIaItlia
3422 2134 3521 2173 au-

1945 2220 2054 2266 tem
2101 2226 2224 2266 cum
2270 2209 2440 2265 Filius
2483 2209 2710 2264 dilectus
2747 2206 3153 2278 praeexsisteres
3182 2247 3197 2271 ,
3240 2208 3520 2262 nobiscum

1948 2322 2297 2367 conversatus
2331 2325 2393 2365 es
2438 2307 2849 2364 immutabiliter
2878 2324 2893 2362 :
2924 2302 3249 2362 Benedictus
3279 2320 3361 2370 es,
3416 2304 3524 2360 Do-

1947 2405 2093 2460 mine
2125 2403 2285 2469 Deus,
2318 2419 2413 2474 per
2439 2402 2659 2457 saecula.

2018 2498 2336 2561 Audientes,
2362 2496 2605 2559 Domine,
2634 2493 2808 2547 Patris
2836 2491 3224 2555 testimonium,
3250 2500 3304 2546 et
3340 2500 3397 2545 ut
3426 2491 3526 2545 lm-

1948 2604 2111 2644 mano
2142 2588 2453 2644 solidiorem
2478 2595 2694 2655 aspectu
2718 2585 2902 2639 videre
2934 2583 3090 2639 faciei
3119 2593 3222 2637 tua:
3258 2582 3525 2652 fulgorem

1949 2698 2054 2737 non
2085 2682 2322 2736 ferentes
2360 2690 2509 2734 tuum
2543 2677 2792 2749 discipuli
2813 2720 2827 2744 ,
2857 2678 2909 2731 in
2948 2684 3147 2732 terram
3178 2676 3441 2731 cadebant
3470 2674 3523 2728 in

1950 2780 2178 2843 timore,
2224 2787 2482 2833 canentes
2522 2791 2535 2827 :
2576 2773 2761 2840 Pueri,
2819 2772 3150 2837 benedicite;
3181 2771 3523 2834 sacerdotes,

1949 2870 2252 2937 concinite;
2282 2868 2530 2939 populus,
2561 2862 2959 2936 superexaltate
2989 2877 3085 2932 per
3104 2862 3283 2917 omnia
3307 2859 3523 2917 saecula.

2021 3046 2378 3118 Regnantium
2408 3043 2613 3099 es-Rex
2654 3040 3068 3112 pulcherrimus,
3102 3048 3158 3094 et
3196 3037 3394 3107 ubique
3427 3036 3525 3091 do-
3591 3045 3615 3065 θ

1949 3141 2269 3197 minantium
2302 3137 2561 3193 Dominus
2592 3176 2607 3201 ,
2655 3135 2909 3207 princeps
2961 3134 3189 3196 beatus,
3243 3139 3296 3185 et
3345 3131 3528 3184 lumen

1951 3233 2202 3289 habitans
2234 3230 2639 3294 inaccessibile,
2674 3227 2760 3283 cui
2793 3225 3038 3297 discipuli
3079 3222 3367 3295 stupefacti
3419 3220 3528 3276 cla-

267 3315 571 3383 πλαγέντες
600 3313 790 3377 ἐϐόων,
819 3313 882 3366 οἱ
914 3313 1105 3377 παῖδες
1142 3315 1437 3384 εὐλογεῖτε,
1470 3316 1635 3387 ἱερεῖς
1668 3319 1843 3388 ἀνυμ-

1973 3326 2171 3381 nabant
2204 3342 2218 3379 :
2266 3323 2449 3387 Pueri,
2481 3322 2820 3386 benedicite;
2860 3320 3192 3383 sacerdotes,
3223 3315 3525 3380 concinite;

266 3407 433 3459 νεῖτε·
465 3405 612 3470 λαὸς,
643 3405 986 3477 ὐπερυψοῦτε
1017 3408 1096 3470 εἱς
1123 3407 1334 3472 πάντας
1361 3409 1485 3471 τοὺς
1513 3409 1735 3474 αἰῶνας.

353 3494 441 3560 Ὠς
466 3496 700 3567 οὐρανοῦ
730 3496 1067 3561 δεσπόζοντι,
1101 3498 1194 3551 καὶ
1222 3498 1321 3568 τῆς
1348 3500 1453 3569 γῆς
1483 3499 1845 3570 βασιλεύοντι,

268 3589 369 3644 καὶ
383 3589 759 3659 καταχθονίων
778 3588 879 3660 τὴν
904 3589 1100 3661 κυρίαν
1121 3588 1321 3660 ἔχοντι,
1340 3590 1571 3660 Χριστέ,
1596 3608 1678 3643 σοι
1708 3608 1849 3662 παρ-

269 3682 510 3751 έστησαν
537 3721 552 3747 ,
577 3681 642 3734 ἐκ
674 3681 772 3751 μὲν
801 3680 903 3751 τῆς
928 3680 1033 3749 γῆς
1066 3680 1379 3745 ἀπόστολοι,
1412 3680 1488 3744 ὡς
1522 3682 1579 3748 ἐξ
1615 3674 1847 3754 οὐρανοῦ

267 3774 351 3839 δὲ,
384 3775 414 3827 ὁ
436 3772 705 3839 Θεσϐίτης
738 3770 945 3838 Ἠλίας,
972 3772 1175 3840 Μωσῆς
1198 3770 1257 3823 δὲ
1285 3772 1350 3825 ἐκ
1378 3772 1639 3837 νεκάδων,
1672 3772 1847 3842 μελῳ-

268 3865 489 3929 δοῦντες
510 3863 825 3927 ἀπαύστως·
846 3865 908 3916 υἱ
933 3864 1144 3927 παῖδες,
1167 3864 1461 3933 εὐλογεῖτε,
1487 3866 1653 3937 ἱερεῖς
1676 3867 1849 3936 ἀνυμ-

270 3961 439 4025 νείτε,
462 3958 609 4023 λαὸς,
643 3955 985 4028 ὐπερυψοῦτε
1009 3956 1089 4019 είς
1122 3956 1331 4020 πάντας
1355 3957 1482 4021 τούς
1511 3957 1734 4023 αἰῶνας,

356 4136 746 4207 Ῥᾳθυμοτόκοι
778 4132 1159 4205 μέριμναιέπὶ
1187 4133 1288 4203 γῆς
1318 4132 1752 4205 κατελείφθησαν
1781 4137 1848 4206 τῇ

269 4230 386 4285 τῶν
418 4228 727 4286 ἀποστόλων
753 4226 973 4297 ἐκλογῇ,
1002 4224 1374 4295 φιλάνθρωπε,
1403 4224 1480 4287 ὡς
1510 4226 1593 4277 col.
1620 4226 1850 4293 ἠκολού-

271 4323 448 4393 θησαν
487 4321 622 4393 πρὸς
653 4322 751 4390 τὴν
783 4322 848 4371 ἐκ
895 4319 998 4387 γῆς
1033 4317 1326 4388 μετάρσιον
1370 4315 1520 4372 θείαν
1551 4317 1849 4374 πολιτείαν.

274 4415 440 4468 Ὅθεν
482 4413 580 4466 καὶ
620 4411 857 4476 ἐπαξίως
897 4411 996 4479 τῆς
1045 4410 1143 4480 σῆς
1180 4409 1501 4478 θεοφανεὶας
1548 4410 1853 4481 ὲμελῴδουν

270 4505 553 4574 τυχόντες·
578 4503 638 4557 Οἱ
662 4501 848 4564 παῖδες
858 4484 1149 4569 εὐλογεῖτε,
1166 4501 1354 4570 ἱερεῖς,
1372 4501 1687 4570 ἀνυμνεῖτε,
1699 4502 1849 4568 λαὸς,

274 4592 629 4663 ὑπερυψοῦιτε
657 4594 736 4656 είς
770 4592 981 4654 πάντας
1004 4589 1133 4653 τούς
1156 4590 1380 4654 αἰῶνας.

350 4685 467 4739 Ἵνα
504 4701 597 4738 σου
625 4683 803 4755 δείξῃς
835 4681 1093 4752 ἐμφανῶς
1124 4683 1226 4752 τὴν
1256 4681 1570 4754 ἀπόρρητον
1594 4683 1853 4756 δευτέραν

275 4776 606 4840 κατάϐασιν,
644 4775 790 4837 ὅπως
827 4778 857 4827 ό
901 4772 1124 4842 ὕψιστος
1163 4772 1294 4836 Θεὸς
1331 4773 1546 4849 όφθήσῃ
1580 4775 1753 4840 ἐστὼς
1794 4778 1854 4830 ἐν

276 4862 436 4939 μ’ἐσῳ
478 4866 616 4919 θεῶν
674 4867 787 4927 τοῖς
832 4862 1154 4926 ἀποστόλοις
1192 4864 1252 4916 ἐν
1300 4863 1497 4934 Θαϐὼρ
1542 4868 1714 4939 Μωσῇ
1758 4869 1855 4924 σὺν

287 4960 450 5029 Ἦλίᾳ
476 4975 535 5013 τε
561 4958 813 5029 ἀρρήτως
845 4955 1095 5026 ἐλαμψας
1119 4994 1135 5021 ,
1162 4955 1241 5009 διὸ
1272 4956 1473 5020 πάντες
1500 4973 1585 5025 σε,
1628 4959 1852 5031 Χριστὲ,

278 5048 685 5122 μεγαλύνομεν.

350 5143 518 5197 Δεῦτέ
538 5160 648 5215 μοι,
669 5140 941 5205 πείθεσθε,
971 5139 1112 5201 λαοὶ,
1128 5138 1428 5203 ἀναϐάντες
1450 5140 1532 5204 εἰς
1552 5140 1613 5195 τὸ
1639 5141 1775 5213 ὅρος·
1793 5143 1857 5197 τὸ

275 5238 437 5303 ἅγιον
460 5235 523 5287 τὸ
551 5235 891 5304 ἐπουράνιον,
923 5232 1102 5294 actm;
1132 5231 1347 5303 στῶμεν
1374 5232 1432 5286 ἐν
1476 5233 1637 5286 πόλει·
1654 5232 1857 5298 ζῶντος

274 5327 441 5392 Θεοῦ,
484 5328 579 5380 καὶ
608 5323 1037 5393 ἐποπτεύσωμεν
1071 5322 1153 5377 vel
1180 5321 1410 5393 θεότητα
1447 5324 1609 5380 ἀῦλον
1640 5324 1857 5396 Πατρὸς

274 5418 377 5472 καὶ
412 5414 728 5485 Πνεύματος
775 5415 835 5467 ἐν
867 5411 982 5482 Υἱῷ
1028 5412 1309 5483 μονογενεῖ
1336 5412 1854 5481 ἀπαστράπτουσαν.

353 5619 619 5685 Ἕθελξας
669 5618 820 5690 πόθῳ
864 5634 964 5689 με,
1010 5614 1248 5687 Χριστέ,
1296 5614 1390 5669 καὶ
1427 5614 1728 5684 ἠλλοίωσας
1778 5616 1857 5687 τῷ

273 5715 411 5785 θείῳ
456 5730 552 5766 σου
591 5711 782 5783 ἔρωτι,
827 5710 963 5763 ἀλλά
1008 5707 1357 5793 κατάφλεξον
1400 5708 1534 5778 πυρὶ
1572 5709 1720 5779 ἀΰλῳ
1758 5709 1860 5774 τὰς

270 5804 559 5875 ἁμαρτίας
596 5819 719 5874 μου,
751 5801 847 5857 καὶ
876 5798 1260 5872 ἐμπλησθῆναι
1299 5798 1398 5868 τῆς
1442 5802 1500 5853 ἐν
1533 5800 1614 5853 σοὶ
1646 5799 1857 5869 τρυφῆς

1949 3416 2201 3490 populus,
2235 3414 2631 3485 superexaltate
2657 3428 2752 3482 per
2779 3410 2960 3467 omnia
2989 3408 3206 3465 satenla.

2018 3504 2298 3575 Tanquam
2332 3502 2468 3559 caelo
2494 3502 2817 3566 dominanti,
2848 3508 2905 3555 et
2963 3508 3120 3554 terra:
3170 3497 3439 3568 regnanti,
3468 3508 3527 3552 et

1949 3598 2426 3655 subterraneorum
2480 3595 2774 3649 dominium
2809 3591 3027 3647 babenti
3059 3631 3076 3656 ,
3122 3589 3376 3655 Christe,
3433 3588 3529 3643 tibi

1950 3687 2289 3752 astiterunt;
2344 3698 2376 3738 e
2423 3693 2569 3740 terra
2622 3682 2839 3755 quidem
2877 3681 3106 3752 apostoli
3140 3699 3157 3735 :
3193 3690 3447 3750 tanquam
3502 3696 3533 3731 σε

1948 3779 2089 3835 coelo
2120 3788 2323 3843 autem,
2354 3775 2642 3831 Thesbites
2675 3775 2856 3839 Elias;
2897 3773 3109 3845 Moyses
3137 3787 3265 3828 vero
3290 3787 3354 3827 ex
3385 3787 3533 3827 mor-

1953 3870 2094 3933 tuis,
2124 3877 2383 3924 canentes
2412 3867 2747 3921 incessanter
2780 3883 2795 3920 :
2833 3863 3406 3929 Pueri.,benedicite;
3443 3878 3533 3917 sa-

1950 3960 2219 4024 eerdotes,
2271 3957 2585 4024 concinite;
2652 3954 2915 4026 populus,
2957 3950 3358 4023 superexaltate
3431 3966 3530 4020 per

1951 4050 2134 4105 omnia
2171 4049 2391 4103 saecula.

2025 4137 2321 4207 Segnitiem
2351 4133 2622 4203 parientes
2650 4129 2878 4187 cumin
2916 4140 3061 4183 terra
3083 4128 3355 4185 derelictae
3380 4138 3527 4193 sunt,

1954 4227 2321 4299 apostolorum
2348 4224 2558 4280 delectu
2583 4262 2600 4289 ,
2640 4238 2673 4278 ο
2705 4224 2941 4277 humane
2964 4257 2981 4285 ,
3024 4228 3085 4273 ut
3127 4229 3177 4275 te
3202 4220 3374 4276 secuti
3404 4229 3534 4275 sunt

1956 4319 2023 4373 ad
2064 4315 2352 4372 sublimem
2396 4328 2429 4369 e
2478 4323 2623 4368 terra
2672 4311 2910 4367 divinam
2962 4308 3239 4379 politiam,
3283 4309 3428 4363 unde
3475 4318 3532 4362 et

1953 4410 2071 4481 iure
2098 4408 2296 4464 divinae
2345 4414 2451 4462 tua:
2495 4402 2954 4460 manifestationis
2996 4401 3286 4473 participes
3329 4397 3529 4462 eﬂ'ecti,

1958 4503 2230 4559 canebant
2258 4518 2273 4555 :
2300 4499 2483 4562 Pueri,
2516 4497 2848 4563 benedicite;
2874 4495 3207 4558 sacerdotes,
3232 4493 3529 4559 concinite,

1960 4592 2208 4664 populus,
2255 4588 2657 4660 superexaltate
2687 4601 2784 4656 per
2818 4585 3000 4642 omnia
3032 4584 3250 4640 srecula.

2031 4683 2104 4740 Ut
2135 4693 2281 4738 tuam
2314 4680 2573 4738 ostendas
2601 4688 2789 4746 aperte
2823 4690 3081 4731 arcanam
3109 4677 3403 4730 secundam
3440 4675 3535 4730 de-

1960 4769 2339 4840 seensionem‘,
2394 4781 2453 4827 ut
2505 4770 2754 4825 excelsus
2787 4768 2929 4823 Dens
2982 4766 3219 4849 videaris
3265 4776 3419 4820 stans
3476 4766 3530 4821 in

1961 4869 2138 4923 medio
2166 4866 2426 4929 deorum,
2456 4861 2719 4933 apostolis
2756 4860 2810 4915 in
2842 4859 3062 4915 Tbabor
3102 4874 3223 4914 eum
3255 4857 3436 4927 Moyse
3481 4866 3536 4911 et

1962 4960 2079 5014 Elia
2100 4955 2443 5014 inetl'abiliter
2466 4953 2813 5025 splenduisti:
2844 4952 2963 5008 ideo
2988 4964 3178 5007 omnes
3200 4957 3272 5014 te,
3299 4948 3532 5011 Christe,

1963 5049 2392 5121 magniﬁcamus.

2033 5142 2194 5211 Agite
2241 5137 2373 5192 mibi
2402 5176 2417 5205 ,
2463 5142 2649 5207 parete
2675 5134 2831 5199 mibi,
2879 5130 3060 5202 populi
3095 5128 3447 5184 ascendentes
3480 5126 3536 5180 in

1965 5238 2520 5294 montem’sanctum,
2556 5225 2831 5281 cmleStem
2867 5240 2882 5277 :
2921 5223 3128 5292 abjecta
3159 5218 3386 5273 materia
3428 5226 3538 5272 ste-

1968 5340 2090 5382 mus
2139 5324 2195 5379 in
2235 5316 2713 5377 eivitateviventis
2744 5314 2877 5379 Dei,
2903 5322 2957 5368 et
2982 5312 3335 5381 inspiciamus
3362 5317 3539 5362 mente

1967 5417 2304 5473 divinitatem
2335 5411 2578 5468 materiae
2597 5417 2875 5479 expertem
2904 5405 3081 5460 Patris
3109 5412 3161 5459 et
3186 5401 3441 5472 Spiritus,
3484 5402 3536 5455 in

1958 5507 2097 5563 Filio
2128 5505 2412 5574 unigenito
2442 5500 2809 5572 eﬂulgentem.

2034 5617 2348 5674 Demulsisti
2392 5614 2661 5672 desiderio
2714 5625 2843 5676 me,
2882 5609 3135 5675 Christe,
3188 5616 3243 5663 et
3298 5605 3535 5662 alterasti

1960 5710 2143 5764 divino
2195 5717 2287 5762 tuo
2340 5720 2548 5771 amore,
2597 5705 2694 5759 sed
2747 5703 3007 5757 cumbure
3054 5700 3179 5770 igne
3229 5713 3257 5753 a
3306 5699 3534 5753 materia

1961 5811 2168 5858 remoto
2195 5808 2412 5870 peccata
2442 5812 2583 5865 mea,
2613 5806 2668 5853 et
2691 5793 2899 5864 impleri
2925 5795 3004 5849 eis
3024 5808 3141 5862 qua?
3166 5791 3216 5847 in
3251 5799 3303 5847 te
3321 5788 3533 5843 deliciis
