3968 6348
420 344 523 413 851
1546 352 1608 413 S.
1647 354 1965 417 JOANNIS
2005 358 2433 419 DAMASCENI
2458 350 2461 355 ’

3556 346 3701 424 852

422 465 643 530 dignum
673 456 780 522 fac,
817 464 876 511 ut
907 456 1041 513 duos
1083 456 1331 514 saltando
1364 460 1702 531 magnificem
1730 478 1749 529 ,
1775 479 1807 521 ο
1834 465 1995 534 bone,
2026 513 2032 528 .

2152 469 2456 535 ιταξίωσον,
2494 432 2579 522 ι’νᾶ
2623 464 2718 533 τὰς
2751 467 2846 522 δύο
2873 469 3108 541 σκιρτῶν
3140 468 3453 541 μεγαλύνω,
3478 470 3691 542 ἀγαθὲ,

426 554 691 609 adventus
723 560 865 605 tuos.

1041 657 1385 715 EJUSDEM

426 752 497 811 In
529 752 719 824 festum
748 752 1183 876 Annuntiatiogis
1215 752 1527 809 beatissime
1560 753 1652 810 Dei
1691 754 1995 823 Genitricis,

1136 838 1332 876 armen.

1136 838 1332 876 armen.

494 913 661 979 Audi,
693 914 868 984 puella
891 956 908 981 ,
934 911 1100 981 Virgo
1134 928 1290 983 pura,
1324 913 1461 968 dicat
1485 914 1594 982 jam
1626 915 1840 972 Gabriel
1874 932 2001 973 con-

2097 558 2398 632 παρουσίας
2424 574 2537 613 σου.

2708 671 2830 725 ἸὉΥ
2861 674 2906 726 Α
2921 672 3091 725 ΥΊὈΥ

2092 761 2196 828 Εἷς
2226 761 2334 817 τὸν
2359 762 2802 833 εὐαπελισμόν
2844 760 2952 829 τῆς
2989 762 3313 833 ὑπεραγίας
3350 762 3689 833 Θεογενιηὶ-

2574 848 2680 886 του
2722 833 2758 899 ἡ
2803 832 3185 901 Ἄκροστιχίς.

2170 921 2395 986 Ἄκουε,
2420 921 2582 992 κόρη,
2604 921 2848 993 Παρθένε
2877 922 3016 992 ἁγνή
3037 937 3055 951 ⁸
3071 922 3278 977 εἰπάτω
3293 922 3355 995 δὴ
3379 925 3407 977 6
3431 923 3685 996 Γαϐριὴλ

426 1006 607 1061 silium
660 1005 925 1061 Altissimi
985 1004 1261 1073 antiquum
1312 1020 1327 1057 :
1374 1019 1560 1060 verum
1625 1006 1722 1062 fias
1784 1008 1852 1063 ad
1906 1008 2000 1065 Dei

2152 1011 2297 1082 ιυλὴν
2353 1010 2607 1081 Ὑψίστου
2658 1011 2921 1082 ἀρχαίαν,
2976 1012 3269 1084 ἀληθινὴν,
3320 1013 3479 1082 γενοῦ
3542 1016 3683 1085 πρὸς

428 1098 830 1166 susceptionem
862 1106 1134 1165 prompta.
1173 1094 1276 1150 Per
1320 1104 1372 1151 te
1413 1097 1558 1151 enim
1590 1097 2001 1167 incomprehen-

430 1189 602 1245 sibilis
650 1205 773 1245 cum
827 1187 1145 1244 mortalibus
1189 1198 1559 1244 conversatur.
1610 1188 1733 1245 Ideo
1768 1182 1823 1245 et
1872 1206 2004 1261 gau-

432 1281 565 1336 dens
595 1280 768 1335 clamo
797 1298 809 1332 :
841 1278 1171 1343 Benedicite,
1206 1278 1385 1332 omnia
1424 1293 1585 1349 opera
1619 1279 1855 1348 Domini,
1891 1281 2003 1337 Do-

432 1372 660 1426 minum.

506 1459 811 1516 intellectus
841 1462 1019 1515 omnis
1066 1458 1301 1513 vincitur
1330 1458 1636 1513 mortalium
1665 1498 1682 1525 ,
1732 1460 2008 1528 respondit

2100 1101 2363 1173 ὑποδοχὴν
2392 1102 2580 1172 ἑτοίμη
2615 1101 2771 1157 Θεοῦο
2813 1103 2900 1157 διὰ
2928 1104 3022 1157 σοῦ
3050 1103 3158 1174 γὰρ
3178 1106 3206 1158 6
3236 1105 3518 1177 ἀχώρητος
3554 1106 3678 1176 βρο-

2101 1195 2213 1258 τοῖς
2234 1195 2736 1265 συνεπιστρέφεται.
2771 1195 2862 1249 Διὸ
2886 1197 2976 1250 καὶ
3003 1197 3204 1268 χαίρων
3234 1196 3365 1269 βοῶ,
3390 1198 3678 1268 Eilis-{sits

2104 1286 2280 1340 πάντα
2315 1285 2384 1340 τὰ
2410 1285 2546 1357 ἔργα
2580 1286 2787 1358 Κυρίου
2818 1287 2908 1340 τὸν
2944 1287 3171 1358 Κύριον.

2180 1464 2399 1517 Ἔννοια
2431 1462 2581 1518 πᾶσα
2614 1463 2844 1534 ἡττᾶται
2872 1461 3100 1534 βροτῶν,
3128 1461 3435 1531 ἀντέφησεν
3468 1462 3501 1533 η
3528 1462 3681 1534 Παρ-

435 1552 601 1622 Virgo
643 1566 891 1622 quaerens
925 1569 937 1605 :
970 1550 1100 1618 Qua:
1138 1550 1269 1604 mihi
1322 1550 1557 1621 loqueris
1581 1589 1596 1614 ,
1643 1550 1711 1606 ab
1758 1552 2009 1620 Opinione

2152 1554 2259 1618 ίνος
2288 1552 2554 1625 ζητοῦσα*
2583 1554 2763 1625 ’Ἂπερ
2793 1570 2881 1623 μοι
2913 1552 3124 1626 φθέγγῃ
3153 1554 3432 1625 παράδοξα
3453 1596 3470 1619 ,
3504 1556 3681 1626 ⁴ἥσθην

440 1653 647 1699 remota
679 1652 805 1697 sunt
834 1657 849 1695 :
884 1642 989 1696 tuis
1034 1642 1117 1696 his
1149 1641 1266 1695 laeta
1297 1655 1415 1694 sum
1459 1639 1638 1695 verbis
1667 1657 1683 1705 ;
1730 1643 1821 1697 sed
1848 1642 2010 1695 timeo

2152 1664 2206 1700 ου
2230 1648 2341 1709 τοῖς
2363 1646 2558 1714 λόγοις.
2576 1646 2736 1700 Ἀλλὰ
2762 1645 2976 1699 δέδοικα
3005 1644 3348 1716 θαμϐηθεῖσα
3383 1646 3460 1717 μὴ
3496 1649 3685 1718 ἀπάτη

439 1732 761 1801 stupefacta,
798 1747 863 1786 ne
897 1728 1214 1800 deceptione
1244 1738 1304 1783 ut
1341 1729 1507 1784 Evam
1547 1729 1701 1800 longe
1753 1746 1837 1786 me
1884 1733 2011 1787 mit-

2116 1755 2183 1808 με
2226 1738 2302 1802 ὡς
2345 1736 2488 1793 Εὕαν
2531 1738 2721 1808 πόρῤῳ
2748 1737 2978 1810 πέμψῃς
3016 1737 3175 1793 Θεοῦ.
3224 1738 3367 1793 ‘AD.’
3397 1739 3547 1809 ὅμως
3581 1741 3681 1811 ἥδη

439 1832 524 1879 tas
550 1839 581 1878 a
619 1822 764 1889 Deo;
802 1822 895 1878 sed
926 1831 1100 1877 tamen
1130 1819 1240 1890 jam
1269 1820 1484 1877 clamo:
1519 1820 1844 1889 Benedicite,
1887 1838 2003 1878 om-

2152 1829 2216 1883 οιῖι
2242 1845 2254 1858 ·
2294 1830 2582 1899 Εὑλογεῖτε
2608 1830 2787 1885 πάντα
2814 1830 2882 1883 τὰ
2910 1830 3046 1901 ἔργα
3090 1828 3295 1903 Κυρίου
3333 1830 3424 1886 τὸν
3452 1831 3681 1901 Κύριον.

440 1916 531 1969 nia
560 1928 721 1982 opera
762 1912 995 1979 Domini,
1036 1911 1284 1966 Domino.

512 2006 650 2061 Ecce
677 2006 792 2068 tibi,
815 2003 1014 2073 puella,
1033 2002 1253 2059 dubium
1275 2002 1506 2058 solutum
1526 2010 1635 2067 est,
1652 2002 1779 2056 dicit
1805 2004 1870 2056 ad
1898 2002 2013 2057 haec

443 2095 656 2151 Gabriel
690 2112 706 2149 :
736 2096 878 2151 Bene
906 2097 1047 2151 enim
1077 2096 1257 2150 dixisti
1289 2111 1398 2150 rem
1447 2110 1549 2149 non
1579 2094 2011 2164 conjectandam,

2185 2008 2289 2062 Ἴδε
2316 2024 2421 2074 σοι,
2452 2009 2590 2078 κόρη
2606 2008 2667 2061 τὸ
2700 2007 2902 2078 ἄπορον
2930 2006 3174 2072 λέλυται,
3195 2008 3329 2078 φησὶ
3359 2007 3497 2080 πρὸς
3512 2007 3686 2062 ταῦτα

2111 2101 2142 2152 6
2167 2100 2424 2170 Γαϐριὴλ·
2459 2098 2658 2163 Καλῶς
2677 2097 2786 2169 γὰρ
2814 2098 2950 2169 ἔφης
2976 2099 3037 2152 τδ
3073 2100 3307 2170 πρᾶγμα
3338 2098 3684 2171 δυστέκμαρ-

442 2187 778 2241 sermonibus
813 2194 1020 2241 tuorum
1061 2185 1320 2241 labiorutn
1367 2200 1581 2256 parens.
1622 2184 1905 2254 Reliquum
1946 2198 2015 2239 ne

2152 2208 2203 2245 ον
2229 2192 2410 2260 λόγοις
2446 2191 2555 2247 σῶν
2588 2192 2812 2262 χειλέων
2846 2191 3237 2263 πειθαρχοῦσαο
3259 2191 3447 2245 λοιπὸν
3474 2190 3552 2262 μὴ
3577 2192 3689 2261 ἀμ-

444 2276 630 2333 dubita
659 2293 756 2334 ceu
781 2277 923 2333 fictio
947 2278 1018 2332 sit
1052 2295 1065 2331 :
1103 2287 1157 2332 ut
1190 2277 1266 2331 rei
1302 2286 1480 2332 autem
1510 2277 1691 2332 crede.
1734 2276 1843 2347 Ego
1871 2275 2012 2332 enim

2152 2283 2311 2337 ιίϐαλε
2338 2284 2414 2347 ὡς
2441 2284 2740 2351 πλάσματι,
2762 2283 2837 2346 ὡς
2866 2284 3152 2359 πράγματι
3181 2283 3236 2337 δὲ
3264 2283 3504 2336 πίστευε.
3548 2282 3692 2352 Ἐγὼ

450 2371 687 2441 gaudens
738 2370 958 2426 clamo:
1003 2368 1331 2436 Benedicite,
1366 2368 1548 2422 omnia
1572 2381 1737 2438 opera
1787 2368 2017 2433 Domini,

446 2460 694 2517 Domino.

518 2550 632 2606 Lex
667 2551 781 2619 haec
809 2565 839 2604 a
872 2549 982 2605 Deo
1014 2547 1327 2604 mortalibus
1358 2557 1589 2611 statuta,
1627 2544 2019 2614 irreprebensi—

2117 2374 2226 2444 γὰρ
2260 2374 2466 2445 χαίρων
2506 2372 2611 2445 βοῶ
2631 2392 2645 2407 σ
2694 2375 2978 2444 Εὑλογεῖτε
3002 2373 3178 2429 πάντα
3212 2375 3282 2428 τὰ
3313 2372 3451 2446 ἔργα
3480 2374 3689 2444 Κυρίου

2116 2466 2211 2522 τὸν
2240 2464 2463 2536 Κύριον.

2189 2555 2373 2626 Νόμος
2418 2548 2574 2618 οὗτος
2629 2553 2814 2608 θεόθεν
2855 2553 3087 2626 βροτοῖς,
3139 2556 3167 2608 6
3212 2553 3502 2624 ἄμεμπτος
3535 2546 3692 2616 αὖθίς

450 2642 577 2698 bilis
606 2684 622 2709 ,
651 2657 868 2697 rursum
893 2641 1086 2712 jubet,
1120 2648 1175 2695 ut
1215 2638 1583 2703 cx‘cnmmuni
1625 2651 1808 2693 amore
1838 2646 2023 2707 partus

2152 2665 2279 2718 ιησι,
2334 2646 2489 2712 ξυνοῦ
2531 2645 2732 2716 ἔρωτος
2780 2645 2939 2698 τόκον
2983 2644 3372 2715 προέρχεσθαι.
3423 2644 3539 2698 Οὐκ
3576 2639 3697 2698 οἶδα

448 2734 768 2799 proveniat,
803 2732 988 2788 nescio
1034 2732 1368 2801 coniugalem
1417 2730 1629 2799 penitus
1672 2728 2022 2798 voluptatem.

452 2824 732 2893 Quomodo
772 2824 935 2895 igitur
978 2824 1113 2879 dicis
1144 2824 1284 2893 quod
1325 2820 1578 2892 pariam?
1605 2822 1768 2877 timeo
1797 2834 1864 2874 ne
1900 2833 2021 2874 ver-

452 2928 571 2973 sntc
621 2916 856 2985 loquaris
884 2933 899 2969 :
933 2916 1026 2971 sed
1070 2924 1248 2970 tamen
1294 2913 1404 2983 jam
1434 2912 1607 2981 clamo
1639 2930 1653 2966 :
1687 2910 2019 2974 Benedicite,

452 3008 633 3065 omnia
670 3021 833 3078 opera
862 3006 1095 3070 Domini,
1132 3003 1375 3059 Domino.

523 3099 700 3155 Verba
743 3113 862 3168 quae
905 3097 1037 3151 mihi
1086 3096 1259 3161 dicis,
1328 3110 1360 3151 ο
1411 3092 1711 3150 vcneranda
1740 3133 1753 3157 ,
1808 3089 2028 3161 angelus

456 3208 648 3247 rursus
678 3188 900 3254 clamat,
926 3198 1197 3245 consuetae
1226 3195 1352 3243 sunt
1381 3185 1568 3242 feturae
1595 3183 1899 3240 mortalium
1931 3183 2029 3239 lto-

458 3283 688 3338 ntinum.
717 3280 858 3337 Vere
897 3280 1065 3336 Deum
1113 3279 1205 3335 tibi
1255 3277 1517 3332 annuntio
1552 3290 1715 3346 supra
1764 3273 2027 3329 rationem

458 3384 515 3431 et
543 3382 776 3429 mentem
823 3371 1160 3426 incarnatum
1184 3408 1198 3435 ,
1250 3378 1309 3423 ut
1340 3368 1487 3423 novit
1517 3381 1584 3421 ex
1617 3375 1667 3421 te
1696 3406 1711 3430 ,
1744 3364 1866 3419 ideo
1894 3377 2028 3434 gau-

460 3467 592 3523 dens
624 3463 797 3520 clamo
825 3480 841 3518 :
874 3460 1204 3525 Benedicite,
1233 3459 1412 3515 omnia
1441 3471 1604 3528 Opera
1642 3455 1875 3521 Domini,
1921 3455 2029 3510 Do-

459 3558 627 3612 mino.

536 3647 748 3703 Videris
772 3644 901 3701 mihi
936 3642 1182 3699 veritatis
1203 3648 1411 3710 orator,
1439 3638 1677 3710 reposuit
1705 3637 1886 3707 Virgo.
1914 3636 2033 3691 La:-

464 3740 598 3797 titiae
636 3740 778 3795 enim
816 3734 1118 3794 communis
1149 3732 1344 3789 venisti
1376 3731 1632 3787 nuntius:
1672 3729 1849 3784 anima
1875 3727 2036 3798 igitur

464 3834 587 3903 quia
615 3839 839 3902 purgata
885 3842 1003 3884 sum
1035 3840 1132 3898 per
1161 3825 1420 3896 Spiritum
1444 3864 1459 3891 ,
1489 3822 1783 3879 secundum
1814 3820 2036 3875 verbum

444 3939 616 3980 ,tnum
663 3924 756 3978 fiat
785 3921 915 3977 mihi
941 3918 1181 3975 :babitet
1207 3919 1259 3973 in
1287 3928 1371 3973 me
1394 3913 1536 3971 Deus
1557 3915 1621 3970 ad
1646 3927 1806 3984 quem
1828 3911 2035 3966 clamo:

465 4014 795 4081 Benedicite,
824 4012 1005 4069 omnia
1036 4025 1199 4081 opera
1229 4008 1462 4075 Domini,
1494 4004 1741 4063 Domino.

538 4109 818 4181 Tanquam
853 4108 1145 4162 animatam
1181 4103 1273 4158 Dei
1313 4098 1497 4158 arcam
1540 4111 1877 4168 nequaquam
1925 4102 2042 4149 tan-

468 4215 559 4276 gat.
604 4216 799 4259 manus
833 4214 937 4254 non
980 4196 1314 4251 initiatorum
1344 4210 1360 4247 :
1396 4191 1544 4246 labra
1595 4201 1773 4245 autem
1800 4187 2038 4242 fidelium

474 4298 713 4367 Deiparze
762 4296 1022 4361 perpetuo
1061 4298 1245 4340 vocem
1276 4282 1452 4353 angeli
1484 4280 1803 4344 recinentia,
1860 4277 2041 4339 exsul-

477 4389 637 4444 tando
665 4385 895 4439 clament
924 4394 940 4433 :
967 4378 1079 4432 Ave
1100 4418 1117 4445 ,
1146 4375 1315 4446 gratia
1345 4374 1524 4445 plena,
1557 4370 1815 4427 Dominus
1843 4378 2039 4425 tecum.

545 4478 716 4548 Supra
751 4471 1075 4529 intellectum
1111 4466 1418 4540 concipiens
1446 4465 1636 4532 Deum,
1668 4471 1874 4519 natura:
1900 4463 2045 4533 leges
2075 4475 2120 4532 ι)

478 4568 698 4629 nescisti
721 4605 737 4633 ,
774 4564 989 4638 puella:
1026 4572 1082 4619 tu
1118 4560 1560 4635 enim‘pariendo
1584 4598 1600 4625 ,
1635 4572 1757 4633 quae
1811 4566 2041 4611 matrum

477 4672 602 4723 sunt
627 4658 1030 4725 transcendisti,
1058 4657 1201 4713 ﬂuxa
1232 4664 1426 4710 natura
1459 4651 1704 4723 quamvis
1735 4661 2042 4707 constares:

478 4759 620 4815 unde
653 4756 813 4827 digne
842 4752 1038 4809 audis:
1074 4751 1209 4817 Ave,
1245 4748 1417 4819 gratia
1451 4746 1629 4817 plena,
1664 4741 1924 4799 Dominus
1967 4749 2048 4796 te-

478 4869 623 4911 cunn.
896 4906 905 4911 .

548 4948 792 5016 Quonam
822 4939 980 4995 modo
1015 4936 1099 4991 lac
1146 4932 1438 5004 profundas
1467 4968 1485 4995 ,
1522 4929 1689 5000 Virgo
1716 4943 1851 5000 pura
1880 4966 1898 4993 ,
1944 4939 2049 4980 non

482 5015 587 5097 fert
633 5046 892 5095 enarrare
938 5029 1116 5099 lingua
1183 5022 1426 5079 mortalis
1467 5038 1483 5077 :
1526 5019 1859 5076 admirabilis
1908 5015 2052 5073 enim

485 5141 690 5193 natura:
715 5124 1016 5188 ostenditur
1037 5135 1145 5183 res,
1169 5115 1353 5188 legalis
1371 5113 1634 5170 terminos
1658 5117 1845 5181 partus
1873 5116 2052 5163 trans-

485 5226 752 5298 grediens,
781 5220 924 5278 unde
943 5218 1106 5288 digne
1131 5212 1284 5268 audis
1318 5228 1333 5266 :
1364 5209 1498 5276 Ave,
1533 5204 1707 5278 gratia
1733 5201 1912 5274 plena,
1946 5198 2056 5255 Do-

488 5317 667 5383 minus
707 5322 903 5371 tecum.

556 5405 886 5461 Admirabile
926 5410 1204 5458 sacrorum
1248 5389 1528 5462 interpreti
1575 5386 1742 5457 Moysi
1795 5384 1960 5441 rubus
2004 5388 2060 5437 ct

492 5496 634 5565 ignis
667 5495 957 5549 ostendunt
981 5493 1215 5562 signum.
1256 5485 1513 5553 Qumrens
1562 5481 1742 5534 autem
1786 5478 1943 5532 linem
2004 5474 2058 5528 in

492 5592 778 5641 tranSttutn
820 5583 1112 5651 temporis,
1164 5582 1218 5633 in
1273 5574 1447 5649 puclla
1482 5587 1615 5643 pura
1665 5567 1800 5625 dixit
1854 5566 2061 5637 perspi-

493 5692 638 5745 cere,
666 5675 809 5731 velut
841 5676 1083 5747 Deipara:
1109 5675 1349 5730 dicatur:
1378 5671 1511 5736 Avc,
1546 5666 1715 5741 gratia
1753 5663 1929 5735 plena,
1956 5659 2059 5715 Do-

498 5768 676 5826 minus
709 5774 905 5823 tecum.

2125 2736 2357 2805 σύζυγον
2392 2733 2670 2798 παντελῶς
2704 2734 2916 2806 ἡδονήν.
2958 2734 3080 2798 Πῶς
3107 2729 3200 2788 οὖν
3229 2733 3411 2803 λέγεις
3439 2731 3520 2788 ὅτι
3547 2734 3701 2800 τέξο-

2128 2846 2259 2900 μαι;
2297 2826 2571 2897 φοϐοῦμαι
2624 2824 2699 2896 μὴ
2739 2826 2922 2896 ἀπάτῃ
2967 2824 3153 2896 λαλῇς.
3215 2825 3357 2879 Ἀλλ’
3393 2827 3546 2905 δμως
3591 2826 3701 2896 ήδη

2126 2919 2234 2991 βοῶ
2253 2935 2266 2949 ⁸
2300 2919 2586 2988 Εὐλογεῖτε
2617 2919 2794 2973 πάντα
2823 2916 2890 2971 τὰ
2920 2917 3058 2987 ἔργα
3101 2915 3305 2990 Κυρίου
3335 2916 3428 2970 τὸν
3465 2917 3699 2990 Κύριον.

2209 3099 2460 3168 Ῥήματα
2496 3097 2642 3166 ἅπερ
2671 3113 2760 3167 μοι
2788 3095 3020 3167 φθέγγῃ,
3049 3093 3243 3167 σεμνὴ,
3268 3096 3297 3147 6
3324 3095 3556 3163 ἄγγελος
3592 3094 3708 3148 πά-

2129 3188 2214 3243 λιν
2258 3189 2382 3260 βοᾷ,
2429 3189 2631 3261 συνήθη
2663 3188 2818 3241 πέλει
2851 3188 3069 3258 λοχείας
3109 3186 3414 3259 ἀνθρώπων
3460 3186 3702 3257 θνητῶν.

2128 3280 2232 3334 Τὸν
2263 3280 2432 3343 ὅντως
2456 3279 2589 3333 Θεόν
2615 3296 2698 3334 σοι
2722 3280 3131 3351 ὑπαγγέλλομαι
3162 3279 3302 3349 ὑπὲρ
3331 3278 3490 3348 λόγον
3515 3295 3577 3332 τε
3604 3278 3707 3332 καὶ

2129 3372 2338 3428 ἔννοιαν
2375 3372 2766 3442 σαρκούμενον,
2802 3373 2878 3436 ὼς
2914 3371 3054 3428 οἶδεν
3092 3376 3157 3427 ὲκ
3189 3373 3303 3427 σοῦ.
3327 3372 3417 3426 Διὸ
3454 3372 3549 3425 καὶ
3578 3372 3708 3441 χαί-

2132 3481 2244 3534 ρων
2273 3462 2401 3533 βοῶο
2438 3462 2726 3531 Εὑλογεῖτι
2755 3464 2932 3519 πάντα
2960 3464 3027 3519 τὰ
3054 3464 3192 3535 ἔργα
3225 3463 3431 3536 Κυρίου
3462 3462 3555 3517 τὸν
3582 3462 3710 3516 Κῦ-

2134 3567 2270 3622 ριον.

2202 3641 2373 3715 Φαίνῃ
2402 3656 2491 3712 μοι
2524 3643 2784 3712 ἀληθείας
2815 3645 3020 3715 ῥήτωρ,
3054 3646 3315 3699 κατέθετο
3341 3646 3374 3716 ἡ
3404 3643 3709 3715 Παρθένος.

2135 3731 2324 3802 Χαρᾶς
2345 3735 2530 3804 κοινῆς
2556 3733 2664 3803 γὰρ
2692 3732 2957 3803 ἐλήλυθας
2981 3733 3233 3802 ἄγγελοςο
3258 3735 3435 3807 ψυχὴν
3462 3732 3556 3791 οὖν
3585 3735 3714 3789 ἐπεὶ

2138 3824 2614 3896 συγκαθήγνισμαι
2640 3824 2945 3896 Πνεύματι,
2970 3826 3046 3889 ὡς
3069 3825 3131 3878 τὸ
3160 3826 3314 3896 ῥῆμά
3340 3844 3438 3879 σου
3467 3826 3717 3895 γενέσθω

2141 3934 2251 3989 μοι’
2290 3916 2571 3988 σκηνούτω
2602 3917 2660 3969 ὲν
2699 3917 2822 3986 ἐμοὶ
2853 3918 2881 3970 6
2908 3914 3061 3979 Θεὸς,
3102 3916 3237 3988 πρὸς
3272 3916 3331 3969 δν
3366 3915 3474 3985 βοῶ
3503 3934 3519 3951 ·
3549 3918 3717 3972 Εὐλο-

2137 4012 2286 4081 γεῖτε
2324 4010 2502 4064 πάντα
2539 4009 2610 4064 τὰ
2646 4008 2781 4081 ἔργα
2825 4006 3031 4077 Κυρίου
3059 4006 3152 4061 τδν
3196 4005 3417 4075 Κύριον.

2221 4098 2309 4161 Ὠς
2338 4096 2567 4169 ἐμψύχῳ
2599 4096 2734 4151 Θεοῦ
2772 4095 2987 4167 κιϐωτῷ
3023 4095 3242 4166 ψαυέτω
3277 4094 3542 4167 μηδαμῶς
3594 4097 3717 4168 χεὶρ

2141 4189 2435 4260 ἀμυήτων·
2476 4188 2632 4260 χείλη
2680 4188 2738 4243 δὲ
2786 4188 2995 4243 πιστῶν
3033 4189 3099 4259 τῇ
3155 4186 3401 4258 Θεοτόκῳ
3438 4188 3717 4259 ἁσιγήτως

2143 4280 2327 4352 φωνὴν
2372 4279 2468 4334 τοῦ
2525 4280 2759 4349 ἀγγέλου
2813 4279 3195 4351 ἀναμέλποντα
3215 4319 3230 4345 ,
3282 4279 3342 4333 ἐν
3397 4279 3715 4348 ἀγαλλιάσει

2145 4373 2321 4444 βοάτω
2342 4389 2360 4407 ο
2389 4374 2585 4445 Χαῖρε,
2613 4372 3047 4444 κεχαριτωμένη,
3079 4373 3107 4426 6
3129 4372 3332 4443 Κύριος
3356 4370 3495 4441 μετὰ
3525 4370 3642 4426 σοῦ.

2231 4464 2366 4519 Ὑπὲ
2375 4482 2403 4534 ρ
2416 4464 2623 4517 ἔννοιαν
2641 4462 2977 4517 συλλαϐοῦσα
2987 4462 3246 4533 Θεὸν,τῆς
3258 4464 3472 4533 φύσεως
3485 4461 3717 4533 θεσμοὺς

2150 4556 2340 4618 ἔλαθες
2360 4555 2515 4626 κόρη.
2532 4554 2604 4608 Σὺ
2623 4555 2733 4625 γὰρ
2750 4555 2808 4607 ὲν
2820 4555 2899 4625 τῷ
2913 4552 3060 4607 τίκτε
3072 4569 3119 4607 ιν
3131 4552 3197 4607 τὰ
3216 4554 3466 4624 μητέρων
3482 4553 3716 4623 διέδρας,

2155 4648 2355 4722 ρευστὴ
2401 4648 2561 4717 φύσις
2612 4647 2814 4715 καίπερ
2860 4646 3263 4715 καθεστηκυῖαι
3307 4644 3433 4700 ὅθεν
3480 4645 3719 4709 ἐπαξίως

2152 4743 2389 4807 ἀκούεις’
2419 4744 2613 4813 Χαῖρε,
2636 4739 3069 4815 κεχαριτωμένη,
3100 4741 3129 4793 6
3156 4738 3358 4811 Κύριος
3384 4738 3522 4809 μετὰ
3550 4737 3666 4791 σοῦ.

2229 4922 2353 4985 Πῶς
2402 4917 2673 4990 πηγάζεις
2734 4916 2896 4985 γάλα,
2944 4913 3188 4987 Παρθένε
3238 4912 3398 4983 ἁγνὴ,
3452 4912 3517 4965 οὐ
3569 4914 3726 4982 φέρει

2162 5008 2399 5074 ἀξειπεῖν
2437 5005 2658 5076 γλῶσσα
2712 5003 2951 5075 βροτεία.
2999 5002 3161 5057 Ξένον
3194 4998 3305 5074 γὰρ
3357 5000 3572 5071 φύσεως
3607 5002 3725 5054 ἑπι-

2160 5101 2435 5154 δείκνυται
2475 5098 2707 5167 πρᾶγμα
2728 5095 2965 5165 νομίμης
2993 5094 3153 5164 ὅρους
3177 5092 3344 5163 γονῆς
3368 5091 3723 5163 ὕπερὸαῖνον·

2161 5190 2282 5244 ὅθεν
2303 5185 2540 5251 ἐπαξίως
2552 5183 2792 5247 ἀκούεις’
2816 5184 3009 5254 Χαῖρε,
3026 5179 3514 5252 κεχαριτωμένη,ὸ
3527 5179 3727 5251 Κύριος

2166 5279 2305 5353 μετὰ
2338 5277 2453 5334 σοῦ.

2233 5370 2555 5443 Θαυμαστὸν
2579 5368 2656 5441 τῷ
2685 5364 2979 5438 ἱεροφάντῃ
3029 5363 3255 5418 Μωῦσεῖ
3287 5362 3322 5433 ἡ
3369 5360 3534 5432 βάτος
3555 5358 3651 5413 καὶ
3672 5356 3730 5411 τὸ

2166 5466 2278 5537 πῦρ
2309 5464 2477 5529 ἔδειξε
2515 5461 2704 5533 τέρας.
2740 5458 2927 5529 Ζητῶν
2976 5456 3033 5510 δὲ
3065 5454 3126 5507 τδ
3151 5454 3325 5525 πέρας
3347 5454 3428 5513 είς
3483 5450 3731 5505 διάϐασιν

2167 5560 2383 5633 χρόνου.
2412 5558 2470 5611 ὲν
2499 5554 2636 5625 κόρῃ
2670 5554 2807 5622 ἁγνῇ
2838 5550 2941 5621 ἔφη
2973 5544 3384 5611 κατωπτεῦσαι,
3429 5543 3464 5614 ἢ
3493 5543 3572 5607 ὡς
3603 5542 3731 5633 Geo.-

2169 5629 2315 5720 τόκῳ
2342 5647 2579 5720 λεχθείη·
2617 5646 2810 5717 Χαῖρε,
2849 5637 3287 5714 κεχαριτωμένη,
3309 5636 3339 5689 6
3370 5633 3577 5706 Κύριος
3603 5629 3731 5703 μετᾶ

2172 5760 2286 5799 σου.

3876 186 3954 1621 l

3932 1782 3954 2997 ἒ

3936 3022 3954 3740 1

3938 3752 3954 4085 l
