3968 6348
246 345 360 409 865
1350 338 1525 397 VITA
1566 334 1924 395 BARLAAM
1962 333 2054 392 ET
2094 331 2450 393 JOASAPH.
3142 332 3172 347 “
3412 334 3516 393 866

220 461 501 518 τοιούτου
539 458 720 522 λυθεὶς
774 453 976 527 δεσμοῦ
1005 494 1020 517 ,
1077 453 1286 507 τέκνων
1350 452 1577 523 κληθείη
1624 451 1829 522 πατὴρ,

1951 458 2073 514 curq
2102 442 2383 496 sollicitum
2430 439 2679 507 habebat,
2722 455 2948 510 quonam
2968 440 3134 513 'pacto
3163 443 3246 499 bis
3289 443 3513 501 vinculis

250 559 493 630 πρᾶγμα
524 554 635 617 τοῖς
678 550 893 613 πολλοῖς
926 546 1332 601 εὐκταιότατον.
1363 546 1613 609 Τοιοῦτος
1661 544 1759 615 μὲν
1814 546 1842 597 ὁ

254 648 536 721 βασιλεὺς,
568 646 667 700 καὶ
698 643 868 706 οὕτως
903 641 1041 711 ἔχων
1070 638 1171 709 τῆς
1201 637 1449 711 γνώμης.

326 918 403 972 Τὸ
439 916 496 970 δὲ
525 912 922 968 εὐκλεέστατον
951 909 1107 978 γένος
1137 908 1247 960 τῶν
1276 904 1607 979 χριστιανῶν
1646 903 1743 958 καὶ
1772 902 1844 956 τὰ

253 1012 366 1067 τῶν
398 1007 649 1081 μοναχῶν
682 1004 862 1076 πλήθη
911 1004 1040 1074 παρ’
1079 1002 1231 1055 οὐδὲν
1273 1000 1490 1068 θέμενοι
1519 997 1580 1050 τὸ
1616 995 1713 1049 τοῦ
1745 995 1842 1066 βα-

258 1103 455 1165 σιλέως
494 1100 659 1162 σέὅας
685 1139 701 1164 ,
760 1097 854 1150 καὶ
900 1093 1001 1165 τὴν
1039 1091 1207 1146 αὑτοῦ
1247 1090 1322 1162 μὴ
1354 1088 1655 1151 δεδοικότες
1704 1088 1842 1150 ὅλως

254 1192 523 1263 ἀπειλὴν,
572 1189 915 1263 προέκοπτον
965 1188 1031 1255 τῇ
1079 1185 1172 1237 τοῦ
1212 1180 1449 1254 Χριστοῦ
1496 1180 1721 1252 χάριτι,
1761 1181 1843 1243 είς

258 1286 426 1354 λόγου
460 1282 745 1351 κρείττονα
772 1277 983 1348 πληθὺν
1013 1274 1359 1338 ἐπιδιδόντες,
1388 1272 1481 1325 καὶ
1504 1270 1712 1341 βραχὺν
1744 1267 1844 1340 μὲν

256 1375 576 1445 ποιούμενοι
624 1371 719 1425 τοῦ
770 1369 1038 1441 βασιλέως
1084 1366 1243 1435 λόγον
1277 1365 1417 1437 (25),
1449 1364 1559 1418 τῶν
1604 1365 1662 1418 δὲ
1706 1362 1845 1436 πρὸς

258 1466 560 1541 θεραπείαν
595 1465 646 1535 7
679 1462 956 1534 φερόντων
987 1459 1119 1513 Θεοῦ
1161 1458 1527 1529 διαφερόντως
1570 1455 1841 1527 ἐχόμενοι.

258 1560 374 1613 Καὶ
404 1556 490 1610 διὰ
527 1554 687 1608 τοῦτο
718 1550 908 1604 πολλοὶ
944 1552 1052 1603 τῶν
1086 1548 1184 1619 τήν
1228 1546 1525 1619 μοναδικὴν
1558 1546 1843 1617 ἐπανῃρη-

264 1651 442 1723 μένων
470 1647 655 1711 τάξιν,
690 1646 871 1698 πάντα
914 1642 1013 1714 μὲν
1042 1640 1239 1712 ἐπίσης
1264 1640 1334 1692 τὰ
1364 1638 1599 1692 ἐνταῦθα
1630 1637 1845 1709 τερπνὰ

259 1742 540 1803 διέπτυον,
581 1737 720 1810 πρὸς
776 1735 833 1789 ἐν
866 1735 923 1787 δὲ
961 1733 1121 1804 μόνον
1150 1732 1310 1784 τοῦτο
1346 1727 1490 1801 εἶχον
1524 1727 1805 1800 ἐρωτικῶς
1827 1766 1842 1792 ,

260 1835 363 1904 τὴν
402 1802 684 1885 εὐσέὸειαν
710 1869 725 1893 ,
766 1828 861 1881 καὶ
894 1802 984 1879 τὸν
1016 1825 1157 1896 ὑπὲρ
1188 1822 1429 1895 Χριστοῦ
1470 1822 1700 1876 θάνατον
1740 1820 1845 1872 ἐδὶ-
1882 1802 1923 1857 Β

257 1922 401 1995 ψων,
429 1923 523 1977 καὶ
551 1922 651 1993 τῆς
682 1920 890 1973 ἐκεῖθεν
915 1919 1188 1988 ὠρέγοντο
1218 1915 1642 1987 μακαριότητος.
1684 1915 1844 1984 Ἑκή-

265 2033 459 2088 ρυττον
502 2010 616 2075 οὖν,
668 2013 728 2065 οὐ
765 2010 913 2082 φόϐῳ
961 2010 1070 2063 τινὶ
1112 2009 1205 2062 καὶ
1238 2007 1506 2078 ὑποστολῇ
1531 2046 1545 2069 ,
1579 2004 1717 2059 ἀλλὰ
1748 2004 1846 2058 καὶ

260 2107 384 2162 λίαν
415 2106 903 2176 εὐπαρρησιάστως
932 2102 991 2154 τὸ
1025 2100 1117 2154 τοῦ
1154 2098 1289 2152 Θεοῦ
1332 2099 1599 2170 σωτήριον
1634 2097 1841 2168 ὄνομα,

262 2194 361 2248 καὶ
386 2192 536 2246 οὐδὲν
576 2193 605 2245 ὃ
626 2209 679 2244 τι
732 2190 806 2263 μὴ
838 2188 1074 2261 Χριστὸς
1104 2188 1290 2251 αὐτοῖς
1333 2186 1422 2240 διὰ
1454 2186 1719 2257 στόματος
1752 2181 1843 2257 ἦν,

259 2286 366 2356 τήν
405 2302 463 2338 τε
494 2282 730 2355 ῥευστὴν
778 2282 874 2336 καὶ
912 2274 1264 2352 εὐμάραντον
1305 2282 1467 2350 φύσιν
1497 2281 1607 2334 τῶν
1640 2280 1847 2353 παρόν-

260 2399 383 2436 των
424 2381 522 2435 καὶ
571 2379 631 2433 τὸ
668 2379 864 2447 πάγιον
903 2379 999 2431 καὶ
1047 2376 1328 2447 ἄφθαρτον
1380 2376 1479 2447 τῆς
1540 2374 1848 2448 μελλούσης

264 2473 411 2543 ζωῆς
445 2471 695 2543 φανερῶς
730 2472 897 2523 πᾶσιν
945 2470 1318 2535 ὑπεδείκνυον,
1353 2472 1450 2524 καὶ
1479 2471 1643 2524 οἱονεὶ
1675 2472 1849 2541 ἀφορ-

266 2565 376 2635 μὰς
403 2566 661 2636 παρεῖχον
698 2564 793 2616 καὶ
839 2561 1132 2634 σπέρματα
1164 2562 1302 2634 πρὸς
1328 2561 1388 2616 τὸ
1419 2562 1657 2626 οἰκείους
1693 2562 1850 2632 γενέ-

265 2656 398 2709 σθαι
426 2653 544 2725 Θεῷ
573 2655 668 2708 κα)⁸
698 2654 799 2724 τῆς
834 2654 892 2706 ἐν
921 2646 1144 2723 Χριστῷ
1178 2654 1567 2724 κρυπτομένης
1609 2653 1853 2725 ἀξιωθῆ-

267 2764 360 2801 ναι
392 2746 540 2815 ζωῆς
571 2745 709 2816 (26).
756 2743 1037 2798 Ἐντεῦθεν
1069 2744 1277 2811 πολλοὶ,
1308 2746 1409 2816 τῆς
1440 2745 1663 2818 ἡδίστης
1705 2745 1852 2799 ἐκεί-

264 2854 366 2908 νης
424 2835 774 2899 διδασκαλίας
835 2833 948 2905 (Ξῖ)
1010 2835 1405 2903 ἀπολαύοντες,
1462 2836 1558 2890 τοῦ
1608 2838 1707 2908 μὲν
1765 2855 1855 2891 πι-

264 2928 403 2999 κροῦ
444 2931 542 3000 τῆς
584 2929 797 2999 ἀπάτης
822 2929 1120 2998 ἀφίσταντο
1157 2929 1382 2992 σκότους
1405 2968 1420 2992 ,
1463 2928 1540 2999 τῷ
1566 2929 1623 2983 δὲ
1661 2929 1856 2998 γλυκεῖ

265 3027 373 3096 τῆς
403 3023 661 3094 ἀληθείας
689 3024 830 3094 φωτὶ
860 3023 1274 3094 προσετίθεντο·
1316 3022 1390 3086 ὡς
1419 3024 1514 3076 καί
1552 3041 1707 3087 τινας
1744 3022 1855 3077 τῶν

1946 534 2262 600 solveretur,
2293 549 2355 587 ac
2379 533 2640 598 susceptis
2669 532 2848 587 liberis
2882 536 3047 600 patris
3091 551 3281 592 nomen
3308 537 3512 592 obtine-

1946 634 2049 692 ret,
2082 641 2186 694 quo
2217 624 2462 679 videlicet
2490 626 2625 693 apud
2659 627 2937 695 plerosque
2966 626 3095 681 nihil
3139 637 3222 682 est
3258 629 3511 698 Optatius.

1945 715 2121 785 Atque
2147 713 2447 785 bujusmodi
2476 729 2566 771 rex
2593 714 2679 770 hic
2705 723 2840 784 erat,
2885 732 3050 787 eaque
3095 727 3271 773 mente
3298 733 3360 775 ac
3386 734 3513 775 δεη-

1948 806 2129 863 temia.

2015 920 2085 973 At
2113 918 2468 974 illustrissima
2497 916 2917 973 Christianorum
2945 919 3089 974 natio
3108 962 3123 987 ,
3150 928 3203 974 et
3227 921 3513 975 monacho-

1947 1029 2065 1070 rum
2090 1026 2340 1080 catervm,
2367 1014 2508 1084 regis
2552 1014 2753 1068 cultum
2784 1029 2845 1068 ac
2884 1016 3276 1070 venerationem
3308 1030 3403 1085 pro
3433 1016 3511 1068 ni.

1948 1108 2057 1163 hilo
2081 1107 2364 1171 ducentes,
2398 1121 2498 1162 nec
2528 1106 2693 1175 ipsius
2736 1107 2909 1161 minas
2939 1114 3270 1169 metuentes;
3300 1123 3391 1176 per
3422 1107 3512 1166 Dei

1946 1199 2166 1269 gratium
2203 1198 2558 1267 amplissimos
2596 1210 2910 1267 progressus
2939 1196 3223 1261 faciebant,
3261 1207 3311 1249 at
3338 1197 3425 1265 qui
3458 1198 3511 1251 in

1949 1290 2340 1344 multitudinem
2369 1288 2515 1343 omni
2544 1301 2795 1343 sermone
2825 1289 3079 1357 majorem
3116 1296 3511 1357 escrescerent,

1947 1395 2009 1435 ac
2040 1396 2254 1450 parvam
2282 1383 2499 1436 omnino
2536 1380 2675 1448 regis
2706 1381 2964 1435 rationem
3019 1381 3291 1444 haberent,
3324 1382 3389 1434 iis
3415 1395 3511 1434 au-

1950 1481 2056 1527 tem
2087 1473 2248 1526 rebus
2277 1487 2394 1540 quae
2420 1472 2485 1526 ad
2516 1472 2611 1526 Dei
2648 1471 2851 1526 cultum
2899 1472 3235 1539 pertinebant
3280 1472 3513 1540 singula-

1947 1577 2060 1618 rem
2092 1562 2145 1615 in
2171 1562 2383 1615 modum
2413 1561 2583 1617 dediti
2615 1571 2815 1616 essent.
2853 1563 2929 1615 Ac
2959 1570 3237 1630 propterea
3265 1562 3513 1630 permulti

1948 1668 2013 1709 ex
2043 1652 2106 1707 iis
2133 1653 2222 1721 qui
2252 1652 2318 1706 ad
2349 1652 2700 1707 monasticum
2728 1651 2969 1706 ordinem
3001 1667 3121 1706 sese
3156 1653 3512 1718 contulerant,

1951 1744 2126 1796 omnia
2146 1742 2361 1812 quidem
2389 1757 2449 1796 ea
2476 1757 2593 1811 qua
2615 1743 2666 1797 in
2690 1743 2793 1797 vita
2834 1741 3067 1810 jecunda
3095 1751 3219 1797 sunt
3267 1758 3514 1812 peraeque

1947 1833 2378 1900 contemnebant,
2412 1833 2685 1902 soliusque
2726 1833 2936 1901 pietatis
2964 1848 3145 1887 amore
3172 1835 3512 1898 tenebantur,

1947 1935 2010 1974 ac
2030 1923 2215 1975 mortis
2246 1936 2341 1988 pro
2370 1920 2584 1976 Christo
2614 1923 2903 1977 subeundae
2923 1923 3033 1988 siti,
3071 1923 3365 1992 lutumque
3390 1923 3516 1977 bea-

1948 2013 2188 2068 titudinis
2228 2012 2515 2079 cupiditate
2546 2013 2856 2081 ﬂagrabant.
2892 2014 3081 2084 quue
3124 2015 3368 2077 nomine,
3408 2029 3513 2068 non

1910 2163 1920 2171 I
1950 2101 2135 2156 timido
2161 2116 2225 2156 ac
2249 2101 2523 2156 dubitante
2551 2102 2748 2165 animo,
2781 2117 2969 2156 verum
3019 2116 3272 2172 perquam
3330 2104 3514 2158 ﬁdenti

1946 2205 2013 2245 ac
2051 2190 2219 2244 libero
2260 2190 2591 2245 salutiferum
2644 2191 2843 2246 Christi
2885 2207 3079 2247 nomen
3132 2193 3511 2261 praedicabant,

1947 2280 2321 2350 Christumque
2351 2296 2510 2336 unum
2542 2283 2593 2336 in
2623 2297 2717 2337 ore
2746 2282 3028 2347 habebant,
3061 2293 3217 2352 atque
3238 2282 3431 2337 ﬂuxam
3460 2292 3515 2338 et

1929 2370 2202 2454 ’caducatn
2252 2372 2591 2439 prasentium
2646 2386 2824 2427 rerum
2879 2383 3154 2438 naturam,
3214 2365 3512 2441 futurmque

1949 2461 2071 2515 vitae
2119 2460 2418 2516 ﬁrmitatem
2462 2470 2515 2516 et
2557 2462 3005 2519 immortalitatem
3050 2463 3297 2518 omnibus
3342 2464 3512 2532 palam

1950 2564 2174 2621 apteque
2203 2552 2673 2619 demonstrabant,
2705 2567 2769 2608 ac
2797 2555 2940 2608 velut
2967 2554 3201 2609 subsidia
3249 2555 3511 2621 quamam,

1949 2654 2003 2697 et
2029 2643 2229 2698 semina
2278 2644 2406 2712 ipsis
2432 2645 2792 2714 porrigebant,
2837 2662 3060 2715 quorum
3091 2662 3191 2716 ope
3232 2647 3298 2701 ad
3343 2648 3512 2702 Deum

1950 2748 2072 2789 sese
2095 2733 2436 2797 conferrent,
2484 2736 2751 2805 vitamque
2798 2738 2850 2791 in
2901 2738 3111 2792 Christo
3150 2737 3511 2792 absconditam

1950 2834 2406 2892 consequerentur
2432 2824 2649 2893 (Coloss.
2683 2829 2782 2890 ut).
2815 2828 2890 2881 Ex
2919 2842 3022 2895 quo
3049 2826 3297 2884 enectum
3346 2838 3428 2883 est
3456 2836 3512 2881 ut

1950 2912 2125 2979 multi,
2152 2914 2460 2967 suavissima
2505 2916 2591 2969 illa
2621 2916 2856 2970 doctrina
2900 2929 3165 2985 percepta,
3194 2918 3261 2974 ab
3306 2918 3511 2972 acerbis

1951 3008 2149 3063 erroris
2180 3009 2416 3063 tenebris
2453 3010 2830 3073 abscederent,
2856 3020 3015 3078 atque
3041 3010 3107 3065 ad
3136 3012 3340 3067 dulcem
3371 3012 3511 3065 veri-

268 3114 497 3179 ἐνδόξων
542 3116 637 3169 καὶ
680 3114 783 3184 τῆς
831 3115 1139 3186 συγκλήτου
1183 3115 1381 3185 βουλῆς
1429 3116 1610 3169 πάντα
1651 3116 1848 3169 ἀποτί-

1955 3100 2075 3154 tatis
2103 3100 2273 3155 lucem
2318 3114 2439 3155 sese
2468 3100 2838 3169 adjungerent,
2868 3116 3033 3170 usque
3081 3102 3240 3164 adeo,
3267 3108 3324 3155 ut
3371 3115 3511 3155 non-

1952 3189 2079 3242 nulli
2108 3190 2268 3243 etiam
2298 3188 2531 3243 illustres
2558 3189 2657 3242 viri
2684 3204 2746 3242 ac
2765 3200 3062 3252 senatores,
3096 3189 3315 3259 abiectis
3355 3190 3512 3257 hujus
3606 3200 3615 3207 ‘

269 3208 463 3262 θεσθαι
499 3209 566 3262 τὰ
602 3207 695 3261 τοῦ
730 3207 848 3278 βίου
887 3206 1028 3279 βάρη
1064 3206 1156 3262 καὶ
1183 3206 1369 3261 λοιπὸν
1401 3208 1650 3277 γίνεσθαι
1685 3225 1854 3273 μονα-

271 3319 425 3372 χους.

354 3474 416 3528 Ὀ
443 3474 499 3527 δὲ
536 3473 807 3543 βασιλεὺς,
843 3474 917 3537 ὡς
949 3474 1146 3545 ἢκουσε
1179 3475 1372 3538 ταῦτα,
1399 3475 1571 3547 ὀργῆς
1595 3476 1678 3531 ὅτι
1710 3475 1862 3530 πλει-

279 3586 413 3638 στης
471 3567 782 3638 πληρωθεὶς
831 3569 926 3621 καὶ
966 3569 1047 3638 τῷ
1080 3568 1239 3638 θυμῷ
1289 3569 1623 3642 ὑπερζέσας.
1678 3569 1860 3640 δόγμα

276 3662 480 3715 αὐτίκα
522 3660 777 3726 ἐξέθετο,
826 3661 1005 3714 πάντα
1056 3661 1384 3733 Χριστιανὸν
1432 3661 1715 3732 βιάζεσθαι
1762 3662 1860 3716 τοῦ

281 3753 613 3824 ἐξόμνυσθαι
668 3753 769 3825 τὴν
819 3752 1125 3807 εὐσέϐειαν.
1157 3753 1323 3807 Ὅθεν
1369 3756 1534 3809 καινά
1589 3755 1688 3827 μὲν
1736 3756 1860 3809 κατ’

280 3846 463 3899 αὐτῶν
489 3845 603 3916 εἴδη
634 3845 885 3915 βασάνων
910 3846 1123 3899 ἐπενόει
1147 3846 1242 3900 καὶ
1271 3846 1564 3917 ἐπετήδευε
1590 3886 1605 3910 ,
1635 3848 1862 3910 καινοὺς

279 3932 339 3986 δέ
379 3933 615 4003 τρόπους
655 3932 901 3987 θανάτων
942 3934 1179 4003 ἠπείλει.
1220 3935 1333 3989 Καὶ
1371 3936 1675 4006 γράμματα
1721 3937 1862 3991 κατά

282 4025 483 4078 πᾶσαν
514 4025 612 4095 τὴν
646 4025 879 4096 ὑποτελῆ
920 4023 1069 4096 αὐτῷ
1100 4023 1286 4095 χώραν
1326 4026 1609 4097 ἐπέμπετο
1633 4028 1863 4098 ἄρχουσι

279 4118 381 4170 καὶ
406 4119 660 4187 ἡγεμόσι,
685 4119 741 4189 8
759 4118 1030 4189 τιμωρίας
1057 4120 1200 4172 κατά
1219 4120 1330 4172 τῶν
1347 4120 1405 4171 εὑ
1416 4118 1588 4171 σεὸῶν
1605 4120 1699 4173 καὶ
1727 4137 1865 4190 σφα-

284 4211 386 4275 γάς
426 4210 641 4273 ἀδίκους
674 4211 1113 4287 ἀ-πονραινόμενα.
1132 4210 1465 4283 Ἐξαιρέτως
1496 4212 1553 4265 δὲ
1584 4213 1727 4267 κατὰ
1750 4212 1862 4267 τῶν

280 4302 379 4356 τοῦ
412 4303 699 4373 μοναδικοῦ
738 4305 1021 4375 σχήματος
1058 4305 1300 4373 λογάδων
1356 4304 1721 4377 θυμομαχῶν.
1760 4307 1863 4361 ἇσ-

282 4397 477 4452 πονδον
505 4400 695 4470 ήγειρε
719 4400 810 4453 τὸν
840 4399 975 4471 πρὸς
1003 4400 1203 4463 αὐτοὺς
1228 4400 1323 4453 καὶ
1349 4401 1663 4471 ἀκήρυκτον
1696 4400 1860 4454 πόλε-

284 4508 407 4560 μον.
441 4490 627 4564 Ταύτῃ
657 4509 740 4544 τοι
775 4492 870 4545 κα)⁸
896 4491 1079 4545 πολλοὶ
1109 4491 1210 4562 μὲν
1238 4491 1350 4544 τῶν
1376 4492 1587 4547 πιστῶν
1615 4492 1716 4564 τὴν
1741 4494 1861 4547 διά-
1897 4489 1939 4543 D

280 4599 438 4636 νοιαν
491 4584 917 4648 ἁνεσαλεύοντο,
954 4584 1104 4637 ἄλλοι
1162 4584 1254 4651 δὲ,
1304 4585 1407 4649 τὰς
1464 4584 1736 4656 βασάνους
1790 4587 1866 4658 μὴ

278 4672 606 4743 δυνηθέντες
655 4676 980 4745 ὑπενεγκεῖν
1017 4716 1032 4740 ,
1064 4676 1143 4748 τῷ
1194 4676 1440 4747 ἀθεμίτῳ
1490 4678 1659 4732 αὑτοῦ
1717 4674 1867 4733 εἶκον

281 4768 695 4844 προστάγματι.
723 4769 784 4822 Ol
808 4769 865 4821 δὲ
896 4769 992 4822 τοῦ
1021 4772 1320 4841 μοναχικοῦ
1351 4770 1632 4841 τάγματος
1662 4773 1867 4843 ήγεμόο

281 4877 379 4923 νες
415 4862 509 4942 καὶ
536 4863 791 4932 ἀρχηγοὶ,
822 4863 871 4915 οἱ
908 4862 1007 4931 μὲν
1040 4904 1055 4926 ,
1081 4863 1397 4932 ἐλέγχοντες
1424 4861 1590 4914 αὐτοῦ
1626 4862 1722 4932 τὴν
1749 4864 1872 4916 ἀνο-

287 4953 446 5024 μίαν,
483 4953 544 5006 τὺ
600 4954 688 5007 διὰ
732 4955 1033 5026 μαρτυρίου
1080 4955 1401 5025 ὑπήνεγκαν
1440 4954 1594 5016 τέλος
1627 4954 1724 5007 καὶ⁹
1771 4957 1873 5026 τῆς

1949 3277 2074 3332 vitae
2117 3279 2363 3347 sarcinis,
2418 3279 2471 3335 in
2524 3281 2903 3362 monachorum
2958 3281 3136 3336 album
3179 3294 3301 3336 sese
3345 3283 3512 3336 ascri-

1950 3369 2154 3425 herent.

2022 3460 2135 3516 Rex
2160 3468 2334 3514 autem
2366 3461 2453 3516 ubi
2495 3460 2608 3515 haec
2654 3460 2931 3524 intellexit,
2978 3458 3179 3528 ingenti
3286 3456 3514 3513 iracun-

1958 3543 2046 3598 dia
2172 3558 2492 3611 commotus,
2526 3558 2685 3617 atque
2724 3549 3088 3617 indignatione
3134 3548 3366 3609 fervens.
3404 3556 3518 3600 sta-

1950 3633 2050 3689 tim
2080 3632 2251 3687 edicto
2280 3631 2454 3684 sanxit
2476 3640 2535 3684 ut
2567 3630 2852 3685 Christiani
2890 3643 3079 3684 clunes
3123 3627 3371 3695 pietatem
3404 3622 3519 3688 eju-

1949 3737 2071 3780 rare
2095 3733 2427 3793 cogerentur.
2453 3722 2536 3777 Ac
2564 3722 2815 3789 deinceps
2843 3736 2977 3773 nova
3019 3717 3399 3785 suppliciorum
3427 3727 3519 3781 ge-

1949 3829 2075 3869 nera
2106 3813 2631 3877 comminiscebatur,
2661 3823 2817 3881 atque
2835 3811 3083 3864 inusitata
3108 3808 3297 3860 mortis
3321 3816 3517 3874 genera

1949 3904 2268 3966 minabatur;
2301 3902 2609 3968 litterasque
2633 3900 2696 3952 ad
2731 3914 2914 3953 omnes
2943 3896 3172 3964 regionis
3200 3893 3381 3947 ditinni
3409 3892 3518 3943 sua!

1948 3991 2198 4060 subjectae
2221 4000 2399 4059 partes
2426 3990 2687 4053 mittebat,
2719 3988 2905 4056 quibus
2936 3995 2991 4039 et
3036 3981 3296 4050 prml'ectis
3326 3990 3379 4034 et
3419 3978 3515 4032 du-

1950 4084 2101 4139 cibus
2128 4083 2418 4151 imperabat
2449 4089 2506 4134 ut
2536 4080 2814 4134 tormentis
2860 4087 3016 4146 atque
3066 4076 3258 4141 iniquis
3287 4072 3521 4125 caedibus

1956 4177 2009 4233 in.
2037 4174 2279 4229 homines
2301 4174 2495 4241 pietate
2518 4170 2766 4239 praeditos
2795 4175 3183 4239 grassarentur.
3219 4164 3518 4218 Prmsertim

1954 4274 2129 4319 autem
2153 4265 2205 4319 in
2237 4263 2710 4335 prmstantissimos
2739 4274 2976 4330 quosque
3016 4256 3291 4311 monastici
3320 4254 3521 4307 ordinis

1950 4359 2391 4423 excandescebat,
2420 4364 2578 4426 atque
2608 4352 2943 4424 implacabile
2971 4350 3251 4405 adversum
3299 4362 3391 4404 eos
3421 4345 3524 4398 bel-

1952 4451 2059 4504 lum
2086 4448 2369 4503 excitabat.
2396 4446 2475 4501 Ob
2523 4458 2746 4513 eamque
2772 4458 2984 4498 causam
3014 4441 3247 4509 priorum
3287 4436 3523 4506 plerique

1952 4539 2128 4592 animo
2153 4536 2504 4590 vacillabant:
2536 4534 2622 4587 alii
2676 4541 2875 4595 autem,
2926 4530 3046 4598 quia
3076 4528 3393 4582 cruciatibus
3442 4526 3524 4579 fe-

1952 4616 2133 4684 rendis
2178 4624 2407 4691 impares
2460 4632 2633 4684 erant,
2666 4620 2868 4674 nefario
2900 4621 3064 4687 ipsius
3104 4617 3325 4684 imperio
3374 4630 3525 4683 pare-

1950 4718 2095 4773 bant.
2129 4715 2197 4769 At
2226 4729 2355 4769 vero
2382 4711 2688 4767 monasticae
2717 4710 2901 4764 classis
2929 4708 3091 4762 duces
3112 4718 3271 4774 atque
3319 4704 3526 4757 antisti-
3596 4744 3601 4745 κ

1954 4815 2059 4871 tes,
2093 4804 2284 4874 partim
2316 4802 2481 4871 ipsius
2521 4801 2857 4870 iniquitatem
2900 4805 3247 4865 coarguentes
3277 4808 3337 4847 ac
3383 4793 3524 4846 refu-

1958 4906 2152 4960 tantes,
2188 4894 2445 4964 martyrio
2464 4894 2626 4948 vitam
2682 4890 2950 4955 liniebaut,
2980 4897 3137 4956 atque
3165 4886 3230 4938 ad
3252 4882 3526 4949 sempiter-

1959 5004 2079 5043 nam
2107 4985 2492 5041 beatitudinem
2542 4983 2963 5054 perveniebant;
3000 4980 3187 5047 partim
3237 4975 3287 5028 in
3334 4972 3522 5024 solitu-

284 5046 528 5116 ἀλήκτου
566 5047 830 5118 ἐπέτυχον
865 5046 1273 5118 μακαριότητος
1296 5062 1310 5076 ·
1348 5046 1397 5098 οἱ
1426 5046 1483 5099 δὲ
1520 5046 1578 5097 ὲν
1610 5046 1853 5117 ἐρημίαιξ

1954 5080 2164 5135 dinibus
2193 5088 2246 5134 et
2291 5046 2559 5133 montibus
2604 5091 2722 5131 sese
2752 5046 3104 5130 occultabant.
3138 5080 3243 5119 non
3294 5072 3525 5115 tormen-

285 5139 391 5192 καὶ
414 5138 595 5209 ὄρεσιν
629 5139 1065 5210 ἀπεκρύπτοντο,
1097 5140 1159 5193 οὐ
1197 5139 1308 5192 δέει
1339 5139 1450 5191 τῶν
1476 5139 1853 5210 ὴπειλημένωι

1954 5179 2126 5225 torum
2160 5185 2277 5238 qua:
2331 5168 2460 5238 ipsis
2489 5165 2937 5220 denuntiabantur
2988 5169 3154 5221 metu,
3190 5168 3369 5207 verum
3400 5151 3541 5205 divi.

290 5231 565 5302 βασάνων,
596 5232 711 5286 ἀλλ’
740 5230 1026 5303 οἰκονομίᾳ
1054 5231 1163 5287 τινὶ
1195 5231 1465 5304 θειοτέρα.

372 5637 481 5764 ἓξὲξ
508 5637 777 5764 Enim
808 5656 883 5764 δέ

370 5709 481 5779 (26)
508 5708 681 5776 Epist.
708 5708 774 5764 ad
808 5708 1017 5765 Coloss.
1049 5726 1133 5776 Ill,
1163 5711 1236 5765 ὃς
1266 5708 1342 5763 ’Ἡ
1371 5708 1485 5779 ζωὴ

1955 5262 2102 5317 niore
2132 5260 2359 5331 quodam
2399 5257 2620 5314 consilio
2647 5268 2711 5310 ac
2741 5248 3091 5323 providentia.

912 5658 972 5692 π.
1005 5640 1116 5693 τῶν
1141 5640 1234 5693 τοῦ
1264 5638 1766 5711 βηλόγονεΑιιῑοη.
1801 5636 1853 5691 Li

1951 5637 2066 5693 'alis
2087 5652 2142 5711 _c.
2178 5638 2248 5711 59
2276 5639 2352 5711 si)
2396 5637 2597 5711 δὲ-τῶν
2630 5634 2912 5711 pnigea
2950 5635 3186 5688 ἐποιεῖτο
3218 5632 3449 5707 βραχύν.

1526 5708 1681 5779 ὑμῶν
1708 5709 2014 5777 κέκρυπται
2051 5709 2147 5762 σὺν
2167 5708 2246 5779 τῷ
2271 5705 2490 5779 Χριστῷ
2525 5711 2583 5760 ἐν
2609 5705 2686 5776 τῷ
2715 5705 2849 5779 Θεῷ.

369 5773 485 5852 (27)
522 5773 738 5851 [Ερίει.
766 5782 833 5838 ad
864 5780 1100 5840 Timoth.
1121 5773 1211 5849 ἰν,
1243 5780 1275 5836 6
1304 5798 1316 5835 :
1357 5773 1783 5852 Ἐντρειρόμενος
1814 5773 1853 5833 in

1967 5779 2148 5850 λόγοις
2190 5773 2291 5851 τῆς
2324 5773 2562 5842 πίστεως
2594 5773 2688 5832 καὶ
2719 5773 2819 5848 τῆς
2848 5776 3022 5847 καλῆς
3048 5773 3416 5838 διδασκαλίας.
