3994 6350
492 344 595 408 867

1965 340 2345 408 ADDENDA.

2640 242 2675 269 π

3644 369 3757 432 8ῧ8

564 458 694 517 Car.
735 462 800 517 11.
841 492 908 503 —-
945 424 1075 516 Cum
1096 460 1274 530 itaque
1296 454 1599 531 huiusmodi
1622 459 1789 530 caligo
1819 459 2064 515 ludorum

2249 460 2409 513 ΚΕΦ.
2445 460 2519 513 Β’.
2568 461 2679 533 Τῆς
2721 464 2973 536 τοιαύτης
3002 462 3095 521 οὖν
3128 469 3470 544 σκοτομήνης
3509 475 3607 545 τὴν
3645 480 3755 533 τῶν

497 554 769 622 regionem
800 554 1098 616 invasisset,
1143 567 1205 606 ac
1252 553 1321 623 pii
1348 563 1405 608 et
1456 553 1624 607 sancti
1676 553 1781 607 viri
1836 551 2067 622 undique

496 653 845 706 vexarentur,
894 642 1179 709 impietatis
1209 652 1386 697 autem
1427 650 1847 713 propugnatores
1877 642 2067 712 opibus

497 746 560 787 ac
583 731 812 802 potentia
841 729 1115 799 ﬂorerent,
1140 742 1300 802 atque
1333 734 1615 789 cruoribus
1645 743 1697 788 et
1734 733 2066 789 victimarum

496 823 681 877 nidore
710 821 825 890 ipse
851 837 1061 892 quoque
1089 838 1183 879 aer
1209 823 1529 889 inﬁceretur,
1580 838 1715 878 unus
1743 838 1774 879 e
1797 824 2069 896 regiorum“

449 930 467 941 ί
494 919 829 979 satraparum
856 911 1202 981 principibus,
1251 913 1413 967 animi
1447 912 1769 981 fortitudine,
1801 913 2068 983 corporis-

495 1016 597 1070 que
623 1002 982 1071 magnitudine
1026 1017 1089 1057 ac
1126 1003 1545 1073 pulchritudine,
1576 1006 1892 1074 caeterisque
1936 1002 2056 1057 aliis

496 1092 676 1157 rebus,
706 1092 897 1161 quibus
925 1094 1159 1162 corporis
1175 1095 1434 1161 elegantia
1460 1104 1516 1150 et
1531 1094 1695 1148 animi
1716 1094 2064 1164 generositas,

494 1193 742 1252 tanquam
773 1184 934 1239 certis
956 1186 1270 1255 quibusdam
1297 1189 1435 1243 notis
1463 1188 1687 1256 exprimi
1711 1189 1906 1252 solent,
1932 1188 2069 1245 alios

496 1290 684 1330 omnes
709 1279 1076 1334 antecellebat.
1121 1279 1480 1345 Quamobrem
1518 1295 1640 1334 cum
1678 1281 1896 1349 impium
1935 1280 2064 1333 illud

496 1365 727 1420 edictum
770 1367 1036 1433 audisset,
1078 1367 1217 1422 inani
1258 1368 1357 1422 hac
1406 1378 1564 1434 atque
1617 1368 1764 1423 humi
1816 1380 2067 1438 serpente

496 1456 662 1524 gloria
690 1468 745 1513 et
770 1457 979 1514 deliciis
1009 1464 1188 1514 valere
1209 1458 1395 1529 jussis,
1426 1458 1491 1512 ad
1524 1458 1905 1513 monachorum
1951 1473 2063 1514 cm-

497 1556 606 1602 tum
638 1563 759 1605 sese
806 1551 1129 1621 aggregavit,
1164 1561 1322 1620 atque
1361 1551 1413 1603 in
1456 1550 1585 1604 locis
1619 1549 1874 1605 solitariis
1909 1564 2067 1604 exsu-

498 1640 635 1705 lans,
661 1640 879 1709 jejuniis
905 1650 959 1696 et
996 1643 1205 1709 vigiliis,
1248 1656 1310 1695 ac
1346 1641 1583 1710 diligenti
1612 1641 1953 1695 oraculorum
1979 1641 2064 1696 di-

497 1733 739 1786 vinorum
773 1732 1118 1787 meditatione
1164 1748 1352 1789 sensus
1381 1748 1508 1786 suos
1536 1732 1776 1801 apprime
1814 1747 2068 1804 repurga-

498 1821 609 1885 bat,
640 1836 982 1890 antmumque
1027 1823 1094 1875 ab
1120 1824 1263 1893 onmi
1291 1821 1478 1877 vitiosa
1508 1822 1786 1878 atrectione
1831 1824 2064 1878 solutum

2173 1810 2440 1906 καθάρας,
2462 1810 2554 1891 κοίι
2577 1839 2677 1911 τὴν
2702 1810 3107 1917 ᾦυχὴνῗπάσης

497 1920 551 1963 et
586 1910 909 1977 abductum,
948 1925 1008 1965 ea
1051 1913 1167 1966 luce
1200 1927 1357 1981 quam
1396 1911 1746 1981 tranquillitas
1787 1926 1818 1965 a
1861 1912 2069 1967 vitiosis

498 2000 871 2057 aﬂectionibus
902 2003 1037 2070 parit
1068 2002 1385 2057 illustrabat.
1427 2002 1537 2057 Rex
1569 2010 1765 2068 autem,
1797 2018 1916 2057 cum
1944 2018 2067 2059 eum

502 2093 756 2164 majorem
788 2093 840 2147 in
883 2094 1095 2148 modum
1126 2095 1389 2163 diligeret,
1438 2104 1600 2163 atque
1644 2093 1698 2147 in
1754 2094 1957 2151 honore
2005 2110 2068 2152 ac

499 2186 668 2253 pretio
699 2187 938 2251 haberet,
973 2194 1029 2239 ut
1055 2190 1155 2241 hoc
1183 2188 1401 2249 audivit,
1436 2186 1502 2241 de
1533 2187 1689 2241 amici
1732 2187 1934 2255 jactura
1965 2187 2065 2241 do-

500 2278 663 2331 lorem
690 2286 869 2331 animo
898 2286 1058 2347 cepit,
1091 2280 1559 2349 vehementiusque
1599 2278 1852 2333 adversus
1883 2294 2069 2333 mona-

500 2367 629 2421 chos
669 2369 889 2423 exarsit.
920 2370 1092 2437 Atque
1121 2385 1241 2424 cum
1291 2370 1532 2425 homines
1579 2369 1645 2424 ad
1677 2384 1797 2422 eum
1848 2368 2066 2436 conquio

499 2454 722 2510 rendum
753 2470 1176 2525 quaquaversum
1208 2458 1458 2522 misisset,
1505 2466 1578 2524 et,
1622 2456 2066 2531 quemadmodum

502 2548 663 2615 vulgo
689 2547 901 2612 dicitur,
932 2548 1132 2603 nullum
1159 2564 1260 2602 non
1288 2548 1517 2618 lapidem
1612 2548 1870 2605 movisset
1961 2564 2068 2619 quo

502 2654 630 2693 eum
661 2638 944 2702 inveniret,
966 2640 1246 2709 aliquando
1266 2650 1385 2710 post
1416 2641 1491 2695 illi
1512 2640 1599 2709 qui
1627 2641 1692 2694 ad
1715 2655 1837 2695 eum
1865 2641 2069 2696 investi-

498 2730 730 2797 gandum
761 2731 904 2785 missi
930 2731 1160 2798 fuerant,
1190 2744 1248 2785 ut
1281 2746 1400 2785 eum
1431 2733 1482 2785 in
1507 2732 1792 2786 solitudine
1822 2747 2067 2787 commo-

502 2821 608 2875 rari
631 2830 934 2886 senserunt,
963 2822 1034 2876 ita
1065 2822 1381 2890 perscrutati
1407 2830 1551 2883 sunt.
1601 2832 1657 2876 ut
1686 2823 1897 2878 tandem
1944 2839 2065 2878 eum

503 2911 822 2979 arriperent,
846 2921 1003 2978 atque
1030 2910 1094 2965 ad
1117 2910 1255 2979 regis
1274 2909 1503 2966 tribunal
1530 2910 1794 2967 sisterent.
1828 2913 1940 2967 Rex
1968 2928 2065 2966 au-

505 3010 632 3067 tem,
654 3017 774 3056 cum
802 3016 923 3056 eum
958 3002 1045 3070 qui
1082 3001 1346 3070 quondam
1376 3001 1666 3071 splendidis
1693 3003 1925 3058 vestibus
1953 3015 2065 3058 ute—

503 3094 675 3157 batur,
707 3100 867 3159 atque
899 3091 952 3145 in
979 3092 1185 3161 magnis
1207 3092 1414 3147 deliciis
1455 3092 1616 3146 vitam
1646 3094 1910 3163 exigebat,
1959 3105 2064 3148 tam

503 3181 676 3235 viliter
706 3190 757 3235 et
792 3179 1003 3249 abjecte
1037 3182 1307 3247 amictum,
1344 3194 1406 3234 ac
1443 3182 1701 3249 religiosae
1738 3174 2066 3239 exercitatio-

505 3271 587 3324 nis
616 3272 905 3335 asperitate
930 3270 1205 3335 amietum,
1231 3270 1453 3346 vitaeque
1481 3271 1729 3325 soiitaria:
1755 3273 1903 3341 signa
1928 3272 2064 3327 haud

503 3360 727 3415 obscure
748 3369 1039 3428 gestantem
1062 3360 1451 3427 conspexisset,
1477 3374 1707 3414 maerore
1730 3360 1887 3414 simul
1908 3370 2068 3431 atque

504 3449 773 3503 iracundia
805 3449 1137 3517 implebatur,
1163 3457 1320 3518 atque
1359 3463 1424 3503 ex
1461 3459 1685 3518 utroque
1709 3449 1901 3504 aifectu
1933 3461 2065 3505 tem-

505 3549 692 3607 perato
720 3553 985 3605 sermone,
1028 3539 1100 3593 ita
1128 3554 1249 3594 eum
1279 3540 1539 3593 allocutus
1568 3549 1649 3593 est
1675 3555 1690 3593 :

574 3652 617 3707 Ο
646 3669 830 3709 vecors
878 3665 930 3710 et
958 3657 1198 3723 demens,
1239 3659 1363 3730 quid
1389 3668 1441 3715 te
1491 3662 1708 3719 adduxit
1731 3671 1786 3720 ut
1812 3662 2065 3720 honorem

502 3760 621 3800 cum
657 3749 963 3818 ignominia,
992 3759 1047 3804 et
1068 3751 1321 3806 illustrem
1343 3754 1559 3824 gloriam
1590 3770 1708 3809 cum
1731 3756 1868 3826 turpi
1896 3771 1957 3810 ac
1980 3756 2067 3812 de-

501 3836 710 3892 decoris
754 3838 907 3906 pleno
956 3839 1133 3894 habitu
1167 3846 1567 3898 commntares?
1604 3845 1812 3901 Siccine
1843 3856 1926 3912 tu,
1959 3849 2050 3916 qui

503 3943 669 3997 regno
692 3944 809 3983 tneo
840 3944 1091 3998 praeeras,
1122 3942 1283 4004 atque
1318 3935 1368 3988 in
1405 3935 1583 4003 copias
1613 3951 1756 3990 meas
1784 3937 2062 4005 imperium

501 4020 729 4075 militare
751 4018 1045 4086 obtinebas,
1077 4024 1301 4091 teipsum
1344 4039 1624 4093 puerorum
1664 4026 1947 4081 ludibrium
1984 4026 2063 4082 ef-

502 4100 695 4172 fecisti,
721 4120 782 4160 ac
803 4122 907 4160 non
938 4111 1094 4163 modo
1118 4126 1249 4165 mea:
1271 4114 1517 4168 amicitiai
1546 4117 1851 4172 memoriam
1873 4132 1939 4174 ex
1954 4118 2069 4176 ani-

502 4195 797 4262 mo~procul
822 4196 1045 4265 ejecisti,
1072 4214 1253 4256 verum
1280 4203 1442 4256 etiam
1476 4203 1734 4261 adversus
1760 4205 1929 4276 ipsam
1968 4225 2065 4269 ua-

498 4288 669 4335 turam
692 4282 945 4351 impetum
970 4285 1160 4350 fecisti,
1186 4301 1248 4341 ac
1278 4304 1343 4342 ne
1364 4298 1572 4344 tuorum
1600 4293 1809 4361 quidem
1834 4297 2061 4356 ﬁliorum

496 4369 838 4427 miseratione
885 4373 1135 4441 atiectus,
1182 4385 1291 4431 tum
1343 4393 1499 4449 opes,
1538 4391 1649 4438 tum
1690 4399 1900 4443 omnem
1942 4392 2064 4449 vita;

2188 546 2367 601 Ἰνδῶν
2400 548 2841 625 καταλαϐούσης,
2878 558 2972 609 καὶ
2994 556 3104 609 τῶν
3131 558 3232 629 μὲν
3255 562 3466 617 πιστῶν
3487 565 3756 622 πάντοθεν

2174 638 2570 711 ἐλαυνομένων,
2596 643 2708 698 τῶν
2732 645 2790 698 δὲ
2819 646 2918 716 τῆς
2940 647 3199 714 ἀσεϐείας
3222 653 3588 710 ὑπασπιστῶν
3614 676 3753 730 κρα-

2170 732 2505 803 τυνομένων,
2548 735 2745 806 αἵμασι
2779 754 2839 790 τε
2874 739 2970 792 καὶ
3011 740 3225 808 κνίσαις
3271 744 3382 799 τῶν
3420 745 3621 802 θυσιῶν
3659 752 3755 804 καὶ

2174 824 2340 878 αὑτοῦ
2367 826 2433 897 δὴ
2461 826 2556 881 τοῦ
2587 827 2751 899 ἀέρος
2788 829 3155 903 μολυνομένου
3180 875 3195 901 ,
3224 829 3308 900 εἷς
3334 836 3442 891 τῶν
3472 838 3567 893 τοῦ
3597 839 3754 911 βασι-

2170 915 2305 981 λέως
2332 958 2348 985 ,
2394 919 2824 993 ἀρχισατράπης
2866 922 2968 995 τὴν
3029 923 3208 993 ἀξίαν,
3248 926 3429 1000 ψυχῆς
3466 936 3756 1007 παραστή-

2175 1024 2307 1078 ματι
2334 1049 2350 1073 ,
2401 1009 2624 1080 μεγέθει
2649 1029 2709 1065 τε
2739 1014 2834 1067 καὶ
2863 1014 3085 1081 κάλλει,
3126 1019 3224 1072 καί.
3260 1021 3426 1075 πᾶσιν
3463 1023 3644 1089 ἀλλοις
3672 1021 3757 1089 οἷς

2170 1097 2291 1171 ὥρα
2319 1098 2571 1173 σώματος
2594 1104 2689 1158 καὶ
2713 1105 3034 1179 γενναιότης
3066 1110 3248 1182 ψυχῆς
3273 1112 3529 1184 ἀνδρείας
3577 1135 3758 1189 χαρα-

2171 1191 2531 1262 κτηρίζεσθαι
2554 1194 2790 1264 πέφυκε,
2824 1197 2933 1250 τῶν
2961 1198 3139 1254 ἀλλων
3168 1202 3434 1274 ἐτύγχανε
3456 1205 3751 1279 διαφέρων,

2173 1281 2247 1334 Th
2288 1283 2486 1347 ἀσεϐὲς
2526 1281 2620 1339 οὖν
2669 1289 2845 1341 έκεῖνο
2895 1291 3227 1363 πρόσταγμα
3276 1295 3520 1361 ἀκούσας
3566 1295 3753 1368 οὗτος,

2170 1374 2382 1445 χαίρειν
2421 1376 2592 1431 εἰπὼν
2615 1381 2680 1450 τῇ
2713 1381 2921 1453 ματαίᾳ
2950 1383 3120 1455 ταύτῃ
3168 1386 3263 1439 καί
3291 1388 3443 1442 κάτω
3474 1393 3757 1465 συρομένῃ

2166 1466 2295 1538 δόξῃ
2324 1485 2384 1520 τε
2420 1470 2515 1522 καὶ
2539 1474 2715 1543 τρυφῇ
2741 1512 2756 1536 ,
2784 1476 2904 1538 ταῖς
2930 1474 3039 1528 τῶν
3070 1478 3323 1547 μοναχῶν
3359 1480 3583 1549 λογάσιν
3619 1484 3755 1537 ἐαυ-

2170 1559 2261 1611 τὸν
2296 1561 2681 1632 ἐγκατέμιξεν,
2736 1565 3023 1637 ὑπερόριος
3071 1569 3362 1640 γενόμενος
3408 1573 3468 1627 έν
3521 1575 3756 1647 ἐρήμοις

2170 1650 2380 1718 τόποις,
2405 1654 2685 1723 νηστείαις
2702 1672 2760 1708 τε
2787 1658 2879 1710 καὶ
2901 1659 3231 1730 ἀγρυπνίαις
3258 1662 3351 1715 καὶ
3369 1665 3433 1734 τῇ
3452 1664 3561 1719 τῶν
3588 1666 3756 1721 θείων

2170 1742 2371 1812 λογίων
2418 1747 2677 1819 ἐπιμελεῖ
2718 1749 2919 1822 μελέτῃ
2958 1752 3061 1815 τὰς
3102 1755 3388 1826 αἰσθήσεις
3415 1756 3615 1828 ἄριστα
3655 1761 3754 1813 ἐκ·

3127 1848 3443 1916 ἀπαλλάξας
3467 1852 3756 1923 ἐμπαθοῦς

2173 1923 2412 2013 σχέσεως
2437 1966 2452 1989 ,
2493 1926 2571 1996 τῷ
2618 1928 2721 1999 τῆς
2762 1932 3035 1996 ἀπαθείας
3083 1936 3224 2004 φωτί
3266 1939 3748 2013 κατελάμπρυνεν.

2166 2012 2225 2106 9
2275 2014 2332 2069 '0
2358 2015 2413 2069 δὲ
2447 2017 2723 2087 βασιλεὺς,
2759 2022 2901 2075 πάνυ
2931 2024 3122 2079 τοῦτον
3144 2026 3318 2095 φιλῶν
3350 2030 3446 2085 καί
3469 2012 3755 2106 διάτιμῆς

2169 2102 2340 2196 ἀγων,
2375 2106 2450 2170 ὡς
2480 2108 2679 2178 ήκουσε
2710 2111 2905 2178 ταῦτα,
2936 2116 3142 2187 ήλγησε
3172 2118 3273 2189 μὲν
3305 2119 3405 2191 τὴν
3442 2102 3752 2196 ψυχὴννὲπὶ

2167 2196 2234 2265 τῇ
2260 2195 2355 2249 τοῦ
2386 2198 2541 2266 φίλου
2577 2205 2853 2274 στερήσει,
2897 2206 3170 2281 ἐξεκαύθη
3216 2210 3274 2264 δὲ
3305 2211 3469 2268 πλέον
3500 2195 3586 2286 τῇί
3606 2220 3751 2273 κατά

2166 2287 2277 2341 τῶν
2312 2291 2656 2358 μοναζόντων
2694 2295 2856 2368 ὀργῇ.
2896 2299 3009 2351 Καὶ
3046 2300 3111 2371 δὴ
3152 2302 3296 2356 κατὰ
3322 2303 3548 2377 ζήτησιν
3577 2309 3747 2365 αὐτοῦ

2167 2380 2446 2451 πανταχοῦ
2474 2384 2831 2449 ἀποστείλας..
2870 2390 2963 2443 καὶ
3005 2391 3184 2446 πάντα
3210 2394 3358 2448 λίθον
3396 2399 3648 2471 κινήσας,
3687 2405 3751 2457 τὸ

2165 2469 2260 2523 τοῦ
2296 2472 2465 2541 λόγου
2516 2474 2667 2545 (28),
2719 2476 2863 2532 ὥστε
2909 2480 3099 2537 τοῦτον
3132 2485 3421 2557 ὲφευρεῖν,
3475 2469 3614 2561 μετά
3651 2491 3750 2548 οὖν

2167 2563 2361 2633 χρόνον
2402 2566 2587 2621 ἰκανὸν
2613 2570 2665 2621 οἰ
2696 2572 2777 2630 εἰς
2803 2572 3132 2645 ἐπιζήτησιν
3159 2578 3325 2632 αὑτοῦ
3355 2582 3707 2653 πεμφθέντες
3728 2628 3742 2647 ,

2164 2655 2259 2749 ῶς,
2288 2657 2517 2730 ᾔσθοντο
2554 2662 2614 2715 ὲν
2645 2664 2878 2737 ἐρήμοις
2905 2668 3069 2721 αὑτὸν
3119 2670 3217 2734 τάς
3249 2673 3493 2745 οἰκήσεις
3526 2675 3743 2749 ἔχοντα,

2164 2747 2611 2822 διερευνήσαντες
2650 2756 2743 2808 καὶ
2777 2757 3201 2831 συλλαϐόμενοι,
3242 2762 3320 2836 τῷ
3350 2766 3444 2821 τοῦ
3478 2747 3748 2838 βασιλέως

2166 2841 2520 2914 παρέστησαν
2555 2844 2781 2917 βήματι.
2828 2849 2970 2903 Ἰδὼν
2998 2853 3070 2906 ’δὲ
3101 2855 3266 2909 αὐτὸν
3313 2861 3371 2911 ὲν
3402 2858 3547 2917 οὕτω
3589 2879 3746 2917 πενι-

2165 2931 2272 3023 χρᾷ
2316 2931 2410 2984 καὶ
2456 2936 2772 3008 τραχυτάτῃ
2805 2939 2994 3010 ἐσθῆτι
3019 2942 3110 2995 τὸν
3145 2943 3419 3017 λαμπροῖς
3448 2968 3579 3004 ποτε
3610 2955 3743 3023 ίμα-

2165 3022 2300 3085 τίοις
2336 3023 2738 3096 ἠμφιεσμένον,
2782 3031 2879 3083 καὶ
2917 3033 3010 3086 τὸν
3052 3034 3219 3107 πολλῇ
3258 3038 3508 3103 συζῶντα
3557 3050 3742 3118 τρυφῇ

2088 3148 2132 3205 C
2166 3116 2621 3186 τεταριχευμένον
2657 3122 2722 3191 τῇ
2758 3120 2973 3192 σκληρᾷ
3022 3124 3122 3195 τῆς
3168 3128 3457 3196 ἀσκήσεως
3509 3116 3742 3205 ἀγωγῇ

2162 3204 2258 3259 καὶ
2304 3205 2400 3259 τοῦ
2454 3208 2727 3279 ἐρημικοῦ
2772 3211 2886 3281 βίου
2938 3214 3189 3285 ἐναργῶς
3236 3220 3621 3292 περικείμενον
3673 3204 3744 3283 τὰ

2159 3298 2554 3389 γνωρίσματα,
2606 3302 2785 3375 λύπης
2816 3307 2951 3376 ὁμοῦ
2990 3310 3085 3362 καὶ
3121 3309 3294 3384 ὀργῆς
3335 3314 3739 3389 ἐπεπλήρωτο,

2159 3388 2400 3549 κὲιί,(2ἒῗ
2441 3390 2644 3461 ἀμφοῖν
2684 3393 2775 3448 τὸν
2814 3395 2975 3465 λόγον
3005 3401 3271 3469 κεράσας,
3309 3403 3413 3479 ἔφη
3459 3388 3599 3479 πρὸς
3633 3411 3733 3465 αύ-

2160 3492 2190 3529 τ
2224 3493 2251 3527 ν
2431 3496 2443 3507 ο

2160 3492 2251 3529 τον
2287 3492 2399 3529 (29)
2431 3496 2443 3507 '

2228 3653 2297 3751 Ὦ
2330 3660 2525 3733 ἀνόητε
2576 3663 2671 3717 καὶ
2714 3665 3119 3735 φρενοϐλαδὲς,
3163 3671 3310 3735 τίνος
3341 3672 3504 3746 χάριν
3532 3677 3737 3751 ἀντηλ-

2160 3748 2305 3817 λάξω
2344 3751 2443 3821 τῆς
2472 3753 2641 3824 τιμῆς
2689 3757 2955 3828 αἰσχύνην
2975 3799 2990 3825 ,
3022 3760 3114 3813 καί
3147 3760 3251 3829 τῆς
3288 3762 3547 3838 λαμπρᾶς
3576 3748 3739 3842 δόξης

2156 3842 2258 3935 τὴν
2287 3843 2577 3935 ἀσχήμονα
2602 3846 2806 3920 ταύτην
2840 3849 3021 3917 ἰδέαν;
3070 3851 3131 3907 '0
3170 3855 3434 3928 πρόεδρος
3462 3860 3562 3929 τῆς
3594 3862 3738 3935 ἐμῆς

2161 3930 2439 4001 βασιλείας
2468 3934 2565 3988 καὶ
2599 3936 3043 4011 ἀρχιστράτηγος
3069 3943 3170 4014 τῆς
3204 3945 3346 4014 ἐμῆς
3387 3930 3738 4020 δυναστείας,

2161 4024 2411 4094 παίγνιον
2454 4028 2763 4098 μειρακίων
2801 4033 3031 4087 σεαυτὸν
3062 4037 3435 4108 καταστήσας,
3463 4042 3526 4092 οὐ
3572 4044 3741 4112 μόνον

2158 4118 2256 4188 τῆς
2283 4118 2565 4188 ἡμετέρας
2594 4120 2784 4189 φιλίας
2820 4123 2917 4176 καί
2946 4127 3262 4197 παρρησίας
3292 4131 3511 4201 μακρὰν
3558 4132 3740 4206 λήθην

2159 4208 2506 4281 πεποιηκὼς,
2539 4210 2679 4265 ἀλλά
2709 4211 2807 4265 καὶ
2837 4212 3012 4284 αὐτῆς
3037 4219 3448 4287 κατεξαναστάς
3493 4223 3598 4295 τῆς
3636 4228 3742 4295 φύ-

2160 4317 2333 4366 σεως,
2383 4303 2477 4356 καὶ
2526 4302 2663 4372 μηδὲ
2694 4303 2814 4358 τῶν
2862 4304 3010 4360 ἰδίων
3047 4308 3254 4365 τέκνων
3292 4308 3473 4367 οἶκτον
3525 4314 3733 4381 λαϐὼν,

2159 4390 2389 4444 πλοῦτόν
2428 4408 2490 4445 τε
2532 4394 2628 4447 καὶ
2654 4395 2836 4449 πᾶσαν
2856 4394 2955 4467 τήν
2982 4398 3078 4452 τοῦ
3111 4399 3230 4470 βίου
3256 4406 3618 4476 περιφάνειαν
3657 4412 3737 4473 εἰς

497 4458 837 4526 splendorem
878 4477 974 4531 pro
1006 4465 1172 4521 nihilo
1222 4471 1448 4538 putasti,
1489 4482 1792 4545 tantamque
1834 4480 2060 4552 ignomi-

2166 4483 2269 4553 ιο
2301 4483 2454 4541 οὐδὲν
2494 4484 2853 4556 λογισάμενος
2875 4530 2890 4555 ,
2912 4458 3037 4560 ’τὴν
3087 4458 3359 4566 τοσαύτην
3394 4458 3611 4564 ἀδοξίαν

497 4548 640 4603 niam
690 4559 794 4605 tam
832 4552 1097 4610 luculenta
1134 4558 1297 4627 gloria
1335 4563 1597 4631 potiorem
1628 4577 1683 4622 et
1716 4548 2061 4638 praestabilio-

494 4654 608 4695 rem
638 4640 861 4699 habuisti
883 4645 906 4699 ἰ
931 4647 1191 4714 Quidnam
1219 4660 1273 4707 te
1299 4654 1365 4707 ad
1395 4655 1495 4711 hoc
1534 4658 1757 4729 impulit,
1786 4664 2057 4733 cuiusnam

493 4730 627 4786 lucri
651 4745 791 4803 spes,
824 4746 883 4790 ut
911 4751 1034 4794 eum
1063 4740 1148 4809 qtti
1171 4740 1325 4799 Jesus
1356 4747 1658 4817 nominatur
1678 4730 1921 4809 omnibus
1954 4756 2058 4812 diis

492 4832 649 4892 atque
671 4825 971 4883 hominibus
998 4839 1350 4901 anteponeres
1370 4876 1386 4903 ,
1412 4853 1475 4893 ac
1504 4840 1688 4896 duram
1718 4845 1850 4901 hanc
1877 4854 1931 4902 et
1971 4863 2057 4904 su-

491 4912 847 4981 perstitiosam
870 4918 990 4973 vitae
1024 4923 1284 4979 rationem
1315 4929 1642 4991 suavissima:
1684 4933 1906 5007 hujusce
1933 4937 2055 4995 vita:

488 5004 887 5065 oblectamentis
924 5011 1260 5069 anteferres?
1756 5004 1767 5007 ⁷
1970 5038 1973 5043 '

558 5098 669 5154 ilac
689 5102 932 5160 oratione
958 5104 1160 5174 audita,
1183 5108 1262 5163 vir
1295 5109 1386 5167 ille
1413 5110 1528 5179 Dei,
1575 5114 1749 5184 lepida
1790 5092 1946 5173 simul
1989 5133 2052 5175 ac

2155 4575 2523 4645 περιϐλέπτου
2553 4576 2887 4649 προέκρινας
2923 4579 3115 4651 δόξης,
3148 4584 3235 4640 ἵνα
3260 4585 3316 4638 τί
3345 4604 3426 4641 σοι
3471 4590 3733 4662 γένηται;

2155 4664 2267 4717 Καὶ
2290 4665 2342 4716 τί
2373 4664 2624 4721 ἐντεῦθεν
2655 4666 2941 4740 κερδήσεις
2960 4710 2975 4735 ,
3015 4670 3098 4725 ὅτι
3132 4673 3351 4728 πάντων
3380 4676 3516 4731 θεῶν
3549 4697 3608 4733 τε
3640 4681 3740 4735 καὶ

2156 4755 2464 4827 ἀνθρώπων
2488 4758 2582 4813 τὸν
2608 4757 2904 4830 λεγόμενον
2932 4763 3156 4834 προτετί
3163 4783 3345 4837 μηκας
3377 4768 3607 4839 Ἰησοῦν,
3644 4777 3741 4828 καὶ

2156 4848 2254 4917 τὴν
2303 4848 2552 4921 σκληρὰν
2601 4850 2812 4921 ταύτην
2852 4852 2950 4906 καὶ
3001 4850 3299 4926 δυσείμονά
3352 4861 3579 4934 ἀγωγὴν
3630 4866 3740 4921 τῶν

2157 4938 2330 5009 ήδέων
2361 4940 2457 4994 καὶ
2485 4940 2908 4999 ἀπολαυστικῶν
2936 4943 3032 4997 τοῦ
3062 4945 3406 5013 γλυκυτάτου
3435 4951 3551 5021 βίου
3568 4934 3591 5022 ’;

2233 5120 2456 5174 Τούτων
2498 5120 2741 5184 ἀκούσας
2778 5122 2807 5173 ὁ
2830 5121 2926 5175 τοῦ
2956 5121 3094 5177 Θεοῦ
3123 5122 3412 5196 ἄνθρωπος
3444 5125 3562 5197 (50)
3595 5128 3741 5182 ἐκεῖ·

555 5336 670 5415 (ἓξ)
699 5336 819 5415 Yita
848 5338 907 5415 ξε
949 5337 1310 5415 Nilijunioris
1352 5357 1405 5411 p.
1444 5341 1477 5396 8
1507 5340 1663 5415 {To-6
1706 5341 1778 5415 δὲ
1799 5342 2064 5415 πᾶσανμι

2171 5342 2267 5415 νὴν
2314 5343 2422 5415 καὶ,
2469 5342 2647 5415 πάντα
2681 5342 2847 5415 λίθονᾼ
2882 5344 3160 5407 κινοῦντος
3207 5347 3354 5410 ὅπως
3395 5347 3457 5400 τὸ
3497 5336 3749 5406 τοιοῦτον

479 5407 683 5474 ἀγαθὸν
710 5408 997 5530 ὲῇποδίσῃ.
1034 5407 1148 5465 Nic.
1196 5407 1503 5481 Gregfvm,
1532 5414 1586 5476 5,
1618 5412 1692 5465 2ε
1732 5411 1918 5465 Πάντα
1957 5407 2064 5467 nec

480 5478 701 5530 πέτρον.
785 5478 947 5530 eracl.
978 5479 1103 5530 997.
1134 5481 1223 5530 ubi
1262 5481 1489 5530 nlurima
1530 5482 1775 5530 annosni.

2166 5407 2332 5470 ιινῶν.
2375 5413 2438 5465 τὸ
2470 5412 2564 5466 τοῦ
2594 5414 2775 5483 λόγου.
2809 5413 3092 5483 Euripides
3119 5415 3256 5471 dixit
3303 5407 3482 5471 πάντα
3515 5418 3742 5488 κινῆσαι

480 5478 706 5551 πέτρον,
737 5478 1103 5551 Ηεινιιριζ997,
1134 5481 1223 5535 ubi
1262 5478 1489 5550 plurima
1530 5482 1775 5551 apposui.

551 5547 662 5616 (29)
685 5547 1309 5629 Lentmaapetricuinin
1333 5552 1377 5603 A
1410 5568 1424 5604 :
1465 5547 1677 5629 'Pj'm;
1718 5549 1942 5629 'Aﬁsvijp
1974 5553 2064 5607 ἀσε

2166 5550 2502 5629 ἱςρασιλέως
2535 5553 2678 5624 Πρὸς
2722 5557 3010 5628 σατράπην
3054 5557 3333 5627 μέγιστον,
3367 5557 3580 5628 μονήρη
3626 5557 3746 5629 βίον

478 5616 603 5692 Τῆς
616 5617 889 5692 κοσμικῆς
912 5618 1068 5692 ἀξίας
1090 5619 1476 5692 έκλεξάμενον.
1514 5616 1650 5676 Puto
1670 5616 2037 5685 scribendum,
2078 5616 2539 5692 ἀπηλλαγμένον.

550 5685 662 5751 (50)
685 5685 913 5766 Locutio
940 5685 1497 5766 estbil_ilica,fs:epin§
1523 5692 1590 5745 ab
1617 5701 1839 5750 auctore
1868 5694 2132 5749 adhibita.
2161 5685 2242 5747 Αἰί
2285 5685 2587 5755 orationem
2620 5704 2853 5766 satrapa:
2888 5695 3081 5753 lemma
3117 5705 3201 5753 est
3246 5697 3527 5754 metricum
3563 5699 3615 5753 in
3641 5700 3684 5751 Δ
3724 5715 3741 5752 ι

480 5754 801 5829 Σοφωτάτου
833 5756 927 5812 νῦν
956 5757 1175 5824 διδαχὴν
1201 5754 1430 5833 φαιδρὰν
1461 5761 1583 5828 ὅρα.
