3968 6348
297 357 407 423 869

1398 356 1575 415 VITA
1612 352 1967 413 BARLAAM
2013 326 2101 412 ET
2138 351 2491 417 JOASAPH.

3454 355 3559 419 870

302 492 415 541 νος,
445 472 744 546 χαριέντως
782 471 899 543 ἅμα
924 470 1019 524 καὶ
1048 467 1267 541 ὁμαλῶς
1296 469 1631 540 ἁπεκρίνατο
1652 484 1665 499 ·
1699 468 1766 520 Εἰ
1797 466 1875 517 λό·

1989 469 2219 539 placida,
2248 478 2300 525 et
2325 470 2571 541 aequabili
2592 485 2721 529 voce
2749 474 2814 529 ad
2838 474 2975 530 hunc
3005 477 3216 533 modum
3239 466 3510 549 respondu
3531 503 3549 539 ι

301 580 400 634 γον
426 562 563 635 πρός
581 579 649 632 με
680 561 911 632 συνᾶραι
938 559 1133 623 Θέλεις,
1155 558 1200 612 ὦ
1225 558 1469 629 βασιλεῦ,
1495 559 1621 619 τοὺς
1648 555 1875 628 ἐχθρούς

302 671 402 707 σου
453 656 519 707 ἐκ
557 652 724 724 μέσου
755 649 853 704 τοῦ
885 650 1241 722 δικαστηρίου
1293 649 1541 720 ποίησον,
1593 647 1690 702 καὶ
1736 665 1879 717 τηνιο

300 742 479 797 καῦτα
506 739 917 813 ἀποκρινοῦμαί
947 757 1030 793 σοι
1059 740 1185 811 περὶ
1204 732 1279 795 ὧν
1300 738 1367 792 ἂν
1391 737 1634 809 ξητήσῃς
1659 736 1874 808 μαθεῖν’

299 834 528 888 ἐκείνων
556 833 667 903 γὰρ
700 832 1101 903 συμπαρόντων
1145 849 1252 894 σοι,
1279 831 1457 894 οὐδεὶς
1490 831 1613 899 ἐμοὶ
1645 829 1783 900 πρὸς
1812 828 1873 881 σέ

300 926 482 994 λόγος.
538 925 725 989 Ἐκτὺς
762 925 821 979 δὲ
872 923 1030 993 λόγου
1075 922 1309 995 τιμώρει
1335 964 1350 987 ,
1383 923 1623 992 σφάττε,
1659 921 1805 975 ποίει
1848 918 1878 973 ὃ

297 1015 479 1087 θέλεις
502 1033 517 1046 ·
538 1016 684 1087 {pot
719 1016 829 1087 γὰρ
871 1018 900 1071 6
948 1017 1151 1086 κόσμος
1182 1014 1560 1087 ἐσταύρωται,
1611 1011 1770 1081 κάγὼ
1799 1011 1877 1082 τῷ

302 1110 516 1179 κόσμῳ,
545 1108 713 1180 φησὶν
740 1110 770 1162 6
796 1108 939 1172 θεῖος
966 1110 1061 1162 καὶ
1086 1107 1217 1175 ἐμὸς
1256 1107 1575 1170 διδάσκαλος
1597 1105 1730 1176 (51).
1766 1103 1875 1158 Τοῦ

298 1201 359 1254 δὲ
385 1200 649 1272 βασιλέως
684 1199 951 1266 εἰπόντος,
981 1200 1091 1255 Καὶ
1117 1198 1263 1262 τίνες
1290 1200 1337 1252 oi
1359 1198 1544 1269 ἐχθροὶ
1572 1191 1741 1261 οὗτοι,
1779 1195 1876 1259 οὓς

301 1292 367 1345 ἐκ
402 1292 570 1363 μέσου
606 1290 830 1362 ποιῆσαί
881 1308 949 1362 με
988 1289 1392 1361 προστάσσειςς
1441 1289 1608 1361 φησὶν
1653 1290 1680 1342 6
1729 1288 1875 1352 θεῖος

300 1384 444 1456 ἀνήρ
470 1398 487 1415 ⁶
547 1383 605 1437 '0
654 1382 824 1455 θυμὸς
863 1384 959 1438 καὶ
1010 1384 1045 1454 ἡ
1093 1381 1403 1452 ἐπιθυμία·
1446 1381 1619 1437 ταῦτα
1666 1380 1773 1452 γὰρ
1813 1379 1872 1447 ἐξ

295 1473 479 1547 ἀρχῆς
518 1474 615 1544 μὲν
637 1472 889 1547 συνεργοὶ
912 1474 1012 1543 τῆς
1042 1470 1259 1540 φύσεως
1288 1471 1393 1525 ὑπὸ
1417 1469 1510 1525 τοῦ
1536 1468 1873 1542 δημιουργοῦ

300 1565 690 1638 παρήχθησαν,
722 1566 819 1619 καὶ
845 1564 940 1619 νῦν
970 1562 1233 1626 ὡσαύτως
1260 1561 1444 1641 έχουσι
1473 1563 1588 1625 τοῖς
1628 1561 1705 1633 μὴ
1731 1560 1875 1621 κατὰ

303 1659 483 1726 σάρκα
510 1657 972 1727 πολιτευομένοις,
1021 1656 1156 1710 ἀλλὰ
1189 1657 1331 1710 κατὰ
1361 1656 1579 1726 πνεῦμα
1600 1654 1713 1724 (52)
1743 1670 1756 1682 ·
1817 1655 1875 1706 ἐν

299 1751 432 1822 ύμῖν
466 1749 554 1814 δὲ,
593 1748 791 1811 οἵτινες
826 1748 888 1800 τὸ
924 1747 1045 1801 ὅλον
1083 1747 1205 1802 ἐστὲ
1250 1747 1472 1817 σάρκες,
1520 1747 1687 1817 μηδὲν
1717 1745 1870 1815 έχον-

1988 559 2043 616 Si
2076 576 2349 621 sermones
2377 572 2584 619 mecum
2607 579 2887 623 conserere
2914 568 2965 623 in
2994 569 3226 626 animum
3272 572 3496 641 inducis,
3519 593 3553 629 ο

1988 665 2106 716 rex,
2140 652 2218 707 iac
2249 652 2428 709 hostes
2450 663 2568 709 tuos
2598 670 2628 710 e
2653 656 2828 711 medio
2850 658 3094 715 tribunali
3128 661 3463 731 submoveas.
3488 682 3554 723 ac

1991 747 2098 794 tum
2126 741 2191 795 de
2220 742 2300 797 bis
2321 743 2479 799 rebus
2500 760 2629 814 quas
2665 746 2960 818 intelligere
3008 750 3157 819 cupis
3187 752 3278 807 tibi
3324 770 3549 826 reSpun-

1989 825 2148 882 dcbo.
2173 829 2275 884 Illis
2300 840 2473 886 autem
2497 836 2839 901 presentibus
2865 836 3036 891 nultus
3059 839 3187 893 miht
3210 841 3274 895 ad
3298 852 3346 897 te
3373 825 3551 899 sermo

1986 917 2107 973 erit.
2130 918 2275 974 Citra
2304 937 2601 979 sermonem
2624 933 2799 979 autem
2830 929 3097 995 excrucia,
3146 930 3425 1000 obtrunca,
3472 935 3551 990 hic

1985 1007 2215 1077 denique
2237 1013 2493 1083 quidquid
2524 1016 2688 1071 lubet.
2734 1018 2859 1072 Mihi
2893 1024 3032 1075 enim
3083 1026 3308 1080 mundus
3336 1029 3549 1083 crucifi-

1984 1098 2084 1154 x‘us
2112 1110 2214 1169 est,
2243 1110 2296 1156 et
2326 1119 2424 1173 ego
2450 1106 2668 1172 mundo,
2716 1118 2772 1162 ut
2809 1108 2881 1163 ait
2930 1126 3078 1167 meus
3106 1114 3357 1184 magister
3409 1118 3547 1189 (Gal.

1985 1192 2081 1259 vi).
2110 1192 2348 1262 Cumque
2368 1210 2460 1250 rex
2491 1194 2712 1252 dixisset
2741 1216 2755 1251 :
2788 1198 3012 1264 Quinam
3057 1205 3267 1259 tandem
3322 1219 3443 1262 sunt
3495 1208 3550 1263 bi

1986 1281 2168 1337 hostes
2194 1285 2320 1350 mei,
2347 1300 2479 1354 quos
2508 1302 2594 1343 tne
2615 1270 3006 1360 hinc'ablegare
3028 1291 3225 1360 jubes?
3253 1297 3547 1362 Iracundia,

1985 1370 2154 1441 inquit
2182 1373 2289 1439 ille,
2319 1385 2374 1430 et
2401 1378 2681 1445 cupiditas.
2709 1378 2838 1433 Nam
2868 1395 2946 1434 ore
2993 1383 3217 1451 primum
3244 1388 3451 1455 quidem
3481 1388 3550 1444 ab

1982 1460 2218 1515 omnium
2251 1477 2429 1517 rerum
2470 1476 2689 1532 parente
2730 1479 2888 1538 atque
2923 1471 3214 1528 architecto
3253 1476 3319 1529 ita
3363 1478 3554 1541 produ-

1981 1558 2081 1604 ctae
2109 1559 2254 1613 sunt.
2290 1563 2345 1605 ut
2378 1563 2576 1610 natura:
2623 1556 3036 1629 opitularentur,
3090 1578 3153 1619 ac
3200 1579 3339 1619 nunc
3384 1547 3573 1626 etiam?

1979 1641 2219 1694 eamdem
2250 1643 2315 1696 iis
2341 1656 2557 1711 operam
2592 1647 2847 1712 praebent,
2883 1650 2974 1719 qui
3020 1666 3121 1705 non
3153 1662 3207 1708 ut
3250 1656 3418 1721 carui,
3451 1657 3547 1712 sed

1979 1739 2037 1785 ut
2062 1731 2270 1801 spiritui
2292 1743 2705 1791 consentaneum
2749 1747 2849 1803 εει,
2906 1741 3106 1796 vivunt.
3161 1744 3217 1798 In
3255 1747 3402 1801 vobis
3452 1763 3548 1801 au-

293 1859 389 1905 τες
415 1840 509 1896 τοῦ
541 1840 851 1912 πνεύματος
871 1879 887 1904 ,
918 1840 1185 1895 ἀντίδικοι
1212 1841 1493 1909 γεγόνασι,
1535 1839 1629 1897 καὶ
1653 1838 1721 1892 τὰ
1762 1838 1872 1891 τῶν

1980 1829 2109 1890 tem,
2140 1825 2230 1893 qui
2257 1840 2479 1895 prorsus
2521 1829 2762 1885 carnales
2792 1830 2943 1895 estis,
2986 1849 3084 1887 nec
3127 1834 3285 1889 ullam
3334 1838 3550 1905 spiritus

298 1932 511 2004 ἐχθρῶν
542 1932 636 1985 καὶ
674 1932 948 2003 πολεμίων
990 1932 1436 2002 διαπράττονται.
1499 1932 1565 1985 Ἡ
1613 1930 1721 2002 γὰρ
1747 1931 1870 1984 ἐπι-

292 2024 470 2095 θυμία
493 2026 552 2078 ἐν
575 2025 723 2095 ὑμῖν,
753 2014 1119 2097 ἐνεργουμένη
1146 2025 1264 2096 μὲν,
1282 2023 1476 2096 ἡδονὴν
1506 2025 1617 2094 (53)
1641 2022 1869 2093 ἐγείρει,

299 2117 401 2187 11
441 2114 865 2188 καταργουμένη
902 2116 961 2169 δὲ
987 2154 1002 2181 ,
1048 2115 1241 2187 θυμόν.
1289 2116 1539 2170 Ἀπὲστω
1570 2109 1665 2171 οὗν
1699 2114 1873 2169 ταῦτα

299 2206 538 2277 σήμερον
571 2204 685 2259 ἀπὸ
697 2202 813 2267 σοῦ,
842 2204 1370 2277 προκαθεζέσθωσαν
1404 2206 1461 2259 δὲ
1492 2205 1573 2269 είς
1604 2204 1872 2276 ἀκρόασιν

294 2296 405 2351 τῶν
437 2298 745 2369 λεγομένων
775 2299 867 2355 καὶ
895 2298 1076 2369 κρίσιν
1107 2300 1141 2371 ή
1181 2298 1442 2370 φρόνησις
1471 2300 1567 2353 καὶ
1601 2298 1869 2369 ήδικαιο-

297 2388 457 2460 σύνη.
491 2390 554 2443 Ei
579 2390 687 2460 γὰρ
715 2388 805 2444 τὸν
834 2389 1004 2460 θυμὸν
1037 2391 1133 2444 καὶ
1157 2390 1255 2461 τὴν
1284 2389 1582 2460 ἐπιθυμίαν
1613 2392 1677 2443 ἐκ
1704 2388 1870 2459 μέσου

298 2481 586 2552 ποιήσεις,
620 2480 960 2545 ἀντεισάξεις
983 2481 1041 2535 δέ
1079 2482 1183 2553 τὴν
1218 2481 1482 2553 φρόνησιν
1524 2481 1618 2535 καὶ
1648 2480 1747 2553 τὴν
1786 2485 1870 2538 δι-

298 2572 616 2645 καιοσύνην,
644 2572 957 2643 φιλαλήθως
986 2574 1163 2629 πάντα
1190 2572 1329 2638 λέξω
1359 2590 1461 2628 σοι.
1489 2573 1631 2645 Πρὸς
1650 2572 1817 2626 ταῦτα
1844 2574 1874 2626 ό

298 2658 554 2733 βασιλεὺς
581 2663 687 2734 ἔφη
712 2678 726 2692 ’
770 2662 924 2730 Ἰδοὺ,
974 2664 1124 2731 εἴξας
1152 2681 1246 2717 σου
1278 2666 1344 2736 τῇ
1377 2663 1624 2731 ἀξιώσει,
1654 2664 1872 2718 ἐκϐαλῶ

297 2752 393 2809 τοῦ
445 2755 723 2826 συνεδρίου
780 2757 879 2827 τήν
928 2772 988 2811 τε
1041 2755 1336 2827 ἐπιθυμίαν
1389 2756 1487 2810 καὶ
1535 2755 1627 2813 τὸν
1676 2756 1869 2825 θυμὸν,

300 2847 560 2919 μισάζειν
617 2849 673 2903 δὲ
724 2849 825 2921 τὴν
885 2849 1149 2921 φρόνησιν
1210 2849 1308 2907 καὶ
1356 2848 1456 2921 τὴν
1521 2849 1872 2919 δικαιοσύνην

1981 1922 2185 1980 partem
2213 1914 2454 1980 habetis,
2485 1917 2800 1973 adversariae
2848 1920 3186 1988 exstiterunt,
3236 1938 3404 1994 eaque
3433 1941 3553 1995 quae

1978 2002 2208 2059 inimicis
2249 2014 2303 2059 et
2334 2008 2575 2061 hostibus
2600 2010 2939 2078 conveniunt,
2972 2024 3346 2082 exsequuntur.
3390 2015 3551 2084 Cupi-

1976 2093 2118 2149 ditas
2140 2096 2361 2162 etenim,
2391 2111 2511 2150 cum
2540 2097 2589 2151 ei
2613 2112 2643 2151 a
2666 2088 2817 2153 vubis
2837 2114 2994 2169 opera
3019 2102 3192 2167 datur,
3225 2105 3546 2173 voluptatem

1978 2186 2214 2241 excitat:
2246 2202 2367 2241 cum
2399 2197 2576 2243 autem
2613 2189 2878 2256 aboletur,
2928 2190 3268 2248 iracundiam.
3314 2196 3543 2251 Proinde

1980 2272 2399 2346 facessantipsae
2444 2277 2701 2334 hodierno
2726 2281 2812 2335 die
2856 2281 2951 2337 abs
2982 2292 3064 2347 te;
3123 2287 3341 2355 praesint
3369 2296 3546 2342 autem

1978 2363 2045 2418 ad
2071 2378 2254 2419 eorum
2284 2381 2456 2435 quam
2484 2383 2568 2423 me
2588 2368 2829 2424 dicentur
2849 2361 3167 2428 auditionem
3188 2389 3249 2429 ac
3266 2375 3545 2445 judicium,

1973 2456 2256 2526 prudentia
2284 2466 2337 2512 et
2356 2456 2580 2527 justitia.
2614 2459 2741 2515 Nam
2770 2462 2816 2517 si
2855 2463 3181 2520 iracundiam
3210 2474 3264 2521 et
3288 2468 3546 2537 cupidita-

1962 2553 2073 2603 tem
2121 2547 2189 2602 de
2240 2549 2422 2603 medio
2470 2548 2785 2613 sustuleris,
2818 2559 2983 2621 atque
3024 2567 3215 2607 earum
3259 2552 3383 2610 loco
3417 2571 3549 2625 pru-

1960 2642 2201 2698 dentiam
2235 2652 2291 2699 et
2322 2642 2595 2714 justitiam
2623 2644 2933 2709 induxeris,
2961 2662 3091 2704 vere
3123 2649 3308 2704 omnia
3341 2649 3439 2706 tibi
3465 2650 3552 2706 di-

1959 2748 2101 2788 cam.
2133 2734 2311 2805 Atque
2350 2751 2447 2790 rex
2480 2735 2567 2792 his
2595 2739 2782 2794 verbis
2828 2746 2913 2794 est
2959 2756 3093 2796 usus
3129 2758 3142 2794 :
3184 2742 3545 2814 Enpetitioni

1958 2832 2066 2880 tua:
2096 2826 2259 2890 cessi,
2294 2834 2458 2898 atque
2499 2827 2860 2898 cupiditatem
2888 2840 2944 2885 et
2977 2831 3320 2887 iracundiam
3349 2848 3381 2890 e
3409 2849 3545 2889 con-

298 2916 533 3010 ποιήσω.
567 2940 707 3009 Λέγε
744 2916 834 3013 μοι
862 2916 1057 2995 λοιπὸν,
1073 2939 1243 3004 ἀδεῶς
1270 2916 1434 2995 πόθεν
1464 2957 1548 2993 σοι
1578 2916 1871 3011 ήτοσαύτη

1980 2917 2082 2972 :ilio
2114 2916 2367 2987 ejiciam;
2412 2918 2667 2990 daboque
2698 2935 2921 2991 operam
2969 2931 3027 2977 ut
3056 2924 3347 2999 prudentia
3374 2934 3427 2981 et
3456 2926 3549 2997 ju-

299 3009 520 3100 ἐγένετο
552 3030 730 3101 πλάνη
747 3009 771 3095 τ,
802 3031 898 3086 κα)⁸
927 3032 989 3086 τὸ
1020 3033 1296 3103 προτιμᾷν
1325 3031 1396 3087 τὰ
1444 3032 1501 3089 ἐν
1537 3009 1723 3095 κεναῖς
1757 3030 1867 3101 (54)

1980 3009 2107 3063 ηιίιίε
2139 3010 2588 3080 interponantur.
2620 3010 2740 3066 Jam
2791 3013 2956 3084 igitur
3001 3015 3211 3087 absque
3252 3018 3362 3074 ullo
3393 3029 3546 3076 metu

300 3119 482 3173 ἐλπίσι
513 3120 619 3173 τῶν
650 3121 709 3173 ἐν
752 3121 909 3197 χερσὶ
940 3101 1311 3193 βλεπομένων.
1373 3119 1716 3192 Ἀποκριθεὶς
1749 3121 1805 3173 δὲ
1843 3121 1872 3174 6

1980 3101 2084 3155 nihi
2113 3116 2328 3172 expone
2372 3102 2517 3159 unde
2553 3104 2653 3159 tibi
2685 3105 2772 3160 hic
2796 3121 2953 3161 error
2984 3107 3215 3167 obortus
3245 3112 3340 3176 sit,
3381 3122 3441 3167 ut
3477 3127 3543 3168 ea

302 3153 482 3173 Gonnus
522 3153 618 3173 ,ων
650 3153 709 3173 εν
752 3153 909 3197 λειω..
940 3153 1311 3193 μικυμυυρν.
1387 3153 1716 3192 “nuptum,
1749 3153 1805 3173 υ.
1843 3153 1872 3174 υ

302 3212 568 3284 ἐρημίτης
598 3207 750 3266 εἶπεν
776 3227 792 3243 θ

2121 3153 2325 3172 μέν---
2378 3153 2514 3159 -_--__
2556 3153 2653 3159 η--
2799 3153 2941 3161 --.-.
2986 3153 3215 3167 --.μ-ι...
3245 3153 3340 3176 υ...
3477 3153 3542 3168 ν..

1980 3208 2073 3247 ua:
2103 3193 2156 3246 in
2193 3209 2332 3248 vana
2378 3209 2477 3266 spe
2523 3197 2702 3266 posita
2734 3210 2883 3267 sunt,
2914 3200 2983 3257 iis
3012 3201 3179 3258 rebus
3212 3219 3335 3273 quae
3363 3205 3542 3259 mani-

1949 3286 2051 3341 bus
2080 3292 2373 3350 teuentur,
2418 3296 2582 3359 atque
2625 3290 2801 3347 oculis
2844 3302 3168 3362 cernuntur,
3212 3302 3539 3368 anteponas.

1948 3373 2309 3446 Respondens
2342 3385 2528 3433 autem
2561 3383 2791 3439 eremita
2818 3383 2956 3439 dixit
2988 3402 3001 3438 :

372 3456 437 3511 Et
469 3456 566 3528 τὴν
595 3455 773 3528 ἀρχὴν
801 3455 985 3527 ζητεῖς
1009 3496 1025 3523 ,
1060 3448 1105 3510 ὧ
1153 3453 1399 3526 βασιλεῦ,
1444 3453 1611 3507 πόθεν
1659 3470 1750 3523 μοι
1779 3452 1870 3519 γέ·-

2052 3470 2108 3524 Si
2138 3470 2431 3549 intelligere
2455 3473 2625 3540 cupis,
2659 3485 2692 3524 o
2721 3485 2833 3537 rex,
2865 3472 3001 3527 unde
3024 3473 3133 3529 hoc
3160 3474 3383 3545 primum
3418 3478 3545 3533 mihi

300 3564 426 3619 γονε
461 3548 569 3601 τῶν
600 3547 956 3617 προσκαίρων
988 3546 1088 3619 μὲν
1120 3546 1398 3617 ὑπεριδεῖν
1420 3585 1435 3610 ,
1466 3545 1588 3600 ὅλον
1615 3546 1671 3599 δὲ
1696 3547 1872 3617 ἐμαυ-

1980 3560 2155 3614 animo
2186 3545 2437 3629 injectum
2464 3560 2642 3627 fuerit,
2670 3568 2728 3615 ut
2758 3561 2982 3617 caducas
3019 3579 3107 3619 res
3127 3552 3543 3633 contemnerem,

300 3642 393 3696 τδν
421 3643 544 3705 ταῖς
577 3640 818 3703 αἰωνίοις
867 3637 1148 3693 ἐπιδοῦναι
1186 3638 1424 3704 ἐλπίσιν,
1477 3637 1735 3693 ἄκουσον.
1784 3639 1873 3691 Ἐν

1981 3663 2042 3705 ac
2088 3666 2173 3706 me
2203 3660 2369 3706 totum
2416 3651 2855 3721 sempiternarum
2891 3668 3069 3708 rerum
3099 3655 3212 3725 spei
3260 3659 3543 3724 traderem,

302 3734 537 3805 ⁴ήμέραις
562 3732 839 3803 ἀρχαίαις,
873 3730 953 3784 ἔτι
980 3730 1181 3801 κομιδῆ
1207 3731 1329 3795 νέος
1355 3731 1639 3802 ὑπάρχων,
1663 3729 1875 3801 ἤκουσά

1982 3741 2125 3794 audi.
2155 3741 2314 3808 Olim,
2345 3755 2464 3795 cum
2493 3743 2665 3796 adhuc
2693 3742 2911 3809 juvenili
2942 3752 3095 3798 aetate
3122 3761 3319 3811 essem,
3349 3747 3545 3802 bonum

302 3843 356 3880 τι
396 3827 546 3896 ῥῆμα
586 3823 787 3891 ἀγαθὸν
817 3823 913 3875 καὶ
941 3822 1225 3895 σωτήριον,
1261 3822 1355 3875 καί
1388 3838 1455 3892 με
1487 3820 1609 3873 κατ’
1638 3819 1814 3890 ἄκρας
1838 3821 1872 3891 ἡ

1982 3845 2042 3883 ac
2071 3832 2300 3885 salutare
2329 3830 2544 3885 verbum
2571 3831 2768 3897 audivi,
2797 3831 2946 3898 cujus
2976 3833 3057 3885 vis
3079 3834 3331 3901 majorem
3355 3836 3406 3887 in
3434 3849 3544 3889 mo-

302 3915 495 3970 τούτου
530 3913 760 3980 δύναμις
795 3907 929 3979 εἷλε,
961 3911 1092 3979 καὶ,
1142 3911 1330 3984 ὥσπερ
1357 3929 1440 3974 τις
1473 3910 1615 3971 θεῖος
1649 3910 1873 3980 σπόρος,

1982 3917 2106 3971 dum
2134 3934 2217 3973 me
2244 3919 2434 3986 rapuit,
2469 3918 2738 3988 ipsiusque
2779 3921 3052 3984 memoria,
3086 3920 3245 3975 divini
3270 3922 3543 3991 cujusdam

303 4012 337 4083 ή
370 4008 562 4063 τούτου
607 4009 794 4080 μνήμη
822 4048 836 4073 ,
866 4011 932 4080 τῇ
963 4010 1069 4079 ἐμῇ
1106 4008 1436 4078 φυτευθεῖσα
1464 4008 1696 4080 καρδίᾳ,
1727 4006 1875 4077 ἀχώ-

1984 4008 2201 4061 seminis
2229 4009 2414 4073 instar,
2443 4008 2644 4076 pectori
2692 4022 2812 4062 meo
2852 4007 3007 4062 insita
3036 4009 3107 4062 ita
3135 4012 3441 4079 permansit,
3487 4021 3544 4067 ut

306 4119 490 4175 ριστος
513 4102 593 4165 είς
620 4101 707 4153 ἀεὶ
735 4098 1030 4170 διετηρήθη
1051 4099 1127 4163 ὡς
1149 4099 1244 4152 καὶ
1276 4098 1575 4171 ριζωθῆναι
1607 4139 1622 4164 ,
1656 4099 1752 4151 καὶ
1778 4100 1875 4151 ὲκο

1988 4112 2250 4168 uunquam
2299 4111 2328 4151 a
2371 4111 2455 4152 me
2482 4097 2658 4152 divelli
2701 4099 2961 4167 potuerit;
2992 4097 3127 4154 adeo
3153 4107 3209 4153 ut
3236 4109 3289 4155 et
3340 4102 3544 4158 radices

306 4192 627 4262 ϐλαστῆσαι,
663 4190 747 4244 (αὶ
774 4189 833 4245 ὃν
864 4191 996 4261 ὁρᾷς
1027 4189 1239 4261 καρπὸν
1264 4191 1511 4259 ἐνεγκεῖν
1538 4190 1597 4242 ἐν
1630 4190 1773 4259 ἐμοί.
1811 4190 1875 4243 Ἦ

1986 4191 2172 4260 egerit,
2215 4190 2267 4245 et
2292 4204 2509 4260 germen
2556 4188 2801 4252 ediderit,
2843 4202 2903 4243 ac
2948 4199 3155 4244 maturo
3182 4199 3420 4259 tempore
3436 4188 3543 4245 l'ru-

302 4284 362 4341 δέ
404 4282 501 4337 τοῦ
550 4284 793 4353 ῥήματος
846 4281 1076 4351 δύναμις
1110 4280 1335 4352 τοιαύτη
1380 4298 1467 4346 τις
1499 4277 1605 4353 ἦν’
1662 4281 1875 4349 Ἔδοξε,

1980 4288 2122 4339 etum
2151 4281 2203 4335 in
2232 4295 2319 4336 me
2346 4279 2549 4335 tulerit.
2580 4277 2747 4347 Hujus
2771 4286 2949 4333 autem
2974 4278 3119 4337 verbi
3147 4278 3260 4334 haec
3284 4279 3364 4334 vis
3388 4288 3543 4334 erat:

308 4376 464 4447 φησὶ,
494 4378 607 4439 τοῖς
633 4375 883 4446 ἀνοήτοις
915 4372 1023 4427 τῶν
1061 4373 1231 4429 όντων
1262 4374 1362 4443 μὲν
1398 4376 1762 4445 καταφρονεῖν
1799 4375 1875 4437 ὡς

1981 4373 2273 4440 Excordes,
2307 4372 2573 4443 inquiebat
2602 4370 2715 4435 ille,
2746 4385 2809 4426 ac
2859 4368 3040 4425 stolidi
3072 4372 3331 4432 homines.
3367 4368 3545 4427 animo

310 4466 387 4545 μή
416 4466 606 4531 ὄντων,
636 4466 747 4520 τῶν
776 4464 850 4537 μὴ
880 4464 1046 4519 ὄντων
1071 4463 1128 4518 δὲ
1164 4464 1239 4527 ὡς
1267 4463 1434 4518 ὄντων
1462 4465 1783 4537 ἀντέχεσθαί
1815 4481 1875 4518 τε

1981 4467 2052 4522 ita
2080 4464 2369 4533 comparati
2392 4470 2535 4528 sunt,
2562 4470 2618 4515 ut
2640 4475 2702 4515 ea
2723 4476 2840 4531 quae
2865 4472 3009 4525 sunt,
3036 4462 3259 4531 perinde
3284 4477 3347 4516 ac
3368 4461 3414 4516 si
3439 4477 3543 4517 uuu

311 4558 407 4613 καὶ
444 4557 797 4629 περιέχεσθαι
816 4572 832 4586 ’
866 4558 895 4610 ό
922 4556 998 4626 μὴ
1026 4554 1366 4625 γευσάμενος
1394 4552 1488 4611 οὖν
1514 4558 1612 4628 τῆς
1653 4556 1761 4610 τῶν
1786 4555 1876 4611 όν-

309 4663 420 4701 των
450 4645 791 4718 γλυκύτητος
812 4686 827 4711 ,
877 4646 940 4698 ού
988 4646 1278 4715 δυνήσεται
1325 4646 1427 4715 12
1457 4645 1564 4699 τῶν
1598 4646 1675 4719 μὴ
1712 4647 1882 4703 ὄντων

313 4737 657 4809 καταμαθεῖν
710 4737 810 4808 τὴν
861 4735 1064 4807 φύσινο
1120 4737 1194 4806 μὴ
1247 4738 1583 4807 καταμαθὼν
1612 4740 1723 4805 se,
1764 4740 1882 4804 πῶς

313 4827 495 4880 αὐτῶν
525 4825 855 4896 ὑπερόψεται
879 4842 895 4892 ;
932 4826 1101 4881 Ὀντα
1136 4825 1236 4895 μὲν
1262 4821 1355 4879 οὖν
1381 4827 1639 4881 ἐκάλεσεν
1671 4828 1700 4879 6
1727 4828 1884 4899 λόγος

314 4918 385 4972 τὰ
424 4916 617 4971 αἰώνια
646 4916 740 4969 καὶ
785 4916 859 4986 μὴ
895 4915 1254 4985 σαλευόμενα,
1303 4916 1377 4986 μὴ
1408 4915 1536 4968 ὄντα
1575 4916 1630 4970 δὲ
1672 4918 1764 4971 τὸν
1794 4920 1884 4973 ἐν-

315 5007 492 5064 ταῦθα
516 5008 630 5079 βίον
660 5008 753 5061 καὶ
782 5007 880 5078 τὴν
911 5006 1120 5081 τρυφὴν
1159 5007 1251 5060 καὶ
1284 5006 1382 5078 τὴν
1408 5007 1749 5080 ψευδομένην
1790 5011 1884 5063 εὑ-

317 5100 556 5172 ημερίαν
582 5116 597 5131 ο
621 5094 724 5163 οἷς,
754 5095 799 5157 ὧ
846 5099 1065 5170 βασιλεῦ
1084 5139 1100 5164 ,
1139 5098 1325 5163 κακῶς
1364 5099 1466 5167 φεῦ
1496 5101 1508 5154 !
1542 5101 1575 5171 ἡ
1602 5102 1669 5173 σὴ
1706 5120 1881 5174 προσ-

320 5193 527 5264 ήλωται
574 5191 788 5264 καρδία.
824 5189 995 5258 Κάγὼ
1021 5189 1077 5242 δέ
1108 5206 1236 5242 ποτε
1280 5188 1484 5243 τούτων
1520 5191 1878 5263 ἀντειχόμηνσ

456 5346 508 5414 i)
540 5345 713 5415 Epist.
749 5344 815 5397 ad
845 5343 965 5399 Gal.
992 5359 1079 5415 vt,
1102 5345 1187 5399 H.

456 5346 508 5414 i)
540 5346 713 5415 Epist.
749 5346 815 5397 atl
845 5346 965 5399 Gal.
992 5359 1069 5409 vt,
1102 5346 1187 5399 Η.

397 5346 510 5486 8‘2)
541 5416 735 5470 Paulus
765 5416 931 5486 Epist.
964 5415 1028 5486 ad
1060 5414 1329 5469 Romanos
1367 5429 1486 5486 viti,
1513 5417 1567 5469 4.

1979 4558 2109 4623 siut,
2137 4561 2518 4625 aspernentur;
2544 4564 2606 4605 ea
2638 4560 2813 4605 autem
2840 4567 2957 4621 quae
2988 4567 3091 4605 non
3136 4559 3279 4619 sunt,
3324 4549 3545 4620 perinde

1986 4668 2053 4713 ao
2077 4655 2121 4710 si
2145 4654 2274 4719 sint,
2305 4652 2708 4722 amplectantur,
2736 4666 2800 4707 ac
2827 4651 3097 4705 mordicus
3132 4651 3417 4705 retineant.
3450 4646 3551 4714 Qui

1987 4752 2161 4799 autem
2188 4757 2372 4797 eorum
2401 4757 2518 4811 quae
2554 4750 2679 4796 sunt
2703 4740 3037 4796 dulcedinem
3069 4740 3283 4794 minime
3311 4739 3561 4808 degusta-

1988 4835 2081 4899 vit,
2115 4834 2159 4888 is
2187 4847 2371 4889 eorum
2416 4846 2537 4903 qua:
2564 4846 2669 4889 non
2696 4839 2821 4887 sunt
2844 4839 3083 4886 naturam
3121 4828 3411 4900 perfectam
3460 4828 3561 4881 Ita-

1992 4924 2119 4979 bere
2145 4937 2251 4977 non
2278 4922 2494 4991 poterit.
2519 4921 2665 4978 Hanc
2686 4937 2846 4995 porro
2872 4920 2975 4978 nisi
3002 4921 3335 4990 exploratam
3365 4918 3561 4972 habue-

1990 5014 2080 5079 rit,
2100 5026 2333 5083 quonam
2352 5013 2513 5068 modo
2535 5028 2596 5069 ea
2618 5022 2920 5070 contemnet
2940 5028 3003 5068 ac
3025 5027 3121 5082 pro
3143 5010 3315 5065 nihilo
3332 5007 3563 5076 putabit?

1993 5104 2159 5159 Porro
2188 5118 2286 5173 per
2308 5118 2369 5158 ea
2400 5119 2521 5174 qua:
2547 5113 2689 5173 sunt,
2720 5105 2836 5160 haec
2864 5103 3035 5160 oratio
3080 5100 3426 5169 sempiternas
3451 5111 3561 5162 res,

1995 5203 2156 5265 atque
2184 5210 2212 5249 a
2236 5195 2525 5264 jactatione
2554 5195 2755 5249 alienas
2785 5193 3108 5263 intelligebat
3133 5208 3148 5246 :
3180 5205 3275 5260 per
3298 5203 3361 5247 ea
3384 5197 3562 5245 autem

539 5487 600 5551 Β,
630 5477 1153 5565 meammeam
1183 5500 1286 5539 non
1330 5484 1553 5565 pitidus.
1599 5482 1875 5565 Trapezun

1980 5500 2030 5538 ιε
2063 5502 2081 5534 ι
2120 5482 2255 5538 Nam
2303 5479 2744 5565 concupisceutia
2784 5480 2835 5565 in
2865 5477 3025 5565 vobis
3053 5487 3325 5565 ‘operatur
3348 5478 3565 5565 quidem

324 5549 652 5626 voluptatem
681 5565 735 5608 et
781 5549 1009 5626 incitat;
1045 5556 1122 5626 ira
1154 5569 1284 5608 vero
1311 5554 1562 5626 destruit.
1592 5572 1611 5606 ι
1646 5549 1775 5621 Quae
1814 5555 2006 5609 Latina
2054 5564 2267 5609 vertere
2314 5549 2504 5609 Billius
2545 5553 2677 5608 satis
2719 5550 2924 5607 habuit.
2971 5552 3071 5606 Est
3113 5551 3166 5604 in
3198 5551 3241 5605 Α
3272 5549 3568 5621 δσριὶριυιη

326 5624 614 5691 θεῇοῖῑιιιη,
640 5625 755 5688 sed,
800 5625 941 5693 quod
973 5624 1146 5688 doleo,
1176 5624 1443 5678 mutilum.

398 5698 513 5767 (34)
539 5686 862 5767 nauigare,
894 5702 949 5748 et
991 5693 1070 5767 sic
1112 5686 1685 5767 alibi,_perr_nutatione
1713 5694 1871 5749 solita

2017 5693 2189 5767 Longi
2214 5692 2385 5767 Past._
2407 5708 2481 5760 tv,
2509 5693 2564 5760 8,
2606 5692 2696 5750 ubi
2718 5686 2802 5765 ,ἦν
2835 5690 2932 5764 μὲν
2962 5695 3119 5751 κενὸν
3149 5693 3339 5759 πένθος
3366 5688 3566 5756 ἀνθῶν,

332 5768 449 5841 jure
482 5763 719 5839 pratulit
749 5764 992 5836 Corayus
1025 5764 1107 5820 vir
1133 5764 1539 5822 eruditissimus
1570 5763 1873 5822 variantem
1908 5765 2195 5825 lectionem
2233 5764 2442 5820 καινόν.

2716 5828 2749 5835 .-

3662 2488 3715 2537 \\
