3994 6350
468 384 558 451 87’

1895 386 2273 453 ADDENDA.

3617 388 3727 453 872

464 517 582 572 quae
614 517 715 557 non
744 510 886 566 sunt,
922 501 1060 555 hanc
1091 500 1247 555 vitam
1274 511 1326 556 et
1357 497 1689 567 deliciasfac
1720 503 2026 558 mendacem

2145 497 2260 551 ἀλλ’
2292 498 2324 568 ἡ
2356 498 2450 552 τοῦ
2488 500 2734 571 ῥήματος
2762 472 2990 572 δύναμις
3010 542 3024 566 ,
3053 501 3317 557 νύττουσά
3351 518 3452 573 μου
3485 500 3587 573 τὴν
3613 503 3721 576 ψυα

462 592 865 660 ρτοερετῑι.ιιοιιι
895 607 910 645 :
938 589 1146 659 quibus,
1179 606 1211 644 ο
1242 605 1357 655 rex,
1414 591 1545 645 heu!
1574 604 1668 646 cor
1711 598 1860 647 tuum
1892 595 2029 650 male

463 681 676 734 aliixum
708 688 820 745 est;
852 693 1054 749 egoque
1108 680 1234 734 item
1282 660 1544 749 quondam
1591 695 1654 735 ea
1706 676 2029 751 complecte-

462 769 577 825 har.
603 769 791 823 Verum
824 767 979 837 hujus
1004 769 1267 824 sermonis
1295 769 1395 837 vis,
1427 771 1663 825 animum
1694 786 1871 826 meum
1913 772 2031 829 sine

462 862 565 914 ulla
589 859 986 917 intermissione
1013 860 1284 924 vellicans,
1316 868 1572 926 mentem,
1602 876 1721 929 qum
1745 862 1848 918 mei
1880 863 2028 932 prin-

458 953 690 1022 cipatum
735 959 900 1017 tenet,
933 951 1001 1006 ad
1042 951 1093 1007 id
1137 950 1275 1022 quod
1323 953 1509 1006 melius
1546 960 1683 1016 erat,
1727 952 2027 1020 eligendum

2139 589 2241 659 χὴν
2291 589 2687 657 ἀδιαλείπτως,
2726 591 2977 663 ἐξήγειρε
3026 592 3120 645 τὸν
3165 594 3413 663 ἡγεμόνα
3464 594 3590 649 νοῦν
3637 598 3723 663 είς

2140 680 2369 751 ἐκλογὴν
2397 683 2490 738 τοῦ
2520 683 2829 753 κρείττονος
2849 700 2863 716 ο
2913 685 2943 737 ό
2970 684 3027 737 δὲ
3065 684 3230 754 νόμος
3261 685 3362 756 τῆς
3398 685 3679 758 ἁμαρτίας
3700 724 3716 753 ,

2139 770 2692 844 ἀντιστρατευόμενος
2725 775 2801 847 τῷ
2835 775 2985 846 νόμῳ
3037 775 3131 830 τοῦ
3170 777 3291 841 νοός
3332 789 3459 847 μου,
3492 780 3608 846 καὶ,
3641 780 3722 843 ὦς

2140 876 2251 912 τισι
2292 861 2671 933 σιδηροπέδαις
2716 864 2932 936 δεσμῶν
2986 883 3053 936 με
3093 867 3238 937 (55),
3267 872 3336 940 τῇ
3373 872 3725 942 προσπαθείᾳ

2141 949 2253 1005 τῶν
2281 954 2566 1024 παρόντων
2592 948 2940 1025 αἰχμάλωτον
2967 962 3221 1029 κατεῖχεν
3247 960 3384 1032 (56).

455 1040 750 1097 excitabat.
785 1042 1058 1098 Caeterum
1098 1044 1185 1099 lex
1225 1044 1457 1116 peccati,
1487 1059 1614 1099 cum
1659 1046 1857 1100 mentis
1884 1060 2021 1099 meae
2065 1046 2182 1115 lege
2230 1060 2501 1117 pugnans,
2539 1059 2605 1102 ac
2646 1047 2794 1102 velut
2845 1048 3176 1120 quibusdam
3230 1053 3588 1124 compedibus
3629 1074 3723 1116 me

448 1133 716 1200 vinciens,
750 1151 848 1208 per
874 1134 1126 1191 affectum
1156 1149 1284 1208 erga
1313 1150 1401 1190 res
1429 1141 1730 1205 praesentes
1755 1134 2031 1205 captivum
2067 1134 2307 1189 tenebat.

531 1249 661 1303 Cum
684 1257 858 1301 autem
891 1246 1184 1302 Salvatoris
1210 1246 1374 1299 nostri
1409 1243 1713 1312 benignitati
1736 1259 1797 1297 ac
1814 1245 2031 1299 bonitati

459 1353 549 1392 me
571 1352 636 1392 ex
672 1338 768 1393 hac
789 1337 978 1391 acerba
1003 1336 1306 1405 captivitate
1332 1335 1601 1389 vindicare
1633 1335 1848 1404 placuit,
1873 1346 2032 1405 atque

459 1429 572 1499 ipse
602 1430 761 1483 menti
794 1444 923 1484 meae
954 1427 1020 1482 ad
1050 1427 1401 1497 superandam
1434 1430 1632 1496 peccati
1661 1426 1829 1495 legem
1871 1427 2033 1481 robur

459 1507 682 1583 addidit,
709 1519 996 1588 oculosque
1018 1532 1165 1573 meos
1190 1518 1426 1587 aperuit,
1454 1527 1512 1571 ut
1548 1517 1669 1571 mali
1694 1532 1758 1571 ac
1787 1517 1909 1599 ι)οηὶ
1938 1520 2033 1572 des-

460 1613 652 1668 lectum
698 1613 983 1678 haberem;
1018 1620 1127 1666 tum
1173 1612 1412 1675 scilicet,
1465 1620 1601 1677 tum,
1648 1610 1885 1679 inquam,
1912 1612 2030 1664 ani-

459 1704 720 1758 madverti
749 1718 812 1757 ae
840 1703 968 1767 vidi,
997 1703 1275 1769 praesentia
1300 1701 1477 1754 omnia
1506 1701 1789 1753 vanitatem
1816 1708 1870 1754 et
1895 1698 2034 1754 afﬂi-

457 1794 689 1847 ctionem
718 1794 940 1861 spiritus
960 1809 1078 1847 esse
1104 1792 1293 1864 (Eccli.
1319 1794 1381 1862 l),
1405 1794 1848 1863 quemadmodum
1870 1793 2031 1847 etiam

2214 1226 2347 1279 Ὅτε
2396 1227 2455 1281 δὲ
2508 1229 2801 1303 εὐδόκησεν
2846 1232 3216 1304 ἠχρηστότης
3261 1236 3357 1290 καὶ
3404 1238 3715 1313 ἀγαθοσόνη

2136 1317 2229 1371 τοῦ
2260 1318 2513 1392 Σωτῆρος
2545 1323 2702 1393 ήμῶν
2732 1324 2869 1377 Θεοῦ
2904 1326 3018 1397 (57)
3052 1313 3333 1390 ἐξελέσθαι
3382 1347 3448 1400 με
3478 1330 3579 1401 τῆς
3611 1348 3718 1402 χαι-

2135 1409 2307 1482 λεπῆς
2339 1413 2557 1484 ἐκείνης
2595 1416 2994 1486 αἰχμαλωσίας,
3037 1418 3289 1490 ἐνίσχυσέ
3318 1437 3420 1490 μου
3461 1422 3552 1475 τὸν
3586 1425 3719 1476 νοῦν

2136 1502 2521 1572 περιγενέσθαι
2556 1504 2651 1558 τοῦ
2684 1507 2853 1577 νόμου
2884 1511 2983 1579 τῆς
3013 1510 3291 1581 ἁμαρτίας
3316 1552 3331 1577 ,
3362 1512 3456 1566 καὶ
3482 1513 3719 1584 διήνοιξέ

2140 1611 2242 1666 μου
2278 1596 2407 1658 τοὺς
2435 1594 2764 1668 ὀφθαλμοὺςσ
2790 1599 3092 1671 διακρίνειν
3144 1604 3206 1655 τὸ
3235 1603 3442 1672 φαῦλον
3475 1606 3587 1659 ἀπὸ
3618 1606 3718 1661 τοῦ

2136 1686 2469 1756 κρείττονος.
2509 1687 2643 1742 Τότε
2677 1690 2768 1761 δὴ,
2798 1691 2920 1744 τότε
2956 1692 3259 1764 κατενόησα
3292 1695 3385 1747 καὶ
3412 1692 3553 1749 εἶδον
3573 1698 3714 1768 (58),

2136 1778 2231 1830 καὶ
2264 1776 2372 1831 ἰδοὺ
2407 1780 2587 1834 πάντα
2619 1780 2689 1834 τά
2715 1782 2961 1853 παρόντα
2991 1785 3292 1854 ματαιότης
3322 1787 3419 1839 κα)⁸
3451 1789 3720 1859 προαίρεδ

456 1857 880 1950 sapientissimus
927 1857 1178 1939 Salomon
1231 1857 1458 1952 quodam
1527 1884 1645 1938 loco
1684 1883 1837 1938 dixit.
1894 1884 2026 1939 Tum

2130 1888 2213 1934 σις
2241 1870 2551 1942 πνεύματος
2571 1912 2585 1938 ,
2627 1874 2772 1929 καθά
2800 1893 2901 1929 που
2929 1878 3022 1929 καὶ
3059 1877 3313 1947 Σολομῶν
3340 1880 3368 1933 ό
3403 1857 3719 1948 σοφώτατος

458 1972 659 2041 peccati
706 1974 946 2028 velamen
975 1988 1007 2028 c
1042 1973 1203 2029 corde
1245 1990 1365 2029 meo
1409 1974 1674 2029 sublatum
1718 1984 1832 2041 est,
1872 1986 2030 2044 atque

458 2061 753 2115 obscuritas
781 2077 840 2115 ea
871 2077 988 2130 qua:
1026 2078 1092 2117 ex
1142 2065 1383 2131 corporis
1409 2063 1654 2119 crassitie
1700 2065 1880 2119 animo
1910 2080 2029 2121 meo

457 2150 795 2206 incumbebat
840 2152 1074 2207 discussa
1112 2160 1165 2206 et
1209 2152 1503 2223 dissipata,
1550 2163 1708 2224 atque
1753 2153 2026 2223 cujusnam

455 2241 532 2294 rei
562 2256 721 2296 causa
772 2254 1081 2309 procreatus
1127 2259 1245 2297 sum
1276 2246 1503 2313 agnovi;
1551 2245 1786 2316 mihique
1829 2246 2027 2301 facien-

452 2330 577 2384 dum
602 2345 723 2386 esse
751 2338 808 2385 ut
834 2347 929 2401 per
963 2334 1327 2388 mandatorum
1350 2334 1775 2393 observationem
1797 2337 1863 2392 ad
1884 2352 2029 2393 sum-

453 2435 596 2475 mum
646 2421 792 2474 illum
846 2437 1024 2476 rerum
1074 2424 1309 2477 omnium
1358 2424 1664 2480 eﬂeetorem
1716 2428 2020 2485 ascendam.

452 2511 787 2579 Quapmpter
808 2512 1011 2567 relictis
1030 2513 1274 2567 omnibus
1304 2515 1482 2580 rebus,
1506 2530 1628 2572 eum
1648 2527 1862 2574 secutus
1882 2533 2021 2574 sum.

454 2597 770 2667 Cratiasque
817 2600 926 2655 Deo
960 2614 1052 2669 per
1082 2601 1259 2656 Jesum
1291 2603 1560 2658 Christum
1610 2605 1888 2661 Dominum
1930 2623 2025 2663 no-

454 2699 622 2743 strum
654 2704 752 2761 ago
772 2734 786 2759 ,
833 2692 973 2761 quod
1007 2708 1090 2746 me
1120 2708 1183 2747 ex
1226 2694 1334 2748 luto
1362 2703 1415 2749 et
1452 2694 1682 2751 lateritio
1727 2697 1929 2763 labore,
1961 2713 2026 2754 ac

454 2782 655 2836 crudeli
687 2786 743 2837 e't
786 2783 1035 2852 pestifero
1076 2786 1413 2839 tenebrarum
1462 2785 1617 2854 hujus
1654 2789 1836 2843 saeculi
1882 2791 2027 2857 prin-

453 2875 572 2944 cipe
600 2876 850 2941 liberarit,
890 2877 1137 2947 viamque
1174 2878 1301 2933 mihi
1341 2881 1790 2950 compendiariam
1816 2892 1871 2938 et
1898 2899 2024 2954 pro-

455 2965 645 3020 clivem
691 2967 1013 3036 ostenderit,
1050 2983 1143 3037 per
1185 2983 1342 3039 quam
1390 2971 1443 3025 in
1498 2970 1599 3025 hoc
1628 2970 1771 3026 ﬁctili
1801 2987 2026 3042 corpore

454 3058 745 3126 angelicam
793 3059 912 3114 vitae
960 3061 1218 3115 rationem
1267 3062 1557 3131 amplexari
1604 3066 1823 3132 possim.
1863 3065 2026 3135 Cujus

454 3148 811 3218 adipiscenda!
856 3150 1052 3218 studio,
1086 3161 1282 3205 arctam
1317 3152 1453 3207 hanc
1497 3161 1553 3207 et
1578 3163 1855 3225 angustam
1887 3157 2024 3210 viam

455 3237 851 3307 ingrediendam
903 3240 1033 3295 mihi
1084 3241 1209 3294 duxi
1247 3241 1458 3309 (Matth.
1500 3244 1627 3313 vn),
1674 3246 1752 3299 sic
1780 3244 2027 3300 videlicet

455 3332 636 3382 animo
685 3330 1025 3395 constitutus,
1078 3341 1133 3385 ut
1163 3334 1499 3399 praesentlum
1530 3349 1707 3389 rerum
1740 3337 2025 3394 vanitatem

455 3430 613 3486 atque
635 3419 928 3474 instabilem
957 3434 1135 3473 earum
1160 3421 1501 3489 jactationem
1530 3432 1585 3477 et
1607 3424 2016 3480 conversionem

458 3511 800 3562 vehementer
825 3509 1138 3577 improbem,
1167 3526 1337 3580 neque
1365 3512 1552 3567 adduci
1585 3515 1783 3581 possim
1813 3521 1870 3567 ut
1911 3529 2027 3570 cre-

457 3602 578 3656 dam
609 3602 748 3656 aliud
771 3603 1052 3672 quidquam
1087 3614 1279 3672 praeter
1309 3603 1361 3659 id
1389 3605 1528 3674 quod
1556 3619 1677 3659 vere
1715 3604 1912 3661 bonum
1943 3618 2026 3664 est

452 3689 651 3749 bonum
689 3694 1055 3763 appellandum
1095 3709 1232 3749 esse.
1266 3695 1308 3748 A
1339 3710 1441 3767 quo
1471 3703 1555 3761 tu,
1602 3710 1638 3749 o
1682 3712 1795 3760 rex,
1830 3700 2025 3755 misere

454 3791 507 3838 te
533 3784 785 3852 abrupisti
817 3799 878 3839 ac
908 3785 1207 3854 sejunxisti.
1246 3785 1425 3855 anue
1453 3786 1518 3842 de
1547 3802 1706 3842 causa
1734 3803 1829 3843 nos
1856 3792 2017 3845 etiam

450 3891 485 3930 a
510 3882 562 3930 te
586 3877 833 3944 disjuncti
871 3892 933 3931 ac
956 3878 1192 3931 distracti
1216 3893 1419 3943 sumus,
1456 3881 1703 3948 quoniam
1724 3878 1786 3935 tu
1827 3882 1878 3935 in
1905 3898 2024 3949 per-

450 3969 690 4035 Spicuum
714 3977 765 4023 et
794 3966 1145 4023 indubitatum
1173 3970 1393 4023 exitium
1423 3971 1551 4036 ruis,
1575 3986 1636 4025 ac
1659 3986 1757 4026 nos
1788 3974 1841 4026 in
1879 3973 2018 4027 idem

453 4058 744 4125 periculum
771 4060 1069 4128 praecipites
1096 4058 1219 4114 ferri
1241 4060 1405 4130 cogis.
1431 4062 1559 4119 Nam
1579 4062 1807 4131 quandiu
1829 4061 1882 4116 in
1906 4064 2019 4119 sola

451 4150 631 4203 mundi
682 4149 868 4203 militia
917 4150 1304 4215 censebamur,
1358 4151 1554 4204 nullam
1602 4151 1762 4205 ofﬁcii
1811 4161 2016 4220 partem

2132 1964 2190 2017 ὲν
2229 1966 2345 2028 τοῖς
2389 1966 2556 2019 αὐτοῦ
2603 1965 2705 2036 ἔφη
2740 1969 3151 2039 Συγγράμμασι
3197 1971 3310 2039 (59)
3342 1987 3354 2001 ’
3391 1973 3514 2025 τότε
3553 1990 3717 2043 περι-

2129 2055 2303 2127 ῃρέθη
2320 2056 2421 2126 τῆς
2435 2056 2666 2128 καρδίας
2690 2076 2793 2129 μου
2806 2059 2867 2112 τὸ
2884 2054 3148 2131 κάλῦμμα
3164 2061 3265 2131 τῆς
3285 2063 3559 2135 ἁμαρτίας
3575 2065 3712 2136 (40),

2128 2148 2224 2200 καὶ
2252 2148 2287 2213 ἡ
2320 2149 2383 2200 ὲκ
2412 2148 2512 2218 τῆς
2542 2149 2863 2221 σωματικῆς
2897 2148 2997 2222 l3
3041 2152 3357 2224 παχύτητος
3386 2155 3716 2227 ἐπικειμένη

2126 2242 2193 2313 τῇ
2224 2240 2367 2313 ψυχῇ
2410 2260 2512 2313 μου
2547 2240 2873 2314 ἀμαύρωσις
2901 2244 3276 2317 διεσκεδάσθη,
3315 2239 3409 2300 κα).
3433 2248 3606 2317 ἔγνων
3634 2252 3717 2314 είς

2125 2326 2154 2384 ὃ
2179 2330 2381 2400 γέγονα
2420 2334 2514 2386 καὶ
2546 2335 2629 2387 ὅτι
2670 2334 2751 2387 δεῖ
2782 2351 2852 2405 με
2898 2335 3035 2407 πρὸς
3076 2335 3169 2388 τὸν
3208 2337 3542 2409 δημιουργὸν
3569 2341 3711 2394 ἀνα-

2126 2421 2309 2495 ϐῆναι,
2338 2422 2426 2476 διὰ
2454 2423 2554 2494 τῆς
2594 2423 2704 2478 τῶν
2744 2424 2976 2478 ἐντολῶν
3000 2426 3286 2498 ἐργασίας.
3322 2428 3507 2495 Ὅθεν,
3529 2430 3714 2485 πάντα

2127 2515 2466 2582 καταλιπὼν,
2495 2515 2647 2586 αὐτῷ
2665 2516 3007 2588 ἠκολούθησα
3030 2520 3125 2572 καὶ
3151 2519 3465 2591 εὐχαριστῶ
3490 2521 3568 2591 τῷ
3590 2522 3715 2593 Θεῷ

2123 2607 2213 2661 διὰ
2257 2607 2435 2678 Ἰησοῦ
2470 2607 2712 2679 Χριστοῦ
2757 2607 2851 2661 τοῦ
2888 2610 3093 2681 Κυρίου
3131 2610 3293 2681 ἡμῶν
3317 2651 3332 2674 ,
3363 2613 3445 2665 ὅτι
3476 2613 3714 2683 ὲρύσατό

2124 2717 2191 2772 με
2239 2699 2352 2771 (Η)
2382 2699 2477 2753 τοῦ
2518 2700 2696 2770 πηλοῦ
2727 2700 2824 2753 καὶ
2853 2702 2952 2771 τῆς
2981 2700 3264 2766 πλινθείας
3298 2702 3413 2775 (42)
3437 2744 3451 2770 ,
3485 2704 3582 2757 καὶ
3610 2705 3709 2760 τοῦ

2122 2787 2364 2859 ἀπηνοῦς
2408 2789 2507 2843 καὶ
2528 2780 2780 2861 [ὀλεθρίου
2808 2791 3067 2861 ἄρχοντος
3096 2791 3189 2844 τοῦ
3220 2792 3443 2869 σκότους
3462 2793 3556 2847 τοῦ
3581 2794 3712 2849 αἰῶ-

2121 2897 2211 2944 νος
2245 2881 2439 2946 τούτου
2471 2881 2585 2952 (45)
2609 2920 2623 2945 ,
2660 2882 2756 2935 καὶ
2789 2881 2977 2951 ἔδειξε)
3008 2898 3099 2953 μοι
3131 2883 3250 2936 ὁδὸν
3299 2883 3570 2955 σύντομον
3613 2887 3711 2939 καὶ

2132 2973 2321 3045 ῥᾳδίαν
2344 3013 2360 3039 ,
2399 2973 2466 3027 δι’
2507 2969 2574 3046 ἧς
2623 2973 2924 3045 δυνήσομαι
2967 2975 3025 3028 ὲν
3057 2974 3133 3046 τῷ
3174 2976 3502 3047 νόστρακὶνῳ
3532 2976 3709 3049 τούτῳ

2131 3064 2345 3137 σώματι
2377 3065 2490 3136 (44)
2531 3066 2632 3136 τὴν
2664 3065 2966 3137 ἀγγελικὴν
3013 3066 3362 3120 ἀσπάσασθαι
3407 3068 3706 3134 πολιτείαν,

2120 3159 2301 3230 ἥνπερ
2327 3158 2533 3229 φθάσαι
2568 3157 2771 3230 ζητῶν,
2806 3158 2908 3228 τὴν
2958 3158 3155 3231 στενὴν
3205 3160 3300 3214 κα)⁵
3330 3148 3709 3232 τεθλιμμένην

2123 3248 2349 3320 εἱλόμην
2377 3249 2617 3319 βαδίζειν
2639 3249 2759 3303 ὁδὸν
2795 3248 2931 3319 (45),
2960 3250 3105 3303 πάνυ
3130 3251 3438 3320 καταγνοὺς
3467 3251 3569 3321 τῆς
3595 3250 3707 3307 τῶν

2124 3341 2407 3412 παρόντων
2455 3342 2821 3413 ματαιότητος
2862 3343 2956 3396 καὶ
2986 3344 3089 3413 τῆς
3117 3343 3353 3399 ἀστάτου
3384 3346 3557 3416 φορᾶς
3580 3344 3706 3397 τού-

2122 3450 2230 3486 των
2276 3433 2371 3486 καὶ
2402 3434 2709 3504 περιφορᾶς
2745 3432 2892 3504 (46),
2929 3435 3025 3487 καὶ
3072 3434 3149 3505 μὴ
3200 3434 3523 3505 πειθόμενος
3574 3435 3705 3490 ἄλλο

2124 3545 2176 3580 τι
2210 3523 2375 3580 καλὸν
2420 3524 2711 3597 ὀνομάζειν
2744 3523 2851 3595 πρὸ
2888 3524 2984 3577 τοῦ
3015 3525 3169 3589 ὄντος
3196 3525 3363 3580 καλοῦ
3385 3568 3400 3592 ,
3429 3520 3601 3597 οὗπερ
3636 3529 3703 3581 σὺ

2124 3612 2411 3687 ἐλεεινῶς,
2448 3613 2493 3672 ὦ
2523 3618 2789 3691 ⁴βασιλεῦ,
2846 3618 3147 3693 διερράγης
3200 3635 3262 3673 τε
3311 3620 3409 3673 καὶ
3459 3619 3702 3689 διέστης,

2127 3710 2290 3765 Ὀθεν
2321 3711 2413 3764 καὶ
2442 3713 2606 3782 ἡμεῖς
2637 3710 2930 3782 διέστημὲν
2961 3728 3054 3764 σου
3086 3712 3178 3765 καὶ
3221 3712 3573 3785 διῃρέθημεν,
3616 3712 3701 3768 διὰ

2123 3803 2181 3857 τὸ
2216 3804 2295 3867 εἰς
2345 3804 2491 3874 σαφῆ
2534 3790 2630 3857 καὶ
2674 3802 3104 3874 ὡμολογημένην
3138 3802 3199 3856 σέ
3239 3822 3300 3856 τε
3336 3807 3702 3859 καταπίπτειν

2121 3894 2400 3950 ἀπώλειαν
2435 3894 2539 3967 ιι
2571 3894 2666 3949 καὶ
2698 3895 2836 3966 πρὸς
2864 3894 2953 3946 τὸν
3003 3895 3117 3948 ῐσον
3165 3894 3556 3965 κατενεχθῆναι
3606 3900 3699 3949 καὶ

2120 3990 2270 4060 ἡμᾶς
2318 3987 2564 4041 κίνδυνον
2592 3986 2950 4055 ἀναγκάζειν.
2984 3985 3131 4049 Ἕως
3165 3985 3262 4056 μὲν
3301 3984 3408 4056 γάρ
3435 3987 3569 4055 περ).
3605 3986 3697 4056 μό·

2122 4096 2220 4149 νην
2242 4078 2343 4149 τὴν
2366 4077 2642 4150 κοσμικὴν
2675 4076 2965 4148 στρατείαν
2990 4074 3384 4147 ὲξηταζόμεθα,
3411 4074 3568 4127 οὐδὲν
3592 4075 3703 4128 τῶν

2124 4171 2355 4227 δεόντων
2394 4172 2557 4241 ἡμεῖς
2596 4168 2929 4243 ὲνελίπομενέ
2967 4166 3081 4240 (47)
3106 4185 3121 4199 ’
3183 4167 3557 4240 μαρτυρήσεις
3609 4181 3701 4237 μοι

510 4292 622 4360 ('55)
655 4293 715 4357 Β,
740 4291 940 4361 δεσμὸν
972 4290 1091 4361 μέν.
1119 4291 1178 4345 In
1211 4291 1395 4345 vocula
1423 4291 1523 4361 μὲν
1560 4291 1756 4361 sapius
1784 4291 1992 4345 librarii

2134 4295 2347 4343 carnnt.
2379 4285 2595 4361 [sellas
2641 4285 2812 4357 Anag.
2849 4287 2916 4341 de
2957 4285 3115 4341 Circe
3141 4304 3154 4341 :
3182 4287 3211 4339 ό
3236 4284 3295 4338 δὲ
3319 4284 3401 4337 ἔτι
3434 4283 3533 4354 μὲν
3566 4284 3690 4356 Bap.

441 4356 853 4438 osi;_ltiinseiisu
880 4356 985 4438 μὲν
1009 4372 1180 4423 caret,
1214 4356 1568 4438 per_qn'9‘e_st
1600 4356 1804 4438 optime
1845 4361 2026 4438 μᾶλλο·

2144 4362 2349 4438 ⁸(ευιιίςει
2378 4356 2564 4438 ὄθξὶὸ..
2755 4426 2768 4438 .
3117 4424 3130 4438 .
3362 4424 3389 4438 η

512 4432 622 4502 (36)
651 4431 819 4502 Epist.
850 4422 915 4502 ait
942 4430 1098 4502 lioin.
1135 4422 1229 4502 vti,
1264 4429 1334 4502 25
1365 4422 1385 4485 Ξ
1418 4430 1611 4502 Βλέπω
1637 4422 1700 4483 ’δὲ
1732 4422 1918 4502 ἕτερον
1946 4431 2026 4501 νόι

2140 4431 2197 4482 ὲν
2229 4432 2342 4493 τοῖς
2377 4422 2564 4499 μέλεσι
2595 4442 2699 4496 μου
2744 4424 3297 4498 ἀντιστρατευόμενον
3320 4424 3399 4497 τῷ
3426 4423 3578 4498 νόμῳ
3596 4426 3695 4481 τοῦ

439 4496 556 4561 νοός
572 4496 812 4620 reeitat
841 4496 1311 4573 αἰχμαλωτίζοντά
1348 4517 1414 4568 με
1441 4499 1519 4570 τῷ
1548 4500 1697 4571 νόμῳ
1726 4496 2099 4572 τῆςάμαρτΐα

514 4569 567 4620 l3
612 4571 624 4620 i
659 4568 857 4620 Paulus
883 4584 984 4620 non
1026 4573 1209 4620 semel.
1251 4570 1542 4620 εὐδόκησεν
1564 4572 1592 4620 ὁ
1617 4570 1774 4620 Θεόε.
1808 4571 1983 4620 Lucas
2011 4588 2023 4620 :
2057 4573 2099 4620 ei

514 4568 624 4637 (37)
659 4568 984 4623 Paulus'non
1026 4573 1209 4634 semel,
1251 4568 1542 4642 εὐδόκησεν
1564 4572 1592 4622 ὁ
1615 4568 1790 4634 Θεός.“
1808 4568 2023 4625 Lucas:
2057 4573 2115 4623 εὐ

506 4639 618 4709 (58)
645 4638 783 4709 Psal.
813 4654 924 4700 ut,
958 4640 1022 4692 17
1055 4655 1068 4689 :
1114 4639 1268 4709 αὐτοὶ
1320 4640 1377 4693 δὲ
1410 4641 1744 4709 κατενόησαν
1772 4642 1869 4696 καὶ
1914 4641 2115 4697 ἐπεῖδον

2105 4519 2152 4563 ς.

2121 4540 2351 4637 δόκησεν
2376 4568 2405 4620 ὁ
2438 4566 2645 4636 πατήρ.
2676 4564 2742 4619 Et
2777 4564 2973 4621 Noster
2996 4566 3145 4620 alibi.

645 4638 783 4712 Psal.
813 4654 924 4712 xxi,
958 4640 1022 4692 17
1055 4655 1068 4689 :
1106 4632 1268 4712 αὐτοὶ
1320 4640 1377 4693 δὲ
1410 4632 1744 4712 κατενόησαν
1772 4642 1869 4696 καὶ
1914 4642 2026 4694 ἐπεῖ

2132 4679 2147 4694 .
2197 4632 2341 4693 Ρειιι.
2391 4652 2538 4701 CXLI,
2570 4632 2607 4690 Ι
2633 4654 2648 4691 :
2696 4636 2986 4690 κατενόουν
3036 4639 3117 4701 εἰς
3166 4635 3235 4689 τά
3278 4632 3429 4702 δεξιά
3455 4638 3551 4692 καὶ
3594 4641 3695 4693 ὲπ-

436 4707 680 4764 έϐλεπον.
713 4708 795 4763 Cf.
820 4710 922 4762 lsa.
952 4725 1058 4774 LIX,
1098 4708 1182 4763 16.

508 4780 617 4849 (59)
645 4779 821 4849 Eccle.
852 4793 890 4841 ι,
926 4777 1014 4830 14.

508 4844 621 4919 (40)
656 4848 870 4919 Paulus,
925 4848 1156 4919 ljlpistola
1194 4852 1428 4904 secunda
1462 4850 1527 4904 ad
1556 4849 1681 4905 Cor.
1716 4865 1798 4913 Ill,
1836 4850 1904 4905 15
1938 4866 1952 4905 :
1987 4851 2026 4903 ις

2130 4865 2272 4919 ›μμα
2318 4847 2412 4901 ἐπὶ
2453 4848 2556 4916 τὴν
2594 4845 2823 4917 καρδίαν
2866 4844 3050 4898 αὐτῶν
3095 4847 3313 4899 κεῖταιο
3350 4848 3514 4918 ἡνίκα
3541 4847 3588 4901 δ’
3629 4849 3698 4903 ἂν

435 4915 739 5003 ἐπιστρέψῃ,
768 4916 909 5003 προς.
938 4915 1163 5003 ᾗύριον,
1194 4923 1560 5003 περιαιρεῖται
1585 4920 1653 5003 to
1678 4922 1967 5003 κάλυμμα.

505 4984 614 5063 (41)
652 4984 823 5063 Epist.
845 4989 910 5038 ad
941 4984 1117 5063 “Plu.-
1133 5004 1228 5063 v_t_t,
1258 4984 1328 5063 24
1356 4984 1502 5063 zeli
1529 5007 1596 5057 με
1628 4984 1882 5060 ῥύσεταί
1908 4992 1974 5043 ὲκ
2018 5007 2026 5024 ·

2160 4987 2411 5059 σώματος
2439 4986 2534 5040 τοῦ
2577 4985 2810 5040 θανάτου
2842 4985 3035 5039 τούτου
3061 5000 3075 5049 ;
3125 4984 3434 5058 εὐχαριστῶ
3460 4990 3539 5061 τῷ
3572 4990 3693 5063 Θεῷ

432 5056 521 5129 διά
562 5056 734 5129 Ἰησοῦ
765 5056 1003 5129 Χριστοῦ
1027 5056 1120 5129 τοῦ
1151 5059 1356 5128 Κυρίου
1378 5056 1564 5129 ἡμῶν.

505 5124 904 5200 (42)Ἰξοερείειυ
934 5127 1000 5179 ad
1032 5124 1297 5195 ηιΕιοιΙξι,
1326 5124 1439 5182 ME
1467 5129 1803 5183 Κατωδύνων
1831 5128 2013 5183 αὐτῶν
2050 5128 2151 5198 τὴν
2198 5127 2345 5199 ζωὴν
2374 5128 2431 5181 ἐν
2457 5128 2569 5190 τοῖς
2609 5125 2792 5196 ἔργοις
2828 5127 2945 5189 τοῖς
2971 5124 3247 5196 σκληροῖς,
3278 5127 3357 5199 τῷ
3402 5128 3561 5200 πηλῷ
3593 5134 3690 5186 καὶ

430 5197 496 5267 τῇ
532 5196 800 5267 πλινθείᾳ.

470 5250 615 5336 ⁸³(45)
643 5250 906 5339 Respectu
942 5268 1007 5339 ad
1040 5258 1379 5339 Panli_verbn
1406 5266 1605 5337 Ephes.
1641 5284 1717 5335 νι,
1750 5268 1815 5323 12
1845 5286 1858 5322 ε
1887 5268 2026 5339 Πρὸς

2131 5270 2192 5332 ὐς
2223 5268 2679 5339 κοσμοκράτορας
2709 5267 2803 5321 τοῦ
2840 5267 3065 5332 σκότους
3097 5267 3192 5321 τοῦ
3227 5268 3423 5331 αἰῶνος
3443 5268 3636 5324 τούτου
3670 5288 3687 5306 ο

430 5350 549 5403 qua:
570 5349 655 5392 est
690 5336 847 5392 leetio
880 5338 1161 5405 vulgatior.
1195 5336 1494 5403 Barnabas,
1540 5340 1700 5405 epist.

1746 5355 1799 5408 p.
1828 5339 1899 5393 δε
1934 5358 1952 5390 ι
1993 5339 2129 5393 Cum
2154 5341 2276 5409 sint
2308 5355 2437 5409 ergo
2493 5340 2608 5393 dies
2662 5339 3005 5409 nequissimi,
3044 5348 3100 5394 et
3151 5340 3459 5409 contrarius
3490 5339 3686 5397 habeat

432 5406 590 5475 hujus
617 5408 796 5479 saeculi
839 5418 1154 5479 potestatein
1186 5424 1199 5461 :
1234 5425 1252 5457 ι
1286 5408 1373 5461 ubi
1404 5410 1522 5462 vide
1565 5406 1807 5462 Menand.
1846 5423 1967 5478 pag.
2018 5408 2107 5463 85.
2150 5408 2286 5463 llinc
2342 5406 2586 5479 intelligo
2636 5408 3084 5479 Comnwdianmn
3122 5409 3280 5479 lustr.
3320 5407 3485 5479 §59=
3522 5427 3541 5461 ι
3574 5410 3687 5465 Ma-

433 5484 616 5530 trones
650 5478 731 5529 vis
769 5490 911 5541 esse,
943 5476 1271 5542 Christiana,
1306 5488 1363 5529 ut
1391 5478 1573 5531 saeculi
1605 5476 1859 5532 damnas.
1895 5476 2168 5533 {Domnaz
2194 5478 2371 5533 saeculi
2419 5489 2545 5533 sunt
2568 5479 2781 5534 feminae
2810 5478 3040 5545 lnpanae,
3076 5476 3359 5532 zahnlicaa'.

497 5545 609 5619 (δέ)
640 5545 844 5619 Corpus
869 5547 1186 5619 όστράκινον
1217 5547 1599 5619 potnittlicere
1630 5561 1697 5601 ex
1730 5551 2026 5619 metaphor:

2130 5549 2328 5613 aulina,
2363 5548 2406 5602 ll
2434 5551 2559 5604 Cor.
2599 5564 2673 5617 Iv,
2707 5548 2776 5604 7:
2808 5551 2866 5603 ὲν
2895 5548 3240 5619 ὀστρακίνοις
3267 5546 3507 5602 σκεύεσι.

521 5613 610 5685 45)
640 5613 836 5685 Matth.
861 5613 1051 5679 νηλέι
1080 5617 1195 5685 τοί.
1218 5613 1355 5685 pag.
1392 5616 1444 5685 l_,
1476 5632 1531 5669 η.
1563 5617 1617 5671 5.

521 5684 609 5757 ᾄθ)
638 5684 815 5757 Eccle.
840 5701 905 5757 in,
936 5686 1009 5739 2:
1039 5684 1129 5757 Τῷ
1158 5681 1355 5751 γέλωτι
1380 5681 1533 5749 εἶπα,
1570 5688 1897 5757 περιφοράν.

499 5754 707 5837 (οι-ηρ,
739 5756 1065 5837 ὲλείπωμειν.
1102 5755 1321 5837 Rursus
1359 5757 1547 5809 omisit
1584 5754 1854 5837 librarius
1882 5758 2026 5829 negli

2130 5775 2154 5818 s
2213 5760 2649 5832 praepositionem
2695 5761 2999 5832 compositi.
3059 5759 3331 5837 Lucianus
3372 5759 3523 5820 Asin.
3570 5757 3674 5813 ιιι

427 5820 834 5887 εὐθὺςεδίωκον
863 5839 877 5853 ο
919 5820 1101 5878 malim
1138 5824 1467 5881 κατεδίωκον
1497 5828 1696 5885 codicis
1723 5820 1875 5884 1510.
