3994 6350
268 337 375 401 873

1371 339 1545 399 VITA
1579 340 1933 399 BABLAAM
1973 341 2066 401 ΕΤ
2103 341 2458 403 JOASAPH.

3431 353 3534 419 875.

268 443 368 497 καὶ
395 442 559 508 αὐτὸς
583 443 776 516 ὅτιπερ
819 445 937 500 ούδέ
974 448 1253 519 ῥαθυμίαν
1280 450 1402 504 τινὰ
1434 452 1553 506 οὐδὲ
1593 454 1851 524 ἀμέλειάν

1965 455 2514 523 ιιιαιιειιιιίιιεὺιιιῐιιιε.
2548 456 2624 512 Ac
2649 465 2704 511 tu
2733 472 2941 529 quoque
2967 460 3196 531 Optimus
3226 464 3373 518 testis
3396 468 3525 535 eris,

268 549 408 589 ποτε
439 536 840 607 ἐνεκλήοημεν.

359 710 512 764 Ἐπεὶ
540 711 596 764 δέ
624 712 717 765 καὶ
747 712 878 766 αὐτὸ
909 714 1016 769 τῶν
1065 717 1248 772 καλῶν
1299 720 1359 772 τὸ
1401 723 1694 791 κεφάλαιον
1743 725 1852 792 ἁφ-

279 802 504 856 ελὲσθαι
554 804 975 877 ἐφιλονείκησας
1028 810 1219 880 ἡμᾶς,
1275 813 1376 883 τὴν
1421 813 1727 879 εύσέϐειαν,
1764 816 1859 869 καὶ

272 895 367 948 τὸν
421 895 554 949 Θεὸν
610 897 889 969 ζημιῶσαι
934 900 1031 970 τὴν
1081 904 1319 976 ἐσχάτην
1373 905 1578 978 ταύτην
1628 906 1853 978 ζημίαν,

272 988 453 1057 τιμῶν
484 1006 543 1041 τε
575 989 663 1043 διὰ
703 991 864 1045 τοῦτο
913 995 1008 1047 καὶ
1045 994 1361 1067 φιλοτιμίας
1391 998 1853 1069 ἀναμιμνήσκεις,

275 1078 396 1142 πῶς
429 1080 531 1132 οὐκ
565 1079 796 1151 ἀμαθῶς
828 1081 975 1152 ἔχειν
1017 1101 1075 1136 σε
1106 1084 1201 1138 τοῦ
1233 1086 1401 1139 καλοῦ
1432 1086 1656 1149 δικαίως
1688 1087 1755 1140 ἂν
1781 1087 1859 1139 εἴ·

277 1188 458 1241 ποιμι,
494 1172 575 1224 ὅτι
606 1174 699 1224 καὶ
725 1175 1101 1244 παραϐάλλεις
1134 1178 1274 1241 ὅλως
1298 1179 1439 1232 αύτὰ
1464 1180 1602 1251 πρὸς
1631 1180 1856 1249 ἄλληλα,

274 1263 562 1317 εὐσέϐειάν
613 1282 754 1336 φημι
789 1267 926 1336 πρὸς
956 1268 1046 1321 τὸν
1075 1269 1209 1324 Θεὸν
1239 1271 1334 1324 καὶ
1362 1272 1545 1340 φιλίαν
1578 1273 1859 1343 ἀνθρωπί-

275 1373 375 1424 νην
414 1356 508 1408 καὶ
537 1356 698 1423 δόξαν
729 1358 827 1429 τὴν
851 1359 940 1412 ἴσα
971 1364 1397 1433 παραρρέουσαν
1420 1363 1574 1419 ὕδατι
1603 1384 1619 1433 ;
1655 1365 1774 1429 πῶς
1800 1366 1858 1419 δέ

278 1464 359 1500 σοι
391 1448 486 1500 καὶ
516 1451 764 1502 κοινωνοὶ
793 1451 1032 1522 ἐσόμεθα
1059 1455 1152 1506 ἐπὶ
1175 1454 1352 1524 τούτῳ
1376 1496 1389 1520 ,
1424 1457 1519 1510 καὶ
1553 1457 1696 1526 οὐχὶ,
1732 1457 1857 1510 τού-

274 1539 507 1599 ναντίον.
542 1542 638 1594 καὶ
670 1542 856 1610 φιλίαν
888 1545 981 1596 καὶ
1010 1545 1200 1616 τιμὴν,
1244 1546 1341 1600 καὶ
1376 1547 1613 1619 στοργὴν
1648 1548 1858 1601 τέκνων

274 1629 369 1681 καὶ
400 1629 454 1681 εί
488 1648 540 1683 τι
572 1631 704 1685 ἄλλο
751 1634 938 1703 μεῖζον
970 1629 1070 1705 ἦν,
1114 1636 1494 1707 ἀρνησόμεθας
1526 1638 1764 1709 ὁρῶντές
1797 1655 1857 1691 σε

277 1722 500 1791 μᾶλλον,
537 1718 582 1777 ὦ
634 1725 891 1795 βασιλεῦ,
931 1728 1359 1800 ἀγνωμονοῦντα
1396 1732 1534 1803 πρὸς
1563 1732 1655 1786 τὸν
1694 1732 1853 1798 Θεὸν,

1963 560 2060 601 nos
2089 560 2186 601 nec
2215 547 2546 619 negligentia:
2566 590 2582 617 ,
2627 562 2723 605 nec
2751 550 3009 604 socordiae
3040 553 3251 607 nomine
3296 568 3525 621 unquam

1960 650 2079 693 esse
2103 648 2310 693 notatos
2338 653 2401 693 ac
2428 642 2799 709 reprehensos.

2032 728 2383 799 Posteaquam
2424 738 2599 784 autem
2646 730 2697 785 id
2727 744 2953 800 quoque,
2987 731 3126 801 quod
3165 733 3399 786 omnium
3432 734 3529 788 bo-

1963 838 2148 877 norum
2171 831 2329 892 caput
2349 831 2453 890 est,
2486 826 2585 879 hoc
2605 831 2689 879 est
2712 824 2983 893 pietatem,
3011 824 3164 879 nobis
3188 834 3526 895 extorquere,

1961 912 2161 979 Deique
2208 916 2528 970 detrimento
2578 916 2751 984 (quod
2802 917 3240 972 detrimentornm
3291 920 3528 973 omnium

1962 1015 2260 1061 extremum
2288 1020 2349 1060 ac
2377 1008 2742 1077 gravissimum
2771 1008 2872 1077 est)
2898 1022 2997 1063 nos
3016 1008 3229 1063 afﬁcere
3254 1010 3528 1074 studuisti,

1961 1093 2217 1165 nobisque
2240 1095 2446 1150 interim
2476 1097 2705 1153 honores
2734 1099 2803 1153 ob
2827 1112 2941 1152 eam
2969 1112 3180 1153 causam
3204 1099 3255 1153 in
3288 1116 3385 1154 nos
3416 1102 3517 1155 col-

1962 1183 2095 1239 latos
2122 1194 2279 1254 atque
2306 1189 2629 1257 amplissima
2657 1189 2911 1244 beneﬁcia
2940 1189 2992 1243 in
3037 1191 3347 1245 memoriam
3371 1205 3527 1244 revo-

1956 1290 2067 1341 cas,
2097 1278 2184 1345 qui
2212 1277 2323 1332 ﬁeri
2351 1290 2522 1347 potest
2549 1293 2605 1338 ut
2637 1298 2740 1337 non
2771 1285 2973 1353 optimo
3001 1286 3116 1354 jure
3166 1295 3216 1341 te
3246 1290 3355 1342 veri
3400 1291 3522 1348 boni

1962 1368 2168 1425 inscitia
2196 1368 2437 1426 laborare
2462 1372 2653 1440 dicam,
2685 1388 2742 1431 ut
2795 1378 2882 1447 qui
2911 1379 3126 1434 omnino
3158 1380 3269 1435 haec
3300 1382 3436 1437 inter
3463 1398 3522 1440 se

1959 1472 2268 1529 componas,
2296 1464 2542 1532 pietatem
2568 1467 2767 1521 scilicet
2796 1483 2919 1539 erga
2950 1471 3112 1527 Deum
3143 1487 3262 1527 cum
3292 1472 3522 1528 humana

1957 1552 2189 1607 amicitia
2236 1562 2291 1608 et
2323 1554 2487 1624 gloria
2539 1556 2707 1612 instar
2750 1573 2901 1627 aqua:
2941 1561 3246 1618 deﬂuente?
3283 1565 3524 1632 Quonam

1958 1639 2085 1694 item
2116 1641 2277 1696 modo
2304 1643 2357 1697 in
2389 1643 2489 1699 hac
2516 1660 2574 1700 re
2602 1647 2729 1701 socii
2761 1648 2853 1702 tibi
2895 1651 3052 1705 futuri
3083 1668 3287 1719 sumus,
3329 1669 3393 1711 ac
3419 1671 3528 1712 non

1957 1742 2142 1785 contra
2168 1740 2277 1787 tum
2304 1732 2609 1801 amicitiam,
2641 1744 2750 1791 tum
2786 1740 3060 1807 honorem,
3094 1752 3203 1797 tum
3234 1746 3526 1801 liberorum

271 1817 368 1869 τὸν
394 1818 490 1870 καὶ
512 1818 644 1871 αύτὸ
672 1835 754 1872 σοι
784 1820 845 1872 τὸ
874 1816 1018 1875 εἶναι
1048 1822 1143 1877 καὶ
1165 1822 1228 1877 τὸ
1252 1824 1513 1878 ἀναπνεῖν
1540 1824 1851 1894 παρεχόμε-

1957 1835 2218 1889 amorem,
2244 1824 2361 1879 etsi
2390 1825 2516 1894 quid
2543 1825 2686 1882 aliud
2712 1832 2881 1897 majus
2903 1840 3065 1897 esset,
3100 1836 3528 1903 aspernabimur,

274 1926 388 1974 νον,
423 1910 483 1973 ὃς
516 1910 633 1963 ἐστι
676 1911 916 1983 Χριστὸς
957 1914 1168 1985 Ἰησοῦς
1189 1954 1205 1981 ,
1239 1918 1267 1969 ὁ
1304 1916 1512 1987 Κύριος
1540 1918 1650 1970 τῶν
1685 1917 1857 1972 ἁπάν-

271 2018 406 2066 των,
454 2002 536 2066 ὃς,
571 2003 909 2074 συνάναρχος
936 2004 1012 2059 ὢν
1037 2006 1132 2059 καὶ
1166 2008 1437 2073 συναῒδιος
1454 2009 1533 2077 τῷ
1558 2010 1734 2081 Πατρὶ
1763 2009 1857 2062 καὶ

270 2094 403 2158 τοὺς
436 2095 703 2165 οὐρανοὺς
731 2097 809 2168 τῷ
843 2097 988 2169 λόγῳ
1015 2098 1111 2152 καὶ
1140 2099 1243 2169 τὴν
1270 2099 1375 2171 γῆν
1406 2100 1741 2171 ὑποστήσας,
1763 2100 1856 2154 τὸν

270 2186 565 2257 ἄνθρωπόν
594 2205 651 2240 τε
683 2190 874 2259 χερσὶν
903 2190 1136 2255 οἰκείαις
1169 2192 1569 2264 ἐδημιούργησε
1597 2191 1693 2246 καὶ
1722 2192 1857 2248 ἀθα-

269 2281 435 2351 νασίᾳ
470 2280 658 2333 τοῦτον
701 2281 968 2353 ἐτίμησε,
1020 2282 1116 2337 καὶ
1175 2283 1403 2354 βασιλέα
1450 2285 1558 2339 τῶν
1605 2287 1699 2339 ἐπὶ
1749 2286 1856 2358 γῆς

271 2373 649 2444 κατεστήσατο
673 2413 688 2439 ,
742 2374 997 2445 καθάπερ
1032 2374 1155 2429 τινὰ
1185 2375 1436 2446 βασίλεια
1462 2376 1524 2429 τὸ
1567 2375 1857 2432 κάλλιπον

268 2463 526 2517 ἁπάντων
561 2465 838 2531 ἀποτάξας
871 2464 986 2536 (ιιι)
1031 2466 1213 2537 αὐτῷ,
1263 2466 1353 2520 τὸν
1396 2468 1750 2539 παράδεισον.
1788 2470 1855 2525 '0

266 2554 349 2619 δὲ,
381 2555 563 2626 φθόνῳ
605 2555 707 2626 15
738 2556 969 2620 κλαπεὶς
1017 2556 1113 2610 καὶ
1138 2558 1303 2629 ἡδονῇ
1341 2556 1464 2629 (φεῦ
1500 2557 1644 2629 μοιι)
1671 2558 1854 2614 δελεα-

268 2644 421 2710 σθεὶς
457 2646 593 2717 (49),
630 2647 836 2711 ἀθλίως
874 2647 1081 2703 τούτων
1125 2648 1353 2715 ἐξέπεσε
1400 2650 1652 2705 πάντων
1698 2653 1795 2707 καὶ
1824 2654 1854 2709 δ

268 2736 403 2810 πρὶν
436 2736 677 2807 ζηλωτὸς
714 2738 948 2802 ἐλεεινὸς
994 2739 1176 2804 ώρᾶτο
1212 2739 1306 2792 καὶ
1345 2739 1598 2811 δακρύων
1627 2741 1717 2797 διὰ
1754 2742 1854 2815 τὴν

270 2829 561 2899 συμφορὰν
602 2830 772 2897 ἄξιος.
822 2830 881 2884 Ὀ
924 2830 1139 2894 πλάσας
1179 2830 1364 2886 τοίνυν
1414 2833 1565 2903 ἡμᾶς
1620 2834 1715 2889 καὶ
1759 2836 1853 2906 δη-

272 2922 618 2991 μιουργήσας
647 2920 1060 2993 φιλανθρώποις
1089 2922 1253 2977 πάλιν
1300 2921 1426 2975 ἰδὼν
1455 2924 1758 2995 ὀφθαλμοῖς
1789 2926 1852 2979 τὸ

268 3011 378 3065 τῶν
409 3013 627 3066 οἰκείων
663 3014 865 3085 χειρῶν
913 3013 1095 3086 ἔργον,
1136 3015 1197 3067 τὸ
1225 3015 1360 3079 Θεὸς
1390 3012 1531 3070 εἶναι
1574 3016 1649 3088 μὴ
1682 3034 1850 3089 μετα-

268 3104 475 3170 ϐαλὼν,
506 3107 643 3177 ὅπερ
664 3102 732 3176 ἦν
762 3106 858 3160 ἀπ’
878 3106 1077 3177 ἀρχῆς,
1102 3108 1322 3176 ἐγένετο
1340 3109 1406 3162 δι’
1429 3111 1576 3180 ἡμᾶς
1600 3112 1853 3182 ἀναμαρ-

268 3200 450 3269 τήτως
488 3196 599 3267 (50)
638 3199 775 3270 ὅπερ
807 3201 974 3269 ἡμεῖς
999 3241 1013 3265 ,
1051 3199 1149 3253 καὶ
1183 3201 1418 3269 σταυρὸν
1451 3201 1719 3265 ἑκουσίως
1756 3201 1851 3256 καὶ

270 3285 504 3341 θάνατον
534 3287 835 3357 ὑπομείνας
855 3330 869 3354 ,
900 3288 992 3342 τὸν
1039 3289 1248 3345 ἄνωθεν
1293 3290 1373 3362 τῷ
1413 3293 1670 3364 ἡμετέρῳ
1700 3293 1849 3363 γένει

272 3374 637 3445 βασκαίνοντα
667 3377 936 3431 κατέὕαλε
975 3379 1235 3450 πολέμιον
1255 3421 1270 3445 ,
1302 3382 1416 3447 καὶ,
1449 3383 1596 3454 ἡμᾶς
1624 3384 1726 3454 τῆς
1757 3394 1849 3440 πι-

270 3468 412 3535 κρᾶς
445 3467 668 3537 ἐκείνης
702 3468 1084 3538 αἰχμαλωσίας
1114 3471 1561 3542 ἀνασωσάμενος,
1593 3473 1690 3544 τὴν
1716 3492 1851 3547 προ-

269 3556 434 3625 τέραν
464 3557 715 3611 ἀπέδωκε
743 3559 1059 3627 φιλαγάθως
1098 3560 1434 3633 ἐλευθερίαν,
1459 3564 1575 3630 καὶ,
1612 3566 1735 3620 ὅθεν
1760 3567 1848 3622 διὰ

270 3645 368 3715 τὴν
391 3648 680 3718 παρακοήν
711 3648 1151 3721 ἐκπεπτώκαμεν
1168 3692 1182 3716 ,
1209 3654 1325 3705 ἐκεῖ
1356 3653 1517 3707 πάλιν
1541 3656 1629 3710 διὰ
1654 3657 1847 3727 φιλανθ

269 3735 521 3806 θρωπίαν
558 3740 708 3809 ἡμᾶς
736 3740 1079 3810 ἐπανήγαγε,
1118 3742 1367 3813 μείζονος
1397 3746 1544 3816 ἡμᾶς
1573 3747 1606 3818 ἢ
1650 3751 1849 3820 πρότε-

270 3845 366 3898 ρον
400 3833 565 3899 τιμῆς
594 3830 855 3897 ἀξιώσας.

1957 1928 2076 1967 cum
2109 1923 2178 1982 te,
2211 1931 2244 1971 o
2272 1932 2386 1985 rex,
2435 1920 2487 1974 in
2518 1920 2681 1976 Deum
2712 1924 2969 1979 scelerate
3016 1942 3204 1995 gerere
3234 1930 3529 1998 conspicia-

1958 2020 2094 2071 mus,
2125 2008 2215 2077 qui
2243 2008 2338 2064 tibi
2367 2011 2538 2079 ipsum
2560 2026 2680 2067 esse
2714 2023 2769 2068 et
2796 2013 3037 2082 spiritum
3066 2016 3260 2072 ducere
3282 2020 3527 2088 prtebuit,

1956 2096 2043 2166 qui
2073 2108 2156 2153 est
2207 2098 2450 2156 Christus
2493 2102 2645 2157 Jesus
2673 2104 2907 2157 omnium
2954 2106 3246 2161 Dominus:
3274 2109 3362 2179 qui
3404 2125 3526 2165 cum

1957 2186 2216 2257 principio
2263 2199 2462 2256 careat,
2505 2190 2850 2261 ejusdemque
2878 2207 2999 2247 cum
3033 2196 3187 2251 Patre
3217 2200 3530 2255 aeternitatis

1953 2280 2052 2343 sit,
2096 2279 2364 2346 cmlosque
2391 2294 2451 2334 ac
2481 2288 2676 2334 terram
2703 2295 2951 2337 sermone
2997 2288 3309 2352 procrearit,
3354 2287 3531 2343 homi—

1956 2382 2079 2423 nem
2166 2373 2347 2419 tamen
2446 2368 2672 2425 suismet
2762 2372 3003 2429 manibus
3029 2374 3526 2449 eiﬁnxit,eumquc

1956 2458 2355 2517 immortalitate
2399 2461 2708 2530 coornavit,
2754 2479 3038 2535 regemque
3083 2469 3315 2523 omnium
3347 2486 3524 2527 rerum

1953 2563 2074 2621 qua:
2101 2552 2155 2605 in
2181 2558 2319 2606 terra
2346 2561 2469 2606 sunt
2494 2554 2791 2619 constituit,
2823 2553 2977 2625 eique
3001 2556 3142 2626 quod
3169 2561 3404 2614 omnium
3437 2577 3526 2617 re-

1954 2655 2070 2695 rum
2101 2640 2593 2711 prtestantissimum
2624 2652 2758 2710 erat,
2791 2645 2892 2700 hoc
2931 2657 3013 2702 est
3059 2649 3381 2719 paradisum,
3413 2663 3529 2709 tan-

1956 2749 2114 2804 quam
2166 2734 2365 2806 regiam
2396 2737 2676 2804 quamdam
2708 2738 2878 2792 aulam
2910 2741 3168 2797 attribuit.
3216 2743 3400 2799 Atille
3445 2746 3529 2801 in-

1955 2823 2091 2877 vidia
2117 2825 2389 2893 deceptus,
2424 2834 2478 2880 et
2504 2828 2553 2879 in
2586 2827 2819 2881 fraudem
2848 2829 3114 2898 inductus,
3159 2843 3210 2886 et
3239 2833 3526 2904 voluptatis

1953 2913 2216 2969 illecebris
2246 2915 2498 2970 delinitus
2527 2916 2690 2985 (Gen.
2739 2933 2829 2983 m;
2863 2918 2991 2986 Sap.
3024 2921 3124 2991 tu),
3157 2922 3237 2976 his
3277 2925 3527 2980 omnibus

1953 3008 2148 3060 misere
2177 3005 2419 3076 dejectus
2444 3016 2553 3072 est;
2587 3015 2642 3062 et
2671 3011 2758 3076 qui
2791 3009 2934 3077 prius
2965 3010 3146 3066 beatus
3184 3014 3526 3082 censebatur,

1953 3096 2205 3152 miserum
2237 3099 2595 3167 spectaculum
2628 3099 2920 3167 przcbebat,
2953 3100 3309 3173 lacrymisque
3337 3106 3406 3159 ob
3436 3120 3525 3160 ac-

1951 3198 2158 3260 ceptam
2186 3192 2540 3246 calamitatem
2575 3190 2763 3262 dignus
2793 3202 2925 3248 erat.
2961 3193 3152 3248 Verum
3181 3196 3452 3251 enimvero
3480 3198 3525 3253 is

1950 3282 2040 3352 qui
2071 3297 2168 3339 nos
2197 3283 2474 3339 eiﬁnxerat
2512 3298 2576 3339 ac
2603 3294 2993 3353 procreaverat,
3041 3286 3283 3357 benignis
3312 3306 3523 3346 rursum

1949 3373 2119 3431 oculis
2146 3390 2399 3430 manuum
2426 3390 2640 3431 suarum
2670 3391 2801 3446 opus
2824 3376 3182 3447 conspicatus,
3216 3381 3414 3437 nullam
3436 3382 3521 3438 di-

1951 3467 2183 3523 vinitatis
2212 3483 2319 3524 suae
2367 3469 2712 3524 mutationem
2741 3470 3058 3539 suscipiens,
3092 3480 3288 3527 nostra:
3335 3472 3526 3527 salutis

1948 3572 2127 3624 causa,
2162 3557 2213 3613 id
2236 3558 2375 3629 quod
2406 3573 2504 3614 nos
2528 3574 2710 3615 sumus
2738 3562 2869 3615 citra
2899 3572 3194 3630 peccatum,
3229 3561 3398 3620 factus
3419 3572 3525 3632 est,

1948 3658 2107 3718 atque
2128 3662 2340 3704 crucem
2366 3659 2416 3704 et
2444 3658 2667 3706 mortem
2690 3661 2878 3719 sponte
2898 3651 3136 3719 subiens,
3164 3654 3370 3710 hostem
3400 3671 3524 3711 eum

1947 3742 2036 3811 qui
2063 3740 2170 3810 jam
2202 3741 2326 3796 inde
2356 3741 2423 3795 ab
2470 3741 2616 3796 initio
2659 3743 2840 3810 generi
2875 3754 3057 3797 nostro
3105 3746 3371 3799 invidebat
3401 3763 3524 3815 pro-

1946 3830 2164 3894 stravit,
2207 3842 2409 3898 nosque
2455 3830 2642 3883 acerba
2676 3830 2760 3882 illa
2808 3832 3114 3897 captivitate
3165 3833 3414 3886 liberatos
3468 3836 3521 3889 in

275 3920 517 3988 priorem
552 3924 884 3995 libertatem,
922 3947 1023 4001 pro
1056 3946 1154 3986 sua
1187 3944 1314 4000 erga
1340 3943 1442 3984 nos
1481 3929 1752 3996 bonitate,
1780 3929 2044 3995 restituit,
2081 3943 2259 3997 coque
2308 3941 2529 3980 rursum
2558 3925 2705 3980 unde
2740 3940 2842 3979 nos
2870 3925 3241 3980 inobcdientia
3272 3925 3528 3980 exturba-

274 4027 448 4081 verat,
488 4020 558 4073 ob
589 4036 743 4076 suam
777 4040 907 4093 erga
941 4042 1043 4080 nos
1076 4026 1497 4085 humanitatem,
1531 4024 1770 4087 reduxit,
1806 4024 2122 4093 majorequc
2153 4036 2315 4091 quam
2347 4029 2509 4075 antea
2538 4021 2749 4075 honore
2788 4027 3116 4089 prosccutus
3144 4028 3247 4075 est.

332 4108 436 4160 Τὸν
464 4108 527 4178 δὴ
573 4108 801 4162 τοιαῦτα
844 4109 912 4162 δι’
953 4109 1100 4178 ἡμᾶς
1138 4108 1381 4162 παθόντα
1435 4110 1527 4163 καὶ
1580 4110 1840 4164 τοιούτων

262 4204 410 4272 ἡμᾶς
439 4200 599 4255 πάλιν
638 4202 1057 4267 καταξιώσαντα
1101 4203 1212 4273 (5i)
1238 4241 1253 4268 ,
1285 4200 1477 4256 τοῦτον
1523 4202 1687 4266 αὐτὸς
1714 4203 1839 4257 ἀθεο

261 4296 378 4357 τεῖς
404 4294 500 4346 καὶ
531 4295 611 4356 εἰς
634 4293 724 4346 τὸν
750 4294 958 4347 ἐκείνου
991 4294 1222 4365 σταυρὸν
1251 4293 1644 4358 ἀποσκώπτεις
1676 4311 1691 4361 ;
1721 4295 1842 4359 ὅλος

260 4385 317 4437 δὲ
361 4388 429 4455 τῇ
459 4388 637 4457 τρυφῇ
674 4386 766 4438 τοῦ
808 4385 1059 4455 σώματος
1090 4387 1185 4441 καὶ
1217 4386 1330 4449 τοῖς
1367 4386 1633 4457 ὀλεθρίοις
1674 4405 1843 4458 προσ-

261 4478 542 4548 ηλωμένος
582 4478 813 4540 πάθεσι,
843 4478 999 4542 θεοὺς
1023 4478 1381 4549 ἁναγορεύεις
1407 4479 1475 4533 τὰ
1492 4480 1591 4550 τῆς
1616 4480 1841 4551 ἀτιμίας

262 4567 360 4619 καὶ
407 4566 673 4637 αἰσχύνης
722 4568 951 4633 εἶδωλα;
1004 4568 1079 4622 Οὐ
1121 4569 1280 4638 μόνον
1324 4571 1550 4623 σεαυτὸν
1590 4572 1690 4640 τῆς
1732 4572 1842 4626 τῶν

258 4658 535 4728 οὐρανίων
567 4657 789 4726 ἀγαθῶν
825 4659 1125 4727 συναφείας
1162 4659 1443 4731 ἀλλότριον
1495 4664 1840 4716 κατεσκεύα-

262 4764 393 4812 σας,
427 4746 566 4800 exn
619 4748 713 4799 καὶ
750 4747 960 4810 πάντας
1004 4748 1131 4810 τοὺς
1174 4747 1530 4818 πειθομένους
1565 4751 1680 4813 τοῖς
1726 4751 1840 4813 σοῖς

2033 4115 2179 4173 Ilnnc
2199 4114 2357 4184 igitur
2380 4112 2466 4183 qui
2495 4121 2673 4167 nostra
2702 4125 2859 4166 causa
2890 4116 2966 4166 tot
2995 4112 3261 4165 cruciatus
3290 4111 3524 4180 pertulit,

1954 4206 2220 4276 tantisque
2268 4220 2481 4260 rursum
2536 4218 2633 4258 nos
2671 4202 2943 4258 beneﬁciis
2978 4200 3173 4270 aﬁ'ecit,
3224 4201 3397 4266 hunc,
3446 4202 3529 4257 in-

1954 4314 2130 4369 quam,
2160 4298 2270 4367 ipse
2309 4295 2505 4365 rejicis,
2554 4302 2708 4363 atque
2738 4293 2852 4362 ejus
2878 4306 3087 4347 crucem
3113 4292 3352 4349 dicteriis
3385 4293 3528 4347 inse-

1955 4387 2134 4453 ctaris,
2168 4396 2412 4456 totusque
2441 4384 2679 4452 corporis
2702 4383 2933 4452 deliciis,
2969 4397 3031 4438 ac
3057 4383 3370 4453 perniciosis
3401 4383 3531 4438 aﬂ'e-
3584 4416 3587 4417 ν

1957 4483 2127 4538 ctibus
2157 4480 2369 4544 afﬁxus,
2404 4477 2756 4548 ignominiosa
2795 4490 2857 4530 ac
2903 4475 3244 4545 turpitudinis
3274 4476 3427 4546 plena
3460 4478 3533 4530 si-

1959 4574 2193 4628 mulacra
2224 4570 2353 4625 deos
2380 4570 2636 4640 appellas.
2680 4567 2789 4620 Nec
2834 4567 3057 4634 teipsum
3084 4565 3339 4619 duntaxat
3366 4580 3394 4617 a
3423 4581 3534 4621 c03-

1960 4662 2167 4717 leStium
2221 4661 2482 4716 bonorum
2537 4656 2914 4726 conjunctione
2961 4654 3296 4719 abstraxisti;
3348 4671 3530 4710 verum

1959 4753 2117 4808 etiam
2150 4765 2356 4815 omnes,
2410 4750 2501 4819 qui
2533 4749 2637 4804 tuis
2667 4746 2906 4817 imperiis
2940 4746 3327 4814 obtemperant,
3376 4747 3441 4799 ab
3469 4761 3532 4799 ea

338 4929 456 4999 (48)
489 4929 558 5008 Β,
586 4927 890 5008 ύποτάξας.
926 4926 1095 5008 Obvia
1117 4926 1567 5008 fstﬂpertnutatjo
1603 4925 1851 5008 prmposit

1956 4943 2041 4980 um
2070 4926 2261 5008 ἀπὺηςι
2303 4923 2818 5008 ὑπὸ.“ΝἰειΞρ]ιρι·ιιε
2844 4923 3141 5008 Βειξίιτιεςξιδε,
3170 4935 3328 5008 quem
3372 4919 3534 5008 Nico-

260 4989 409 5073 laum
440 4989 762 5073 sophistamﬂ
782 4989 1279 5073 vocatcoil._2?ﬁt_)',
1310 4989 1827 5073 Narrationeprima

1955 5013 2105 5073 roma
2134 5015 2146 5050 :
2186 4997 2323 5073 Τότε
2345 4995 2563 5073 πρῶτον
2590 4989 2852 5073 Ἕλληνες
2882 4996 2983 5073 τῆς
3010 4989 3315 5073 ,ίυδυσσέιιξς
3344 4989 3534 5057 σοφίας

259 5062 574 5133 ἀπώναντο,
606 5070 704 5139 οὐχ
732 5064 895 5146 ἦττον
928 5069 983 5121 δὲ
1014 5068 1045 5138 ἢ
1079 5068 1165 5146 ὅτε
1197 5068 1258 5120 τὸ
1306 5066 1596 5146 παλλάδιον
1644 5062 1708 5146 ἐκ
1733 5067 1851 5146 μέσι

1955 5068 2141 5139 Γροίας
2180 5062 2452 5135 ἀφείλετο.
2501 5066 2646 5146 Idem
2686 5062 2853 5146 codex
2896 5062 3145 5145 ὑφείλετο
3191 5062 3537 5146 ιιιιὶιὶιιδςιιειξ

263 5142 432 5195 habet
474 5130 570 5205 es;
604 5130 767 5207 qn'od'
797 5138 992 5193 absens
1024 5130 1239 5206 {pridem
1289 5154 1392 5191 ttott
1443 5140 1598 5193 valde
1649 5130 2065 5204 desiderabitur,
2116 5130 2357 5209 praesens
2410 5153 2512 5192 non
2560 5136 2875 5201 deleverint,
2911 5130 3106 5204 quippe
3136 5130 3279 5201 quod
3331 5144 3437 5183 non
3484 5130 3535 5180 vi

260 5214 510 5282 quadam,
532 5220 734 5264 careat.

336 5280 454 5352 (49)
490 5281 563 5352 De
588 5292 742 5352 tropo
774 5281 922 5334 verbi
952 5278 1191 5352 δελεάζω
1224 5280 1552 5352 videnotam
1585 5281 1659 5352 ad
1681 5279 1932 5352 Aristaeo.
1964 5295 2002 5345 ι,
2040 5280 2122 5352 i7,

2172 5294 2294 5349 pug.
2328 5278 2456 5349 7M.
2504 5275 2787 5349 Cltoricius
2816 5275 2868 5328 in
2904 5270 3187 5349 Procpp._§
3222 5269 3253 5323 8
3280 5268 3403 5349 :.T&
3436 5267 3535 5349 μέν

262 5338 596 5439 ριᾶζομένη,
623 5338 692 5402 τά
712 5351 769 5404 δὲ
797 5338 1192 5439 κολθοικεύουέα,
1225 5349 1300 5439 τςξιΙ
1325 5351 1382 5402 δὲ
1415 5350 1734 5439 πειρωμένη

1955 5367 1970 5401 ›
1990 5338 2184 5439 ’πολλῖ
2196 5338 2491 5439 δελιεάζειν,
2512 5345 2792 5439 ,ρὶἵαιςοάεὶι
2820 5338 3098 5439 μηχαὲαἷὶ

260 5412 448 5492 ἆγραν
475 5412 740 5491 κέλρηται
778 5422 1061 5495 παιδικῶν.
1098 5421 1430 5495 liescribaur
1656 5435 1686 5474 e
1710 5412 1851 5495 cedit

1961 5436 1986 5473 s
2017 5421 2161 5495 binis
2177 5422 2369 5495 regiis.
2399 5417 2631 5495 Cyrillus
2663 5412 2842 5495 διιίιὶίξι
2866 5412 2929 5468 ιιι
2951 5412 3176 5495 ξπάδιυν
3204 5412 3535 5495 ’.Αξώφιρονας

259 5479 472 5561 ἄνδρας
497 5479 846 5563 κᾶτάμικρὸν
874 5492 1248 5553 δελεάσαντες,
1278 5492 1354 5553 εἰς
1386 5490 1445 5542 τὸ
1483 5479 1733 5560 Σοδόμων
1768 5492 1851 5543 aio

259 5575 355 5618 tus
384 5577 435 5613 ν.
467 5560 573 5616 249
605 5580 617 5615 :
666 5562 726 5612 '0
757 5563 1006 5630 τεχνικὸς
1036 5560 1366 5630 δημιουργὸς
1398 5560 1625 5630 ἐνέθηκε
1654 5563 1722 5630 τῇ
1754 5560 1851 5630 φύσ

1955 5509 1995 5542 ιν
2029 5489 2201 5559 βάραθ
2243 5479 2303 5542 ὅν
2336 5479 2753 5557 κατηκόντισαν.
2791 5485 3054 5552 Georgius
3099 5481 3328 5551 Lapitha
3366 5479 3539 5536 inedi.

1955 5561 2053 5630 Γὴν
2082 5507 2277 5630 ἡδονςγν
2319 5557 2394 5621 ώς
2426 5558 2620 5629 δέλεαρ
2657 5558 2794 5627 σοφῇ
2831 5552 3231 5626 μηχανουργίᾳ.

259 5575 355 5618 tus
375 5560 448 5634 ν..
467 5560 573 5634 ειθ
605 5580 617 5615 :
652 5560 726 5612 7'0
754 5560 1006 5634 τεχνικὸς
1023 5560 1378 5634 ’δημιουργὸς
1398 5560 1626 5634 ἐνέθηκε
1643 5563 1722 5634 Δ’τῇ
1754 5560 1913 5634 φύσει
1941 5561 1984 5611 Τ
1987 5561 2207 5634 ὴν-ηδον

2250 5578 2277 5613 ν
2319 5557 2394 5621 ώς
2426 5552 2620 5629 δέλεαρ
2657 5558 2794 5627 σοφῇ
2831 5552 3231 5626 μηχανουργίᾳ.

487 5632 561 5709 id,
590 5630 868 5709 ἁμαρτίας
897 5631 1064 5709 χωρίς
1081 5630 1330 5709 _"_'_n.te_lins
1357 5630 1556 5709 forsan:
1572 5630 1671 5709 _Cl'.
1699 5630 1754 5702 p.
1787 5633 1842 5695 5,

1955 5630 2127 5709 ιεΙΗ..
2510 5644 2589 5709 η“
2794 5696 2820 5709 ⁸
3089 5702 3101 5709 Δ
3198 5669 3241 5709 _~
3280 5692 3295 5705 ,

336 5698 457 5773 (51)
487 5703 550 5769 Β,
582 5698 777 5772 κάτάξ.
806 5698 1048 5772 ἀγαθῶν.
1081 5701 1378 5773 Videbatur
1415 5701 1638 5773 ἀγαθῶν
1684 5698 1807 5758 esse
1850 5720 1851 5723 ‘

1955 5701 2064 5773 tile,
2115 5702 2223 5757 imo
2255 5714 2471 5756 nocere.
2505 5698 2639 5755 Cum
2670 5698 2894 5753 τοιαῦτα
2926 5702 3107 5753 careat
3150 5698 3391 5761 nomine,
3423 5705 3540 5747 me-

256 5771 377 5831 lius
406 5771 465 5831 et
494 5778 714 5832 nomine
741 5771 946 5830 carebit
981 5773 1259 5827 τοιούτων.
1297 5772 1386 5833 At;
1418 5789 1522 5829 non
1556 5772 1756 5830 habent
1791 5771 2031 5840 ἀγαθῶν.

603 5870 875 5932 ΡΑτιιοι..
909 5870 1027 5934 Gn.
1066 5868 1291 5936 XCVI.

3158 5850 3239 5916 28
