3994 6350
548 335 653 394 877i

1934 294 2342 389 VADDENDA.

3692 336 3821 396 δ’ἴίῖ

546 455 809 510 removes,
842 453 1000 515 atque
1042 440 1094 498 in
1144 442 1334 499 animm
1363 442 1658 512 periculum
1690 443 1932 511 conjicis.
1964 445 2111 511 Quo-

2227 445 2330 514 ιϐ
2372 446 2759 515 προστάγμασι
2802 446 3006 516 ταύτης
3039 447 3140 517 ἤδη
3177 446 3664 519 ἀπέῤῥηξας’,οκα“ι
3694 449 3821 519 dm.

547 534 693 590 circa
722 534 880 589 velim
910 547 1097 588 noscas
1125 549 1209 586 me
1253 534 1469 587 minime
1498 532 1905 588 commissurum
1935 542 1994 588 ut
2025 536 2117 589 tibi

548 640 803 694 paream,
852 623 903 675 in
954 622 1245 690 eademque
1297 634 1465 676 tecum
1518 636 1643 689 erga
1690 622 1854 676 Deum
1897 623 2117 693 ingrati-

551 714 730 768 tudine
775 725 987 776 verser,
1020 718 1182 781 atque
1230 727 1348 767 eum
1378 710 1467 780 qui
1499 711 1751 779 praeclare
1778 711 1848 766 de
1883 727 1970 767 me
2000 728 2115 767 me-

548 806 681 858 ritus
725 811 826 865 est,
861 802 1094 872 mihique
1123 804 1350 857 salutem
1392 801 1584 866 attulit,
1615 800 1877 869 abjuretn,
1906 800 2116 858 etiamsi

548 894 678 946 feris
716 908 801 947 me
845 893 1186 947 lacerandum
1216 901 1269 947 et
1296 892 1684 947 absumendum
1732 890 1983 963 objicias,
2029 900 2121 948 aut

545 983 738 1054 gladio,
766 992 859 1037 aut
898 984 1001 1053 igni
1034 999 1117 1038 me
1144 983 1387 1045 addicas,
1416 997 1534 1052 qua:
1580 980 1795 1052 quidem
1825 981 1874 1034 in
1905 991 1993 1036 tua
2025 997 2118 1051 po-

548 1084 742 1131 testate
788 1076 887 1129 sita
919 1082 1063 1128 sunt.
1097 1074 1276 1143 Neque
1316 1076 1456 1127 enim
1487 1082 1708 1126 mortem
1760 1071 2080 1126 exstintesco
2102 1110 2118 1137 ,

547 1179 646 1219 nec
675 1164 949 1232 praesentia
974 1172 1187 1232 expeto,
1214 1163 1407 1232 quippe
1434 1176 1550 1231 qua:
1575 1172 1825 1228 perquam
1851 1159 2117 1213 imbecilla

544 1263 597 1306 et
626 1268 757 1306 vana
789 1268 907 1306 csse
934 1261 1262 1319 compertum
1296 1252 1536 1305 habeant.
1569 1246 1709 1316 Quid
1735 1248 1871 1301 enim
1903 1250 1955 1303 in
1987 1250 2118 1318 ipsis

546 1344 787 1397 utilitatis
833 1343 946 1397 est?
977 1343 1099 1411 quid
1142 1343 1279 1410 quod
1329 1342 1521 1396 stabile
1568 1344 1636 1395 sit
1663 1355 1728 1397 ac
1767 1339 2119 1395 diuturnum?

542 1434 726 1505 Neque
756 1435 807 1488 id
839 1435 1033 1499 solmn,
1067 1449 1250 1489 verum
1284 1435 1467 1500 etiam,
1502 1443 1610 1488 tum
1641 1450 1850 1504 quoque
1878 1448 1995 1488 curn
2024 1433 2119 1486 ad-

542 1536 686 1591 sunt,
735 1528 919 1596 ingens
942 1529 1068 1596 ipsis
1093 1541 1327 1581 aerumna
1351 1527 1633 1595 conjuncta
1655 1537 1753 1591 est,
1780 1527 1969 1596 ingens
1991 1540 2116 1580 mm-

546 1635 654 1679 ror.
687 1620 872 1688 ingens
900 1627 953 1672 et
978 1628 1230 1688 perpetua
1276 1617 1600 1684 sollicitudo,
1631 1618 1890 1687 siquidem
1930 1632 2113 1673 eorum

547 1709 802 1779 voluptati
833 1723 895 1763 ac
924 1707 1248 1776 perceptioni
1282 1707 1410 1762 nihil
1445 1724 1549 1762 non
1580 1709 1846 1763 maestitia:
1874 1721 1936 1761 ac
1963 1706 2118 1761 dolo-

546 1800 623 1853 ris
648 1801 912 1863 adnexum
942 1810 1023 1854 est
1050 1817 1060 1851 :
1090 1799 1323 1868 ipsorum
1355 1799 1573 1862 divitiae,
1625 1807 1901 1869 paupertas
1953 1807 2076 1851 sunt
2103 1814 2116 1861 ;
2140 1788 2180 1841 Β

547 1890 781 1958 ipsorum
811 1892 1127 1953 sublimitas,
1174 1900 1417 1945 extrema
1462 1890 1707 1960 dejectio.
1741 1890 1993 1956 Quisnam
2026 1904 2119 1940 an-

545 1992 649 2036 tetu
683 1997 863 2036 eorum
898 1983 1030 2036 mala
1062 1983 1424 2036 enumerando
1462 1983 1715 2049 censequi
1752 1979 1958 2049 possit?
1987 1979 2119 2047 Quae

548 2080 759 2149 quidem
817 2079 997 2146 paucis
1040 2077 1214 2132 verbis
1259 2075 1533 2146 theologus
1624 2090 1780 2130 meus
1849 2078 1979 2134 mihi
2024 2078 2115 2132 de-

545 2170 880 2235 monstravit,
912 2168 996 2224 his
1019 2170 1192 2225 verbis
1219 2177 1411 2224 utens:
1444 2169 1610 2222 Totus
1653 2173 1879 2225 mundus
1922 2170 1972 2224 in
2000 2184 2113 2223 ma-

546 2265 690 2334 ligno
735 2263 935 2331 positus
965 2271 1044 2317 est
1074 2262 1123 2331 (Ι
1156 2260 1309 2315 Jom.
1344 2278 1372 2314 ν
1403 2269 1448 2314 et
1479 2262 1565 2329 ll).
1608 2263 1683 2313 Ac
1730 2277 1937 2317 rursum
1969 2280 1981 2315 :
2014 2262 2116 2316 No-

546 2353 639 2408 lite
663 2352 881 2421 diligere
908 2351 1186 2415 muudum,
1217 2365 1388 2420 neque
1424 2365 1486 2406 ea
1518 2365 1632 2421 qua:
1660 2350 1715 2405 in
1746 2352 1943 2406 mundo
1971 2360 2113 2407 sunt.

547 2444 806 2511 Quoniam
847 2457 1003 2497 omne
1032 2442 1170 2512 quod
1198 2442 1249 2496 iu
1278 2441 1474 2496 mundo
1498 2450 1602 2508 est,
1631 2451 1721 2497 aut
1746 2452 1827 2498 est
1867 2443 2117 2511 concupi-

547 2533 748 2587 scentia
776 2532 975 2598 carnis,
1006 2542 1094 2585 aut
1113 2531 1535 2599 concupiscentia
1566 2531 1858 2597 oculorum,
1909 2541 2000 2586 aut
2024 2547 2118 2586 su-

549 2622 729 2693 perbia
780 2621 921 2676 vitae.
977 2622 1037 2674 Et
1065 2621 1293 2675 mundus
1338 2620 1545 2686 transit,
1590 2629 1646 2674 et
1689 2620 2115 2689 concupiscentia

549 2711 684 2781 ejus.
710 2712 813 2777 Qui
844 2720 1017 2765 autem
1042 2709 1166 2764 facit
1194 2710 1514 2764 voluntatem
1540 2709 1654 2773 Dei,
1686 2718 1865 2764 manet
1886 2711 1937 2763 in
1962 2719 2118 2765 mter-

534 2816 695 2855 .num.
747 2801 893 2854 lianc
939 2800 1096 2869 igitur
1123 2814 1224 2868 ego
1254 2799 1444 2853 bonam
1480 2799 1570 2854 Dei
1613 2800 1933 2855 voluntatem
1975 2816 2117 2871 qua:-

547 2904 695 2951 rens,
725 2889 901 2943 omnia
931 2903 1028 2958 pro
1053 2888 1306 2943 derelicto
1330 2888 1506 2955 habui,
1539 2902 1659 2943 eum
1691 2889 1859 2958 iisque
1884 2904 1970 2946 me
1991 2906 2119 2945 con-

543 2982 693 3053 iunxi
725 2983 814 3053 qui
847 2982 1030 3037 eadem
1056 2981 1341 3051 cupiditate
1373 2988 1648 3047 tenentur,
1679 2990 1840 3052 atque
1868 2984 2114 3038 eumdem

544 3075 711 3129 Deum
738 3082 1008 3142 expetunt.
1040 3072 1184 3127 Inter
1206 3086 1337 3143 quos
1361 3087 1464 3127 non
1508 3072 1747 3128 simultas
1784 3082 1885 3140 est,
1914 3088 2017 3129 non
2049 3074 2115 3128 li-

544 3181 658 3231 vor,
689 3182 791 3220 non
824 3180 1082 3223 maerores
1110 3174 1165 3219 et
1188 3181 1364 3232 curat;
1392 3166 1485 3221 sed
1511 3181 1698 3223 omnes
1719 3167 1858 3224 idem
1872 3170 2116 3223 curricu-

544 3259 650 3311 lum
681 3258 897 3319 obeuut,
930 3265 988 3311 ut
1033 3256 1098 3311 ad
1127 3258 1478 3326 sempiternas
1522 3272 1613 3312 eas
1643 3259 1944 3315 mansiones
1990 3273 2112 3327 per-

541 3347 791 3410 veniant,
836 3360 967 3414 quas
1017 3345 1273 3400 luminum
1308 3346 1461 3403 Pater
1496 3348 1561 3402 iis
1602 3362 1631 3401 a
1662 3348 1851 3417 quibus
1903 3359 2114 3405 amatur

542 3439 855 3506 prccparavit
880 3436 1021 3507 (Jac.
1055 3453 1070 3490 ι
1096 3455 1109 3504 ;
1144 3436 1173 3491 1
1200 3437 1319 3493 Cor.
1351 3439 1437 3509 tt).
1467 3439 1575 3494 Hos
1603 3454 1698 3509 ego
1754 3456 1849 3511 pro
1886 3444 2119 3510 parenti-

541 3529 660 3593 bus,
693 3529 786 3582 ltos
816 3544 908 3598 pro
933 3529 1201 3598 fratribus,
1226 3530 1324 3586 hos
1353 3546 1449 3600 pro
1475 3532 1660 3586 amicis
1683 3542 1737 3589 et
1764 3533 2111 3590 familiaribus

541 3619 729 3674 habeo.
755 3620 837 3673 Ab
867 3620 930 3674 iis
958 3630 1131 3675 autem
1160 3620 1248 3689 qtti
1276 3623 1538 3688 quondam
1587 3624 1742 3678 amici
1789 3624 1891 3678 mei
1923 3639 1984 3679 ac
2014 3626 2113 3679 fra-

536 3719 646 3765 tres
673 3719 825 3765 erant
872 3710 1111 3781 elongavi
1160 3711 1386 3780 fugiens,
1435 3720 1490 3767 et
1519 3714 1689 3768 mansi
1735 3714 1786 3770 in
1825 3715 2108 3770 solitudine

534 3800 703 3876 (Paul.
739 3802 892 3872 un),
925 3803 1089 3858 Deum
1120 3815 1461 3872 exspectans,
1520 3807 1608 3876 qui
1638 3808 1841 3863 salvum
1873 3822 1957 3863 me
1986 3805 2108 3864 fecit

532 3908 561 3948 a
590 3894 1018 3964 pusillanimitate
1045 3895 1282 3964 spiritus,
1310 3906 1363 3950 et
1403 3905 1732 3966 tempestate.

602 3986 725 4041 llaec
752 4001 874 4041 cum
923 3987 991 4041 ita
1022 3987 1298 4043 commode
1341 4003 1401 4043 ac
1423 3989 1660 4058 jucunde
1685 4007 1715 4047 a
1766 3991 1857 4048 Dei
1894 3992 2105 4049 homine

534 4075 669 4130 dicta
701 4084 899 4143 essent,
934 4091 1025 4131 rex
1071 4077 1342 4131 iracundia
1372 4080 1585 4148 quidem
1615 4081 2013 4151 impellebatur,
2042 4100 2105 4140 ac

533 4177 774 4220 sanctum
798 4167 964 4221 virum
984 4168 1191 4223 acerbis
1206 4169 1480 4235 suppliciis
1502 4173 1808 4227 excruciare
1824 4175 2101 4243 cupiebat;

530 4273 742 4312 rursum
768 4268 944 4313 autem
972 4273 1031 4312 se
1057 4260 1399 4327 reprimebat,
1439 4271 1598 4332 atque
1636 4264 1687 4318 id
1719 4267 1933 4334 aggredi
1965 4282 2100 4322 eun-

528 4349 792 4409 ctabatur,
823 4349 1179 4403 venerandam
1212 4350 1379 4419 ipsius
1408 4354 1713 4422 dignitatem
1745 4372 1808 4410 ac
1853 4359 2102 4427 splendu-

2213 536 2353 606 χικῷ
2387 537 2614 607 κινδύνῳ
2646 538 2987 609 παρέδωκας.
3033 539 3169 592 ’Ἱσθι
3194 541 3376 593 τοίνυν
3414 541 3489 603 ὠς
3529 540 3707 609 ἔγωγε
3741 541 3817 593 οῦ

2217 626 2591 699 πεισθήσομαί
2624 648 2727 694 σοι,
2762 630 2887 683 οῦτε
2913 631 3019 700 μὴν
3050 634 3365 701 κοινωνήσω
3390 649 3472 684 σοι
3492 632 3589 701 τῆς
3619 634 3818 685 τοιού·

2211 735 2310 788 της
2338 722 2417 782 είς
2439 721 2532 773 τὸν
2558 721 2692 774 Θεὸν
2714 723 3057 793 ἀχαριστίας,
3075 723 3197 775 οὐδὲ
3219 724 3311 776 τὸν
3341 724 3473 793 ἐμὸν
3497 726 3817 795 εὐεργέτην

2212 813 2307 863 καί
2331 812 2563 882 Σωτῆρα
2590 814 2932 884 ἀρνήσομαι,
2960 816 3009 866 εί
3034 815 3128 867 καὶ
3159 814 3372 885 θηρίοις
3394 816 3724 879 ἀναλώσεις,
3755 818 3814 869 εί

2212 901 2357 972 ξίφει
2390 903 2484 957 καὶ
2517 904 2649 972 πυρὶ
2695 903 3041 972 παραδώσεις
3078 922 3177 975 με,
3209 904 3246 958 ἂ
3278 907 3378 975 τῆς
3413 906 3513 975 σῆς
3541 907 3814 971 ἐξουσέεις

2211 996 2382 1048 ἐστίν.
2433 995 2574 1049 Οὔτε
2623 998 2737 1067 γὰρ
2782 997 3015 1052 θάνατον
3063 997 3275 1050 δέδοικα
3303 1038 3318 1061 ,
3354 997 3478 1050 οὔτε
3524 1000 3676 1052 ποθῶ
3733 1002 3814 1055 τὰ

2210 1093 2455 1162 παρόντα
2484 1133 2498 1156 ,
2544 1091 2747 1161 πολλὴν
2796 1092 2975 1145 αὐτῶν
3017 1092 3325 1159 καταγνοὺς
3370 1092 3470 1161 τὴν
3504 1092 3812 1147 ἀσθένειαν

2210 1184 2305 1236 καὶ
2335 1184 2700 1253 ματαιότητα.
2730 1185 2796 1238 Τί
2821 1184 2929 1253 γὰρ
2952 1184 3132 1238 αὐτῶν
3153 1185 3448 1255 χρήσιμον,
3478 1184 3509 1254 ἢ
3539 1185 3804 1255 μόνιμον.

2209 1275 2241 1345 ἢ
2291 1273 2550 1344 διαρκές;
2599 1276 2692 1328 καὶ
2724 1277 2787 1329 οὐ
2818 1275 2977 1328 τοῦτο
3012 1275 3193 1344 μόνον,
3232 1274 3369 1327 ἀλλὰ
3400 1275 3495 1328 καὶ
3540 1276 3598 1326 ὲν
3642 1277 3808 1343 αὐτῷ

2209 1365 2289 1435 τῷ
2328 1360 2468 1419 εἶναι
2512 1366 2684 1439 πολλὴ
2725 1367 3064 1437 συνυπάρχει
3108 1367 3293 1429 αὐτοῖς
3335 1366 3757 1437 ἡταλαιπωρία
3790 1409 3805 1425 .

2208 1456 2379 1526 πολλὴ
2428 1457 2460 1526 ἡ
2498 1455 2641 1527 λύπη
2670 1497 2684 1520 ,
2715 1457 2887 1526 πολλὴ
2923 1457 3018 1511 καὶ
3057 1456 3424 1520 ἀδιάσπαστος
3456 1458 3488 1526 ἡ
3523 1458 3800 1526 μέριμνα.

2207 1548 2287 1619 Τῇ
2314 1547 2423 1619 γὰρ
2452 1548 2760 1620 εὐφροσύνῃ
2794 1548 2973 1601 αὐτῶν
3002 1549 3096 1601 καὶ
3145 1548 3445 1602 ἀπολαύσει
3475 1552 3625 1603 πᾶσα
3668 1566 3805 1601 συν⁸

2207 1637 2458 1702 έζενκται
2514 1640 2791 1710 κατήφεια
2837 1640 2932 1692 καὶ
2987 1639 3181 1709 ὀδύνη·
3233 1643 3261 1693 ό
3330 1641 3559 1704 πλοῦτος
3612 1641 3806 1693 αὐτῶν

2210 1732 2454 1802 πτωχεία
2510 1733 2658 1797 ἐστὶ.
2709 1733 2805 1787 καὶ
2843 1733 2902 1786 τὸ
2940 1733 3071 1803 ὕψος
3109 1734 3289 1788 αὐτῶν
3323 1735 3655 1795 ταπείνωσις
3698 1736 3801 1792 ὲσο

2210 1826 2368 1896 χάτη.
2407 1826 2517 1879 Καὶ
2544 1826 2629 1889 τίς
2673 1825 3034 1897 ὲξαριθμήσει
3068 1826 3138 1879 τὰ
3170 1826 3379 1880 τούτων
3428 1826 3609 1891 κακᾶς
3644 1826 3803 1895 ἀπερ

2206 1916 2272 1968 δι’
2290 1916 2485 1985 ὀλίγων
2504 1916 2765 1987 ῥημάτων
2789 1915 3036 1980 ὑπέδειξέ
3066 1918 3203 1987 μοιὸ
3230 1916 3362 1985 ἐμὸς
3380 1916 3634 1982 θεολόγος
3651 1915 3798 1985 (52).

2204 2007 2342 2075 Φησὶ
2365 2007 2492 2077 γάρ·
2521 2007 2578 2060 '0
2611 2007 2813 2077 κόσμος
2835 2006 2954 2069 ὅλος
2988 2008 3044 2060 ὲν
3071 2005 3148 2076 τῷ
3176 2005 3399 2075 πονηρῷ
3425 2009 3633 2058 κεῖται·
3668 2008 3801 2061 καὶ.

2207 2100 2293 2172 Μὴ
2346 2102 2598 2170 ἀγαπᾶτε
2647 2100 2739 2153 τὸν
2772 2100 3016 2170 κόσμον,
3058 2099 3193 2169 μηδὲ
3238 2100 3306 2152 τὰ
3357 2102 3415 2153 ἐν
3447 2097 3525 2168 τῷ
3571 2099 3800 2168 κόσμῳ,

2204 2196 2285 2248 ὃτι
2321 2196 2429 2248 πᾶν
2461 2193 2524 2247 τὸ
2552 2196 2610 2247 ὲν
2639 2192 2717 2263 τῷ
2746 2193 2936 2263 κόσμῳ
2966 2194 2999 2263 ἡ
3031 2192 3300 2263 ἐπιθυμία
3332 2192 3430 2262 τῆς
3461 2191 3667 2262 σαρκὸς
3699 2194 3801 2243 καὶ

2206 2288 2240 2354 ἡ
2293 2286 2567 2356 ἐπιθυμία
2618 2286 2726 2338 τῶν
2776 2285 3097 2355 ὀςρθαλμῶν,
3146 2285 3309 2355 καὶὴ
3360 2284 3655 2347 ἀλαζονεία
3698 2284 3800 2336 τοῦ

2207 2379 2344 2451 βίου·
2366 2380 2483 2447 καὶ,
2500 2381 2557 2434 '0
2575 2380 2781 2451 κόσμος
2802 2379 3110 2448 παράγεται
3132 2379 3226 2432 καὶ
3246 2381 3278 2451 ἡ
3299 2378 3565 2448 ἐπιθυμία
3595 2377 3796 2431 αὐτοῦ’

2203 2471 2235 2524 ὁ
2271 2470 2328 2524 δὲ
2359 2470 2537 2525 ποιῶν
2571 2470 2633 2524 τὺ
2662 2471 2877 2542 θέλημα
2897 2469 2991 2523 τοῦ
3022 2468 3158 2523 Θεοῦ
3189 2470 3340 2540 μένει
3363 2472 3443 2533 είς
3472 2470 3564 2522 τὸν
3591 2469 3795 2523 αἰῶνα.

2207 2557 2383 2617 Τοῦτο
2431 2562 2542 2631 ἐγὼ
2577 2563 2759 2632 ζητῶν
2792 2562 2854 2615 τὸ
2900 2562 3115 2632 θέλημα
3163 2562 3260 2615 τοῦ
3296 2561 3433 2615 Θεοῦ
3463 2562 3525 2614 τὸ
3557 2559 3792 2629 ἀγαθὸν,

2205 2655 2397 2726 ἀφῆκα
2446 2655 2660 2721 πάντα,
2704 2655 2801 2709 καὶ
2842 2655 3142 2727 ἐκολλήθην
3179 2656 3291 2717 τοῖς
3335 2653 3431 2706 τὸν
3479 2652 3644 2707 αὑτὸν
3695 2671 3795 2706 χε-

2205 2747 2502 2817 κτημὼοις
2530 2746 2694 2801 πόθον
2721 2749 2816 2801 καὶ
2846 2748 2937 2801 τὸν
2969 2748 3129 2801 αὑτὸν
3151 2745 3442 2818 ὲκζητοῦσι
3469 2747 3606 2799 Θεόν
3631 2746 3748 2817 (55)
3778 2764 3790 2777 ·

2206 2839 2265 2892 ὲν
2296 2834 2378 2902 οἷς
2405 2838 2506 2892 οὐκ
2526 2838 2674 2892 ἔστιν
2697 2838 2812 2910 ἔρις
2837 2840 2870 2910 ἢ
2896 2840 3086 2908 φθόνος
3112 2840 3247 2910 (54),
3276 2839 3445 2893 λύπαι
3469 2840 3571 2909 17
3608 2857 3666 2891 τε
3696 2841 3794 2891 καὶ

2209 2930 2494 3003 μέριμναι,
2525 2931 2663 2984 ἀλλὰ
2683 2933 2888 2995 πάντες
2910 2932 3002 2985 τὸν
3031 2933 3144 2985 ῐσον
3164 2932 3418 3003 τρέχουσι
3446 2932 3668 3003 δρόμον,
3703 2932 3794 2984 ἵνα

2207 3024 2562 3079 καταλάϐωσι
2602 3024 2699 3089 τὰς
2756 3026 2982 3089 αἰωνίας
3039 3026 3241 3096 μονὰς,
3294 3025 3365 3089 ἃς
3404 3025 3712 3096 ἡτοίμασεν
3766 3028 3793 3078 6

2130 3125 2173 3184 C
2208 3118 2399 3189 Πατὴρ
2429 3116 2537 3170 τῶν
2572 3117 2764 3187 φώτων
2803 3120 2914 3181 τοῖς
2941 3118 3228 3187 ἀγαπῶσιν
3257 3117 3419 3170 αὐτόν
3450 3116 3612 3186 (54⁸).
3648 3116 3795 3168 Τού-

2209 3226 2337 3272 τους
2370 3209 2483 3277 ἐγὼ
2529 3211 2886 3281 γεννήτορας,
2941 3209 3166 3273 τούτους
3211 3209 3509 3278 ἀδελφοὺς,
3563 3208 3796 3269 τούτους

2209 3301 2398 3372 φίλους
2446 3302 2542 3354 καὶ⁵
2589 3303 2866 3370 γνωστοὺς
2901 3303 3221 3373 ἐκτησάμην
3244 3317 3258 3332 ⁶
3287 3302 3397 3354 τῶν
3428 3302 3483 3354 δέ
3517 3301 3645 3353 ποτε
3687 3319 3794 3369 μου

2206 3396 2379 3465 φίλων
2409 3397 2506 3449 καὶ
2540 3394 2788 3464 ἀδελφῶν
2836 3395 3127 3465 ὲμάκρυνα
3156 3395 3483 3463 φυγαδεύων
3507 3432 3521 3456 ,
3555 3395 3651 3446 καὶ
3692 3395 3795 3463 ηὑ-

2206 3486 2398 3555 λξσθην
2445 3487 2503 3537 ἐν
2536 3488 2603 3556 τῇ
2650 3486 2845 3556 ἐρήμῳ
2896 3487 3333 3557 προσδεχόμενος
3378 3487 3469 3538 τὸν
3497 3485 3652 3546 Θεὸν,
3698 3486 3794 3536 τὸν

2208 3579 2455 3644 σώζοντά
2517 3596 2581 3648 με
2648 3579 2755 3632 ἀπὸ
2805 3580 3157 3649 ὀλιγοψυχίας
3219 3582 3314 3631 καὶ
3374 3579 3483 3633 ἀπὸ
3535 3577 3795 3644 καταιγί-

2205 3674 2293 3737 δος
2324 3673 2459 3743 (55).

2278 3979 2495 4032 Τούτων
2526 3977 2793 4048 εὐκαίρως
2823 3976 2965 4029 οῦτω
2992 3978 3084 4030 καὶ
3111 3977 3282 4047 ἡδέως
3310 3976 3387 4047 τῷ
3416 3977 3509 4031 τοῦ
3532 3977 3670 4032 Θεοῦ
3698 3979 3797 4033 ἀν-

2207 4070 2410 4144 θρώπῳ
2461 4068 2968 4140 ὑπαγορευθὲντων,
3022 4070 3051 4120 ὁ
3104 4069 3355 4138 βασιλεὺς
3399 4071 3637 4123 ἐκινεῖτο
3689 4074 3795 4141 μὲν

2204 4164 2311 4218 ὑπὸ
2342 4164 2435 4218 τοῦ
2471 4164 2667 4233 θυμοῦ,
2698 4161 2791 4215 καὶ
2818 4162 3032 4232 πικρῶς
3058 4162 3290 4226 αἱκίζειν
3311 4161 3402 4213 τὸν
3433 4161 3593 4231 ἆγιον
3624 4164 3793 4233 ἠϐούη

2203 4255 2347 4318 λετο,
2395 4254 2559 4309 ὤκνει
2591 4256 2644 4308 δὲ
2684 4257 2845 4311 πάλιν
2886 4257 2980 4309 καὶ
3013 4254 3360 4318 ἀνεϐάλλετο,
3408 4253 3470 4306 τὸ
3505 4255 3793 4325 αἰδέσιμον

2204 4345 2370 4400 αὐτοῦ
2407 4347 2500 4400 καί⁵
2535 4350 2833 4419 περιᾳανὲς
2880 4348 3301 4419 εὐλαϐούμενος.
3363 4348 3684 4401 ’Υπολαϐὼν
3732 4349 3791 4401 δὲ

530 4454 642 4492 rem
688 4441 906 4493 veritus.
957 4439 1268 4496 Sermonem
1319 4458 1443 4498 vero
1496 4444 1803 4515 excipiens,
1851 4448 1933 4502 his
1978 4464 2097 4505 enm

2210 4439 2307 4510 ἔφη
2346 4438 2480 4511 πρὸς
2508 4440 2687 4492 αὐτόν·

527 4528 702 4583 l'erbis
732 4539 813 4584 est
841 4531 1101 4586 allocutus
1128 4552 1140 4586 :

599 4616 857 4691 Undique,
903 4639 935 4677 ο
964 4624 1146 4692 miser,
1177 4627 1340 4682 exitio
1372 4638 1460 4683 tuo
1508 4630 1778 4701 studuisri,
1808 4642 1866 4689 ut
1893 4635 1981 4704 qui
2032 4637 2096 4689 ad

522 4711 724 4778 ipsum,
755 4712 987 4779 fortuna,
1021 4727 1076 4770 ut
1104 4718 1331 4784 videtur,
1365 4731 1415 4775 te
1442 4722 1764 4791 impellente,
1798 4735 1906 4782 tum
1949 4744 2095 4784 men-

529 4812 633 4856 tem
659 4812 766 4857 tum
792 4806 1019 4873 linguam
1042 4812 1269 4872 acut-ris,
1292 4826 1353 4865 ac
1375 4814 1593 4881 proinde
1609 4816 1884 4872 obscuram
1907 4835 2089 4889 quam-

524 4893 643 4944 dim
668 4900 826 4959 atque
852 4893 1062 4948 inanem
1107 4897 1388 4953 verborum
1420 4903 1646 4956 namiam
1695 4905 1969 4963 cﬂ'uderis.
2013 4912 2092 4966 Ac

521 4982 619 5036 nisi
648 4987 911 5039 sermonis
940 4988 1194 5052 principio
1225 5005 1308 5043 me
1332 4990 1423 5044 tibi
1459 4993 1714 5047 facturum
1745 4999 2085 5066 recepissem,

521 5081 575 5124 ut
604 5086 635 5127 e
664 5074 842 5128 medio
886 5076 1113 5131 concilio
1165 5078 1487 5132 iracundiam
1536 5081 1894 5150 depellerem,
1951 5104 2089 5142 nunc

594 5314 703 5391 (ξξὲ)
735 5313 894 5391 {oath
928 5317 948 5370 ῐ
980 5315 1148 5391 Epist.
1183 5335 1235 5377 ν.
1275 5321 1379 5385 l9;
1421 5324 1594 5385 ".15,
1633 5325 1719 5391 ιδ,
1754 5327 1836 5379 l7.

2280 4637 2646 4706 Πανταχόθεν,
2683 4637 2856 4704 ἄθλιε,
2901 4636 3000 4709 τὴν
3026 4636 3256 4691 σεαυτοῦ
3278 4636 3652 4707 ἐκμελετήσας
3678 4639 3791 4691 ἀπ-

2200 4726 2417 4791 ώλειαν,
2449 4727 2587 4798 πρὸς
2615 4728 2842 4798 ταύτην,
2873 4728 2950 4792 ὡς
2976 4727 3172 4792 ἔοικεν,
3212 4728 3317 4781 ὑπὸ
3342 4729 3442 4798 τῆς
3474 4728 3645 4799 τύχης
3668 4747 3793 4782 συν-

2202 4818 2594 4887 ελαυνόμενος,
2629 4820 2903 4889 ὴκόνησας
2935 4820 3028 4874 τὸν
3065 4818 3189 4873 νοῦν
3218 4821 3334 4891 ἅμα
3367 4820 3462 4874 καὶ
3487 4820 3586 4890 τὴν
3613 4820 3793 4888 γλῶτ-

2200 4928 2318 4964 ταν’
2381 4911 2503 4964 ὅθεν
2538 4913 2723 4983 ἀσαφῆ
2764 4929 2887 4966 τινα
2921 4913 3016 4965 καὶ
3047 4912 3283 4983 ματαίαν
3321 4911 3680 4982 βαττολογίαν
3708 4912 3789 4965 διο

2202 5003 2441 5075 εξῆλθες.
2482 5005 2591 5058 Καὶ
2626 5006 2675 5057 εί
2709 5005 2805 5075 μὴ,
2825 5005 2946 5058 κατ’
2977 5005 3149 5076 ἀρχὰς
3178 5004 3273 5057 τοῦ
3305 5005 3488 5073 λόγου,
3522 5005 3787 5074 ἐπηγγει-

2203 5097 2386 5167 λάμην
2424 5113 2504 5149 σοι
2535 5097 2598 5150 ἐκ
2631 5096 2799 5167 μέσου
2837 5096 2932 5151 τοῦ
2977 5096 3253 5167 συνεδρίου
3283 5097 3375 5152 τὸν
3405 5096 3580 5167 θυμὸν
3624 5099 3787 5168 noti;-

588 5384 704 5473 (ὕέ)
728 5387 877 5473 Ῥείιι.
909 5384 1107 5451 ιιι,’2;
1143 5384 1389 5461 ἐκζητῶν
1432 5395 1523 5446 τὸν
1548 5384 1717 5448 Θεόνί
1758 5397 1923 5466 Epist.
1961 5401 2026 5453 ad
2058 5399 2113 5453 lit

2210 5445 2211 5453 χ
2245 5417 2325 5461 ιιι.
2385 5404 2441 5456 ll
2489 5420 2501 5457 :
2532 5403 2646 5456 Οὔκ
2678 5402 2826 5455 ἔστιν
2855 5406 2881 5457 ὁ
2909 5403 3126 5467 συνιὼν,
3173 5400 3271 5452 οὐκ
3308 5399 3455 5455 ἔστιν
3486 5403 3513 5455 ὁ
3536 5400 3793 5473 ἐκζητῶν

516 5450 607 5503 τὸν
641 5450 705 5503 Θὲ

589 5455 1110 5610 ξξξῗξὶόόλιῳιηοιιιίιιιι
1134 5531 1311 5596 junxit
1338 5533 1637 5610 .qustolus
1672 5535 1734 5589 ad
1773 5536 1947 5610 Philip

1953 5556 2003 5608 p.
2051 5543 2206 5604 t,15.

563 5592 1156 5686 ἰξίὴιςξρξςαίιονίους
1190 5592 1416 5686 σκηνάςζ
1441 5602 1604 5686 Luca:
1646 5622 1754 5686 xyl,
1790 5609 1842 5686 9..
1870 5592 2113 5679 -ΪΙΫΕΙῙῘ

2222 5613 2286 5686 ad
2326 5612 2451 5667 Cor.
2489 5631 2548 5672 tt.
2586 5615 2619 5667 9
2654 5632 2666 5667 :
2713 5614 2746 5668 ὃ.
2779 5615 3075 5686 ἡτοίμασεν
3122 5620 3149 5671 ὁ
3183 5618 3313 5681 Θεὸς
3342 5621 3454 5682 τοῖς
3494 5617 3791 5686 ἀγαπῶσιν

517 5661 699 5748 αὐτόν.
738 5665 800 5748 lit
833 5667 996 5748 Deum
1029 5661 1239 5748 vocath
1265 5661 1355 5748 τον
1376 5661 1602 5741 ’πατέρα
1631 5661 2113 5748 τῶνβώτωνῇῦέί

2223 5661 2248 5667 -ν
2276 5661 2284 5664 -
2333 5661 2450 5667 vnn
2490 5661 2548 5672 --ν
2589 5661 2612 5667 ν
2654 5661 2666 5667 -
2715 5661 2746 5668 ν-
2786 5661 3068 5686 -ι---ι-ν-νν-
3124 5661 3148 5671 ν
3187 5661 3311 5681 υ-σν
3353 5661 3451 5682 ""3
3494 5661 3553 5689 ν’.

2210 5684 2394 5737 cubum
2428 5700 2464 5744 I.
2498 5687 2585 5739 l7.

590 5733 700 5801 (ὕῦ)
746 5733 888 5792 Psal.
923 5752 1032 5804 Ltv,
1067 5742 1135 5795 7:
1179 5742 1493 5814 Ἐμάκρυνα
1532 5733 1715 5814 ’φύγω
1771 5733 2105 5820 προσδεγξόμε

2252 5752 2342 5807 τὸν
2390 5754 2696 5819 σώζοντα...
2730 5784 2799 5795 -
2829 5754 2868 5810 C
2914 5757 3028 5812 sine
3068 5758 3157 5813 τὸν
3202 5758 3352 5813 Θεόν.
