3994 6350
364 389 469 452 877

1462 391 1633 450 VITA
1672 390 2026 451 BARLAAM
2067 389 2160 452 ET
2198 392 2548 454 JUASAPH.
2649 344 2658 352 .

3520 401 3624 461 878

365 497 603 560 σασθαι,
646 496 742 550 νῦν
786 497 852 550 ἂν
900 498 1033 568 πυρί
1087 515 1178 552 σου
1224 498 1327 562 τὰς
1375 501 1585 572 σάρκας
1632 502 1926 572 παρέδωκα

2054 519 2240 559 carnes
2293 515 2409 561 tuas
2437 507 2492 560 in
2519 505 2693 574 ignem
2743 504 3106 574 conjecissern.
3138 506 3394 572 Quoniam
3441 519 3619 562 autem

375 591 529 643 Ἐπεὶ
561 589 618 642 δὲ
663 587 953 658 προλαϐὼν
982 590 1246 654 τοιούτοις
1294 607 1360 661 με
1384 593 1780 662 κατησφαλίσω
1827 595 1940 657 τοῖς

363 684 627 754 ῥήμασιν,
662 681 929 751 ἀνέχομαί
968 699 1064 734 σου
1088 681 1184 734 τοῦ
1225 682 1493 753 θράσους,
1529 683 1628 751 τῆς
1666 684 1941 754 προτέρας

364 791 468 842 μου
520 773 709 826 ἕνεκεν
756 773 893 842 πρὸς
929 773 988 825 σὲ
1020 773 1223 842 φιλίας.
1289 774 1553 836 Ἀναστὰς
1591 770 1705 837 οὖν,
1754 775 1939 828 λοιπὸν

362 864 532 934 φεῦγε
567 863 627 929 ἐξ
667 865 960 935 ὀφθαλμῶν
990 883 1091 935 μου
1111 905 1126 930 ,
1160 865 1356 937 μηκέτι
1387 882 1446 918 σε
1475 866 1679 936 ὄψομαι
1712 867 1807 920 καὶ
1837 884 1937 920 κα-

362 958 475 1020 κῶς
500 957 773 1011 ἀπολέσω.
803 997 806 999 ›

431 1049 539 1100 Καὶ
561 1046 794 1112 ἐξελθὼν
819 1049 847 1100 ὀ
878 1048 971 1101 τοῦ
995 1047 1132 1101 Θεοῦ
1164 1049 1452 1120 ἄνθρωπος
1479 1049 1829 1120 ἀνεχώρησεν
1858 1053 1939 1114 εἰς

359 1139 460 1209 τὴν
481 1137 579 1209 έρη
589 1154 690 1208 μον
709 1175 724 1202 ,
751 1137 1088 1205 λυπούμενος
1121 1137 1220 1208 μὲν
1266 1138 1349 1202 ὅτι
1395 1137 1456 1191 οὐ
1496 1136 1898 1209 μεμαρτύρηκε
1919 1177 1934 1202 ,

363 1231 471 1300 18
502 1228 800 1300 μαρτυρῶν
833 1228 889 1281 δὲ
932 1229 1056 1283 καθ’
1089 1229 1303 1300 ἡμέραν
1330 1232 1394 1301 τῇ
1440 1230 1744 1300 συνειδήσει
1778 1231 1935 1300 (55'),

359 1325 454 1376 καὶ
484 1322 856 1376 ἀντιπαλαίων
880 1321 1018 1392 πρὸς
1050 1320 1150 1383 τὰς
1167 1321 1343 1392 ἀρχὰς
1365 1321 1461 1376 καὶ
1490 1321 1737 1387 ἐξουσίας
1755 1363 1770 1387 ,
1800 1321 1936 1392 πρὸς

355 1417 484 1480 τοὺς
511 1415 965 1486 κοσμοκράτορας
993 1413 1087 1468 τοῦ
1119 1414 1346 1477 σκότους
1367 1413 1463 1468 τοῦ
1495 1414 1692 1478 αἰῶνος
1720 1413 1932 1478 τούτου,

357 1511 493 1580 πρὸς
530 1507 597 1562 τὰ
630 1505 977 1576 πνευματικά
1009 1505 1108 1576 τῆς
1137 1505 1422 1577 πονηρίας,
1459 1506 1534 1570 ὦς
1577 1523 1741 1576 φησιν
1769 1508 1798 1560 ὁ
1830 1522 1936 1576 μα-

360 1601 551 1670 κάριος
578 1599 790 1662 Παῦλος
821 1597 954 1668 (56).
985 1597 1232 1652 Ἐκείνου
1272 1597 1372 1668 μὲν
1403 1593 1497 1652 οὗν
1523 1598 1934 1670 ,ἀποδημήσειν⁸

357 1710 471 1756 τος,
502 1689 663 1744 πλέον
688 1692 716 1743 ὁ
738 1688 990 1760 βασιλεὺς
1015 1687 1293 1760 ὀργισθεὶς
1313 1682 1554 1758 διωγμὸν
1578 1687 1934 1758 σφοδρότερον

355 1783 501 1836 κατὰ
543 1781 638 1835 τοῦ
673 1778 970 1852 μοναχικοῦ
1011 1779 1289 1850 ὲκμελετᾷ
1334 1780 1653 1846 τάγματος,
1689 1777 1933 1840 πλείονος

350 1877 408 1929 δὲ
445 1877 614 1945 τιμῆς
644 1875 770 1938 τοὺς
800 1872 910 1926 τῶν
942 1871 1176 1926 εἰδώλων
1205 1871 1348 1937 ἀξιοῖ
1376 1872 1719 1942 θεραπευτάς
1752 1887 1812 1923 τε
1840 1870 1933 1924 καὶ

2051 1883 2171 1924 cum
2201 1882 2388 1939 agmen
2434 1881 2686 1923 exercere
2719 1905 2734 1929 ,

351 1967 678 2038 νεωκόρους.

437 2058 526 2110 Ἐν
556 2055 782 2129 τοιαύτῃ
827 2055 884 2109 δὲ
927 2055 1080 2118 ὄντος
1125 2053 1220 2108 τοῦ
1255 2053 1522 2125 βασιλέως
1568 2054 1745 2124 πλάνῃ
1785 2053 1932 2122 δεινῇ

351 2149 450 2202 καὶ
490 2149 698 2220 ἀπάτῃ,
745 2149 1004 2216 γεννᾶται
1044 2146 1195 2217 αὐτῷ
1224 2147 1438 2200 παιδίον
1469 2146 1628 2216 (56‘),
1669 2145 1811 2198 πάνυ
1844 2145 1937 2197 se-

355 2241 719 2313 μορφότατον,
783 2240 878 2293 καὶ
925 2239 984 2303 ἐξ
1033 2239 1205 2310 αὐτῆς
1252 2239 1351 2310 τῆς
1399 2237 1741 2307 ἐπανθούσης
1785 2235 1934 2306 αὐτῷ

349 2333 689 2404 ιῦραιότητος
725 2333 787 2386 τὸ
830 2332 1022 2402 μέλλον
1077 2333 1475 2403 προσημαῖνον.
1544 2331 1792 2399 Ἐλέγετο
1823 2329 1932 2400 γὰρ

354 2422 607 2492 μηδαμοῦ
642 2423 698 2476 ὲν
721 2425 784 2492 τῇ
821 2426 890 2492 γῇ
922 2421 1106 2493 ἐκείνῃ
1131 2422 1375 2475 τοιοῦτον
1409 2437 1540 2474 ποτε
1571 2421 1804 2490 φανῆναι
1835 2437 1934 2488 χα-

355 2514 640 2584 ριέστατον
671 2513 766 2566 καὶ
800 2512 1128 2584 περικαλλὲς
1167 2512 1402 2566 παιδίον.
1436 2513 1624 2583 Χαρᾶς
1674 2511 1730 2564 δὲ
1773 2509 1930 2578 μεγί-

353 2623 489 2676 στης
533 2606 627 2658 ἐπὶ⁵
666 2607 730 2676 τῇ
767 2606 1016 2676 γεννήσει
1054 2604 1148 2658 τοῦ
1191 2605 1379 2668 παιδὸς
1425 2606 1454 2658 ὁ
1503 2603 1758 2673 βασιλεὺς
1789 2601 1931 2672 πλη-

353 2697 506 2759 σθεὶς
525 2735 540 2758 ,
574 2695 764 2749 τοῦτον
803 2696 900 2765 μὲν
938 2695 1174 2763 Ἰωὰσαφ
1204 2695 1485 2761 ἐκάλεσεν,
1515 2695 1680 2756 αὐτὸς
1708 2693 1765 2746 δὲ
1796 2692 1932 2762 πρὸς

347 2792 481 2853 τοὺς
508 2789 820 2851 εἰδωλικούς
847 2789 1008 2850 ναοὺς
1037 2789 1285 2859 ἀνοήτως
1317 2788 1487 2859 ἀπῄει
1539 2788 1652 2850 τοῖς
1702 2787 1929 2856 ἀνοητο-

348 2883 534 2952 τέροις
555 2881 735 2935 αὐτῶν
760 2880 900 2944 θεοῖς
921 2879 1100 2934 θύσων
1120 2880 1216 2934 καὶ
1240 2880 1699 2951 εὐχαριστηρίους
1727 2876 1932 2948 ὕμνους

348 2968 674 3040 ἀποδώσων,
717 2972 930 3042 ἀγνοῶν
957 2973 1040 3036 τίς
1067 2973 1098 3026 ὁ
1140 2972 1250 3026 τῶν
1293 2972 1478 3026 καλῶν
1515 2972 1772 3027 ἁπάντων
1801 2971 1934 3040 ἀλη-

350 3066 461 3128 θῶς
491 3066 680 3128 αἴτιος,
717 3065 854 3135 πρὸς
883 3064 942 3116 ὃν
967 3064 1075 3117 ἔδει
1103 3065 1203 3134 τὴν
1233 3063 1610 3136 πνευματικὴν
1639 3065 1932 3133 ἀναφέρειν

349 3155 566 3210 θυσίαν.
610 3157 846 3218 Ἐκεῖνος
888 3151 1004 3220 οὖν,
1039 3158 1150 3218 τοῖς
1188 3155 1416 3226 ἀψύχοις
1447 3157 1542 3209 καὶ
1587 3159 1793 3225 κωφοῖς
1831 3159 1931 3227 τήν

349 3249 534 3303 αἰτίαν
569 3249 667 3318 τῆς
693 3247 788 3300 τοῦ
821 3248 1007 3311 παιδὸς
1037 3250 1345 3317 γεννήσεως
1378 3249 1686 3314 ἀνατιθεὶς,
1721 3267 1928 3304 παντα-

350 3339 450 3410 χοῦ
493 3338 762 3409 διέπεμπε
813 3342 1146 3406 συναγαγεῖν
1191 3339 1260 3392 τὰ
1297 3338 1479 3409 πλήθη
1511 3342 1593 3403 είς
1630 3341 1698 3393 τὰ
1741 3342 1932 3396 τούτου

349 3429 625 3499 γενέθλια.
658 3431 767 3483 Καὶ
803 3427 870 3500 ἦν
900 3430 1027 3484 ίδεῖν
1067 3431 1276 3494 πάντας
1303 3433 1634 3503 συρρέοντας
1669 3434 1747 3504 τῷ
1784 3434 1934 3505 φόϐῳ

348 3524 448 3577 τοῦ
482 3523 742 3594 βασιλέως
769 3564 783 3587 ,
820 3523 1195 3594 ἐπαγομένους
1227 3541 1286 3577 τε
1334 3525 1404 3578 τὰ
1430 3527 1568 3596 πρὸς
1606 3527 1705 3596 τὴν
1739 3527 1933 3582 θυσίαν

348 3617 780 3686 εὐτρεπισμένα,
815 3617 888 3679 ὡς
914 3617 1129 3684 ἑκάστῳ
1155 3617 1186 3686 ή
1215 3617 1336 3687 χεὶρ
1365 3619 1590 3690 εὐπόρει
1615 3620 1763 3690 καὶὴ
1799 3619 1934 3690 πρὸς

347 3708 442 3760 τὸν
483 3707 705 3776 βασιλέα
739 3706 921 3760 εὔνοια
951 3703 1086 3778 εἶχε.
1122 3709 1378 3764 Μάλιστα
1401 3711 1457 3763 δὲ
1485 3711 1682 3774 αὐτοὺς
1713 3710 1932 3782 ἠρέθιζε

349 3799 490 3867 πρὸς
518 3797 622 3867 19
657 3799 970 3867 φιλοτιμίαν
1003 3798 1165 3862 αὐτὸς
1185 3840 1200 3864 ,
1231 3799 1466 3872 ταύρους
1501 3800 1806 3856 καταθῦσαι
1832 3801 1931 3870 φέ-

353 3906 466 3959 ρων
493 3889 603 3958 (57)
655 3890 739 3942 ὅτι
785 3889 1073 3952 πλείστους
1121 3891 1215 3944 καὶ
1259 3891 1615 3962 εὐμεγέθεις,
1667 3893 1762 3946 καὶ
1789 3892 1934 3946 οὕτω

351 3981 637 4050 πάνδημον
681 3981 872 4051 ἑορτὴν
913 3980 1158 4047 τελέσας,
1193 3983 1398 4048 πάντας
1428 3984 1796 4054 ἐφιλοτιμεῖτο
1826 3985 1931 4037 δώ-

351 4089 472 4144 ροις
500 4073 615 4125 ὅσοι
639 4089 698 4124 τε
741 4073 841 4141 τῆς
873 4071 1067 4143 βουλῆς
1099 4068 1241 4143 ἦσαν
1275 4076 1370 4128 καὶ
1399 4075 1506 4129 τῶν
1536 4077 1594 4127 ἐν
1623 4074 1769 4128 τέλει
1794 4116 1808 4140 ,
1839 4075 1934 4128 καὶ

345 4165 468 4216 ὅσοι
496 4164 626 4234 περὶ
653 4163 716 4216 τὸ
746 4163 1161 4234 στρατιωτικὸν,
1192 4165 1305 4218 ὅσοι
1335 4182 1394 4217 τε
1430 4164 1540 4218 τῶν
1570 4163 1804 4219 εὐτελῶν
1839 4165 1932 4218 καὶ

347 4255 602 4324 ἀσήμων.

425 4428 677 4484 ΚΕΦΑΛ.
740 4430 814 4488 Γ’.
862 4431 950 4484 Ἐν
979 4432 1116 4503 αὐτῇ
1151 4428 1208 4485 οὲ
1259 4436 1324 4504 τῇ
1373 4434 1482 4486 τῶν
1513 4434 1804 4502 γενεθλίων
1837 4435 1929 4488 τοῦ

2056 595 2168 662 ipse
2209 606 2568 662 antevertens,
2601 597 2798 664 tibique
2845 608 3066 659 cavens,
3115 596 3408 662 hujusmodi
3442 596 3621 652 verbis

2053 697 2138 737 me
2181 684 2465 738 obvinxisti
2487 727 2502 750 ,
2534 684 2806 738 audaciam
2859 694 3001 738 tuam
3033 685 3102 737 ob
3131 687 3400 751 pristinam
3444 701 3620 741 meam

2053 788 2180 842 erga
2212 786 2263 828 te
2304 773 2592 828 amicitiam
2635 773 2769 828 fero.
2802 774 3154 841 Quamobrem
3178 789 3429 844 exsurge,
3461 786 3621 847 atque

2052 867 2122 922 ab
2145 867 2313 921 oculis
2344 865 2478 921 meis
2501 865 2750 935 profuge,
2775 880 2881 920 non
2909 865 3014 935 jam
3046 876 3097 922 te
3119 866 3330 934 videbo,
3360 867 3452 922 sed
3481 871 3622 924 male

2053 959 2312 1014 mactabo.
3354 961 3357 964 ·

2122 1047 2198 1102 lta
2223 1063 2464 1117 egressus
2492 1049 2586 1104 Dei
2610 1049 2767 1104 homo
2790 1048 2840 1103 in
2858 1049 3195 1105 solitudinem
3224 1051 3467 1116 secessit,
3489 1065 3623 1106 mte-

2054 1154 2176 1193 rore
2204 1139 2420 1207 quidem
2467 1154 2533 1196 eo
2573 1141 2787 1196 nomine
2815 1140 3069 1207 allectus,
3122 1141 3262 1210 quod
3307 1144 3620 1211 martyrium

2051 1228 2271 1284 minime
2299 1229 2518 1285 obiisset
2542 1270 2557 1297 ,
2605 1242 2854 1286 cancrum
2886 1232 3030 1286 nullo
3079 1247 3183 1288 non
3212 1232 3318 1298 die,
3361 1243 3617 1302 quantum

2052 1321 2116 1374 d
2143 1322 2526 1376 conscientiam
2550 1323 2758 1387 attinet,
2789 1326 3043 1394 martyrio
3071 1323 3316 1394 fungens,
3340 1333 3500 1395 atque
3526 1326 3624 1378 ad-

2052 1427 2239 1467 versus
2268 1414 2590 1482 principatus
2621 1423 2672 1468 et
2705 1423 3013 1482 potestates,
3040 1415 3295 1470 adversus
3323 1415 3502 1469 mundi
3536 1430 3622 1470 re-

2047 1510 2223 1556 ctores
2250 1502 2584 1557 tenebrarum
2613 1502 2768 1571 hujus
2814 1504 3016 1570 saeculi,
3039 1505 3298 1560 adversus
3325 1503 3618 1573 spirituah'a

2053 1596 2322 1664 nequitia,
2357 1605 2412 1648 ut
2441 1595 2517 1649 ait
2540 1596 2724 1650 beatus
2754 1596 2968 1659 Paulus,
2999 1595 3254 1652 dimicans
3276 1597 3494 1667 (Ephes.
3516 1595 3613 1666 vr).

2048 1687 2181 1739 Cum
2212 1685 2376 1754 igitur
2402 1685 2493 1740 ille
2519 1685 2768 1753 abiisset,
2799 1701 2892 1742 rex
2919 1688 3163 1756 graviore
3187 1687 3459 1742 iracundia
3489 1701 3618 1741 con-

2049 1779 2274 1841 citatus,
2325 1778 2586 1830 acriorem
2618 1778 3038 1845 persecutionem
3083 1779 3336 1832 adversus
3363 1776 3618 1832 monasti-

2836 1864 3146 1932 majoreque
3239 1865 3449 1918 honore
3538 1865 3616 1918 si-

2057 1965 2410 2018 mulacrorum
2455 1961 2689 2015 cultores
2715 1973 2778 2012 ac
2816 1957 3118 2013 sacerdotes
3162 1957 3372 2010 afﬁcere
3398 1956 3578 2024 etrapit.

2122 2053 2250 2108 CAP.
2280 2052 2363 2106 lll.
2393 2079 2464 2092 --
2483 2052 2615 2105 Cum
2643 2059 2817 2104 autem
2844 2064 2935 2102 rex
2985 2049 3036 2102 in
3085 2058 3190 2101 tam
3241 2048 3386 2116 gravi
3435 2061 3620 2101 errore

2052 2154 2207 2214 atque
2237 2144 2527 2212 impostura
2550 2150 2876 2202 versaretur,
2898 2137 3131 2192 nascitur
3152 2138 3200 2191 ei
3225 2137 3617 2206 elegantissima

2052 2238 2218 2290 forma
2243 2234 2399 2299 ﬁlius,
2433 2241 2590 2302 atque
2611 2249 2675 2286 ex
2707 2246 2768 2286 ea
2797 2230 3186 2299 pulchritudine
3211 2245 3331 2298 qua:
3360 2229 3460 2297 ipsi
3487 2228 3620 2282 aﬂu-

2051 2341 2106 2378 sa
2152 2335 2266 2380 erat
2293 2325 2347 2380 id
2392 2325 2530 2394 quod
2571 2325 2800 2378 futurum
2830 2331 2946 2378 erat
2983 2322 3328 2391 prasignans.
3360 2321 3448 2376 Sic
3474 2323 3615 2375 enim

2053 2431 2299 2471 sermune
2331 2415 2596 2470 ferebatur
2625 2417 2676 2468 in
2697 2413 2786 2468 illa
2816 2424 2953 2468 terra
2983 2427 3202 2480 puerum
3235 2411 3348 2480 pari
3389 2410 3623 2480 pulchri-

2061 2507 2242 2560 tudine
2285 2520 2346 2560 ac
2375 2513 2652 2560 venustate
2698 2518 2952 2572 nusquam
2983 2501 3270 2557 exstitisse.
3305 2501 3416 2554 Rex
3444 2510 3619 2554 autem

2055 2594 2120 2647 ob
2152 2595 2299 2664 pueri
2325 2594 2652 2649 nativitatem
2685 2595 2914 2648 maximo
2958 2591 3152 2660 gaudio
3184 2588 3450 2658 perfusus,
3499 2604 3620 2643 eum

2055 2684 2655 2750 losaphatnominavit:
2681 2695 2840 2749 atque
2868 2682 2933 2737 ad
2980 2680 3244 2737 idolorum
3290 2680 3498 2746 templa.
3521 2679 3621 2732 de-

2043 2778 2196 2819 mens
2223 2778 2283 2819 se
2301 2765 2544 2827 contulit,
2578 2773 2634 2818 ut
2655 2762 3072 2819 dementioribus
3095 2763 3351 2818 sacriﬁcia
3376 2765 3614 2835 olIerret,

2040 2853 2334 2924 laudesque
2367 2855 2436 2908 ad
2483 2854 2741 2910 edendam
2789 2853 2925 2924 grati
2969 2854 3131 2908 animi
3177 2853 3615 2924 signiﬁcationem

2039 2947 2366 3014 persolveret
2412 2963 2426 3000 :
2470 2949 2719 3015 ignorans
2765 2947 3012 3001 nimirum
3063 2946 3304 3014 quisnam
3354 2945 3615 3000 bonorum

2039 3040 2275 3092 omnium
2303 3052 2430 3093 vere
2455 3049 2640 3092 anetor
2665 3047 2827 3102 esset,
2857 3038 2922 3092 ad
2952 3053 3108 3108 quem
3139 3038 3414 3100 stiirituale
3452 3039 3613 3094 sacri-

2042 3127 2216 3182 ﬁcium
2249 3128 2486 3182 adhiberi
2510 3128 2749 3183 deberet.
2787 3130 2881 3184 ille
2912 3130 3072 3198 igitur
3101 3129 3259 3184 rebus
3287 3129 3537 3184 inanimis
3567 3141 3622 3183 et

1957 3206 2000 3261 Ο
2041 3222 2220 3276 surdis
2247 3222 2341 3277 ﬁlii
2369 3230 2543 3279 ortum
2581 3233 2852 3292 acceptum
2903 3223 3101 3288 ferens,
3150 3238 3355 3293 quaqua
3404 3239 3618 3276 versum

2050 3317 2228 3371 missis
2268 3317 2465 3371 nuntiis
2497 3316 2703 3384 plebem
2747 3316 2811 3370 ad
2857 3315 2974 3384 ejus
3019 3315 3256 3370 natalitia
3306 3313 3621 3369 celebranda

2047 3405 2340 3475 cogendam
2363 3405 2604 3461 curabat.
2619 3406 2706 3466 ~Ac
2725 3420 2944 3460 cernere
2965 3415 3080 3460 erat
3097 3419 3282 3460 omnes
3309 3405 3451 3474 regis
3479 3413 3634 3458 metu"

2045 3495 2395 3559 conﬂuentes,
2426 3510 2714 3564 secumque
2739 3509 2800 3550 ea
2831 3511 2951 3564 quae
2973 3495 3037 3549 ad
3067 3493 3386 3549 sacriﬁcium
3409 3507 3622 3546 accom-

2045 3590 2254 3644 modata
2286 3597 2439 3643 erant
2467 3588 2776 3654 aﬁ'erentes,
2805 3603 2902 3657 pro
2929 3587 3189 3656 cujusque
3214 3586 3418 3640 scilicet
3455 3583 3624 3638 facul-

2045 3688 2209 3733 tatum
2243 3679 2475 3744 modulo,
2520 3689 2677 3748 atque
2720 3693 2847 3748 erga
2894 3694 3016 3733 eum
3061 3678 3448 3733 benevolentia.
3482 3674 3627 3729 Prm-

2045 3771 2227 3823 serthn
2259 3777 2432 3822 autem
2465 3769 2580 3836 ipse
2605 3768 2846 3823 stimulos
2874 3769 2950 3823 eis
2975 3768 3042 3823 ad
3082 3767 3495 3822 muniﬁcentiam
3523 3765 3623 3820 ad-

2051 3862 2319 3926 movebat,
2370 3869 2429 3914 ut
2462 3863 2552 3929 qui
2580 3861 2995 3929 quamplurimas
3043 3869 3098 3914 et
3147 3861 3408 3913 maximos
3461 3859 3624 3913 boves

2054 3951 2361 4002 mactandos
2389 3948 2623 4003 oﬁ'crret.
2653 3955 2825 4018 Atque
2849 3951 2914 4003 ad
2947 3953 3088 4003 hunc
3126 3948 3336 4002 modum
3381 3949 3622 4004 luculen-

2048 4038 2254 4092 tissimo
2282 4037 2418 4094 festo
2443 4049 2676 4106 peracto,
2709 4054 2917 4105 omnes,
2952 4026 3168 4108 tatn'qui
3197 4038 3450 4095 senatorii
3474 4039 3622 4093 ordi-

2053 4129 2135 4184 nis
2163 4137 2316 4184 erant
2343 4129 2756 4200 magistratuque
2783 4129 3154 4199 fungebantur,
3181 4145 3337 4198 quam
3393 4129 3621 4184 militum

2048 4236 2261 4276 manum
2295 4231 2454 4292 atque
2480 4221 2638 4277 etiam
2690 4223 2924 4292 plebeios
2955 4230 3010 4278 et
3058 4223 3313 4294 ignobiles
3359 4223 3621 4293 amplissi-

2047 4315 2150 4370 mis
2175 4313 2333 4370 donis
2363 4315 2801 4386 prosequebatur.

2108 4433 2162 4487 In
2186 4433 2302 4502 ipso
2331 4441 2510 4490 autem
2533 4434 2885 4489 natalitiorum
2918 4435 3010 4489 ﬁlii
3039 4435 3261 4490 solemni
3289 4434 3398 4499 die,
3422 4433 3613 4489 delecti
3667 4439 3679 4449 ‘

346 4520 543 4583 παιδὸς
573 4523 734 4592 ἑορτῇ
771 4523 1031 4594 συνῆλθον
1055 4526 1194 4596 πρὸς
1221 4525 1312 4578 τὸν
1336 4525 1560 4595 βασιλέα
1583 4527 1642 4592 ἐξ
1670 4528 1932 4598 ὲπιλογῆς

2051 4524 2134 4580 tiri
2163 4525 2376 4580 circiter
2417 4527 2792 4596 quinquaginta
2823 4565 2838 4594 ,
2891 4527 2983 4596 qui
3033 4527 3087 4581 in
3133 4542 3196 4582 ea
3243 4525 3611 4582 Chaldaeorum

343 4613 547 4684 ἄνδρες
558 4613 689 4666 ὡσεὶ
708 4618 1238 4686 πεντηκονταπέντε,
1259 4635 1325 4670 πε
1335 4619 1387 4687 pl
1402 4618 1502 4689 τὴν
1519 4619 1928 4692 ἀστροθεάμονα

343 4704 764 4768 τῶννΧαλδαίων
783 4707 1138 4778 ἐσχολακότες
1157 4709 1372 4778 σοφίαν.
1399 4710 1510 4763 Καὶ
1533 4711 1750 4774 τούτους
1775 4713 1933 4781 ἐγγυ-

340 4797 500 4849 τάτω
533 4800 1028 4870 παραστησάμενος
1055 4799 1083 4851 ὁ
1121 4799 1374 4869 βασιλεὺς
1401 4801 1661 4871 ἀνηρώτα
1699 4802 1933 4867 ἐξειπεῖν

341 4891 582 4941 ἕκαστον
611 4889 659 4941 τί
694 4890 875 4959 μέλλει
898 4891 1119 4946 ἔσεσθαι
1147 4894 1206 4945 τὸ
1231 4894 1488 4965 γεννηθὲν
1521 4895 1670 4965 αὐτῴ
1695 4897 1929 4949 παιδίον.

341 4988 409 5038 ΟΞ
436 4985 516 5050 δὲ,
553 4985 723 5038 πολλὰ
746 4987 1190 5057 διασκεψάμενοι,
1219 4989 1402 5057 ἔλεγον
1432 4989 1606 5060 μέγαν
1631 4991 1790 5044 αὐτὸν
1811 4989 1932 5043 ἔσε-

343 5078 472 5129 σθαι
509 5075 569 5128 ἕν
598 5094 653 5130 τε
696 5076 912 5148 πλούτῳ
953 5078 1048 5130 καὶ
1079 5078 1398 5150 δυναστεία,
1444 5080 1538 5132 καὶ
1573 5079 1931 5151 ὑπερϐάλλειν

343 5168 564 5232 πάντας
597 5170 723 5232 τοὺς
759 5171 864 5240 πρὸ
896 5169 1062 5223 αὐτοῦ
1101 5170 1574 5240 βεϐασιλευκότας.
1611 5168 1704 5234 Εἷς
1736 5171 1791 5225 δὲ
1823 5171 1929 5224 τῶν

416 5315 784 5397 (ᾃξξῌᾚϐοτ.
813 5340 852 5397 t_,
875 5324 944 5397 1'1
984 5343 996 5378 :
1040 5325 1353 5395 Μαρτύριον
1387 5327 1483 5397 τῆς
1521 5327 1896 5397 συνειδήσεως.

415 5392 534 5464 (56)
560 5392 737 5464 Epist.
770 5394 836 5447 ad
873 5395 1072 5464 Ephes.
1107 5392 1178 5458 vi,
1215 5392 1299 5451 Η.

414 5463 557 5534 (56‘)
591 5463 808 5534 Lemnia
839 5463 928 5520 est
957 5465 1007 5517 in
1030 5465 1075 5519 A
1104 5469 1383 5521 metricum
1419 5487 1431 5520 :

339 5601 496 5677 ρους.
518 5601 654 5677 Vita
677 5601 798 5677 _Nili
828 5601 953 5660 Jun.
989 5601 1133 5672 p.98
1166 5624 1180 5660 :
1221 5605 1401 5676 φέρων

2036 4617 2313 4684 sapientia,
2340 4632 2456 4684 qua:
2478 4619 2527 4670 in
2552 4616 2938 4684 conspici'endis
2965 4617 3317 4685 notandisque
3347 4616 3610 4672 sideribus

2039 4718 2304 4773 versatur,
2335 4709 2565 4762 studium
2614 4717 2774 4777 atque
2801 4721 3017 4775 Operam
3047 4707 3404 4776 collocarent,
3435 4709 3500 4762 ad
3529 4724 3610 4762 re-

2033 4815 2151 4869 gem
2184 4810 2574 4854 convencrunt.
2604 4799 2748 4866 Quos
2777 4801 2895 4853 cum
2941 4815 3032 4854 rex
3076 4800 3292 4870 propius
3334 4800 3397 4852 ad
3435 4813 3495 4853 se
3523 4813 3609 4853 ac-

2033 4889 2224 4944 cedere
2250 4888 2521 4958 jussisset,
2549 4889 2616 4944 de
2645 4890 2864 4960 singulis
2893 4891 3334 4959 percunctabatur
3358 4891 3606 4960 quidnam

2035 4995 2166 5050 puer
2190 4983 2244 5036 in
2275 4983 2446 5037 lucem
2489 4983 2662 5036 editus
2693 4982 2900 5037 futurus
2929 4992 3089 5038 esset.
3123 4983 3198 5037 llli
3237 4993 3412 5036 autem
3455 4983 3606 5051 longa

2033 5073 2463 5128 consideratione
2492 5072 2691 5136 habita,
2746 5074 2980 5128 futurum
3031 5073 3277 5128 dicebant
3327 5080 3380 5125 ut
3421 5072 3606 5142 ορίιηις

2035 5179 2098 5218 ac
2130 5162 2362 5234 potentia
2401 5163 2636 5231 ﬂoreret,
2669 5172 2828 5232 atque
2870 5178 3056 5217 omnes
3098 5163 3184 5232 qui
3219 5176 3437 5232 regnum
3485 5174 3605 5218 ante

1481 5468 1713 5537 Ἰωὰσαφ
1737 5469 1990 5538 γέννησιν
2012 5467 2242 5522 ἐνταῦθα
2275 5468 2330 5539 βλ
2341 5469 2460 5539 ἐπε.

418 5531 640 5618 (ὕῖχνιρο
669 5531 857 5618 φέρειν
889 5551 985 5603 pro
1007 5538 1159 5618 ἄγειν
1191 5536 1308 5618 vide
1337 5540 1625 5618 notatnmatl
1657 5531 1933 5618 S'yr'ttipain

2051 5531 2286 5618 ig..18_ll
2320 5536 2556 5618 'lﬁiceph.
2589 5538 2884 5618 Gregorans,
2913 5553 2986 5618 vt,
3022 5539 3081 5618 θ,
3128 5537 3202 5618 ξε

3250 5539 3430 5612 φέρων
3463 5543 3606 5612 ὁμή-

1445 5607 1572 5680 μεθέ
1587 5607 1779 5662 ἑαυτοῦ
1792 5679 1798 5680 7
1810 5609 1899 5680 τὸν

2051 5607 2276 5680 [αὐτοῦ.
2296 5607 2505 5680 Potest
2532 5607 2795 5680 conferri
2817 5608 2994 5680 Soph.
3018 5611 3204 5680 Aj.765
3229 5627 3241 5662 :
3276 5607 3516 5680 Ποίμνας
3547 5607 3606 5664 τε

333 5675 528 5753 πάσας
555 5675 610 5753 ἐς
631 5675 827 5753 δόμους
867 5677 1170 5753 κομίζεται.
1198 5675 1342 5753 idem
1375 5675 1520 5753 Atil.»
1563 5679 1711 5753 575i:
1755 5679 1888 5732 ἀλλά
1922 5677 2307 5753 νιν-’ίίυμίζςΐ
2345 5677 2496 5740 εἴσω,
2545 5679 2742 5748 δμῶες.
2778 5677 2854 5732 lli.
2893 5675 3010 5733 iri-4‘2
3041 5675 3158 5734 ε’Σὺ
3212 5681 3308 5750 μὲν
3360 5675 3605 5753 κομίζοις

335 5747 408 5801 ἂν
444 5746 644 5798 σαυτὸν
749 5743 948 5822 θέλειςζ
977 5747 1153 5822 Attius
1198 5745 1454 5800 Varronis
1492 5748 1620 5803 Del.
1659 5750 1775 5804 Lat.
1811 5765 1878 5818 vr,
1910 5765 1933 5818 ιη

2051 5747 2072 5800 2
2108 5743 2178 5821 εξ(
2229 5746 2448 5804 Lcmnia
2485 5743 2604 5818 quis
2633 5759 2686 5806 ttt
2730 5764 2788 5804 es
2829 5751 3071 5806 mortalis
3103 5743 3280 5822 quiin
3313 5743 3518 5807 deserta
3554 5763 3605 5804 et

334 5830 495 5874 tesca
524 5826 574 5872 te
612 5807 861 5885 app'mtcs
889 5807 1036 5871 luco?
1073 5837 1090 5866 ι
