3968 6348
390 252 492 315 8.79
1836 248 1969 306 ADE

2080 250 2209 310 TDA.

3560 256 3692 318 880

393 374 565 445 ipsum
592 371 950 428 obtinuissent
976 378 1269 437 superaret.
1302 364 1449 419 Unus
1477 379 1604 418 vero
1635 364 1927 433 astrologus
1946 406 1963 433 ,

2080 364 2440 435 ἀστρολόγων,
2470 365 2498 416 ό
2528 364 2635 417 τῶν
2666 363 2762 416 σὺν
2792 360 2940 431 αὐτῷ
2973 360 3191 414 πάντων
3223 357 3687 429 διαφορώτατος,

395 470 484 537 qui
507 467 682 520 socios
709 477 893 518 omnes
919 475 1044 515 suos
1069 459 1367 513 eruditione
1390 456 1649 523 anteibat,
1677 457 1759 510 his
1792 456 1966 511 verbis

397 570 524 609 usus
554 564 636 608 Cal
666 569 679 608 :
712 553 973 619 Quantum
1002 564 1070 604 ex
1096 549 1329 603 siderum
1359 560 1519 602 cursu
1540 546 1813 601 addiscere
1842 560 1963 614 pos-

396 663 534 711 sunt,
564 659 595 699 ο
620 658 713 699 rex
738 686 755 704 ,
789 643 879 697 lilii
909 642 999 710 qui
1032 655 1175 695 nunc
1206 656 1269 695 ex
1303 649 1354 694 te
1381 648 1527 694 ortus
1555 646 1638 693 est
1674 636 1967 705 amplitudo

394 752 551 804 atque
582 738 848 803 prolectus
878 748 984 786 non
1012 736 1065 786 in
1095 742 1184 786 tuo
1211 738 1373 800 regno
1404 731 1525 795 erit,
1557 727 1651 783 sed
1700 730 1754 781 in
1801 727 1966 782 altera

398 823 758 891 praemandere
781 863 795 885 ,
826 830 982 888 atque
1028 819 1507 888 incomparabiliter
1554 817 1965 874 excellentiore.

396 921 566 984 Atque
592 914 762 981 ipsum
790 912 1209 967 Christianorum
1236 925 1443 979 quoque
1470 909 1778 975 religionem
1808 922 1965 976 quam

397 1016 452 1058 tn
502 1005 781 1058 insectaris
808 1011 1145 1071 arrepturum
1173 1002 1439 1064 existimo,
1469 1014 1569 1056 nec
1598 1015 1720 1055 eum
1749 1001 1817 1053 ab
1869 1000 1969 1055 hoc

396 1108 559 1163 scopo
605 1109 666 1146 ac
694 1110 788 1162 spe
835 1094 1202 1148 aberraturutu
1246 1101 1394 1159 puto.
1427 1091 1552 1146 llmc
1593 1090 1796 1146 scilicet
1840 1089 1970 1145 dixit

396 1189 713 1257 astrologus,
747 1198 802 1241 ut
841 1192 968 1243 olim
1012 1186 1223 1241 Balaam
1255 1183 1441 1255 (Num.
1474 1186 1661 1254 χχιιι),
1694 1199 1799 1239 non
1831 1185 1970 1254 quod

398 1278 685 1347 astrologia
716 1278 939 1332 veritate
969 1278 1185 1339 nitatur,
1218 1276 1309 1330 sed
1337 1277 1475 1345 quod
1509 1277 1647 1330 Deus
1703 1286 1757 1330 ut
1797 1276 1968 1331 omnis

400 1370 576 1438 impiis
605 1370 874 1424 excusatio
922 1378 1305 1435 amputaretur,
1357 1377 1633 1422 veritatem
1684 1382 1777 1435 per
1827 1380 1969 1433 tpsos

399 1459 731 1513 adversarios
759 1458 1080 1513 ostenderet.

472 1552 581 1605 [lex
613 1560 807 1616 autem,
837 1560 897 1605 ut
945 1550 1058 1604 haec
1099 1549 1375 1613 intellexit,
1425 1547 1684 1618 ejusmodi
1728 1547 1969 1601 nuntium

400 1644 627 1708 graviter
668 1655 731 1694 ac
771 1644 994 1695 molesm
1045 1641 1222 1693 animo
1267 1640 1496 1706 excepit,
1537 1639 1970 1708 voluptatemque

2074 454 2227 511 εἶπεν
2256 458 2331 521 ὡς
2356 500 2369 523 ,
2427 458 2516 523 Ἐξ
2565 451 2641 510 ὧν
2680 474 2746 527 με
2794 455 3141 509 διδάσκουσιν
3173 453 3225 505 οἱ
3268 452 3377 505 τῶν
3412 449 3689 522 ἀστέρων

2071 551 2283 622 δρόμοι,
2324 543 2368 601 ὦ
2401 548 2622 619 βασιλεῦ
2647 590 2662 614 ,
2697 551 2730 618 ἡ
2777 546 3032 619 προκοπὴ
3070 543 3168 597 τοῦ
3209 544 3330 598 νυνὶ
3362 542 3684 612 γεννηθέν-

2071 660 2160 704 τος
2194 660 2277 695 σοι
2310 642 2498 705 παιδος
2530 642 2632 694 οὐκ
2661 642 2718 694 ὲν
2747 642 2811 710 τῇ
2844 642 2911 709 σῇ
2941 637 3095 690 ἔσται
3127 636 3378 704 βασιλείᾳ
3402 676 3417 698 ,
3452 633 3580 688 ἀλλ’
3616 635 3683 686 ἐν

2073 735 2237 806 ἑτέρα
2296 734 2567 803 κρείττονι
2625 732 2718 785 καὶ
2780 732 3133 799 ἀσυγκρίτως
3206 726 3669 797 ὑπερϐαλλούσῃ.

2072 827 2224 881 Δοκῶ
2253 827 2309 881 δὲ
2344 828 2437 879 καὶ
2470 828 2570 896 τῆς
2605 824 2757 894 παρὰ
2797 823 2891 877 σού
2941 822 3281 893 διωκομένης
3327 820 3495 872 αὐτὸν
3544 822 3671 871 ἐπιι

2073 918 2335 972 λαϐέσθαι
2358 918 2468 971 τῶν
2493 915 2836 987 Χριστιανῶν
2871 913 3174 986 Θρησκείας
3194 954 3209 978 ,
3238 913 3331 966 καὶ
3355 913 3458 964 οὐκ
3486 911 3677 979 ἔγωγε

2071 1009 2229 1084 οἶμαι
2276 1012 2370 1066 τοῦ
2404 1010 2614 1064 σκοποῦ
2648 1011 2855 1063 ἐκεῖνον
2884 1008 2981 1062 καὶ
3021 1008 3131 1075 τῆς
3174 1006 3386 1068 ἐλπίδος
3415 1004 3674 1074 ψευσθῆ-

2074 1107 2287 1161 σεσθαι.
2325 1105 2513 1159 Ταῦτα
2566 1104 2666 1173 μὲν
2713 1100 2867 1157 εἶπεν
2910 1105 2938 1156 ὁ
2984 1099 3355 1173 ἀστρολόγος,
3407 1098 3612 1166 ὥσπερ
3647 1102 3675 1150 ὁ

2075 1200 2244 1254 πάλαι
2273 1197 2501 1266 Βαλαὰμ
2542 1196 2679 1265 (58),
2719 1196 2780 1248 ού
2815 1195 2911 1264 τῆς
2959 1192 3320 1263 ἀστρολογίας
3358 1191 3670 1261 ἀληθευούο

2075 1307 2197 1360 σης,
2232 1288 2371 1342 ἀλλά
2421 1288 2528 1357 2ο
2564 1287 2659 1340 τού
2694 1286 2829 1340 Θεοῦ
2863 1287 2951 1339 διὰ
3002 1287 3112 1338 τῶν
3152 1284 3408 1338 ἐναντίων
3444 1284 3514 1335 τὰ
3572 1284 3673 1351 τῆς

2073 1380 2333 1450 ἀληθείας
2370 1377 2863 1451 παραδεικνύντος,
2895 1378 3037 1430 ὥστε
3068 1378 3249 1429 πᾶσαν
3284 1378 3395 1437 τοῖς
3435 1376 3672 1428 ἀσεϐέσι

2072 1472 2350 1543 πρόφασιν
2383 1471 2827 1543 περιαιρεθῆναι.

2154 1565 2214 1616 '0
2247 1564 2303 1617 δὲ
2355 1543 2644 1634 βασιλεὺς..
2683 1563 2759 1625 ὡς
2796 1564 2996 1631 ἤκουσε
3046 1562 3255 1623 ταῦτα,
3306 1562 3401 1613 καὶ
3448 1561 3672 1632 βαρέως

2072 1653 2173 1725 τὴν
2203 1655 2465 1721 ἀγγελίαν
2488 1653 2705 1716 ἐδέξατο
2723 1692 2738 1717 ,
2772 1652 2915 1721 λύπη
2938 1652 2994 1704 δὲ
3022 1652 3122 1722 τὴν
3143 1651 3489 1721 εὐφροσύνην
3516 1651 3673 1719 αὖτῷ

404 1748 556 1787 auatn
578 1732 824 1786 maestitia
852 1730 1162 1799 interrumpi
1187 1731 1371 1785 sensit.
1396 1729 1746 1784 Nihilominus
1768 1738 1966 1795 tamen,

2080 1748 2373 1800 διέκοπτεν.
2436 1747 2527 1799 Ἐν
2567 1746 2721 1798 πόλει
2765 1745 2821 1797 δὲ
2860 1746 3009 1815 ὅμως
3061 1744 3342 1815 ίδιαζούσῃ
3396 1743 3673 1797 παλατιον

402 1826 455 1876 in
486 1825 685 1891 privata
713 1822 938 1890 quadarn
969 1820 1207 1886 civitate,
1239 1820 1597 1888 pulcherrimo
1641 1819 1833 1887 palatio
1876 1832 1972 1874 ex-

400 1924 632 1978 structo,
684 1913 1066 1982 splendidaque
1107 1913 1266 1967 domo
1311 1912 1609 1977 elaborata,
1659 1912 1766 1966 illic
1807 1912 1970 1966 tilium

404 2006 709 2071 collocavit,
738 2005 999 2073 jussitque
1028 2013 1083 2058 ut
1107 2005 1306 2060 exactis
1349 2005 1535 2072 primis
1577 2004 1749 2059 aetatis
1794 2004 1968 2071 annis,

404 2095 563 2150 nttllis
604 2094 669 2148 ad
717 2109 838 2149 eum
888 2107 1135 2148 accessus
1180 2103 1399 2161 pateret.
1440 2095 1613 2163 Atque
1659 2094 1972 2164 paedagogos

403 2186 503 2256 ipsi
547 2194 601 2241 et
649 2184 923 2240 ministros
952 2193 1109 2239 aetate
1152 2184 1405 2240 ﬂorentes
1452 2186 1749 2253 eximieque
1801 2185 1970 2240 turma

403 2279 656 2350 praeditos
692 2278 1045 2343 constituens,
1089 2278 1189 2332 hoc
1228 2278 1356 2346 ipsis
1403 2278 1691 2345 mandavit,
1741 2286 1795 2331 ut
1842 2277 1971 2332 nihil

403 2387 589 2426 eorum
619 2386 738 2440 qua:
766 2372 818 2424 in
850 2369 949 2424 hac
977 2370 1085 2423 vita
1116 2370 1334 2423 molesta
1364 2378 1485 2423 sunt
1515 2378 1847 2437 perspectum
1872 2367 1971 2436 ipsi

398 2464 661 2526 facerent,
687 2475 792 2515 non
816 2468 1063 2527 mortem,
1088 2474 1191 2514 non
1206 2469 1555 2528 senectutem,
1578 2476 1681 2514 non
1705 2460 1969 2526 morbum,

406 2568 511 2605 non
562 2559 956 2620 paupertatem,
1008 2566 1114 2606 non
1155 2549 1441 2620 quidquam
1486 2551 1629 2605 aliud
1671 2550 1966 2615 molestia;

406 2641 653 2712 quodque
682 2642 781 2711 ipsi
810 2641 1216 2696 oblectationem
1245 2642 1581 2709 interpellare
1622 2649 1835 2707 posset;
1879 2653 1969 2694 ve-

406 2750 522 2789 rum
552 2734 727 2789 omnia
753 2733 984 2803 jucunda
1013 2743 1069 2789 et
1114 2750 1233 2789 cum
1278 2734 1428 2789 suavi
1472 2737 1644 2789 fructu
1688 2735 1967 2803 conjuncta

407 2838 786 2896 proponerent.
818 2829 952 2883 utin
984 2828 1066 2881 his
1094 2827 1257 2894 ipsius
1297 2830 1507 2883 animus
1542 2843 1659 2882 cum
1703 2827 1972 2896 voluptate

404 2916 697 2972 acdeliciis
725 2932 961 2981 versans,
1006 2919 1137 2973 nihil
1186 2920 1403 2974 omnino
1450 2933 1625 2973 rerum
1672 2917 1967 2972 futurarum

403 3008 724 3076 cogitatione
755 3010 1033 3077 cmnplccti
1082 3021 1279 3079 posset,
1327 3024 1391 3065 ac
1439 3023 1505 3064 ne
1549 3008 1713 3064 verbo
1757 3008 1968 3078 quidem

407 3107 560 3152 tenus
605 3098 670 3152 de
698 3096 897 3153 Christi
926 3100 1181 3167 religione
1223 3101 1497 3165 ipsiusque
1541 3101 1771 3155 decretis
1812 3101 1970 3172 quid-

406 3204 560 3254 quam
591 3189 815 3241 audiret.
848 3189 976 3242 Nam
1009 3190 1107 3244 hoc
1135 3208 1244 3256 pra)
1288 3193 1537 3247 omnibus
1566 3193 1724 3247 rebus
1750 3192 1851 3259 ipsi
1880 3204 1973 3245 oo-

407 3274 605 3328 cultare
630 3278 685 3328 tn
713 3277 888 3329 animo
918 3277 1163 3343 habebat,
1194 3277 1444 3344 astrologi
1493 3276 1736 3329 nimirum
1785 3276 1971 3329 vatici-

409 3365 554 3416 nium
584 3363 800 3417 veritus.
832 3365 980 3431 Quod
1008 3367 1053 3419 si
1099 3368 1455 3421 ministrorum
1488 3366 1713 3435 aliquem
1745 3365 1796 3419 in
1825 3380 1968 3419 mor-

405 3455 529 3509 ltum
576 3454 810 3509 incidere
852 3458 1198 3525 contigisset,
1247 3472 1368 3512 eum
1424 3457 1599 3511 statim
1654 3456 1802 3511 illinc
1852 3456 1969 3525 ejici

403 3544 639 3611 iubebat.
664 3545 995 3615 alterquue
1023 3547 1243 3600 nitidum
1265 3547 1573 3615 optimeque
1588 3546 1846 3603 valentem
1872 3547 1968 3615 ipsi

405 3637 778 3701 substituebat,
808 3646 865 3690 ut
889 3652 954 3692 ne
982 3639 1104 3707 qttid
1134 3639 1348 3693 omnino
1372 3637 1628 3692 salebrosi
1648 3647 1804 3707 atque
1823 3654 1971 3692 acer-

406 3731 453 3779 ltt
482 3727 536 3780 in
569 3727 656 3781 ﬁlii
687 3728 868 3783 oculos
899 3729 1207 3784 incurreret.
1250 3730 1329 3783 Ad
1361 3728 1497 3783 hunc
1525 3730 1740 3784 modum
1788 3745 1847 3785 se
1874 3745 1969 3786 rex

403 3823 636 3887 gerebat,
671 3832 829 3892 atque
858 3823 968 3878 hare
995 3824 1257 3895 cogitabat
1284 3835 1335 3881 et
1366 3825 1571 3895 agebat.
1605 3826 1800 3883 Videas
1828 3827 1969 3883 enim

409 3929 510 3967 non
541 3916 773 3982 videbat,
803 3926 857 3972 et
881 3917 1100 3972 audiens
1127 3933 1230 3974 non
1255 3917 1601 3989 intelligebat.

474 4040 606 4094 Cum
630 4050 803 4095 autem
827 4042 1021 4097 certior
1043 4041 1210 4097 factus
1232 4042 1413 4096 fuisset
1438 4040 1721 4096 monachos
1750 4040 1974 4094 nonnul-

409 4132 487 4184 los
518 4131 763 4201 (quorum
794 4148 861 4188 ne
904 4135 1185 4201 vestigium
1234 4134 1445 4201 quidem
1492 4132 1652 4185 ullum
1707 4132 1966 4199 reliquum

407 4236 526 4275 esse
563 4222 802 4289 putabat)
831 4221 1002 4274 adhuc
1050 4236 1350 4287 superesse,
1386 4222 1653 4275 iracundia
1694 4222 1968 4284 aestuabat,

406 4319 562 4378 atque
589 4309 850 4364 acerrimo
879 4309 1079 4376 impetu
1107 4310 1157 4363 in
1183 4324 1275 4364 eos
1304 4310 1593 4379 ferebatur,
1619 4326 1679 4364 ac
1702 4326 1972 4379 praecones

2070 1839 2400 1910 δειμάμενος
2433 1837 2761 1910 περικαλλὲς
2788 1839 2881 1890 καὶ
2920 1836 3185 1907 λαμπρὰς
3221 1836 3400 1899 οίκίας
3443 1834 3672 1904 φιλοτε-

2071 1933 2275 2002 χνήσας
2300 1972 2314 1995 ,
2355 1933 2469 1984 ἐκεῖ
2517 1931 2608 1983 τὸν
2643 1929 2813 1983 παῖδα
2848 1928 3004 1981 ἔθετο
3036 1927 3333 1990 κατοικεῖν,
3387 1926 3528 1996 μετὰ
3560 1927 3669 1996 τὴν

2075 2024 2468 2096 συμπλήρωσιν
2505 2024 2607 2091 τῆς
2648 2022 2871 2094 πρώτης
2910 2019 3060 2091 αὐτῷ
3107 2019 3361 2088 ἡλικίας,
3399 2018 3674 2088 ἀπρόῖτόν

2071 2136 2131 2171 τε
2186 2113 2326 2171 εἶναι
2377 2116 2857 2188 παρεκελεύσατο,
2925 2112 3311 2182 παιδαγωγοὺς
3362 2111 3511 2181 αὑτῷ
3566 2112 3675 2164 καὶ

2073 2210 2353 2284 ὑπηρέτας
2375 2210 2746 2280 καταστήσας,
2775 2207 2930 2269 νέους
2954 2207 3019 2276 τῇ
3043 2204 3231 2275 ἡλικίᾳ
3252 2202 3348 2256 καὶ
3376 2206 3441 2273 τῇ
3471 2203 3673 2271 όράσει

2074 2304 2476 2374 ὡραιοτάτους,
2509 2298 2824 2371 ἐπισκήψας
2854 2298 3036 2360 αὐτοῖς
3070 2295 3237 2365 μηδὲν
3265 2292 3373 2347 τῶν
3410 2292 3508 2347 τοῦ
3545 2293 3672 2360 βίον

2075 2395 2316 2466 ἀνιαρῶν
2367 2392 2668 2465 κατάδηλον
2725 2391 2877 2462 αύτῷ
2928 2386 3301 2460 ποιήσασθαι,
3362 2385 3440 2457 μὴ
3491 2385 3673 2438 θάναυ

2073 2504 2185 2552 τον,
2220 2487 2296 2555 μὴ
2339 2486 2553 2558 γῆρας,
2590 2484 2668 2556 μὴ
2709 2483 2886 2548 νόσον,
2944 2482 3019 2553 μὴ
3067 2480 3280 2543 πενίαν,
3328 2479 3403 2551 μὴ
3449 2478 3577 2532 ἄλλο
3610 2495 3672 2529 τι

2073 2576 2319 2647 λυπηρὸν
2361 2577 2456 2628 καὶ
2479 2574 2779 2644 δυνάμενον
2817 2573 2915 2644 τὴν
2964 2570 3310 2641 εὐφροσύνην
3347 2567 3497 2638 αὐτῷ
3545 2568 3671 2620 δια-

2075 2665 2320 2729 κόπτειν,
2367 2663 2503 2717 ἀλλά
2557 2664 2736 2717 πάντα
2780 2663 2849 2717 τὰ
2885 2661 3098 2733 τερπνὰ
3144 2662 3241 2714 καὶ
3283 2658 3675 2713 ἀπολαυστικά

2076 2755 2433 2827 προτιθέναι,
2481 2754 2568 2807 ἴνα
2608 2752 2820 2816 τούτοις
2860 2755 2889 2806 ὁ
2940 2751 3068 2815 νοῦς
3108 2748 3277 2804 αὑτοῦ
3322 2749 3671 2821 τερπόμενος

2077 2847 2173 2901 καὶ
2208 2846 2489 2918 ἐντρυφῶν
2521 2845 2685 2917 μηδεν
2718 2842 2855 2906 ὅλως
2887 2841 3015 2913 περὶ
3048 2841 3156 2894 τῶν
3205 2838 3509 2910 μελλὲντων
3540 2838 3670 2891 δια-

2076 2940 2388 3012 λογίζεσθαι
2429 2939 2693 3009 ίσχύσειε,
2747 2938 2882 3008 μήτε
2918 2936 3083 3007 μέχρι
3124 2933 3282 3005 ψιλοῦ
3314 2933 3562 3005 ῥήματος
3597 2930 3673 2984 τὰ

2080 3036 2210 3107 περὶ
2251 3032 2347 3087 τοῦ
2388 3029 2631 3103 Χριστοῦ
2661 3030 2756 3082 καὶ
2797 3028 2909 3083 τῶν
2949 3026 3117 3081 αὐτοῦ
3160 3025 3451 3096 δογμάτων
3497 3023 3673 3077 ἀκού-ι

2081 3142 2244 3178 σειεν.
2273 3123 2446 3177 Τοῦτο
2470 3122 2581 3192 γὰρ
2633 3120 2869 3191 μάλιστα
2898 3118 3118 3172 πάντων
3146 3116 3467 3189 ἀποκρύψαι
3513 3115 3674 3186 αὐτῷ

2078 3218 2353 3277 διενοεῖτο,
2387 3215 2487 3286 τὴν
2517 3213 2611 3266 τοῦ
2651 3212 2981 3283 ἀστρολόγου
3020 3211 3423 3282 προαγόρευσιν
3448 3208 3673 3281 ὑφορῶ-

2082 3325 2262 3378 μενος.
2305 3309 2372 3361 Εί
2406 3324 2530 3359 τινα
2558 3305 2615 3359 δὲ
2654 3304 2764 3357 τῶν
2794 3302 3213 3374 ὑπηρετούντων
3245 3302 3397 3371 αὐτῷ
3437 3301 3671 3371 νοσῆσαι

2079 3399 2311 3468 συνέϐη,
2352 3397 2543 3451 τοῦτον
2585 3397 2683 3467 μὲν
2722 3396 2915 3449 θᾶττον
2966 3394 3219 3448 ἐκϐαλεῖν
3254 3391 3468 3445 ἐκεῖθεν
3522 3409 3672 3459 παρ-

2077 3491 2392 3551 εκελεύετο,
2441 3490 2628 3560 ἕτερον
2690 3487 2747 3541 δὲ
2793 3488 2912 3541 ἀντ’
2980 3486 3147 3540 αὑτοῦ
3199 3484 3517 3555 σφριγῶντα
3571 3485 3673 3535 καὶ⁵

2079 3581 2408 3637 εύεκτοῦντα
2439 3582 2610 3634 ἐδίδου
2631 3623 2645 3647 ,
2682 3582 2769 3635 ἵνα
2804 3580 2970 3651 μηδὲν
3004 3580 3142 3642 ὅλως
3176 3576 3465 3648 ἀνώμαλον
3492 3578 3541 3629 οἱ
3571 3575 3669 3629 τοῦ

2080 3674 2268 3738 παιδὸς
2305 3672 2577 3742 ὀφθαλμοὶ
2629 3672 2936 3726 θεάσαιντο.
3001 3671 3060 3722 '0
3113 3671 3212 3739 μὲν
3255 3664 3352 3721 οὖν
3407 3666 3671 3737 βασιλεὺς

2078 3768 2221 3822 οὕτω
2253 3767 2426 3821 ταῦτα
2447 3766 2703 3820 διενοεῖτό
2727 3782 2783 3818 τε
2813 3765 2906 3817 καὶ
2937 3765 3111 3816 ἐποίει
3137 3780 3149 3797 ο
3181 3762 3396 3832 βλέπων
3428 3762 3539 3831 γὰρ
3567 3761 3670 3830 οὐχ

2079 3861 2246 3934 ἐώρα,
2275 3861 2365 3913 καὶ
2392 3860 2607 3913 ἀκούων
2631 3858 2692 3911 ού
2724 3858 2895 3910 συνίει

2146 4043 2251 4114 21
2295 4040 2499 4095 Μαθὼν
2532 4038 2587 4092 δέ
2616 4057 2767 4103 τινας
2800 4038 2907 4092 τῶν
2940 4039 3280 4108 μοναζόντων
3313 4037 3395 4090 ἔτι
3423 4036 3669 4108 περισὼ·

2080 4134 2289 4199 ζεσθαι,
2324 4126 2400 4186 ὧν
2444 4131 2578 4203 μηδὲ
2628 4129 2770 4201 ἴχνος
2804 4129 3190 4199 ὑπολελεῖφθαι
3231 4129 3409 4182 ἐδόκει
3433 4170 3448 4195 ,
3488 4128 3666 4197 θυμοῦ

2079 4224 2534 4297 ύπερεπίμπλατο
2583 4224 2676 4277 καὶ
2720 4222 2955 4288 ὀξύτατα
3002 4223 3123 4275 κατ’
3173 4220 3352 4275 αὐτῶν
3397 4224 3665 4282 ἐκινεῖτο,

2079 4316 2329 4387 κήρυκάς
2374 4331 2432 4366 τε
2465 4313 2569 4366 ἀνά
2619 4314 2800 4365 πᾶσαν
2843 4313 2943 4381 τὴν
2995 4311 3149 4363 πόλιν
3194 4312 3287 4363 καὶ
3330 4310 3429 4379 τὴν
3479 4310 3669 4381 χώραν

407 4400 604 4464 passim
634 4406 741 4453 tota
770 4399 899 4455 urbe
945 4408 1000 4455 et
1025 4402 1241 4471 regione
1284 4416 1604 4471 procursare
1651 4401 1969 4471 imperabat,

2080 4408 2296 4462 ἐκέλευε
2330 4406 2584 4469 δισθέειν,
2611 4404 2921 4468 ἐκϐοῶντας
2951 4402 3203 4475 μηδαμοῦ
3234 4422 3355 4456 τινα
3387 4403 3448 4456 τὸ
3481 4403 3667 4474 παρά-

407 4489 494 4555 ιμιί
521 4489 791 4545 edicerent
819 4506 884 4546 ne
910 4493 1188 4549 monastici
1218 4494 1418 4550 ordinis
1446 4495 1720 4565 quisquam
1750 4509 1969 4564 usquam

407 4581 626 4636 omnino
659 4592 777 4649 post
806 4584 1033 4639 triduum
1066 4587 1424 4653 inveniretur;
1455 4588 1594 4658 quod
1625 4589 1667 4642 si
1702 4586 1967 4641 invenire-

412 4681 518 4737 tur,
548 4671 775 4728 llammis
803 4675 1150 4731 addiceretur.
1189 4677 1251 4731 lii
1297 4677 1437 4731 enim
1487 4687 1632 4743 sunt,
1681 4679 1969 4747 inquiebat,

409 4779 629 4832 quorum
662 4765 973 4821 auctoritate
1021 4769 1241 4835 pupufus
1286 4768 1564 4822 adducitur
1609 4778 1667 4822 ut
1706 4784 1825 4823 eum
1884 4769 1972 4837 qui

408 4855 554 4911 cruci
584 4854 815 4910 sufﬁxus
858 4867 940 4912 est
969 4871 1064 4925 pro
1097 4858 1205 4912 Deo
1230 4860 1384 4912 colat.
1423 4859 1621 4914 Interea
1652 4869 1825 4915 autem
1878 4860 1974 4911 ltu-

409 4945 638 5015 jusmodi
670 4948 917 5018 quiddam
952 4948 1163 5013 accidit,
1212 4950 1351 5018 quod
1396 4951 1647 5017 majorem
1693 4954 1788 5020 ipsi
1836 4952 1973 5006 indi-

408 5041 712 5105 gnationem
741 5041 1014 5102 excitavit,
1042 5054 1267 5106 eumque
1314 5042 1586 5096 monachis
1632 5042 1972 5098 infcnsiorem

409 5128 651 5186 reddidit.

487 5226 616 5281 CAP.
647 5225 734 5283 IV.
766 5258 831 5268 ——
863 5230 1001 5285 Inter
1031 5233 1269 5287 homines
1297 5235 1548 5303 dignitate
1578 5237 1827 5303 praeditos
1857 5240 1975 5308 qui-

411 5318 529 5369 dam
560 5327 671 5371 erat
699 5320 785 5388 qui
814 5322 1009 5388 primas
1057 5322 1107 5376 in
1153 5325 1269 5377 aula
1309 5326 1611 5393 obtinebat,
1638 5330 1716 5381 vir
1754 5329 1977 5396 eleganti

412 5407 539 5471 vita,
565 5423 625 5463 ac
642 5408 761 5465 ﬁdei
780 5412 993 5483 pietate,
1018 5416 1210 5485 quique
1224 5418 1376 5470 saluti
1395 5433 1501 5471 sum
1529 5434 1740 5487 operam
1770 5437 1978 5477 summo

468 5568 575 5637 (58)
606 5569 764 5627 Num.
802 5589 938 5630 xx".

2078 4516 2186 4552 παν
2218 4498 2358 4569 μετά
2383 4498 2530 4567 τρεῖς
2566 4495 2780 4569 ἡμέρας
2807 4494 2901 4548 τοῦ
2928 4494 3038 4547 τῶν
3072 4492 3420 4565 μοναζόντων
3442 4495 3669 4564 τάγμα-

2078 4608 2168 4654 τος
2198 4588 2511 4661 εύρεθῆναι.
2545 4590 2606 4641 Εί
2632 4588 2688 4641 δέ
2713 4605 2859 4652 τινες
2887 4588 3161 4660 εὑρεθεῖεν
3191 4586 3329 4657 μετά
3351 4588 3452 4650 τὰς
3480 4587 3671 4658 διωρι-

2080 4684 2287 4753 σμένας
2336 4682 2588 4753 ἡμέρας,
2636 4680 2716 4751 τῷ
2748 4680 2836 4734 διὰ
2885 4681 3059 4753 πυρὸς
3106 4684 3201 4735 καὶ
3237 4681 3425 4749 ξίφους
3456 4679 3671 4751 ὀλέθρῳ

2078 4775 2562 4846 παραδοθήτωσανο
2592 4768 2737 4826 οὗτοι
2785 4773 2892 4845 γὰρ
2927 4774 3136 4845 (φησιν)
3188 4774 3546 4827 ἀναπείθουσι
3576 4775 3671 4827 τὸν

2086 4870 2209 4921 λαὸν
2260 4869 2335 4931 ὡς
2377 4867 2495 4937 Θεῷ
2540 4866 2831 4937 προσέχειν
2878 4865 2957 4935 τῷ
3000 4865 3425 4937 ἐσταυρωμένῳ.
3488 4866 3579 4917 Ἐν
3611 4866 3669 4917 δὲ

2084 4963 2160 5033 τῷ
2196 4961 2398 5032 μεταξὺ
2433 4959 2632 5030 συνέϐη
2673 4959 2767 5013 καί
2794 4976 2846 5011 τι
2876 4959 3138 5021 τοιοῦτον,
3179 4959 3264 5019 ἐφ’
3381 4959 3474 5011 ἐπὶ
3506 4959 3569 5011 π)
3585 4959 3671 5010 έρν

2077 5051 2423 5122 χαλεπαίνων
2454 5045 2522 5121 ἦν
2549 5051 2576 5102 ὁ
2605 5048 2861 5118 βασιλεὺς
2897 5050 2991 5103 καὶ
3020 5051 3160 5103 κατὰ
3183 5050 3292 5104 τῶν
3320 5050 3671 5120 μοναζόντων

2076 5145 2453 5216 ὀργιζόμενος.

2147 5238 2303 5292 ΚΕΦ.
2339 5238 2413 5291 Δ’.
2464 5237 2626 5309 Ἀνὴρ
2662 5236 2773 5309 γάρ
2807 5254 2911 5300 τις,
2949 5236 3058 5290 τῶν
3094 5238 3151 5290 ἐν
3183 5237 3329 5291 τέλει
3367 5239 3438 5291 τά
3474 5238 3669 5307 πρῶτα

2074 5330 2281 5401 φέρων,
2333 5331 2391 5383 ἐν
2440 5332 2551 5393 τοῖς
2602 5329 2897 5400 βασιλείοις
2930 5330 3228 5399 ἐτύγχανε,
3270 5330 3362 5382 τὸν
3411 5330 3512 5401 μὲν
3555 5330 3671 5400 βίον

2073 5424 2325 5495 ἐπιεικὴς
2350 5464 2363 5485 ,
2400 5423 2633 5493 εύσεϐὴς
2677 5423 2733 5476 δέ
2773 5424 2871 5493 τὴν
2905 5424 3107 5477 πίστιν·
3150 5425 3245 5476 καὶ
3271 5466 3284 5487 ,
3322 5422 3421 5495 τὴν
3470 5423 3669 5476 ἐαυτοῦ

467 5639 712 5724 (3)9)-lsa.
736 5660 807 5714 vt,
831 5644 864 5699 9
898 5664 911 5701 :
954 5646 1115 5719 Ἀκοῇ
1140 5646 1402 5702 ἀκούσετε
1442 5648 1537 5702 καὶ
1568 5648 1627 5702 οὺ
1669 5649 1743 5722 μὴ
1774 5651 1967 5724 συνῆτε

2080 5651 2114 5706 ι“ι
2144 5651 2434 5722 βλέποντες
2462 5650 2686 5721 βλέψετε
2734 5651 2826 5706 καὶ
2860 5652 2919 5706 ού
2950 5649 3025 5722 μὴ
3057 5650 3227 5722 ἴδητε.
3262 5649 3422 5708 Cotti.
3468 5648 3668 5709 Matth.

393 5723 423 5762 ι
453 5727 513 5775 ιι.
545 5713 631 5769 15.
