3968 6348
314 440 419 503 881

1412 459 1585 519 νιΤΑ
1627 460 1982 519 BARLAAM
2023 462 2115 521 ET
2156 462 2508 525 JOASAPII.

3468 478 3571 539 8.3.).

316 557 618 629 σωτηρίαν.
655 559 731 623 ώς
776 557 889 615 οἷόν
940 581 1035 630 τε,
1084 567 1566 639 ἐμπορευόμενος,
1620 569 1872 625 λανθάνω

2007 569 2185 624 studio
2214 572 2399 628 dabat:
2419 577 2624 632 occulte
2646 590 2844 646 tamen,
2875 584 2941 637 ob
2961 587 3097 655 regis
3118 604 3332 644 meum.
3374 594 3570 660 Quam-

313 644 383 717 ἦν
411 649 500 702 διά
526 650 616 702 τὸν
645 652 808 719 φόϐον
838 653 930 707 τοὺ
962 654 1248 725 βασιλέως.
1291 661 1452 715 Ὀθεν
1479 662 1624 725 τινὲς
1643 702 1657 726 ,
1689 663 1788 731 τῆς
1812 665 1892 726 είς

312 740 405 792 τὸν
435 740 661 809 βασιλέα
693 746 1005 816 παρρησίας
1033 749 1208 820 τούτῳ
1232 751 1629 823 βασκήναντες,
1670 754 1892 807 διαϐάλ-

312 831 426 884 λειν
459 832 624 885 αὑτὸν
671 835 966 904 ἐμελέτων,
1008 840 1102 893 καὶ
1139 840 1298 895 τοῦτο
1343 844 1525 907 αὑτοῖς
1555 843 1644 897 διὰ
1673 846 1892 915 φροντί-

309 923 399 985 δος
420 920 486 993 ἢν
509 923 647 995 (60).
684 929 794 980 Καὶ
831 930 894 1000 δή
934 948 1065 984 ποτε
1106 933 1241 1003 πρὸς
1286 935 1460 1006 Θήραν
1499 936 1769 1003 ἐξελθόντι
1810 936 1889 1006 τῷ

312 1012 525 1081 βασιλεῖ
552 1020 691 1085 μετά
720 1020 822 1089 τῆς
852 1023 1117 1092 συνήθους
1156 1023 1304 1095 αὑτῷ
1331 1026 1682 1098 δορυφορίας.
1711 1020 1791 1088 εἷς
1819 1022 1888 1096 ἦν

308 1104 420 1157 τῶν
453 1107 836 1177 συνθηρευτῶν
868 1114 962 1166 καὶ
995 1115 1022 1166 ὁ
1050 1115 1253 1182 ἀγαθὸς
1284 1118 1492 1181 ἐκεῖνος
1520 1119 1681 1188 ἀνήρ.
1720 1119 1888 1190 Περι-

312 1198 572 1253 πατοῦντι
604 1202 659 1254 δὲ
689 1204 840 1276 αὑτῴ
869 1206 1013 1259 κατὰ
1044 1208 1233 1277 μόνας,
1265 1209 1329 1262 ἐκ
1367 1209 1516 1273 Θείας
1554 1210 1715 1264 τοῦτο
1751 1229 1887 1282 συμο

308 1287 431 1353 ϐὰν,
477 1290 553 1355 ώς
595 1287 789 1363 οἶμαι,
824 1297 1176 1369 οίκονομίας,
1212 1300 1459 1372 εὑρίσκει
1499 1302 1787 1374 ἄνθρωπον
1826 1307 1883 1358 ἐν

307 1382 486 1454 λόχμῃ
518 1387 626 1438 τινὶ
669 1388 812 1442 κατά
856 1390 961 1460 γῆς
1004 1393 1359 1464 ἐρριμμένον,
1411 1395 1504 1448 καὶ
1546 1396 1737 1460 δεινῶς
1789 1399 1881 1450 τὸν

304 1473 443 1527 πόδα
472 1476 577 1529 ὑπὺ
602 1476 793 1548 θηρίου
812 1481 919 1551 22
949 1486 1433 1556 συντετριμμένον,
1459 1486 1541 1552 ὃς,
1569 1488 1694 1541 ἰδὼν
1718 1490 1880 1542 αὑτὸν

303 1565 574 1635 παριόντα
598 1609 613 1633 ,
650 1569 923 1626 ἐδυσώπει
958 1573 1034 1644 μὴ
1082 1575 1484 1646 παραδραμεῖν,
1529 1578 1646 1632 ἀλλ’
1679 1580 1879 1632 οἰκτεῖο

304 1672 397 1723 ραι
429 1657 590 1723 αὑτὸν
611 1659 709 1729 τῆς
733 1664 1042 1734 συμφορᾶς,
1069 1665 1165 1717 καὶ
1191 1667 1271 1729 είς
1293 1666 1384 1720 τὸν
1407 1666 1540 1721 ἴδιον
1566 1668 1879 1737 ἀπαγαγεῖν

298 1744 473 1816 οἷκον,
501 1751 615 1819 ἅμα
649 1752 743 1805 καὶ
774 1753 933 1808 τοῦτο
966 1758 1318 1828 προστιθεὶς,
1356 1759 1433 1822 ὡς
1468 1761 1584 1814 Οὑκ
1617 1762 1878 1831 ἀνόνητός

302 1855 387 1892 σοι
439 1843 535 1895 καὶ
579 1845 860 1909 παντελῶς
907 1848 1308 1920 ἀνενέργητος,
1354 1852 1543 1920 φησὶν,
1594 1853 1877 1924 εὑρεθείην

300 1930 433 1998 ἐγώ.
484 1933 541 1985 '0
572 1935 629 1987 δὲ
653 1935 906 2008 λαμπρὸς
930 1940 1136 2004 ἐκεῖνος
1168 1919 1308 2014 ἀνὴρ
1345 1919 1492 2012 λέγει
1522 1919 1687 2016 αὑτῶ·
1736 1919 1879 2015 Ἐγώ
1910 1919 1952 1973 Β

302 2024 406 2092 μὲν
434 2025 503 2078 δι’
535 2027 698 2080 αὑτοῦ
732 2028 824 2082 τοῦ
869 2031 1041 2085 καλοῦ
1074 2033 1174 2106 τὴν
1205 2034 1369 2103 φύσιν
1404 2037 1790 2107 προσλήψομαί
1818 2057 1877 2091 σε

298 2114 395 2165 καὶ
433 2113 753 2184 θεραπείας,
788 2119 887 2189 ὅση
921 2119 1183 2191 δύναμις,
1236 2121 1488 2188 ἀξιώσω’
1537 2125 1674 2179 ἀλλά
1724 2128 1804 2191 τίς
1843 2130 1875 2199 ἡ

295 2203 528 2272 ὄνησις,
564 2208 628 2277 ἢν
658 2209 806 2279 παρά
852 2210 946 2263 σοῦ
981 2229 1073 2281 μοι
1124 2214 1351 2268 ἔσεσθαι
1400 2215 1647 2289 ἔφησας;
1705 2219 1765 2272 '0
1819 2220 1878 2272 δὲ

296 2301 473 2370 πένης
506 2302 712 2365 ἐκεῖνος
732 2304 824 2355 καὶ
854 2305 1112 2375 ἀσθενὴς,
1162 2307 1337 2376 Ἐγὼ,
1369 2311 1555 2379 φησὶν,
1589 2310 1877 2381 ἄνθρωπός

295 2392 414 2460 εἰμι
447 2392 790 2463 θεραπευτὴς
818 2396 1100 2464 ῥημάτων·
1134 2400 1183 2451 εί
1215 2399 1324 2468 γάρ
1368 2417 1498 2452 ποτε
1542 2402 1601 2454 ἐν
1633 2403 1877 2472 ῥήμασιν

296 2484 328 2551 ἦ
357 2484 594 2552 ὁμιλίαις
624 2486 804 2557 πληγή
835 2505 920 2550 τις
953 2488 985 2557 ἢ
1017 2490 1261 2553 κάκωσις
1292 2490 1564 2563 εὑρεθείη,
1603 2493 1874 2565 καταλλή-

292 2575 409 2638 λοις
450 2578 764 2647 φαρμάκοις
800 2578 975 2634 ταῦτα
1023 2580 1379 2652 θεραπεύσω,
1428 2582 1522 2635 τοῦ
1568 2584 1642 2655 μὴ
1681 2602 1874 2656 περαι-

294 2666 440 2736 τέρω
485 2670 544 2720 τὸ
581 2668 748 2722 κακὸν
793 2671 1061 2741 χωρῆσαι.
1122 2674 1179 2725 Ὀ
1212 2674 1312 2744 μὲν
1337 2670 1431 2727 οὖν
1459 2676 1691 2748 εὐσεϐὴς
1732 2678 1874 2750 ἀνὴρ

292 2760 504 2822 ἐκεῖνος
538 2760 598 2812 τὸ
628 2760 817 2831 λεχθὲν
851 2764 967 2815 ἀντ’
1019 2764 1230 2828 οὐδενὸς
1272 2768 1539 2838 ἡγήσατο,
1578 2770 1786 2822 ἐκεῖνον
1816 2771 1871 2823 δὲ

290 2847 382 2899 διὰ
420 2848 519 2918 τὴν
556 2851 777 2920 ἐντολὴν
810 2853 1123 2921 ἀπαγαγεῖν
1157 2855 1341 2909 οἴκαδε
1387 2858 1868 2929 παρεκελεύσατο,

292 2937 388 2990 καὶ
422 2939 519 3008 τῆς
566 2942 952 3011 προσηκούσης
983 2945 1305 3014 ἐπιμελείας
1343 2949 1441 3002 οὑκ
1470 2950 1866 3021 ἀπεστέρησεν.

291 3030 358 3082 Οί
396 3030 453 3082 δὲ
485 3035 1063 3103 προμνημονευθέντες
1117 3037 1367 3109 φθονεροὶ
1412 3042 1609 3095 ἐκεῖνοι
1637 3042 1731 3095 καὶ
1776 3043 1871 3112 βά-

292 3138 503 3181 σκανοι,
535 3125 600 3193 ἣν
634 3126 800 3178 πάλαι
821 3126 1008 3180 ῶδινον
1034 3129 1232 3183 κακίαν
1254 3132 1335 3193 είς
1365 3130 1479 3198 φῶς
1509 3136 1870 3203 προενεγκόν-

286 3230 382 3277 τες
402 3256 419 3279 ,
452 3215 791 3271 διαϐάλλουσι
818 3219 908 3271 τὸν
931 3220 1100 3292 ἄνδρα
1133 3223 1270 3293 πρὸς
1298 3223 1391 3277 τὸν
1411 3224 1634 3293 βασιλέα
1652 3267 1668 3291 ,
1703 3227 1778 3290 ὡς
1807 3228 1867 3280 οὑ
1897 3261 1940 3319 C

294 3302 477 3370 μόνον,
505 3304 604 3373 τῆς
626 3305 791 3358 αὑτοῦ
826 3307 1007 3376 φιλίας
1046 3310 1468 3381 ἐπιλαθόμενος,
1505 3314 1741 3385 ἠλύγησε
1772 3317 1867 3387 τῆς

293 3394 429 3463 πρὸς
456 3396 583 3460 τοὺς
614 3398 769 3460 θεοὺς
807 3400 1105 3471 θεραπείας
1149 3404 1244 3456 καὶ
1278 3404 1413 3476 πρὸς
1439 3408 1870 3479 Χριστιανισμὺν

287 3486 602 3551 ἀπέκλινεν,
646 3489 782 3543 ἀλλά
828 3493 922 3545 καὶ
954 3492 1102 3548 δεινὰ
1140 3493 1283 3547 κατά
1319 3496 1418 3567 τῆς
1457 3498 1624 3552 αὑτοῦ
1670 3500 1871 3573 μελετᾷ

291 3578 602 3647 βασιλείας,
638 3581 730 3635 τὸν
759 3581 917 3652 ὄχλον
942 3583 1282 3654 διαστρέφων
1318 3589 1413 3641 καὶ
1445 3589 1628 3659 ἑαυτῷ
1656 3592 1864 3655 πάντας

287 3671 685 3742 οἰκειούμενος.
744 3674 906 3740 Ἀλλ’,
941 3677 988 3728 εί
1036 3676 1253 3745 βούλει,
1298 3679 1455 3751 φησὶ,
1499 3679 1868 3751 βεϐαιωθῆναι

292 3763 462 3832 μηδὲν
507 3766 656 3836 ἡμᾶς
703 3768 1087 3838 πεπλασμένον
1147 3770 1349 3838 λέγειν,
1405 3772 1646 3840 καλέσας
1704 3777 1873 3833 αὑτὸν

291 3854 474 3918 ίδίως,
521 3857 642 3909 εἰπὲ
688 3858 965 3928 πειράζων
1014 3860 1305 3930 βούλεσθαί
1339 3880 1400 3916 σε
1427 3904 1442 3929 ,
1498 3868 1869 3923 καταλιπόντα

290 3948 390 4016 τὴν
420 3948 650 4019 πάτριον
673 3949 973 4020 θρησκείαν
1005 3953 1095 4006 καί¹
1120 3954 1220 4023 τὴν
1251 3954 1413 4019 δόξαν
1438 3958 1538 4028 τῆς
1564 3958 1865 4027 βασιλείας,

292 4040 616 4109 Χριπιᾶνὸν
657 4043 941 4111 γενέσθαι,
981 4047 1074 4099 καὶ
1116 4046 1178 4100 τὸ
1220 4049 1517 4118 μοναχικὸν
1571 4050 1866 4120 περιϐαλέ-

289 4131 417 4206 σθαι
450 4132 635 4202 σχῆμα
656 4174 672 4199 ,
718 4134 749 4188 δ
786 4135 952 4188 πάλαι
990 4136 1241 4202 ὲδίωξας,
1276 4137 1353 4200 ὡς
1393 4139 1455 4191 οὑ
1490 4140 1672 4204 καλῶς
1704 4140 1871 4211 δῆθεν

291 4222 482 4276 τούτου
512 4224 618 4294 23
647 4226 1037 4296 γεγενημένου.
1063 4229 1125 4282 Οί
1152 4230 1264 4300 γάρ
1294 4229 1470 4283 ταῦτα
1503 4232 1693 4295 δεινῶς
1726 4236 1869 4287 κατά

286 4316 386 4371 τοῦ
418 4318 612 4388 ἀνδρὸς
642 4321 1014 4390 σκηπτόμενοι
1048 4320 1270 4392 ᾔδεισαν
1310 4323 1410 4393 τῆς
1441 4324 1609 4379 αὑτοῦ
1640 4325 1866 4396 γνώμης

286 4412 391 4483 τὴν
417 4412 825 4466 εὐκατάνυκτον
854 4415 1198 4485 προαίρεσιν,
1228 4416 1305 4479 ώς
1324 4455 1339 4481 ,
1372 4419 1423 4470 εί
1456 4417 1684 4471 τοιαῦτα
1714 4419 1866 4488 παρὰ

286 4504 383 4557 τοῦ
415 4504 675 4573 βασιλέως
716 4504 1025 4568 ἀκούσειεν,
1075 4507 1273 4577 ἐκείνῳ
1315 4509 1414 4578 μὲν
1461 4508 1530 4561 τά
1578 4508 1867 4579 κρείττονα

288 4594 708 4663 βουλευσαμένῳ
736 4593 960 4665 γνώμην
989 4594 1181 4648 δώσειε
1218 4595 1295 4667 μὴ
1329 4595 1694 4652 ἀναϐαλέσθαι
1724 4599 1863 4668 πρὸς
1897 4607 1942 4662 D

286 4687 355 4738 τὰ
400 4687 578 4749 καλῶς
619 4685 1051 4758 βεϐουλευμένα,
1090 4690 1183 4741 καὶ
1218 4689 1281 4741 ἐκ
1312 4687 1504 4741 τούτου
1555 4688 1730 4760 ἀληθῆ
1775 4690 1859 4742 λέ-

288 4794 478 4846 -ιλοντες
514 4780 714 4831 ἐκεῖνοι
743 4779 1034 4847 εὑρεθεῖεν.

370 4982 426 5035 Ὀ
452 4982 510 5034 δὲ
535 4981 810 5051 βασιλεὺς,
833 4982 931 5051 τὴν
956 4981 1051 5034 τοῦ
1076 4982 1268 5053 ἀνδρδς
1298 4983 1435 5053 πρὸς
1462 4982 1625 5034 αὑτὸν
1650 4982 1863 5035 εὔνοιαν

283 5073 462 5142 ὁπόση
494 5074 567 5143 μὴ
598 5073 829 5139 ἀγνοῶν,
876 5071 1117 5126 ἀπίθανά
1157 5090 1216 5125 τε
1237 5073 1432 5139 ’ἡγεῖτο
1464 5072 1557 5124 καὶ
1585 5072 1756 5143 ψευδῆ
1792 5074 1862 5124 τά

284 5170 594 5235 λεγόμενα,
627 5166 721 5218 καὶ
755 5166 836 5218 ὅτι
871 5165 945 5237 μὴ
988 5164 1367 5228 ἀϐασανίστως
1406 5164 1583 5219 ταῦτα
1626 5167 1858 5236 προσδέ-

286 5259 477 5329 χεσθαι
504 5258 606 5324 δεῖ,
653 5259 952 5327 δοκιμάσαι
992 5260 1054 5312 τὸ
1096 5262 1328 5330 πρᾶγμα
1356 5260 1453 5313 καὶ
1484 5258 1581 5329 τὴν
1612 5260 1862 5331 διαϐολὴν

282 5352 633 5421 διεσκέψατο.
656 5353 791 5414 Καὶ,
824 5351 1340 5423 προσκαλεσάμενος
1368 5351 1532 5405 αὑτὸν
1554 5352 1675 5405 κατ’
1707 5352 1863 5415 ἰδίαν,

286 5445 394 5515 ἔφη
424 5444 726 5514 πειράζωνο
757 5440 920 5506 Οἶδας
940 5485 954 5509 ,
986 5438 1031 5498 ὦ
1064 5444 1182 5513 φίλε
1200 5486 1215 5507 ,
1242 5445 1346 5497 ὅσα
1372 5444 1730 5514 ἐνεδειξάμην
1751 5447 1865 5508 τοῖς

286 5555 347 5589 τε
380 5536 696 5607 λεγομένοις
734 5537 1028 5606 μονάξουσι
1062 5540 1153 5591 καὶ
1187 5539 1323 5590 πᾶσι
1352 5540 1464 5600 τοῖς
1492 5539 1861 5607 Χριστιανοῖς.

286 5629 429 5683 Νυνὶ
452 5629 543 5694 δὲ,
584 5629 889 5699 μετάμελος
922 5631 1012 5681 ἐπὶ
1046 5630 1218 5700 τούτῳ
1258 5630 1544 5699 γενόμενος
1575 5630 1668 5681 καὶ
1694 5647 1862 5683 κατα-

2003 662 2182 717 obrem
2200 667 2455 731 nonnulli,
2470 669 2539 722 ob
2554 685 2670 725 earn
2687 688 2787 740 qua
2801 676 2935 743 apud
2950 691 3124 745 regem
3141 682 3564 745 pollebataucto-

2001 751 2207 808 ritatem
2228 755 2326 824 ipsi
2350 758 2793 828 invidentes,eum
2893 767 3173 824 criminari
3266 775 3567 845 studebant,

1999 857 2061 897 ac
2086 859 2424 916 summopere
2449 850 2784 907 laborabant.
2814 856 2879 909 Et
2921 860 3132 926 quidem
3162 877 3282 917 cum
3339 882 3429 920 rex
3473 870 3567 922 ali»

2001 936 2211 1000 quando
2232 939 2517 992 satellitum
2547 958 2704 997 manu
2734 961 2830 1012 pro
2853 960 2951 1000 suo
2975 964 3121 1004 more
3149 962 3351 1020 sepius,
3385 958 3448 1010 ad
3481 976 3566 1014 ve-

2002 1025 2269 1080 nationem
2321 1028 2586 1096 p’rol’cctus
2639 1036 2841 1102 luisset,
2890 1039 2941 1091 in
2994 1052 3297 1097 venatorum
3348 1064 3568 1103 nurnero

1998 1114 2196 1184 probus
2227 1116 2316 1173 ille
2342 1120 2421 1174 vir
2442 1132 2575 1177 erat.
2607 1125 2738 1179 Cum
2767 1141 2942 1183 autern
2973 1129 3083 1198 ipse
3111 1134 3254 1188 solus
3279 1138 3567 1194 ambularet

1997 1206 2223 1275 (divino,
2255 1218 2314 1264 ut
2339 1213 2547 1281 opinor,
2575 1219 2794 1273 consilio
2824 1222 2891 1273 ita
2925 1221 3170 1293 ferente),
3192 1227 3453 1282 hominem
3482 1232 3562 1285 itt-

1998 1307 2076 1353 ter
2101 1298 2295 1356 densas
2319 1303 2537 1359 arbores
2568 1308 2709 1360 humi
2741 1319 3080 1379 prostratum,
3112 1330 3174 1367 ac
3203 1316 3336 1383 pede
3373 1336 3402 1372 a
3446 1320 3558 1374 fera

1998 1389 2223 1454 quadam
2275 1395 2505 1460 graviter
2548 1397 2829 1452 contritum
2857 1441 2871 1465 ,
2916 1400 3153 1456 olleudit.
3202 1406 3299 1472 Qui
3348 1410 3558 1477 quidem

1998 1478 2169 1546 ipsum
2194 1490 2599 1549 praetereuntem
2625 1486 2855 1555 intuens,
2886 1494 3129 1559 precibus
3149 1496 3217 1549 ab
3243 1512 3306 1551 eo
3336 1513 3523 1552 conten
3540 1530 3560 1541 .-

1995 1569 2154 1624 debat
2181 1586 2248 1627 ne
2274 1587 2333 1627 se
2363 1577 2676 1644 praeteriret,
2707 1596 2886 1635 verum
2917 1584 3229 1642 calamitatis
3258 1604 3364 1642 sua:
3397 1594 3558 1645 mise-

1998 1661 2204 1717 ratione
2227 1664 2546 1733 aﬂiceretur,
2576 1677 2732 1738 atque
2762 1671 2814 1724 in
2859 1673 3071 1726 domum
3116 1689 3266 1731 suam
3293 1678 3558 1733 abducen—

1994 1752 2120 1806 dum
2173 1764 2404 1812 curaret.
2461 1758 2629 1814 Simul
2680 1761 2839 1814 etiam
2892 1763 3017 1817 illud
3080 1766 3358 1832 adjumit,
3408 1784 3555 1823 suam

1991 1858 2207 1912 operam
2239 1846 2337 1915 ipsi
2370 1862 2473 1902 non
2503 1864 2721 1918 prorsus
2743 1852 2979 1907 inutilem
3007 1864 3165 1922 atque
3193 1856 3400 1911 inanem
3424 1860 3552 1913 fore.

1994 1932 2285 1990 Praeclarus
2312 1945 2485 1992 autem
2515 1939 2605 1995 ille
2634 1941 2714 1994 vir
2740 1943 2787 1996 ei
2817 1941 2948 1996 dixit
2982 1961 2994 1994 :
3028 1944 3281 2013 Equidem
3313 1949 3425 2015 ipse
3454 1950 3557 2001 vir-

1995 2026 2121 2082 tutis
2146 2028 2321 2082 studio
2349 2039 2505 2097 atque
2531 2045 2713 2086 amore
2744 2043 2793 2087 te
2839 2047 3125 2100 assumam,
3174 2037 3353 2106 tuique
3399 2053 3555 2106 quam

1993 2120 2276 2174 maximam
2305 2130 2487 2188 potero
2519 2135 2698 2175 curam
2726 2137 2926 2191 geram.
2962 2123 3151 2177 Verum
3181 2140 3298 2192 qua:
3342 2129 3552 2182 tandem

1991 2219 2072 2264 est
2099 2209 2212 2265 haec
2240 2211 2432 2266 utilitas
2455 2226 2611 2281 quam
2638 2212 2731 2268 abs
2777 2223 2828 2267 te
2856 2213 2920 2266 ad
2967 2229 3052 2268 me
3103 2215 3389 2270 redituram
3437 2235 3556 2274 esse

1992 2301 2103 2354 ais?
2142 2301 2347 2371 Pauper
2391 2313 2564 2358 autem
2602 2304 2692 2358 ille
2735 2314 2790 2358 et
2832 2304 3153 2359 imbecillis:
3183 2306 3312 2375 Ego,
3362 2309 3550 2376 inquit,

1991 2394 2324 2448 sermonibus
2354 2394 2495 2448 laesis
2521 2395 2759 2449 medeor.
2787 2395 2917 2448 Nam
2946 2397 2990 2449 si
3037 2397 3245 2464 quando
3290 2397 3341 2451 in
3375 2400 3551 2453 verbis

1992 2492 2083 2536 aut
2111 2485 2388 2554 colloquiis
2417 2486 2606 2540 vulnus
2632 2487 2840 2556 aliquod
2867 2496 2957 2542 aut
2982 2488 3203 2544 afﬂictio
3224 2490 3549 2557 inveniatur,

1944 2616 1953 2624 .
1990 2575 2362 2631 consentaneis
2385 2576 2778 2632 medicamentis
2800 2593 2862 2633 ea
2884 2593 3035 2645 curo,
3063 2593 3127 2633 ac
3153 2595 3219 2634 ne
3248 2582 3442 2635 malum
3474 2585 3551 2635 ul-

1991 2666 2157 2722 terius
2176 2676 2358 2735 serpat
2376 2666 2649 2736 prohibeo.
2677 2668 2801 2723 Pius
2826 2668 3004 2739 itaque
3022 2670 3113 2725 ille
3134 2672 3231 2735 vir,
3254 2687 3550 2740 quanquam

1990 2755 2041 2809 id
2068 2761 2209 2826 quod
2237 2757 2444 2814 dixerat
2473 2758 2663 2813 nullius
2703 2761 2953 2814 momenti
2989 2761 3225 2825 duceret,
3273 2772 3445 2816 tamen
3472 2763 3553 2816 di-

1990 2848 2094 2901 vini
2134 2848 2366 2902 mandati
2411 2863 2570 2903 causa
2609 2864 2728 2904 eum
2773 2851 2828 2903 in
2873 2849 3087 2904 domum
3131 2866 3278 2904 suam
3332 2849 3547 2911 deferri,

1989 2941 2142 3006 eique
2168 2954 2322 3008 quam
2347 2956 2443 3011 par
2469 2949 2585 2997 erat
2610 2956 2790 2997 curam
2819 2942 3059 2997 adhiberi
3087 2942 3259 3010 jussit.
3291 2944 3359 2995 At
3386 2942 3544 2996 invidi

1988 3029 2062 3083 illi
2087 3036 2141 3083 et
2166 3028 2330 3085 livore
2357 3030 2543 3096 perciti
2588 3032 2849 3097 homines,
2880 3031 2945 3088 de
2982 3033 3175 3102 quibus
3216 3042 3339 3086 ante
3384 3032 3544 3087 locuti

1986 3133 2191 3182 sumus,
2221 3119 2611 3186 improbitatem
2637 3137 2791 3190 quant
2811 3121 2921 3191 jam
2954 3122 3155 3190 pridem
3184 3121 3547 3190 parturiebant

1988 3210 2038 3262 in
2066 3211 2232 3263 lucem
2258 3211 2605 3278 proferentes,
2630 3211 2800 3281 ipsum
2828 3213 2967 3281 apud
2994 3228 3171 3282 regem
3205 3213 3305 3267 hoc
3328 3212 3543 3267 nomine

1985 3310 2257 3366 accusant,
2286 3301 2427 3371 quod
2455 3316 2563 3358 ncn
2607 3303 2777 3358 solum
2824 3304 3069 3358 amicitiae
3117 3305 3283 3372 ipsius
3324 3296 3539 3366 oblitus,

1986 3394 2203 3447 deorum
2233 3395 2433 3450 cultum
2478 3395 2816 3464 neglexisset,
2865 3405 3023 3465 atque
3068 3396 3139 3451 ad
3185 3395 3540 3451 Christianam

1987 3482 2293 3554 religionem
2318 3485 2549 3540 animum
2580 3486 2891 3552 inﬂexisset,
2919 3504 3101 3542 verum
3140 3488 3297 3540 etiam
3346 3488 3539 3540 adver-

1984 3591 2075 3630 sus
2105 3576 2272 3645 ipsius
2298 3576 2624 3646 majestatem
2672 3579 2851 3647 gravia
2891 3577 3198 3641 moliretur,
3232 3577 3540 3645 popularem

1980 3667 2184 3722 scilicet
2214 3662 2420 3723 turbam
2469 3679 2792 3736 pervertens,
2838 3670 3178 3736 omniumque
3216 3668 3537 3722 benevolen-

1981 3745 2106 3795 tiam
2133 3745 2229 3797 sibi
2275 3746 2581 3802 concilians.
2609 3748 2764 3814 Quod
2798 3749 2842 3800 si
2875 3765 2969 3814 pro
2998 3762 3145 3801 certo
3190 3752 3329 3802 scire
3369 3763 3544 3816 cupis,

1982 3834 2244 3904 inquiunt,
2273 3838 2404 3890 nihil
2434 3852 2531 3891 nos
2577 3839 2777 3906 ﬁngere
2805 3850 2963 3907 atque
2991 3840 3343 3906 comminisci,
3375 3838 3547 3905 priva-

1980 3925 2070 3977 tim
2116 3926 2189 3989 ei,
2221 3927 2463 3981 tentandi
2494 3927 2659 3994 ipsius
2710 3941 2892 3992 causa,
2935 3928 3019 3982 dic
3064 3938 3112 3981 te
3156 3925 3337 3981 relicta
3384 3927 3548 3996 patria

1979 4016 2231 4083 religione
2254 4030 2313 4069 ac
2335 4018 2479 4085 regni
2504 4017 2695 4085 gloria,
2722 4016 3073 4070 Christianam
3099 4016 3252 4070 ﬁdem
3276 4017 3543 4083 amplecti,

1979 4104 2322 4173 habitumque
2348 4113 2723 4172 monasttcum,
2749 4121 2905 4173 quem
2935 4107 3060 4161 olim
3088 4113 3332 4176 tanquam
3362 4123 3544 4175 parum

1979 4194 2255 4249 honestum
2284 4206 2590 4263 persecutus
2612 4212 2694 4266 es,
2722 4196 2941 4253 induere
2967 4196 3121 4251 velle.
3154 4196 3284 4252 Nam
3319 4199 3406 4267 qui
3431 4198 3545 4251 lucc

1976 4285 2233 4341 adversus
2265 4288 2435 4341 virum
2460 4286 2609 4342 illum
2635 4288 2893 4345 scelerate
2929 4287 3328 4358 contingebant,
3378 4289 3546 4357 ipsiu.
3591 4311 3605 4336 ι

1977 4374 2138 4429 animi
2166 4375 2460 4431 institutum
2490 4376 2554 4431 ad
2576 4378 3037 4447 compunctionem
3069 4380 3543 4449 propensissimum

1976 4464 2305 4532 exploratum
2338 4466 2634 4532 habebant;
2669 4483 2767 4522 nec
2814 4468 3123 4523 dubitabant
3169 4469 3294 4539 quin
3342 4469 3387 4523 si
3434 4469 3547 4522 Ιιίιιο

1982 4556 2141 4610 verba
2169 4571 2197 4609 a
2230 4571 2355 4627 rege
2380 4558 2607 4622 audiret,
2639 4560 2815 4613 statim
2867 4559 2965 4630 ipsi
3016 4563 3155 4629 quod
3206 4564 3546 4630 prastantius

1978 4656 2120 4700 esset
2146 4647 2399 4709 suadens.
2429 4658 2615 4703 auctor
2640 4648 2845 4702 futurus
2884 4659 3029 4703 esset
3055 4660 3110 4703 ut
3150 4651 3215 4703 iis
3243 4667 3359 4720 quae
3406 4663 3553 4707 recte

1979 4739 2219 4791 consulta
2250 4750 2445 4801 essent,
2482 4740 2679 4793 nullam
2711 4754 2911 4795 moram
2941 4740 3181 4801 afferret,
3232 4751 3387 4810 atque
3427 4743 3546 4798 hinc

1982 4841 2104 4881 vera
2133 4842 2252 4882 esse
2280 4844 2396 4897 quae
2424 4830 2667 4884 dicebant
2695 4831 3071 4885 invenirentur.

2044 4983 2152 5035 Iicx
2183 4996 2380 5047 autem,
2413 4995 2511 5048 qua
2543 4984 2620 5034 vir
2651 4982 2737 5034 ille
2758 4996 2881 5049 erga
2906 4995 2964 5035 se
2992 4978 3357 5036 benevolentia
3390 4988 3533 5034 esset.

1969 5071 2189 5123 minime
2235 5071 2505 5139 ignorans,
2536 5072 2600 5123 ea
2645 5085 2762 5138 qua:
2809 5070 3121 5124 dicebantur
3167 5067 3539 5133 probabilitate

1970 5161 2113 5213 omni
2144 5176 2327 5214 carere
2353 5175 2415 5213 ac
2445 5159 2573 5212 falsa
2612 5174 2731 5214 esse
2767 5159 3038 5212 censebat.
3088 5156 3267 5224 Neque
3307 5156 3408 5207 sibi
3452 5154 3531 5207 l'a-

1974 5250 2217 5305 ciendum
2249 5265 2368 5305 esse
2395 5249 2653 5313 ducebat,
2679 5260 2732 5301 ut
2759 5261 2819 5301 ea
2853 5256 3052 5300 temere
3097 5247 3410 5314 susciperet,
3440 5260 3540 5299 vc-

1974 5356 2090 5393 rum
2124 5354 2233 5394 rem
2263 5340 2429 5407 ipsam
2458 5346 2614 5404 atque
2656 5334 2924 5403 obiectum
2970 5332 3172 5387 crimen
3216 5334 3534 5401 exploraret.

1974 5434 2307 5500 Quapmpter
2352 5445 2475 5485 cum
2521 5442 2641 5483 eum
2686 5427 2903 5481 remotis
2949 5424 3165 5479 arbitris
3220 5424 3494 5478 accivisset
3521 5466 3536 5487 ,

1977 5526 2205 5578 tentandi
2239 5523 2404 5592 ipsius
2430 5534 2586 5575 causa
2616 5520 2685 5574 ita
2715 5533 2832 5572 eum
2862 5526 2943 5573 est
2972 5517 3230 5571 allocutus
3264 5534 3275 5568 :
3310 5516 3477 5582 Nosti,
3504 5533 3539 5567 ο

1974 5620 2162 5683 amice,
2197 5618 2443 5685 quoniam
2475 5615 2630 5670 modo
2651 5614 2931 5667 adversum
2961 5626 3054 5666 eos
3080 5613 3167 5680 qui
3194 5611 3434 5665 monachi
3460 5608 3540 5664 di«

369 5764 478 5831 (60)
510 5764 725 5817 Lemma
758 5765 1035 5839 metricum
1072 5764 1337 5839 itteodiec
1481 5763 1872 5839 ’1’ὴν,βασκανί;

1990 5764 2157 5814 τείὶὠν
2199 5762 2409 5831 ἀνδρῶν
2435 5762 2554 5839 δίης
2664 5829 2685 5839 ..
2947 5828 2999 5839 ι·-
3110 5828 3120 5839 ⁸

374 5820 484 5899 ibi)
524 5836 702 5889 Codex
731 5837 794 5900 (Σ,
826 5838 887 5887 ἐκ
922 5836 1067 5898 θείας
1096 5833 1247 5901 οἶμαι
1281 5834 1491 5901 συμϐάν
1524 5820 1679 5885 τοῦτο
1722 5838 1865 5885 οἰκον

1987 5852 2054 5887 ις.
2095 5833 2164 5885 De
2207 5820 2319 5901 pati
2364 5820 2585 5883 formula
2632 5829 2774 5902 οὕτω
2829 5828 3042 5902 συμϐἇιν
3074 5828 3191 5902 vilic
3234 5840 3391 5893 supra
3422 5820 3538 5902 t..l,

300 5921 425 5976 pag.
458 5907 577 5975 l68,
618 5906 674 5961 ll
704 5922 719 5974 ;
750 5916 786 5960 ι.
819 5906 878 5972 ll,
906 5921 1024 5976 pag.
1063 5906 1139 5973 i7,
1169 5922 1219 5961 ιι.
1264 5904 1593 5974 Νιιυρίιοιίιε
1626 5904 1910 5974 Grt‘got'as,
1961 5904 2166 5956 "lJut'.
2205 5919 2276 5967 tv,
2305 5902 2356 5968 G,
2390 5904 2422 5954 :3
2458 5919 2467 5954 :

2518 5897 2727 5972 συμϐὰν
2758 5893 2957 5954 οὑτωσὶ
2993 5899 3237 5967 θειοτέρα
3290 5893 3536 5965 προνοίᾳ.
