3994 6350
73 0 1736 27 ᾟ---
1379 17 1440 24 -..-ι-
1579 15 1590 18 -
1639 15 1656 20 ι-
1699 15 1724 20 -.
1751 5 1784 18 -.

291 420 400 482 885

292 523 598 594 τριμμένος
618 565 632 588 ,
685 523 778 577 καὶ
799 563 813 588 ,
847 523 1040 579 τοῦτον
1069 526 1204 597 πρὸς
1241 527 1433 582 ἑαυτὸν
1466 527 1711 598 ἀγαγὼν,
1742 527 1859 598 ἔφη

1979 537 2253 608 eﬂugeret.
2285 537 2426 591 Cum
2445 544 2621 591 autem
2649 533 2909 590 insomnis
2936 543 3140 588 noctem
3174 542 3336 588 totam
3365 539 3545 603 exige-

293 615 597 688 Μέμνημαῐ
639 633 736 670 σου
765 617 1048 688 εἰρηκότος
1079 619 1188 689 (66)
1226 621 1569 693 θεραπευτὴν
1605 623 1885 693 ῥημάτων

292 709 698 779 κεκακωμένων
727 709 998 782 ὑπάρχειν
1036 727 1118 766 σε.
1148 711 1205 765 '0
1233 711 1311 776 δὲ,
1342 733 1360 766 ι
1388 713 1520 776 Ναὶ,
1561 715 1716 786 φησι·
1749 715 1872 779 καὶ,

292 801 340 851 εἰ
370 798 612 871 χρῄζεις,
635 800 977 874 ἐπιδείξομαι
997 803 1068 857 τὰ
1082 803 1184 874 τῆς
1218 805 1555 878 ἐπιστήμης.
1586 824 1605 858 ι
1639 806 1872 862 Ὑπολα-

289 890 488 949 6ὼν.δὲ
527 892 557 944 ὁ
601 893 968 964 συγκλητικὸς
1008 899 1336 970 ἀφηγήσατο
1364 899 1517 969 αὐτῷ
1561 901 1661 969 τήν
1706 918 1764 954 τε
1815 901 1873 967 ἐξ

291 983 466 1054 ἀρχῆς
496 983 630 1056 πρὸς
659 983 756 1038 τὸν
786 984 1013 1055 βασιλέα
1041 987 1257 1042 εὖνοιαν
1291 989 1454 1043 αὐτοῦ
1473 1030 1486 1055 ,
1515 991 1610 1045 καὶ
1641 992 1707 1062 ἢν
1747 993 1872 1045 ἐκέ-

294 1091 460 1145 κτητο
489 1077 826 1148 παρρησίαν,
850 1078 946 1131 καὶ
967 1078 1066 1148 τὴν
1092 1080 1320 1151 ἔναγχος
1349 1080 1705 1153 προτεθεῖσαν
1725 1083 1873 1154 αὐτῷ

291 1163 516 1235 δολερὰν
537 1165 778 1236 ὁμιλίαν,
803 1167 902 1222 καὶ
929 1169 1079 1234 ὅπως
1106 1171 1269 1238 αὐτὸς
1303 1173 1402 1244 μὲν
1430 1173 1612 1242 ἁγαθά
1633 1174 1870 1246 ἀπεκρί-

291 1275 421 1311 νατο
439 1298 454 1324 ,
483 1259 694 1324 ἐκεῖνος
725 1259 783 1313 δὲ
811 1260 1094 1332 δυσχερῶς
1132 1265 1427 1336 δεξάμενος
1456 1268 1548 1321 τὸν
1581 1267 1762 1337 λόγον,
1801 1273 1868 1340 τῇ

287 1345 386 1400 τοῦ
438 1349 738 1419 προσώπου
788 1351 1072 1408 ἀλλοιώσει
1113 1356 1214 1426 τὴν
1266 1357 1668 1430 ἐνδομυχοῦσαν
1721 1360 1871 1431 αὐτῷ

286 1439 458 1511 ὀργὴν
485 1441 810 1507 ἐνεδείξατο.

368 1711 428 1764 Ὀ
461 1711 518 1765 δὲ
555 1712 726 1784 πένης
762 1715 975 1781 ἐκεῖνος
1022 1719 1116 1771 καὶ
1155 1720 1388 1792 ἀσθενὴς
1431 1722 1866 1794 διασκεψάμενος

1388 418 1558 478 VITA
1600 417 1956 478 BARLAAM
1995 419 2089 478 ET
2125 418 2478 479 JOASAPII.

3447 417 3550 474 ςςιῖ

1978 635 2079 693 ret,
2102 627 2218 697 ejus
2243 627 2334 698 qui
2363 625 2510 696 pedis
2557 625 2886 680 inlractione
2919 624 3200 684 laborabat-
3219 626 3285 677 in
3305 634 3534 680 mentem

1981 719 2080 786 ipi
2124 719 2307 784 venit,
2339 731 2567 786 eumque
2592 716 2657 770 ad
2685 731 2746 771 se
2774 717 2999 770 accitum
3031 716 3100 769 ita
3130 725 3211 770 est
3239 715 3498 770 allocutus
3523 733 3536 768 :

1980 809 2232 865 Memoria
2280 815 2460 877 teneo,
2493 818 2544 863 te
2593 809 2724 862 mihi
2775 808 2876 862 hoc
2917 807 3157 873 dixisse,
3186 806 3327 875 quod
3369 807 3546 861 noxiis

1978 899 2154 955 verbis
2198 899 2482 955 medearis.
2531 898 2622 952 ille
2665 907 2844 952 autem
2873 914 2885 950 :
2913 899 3005 952 Est
3054 899 3156 961 ita,
3191 897 3378 961 inquit,
3409 905 3464 950 et
3493 899 3541 951 si

1978 1003 2112 1058 opus
2140 998 2242 1053 est,
2273 989 2509 1043 scientiae
2541 1005 2671 1042 mea:
2695 989 2962 1057 specimen
2994 987 3166 1042 edam.
3202 988 3427 1042 Senator
3447 1002 3544 1042 au—

1977 1087 2084 1134 tem
2129 1095 2433 1135 sermonem
2480 1081 2749 1149 excipiens
2771 1123 2787 1147 ,
2819 1082 2919 1150 ipsi
2949 1092 3183 1136 veterem
3215 1097 3365 1135 suam
3415 1097 3540 1152 erga

1975 1183 2152 1237 regem
2175 1171 2596 1227 benevolentiam
2617 1180 2670 1226 et
2689 1171 3055 1227 auctoritatem
3079 1188 3236 1240 quam
3259 1173 3394 1238 apud
3419 1188 3540 1228 eum

1974 1261 2241 1316 obtineret
2285 1260 2552 1329 exposuit,
2582 1271 2956 1329 recentemque
3005 1261 3130 1315 item
3177 1263 3278 1316 sibi
3325 1271 3541 1316 versuto

1975 1349 2150 1405 animo
2175 1350 2470 1406 adhibitum
2500 1365 2824 1417 sermonem,
2856 1361 2910 1408 et
2937 1353 3386 1422 quemadmodum
3423 1350 3544 1423 ipse

1975 1442 2184 1511 quidem
2217 1443 2380 1510 probe
2405 1436 2784 1511 respondisset,
2818 1443 2908 1498 ille
2937 1454 3114 1498 autem
3143 1445 3308 1512 ipsius
3338 1460 3542 1500 sermo-

1975 1543 2094 1586 nem
2137 1531 2364 1586 molesto
2410 1533 2591 1586 animo
2634 1532 2920 1599 accipiens,
2953 1549 3046 1602 per
3086 1535 3262 1590 vultus
3297 1533 3544 1590 mutatio-

1977 1635 2123 1688 nem,
2155 1622 2286 1676 iram
2317 1623 2370 1675 in
2397 1622 2583 1676 intimo
2613 1633 2826 1692 pectore
2853 1625 3150 1680 latitantem
3196 1627 3538 1682 ostendisset.

2035 1730 2242 1799 Pauper
2265 1739 2439 1784 autem
2469 1729 2556 1784 ille
2584 1739 2638 1785 et
2677 1730 2939 1796 inﬁrmus,
2971 1750 3028 1788 re
3055 1748 3175 1788 cum
3216 1735 3402 1788 animo
3427 1749 3528 1789 suo

285 1800 664 1872 εφηαΓνωστὸν
685 1803 826 1859 ἔστω
847 1823 928 1860 σοι
949 1807 1080 1878 (67),
1103 1810 1435 1879 ὲνδοξότατε,
1459 1814 1704 1885 πονηρὰν
1720 1815 1859 1886 ἔχειν

1965 1820 2319 1886 considerata,
2349 1819 2520 1874 dixit:
2547 1817 2744 1874 Noscas
2771 1830 3009 1889 Oportet,
3041 1822 3122 1875 vir
3145 1822 3530 1888 illustrissime,

282 1895 420 1967 πρὸς
440 1895 498 1948 σὲ
521 1897 791 1968 ὑπόληψιν
810 1899 902 1954 τὸν
927 1900 1174 1971 βασιλέα,
1191 1902 1264 1967 ὡς
1281 1904 1363 1957 ὅτι
1385 1909 1679 1977 κατασχεῖν
1696 1907 1859 1961 αὐτοῦ

1967 1922 2145 1980 regem
2173 1912 2362 1964 malam
2407 1925 2471 1965 ac
2512 1911 2780 1965 sinistram
2821 1913 3106 1967 adversum
3139 1922 3192 1968 te
3219 1914 3528 1984 opinionem
3563 1943 3566 1946 -

280 1990 380 2057 τὴν
415 1987 696 2059 βασιλείαν
723 1992 942 2062 ζητεῖς,
979 1996 1074 2048 καὶ
1104 1998 1384 2070 πειράζων
1419 2016 1478 2052 σε
1521 1995 1677 2054 εἶπεν
1719 2002 1866 2074 άπερ

280 2075 458 2134 εἶπεν.
499 2081 769 2147 Ἀναστάς
796 2080 911 2149 οὖν,
947 2086 1042 2139 καὶ
1068 2087 1258 2159 κείρας
1283 2107 1378 2143 σου
1416 2089 1517 2162 τὴν
1542 2091 1741 2162 κόμην,
1769 2097 1864 2147 καὶ

283 2171 532 2226 ἐκϐαλὼν
565 2173 635 2227 τὰ
678 2174 910 2247 λαμπρὰ
944 2178 1138 2248 ἱμάτια
1164 2179 1362 2246 ταῦτα,
1412 2183 1522 2254 26
1559 2185 1779 2256 τρίχινα
1805 2185 1862 2238 δὲ

279 2265 702 2336 ἀμφιασάμενος
722 2305 738 2332 ,
770 2268 888 2339 ἅμα
919 2269 1066 2341 πρωῒ
1094 2273 1358 2343 πρόσελθε
1387 2274 1467 2346 τῷ
1495 2275 1721 2346 βασιλεῖ.
1755 2279 1859 2334 Τοῦ

279 2355 335 2407 δὲ
367 2355 800 2428 πυνθανομένου,
836 2360 902 2412 Τί
934 2377 1018 2414 σοι
1048 2362 1109 2415 τὸ
1144 2365 1333 2435 σχῆμα
1366 2365 1527 2420 τοῦτο
1571 2367 1856 2438 βούλεται;

278 2450 635 2524 ἀποκρίθητι·
663 2454 802 2526 Περὶ
827 2447 902 2508 ὧν
926 2473 1018 2527 μοι
1049 2456 1175 2528 χθὲς
1204 2458 1513 2530 ὡμιλησας,
1541 2454 1586 2514 ὦ
1611 2460 1855 2532 βασιλεῦ,

279 2543 390 2595 ἰδοὺ
423 2542 655 2614 πάρειμι
677 2546 735 2597 ὲν
758 2547 962 2618 ἑτοίμῳ
995 2548 1106 2619 (68)
1134 2549 1229 2604 τοῦ
1253 2551 1622 2623 ἀκολουθῆσαί
1649 2572 1730 2608 σοι
1760 2554 1858 2626 τὴν

276 2635 395 2687 ὁδὸν
423 2637 490 2706 ἦν
523 2637 920 2712 προεθυμήθης
964 2640 1211 2696 ὁδεῦσαι·
1261 2646 1309 2697 εἱ
1343 2645 1452 2717 γὰρ
1494 2647 1588 2700 καὶ
1631 2647 1855 2719 ποθεινὴ

274 2733 425 2784 ἐστιν
471 2733 504 2802 ή
559 2733 744 2804 τρυφὴ
780 2734 873 2787 καὶ
916 2735 1141 2808 ἡδίστη,
1198 2738 1335 2792 ἀλλά
1384 2741 1457 2812 μή
1508 2758 1598 2811 μοι
1648 2741 1858 2810 γένοιτο

274 2823 418 2893 μετὰ
449 2825 509 2878 σὲ
538 2824 746 2897 ταύτην
767 2827 1152 2895 ἀναδέξασθαι·
1180 2832 1213 2901 ή
1242 2831 1297 2884 δὲ
1328 2832 1428 2902 τῆς
1468 2833 1672 2906 ἀρετῆς
1701 2837 1819 2901 ὁδὸς
1839 2878 1852 2903 ,

273 2917 338 2985 ῆν
364 2915 583 2987 μέλλεις
619 2916 884 2988 βαδίζειν,
914 2919 1018 2974 κᾶν
1049 2919 1309 2986 δύσκολός
1337 2923 1454 2976 ἐστι
1485 2925 1580 2978 καὶ
1603 2929 1852 2999 τραχεῖα,

273 3009 410 3062 ἀλλά
440 3010 581 3078 μετά
613 3011 709 3064 σοῦ
744 3011 858 3066 ὄντι
887 3013 1046 3084 ῥᾳδία
1088 3032 1177 3085 μοι
1207 3015 1349 3087 αῦτη
1385 3019 1480 3072 καὶ
1506 3017 1733 3084 εὔκολος
1760 3023 1854 3076 καὶ

273 3101 522 3174 ποθεινή·
572 3101 649 3164 ὡς
695 3103 804 3173 γάρ
853 3106 1112 3160 κοινωνόν
1156 3124 1224 3174 με
1267 3107 1428 3178 ἔσχες
1475 3109 1584 3164 τῶν
1619 3113 1853 3167 ἐνταῦθα

1964 2001 2312 2070 concepisse,
2361 2014 2552 2069 nempe
2602 2001 2740 2070 quod
2795 2003 2960 2070 ipsius
3005 2018 3226 2073 regnum
3268 2017 3532 2075 occupare

1969 2089 2205 2158 studeas,
2229 2098 2390 2159 atque
2430 2090 2666 2144 tentandi
2714 2091 2788 2144 tui
2835 2092 3011 2146 studio
3058 2107 3123 2148 ea
3165 2093 3365 2148 dixisse
3411 2108 3531 2162 qua:

1967 2182 2133 2249 dixit;
2174 2181 2524 2251 quamobrem
2569 2180 2653 2236 fac
2701 2197 2974 2253 exsurgas,
3021 2198 3083 2238 ac
3124 2194 3277 2240 tonso
3319 2187 3528 2256 capite,

1967 2273 2365 2344 splendidisque
2393 2274 2478 2328 his
2505 2273 2740 2330 vestibus
2768 2274 3006 2344 abjectis,
3031 2285 3188 2344 atque
3209 2275 3393 2330 induto
3412 2278 3538 2330 ciliq

1967 2365 2070 2430 cio,
2094 2379 2212 2419 cum
2241 2363 2468 2433 primum
2493 2364 2704 2430 luxerit,
2719 2364 2784 2417 ad
2806 2377 2982 2432 regem
3009 2362 3188 2418 adeas.
3213 2363 3322 2418 Hoc
3346 2374 3547 2420 autem-

1972 2455 2274 2511 sciscitante
2302 2453 2553 2526 quidnam
2582 2454 2681 2510 sibi
2710 2455 2789 2510 sic
2818 2453 3028 2509 habitus
3055 2453 3201 2521 velit,
3228 2456 3525 2525 responde:

1970 2548 2052 2608 De
2076 2551 2143 2606 iis
2169 2551 2327 2606 rebus
2354 2550 2424 2606 de
2451 2549 2642 2621 quibus
2670 2561 2878 2604 mecum
2904 2547 3152 2604 hesterno
3178 2548 3268 2604 die
3291 2549 3527 2604 collocu-

1965 2652 2055 2700 tus
2097 2659 2194 2709 es,
2224 2659 2258 2698 ο
2306 2658 2432 2710 rex,
2481 2657 2547 2698 en
2589 2642 2799 2708 adsum,
2831 2651 3044 2711 paratus
3091 2649 3144 2696 te
3197 2641 3250 2694 in
3295 2640 3394 2695 hac
3440 2644 3528 2696 via

1967 2748 2123 2803 quam
2155 2733 2360 2804 ingredi
2387 2733 2706 2788 constituisti
2732 2731 2881 2802 sequi
2907 2747 2924 2788 :
2954 2731 3084 2786 Nam
3111 2733 3211 2788 etsi
3242 2732 3445 2788 delicis:
3467 2748 3530 2788 ac

1971 2826 2268 2897 voluptates
2292 2826 2540 2896 jucunda!
2581 2833 2725 2890 sunt,
2756 2824 2896 2880 absit
2924 2833 3188 2880 tamenmt
3210 2839 3304 2880 eas
3331 2832 3450 2894 post
3479 2836 3528 2878 te

1963 2917 2246 2974 retineam.
2276 2919 2346 2973 At
2370 2933 2496 2972 vero
2523 2917 2733 2971 virtutis
2763 2917 2865 2972 iter
2887 2958 2903 2984 ,
2935 2916 3076 2986 quod
3102 2915 3304 2985 ingredi
3350 2930 3527 2984 paras,

1964 3007 2094 3063 licet
2138 3007 2359 3062 arduum
2409 3016 2464 3062 et
2511 3021 2756 3076 asperum
2802 3008 3120 3071 sit,,tamen,
3151 3006 3308 3060 modo
3355 3015 3528 3060 tecum

1963 3099 2086 3167 sim,
2116 3100 2268 3154 facile
2289 3107 2344 3154 et
2370 3099 2601 3168 proclive
2629 3112 2690 3152 ac
2711 3097 3001 3166 jucundum
3032 3100 3151 3152 erit.
3184 3097 3251 3153 Ut
3271 3096 3413 3152 enim
3443 3111 3529 3152 me

272 3192 478 3254 καλῶν,
519 3192 664 3246 οὕτω
708 3194 936 3248 καὶτῶν
973 3195 1234 3266 λυπηρῶν
1263 3197 1440 3263 ἔξεις,
1489 3199 1574 3252 ἵνα
1619 3203 1714 3254 καὶ
1745 3203 1854 3255 τῶν

1965 3191 2470 3246 oblectamentorum
2521 3189 2676 3258 hujus
2726 3189 2846 3243 vitae
2885 3189 3088 3242 socium
3134 3188 3359 3241 habuisti
3387 3225 3404 3253 ,
3455 3187 3528 3242 ita

273 3283 582 3350 μελλόντων
611 3289 1035 3359 συγκοινωνήσω
1065 3305 1168 3343 σοι.
1207 3290 1266 3343 Ὀ
1288 3291 1344 3344 δὲ
1365 3291 1618 3364 λαμπρὸς
1644 3296 1852 3362 ἐκεῖνος

270 3377 433 3447 ἀνὴρ,
455 3377 859 3449 ἀποδεξάμενος
879 3380 948 3434 τὰ
969 3382 1188 3452 ῥήματα
1213 3382 1306 3436 τοῦ
1326 3383 1613 3448 ἀσθενοῦς,
1627 3388 1853 3457 ἐποίησε

271 3468 421 3523 καθά
450 3469 514 3540 δὴ
553 3471 648 3522 καὶ
695 3471 844 3541 αύτῷ
887 3470 1217 3542 λελάληκεν·
1265 3474 1326 3528 ὃν
1370 3474 1495 3532 ἰδὼν
1533 3478 1562 3530 ὁ
1601 3477 1854 3548 βασιλεὺς

273 3562 367 3615 καὶ
397 3561 668 3626 ἀκούσας,
699 3563 844 3634 ἦσοη
879 3565 980 3634 μὲν
1027 3567 1120 3618 ἐπὶ
1165 3567 1374 3638 τούτῳ,
1417 3569 1695 3642 ἀγάμενος
1733 3573 1853 3628 λίαν

269 3657 370 3728 τὴν
399 3658 483 3719 εις
521 3657 684 3711 αὑτὸν
711 3656 948 3725 εὔνοιαν,
991 3657 1166 3730 ψευδῆ
1207 3659 1264 3712 δὲ
1306 3660 1374 3715 τά
1405 3663 1525 3720 κατ’
1567 3664 1731 3718 αὑτοῦ
1761 3665 1853 3718 λα-

269 3748 507 3818 ληθέντα
551 3750 750 3816 γνοὺς,
779 3749 1028 3814 πλείονος
1071 3752 1234 3806 αὐτὸν
1281 3737 1448 3827 τιμῆς
1489 3759 1582 3812 καὶ
1632 3759 1730 3830 τῆς
1771 3763 1852 3825 εἰς

268 3839 436 3892 αὑτὸν
466 3842 782 3912 παρρησίας
811 3841 1106 3896 ἀπολαύειν
1133 3847 1451 3918 πεποίηκεν.
1483 3850 1641 3903 Κατὰ
1666 3852 1721 3904 δὲ
1747 3852 1853 3905 τῶν

271 3932 620 4002 μοναζὼτων
660 3935 832 4006 ὀργῆς
879 3932 1036 4000 αὖθις
1083 3938 1576 4011 ύπερεπίμπλατο,
1626 3939 1851 3998 ἐκείνων

270 4021 413 4078 εἶναι
442 4023 615 4077 ταῦτα
646 4025 820 4094 λέγων
855 4029 921 4082 τά
943 4029 1274 4100 διδάγματα,
1309 4033 1368 4086 τὸ
1397 4034 1695 4104 ἀπέχεσθαι
1727 4037 1852 4100 τοὺς

268 4115 596 4186 ἀνθρώπους
627 4117 738 4170 τῶν
770 4119 865 4172 τοῦ
907 4120 1023 4191 βίου
1056 4122 1229 4192 ἡδέων
1262 4125 1353 4178 καὶ
1400 4125 1616 4196 ἀδήλοις
1642 4126 1851 4198 ὀνειρο-

270 4207 562 4263 πολεῖσθαι
598 4209 832 4270 ἐλπίσιν.

355 4486 748 4558 Ἐξερχόμενος
783 4487 842 4542 δὲ
869 4483 1024 4554 αὖθις
1058 4490 1139 4553 εἰς
1175 4489 1366 4561 θήραν,
1413 4491 1518 4563 ὁρᾷ
1549 4491 1645 4547 δύο
1683 4511 1852 4565 μονα-

269 4578 400 4648 χοὺς
431 4579 577 4634 κατά
601 4579 700 4652 τὴν
731 4579 940 4666 ἔρημον
963 4581 1366 4653 διερχομένους,
1389 4582 1484 4648 οὒς
1511 4585 1852 4657 κρατηθῆναι

269 4672 366 4724 καὶ
394 4670 474 4741 τῷ
495 4671 666 4724 αὐτοῦ
698 4673 1076 4745 προσαχθῆναι
1101 4675 1340 4745 ὀχήματι
1372 4677 1660 4745 κελεύσας,
1693 4679 1850 4751 ὀργί-

1966 3282 2126 3337 ctiam
2159 3282 2520 3337 mole'snarum
2553 3281 2829 3335 habiturus
2873 3293 2950 3344 es,
2983 3294 3088 3348 quo
3115 3280 3272 3331 etiam
3301 3278 3353 3332 in
3385 3277 3527 3331 iutu-
3559 3309 3562 3312 -

1966 3387 2146 3430 rerum
2175 3373 2430 3444 bonorum
2454 3371 2762 3426 societatem
2792 3380 2960 3424 tecum
2986 3371 3212 3422 veniam.
3237 3368 3529 3422 Praeclarus

1965 3466 2125 3526 igitur
2154 3464 2242 3519 ille
2271 3465 2348 3517 vir
2376 3462 2570 3517 inﬁrmi
2601 3461 2830 3514 hominis
2862 3459 3019 3514 verba
3049 3460 3423 3526 comprobans,
3452 3456 3530 3510 fe-

1951 3539 2029 3596 cit
2060 3539 2519 3607 quemadmodum
2549 3540 2670 3611 ipse
2702 3549 3015 3594 monuerat.
3041 3541 3172 3594 Eum
3206 3543 3389 3612 itaque
3427 3560 3521 3599 rex

1947 3632 2140 3689 videns
2161 3637 2326 3702 atque
2350 3631 2602 3698 audiens,
2636 3632 2738 3687 hac
2760 3631 2980 3702 quidem
3009 3633 3077 3690 de
3099 3649 3262 3690 causa
3293 3635 3529 3692 delecta-

1950 3734 2038 3780 tus
2068 3731 2174 3790 est,
2209 3724 2384 3794 ipsius
2411 3725 2673 3779 nimirum
2705 3740 2835 3796 erga
2863 3741 2923 3782 se
2962 3725 3396 3783 benevolentiam
3430 3729 3528 3783 ad-

1948 3819 2185 3883 mirans;
2225 3825 2390 3886 atque
2433 3816 2569 3872 l'alsa
2600 3832 2722 3874 esse
2757 3833 2881 3888 qua:
2923 3819 3190 3874 adversus
3217 3835 3340 3874 cum
3375 3820 3440 3873 ad
3471 3835 3531 3873 sc

1945 3910 2124 3965 delata
2156 3909 2377 3965 fuerant
2407 3909 2738 3980 intelligens,
2763 3910 2971 3981 majore
2991 3926 3112 3966 eum
3136 3910 3342 3964 honore
3365 3918 3529 3980 atque

1945 4001 2090 4072 apud
2111 4016 2171 4057 se
2191 4001 2518 4056 auctoritate
2538 4015 2602 4055 ac
2619 4000 3526 4057 familiaritatedonaviLCaeterum

1945 4093 2209 4148 adversus
2234 4091 2536 4146 monachos
2562 4105 2779 4148 rursum
2804 4092 2885 4146 ira
2912 4093 3138 4158 exarsit,
3163 4106 3352 4146 eorum
3379 4093 3529 4148 scili-

1943 4196 2032 4243 cet
2055 4188 2169 4242 hac
2193 4191 2460 4256 praecepta
2480 4201 2604 4242 esse
2624 4185 2834 4250 dicens,
2849 4191 2910 4239 ut
2931 4184 3183 4240 homines
3207 4184 3274 4238 ab
3295 4185 3527 4253 hujusce

1948 4280 2072 4335 vita:
2103 4279 2475 4350 voluptatibus
2495 4277 2830 4342 abstineant,
2854 4285 3019 4347 atque
3041 4277 3248 4333 incerta
3272 4292 3387 4347 spe,
3407 4285 3530 4332 tan-

1945 4387 2108 4443 quam
2135 4389 2230 4442 per
2257 4371 2553 4437 somnium,
2590 4387 2712 4426 sese
2743 4371 2895 4424 illudi
2924 4372 3128 4426 sittant.

2017 4487 2152 4542 Cum
2185 4493 2370 4542 autem
2414 4501 2608 4542 rursus
2651 4485 2720 4539 ad
2772 4484 3119 4540 venationem
3151 4483 3526 4556 egrederetur,

1945 4578 2088 4635 duos
2116 4579 2419 4635 monachos
2449 4595 2547 4649 per
2573 4578 2852 4633 desertum
2894 4579 2999 4633 iter
3036 4578 3295 4635 facientes
3331 4579 3526 4636 cernit.

1948 4672 2096 4740 Quos
2126 4671 2808 4741 statimcomprehendi,et
2822 4669 2888 4724 ad
2901 4686 3124 4725 currum
3149 4687 3308 4726 suum
3331 4672 3529 4726 adduci

264 4760 376 4824 λως
406 4777 468 4814 τε
501 4761 688 4825 αὐτοῖς
721 4761 909 4818 ἐνιδὼν
938 4765 1072 4834 (b9),
1103 4766 1210 4834 27
1251 4767 1343 4820 καὶ
1373 4766 1505 4840 πῦρ,
1541 4767 1604 4821 τὸ
1637 4769 1730 4823 τοῦ
1759 4771 1852 4824 λό-

1971 4763 2130 4819 ussit.
2163 4765 2344 4832 Atque
2373 4762 2654 4816 iracundis
2699 4761 2876 4816 oculis
2921 4775 3018 4817 eos
3048 4761 3286 4828 intuens,
3315 4763 3528 4832 ignem-
3611 4765 3618 4822 ,'

263 4867 366 4915 του
390 4889 408 4915 ,
441 4851 718 4918 πνεύσας,
753 4853 879 4926 ἔφη·
920 4856 1033 4908 υύκ
1071 4856 1344 4926 ἠκούσατε
1371 4899 1387 4925 ,
1433 4852 1478 4912 ὧ
1516 4860 1709 4914 πλάνοι
1759 4862 1852 4914 καὶ

1965 4871 2070 4926 |ue,
2096 4854 2282 4910 utdici
2316 4853 2475 4920 solet,
2497 4855 2753 4923 spirans:
2779 4854 2974 4909 Annon
3017 4853 3302 4918 audiistis,
3328 4853 3528 4923 inquit,

263 4945 625 5013 ἀπατεῶνες,
679 4947 789 4999 τῶν
828 4947 1088 5018 κηρύκων
1121 4949 1432 5022 ’διαρρήδην
1483 4951 1732 5021 βοώντων
1776 4955 1848 5025 μή

1965 4960 1979 4999 ›
2019 4944 2348 5014 impostorcs
2385 4950 2441 4998 et.
2482 4942 3026 5016 circumscriptores,
3053 4959 3336 5016 praecones
3378 4958 3530 4999 meos

342 5156 452 5226 (ὃὸ)
475 5158 634 5211 (Ioni.
667 5173 718 5220 n.
749 5159 840 5218 2‘2.
877 5159 965 5214 10.

248 5221 254 5240 ⁸
281 5302 294 5305 _
349 5221 458 5299 :67)
503 5231 638 5305 itan.
668 5244 747 5305 ut,
783 5230 850 5305 l0_
873 5247 888 5283 :
909 5231 1320 5305 χνωστὺνὲστω
1347 5233 1728 5305 σοι,ηβασιλεῦ,
1757 5236 1910 5291 ὅτι...
1940 5235 2138 5290 Estlras
2162 5254 2236 5298 tv,
2263 5238 2330 5292 4‘2
2361 5257 2373 5292 :
2406 5237 2646 5304 γνωστὸν
2679 5236 2821 5289 ἔστω
2864 5235 2941 5305 τῷ
2981 5231 3196 5305 βασιλεῖγ
3226 5233 3373 5285 ὅτι...
3402 5232 3524 5305 Aet.

265 5298 464 5383 Ain-tt,
495 5299 562 5352 Η
593 5298 1222 5383 ξτρῦτοώμῖνχνωστδν
1251 5301 1410 5383 ἔστω.
1447 5298 1517 5383 Et
1541 5305 1620 5360 sic
1664 5307 1859 5375 smpitts

1970 5306 2195 5383 _Bil_)_liis_.
2222 5307 2288 5383 ln_
2311 5298 2622 5383 narratione
2639 5307 2714 5383 de
2759 5298 3201 5383 Synti'pajzlﬁ
3229 5321 3242 5356 :
3284 5301 3544 5371 γνωστόν-

267 5387 352 5422 σοι
370 5368 553 5447 ,ἔστι-ρ,
575 5368 632 5447 fi)
670 5368 914 5447 βασιλεῦ,
947 5370 1215 5447 ώς...λδίς
1244 5371 1430 5447 θιᾴιιιᾷο
1452 5372 1608 5447 Diae.
1639 5391 1691 5440 ν,
1721 5368 1775 5441 6,
1809 5392 1859 5447 p.

1965 5377 2028 5444 9.;
2061 5377 2356 5434 Zacharias
2385 5379 2554 5444 Epist.
2578 5393 2608 5431 e
2638 5368 2858 5432 Perside
2894 5368 2946 5446 ις.
2974 5368 3103 5429 515.

341 5440 454 5517 (θ8)
483 5439 544 5504 Β,
572 5442 832 5517 ενετυμή.
858 5441 962 5517 ῥυ,
992 5443 1050 5494 ὲν
1097 5441 1327 5517 ἑτοίμῃ-ἲ
1359 5445 1464 5517 Sed
1496 5445 1554 5517 ἐν
1583 5439 1785 5517 ἑτοίμῳ
1809 5439 1859 5517 in

1965 5439 2222 5503 t'auctor
2262 5464 2293 5504 e
2338 5439 2505 5502 Paulo
2531 5461 2766 5512 sumere,
2806 5439 2966 5515 quem
3017 5442 3242 5511 multum
3297 5443 3526 5514 legerat.

261 5508 474 5590 Paullus
491 5511 652 5590 full-l1
670 5508 824 5590 ⁸ΙΙίιίί
1017 5528 1066 5573 x,
1097 5513 1130 5567 6
1154 5508 1487 5590 ’ξέν”ἑτοίμῳ
1515 5508 1730 5584 ἔχοντες
1757 5508 1858 5570 bis

1965 5535 2028 5590 σγα
2035 5536 2050 5570 ι
2057 5557 2072 5570 .

339 5579 456 5650 (69)
489 5579 553 5656 Β,
575 5578 716 5656 εἰδρν
745 5595 758 5610 ’
788 5580 994 5656 scilicet
1024 5597 1120 5649 pro
1152 5581 1293 5650 ἰδὼν,
1324 5578 1524 5639 οιιῐίέςίι
1545 5578 1859 5656 praepositio

1985 5588 2215 5642 Basilius
2244 5588 2460 5642 Macedo
2501 5587 2667 5641 Prtec.
2705 5601 2752 5638 σε.
2798 5585 2908 5640 65:
2945 5583 3022 5655 μὴ
3052 5578 3144 5637 οὖν
3181 5582 3326 5654 μέγα
3355 5584 3526 5656 grap-

263 5649 617 5727 θῇς-φησὶν,
647 5649 735 5727 Eia
755 5651 834 5727 gi]
871 5652 1058 5727 μεῖζον
1094 5656 1283 5725 πέσῃς.
1307 5725 1314 5727 Α
1339 5656 1516 5727 Codex
1553 5649 1684 5711 2991
1731 5657 1797 5722 Α,
1832 5675 1859 5710 κ

1965 5659 2168 5727 επὲσῃς,
2203 5659 2343 5725 quod
2377 5675 2482 5711 non
2531 5656 2879 5727 praetulerim,
2907 5649 3522 5727 memorversusEurt—

265 5719 624 5797 piilci,_._cnjns
647 5719 882 5797 Basilius
901 5719 1263 5778 meminerat:
1305 5725 1620 5797 Ἑπαίρεται
1653 5727 1761 5796 γὰρ
1786 5719 1859 5795 ’με

1965 5745 2000 5791 θ,
2027 5719 2336 5796 ἴνὲίνμεῖζον
2375 5719 2544 5797 πέεῃξ
2593 5726 2971 5797 Ριίιτιιϊυιιᾼρει
3010 5726 3152 5797 φημὶ
3195 5725 3246 5797 in
3293 5723 3552 5797 editione-

265 5787 582 5868 ljaradisii:
635 5791 967 5868 codexjdem
995 5803 1116 5868 apte
1144 5805 1282 5850 tenet
1333 5787 1481 5865 φητξξ
1519 5787 1746 5852 Basilius
1791 5787 1859 5851 tu]

1965 5787 2049 5851 ιύ.
2099 5787 2165 5852 56
2194 5815 2205 5850 ;
2257 5787 2772 5868 ἴστορεαξνὰρχαίας
2803 5787 3114 5866 ἐξέρχεσθαι
3149 5795 3220 5864 μὴ
3251 5794 3548 5847 κατόκνει..

259 5863 454 5919 Codex
478 5873 708 5934 eptztnc.
731 5857 1116 5931 διεξέρχεσθαι.
