3994 6350
506 372 571 433 R7
1899 356 2279 420 ADDENDA.

3629 367 3742 429 888

468 500 651 561 aperte
694 488 1082 559 proclamantes
1112 494 1179 536 ne
1203 478 1323 550 quis
1347 482 1507 533 vestrl
1535 475 1783 533 diabolici
1814 473 2037 531 iustitu°i

2157 493 2260 530 τινα
2295 478 2391 547 τῆς
2425 476 2580 548 ὑμῶν
2614 476 3039 546 κακοδαιμονίας
3077 476 3213 545 μετά
3246 476 3398 547 τρεῖς
3424 477 3639 550 ἡμέρας
3671 482 3738 535 ὲν

469 592 587 652 post
629 580 855 635 triduum
884 576 937 631 in
966 574 1095 629 urbe
1137 581 1227 626 aut
1257 570 1361 625 ulla
1390 568 1541 640 regni
1571 567 1673 622 mei
1702 567 1921 637 regione
1950 567 2033 620 iu-

466 672 757 734 veniretur,
787 675 875 721 aut
904 664 1100 735 alioqui
1145 675 1363 732 prorsus
1390 661 1497 731 igni
1526 659 1889 715 cremaretur?
1920 660 2034 714 Mo-

469 760 623 813 nacbi
669 766 883 810 autem:
914 754 1015 819 En,
1063 752 1341 821 inquiunt,
1389 765 1484 820 pro
1513 764 1578 805 eo
1618 764 1682 805 ac
1715 748 1940 818 iussisti,
1972 763 2036 804 ex

468 850 686 904 urbibus
734 848 836 903 tuis
878 861 942 901 ac
982 845 1283 916 regionibus
1325 843 1654 899 excedimus.
1691 841 1885 897 Verum
1915 856 2035 896 cum

468 945 677 1012 longum
729 941 882 996 nobis
922 941 1023 994 iter
1068 938 1397 1007 propositum
1428 937 1515 998 sit,
1543 946 1601 989 ut
1630 935 1694 988 ad
1726 936 1917 989 fratres
1944 948 2038 987 no-

466 1044 606 1089 stros
634 1032 1051 1101 proficiscamur,
1081 1044 1141 1083 ac
1171 1029 1292 1083 cibo
1323 1040 1622 1091 careamus,
1658 1025 1759 1108 hac
1780 1027 1860 1078 via
1892 1024 2037 1077 ince-

467 1126 664 1190 dimus,
689 1132 745 1178 ut
770 1124 921 1178 nobis
948 1122 1133 1175 viatica
1163 1127 1471 1189 suppetant,
1499 1132 1597 1173 nec
1627 1117 1762 1173 fame
1790 1116 2032 1170 absuma-

469 1231 608 1269 Inur.
645 1215 751 1267 Rex
784 1222 959 1266 autem
999 1210 1331 1280 inquit:Qui
1377 1208 1564 1262 mortis
1611 1210 1779 1261 minas
1829 1209 2035 1271 metuit,

474 1305 596 1360 huic
615 1306 761 1358 cibos
783 1318 1092 1371 comparare
1113 1301 1329 1356 minime
1357 1309 1527 1353 vacat.
1550 1296 1789 1351 Monachi
1820 1311 1996 1349 amem
2020 1311 2035 1349 :

478 1397 641 1450 llccte
663 1394 864 1458 dixisti,
883 1408 916 1447 ο
946 1409 1067 1459 rex,
1101 1394 1342 1460 inquiunt
1368 1406 1382 1443 :
1407 1388 1497 1457 qui
1525 1399 1748 1442 mortem
1776 1393 2038 1451 metuunt,

473 1489 523 1539 id
554 1494 776 1551 curant,
804 1499 1030 1553 quonam
1062 1490 1216 1551 pacto
1243 1495 1359 1536 eam
1386 1480 1657 1547 effugiant.
1686 1477 1911 1542 Quinam
1942 1490 2041 1529 au-

474 1587 578 1631 tem
609 1577 660 1630 hi
692 1585 835 1642 sunt,
864 1577 962 1630 nisi
983 1575 1072 1643 qui
1097 1573 1248 1626 fluxis
1279 1572 1433 1624 rebus
1460 1570 1809 1629 intabescunt,
1838 1580 2039 1635 easque

473 1668 539 1721 ad
579 1677 849 1734 stuporem
900 1679 1067 1733 usque
1115 1661 1408 1716 mirantur?
1448 1659 1547 1726 Qui
1595 1658 1806 1727 quidem
1839 1672 1956 1708 cum
1987 1656 2036 1709 in

474 1762 640 1812 altera
684 1757 790 1811 vita
842 1755 1128 1824 quidquam
1170 1754 1288 1806 honi
1338 1766 1457 1806 sese
1501 1756 1879 1804 consecuturos
1919 1762 2037 1801 esse

474 1853 781 1917 desperent,
798 1862 828 1901 a
853 1846 1204 1915 praesentibus
1221 1844 1395 1897 divelli
1419 1851 1705 1910 nequeunt,
1721 1840 1790 1895 ob
1813 1856 2036 1910 eamque
2077 1848 2118 1903 Β

478 1955 692 1994 causam
741 1948 966 1994 mortem
1023 1935 1225 1992 timent.
1280 1935 1346 1987 At
1402 1948 1521 1996 nos,
1550 1932 1638 1998 qui
1680 1932 1788 1997 jam
1839 1931 2041 1998 pridem

478 2029 734 2086 mundum
762 2036 817 2083 et
836 2042 896 2083 ea
919 2042 1032 2095 quze
1062 2026 1114 2080 in
1146 2024 1341 2078 mundo
1361 2030 1483 2075 sunt
1501 2022 1623 2076 odio
1646 2024 2033 2090 prosequimur,

478 2138 785 2194 arctamque
813 2133 866 2177 et
894 2130 1171 2191 angustam
1211 2119 1350 2171 viam
1392 2115 1586 2171 Christi
1624 2129 1782 2170 causa
1814 2114 2042 2183 ingredi-

478 2233 619 2282 mur,
645 2228 741 2269 nec
771 2212 959 2267 mortis
983 2218 1147 2273 metu,
1180 2222 1277 2263 nec
1310 2207 1649 2276 praesentium
1690 2219 1867 2259 rerum
1899 2204 2043 2272 cupi-

480 2310 644 2361 ditate
685 2304 975 2367 allicimur;
1006 2314 1186 2354 verum
1232 2297 1524 2350 futurarum
1568 2295 1823 2348 duntaxat
1867 2308 2044 2348 rerum

481 2399 749 2454 desiderio
806 2404 1070 2450 tenemur.
1115 2388 1374 2458 Quoniam
1420 2387 1580 2456 igitur
1623 2400 1766 2441 mors
1795 2400 1856 2438 ea
1889 2399 2045 2453 quam

483 2490 637 2544 nobis
653 2487 863 2543 infertis
883 2485 949 2540 ad
970 2484 1344 2553 sempiternam
1372 2487 1424 2533 et
1446 2476 1864 2547 prtestantiorem
1884 2475 2045 2529 vitam

485 2582 735 2636 transitus
760 2578 1024 2643 efficitur,
1054 2575 1252 2631 idcirco
1278 2569 1560 2640 cupiditati
1588 2568 1764 2637 potius
1789 2570 1941 2623 nobis
1966 2574 2048 2622 est

483 2687 639 2734 quam
669 2670 883 2725 terrori.

554 2779 650 2835 Hic
677 2794 772 2835 rex
797 2793 891 2848 per
910 2777 1464 2843 solertiam,videlicet
1490 2778 1780 2834 monachos
1810 2776 2049 2847 arripere

486 2871 727 2939 cupiens,
755 2869 925 2925 dixit:
950 2868 1124 2939 Quid?
1166 2868 1248 2923 An
1279 2882 1385 2923 non
1433 2869 1591 2937 paulo
1620 2877 1745 2923 ante
1773 2882 1868 2922 vos
1896 2881 2050 2924 sece-

485 2962 613 3016 dere
641 2961 873 3028 dixistis,
893 2972 950 3015 ut
976 2975 1095 3016 meo
1124 2960 1347 3029 imperio
1380 2958 1641 3028 parcatis?
1669 2958 1819 3026 Quod
1842 2959 1885 3013 si
1907 2972 2048 3013 mor-

486 3061 593 3106 tem
644 3053 860 3108 minime
908 3052 1139 3118 timetis,
1169 3052 1293 3121 quid
1349 3061 1430 3107 est
1482 3052 1824 3121 quamobrem
1874 3050 2048 3120 fugam

487 3146 711 3200 ineatis?
740 3147 813 3201 En
846 3147 959 3201 haec
978 3159 1187 3215 quoque
1210 3144 1404 3200 frustra
1433 3153 1489 3199 et
1516 3145 1743 3199 inaniter
1763 3145 2043 3212 jactantes,

485 3236 690 3291 mentiti
744 3237 891 3291 estis.
940 3236 1347 3304 Responderunt
1394 3234 1816 3290 monachi:Non
1844 3234 2047 3287 idcirco

483 3327 713 3394 fugimus
741 3327 879 3394 quod
907 3327 1265 3381 denuntiatam
1290 3327 1441 3380 nobis
1471 3327 1565 3379 abs
1597 3333 1647 3379 te
1675 3333 1898 3379 mortem
1927 3338 2043 3390 per-

484 3412 874 3478 timescamus;
908 3426 1105 3466 verum
1145 3410 1225 3465 tui
1256 3410 1615 3466 miseratione
1649 3409 1945 3475 commoti,
1988 3423 2062 3463 ne

484 3501 795 3571 graviorem
830 3499 1347 3555 condemnationem
1375 3500 1475 3553 tibi
1504 3516 1872 3566 accersamus,
1910 3514 2065 3555 sece-

486 3592 621 3646 dere
672 3590 725 3644 in
770 3590 1015 3645 animum
1049 3590 1387 3646 indusimus.
1435 3591 1570 3645 Nam
1624 3591 1853 3661 alioqui,
1888 3607 2067 3662 quan-

488 3690 603 3734 tum
627 3678 694 3732 ad
718 3694 820 3733 nos
848 3677 1067 3742 attinet,
1099 3679 1250 3734 nullo
1284 3679 1452 3736 modo
1473 3681 1649 3736 minas
1682 3690 1805 3737 tuas
1831 3696 2068 3753 expave-

487 3772 716 3826 scimus.
770 3770 853 3825 Ad
909 3771 1026 3827 haec
1071 3788 1165 3827 rex
1216 3771 1295 3827 ira
1342 3782 1673 3840 commotus,
1720 3775 1869 3844 ipsos
1910 3775 2070 3830 exuri

485 3863 669 3935 jussit.
699 3862 902 3933 Sicque
933 3863 1030 3919 Dei
1075 3863 1267 3919 famuli
1313 3872 1561 3921 extremo
1586 3866 1715 3921 vita:
1745 3866 1835 3923 die
1867 3865 2066 3932 functi,

490 3954 740 4025 martyrii
766 3970 1028 4010 coronam
1047 3971 1147 4027 per
1165 3957 1345 4028 ignem
1369 3956 1551 4027 adepti
1577 3967 1726 4013 sunt.
1761 3960 2070 4031 Statimque

490 4045 735 4100 edictum
769 4047 1178 4118 promulgatum
1214 4057 1319 4112 est,
1370 4057 1432 4103 ut
1482 4048 1530 4103 si
1587 4049 1715 4119 quis
1768 4052 2073 4107 monachus

490 4138 727 4214 iureniri
762 4148 949 4208 posset
981 4179 996 4205 ,
1054 4139 1174 4195 sine
1207 4141 1317 4195 ulla
1361 4140 1724 4209 inquisitione
1761 4142 2071 4198 trucidare-

495 4237 607 4284 tur.
635 4230 816 4299 Atque
848 4231 920 4285 ita
952 4231 1142 4286 nullus
1163 4231 1482 4302 huiusmodi
1519 4233 1736 4288 ordinis
1780 4233 1836 4288 in
1868 4234 1960 4288 illa
1984 4251 2071 4289 re-

494 4320 655 4390 gione
681 4321 934 4390 reliquus
970 4321 1149 4375 factus
1175 4329 1282 4384 est,
1330 4322 1436 4376 nisi
1470 4323 1563 4392 qui
1592 4322 1647 4377 in
1679 4323 1982 4391 montibus,
2016 4332 2072 4380 et

494 4410 800 4477 speluncis,
835 4419 889 4464 et
923 4410 1177 4467 cavernis
1208 4419 1370 4467 terra:
1404 4428 1528 4469 sese
1558 4415 1921 4473 occultaraut.
1969 4420 2073 4475 Ve-

495 4515 619 4554 rum
650 4501 767 4556 haec
791 4501 1080 4558 hactenus.

571 4608 698 4665 Car.
731 4608 792 4663 ν.
810 4640 878 4651 —-
900 4612 966 4664 At
989 4612 1124 4680 regis
1146 4609 1302 4678 filius,
1319 4610 1385 4667 de
1405 4626 1510 4678 quo
1531 4610 1679 4665 initio
1699 4609 1854 4664 nobis
1882 4619 2055 4665 oratio

491 4701 730 4757 instituta
756 4710 836 4757 est
862 4742 878 4767 ,
912 4702 964 4755 in
995 4701 1193 4771 palatio
1237 4702 1375 4769 quod
1407 4701 1504 4771 ipsi
1536 4711 1856 4756 exstructum
1888 4702 2056 4754 fuerat

493 4796 566 4851 ita
593 4811 834 4864 manens,
858 4807 967 4851 uta
995 4798 1208 4851 nemine
1234 4797 1368 4851 adiri
1398 4806 1596 4865 posset,
1618 4797 1902 4866 iurenilem
1928 4807 2056 4850 aeta-

492 4896 600 4939 tem
632 4886 843 4940 tandem
874 4885 1199 4955 attigiL(cum
1231 4887 1430 4942 interea
1464 4902 1673 4941 omnem
1707 4896 1811 4941 tam
1842 4886 2055 4940 ᾹΞιιιὶη-

493 4990 618 5042 pum
644 4990 799 5045 quam
833 4975 1107 5029 Persarum
1130 4976 1422 5031 doctrinam
1448 4976 1791 5045 percepisset)
1823 4975 2055 5045 prudens

493 5074 548 5119 et
574 5065 1014 5135 cordatus,atque
1034 5065 1282 5121 omnibus
1302 5065 1552 5119 virtutum
1577 5065 1788 5120 dotibus
1816 5064 2053 5118 illustris.

493 5155 632 5222 Quin
660 5158 925 5214 naturales
952 5158 1109 5214 etiam
1139 5159 1461 5227 quaestiones
1491 5156 1904 5227 praeceptoribus
1943 5155 2057 5210 suis

492 5249 852 5314 proponebat;
900 5247 1033 5303 adeo
1064 5256 1118 5301 ut
1162 5247 1265 5317 ipsi
1293 5262 1503 5317 quoque
1529 5246 1880 5301 adolescentis
1908 5246 2058 5317 inae-

566 5444 677 5586 (7οζ
706 5447 864 5503 Conf.
899 5448 1137 5506 Matthtei
1171 5449 1325 5508 locus
1352 5467 1518 5519 supra
1543 5468 1664 5522 pag.
1694 5454 1747 5517 l,
1779 5470 1831 5507 n.
1854 5453 1908 5507 2.

566 5517 652 5584 (71
702 5517 976 5586 ,Formulis
1003 5523 1065 5574 τὸ
1099 5522 1198 5586 μὲν
1220 5523 1301 5586 είς
1324 5524 1530 5576 ἐκεῖνον
1557 5519 1712 5586 ἧκον,
1738 5524 1801 5577 τό
1823 5541 1887 5586 γε

2143 567 2299 621 πόλει
2332 567 2364 638 ἢ
2400 566 2556 639 χώρα
2585 566 2687 637 τῆς
2721 568 2860 638 ἐμῆς
2890 566 3185 638 εὑρεθῆναι
3209 565 3462 632 ἐξουσίας
3483 608 3499 634 ,
3532 568 3565 640 ἢ
3596 570 3737 625 πάν.

2142 675 2249 721 τως
2278 658 2648 729 πυρίκαυστος
2680 657 2873 722 ἔσται;
2906 658 2969 710 Ui
2995 657 3055 710 δὲ
3095 658 3342 728 μοναχοί·
3389 659 3521 713 Ἰδοὺ
3549 661 3734 733 (φασὶ)

2145 752 2289 807 καθά
2319 752 2387 823 δὴ
2419 753 2515 807 καὶ
2554 752 2898 825 προσέταξας
2924 795 2938 818 ,
2980 753 3321 824 ἐξερχόμεθά
3345 771 3440 807 σου
3484 756 3595 808 τῶν
3630 756 3735 807 πό-

2143 846 2280 900 λεων
2312 848 2406 900 καὶ
2433 846 2544 900 τῶν
2575 845 2791 917 χωρῶν·
2827 847 3048 917 μακρᾶς
3072 846 3128 899 δὲ
3158 848 3293 918 ἡμῖν
3322 846 3426 917 τῆς
3451 848 3573 902 ὁδοῦ
3604 866 3736 920 προ-

2145 943 2404 1015 κειμένης
2441 943 2534 998 τοῦ
2569 943 2826 998 ἀπελθεῖν
2876 944 3013 1017 πρὸς
3059 945 3189 1008 τοὺς
3219 945 3529 1018 ἡμετέρους
3569 948 3734 1002 ἀδελ·-

2143 1038 2307 1107 φοὺς,
2341 1037 2538 1101 ἐνδεῶς
2566 1036 2784 1107 ἔχοντες
2818 1038 3025 1108 τροφῆς
3049 1079 3064 1101 ,
3091 1037 3298 1108 ταύτην
3326 1037 3728 1110 ὲποριζόμεθα,

2143 1128 2237 1181 τοῦ
2273 1128 2416 1200 ἔχειν
2446 1131 2514 1182 τὰ
2549 1129 2738 1198 ἐφόδια
2763 1130 2857 1183 καὶ
2911 1129 2987 1200 μὴ
3025 1130 3184 1199 λιμοῦ
3217 1131 3600 1203 παρανάλωμα
3630 1150 3729 1200 γε-

2142 1219 2347 1275 νέσθαι.
2403 1220 2462 1274 '0
2491 1220 2548 1273 δὲ
2598 1220 2853 1290 βασιλεὺς
2897 1220 3034 1290 ἔφη’
3097 1221 3155 1274 Ὀ
3193 1220 3429 1274 Θανάτου
3472 1222 3733 1287 δεδοικὼς
3797 1287 3801 1290 ξ

2144 1311 2374 1383 ἀπειλὴν
2405 1313 2504 1365 οὑκ
2533 1311 2840 1381 ἀσχολεῖται
2864 1313 2943 1374 είς
2970 1312 3239 1382 πορισμὸν
3270 1311 3599 1381 βρωμάτων.
3628 1314 3733 1366 Λέο

2143 1419 2331 1471 γουαιν
2370 1404 2419 1455 oi
2473 1404 2757 1473 μονασταί·
2816 1402 3015 1466 Καλῶς
3047 1398 3228 1469 εἶπας,
3279 1398 3323 1457 ὦ
3374 1403 3634 1472 βασιλεῦ·
3679 1407 3731 1457 oi

2145 1494 2373 1548 θάνατον
2414 1494 2717 1558 δεδοικότες
2750 1494 2840 1548 διὰ
2869 1495 3152 1565 φροντίδος
3185 1494 3369 1565 ἔχουσι
3406 1495 3524 1558 πῶς
3562 1496 3732 1549 αὑτὸν

2145 1586 2446 1655 ἐκφύγωσι.
2480 1586 2636 1649 Τίνες
2675 1588 2731 1640 δέ
2758 1589 2896 1641 εἰσιν
2931 1580 3077 1640 οὑτοι
3098 1625 3112 1651 ,
3157 1587 3276 1642 ἀλλ’
3306 1587 3338 1658 ἢ
3371 1589 3421 1640 oi
3453 1591 3565 1649 τοῖς
3603 1591 3731 1658 ῥευ-

2148 1688 2289 1748 στοῖς
2317 1684 2749 1756 προστετηκότες
2776 1684 2869 1737 καὶ
2889 1682 3101 1746 τούτοις
3126 1681 3480 1755 ἐπτοημένοι,
3509 1683 3731 1750 οἵτινες,

2149 1777 2314 1847 μηδὲν
2340 1775 2543 1845 ἀγαθὸν
2566 1775 2879 1839 ἐλπίζοντες
2909 1776 3093 1845 εὑρεῖν
3118 1774 3352 1839 ἐκεῖθεν,
3376 1774 3733 1828 δυσαποσπάο

2151 1883 2291 1929 στως
2320 1864 2503 1937 έχουσι
2540 1865 2649 1917 τῶν
2683 1864 2989 1935 παρόντων,
3022 1864 3116 1917 καὶ
3141 1864 3232 1917 διὰ
3260 1863 3420 1917 τοῦτο
3453 1864 3733 1919 δεδοίκασι

2150 1955 2416 2022 οἀνατον;
2456 1956 2647 2026 Ἡμεῖς
2673 1954 2727 2007 δὲ
2759 1955 2807 2007 οἱ
2840 1954 3006 2009 πάλαι
3042 1956 3376 2025 μισήσαντες
3403 1954 3607 2025 κόσμον
3638 1955 3735 2009 καὶ

2147 2046 2215 2099 τὰ
2250 2048 2307 2100 ὲν
2350 2048 2541 2117 κόσμῳ
2567 2086 2581 2108 ,
2616 2046 2712 2099 καὶ
2746 2046 2842 2118 τὴν
2886 2046 3082 2116 στενὴν
3115 2048 3208 2100 καὶ
3238 2046 3611 2118 τεθλιμμένην
3642 2046 3733 2101 διὰ

2150 2138 2384 2209 Χριστὸν
2416 2138 2725 2207 βαδίζοντες
2754 2138 2872 2191 ὁδὸν
2899 2138 3035 2209 (70),
3064 2137 3191 2191 οὔτε
3221 2138 3455 2192 θάνατον
3486 2138 3735 2191 δεδοίκα-

2153 2249 2271 2301 μεν,
2306 2230 2428 2284 οὑτε
2460 2231 2526 2284 τὰ
2561 2230 2809 2301 παρόντα
2841 2230 3149 2300 ποθούμεν,
3186 2231 3322 2284 ἀλλὰ
3352 2230 3461 2282 τῶν
3508 2230 3736 2300 μελλόν-

2147 2343 2254 2378 των
2276 2323 2540 2395 ὲφιέμεθα
2576 2323 2756 2395 μόνον,
2792 2325 2946 2377 Ἐπεὶ
2975 2322 3070 2379 οὖν
3105 2328 3133 2378 ὁ
3173 2327 3300 2397 παρ’
3337 2326 3492 2396 ὑμῶν
3523 2328 3732 2395 ἐπαγό-

2154 2434 2312 2488 μενος
2358 2418 2469 2487 28
2507 2418 2639 2488 ἡμῖν
2695 2417 2927 2481 Θάνατος
2967 2417 3321 2489 διαϐατήριον
3370 2417 3579 2486 γίνεται
3639 2419 3738 2488 τῆς

2149 2509 2321 2562 ἀϊδίου
2354 2508 2499 2579 ζωῆς
2532 2509 2625 2563 καὶ
2657 2508 2989 2580 κρείττονος,
3017 2508 3252 2579 ποθητὸς
3284 2511 3417 2581 ἡμῖν
3455 2510 3661 2580 μᾶλλον
3690 2510 3725 2579 ἢ

2151 2601 2279 2670 φοδε
2290 2602 2379 2671 ρός
2410 2603 2559 2655 ἐστιν
2593 2596 2771 2665 οὗτος.

2232 2782 2350 2851 Ἐφ’
2380 2778 2461 2846 οἷς
2492 2782 2550 2849 ἐξ
2585 2782 2870 2852 ἀγχινοίας
2915 2782 3074 2853 δῆθεν
3106 2785 3134 2837 ὁ
3169 2784 3423 2854 βασιλεὺς
3470 2784 3733 2837 emuss-

2154 2875 2276 2928 σθαι
2309 2874 2418 2929 τῶν
2460 2875 2715 2946 μοναχῶν
2764 2874 3110 2944 βουλόμενος,
3144 2875 3272 2944 ἔφη’
3306 2875 3370 2928 Τί
3415 2875 3502 2940 δέ;
3533 2876 3594 2928 οὑ
3638 2876 3745 2947 πρὸ

2156 2966 2356 3038 μικροῦ
2386 2968 2579 3021 εἴπατε
2610 2969 2917 3037 ὑποχωρεῖν
2949 2969 3127 3038 ὑμᾶς,
3164 2968 3309 3022 καθά
3334 2968 3397 3039 δὴ
3446 2969 3544 3021 καὶ
3573 2987 3747 3040 προσο

2153 3058 2355 3128 έταξα;
2386 3061 2480 3114 καὶ
2501 3101 2517 3129 ,
2555 3062 2604 3113 εί
2632 3062 2694 3114 οὑ
2724 3061 3000 3114 δεδοίκατε
3031 3061 3121 3114 τὸν
3153 3061 3404 3126 θάνατον,
3448 3062 3566 3124 πῶς
3591 3067 3741 3135 φυγῇ

2153 3151 2502 3225 ἑχρήσασθες
2553 3154 2689 3209 Ἰδοὺ
2748 3154 2843 3206 καὶ
2895 3154 3071 3208 ταῦτα
3127 3154 3307 3224 μάτην
3355 3155 3745 3226 κομπάζοντες

2152 3244 2532 3317 διεψεύσασθε.
2576 3247 2984 3319 Ἀπεκρίθησαν
3010 3247 3061 3300 οί
3090 3247 3333 3318 μοναχοί·
3363 3248 3438 3300 Οὑ
3470 3247 3560 3301 τὸν
3588 3250 3743 3319 παρά

2157 3340 2250 3393 σοῦ
2279 3338 2675 3409 ἀπειλούμενον
2705 3338 2937 3393 θάνατον
2975 3338 3275 3403 δεδοικότες
3307 3338 3603 3410 φεύγομεν,
3628 3340 3747 3393 ἀλλ’

2155 3431 2432 3504 ἐλεοῦντες
2482 3447 2565 3485 σε.
2628 3431 2745 3485 Ἶνα
2792 3431 2866 3503 μὴ
2913 3431 3312 3503 περισσοτέρας
3354 3432 3748 3503 κατακρίσεως

2155 3519 2322 3576 αἴτιοί
2358 3537 2441 3573 σοι
2482 3517 2776 3589 γενώμεθα
2802 3558 2817 3584 ,
2870 3519 3345 3591 προεθυμήθημεν
3394 3521 3744 3591 ὑποχωρεῖν⁹

2157 3609 2281 3662 ἐπεὶ
2305 3650 2319 3672 ,
2344 3608 2408 3661 τό
2440 3624 2505 3676 γε
2545 3608 2626 3672 είς
2672 3609 2821 3679 ἡμᾶς
2864 3602 2999 3681 ⁴ἧκον
3030 3608 3143 3679 (71)
3167 3648 3183 3674 ,
3232 3609 3464 3674 οὑδόλως
3499 3627 3594 3663 σου
3642 3610 3752 3676 τὰς

2158 3698 2385 3763 ἀπειλάς
2413 3716 2545 3753 ποτε
2574 3699 2880 3769 δειλιῶμεν.
2918 3700 3060 3769 Πρὸς
3087 3699 3266 3754 ταῦτα
3298 3703 3327 3755 ὁ
3360 3701 3619 3772 βασιλεὺς
3645 3703 3748 3772 ὀρ-

2159 3792 2367 3861 γισθεὶς
2409 3792 2699 3846 ἐκέλευσεν
2739 3792 2938 3856 αὑτοὺς
2992 3792 3406 3865 πυρικαύστους
3457 3794 3748 3863 γενέσθαι·

2162 3884 2258 3938 κοιλ⁹
2304 3882 2702 3955 ἐτελειώθησαν
2740 3886 2789 3938 oi
2835 3884 2932 3938 τοῦ
2983 3886 3223 3957 Χριστοῦ
3268 3885 3606 3955 θεράποντες
3657 3886 3754 3941 διὰ

2162 3977 2334 4047 πυρὸς
2352 4015 2368 4039 ,
2398 3975 2509 4029 τῶν
2540 3975 2899 4048 μαρτυρικῶν
2932 3978 3189 4047 τυχόντες
3218 3978 3523 4045 στεφάνων.
3553 3979 3754 4050 Δόγμα

2161 4082 2222 4119 τε
2250 4065 2492 4133 ἐξέθετο,
2514 4064 2567 4118 εἴ
2595 4066 2700 4120 πού
2721 4083 2806 4131 τις
2837 4066 3037 4138 εὑρεθῇ
3068 4067 3339 4138 μονάζων,
3365 4067 3753 4136 ἀνεξετάστως

2164 4157 2508 4228 φονεύεσθαι.
2529 4160 2640 4213 Καὶ
2662 4159 2840 4223 οὐδεὶς
2870 4159 3172 4232 ὑπελείφθη
3202 4161 3261 4214 ὲν
3282 4159 3467 4231 ἐκείνῃ
3489 4162 3557 4233 τῇ
3590 4161 3754 4234 χώρᾳ⁸

2160 4249 2261 4304 τοῦ
2295 4249 2541 4305 τοιούτου
2589 4252 2892 4323 τάγματος,
2932 4254 2981 4305 εί
3016 4253 3092 4325 μὴ
3120 4254 3170 4305 οἱ
3209 4254 3267 4306 ἐν
3294 4252 3447 4323 ὄρεσι
3478 4255 3571 4306 καὶ
3599 4271 3752 4325 am;-

2163 4342 2336 4407 λαίοις
2361 4342 2455 4397 καὶ
2475 4345 2597 4408 ταῖς
2632 4343 2794 4407 ὀπαῖς
2829 4344 2927 4415 τῆς
2957 4344 3061 4414 γῆς
3095 4344 3326 4409 ἑαυτοὺς
3354 4344 3754 4417 κατακρύψαν-

2164 4451 2276 4498 τες.
2309 4434 2498 4490 Ταῦτα
2533 4434 2633 4506 μὲν
2664 4430 2758 4489 οὖν
2789 4434 2853 4506 δὴ
2887 4435 3133 4489 τοιαῦτα.

2232 4606 2389 4661 ΚΕΦ.
2434 4606 2513 4661 ις’.
2556 4606 2615 4660 '0
2651 4605 2709 4659 δὲ
2732 4606 2824 4660 τοῦ
2853 4605 3115 4677 βασιλέως
3146 4606 3261 4671 υίὸς
3282 4647 3297 4672 ,
3336 4609 3467 4678 περὶ
3498 4600 3561 4662 οὗ
3596 4609 3627 4661 ὑ
3649 4608 3749 4662 λό-

2163 4714 2258 4766 γος
2292 4698 2387 4750 ἀπ’
2413 4697 2588 4768 ἀρχῆς
2630 4699 2805 4751 εἰπεῖν
2834 4698 3090 4770 ὥρμηται
3115 4738 3131 4765 ,
3169 4701 3228 4752 ὲν
3272 4698 3351 4771 τῷ
3398 4718 3757 4756 κατασκευάς

2170 4789 2347 4844 σθέντι
2383 4789 2533 4860 αὑτῷ
2561 4790 2809 4861 παλατίῳ
2847 4791 3106 4861 ἀπρόῖτος
3135 4789 3233 4855 ὢν,
3263 4790 3374 4861 29
3403 4793 3502 4862 τῆς
3543 4791 3758 4863 ἐφήϐου

2164 4881 2342 4952 ἥψατο
2374 4882 2623 4953 ἡλικίας,
2668 4884 2849 4937 πᾶσαν
2892 4883 2993 4953 τὴν
3040 4882 3315 4937 Αἰθιόπων
3367 4885 3462 4938 καὶ
3518 4884 3759 4955 Περσῶν

2172 4963 2445 5044 μετελθὼν
2470 4974 2717 5027 παιδείαν
2749 4974 2884 5043 (72),
2913 4974 3014 5026 οὑκ
3048 4973 3267 5027 ἔλαττον
3301 4974 3401 5047 τὴν
3424 4974 3604 5046 ψυχὴν
3630 4974 3663 5044 ἢ
3693 4975 3761 5029 τὺ

2173 5065 2332 5137 σῶμα
2362 5066 2568 5137 εὐφυὴς
2595 5065 2670 5119 ὢν
2699 5064 2793 5119 καὶ
2817 5065 3039 5136 ὡραῖος,
3070 5068 3325 5137 νουνεχής
3347 5083 3406 5119 τε
3440 5066 3537 5120 καὶ
3564 5068 3762 5138 φρόνι-

2177 5177 2274 5231 μος
2327 5161 2419 5214 καὶ
2466 5161 2601 5215 πᾶσι
2653 5158 2976 5230 διαλάμπων
3005 5159 3232 5228 ἀγαθοῖς
3271 5161 3718 5231 πλεονεκτήμασι
3743 5201 3761 5226 ,

2176 5253 2472 5326 ζητήματά
2514 5270 2574 5307 τε
2619 5253 2823 5323 φυσικὰ
2859 5252 2995 5324 πρὸς
3030 5254 3159 5316 τοὺς
3197 5253 3554 5316 διδάσκοντας
3591 5253 3765 5307 αὑτὸν

712 5517 1079 5597 Eormulisrb
1099 5522 1199 5597 tsi-ty
1210 5517 1712 5597 είς-έκεῖνοᾷνίῆιῖον,
1733 5524 1801 5597 τό
1823 5541 1887 5593 γε
1924 5525 2004 5597 είς
2035 5522 2051 5575 ὲ

2161 5517 2319 5596 ἧκον,
2363 5524 2430 5597 τό
2459 5541 2522 5590 γε
2553 5526 2634 5597 είς
2676 5524 2876 5597 αὑτοὺς
2919 5519 3076 5597 ἧκον,
3109 5540 3237 5580 usus
3269 5532 3368 5578 est.
3390 5520 3770 5597 Jo._Cantacu-

497 5585 834 5665 ῑθηιξεβίδι.
862 5606 949 5659 pp.
982 5585 1111 5665 192,
1130 5592 1261 5665 252,
1284 5585 1419 5658 954,
1448 5585 1707 5656 53l,'etc.
1733 5585 1868 5649 Vide
1896 5605 1950 5649 et
1972 5585 2080 5665 ,ἰοί
2101 5585 2327 5648 Veécum
2356 5585 2507 5665 Orat.
2541 5585 2829 5663 de'injusta
2857 5585 2954 5650 sui
2977 5585 3313 5665 depositione
3337 5610 3390 5663 p.
3416 5594 3514 5665 715..
3546 5596 3762 5649 Auctor

498 5655 656 5737 apud.
680 5655 1195 5737 Hasinm'ad‘lieon.
1246 5655 1478 5731 Diac.’p.
1505 5666 1631 5727 259.,
1664 5665 1687 5718 1
1719 5683 1732 5719 :
1785 5666 1915 5737 ὅσον
1938 5664 2000 5737 τὸ

2162 5664 2359 5737 αὑτοὺς
2388 5658 2541 5735 ἧκον.
2596 5655 2819 5737 Νίσόρίι.
2853 5655 3153 5735 Chumnus,
3201 5655 3358 5737 cpist'.
3403 5664 3474 5719 ‘27
3503 5663 3711 5721 inedita
3749 5683 3768 5723 :

499 5726 561 5777 οὐ
580 5726 852 5806 ’ἳςρομεὴ
878 5730 938 5784 τό
963 5732 1013 5799 γ’
1045 5729 1180 5806 ἧκον
1206 5737 1287 5799 είς
1323 5726 1489 5806 ἡμᾶς.
1518 5726 1634 5789 Alia
1667 5737 1846 5789 attulit
1878 5736 2051 5789 llasiu:

2157 5735 2257 5789 bitl.
2289 5726 2349 5806 νζ
2374 5726 2499 5790 ἓίὶὸ.

591 5741 852 5868 φερομεν,
878 5741 938 5784 τό
963 5741 1013 5799 γ’
1045 5741 1180 5814 ἡκον
1206 5741 1287 5816 εἰς
1323 5741 1489 5806 ἡμᾶς.
1518 5741 1634 5821 ᾼηει
1667 5741 1846 5817 attulit
1878 5741 2051 5819 "asin:

574 5796 594 5865 (
632 5796 667 5850 ’Ξ
714 5797 931 5859 Lemma
956 5813 1239 5860 metricum
1268 5822 1323 5861 tn
1352 5808 1431 5863 At
1475 5824 1652 5864 πασαν
1678 5806 1858 5879 διηλθε
1893 5822 2043 5859 nato:

2157 5741 2257 5789 bitl.
2289 5750 2340 5798 ι).
2374 5741 2442 5789 ‘20

2187 5805 2442 5875 Ἰωάσαφ.
