3994 6350
445 396 540 461 μοι

1857 381 2229 443 ADDENDA.

3598 387 3725 450 892

447 512 597 581 cujus
623 525 780 566 causa
810 517 1091 580 perpetuus
1115 522 1332 575 mmror,
1356 515 1514 578 atque
1541 510 1715 564 omnis
1739 510 1991 568 intermis-

2121 509 2213 559 καὶ
2245 507 2488 577 βασιλεῦ,
2522 508 2608 577 ἐφ’
2637 500 2682 575 ᾧ
2713 508 2857 578 λύπη
2880 506 3134 580 διηνεκὴς
3167 508 3259 563 καὶ
3286 509 3526 580 μέριμνα
3546 512 3711 565 suis-

448 604 616 657 siouis
642 618 833 671 expers
851 601 1151 656 sollicitudo
1175 602 1408 657 animum
1436 617 1611 656 meum
1633 612 1784 657 exest
1801 619 1861 658 ac
1886 620 2014 659 con-

451 695 576 746 licit.
614 694 766 747 Pater
797 702 970 746 autem
993 707 1056 747 ex
1082 693 1182 748 hoc
1204 695 1320 761 ipso
1343 708 1591 750 sermone
1618 695 1817 750 intimis
1846 697 2014 752 visce-

452 782 594 835 ribus
639 781 985 835 discruciatus
1012 820 1027 846 ,
1069 783 1145 836 ait
1171 799 1186 837 :
1211 783 1305 836 Dic
1349 784 1477 837 mihi
1505 824 1519 849 ,
1554 784 1865 839 charissime
1916 787 2010 852 ﬁli,

390 852 391 855 ¹
450 875 687 938 quisnam
710 871 778 924 sit
805 870 891 926 hic
920 887 1118 928 maeror
1144 875 1232 943 qui
1262 883 1311 929 te
1339 875 1567 941 obsidet,
1590 891 1654 931 ac
1682 877 1860 931 statim
1890 892 2011 933 eum

389 954 395 967 ’
452 964 503 1014 in
525 962 772 1031 gaudium
798 975 1127 1019 commutare
1148 966 1395 1021 studebo.
1415 966 1549 1020 Tum
1579 982 1707 1035 puer
1731 985 1745 1021 :
1772 968 2009 1036 Expone,

454 1053 639 1123 inquit,
688 1055 938 1122 quidnam
987 1070 1161 1109 causa:
1204 1057 1271 1109 sit
1300 1074 1395 1112 cur
1427 1057 1510 1111 hic
1550 1058 1819 1123 detinear,
1853 1067 2011 1126 atque

453 1147 587 1190 mter
617 1154 796 1192 murus
824 1148 876 1193 et
897 1139 1090 1208 januas
1131 1135 1224 1196 abs
1266 1151 1316 1195 te
1346 1143 1646 1205 concludar,
1680 1159 1847 1210 eoque
1872 1154 2009 1197 statu

451 1228 572 1292 sim,
600 1237 655 1279 ut
684 1243 712 1279 a
745 1230 955 1281 nemine
984 1230 1116 1283 adiri
1161 1246 1223 1284 ac
1250 1233 1394 1285 cerni
1422 1247 1629 1300 queam.
1667 1233 1944 1299 Quoniam,
1976 1250 2010 1288 ο

451 1314 544 1379 fili,
578 1314 747 1382 inquit
793 1331 908 1379 rex,
939 1316 1058 1370 rmlo
1088 1318 1371 1387 quidquam
1420 1320 1599 1374 videas
1642 1323 1779 1389 quod
1811 1333 2007 1387 pectori

446 1414 536 1457 tuo
567 1407 858 1460 molestiam
890 1406 1093 1472 alien-at,
1120 1409 1315 1476 tibique
1342 1412 1657 1479 voluptatem
1682 1413 2002 1479 interpellat.

446 1493 714 1562 Siquidem
750 1497 847 1550 hoc
877 1510 974 1562 ago
1000 1511 1061 1549 ac
1090 1507 1292 1564 Specto,
1319 1508 1371 1551 ut
1401 1499 1451 1551 in
1481 1503 1748 1568 perpetuis
1775 1503 2003 1575 deliciis,

445 1593 601 1653 atque
638 1585 777 1638 ουιηί
820 1586 1013 1651 gaudio
1050 1589 1318 1655 animique
1362 1594 1667 1659 voluptate,
1699 1607 1853 1647 omne
1884 1596 2005 1652 vita;

447 1679 650 1737 tempus
680 1672 945 1728 traducas.
979 1676 1044 1726 At
1074 1675 1227 1727 velim
1259 1677 1468 1741 scias,o
1493 1679 1639 1745 here,
1673 1682 1841 1751 inquit
1871 1686 2006 1740 filius

449 1759 507 1810 ad
533 1769 753 1827 patrem,
787 1776 874 1815 me
911 1763 1011 1816 hoc
1041 1763 1198 1816 modo
1225 1779 1329 1818 non
1366 1765 1419 1819 in
1448 1769 1637 1836 gaudio
1657 1782 1814 1840 atque
1841 1777 2002 1831 animi

448 1848 737 1911 voluptate,
767 1852 860 1904 sed
909 1852 1083 1919 potius
1130 1855 1179 1905 in
1225 1854 1507 1911 afﬂictione
1568 1867 1724 1927 atque
1807 1866 2006 1934 ingenti
2045 1853 2083 1906 Β

442 1935 682 2001 angustia
728 1936 891 1991 vitam
937 1954 1123 2007 agere;
1157 1945 1290 1994 adeo
1323 1953 1378 1995 ut
1407 1944 1517 2013 ipse
1541 1962 1750 2016 quoque
1775 1952 1921 2006 cibus
1942 1970 2006 2009 ac

444 2034 596 2091 potus
633 2028 842 2081 fastidio
884 2030 1011 2084 mihi
1057 2041 1110 2085 et
1154 2034 1427 2088 acerbitati
1473 2038 1571 2101 sit;
1619 2041 1814 2095 etenim
1846 2047 2005 2111 gestit

440 2114 646 2169 animus
687 2130 747 2169 ea
792 2133 909 2184 qua:
938 2130 1086 2174 extra
1139 2123 1234 2176 has
1276 2124 1465 2192 januas
1498 2138 1637 2201 sunt
1681 2136 2002 2201 perspicere.

440 2200 797 2266 Quamobrem
818 2207 862 2260 si
891 2223 976 2263 me
1005 2210 1123 2265 laete
1146 2227 1208 2265 ac
1230 2211 1463 2281 jucunde
1489 2200 1662 2275 vivere
1687 2200 1855 2291 cupis.
1874 2226 2001 2291 jube

439 2306 524 2345 me
552 2293 807 2347 arbitratu
837 2311 954 2349 meo
986 2297 1125 2352 foras
1155 2305 1418 2372 progredi,
1441 2317 1598 2375 atque
1623 2323 1803 2363 earum
1825 2328 2001 2366 rerum

440 2397 658 2449 quarunt
690 2399 1002 2454 prospectus
1032 2391 1157 2443 mihi
1187 2403 1407 2460 negatur
1437 2400 1742 2465 spectaculo
1766 2404 2000 2459 animant

440 2472 727 2528 oblectare.

508 2564 629 2618 "ch
681 2576 737 2619 ut
777 2584 865 2621 rex
913 2570 1132 2639 audivit,
1246 2574 1499 2629 maestitia
1573 2575 1799 2633 aﬂ‘ectus
1891 2598 1998 2652 est,

436 2652 667 2721 illudque
688 2657 947 2724 cogitabat
976 2660 1120 2722 fore,
1148 2672 1204 2717 ut
1234 2664 1276 2718 si
1305 2665 1375 2719 illi
1405 2668 1544 2736 quod
1589 2675 1797 2739 petebat
1840 2678 1999 2732 deuc-

434 2753 596 2808 garet,
628 2745 883 2816 majorem
914 2753 959 2803 ei
992 2768 1271 2809 maerorem
1303 2771 1364 2811 ac
1407 2760 1814 2819 sollicitudinem
1846 2767 1999 2822 affer-

435 2843 532 2885 ret.
589 2836 841 2902 Quocirca
895 2855 954 2895 se
998 2858 1117 2911 qua:
1168 2857 1315 2913 grata
1356 2848 1455 2917 ipsi
1505 2864 1685 2907 essent
1730 2856 1989 2914 facturum

432 2923 579 2976 dixit.
610 2927 686 2980 Ac
712 2930 886 2983 statim
918 2932 1138 2988 eximios
1166 2951 1329 3002 equos
1360 2955 1419 2994 ac
1459 2944 1741 3000 satellitum
1784 2964 1994 3007 manum

431 3017 588 3085 regia}
608 3018 841 3087 dignitati
864 3037 1235 3092 congruentem
1263 3032 1433 3098 parari
1451 3034 1629 3103 jussit,
1657 3039 1809 3107 eique
1833 3042 1993 3109 foras,

430 3108 635 3170 quoties
662 3110 836 3176 vellet,
873 3118 1237 3182 progrediendi
1286 3131 1598 3188 potestatein
1629 3126 1768 3182 fecit.
1802 3130 1870 3186 lis
1900 3108 1995 3186 aué

431 3205 534 3249 tem
562 3199 650 3267 qui
679 3216 797 3253 cum
828 3218 892 3256 e0
916 3208 1261 3263 versabantur
1286 3229 1620 3284 summopere
1644 3222 1916 3277 mandavit
1940 3233 1994 3280 ut
2020 3248 2063 3304 ε

430 3297 681 3341 curarent
711 3305 777 3343 ne
821 3294 945 3359 quid
987 3296 1256 3363 injucundi
1288 3303 1495 3358 obviam
1528 3309 1773 3375 haberet;
1808 3328 1992 3370 verum

429 3375 679 3444 quidquid
709 3379 985 3446 pulchrum
1021 3396 1073 3437 et
1102 3401 1369 3443 alumnum
1408 3408 1471 3447 ac
1508 3394 1797 3463 jucundum
1827 3416 1992 3470 esset,

430 3465 526 3526 ipsi
549 3469 919 3536 ostenderent;
942 3472 1271 3547 cln-reasque
1295 3481 1344 3533 in
1370 3484 1465 3536 viis
1487 3488 1766 3555 agitarent,
1792 3494 1992 3548 suavis-

426 3556 677 3626 simisque
704 3561 1034 3618 cantionibus
1059 3581 1273 3635 Operam
1306 3572 1511 3642 darent,
1536 3592 1597 3631 ac
1622 3584 1763 3635 varia
1784 3596 1990 3651 specta-

427 3648 541 3700 cula
573 3659 978 3718 Consttuercnt,
1010 3669 1064 3711 ut
1088 3660 1200 3728 ipse
1225 3676 1454 3722 mentem
1478 3668 1558 3722 his
1583 3673 1739 3725 rebus
1767 3648 1988 3746 occupa-

429 3746 510 3792 ret
537 3750 695 3809 atque
722 3741 1031 3802 oblectaret.

490 3876 619 3933 Cum
650 3880 811 3950 igitur
840 3886 980 3955 regis
1011 3887 1148 3943 ﬁlius
1178 3891 1242 3946 ad
1276 3893 1411 3949 hunc
1444 3898 1657 3954 modum
1691 3902 1829 3958 foras
1860 3922 1975 3960 crc-

423 3967 517 4023 hro
547 3972 985 4041 progrederetur,
1031 3980 1257 4047 quadam
1302 3984 1390 4039 die
1438 3988 1798 4047 ministrorum
1848 3995 1980 4051 obli-

420 4059 573 4115 vione
602 4062 796 4118 factum
822 4076 909 4121 est
939 4078 995 4122 ut
1025 4070 1161 4125 duos
1195 4074 1339 4129 viros
1372 4080 1727 4151 perspiceret,
1752 4102 1975 4154 quorum

418 4158 553 4207 alter
583 4155 723 4223 lepra
743 4197 759 4223 ,
792 4158 929 4214 alter
957 4162 1197 4218 caecitate
1222 4164 1514 4222 laborabat.
1542 4172 1683 4237 Quos
1705 4177 1978 4244 conspica-

420 4255 521 4311 tus,
548 4259 704 4316 atque
730 4251 893 4304 animi
926 4256 1175 4306 maestitia
1203 4256 1424 4313 ail‘ectus
1446 4302 1460 4325 ,
1492 4261 1558 4315 ab
1589 4263 1653 4315 iis
1676 4266 1764 4332 qui
1796 4282 1975 4324 secum

414 4347 565 4389 erant
614 4340 829 4407 quinam
886 4343 936 4394 hi
987 4354 1197 4410 essent,
1247 4357 1299 4402 et
1350 4352 1613 4417 quodnam
1667 4371 1826 4423 grave
1876 4360 1975 4418 hoc

413 4430 771 4493 spectaculum
801 4440 964 4497 esset,
1001 4444 1336 4501 percontatus
1365 4452 1475 4508 est;
1507 4444 1584 4498 illi
1612 4455 1822 4517 autem,
1852 4466 1971 4509 cum

417 4517 465 4568 id
493 4518 636 4585 quod
672 4520 724 4573 in
766 4521 931 4589 ipsius
976 4536 1246 4595 aspccmm
1282 4546 1497 4591 venerat
1543 4540 1812 4599 occultare
1862 4562 1967 4602 non

416 4617 644 4673 possent,
668 4610 763 4665 has
790 4612 1047 4670 humanas
1072 4623 1399 4677 calamitates
1421 4641 1540 4683 esse
1560 4633 1968 4707 responderunt,

411 4713 526 4764 quae
555 4714 619 4754 ex
651 4716 895 4773 corrupta
928 4712 1181 4777 materia,
1213 4723 1267 4767 et
1295 4729 1520 4784 corpore
1550 4720 1753 4777 vitiosis
1782 4725 1971 4784 humo-

411 4788 552 4844 ribus
586 4793 764 4860 pleno,
798 4799 1109 4853 mortalibus
1136 4805 1446 4873 contingere
1467 4809 1662 4865 solent.
1683 4813 1813 4869 Tum
1843 4819 1963 4874 ille:

406 4878 689 4936 Cunctisne
735 4885 1037 4941 hominibus
1086 4889 1198 4946 haec
1248 4895 1491 4952 accidere
1538 4910 1970 4964 consueverunt?

407 4969 517 5025 Non
547 4974 780 5036 cunctis.
828 4978 1069 5048 inquiunt
1095 4983 1203 5048 illi,
1237 5003 1419 5043 verum
1451 4992 1516 5046 iis
1542 4994 1799 5053 duntaxat
1835 4992 1963 5071 quo-

405 5077 519 5114 rum
553 5065 800 5121 valetudo
849 5079 1067 5139 prepter
1099 5074 1369 5146 improbos
1402 5081 1652 5140 humores
1678 5065 1958 5157 depravata

403 5152 489 5204 sil.
534 5153 761 5211 Rursum
792 5160 952 5229 igitur
979 5166 1243 5221 sciscitari
1274 5174 1506 5235 perrexit
1532 5152 1880 5235 adolescens:
1908 5184 1964 5238 Si

405 5256 509 5295 non
541 5259 724 5302 omnes
748 5249 991 5307 homines
1021 5255 1072 5308 in
1105 5257 1199 5311 has
1228 5261 1555 5319 calamitates
1583 5267 1816 5323 incidere
1836 5287 1964 5328 con-

400 5347 706 5402 Suevcrunt,
734 5344 829 5396 sed
858 5346 1071 5410 quidam
1101 5349 1391 5416 duntaxat,
1426 5357 1828 5424 etploratuinne
1878 5376 1959 5420 est

399 5424 613 5488 quinam
660 5430 769 5483 sint
816 5449 945 5501 quos
991 5439 1247 5493 malorum
1297 5446 1613 5502 acerbitates
1667 5464 1956 5521 arrepturze

397 5523 535 5579 sunt;
567 5532 634 5570 an
663 5532 843 5575 centra
889 5527 1018 5579 citra
1072 5530 1234 5584 ullam
1282 5533 1675 5604 diStiuctioncm
1707 5553 1863 5614 atque
1892 5565 1956 5603 ex

2120 618 2357 664 παυστος
2388 601 2664 655 κατεσθίει
2703 619 2802 672 μου
2831 600 2931 671 τὴν
2974 601 3174 671 ψυχήν.
3214 602 3272 655 ’0
3297 602 3354 655 δὲ
3384 602 3566 674 πατὴρ
3587 645 3602 667 ,
3638 606 3713 669 ἐξ

2118 694 2298 746 αὐτῶν
2344 693 2453 746 τῶν
2496 693 2760 765 ῥημάτων
2813 693 3058 763 ἀλγήσας
3098 692 3168 745 τὰ
3202 693 3521 763 σπλάγχνα,
3554 694 3660 762 ἔφη
3690 713 3709 727 ο

2117 786 2257 854 Λέγε
2287 803 2376 855 μοι
2404 827 2417 849 ,
2449 786 2637 839 τέκνον
2683 784 3083 849 ποθεινότατον,
3110 785 3192 847 τίς
3224 787 3257 854 ἠ
3302 785 3605 856 συνέχουσά
3638 804 3711 839 σε

2116 877 2284 947 λύπη,
2311 877 2402 929 καὶ
2430 875 2621 930 θᾶττον
2648 875 2819 947 αὐτὴν
2848 878 2928 938 εἰς
2958 875 3136 946 χαρὰν
3165 875 3502 944 μεταμεῖψαι
3535 895 3705 930 σπου-

2115 970 2285 1023 δάσω.
2333 971 2442 1024 Καί
2482 988 2652 1041 φησιν
2697 972 2725 1023 6
2767 973 2919 1033 παίςο
2963 970 3059 1033 Τίς
3100 969 3129 1021 6
3177 969 3375 1039 τρόπος
3410 970 3509 1039 τῆς
3553 970 3707 1041 ἐμῆς

2115 1062 2303 1118 ἐνθάδε
2349 1063 2715 1133 καθείρξεως,
2763 1063 2844 1115 ὅτι
2887 1061 3038 1125 ἐντὸς
3086 1062 3316 1131 τειχέων
3362 1063 3455 1115 καὶ
3507 1062 3705 1113 πυλῶν

2117 1155 2465 1218 συνέκλεισὰς
2514 1173 2579 1226 με
2604 1198 2617 1219 ,
2643 1156 2903 1226 ἀπρόῖτον
2941 1155 3119 1223 πάντη
3158 1154 3253 1207 καὶ
3292 1153 3525 1207 ἀθέατον
3556 1155 3703 1205 πᾶσί

2118 1266 2183 1318 με
2211 1249 2596 1317 καταστήσας;
2632 1248 2738 1301 Kal.
2770 1250 2798 1301 6
2826 1248 3007 1319 πατὴρ
3037 1247 3170 1317 ἔφη·
3204 1248 3279 1300 Οὐ
3310 1246 3603 1315 βούλομαι,
3647 1239 3700 1297 ὧ

2112 1342 2322 1403 τέκνον,
2366 1340 2490 1392 ἰδεῖν
2523 1340 2582 1392 σέ
2611 1356 2664 1390 τι
2701 1339 2809 1391 τῶν
2842 1338 3175 1408 ἀηδιζόντων
3206 1337 3307 1409 τὴν
3336 1337 3561 1408 καρδίαν
3598 1354 3698 1389 σου

2114 1433 2207 1485 καὶ
2248 1432 2625 1499 ἐγκοπτόντων
2674 1448 2756 1484 σοι
2795 1430 2894 1499 τὴν
2938 1430 3304 1502 εὐφροσύνην.
3368 1430 3455 1482 Ἐν
3505 1432 3694 1500 τρυφῇ

2112 1526 2221 1595 γὰρ
2255 1524 2495 1594 διηνεκεί
2532 1523 2627 1575 καὶ
2674 1524 2815 1594 χαρᾷ
2844 1522 2996 1594 πάσῃ
3029 1523 3125 1575 καὶ
3155 1521 3392 1592 θυμηδίᾳ
3428 1521 3595 1592 ζῆσαί
3630 1539 3697 1573 σε

2111 1619 2201 1671 τὸν
2235 1618 2449 1671 ἅπαντα
2492 1616 2811 1685 διανοοῦμαι
2844 1616 3037 1669 αἰῶνα.
3099 1613 3239 1666 Ἀλλ’
3265 1610 3324 1669 εὖ
3357 1613 3463 1666 ἴσθι
3487 1655 3500 1677 ,
3530 1608 3573 1667 ὦ
3604 1613 3698 1667 δέ·-

2113 1727 2305 1775 σποτα,
2333 1709 2496 1779 φησὶν
2529 1710 2557 1762 6
2584 1708 2695 1771 υίὸς
2739 1708 2818 1777 τῷ
2845 1708 3034 1776 πατρὶ,
3068 1706 3145 1776 τῷ
3176 1706 3364 1777 τρόπῳ
3390 1706 3561 1775 τούτῳ
3587 1706 3695 1757 οὐκ

2112 1804 2170 1854 ἐν
2217 1803 2360 1873 χαρᾷ
2403 1802 2500 1854 καὶ
2529 1800 2769 1870 θυμηδίᾳ
2800 1800 2899 1865 ζῶ,
2949 1802 3007 1853 ἐν
3046 1798 3223 1867 θλίψει
3261 1799 3319 1851 δὲ
3353 1798 3550 1868 μᾶλλον
3594 1798 3694 1850 καὶ

2114 1890 2445 1961 στενοχωρίᾳ
2474 1891 2641 1960 πολλῇ
2664 1931 2678 1954 ,
2713 1891 2790 1953 ὡς
2820 1891 2912 1943 καὶ
2949 1888 3117 1959 αὐτὴν
3148 1890 3249 1958 τὴν
3280 1888 3482 1960 βρῶσίν
3509 1906 3566 1941 τε
3593 1891 3692 1941 καὶ

2112 1984 2265 2035 πόσιν
2287 1983 2424 2053 ἀηδῆ
2453 2001 2540 2053 μοι
2567 1982 2996 2050 καταφαίνεσθαι
3020 1980 3129 2052 (76)
3154 1982 3249 2034 καὶ
3279 1981 3502 2051 πικράν.
3526 1980 3693 2033 Ποθῶ

2109 2076 2217 2144 γὰρ
2239 2075 2372 2145 ὁρᾷν
2403 2074 2582 2127 πάντα
2619 2073 2686 2127 τὰ
2718 2074 2822 2137 ἔξω
2864 2073 2972 2125 τῶν
3003 2072 3186 2126 πυλῶν
3231 2074 3457 2126 τούτων.
3493 2072 3552 2123 Εἰ
3590 2067 3691 2126 οὖν

2110 2164 2286 2234 βούλει
2335 2165 2391 2217 ἐν
2434 2165 2596 2237 ὀδύνῃ
2636 2164 2710 2234 μὴ
2737 2164 2835 2233 ζῇν
2869 2181 2935 2233 με
2962 2204 2977 2227 ,
3023 2163 3277 2216 κέλευσον
3320 2161 3689 2233 προέρχεσθαι

2109 2255 2289 2316 καθὼς
2327 2255 2623 2325 βούλομαι,
2666 2257 2763 2309 καὶ
2794 2256 3094 2328 τέρπεσθαι
3130 2256 3227 2327 τὴν
3257 2256 3435 2325 ψυχὴν
3473 2258 3535 2326 τῇ
3582 2256 3689 2328 θέα

2106 2349 2215 2400 τῶν
2247 2349 2556 2417 γενομένων
2587 2349 2724 2412 τέως
2756 2350 3001 2403 ἀθεάτων
3036 2368 3147 2419 μοι.

2171 2612 2277 2683 32
2332 2612 2605 2684 Ἐλυπήθη
2634 2614 2663 2666 6
2693 2612 2945 2682 βασιλεὺς
2973 2613 3048 2676 ὡς
3092 2614 3293 2682 ἢκουσε
3335 2614 3536 2678 ταῦτα,
3586 2617 3685 2669 καὶ

2100 2704 2376 2758 διεσκόπει
2421 2705 2517 2772 ὡς,
2549 2708 2598 2759 εί
2641 2705 2876 2759 κωλύσει
2939 2707 3036 2775 τῆς
3079 2708 3373 2778 αἰτήσεως,
3433 2709 3682 2774 πλείονος

2100 2799 2247 2869 αύτῷ
2264 2799 2418 2862 ἀνίας
2439 2799 2532 2853 καὶ
2555 2799 2825 2870 μερίμνης
2848 2798 3106 2870 πρόξενος
3125 2799 3300 2854 ἔσται.
3328 2802 3456 2866 Καὶ,
3481 2822 3498 2852 ι
3535 2801 3684 2871 Ἐγώ

2103 2909 2221 2955 σου,
2252 2893 2466 2955 τέκνον,
2497 2890 2688 2956 είπὼν,
2710 2891 2781 2944 τὰ
2812 2892 3126 2961 καταθύμια
3161 2895 3395 2965 ποιήσω,
3424 2915 3440 2947 ο
3478 2896 3681 2959 ἵππους

2098 2984 2297 3039 αὐτίκα
2328 2984 2618 3048 ἐκλεκτοὺς
2662 2986 2757 3038 καὶ
2788 2985 3116 3057 δορυφορίαν
3148 2987 3247 3056 τὴν
3282 2986 3493 3056 βασιλεῖ
3537 2991 3679 3060 ςτρέ-

2099 3093 2305 3129 πουσαν
2339 3075 2768 3147 εὐτρεπισθῆναι
2821 3075 3104 3141 κελεύσας,
3167 3078 3531 3149 προέρχεσθαι
3576 3083 3681 3135 αὖα

2096 3167 2186 3220 τὸν
2214 3167 2302 3220 ὅτε
2333 3166 2577 3235 βούλοιτο
2622 3166 2938 3236 διωρίσατο,
2975 3168 3290 3241 ἐπισκήψας
3332 3173 3444 3234 τοῖς
3486 3173 3699 3229 συνοῦ-ν,

2098 3276 2182 3311 σιν
2214 3258 2364 3329 αὐτῷ
2414 3259 2581 3329 μηδὲν
2630 3259 2794 3330 ἀηδὲς
2826 3260 2905 3323 εἰς
2939 3261 3266 3331 συνάντησιν
3311 3263 3461 3334 αὑτῴ
3493 3267 3674 3332 ἄγειν,

2093 3350 2250 3415 ἀλλὰ,
2284 3351 2392 3404 πᾶν
2433 3352 2460 3402 ὅ
2503 3368 2556 3403 τι
2597 3350 2761 3404 καλὸν
2806 3351 2898 3405 καὶ
2933 3351 3126 3423 τέρψιν
3175 3355 3461 3424 ἐμποιοῦν,
3514 3358 3678 3413 τοῦτο

2093 3442 2461 3496 ὑποδεικνύειν
2491 3443 2568 3514 τῷ
2596 3443 2777 3507 παιδὶ,
2799 3444 2995 3514 χορούς
3014 3463 3074 3498 τε
3111 3449 3432 3517 συγκροτεῖν
3464 3450 3519 3500 ἐν
3551 3452 3676 3513 ταῖς

2090 3534 2229 3597 ὁδοῖς
2280 3536 2683 3606 παναρμονίους
2737 3536 3077 3607 κροτούντων
3116 3537 3257 3608 ᾠδὰς
3307 3540 3400 3593 καὶ
3448 3542 3674 3596 ποικίλα

2091 3626 2292 3698 θέατρα
2333 3626 2729 3689 συνιστὼντων.
2778 3629 2919 3683 ὥστε
2960 3629 3172 3694 τούτοις
3203 3631 3298 3685 τὸν
3332 3630 3457 3685 νοῦν
3500 3634 3672 3688 αὐτοῦ

2092 3717 2521 3789 ἀπασχολεῖσθαι
2548 3720 2643 3773 καὶ
2672 3721 3043 3791 ὲνηδύνεσθαι.

2172 3896 2389 3967 Ἀμέλει
2424 3896 2623 3950 οὑτωσὶ
2665 3897 2946 3967 συχνάζων
2973 3902 3030 3953 ὲν
3073 3902 3194 3965 ταῖς
3233 3903 3479 3973 προόδοις
3508 3908 3537 3959 6
3571 3910 3669 3963 τοῦ

2088 3989 2350 4058 βασιλέως
2379 3989 2512 4055 υἱὸς,
2544 3988 2684 4043 εἶδεν
2710 3993 2766 4043 ἐν
2795 3993 2894 4061 μιᾷ
2918 3992 3025 4044 τῶν
3056 3993 3299 4064 ἡμερῶν,
3325 3996 3464 4049 κατὰ
3489 3999 3672 4071 λήθην

2085 4082 2195 4135 τῶν
2226 4082 2539 4153 ὑπηρετῶν,
2575 4083 2778 4154 ἄνδρας
2807 4083 2901 4136 δύο
2920 4122 2936 4148 ,
2967 4078 3043 4138 ὧν
3075 4089 3104 4139 6
3130 4086 3228 4156 μὲν
3259 4086 3666 4160 λελωϐημένος,

2084 4173 2281 4242 τυφλὸς
2309 4176 2366 4229 δὲ
2399 4177 2426 4229 6
2464 4175 2652 4247 ἕτερος
2694 4172 2783 4246 ἦν·
2816 4176 2907 4239 οὓς
2940 4177 3084 4242 ἰδὼν,
3129 4180 3222 4233 καὶ
3251 4181 3533 4252 ἀηδισθε¹ις
3563 4186 3669 4257 τὴν

2083 4266 2282 4336 ψυχὴν,
2312 4266 2461 4334 λέγει
2493 4269 2603 4331 τοῖς
2641 4268 2772 4337 μετ’.
2799 4268 2986 4322 αὐτοῦ’
3018 4270 3177 4335 Τίνες
3218 4268 3393 4339 οὗτοι,
3431 4276 3525 4328 καὶ
3565 4296 3667 4331 πο-

2081 4357 2227 4429 ταπὴ
2256 4360 2290 4429 ἡ
2323 4359 2595 4431 δυσχερὴς
2637 4360 2817 4413 αὐτῶν
2862 4360 2992 4427 θέα;
3027 4364 3089 4415 υἱ
3132 4364 3218 4427 δὲ,
3257 4366 3332 4435 μὴ
3367 4366 3666 4435 δυνάμενοι

2082 4451 2144 4505 τὸ
2174 4453 2254 4515 είς
2281 4453 2470 4524 ὅρασιν
2499 4453 2664 4507 αὐτοῦ
2694 4454 2845 4508 ἐλθὸν
2866 4456 3206 4526 ἀποκρύψαι,
3233 4458 3470 4529 ἔφησανθ
3507 4460 3664 4531 υάθη

2013 4584 2056 4639 D
2084 4542 2255 4596 ταῦτά
2289 4546 2428 4596 εἰσιν
2468 4543 2820 4613 ἀνθρώπινα,
2862 4547 3020 4599 ἅτινα
3064 4547 3123 4612 ἐξ
3159 4548 3290 4618 ὕλης
3329 4550 3665 4622 διεφθαρμέ-

2086 4652 2181 4704 νης
2212 4636 2305 4687 καὶ
2331 4633 2583 4706 σώματος
2606 4637 2811 4706 κακοχύ
2821 4654 2921 4707 μου
2948 4640 3059 4701 τοῖς
3100 4638 3314 4709 βροτοῖς
3340 4642 3664 4711 συμϐαίνειν

2084 4726 2261 4779 εἴωθε.
2295 4724 2403 4778 Καί
2429 4742 2595 4795 φησιν
2615 4728 2643 4779 6
2668 4729 2818 4790 παῖς·
2850 4729 2991 4781 Πᾶσι
3016 4732 3127 4792 τοῖς
3152 4729 3462 4802 ἀνθρώποις
3487 4734 3664 4788 ταῦτα

2081 4817 2314 4870 εἴθισται
2365 4817 2717 4887 συμϐαίνεινς
2752 4820 3019 4887 Λέγουσιν
3067 4823 3287 4874 ἐκεῖνοι*
3344 4824 3417 4877 Οὐ
3467 4827 3660 4893 πᾶσιν,

2082 4909 2197 4963 ἀλλ’
2225 4905 2307 4971 οἷς
2337 4908 2402 4961 ἂν
2430 4911 2729 4982 ἐκτραπείη
2760 4913 2820 4965 τὸ
2845 4912 3079 4980 ὑγιεινὸν
3110 4916 3173 4967 ἐκ
3199 4916 3299 4984 τῆς
3327 4915 3438 4969 τῶν
3466 4919 3660 4987 χυμῶν

2084 5002 2406 5073 μοχθηρίας.
2437 5000 2603 5067 Αὖθις
2625 5000 2717 5058 οὖν
2740 5005 3069 5058 ἐπυνθάνετο
3092 5008 3119 5058 6
3144 5010 3290 5070 nat,"
3318 5010 3381 5061 Εἰ
3405 5012 3467 5063 οὐ
3495 5013 3655 5079 πᾶσι,

2083 5094 2238 5163 φησὶ,
2269 5094 2428 5147 τοῦτο
2456 5099 2570 5159 τοῖς
2603 5096 2915 5167 ἀνθρώποις
2934 5099 3256 5168 συμϐαίνειν
3279 5102 3490 5167 εἴωθεν,
3518 5105 3659 5160 ἀλλά

2078 5188 2240 5254 τισὶν,
2288 5184 2397 5259 ἆρα
2422 5190 2655 5256 γνωστο)⁵
2686 5189 3110 5261 καθεστήκασιν,
3143 5193 3235 5256 οὒς
3268 5194 3453 5264 μέλλει
3481 5196 3659 5252 ταῦτα

2077 5278 2484 5350 καταλήψεσθαι
2511 5280 2578 5334 τὰ
2604 5280 2786 5346 δεινά;
2820 5282 2850 5352 ἢ
2873 5282 3191 5353 ἀδιορίστως
3212 5286 3306 5337 καὶ
3326 5286 3658 5356 ἀπροόπτως

2077 5372 2400 5440 ὑφίσταται;
2579 5373 2841 5442 Λέγουσιν
2878 5374 3098 5427 ἐκεῖνον
3148 5374 3258 5427 Καὶ
3304 5376 3388 5439 τίς
3420 5378 3531 5431 τῶν
3560 5381 3657 5433 ἀνι

2076 5460 2310 5531 θρὼπων
2352 5463 2422 5516 τὰ
2452 5464 2713 5535 μέλλοντα
2748 5464 2983 5516 συνιδεῖν
3016 5465 3239 5519 δύναται
3276 5470 3369 5519 καὶ
3407 5469 3657 5539 ἀκριϐῶς

2074 5553 2405 5624 ἐπιγνῶναι;
2435 5558 2681 5627 κρεῖττον
2713 5556 2820 5628 γὰρ
2847 5557 3195 5629 ἀνθρωπίνης
3226 5561 3444 5628 φύσεως
3471 5562 3652 5625 τοῦτο,

442 5739 578 5819 ,(76)
609 5739 671 5801 (ἶ,
698 5739 1003 5819 φαίνεσθαι.
1032 5740 1308 5826 Lihanius,
1340 5753 1381 5824 ι..
1404 5744 1441 5806 l,
1468 5761 1517 5812 ιι.
1545 5748 1649 5802 ξ.)Σῶ
1678 5765 1692 5803 :
1730 5753 1868 5826 μήτε
1896 5753 1991 5822 ὅψε

2120 5755 2199 5807 ἔτι
2230 5756 2350 5819 τοὺς
2385 5758 2439 5809 ἐν
2464 5759 2579 5820 ταῖς
2606 5757 2897 5826 συνθήκαις
2931 5757 3170 5821 ἐκείνους
3200 5777 3208 5787 ·
3244 5760 3343 5814 ubi
3368 5760 3487 5814 tod.
3515 5760 3650 5815 1000

396 5808 611 5871 θήκαις.
639 5812 836 5865 omissa
870 5827 1009 5866 nunc
1042 5808 1480 5871 commodissime
1525 5808 1923 5887 praepositione.
