3932 6384
249 367 361 431 893
1360 372 1537 435 VITA
1574 374 1934 439 BARLAAM
1969 377 2065 439 ET
2100 379 2456 443 JOASAPH.
3401 379 3507 441 894

257 474 353 527 καὶ
388 473 576 545 μόνοις
620 477 1015 551 ἀποκληρωθέν
1042 483 1155 544 τοῖς
1193 481 1485 546 ἀθανάτοις
1531 484 1700 548 θεοῖς.
1730 488 1841 539 Καὶ

1943 481 2236 552 improviso
2270 483 2623 540 conﬂantur?
2651 484 2719 539 Et
2757 483 2883 553 quis
2927 484 3144 538 tandem
3195 485 3505 551 hominum,

250 564 537 618 ἐπαύσατο
565 567 664 637 μὲν
691 570 718 620 6
764 567 858 621 τοῦ
904 568 1172 639 βασιλέως
1211 570 1326 634 υἱὸς
1360 573 1678 642 ἐπερωτῶν,
1714 574 1842 628 ὠδυ-

1943 574 2338 644 responderunt
2374 577 2474 641 illi,
2502 577 2687 630 futura
2720 577 3037 646 perspicere
3070 592 3131 630 ac
3161 576 3401 644 perfecte
3425 579 3509 631 iu-

250 655 392 725 νήθη
426 656 481 709 δὲ
510 657 609 727 τὴν
631 659 863 729 καρδίαν
893 662 987 713 ἐπὶ
1017 661 1096 733 τῷ
1125 661 1378 733 δραθέντι
1402 705 1416 729 ,
1456 664 1550 717 καὶ
1574 665 1842 739 ἠλλοιώθη

1943 665 2173 736 .elligere
2195 668 2400 737 queat?
2440 668 2556 723 Hoc
2586 669 2737 724 enim
2769 669 3023 722 humanae
3049 676 3259 722 naturae
3284 679 3506 739 captum

251 747 287 816 ἠ
321 746 506 819 μορφὴ
537 749 632 802 τοῦ
660 750 957 823 προσώπου
988 754 1154 808 αὐτοῦ
1179 754 1255 825 τῷ
1279 755 1538 826 ἀσυνήθει
1570 756 1668 810 τοῦ
1702 759 1842 829 πρά‹

1943 757 2160 823 excedit,
2187 774 2249 812 ac
2280 759 2414 814 solis
2444 759 2851 813 immortalibus
2876 758 2983 811 diis
3032 758 3364 812 attributum
3396 767 3504 813 est.

250 853 491 907 γματος.
1927 849 2026 905 Hic
2074 852 2437 920 percontandi
2487 852 2713 921 quidem
2766 851 2929 905 linem
2973 849 3107 903 fecit
3140 851 3287 918 regis
3327 850 3504 913 ﬁlius;

253 948 451 989 verum
493 949 560 988 ex
598 932 916 1003 hujusmodi
950 936 1269 1004 spectaculo
1309 935 1561 991 dolorem
1599 935 1789 991 animo
1829 940 1998 1010 cepit,
2032 942 2222 1012 reique
2254 943 2500 997 novitate
2554 944 2632 998 ita
2661 943 2895 997 allectus
2928 953 3033 1007 est,
3080 948 3140 994 ut
3187 941 3301 994 oris
3334 942 3510 1010 ipsius

255 1033 436 1084 forma
471 1031 886 1085 immutaretur.

323 1123 458 1176 Μετ’
493 1122 555 1175 ού
610 1122 812 1186 πολλάς
833 1123 891 1176 δὲ
922 1124 1137 1197 ἡμέρας
1179 1122 1333 1190 αὖθις
1375 1127 1726 1200 διερχόμενος
1760 1129 1842 1180 ἐν-

2002 1124 2241 1177 Rursum
2276 1132 2462 1179 autem
2494 1128 2640 1181 foras
2673 1111 3060 1197 prbgrediens,
3096 1129 3150 1183 in
3192 1134 3510 1200 capularem

247 1216 515 1287 τυγχάνει
535 1216 753 1287 γέροντι
781 1218 1221 1290 πεπαλαιωμένῳ
1255 1222 1311 1272 ἐν
1339 1221 1575 1291 ἡμέραις
1597 1220 1842 1288 πολλαῖς,

1943 1216 2224 1280 ιυοιηιιοηι
2246 1231 2434 1271 senem
2460 1218 2678 1280 incidit,
2701 1230 2892 1289 rugata
2918 1220 3079 1285 facie,
3104 1221 3294 1277 fractis
3315 1239 3377 1277 ac
3400 1225 3512 1278 dis-

250 1308 649 1379 ἐρρικνωμένῳ
690 1308 791 1379 μὲν
836 1310 897 1362 τὸ
925 1311 1243 1379 πρόσωπον,
1302 1314 1624 1385 παρειμένῳ
1653 1313 1710 1367 δὲ
1746 1316 1844 1378 τὰς

253 1403 495 1473 κνήμας,
531 1403 924 1471 συγκεκυφότι,
962 1404 1056 1456 καὶ
1080 1404 1218 1467 ὅλως
1241 1406 1665 1477 πεπολιωμένῳ,
1691 1408 1843 1460 ἐστε-

255 1495 482 1565 ρημένῳ
524 1496 653 1558 τοὺς
712 1495 954 1558 ὀδόντας,
997 1497 1093 1550 καὶ
1133 1498 1523 1568 ἐγκεκομμένα
1572 1498 1843 1552 λαλοῦντι.

256 1585 564 1654 Ἐκπληξις
615 1582 709 1638 οὖν
751 1586 914 1639 αὑτὸν
977 1587 1285 1658 λαμϐάνεισ
1348 1589 1445 1642 καὶ
1490 1590 1579 1660 δὴ,
1621 1590 1850 1660 πλησίον

252 1680 446 1730 τοῦτον
472 1676 721 1745 ἀγαγὼν,
766 1678 1028 1749 ἐπηρώτα
1067 1680 1260 1750 μαθεῖν
1295 1682 1475 1753 τὸτῆς
1502 1682 1631 1746 θέας
1673 1684 1852 1754 παρά-

251 1772 430 1837 δοξον.
465 1773 611 1826 υίδέ
636 1775 1021 1846 συμπαρόντες
1067 1773 1222 1830 εἷπον
1252 1793 1265 1807 ⁸
1313 1774 1480 1843 Οὗτος
1505 1780 1713 1850 χρόνων
1747 1782 1850 1853 ἤδη

254 1865 533 1919 πλείστων
583 1866 844 1937 ὑπάρχει,
909 1867 1027 1932 καὶ,
1078 1868 1219 1920 κατά
1261 1870 1460 1942 μικρὸν
1514 1871 1846 1943 μειουμένης

252 1958 406 2030 αὐτῷ
434 1959 531 2029 τῆς
568 1959 774 2029 ίσχύος,
802 1959 1240 2026 ὲξασθενούντων
1272 1961 1329 2014 δὲ
1372 1962 1484 2017 τῶν
1529 1964 1730 2034 μελῶν,
1763 1966 1842 2027 εἰς

266 2053 335 2121 ἢν
365 2054 498 2123 ὁρᾷς
532 2052 736 2121 ἔφθασε
778 2054 1176 2126 ταλαιπωρίαν.
1209 2056 1319 2109 Καὶ
1354 2056 1426 2122 τί,
1463 2058 1618 2128 φησι,
1651 2058 1842 2113 τούτου

254 2144 316 2196 τὸ
339 2145 525 2210 τέλος;
559 2146 622 2197 Οἱ
674 2145 731 2198 δὲ
766 2141 921 2199 εἷπον
952 2147 1106 2217 αὐτῷ
1130 2163 1142 2175 ·
1187 2148 1355 2201 Οὐδὲν
1393 2149 1580 2223 ἄλλοῆ
1614 2150 1843 2216 θάνατος

255 2235 421 2289 αὑτὸν
444 2235 766 2302 διαδέξεται.
808 2238 970 2292 Ἀλλά
998 2240 1091 2291 καὶ
1123 2241 1313 2303 πᾶσιν,
1339 2240 1463 2313 ἔφη,
1489 2245 1600 2306 τοῖς
1631 2243 1841 2314 ἀνθρώ-

257 2345 381 2391 ποις
411 2326 571 2381 τοῦτο
626 2330 949 2398 πρόκειται;
1010 2332 1043 2402 ἦ
1089 2335 1184 2386 καὶ
1240 2331 1399 2385 τοῦτο
1452 2334 1618 2396 ἐνίοις
1661 2335 1843 2387 αὐτῶν

256 2420 586 2489 συμϐαίνει;
627 2421 1037 2494 Ἀπεκρίθησαν
1066 2424 1266 2476 ἐκεῖνοι
1298 2439 1313 2453 ο
1345 2424 1407 2476 Εἰ
1444 2424 1522 2496 μὴ
1549 2425 1842 2495 προλαϐὼν

253 2514 282 2563 6
315 2511 547 2575 θάνατος
579 2514 910 2584 μεταστήσει
933 2514 1059 2567 τινὰ
1102 2513 1211 2567 τῶν
1245 2515 1520 2580 ἐντεῦθεν,
1552 2518 1841 2586 ἀδύνατον,

254 2605 365 2657 τῶν
397 2606 603 2675 χρόνων
628 2608 1055 2678 προϐαινόντων,
1089 2609 1164 2679 μὴ
1196 2611 1276 2673 εἰς
1300 2608 1508 2680 ταύτης
1536 2611 1711 2665 ἐλθεῖν
1742 2614 1841 2684 τὴν

259 2699 458 2766 πεῖραν
484 2698 587 2767 τῆς
616 2699 842 2765 τάξεως.
886 2700 994 2754 Καί
1034 2718 1200 2771 φησιν
1238 2705 1267 2756 ὁ
1305 2705 1469 2767 παῖς’
1522 2702 1610 2758 Ἕν
1651 2706 1838 2769 πόσοις

252 2785 350 2840 οὖν
381 2788 527 2842 ἔτεσι
552 2789 710 2843 τοῦτο
731 2791 1039 2861 ἐπέρχεταί»
1064 2810 1170 2846 τινι
1194 2810 1209 2858 ;
1255 2796 1352 2848 καὶ
1381 2797 1429 2848 εἰ
1466 2796 1682 2860 πάντως
1711 2800 1843 2867 πρό-

257 2897 438 2933 κειται
468 2880 495 2931 ὁ
518 2881 770 2946 θάνατος,
800 2884 892 2935 καὶ
916 2884 1015 2936 οὐκ
1042 2883 1156 2937 ἔστι
1190 2884 1412 2955 μέθοδος
1434 2887 1626 2941 τοῦτον
1659 2906 1842 2960 παρα-

253 2973 509 3042 δραμεῖν,
550 2974 642 3026 καὶ
687 2974 822 3043 μηδέ
855 2977 937 3038 εἰς
985 2975 1189 3046 ταύτην
1222 2977 1403 3030 ἐλθεῖν
1434 2978 1535 3050 τὴν
1564 2980 1844 3034 ταλαιπωο

261 3067 422 3135 ρίαν;
479 3066 744 3134 Λέγουσιν
785 3066 969 3137 αὐτῷ·
1020 3068 1109 3120 Ἐν
1163 3068 1497 3138 ὀγδοήκοντα
1535 3070 1633 3139 μὲν
1679 3072 1710 3139 ἦ
1748 3073 1845 3126 xai.

255 3156 455 3211 ἑκατὸν
475 3157 655 3210 ἔτεσιν
682 3160 761 3220 είς
794 3158 953 3211 τοῦτο
980 3159 1040 3211 τὸ
1064 3160 1245 3229 γῆρας
1279 3158 1389 3231 34
1420 3161 1760 3215 καταντῶσιν
1788 3164 1840 3216 oi.

256 3251 562 3323 ἄνθρωποι,
591 3246 710 3303 εἶτα
744 3251 1174 3321 ἀποθνήσκουσι,
1211 3253 1287 3324 μὴ
1328 3254 1504 3317 ἄλλως
1554 3254 1840 3328 ἐνδεχομέ-
1870 3246 1912 3303 C

259 3363 373 3397 νου.
410 3344 585 3413 Χρέος
617 3343 723 3419 γάρ
774 3346 1005 3413 φυσικὸν
1037 3345 1066 3396 6
1105 3343 1334 3407 θάνατός
1369 3346 1538 3406 ἐστιν.
1569 3345 1629 3410 ἐξ
1660 3347 1839 3418 ἀρχῆς

260 3437 509 3489 ἐπιτεθὲν
530 3439 643 3500 τοῖς
668 3435 999 3507 ἀνθρώποις,
1051 3437 1145 3491 καὶ
1183 3437 1563 3509 ἀπαραίτητος
1592 3442 1625 3510 ἠ
1651 3440 1842 3494 τούτου

259 3530 567 3593 ἐπέλευσις.

334 3623 522 3677 Ταῦτα
551 3622 729 3676 πάντα
768 3623 844 3686 ὡς
877 3620 983 3677 εἶδέ
1035 3641 1093 3676 τε
1137 3626 1231 3678 καὶ
1280 3626 1513 3696 ἤκουσεν
1555 3628 1583 3680 6
1623 3627 1844 3690 συνετὸς

261 3716 466 3777 ἐκεῖνος
497 3712 591 3766 καὶ
621 3712 882 3785 φρόνιμος
926 3712 1167 3778 νεανίας,
1223 3715 1486 3780 στενάξας
1529 3716 1594 3769 ἐκ
1644 3716 1844 3785 βάθους

262 3803 516 3875 καρδίας,
556 3803 663 3872 ἔφη
690 3820 703 3831 ·
738 3803 939 3874 Πικρὺς
964 3805 993 3857 6
1026 3804 1141 3874 βίος
1189 3797 1344 3869 οὗτος
1382 3805 1479 3859 καὶ
1507 3806 1689 3877 πάσης
1724 3806 1844 3859 ὀδύ-

263 3912 363 3966 νης
386 3896 483 3950 καὶ
519 3896 713 3966 ἀηδίας
739 3895 1044 3960 ἀνάπλεως,
1080 3897 1128 3948 εί
1157 3900 1330 3951 ταῦτα
1362 3898 1536 3963 οὕτως
1564 3899 1698 3968 ἔχει.
1733 3899 1844 3952 Καὶ

263 3988 385 4051 πῶς
420 3989 788 4059 ἀμεριμνήσει
820 4005 905 4051 τις
942 3991 1008 4059 τῇ
1043 3989 1344 4061 προσδοκίᾳ
1380 3990 1475 4043 τοῦ
1510 3990 1710 4059 ἀδήλου
1744 3989 1841 4042 θα·

271 4083 451 4146 θάτου,
482 4075 594 4151 οὗή
623 4080 832 4143 ἕλευσις
857 4080 916 4133 ού
951 4080 1111 4151 μόνον
1141 4082 1540 4152 ἀπαραίτητος,
1576 4081 1712 4134 ἀλλὰ
1742 4081 1841 4134 καὶ

263 4174 483 4244 ἄδηλος,
518 4171 700 4234 καθὼς
724 4172 938 4235 εἴπατε,
970 4173 1241 4244 ὑπάρχει;
1272 4174 1382 4227 Καὶ
1422 4172 1634 4243 ἀπῆλθε
1666 4174 1840 4228 ταῦτα

263 4268 514 4337 στρέφων
556 4268 612 4319 ἐν
638 4265 841 4335 ἑαυτῷ,
893 4266 985 4318 καὶ
1037 4266 1335 4331 ἀπαύστως
1383 4266 1839 4338 διαλογιζόμενος,

263 4361 356 4414 καὶ
406 4360 618 4423 πυκνὰς
651 4357 975 4427 ποιούμενος
1019 4359 1149 4429 περὶ
1181 4359 1275 4410 τού
1310 4357 1542 4413 θανάτου
1574 4359 1674 4423 τὰς
1711 4360 1842 4416 ὑπο-

263 4454 514 4524 μνήσεις,
538 4451 727 4514 πόνοις
751 4468 811 4503 τε
838 4452 932 4504 καὶ
962 4449 1224 4520 ἀθυμίαις
1248 4452 1310 4503 ἐκ
1330 4450 1520 4504 τούτου
1548 4451 1725 4515 συζῶν
1745 4452 1843 4506 καὶ

265 4546 546 4599 ἄπαυστον
592 4542 731 4613 ἔχων
763 4542 861 4611 τὴν
908 4541 1107 4611 λύπην.
1157 4541 1350 4610 Ἔλεγε
1387 4542 1495 4612 γὰρ
1533 4543 1592 4596 ἐν
1623 4542 1801 4614 ἐαυτῷ
1824 4561 1837 4574 ο
1872 4589 1918 4644 D

260 4633 409 4709 ’Λρά
430 4635 563 4688 ποτέ
593 4652 661 4705 με
684 4637 712 4688 ὁ
742 4634 972 4697 θάνατος
1005 4633 1413 4705 καταλήψεται;
1455 4636 1547 4688 καὶ
1568 4636 1651 4700 τίς
1680 4636 1835 4688 ἔσται

258 4733 288 4783 ὁ
323 4730 545 4800 μνήμην
577 4744 676 4796 μου
709 4726 1031 4796 ποιούμενος
1060 4726 1201 4797 μετά
1244 4726 1495 4793 θάνατον,
1521 4728 1619 4780 τοῦ
1647 4726 1840 4800 χρόνου

258 4823 438 4875 πάντα
465 4822 534 4891 τῇ
570 4818 709 4890 λήθῃ
744 4818 1160 4890 παραδιδόντος;
1194 4819 1289 4872 καὶ
1331 4820 1380 4872 εί
1426 4819 1718 4873 ἀποθανὼν
1756 4823 1838 4885 εἰς

254 4914 317 4965 τὺ
352 4912 425 4983 μὴ
464 4910 524 4963 ὂν
552 4910 984 4980 διαλυθήσομαι;
1024 4910 1057 4979 ἢ
1109 4909 1225 4962 ἔστι
1250 4928 1333 4974 τις
1372 4911 1506 4983 ἄλλη
1543 4911 1698 4985 βιοτὴ
1740 4916 1835 4969 καὶ

252 5005 443 5074 ἔτερος
477 5001 716 5072 κόσμος;
754 5002 941 5055 Ταῦτα
975 5003 1069 5055 καὶ
1098 5003 1167 5056 τά
1209 5003 1424 5068 τούτοις
1453 5006 1615 5075 ὃμοια
1652 5007 1834 5059 ἀπαύ-

255 5112 399 5156 στως
427 5094 715 5163 διενθυμού
726 5111 907 5164 μενος,
934 5094 1154 5165 ὠχριῶν
1177 5096 1541 5166 κατετήκετοο
1572 5099 1693 5150 κατ’
1716 5098 1840 5168 ὄψιν

251 5189 309 5241 δὲ
332 5188 429 5240 τοῦ
458 5188 687 5257 πατρὸς,
720 5187 808 5239 ὅτε
846 5188 1048 5258 συνέϐη
1082 5187 1274 5242 τοῦτον
1308 5188 1626 5257 ἀφικέσθαι,
1670 5209 1842 5263 προσ⁴

250 5283 492 5335 εποιεῖτο
522 5279 584 5332 τὸ
633 5279 817 5350 ἱλαρὸν
862 5280 958 5332 καὶ
999 5280 1228 5347 ἄλυπον,
1276 5281 1351 5352 μὴ
1387 5281 1717 5354 βουλόμενος
1758 5286 1839 5348 είς

251 5374 455 5445 γνῶσιν
502 5373 579 5445 τῷ
638 5372 805 5443 πατρὶ
880 5372 949 5425 τὰ
1002 5372 1150 5444 αὐτῷ
1220 5375 1568 5446 μελετώμενα
1643 5377 1838 5433 ἐλθεῖν.

266 5466 483 5520 Ἐπόθει
503 5466 561 5520 δὲ
600 5464 961 5534 ἀκατασχέτῳ
976 5466 1082 5517 τινὶ
1118 5465 1270 5534 πόθῳ
1291 5466 1386 5520 καὶ
1416 5467 1661 5537 ἐγλίχετο
1694 5471 1847 5521 ἐντυο

253 5559 370 5626 χεῖν
390 5574 495 5608 τινι
524 5556 605 5625 τῷ
628 5556 915 5626 δυναμένῳ
940 5555 1039 5627 τὴν
1058 5556 1224 5609 αὐτοῦ
1251 5558 1670 5629 πληροφορῆσαι
1696 5576 1845 5629 καρ-

248 5649 393 5715 δίαν,
428 5649 523 5702 καὶ
552 5648 709 5719 λόγον
743 5650 947 5717 ἀγαθὸν
981 5653 1101 5713 ταῖς
1130 5649 1295 5703 αὑτοῦ
1332 5652 1524 5716 ἀκοαῖς
1549 5654 1841 5723 ἐνηχῆσαι.

324 5830 430 5885 Τὸν
474 5831 1021 5903 προμνημονευθέντα
1043 5832 1098 5886 δὲ
1148 5832 1491 5903 παιδαγωγὸν
1556 5833 1705 5899 αὖθις
1752 5838 1845 5889 ἐπ·

1938 1304 2126 1361 solutis
2158 1307 2322 1371 tibiis,
2355 1322 2519 1362 curvo
2556 1322 2811 1375 corpore,
2860 1313 3037 1375 capite
3083 1321 3299 1375 prorsus
3340 1320 3506 1369 cano,

1936 1396 2024 1463 qui
2058 1404 2309 1462 praeterea
2340 1394 2587 1449 dentibus
2604 1398 2839 1461 carebat,
2870 1407 3026 1465 atque
3044 1396 3313 1450 concisum
3341 1394 3501 1462 quid-

1937 1485 2057 1539 dam
2087 1495 2140 1539 et
2170 1485 2522 1553 interruptum
2553 1485 2887 1553 loquebatur.
2919 1486 3147 1554 Stupore
3178 1485 3357 1552 itaque
3385 1498 3502 1537 cor-

1937 1584 2157 1642 reptas,
2189 1590 2309 1628 cum
2340 1575 2610 1628 hominem
2638 1591 2759 1629 eum
2794 1575 3009 1642 propius
3072 1575 3135 1627 ad
3203 1589 3262 1628 se
3310 1572 3501 1625 adduci

1935 1664 2198 1731 iussisset,
2228 1678 2319 1717 eos
2353 1665 2440 1732 qui
2474 1673 2582 1717 tum
2630 1666 2849 1717 aderant
2877 1663 3233 1733 interrogabat
3280 1662 3501 1729 ecquid-

1938 1767 2059 1805 nam
2098 1762 2216 1805 tam
2272 1752 2507 1807 insolens
2560 1755 2917 1820 spectaculum
2967 1764 3130 1806 esset.
3188 1753 3265 1805 Illi
3316 1761 3496 1805 autem

1877 1872 1920 1928 Β
1941 1841 2190 1896 dixerunt
2222 1859 2233 1893 :
2268 1841 2363 1895 llic
2394 1850 2550 1895 aetate
2579 1841 2730 1896 valde
2779 1850 3090 1909 provectus,
3138 1854 3199 1893 ac
3247 1839 3503 1908 paulatim

1938 1934 2318 1988 decedentibus
2348 1933 2445 2001 ipsi
2474 1934 2674 1989 viribus
2698 1977 2713 2001 ,
2766 1932 3124 2001 membrisque
3164 1929 3504 1985 imbecillita-

1939 2034 2041 2078 tem
2072 2022 2528 2086 contrahentibus,
2560 2025 2625 2078 ad
2657 2025 2794 2077 hanc
2823 2039 2981 2093 quam
3007 2023 3184 2078 cernis
3208 2038 3505 2077 :erumnam

1939 2112 2195 2183 pervenit.
2230 2114 2294 2167 Et
2323 2114 2599 2183 quisnam,
2635 2114 2807 2180 inquit
2838 2114 2964 2177 ille,
3009 2113 3176 2180 ipsius
3230 2113 3349 2166 linis
3384 2114 3503 2167 est?

1939 2205 2076 2259 Nihil
2104 2205 2266 2269 aliud,
2294 2205 2537 2274 inquiunt
2566 2204 2665 2270 illi,
2694 2220 2851 2273 quam
2876 2219 3020 2257 mors
3047 2205 3220 2272 ipsum
3253 2205 3502 2270 excipiet.

1939 2297 2267 2351 Omnibusne
2315 2295 2618 2349 hominibus
2638 2339 2652 2362 ,
2686 2295 2856 2363 inquit
2884 2294 3006 2357 ille,
3041 2294 3140 2348 hoc
3170 2294 3503 2362 propositum

1936 2396 2038 2455 est,
2063 2403 2127 2441 an
2154 2386 2467 2456 quibusdam
2490 2384 2746 2439 duntaxat
2767 2384 3069 2452 contingit?
3095 2383 3510 2451 Responderunt

1938 2479 2009 2532 illi
2037 2496 2051 2531 :
2081 2478 2192 2533 Nisi
2223 2492 2367 2531 mors
2396 2485 2735 2530 antevertens
2783 2474 3017 2543 aliquem
3068 2473 3193 2527 hinc
3230 2472 3465 2526 abducat
3491 2513 3505 2536 ,

1939 2569 2054 2622 ﬁeri
2081 2583 2182 2622 non
2215 2576 2390 2636 potest
2420 2566 2544 2635 quin
2592 2565 2847 2633 temporis
2889 2578 3179 2633 progressu
3206 2571 3377 2617 status
3404 2562 3507 2614 liu-

1938 2655 2086 2727 iusce
2114 2655 2404 2723 periculum
2436 2670 2540 2708 non
2574 2653 2748 2708 iaciat.
2777 2653 2911 2707 Tum
2943 2653 3254 2707 adolescens
3284 2669 3297 2705 :
3331 2651 3503 2717 Quoto

1939 2761 2081 2800 anno
2110 2746 2212 2800 hoc
2242 2745 2470 2813 cuipiam
2504 2744 2799 2812 contingit?
2840 2752 2999 2811 atque
3048 2758 3339 2812 prorsusne
3370 2744 3504 2796 mori

1938 2850 2160 2892 necesse
2191 2847 2271 2890 est
2296 2874 2311 2900 ,
2347 2850 2514 2904 neque
2544 2850 2631 2889 ars
2662 2835 2768 2888 ulla
2798 2844 2880 2888 est
2904 2849 3003 2902 qua
3036 2842 3259 2887 mortem
3290 2832 3506 2899 ellugia-

1941 2941 2073 2991 mus,
2104 2935 2264 2993 atque
2288 2928 2338 2979 in
2366 2926 2499 2979 hanc
2526 2926 2881 2979 calamitatem
2913 2923 3134 2977 minime
3172 2922 3504 2976 incidamus?

1941 3019 2130 3072 Dicunt
2156 3017 2241 3072 ei:
2274 3016 2629 3084 Octogesimo,
2662 3024 2750 3068 aut
2773 3014 3070 3068 centesimo
3101 3028 3242 3067 anno
3269 3012 3331 3066 ad
3366 3013 3504 3068 hanc

1942 3119 2268 3167 senectutem
2298 3110 2538 3163 homines
2568 3108 2917 3177 perveniunt,
2948 3122 3012 3161 ac
3039 3107 3231 3161 deinde
3271 3106 3506 3160 moriun-

1943 3214 2047 3270 tur,
2080 3219 2179 3259 nec
2208 3204 2363 3257 aliter
2394 3202 2505 3256 lieri
2538 3211 2730 3271 potest.
2776 3202 3020 3256 Debitinn
3073 3200 3213 3255 enim
3270 3201 3506 3253 naturale

1942 3308 2085 3348 mors
2108 3301 2209 3357 est,
2240 3290 2542 3345 hominibus
2570 3290 2636 3344 ab
2666 3288 2819 3343 initio
2849 3290 3175 3357 impositum,
3206 3304 3378 3359 neque
3402 3290 3504 3342 ulla

1946 3386 2149 3440 ratione
2178 3385 2340 3454 ipsius
2364 3381 2623 3437 adventus
2649 3381 2802 3434 vitari
2837 3390 3026 3449 potest.

2004 3638 2123 3691 llazc
2154 3638 2352 3699 omnia,
2387 3649 2440 3690 ut
2469 3655 2629 3705 sagax
2675 3644 2766 3699 ille
2804 3659 2867 3700 ac
2911 3645 3141 3715 prudens
3190 3644 3501 3698 adolescens

1937 3738 2138 3793 audivit
2172 3747 2336 3809 atque
2380 3738 2663 3804 intellexit,
2705 3738 2894 3791 intimo
2921 3737 3083 3790 corde
3126 3735 3497 3802 ingemiscens,

1938 3829 2071 3883 dixit
2102 3846 2116 3882 :
2144 3829 2348 3883 Acerba
2380 3828 2494 3882 hmc
2517 3830 2627 3882 vita
2670 3834 2774 3890 est,
2826 3834 2985 3893 atque
3030 3826 3175 3877 omni
3225 3824 3410 3878 dolore
3438 3839 3502 3875 ac

1939 3918 2185 3972 aimstitia
2216 3917 2389 3985 plena,
2422 3916 2467 3969 si
2496 3930 2582 3968 res
2613 3913 2684 3967 ita
2706 3928 2765 3967 se
2792 3913 2969 3967 habet.
2998 3912 3063 3964 Et
3084 3924 3314 3978 quonam
3345 3912 3503 3963 modo

1938 4010 2197 4076 quispiam
2262 4006 2564 4060 inincerta:
2625 4006 2811 4058 mortis
2861 4003 3294 4071 exspectatione,
3349 4003 3503 4068 cujus

1940 4100 2197 4154 adventus
2226 4112 2334 4152 non
2365 4098 2524 4151 modo
2554 4096 2711 4149 vitari
2743 4108 2847 4148 non
2874 4102 3080 4161 potest,
3111 4093 3204 4146 sed
3230 4092 3412 4155 etiam,
3446 4102 3503 4145 ut

1940 4190 2145 4246 dixistis
2166 4229 2182 4255 ,
2215 4190 2445 4244 incertus
2473 4196 2585 4253 est,
2619 4200 2811 4241 securo
2857 4186 3038 4238 animo
3085 4184 3220 4239 erit?
3248 4184 3494 4251 Abiitque

1942 4283 2055 4336 hac
2081 4295 2263 4337 secum
2294 4280 2510 4334 volvens
2532 4287 2694 4347 atque
2721 4276 2935 4331 assidue
2963 4275 3331 4339 considerans,
3363 4289 3502 4327 mor-

1943 4372 2115 4441 tisque
2160 4370 2467 4426 memoriam
2517 4369 2805 4424 identidem
2856 4366 3038 4422 animo
3090 4358 3375 4435 repetens,
3438 4379 3505 4419 ac

1944 4464 2191 4530 deinceps
2220 4463 2274 4515 in
2318 4461 2592 4516 doloribus
2637 4460 2911 4528 animique
2955 4456 3386 4513 consternatione
3427 4456 3505 4508 vi.

1944 4567 2092 4619 vens,
2125 4560 2283 4620 atque
2313 4551 2363 4604 in
2393 4560 2648 4619 perpetuo
2672 4564 2901 4603 moerere
2929 4550 3150 4618 degens.
3174 4550 3345 4619 Atque
3365 4548 3502 4617 apud

1945 4658 2005 4697 se
2034 4641 2243 4696 dicebat
2270 4656 2285 4693 :
2319 4640 2529 4710 Ergone
2552 4654 2694 4692 mors
2718 4654 2801 4693 me
2827 4639 3112 4706 aliquando
3133 4640 3421 4706 corripiet?
3445 4640 3507 4691 Et

1944 4734 2185 4801 quisnam
2213 4730 2316 4785 erit
2343 4731 2430 4799 qui
2459 4730 2565 4783 mei
2597 4736 2717 4797 post
2756 4738 2979 4783 mortem
3021 4728 3355 4794 meminerit,
3383 4741 3504 4780 cum

1947 4832 2156 4892 tempus
2195 4821 2372 4875 omnia
2400 4819 2670 4874 oblivione
2697 4819 3045 4873 contriverit?
3071 4818 3204 4873 Num
3249 4825 3507 4885 praeterea

1947 4921 2118 4967 morte
2138 4911 2345 4967 functus
2372 4912 2423 4963 in
2446 4910 2666 4963 nihilum
2690 4910 2981 4975 dissolvar;
3012 4924 3076 4962 an
3110 4918 3311 4972 contra,
3342 4907 3504 4959 altera

1949 5005 2188 5074 quaedam
2221 5003 2324 5058 vita
2352 5011 2476 5069 est,
2506 5011 2561 5057 et
2588 5002 2719 5056 alter
2755 5002 3016 5055 mundus?
3040 5002 3163 5054 llaec
3183 5010 3237 5054 et
3267 5000 3346 5051 his
3368 4997 3509 5051 simi-

1949 5100 2014 5152 lia
2040 5105 2292 5166 perpetuo
2313 5096 2570 5165 cositans,
2594 5095 2793 5164 pallore
2819 5094 3217 5148 conﬁciebatur.
3242 5089 3509 5145 Praasente

1950 5200 2125 5245 tamen
2153 5199 2304 5259 patre
2324 5231 2343 5259 ,
2373 5189 2417 5243 si
2443 5188 2655 5257 quando
2684 5189 2750 5241 ad
2784 5203 2907 5241 eum
2941 5186 3165 5251 veniret,
3192 5186 3414 5239 hilarem
3446 5202 3508 5241 ac

1950 5295 2183 5337 maerore
2211 5294 2435 5335 vacuum
2465 5278 2697 5331 animum
2726 5292 2834 5346 pra:
2859 5292 2919 5331 se
2944 5276 3170 5343 ferebat,
3203 5277 3345 5346 quod
3366 5279 3511 5333 scili-

1950 5382 2035 5427 eet
2063 5388 2123 5427 ea
2149 5386 2268 5440 qua:
2312 5368 2575 5439 cogitabat
2614 5367 2679 5422 ad
2724 5368 2887 5435 ipsius
2927 5368 3280 5435 cognitionem
3330 5372 3511 5425 venire

1951 5464 2134 5518 nollet.
2168 5461 2537 5519 Incredibilem
2568 5470 2742 5513 autem
2773 5460 2822 5513 in
2851 5459 3064 5513 modum
3108 5460 3335 5531 aliquem
3375 5479 3509 5517 uan-

1951 5556 2077 5609 cisei
2107 5554 2374 5621 cupiebat,
2406 5554 2494 5624 qui
2520 5552 2686 5622 ipsius
2714 5552 2915 5620 pectori
2954 5562 3151 5607 certam
3184 5554 3337 5609 [idem
3372 5556 3511 5610 facc-

1953 5654 2066 5712 rct,
2100 5660 2161 5699 ac
2187 5645 2381 5700 bonum
2434 5659 2735 5700 sermonem
2783 5645 2946 5713 ipsius
3001 5646 3213 5703 auribus
3257 5648 3510 5703 instillare

1952 5744 2149 5803 posset.

2022 5828 2275 5895 Quocirca
2311 5827 2377 5883 de
2404 5827 2685 5899 padagogo
2728 5846 2793 5888 eo
2837 5833 2988 5903 cujus
3033 5838 3155 5889 ante
3187 5831 3509 5889 mentionem
