3994 6350
250 399 357 461 897

1351 399 1527 460 ΙΥΙἸᾺ
1564 395 1925 458 BARLAAM
1961 395 2055 456 ET
2092 395 2442 457 JOASAPH.

3410 401 3513 463 898

168 542 173 547 -
243 507 428 563 οὐδενὶ
452 505 614 576 μέχρι
636 504 732 558 τοῦ
756 504 850 558 νῦν
866 505 1052 559 τοῦτον
1078 506 1402 578 ὲφανέρωσα
1422 524 1436 537 ο
1465 509 1550 561 σοὶ
1581 508 1639 562 δὲ
1668 506 1837 561 κατά-

1960 517 2052 573 est,
2080 520 2344 577 quemque
2377 505 2576 562 nemini
2605 506 2779 563 adhuc
2811 506 3181 563 ostendi.‘Tibi
3208 515 3383 561 autem
3408 513 3508 561 hoc

248 582 409 668 δηλον
439 596 540 667 ἤδη
572 594 736 659 ποιῶ,
782 597 1004 650 συνετόν
1033 613 1092 650 τε
1132 598 1227 649 καὶ
1254 601 1485 669 νουνεχῆ
1521 598 1743 669 βλέπων
1773 614 1833 650 σε

248 690 423 759 ἄνδρα
456 688 593 759 (81),
627 686 701 751 ὡς
744 685 813 741 ἂν
837 688 1148 760 εἰσαγάγῃς
1171 689 1279 760 37
1313 707 1381 761 με
1422 691 1561 762 πρὸς
1597 690 1689 743 τὸν
1720 691 1836 743 υἱὸν

249 778 349 832 τοῦ
396 778 687 849 βασιλέως,
731 779 827 833 καὶ
866 778 1116 833 ἐπιδώσω
1160 781 1353 834 τοῦτον
1403 781 1572 851 αὐτῷ.
1611 780 1837 833 Πάντων

252 870 365 942 γὰρ
388 870 495 923 τῶν
529 870 716 924 καλῶν
754 872 1103 941 ἀσυγκρίτως
1148 874 1443 945 ὑπερέχει·
1481 874 1705 928 δύναται
1744 875 1839 929 καὶ

250 962 478 1031 τυφλοῖς
513 964 577 1033 τῇ
612 961 811 1033 καρδίᾳ
846 962 962 1031 φῶς
987 962 1285 1033 δωρεῖσθαι
1309 964 1526 1033 σοφίας,
1551 965 1754 1034 κωφῶν
1782 966 1838 1020 δὲ

251 1049 371 1106 ὦτα
408 1054 673 1122 ἀνοίγειν,
720 1054 939 1117 ἀλάλοις
981 1072 1042 1108 τε
1076 1055 1260 1127 φωνὴν
1280 1054 1502 1117 διδόναι,
1539 1057 1633 1109 καὶ
1672 1056 1839 1127 ρῶσιν

254 1149 370 1210 τοῖς
399 1147 617 1199 νοσοῦσι
674 1146 940 1217 παρέχειν
964 1164 977 1179 ο
1015 1149 1145 1211 τοὺς
1183 1150 1431 1219 ἄφρονας
1470 1150 1705 1219 σοφίζει,
1728 1150 1842 1203 δαί-

259 1257 431 1309 μονας
453 1240 661 1306 διώκει,
693 1241 789 1294 καὶ
813 1242 924 1295 πᾶν
949 1241 978 1294 6
998 1259 1049 1294 τι
1085 1242 1249 1296 καλὸν
1268 1244 1363 1297 καὶ⁵
1381 1243 1645 1314 ἐράσμιον
1669 1243 1842 1313 ἀφθό-

259 1350 368 1396 νως
391 1335 618 1403 χορηγεῖ
645 1332 722 1402 τῷ
747 1333 1072 1404 κεκτημένῳ
1097 1334 1281 1387 αὐτόν.
1315 1333 1483 1403 Λέγει
1506 1335 1648 1405 πρὸς
1679 1336 1843 1390 αὐτὸν

261 1427 290 1477 6
347 1423 729 1492 παιδαγωγόςο
793 1425 937 1496 Ὀρῶ
984 1443 1044 1478 σε
1090 1426 1379 1497 ἄνθρωπον
1441 1428 1710 1500 σταθεροῦ
1747 1429 1844 1484 καὶ⁸

266 1515 562 1587 βεϐηκότος
590 1518 941 1587 φρονήματος
962 1534 975 1548 ·
996 1518 1064 1572 τὰ
1079 1518 1135 1572 δὲ
1163 1520 1389 1591 ῥήματά
1412 1538 1506 1573 σου
1537 1521 1752 1592 ἄμετρά
1782 1538 1841 1575 σε

266 1608 578 1679 καυχᾶσθαι
619 1610 969 1679 ἐμφαίνουσι.
1005 1612 1202 1675 Λίθους
1238 1612 1344 1684 γὰρ
1374 1614 1468 1668 καὶ
1499 1615 1842 1684 μαργαρίτας

182 1680 191 1699 ’
267 1700 582 1765 πολυτελεῖς
607 1702 698 1756 καὶ
733 1702 1068 1774 πολυτίμους
1115 1706 1233 1767 πῶς
1254 1680 1330 1759 δᾶν
1361 1722 1443 1759 σοι
1470 1680 1846 1776 διηγησαίμην

261 1792 424 1855 ὅσους
446 1793 697 1863 ἑώρακας
720 1794 983 1864 Ἐχοντας
1003 1795 1059 1849 δὲ
1076 1797 1328 1859 τοιαύτας
1358 1796 1424 1861 ἃς
1445 1799 1674 1868 εἴρηκας
1687 1798 1847 1852 δυνά-

264 1901 391 1953 μεις
425 1883 549 1937 οὔτε
573 1882 734 1953 εἶδον,
774 1886 900 1940 οὔτε
936 1888 1168 1959 ηκουσα.
1213 1890 1407 1959 Ὅμως
1434 1889 1721 1953 ύπόδειξὸν
1754 1906 1845 1961 μοι

262 1976 451 2040 αὑτὸν,
480 1978 592 2039 καὶ,
619 1979 667 2030 εί
697 1977 814 2031 ἔστι
848 1978 1068 2033 κατὰτὸ
1095 1981 1249 2051 ῥῆμά
1282 1998 1399 2045 σου,
1419 1981 1611 2037 θᾶττον
1636 1982 1845 2051 εἰσάγω

262 2068 456 2122 τοῦτον
518 2070 654 2141 πρὸς
700 2071 793 2124 τὸν
824 2070 932 2139 ,τοῦ
973 2072 1237 2143 βασιλέως
1262 2073 1398 2141 υίὸν,
1432 2075 1528 2127 καὶ
1560 2073 1726 2142 τιμὰς
1762 2075 1845 2127 ὅτι

264 2162 535 2230 μεγίστας
586 2162 682 2215 κα)⁸
731 2162 942 2231 δωρεὰς
981 2163 1129 2237 λήψῃ
1181 2167 1314 2235 παρ’
1354 2164 1544 2220 αὐτοῦ.
1581 2164 1759 2237 Πρινὴ
1786 2165 1844 2218 δὲ

262 2255 636 2327 βεϐαιωθῆναί
676 2274 745 2327 με
771 2259 836 2327 τῇ
869 2256 1096 2326 ἀψευδεῖ
1145 2257 1253 2311 τῶν
1295 2256 1593 2328 ὀφθαλμῶν
1630 2256 1843 2327 ὁράσει,

260 2349 530 2404 ἀδύνατόν
564 2367 655 2421 μοι
712 2350 790 2421 τῷ
834 2350 955 2422 ἐμῷ
1007 2351 1249 2425 δεσπότῃ
1302 2355 1400 2405 καὶ
1452 2350 1669 2420 βασιλεῖ
1718 2353 1848 2420 περὶ

266 2441 597 2510 πράγματος
643 2438 887 2508 ἀφανοῦς
932 2440 1106 2494 ταῦτα
1136 2440 1202 2511 δὴ
1250 2443 1315 2494 τὰ
1354 2442 1638 2512 ὑπέρογκα
1667 2440 1849 2509 ἀπαγ-

265 2530 470 2599 γεῖλαι.
513 2532 570 2585 't)
615 2532 670 2584 δὲ
721 2531 990 2603 Βαρλαάμ
1048 2532 1190 2604 ἔφη·
1235 2533 1432 2597 Καλῶς
1492 2529 1654 2599 εἶπας
1706 2533 1847 2604 μήτε

264 2626 580 2694 ἑωρακέναι
613 2625 835 2680 πώποτε
867 2627 1006 2698 μήτε
1037 2627 1335 2697 ἀκηκοέναι
1385 2627 1646 2693 τοιαύτας
1684 2628 1848 2684 δυνά-

270 2731 399 2785 μεις
419 2717 514 2767 καὶ
542 2715 823 2786 ἐνεργείας
839 2730 853 2745 ⁸
874 2718 903 2770 6
933 2716 1044 2787 γὰρ
1075 2716 1212 2787 πρὸς
1235 2716 1296 2771 σέ
1332 2734 1435 2788 μου
1451 2717 1609 2787 λόγος
1630 2717 1691 2770 οὐ
1718 2715 1848 2787 περί

266 2825 366 2860 του
399 2808 656 2878 τυχόντος
673 2810 793 2863 ἐστὶ
824 2809 1327 2880 πράγματος,ἀλλὰ
1356 2809 1678 2881 θαυμαστοῦ
1700 2825 1848 2871 τινος

269 2901 371 2951 καὶ
398 2898 661 2969 μεγάλου.
704 2901 828 2953 Ὅτι
879 2900 937 2953 δὲ
969 2900 1244 2972 ἐζήτησας
1292 2900 1486 2956 τοῦτον
1520 2900 1847 2965 θεάσασθαι,

266 2996 507 3049 ἄκουσον
529 2993 638 3047 τῶν
675 2993 827 3064 ὲμῶν
857 2994 1138 3066 ῥημάτων.

355 3176 416 3228 '0
446 3174 594 3237 λίθος
629 3168 781 3237 οὗτος
807 3176 836 3227 6
865 3173 1163 3243 πολύτιμος
1195 3172 1337 3243 μετὰ
1366 3173 1476 3227 τῶν
1512 3176 1851 3246 προειρημέ-

269 3286 380 3321 νων
410 3265 700 3337 ἐνεργειῶν
730 3265 823 3317 καὶ
853 3265 1161 3335 δυνάμεων,
1196 3266 1276 3318 ἔτι
1307 3266 1398 3318 καὶ
1418 3266 1624 3336 ταύτην
1651 3268 1850 3339 κέκτη-

270 3377 365 3413 ται
392 3360 494 3428 τὴν
535 3357 723 3427 ἰσχύν·
777 3358 839 3410 οὐ
874 3356 1101 3412 δύναται
1136 3357 1432 3411 θεάσασθαι
1463 3359 1629 3412 αὐτὸν
1664 3360 1728 3412 ὲκ
1757 3359 1852 3413 τοῦ

274 3451 572 3521 προχείρου
593 3450 620 3502 ὁ
651 3448 726 3520 μὴ
759 3448 899 3519 ἔχων
932 3449 1253 3520 ἐρρωμένην
1283 3449 1383 3519 μὲν
1420 3449 1518 3520 τὴν
1540 3451 1731 3522 ὅρασιν
1760 3450 1855 3505 καὶ

275 3542 656 3612 ὑγιαίνουσαν,
682 3540 844 3609 ἁγνὸν
878 3540 933 3592 δὲ
971 3540 1081 3610 38
1114 3540 1175 3593 τὸ
1200 3539 1360 3611 σῶμα
1398 3542 1492 3593 καὶ
1521 3543 1697 3612 πάντη
1726 3541 1857 3612 ὰμό⁴

274 3634 490 3684 ὶυντον.
542 3632 605 3683 Εἰ
632 3629 741 3700 γάρ
798 3646 899 3692 τις,
942 3630 1016 3701 μὴ
1065 3629 1135 3682 τὰ
1173 3629 1265 3681 δύο
1298 3629 1469 3683 ταῦτα
1522 3630 1665 3686 καλὰ
1692 3630 1855 3701 ἔχων,

277 3722 573 3794 προπετῶς
598 3720 887 3790 ἐμϐλέψειε
918 3720 997 3790 τῷ
1038 3722 1205 3791 τιμίῳ
1230 3721 1365 3792 λίθῳ
1403 3722 1598 3795 τούτῳ,
1636 3723 1728 3777 καὶ
1757 3722 1856 3775 αύ-

275 3817 377 3885 τὴν
406 3815 581 3884 δήπου
611 3814 678 3882 ἡν
710 3812 824 3882 ἔχει
852 3813 1082 3884 ὀπτικὴν
1131 3812 1361 3883 δύναμιν
1393 3813 1485 3866 καὶ
1524 3813 1623 3878 τὰς
1659 3812 1858 3885 ρρὲνας

276 3903 765 3974 προσαπολέσειεν.
800 3902 943 3970 Ἐγὼ
966 3903 1043 3964 δὲ,
1082 3904 1183 3956 οὐκ
1205 3903 1450 3974 ἀμύητος
1471 3905 1570 3973 τῆς
1607 3904 1859 3973 ίσιτιοικῆς

276 3999 597 4068 ἐπιστήμης
646 3997 928 4067 ὑπάρχων,
966 3994 1187 4065 καθορῶ
1234 4012 1329 4048 σου
1378 3996 1505 4057 τοὺς
1543 3994 1858 4067 ὀφθαλμοὺς

280 4093 361 4163 μὴ
392 4089 562 4159 ὑγιῶς
601 4089 844 4159 ἔχοντας,
873 4090 967 4143 καὶ
988 4088 1203 4142 δέδοικα
1243 4088 1317 4158 μὴ
1340 4088 1436 4142 καὶ
1461 4084 1529 4160 ἧς
1549 4087 1693 4156 ἔχεις
1720 4088 1855 4157 ὁρά-

234 4232 243 4239 .
280 4199 428 4246 eam;
464 4181 719 4253 στέρησιν
745 4181 1084 4251 προξενήσω.
1129 4179 1290 4232 Ἀλλὰ
1321 4179 1413 4233 τὸν
1435 4180 1550 4233 υίδν
1572 4178 1668 4231 τοῦ
1705 4178 1859 4249 βασι-

280 4277 426 4337 λέως
452 4276 666 4343 ἀκήκοα
694 4272 807 4343 βίον
832 4274 933 4343 μὲν
948 4273 1089 4342 ἔχειν
1106 4271 1380 4344 σώφρονα,
1404 4273 1530 4335 τοὺς
1547 4266 1861 4342 ὀφθαλμοὺς

278 4370 337 4419 δὲ
361 4366 603 4436 ὡραίους
632 4366 725 4419 καὶ
756 4363 922 4433 ὑγιῶς
946 4361 1190 4435 ὁρῶντας
1208 4379 1222 4393 °
1249 4362 1441 4416 τούτου
1474 4362 1634 4433 χάριν
1666 4361 1861 4432 ἐκείνῳ

283 4459 569 4524 ὑποδεῖξαι
600 4459 691 4510 τὸν
732 4457 1004 4528 θησαυρὸν
1046 4456 1238 4509 τοῦτον
1279 4456 1622 4526 τεθάρῤηκα.
1662 4455 1733 4508 Σὺ
1768 4451 1862 4507 οὖν

1953 598 2183 662 declare,
2214 596 2353 666 quod
2381 604 2434 652 te
2457 597 2770 666 prudentem
2796 611 2858 652 ac
2885 598 3161 652 cordatum
3190 598 3359 652 virum
3390 611 3510 651 esse

1956 690 2183 759 videam,
2229 700 2288 746 ut
2332 705 2417 746 me
2452 690 2520 745 ad
2558 691 2699 760 regis
2728 690 2892 746 filium
2925 691 3230 745 introducas
3255 729 3270 754 ,
3301 690 3508 758 ipsique

1954 798 2074 839 eum
2100 785 2242 839 dono
2271 782 2414 837 dem.
2438 779 2710 850 Siquidem
2743 782 2879 835 bona
2911 781 3091 834 omnia
3120 779 3509 847 incomparabi-

1957 874 2078 929 liter
2107 872 2396 928 antecellit.
2426 870 2558 925 Nam
2607 878 2662 925 et
2706 870 2772 925 iis
2804 870 2893 939 qui
2940 870 3115 924 cordis
3158 868 3328 923 oculis
3374 867 3514 936 capti

1963 974 2105 1031 sunt,
2134 965 2410 1033 sapientiae
2434 963 2606 1019 lucem
2635 961 2809 1027 affert,
2841 970 2896 1017 et
2923 961 3100 1017 surdis
3128 975 3285 1015 aures
3310 958 3509 1027 aperit,

1959 1067 2016 1112 et
2046 1058 2206 1112 mutis
2231 1070 2413 1111 vocem
2439 1055 2694 1123 impertit,
2724 1063 2776 1109 et
2805 1061 3128 1124 aegrotantes
3155 1053 3208 1107 in
3235 1053 3514 1107 sanitate’m

1958 1147 2170 1212 asserit,
2210 1154 2264 1200 et
2291 1146 2483 1201 stultos
2509 1144 2770 1213 sapientia
2800 1143 2980 1209 donat,
3013 1150 3068 1197 et
3096 1149 3363 1197 daemones
3392 1142 3510 1209 pel-

1959 1237 2054 1301 lit,
2096 1251 2159 1292 ac
2200 1236 2427 1305 denique
2454 1233 2708 1305 quidquid
2747 1233 3024 1303 pulchrum
3055 1242 3108 1287 et
3152 1231 3513 1301 expetendum

1959 1338 2059 1392 est,
2091 1327 2309 1383 domino
2357 1340 2457 1381 suo
2495 1324 2768 1380 uberrime
2812 1324 3129 1393 suppeditat.
3162 1324 3248 1377 Ait
3286 1323 3351 1377 ad
3394 1337 3515 1377 eum

1963 1403 2280 1489 paedagogus
2307 1436 2319 1469 :
2355 1417 2433 1472 Te
2464 1416 2681 1486 quidem
2715 1415 2981 1470 hominem
3007 1415 3181 1485 gravis
3201 1424 3361 1483 atque
3391 1427 3516 1468 con-

1956 1510 2147 1564 stantis
2171 1509 2332 1563 animi
2357 1523 2477 1563 esse
2504 1508 2694 1572 video;
2726 1516 2976 1562 caeterum
3007 1506 3168 1561 verba
3205 1513 3292 1560 tua
3329 1506 3517 1560 immo-

1956 1598 2130 1654 dicam
2152 1597 2433 1668 quamdam
2455 1597 2761 1667 jactantiam
2786 1612 2893 1665 prae
2913 1612 2973 1652 se
2998 1596 3191 1652 ferunt.
3206 1597 3357 1663 Quod
3373 1598 3512 1652 enim

1958 1688 2280 1744 excellentes
2303 1694 2461 1756 atque
2492 1688 2724 1757 ingentis
2773 1689 2926 1755 pretii
2973 1688 3171 1757 lapides
3200 1696 3253 1743 et
3295 1688 3514 1743 uniones

1962 1778 2188 1834 viderim
2218 1818 2234 1845 ,
2300 1793 2533 1848 quonam
2595 1778 2755 1833 modo
2821 1778 3186 1834 enumerando
3240 1793 3518 1835 recensere

1882 1864 1922 1922 Β
1960 1869 2187 1939 queam?
2211 1883 2307 1925 nec
2338 1878 2515 1924 tamen
2545 1883 2772 1937 unquam
2813 1877 2903 1922 aut
2935 1868 3037 1922 vidi
3082 1877 3172 1922 aut
3218 1870 3393 1923 audivi
3430 1870 3522 1939 qui

1960 1972 2052 2012 eus
2101 1972 2234 2026 quas
2276 1957 2703 2012 commemorasti
2738 1958 2882 2012 vires
2928 1956 3209 2013 haberent.
3239 1958 3520 2013 Verumta-
3570 2003 3575 2009 .

1963 2063 2084 2104 men
2112 2062 2233 2104 eum
2262 2048 2390 2103 mihi
2418 2049 2671 2114 ostende,
2702 2064 2763 2103 ac
2793 2049 2836 2103 si
2890 2049 3010 2136 talis
3036 2058 3121 2105 est
3161 2051 3372 2120 qualem
3398 2050 3512 2117 ais,

1965 2138 2081 2193 sine
2109 2137 2216 2192 ulla
2244 2139 2585 2194 cunctatione
2610 2138 2675 2192 ad
2704 2142 2845 2208 regis
2874 2138 3039 2192 filium
3068 2148 3121 2195 te
3149 2140 3516 2205 introducam,

1967 2230 2055 2297 qui
2079 2241 2132 2287 te
2146 2227 2394 2285 maximis
2418 2228 2706 2283 honoribus
2729 2243 2794 2283 ac
2813 2229 3081 2285 beneﬂciis
3099 2228 3326 2283 ornabit.
3342 2229 3523 2283 Prius.

1951 2324 2110 2381 quam
2139 2320 2320 2366 autem
2348 2322 2444 2378 per
2473 2309 2649 2379 ipsum
2680 2309 2962 2365 oculorum
2989 2309 3265 2373 obtutum,
3292 2310 3382 2378 qui
3413 2308 3524 2364 falli

1948 2401 2153 2471 nequit,
2178 2397 2318 2455 dicta
2343 2408 2429 2454 tua
2456 2399 2813 2465 conﬁrmeris,
2835 2398 2952 2454 ﬁeri
2978 2412 3083 2453 non
3109 2405 3286 2467 potest
3328 2407 3386 2454 ut
3422 2397 3523 2454 do-

1951 2492 2097 2548 mino
2124 2505 2245 2547 meo
2268 2505 2331 2546 ac
2358 2492 2473 2562 regi
2502 2491 2570 2547 de
2590 2506 2651 2547 re
2672 2491 2875 2547 incerta
2902 2498 2960 2546 et
2982 2489 3251 2559 incognita
3278 2489 3393 2544 haec
3415 2499 3524 2544 tatu

1952 2580 2231 2637 immodica
2258 2595 2321 2637 ac
2341 2581 2655 2651 praetumida
2678 2580 3004 2636 renuntiem.
3035 2579 3179 2634 Dixit
3198 2587 3376 2634 autem
3400 2579 3528 2634 Bar-

1952 2670 2091 2727 laam
2118 2686 2136 2725 :
2162 2670 2332 2728 Recte
2351 2670 2556 2736 dixisti,
2581 2681 2636 2727 te
2659 2670 2968 2741 hujusmodi
3000 2670 3139 2726 vires
3165 2684 3229 2726 ac
3251 2670 3528 2726 facultates

1958 2776 2062 2818 nec
2089 2778 2322 2833 unquam
2353 2764 2723 2834 perspexisse,
2753 2777 2855 2819 nec
2881 2762 3115 2818 audisse.
3146 2762 3358 2818 Etenim
3402 2776 3528 2817 ora-

1954 2857 2031 2910 tio
2058 2854 2124 2911 ad
2156 2864 2209 2911 te
2239 2870 2356 2911 mea
2381 2869 2488 2912 non
2517 2855 2585 2911 de
2609 2869 2672 2911 re
2699 2855 2921 2924 vulgari,
2948 2855 3044 2910 sed
3068 2854 3271 2925 ingenti
3293 2852 3527 2923 quadam

1953 2954 2007 3001 et
2045 2945 2356 3002 admiranda
2385 2954 2489 3004 est.
2519 2945 2673 3012 Quod
2714 2954 2893 3002 autem
2920 2959 3044 3002 eum
3084 2958 3308 3001 cernere
3333 2944 3528 3013 quaesi-

1956 3035 2099 3101 visti,
2129 3035 2255 3091 audi
2284 3036 2412 3106 quid
2435 3036 2630 3091 dicam.
3195 3034 3225 3057 ⁸

2028 3160 2181 3231 Lapis
2204 3159 2291 3215 hic
2312 3160 2506 3215 summi
2536 3160 2718 3230 pretii,
2748 3167 2945 3230 praeter
2973 3175 3064 3216 eas
3092 3175 3228 3232 quas
3257 3160 3364 3215 dixi
3388 3159 3529 3214 vires

1955 3261 2009 3307 et
2038 3252 2339 3316 facultates,
2373 3253 2509 3307 hanc
2535 3253 2694 3307 etiam
2720 3251 2897 3307 habet.
2932 3250 3066 3306 Eum
3109 3253 3253 3306 enim
3286 3260 3529 3320 prompte

1955 3356 2018 3398 ac
2046 3343 2197 3397 facile
2226 3343 2533 3412 pr05piccre
2580 3357 2686 3397 non
2737 3352 2946 3412 potest,
2980 3343 3069 3412 qui
3100 3358 3287 3397 sanum
3335 3356 3397 3396 ac
3430 3342 3524 3394 lir-

1957 3449 2099 3488 mum
2152 3434 2397 3501 oculum,
2451 3447 2751 3504 corpusque
2801 3449 2990 3503 purum
3051 3443 3210 3503 atque
3258 3434 3328 3488 ab
3384 3432 3531 3487 omni

1954 3527 2210 3590 Spurcitte
2234 3524 2464 3579 alienum
2493 3540 2598 3579 non
2633 3524 2811 3579 habet.
2847 3522 2977 3577 Nam
3007 3525 3051 3578 si
3084 3525 3203 3594 quis
3232 3569 3245 3593 ,
3280 3523 3363 3578 his
3395 3523 3528 3577 dua-

1958 3620 2054 3673 hus
2084 3619 2241 3674 rebus
2279 3634 2383 3673 non
2416 3627 2561 3674 recte
2590 3619 2948 3688 comparatis,
2985 3619 3035 3671 iu
3067 3619 3207 3672 hunc
3240 3617 3532 3686 pretiosum

1958 3708 2183 3775 lapidem
2214 3708 2398 3764 oculos
2451 3718 2655 3764 temere
2702 3722 2765 3763 ac
2805 3708 3103 3776 petulanter
3136 3707 3334 3776 injiciot
3359 3748 3375 3772 ,
3420 3707 3534 3770 ipsa

1956 3815 2168 3869 quoque
2210 3801 2418 3854 scilicet
2461 3814 2562 3869 qua
2614 3799 2871 3868 praeditus
2924 3809 3006 3853 est
3054 3798 3311 3852 cernendi
3368 3798 3417 3850 vi
3472 3811 3534 3850 ac
3618 3854 3626 3864 ,

1959 3899 2131 3945 mente
2161 3891 2375 3958 insuper
2407 3891 2771 3944 muletabitur.
2809 3890 2919 3958 Ego
2965 3903 3125 3958 porro
3152 3930 3166 3952 ,
3202 3897 3385 3956 utpote
3417 3902 3532 3941 me-

1961 3980 2152 4035 dicina:
2176 3980 2399 4034 minime
2446 3980 2594 4034 rudis
2625 3992 2675 4035 et
2704 3981 2952 4049 ignarus,
2982 3979 3166 4032 oculos
3197 3987 3318 4031 tuos
3350 3991 3533 4045 parum

1956 4086 2114 4127 sanos
2157 4085 2277 4126 esse
2321 4072 2594 4140 couSpicio
2623 4087 2638 4124 :
2670 4086 2733 4126 ac
2780 4071 3006 4140 proinde
3056 4086 3243 4125 vereor
3287 4087 3355 4126 ne
3397 4072 3537 4125 hanc

1962 4176 2174 4232 quoque
2223 4176 2381 4230 quam
2432 4160 2597 4216 habes
2638 4162 2892 4217 cernendi
2943 4163 3249 4219 facultatem
3298 4164 3534 4219 amittas.

1965 4253 2155 4308 Verum
2187 4253 2254 4308 de
2284 4253 2425 4325 regis
2454 4254 2563 4308 lilio
2605 4254 2781 4308 audivi
2807 4292 2824 4320 ,
2855 4270 2976 4309 eum
3010 4264 3113 4310 tam
3143 4257 3262 4311 vitae
3291 4258 3538 4312 castitate

1962 4344 2238 4413 prmditum
2266 4360 2407 4409 esse,
2441 4353 2550 4399 tum
2582 4345 2834 4414 pulchros
2862 4361 2926 4400 ac
2967 4350 3302 4416 perspicaces
3350 4350 3540 4403 oculus

1964 4437 2180 4492 habere.
2206 4437 2466 4502 Quocirca
2498 4437 2808 4492 thesaurum
2841 4438 2983 4494 hunc
3015 4441 3111 4509 ipsi
3140 4442 3427 4497 ostendere
3451 4443 3540 4496 mi-

282 4553 360 4622 μὴ
398 4548 621 4619 ἀμελῶς
645 4549 775 4619 περὶ
818 4547 1011 4601 τούτου
1058 4546 1333 4617 διατεθῇς,
1367 4546 1502 4616 μηδὲ
1532 4545 1851 4616 πράγματος

1964 4529 2103 4583 nime
2147 4528 2421 4584 dubitabo.
2472 4531 2830 4596 Quamobrem
2877 4547 2943 4587 ne
2973 4532 3313 4588 commiseris
3347 4542 3405 4588 ut
3438 4533 3543 4589 hoc

280 4644 536 4697 τοιούτου
565 4643 653 4694 τὸν
701 4642 887 4713 κύριόν
929 4658 1023 4694 σου
1071 4642 1478 4712 ἀποστερήσῃς.
1529 4641 1588 4693 '0
1620 4640 1677 4693 δὲ
1723 4641 1862 4712 πρὸς

282 4738 453 4790 αὐτὸν
474 4777 489 4799 ,
525 4736 634 4788 Καὶ
661 4735 711 4787 εί
746 4734 941 4799 ταῦτα,
966 4735 1151 4803 φησιν,
1180 4732 1355 4797 οὕτως
1381 4733 1518 4803 ἔχει,
1550 4734 1623 4803 μή
1653 4751 1742 4802 μοι
1770 4735 1863 4787 τὸν

279 4829 438 4881 λίθον
490 4826 799 4897 ύποδείξης·
851 4827 908 4879 ἐν
942 4824 1237 4897 ἁμαρτίαις
1292 4823 1400 4895 γὰρ
1432 4824 1655 4888 πολλαῖς
1686 4826 1714 4877 6
1752 4824 1865 4894 βίος

283 4937 390 4989 μου
412 4916 735 4989 ἐρῤύπωται
757 4932 770 4944 ·
802 4916 900 4986 οὐχ
932 4915 1101 4985 ὑγιῶς
1123 4916 1180 4968 δὲ
1210 4916 1304 4968 καὶ
1319 4915 1417 4984 τὴν
1446 4915 1656 4987 ὅρασιν,
1685 4915 1868 4980 καθὼς

281 5008 470 5074 εἶπας,
500 5009 804 5080 κέκτημαι.
848 5008 987 5061 Ἀλλ’
1033 5006 1164 5076 ἐγὼ,
1196 5008 1309 5069 τοῖς
1348 5010 1458 5070 σοῖς
1490 5007 1735 5070 πεισθεὶς
1772 5009 1868 5077 ῥή-

285 5122 448 5175 μασι,
494 5102 761 5174 γνωρίσαι
799 5100 973 5155 ταῦτα
1022 5100 1101 5171 τῷ
1154 5100 1325 5171 κυρίῳ
1376 5117 1477 5171 μου
1529 5101 1623 5154 καὶ⁸
1661 5100 1871 5170 βασιλεῖ

282 5199 388 5249 οὐκ
417 5195 661 5265 ὀκνήσω.
685 5189 820 5247 Εῐπε
855 5193 1047 5257 ταῦτα,
1095 5194 1189 5246 καὶ
1231 5192 1489 5246 εἰσελθὼν
1520 5192 1665 5246 κατὰ
1703 5192 1870 5264 μέρος

284 5286 472 5338 πάντα
494 5284 575 5354 τῷ
608 5282 712 5354 υἱῷ
746 5282 841 5337 τοῦ
897 5281 1165 5353 βασιλέως
1217 5281 1576 5352 ἀπήγγειλεν.
1627 5282 1869 5345 Ἐκεῖνος

282 5378 366 5437 δὲ.
397 5378 477 5439 ὡς
508 5377 710 5448 ἤκουσε
762 5375 828 5429 τὰ
872 5373 966 5427 τοῦ
1016 5368 1371 5442 παῖδαγωγοῦ
1419 5375 1659 5443 ῥήματα,
1695 5373 1871 5444 χαρᾶς

285 5488 438 5532 τινος
472 5469 572 5522 καὶ
621 5468 892 5538 θυμηδίας
933 5465 1316 5537 πνευματικῆς
1354 5466 1573 5535 ᾔσθετο,
1602 5469 1667 5537 τῇ
1703 5465 1869 5520 αὑτοῦ

286 5562 686 5633 ἑμπνευσάσης
719 5560 937 5631 καρδίᾳ,
972 5560 1089 5623 καὶ,
1126 5558 1310 5621 ἔνθους
1348 5558 1538 5627 ὥσπερ
1582 5559 1873 5627 γενόμενος

284 5657 390 5726 τὴν
413 5653 622 5725 ψυχὴν,
652 5651 906 5705 ἐκέλευσε
938 5651 1133 5703 θᾶττον
1168 5649 1484 5718 εἰσαγαγεῖν
1511 5648 1602 5703 τὸν
1632 5648 1823 5719 ἄνδρα.

360 5836 481 5908 (ει)
510 5839 578 5903 Α,
608 5834 830 5890 συνετόν
863 5850 920 5888 σε
942 5833 1037 5889 καὶ
1067 5849 1115 5889 ν.
1151 5831 1232 5904 βλ.
1260 5830 1315 5887 ά.

1966 4624 2221 4693 negligas,
2252 4639 2313 4678 ac
2345 4639 2402 4680 re
2434 4624 2568 4679 tanti
2594 4624 2853 4679 momenti
2905 4626 3182 4679 dominum
3230 4634 3380 4679 tuum
3434 4626 3544 4695 pri-

1968 4731 2078 4771 ves.
2114 4716 2204 4771 Ille
2234 4725 2409 4771 autem
2437 4715 2502 4770 ad
2533 4732 2652 4771 eum
2685 4715 2818 4771 dixit
2847 4733 2861 4770 :
2888 4716 2944 4771 Si
2976 4716 3090 4770 haec
3120 4716 3191 4769 ita
3215 4730 3274 4771 se
3299 4715 3537 4781 habent,

1966 4822 2032 4862 ne
2068 4806 2200 4862 mihi
2234 4806 2462 4877 lapidem
2508 4806 2764 4863 ostendas
2786 4845 2802 4871 ,
2829 4807 3096 4877 siquidem
3136 4806 3387 4876 plurimis
3418 4821 3542 4873 pec-

1965 4902 2097 4957 catis
2123 4901 2228 4955 vita
2258 4916 2374 4956 mea
2405 4901 2676 4970 inquinata
2707 4909 2819 4963 est,
2851 4914 2914 4954 ac
2959 4909 3218 4969 praeterea
3249 4913 3317 4953 ne
3356 4897 3545 4953 oculos

1967 4992 2179 5061 quidem
2211 4992 2341 5046 satis
2387 5007 2545 5048 sanos
2589 4990 2778 5047 habeo.
2811 4991 2886 5047 De
2922 4991 3020 5047 hac
3063 5000 3243 5046 autem
3288 5004 3345 5045 re
3372 4988 3546 5043 domi-

1971 5099 2096 5138 num
2128 5099 2301 5140 meum
2334 5098 2513 5154 regem
2544 5084 2828 5140 certiorem
2859 5084 3037 5139 facere
3064 5084 3285 5138 minime
3323 5089 3542 5135 cuncta-

1974 5178 2089 5232 bor.
2122 5177 2235 5232 lloc
2260 5192 2507 5233 sermone
2545 5177 2761 5240 habito,
2791 5175 2860 5230 ad
2964 5174 3107 5243 regis
3203 5171 3373 5226 filium
3457 5171 3546 5226 in-

1973 5283 2211 5339 gressus,
2240 5270 2419 5324 omnia
2448 5269 2498 5324 ei
2534 5268 2806 5339 sigillatim
2851 5267 3120 5333 exposuit.
3152 5262 3243 5317 llle
3272 5271 3449 5315 autem
3492 5270 3550 5314 ut

1977 5360 2323 5431 praeceptoris
2353 5362 2513 5416 verba
2536 5359 2772 5425 audivit,
2804 5356 3067 5427 spirituali
3097 5354 3324 5424 quadam
3366 5354 3547 5408 ltetitia

1977 5462 2033 5509 et
2074 5453 2347 5522 voluptate
2393 5459 2577 5521 pectus
2623 5465 2777 5505 suum
2824 5445 2996 5501 afflari
3046 5446 3244 5509 sensit;
3296 5459 3358 5498 ac
3406 5445 3551 5497 velut
3634 5472 3648 5483 α

1986 5545 2229 5603 nurnine,
2271 5551 2584 5613 correptus,
2649 5540 2914 5596 hominem
2977 5537 3224 5593 celeriter
3287 5535 3550 5593 introduci

1974 5635 2147 5705 jussit.
