3994 6350
562 336 667 400 899

634 444 700 499 Ut
727 444 884 513 igitur
912 446 1180 513 ingressus
1209 454 1292 500 est
1321 445 1558 501 Barlaam
1581 489 1595 514 ,
1627 448 1782 514 eique
1808 464 1964 514 quam
1994 463 2135 503 cono
2155 453 2199 508 Α

560 537 804 591 veniebat
849 551 1032 605 pacem
1077 536 1253 600 dedit,
1295 536 1484 592 sedere
1527 542 1710 607 jussus
1747 552 1847 593 est.
1896 539 2135 608 Cumque

563 638 859 697 praeceptor
880 628 1221 694 secessisset,
1251 628 1504 698 Josaphat
1526 629 1590 683 ad
1617 644 1799 684 senem
1827 631 1959 685 dixit
1986 648 1999 684 :
2033 631 2134 683 Vc-

563 726 654 781 lim
683 723 809 777 mibi
839 722 1133 792 pretiosum
1167 723 1316 779 illum
1358 723 1587 793 lapidem
1630 722 1902 787 ostendas,
1934 723 2001 778 de
2028 738 2134 792 quo

563 829 747 883 magna
779 822 833 868 et
859 813 1167 868 admiranda
1197 814 1292 869 abs
1323 823 1375 869 te
1402 814 1809 869 commemorari
1841 824 2134 883 praeceptor

562 920 710 958 meus
741 906 868 958 mihi
901 907 1157 960 narravit.
1204 906 1447 960 Barlaam
1487 915 1663 961 autem
1705 920 1855 959 suam
1899 913 1966 959 ad
2012 920 2133 961 eum

559 995 972 1063 disputationem
993 998 1058 1051 ad
1088 998 1228 1052 hunc
1253 998 1466 1054 modum
1490 997 1792 1066 auspicatus
1813 1009 1927 1055 est:
1959 999 2133 1053 Haud-

560 1098 822 1153 quaquam
852 1101 1059 1155 :equum
1094 1096 1223 1152 est,
1243 1102 1276 1141 ο
1306 1102 1435 1154 rex,
1466 1087 1533 1142 ad
1578 1085 1837 1142 illustrem
1869 1096 2010 1142 tuam
2039 1102 2135 1142 ex-

563 1178 862 1232 cellentiam
890 1178 1174 1248 quidquam
1204 1177 1336 1233 falso
1356 1191 1409 1233 et
1437 1179 1827 1235 inconsiderate
1846 1193 1876 1233 a
1901 1194 1986 1234 me
2008 1178 2137 1235 dici.

560 1267 748 1321 Omnia
773 1268 914 1321 enim
939 1283 1058 1337 qua:
1086 1268 1153 1322 de
1182 1284 1268 1323 me
1293 1270 1360 1323 ad
1389 1279 1439 1324 te
1468 1270 1626 1325 allata
1656 1280 1780 1324 sunt
1810 1284 1934 1325 vera
1975 1279 2132 1340 atque

560 1360 627 1412 ab
656 1358 802 1412 omni
847 1358 1177 1414 dubitatione
1216 1361 1387 1415 aliena
1432 1370 1575 1415 sunt.
1624 1361 1817 1417 Verum
1858 1362 1958 1416 nisi
2005 1377 2131 1430 pru-

561 1448 755 1503 dentiae
800 1461 903 1504 tuae
951 1450 1097 1518 prius
1149 1452 1439 1519 periculum
1490 1452 1690 1519 fecero,
1723 1454 1873 1509 nefas
1901 1464 1983 1508 est
2031 1454 2133 1509 hoc

562 1543 872 1611 mysterium
905 1542 999 1597 tibi
1028 1543 1319 1597 declarare.
1353 1545 1441 1597 Ait
1480 1546 1621 1599 enim
1653 1544 1910 1599 Deminus
1942 1560 2091 1601 meus
2117 1564 2129 1598 :

565 1632 702 1686 Exiit
742 1634 830 1701 qui
874 1634 1101 1688 seminat
1143 1637 1424 1690 seminare.
1466 1636 1531 1690 Et
1570 1636 1694 1689 dum
1741 1637 2000 1702 seminat,
2030 1637 2133 1694 alia

563 1723 775 1791 quidem
806 1724 1109 1778 ceciderunt
1137 1739 1292 1779 secus
1319 1727 1457 1780 viam
1478 1765 1493 1791 ,
1520 1738 1574 1781 et
1616 1726 1859 1783 volucres
1890 1728 2010 1784 εωΙί
2041 1743 2134 1783 co-

563 1816 844 1869 mederunt
890 1816 1001 1869 illa.
1051 1816 1169 1870 Alia
1216 1818 1525 1873 ceciderunt
1571 1834 1730 1889 super
1776 1831 2007 1890 petrosa,
2042 1797 2196 1876 ubiB

536 1920 669 1958 non
699 1914 815 1958 erat
846 1915 983 1960 terra
1026 1908 1211 1974 multa,
1235 1918 1289 1962 et
1317 1908 1591 1964 confestim
1638 1919 1827 1966 exorta
1874 1921 2028 1977 sunt,
2070 1928 2137 1967 eo

563 1996 705 2066 quod
735 2012 838 2051 non
870 1998 1130 2052 haberent
1155 2008 1352 2052 terram
1376 1999 1621 2054 multam.
1646 2002 1773 2057 Sole
1798 2017 1925 2057 vero
1950 2012 2137 2058 exorto

564 2096 955 2154 asstuaverunt,
986 2098 1041 2143 et
1067 2090 1189 2158 quia
1236 2105 1342 2144 non
1386 2091 1655 2147 habebant
1694 2093 1955 2162 radicem,
1985 2110 2139 2150 arue-

562 2188 703 2233 runt.
736 2179 852 2234 Alia
883 2188 1060 2232 autem
1090 2180 1403 2236 ceciderunt
1435 2184 1571 2237 inter
1599 2184 1799 2253 spinas,
1832 2194 1885 2240 et
1914 2199 2138 2255 surgen-

564 2282 645 2327 tes
671 2274 840 2341 spinae
864 2271 1258 2328 suffocaverunt
1283 2289 1367 2329 ea.
1395 2277 1506 2331 Alia
1536 2286 1806 2345 postremo
1832 2278 2141 2334 ceciderunt

565 2370 617 2417 ln
665 2372 856 2417 terram
904 2364 1123 2428 bonam,
1158 2374 1209 2418 et
1244 2364 1508 2420 dederunt
1554 2368 1782 2421 fructum
1828 2370 2137 2437 centuplum

561 2441 780 2510 (sicula.
810 2444 949 2511 xm).
984 2444 1244 2509 Quocirca
1272 2448 1317 2501 si
1347 2450 1399 2502 iu
1430 2450 1591 2505 corde
1622 2460 1709 2505 tuo
1740 2451 2041 2521 frugiferam
2071 2469 2135 2509 ac

563 2530 756 2583 bonam
786 2539 983 2586 terram
1015 2536 1287 2601 invenero,
1321 2537 1556 2593 divinum
1587 2555 1768 2595 semen
1804 2544 1854 2595 in
1883 2551 1933 2597 te
1961 2544 2131 2614 conji-

561 2632 709 2684 cere,
742 2632 903 2690 atque
944 2622 1132 2692 ingens
1171 2628 1482 2695 mysterium
1528 2630 1621 2684 tibi
1664 2632 1870 2699 aperire
1917 2633 2136 2689 minime

562 2709 837 2765 dubitabo.
868 2712 923 2766 Si
958 2723 1131 2768 autem
1177 2726 1387 2785 petrosa
1418 2733 1480 2773 ea
1510 2730 1565 2774 et
1590 2722 1773 2789 spinea
1804 2722 1992 2788 fuerit,
2028 2726 2133 2778 via-

562 2812 669 2867 que
706 2814 736 2852 a
763 2801 998 2868 quolibet
1026 2803 1248 2873 calcata,
1281 2809 1499 2863 omnino
1536 2811 1767 2867 salutare
1810 2813 1909 2867 hoc
1949 2828 2133 2870 semen

565 2887 970 2959 haudquaquam
1004 2906 1206 2961 serere,
1237 2895 1516 2967 ipsumque
1543 2901 1728 2954 avibus
1754 2911 1809 2957 et
1836 2903 1983 2974 feris,
2014 2914 2138 2961 ante

563 2993 693 3046 quas
724 2983 1035 3050 margaritas
1068 2984 1330 3053 projicere
1362 2988 1491 3043 mihi
1523 3005 1736 3057 prorsus
1789 2994 2131 3050 interdictum

561 3078 676 3134 est,
719 3071 770 3124 in
823 3074 1053 3139 praedam
1100 3075 1336 3144 obiicere
1385 3083 1706 3147 pt'azsuterit.
1737 3082 1931 3139 Verum
1980 3089 2046 3142 de
2086 3099 2136 3142 te

563 3161 781 3215 meliora
810 3178 873 3217 ac
902 3166 1060 3219 saluti
1092 3166 1347 3223 viciniora
1394 3172 1603 3227 confido
1632 3191 1643 3227 :
1677 3189 1871 3244 nempe
1914 3179 2052 3247 quod
2081 3189 2136 3234 et

560 3251 790 3321 lapidem
835 3257 923 3325 qui
970 3259 1197 3326 pretium
1240 3275 1399 3318 omne
1440 3276 1654 3333 supcrat
1683 3267 1906 3335 videbis,
1938 3285 2000 3325 ac
2039 3287 2135 3340 per

560 3342 775 3397 luminis
804 3344 970 3411 ipsius
1012 3348 1350 3415 splendorem
1394 3352 1496 3407 hoc
1536 3359 1902 3427 consequeris,
1932 3368 1990 3413 ut
2018 3361 2135 3429 ipse

560 3445 770 3499 quoque
793 3434 966 3489 lumen
988 3436 1260 3505 efficiaris,
1287 3440 1622 3514 fructumque
1645 3449 1949 3518 centuplum
1973 3451 2131 3508 feras.

563 3521 773 3576 Etenim
819 3534 906 3578 tua
941 3542 1098 3581 causa
1127 3528 1336 3600 longam
1370 3532 1505 3587 viam
1536 3536 1798 3595 conficere
1841 3542 2048 3610 studui,
2078 3555 2133 3604 ut

562 3628 677 3681 qua:
709 3631 974 3684 nunquam
1002 3619 1210 3689 vidisti,
1246 3623 1338 3678 tibi
1368 3628 1738 3699 ostenderem,
1766 3642 1923 3704 atque
1947 3651 2008 3691 ea
2036 3638 2131 3694 do-

562 3716 737 3759 cerem
765 3721 885 3776 qua:
914 3724 1183 3779 nunquam
1209 3713 1425 3770 audisti.

619 3916 761 3973 Dixit
787 3931 963 3977 autem
1006 3926 1072 3980 ad
1104 3942 1224 3983 eum
1258 3930 1548 4003 Josapltat:
1584 3938 1833 4008 Equidem
1862 3942 1996 4013 ipse,
2028 3961 2114 4000 ve-

542 4010 778 4064 nerande
806 4027 994 4081 senex,
1029 4017 1325 4075 incredibili
1352 4025 1602 4093 quodam,
1633 4040 1792 4100 atque
1820 4010 2112 4102 ejusmodi,

538 4100 680 4166 quod
712 4103 858 4157 nullo
883 4107 1042 4160 modo
1088 4114 1322 4166 coerceri
1362 4126 1552 4184 queat,
1596 4100 1863 4179 desiderio
1908 4100 2110 4194 teneor,

537 4206 727 4245 novum
756 4198 1039 4263 quemdam
1069 4215 1130 4254 ac
1161 4202 1355 4257 bonum
1387 4221 1685 4265 sermonem
1716 4217 1983 4273 audiendi.
2014 4221 2108 4275 At-

535 4297 637 4348 que
669 4284 802 4350 ignis
832 4286 883 4339 in
926 4298 1144 4354 pectore
1187 4307 1306 4347 meo
1351 4295 1595 4353 incensus
1638 4312 1745 4369 est,
1789 4307 1878 4374 qui
1908 4323 1995 4365 me
2038 4312 2104 4365 ad

536 4375 863 4428 necessarias
894 4378 1149 4442 quasdam
1182 4385 1503 4449 quaestiones
1536 4390 1908 4464 intelligendas
1946 4402 2109 4457 vehe-

1969 333 2342 395 ADDENDA.

3719 338 3827 398 {lilii

2310 449 2397 511 Ὡς
2426 444 2519 502 οὖν
2569 448 2822 517 εἰσῆλθεν
2868 452 2896 503 ό
2926 448 3214 520 Βαρλαάμ,
3265 451 3359 503 καὶ
3383 452 3620 506 δέδωκεν
3661 458 3822 527 αὐτῷ
3870 474 3875 481 ’

2227 541 2326 612 τὴν
2356 543 2672 613 πρέπουσαν
2696 542 2918 612 εἰρήνην
2941 543 3077 612 (82),
3133 543 3436 613 ἐπέτρεψεν
3482 546 3647 600 αὑτὸν
3676 552 3821 603 καθ-

2228 635 2473 705 εσθῆναι,
2513 635 2628 700 καὶ,
2653 632 2747 685 τοῦ
2769 633 3118 701 παιδαγωγοῦ
3151 635 3633 708 ὑποχωρήσαντος,
3666 640 3823 708 λέγει

2228 730 2257 781 ὁ
2280 728 2390 799 39
2420 728 2658 796 Ἰωάσαφ
2676 725 2752 796 τῷ
2780 725 3024 795 γέροντι’
3066 726 3377 794 ’Υπόδειξόν
3420 749 3509 798 μοι
3532 731 3624 784 τὸν
3652 734 3824 787 πολύ-

2227 839 2385 892 τιμον
2440 820 2605 888 λίθον,
2662 823 2791 893 περὶ
2841 815 2903 876 οὗ
2960 820 3173 892 μεγάλα
3211 821 3338 873 τινὰ
3375 825 3468 874 καὶ
3518 823 3823 894 θαυμαστὲ

2228 912 2406 981 λέγειν
2464 931 2522 967 σε
2565 915 2595 967 ὁ
2654 915 2788 985 ἐμὸς
2848 913 3200 981 παιδαγωγὸς
3255 914 3582 983 διηγήσατο.
3650 917 3714 968 ’0
3765 918 3824 971 δὲ

2228 1007 2498 1078 Βαρλαάμ
2540 1007 2715 1071 οὕτως
2766 1007 3052 1079 ἀπήρξατο
3099 1006 3201 1076 τῆς
3257 1006 3395 1076 πρὸς
3438 1008 3605 1060 αὐτὸν
3636 1010 3823 1062 διαλέο

2229 1100 2406 1165 ξεως·
2434 1099 2509 1152 Οὐ
2543 1099 2753 1154 δίκαιόν
2792 1100 2962 1163 ἐστιν,
2998 1092 3043 1150 ὧ
3106 1096 3349 1166 βασιλεῦ,
3382 1097 3597 1167 ψευδῶς
3626 1117 3683 1152 τι
3722 1104 3822 1153 καὶ

2226 1190 2651 1261 ἀπερισκέπτως
2683 1190 2822 1261 πρὸς
2852 1190 2915 1243 τὸ
2966 1189 3233 1261 ὑπερέχον
3261 1190 3363 1257 τῆς
3393 1189 3492 1258 σῆς
3516 1189 3679 1258 δόξης
3726 1192 3817 1243 λέ-

2227 1299 2346 1351 γειν
2394 1299 2492 1353 με’
2555 1282 2732 1336 πάντα
2766 1281 2874 1353 γὰρ
2913 1281 2982 1334 τὰ
3008 1280 3321 1351 δηλωθέντα
3367 1297 3450 1333 σοι
3504 1285 3639 1351 παρ’
3680 1283 3818 1350 ἐμοῦ

2236 1375 2411 1446 ἀληθῆ
2445 1377 2553 1429 εἱσι
2581 1374 2676 1428 καὶ
2706 1373 3105 1444 ἀναμφίλεκτα.
3148 1372 3312 1435 Ἀλλ’,
3340 1375 3389 1425 εἰ
3436 1374 3508 1443 μὴ
3545 1375 3819 1445 πρότερον

2225 1466 2459 1538 δοκιμὴν
2474 1467 2573 1537 τῆς
2598 1469 2697 1537 σῆς
2720 1465 2871 1519 λάὄω
2889 1466 3225 1536 φρονήσεως,
3254 1465 3316 1517 οὐ
3340 1465 3499 1535 Θέμις
3516 1466 3580 1517 τὸ
3600 1469 3817 1537 μυστή-

2230 1577 2344 1632 ριον
2378 1559 2695 1629 φανερῶσαί
2724 1576 2827 1612 σοι.
2851 1559 2992 1629 Φησὶ
3019 1559 3131 1629 γὰρ
3156 1560 3184 1611 ὁ
3206 1558 3338 1627 ἐμὸς
3368 1560 3654 1628 Δεσπότης
3678 1558 3812 1629 (85)'

2238 1651 2496 1721 Ἐξῆλθεν
2521 1652 2549 1702 ό
2586 1650 2827 1722 σπείρων
2866 1649 2961 1702 τοῦ
2989 1652 3215 1720 σπεῖραι
3247 1650 3339 1703 τὸν
3372 1650 3575 1721 σπόρον
3605 1651 3775 1703 αὐτοῦ
3801 1667 3813 1678 °

2226 1744 2320 1796 καὶ
2355 1744 2413 1796 ὲν
2457 1742 2535 1812 τῷ
2589 1742 2839 1812 σπείρειν
2870 1742 3054 1805 αὐτὸν,
3112 1742 3147 1795 ἃ
3181 1743 3278 1813 μὲν
3325 1743 3487 1795 ἔπεσε
3529 1744 3685 1815 παρά
3718 1743 3815 1814 τὴν

2228 1834 2369 1896 ὁδὸν,
2403 1834 2501 1887 καὶ
2522 1829 2655 1904 ἦλθε
2684 1834 2753 1888 τά
2780 1835 3003 1886 πετεινὰ
3022 1834 3115 1887 καὶ
3146 1834 3457 1903 κατέφαγεν
3485 1836 3627 1889 αὑτά
3644 1852 3659 1865 ·
3680 1836 3813 1888 ἄλλα

2223 1926 2279 1979 δὲ
2312 1926 2478 1978 ἔπεσε
2506 1925 2660 1997 παρά
2692 1925 2760 1977 τὰ
2797 1923 3081 1995 πετρώδη,
3118 1925 3253 1979 ὅπου
3277 1927 3376 1979 οὐκ
3407 1922 3520 1996 εἶχε
3553 1927 3663 1997 γῆν
3687 1930 3815 1981 πολ-

2223 2017 2342 2087 λὴν,
2376 2017 2470 2070 καὶ⁸
2499 2017 2703 2081 εὐθέως
2748 2016 3078 2087 ἐϐλάστησε,
3116 2016 3203 2070 διὰ
3246 2018 3308 2069 τὸ
3343 2017 3417 2089 μὴ
3468 2018 3617 2088 ἔχειν
3646 2020 3812 2089 βάθος

2222 2110 2345 2177 γῆς,
2371 2107 2521 2179 ἡλίου
2550 2108 2607 2160 δὲ
2638 2108 3022 2170 ἀνατείλαντος
3046 2108 3452 2180 ἐκαυματίσθη,
3482 2110 3595 2173 καὶ,
3628 2110 3718 2164 διὰ
3748 2111 3812 2163 τὸ

2226 2201 2299 2270 μὴ
2339 2198 2483 2269 ἔχειν
2516 2199 2695 2270 ῥίζαν,
2748 2198 3019 2269 ἐξηράνθη
3042 2215 3055 2228 ’
3099 2199 3236 2253 ἄλλα
3267 2200 3325 2253 δὲ
3350 2200 3546 2254 ἔπεσεν
3575 2203 3673 2255 ἐπὶ
3709 2204 3810 2264 τὰς

2221 2291 2485 2353 ἀκάνθας,
2522 2290 2931 2358 καῖ’ἀνέϐησαν
2975 2291 3032 2343 αἱ
3084 2291 3318 2345 ἄκανθαι
3352 2294 3448 2346 καὶ
3499 2295 3809 2359 ἀπέπνιξαν

2221 2386 2394 2439 αὐτόι⁹
2427 2384 2562 2437 ἄλλα
2594 2384 2649 2436 δὲ
2679 2383 2874 2437 ἔπεσεν
2922 2384 3015 2435 ἐπὶ
3057 2384 3157 2453 τὴν
3197 2385 3302 2454 γῆν
3334 2383 3435 2454 τὴν
3465 2385 3659 2456 καλὴν,
3712 2388 3809 2439 καὶ

2220 2480 2392 2533 ἐδίδου
2466 2477 2681 2549 καρπὸν
2754 2474 3207 2530 ὲκατοστεύοντα.
3271 2478 3332 2529 Εἰ
3394 2477 3492 2547 μὲν
3540 2475 3638 2532 οὖν
3703 2479 3808 2549 γῆν

2220 2572 2366 2643 εὕρω
2402 2574 2460 2625 ὲν
2488 2573 2555 2642 τῇ
2582 2570 2779 2641 καρδίᾳ
2812 2585 2908 2623 σου
2936 2568 3288 2640 καρποφόρον
3315 2571 3409 2622 καὶ
3437 2570 3671 2639 ἀγαθὴν,
3705 2573 3806 2624 οὐκ

2219 2666 2434 2735 ὀκνήσω
2472 2663 2567 2716 τὸν
2600 2664 2741 2716 θεῖον
2778 2662 2978 2731 σπόρον
3009 2660 3348 2730 ὲμφντεῠσαί
3392 2677 3475 2713 σοι
3510 2662 3605 2715 καὶ
3635 2680 3805 2731 φανε-

2223 2757 2395 2828 ρῶσαι
2424 2757 2485 2809 τὸ
2512 2758 2656 2825 μέγα
2690 2757 2991 2827 μυστήριον
3018 2771 3031 2783 ·
3064 2756 3111 2805 εί
3141 2754 3199 2807 δὲ
3221 2755 3501 2824 πετρώδης
3534 2756 3674 2826 αὕτη
3709 2760 3805 2809 καὶ

2219 2848 2541 2917 ἀκανθώδης
2572 2847 2689 2900 ἐστὶ
2733 2849 2827 2901 καὶ
2852 2848 2971 2911 ὁδὸς
3001 2847 3318 2917 πατουμένη
3359 2847 3439 2918 τῷ
3488 2848 3804 2918 βουλομένῳ

2221 2940 2404 3001 παντὶ,
2433 2941 2684 3011 κρεῖττον
2718 2938 2965 3009 μηδόλως
2992 2938 3179 2992 τοῦτον
3198 2939 3261 3008 δὴ
3288 2938 3378 2991 τὸν
3406 2942 3673 3008 σωτήριον
3706 2957 3807 2991 κα-

2218 3028 2473 3080 ταϐαλεῖν
2498 3027 2699 3097 σπόρον
2726 3027 2821 3079 καὶ
2851 3028 2932 3090 είς
2960 3026 3271 3096 διαρπαγὴν
3292 3028 3453 3079 αὐτὸν
3481 3027 3653 3081 θεῖναι
3687 3032 3801 3090 τοῖς

2220 3120 2490 3181 πετεινοῖς
2519 3118 2615 3171 καὶ
2638 3117 2872 3190 θηρίοις,
2899 3113 2974 3171 ὧν
3003 3117 3314 3189 ἔμπροσθεν
3341 3117 3478 3181 ὅλως
3508 3118 3581 3189 μὴ
3612 3119 3802 3188 βαλεῖν

2220 3212 2348 3274 τοὺς
2380 3210 2726 3282 μαργαρίτας
2754 3209 3081 3280 ὲντέταλμαι
3118 3210 3253 3281 (84).
3303 3210 3466 3263 Ἀλλὰ
3492 3211 3805 3281 πέπεισμαι

2218 3305 2327 3376 40
2356 3305 2485 3375 περὶ
2517 3302 2611 3356 σοῦ
2636 3302 2704 3356 τὰ
2729 3302 3017 3373 κρείττονα
3090 3303 3184 3356 καὶ
3225 3304 3460 3374 ἐχόμενα
3496 3308 3799 3376 σωτηρίας,

2218 3397 2298 3449 ὅτι
2328 3396 2424 3449 καὶ
2462 3394 2553 3449 τόν
2591 3393 2740 3447 λίθον
2770 3394 2891 3463 ὄψει
2944 3395 3038 3448 τὸν
3083 3396 3370 3466 ἀτίμητον,
3407 3398 3502 3448 καὶ
3533 3401 3599 3468 τῇ
3634 3399 3800 3472 αἴγλῃ

2215 3488 2310 3542 τοῦ
2349 3488 2524 3558 φωτὸς
2555 3489 2721 3542 αὐτοῦ
2746 3488 2860 3557 φῶς
2885 3489 2979 3541 καὶ
3013 3490 3180 3552 αὐτὸς
3209 3490 3489 3563 ἀξιωθήσῃ
3517 3492 3799 3559 γενέσθαι,

2215 3583 2307 3634 καὶ
2343 3580 2555 3651 καρπὸν
2588 3580 2816 3654 ἐνέγκῃς
2845 3581 3428 3653 ἑκατοστεύοντα(85).
3454 3584 3553 3636 Διά
3589 3585 3647 3637 σὲ
3682 3586 3794 3654 γὰρ

2215 3674 2374 3745 ἔργον
2408 3672 2611 3743 ἐθέμην
2667 3674 2760 3726 καὶ
2817 3673 3033 3743 μακρὰν
3067 3674 3297 3744 διήνυσα
3332 3675 3471 3736 ὁδὸν,
3527 3677 3623 3729 τοῦ
3659 3679 3796 3742 ἠπο-

2212 3764 2384 3831 δεῖξαί
2430 3781 2511 3817 σοι
2538 3763 2573 3817 ἃ.
2601 3764 2699 3832 οὐχ
2732 3762 2984 3834 ἑώρακας
3016 3763 3235 3819 πώποτε
3269 3767 3360 3821 καὶ
3387 3766 3594 3831 διδάξαι
3633 3768 3669 3822 ὃ.
3694 3771 3793 3822 οὐκ

2211 3858 2474 3928 ἀκήκοας.

2283 3945 2415 4002 Εἶπε
2462 3949 2518 4003 δὲ
2555 3948 2689 4019 πρὸς
2739 3949 2902 4003 αὑτὸν
2943 3952 2971 4002 ό
3018 3952 3253 4020 Ἰωάσαφ
3286 3952 3419 4023 (86)·
3466 3953 3612 4022 Ἐγὼ
3663 3956 3787 4025 μὲν,

2210 4042 2490 4115 πρεσϐύτα
2535 4043 2706 4112 τίμιε,
2758 4042 2907 4113 πόοῳ
2945 4044 3054 4097 τινὶ
3102 4044 3196 4097 καὶ
3226 4044 3388 4115 ἔρωτι
3422 4046 3788 4117 ἀκατασχέτῳ

2208 4134 2354 4206 ζητῶ
2376 4134 2533 4203 λόγον
2564 4132 2796 4188 ἀκοῦσαι
2827 4136 3011 4189 καινόν
3041 4154 3162 4189 τινα
3193 4137 3285 4191 καὶ
3308 4136 3535 4207 ἀγαθὸν,
3554 4140 3652 4192 καὶ
3674 4141 3787 4210 πῦρ

2206 4231 2415 4284 ἔνδοθεν
2442 4231 2499 4283 ὲν
2527 4233 2593 4300 τῇ
2620 4230 2818 4300 καρδίᾳ
2856 4248 2957 4301 μου
2989 4232 3323 4286 ἐκκέκαυται
3363 4233 3552 4297 δεινῶς
3584 4237 3783 4303 φλέγον

2207 4338 2275 4390 με
2312 4321 2405 4373 καὶ
2447 4320 2750 4390 παρορμῶν
2792 4321 2982 4391 μαθεῖν
3013 4324 3319 4390 ἀναγκαίας
3356 4325 3508 4388 τινὰς
3541 4327 3781 4397 συζητή-

2205 4428 2349 4474 σεις’
2383 4412 2483 4464 οὐκ
2515 4410 2706 4480 ἔτυχον
2744 4411 2800 4464 δὲ
2830 4411 2993 4483 μέχρι
3026 4413 3119 4466 τοῦ
3158 4414 3253 4468 νῦν
3277 4416 3570 4487 ἀνθρώπου
3617 4418 3779 4471 δυνα-

534 4471 744 4515 menter
792 4464 1103 4524 inflammat.
1137 4470 1401 4531 Caeterum
1444 4480 1618 4536 adhuc
1658 4484 1927 4545 hominem
1978 4496 2134 4548 nan-l

534 4551 660 4581 ηὲειά
711 4555 837 4581 ...:l.:
886 4574 987 4581 ...._
1038 4562 1176 4581 I3-,a°.
1318 4568 1329 4580 ο
1399 4573 1412 4581 .
1495 4573 1507 4581 .

2224 4464 2363 4559 ιένου
2413 4464 2841 4576 πληροιίζορῆσαί⁸
2998 4508 3128 4578 περὶ
3166 4464 3409 4564 τούτων.Γ
3436 4512 3497 4564 Εἰ
3546 4511 3602 4563 δὲ
3631 4514 3779 4581 τύχω

533 4555 661 4605 cisci
709 4555 838 4611 mihi
884 4574 990 4613 non
1036 4562 1208 4632 licuit,
1243 4568 1332 4632 qui
1381 4573 1447 4627 de
1494 4573 1591 4630 hac
1633 4592 1691 4633 re
1734 4590 1935 4638 cenam
1977 4586 2109 4643 mihi

536 4642 691 4673 “An...
737 4648 909 4673 0......”
957 4665 1131 4673 _-A-A.
1192 4659 1227 4673 Λ
1326 4661 1337 4673 .
1401 4663 1413 4673 .
1562 4669 1573 4673 -

2224 4555 2357 4559 """
2420 4555 2686 4576 ""13""I’
2706 4555 2824 4576 1"“
2892 4555 2955 4577 IV"
3006 4555 3127 4578 "'r'
3177 4555 3391 4564 ’⁷”’“⁷”
3436 4555 3497 4564 ’⁵⁸⁷
3549 4555 3602 4563 vv
3641 4555 3778 4582 ’-ΑΠ’

2224 4596 2361 4665 ὀφοῦ
2406 4613 2550 4659 τινος
2608 4599 2703 4649 καὶ
2752 4597 3141 4668 ἐπιστήμονος,
3197 4601 3294 4653 καὶ
3352 4602 3572 4655 ἀκούσω
3619 4604 3779 4673 λόγον

533 4642 691 4762 fide'm
736 4648 911 4752 facere
956 4665 1153 4721 posset.
1189 4659 1338 4726 Quod
1369 4663 1415 4716 si
1459 4669 1751 4736 sapientem
1780 4679 2103 4751 quemdam,

2234 4642 2358 4665 -τνν
2418 4642 2550 4659 --νντ
2610 4642 2703 4649 ην-
2754 4642 3141 4668 “-·-ν··ιΓ“ν’*ῑ9
3198 4642 3294 4653 ’δυ’
3352 4642 3572 4655 *ην-’νυν
3620 4642 3773 4673 ἰνιυν

2224 4689 2495 4758 ῖωτηρίας,
2528 4686 2651 4740 οὔτε
2679 4690 2965 4754 πετεινοῖς,
2995 4689 3070 4753 ῶς
3094 4685 3272 4762 οἶμαι,
3306 4693 3495 4747 τοῦτον
3527 4695 3773 4761 ἐκδώσω,

531 4745 587 4789 et
616 4738 860 4795 doctrina
904 4746 1187 4811 praeditum
1228 4750 1397 4807 viriut)
1443 4768 1629 4815 nactus
1672 4738 1842 4833 fuero,
1873 4782 1936 4822 ac
1963 4738 2107 4825 salu:

2224 4738 2607 4848 θτεηθηρίοις,
2664 4777 2787 4830 οὔτε
3008 4738 3291 4855 πετρώδης
3332 4787 3667 4856 φανήσομαι,
3700 4738 3775 4850 ὡς

530 4838 694 4883 tarem
725 4845 1025 4890 sermonem
1052 4840 1291 4907 audiero,
1322 4861 1419 4901 nec
1436 4850 1650 4920 avibus,
1679 4865 1736 4909 ut
1763 4858 1974 4928 opinor,
2006 4877 2103 4919 nec

530 4921 651 4947 ηψπ,
688 4938 801 4947 -.-Μ
838 4928 978 4947 .--μ

2224 4887 2359 4940 φης,
2382 4870 2507 4923 οὔτε
2539 4869 2881 4940 ἀκανθώδης,
2913 4872 3048 4926 ἀλλὰ
3094 4875 3190 4927 καὶ
3227 4876 3591 4947 εὐγνωμόνως
3615 4880 3770 4943 δέξο-

528 4921 655 4975 feris
685 4938 804 5025 eum
838 4928 1081 4997 tradam;
1117 4948 1216 4989 nec
1262 4952 1473 4995 rursum
1503 4954 1749 5012 petrosus
1774 4921 1829 5005 et
1857 4921 2098 5023 spinetis,

2233 4921 2246 4939 ι
2285 4921 2359 4940 ..ι
2393 4921 2432 4923 π
2466 4921 2501 4922 Vr
2546 4921 2630 4923 ν
2662 4921 2700 4922 νγ
2772 4921 2780 4922 ί
2814 4921 2880 4940 ,τι
2917 4921 2977 4924 ν-νν
3003 4921 3048 4926 -νν
3096 4921 3189 4927 ’ν--ν
3227 4921 3588 4947 ’τινι-’,ι-σνννν
3618 4921 3738 4943 *νῖν

2224 4977 2295 5014 ιαι
2340 4960 2433 5013 καὶ
2477 4960 2778 5030 είδημόνως
2826 4964 3069 5033 τηρήσω.
3107 4966 3177 5018 Σὺ
3226 4967 3303 5031 δὲ,
3343 4970 3394 5020 εἴ
3438 4986 3489 5021 τι
3528 4972 3768 5024 τοιοῦτον

527 5022 585 5065 ιιι
632 5019 733 5069 tuis
771 5019 949 5073 verbis
991 5031 1129 5089 utar,
1160 5040 1274 5081 ero.
1320 5030 1457 5096 Quin
1491 5036 1663 5101 potius
1694 5050 1749 5095 et
1778 5019 2006 5100 candido
2034 5019 2096 5103 ac

2224 5051 2505 5112 πίστασαι,
2547 5019 2621 5120 μη
2651 5019 2965 5123 διακρύιιίηςι
2990 5057 3083 5107 ἀπ’
3116 5056 3272 5125 ἐμοῦ,
3293 5019 3408 5111 ἀλλ’

525 5115 736 5165 sincero
761 5115 940 5169 animo
965 5131 1089 5173 eum
1117 5122 1374 5192 excipiam
1391 5167 1405 5192 ,
1436 5139 1488 5181 ct
1513 5132 1718 5186 erudite
1741 5149 1803 5189 ac
1826 5136 2105 5208 diligenter

2224 5162 2304 5197 ιοι.
2351 5144 2444 5207 Ὠς
2471 5143 2577 5212 γὰρ
2606 5144 2817 5212 ἥκουσα
2848 5146 2910 5197 ἐκ
2948 5150 3165 5217 μακρᾶς
3207 5149 3501 5217 ἀφικέσθαι
3546 5170 3605 5205 σε
3638 5155 3763 5225 γῆς,

1198 5323 1424 5379 formula
1456 5336 1537 5379 est
1561 5326 1832 5382 salutandi
1861 5330 2162 5389 orientalis.
2202 5333 2319 5389 Vid.
2360 5332 2585 5402 Raphel.
2618 5335 2681 5388 ad
2717 5335 2870 5393 Joan.
2924 5356 3034 5405 xtv,
3075 5342 3165 5409 27,
3209 5345 3297 5399 ubi
3340 5345 3561 5414 frustra,
3609 5362 3762 5420 puto,

424 5426 439 5436 .
512 5380 701 5437 Grotio
728 5380 1137 5444 contradicitur.

576 5452 688 5591 £85)
728 5456 973 5514 Christus
1003 5462 1141 5528 apud
1173 5461 1483 5517 Matthreum
1511 5480 1640 5529 xttt;
1674 5466 1806 5521 Luc.
1845 5485 1936 5524 vttt
1965 5489 1979 5534 ;
2008 5470 2173 5527 Marc.
2204 5492 2275 5529 tv.

599 5524 687 5585 84)
716 5524 847 5578 Nota
872 5528 1075 5583 Christi
1099 5533 1258 5585 verba
1286 5534 1424 5591 apud
1459 5534 1767 5591 Matthteum
1804 5536 1897 5591 vn.
1928 5540 1959 5591 6
1993 5559 2004 5591 :
2040 5541 2129 5591 Min
2155 5544 2275 5591 δῶτε

599 5524 687 5585 84)
716 5524 847 5604 [Vota
872 5524 1075 5583 Clirisii
1099 5533 1258 5585 verba
1286 5534 1424 5599 apud
1459 5524 1767 5591 Matthteum
1804 5536 1897 5607 νη,
1928 5524 2004 5593 6’;
2040 5541 2130 5612 Μὴ

599 5610 602 5618 ’
633 5591 786 5635 thum:
814 5595 1121 5635 Euam-mne“
1152 5602 1261 5635 οἱ...
1299 5603 1495 5635 unum...

2224 5524 2290 5599 ντε
2318 5546 2378 5599 τὸ
2410 5548 2563 5617 ἅγιον
2586 5555 2697 5615 τοῖς
2723 5552 2872 5614 κυσὶ,
2897 5552 3031 5623 μηδὲ
3072 5551 3270 5627 βάλητε
3312 5559 3436 5623 τοὺς
3480 5560 3757 5635 μαργαρίο

504 5595 786 5673 τας
814 5595 1125 5673 ἔμπροσθεν
1152 5602 1261 5655 τῶν
1286 5595 1516 5673 χοίρων.

580 5662 688 5756 ἓξὲξ
714 5662 941 5756 PETW
970 5670 1253 5756 l'lfilficum
1277 5662 1333 5753 ἓῖῖ
1359 5662 1401 5756 1."
1438 5693 1450 5727 ε
1480 5676 1789 5756 [ledaeam
1816 5673 1920 5756 ὦδε
1962 5682 2134 5756 “zelo

2224 5728 2225 5733 η
2257 5689 2434 5756 σαφὴς
2478 5691 2649 5748 πέλει.

574 5730 685 5797 (86)
715 5732 933 5791 Lemma
968 5740 1250 5797 metricum
1276 5743 1328 5797 in
1359 5744 1399 5797 A
1427 5758 1439 5796 :
1489 5730 1656 5819 utsii,
1686 5730 2134 5818 λόγωνένταῖθῖ

2224 5730 2431 5756 η-..τ.,,

2224 5758 2231 5806 5
2272 5759 2528 5830 'lwdcazp.
