3932 6384
256 298 354 360 9tll

259 507 596 578 ποθουμένου
645 511 938 582 ἐπιτυχεῖν.
990 516 1086 570 Διά
1129 518 1286 573 τοῦτο
1323 523 1419 575 καὶ
1471 522 1663 576 θᾶττον
1711 526 1826 577 εἰσ-

266 599 477 667 ήγαγὸν
504 617 559 652 σε
594 603 730 670 πρές
760 621 825 673 με
865 607 958 659 καὶ
984 609 1270 680 προσηνῶς
1315 609 1825 684 ἐδεξάμην,⁶ῶσπερ

252 691 377 740 τινὰ
403 688 516 742 τῶν
543 693 788 762 συνήθων
814 711 902 764 μοι
928 698 1021 749 καὶ
1054 697 1378 768 ἡλικιωτῶν,
1405 702 1563 774 εἴπερ
1595 705 1656 756 οὐ
1690 704 1823 772 ψευ-

254 777 528 850 σθήσομαι
557 783 656 851 τῆς
683 783 918 848 ἐλπίδος.
956 787 1066 840 Καὶ
1102 789 1131 841 6
1157 791 1424 864 Βαρλαὰμ
1451 793 1556 864 ἔφη
1577 812 1590 824 ·
1629 794 1826 858 Καλῶς

249 869 520 940 ἐποίησας
564 873 720 927 τοῦτο
760 878 854 929 καὶ
902 878 1004 950 ﬁl
1038 880 1206 945 ἀξίως
1238 883 1337 953 τῆς
1387 885 1488 954 σῆς
1533 885 1821 956 βασιλικῆς

253 964 754 1036 μεγαλοπρεπείας,
807 971 888 1024 ὅτι
933 974 1007 1043 μὴ
1046 976 1110 1044 τῇ
1162 977 1461 1049 φαινομένῃ
1521 978 1826 1050 προσέσχες

249 1054 525 1126 εὐτελείᾳ,
547 1057 682 1111 ἀλλά
704 1060 802 1128 τῆς
829 1063 1220 1134 κεκρυμμένης
1251 1066 1439 1133 ἐγένου
1464 1067 1702 1130 ἐλπίδος.

249 1151 397 1205 Dixit
432 1165 618 1209 autem
665 1157 913 1211 Barlaam
954 1175 966 1210 :

1351 316 1520 376 VITA
1557 319 1908 378 BARLAAM
1951 318 2042 376 ΕΤ
2077 316 2425 376 JOASAPH.

255 416 399 488 ἥσθη
433 435 532 489 μου
561 419 592 489 ὴ
620 419 784 491 ψυχὴ.
821 424 912 475 καὶ
948 424 1164 490 εὔελπις
1188 429 1459 502 ἐγενόμην
1493 433 1581 487 διὰ
1617 433 1711 488 σοῦ
1737 435 1830 487 τοῦ
1867 448 1898 492 ε’.

1917 425 2279 480 conservabo.
2319 425 2404 480 Tu
2444 442 2578 482 vero
2620 428 2665 482 si
2707 428 2841 498 quid
2886 430 3158 500 ejusmodi
3202 434 3370 496 nosti,
3425 453 3497 491 ne

1916 532 2104 585 quaeso
2129 517 2182 570 id
2202 517 2454 584 reticeas,
2478 533 2670 572 verum
2695 519 2830 572 mihi
2846 535 3056 575 narres.
3075 521 3496 592 Quamprimum

1915 607 2063 660 enim
2089 623 2120 661 e
2150 608 2449 678 longinqua
2476 610 2699 679 regione
2727 619 2780 664 te
2819 610 3034 665 venisse
3077 612 3286 678 audivi,
3323 614 3496 668 animi

1917 685 2202 768 voluptate
2243 699 2480 754 affectus
2507 716 2655 766 sum,
2682 713 2848 771 atque
2875 701 2931 756 in
2960 703 3160 756 bonam
3190 719 3342 772 spem
3370 705 3495 759 veni

1917 790 2036 846 fore
2063 800 2122 845 ut
2160 807 2326 862 opera
2354 799 2446 846 tua
2491 793 2545 847 id
2589 794 2735 864 quod
2768 794 3060 863 cupiebam
3101 809 3495 864 consequerer.

1917 883 2108 952 quue
2149 883 2372 938 nomine
2395 883 2587 939 statim
2616 893 2667 938 te
2691 883 2759 938 ad
2782 900 2868 939 me
2904 883 3215 946 introduxi,
3239 884 3499 939 comiter-

1918 990 2028 1044 que
2057 983 2316 1057 tanquam
2338 975 2693 1030 familiarium
2724 991 2977 1030 meorum
2999 985 3056 1031 et
3079 976 3374 1046 aequalium
3404 976 3501 1030 ali-

1921 1083 2087 1136 quem
2109 1067 2321 1137 excepi.
2344 1067 2525 1138 Atque
2547 1070 2760 1123 utinam
2791 1085 2886 1138 spe
2911 1085 3031 1124 mea
3064 1070 3290 1124 minime
3312 1069 3496 1123 fallar!

1015 1159 1307 1221 Praeclare,
1343 1167 1509 1229 atque
1565 1169 1626 1214 ut
1669 1161 1818 1232 regia
1857 1165 2268 1235 magniﬁcentia
2304 1164 2531 1234 dignum
2582 1175 2723 1228 erat,
2779 1165 2883 1219 hoc
2925 1165 3124 1229 fecisti,
3171 1174 3233 1219 ut
3274 1180 3385 1218 non
3433 1163 3501 1216 ad

247 1254 494 1300 externae
531 1249 766 1303 vilitatis
818 1251 1058 1319 speciem
1109 1251 1356 1306 animum
1411 1252 1704 1323 adjiceres,
1752 1271 1950 1310 verum
1995 1258 2262 1311 abstrusa:
2315 1256 2434 1326 spei
2477 1256 2712 1326 teipsmn
2765 1257 3031 1312 traderes.

323 1341 432 1398 Ἦν
458 1347 566 1416 γάρ
594 1345 703 1415 (87)
738 1365 822 1410 τις
848 1347 1102 1416 βασιλεὺς
1133 1348 1307 1418 μέγας
1341 1348 1432 1402 καὶ
1471 1347 1703 1412 ἔνδοξος,
1727 1343 1822 1398 καὶ

251 1436 492 1505 ἐγένετο,
513 1435 860 1505 διερχομένου
879 1436 1043 1489 αὑτοῦ
1072 1438 1159 1506 ἐφ’
1184 1438 1429 1508 ἅρματος
1449 1435 1820 1507 χρυσοκολλή-

248 1543 348 1578 του
389 1525 484 1577 καὶ
535 1526 631 1594 τῆς
663 1527 772 1593 (88)
833 1525 1048 1596 βασιλεῖ
1095 1528 1413 1599 πρεπούσης
1473 1528 1817 1600 δορυφορίας,

254 1617 568 1684 ὑπαντῆσαι
606 1616 699 1669 δύο
745 1617 965 1688 ἄνδρας,
1000 1619 1336 1690 διερρωγότα
1367 1621 1465 1690 μὲν
1511 1618 1821 1690 ἠμφιεσμέ-

2002 1344 2127 1396 Erat
2154 1343 2294 1396 enim
2341 1343 2624 1411 aliquando
2658 1358 2878 1413 magnus
2923 1345 3134 1412 quidam
3180 1354 3236 1400 et
3278 1346 3496 1401 illustris

1929 1449 2056 1498 rex,
2087 1434 2204 1496 cui,
2234 1447 2353 1486 cum
2399 1435 2450 1486 in
2494 1448 2658 1488 aureo
2687 1448 2846 1489 curru
2867 1475 2882 1498 ,
2908 1436 3196 1491 satellitum
3227 1453 3384 1492 manu
3410 1453 3496 1492 re-

1928 1524 2031 1592 gia:
2073 1522 2336 1592 majestati
2366 1523 2524 1593 digna
2567 1525 2774 1579 cinctus
2808 1525 2909 1580 iter
2937 1525 3164 1592 faceret,
3194 1527 3497 1597 contigitIut

1930 1615 2065 1670 duos
2097 1615 2259 1678 viros,
2302 1614 2490 1668 laceris
2535 1629 2598 1668 ac
2645 1615 2874 1670 sordidis
2918 1617 3175 1685 vestibus,
3206 1628 3364 1688 atque
3407 1633 3502 1674 ore

249 1723 376 1768 νους
403 1708 496 1758 καὶ
531 1708 892 1777 ῥερυπωμένα
922 1709 1056 1777 (89),
1093 1709 1450 1780 ἐκτετηκότας
1466 1709 1522 1760 δὲ
1550 1709 1618 1760 τὰ
1652 1707 1820 1776 πρόσ·

1934 1707 2106 1764 macie
2132 1705 2398 1772 confecto,
2427 1720 2490 1761 ac
2535 1706 2789 1775 majorem
2819 1710 2870 1761 in
2899 1707 3112 1763 modum
3154 1709 3373 1778 pallido,
3403 1711 3498 1764 ob-

250 1814 381 1850 ωπα
443 1799 535 1850 καὶ
595 1798 717 1852 λίαν
755 1800 1247 1870 κατωχριωμένους
1274 1817 1288 1830 ο
1324 1795 1390 1870 ἦν
1437 1799 1494 1852 δὲ
1536 1797 1821 1866 γινώσκων

251 1889 480 1950 τούτους
504 1891 532 1942 6
561 1889 811 1958 βασιλεὺς
839 1890 916 1959 τῷ
943 1890 1294 1961 ὑπωπιασμῷ
1324 1889 1419 1943 τοῦ
1451 1889 1704 1960 σώματος
1727 1891 1823 1943 καὶ

251 1985 368 2044 τοῖς
399 1980 495 2050 τῆς
529 1981 815 2048 ἀσκήσεως
859 1981 1044 2052 ίδρῶσι
1083 1982 1145 2035 τὸ
1182 1985 1406 2054 σαρκίον
1451 1983 1821 2051 ἐκδεδαπανη-

255 2073 445 2136 κότας.
487 2073 575 2136 Ὠς
595 2069 686 2126 οὖν
712 2068 850 2125 εἶδεν
880 2073 1100 2137 αὐτοὺς,
1127 2075 1520 2145 καταπηδήσας
1537 2075 1698 2138 εὐθὺς
1727 2071 1823 2125 τοῦ

253 2162 506 2234 ἅρματος
532 2164 626 2216 καὶ
658 2164 749 2216 ἐπὶ
774 2163 872 2233 τὴν
917 2163 1021 2233 γῆν
1061 2163 1267 2228 πεσὼν,
1304 2163 1700 2234 προσεκύνησε,
1733 2163 1828 2216 καὶ

254 2255 500 2316 ἀναστὰς
564 2253 902 2325 περιεπλέικη
965 2255 1150 2319 αὐτοῖς
1204 2255 1642 2326 προσφιλέστατα
1701 2271 1829 2308 κατ-

261 2344 670 2415 ασπαζόμενος.
705 2348 764 2398 Οἰ
805 2346 860 2398 δέ
890 2349 1214 2417 μεγιστᾶνες
1244 2347 1408 2400 αὑτοῦ
1446 2348 1540 2402 καὶ
1572 2347 1828 2417 ἄρχοντες

256 2437 630 2508 ἐδυσχέραναν
660 2439 752 2490 ἐπὶ
776 2440 971 2509 τούτῳ,
1007 2438 1203 2506 ἀνάξια
1218 2441 1318 2510 τῆς
1358 2440 1643 2511 βασιλικῆς
1671 2439 1829 2509 δόξης

260 2529 624 2597 πεποιηκέναι
682 2531 844 2583 αὑτὸν
897 2531 1244 2602 νομίζοντες·
1288 2534 1364 2604 μὴ
1409 2533 1717 2603 τολμῶντες
1775 2533 1831 2584 δὲ

262 2621 409 2674 κατὰ
443 2621 735 2700 πρόσωπον
782 2622 1048 2692 ἐλέγχειν,
1096 2623 1188 2676 τὸν
1217 2626 1440 2695 γνήσιον
1471 2624 1639 2677 αὑτοῦ
1674 2624 1828 2677 ἀδελ-

263 2711 364 2780 φὸν
390 2711 572 2780 ἔλεγον
595 2711 824 2782 λαλῆσαι
850 2714 927 2783 τῷ
959 2715 1166 2785 βασιλεῖ
1215 2717 1289 2787 μὴ
1326 2716 1386 2771 τὸ
1409 2715 1544 2786 ὕψος
1580 2715 1674 2769 τοῦ
1714 2716 1831 2768 δια-

262 2803 502 2870 δήματος
525 2804 723 2855 οὑτωσὶ
751 2803 1126 2874 καθυϐρίζειν.
1155 2807 1263 2858 Τοῦ
1294 2807 1351 2859 δὲ
1377 2807 1628 2871 εἰπόντος
1661 2805 1832 2860 ταῦτα

263 2894 343 2963 τῷ
376 2893 587 2964 ἀδελφῷ
635 2896 724 2947 καὶ
754 2897 1256 2967 καταμεμψαμένου
1285 2899 1382 2970 τὴν
1409 2899 1635 2968 ἄκαιρον
1668 2897 1832 2952 αὑτοῦ

267 2987 674 3057 σμικρολογίαν,
707 2989 938 3042 δέδωκεν
975 2988 1121 3059 αὐτῷ
1169 2991 1462 3061 ἀπόκρισιν
1496 2995 1523 3045 ὁ
1555 2991 1830 3062 βασιλεὺς,

266 3074 335 3146 ἦν
370 3077 427 3127 ού
467 3077 696 3146 συνῆκεν
730 3079 757 3129 6
784 3077 1008 3145 ἀδελφὸς
1034 3076 1216 3132 αὐτοῦ.

343 3253 504 3316 ἘΟος
543 3255 652 3326 γὰρ
682 3249 748 3325 ἦν
791 3255 984 3326 ἐκείνῳ
1017 3255 1096 3327 τῷ
1146 3256 1376 3328 βασιλεῖ,
1409 3258 1536 3312 ὅταν
1563 3257 1834 3326 ἀπόερασιν

266 3342 500 3396 θανάτου
537 3345 680 3398 κατά
705 3361 850 3407 τινος
893 3345 1086 3409 ἐδίδου,
1121 3346 1339 3416 κήρυκα
1387 3345 1469 3408 εἰς
1519 3345 1615 3416 τὴν
1667 3345 1829 3398 αὑτοῦ

264 3433 440 3504 θύραν
468 3435 818 3487 ἀποστέλλειν
868 3435 1006 3505 μετά
1042 3436 1342 3505 σάλπιγγος
1392 3434 1729 3505 τεταγμένης
1757 3435 1834 3497 εἰς

262 3527 426 3579 τοῦτο
447 3543 459 3553 ”
497 3528 589 3579 καὶ
611 3531 677 3598 τῇ
711 3532 860 3599 φωνῇ
903 3529 1000 3598 τῆς
1036 3527 1338 3595 σάλπιγγος
1365 3525 1582 3595 ἐκείνης
1611 3523 1837 3596 ᾔσθοντο

266 3617 471 3679 πάντες
503 3617 731 3670 θανάτου
771 3620 952 3689 ἔνοχον
984 3619 1190 3670 ἐκεῖνον
1229 3617 1516 3688 ὑπάρχειν.
1566 3615 1837 3687 Ἑσπέρας

270 3707 378 3779 42
414 3704 508 3762 οὖν
547 3709 992 3779 καταλαϐούσης,
1039 3707 1358 3762 ἀπέστειλεν
1393 3709 1421 3760 6
1453 3705 1707 3777 βασιλεὺς
1736 3705 1836 3772 τὴν

270 3804 552 3870 σάλπιγγα
602 3802 696 3855 τοῦ
731 3801 962 3854 θανάτου
1001 3800 1282 3864 σαλπίζειν
1315 3800 1409 3852 ἐπὶ
1452 3801 1518 3870 τῇ
1556 3797 1696 3868 θύρᾳ
1743 3794 1836 3848 τοῦ

265 3895 418 3944 οἴκου
447 3891 540 3946 τοῦ
587 3892 818 3960 ἀδελφοῦ
857 3891 1044 3946 αὐτοῦ.
1095 3893 1184 3953 Ὠς
1219 3886 1310 3943 οὖν
1349 3890 1582 3960 ηκουσεν
1631 3889 1836 3950 ἐκεῖνος

269 3983 367 4054 τὴν
400 3984 676 4052 σάλπιγγα
715 3983 808 4036 τοῦ
841 3983 1093 4044 θανάτου,
1123 3981 1346 4048 ἀπέγνω
1371 3980 1469 4048 τῆς
1503 3977 1694 4031 ἑαυτοῦ
1728 3994 1836 4029 σω·

269 4076 465 4146 τηρίας
497 4075 588 4128 καὶ
615 4075 819 4128 διέθετο
848 4075 917 4128 τὰ
951 4073 1070 4127 κατ’
1119 4073 1284 4125 αὐτὸν
1339 4071 1468 4150 ὃλην
1499 4069 1596 4139 τὴν
1629 4068 1798 4120 νύκτα
1819 4084 1831 4097 ·

269 4166 388 4236 ἀμα
399 4165 453 4218 δὲ
471 4164 635 4235 πρωϊ,
653 4165 1074 4236 ἀμφιασάμενος
1095 4163 1298 4234 μέλανα
1316 4161 1410 4215 καὶ
1431 4159 1680 4230 πενθήρη
1705 4158 1836 4229 (90),

274 4234 414 4326 ἀετά
450 4234 705 4323 γυναικὸς
735 4256 828 4308 καὶ
853 4255 1058 4308 τέκνων
1085 4252 1386 4322 ἀπέρχεται
1432 4252 1511 4312 είς
1537 4248 1634 4321 τὴν
1671 4247 1838 4317 θύραν

270 4347 368 4400 τοῦ
397 4347 659 4401 παλατίου
688 4346 888 4400 κλαίων
917 4345 1013 4399 καὶ
1042 4345 1385 4414 ὀδυρόμενος.
1427 4342 1752 4408 Εἱσαγαγὼν
1784 4340 1840 4392 δὲ

1937 1800 2054 1854 vios
2098 1797 2342 1851 haberet.
2388 1796 2713 1873 Regi.porro
2750 1799 3078 1867 exploratum
3107 1809 3222 1854 erat
3248 1815 3342 1855 eos
3381 1815 3501 1856 cor-

1932 1888 2080 1958 poris
2109 1887 2453 1943 afllictatione
2478 1902 2538 1942 ac
2567 1888 2691 1943 vita;
2728 1887 2839 1944 Deo
2879 1900 3202 1946 consecratae
3231 1891 3500 1946 laboribus

1932 1995 2121 2036 carnes
2159 1995 2283 2040 suas
2323 1979 2395 2034 ita
2442 1979 2751 2034 confecisse.
2802 1979 2867 2035 Ut
2916 1981 3074 2051 igitur
3119 1998 3212 2037 eos
3263 1985 3424 2050 vidit,
3470 2003 3500 2039 e

1934 2087 2093 2127 curru
2137 2070 2316 2126 statim
2364 2070 2642 2136 desiliens,
2673 2079 2832 2141 atque
2871 2071 3013 2126 humi
3061 2085 3376 2142 prostratus,
3403 2092 3498 2133 eos

1933 2165 2204 2230 adoravit;
2234 2178 2296 2218 ac
2321 2165 2517 2220 deinde
2559 2180 2803 2234 surgens,
2832 2165 3152 2223 amicissime
3192 2171 3502 2238 complexus

1934 2266 2045 2320 est,
2076 2265 2130 2310 et
2158 2255 2426 2309 salutavit.
2469 2255 2726 2310 Proceres
2759 2264 2937 2312 autem
2983 2257 3150 2325 ipsius
3177 2273 3240 2313 ac
3270 2260 3501 2327 pra-fecti

1937 2348 2039 2402 hoc
2085 2347 2312 2402 moleste
2351 2346 2616 2410 tulerunt,
2642 2361 2762 2401 eum
2795 2347 2998 2402 facinus
3030 2349 3171 2416 regia
3207 2350 3379 2418 gloria
3426 2351 3504 2403 in-

1935 2438 2151 2507 dignum
2192 2437 2469 2494 admisisse
2509 2437 2897 2494 existimantes.
2929 2438 3124 2493 Verum
3151 2454 3273 2494 cum
3321 2456 3500 2495 wram

1938 2529 2109 2598 ipsum
2139 2527 2533 2596 reprehendere
2557 2528 2778 2584 minime
2803 2529 3078 2595 auderent,
3101 2545 3222 2584 cum
3248 2545 3506 2600 germano

1943 2622 2108 2689 ipsius
2149 2620 2312 2674 fratre
2338 2619 2594 2688 agebant,
2625 2627 2682 2674 ut
2710 2634 2886 2689 regem
2927 2621 3270 2688 admoneret,
3300 2636 3369 2677 ne
3396 2623 3509 2678 dia-

1938 2711 2166 2766 dematis
2193 2709 2594 2778 amplitudinem
2617 2719 2667 2764 et
2697 2709 3076 2765 sublimitatem
3103 2713 3170 2765 ad
3211 2713 3354 2767 hunc
3395 2728 3511 2766 mo-

1938 2802 2063 2857 dum
2104 2801 2368 2856 dedecore
2395 2815 2458 2856 ac
2495 2801 2814 2855 contumelia
2859 2801 3110 2855 afficeret.
3155 2802 3284 2856 Cum
3331 2804 3510 2872 itaque

1942 2908 2056 2962 ipse
2111 2892 2223 2946 haec
2271 2891 2424 2946 fratri
2470 2890 2726 2956 dixisset,
2774 2901 2932 2960 atque
2984 2891 3406 2960 intempestivam
3449 2901 3503 2944 et

1941 2987 2317 3050 praeposteram
2348 2977 2511 3044 Ipsius
2541 2975 2885 3028 lmmilitatem
2917 2983 3252 3038 accusasset,
3283 2988 3504 3040 respon-

1863 3079 1906 3140 c
1940 3083 2057 3122 sum
2097 3068 2193 3136 ipsi
2233 3082 2325 3121 rex
2371 3065 2544 3133 dedit,
2575 3063 2713 3135 quod
2751 3078 2782 3117 a
2828 3063 2990 3118 fratre
3035 3063 3252 3119 minime
3298 3064 3502 3118 intelle-

1939 3169 2081 3212 ctmn
2111 3165 2210 3211 est.

2014 3248 2125 3301 Mos
2149 3245 2289 3302 enim
2317 3247 2425 3316 regi
2461 3254 2577 3301 erat
2605 3255 2661 3300 ut
2702 3260 2820 3300 cum
2851 3245 3077 3315 aliquem
3108 3253 3279 3300 morte
3307 3245 3499 3299 multa-

1939 3344 2049 3401 ret,
2080 3351 2374 3406 prmconem
2397 3352 2516 3392 cum
2548 3337 2692 3402 tuba,
2716 3351 2834 3405 qua:
2859 3336 3068 3405 quidem
3093 3335 3278 3390 mortis
3305 3335 3502 3390 ideirco

1937 3427 2230 3494 dicebatur,
2260 3427 2325 3482 ad
2367 3428 2530 3498 ipsius
2569 3428 2710 3483 fores
2759 3429 3019 3494 mitteret,
3050 3439 3208 3496 atque
3253 3442 3320 3482 ex
3365 3427 3502 3481 tubae

1936 3521 2075 3576 illius
2103 3522 2350 3590 clangore
2389 3533 2574 3574 omnes
2602 3519 2654 3574 ei
2697 3518 3028 3574 moriendum
3075 3532 3195 3572 esse
3237 3517 3498 3586 intellige-

1935 3611 2080 3666 bant.
2113 3611 2292 3681 Itaque
2321 3625 2439 3666 cum
2472 3611 2899 3680 advesperasset,
2941 3610 3190 3665 lethalem
3230 3611 3407 3664 tubam
3435 3610 3499 3662 ad

1933 3701 2113 3756 fratris
2147 3706 2225 3756 sui
2271 3705 2412 3755 fores
2443 3703 2743 3771 clangorem
2793 3701 3051 3754 edituram
3093 3715 3182 3753 rex
3234 3701 3398 3752 misit.
3437 3697 3502 3752 Ut

1934 3793 2091 3862 igitur
2118 3793 2204 3846 il'e
2251 3791 2387 3844 hanc
2417 3793 2594 3844 tubam
2625 3791 2854 3852 audivit,
2886 3790 3162 3856 desperata
3194 3792 3364 3841 salute
3411 3801 3504 3853 per

1933 3890 2096 3936 totam
2215 3888 2426 3932 noctem
2527 3879 2835 3933 domesticis
2857 3880 3014 3932 rebus
3035 3877 3322 3930 consuluit.
3349 3877 3501 3930 Mane

1932 3980 2105 4026 autem
2149 3979 2264 4024 atra
2307 3984 2368 4024 ac
2413 3969 2618 4039 lugubri
2661 3979 2807 4024 veste
2839 3971 3072 4030 indutus,
3099 3983 3219 4022 cum
3252 3983 3414 4021 uxore
3441 3983 3503 4019 ac

1934 4062 2109 4116 liberis
2135 4060 2202 4114 ad
2245 4059 2421 4130 palatii
2453 4059 2592 4113 fores
2635 4059 2768 4114 flens
2807 4073 2870 4113 ac
2900 4061 3194 4112 lamentans
3234 4058 3500 4126 profectus
3579 4113 3586 4124 θ

1931 4162 2029 4208 est.
2059 4150 2190 4207 Cum
2222 4159 2396 4205 autem
2428 4165 2518 4206 rex
2551 4149 2721 4220 ipsum
2769 4150 2833 4204 ad
2879 4163 2939 4204 se
2977 4149 3311 4212 admisisset,
3342 4157 3503 4216 atque

1932 4245 2002 4300 ita
2041 4243 2326 4314 eiulantem
2359 4243 2608 4308 vidisset,
2638 4241 2718 4296 his
2750 4242 2926 4296 verbis
2957 4257 3084 4296 usus
3112 4249 3231 4296 est:
3268 4241 3311 4295 0
3340 4241 3501 4294 stulte

1931 4351 1992 4394 ac
2019 4337 2254 4404 demens,
2289 4335 2334 4390 si
2381 4333 2558 4389 fratris
2589 4335 2696 4398 tui,
2727 4350 2845 4388 cum
2878 4351 2984 4402 quo
3017 4335 3156 4388 idem
3199 4333 3290 4387 tibi
3337 4348 3504 4401 genus

270 4438 435 4490 αὑτὸν
460 4440 488 4491 6
511 4437 781 4507 βασιλεὺς,
806 4436 900 4488 καὶ
923 4433 1095 4497 οὕτως
1115 4433 1235 4486 ἰδὼν
1255 4431 1673 4502 ὀλοφυρόμενον,
1705 4429 1828 4499 ἔφη’

1934 4439 1983 4485 et
2013 4445 2109 4499 par
2139 4429 2307 4484 honor
2347 4435 2462 4493 est,
2497 4429 2549 4480 in
2580 4441 2737 4495 quem
2783 4425 2979 4479 nullius
3020 4425 3239 4478 omnino
3284 4425 3503 4479 sceleris

270 4527 343 4584 Ὦ
373 4531 600 4585 ἀσύνετε
629 4530 722 4585 καὶ
752 4531 946 4600 ἄφρον,
979 4530 1026 4582 εί
1077 4528 1140 4581 σὺ
1176 4527 1349 4589 οὕτως
1393 4524 1696 4588 ἐδειλίασας
1750 4524 1840 4577 τὸν

271 4624 489 4694 κήρυκα
533 4622 628 4676 τοῦ
649 4621 910 4692 ὁμοτίμου
965 4637 1058 4672 σου
1109 4615 1361 4687 ἀδελφοῦ,
1421 4617 1556 4687 πρὸς
1585 4616 1643 4670 ὃν
1690 4615 1841 4670 οὐδὲν

268 4713 410 4775 ὅλως
469 4711 662 4765 ἑαυτὸν
725 4709 1104 4782 ἡμαρτηκέναι
1163 4708 1477 4777 γινώσκεις,
1550 4707 1672 4768 πῶς
1716 4706 1841 4775 ἐμοὶ

274 4803 482 4874 μέμψιν
514 4804 790 4874 ἐπήγαγες
843 4803 901 4855 ἐν
943 4799 1274 4854 ταπεινώσει
1310 4799 1684 4870 ἀσπασαμένη)
1715 4799 1840 4860 τοὺς

273 4897 525 4965 κήρυκας
551 4893 650 4947 τοῦ
675 4891 808 4946 Θεοῦ
841 4909 966 4964 μου,
996 4891 1121 4954 τοὺς
1147 4890 1505 4962 εὐηχέστερον
1541 4889 1841 4957 σάλπιγγος

273 4985 584 5055 μηνύοντας
648 5001 739 5054 μοι
776 4982 868 5036 τὸν
917 4982 1146 5034 θάνατον
1197 4983 1290 5034 καὶ
1333 4982 1432 5050 τὴν
1471 4979 1707 5049 φοϐερὰν
1749 4978 1843 5030 τού

271 5077 544 5130 Λεσπότου
573 5077 896 5145 ὑπάντησιν,
930 5066 975 5141 ᾧ
1006 5072 1177 5126 πολλά
1207 5073 1301 5126 καὶ
1343 5072 1557 5142 μεγάλα
1611 5070 1846 5141 ἐμαυτὸν

1933 4521 2023 4574 tibi
2062 4517 2307 4573 conscius
2331 4531 2412 4582 es,
2460 4529 2753 4584 praeconem
2797 4516 2864 4566 ita
2909 4514 3234 4578 extimuisti;
3267 4529 3498 4584 quonam

1935 4608 2094 4662 modo
2123 4606 2254 4660 mihi
2301 4604 2730 4674 reprehensionis
2769 4615 2946 4656 notam
2996 4604 3194 4658 idcirco
3237 4603 3500 4668 inussisti,
3580 4591 3622 4669 ,⁸

1935 4699 2072 4770 quod
2117 4698 2207 4753 Dei
2238 4698 2340 4752 mei
2381 4710 2671 4765 praecones,
2704 4695 2794 4763 qui
2827 4702 3085 4759 mortem,
3117 4707 3180 4748 ac
3218 4695 3421 4749 Domini
3453 4698 3504 4747 in

1935 4805 2090 4860 quem
2123 4804 2207 4843 me
2255 4791 2414 4842 multa
2445 4796 2497 4840 et
2537 4784 2718 4856 gravia
2761 4787 2964 4840 scelera
3015 4793 3348 4854 perpetrasse
3391 4786 3504 4838 scio

1935 4877 2408 4949 pertimescendum
2437 4875 2722 4930 adventum
2749 4873 2875 4929 mihi
2905 4875 3092 4943 quavis
3121 4872 3243 4928 tuba
3267 4871 3505 4925 vocalius

1936 4969 2190 5036 altiusque
2207 4965 2539 5031 denuntiant,
2565 4963 2838 5020 humiliter
2857 4979 2917 5019 ac
2939 4965 3173 5020 demisse
3199 4962 3507 5016 salutarlm?

1937 5061 2012 5116 En
2043 5060 2196 5128 igitur
2235 5067 2289 5112 ut
2331 5066 2473 5111 tuam
2515 5055 2836 5112 dementiam
2881 5066 3256 5122 coarguerem,
3294 5051 3390 5104 hac
3423 5065 3507 5104 ra-

271 5168 655 5240 ὴμαρτηκέναι
694 5167 1029 5235 ἐπίσταμαι;
1062 5164 1194 5216 Ἰδοὺ
1223 5164 1404 5218 τοίνυν
1437 5162 1537 5233 τὴν
1567 5161 1666 5230 σὴν
1695 5160 1840 5227 ἐλέγ-

1940 5154 2080 5207 tione
2124 5165 2249 5206 usus
2295 5163 2412 5203 sum
2437 5188 2450 5211 ,
2483 5145 2924 5217 quemadmodum
2954 5144 3112 5197 etiam
3155 5155 3249 5196 eos
3280 5142 3367 5210 qui
3409 5141 3501 5195 tibi

268 5279 385 5332 χιον
417 5261 604 5315 ἄνοιαν
631 5258 807 5328 τούτῳ
852 5256 918 5327 δὴ
941 5255 1019 5326 τῷ
1057 5256 1244 5326 τροπῳ
1285 5255 1629 5325 ἐχρησάμην,
1662 5250 1840 5322 ὥσπερ

1941 5254 1996 5297 ut
2029 5257 2113 5296 me
2140 5239 2581 5310 reprehenderes,
2608 5235 2660 5288 in
2687 5233 2921 5288 animum
2954 5231 3302 5294 induxerunt,
3331 5231 3506 5284 statim

345 5420 456 5488 (87.)
487 5419 709 5474 Lcuima
737 5415 1019 5488 metricum
1056 5416 1108 5488 i_u
1150 5413 1335 5468 codice
1363 5412 1408 5466 Α
1446 5428 1458 5462 :
1492 5409 1778 5480 Παραϐολὴ
1809 5426 1840 5462 τι

1934 5377 2000 5478 τη
2029 5423 2092 5476 γε
2120 5404 2259 5475 αὓτη
2294 5401 2568 5472 τυγχάνει.

348 5483 461 5555 (8.8)
495 5489 699 5543 Forsan
727 5487 823 5540 καὶ
855 5483 992 5555 μετὰ
1005 5485 1140 5555 τῆς.
1204 5519 1208 5522 -

349 5560 460 5630 (89)
489 5559 562 5630 ρο
596 5559 698 5630 hac

740 5545 959 5624 perfracti
997 5545 1188 5612 ferina,
1227 5561 1264 5605 ι.
1306 5551 1390 5624 Ill,
1416 5566 1468 5624 [ι.
1505 5550 1740 5624 Cf.
1767 5548 2008 5624 mdep.
2043 5545 2256 5624 58,.19.

591 5604 1216 5697 [ias-invii.fleratljectiv'o
1250 5604 1542 5697 “devitet.
1577 5604 1760 5697 ηιξκιε
1781 5618 1840 5671 15

1934 5604 2290 5693 Ilesychius_:
2325 5609 2579 5683 περκνὸν,
2628 5607 2873 5681 μελανόν.
2911 5607 2974 5674 C,
3013 5604 3162 5662 πενθ.
3199 5606 3410 5678 ἱμάτια,
3469 5611 3518 5656 ut

274 5685 458 5772 ν.“4ι;
492 5685 554 5762 7,
582 5685 699 5770 ῥερ.
734 5694 924 5766 ἱμάτια
960 5709 972 5722 ·
1001 5685 1106 5762 quo
1144 5685 1358 5746 nomine
1399 5691 1552 5744 facile
1584 5685 1840 5744 carebitnt

1941 5687 2022 5741 Cf.
2056 5701 2176 5754 pag.
2215 5685 2293 5737 l3.
