  <div class='ocr_page' id='page_1' title='image "/cluster/home/n/w/nwhite01/storage/ocr_20150623/96/hvd.32044073502114/461.png"; bbox 0 0 3994 6350; ppageno 0'>
   <div class='ocr_carea' id='block_1_1' title="bbox 436 345 544 410">
    <p class='ocr_par' dir='ltr' id='par_1_1' title="bbox 436 345 544 410">
     <span class='ocr_line' id='line_1_1' title="bbox 436 345 544 410; baseline 0 0"><span class='ocrx_word' id='word_1_1' title='bbox 436 345 544 410; x_wconf 84' lang='lat'><strong>903</strong></span> 
     </span>
    </p>
   </div>
   <div class='ocr_carea' id='block_1_2' title="bbox 1854 306 2231 369">
    <p class='ocr_par' dir='ltr' id='par_1_2' title="bbox 1854 306 2231 369">
     <span class='ocr_line' id='line_1_2' title="bbox 1854 306 2231 369; baseline -0.008 0"><span class='ocrx_word' id='word_1_2' title='bbox 1854 306 2107 369; x_wconf 80' lang='lat' dir='ltr'><strong>ADDEN</strong></span> <span class='ocrx_word' id='word_1_3' title='bbox 2116 308 2207 368; x_wconf 87' lang='lat' dir='ltr'>DA</span> <span class='ocrx_word' id='word_1_4' title='bbox 2218 354 2231 366; x_wconf 93' lang='lat'><strong>.</strong></span> 
     </span>
    </p>
   </div>
   <div class='ocr_carea' id='block_1_3' title="bbox 3580 295 3697 362">
    <p class='ocr_par' dir='ltr' id='par_1_3' title="bbox 3580 295 3697 362">
     <span class='ocr_line' id='line_1_3' title="bbox 3580 295 3697 362; baseline -0.026 0"><span class='ocrx_word' id='word_1_5' title='bbox 3580 295 3697 362; x_wconf 74' lang='lat'><strong>90‘.</strong></span> 
     </span>
    </p>
   </div>
   <div class='ocr_carea' id='block_1_4' title="bbox 437 409 2035 511">
    <p class='ocr_par' dir='ltr' id='par_1_4' title="bbox 437 409 2035 511">
     <span class='ocr_line' id='line_1_4' title="bbox 437 409 2035 511; baseline -0.018 0"><span class='ocrx_word' id='word_1_6' title='bbox 437 450 656 511; x_wconf 87' lang='lat' dir='ltr'><strong>stolidos</strong></span> <span class='ocrx_word' id='word_1_7' title='bbox 681 453 736 503; x_wconf 89' lang='lat' dir='ltr'><strong>et</strong></span> <span class='ocrx_word' id='word_1_8' title='bbox 778 448 1018 499; x_wconf 78' lang='lat' dir='ltr'><strong>amentes</strong></span> <span class='ocrx_word' id='word_1_9' title='bbox 1043 449 1164 494; x_wconf 88' lang='lat' dir='ltr'><strong>esse</strong></span> <span class='ocrx_word' id='word_1_10' title='bbox 1190 432 1585 492; x_wconf 72' lang='lat' dir='ltr'><strong>demonstrabo.</strong></span> <span class='ocrx_word' id='word_1_11' title='bbox 1615 430 1788 499; x_wconf 79' lang='lat' dir='ltr'><strong>Atque</strong></span> <span class='ocrx_word' id='word_1_12' title='bbox 1818 429 1889 484; x_wconf 90' lang='lat' dir='ltr'><strong>ita</strong></span> <span class='ocrx_word' id='word_1_13' title='bbox 1914 442 2035 483; x_wconf 70' lang='lat' dir='ltr'><strong>cu-.</strong></span> 
     </span>
    </p>
   </div>
   <div class='ocr_carea' id='block_1_5' title="bbox 2133 409 3695 511">
    <p class='ocr_par' dir='ltr' id='par_1_5' title="bbox 2133 409 3695 485">
     <span class='ocr_line' id='line_1_5' title="bbox 2133 409 3695 485; baseline -0.008 -12"><span class='ocrx_word' id='word_1_14' title='bbox 2133 415 2195 474; x_wconf 77' lang='grc' dir='ltr'><strong>ὗν</strong></span> <span class='ocrx_word' id='word_1_15' title='bbox 2233 418 2325 472; x_wconf 74' lang='grc' dir='ltr'>καὶ</span> <span class='ocrx_word' id='word_1_16' title='bbox 2353 417 2480 481; x_wconf 83' lang='grc' dir='ltr'>τοὺς</span> <span class='ocrx_word' id='word_1_17' title='bbox 2517 413 2886 485; x_wconf 81' lang='grc' dir='ltr'>ὑποθεμένους</span> <span class='ocrx_word' id='word_1_18' title='bbox 2908 428 3000 464; x_wconf 75' lang='grc' dir='ltr'><strong>σου</strong></span> <span class='ocrx_word' id='word_1_19' title='bbox 3022 409 3121 480; x_wconf 81' lang='grc' dir='ltr'>τὴν</span> <span class='ocrx_word' id='word_1_20' title='bbox 3154 410 3273 462; x_wconf 76' lang='grc' dir='ltr'>κατ’</span> <span class='ocrx_word' id='word_1_21' title='bbox 3310 409 3445 480; x_wconf 77' lang='grc' dir='ltr'>ἐμοῦ</span> <span class='ocrx_word' id='word_1_22' title='bbox 3474 409 3695 480; x_wconf 63' lang='grc' dir='ltr'>μέμψιν</span> 
     </span>
    </p>
   </div>
   <div class='ocr_carea' id='block_1_6' title="bbox 441 518 2007 597">
    <p class='ocr_par' dir='ltr' id='par_1_6' title="bbox 441 518 2007 597">
     <span class='ocr_line' id='line_1_6' title="bbox 441 518 2007 597; baseline -0.016 0"><span class='ocrx_word' id='word_1_23' title='bbox 441 551 614 597; x_wconf 89' lang='lat' dir='ltr'><strong>ratum</strong></span> <span class='ocrx_word' id='word_1_24' title='bbox 643 547 699 594; x_wconf 93' lang='lat' dir='ltr'><strong>et</strong></span> <span class='ocrx_word' id='word_1_25' title='bbox 735 534 929 591; x_wconf 89' lang='lat' dir='ltr'><strong>utiliter</strong></span> <span class='ocrx_word' id='word_1_26' title='bbox 970 529 1283 585; x_wconf 91' lang='lat' dir='ltr'><strong>instructum</strong></span> <span class='ocrx_word' id='word_1_27' title='bbox 1311 522 1528 579; x_wconf 89' lang='lat' dir='ltr'><strong>fratrem</strong></span> <span class='ocrx_word' id='word_1_28' title='bbox 1572 534 1759 589; x_wconf 92' lang='lat' dir='ltr'><strong>suum,</strong></span> <span class='ocrx_word' id='word_1_29' title='bbox 1788 518 2007 574; x_wconf 89' lang='lat' dir='ltr'><strong>domum</strong></span> 
     </span>
    </p>
   </div>
   <div class='ocr_carea' id='block_1_7' title="bbox 442 630 666 689">
    <p class='ocr_par' dir='ltr' id='par_1_7' title="bbox 442 630 666 689">
     <span class='ocr_line' id='line_1_7' title="bbox 442 630 666 689; baseline -0.022 0"><span class='ocrx_word' id='word_1_30' title='bbox 442 630 666 689; x_wconf 84' lang='lat' dir='ltr'><strong>remisit.</strong></span> 
     </span>
    </p>
   </div>
   <div class='ocr_carea' id='block_1_8' title="bbox 515 703 2007 781">
    <p class='ocr_par' dir='ltr' id='par_1_8' title="bbox 515 703 2007 781">
     <span class='ocr_line' id='line_1_8' title="bbox 515 703 2007 781; baseline -0.015 -3"><span class='ocrx_word' id='word_1_31' title='bbox 515 720 680 779; x_wconf 79' lang='lat' dir='ltr'><strong>Iussit</strong></span> <span class='ocrx_word' id='word_1_32' title='bbox 705 724 881 772; x_wconf 91' lang='lat' dir='ltr'><strong>autem</strong></span> <span class='ocrx_word' id='word_1_33' title='bbox 911 726 943 767; x_wconf 94' lang='lat' dir='ltr'><strong>e</strong></span> <span class='ocrx_word' id='word_1_34' title='bbox 969 710 1113 781; x_wconf 89' lang='lat' dir='ltr'><strong>ligno</strong></span> <span class='ocrx_word' id='word_1_35' title='bbox 1138 716 1364 777; x_wconf 80' lang='lat' dir='ltr'><strong>quatuor</strong></span> <span class='ocrx_word' id='word_1_36' title='bbox 1401 718 1552 761; x_wconf 87' lang='lat' dir='ltr'><strong>arcas</strong></span> <span class='ocrx_word' id='word_1_37' title='bbox 1577 703 1714 760; x_wconf 82' lang='lat' dir='ltr'><strong>efﬁci</strong></span> <span class='ocrx_word' id='word_1_38' title='bbox 1742 719 1756 758; x_wconf 90' lang='lat'>:</span> <span class='ocrx_word' id='word_1_39' title='bbox 1788 716 2007 773; x_wconf 87' lang='lat' dir='ltr'><strong>quarum</strong></span> 
     </span>
    </p>
   </div>
   <div class='ocr_carea' id='block_1_9' title="bbox 446 794 2014 875">
    <p class='ocr_par' dir='ltr' id='par_1_9' title="bbox 446 794 2014 875">
     <span class='ocr_line' id='line_1_9' title="bbox 446 794 2014 875; baseline -0.017 -3"><span class='ocrx_word' id='word_1_40' title='bbox 446 830 565 873; x_wconf 87' lang='lat' dir='ltr'><strong>cum</strong></span> <span class='ocrx_word' id='word_1_41' title='bbox 590 813 723 868; x_wconf 90' lang='lat' dir='ltr'><strong>duas</strong></span> <span class='ocrx_word' id='word_1_42' title='bbox 749 805 980 875; x_wconf 86' lang='lat' dir='ltr'><strong>undique</strong></span> <span class='ocrx_word' id='word_1_43' title='bbox 1018 817 1149 857; x_wconf 80' lang='lat' dir='ltr'><strong>auro</strong></span> <span class='ocrx_word' id='word_1_44' title='bbox 1175 802 1527 865; x_wconf 90' lang='lat' dir='ltr'><strong>contexisset,</strong></span> <span class='ocrx_word' id='word_1_45' title='bbox 1561 796 1829 867; x_wconf 84' lang='lat' dir='ltr'><strong>fetidaque</strong></span> <span class='ocrx_word' id='word_1_46' title='bbox 1855 794 2014 850; x_wconf 88' lang='lat' dir='ltr'><strong>cada-</strong></span> 
     </span>
    </p>
   </div>
   <div class='ocr_carea' id='block_1_10' title="bbox 448 885 2017 965">
    <p class='ocr_par' dir='ltr' id='par_1_10' title="bbox 448 885 2017 965">
     <span class='ocr_line' id='line_1_10' title="bbox 448 885 2017 965; baseline -0.015 -2"><span class='ocrx_word' id='word_1_47' title='bbox 448 920 626 964; x_wconf 82' lang='lat' dir='ltr'><strong>verum</strong></span> <span class='ocrx_word' id='word_1_48' title='bbox 654 915 777 958; x_wconf 87' lang='lat' dir='ltr'><strong>ossa</strong></span> <span class='ocrx_word' id='word_1_49' title='bbox 802 902 854 954; x_wconf 92' lang='lat' dir='ltr'><strong>in</strong></span> <span class='ocrx_word' id='word_1_50' title='bbox 882 912 972 953; x_wconf 91' lang='lat' dir='ltr'><strong>eas</strong></span> <span class='ocrx_word' id='word_1_51' title='bbox 1003 894 1312 965; x_wconf 70' lang='lat' dir='ltr'><strong>iniecisset,</strong></span> <span class='ocrx_word' id='word_1_52' title='bbox 1343 891 1519 945; x_wconf 87' lang='lat' dir='ltr'><strong>aureis</strong></span> <span class='ocrx_word' id='word_1_53' title='bbox 1548 890 1684 945; x_wconf 91' lang='lat' dir='ltr'><strong>seris</strong></span> <span class='ocrx_word' id='word_1_54' title='bbox 1721 900 1815 945; x_wconf 87' lang='lat' dir='ltr'><strong>eas</strong></span> <span class='ocrx_word' id='word_1_55' title='bbox 1853 885 2017 941; x_wconf 82' lang='lat' dir='ltr'><strong>obfir-</strong></span> 
     </span>
    </p>
   </div>
   <div class='ocr_carea' id='block_1_11' title="bbox 449 977 2015 1059">
    <p class='ocr_par' dir='ltr' id='par_1_11' title="bbox 449 977 2015 1059">
     <span class='ocr_line' id='line_1_11' title="bbox 449 977 2015 1059; baseline -0.015 -5"><span class='ocrx_word' id='word_1_56' title='bbox 449 997 645 1059; x_wconf 88' lang='lat' dir='ltr'><strong>mavit;</strong></span> <span class='ocrx_word' id='word_1_57' title='bbox 677 991 895 1058; x_wconf 88' lang='lat' dir='ltr'><strong>reliquis</strong></span> <span class='ocrx_word' id='word_1_58' title='bbox 923 996 1101 1042; x_wconf 89' lang='lat' dir='ltr'><strong>autem</strong></span> <span class='ocrx_word' id='word_1_59' title='bbox 1129 985 1332 1041; x_wconf 89' lang='lat' dir='ltr'><strong>duabus</strong></span> <span class='ocrx_word' id='word_1_60' title='bbox 1355 982 1473 1053; x_wconf 89' lang='lat' dir='ltr'><strong>pice</strong></span> <span class='ocrx_word' id='word_1_61' title='bbox 1501 995 1563 1036; x_wconf 90' lang='lat' dir='ltr'><strong>ac</strong></span> <span class='ocrx_word' id='word_1_62' title='bbox 1594 981 1853 1035; x_wconf 89' lang='lat' dir='ltr'><strong>bitumine</strong></span> <span class='ocrx_word' id='word_1_63' title='bbox 1880 977 2015 1033; x_wconf 81' lang='lat' dir='ltr'><strong>obli-</strong></span> 
     </span>
    </p>
   </div>
   <div class='ocr_carea' id='block_1_12' title="bbox 451 1069 2015 1156">
    <p class='ocr_par' dir='ltr' id='par_1_12' title="bbox 451 1069 2015 1156">
     <span class='ocr_line' id='line_1_12' title="bbox 451 1069 2015 1156; baseline -0.013 -13"><span class='ocrx_word' id='word_1_64' title='bbox 451 1090 542 1150; x_wconf 87' lang='lat' dir='ltr'><strong>tis.</strong></span> <span class='ocrx_word' id='word_1_65' title='bbox 584 1084 936 1156; x_wconf 88' lang='lat' dir='ltr'><strong>pretiosisque</strong></span> <span class='ocrx_word' id='word_1_66' title='bbox 982 1077 1245 1148; x_wconf 85' lang='lat' dir='ltr'><strong>lapidibus</strong></span> <span class='ocrx_word' id='word_1_67' title='bbox 1290 1084 1344 1131; x_wconf 92' lang='lat' dir='ltr'><strong>et</strong></span> <span class='ocrx_word' id='word_1_68' title='bbox 1387 1071 1666 1143; x_wconf 78' lang='lat' dir='ltr'><strong>exquisitis</strong></span> <span class='ocrx_word' id='word_1_69' title='bbox 1715 1069 2015 1133; x_wconf 91' lang='lat' dir='ltr'><strong>unionibus,</strong></span> 
     </span>
    </p>
   </div>
   <div class='ocr_carea' id='block_1_13' title="bbox 458 1160 2019 1246">
    <p class='ocr_par' dir='ltr' id='par_1_13' title="bbox 458 1160 2019 1246">
     <span class='ocr_line' id='line_1_13' title="bbox 458 1160 2019 1246; baseline -0.014 -11"><span class='ocrx_word' id='word_1_70' title='bbox 458 1178 713 1246; x_wconf 89' lang='lat' dir='ltr'><strong>omnique</strong></span> <span class='ocrx_word' id='word_1_71' title='bbox 742 1169 1090 1241; x_wconf 71' lang='lat' dir='ltr'><strong>unguentaria</strong></span> <span class='ocrx_word' id='word_1_72' title='bbox 1118 1164 1404 1236; x_wconf 78' lang='lat' dir='ltr'><strong>fragrantia</strong></span> <span class='ocrx_word' id='word_1_73' title='bbox 1434 1163 1683 1232; x_wconf 83' lang='lat' dir='ltr'><strong>impletis,</strong></span> <span class='ocrx_word' id='word_1_74' title='bbox 1714 1160 2019 1228; x_wconf 85' lang='lat' dir='ltr'><strong>asperisque</strong></span> 
     </span>
    </p>
   </div>
   <div class='ocr_carea' id='block_1_14' title="bbox 452 1249 2020 1327">
    <p class='ocr_par' dir='ltr' id='par_1_14' title="bbox 452 1249 2020 1327">
     <span class='ocr_line' id='line_1_14' title="bbox 452 1249 2020 1327; baseline -0.015 -4"><span class='ocrx_word' id='word_1_75' title='bbox 452 1266 664 1323; x_wconf 87' lang='lat' dir='ltr'><strong>funibus</strong></span> <span class='ocrx_word' id='word_1_76' title='bbox 684 1260 1009 1327; x_wconf 85' lang='lat' dir='ltr'><strong>constrictis,</strong></span> <span class='ocrx_word' id='word_1_77' title='bbox 1034 1269 1284 1327; x_wconf 84' lang='lat' dir='ltr'><strong>proceres</strong></span> <span class='ocrx_word' id='word_1_78' title='bbox 1306 1268 1421 1321; x_wconf 89' lang='lat' dir='ltr'><strong>eos,</strong></span> <span class='ocrx_word' id='word_1_79' title='bbox 1439 1266 1469 1307; x_wconf 87' lang='lat' dir='ltr'><strong>a</strong></span> <span class='ocrx_word' id='word_1_80' title='bbox 1490 1252 1681 1322; x_wconf 88' lang='lat' dir='ltr'><strong>quibus</strong></span> <span class='ocrx_word' id='word_1_81' title='bbox 1700 1249 1769 1306; x_wconf 91' lang='lat' dir='ltr'><strong>ob</strong></span> <span class='ocrx_word' id='word_1_82' title='bbox 1788 1249 2020 1303; x_wconf 89' lang='lat' dir='ltr'><strong>virorum</strong></span> 
     </span>
    </p>
   </div>
   <div class='ocr_carea' id='block_1_15' title="bbox 455 1338 2019 1418">
    <p class='ocr_par' dir='ltr' id='par_1_15' title="bbox 455 1338 2019 1418">
     <span class='ocr_line' id='line_1_15' title="bbox 455 1338 2019 1418; baseline -0.013 -5"><span class='ocrx_word' id='word_1_83' title='bbox 455 1359 670 1414; x_wconf 90' lang='lat' dir='ltr'><strong>illorum</strong></span> <span class='ocrx_word' id='word_1_84' title='bbox 702 1364 979 1409; x_wconf 88' lang='lat' dir='ltr'><strong>occursum</strong></span> <span class='ocrx_word' id='word_1_85' title='bbox 1006 1347 1364 1418; x_wconf 83' lang='lat' dir='ltr'><strong>reprehensus</strong></span> <span class='ocrx_word' id='word_1_86' title='bbox 1391 1343 1596 1407; x_wconf 87' lang='lat' dir='ltr'><strong>fuerat,</strong></span> <span class='ocrx_word' id='word_1_87' title='bbox 1626 1340 1690 1394; x_wconf 91' lang='lat' dir='ltr'><strong>ad</strong></span> <span class='ocrx_word' id='word_1_88' title='bbox 1720 1354 1780 1395; x_wconf 90' lang='lat' dir='ltr'><strong>se</strong></span> <span class='ocrx_word' id='word_1_89' title='bbox 1810 1338 2019 1401; x_wconf 78' lang='lat' dir='ltr'><strong>accivit,</strong></span> 
     </span>
    </p>
   </div>
   <div class='ocr_carea' id='block_1_16' title="bbox 455 1428 2019 1520">
    <p class='ocr_par' dir='ltr' id='par_1_16' title="bbox 455 1428 2019 1520">
     <span class='ocr_line' id='line_1_16' title="bbox 455 1428 2019 1520; baseline -0.015 -16"><span class='ocrx_word' id='word_1_90' title='bbox 455 1448 693 1520; x_wconf 83' lang='lat' dir='ltr'><strong>ipsisque</strong></span> <span class='ocrx_word' id='word_1_91' title='bbox 719 1451 943 1513; x_wconf 88' lang='lat' dir='ltr'><strong>quatuor</strong></span> <span class='ocrx_word' id='word_1_92' title='bbox 972 1440 1069 1493; x_wconf 87' lang='lat' dir='ltr'><strong>has</strong></span> <span class='ocrx_word' id='word_1_93' title='bbox 1098 1450 1251 1492; x_wconf 85' lang='lat' dir='ltr'><strong>arcas</strong></span> <span class='ocrx_word' id='word_1_94' title='bbox 1281 1432 1587 1504; x_wconf 80' lang='lat' dir='ltr'><strong>proposuit,</strong></span> <span class='ocrx_word' id='word_1_95' title='bbox 1622 1439 1678 1485; x_wconf 92' lang='lat' dir='ltr'><strong>ut</strong></span> <span class='ocrx_word' id='word_1_96' title='bbox 1702 1429 1887 1520; x_wconf 80' lang='lat' dir='ltr'><strong>quanti</strong></span> <span class='ocrx_word' id='word_1_97' title='bbox 1919 1428 2019 1494; x_wconf 67' lang='lat' dir='ltr'><strong>hae,</strong></span> 
     </span>
    </p>
   </div>
   <div class='ocr_carea' id='block_1_17' title="bbox 457 1517 2025 1609">
    <p class='ocr_par' dir='ltr' id='par_1_17' title="bbox 457 1517 2025 1609">
     <span class='ocr_line' id='line_1_17' title="bbox 457 1517 2025 1609; baseline -0.014 -16"><span class='ocrx_word' id='word_1_98' title='bbox 457 1517 742 1609; x_wconf 81' lang='lat' dir='ltr'><strong>quantique</strong></span> <span class='ocrx_word' id='word_1_99' title='bbox 785 1531 890 1586; x_wconf 74' lang='lat' dir='ltr'><strong>illa:</strong></span> <span class='ocrx_word' id='word_1_100' title='bbox 936 1528 1091 1598; x_wconf 91' lang='lat' dir='ltr'><strong>pretii</strong></span> <span class='ocrx_word' id='word_1_101' title='bbox 1133 1531 1315 1581; x_wconf 87' lang='lat' dir='ltr'><strong>essent</strong></span> <span class='ocrx_word' id='word_1_102' title='bbox 1356 1522 1698 1577; x_wconf 69' lang='lat' dir='ltr'><strong>aestimarent.</strong></span> <span class='ocrx_word' id='word_1_103' title='bbox 1731 1517 1808 1573; x_wconf 90' lang='lat' dir='ltr'><strong>llli</strong></span> <span class='ocrx_word' id='word_1_104' title='bbox 1845 1528 2025 1572; x_wconf 88' lang='lat' dir='ltr'><strong>autem</strong></span> 
     </span>
    </p>
   </div>
   <div class='ocr_carea' id='block_1_18' title="bbox 460 1612 2028 1694">
    <p class='ocr_par' dir='ltr' id='par_1_18' title="bbox 460 1612 2028 1694">
     <span class='ocr_line' id='line_1_18' title="bbox 460 1612 2028 1694; baseline -0.012 -8"><span class='ocrx_word' id='word_1_105' title='bbox 460 1633 594 1686; x_wconf 87' lang='lat' dir='ltr'><strong>duas</strong></span> <span class='ocrx_word' id='word_1_106' title='bbox 636 1642 732 1683; x_wconf 89' lang='lat' dir='ltr'><strong>eas</strong></span> <span class='ocrx_word' id='word_1_107' title='bbox 774 1639 893 1694; x_wconf 63' lang='lat' dir='ltr'><strong>quas</strong></span> <span class='ocrx_word' id='word_1_108' title='bbox 935 1625 1188 1676; x_wconf 70' lang='lat' dir='ltr'><strong>inauratae</strong></span> <span class='ocrx_word' id='word_1_109' title='bbox 1232 1623 1415 1682; x_wconf 89' lang='lat' dir='ltr'><strong>erant,</strong></span> <span class='ocrx_word' id='word_1_110' title='bbox 1445 1614 1661 1669; x_wconf 78' lang='lat' dir='ltr'><strong>maximi</strong></span> <span class='ocrx_word' id='word_1_111' title='bbox 1709 1612 1863 1683; x_wconf 85' lang='lat' dir='ltr'><strong>pretii</strong></span> <span class='ocrx_word' id='word_1_112' title='bbox 1908 1624 2028 1667; x_wconf 83' lang='lat' dir='ltr'><strong>esse</strong></span> 
     </span>
    </p>
   </div>
   <div class='ocr_carea' id='block_1_19' title="bbox 460 1703 2025 1782">
    <p class='ocr_par' dir='ltr' id='par_1_19' title="bbox 460 1703 2025 1782">
     <span class='ocr_line' id='line_1_19' title="bbox 460 1703 2025 1782; baseline -0.013 -6"><span class='ocrx_word' id='word_1_113' title='bbox 460 1719 799 1782; x_wconf 81' lang='lat' dir='ltr'><strong>asserebant;</strong></span> <span class='ocrx_word' id='word_1_114' title='bbox 830 1728 999 1782; x_wconf 92' lang='lat' dir='ltr'><strong>neque</strong></span> <span class='ocrx_word' id='word_1_115' title='bbox 1023 1712 1165 1766; x_wconf 90' lang='lat' dir='ltr'><strong>enim</strong></span> <span class='ocrx_word' id='word_1_116' title='bbox 1193 1709 1349 1764; x_wconf 90' lang='lat' dir='ltr'><strong>aliter</strong></span> <span class='ocrx_word' id='word_1_117' title='bbox 1375 1706 1489 1764; x_wconf 85' lang='lat' dir='ltr'><strong>fieri</strong></span> <span class='ocrx_word' id='word_1_118' title='bbox 1514 1718 1673 1776; x_wconf 87' lang='lat' dir='ltr'><strong>posse</strong></span> <span class='ocrx_word' id='word_1_119' title='bbox 1695 1703 2025 1774; x_wconf 88' lang='lat' dir='ltr'><strong>inquiebant,</strong></span> 
     </span>
    </p>
   </div>
   <div class='ocr_carea' id='block_1_20' title="bbox 460 1797 2030 1881">
    <p class='ocr_par' dir='ltr' id='par_1_20' title="bbox 460 1797 2030 1881">
     <span class='ocr_line' id='line_1_20' title="bbox 460 1797 2030 1881; baseline -0.01 -15"><span class='ocrx_word' id='word_1_120' title='bbox 460 1812 590 1881; x_wconf 89' lang='lat' dir='ltr'><strong>quin</strong></span> <span class='ocrx_word' id='word_1_121' title='bbox 616 1809 670 1862; x_wconf 89' lang='lat' dir='ltr'><strong>in</strong></span> <span class='ocrx_word' id='word_1_122' title='bbox 701 1806 831 1877; x_wconf 89' lang='lat' dir='ltr'><strong>ipsis</strong></span> <span class='ocrx_word' id='word_1_123' title='bbox 860 1805 1019 1873; x_wconf 71' lang='lat' dir='ltr'><strong>regias</strong></span> <span class='ocrx_word' id='word_1_124' title='bbox 1064 1815 1277 1858; x_wconf 71' lang='lat' dir='ltr'><strong>corona:</strong></span> <span class='ocrx_word' id='word_1_125' title='bbox 1314 1814 1377 1855; x_wconf 89' lang='lat' dir='ltr'><strong>ac</strong></span> <span class='ocrx_word' id='word_1_126' title='bbox 1406 1798 1616 1868; x_wconf 88' lang='lat' dir='ltr'><strong>cingula</strong></span> <span class='ocrx_word' id='word_1_127' title='bbox 1644 1797 1916 1854; x_wconf 87' lang='lat' dir='ltr'><strong>recondita</strong></span> <span class='ocrx_word' id='word_1_128' title='bbox 1942 1810 2030 1852; x_wconf 88' lang='lat' dir='ltr'><strong>es-</strong></span> 
     </span>
    </p>
   </div>
   <div class='ocr_carea' id='block_1_21' title="bbox 461 1890 2027 1964">
    <p class='ocr_par' dir='ltr' id='par_1_21' title="bbox 461 1890 2027 1964">
     <span class='ocr_line' id='line_1_21' title="bbox 461 1890 2027 1964; baseline -0.009 -8"><span class='ocrx_word' id='word_1_129' title='bbox 461 1908 599 1956; x_wconf 86' lang='lat' dir='ltr'><strong>sent.</strong></span> <span class='ocrx_word' id='word_1_130' title='bbox 626 1900 729 1952; x_wconf 84' lang='lat' dir='ltr'><strong>Eas</strong></span> <span class='ocrx_word' id='word_1_131' title='bbox 754 1904 939 1952; x_wconf 88' lang='lat' dir='ltr'><strong>contra</strong></span> <span class='ocrx_word' id='word_1_132' title='bbox 967 1908 1087 1964; x_wconf 70' lang='lat' dir='ltr'><strong>quae</strong></span> <span class='ocrx_word' id='word_1_133' title='bbox 1116 1894 1232 1961; x_wconf 90' lang='lat' dir='ltr'><strong>pice</strong></span> <span class='ocrx_word' id='word_1_134' title='bbox 1258 1906 1321 1945; x_wconf 92' lang='lat' dir='ltr'><strong>ac</strong></span> <span class='ocrx_word' id='word_1_135' title='bbox 1349 1891 1607 1945; x_wconf 87' lang='lat' dir='ltr'><strong>bitumine</strong></span> <span class='ocrx_word' id='word_1_136' title='bbox 1634 1890 1815 1945; x_wconf 72' lang='lat' dir='ltr'><strong>oblitae</strong></span> <span class='ocrx_word' id='word_1_137' title='bbox 1846 1897 2027 1955; x_wconf 90' lang='lat' dir='ltr'><strong>erant,</strong></span> 
     </span>
    </p>
   </div>
   <div class='ocr_carea' id='block_1_22' title="bbox 463 1980 2032 2050">
    <p class='ocr_par' dir='ltr' id='par_1_22' title="bbox 463 1980 2032 2050">
     <span class='ocr_line' id='line_1_22' title="bbox 463 1980 2032 2050; baseline -0.007 -5"><span class='ocrx_word' id='word_1_138' title='bbox 463 1990 595 2045; x_wconf 91' lang='lat' dir='ltr'><strong>viles</strong></span> <span class='ocrx_word' id='word_1_139' title='bbox 641 1987 858 2042; x_wconf 92' lang='lat' dir='ltr'><strong>omnino</strong></span> <span class='ocrx_word' id='word_1_140' title='bbox 903 1998 969 2039; x_wconf 90' lang='lat' dir='ltr'><strong>ac</strong></span> <span class='ocrx_word' id='word_1_141' title='bbox 1017 1982 1214 2038; x_wconf 88' lang='lat' dir='ltr'><strong>nullius</strong></span> <span class='ocrx_word' id='word_1_142' title='bbox 1261 1981 1418 2050; x_wconf 89' lang='lat' dir='ltr'><strong>pretii</strong></span> <span class='ocrx_word' id='word_1_143' title='bbox 1468 1994 1589 2035; x_wconf 89' lang='lat' dir='ltr'><strong>esse</strong></span> <span class='ocrx_word' id='word_1_144' title='bbox 1634 1980 1865 2034; x_wconf 85' lang='lat' dir='ltr'><strong>aiebant.</strong></span> <span class='ocrx_word' id='word_1_145' title='bbox 1921 1980 2032 2035; x_wconf 74' lang='lat' dir='ltr'><strong>Rex</strong></span> 
     </span>
    </p>
   </div>
   <div class='ocr_carea' id='block_1_23' title="bbox 463 2068 2031 2145">
    <p class='ocr_par' dir='ltr' id='par_1_23' title="bbox 463 2068 2031 2145">
     <span class='ocr_line' id='line_1_23' title="bbox 463 2068 2031 2145; baseline -0.004 -12"><span class='ocrx_word' id='word_1_146' title='bbox 463 2088 636 2133; x_wconf 86' lang='lat' dir='ltr'><strong>autem</strong></span> <span class='ocrx_word' id='word_1_147' title='bbox 666 2076 796 2145; x_wconf 86' lang='lat' dir='ltr'><strong>ipsis</strong></span> <span class='ocrx_word' id='word_1_148' title='bbox 835 2073 1003 2128; x_wconf 87' lang='lat' dir='ltr'><strong>dixit:</strong></span> <span class='ocrx_word' id='word_1_149' title='bbox 1029 2070 1107 2127; x_wconf 86' lang='lat' dir='ltr'><strong>Ne</strong></span> <span class='ocrx_word' id='word_1_150' title='bbox 1132 2085 1220 2127; x_wconf 90' lang='lat' dir='ltr'><strong>me</strong></span> <span class='ocrx_word' id='word_1_151' title='bbox 1244 2069 1458 2139; x_wconf 89' lang='lat' dir='ltr'><strong>quidem</strong></span> <span class='ocrx_word' id='word_1_152' title='bbox 1504 2068 1766 2138; x_wconf 83' lang='lat' dir='ltr'><strong>fugiebat,</strong></span> <span class='ocrx_word' id='word_1_153' title='bbox 1798 2082 1896 2125; x_wconf 87' lang='lat' dir='ltr'><strong>vos</strong></span> <span class='ocrx_word' id='word_1_154' title='bbox 1928 2071 2031 2126; x_wconf 83' lang='lat' dir='ltr'><strong>hoc</strong></span> 
     </span>
    </p>
   </div>
   <div class='ocr_carea' id='block_1_24' title="bbox 466 2161 2036 2232">
    <p class='ocr_par' dir='ltr' id='par_1_24' title="bbox 466 2161 2036 2232">
     <span class='ocr_line' id='line_1_24' title="bbox 466 2161 2036 2232; baseline -0.006 -7"><span class='ocrx_word' id='word_1_155' title='bbox 466 2171 701 2225; x_wconf 87' lang='lat' dir='ltr'><strong>dicturos</strong></span> <span class='ocrx_word' id='word_1_156' title='bbox 725 2179 872 2232; x_wconf 87' lang='lat' dir='ltr'><strong>esse;</strong></span> <span class='ocrx_word' id='word_1_157' title='bbox 905 2178 1028 2218; x_wconf 91' lang='lat' dir='ltr'><strong>nam</strong></span> <span class='ocrx_word' id='word_1_158' title='bbox 1056 2161 1398 2227; x_wconf 86' lang='lat' dir='ltr'><strong>sensibilibus</strong></span> <span class='ocrx_word' id='word_1_159' title='bbox 1425 2161 1592 2215; x_wconf 89' lang='lat' dir='ltr'><strong>oculis</strong></span> <span class='ocrx_word' id='word_1_160' title='bbox 1613 2175 1674 2216; x_wconf 89' lang='lat' dir='ltr'><strong>ea</strong></span> <span class='ocrx_word' id='word_1_161' title='bbox 1697 2175 1816 2230; x_wconf 62' lang='lat' dir='ltr'><strong>quae</strong></span> <span class='ocrx_word' id='word_1_162' title='bbox 1844 2162 1897 2216; x_wconf 90' lang='lat' dir='ltr'><strong>in</strong></span> <span class='ocrx_word' id='word_1_163' title='bbox 1921 2175 2036 2217; x_wconf 88' lang='lat' dir='ltr'><strong>sen-</strong></span> 
     </span>
    </p>
   </div>
   <div class='ocr_carea' id='block_1_25' title="bbox 466 2252 2033 2327">
    <p class='ocr_par' dir='ltr' id='par_1_25' title="bbox 466 2252 2033 2327">
     <span class='ocr_line' id='line_1_25' title="bbox 466 2252 2033 2327; baseline -0.006 -10"><span class='ocrx_word' id='word_1_164' title='bbox 466 2275 583 2317; x_wconf 87' lang='lat' dir='ltr'><strong>sum</strong></span> <span class='ocrx_word' id='word_1_165' title='bbox 613 2258 808 2315; x_wconf 89' lang='lat' dir='ltr'><strong>cadunt</strong></span> <span class='ocrx_word' id='word_1_166' title='bbox 832 2255 1151 2327; x_wconf 88' lang='lat' dir='ltr'><strong>perspicitis.</strong></span> <span class='ocrx_word' id='word_1_167' title='bbox 1175 2254 1334 2324; x_wconf 84' lang='lat' dir='ltr'><strong>Atqui</strong></span> <span class='ocrx_word' id='word_1_168' title='bbox 1360 2268 1468 2310; x_wconf 93' lang='lat' dir='ltr'><strong>non</strong></span> <span class='ocrx_word' id='word_1_169' title='bbox 1495 2252 1567 2308; x_wconf 92' lang='lat' dir='ltr'><strong>ita</strong></span> <span class='ocrx_word' id='word_1_170' title='bbox 1591 2252 1890 2309; x_wconf 89' lang='lat' dir='ltr'><strong>faciendum</strong></span> <span class='ocrx_word' id='word_1_171' title='bbox 1916 2263 2033 2321; x_wconf 88' lang='lat' dir='ltr'><strong>est;</strong></span> 
     </span>
    </p>
   </div>
   <div class='ocr_carea' id='block_1_26' title="bbox 468 2341 2034 2414">
    <p class='ocr_par' dir='ltr' id='par_1_26' title="bbox 468 2341 2034 2414">
     <span class='ocr_line' id='line_1_26' title="bbox 468 2341 2034 2414; baseline -0.004 -7"><span class='ocrx_word' id='word_1_172' title='bbox 468 2369 652 2410; x_wconf 86' lang='lat' dir='ltr'><strong>verum</strong></span> <span class='ocrx_word' id='word_1_173' title='bbox 674 2348 1015 2406; x_wconf 88' lang='lat' dir='ltr'><strong>interioribus</strong></span> <span class='ocrx_word' id='word_1_174' title='bbox 1033 2346 1203 2403; x_wconf 89' lang='lat' dir='ltr'><strong>oculis</strong></span> <span class='ocrx_word' id='word_1_175' title='bbox 1215 2348 1329 2401; x_wconf 85' lang='lat' dir='ltr'><strong>sive</strong></span> <span class='ocrx_word' id='word_1_176' title='bbox 1354 2341 1601 2414; x_wconf 88' lang='lat' dir='ltr'><strong>pretium,</strong></span> <span class='ocrx_word' id='word_1_177' title='bbox 1624 2343 1738 2400; x_wconf 83' lang='lat' dir='ltr'><strong>sive</strong></span> <span class='ocrx_word' id='word_1_178' title='bbox 1761 2344 2034 2400; x_wconf 89' lang='lat' dir='ltr'><strong>utilitatem</strong></span> 
     </span>
    </p>
   </div>
   <div class='ocr_carea' id='block_1_27' title="bbox 467 2435 2034 2510">
    <p class='ocr_par' dir='ltr' id='par_1_27' title="bbox 467 2435 2034 2510">
     <span class='ocr_line' id='line_1_27' title="bbox 467 2435 2034 2510; baseline -0.008 -9"><span class='ocrx_word' id='word_1_179' title='bbox 467 2456 524 2501; x_wconf 87' lang='lat' dir='ltr'><strong>ct</strong></span> <span class='ocrx_word' id='word_1_180' title='bbox 551 2444 866 2508; x_wconf 55' lang='lat' dir='ltr'><strong>foeditatem,</strong></span> <span class='ocrx_word' id='word_1_181' title='bbox 893 2454 1012 2510; x_wconf 71' lang='lat' dir='ltr'><strong>quae</strong></span> <span class='ocrx_word' id='word_1_182' title='bbox 1040 2439 1181 2493; x_wconf 90' lang='lat' dir='ltr'><strong>intus</strong></span> <span class='ocrx_word' id='word_1_183' title='bbox 1204 2435 1418 2492; x_wconf 88' lang='lat' dir='ltr'><strong>condita</strong></span> <span class='ocrx_word' id='word_1_184' title='bbox 1441 2442 1595 2504; x_wconf 88' lang='lat' dir='ltr'><strong>sunt,</strong></span> <span class='ocrx_word' id='word_1_185' title='bbox 1620 2442 1862 2505; x_wconf 87' lang='lat' dir='ltr'><strong>spectare</strong></span> <span class='ocrx_word' id='word_1_186' title='bbox 1881 2449 2034 2504; x_wconf 88' lang='lat' dir='ltr'><strong>opor-</strong></span> 
     </span>
    </p>
   </div>
   <div class='ocr_carea' id='block_1_28' title="bbox 467 2524 2033 2601">
    <p class='ocr_par' dir='ltr' id='par_1_28' title="bbox 467 2524 2033 2601">
     <span class='ocr_line' id='line_1_28' title="bbox 467 2524 2033 2601; baseline -0.004 -12"><span class='ocrx_word' id='word_1_187' title='bbox 467 2542 564 2591; x_wconf 86' lang='lat' dir='ltr'><strong>tet.</strong></span> <span class='ocrx_word' id='word_1_188' title='bbox 619 2536 696 2587; x_wconf 84' lang='lat' dir='ltr'><strong>Ac</strong></span> <span class='ocrx_word' id='word_1_189' title='bbox 746 2531 990 2601; x_wconf 87' lang='lat' dir='ltr'><strong>protinus</strong></span> <span class='ocrx_word' id='word_1_190' title='bbox 1056 2529 1327 2583; x_wconf 89' lang='lat' dir='ltr'><strong>inauratas</strong></span> <span class='ocrx_word' id='word_1_191' title='bbox 1392 2539 1547 2581; x_wconf 87' lang='lat' dir='ltr'><strong>arcas</strong></span> <span class='ocrx_word' id='word_1_192' title='bbox 1608 2525 1805 2596; x_wconf 88' lang='lat' dir='ltr'><strong>aperiri</strong></span> <span class='ocrx_word' id='word_1_193' title='bbox 1858 2524 2033 2595; x_wconf 79' lang='lat' dir='ltr'><strong>jussit.</strong></span> 
     </span>
    </p>
   </div>
   <div class='ocr_carea' id='block_1_29' title="bbox 466 2615 2035 2694">
    <p class='ocr_par' dir='ltr' id='par_1_29' title="bbox 466 2615 2035 2694">
     <span class='ocr_line' id='line_1_29' title="bbox 466 2615 2035 2694; baseline -0.008 -13"><span class='ocrx_word' id='word_1_194' title='bbox 466 2625 667 2694; x_wconf 83' lang='lat' dir='ltr'><strong>Quibus</strong></span> <span class='ocrx_word' id='word_1_195' title='bbox 688 2621 989 2693; x_wconf 88' lang='lat' dir='ltr'><strong>patefactis,</strong></span> <span class='ocrx_word' id='word_1_196' title='bbox 1016 2618 1194 2691; x_wconf 89' lang='lat' dir='ltr'><strong>gravis</strong></span> <span class='ocrx_word' id='word_1_197' title='bbox 1221 2617 1436 2689; x_wconf 88' lang='lat' dir='ltr'><strong>quidam</strong></span> <span class='ocrx_word' id='word_1_198' title='bbox 1464 2632 1529 2673; x_wconf 89' lang='lat' dir='ltr'><strong>ac</strong></span> <span class='ocrx_word' id='word_1_199' title='bbox 1557 2623 1694 2673; x_wconf 87' lang='lat' dir='ltr'><strong>teter</strong></span> <span class='ocrx_word' id='word_1_200' title='bbox 1713 2615 1846 2672; x_wconf 92' lang='lat' dir='ltr'><strong>odor</strong></span> <span class='ocrx_word' id='word_1_201' title='bbox 1870 2616 2035 2671; x_wconf 86' lang='lat' dir='ltr'><strong>exha-</strong></span> 
     </span>
    </p>
   </div>
   <div class='ocr_carea' id='block_1_30' title="bbox 471 2706 2035 2783">
    <p class='ocr_par' dir='ltr' id='par_1_30' title="bbox 471 2706 2035 2783">
     <span class='ocr_line' id='line_1_30' title="bbox 471 2706 2035 2783; baseline -0.005 -12"><span class='ocrx_word' id='word_1_202' title='bbox 471 2716 629 2783; x_wconf 91' lang='lat' dir='ltr'><strong>lavit,</strong></span> <span class='ocrx_word' id='word_1_203' title='bbox 655 2723 816 2783; x_wconf 90' lang='lat' dir='ltr'><strong>atque</strong></span> <span class='ocrx_word' id='word_1_204' title='bbox 842 2710 1332 2782; x_wconf 83' lang='lat' dir='ltr'><strong>injucundissimum</strong></span> <span class='ocrx_word' id='word_1_205' title='bbox 1362 2708 1723 2779; x_wconf 84' lang='lat' dir='ltr'><strong>spectaculum</strong></span> <span class='ocrx_word' id='word_1_206' title='bbox 1749 2706 1918 2764; x_wconf 91' lang='lat' dir='ltr'><strong>oculis</strong></span> <span class='ocrx_word' id='word_1_207' title='bbox 1946 2708 2035 2763; x_wconf 91' lang='lat' dir='ltr'><strong>ob-</strong></span> 
     </span>
    </p>
   </div>
   <div class='ocr_carea' id='block_1_31' title="bbox 465 2805 799 2876">
    <p class='ocr_par' dir='ltr' id='par_1_31' title="bbox 465 2805 799 2876">
     <span class='ocr_line' id='line_1_31' title="bbox 465 2805 799 2876; baseline -0.018 -12"><span class='ocrx_word' id='word_1_208' title='bbox 465 2805 672 2876; x_wconf 70' lang='lat' dir='ltr'><strong>iectum</strong></span> <span class='ocrx_word' id='word_1_209' title='bbox 698 2814 799 2861; x_wconf 81' lang='lat' dir='ltr'><strong>est.</strong></span> 
     </span>
    </p>
   </div>
   <div class='ocr_carea' id='block_1_32' title="bbox 541 2894 2032 2967">
    <p class='ocr_par' dir='ltr' id='par_1_32' title="bbox 541 2894 2032 2967">
     <span class='ocr_line' id='line_1_32' title="bbox 541 2894 2032 2967; baseline -0.002 -13"><span class='ocrx_word' id='word_1_210' title='bbox 541 2898 631 2955; x_wconf 82' lang='lat' dir='ltr'><strong>Ait</strong></span> <span class='ocrx_word' id='word_1_211' title='bbox 671 2899 848 2967; x_wconf 87' lang='lat' dir='ltr'><strong>itaque</strong></span> <span class='ocrx_word' id='word_1_212' title='bbox 889 2911 987 2952; x_wconf 90' lang='lat' dir='ltr'><strong>rex</strong></span> <span class='ocrx_word' id='word_1_213' title='bbox 1024 2913 1037 2949; x_wconf 92' lang='lat'>:</span> <span class='ocrx_word' id='word_1_214' title='bbox 1077 2895 1174 2950; x_wconf 83' lang='lat' dir='ltr'><strong>Hic</strong></span> <span class='ocrx_word' id='word_1_215' title='bbox 1214 2902 1398 2951; x_wconf 86' lang='lat' dir='ltr'><strong>eorum</strong></span> <span class='ocrx_word' id='word_1_216' title='bbox 1446 2903 1602 2965; x_wconf 85' lang='lat' dir='ltr'><strong>typus</strong></span> <span class='ocrx_word' id='word_1_217' title='bbox 1651 2902 1734 2951; x_wconf 91' lang='lat' dir='ltr'><strong>est</strong></span> <span class='ocrx_word' id='word_1_218' title='bbox 1778 2894 1868 2966; x_wconf 90' lang='lat' dir='ltr'><strong>qui</strong></span> <span class='ocrx_word' id='word_1_219' title='bbox 1912 2910 2032 2951; x_wconf 90' lang='lat' dir='ltr'><strong>cum</strong></span> 
     </span>
    </p>
   </div>
   <div class='ocr_carea' id='block_1_33' title="bbox 471 2986 2036 3060">
    <p class='ocr_par' dir='ltr' id='par_1_33' title="bbox 471 2986 2036 3060">
     <span class='ocr_line' id='line_1_33' title="bbox 471 2986 2036 3060; baseline -0.001 -15"><span class='ocrx_word' id='word_1_220' title='bbox 471 2989 766 3060; x_wconf 86' lang='lat' dir='ltr'><strong>splendidis</strong></span> <span class='ocrx_word' id='word_1_221' title='bbox 793 2999 845 3043; x_wconf 89' lang='lat' dir='ltr'><strong>et</strong></span> <span class='ocrx_word' id='word_1_222' title='bbox 888 2986 1178 3043; x_wconf 88' lang='lat' dir='ltr'><strong>illustribus</strong></span> <span class='ocrx_word' id='word_1_223' title='bbox 1224 2986 1456 3042; x_wconf 72' lang='lat' dir='ltr'><strong>vesubus</strong></span> <span class='ocrx_word' id='word_1_224' title='bbox 1502 2993 1737 3052; x_wconf 88' lang='lat' dir='ltr'><strong>utantur,</strong></span> <span class='ocrx_word' id='word_1_225' title='bbox 1767 2997 1926 3056; x_wconf 86' lang='lat' dir='ltr'><strong>atque</strong></span> <span class='ocrx_word' id='word_1_226' title='bbox 1965 2986 2036 3043; x_wconf 91' lang='lat' dir='ltr'><strong>ob</strong></span> 
     </span>
    </p>
   </div>
   <div class='ocr_carea' id='block_1_34' title="bbox 2111 501 3685 582">
    <p class='ocr_par' dir='ltr' id='par_1_34' title="bbox 2111 501 3685 582">
     <span class='ocr_line' id='line_1_34' title="bbox 2111 501 3685 582; baseline -0.009 -15"><span class='ocrx_word' id='word_1_227' title='bbox 2111 513 2306 567; x_wconf 80' lang='grc' dir='ltr'>θᾶττον</span> <span class='ocrx_word' id='word_1_228' title='bbox 2337 510 2681 582; x_wconf 77' lang='grc' dir='ltr'><strong>ἀνοηταίνειν</strong></span> <span class='ocrx_word' id='word_1_229' title='bbox 2712 506 2936 574; x_wconf 76' lang='grc' dir='ltr'>ἐλέγξω.</span> <span class='ocrx_word' id='word_1_230' title='bbox 2974 504 3083 555; x_wconf 74' lang='grc' dir='ltr'><strong>Καὶ</strong></span> <span class='ocrx_word' id='word_1_231' title='bbox 3120 503 3267 556; x_wconf 76' lang='grc' dir='ltr'>οὕτω</span> <span class='ocrx_word' id='word_1_232' title='bbox 3325 501 3685 572; x_wconf 83' lang='grc' dir='ltr'>θεραπεύσας</span> 
     </span>
    </p>
   </div>
   <div class='ocr_carea' id='block_1_35' title="bbox 2109 594 3687 671">
    <p class='ocr_par' dir='ltr' id='par_1_35' title="bbox 2109 594 3687 671">
     <span class='ocr_line' id='line_1_35' title="bbox 2109 594 3687 671; baseline -0.008 -13"><span class='ocrx_word' id='word_1_233' title='bbox 2109 604 2200 658; x_wconf 73' lang='grc' dir='ltr'><strong>τὸν</strong></span> <span class='ocrx_word' id='word_1_234' title='bbox 2242 598 2470 671; x_wconf 80' lang='grc' dir='ltr'>ἀδελφὸν</span> <span class='ocrx_word' id='word_1_235' title='bbox 2500 599 2667 655; x_wconf 80' lang='grc' dir='ltr'>αὐτοῦ</span> <span class='ocrx_word' id='word_1_236' title='bbox 2698 599 2793 651; x_wconf 77' lang='grc' dir='ltr'>καὶ</span> <span class='ocrx_word' id='word_1_237' title='bbox 2818 595 3108 665; x_wconf 80' lang='grc' dir='ltr'>ὠφελήσας</span> <span class='ocrx_word' id='word_1_238' title='bbox 3135 594 3314 648; x_wconf 81' lang='grc' dir='ltr'>οἴκαδε</span> <span class='ocrx_word' id='word_1_239' title='bbox 3341 594 3687 648; x_wconf 81' lang='grc' dir='ltr'>ἀπέστειλεν.</span> 
     </span>
    </p>
   </div>
   <div class='ocr_carea' id='block_1_36' title="bbox 2192 686 3691 758">
    <p class='ocr_par' dir='ltr' id='par_1_36' title="bbox 2192 686 3691 758">
     <span class='ocr_line' id='line_1_36' title="bbox 2192 686 3691 758; baseline -0.011 -10"><span class='ocrx_word' id='word_1_240' title='bbox 2192 695 2474 748; x_wconf 81' lang='grc' dir='ltr'>Ἐκέλευσε</span> <span class='ocrx_word' id='word_1_241' title='bbox 2495 692 2549 746; x_wconf 78' lang='grc' dir='ltr'>δὲ</span> <span class='ocrx_word' id='word_1_242' title='bbox 2572 690 2822 758; x_wconf 80' lang='grc' dir='ltr'>γενέσθαι</span> <span class='ocrx_word' id='word_1_243' title='bbox 2852 691 2916 742; x_wconf 81' lang='grc' dir='ltr'>ὲκ</span> <span class='ocrx_word' id='word_1_244' title='bbox 2945 687 3116 753; x_wconf 79' lang='grc' dir='ltr'>ξύλων</span> <span class='ocrx_word' id='word_1_245' title='bbox 3141 686 3402 756; x_wconf 77' lang='grc' dir='ltr'><strong>βαλάντια</strong></span> <span class='ocrx_word' id='word_1_246' title='bbox 3424 686 3691 757; x_wconf 76' lang='grc' dir='ltr'>τέσσαρα.</span> 
     </span>
    </p>
   </div>
   <div class='ocr_carea' id='block_1_37' title="bbox 2112 779 3693 855">
    <p class='ocr_par' dir='ltr' id='par_1_37' title="bbox 2112 779 3693 855">
     <span class='ocr_line' id='line_1_37' title="bbox 2112 779 3693 855; baseline -0.006 -14"><span class='ocrx_word' id='word_1_247' title='bbox 2112 788 2222 841; x_wconf 74' lang='grc' dir='ltr'><strong>Καὶ</strong></span> <span class='ocrx_word' id='word_1_248' title='bbox 2245 787 2315 839; x_wconf 79' lang='grc' dir='ltr'>τὰ</span> <span class='ocrx_word' id='word_1_249' title='bbox 2352 786 2452 855; x_wconf 83' lang='grc' dir='ltr'>μὲν</span> <span class='ocrx_word' id='word_1_250' title='bbox 2482 784 2577 838; x_wconf 82' lang='grc' dir='ltr'>δύο</span> <span class='ocrx_word' id='word_1_251' title='bbox 2604 781 2982 855; x_wconf 72' lang='grc' dir='ltr'><strong>περικαλύψας</strong></span> <span class='ocrx_word' id='word_1_252' title='bbox 3024 780 3290 833; x_wconf 81' lang='grc' dir='ltr'><strong>πάντοθεν</strong></span> <span class='ocrx_word' id='word_1_253' title='bbox 3323 779 3553 849; x_wconf 80' lang='grc' dir='ltr'><strong>χρυσίῳ,</strong></span> <span class='ocrx_word' id='word_1_254' title='bbox 3593 780 3693 833; x_wconf 79' lang='grc' dir='ltr'>καὶ</span> 
     </span>
    </p>
   </div>
   <div class='ocr_carea' id='block_1_38' title="bbox 2113 872 3693 949">
    <p class='ocr_par' dir='ltr' id='par_1_38' title="bbox 2113 872 3693 949">
     <span class='ocr_line' id='line_1_38' title="bbox 2113 872 3693 949; baseline -0.006 -15"><span class='ocrx_word' id='word_1_255' title='bbox 2113 881 2247 934; x_wconf 82' lang='grc' dir='ltr'><strong>ὀστᾶ</strong></span> <span class='ocrx_word' id='word_1_256' title='bbox 2297 879 2509 949; x_wconf 87' lang='grc' dir='ltr'>νεκρῶν</span> <span class='ocrx_word' id='word_1_257' title='bbox 2560 877 2792 930; x_wconf 79' lang='grc' dir='ltr'><strong>ὀδωδότα</strong></span> <span class='ocrx_word' id='word_1_258' title='bbox 2857 873 3037 943; x_wconf 84' lang='grc' dir='ltr'>βαλὼν</span> <span class='ocrx_word' id='word_1_259' title='bbox 3092 875 3149 925; x_wconf 80' lang='grc' dir='ltr'>ὲν</span> <span class='ocrx_word' id='word_1_260' title='bbox 3206 872 3415 935; x_wconf 73' lang='grc' dir='ltr'>αὐτοῖς,</span> <span class='ocrx_word' id='word_1_261' title='bbox 3456 875 3693 942; x_wconf 83' lang='grc' dir='ltr'><strong>χρυσαῖς</strong></span> 
     </span>
    </p>
   </div>
   <div class='ocr_carea' id='block_1_39' title="bbox 2114 963 3697 1042">
    <p class='ocr_par' dir='ltr' id='par_1_39' title="bbox 2114 963 3697 1042">
     <span class='ocr_line' id='line_1_39' title="bbox 2114 963 3697 1042; baseline -0.006 -17"><span class='ocrx_word' id='word_1_262' title='bbox 2114 972 2374 1042; x_wconf 82' lang='grc' dir='ltr'>περόναις</span> <span class='ocrx_word' id='word_1_263' title='bbox 2419 967 2893 1039; x_wconf 74' lang='grc' dir='ltr'>κατησφαλίσατοο</span> <span class='ocrx_word' id='word_1_264' title='bbox 2944 965 3012 1018; x_wconf 84' lang='grc' dir='ltr'><strong>τά</strong></span> <span class='ocrx_word' id='word_1_265' title='bbox 3056 964 3113 1018; x_wconf 81' lang='grc' dir='ltr'>δὲ</span> <span class='ocrx_word' id='word_1_266' title='bbox 3142 965 3277 1018; x_wconf 82' lang='grc' dir='ltr'>ἄλλα</span> <span class='ocrx_word' id='word_1_267' title='bbox 3326 963 3496 1037; x_wconf 82' lang='grc' dir='ltr'>πίσσῃ</span> <span class='ocrx_word' id='word_1_268' title='bbox 3525 982 3697 1017; x_wconf 84' lang='grc' dir='ltr'>κατα-</span> 
     </span>
    </p>
   </div>
   <div class='ocr_carea' id='block_1_40' title="bbox 2115 1053 3696 1134">
    <p class='ocr_par' dir='ltr' id='par_1_40' title="bbox 2115 1053 3696 1134">
     <span class='ocr_line' id='line_1_40' title="bbox 2115 1053 3696 1134; baseline -0.006 -19"><span class='ocrx_word' id='word_1_269' title='bbox 2115 1063 2308 1134; x_wconf 91' lang='grc' dir='ltr'>χρίσας</span> <span class='ocrx_word' id='word_1_270' title='bbox 2354 1060 2450 1115; x_wconf 78' lang='grc' dir='ltr'>καὶ</span> <span class='ocrx_word' id='word_1_271' title='bbox 2498 1058 2882 1128; x_wconf 82' lang='grc' dir='ltr'>ἀσφαλτώσας,</span> <span class='ocrx_word' id='word_1_272' title='bbox 2919 1055 3205 1126; x_wconf 74' lang='grc' dir='ltr'><strong>ἐπλήρωσε</strong></span> <span class='ocrx_word' id='word_1_273' title='bbox 3277 1053 3441 1108; x_wconf 83' lang='grc' dir='ltr'>λίθων</span> <span class='ocrx_word' id='word_1_274' title='bbox 3491 1054 3696 1124; x_wconf 80' lang='grc' dir='ltr'>τιμίων</span> 
     </span>
    </p>
   </div>
   <div class='ocr_carea' id='block_1_41' title="bbox 2116 1146 3699 1229">
    <p class='ocr_par' dir='ltr' id='par_1_41' title="bbox 2116 1146 3699 1229">
     <span class='ocr_line' id='line_1_41' title="bbox 2116 1146 3699 1229; baseline -0.006 -21"><span class='ocrx_word' id='word_1_275' title='bbox 2116 1156 2211 1208; x_wconf 81' lang='grc' dir='ltr'>καὶ</span> <span class='ocrx_word' id='word_1_276' title='bbox 2242 1152 2541 1229; x_wconf 83' lang='grc' dir='ltr'>μαργάρων</span> <span class='ocrx_word' id='word_1_277' title='bbox 2564 1150 2879 1220; x_wconf 80' lang='grc' dir='ltr'><strong>πολυτίμων</strong></span> <span class='ocrx_word' id='word_1_278' title='bbox 2904 1146 3011 1219; x_wconf 64' lang='grc'><strong>43</strong></span> <span class='ocrx_word' id='word_1_279' title='bbox 3039 1148 3132 1202; x_wconf 78' lang='grc' dir='ltr'>καὶ</span> <span class='ocrx_word' id='word_1_280' title='bbox 3155 1147 3336 1215; x_wconf 76' lang='grc' dir='ltr'>πάσης</span> <span class='ocrx_word' id='word_1_281' title='bbox 3385 1147 3699 1217; x_wconf 75' lang='grc' dir='ltr'>μυρεψικῆς</span> 
     </span>
    </p>
   </div>
   <div class='ocr_carea' id='block_1_42' title="bbox 2118 1237 3699 1314">
    <p class='ocr_par' dir='ltr' id='par_1_42' title="bbox 2118 1237 3699 1314">
     <span class='ocr_line' id='line_1_42' title="bbox 2118 1237 3699 1314; baseline -0.005 -17"><span class='ocrx_word' id='word_1_282' title='bbox 2118 1244 2367 1307; x_wconf 83' lang='grc' dir='ltr'>εὐωδίας.</span> <span class='ocrx_word' id='word_1_283' title='bbox 2394 1243 2658 1314; x_wconf 88' lang='grc' dir='ltr'>Σχοινίοις</span> <span class='ocrx_word' id='word_1_284' title='bbox 2696 1258 2757 1293; x_wconf 88' lang='grc' dir='ltr'><strong>τε</strong></span> <span class='ocrx_word' id='word_1_285' title='bbox 2796 1240 3059 1311; x_wconf 83' lang='grc' dir='ltr'>τριχίνοις</span> <span class='ocrx_word' id='word_1_286' title='bbox 3085 1238 3258 1292; x_wconf 75' lang='grc' dir='ltr'>ταῦτα</span> <span class='ocrx_word' id='word_1_287' title='bbox 3305 1237 3699 1306; x_wconf 77' lang='grc' dir='ltr'>περισφίγξας,</span> 
     </span>
    </p>
   </div>
   <div class='ocr_carea' id='block_1_43' title="bbox 2119 1328 3698 1405">
    <p class='ocr_par' dir='ltr' id='par_1_43' title="bbox 2119 1328 3698 1405">
     <span class='ocr_line' id='line_1_43' title="bbox 2119 1328 3698 1405; baseline -0.008 -13"><span class='ocrx_word' id='word_1_288' title='bbox 2119 1337 2345 1392; x_wconf 76' lang='grc' dir='ltr'>ἐκάλεσε</span> <span class='ocrx_word' id='word_1_289' title='bbox 2378 1337 2503 1399; x_wconf 80' lang='grc' dir='ltr'>τοὺς</span> <span class='ocrx_word' id='word_1_290' title='bbox 2536 1333 2930 1405; x_wconf 79' lang='grc' dir='ltr'><strong>μεμψαμένους</strong></span> <span class='ocrx_word' id='word_1_291' title='bbox 2961 1328 3111 1400; x_wconf 84' lang='grc' dir='ltr'><strong>αὐτῷ</strong></span> <span class='ocrx_word' id='word_1_292' title='bbox 3144 1330 3480 1399; x_wconf 79' lang='grc' dir='ltr'><strong>μεγιστᾶνας</strong></span> <span class='ocrx_word' id='word_1_293' title='bbox 3507 1333 3600 1381; x_wconf 68' lang='lat' dir='ltr'><strong>sm</strong></span> <span class='ocrx_word' id='word_1_294' title='bbox 3625 1332 3698 1398; x_wconf 79' lang='grc' dir='ltr'>τῇ</span> 
     </span>
    </p>
   </div>
   <div class='ocr_carea' id='block_1_44' title="bbox 2119 1420 3700 1500">
    <p class='ocr_par' dir='ltr' id='par_1_44' title="bbox 2119 1420 3700 1500">
     <span class='ocr_line' id='line_1_44' title="bbox 2119 1420 3700 1500; baseline -0.007 -16"><span class='ocrx_word' id='word_1_295' title='bbox 2119 1432 2229 1484; x_wconf 89' lang='grc' dir='ltr'><strong>τῶν</strong></span> <span class='ocrx_word' id='word_1_296' title='bbox 2254 1428 2464 1500; x_wconf 87' lang='grc' dir='ltr'>ἀνδρῶν</span> <span class='ocrx_word' id='word_1_297' title='bbox 2483 1427 2708 1480; x_wconf 76' lang='grc' dir='ltr'>ἐκείνων</span> <span class='ocrx_word' id='word_1_298' title='bbox 2742 1424 3087 1495; x_wconf 83' lang='grc' dir='ltr'>συναντήσει,</span> <span class='ocrx_word' id='word_1_299' title='bbox 3117 1423 3213 1475; x_wconf 73' lang='grc' dir='ltr'>καὶ</span> <span class='ocrx_word' id='word_1_300' title='bbox 3230 1421 3493 1492; x_wconf 78' lang='grc' dir='ltr'>προέθετο</span> <span class='ocrx_word' id='word_1_301' title='bbox 3514 1420 3700 1481; x_wconf 78' lang='grc' dir='ltr'>αὐτοῖς</span> 
     </span>
    </p>
   </div>
   <div class='ocr_carea' id='block_1_45' title="bbox 2119 1513 3703 1591">
    <p class='ocr_par' dir='ltr' id='par_1_45' title="bbox 2119 1513 3703 1591">
     <span class='ocr_line' id='line_1_45' title="bbox 2119 1513 3703 1591; baseline -0.008 -15"><span class='ocrx_word' id='word_1_302' title='bbox 2119 1522 2186 1576; x_wconf 85' lang='grc' dir='ltr'>τὰ</span> <span class='ocrx_word' id='word_1_303' title='bbox 2207 1521 2450 1591; x_wconf 82' lang='grc' dir='ltr'>τέσσαρα</span> <span class='ocrx_word' id='word_1_304' title='bbox 2468 1518 2751 1590; x_wconf 88' lang='grc' dir='ltr'>βαλάντια,</span> <span class='ocrx_word' id='word_1_305' title='bbox 2794 1516 2888 1570; x_wconf 83' lang='grc' dir='ltr'>τοῦ</span> <span class='ocrx_word' id='word_1_306' title='bbox 2919 1513 3372 1585; x_wconf 83' lang='grc' dir='ltr'>ἀποτιμήσασθαι</span> <span class='ocrx_word' id='word_1_307' title='bbox 3401 1514 3569 1566; x_wconf 87' lang='grc' dir='ltr'>πόσου</span> <span class='ocrx_word' id='word_1_308' title='bbox 3597 1513 3703 1582; x_wconf 81' lang='grc' dir='ltr'>μὲν</span> 
     </span>
    </p>
   </div>
   <div class='ocr_carea' id='block_1_46' title="bbox 2119 1602 3700 1680">
    <p class='ocr_par' dir='ltr' id='par_1_46' title="bbox 2119 1602 3700 1680">
     <span class='ocr_line' id='line_1_46' title="bbox 2119 1602 3700 1680; baseline -0.007 -13"><span class='ocrx_word' id='word_1_309' title='bbox 2119 1614 2318 1678; x_wconf 82' lang='grc' dir='ltr'>ταῦτα,</span> <span class='ocrx_word' id='word_1_310' title='bbox 2349 1614 2517 1666; x_wconf 87' lang='grc' dir='ltr'>πόσου</span> <span class='ocrx_word' id='word_1_311' title='bbox 2551 1612 2609 1665; x_wconf 82' lang='grc' dir='ltr'>δὲ</span> <span class='ocrx_word' id='word_1_312' title='bbox 2657 1612 2841 1664; x_wconf 78' lang='grc' dir='ltr'>ἐκεῖνα</span> <span class='ocrx_word' id='word_1_313' title='bbox 2870 1608 3185 1680; x_wconf 83' lang='grc' dir='ltr'>τιμήματὸς</span> <span class='ocrx_word' id='word_1_314' title='bbox 3249 1602 3386 1661; x_wconf 70' lang='grc' dir='ltr'>εἰσιν</span> <span class='ocrx_word' id='word_1_315' title='bbox 3444 1604 3590 1669; x_wconf 81' lang='grc' dir='ltr'>ἄξια.</span> <span class='ocrx_word' id='word_1_316' title='bbox 3632 1606 3700 1657; x_wconf 71' lang='grc' dir='ltr'><strong>ΟΞ</strong></span> 
     </span>
    </p>
   </div>
   <div class='ocr_carea' id='block_1_47' title="bbox 2123 1698 3704 1777">
    <p class='ocr_par' dir='ltr' id='par_1_47' title="bbox 2123 1698 3704 1777">
     <span class='ocr_line' id='line_1_47' title="bbox 2123 1698 3704 1777; baseline -0.009 -15"><span class='ocrx_word' id='word_1_317' title='bbox 2123 1708 2180 1762; x_wconf 83' lang='grc' dir='ltr'>δὲ</span> <span class='ocrx_word' id='word_1_318' title='bbox 2218 1707 2287 1761; x_wconf 79' lang='grc' dir='ltr'><strong>τὰ</strong></span> <span class='ocrx_word' id='word_1_319' title='bbox 2320 1706 2417 1777; x_wconf 84' lang='grc' dir='ltr'>μὲν</span> <span class='ocrx_word' id='word_1_320' title='bbox 2440 1704 2533 1759; x_wconf 84' lang='grc' dir='ltr'>δύο</span> <span class='ocrx_word' id='word_1_321' title='bbox 2560 1703 2633 1758; x_wconf 81' lang='grc' dir='ltr'>τὰ</span> <span class='ocrx_word' id='word_1_322' title='bbox 2684 1701 3084 1773; x_wconf 79' lang='grc' dir='ltr'>κεχρυσωμένα</span> <span class='ocrx_word' id='word_1_323' title='bbox 3121 1701 3288 1770; x_wconf 79' lang='grc' dir='ltr'>τιμῆς</span> <span class='ocrx_word' id='word_1_324' title='bbox 3320 1700 3401 1752; x_wconf 86' lang='grc' dir='ltr'>ὅτι</span> <span class='ocrx_word' id='word_1_325' title='bbox 3441 1698 3704 1766; x_wconf 76' lang='grc' dir='ltr'>πλείστης</span> 
     </span>
    </p>
   </div>
   <div class='ocr_carea' id='block_1_48' title="bbox 2122 1789 3708 1869">
    <p class='ocr_par' dir='ltr' id='par_1_48' title="bbox 2122 1789 3708 1869">
     <span class='ocr_line' id='line_1_48' title="bbox 2122 1789 3708 1869; baseline -0.007 -18"><span class='ocrx_word' id='word_1_326' title='bbox 2122 1796 2262 1853; x_wconf 71' lang='grc' dir='ltr'>εἶναι</span> <span class='ocrx_word' id='word_1_327' title='bbox 2321 1798 2657 1869; x_wconf 81' lang='grc' dir='ltr'>διωρίζοντο.</span> <span class='ocrx_word' id='word_1_328' title='bbox 2716 1795 2937 1859; x_wconf 81' lang='grc' dir='ltr'>Ἔξεστι</span> <span class='ocrx_word' id='word_1_329' title='bbox 2980 1792 3109 1863; x_wconf 79' lang='grc' dir='ltr'>γὰρ,</span> <span class='ocrx_word' id='word_1_330' title='bbox 3143 1793 3327 1862; x_wconf 74' lang='grc' dir='ltr'>φησὶν,</span> <span class='ocrx_word' id='word_1_331' title='bbox 3383 1792 3441 1844; x_wconf 85' lang='grc' dir='ltr'>ὲν</span> <span class='ocrx_word' id='word_1_332' title='bbox 3518 1789 3708 1852; x_wconf 78' lang='grc' dir='ltr'>αὐτοῖς</span> 
     </span>
    </p>
   </div>
   <div class='ocr_carea' id='block_1_49' title="bbox 2124 1880 3706 1961">
    <p class='ocr_par' dir='ltr' id='par_1_49' title="bbox 2124 1880 3706 1961">
     <span class='ocr_line' id='line_1_49' title="bbox 2124 1880 3706 1961; baseline -0.008 -17"><span class='ocrx_word' id='word_1_333' title='bbox 2124 1888 2381 1961; x_wconf 83' lang='grc' dir='ltr'>βασιλικὰ</span> <span class='ocrx_word' id='word_1_334' title='bbox 2425 1888 2737 1958; x_wconf 81' lang='grc' dir='ltr'>διαδήματα</span> <span class='ocrx_word' id='word_1_335' title='bbox 2775 1884 2869 1939; x_wconf 75' lang='grc' dir='ltr'>καὶ</span> <span class='ocrx_word' id='word_1_336' title='bbox 2914 1884 3091 1949; x_wconf 81' lang='grc' dir='ltr'>ζώνας</span> <span class='ocrx_word' id='word_1_337' title='bbox 3119 1882 3468 1937; x_wconf 72' lang='grc' dir='ltr'>ἀποκεῖσθαιο</span> <span class='ocrx_word' id='word_1_338' title='bbox 3528 1882 3597 1934; x_wconf 74' lang='grc' dir='ltr'>τὰ</span> <span class='ocrx_word' id='word_1_339' title='bbox 3644 1880 3706 1932; x_wconf 76' lang='grc' dir='ltr'>δὲ</span> 
     </span>
    </p>
   </div>
   <div class='ocr_carea' id='block_1_50' title="bbox 2120 1974 3706 2055">
    <p class='ocr_par' dir='ltr' id='par_1_50' title="bbox 2120 1974 3706 2055">
     <span class='ocr_line' id='line_1_50' title="bbox 2120 1974 3706 2055; baseline -0.007 -18"><span class='ocrx_word' id='word_1_340' title='bbox 2120 1987 2187 2055; x_wconf 78' lang='grc' dir='ltr'>τῇ</span> <span class='ocrx_word' id='word_1_341' title='bbox 2210 1982 2378 2054; x_wconf 77' lang='grc' dir='ltr'>πίσσῃ</span> <span class='ocrx_word' id='word_1_342' title='bbox 2413 1979 2898 2051; x_wconf 77' lang='grc' dir='ltr'>κατακεχρισμένα</span> <span class='ocrx_word' id='word_1_343' title='bbox 2930 1978 3029 2030; x_wconf 61' lang='grc' dir='ltr'><strong>καὶ⁵</strong></span> <span class='ocrx_word' id='word_1_344' title='bbox 3060 1979 3129 2047; x_wconf 82' lang='grc' dir='ltr'>τῇ</span> <span class='ocrx_word' id='word_1_345' title='bbox 3153 1975 3419 2046; x_wconf 83' lang='grc' dir='ltr'><strong>ἀσφάλτῳ</strong></span> <span class='ocrx_word' id='word_1_346' title='bbox 3450 1974 3706 2055; x_wconf 66' lang='grc' dir='ltr'>εὐτελοῦς</span> 
     </span>
    </p>
   </div>
   <div class='ocr_carea' id='block_1_51' title="bbox 2121 2054 3709 2144">
    <p class='ocr_par' dir='ltr' id='par_1_51' title="bbox 2121 2054 3709 2144">
     <span class='ocr_line' id='line_1_51' title="bbox 2121 2054 3709 2144; baseline -0.008 -15"><span class='ocrx_word' id='word_1_347' title='bbox 2121 2054 2267 2138; x_wconf 86' lang='grc' dir='ltr'>τινος</span> <span class='ocrx_word' id='word_1_348' title='bbox 2295 2073 2391 2127; x_wconf 75' lang='grc' dir='ltr'>καὶ</span> <span class='ocrx_word' id='word_1_349' title='bbox 2436 2073 2657 2144; x_wconf 78' lang='grc' dir='ltr'>οἰκτροῦ</span> <span class='ocrx_word' id='word_1_350' title='bbox 2706 2071 3017 2142; x_wconf 83' lang='grc' dir='ltr'>τιμήματος</span> <span class='ocrx_word' id='word_1_351' title='bbox 3066 2067 3325 2139; x_wconf 80' lang='grc' dir='ltr'>ὑπάρχει.</span> <span class='ocrx_word' id='word_1_352' title='bbox 3377 2067 3437 2119; x_wconf 89' lang='lat'><strong>&#39;0</strong></span> <span class='ocrx_word' id='word_1_353' title='bbox 3466 2066 3521 2119; x_wconf 78' lang='grc' dir='ltr'>δὲ</span> <span class='ocrx_word' id='word_1_354' title='bbox 3549 2054 3709 2135; x_wconf 79' lang='grc' dir='ltr'>βασι-</span> 
     </span>
    </p>
   </div>
   <div class='ocr_carea' id='block_1_52' title="bbox 2121 2157 3711 2238">
    <p class='ocr_par' dir='ltr' id='par_1_52' title="bbox 2121 2157 3711 2238">
     <span class='ocr_line' id='line_1_52' title="bbox 2121 2157 3711 2238; baseline -0.007 -18"><span class='ocrx_word' id='word_1_355' title='bbox 2121 2166 2247 2228; x_wconf 76' lang='grc' dir='ltr'>λεὺς</span> <span class='ocrx_word' id='word_1_356' title='bbox 2290 2167 2396 2238; x_wconf 73' lang='grc' dir='ltr'>ἔφη</span> <span class='ocrx_word' id='word_1_357' title='bbox 2436 2164 2573 2236; x_wconf 84' lang='grc' dir='ltr'>πρὸς</span> <span class='ocrx_word' id='word_1_358' title='bbox 2612 2162 2838 2226; x_wconf 82' lang='grc' dir='ltr'>αὐτούς·</span> <span class='ocrx_word' id='word_1_359' title='bbox 2874 2157 3005 2215; x_wconf 77' lang='grc' dir='ltr'>Οἶδα</span> <span class='ocrx_word' id='word_1_360' title='bbox 3050 2159 3205 2229; x_wconf 82' lang='grc' dir='ltr'><strong>κάγὼ</strong></span> <span class='ocrx_word' id='word_1_361' title='bbox 3241 2158 3468 2213; x_wconf 77' lang='grc' dir='ltr'>τοιαῦτα</span> <span class='ocrx_word' id='word_1_362' title='bbox 3521 2158 3711 2226; x_wconf 80' lang='grc' dir='ltr'>λέγειν</span> 
     </span>
    </p>
   </div>
   <div class='ocr_carea' id='block_1_53' title="bbox 2124 2250 3710 2329">
    <p class='ocr_par' dir='ltr' id='par_1_53' title="bbox 2124 2250 3710 2329">
     <span class='ocr_line' id='line_1_53' title="bbox 2124 2250 3710 2329; baseline -0.006 -17"><span class='ocrx_word' id='word_1_363' title='bbox 2124 2259 2295 2329; x_wconf 83' lang='grc' dir='ltr'>ὑμᾶς·</span> <span class='ocrx_word' id='word_1_364' title='bbox 2327 2260 2444 2321; x_wconf 88' lang='grc' dir='ltr'>τοῖς</span> <span class='ocrx_word' id='word_1_365' title='bbox 2481 2255 2764 2326; x_wconf 76' lang='grc' dir='ltr'>αἰσθητοῖς</span> <span class='ocrx_word' id='word_1_366' title='bbox 2795 2252 2905 2325; x_wconf 83' lang='grc' dir='ltr'><strong>γὰρ</strong></span> <span class='ocrx_word' id='word_1_367' title='bbox 2941 2252 3244 2325; x_wconf 81' lang='grc' dir='ltr'>ὀφθαλμοῖς</span> <span class='ocrx_word' id='word_1_368' title='bbox 3283 2254 3383 2324; x_wconf 81' lang='grc' dir='ltr'>τὴν</span> <span class='ocrx_word' id='word_1_369' title='bbox 3437 2250 3710 2321; x_wconf 77' lang='grc' dir='ltr'>αἰσθητὴν</span> 
     </span>
    </p>
   </div>
   <div class='ocr_carea' id='block_1_54' title="bbox 2121 2342 3706 2421">
    <p class='ocr_par' dir='ltr' id='par_1_54' title="bbox 2121 2342 3706 2421">
     <span class='ocr_line' id='line_1_54' title="bbox 2121 2342 3706 2421; baseline -0.006 -16"><span class='ocrx_word' id='word_1_370' title='bbox 2121 2351 2245 2421; x_wconf 77' lang='grc' dir='ltr'>δψιν</span> <span class='ocrx_word' id='word_1_371' title='bbox 2309 2350 2660 2403; x_wconf 82' lang='grc' dir='ltr'>κατανοεῐτε·</span> <span class='ocrx_word' id='word_1_372' title='bbox 2702 2347 2799 2400; x_wconf 78' lang='grc' dir='ltr'>καὶ</span> <span class='ocrx_word' id='word_1_373' title='bbox 2846 2345 2953 2418; x_wconf 81' lang='grc' dir='ltr'>μὴν</span> <span class='ocrx_word' id='word_1_374' title='bbox 3008 2345 3109 2416; x_wconf 83' lang='grc' dir='ltr'>οὐχ</span> <span class='ocrx_word' id='word_1_375' title='bbox 3152 2343 3328 2408; x_wconf 76' lang='grc' dir='ltr'>οὕτως</span> <span class='ocrx_word' id='word_1_376' title='bbox 3376 2342 3460 2396; x_wconf 85' lang='grc' dir='ltr'><strong>δεῖ</strong></span> <span class='ocrx_word' id='word_1_377' title='bbox 3503 2346 3706 2396; x_wconf 85' lang='grc' dir='ltr'>ποιεῖν·</span> 
     </span>
    </p>
   </div>
   <div class='ocr_carea' id='block_1_55' title="bbox 2123 2435 3708 2510">
    <p class='ocr_par' dir='ltr' id='par_1_55' title="bbox 2123 2435 3708 2510">
     <span class='ocr_line' id='line_1_55' title="bbox 2123 2435 3708 2510; baseline -0.008 -13"><span class='ocrx_word' id='word_1_378' title='bbox 2123 2440 2261 2497; x_wconf 84' lang='grc' dir='ltr'>ἀλλὰ</span> <span class='ocrx_word' id='word_1_379' title='bbox 2293 2443 2406 2505; x_wconf 85' lang='grc' dir='ltr'>τοῖς</span> <span class='ocrx_word' id='word_1_380' title='bbox 2439 2439 2588 2494; x_wconf 73' lang='grc' dir='ltr'>ἔνδον</span> <span class='ocrx_word' id='word_1_381' title='bbox 2620 2439 2836 2510; x_wconf 75' lang='grc' dir='ltr'>ὄμμασι</span> <span class='ocrx_word' id='word_1_382' title='bbox 2869 2437 2970 2508; x_wconf 84' lang='grc' dir='ltr'>τὴν</span> <span class='ocrx_word' id='word_1_383' title='bbox 3009 2435 3161 2501; x_wconf 62' lang='lat' dir='ltr'><strong>sm;</strong></span> <span class='ocrx_word' id='word_1_384' title='bbox 3198 2436 3570 2505; x_wconf 81' lang='grc' dir='ltr'>ἀποκειμένην</span> <span class='ocrx_word' id='word_1_385' title='bbox 3598 2435 3708 2507; x_wconf 74' lang='grc' dir='ltr'>χρὴ</span> 
     </span>
    </p>
   </div>
   <div class='ocr_carea' id='block_1_56' title="bbox 2127 2527 3707 2607">
    <p class='ocr_par' dir='ltr' id='par_1_56' title="bbox 2127 2527 3707 2607">
     <span class='ocr_line' id='line_1_56' title="bbox 2127 2527 3707 2607; baseline -0.007 -18"><span class='ocrx_word' id='word_1_386' title='bbox 2127 2536 2348 2607; x_wconf 83' lang='grc' dir='ltr'>βλέπειν</span> <span class='ocrx_word' id='word_1_387' title='bbox 2403 2534 2517 2588; x_wconf 84' lang='grc' dir='ltr'>είτε</span> <span class='ocrx_word' id='word_1_388' title='bbox 2567 2531 2736 2603; x_wconf 81' lang='grc' dir='ltr'>τιμὴν</span> <span class='ocrx_word' id='word_1_389' title='bbox 2789 2530 2903 2584; x_wconf 85' lang='grc' dir='ltr'>εῐτε</span> <span class='ocrx_word' id='word_1_390' title='bbox 2959 2528 3206 2599; x_wconf 85' lang='grc' dir='ltr'>ἀτιμίαν.</span> <span class='ocrx_word' id='word_1_391' title='bbox 3258 2528 3373 2582; x_wconf 84' lang='grc' dir='ltr'><strong>Καὶ</strong></span> <span class='ocrx_word' id='word_1_392' title='bbox 3412 2527 3707 2581; x_wconf 72' lang='grc' dir='ltr'>ἐκέλευσεν</span> 
     </span>
    </p>
   </div>
   <div class='ocr_carea' id='block_1_57' title="bbox 2125 2617 3709 2697">
    <p class='ocr_par' dir='ltr' id='par_1_57' title="bbox 2125 2617 3709 2697">
     <span class='ocr_line' id='line_1_57' title="bbox 2125 2617 3709 2697; baseline -0.006 -16"><span class='ocrx_word' id='word_1_393' title='bbox 2125 2627 2410 2697; x_wconf 83' lang='grc' dir='ltr'>ἀνοιγῆναι</span> <span class='ocrx_word' id='word_1_394' title='bbox 2435 2624 2504 2678; x_wconf 74' lang='grc' dir='ltr'><strong>τὰ</strong></span> <span class='ocrx_word' id='word_1_395' title='bbox 2535 2620 2938 2694; x_wconf 83' lang='grc' dir='ltr'>κεχρυσωμένα</span> <span class='ocrx_word' id='word_1_396' title='bbox 2963 2619 3251 2691; x_wconf 82' lang='grc' dir='ltr'>βαλάντια.</span> <span class='ocrx_word' id='word_1_397' title='bbox 3276 2617 3709 2689; x_wconf 82' lang='grc' dir='ltr'>Διανοιχθέντων</span> 
     </span>
    </p>
   </div>
   <div class='ocr_carea' id='block_1_58' title="bbox 2125 2710 3704 2789">
    <p class='ocr_par' dir='ltr' id='par_1_58' title="bbox 2125 2710 3704 2789">
     <span class='ocr_line' id='line_1_58' title="bbox 2125 2710 3704 2789; baseline -0.005 -17"><span class='ocrx_word' id='word_1_398' title='bbox 2125 2718 2203 2784; x_wconf 75' lang='grc' dir='ltr'>δὲ,</span> <span class='ocrx_word' id='word_1_399' title='bbox 2236 2717 2385 2789; x_wconf 85' lang='grc' dir='ltr'>δεινή</span> <span class='ocrx_word' id='word_1_400' title='bbox 2416 2734 2500 2781; x_wconf 90' lang='grc' dir='ltr'><strong>τις</strong></span> <span class='ocrx_word' id='word_1_401' title='bbox 2519 2715 2751 2770; x_wconf 74' lang='grc' dir='ltr'>ἔπνευσε</span> <span class='ocrx_word' id='word_1_402' title='bbox 2772 2714 3009 2769; x_wconf 88' lang='grc' dir='ltr'>δυσωδία</span> <span class='ocrx_word' id='word_1_403' title='bbox 3038 2712 3133 2768; x_wconf 71' lang='grc' dir='ltr'>καὶ</span> <span class='ocrx_word' id='word_1_404' title='bbox 3161 2713 3469 2784; x_wconf 79' lang='grc' dir='ltr'>ἀηδεστάτη</span> <span class='ocrx_word' id='word_1_405' title='bbox 3508 2710 3704 2783; x_wconf 83' lang='grc' dir='ltr'>ὡράθη</span> 
     </span>
    </p>
   </div>
   <div class='ocr_carea' id='block_1_59' title="bbox 2127 2810 2248 2866">
    <p class='ocr_par' dir='ltr' id='par_1_59' title="bbox 2127 2810 2248 2866">
     <span class='ocr_line' id='line_1_59' title="bbox 2127 2810 2248 2866; baseline 0 -1"><span class='ocrx_word' id='word_1_406' title='bbox 2127 2810 2248 2866; x_wconf 80' lang='grc' dir='ltr'>θέα.</span> 
     </span>
    </p>
   </div>
   <div class='ocr_carea' id='block_1_60' title="bbox 2196 2893 3709 2976">
    <p class='ocr_par' dir='ltr' id='par_1_60' title="bbox 2196 2893 3709 2976">
     <span class='ocr_line' id='line_1_60' title="bbox 2196 2893 3709 2976; baseline -0.003 -18"><span class='ocrx_word' id='word_1_407' title='bbox 2196 2905 2366 2976; x_wconf 78' lang='grc' dir='ltr'>Φησὶν</span> <span class='ocrx_word' id='word_1_408' title='bbox 2384 2900 2444 2959; x_wconf 84' lang='grc' dir='ltr'>οὗ</span> <span class='ocrx_word' id='word_1_409' title='bbox 2455 2922 2479 2957; x_wconf 83' lang='grc' dir='ltr'><strong>ν</strong></span> <span class='ocrx_word' id='word_1_410' title='bbox 2498 2906 2525 2958; x_wconf 86' lang='grc' dir='ltr'>ὁ</span> <span class='ocrx_word' id='word_1_411' title='bbox 2548 2901 2798 2974; x_wconf 78' lang='grc' dir='ltr'>βασιλεὺς</span> <span class='ocrx_word' id='word_1_412' title='bbox 2820 2918 2834 2933; x_wconf 78' lang='grc' dir='ltr'><strong><em>ο</em></strong></span> <span class='ocrx_word' id='word_1_413' title='bbox 2848 2893 3055 2965; x_wconf 74' lang='grc' dir='ltr'>Οὗτοςό</span> <span class='ocrx_word' id='word_1_414' title='bbox 3076 2899 3246 2964; x_wconf 82' lang='grc' dir='ltr'>τύπος</span> <span class='ocrx_word' id='word_1_415' title='bbox 3266 2898 3374 2953; x_wconf 90' lang='grc' dir='ltr'><strong>τῶν</strong></span> <span class='ocrx_word' id='word_1_416' title='bbox 3388 2899 3455 2952; x_wconf 82' lang='grc' dir='ltr'><strong>τά</strong></span> <span class='ocrx_word' id='word_1_417' title='bbox 3477 2897 3543 2951; x_wconf 87' lang='grc' dir='ltr'><strong>λα</strong></span> <span class='ocrx_word' id='word_1_418' title='bbox 3551 2899 3709 2969; x_wconf 71' lang='grc' dir='ltr'>μπρά</span> 
     </span>
    </p>
   </div>
   <div class='ocr_carea' id='block_1_61' title="bbox 2131 2992 3709 3069">
    <p class='ocr_par' dir='ltr' id='par_1_61' title="bbox 2131 2992 3709 3069">
     <span class='ocr_line' id='line_1_61' title="bbox 2131 2992 3709 3069; baseline -0.005 -18"><span class='ocrx_word' id='word_1_419' title='bbox 2131 2998 2233 3069; x_wconf 80' lang='grc' dir='ltr'>μὲν</span> <span class='ocrx_word' id='word_1_420' title='bbox 2265 2998 2362 3052; x_wconf 76' lang='grc' dir='ltr'>καὶ</span> <span class='ocrx_word' id='word_1_421' title='bbox 2391 2995 2576 3061; x_wconf 74' lang='grc' dir='ltr'>ἔνδοξα</span> <span class='ocrx_word' id='word_1_422' title='bbox 2601 2994 3019 3067; x_wconf 78' lang='grc' dir='ltr'>ἡμφιεσμένων,</span> <span class='ocrx_word' id='word_1_423' title='bbox 3053 2992 3223 3063; x_wconf 80' lang='grc' dir='ltr'>πολλῇ</span> <span class='ocrx_word' id='word_1_424' title='bbox 3262 2994 3318 3046; x_wconf 85' lang='grc' dir='ltr'>δὲ</span> <span class='ocrx_word' id='word_1_425' title='bbox 3339 2992 3466 3064; x_wconf 76' lang='grc' dir='ltr'><strong>δόξῃ</strong></span> <span class='ocrx_word' id='word_1_426' title='bbox 3495 2993 3591 3046; x_wconf 69' lang='grc' dir='ltr'>καὶ</span> <span class='ocrx_word' id='word_1_427' title='bbox 3621 2992 3709 3043; x_wconf 83' lang='grc' dir='ltr'>δυ-</span> 
     </span>
    </p>
   </div>
   <div class='ocr_carea' id='block_1_62' title="bbox 472 3076 2035 3162">
    <p class='ocr_par' dir='ltr' id='par_1_62' title="bbox 472 3076 2033 3152">
     <span class='ocr_line' id='line_1_62' title="bbox 472 3076 2033 3152; baseline -0.003 -15"><span class='ocrx_word' id='word_1_428' title='bbox 472 3084 734 3152; x_wconf 88' lang='lat' dir='ltr'><strong>ingentem</strong></span> <span class='ocrx_word' id='word_1_429' title='bbox 758 3081 978 3151; x_wconf 76' lang='lat' dir='ltr'><strong>gloriam</strong></span> <span class='ocrx_word' id='word_1_430' title='bbox 1000 3090 1055 3135; x_wconf 91' lang='lat' dir='ltr'><strong>et</strong></span> <span class='ocrx_word' id='word_1_431' title='bbox 1075 3077 1368 3149; x_wconf 88' lang='lat' dir='ltr'><strong>potentiam</strong></span> <span class='ocrx_word' id='word_1_432' title='bbox 1392 3078 1681 3133; x_wconf 91' lang='lat' dir='ltr'><strong>insolenter</strong></span> <span class='ocrx_word' id='word_1_433' title='bbox 1704 3093 1765 3134; x_wconf 89' lang='lat' dir='ltr'><strong>se</strong></span> <span class='ocrx_word' id='word_1_434' title='bbox 1787 3076 2033 3146; x_wconf 71' lang='lat' dir='ltr'><strong>efferant,</strong></span> 
     </span>
    </p>
   </div>
   <div class='ocr_carea' id='block_1_63' title="bbox 2133 3076 3713 3162">
    <p class='ocr_par' dir='ltr' id='par_1_63' title="bbox 2136 3084 3713 3162">
     <span class='ocr_line' id='line_1_63' title="bbox 2136 3084 3713 3162; baseline -0.006 -16"><span class='ocrx_word' id='word_1_435' title='bbox 2136 3092 2362 3162; x_wconf 79' lang='grc' dir='ltr'>ναστεία</span> <span class='ocrx_word' id='word_1_436' title='bbox 2405 3086 2870 3160; x_wconf 75' lang='grc' dir='ltr'>σοϐαρευομένων,</span> <span class='ocrx_word' id='word_1_437' title='bbox 2896 3085 2995 3138; x_wconf 75' lang='grc' dir='ltr'>καὶ</span> <span class='ocrx_word' id='word_1_438' title='bbox 3031 3085 3232 3138; x_wconf 72' lang='grc' dir='ltr'>ἔσωθεν</span> <span class='ocrx_word' id='word_1_439' title='bbox 3262 3084 3591 3149; x_wconf 80' lang='grc' dir='ltr'>ἀποζῶντων</span> <span class='ocrx_word' id='word_1_440' title='bbox 3625 3101 3713 3137; x_wconf 44' lang='grc' dir='ltr'>νε,</span> 
     </span>
    </p>
   </div>
   <div class='ocr_carea' id='block_1_64' title="bbox 470 3168 2035 3238">
    <p class='ocr_par' dir='ltr' id='par_1_64' title="bbox 470 3168 2035 3238">
     <span class='ocr_line' id='line_1_64' title="bbox 470 3168 2035 3238; baseline -0.003 -11"><span class='ocrx_word' id='word_1_441' title='bbox 470 3172 611 3227; x_wconf 87' lang='lat' dir='ltr'><strong>intus</strong></span> <span class='ocrx_word' id='word_1_442' title='bbox 634 3183 809 3227; x_wconf 88' lang='lat' dir='ltr'><strong>tamen</strong></span> <span class='ocrx_word' id='word_1_443' title='bbox 837 3170 1013 3226; x_wconf 83' lang='lat' dir='ltr'><strong>fetidis</strong></span> <span class='ocrx_word' id='word_1_444' title='bbox 1034 3169 1380 3225; x_wconf 84' lang='lat' dir='ltr'><strong>cadaveribus</strong></span> <span class='ocrx_word' id='word_1_445' title='bbox 1401 3183 1463 3223; x_wconf 89' lang='lat' dir='ltr'><strong>ac</strong></span> <span class='ocrx_word' id='word_1_446' title='bbox 1485 3168 1696 3238; x_wconf 84' lang='lat' dir='ltr'><strong>ﬂagitiis</strong></span> <span class='ocrx_word' id='word_1_447' title='bbox 1723 3169 1864 3238; x_wconf 90' lang='lat' dir='ltr'><strong>pleni</strong></span> <span class='ocrx_word' id='word_1_448' title='bbox 1890 3177 2035 3223; x_wconf 89' lang='lat' dir='ltr'><strong>sunt.</strong></span> 
     </span>
    </p>
   </div>
   <div class='ocr_carea' id='block_1_65' title="bbox 473 3259 2040 3328">
    <p class='ocr_par' dir='ltr' id='par_1_65' title="bbox 473 3259 2040 3328">
     <span class='ocr_line' id='line_1_65' title="bbox 473 3259 2040 3328; baseline 0.001 -12"><span class='ocrx_word' id='word_1_449' title='bbox 473 3262 600 3317; x_wconf 81' lang='lat' dir='ltr'><strong>Ptist</strong></span> <span class='ocrx_word' id='word_1_450' title='bbox 627 3271 833 3324; x_wconf 85' lang='lat' dir='ltr'><strong>autem,</strong></span> <span class='ocrx_word' id='word_1_451' title='bbox 866 3276 987 3315; x_wconf 89' lang='lat' dir='ltr'><strong>cum</strong></span> <span class='ocrx_word' id='word_1_452' title='bbox 1016 3273 1108 3315; x_wconf 82' lang='lat' dir='ltr'><strong>eas</strong></span> <span class='ocrx_word' id='word_1_453' title='bbox 1147 3275 1264 3328; x_wconf 64' lang='lat' dir='ltr'><strong>qua:</strong></span> <span class='ocrx_word' id='word_1_454' title='bbox 1310 3260 1427 3328; x_wconf 89' lang='lat' dir='ltr'><strong>pice</strong></span> <span class='ocrx_word' id='word_1_455' title='bbox 1466 3274 1529 3314; x_wconf 89' lang='lat' dir='ltr'><strong>ac</strong></span> <span class='ocrx_word' id='word_1_456' title='bbox 1572 3259 1829 3315; x_wconf 89' lang='lat' dir='ltr'><strong>bitumine</strong></span> <span class='ocrx_word' id='word_1_457' title='bbox 1860 3261 2040 3317; x_wconf 63' lang='lat' dir='ltr'><strong>oblitae</strong></span> 
     </span>
    </p>
   </div>
   <div class='ocr_carea' id='block_1_66' title="bbox 471 3349 2036 3419">
    <p class='ocr_par' dir='ltr' id='par_1_66' title="bbox 471 3349 2036 3419">
     <span class='ocr_line' id='line_1_66' title="bbox 471 3349 2036 3419; baseline -0.001 -14"><span class='ocrx_word' id='word_1_458' title='bbox 471 3360 657 3415; x_wconf 86' lang='lat' dir='ltr'><strong>orant,</strong></span> <span class='ocrx_word' id='word_1_459' title='bbox 702 3352 896 3419; x_wconf 86' lang='lat' dir='ltr'><strong>aperiri</strong></span> <span class='ocrx_word' id='word_1_460' title='bbox 939 3349 1216 3417; x_wconf 70' lang='lat' dir='ltr'><strong>iussisset,</strong></span> <span class='ocrx_word' id='word_1_461' title='bbox 1264 3362 1452 3403; x_wconf 89' lang='lat' dir='ltr'><strong>omnes</strong></span> <span class='ocrx_word' id='word_1_462' title='bbox 1500 3362 1594 3404; x_wconf 90' lang='lat' dir='ltr'><strong>eos</strong></span> <span class='ocrx_word' id='word_1_463' title='bbox 1641 3349 1733 3417; x_wconf 91' lang='lat' dir='ltr'><strong>qui</strong></span> <span class='ocrx_word' id='word_1_464' title='bbox 1782 3349 2036 3415; x_wconf 87' lang='lat' dir='ltr'><strong>aderant,</strong></span> 
     </span>
    </p>
   </div>
   <div class='ocr_carea' id='block_1_67' title="bbox 474 3422 2045 3494">
    <p class='ocr_par' dir='ltr' id='par_1_67' title="bbox 474 3422 2045 3494">
     <span class='ocr_line' id='line_1_67' title="bbox 474 3422 2045 3494; baseline -0.001 -16"><span class='ocrx_word' id='word_1_465' title='bbox 474 3426 762 3493; x_wconf 83' lang='lat' dir='ltr'><strong>splendore</strong></span> <span class='ocrx_word' id='word_1_466' title='bbox 806 3434 964 3494; x_wconf 89' lang='lat' dir='ltr'><strong>atque</strong></span> <span class='ocrx_word' id='word_1_467' title='bbox 1007 3427 1188 3480; x_wconf 88' lang='lat' dir='ltr'><strong>odoris</strong></span> <span class='ocrx_word' id='word_1_468' title='bbox 1231 3426 1491 3479; x_wconf 88' lang='lat' dir='ltr'><strong>suavitate</strong></span> <span class='ocrx_word' id='word_1_469' title='bbox 1520 3439 1637 3494; x_wconf 66' lang='lat' dir='ltr'><strong>qure</strong></span> <span class='ocrx_word' id='word_1_470' title='bbox 1683 3422 1739 3476; x_wconf 89' lang='lat' dir='ltr'><strong>in</strong></span> <span class='ocrx_word' id='word_1_471' title='bbox 1779 3422 1910 3491; x_wconf 83' lang='lat' dir='ltr'><strong>ipsis</strong></span> <span class='ocrx_word' id='word_1_472' title='bbox 1952 3438 2045 3477; x_wconf 85' lang='lat' dir='ltr'><strong>re-</strong></span> 
     </span>
    </p>
   </div>
   <div class='ocr_carea' id='block_1_68' title="bbox 473 3510 2039 3581">
    <p class='ocr_par' dir='ltr' id='par_1_68' title="bbox 473 3510 2039 3581">
     <span class='ocr_line' id='line_1_68' title="bbox 473 3510 2039 3581; baseline -0.001 -14"><span class='ocrx_word' id='word_1_473' title='bbox 473 3514 686 3567; x_wconf 87' lang='lat' dir='ltr'><strong>condita</strong></span> <span class='ocrx_word' id='word_1_474' title='bbox 717 3523 829 3568; x_wconf 90' lang='lat' dir='ltr'><strong>erat</strong></span> <span class='ocrx_word' id='word_1_475' title='bbox 860 3513 1167 3568; x_wconf 87' lang='lat' dir='ltr'><strong>oblectavit.</strong></span> <span class='ocrx_word' id='word_1_476' title='bbox 1218 3513 1460 3581; x_wconf 81' lang='lat' dir='ltr'><strong>Dixitque</strong></span> <span class='ocrx_word' id='word_1_477' title='bbox 1486 3514 1563 3568; x_wconf 88' lang='lat' dir='ltr'><strong>eis</strong></span> <span class='ocrx_word' id='word_1_478' title='bbox 1592 3528 1605 3565; x_wconf 93' lang='lat'><strong>:</strong></span> <span class='ocrx_word' id='word_1_479' title='bbox 1639 3511 1798 3567; x_wconf 84' lang='lat' dir='ltr'><strong>Scitis</strong></span> <span class='ocrx_word' id='word_1_480' title='bbox 1826 3510 2039 3566; x_wconf 84' lang='lat' dir='ltr'><strong>cuinam</strong></span> 
     </span>
    </p>
   </div>
   <div class='ocr_carea' id='block_1_69' title="bbox 474 3602 2041 3674">
    <p class='ocr_par' dir='ltr' id='par_1_69' title="bbox 474 3602 2041 3674">
     <span class='ocr_line' id='line_1_69' title="bbox 474 3602 2041 3674; baseline -0.001 -14"><span class='ocrx_word' id='word_1_481' title='bbox 474 3606 551 3660; x_wconf 89' lang='lat' dir='ltr'><strong>rei</strong></span> <span class='ocrx_word' id='word_1_482' title='bbox 584 3605 664 3659; x_wconf 69' lang='lat' dir='ltr'><strong>ha:</strong></span> <span class='ocrx_word' id='word_1_483' title='bbox 692 3619 833 3659; x_wconf 72' lang='lat' dir='ltr'><strong>arca:</strong></span> <span class='ocrx_word' id='word_1_484' title='bbox 875 3605 1075 3659; x_wconf 89' lang='lat' dir='ltr'><strong>similes</strong></span> <span class='ocrx_word' id='word_1_485' title='bbox 1102 3605 1241 3659; x_wconf 71' lang='lat' dir='ltr'><strong>sint?</strong></span> <span class='ocrx_word' id='word_1_486' title='bbox 1269 3602 1552 3659; x_wconf 92' lang='lat' dir='ltr'><strong>humilibus</strong></span> <span class='ocrx_word' id='word_1_487' title='bbox 1594 3603 1841 3658; x_wconf 91' lang='lat' dir='ltr'><strong>nimirum</strong></span> <span class='ocrx_word' id='word_1_488' title='bbox 1884 3612 2041 3674; x_wconf 88' lang='lat' dir='ltr'><strong>atque</strong></span> 
     </span>
    </p>
   </div>
   <div class='ocr_carea' id='block_1_70' title="bbox 471 3691 2044 3763">
    <p class='ocr_par' dir='ltr' id='par_1_70' title="bbox 471 3691 2044 3763">
     <span class='ocr_line' id='line_1_70' title="bbox 471 3691 2044 3763; baseline -0.001 -16"><span class='ocrx_word' id='word_1_489' title='bbox 471 3693 691 3763; x_wconf 86' lang='lat' dir='ltr'><strong>abjectis</strong></span> <span class='ocrx_word' id='word_1_490' title='bbox 738 3693 842 3748; x_wconf 91' lang='lat' dir='ltr'><strong>illis</strong></span> <span class='ocrx_word' id='word_1_491' title='bbox 868 3693 1017 3759; x_wconf 91' lang='lat' dir='ltr'><strong>viris,</strong></span> <span class='ocrx_word' id='word_1_492' title='bbox 1068 3694 1362 3762; x_wconf 85' lang='lat' dir='ltr'><strong>vilibusque</strong></span> <span class='ocrx_word' id='word_1_493' title='bbox 1392 3692 1631 3747; x_wconf 90' lang='lat' dir='ltr'><strong>vestibus</strong></span> <span class='ocrx_word' id='word_1_494' title='bbox 1660 3691 1879 3757; x_wconf 88' lang='lat' dir='ltr'><strong>indutis,</strong></span> <span class='ocrx_word' id='word_1_495' title='bbox 1909 3708 2044 3761; x_wconf 80' lang='lat' dir='ltr'><strong>quo-</strong></span> 
     </span>
    </p>
   </div>
   <div class='ocr_carea' id='block_1_71' title="bbox 470 3780 2044 3848">
    <p class='ocr_par' dir='ltr' id='par_1_71' title="bbox 470 3780 2044 3848">
     <span class='ocr_line' id='line_1_71' title="bbox 470 3780 2044 3848; baseline 0.001 -14"><span class='ocrx_word' id='word_1_496' title='bbox 470 3794 589 3834; x_wconf 89' lang='lat' dir='ltr'><strong>rum</strong></span> <span class='ocrx_word' id='word_1_497' title='bbox 634 3795 729 3836; x_wconf 89' lang='lat' dir='ltr'><strong>vos</strong></span> <span class='ocrx_word' id='word_1_498' title='bbox 775 3790 1049 3836; x_wconf 90' lang='lat' dir='ltr'><strong>externum</strong></span> <span class='ocrx_word' id='word_1_499' title='bbox 1098 3780 1335 3835; x_wconf 75' lang='lat' dir='ltr'><strong>habiturn</strong></span> <span class='ocrx_word' id='word_1_500' title='bbox 1381 3781 1671 3848; x_wconf 91' lang='lat' dir='ltr'><strong>intuentes,</strong></span> <span class='ocrx_word' id='word_1_501' title='bbox 1709 3781 2044 3837; x_wconf 68' lang='lat' dir='ltr'><strong>contumeliae</strong></span> 
     </span>
    </p>
   </div>
   <div class='ocr_carea' id='block_1_72' title="bbox 472 3870 2044 3939">
    <p class='ocr_par' dir='ltr' id='par_1_72' title="bbox 472 3870 2044 3939">
     <span class='ocr_line' id='line_1_72' title="bbox 472 3870 2044 3939; baseline 0.003 -16"><span class='ocrx_word' id='word_1_502' title='bbox 472 3884 533 3924; x_wconf 88' lang='lat' dir='ltr'><strong>ac</strong></span> <span class='ocrx_word' id='word_1_503' title='bbox 562 3870 756 3939; x_wconf 88' lang='lat' dir='ltr'><strong>probro</strong></span> <span class='ocrx_word' id='word_1_504' title='bbox 781 3870 912 3924; x_wconf 85' lang='lat' dir='ltr'><strong>mihi</strong></span> <span class='ocrx_word' id='word_1_505' title='bbox 939 3870 1190 3939; x_wconf 75' lang='lat' dir='ltr'><strong>duxistis,</strong></span> <span class='ocrx_word' id='word_1_506' title='bbox 1217 3870 1354 3939; x_wconf 90' lang='lat' dir='ltr'><strong>quod</strong></span> <span class='ocrx_word' id='word_1_507' title='bbox 1386 3881 1509 3925; x_wconf 88' lang='lat' dir='ltr'><strong>ante</strong></span> <span class='ocrx_word' id='word_1_508' title='bbox 1531 3885 1624 3926; x_wconf 92' lang='lat' dir='ltr'><strong>eos</strong></span> <span class='ocrx_word' id='word_1_509' title='bbox 1652 3871 1704 3926; x_wconf 90' lang='lat' dir='ltr'><strong>in</strong></span> <span class='ocrx_word' id='word_1_510' title='bbox 1732 3879 1926 3926; x_wconf 88' lang='lat' dir='ltr'><strong>terram</strong></span> <span class='ocrx_word' id='word_1_511' title='bbox 1954 3886 2044 3928; x_wconf 87' lang='lat' dir='ltr'><strong>me</strong></span> 
     </span>
    </p>
   </div>
   <div class='ocr_carea' id='block_1_73' title="bbox 472 3960 2043 4033">
    <p class='ocr_par' dir='ltr' id='par_1_73' title="bbox 472 3960 2043 4033">
     <span class='ocr_line' id='line_1_73' title="bbox 472 3960 2043 4033; baseline 0.003 -21"><span class='ocrx_word' id='word_1_512' title='bbox 472 3960 808 4028; x_wconf 82' lang='lat' dir='ltr'><strong>abjecissem.</strong></span> <span class='ocrx_word' id='word_1_513' title='bbox 865 3961 975 4029; x_wconf 86' lang='lat' dir='ltr'><strong>Ego</strong></span> <span class='ocrx_word' id='word_1_514' title='bbox 1023 3970 1199 4015; x_wconf 89' lang='lat' dir='ltr'><strong>autem</strong></span> <span class='ocrx_word' id='word_1_515' title='bbox 1255 3975 1438 4015; x_wconf 92' lang='lat' dir='ltr'><strong>eorum</strong></span> <span class='ocrx_word' id='word_1_516' title='bbox 1489 3960 1832 4033; x_wconf 83' lang='lat' dir='ltr'><strong>dignitatem,</strong></span> <span class='ocrx_word' id='word_1_517' title='bbox 1880 3970 2043 4028; x_wconf 87' lang='lat' dir='ltr'><strong>atque</strong></span> 
     </span>
    </p>
   </div>
   <div class='ocr_carea' id='block_1_74' title="bbox 470 4051 2039 4120">
    <p class='ocr_par' dir='ltr' id='par_1_74' title="bbox 470 4051 2039 4120">
     <span class='ocr_line' id='line_1_74' title="bbox 470 4051 2039 4120; baseline 0.003 -18"><span class='ocrx_word' id='word_1_518' title='bbox 470 4051 770 4104; x_wconf 87' lang='lat' dir='ltr'><strong>animorum</strong></span> <span class='ocrx_word' id='word_1_519' title='bbox 804 4051 1243 4120; x_wconf 86' lang='lat' dir='ltr'><strong>pulchritudinem</strong></span> <span class='ocrx_word' id='word_1_520' title='bbox 1273 4052 1633 4120; x_wconf 88' lang='lat' dir='ltr'><strong>spiritualibus</strong></span> <span class='ocrx_word' id='word_1_521' title='bbox 1660 4052 1833 4109; x_wconf 92' lang='lat' dir='ltr'><strong>oculis</strong></span> <span class='ocrx_word' id='word_1_522' title='bbox 1860 4051 2039 4108; x_wconf 89' lang='lat' dir='ltr'><strong>consi-</strong></span> 
     </span>
    </p>
   </div>
   <div class='ocr_carea' id='block_1_75' title="bbox 474 4141 2044 4212">
    <p class='ocr_par' dir='ltr' id='par_1_75' title="bbox 474 4141 2044 4212">
     <span class='ocr_line' id='line_1_75' title="bbox 474 4141 2044 4212; baseline 0.003 -20"><span class='ocrx_word' id='word_1_523' title='bbox 474 4143 692 4207; x_wconf 83' lang='lat' dir='ltr'><strong>derans,</strong></span> <span class='ocrx_word' id='word_1_524' title='bbox 728 4156 793 4196; x_wconf 85' lang='lat' dir='ltr'><strong>ex</strong></span> <span class='ocrx_word' id='word_1_525' title='bbox 824 4141 1058 4210; x_wconf 88' lang='lat' dir='ltr'><strong>ipsorum</strong></span> <span class='ocrx_word' id='word_1_526' title='bbox 1088 4151 1336 4197; x_wconf 84' lang='lat' dir='ltr'><strong>contactu</strong></span> <span class='ocrx_word' id='word_1_527' title='bbox 1362 4142 1585 4212; x_wconf 87' lang='lat' dir='ltr'><strong>gloriam</strong></span> <span class='ocrx_word' id='word_1_528' title='bbox 1616 4143 1895 4208; x_wconf 91' lang='lat' dir='ltr'><strong>contraxi,</strong></span> <span class='ocrx_word' id='word_1_529' title='bbox 1924 4157 2044 4197; x_wconf 87' lang='lat' dir='ltr'><strong>eos-</strong></span> 
     </span>
    </p>
   </div>
   <div class='ocr_carea' id='block_1_76' title="bbox 472 4234 2047 4305">
    <p class='ocr_par' dir='ltr' id='par_1_76' title="bbox 472 4234 2047 4305">
     <span class='ocr_line' id='line_1_76' title="bbox 472 4234 2047 4305; baseline 0.004 -22"><span class='ocrx_word' id='word_1_530' title='bbox 472 4248 575 4301; x_wconf 85' lang='lat' dir='ltr'><strong>que</strong></span> <span class='ocrx_word' id='word_1_531' title='bbox 603 4234 787 4300; x_wconf 87' lang='lat' dir='ltr'><strong>quavis</strong></span> <span class='ocrx_word' id='word_1_532' title='bbox 813 4249 1009 4288; x_wconf 90' lang='lat' dir='ltr'><strong>corona</strong></span> <span class='ocrx_word' id='word_1_533' title='bbox 1036 4244 1090 4288; x_wconf 90' lang='lat' dir='ltr'><strong>et</strong></span> <span class='ocrx_word' id='word_1_534' title='bbox 1127 4235 1312 4302; x_wconf 87' lang='lat' dir='ltr'><strong>quavis</strong></span> <span class='ocrx_word' id='word_1_535' title='bbox 1339 4234 1483 4303; x_wconf 83' lang='lat' dir='ltr'><strong>regia</strong></span> <span class='ocrx_word' id='word_1_536' title='bbox 1526 4250 1757 4303; x_wconf 91' lang='lat' dir='ltr'><strong>purpura</strong></span> <span class='ocrx_word' id='word_1_537' title='bbox 1788 4243 2047 4305; x_wconf 83' lang='lat' dir='ltr'><strong>praestan-</strong></span> 
     </span>
    </p>
   </div>
   <div class='ocr_carea' id='block_1_77' title="bbox 473 4323 2044 4394">
    <p class='ocr_par' dir='ltr' id='par_1_77' title="bbox 473 4323 2044 4394">
     <span class='ocr_line' id='line_1_77' title="bbox 473 4323 2044 4394; baseline 0.001 -16"><span class='ocrx_word' id='word_1_538' title='bbox 473 4325 638 4378; x_wconf 88' lang='lat' dir='ltr'><strong>tiores</strong></span> <span class='ocrx_word' id='word_1_539' title='bbox 666 4324 985 4379; x_wconf 82' lang='lat' dir='ltr'><strong>existimavi.</strong></span> <span class='ocrx_word' id='word_1_540' title='bbox 1019 4323 1097 4377; x_wconf 83' lang='lat' dir='ltr'><strong>Ad</strong></span> <span class='ocrx_word' id='word_1_541' title='bbox 1140 4323 1281 4377; x_wconf 90' lang='lat' dir='ltr'><strong>hunc</strong></span> <span class='ocrx_word' id='word_1_542' title='bbox 1324 4324 1482 4393; x_wconf 84' lang='lat' dir='ltr'><strong>igitur</strong></span> <span class='ocrx_word' id='word_1_543' title='bbox 1525 4325 1743 4379; x_wconf 86' lang='lat' dir='ltr'><strong>modum</strong></span> <span class='ocrx_word' id='word_1_544' title='bbox 1785 4327 2044 4394; x_wconf 90' lang='lat' dir='ltr'><strong>pudorem</strong></span> 
     </span>
    </p>
   </div>
   <div class='ocr_carea' id='block_1_78' title="bbox 472 4413 2035 4529">
    <p class='ocr_par' dir='ltr' id='par_1_78' title="bbox 472 4413 2035 4529">
     <span class='ocr_line' id='line_1_78' title="bbox 472 4413 2035 4485; baseline 0.002 -16"><span class='ocrx_word' id='word_1_545' title='bbox 472 4416 601 4485; x_wconf 88' lang='lat' dir='ltr'><strong>ipsis</strong></span> <span class='ocrx_word' id='word_1_546' title='bbox 631 4416 879 4475; x_wconf 87' lang='lat' dir='ltr'><strong>incussit,</strong></span> <span class='ocrx_word' id='word_1_547' title='bbox 909 4428 1108 4483; x_wconf 90' lang='lat' dir='ltr'><strong>eosque</strong></span> <span class='ocrx_word' id='word_1_548' title='bbox 1146 4413 1199 4467; x_wconf 89' lang='lat' dir='ltr'><strong>in</strong></span> <span class='ocrx_word' id='word_1_549' title='bbox 1230 4414 1311 4468; x_wconf 88' lang='lat' dir='ltr'><strong>his</strong></span> <span class='ocrx_word' id='word_1_550' title='bbox 1350 4415 1510 4470; x_wconf 88' lang='lat' dir='ltr'><strong>rebus</strong></span> <span class='ocrx_word' id='word_1_551' title='bbox 1539 4430 1659 4485; x_wconf 68' lang='lat' dir='ltr'><strong>quae</strong></span> <span class='ocrx_word' id='word_1_552' title='bbox 1689 4418 1742 4470; x_wconf 92' lang='lat' dir='ltr'><strong>in</strong></span> <span class='ocrx_word' id='word_1_553' title='bbox 1769 4424 2035 4485; x_wconf 86' lang='lat' dir='ltr'><strong>aspectum</strong></span> 
     </span>
     <span class='ocr_line' id='line_1_79' title="bbox 480 4504 2035 4529; baseline 0 0"><span class='ocrx_word' id='word_1_554' title='bbox 480 4504 667 4529; x_wconf 72' lang='grc' dir='ltr'><strong>--.1..-ι</strong></span> <span class='ocrx_word' id='word_1_555' title='bbox 717 4504 935 4529; x_wconf 46' lang='lat' dir='ltr'><strong>nat—du...</strong></span> <span class='ocrx_word' id='word_1_556' title='bbox 967 4504 1214 4529; x_wconf 57' lang='lat' dir='ltr'><strong>nl.-__---</strong></span> <span class='ocrx_word' id='word_1_557' title='bbox 1261 4504 1435 4529; x_wconf 55' lang='grc' dir='ltr'><strong>,ει-.-.ἀι</strong></span> <span class='ocrx_word' id='word_1_558' title='bbox 1499 4521 1681 4529; x_wconf 75' lang='lat'><strong>..-__-...</strong></span> <span class='ocrx_word' id='word_1_559' title='bbox 1716 4507 1779 4529; x_wconf 75' lang='lat'><strong>:2-</strong></span> <span class='ocrx_word' id='word_1_560' title='bbox 1811 4507 2035 4529; x_wconf 71' lang='lat'><strong>-..:...--_...</strong></span> 
     </span>
    </p>
   </div>
   <div class='ocr_carea' id='block_1_79' title="bbox 2133 4413 3464 4529">
    <p class='ocr_par' dir='ltr' id='par_1_79' title="bbox 2146 4413 3464 4529">
     <span class='ocr_line' id='line_1_80' title="bbox 2153 4413 3464 4438; baseline -0.004 -5"><span class='ocrx_word' id='word_1_561' title='bbox 2153 4413 2387 4438; x_wconf 66' lang='grc' dir='ltr'><strong>’νιν-ν’--ν</strong></span> <span class='ocrx_word' id='word_1_562' title='bbox 2424 4413 2749 4431; x_wconf 60' lang='grc' dir='ltr'><strong>’ν’-νννντνννπν</strong></span> <span class='ocrx_word' id='word_1_563' title='bbox 2954 4413 3052 4428; x_wconf 78' lang='lat'><strong>---.</strong></span> <span class='ocrx_word' id='word_1_564' title='bbox 3415 4413 3464 4435; x_wconf 69' lang='grc' dir='ltr'><strong>η.</strong></span> 
     </span>
     <span class='ocr_line' id='line_1_81' title="bbox 2146 4456 3464 4529; baseline -0.005 -14"><span class='ocrx_word' id='word_1_565' title='bbox 2146 4459 2281 4515; x_wconf 82' lang='grc' dir='ltr'>Κατ’</span> <span class='ocrx_word' id='word_1_566' title='bbox 2311 4460 2517 4512; x_wconf 76' lang='grc' dir='ltr'>ἐκεῖνον</span> <span class='ocrx_word' id='word_1_567' title='bbox 2566 4456 2747 4512; x_wconf 87' lang='grc' dir='ltr'>τοίνυν</span> <span class='ocrx_word' id='word_1_568' title='bbox 2790 4458 2879 4511; x_wconf 82' lang='grc' dir='ltr'>τὸν</span> <span class='ocrx_word' id='word_1_569' title='bbox 2932 4458 3133 4529; x_wconf 79' lang='grc' dir='ltr'>εὐσεϐῆ</span> <span class='ocrx_word' id='word_1_570' title='bbox 3178 4458 3274 4512; x_wconf 74' lang='grc' dir='ltr'>καὶ</span> <span class='ocrx_word' id='word_1_571' title='bbox 3304 4458 3464 4527; x_wconf 73' lang='grc' dir='ltr'>σοφὸν</span> 
     </span>
    </p>
   </div>
   <div class='ocr_carea' id='block_1_80' title="bbox 477 4504 2045 4571">
    <p class='ocr_par' dir='ltr' id='par_1_80' title="bbox 477 4504 2045 4571">
     <span class='ocr_line' id='line_1_82' title="bbox 477 4504 2045 4571; baseline 0.003 -14"><span class='ocrx_word' id='word_1_572' title='bbox 477 4504 674 4559; x_wconf 89' lang='lat' dir='ltr'><strong>cadunt</strong></span> <span class='ocrx_word' id='word_1_573' title='bbox 716 4504 937 4559; x_wconf 89' lang='lat' dir='ltr'><strong>minime</strong></span> <span class='ocrx_word' id='word_1_574' title='bbox 965 4504 1215 4559; x_wconf 87' lang='lat' dir='ltr'><strong>oberrare</strong></span> <span class='ocrx_word' id='word_1_575' title='bbox 1258 4504 1468 4571; x_wconf 82' lang='lat' dir='ltr'><strong>docuit,</strong></span> <span class='ocrx_word' id='word_1_576' title='bbox 1499 4521 1683 4560; x_wconf 85' lang='lat' dir='ltr'><strong>verum</strong></span> <span class='ocrx_word' id='word_1_577' title='bbox 1715 4507 1781 4561; x_wconf 89' lang='lat' dir='ltr'><strong>iis</strong></span> <span class='ocrx_word' id='word_1_578' title='bbox 1809 4507 2045 4562; x_wconf 86' lang='lat' dir='ltr'><strong>animum</strong></span> 
     </span>
    </p>
   </div>
   <div class='ocr_carea' id='block_1_81' title="bbox 482 4592 2045 4665">
    <p class='ocr_par' dir='ltr' id='par_1_81' title="bbox 482 4592 2045 4665">
     <span class='ocr_line' id='line_1_83' title="bbox 482 4592 2045 4665; baseline 0.001 -18"><span class='ocrx_word' id='word_1_579' title='bbox 482 4594 771 4663; x_wconf 88' lang='lat' dir='ltr'><strong>adjungere</strong></span> <span class='ocrx_word' id='word_1_580' title='bbox 797 4607 917 4662; x_wconf 71' lang='lat' dir='ltr'><strong>qua:</strong></span> <span class='ocrx_word' id='word_1_581' title='bbox 945 4592 1216 4647; x_wconf 92' lang='lat' dir='ltr'><strong>intellectu</strong></span> <span class='ocrx_word' id='word_1_582' title='bbox 1257 4593 1637 4663; x_wconf 80' lang='lat' dir='ltr'><strong>percipiuntur.</strong></span> <span class='ocrx_word' id='word_1_583' title='bbox 1671 4593 1849 4663; x_wconf 87' lang='lat' dir='ltr'><strong>Itaque</strong></span> <span class='ocrx_word' id='word_1_584' title='bbox 1875 4595 1942 4651; x_wconf 83' lang='lat' dir='ltr'><strong>ad</strong></span> <span class='ocrx_word' id='word_1_585' title='bbox 1971 4595 2045 4665; x_wconf 83' lang='lat' dir='ltr'><strong>pii</strong></span> 
     </span>
    </p>
   </div>
   <div class='ocr_carea' id='block_1_82' title="bbox 478 4683 2049 4757">
    <p class='ocr_par' dir='ltr' id='par_1_82' title="bbox 478 4683 2049 4757">
     <span class='ocr_line' id='line_1_84' title="bbox 478 4683 2049 4757; baseline 0.003 -18"><span class='ocrx_word' id='word_1_586' title='bbox 478 4691 536 4739; x_wconf 92' lang='lat' dir='ltr'><strong>et</strong></span> <span class='ocrx_word' id='word_1_587' title='bbox 565 4684 821 4753; x_wconf 88' lang='lat' dir='ltr'><strong>sapientis</strong></span> <span class='ocrx_word' id='word_1_588' title='bbox 864 4686 1004 4755; x_wconf 86' lang='lat' dir='ltr'><strong>regis</strong></span> <span class='ocrx_word' id='word_1_589' title='bbox 1041 4683 1441 4740; x_wconf 79' lang='lat' dir='ltr'><strong>similitudinem</strong></span> <span class='ocrx_word' id='word_1_590' title='bbox 1485 4688 1599 4755; x_wconf 90' lang='lat' dir='ltr'><strong>ipse</strong></span> <span class='ocrx_word' id='word_1_591' title='bbox 1627 4702 1840 4757; x_wconf 89' lang='lat' dir='ltr'><strong>quoque</strong></span> <span class='ocrx_word' id='word_1_592' title='bbox 1866 4702 2049 4743; x_wconf 88' lang='lat' dir='ltr'><strong>acces-</strong></span> 
     </span>
    </p>
   </div>
   <div class='ocr_carea' id='block_1_83' title="bbox 476 4775 2054 4849">
    <p class='ocr_par' dir='ltr' id='par_1_83' title="bbox 476 4775 2054 4849">
     <span class='ocr_line' id='line_1_85' title="bbox 476 4775 2054 4849; baseline 0.004 -21"><span class='ocrx_word' id='word_1_593' title='bbox 476 4775 627 4839; x_wconf 84' lang='lat' dir='ltr'><strong>sisti;</strong></span> <span class='ocrx_word' id='word_1_594' title='bbox 679 4782 740 4829; x_wconf 93' lang='lat' dir='ltr'><strong>ut</strong></span> <span class='ocrx_word' id='word_1_595' title='bbox 779 4776 868 4843; x_wconf 89' lang='lat' dir='ltr'><strong>qui</strong></span> <span class='ocrx_word' id='word_1_596' title='bbox 912 4776 1051 4830; x_wconf 89' lang='lat' dir='ltr'><strong>bona</strong></span> <span class='ocrx_word' id='word_1_597' title='bbox 1098 4789 1195 4845; x_wconf 87' lang='lat' dir='ltr'><strong>spe</strong></span> <span class='ocrx_word' id='word_1_598' title='bbox 1250 4776 1405 4831; x_wconf 88' lang='lat' dir='ltr'><strong>nixus</strong></span> <span class='ocrx_word' id='word_1_599' title='bbox 1444 4791 1532 4833; x_wconf 92' lang='lat' dir='ltr'><strong>me</strong></span> <span class='ocrx_word' id='word_1_600' title='bbox 1572 4779 1891 4848; x_wconf 89' lang='lat' dir='ltr'><strong>susceperis,</strong></span> <span class='ocrx_word' id='word_1_601' title='bbox 1934 4795 2054 4849; x_wconf 74' lang='lat' dir='ltr'><strong>quae</strong></span> 
     </span>
    </p>
   </div>
   <div class='ocr_carea' id='block_1_84' title="bbox 476 4864 2050 4933">
    <p class='ocr_par' dir='ltr' id='par_1_84' title="bbox 476 4864 2050 4933">
     <span class='ocr_line' id='line_1_86' title="bbox 476 4864 2050 4933; baseline 0.003 -15"><span class='ocrx_word' id='word_1_602' title='bbox 476 4864 722 4933; x_wconf 89' lang='lat' dir='ltr'><strong>quidem,</strong></span> <span class='ocrx_word' id='word_1_603' title='bbox 753 4871 813 4919; x_wconf 94' lang='lat' dir='ltr'><strong>ut</strong></span> <span class='ocrx_word' id='word_1_604' title='bbox 837 4866 1049 4931; x_wconf 81' lang='lat' dir='ltr'><strong>opinor.</strong></span> <span class='ocrx_word' id='word_1_605' title='bbox 1081 4865 1301 4920; x_wconf 90' lang='lat' dir='ltr'><strong>minime</strong></span> <span class='ocrx_word' id='word_1_606' title='bbox 1329 4872 1382 4921; x_wconf 91' lang='lat' dir='ltr'><strong>te</strong></span> <span class='ocrx_word' id='word_1_607' title='bbox 1411 4865 1576 4922; x_wconf 85' lang='lat' dir='ltr'><strong>fallet.</strong></span> <span class='ocrx_word' id='word_1_608' title='bbox 1608 4866 1748 4921; x_wconf 84' lang='lat' dir='ltr'><strong>Dixit</strong></span> <span class='ocrx_word' id='word_1_609' title='bbox 1772 4877 1952 4922; x_wconf 90' lang='lat' dir='ltr'><strong>autem</strong></span> <span class='ocrx_word' id='word_1_610' title='bbox 1984 4868 2050 4922; x_wconf 89' lang='lat' dir='ltr'><strong>ad</strong></span> 
     </span>
    </p>
   </div>
   <div class='ocr_carea' id='block_1_85' title="bbox 479 4954 2057 5026">
    <p class='ocr_par' dir='ltr' id='par_1_85' title="bbox 479 4954 2057 5026">
     <span class='ocr_line' id='line_1_87' title="bbox 479 4954 2057 5026; baseline 0.001 -17"><span class='ocrx_word' id='word_1_611' title='bbox 479 4971 601 5009; x_wconf 87' lang='lat' dir='ltr'><strong>eum</strong></span> <span class='ocrx_word' id='word_1_612' title='bbox 632 4954 888 5025; x_wconf 84' lang='lat' dir='ltr'><strong>.Iosaphat</strong></span> <span class='ocrx_word' id='word_1_613' title='bbox 914 4972 929 5009; x_wconf 87' lang='lat'><strong>:</strong></span> <span class='ocrx_word' id='word_1_614' title='bbox 964 4957 1089 5011; x_wconf 63' lang='lat' dir='ltr'><strong>Haec</strong></span> <span class='ocrx_word' id='word_1_615' title='bbox 1131 4961 1311 5011; x_wconf 81' lang='lat' dir='ltr'><strong>omnia</strong></span> <span class='ocrx_word' id='word_1_616' title='bbox 1359 4956 1578 5025; x_wconf 86' lang='lat' dir='ltr'><strong>pulchre</strong></span> <span class='ocrx_word' id='word_1_617' title='bbox 1606 4967 1763 5026; x_wconf 88' lang='lat' dir='ltr'><strong>atque</strong></span> <span class='ocrx_word' id='word_1_618' title='bbox 1793 4958 2057 5014; x_wconf 88' lang='lat' dir='ltr'><strong>concinne</strong></span> 
     </span>
    </p>
   </div>
   <div class='ocr_carea' id='block_1_86' title="bbox 476 5047 2053 5119">
    <p class='ocr_par' dir='ltr' id='par_1_86' title="bbox 476 5047 2053 5119">
     <span class='ocr_line' id='line_1_88' title="bbox 476 5047 2053 5119; baseline 0.001 -17"><span class='ocrx_word' id='word_1_619' title='bbox 476 5047 677 5102; x_wconf 84' lang='lat' dir='ltr'><strong>dixisti.</strong></span> <span class='ocrx_word' id='word_1_620' title='bbox 706 5048 904 5103; x_wconf 82' lang='lat' dir='ltr'><strong>Verum</strong></span> <span class='ocrx_word' id='word_1_621' title='bbox 931 5047 1057 5103; x_wconf 89' lang='lat' dir='ltr'><strong>illud</strong></span> <span class='ocrx_word' id='word_1_622' title='bbox 1085 5048 1222 5104; x_wconf 87' lang='lat' dir='ltr'><strong>scire</strong></span> <span class='ocrx_word' id='word_1_623' title='bbox 1250 5062 1402 5115; x_wconf 89' lang='lat' dir='ltr'><strong>aveo,</strong></span> <span class='ocrx_word' id='word_1_624' title='bbox 1428 5048 1670 5119; x_wconf 89' lang='lat' dir='ltr'><strong>quisnam</strong></span> <span class='ocrx_word' id='word_1_625' title='bbox 1700 5050 1767 5105; x_wconf 90' lang='lat' dir='ltr'><strong>sit</strong></span> <span class='ocrx_word' id='word_1_626' title='bbox 1796 5058 1916 5104; x_wconf 90' lang='lat' dir='ltr'><strong>tuus</strong></span> <span class='ocrx_word' id='word_1_627' title='bbox 1945 5049 2053 5103; x_wconf 84' lang='lat' dir='ltr'><strong>Do-</strong></span> 
     </span>
    </p>
   </div>
   <div class='ocr_carea' id='block_1_87' title="bbox 480 5139 2059 5209">
    <p class='ocr_par' dir='ltr' id='par_1_87' title="bbox 480 5139 2059 5209">
     <span class='ocr_line' id='line_1_89' title="bbox 480 5139 2059 5209; baseline 0.004 -17"><span class='ocrx_word' id='word_1_628' title='bbox 480 5139 681 5203; x_wconf 81' lang='lat' dir='ltr'><strong>minus,</strong></span> <span class='ocrx_word' id='word_1_629' title='bbox 717 5154 874 5209; x_wconf 89' lang='lat' dir='ltr'><strong>quem</strong></span> <span class='ocrx_word' id='word_1_630' title='bbox 919 5149 976 5194; x_wconf 92' lang='lat' dir='ltr'><strong>tu</strong></span> <span class='ocrx_word' id='word_1_631' title='bbox 1015 5140 1270 5196; x_wconf 87' lang='lat' dir='ltr'><strong>orationis</strong></span> <span class='ocrx_word' id='word_1_632' title='bbox 1300 5141 1450 5196; x_wconf 91' lang='lat' dir='ltr'><strong>initio</strong></span> <span class='ocrx_word' id='word_1_633' title='bbox 1481 5142 1549 5196; x_wconf 91' lang='lat' dir='ltr'><strong>de</strong></span> <span class='ocrx_word' id='word_1_634' title='bbox 1594 5142 1688 5196; x_wconf 91' lang='lat' dir='ltr'><strong>illo</strong></span> <span class='ocrx_word' id='word_1_635' title='bbox 1733 5142 2059 5198; x_wconf 83' lang='lat' dir='ltr'><strong>seminatora</strong></span> 
     </span>
    </p>
   </div>
   <div class='ocr_carea' id='block_1_88' title="bbox 480 5231 1127 5288">
    <p class='ocr_par' dir='ltr' id='par_1_88' title="bbox 480 5231 1127 5288">
     <span class='ocr_line' id='line_1_90' title="bbox 480 5231 1127 5288; baseline 0.002 -4"><span class='ocrx_word' id='word_1_636' title='bbox 480 5231 643 5285; x_wconf 84' lang='lat' dir='ltr'><strong>verba</strong></span> <span class='ocrx_word' id='word_1_637' title='bbox 675 5232 864 5287; x_wconf 87' lang='lat' dir='ltr'><strong>fecisse</strong></span> <span class='ocrx_word' id='word_1_638' title='bbox 891 5233 1127 5288; x_wconf 81' lang='lat' dir='ltr'><strong>dicebas.</strong></span> 
     </span>
    </p>
   </div>
   <div class='ocr_carea' id='block_1_89' title="bbox 547 5322 2050 5393">
    <p class='ocr_par' dir='ltr' id='par_1_89' title="bbox 547 5322 2050 5393">
     <span class='ocr_line' id='line_1_91' title="bbox 547 5322 2050 5393; baseline 0.002 -17"><span class='ocrx_word' id='word_1_639' title='bbox 547 5322 679 5378; x_wconf 69' lang='lat' dir='ltr'><strong>Car.</strong></span> <span class='ocrx_word' id='word_1_640' title='bbox 710 5322 823 5377; x_wconf 83' lang='lat' dir='ltr'><strong>VII.</strong></span> <span class='ocrx_word' id='word_1_641' title='bbox 856 5353 924 5362; x_wconf 93' lang='grc'><strong><em>--</em></strong></span> <span class='ocrx_word' id='word_1_642' title='bbox 961 5322 1165 5379; x_wconf 82' lang='lat' dir='ltr'><strong>Rursus</strong></span> <span class='ocrx_word' id='word_1_643' title='bbox 1211 5324 1367 5393; x_wconf 88' lang='lat' dir='ltr'><strong>igitur</strong></span> <span class='ocrx_word' id='word_1_644' title='bbox 1423 5339 1723 5381; x_wconf 90' lang='lat' dir='ltr'><strong>sermonem</strong></span> <span class='ocrx_word' id='word_1_645' title='bbox 1772 5339 2050 5381; x_wconf 82' lang='lat' dir='ltr'><strong>assumens</strong></span> 
     </span>
    </p>
   </div>
   <div class='ocr_carea' id='block_1_90' title="bbox 2137 3173 3712 3253">
    <p class='ocr_par' dir='ltr' id='par_1_90' title="bbox 2137 3173 3712 3253">
     <span class='ocr_line' id='line_1_92' title="bbox 2137 3173 3712 3253; baseline -0.004 -16"><span class='ocrx_word' id='word_1_646' title='bbox 2137 3182 2288 3253; x_wconf 87' lang='grc' dir='ltr'>κρῶν</span> <span class='ocrx_word' id='word_1_647' title='bbox 2320 3182 2413 3236; x_wconf 75' lang='grc' dir='ltr'>καὶ</span> <span class='ocrx_word' id='word_1_648' title='bbox 2447 3178 2698 3250; x_wconf 85' lang='grc' dir='ltr'>πονηρῶν</span> <span class='ocrx_word' id='word_1_649' title='bbox 2724 3178 2923 3249; x_wconf 79' lang='grc' dir='ltr'>ἔργων.</span> <span class='ocrx_word' id='word_1_650' title='bbox 2951 3173 3083 3230; x_wconf 80' lang='grc' dir='ltr'>Εἶτα</span> <span class='ocrx_word' id='word_1_651' title='bbox 3100 3178 3194 3230; x_wconf 76' lang='grc' dir='ltr'>καὶ</span> <span class='ocrx_word' id='word_1_652' title='bbox 3213 3177 3281 3231; x_wconf 72' lang='grc' dir='ltr'>τὰ</span> <span class='ocrx_word' id='word_1_653' title='bbox 3312 3178 3712 3248; x_wconf 78' lang='grc' dir='ltr'>πεπισσωμένα</span> 
     </span>
    </p>
   </div>
   <div class='ocr_carea' id='block_1_91' title="bbox 2137 3269 3713 3344">
    <p class='ocr_par' dir='ltr' id='par_1_91' title="bbox 2137 3269 3713 3344">
     <span class='ocr_line' id='line_1_93' title="bbox 2137 3269 3713 3344; baseline -0.004 -17"><span class='ocrx_word' id='word_1_654' title='bbox 2137 3273 2234 3327; x_wconf 79' lang='grc' dir='ltr'>καὶ</span> <span class='ocrx_word' id='word_1_655' title='bbox 2257 3273 2764 3344; x_wconf 77' lang='grc' dir='ltr'>κατησφαλτωμένα</span> <span class='ocrx_word' id='word_1_656' title='bbox 2788 3270 3053 3333; x_wconf 78' lang='grc' dir='ltr'>κελεύσας</span> <span class='ocrx_word' id='word_1_657' title='bbox 3074 3269 3542 3341; x_wconf 80' lang='grc' dir='ltr'>ἀνακαλυφθῆναι,</span> <span class='ocrx_word' id='word_1_658' title='bbox 3568 3272 3713 3325; x_wconf 86' lang='grc' dir='ltr'>πάν-</span> 
     </span>
    </p>
   </div>
   <div class='ocr_carea' id='block_1_92' title="bbox 2137 3356 3747 3435">
    <p class='ocr_par' dir='ltr' id='par_1_92' title="bbox 2137 3356 3747 3435">
     <span class='ocr_line' id='line_1_94' title="bbox 2137 3356 3747 3435; baseline -0.002 -17"><span class='ocrx_word' id='word_1_659' title='bbox 2137 3382 2235 3428; x_wconf 91' lang='grc' dir='ltr'><strong>τας</strong></span> <span class='ocrx_word' id='word_1_660' title='bbox 2253 3363 2491 3435; x_wconf 74' lang='grc' dir='ltr'>εὖφρανε</span> <span class='ocrx_word' id='word_1_661' title='bbox 2512 3366 2638 3427; x_wconf 71' lang='grc' dir='ltr'>τοὺς</span> <span class='ocrx_word' id='word_1_662' title='bbox 2658 3364 2933 3434; x_wconf 87' lang='grc' dir='ltr'>παρόντας</span> <span class='ocrx_word' id='word_1_663' title='bbox 2958 3364 3024 3432; x_wconf 80' lang='grc' dir='ltr'><strong>τῇ</strong></span> <span class='ocrx_word' id='word_1_664' title='bbox 3052 3362 3159 3414; x_wconf 89' lang='grc' dir='ltr'><strong>τῶν</strong></span> <span class='ocrx_word' id='word_1_665' title='bbox 3185 3363 3241 3413; x_wconf 83' lang='grc' dir='ltr'>ὲν</span> <span class='ocrx_word' id='word_1_666' title='bbox 3273 3363 3459 3425; x_wconf 69' lang='grc' dir='ltr'>αὐτοῖς</span> <span class='ocrx_word' id='word_1_667' title='bbox 3480 3363 3711 3415; x_wconf 84' lang='grc' dir='ltr'>ἀποκει-</span> <span class='ocrx_word' id='word_1_668' title='bbox 3735 3356 3747 3365; x_wconf 79' lang='grc'><em>’</em></span> 
     </span>
    </p>
   </div>
   <div class='ocr_carea' id='block_1_93' title="bbox 2142 3450 3711 3524">
    <p class='ocr_par' dir='ltr' id='par_1_93' title="bbox 2142 3450 3711 3524">
     <span class='ocr_line' id='line_1_95' title="bbox 2142 3450 3711 3524; baseline 0.001 -19"><span class='ocrx_word' id='word_1_669' title='bbox 2142 3453 2319 3524; x_wconf 84' lang='grc' dir='ltr'>μένων</span> <span class='ocrx_word' id='word_1_670' title='bbox 2340 3452 2660 3523; x_wconf 79' lang='grc' dir='ltr'>φαιδρότητι</span> <span class='ocrx_word' id='word_1_671' title='bbox 2685 3452 2782 3504; x_wconf 72' lang='grc' dir='ltr'>καὶ</span> <span class='ocrx_word' id='word_1_672' title='bbox 2806 3452 3028 3522; x_wconf 74' lang='grc' dir='ltr'>εὐωδίᾳ.</span> <span class='ocrx_word' id='word_1_673' title='bbox 3067 3450 3213 3521; x_wconf 81' lang='grc' dir='ltr'><strong>Ἔφη</strong></span> <span class='ocrx_word' id='word_1_674' title='bbox 3241 3450 3296 3503; x_wconf 86' lang='grc' dir='ltr'>δὲ</span> <span class='ocrx_word' id='word_1_675' title='bbox 3319 3451 3453 3522; x_wconf 79' lang='grc' dir='ltr'>πρὸς</span> <span class='ocrx_word' id='word_1_676' title='bbox 3478 3453 3677 3517; x_wconf 72' lang='grc' dir='ltr'>αὐτούς</span> <span class='ocrx_word' id='word_1_677' title='bbox 3699 3470 3711 3482; x_wconf 89' lang='grc'><strong>·</strong></span> 
     </span>
    </p>
   </div>
   <div class='ocr_carea' id='block_1_94' title="bbox 2140 3541 3711 3613">
    <p class='ocr_par' dir='ltr' id='par_1_94' title="bbox 2140 3541 3711 3613">
     <span class='ocr_line' id='line_1_96' title="bbox 2140 3541 3711 3613; baseline 0.001 -18"><span class='ocrx_word' id='word_1_678' title='bbox 2140 3544 2331 3596; x_wconf 82' lang='grc' dir='ltr'>Οἴδατε</span> <span class='ocrx_word' id='word_1_679' title='bbox 2356 3544 2462 3597; x_wconf 86' lang='grc' dir='ltr'>τίνι</span> <span class='ocrx_word' id='word_1_680' title='bbox 2485 3544 2646 3613; x_wconf 84' lang='grc' dir='ltr'>ὃμοια</span> <span class='ocrx_word' id='word_1_681' title='bbox 2665 3541 2875 3607; x_wconf 59' lang='lat' dir='ltr'><strong>mina;</strong></span> <span class='ocrx_word' id='word_1_682' title='bbox 2907 3544 3019 3605; x_wconf 85' lang='grc' dir='ltr'>τοῖς</span> <span class='ocrx_word' id='word_1_683' title='bbox 3044 3545 3320 3605; x_wconf 82' lang='grc' dir='ltr'>ταπεινοῖς</span> <span class='ocrx_word' id='word_1_684' title='bbox 3350 3542 3582 3608; x_wconf 75' lang='grc' dir='ltr'>ἐκείνοις</span> <span class='ocrx_word' id='word_1_685' title='bbox 3616 3545 3711 3597; x_wconf 73' lang='grc' dir='ltr'>καὶ</span> 
     </span>
    </p>
   </div>
   <div class='ocr_carea' id='block_1_95' title="bbox 2140 3626 3711 3703">
    <p class='ocr_par' dir='ltr' id='par_1_95' title="bbox 2140 3626 3711 3703">
     <span class='ocr_line' id='line_1_97' title="bbox 2140 3626 3711 3703; baseline -0.001 -17"><span class='ocrx_word' id='word_1_686' title='bbox 2140 3634 2331 3703; x_wconf 75' lang='grc' dir='ltr'>εὖτελῆ</span> <span class='ocrx_word' id='word_1_687' title='bbox 2349 3632 2752 3702; x_wconf 81' lang='grc' dir='ltr'>περικειμένοις</span> <span class='ocrx_word' id='word_1_688' title='bbox 2764 3632 3037 3700; x_wconf 73' lang='grc' dir='ltr'>ἐνδύματα</span> <span class='ocrx_word' id='word_1_689' title='bbox 3057 3631 3189 3703; x_wconf 86' lang='grc'><strong>(91),</strong></span> <span class='ocrx_word' id='word_1_690' title='bbox 3208 3626 3283 3683; x_wconf 86' lang='grc' dir='ltr'><strong>ῶν</strong></span> <span class='ocrx_word' id='word_1_691' title='bbox 3303 3632 3457 3700; x_wconf 81' lang='grc' dir='ltr'>ὑμεῖς</span> <span class='ocrx_word' id='word_1_692' title='bbox 3475 3633 3536 3686; x_wconf 84' lang='grc' dir='ltr'><strong>τὺ</strong></span> <span class='ocrx_word' id='word_1_693' title='bbox 3549 3633 3711 3696; x_wconf 75' lang='grc' dir='ltr'>ἐκτὸς</span> 
     </span>
    </p>
   </div>
   <div class='ocr_carea' id='block_1_96' title="bbox 2139 3722 3707 3797">
    <p class='ocr_par' dir='ltr' id='par_1_96' title="bbox 2139 3722 3707 3797">
     <span class='ocr_line' id='line_1_98' title="bbox 2139 3722 3707 3797; baseline -0.001 -18"><span class='ocrx_word' id='word_1_694' title='bbox 2139 3725 2371 3795; x_wconf 85' lang='grc' dir='ltr'>ὁρῶντες</span> <span class='ocrx_word' id='word_1_695' title='bbox 2401 3724 2510 3797; x_wconf 67' lang='grc'><strong>44</strong></span> <span class='ocrx_word' id='word_1_696' title='bbox 2535 3724 2743 3795; x_wconf 78' lang='grc' dir='ltr'>σχῆμα,</span> <span class='ocrx_word' id='word_1_697' title='bbox 2771 3723 2928 3795; x_wconf 76' lang='grc' dir='ltr'>ὓϐριν</span> <span class='ocrx_word' id='word_1_698' title='bbox 2957 3724 3238 3794; x_wconf 78' lang='grc' dir='ltr'>ἡγήσασθε</span> <span class='ocrx_word' id='word_1_699' title='bbox 3265 3722 3364 3795; x_wconf 76' lang='grc' dir='ltr'>τὴν</span> <span class='ocrx_word' id='word_1_700' title='bbox 3395 3724 3533 3795; x_wconf 74' lang='grc' dir='ltr'>ἐμὴν</span> <span class='ocrx_word' id='word_1_701' title='bbox 3565 3728 3707 3778; x_wconf 70' lang='grc' dir='ltr'>κατὰ</span> 
     </span>
    </p>
   </div>
   <div class='ocr_carea' id='block_1_97' title="bbox 2140 3816 3718 3888">
    <p class='ocr_par' dir='ltr' id='par_1_97' title="bbox 2140 3816 3718 3888">
     <span class='ocr_line' id='line_1_99' title="bbox 2140 3816 3718 3888; baseline -0.001 -16"><span class='ocrx_word' id='word_1_702' title='bbox 2140 3818 2435 3888; x_wconf 80' lang='grc' dir='ltr'>πρόσωπον</span> <span class='ocrx_word' id='word_1_703' title='bbox 2463 3816 2645 3870; x_wconf 84' lang='grc' dir='ltr'>αὐτῶν</span> <span class='ocrx_word' id='word_1_704' title='bbox 2673 3817 2766 3870; x_wconf 72' lang='grc' dir='ltr'><strong>ἐπὶ</strong></span> <span class='ocrx_word' id='word_1_705' title='bbox 2789 3817 2893 3886; x_wconf 78' lang='grc' dir='ltr'><strong>γῆς</strong></span> <span class='ocrx_word' id='word_1_706' title='bbox 2928 3816 3334 3887; x_wconf 76' lang='grc' dir='ltr'>προσκύνησιν·</span> <span class='ocrx_word' id='word_1_707' title='bbox 3362 3816 3473 3885; x_wconf 83' lang='grc' dir='ltr'><strong>ἐγὼ</strong></span> <span class='ocrx_word' id='word_1_708' title='bbox 3494 3818 3574 3883; x_wconf 85' lang='grc' dir='ltr'>δὲ,</span> <span class='ocrx_word' id='word_1_709' title='bbox 3606 3820 3718 3883; x_wconf 85' lang='grc' dir='ltr'>τοῖς</span> 
     </span>
    </p>
   </div>
   <div class='ocr_carea' id='block_1_98' title="bbox 2141 3906 3719 3981">
    <p class='ocr_par' dir='ltr' id='par_1_98' title="bbox 2141 3906 3719 3981">
     <span class='ocr_line' id='line_1_100' title="bbox 2141 3906 3719 3981; baseline -0.004 -17"><span class='ocrx_word' id='word_1_710' title='bbox 2141 3911 2350 3981; x_wconf 88' lang='grc' dir='ltr'>νοεροῖς</span> <span class='ocrx_word' id='word_1_711' title='bbox 2377 3908 2590 3980; x_wconf 78' lang='grc' dir='ltr'>δμμασι</span> <span class='ocrx_word' id='word_1_712' title='bbox 2616 3907 2677 3960; x_wconf 87' lang='grc' dir='ltr'>τὸ</span> <span class='ocrx_word' id='word_1_713' title='bbox 2706 3906 2885 3977; x_wconf 88' lang='grc' dir='ltr'>τίμιον</span> <span class='ocrx_word' id='word_1_714' title='bbox 2927 3907 3109 3960; x_wconf 86' lang='grc' dir='ltr'>αὐτῶν</span> <span class='ocrx_word' id='word_1_715' title='bbox 3134 3908 3229 3960; x_wconf 75' lang='grc' dir='ltr'><strong>καὶ</strong></span> <span class='ocrx_word' id='word_1_716' title='bbox 3260 3906 3594 3976; x_wconf 83' lang='grc' dir='ltr'>περικαλλὲς</span> <span class='ocrx_word' id='word_1_717' title='bbox 3622 3926 3719 3962; x_wconf 84' lang='grc' dir='ltr'>κα-</span> 
     </span>
    </p>
   </div>
   <div class='ocr_carea' id='block_1_99' title="bbox 2140 3998 3717 4074">
    <p class='ocr_par' dir='ltr' id='par_1_99' title="bbox 2140 3998 3717 4074">
     <span class='ocr_line' id='line_1_101' title="bbox 2140 3998 3717 4074; baseline -0.002 -18"><span class='ocrx_word' id='word_1_718' title='bbox 2140 4002 2412 4074; x_wconf 82' lang='grc' dir='ltr'>τανοήσας</span> <span class='ocrx_word' id='word_1_719' title='bbox 2458 3999 2567 4054; x_wconf 92' lang='grc' dir='ltr'><strong>τῶν</strong></span> <span class='ocrx_word' id='word_1_720' title='bbox 2605 3999 2816 4070; x_wconf 72' lang='grc' dir='ltr'>ψυχῶν,</span> <span class='ocrx_word' id='word_1_721' title='bbox 2864 3998 3222 4071; x_wconf 85' lang='grc' dir='ltr'>ὲνεδοξάσθην</span> <span class='ocrx_word' id='word_1_722' title='bbox 3259 3998 3361 4069; x_wconf 78' lang='grc' dir='ltr'>μὲν</span> <span class='ocrx_word' id='word_1_723' title='bbox 3391 4001 3454 4067; x_wconf 84' lang='grc' dir='ltr'><strong>τῇ</strong></span> <span class='ocrx_word' id='word_1_724' title='bbox 3506 4000 3717 4053; x_wconf 74' lang='grc' dir='ltr'>τούτων</span> 
     </span>
    </p>
   </div>
   <div class='ocr_carea' id='block_1_100' title="bbox 2142 4091 3719 4167">
    <p class='ocr_par' dir='ltr' id='par_1_100' title="bbox 2142 4091 3719 4167">
     <span class='ocr_line' id='line_1_102' title="bbox 2142 4091 3719 4167; baseline -0.001 -20"><span class='ocrx_word' id='word_1_725' title='bbox 2142 4093 2523 4167; x_wconf 71' lang='grc' dir='ltr'>προσψαύσει,</span> <span class='ocrx_word' id='word_1_726' title='bbox 2563 4092 2762 4155; x_wconf 83' lang='grc' dir='ltr'>παντὸς</span> <span class='ocrx_word' id='word_1_727' title='bbox 2804 4091 2861 4145; x_wconf 84' lang='grc' dir='ltr'>δὲ</span> <span class='ocrx_word' id='word_1_728' title='bbox 2903 4093 3171 4160; x_wconf 85' lang='grc' dir='ltr'>στεφάνου</span> <span class='ocrx_word' id='word_1_729' title='bbox 3213 4094 3304 4145; x_wconf 80' lang='grc' dir='ltr'>καὶ</span> <span class='ocrx_word' id='word_1_730' title='bbox 3342 4091 3527 4162; x_wconf 79' lang='grc' dir='ltr'>πάσης</span> <span class='ocrx_word' id='word_1_731' title='bbox 3562 4092 3719 4162; x_wconf 81' lang='grc' dir='ltr'>βασι-</span> 
     </span>
    </p>
   </div>
   <div class='ocr_carea' id='block_1_101' title="bbox 2142 4184 3715 4262">
    <p class='ocr_par' dir='ltr' id='par_1_101' title="bbox 2142 4184 3715 4262">
     <span class='ocr_line' id='line_1_103' title="bbox 2142 4184 3715 4262; baseline -0.003 -20"><span class='ocrx_word' id='word_1_732' title='bbox 2142 4189 2302 4259; x_wconf 79' lang='grc' dir='ltr'>λικῆς</span> <span class='ocrx_word' id='word_1_733' title='bbox 2365 4186 2679 4258; x_wconf 84' lang='grc' dir='ltr'>ἁλουργίδος</span> <span class='ocrx_word' id='word_1_734' title='bbox 2722 4185 3095 4256; x_wconf 78' lang='grc' dir='ltr'>τιμιωτέρους</span> <span class='ocrx_word' id='word_1_735' title='bbox 3142 4186 3340 4250; x_wconf 77' lang='grc' dir='ltr'>αὐτοὺς</span> <span class='ocrx_word' id='word_1_736' title='bbox 3393 4184 3715 4262; x_wconf 64' lang='grc' dir='ltr'>ἡγησάμην.</span> 
     </span>
    </p>
   </div>
   <div class='ocr_carea' id='block_1_102' title="bbox 2144 4271 3718 4348">
    <p class='ocr_par' dir='ltr' id='par_1_102' title="bbox 2144 4271 3718 4348">
     <span class='ocr_line' id='line_1_104' title="bbox 2144 4271 3718 4348; baseline 0.015 -25"><span class='ocrx_word' id='word_1_737' title='bbox 2144 4278 2331 4337; x_wconf 75' lang='grc' dir='ltr'>Οὖτως</span> <span class='ocrx_word' id='word_1_738' title='bbox 2370 4271 2463 4329; x_wconf 76' lang='grc' dir='ltr'>οὖν</span> <span class='ocrx_word' id='word_1_739' title='bbox 2496 4274 2695 4337; x_wconf 79' lang='grc' dir='ltr'>αὐτοὺς</span> <span class='ocrx_word' id='word_1_740' title='bbox 2720 4273 2945 4344; x_wconf 78' lang='grc' dir='ltr'>ᾔσχυνε,</span> <span class='ocrx_word' id='word_1_741' title='bbox 2977 4276 3072 4328; x_wconf 69' lang='grc' dir='ltr'>καὶ</span> <span class='ocrx_word' id='word_1_742' title='bbox 3096 4274 3305 4341; x_wconf 74' lang='grc' dir='ltr'>ἐδίδαξε</span> <span class='ocrx_word' id='word_1_743' title='bbox 3331 4275 3406 4348; x_wconf 83' lang='grc' dir='ltr'>μὴ</span> <span class='ocrx_word' id='word_1_744' title='bbox 3452 4277 3565 4339; x_wconf 77' lang='grc' dir='ltr'>τοῖς</span> <span class='ocrx_word' id='word_1_745' title='bbox 3590 4295 3718 4344; x_wconf 67' lang='grc' dir='ltr'><strong>φαι⁶</strong></span> 
     </span>
    </p>
   </div>
   <div class='ocr_carea' id='block_1_103' title="bbox 2143 4365 3717 4438">
    <p class='ocr_par' dir='ltr' id='par_1_103' title="bbox 2143 4365 3717 4438">
     <span class='ocr_line' id='line_1_105' title="bbox 2143 4365 3717 4438; baseline 0 -17"><span class='ocrx_word' id='word_1_746' title='bbox 2143 4368 2389 4438; x_wconf 82' lang='grc' dir='ltr'>νομένοις</span> <span class='ocrx_word' id='word_1_747' title='bbox 2417 4365 2749 4431; x_wconf 81' lang='grc' dir='ltr'>πλανᾶσθαι,</span> <span class='ocrx_word' id='word_1_748' title='bbox 2783 4365 2921 4418; x_wconf 82' lang='grc' dir='ltr'>ἀλλὰ</span> <span class='ocrx_word' id='word_1_749' title='bbox 2943 4367 3054 4428; x_wconf 86' lang='grc' dir='ltr'>τοῖς</span> <span class='ocrx_word' id='word_1_750' title='bbox 3076 4366 3388 4435; x_wconf 80' lang='grc' dir='ltr'>νοουμένοις</span> <span class='ocrx_word' id='word_1_751' title='bbox 3408 4365 3717 4436; x_wconf 80' lang='grc' dir='ltr'>προσέχειν.</span> 
     </span>
    </p>
   </div>
   <div class='ocr_carea' id='block_1_104' title="bbox 3496 4458 3721 4528">
    <p class='ocr_par' dir='ltr' id='par_1_104' title="bbox 3496 4458 3721 4528">
     <span class='ocr_line' id='line_1_106' title="bbox 3496 4458 3721 4528; baseline 0 -17"><span class='ocrx_word' id='word_1_752' title='bbox 3496 4458 3721 4528; x_wconf 81' lang='grc' dir='ltr'>βασιλέα</span> 
     </span>
    </p>
   </div>
   <div class='ocr_carea' id='block_1_105' title="bbox 2148 4535 3721 4620">
    <p class='ocr_par' dir='ltr' id='par_1_105' title="bbox 2148 4535 3721 4620">
     <span class='ocr_line' id='line_1_107' title="bbox 2148 4535 3721 4620; baseline -0.002 -17"><span class='ocrx_word' id='word_1_753' title='bbox 2148 4549 2243 4603; x_wconf 72' lang='grc' dir='ltr'>καὶ</span> <span class='ocrx_word' id='word_1_754' title='bbox 2274 4550 2339 4602; x_wconf 73' lang='grc' dir='ltr'>σὺ</span> <span class='ocrx_word' id='word_1_755' title='bbox 2375 4546 2705 4617; x_wconf 89' lang='grc' dir='ltr'>πεποίηκας,</span> <span class='ocrx_word' id='word_1_756' title='bbox 2752 4549 2818 4619; x_wconf 78' lang='grc' dir='ltr'><strong>τῇ</strong></span> <span class='ocrx_word' id='word_1_757' title='bbox 2862 4548 3041 4620; x_wconf 77' lang='grc' dir='ltr'><strong>ἀγαθῇ</strong></span> <span class='ocrx_word' id='word_1_758' title='bbox 3074 4549 3251 4602; x_wconf 80' lang='grc' dir='ltr'>ἑλπίδι</span> <span class='ocrx_word' id='word_1_759' title='bbox 3283 4535 3721 4619; x_wconf 74' lang='grc' dir='ltr'>προσδεξάμενός</span> 
     </span>
    </p>
   </div>
   <div class='ocr_carea' id='block_1_106' title="bbox 2150 4633 3720 4713">
    <p class='ocr_par' dir='ltr' id='par_1_106' title="bbox 2150 4633 3720 4713">
     <span class='ocr_line' id='line_1_108' title="bbox 2150 4633 3720 4713; baseline -0.001 -21"><span class='ocrx_word' id='word_1_760' title='bbox 2150 4658 2238 4713; x_wconf 87' lang='grc' dir='ltr'><strong>με,</strong></span> <span class='ocrx_word' id='word_1_761' title='bbox 2260 4635 2327 4712; x_wconf 78' lang='grc' dir='ltr'>ἧς</span> <span class='ocrx_word' id='word_1_762' title='bbox 2365 4638 2426 4692; x_wconf 82' lang='grc' dir='ltr'>οὐ</span> <span class='ocrx_word' id='word_1_763' title='bbox 2460 4637 2769 4709; x_wconf 80' lang='grc' dir='ltr'>ψευσθήσῃ,</span> <span class='ocrx_word' id='word_1_764' title='bbox 2817 4637 2892 4700; x_wconf 88' lang='grc' dir='ltr'>ὡς</span> <span class='ocrx_word' id='word_1_765' title='bbox 2923 4637 3099 4706; x_wconf 70' lang='grc' dir='ltr'>ἔγωγε</span> <span class='ocrx_word' id='word_1_766' title='bbox 3125 4633 3300 4709; x_wconf 79' lang='grc' dir='ltr'>οἶμαι.</span> <span class='ocrx_word' id='word_1_767' title='bbox 3339 4633 3477 4692; x_wconf 82' lang='grc' dir='ltr'>Είπε</span> <span class='ocrx_word' id='word_1_768' title='bbox 3506 4638 3563 4691; x_wconf 80' lang='grc' dir='ltr'>δὲ</span> <span class='ocrx_word' id='word_1_769' title='bbox 3584 4638 3720 4708; x_wconf 70' lang='grc' dir='ltr'>πρὸς</span> 
     </span>
    </p>
   </div>
   <div class='ocr_carea' id='block_1_107' title="bbox 2141 4728 3720 4802">
    <p class='ocr_par' dir='ltr' id='par_1_107' title="bbox 2141 4728 3720 4802">
     <span class='ocr_line' id='line_1_109' title="bbox 2141 4728 3720 4802; baseline -0.003 -14"><span class='ocrx_word' id='word_1_770' title='bbox 2141 4733 2304 4788; x_wconf 71' lang='grc' dir='ltr'>αὑτὸν</span> <span class='ocrx_word' id='word_1_771' title='bbox 2338 4733 2366 4785; x_wconf 88' lang='grc' dir='ltr'>ὁ</span> <span class='ocrx_word' id='word_1_772' title='bbox 2408 4733 2643 4801; x_wconf 83' lang='grc' dir='ltr'>Ἰωάσαφ</span> <span class='ocrx_word' id='word_1_773' title='bbox 2667 4748 2681 4761; x_wconf 89' lang='grc'><strong>·</strong></span> <span class='ocrx_word' id='word_1_774' title='bbox 2715 4730 2902 4785; x_wconf 82' lang='grc' dir='ltr'>Ταῦτα</span> <span class='ocrx_word' id='word_1_775' title='bbox 2936 4733 3032 4802; x_wconf 84' lang='grc' dir='ltr'>μὲν</span> <span class='ocrx_word' id='word_1_776' title='bbox 3054 4732 3117 4801; x_wconf 76' lang='grc' dir='ltr'><strong>δή</strong></span> <span class='ocrx_word' id='word_1_777' title='bbox 3149 4734 3326 4786; x_wconf 85' lang='grc' dir='ltr'>πάντα</span> <span class='ocrx_word' id='word_1_778' title='bbox 3352 4731 3531 4795; x_wconf 83' lang='grc' dir='ltr'>καλῶς</span> <span class='ocrx_word' id='word_1_779' title='bbox 3559 4728 3720 4794; x_wconf 73' lang='grc' dir='ltr'>εἶπας</span> 
     </span>
    </p>
   </div>
   <div class='ocr_carea' id='block_1_108' title="bbox 2144 4823 3719 4894">
    <p class='ocr_par' dir='ltr' id='par_1_108' title="bbox 2144 4823 3719 4894">
     <span class='ocr_line' id='line_1_110' title="bbox 2144 4823 3719 4894; baseline -0.001 -17"><span class='ocrx_word' id='word_1_780' title='bbox 2144 4825 2239 4877; x_wconf 75' lang='grc' dir='ltr'>καὶ</span> <span class='ocrx_word' id='word_1_781' title='bbox 2271 4823 2622 4894; x_wconf 74' lang='grc' dir='ltr'>εὖαρμὸστως</span> <span class='ocrx_word' id='word_1_782' title='bbox 2642 4839 2656 4853; x_wconf 73' lang='grc'><strong><em>⁸</em></strong></span> <span class='ocrx_word' id='word_1_783' title='bbox 2681 4823 2796 4878; x_wconf 85' lang='grc' dir='ltr'>ἀλλ’</span> <span class='ocrx_word' id='word_1_784' title='bbox 2828 4824 3004 4877; x_wconf 73' lang='grc' dir='ltr'>ἐκεῖνο</span> <span class='ocrx_word' id='word_1_785' title='bbox 3032 4823 3170 4876; x_wconf 83' lang='grc' dir='ltr'>θέλω</span> <span class='ocrx_word' id='word_1_786' title='bbox 3202 4823 3416 4892; x_wconf 83' lang='grc' dir='ltr'>μαθεῖν,</span> <span class='ocrx_word' id='word_1_787' title='bbox 3449 4823 3534 4884; x_wconf 85' lang='grc' dir='ltr'><strong>τίς</strong></span> <span class='ocrx_word' id='word_1_788' title='bbox 3568 4823 3719 4875; x_wconf 76' lang='grc' dir='ltr'>ἐστιν</span> 
     </span>
    </p>
   </div>
   <div class='ocr_carea' id='block_1_109' title="bbox 2146 4914 3719 4987">
    <p class='ocr_par' dir='ltr' id='par_1_109' title="bbox 2146 4914 3719 4987">
     <span class='ocr_line' id='line_1_111' title="bbox 2146 4914 3719 4987; baseline -0.002 -17"><span class='ocrx_word' id='word_1_789' title='bbox 2146 4918 2174 4970; x_wconf 88' lang='grc' dir='ltr'>ὁ</span> <span class='ocrx_word' id='word_1_790' title='bbox 2199 4917 2288 4979; x_wconf 86' lang='grc' dir='ltr'><strong>σὸς</strong></span> <span class='ocrx_word' id='word_1_791' title='bbox 2323 4914 2619 4987; x_wconf 85' lang='grc' dir='ltr'>Δεσπότης,</span> <span class='ocrx_word' id='word_1_792' title='bbox 2651 4916 2709 4968; x_wconf 87' lang='grc' dir='ltr'>ὃν</span> <span class='ocrx_word' id='word_1_793' title='bbox 2747 4917 2869 4969; x_wconf 72' lang='grc' dir='ltr'>κατ’</span> <span class='ocrx_word' id='word_1_794' title='bbox 2911 4915 3086 4987; x_wconf 82' lang='grc' dir='ltr'>ἀρχάς</span> <span class='ocrx_word' id='word_1_795' title='bbox 3127 4915 3221 4969; x_wconf 79' lang='grc' dir='ltr'>τοῦ</span> <span class='ocrx_word' id='word_1_796' title='bbox 3257 4915 3418 4985; x_wconf 76' lang='grc' dir='ltr'>λόγου</span> <span class='ocrx_word' id='word_1_797' title='bbox 3462 4916 3591 4985; x_wconf 74' lang='grc' dir='ltr'>περὶ</span> <span class='ocrx_word' id='word_1_798' title='bbox 3628 4915 3719 4967; x_wconf 75' lang='grc' dir='ltr'>τοῦ</span> 
     </span>
    </p>
   </div>
   <div class='ocr_carea' id='block_1_110' title="bbox 2152 5006 3186 5077">
    <p class='ocr_par' dir='ltr' id='par_1_110' title="bbox 2152 5006 3186 5077">
     <span class='ocr_line' id='line_1_112' title="bbox 2152 5006 3186 5077; baseline 0.003 -20"><span class='ocrx_word' id='word_1_799' title='bbox 2152 5006 2397 5077; x_wconf 85' lang='grc' dir='ltr'>σπορέως</span> <span class='ocrx_word' id='word_1_800' title='bbox 2426 5007 2636 5059; x_wconf 76' lang='grc' dir='ltr'>ἐκείνου</span> <span class='ocrx_word' id='word_1_801' title='bbox 2663 5007 2947 5077; x_wconf 82' lang='grc' dir='ltr'>εἰρηκέναι</span> <span class='ocrx_word' id='word_1_802' title='bbox 2979 5007 3186 5075; x_wconf 77' lang='grc' dir='ltr'>ἔλεγες.</span> 
     </span>
    </p>
   </div>
   <div class='ocr_carea' id='block_1_111' title="bbox 2208 5320 3733 5393">
    <p class='ocr_par' dir='ltr' id='par_1_111' title="bbox 2208 5320 3733 5393">
     <span class='ocr_line' id='line_1_113' title="bbox 2208 5320 3733 5393; baseline -0.004 -14"><span class='ocrx_word' id='word_1_803' title='bbox 2208 5326 2365 5379; x_wconf 81' lang='grc' dir='ltr'>ΚΕΦ.</span> <span class='ocrx_word' id='word_1_804' title='bbox 2394 5328 2465 5381; x_wconf 86' lang='grc' dir='ltr'><strong>Ζ’.</strong></span> <span class='ocrx_word' id='word_1_805' title='bbox 2497 5320 2663 5388; x_wconf 77' lang='grc' dir='ltr'>Αὖθις</span> <span class='ocrx_word' id='word_1_806' title='bbox 2684 5322 2776 5380; x_wconf 75' lang='grc' dir='ltr'>οὖν</span> <span class='ocrx_word' id='word_1_807' title='bbox 2799 5324 3083 5379; x_wconf 78' lang='grc' dir='ltr'>ἀναλαϐὼν</span> <span class='ocrx_word' id='word_1_808' title='bbox 3104 5326 3192 5379; x_wconf 72' lang='grc' dir='ltr'><strong>τὸν</strong></span> <span class='ocrx_word' id='word_1_809' title='bbox 3214 5326 3370 5393; x_wconf 71' lang='grc' dir='ltr'>λόγον</span> <span class='ocrx_word' id='word_1_810' title='bbox 3400 5327 3425 5379; x_wconf 78' lang='grc' dir='ltr'>ὁ</span> <span class='ocrx_word' id='word_1_811' title='bbox 3449 5320 3733 5393; x_wconf 81' lang='grc' dir='ltr'>Βαρλαὰμ,</span> 
     </span>
    </p>
   </div>
   <div class='ocr_carea' id='block_1_112' title="bbox 545 5506 2035 5586">
    <p class='ocr_par' dir='ltr' id='par_1_112' title="bbox 545 5507 2035 5586">
     <span class='ocr_line' id='line_1_114' title="bbox 545 5507 2035 5586; baseline -0.003 -13"><span class='ocrx_word' id='word_1_812' title='bbox 545 5518 656 5584; x_wconf 85' lang='lat'><strong>(9|)</strong></span> <span class='ocrx_word' id='word_1_813' title='bbox 685 5515 760 5586; x_wconf 76' lang='lat' dir='ltr'><strong>De</strong></span> <span class='ocrx_word' id='word_1_814' title='bbox 788 5514 1135 5586; x_wconf 83' lang='grc' dir='ltr'>περικεῖσθαι</span> <span class='ocrx_word' id='word_1_815' title='bbox 1163 5530 1227 5586; x_wconf 68' lang='grc' dir='ltr'><strong>τι,Δ</strong></span> <span class='ocrx_word' id='word_1_816' title='bbox 1247 5511 1431 5567; x_wconf 89' lang='lat' dir='ltr'><strong>notavi</strong></span> <span class='ocrx_word' id='word_1_817' title='bbox 1463 5509 1515 5586; x_wconf 68' lang='lat' dir='ltr'><strong>in</strong></span> <span class='ocrx_word' id='word_1_818' title='bbox 1544 5507 1880 5586; x_wconf 43' lang='grc' dir='ltr'><strong>Νοιίιηιιιεεἶ</strong></span> <span class='ocrx_word' id='word_1_819' title='bbox 1908 5521 2035 5568; x_wconf 87' lang='lat' dir='ltr'><strong>tom.</strong></span> 
     </span>
    </p>
   </div>
   <div class='ocr_carea' id='block_1_113' title="bbox 2133 5506 3720 5586">
    <p class='ocr_par' dir='ltr' id='par_1_113' title="bbox 2142 5506 3720 5586">
     <span class='ocr_line' id='line_1_115' title="bbox 2142 5506 3720 5586; baseline -0.005 -21"><span class='ocrx_word' id='word_1_820' title='bbox 2142 5551 2163 5586; x_wconf 90' lang='lat'><strong>,_</strong></span> <span class='ocrx_word' id='word_1_821' title='bbox 2204 5526 2264 5577; x_wconf 87' lang='grc' dir='ltr'><strong>ιι,</strong></span> <span class='ocrx_word' id='word_1_822' title='bbox 2314 5527 2404 5581; x_wconf 84' lang='lat' dir='ltr'><strong>pp.</strong></span> <span class='ocrx_word' id='word_1_823' title='bbox 2434 5509 2723 5586; x_wconf 32' lang='lat' dir='ltr'><strong>29‘etlﬁil.</strong></span> <span class='ocrx_word' id='word_1_824' title='bbox 2750 5507 2988 5586; x_wconf 32' lang='lat' dir='ltr'><strong>Jo‘anpes</strong></span> <span class='ocrx_word' id='word_1_825' title='bbox 3015 5506 3371 5586; x_wconf 62' lang='lat' dir='ltr'><strong>fibrys.p.l_6</strong></span> <span class='ocrx_word' id='word_1_826' title='bbox 3388 5508 3563 5586; x_wconf 79' lang='lat' dir='ltr'><strong>Col_el.</strong></span> <span class='ocrx_word' id='word_1_827' title='bbox 3589 5522 3601 5557; x_wconf 93' lang='lat'><strong>:</strong></span> <span class='ocrx_word' id='word_1_828' title='bbox 3625 5507 3720 5586; x_wconf 66' lang='grc' dir='ltr'><strong>βαι</strong></span> 
     </span>
    </p>
   </div>
   <div class='ocr_carea' id='block_1_114' title="bbox 475 5578 2035 5655">
    <p class='ocr_par' dir='ltr' id='par_1_114' title="bbox 475 5578 2002 5655">
     <span class='ocr_line' id='line_1_116' title="bbox 475 5578 2002 5655; baseline -0.004 -13"><span class='ocrx_word' id='word_1_829' title='bbox 475 5578 657 5650; x_wconf 71' lang='grc' dir='ltr'>σιλευς</span> <span class='ocrx_word' id='word_1_830' title='bbox 684 5583 753 5654; x_wconf 78' lang='grc' dir='ltr'>εἷ,</span> <span class='ocrx_word' id='word_1_831' title='bbox 778 5578 1072 5655; x_wconf 75' lang='grc' dir='ltr'>διαδήματι</span> <span class='ocrx_word' id='word_1_832' title='bbox 1102 5579 1599 5655; x_wconf 23' lang='grc' dir='ltr'>περίκεισαξμίηιιρ</span> <span class='ocrx_word' id='word_1_833' title='bbox 1633 5580 2002 5655; x_wconf 68' lang='lat' dir='ltr'><strong>scribendum,</strong></span> 
     </span>
    </p>
   </div>
   <div class='ocr_carea' id='block_1_115' title="bbox 2133 5578 3720 5655">
    <p class='ocr_par' dir='ltr' id='par_1_115' title="bbox 2133 5578 3720 5655">
     <span class='ocr_line' id='line_1_117' title="bbox 2133 5578 3720 5655; baseline -0.004 -21"><span class='ocrx_word' id='word_1_834' title='bbox 2133 5584 2292 5653; x_wconf 85' lang='grc' dir='ltr'>ιδημα</span> <span class='ocrx_word' id='word_1_835' title='bbox 2315 5578 2446 5655; x_wconf 69' lang='grc' dir='ltr'>περ.</span> <span class='ocrx_word' id='word_1_836' title='bbox 2500 5579 2755 5655; x_wconf 70' lang='lat' dir='ltr'><strong>Displicet</strong></span> <span class='ocrx_word' id='word_1_837' title='bbox 2798 5578 3037 5655; x_wconf 59' lang='grc' dir='ltr'>διάδημά</span> <span class='ocrx_word' id='word_1_838' title='bbox 3065 5578 3141 5655; x_wconf 25' lang='grc' dir='ltr'><strong>τιί</strong></span> <span class='ocrx_word' id='word_1_839' title='bbox 3162 5596 3286 5655; x_wconf 27' lang='grc' dir='ltr'>περ..</span> <span class='ocrx_word' id='word_1_840' title='bbox 3305 5578 3457 5655; x_wconf 61' lang='grc' dir='ltr'><strong>⁸Ιρειξ⁸</strong></span> <span class='ocrx_word' id='word_1_841' title='bbox 3484 5578 3720 5655; x_wconf 44' lang='lat' dir='ltr'><strong>lion);th</strong></span> 
     </span>
    </p>
   </div>
   <div class='ocr_carea' id='block_1_116' title="bbox 475 5646 2035 5726">
    <p class='ocr_par' dir='ltr' id='par_1_116' title="bbox 475 5646 2035 5726">
     <span class='ocr_line' id='line_1_118' title="bbox 475 5646 2035 5726; baseline -0.003 -16"><span class='ocrx_word' id='word_1_842' title='bbox 475 5659 533 5710; x_wconf 80' lang='lat' dir='ltr'><strong>S.</strong></span> <span class='ocrx_word' id='word_1_843' title='bbox 568 5646 813 5722; x_wconf 43' lang='lat' dir='ltr'><strong>Lu&#39;mit&#39;ta,</strong></span> <span class='ocrx_word' id='word_1_844' title='bbox 846 5673 897 5724; x_wconf 75' lang='grc' dir='ltr'>ν.</span> <span class='ocrx_word' id='word_1_845' title='bbox 922 5646 1049 5726; x_wconf 59' lang='grc' dir='ltr'><strong>ἶξζζὸ,</strong></span> <span class='ocrx_word' id='word_1_846' title='bbox 1078 5646 1320 5707; x_wconf 61' lang='grc' dir='ltr'>(ἐοὼιωί.</span> <span class='ocrx_word' id='word_1_847' title='bbox 1351 5672 1363 5705; x_wconf 91' lang='lat'><strong><em>:</em></strong></span> <span class='ocrx_word' id='word_1_848' title='bbox 1398 5651 1506 5726; x_wconf 78' lang='grc' dir='ltr'><strong>Τὴν</strong></span> <span class='ocrx_word' id='word_1_849' title='bbox 1536 5649 1715 5726; x_wconf 71' lang='grc' dir='ltr'>σάρκα</span> <span class='ocrx_word' id='word_1_850' title='bbox 1743 5652 1867 5726; x_wconf 76' lang='grc' dir='ltr'>είκῆ</span> <span class='ocrx_word' id='word_1_851' title='bbox 1892 5646 2035 5726; x_wconf 78' lang='grc' dir='ltr'>περι</span> 
     </span>
    </p>
   </div>
   <div class='ocr_carea' id='block_1_117' title="bbox 2133 5646 3719 5726">
    <p class='ocr_par' dir='ltr' id='par_1_117' title="bbox 2133 5646 3719 5723">
     <span class='ocr_line' id='line_1_119' title="bbox 2133 5646 3719 5723; baseline -0.005 -17"><span class='ocrx_word' id='word_1_852' title='bbox 2133 5646 2306 5723; x_wconf 65' lang='grc' dir='ltr'>μενον.</span> <span class='ocrx_word' id='word_1_853' title='bbox 2335 5646 2542 5707; x_wconf 74' lang='lat' dir='ltr'><strong>Rursus</strong></span> <span class='ocrx_word' id='word_1_854' title='bbox 2576 5650 2787 5705; x_wconf 75' lang='lat' dir='ltr'><strong>llomm.</strong></span> <span class='ocrx_word' id='word_1_855' title='bbox 2828 5665 2856 5704; x_wconf 91' lang='lat' dir='ltr'><strong>a</strong></span> <span class='ocrx_word' id='word_1_856' title='bbox 2888 5646 3162 5705; x_wconf 61' lang='lat' dir='ltr'><strong>MillllliL‘lO</strong></span> <span class='ocrx_word' id='word_1_857' title='bbox 3189 5646 3415 5705; x_wconf 42' lang='lat' dir='ltr'><strong>cililis&#39;t.</strong></span> <span class='ocrx_word' id='word_1_858' title='bbox 3441 5646 3480 5713; x_wconf 87' lang='grc' dir='ltr'>Ι,</span> <span class='ocrx_word' id='word_1_859' title='bbox 3519 5662 3572 5715; x_wconf 91' lang='lat' dir='ltr'><strong>p.</strong></span> <span class='ocrx_word' id='word_1_860' title='bbox 3612 5646 3719 5702; x_wconf 84' lang='lat'><strong>80:</strong></span> 
     </span>
    </p>
   </div>
   <div class='ocr_carea' id='block_1_118' title="bbox 477 5723 1935 5800">
    <p class='ocr_par' dir='ltr' id='par_1_118' title="bbox 477 5723 1935 5800">
     <span class='ocr_line' id='line_1_120' title="bbox 477 5723 1935 5800; baseline -0.003 -17"><span class='ocrx_word' id='word_1_861' title='bbox 477 5727 557 5800; x_wconf 75' lang='grc' dir='ltr'><strong>Τῇ</strong></span> <span class='ocrx_word' id='word_1_862' title='bbox 587 5730 730 5799; x_wconf 73' lang='grc' dir='ltr'>χειρὶ</span> <span class='ocrx_word' id='word_1_863' title='bbox 755 5729 819 5798; x_wconf 79' lang='grc' dir='ltr'><strong>τῇ</strong></span> <span class='ocrx_word' id='word_1_864' title='bbox 847 5728 944 5796; x_wconf 76' lang='grc' dir='ltr'>τὴν</span> <span class='ocrx_word' id='word_1_865' title='bbox 967 5724 1156 5777; x_wconf 80' lang='grc' dir='ltr'>ἂλυσιν</span> <span class='ocrx_word' id='word_1_866' title='bbox 1190 5724 1550 5793; x_wconf 82' lang='grc' dir='ltr'>περικειμένῃ</span> <span class='ocrx_word' id='word_1_867' title='bbox 1575 5738 1586 5751; x_wconf 90' lang='grc'><strong>·</strong></span> <span class='ocrx_word' id='word_1_868' title='bbox 1627 5723 1714 5777; x_wconf 85' lang='lat' dir='ltr'><strong>ubi</strong></span> <span class='ocrx_word' id='word_1_869' title='bbox 1742 5724 1935 5779; x_wconf 79' lang='lat' dir='ltr'><strong>editor.</strong></span> 
     </span>
    </p>
   </div>
  </div>
