3994 6350
440 386 537 451 911

1846 336 2215 415 ADDENDA.

3575 372 3682 434 912

441 487 558 557 ipso
598 490 974 555 promanarunt
1021 478 1325 534 transmissa
1358 478 1575 545 pietate,
1624 487 1717 527 eos
1770 469 1879 524 veri
1910 468 2001 522 Dei

2120 474 2168 525 τὸ
2198 473 2421 544 σπέρμα
2457 476 2623 529 αὑτοῦ
2667 475 2842 530 ἐλθεῖν
2886 476 2914 527 6
2961 473 3239 544 Δεσπότης
3274 472 3560 545 εὐδόκησε,
3592 477 3689 528 xui

441 574 743 646 cognitione
786 572 1052 629 instruxit.
1094 570 1328 636 Eamque
1368 567 1437 621 ob
1471 566 1693 620 causam
1747 561 2004 615 Dominus

414 678 625 724 semen
678 668 843 735 ipsius
911 663 962 717 in
1030 662 1286 716 infinitam
1361 659 1751 713 multitudinem
1822 668 2005 709 excre-

440 762 594 813 scet'e
622 755 809 820 voluit,
840 754 1199 823 populumque
1247 750 1348 805 sibi
1377 751 1698 819 peculiarem
1726 746 2009 816 appeilavit

444 844 594 916 (Gen.
642 858 743 907 xv;
772 841 801 895 ι
846 840 963 895 Pet.
998 840 1098 909 tt);
1146 855 1345 910 eosque
1405 836 1665 908 Egyptize
1706 837 1901 906 gentis,
1946 847 2009 888 ac

446 934 651 1006 tyranni
673 933 964 989 Pharaonis
994 932 1248 987 servitute
1274 944 1508 1000 pressus,
1538 928 1696 983 editis
1725 925 2008 981 horrendis

446 1035 602 1095 atque
630 1026 955 1081 admirandis
996 1024 1163 1093 signis
1207 1031 1261 1077 et
1312 1022 1560 1091 prodigiis
1585 1035 1680 1089 per
1709 1019 1925 1089 Moysen
1955 1025 2012 1073 et

447 1117 737 1181 Aaronem,
786 1117 931 1170 viros
964 1123 1173 1168 snnctos
1203 1129 1263 1169 ac
1304 1111 1596 1182 prepbetim
1628 1112 1770 1165 dono
1819 1109 2011 1179 praedi-

449 1217 551 1274 tos,
580 1207 758 1260 eduxit
784 1204 978 1275 (Exodi
1007 1206 1121 1274 xv).
1164 1205 1398 1271 Quorum
1441 1202 1600 1257 etiam
1631 1215 1794 1270 opera
1843 1199 2013 1270 Egy-

445 1299 600 1363 ptios.
634 1311 730 1366 pro
770 1312 839 1351 eo
865 1293 1026 1365 atque
1071 1295 1305 1365 ipsorum
1338 1293 1648 1362 improbitas
1687 1292 2012 1354 merebatur,

441 1388 801 1451 excrucia‘vit;
832 1394 891 1442 et
921 1386 1188 1441 Israelitas
1216 1386 1319 1454 (sic
1355 1384 1496 1439 enim
1535 1384 1760 1453 populus
1788 1382 1897 1447 ille,
1923 1382 2015 1451 qui

443 1477 511 1531 ab
536 1478 839 1532 A'braliamo
885 1487 1060 1531 ortum
1103 1476 1273 1542 duxit,
1307 1475 1621 1540 vocabatur)
1669 1475 1825 1528 siccis
1863 1472 2014 1542 pedi-

445 1569 541 1621 bus
574 1584 668 1637 per
697 1568 937 1623 Rubrum
984 1583 1148 1633 mare,
1175 1570 1357 1622 scissis
1382 1566 1632 1621 videlicet
1657 1566 1827 1632 aquis,
1858 1574 2019 1632 atque

446 1670 555 1714 tum
580 1675 608 1713 a
639 1661 821 1714 dextra
844 1670 955 1714 tum
980 1676 1007 1713 a
1038 1661 1251 1713 sinistra
1282 1659 1419 1713 muri
1449 1659 1617 1713 instar
1654 1655 1877 1719 eti'ectis,
1911 1664 2016 1709 tra-

443 1748 590 1818 jecit.
622 1748 753 1803 Cum
784 1758 960 1802 autem
992 1747 1197 1802 Pharao
1224 1757 1277 1802 et
1306 1746 1541 1817 Egyptii
1571 1760 1603 1800 a
1643 1753 1789 1809 tergo
1817 1759 1909 1799 eos
1933 1758 2015 1799 sc-

446 1851 757 1908 querentur,
790 1853 1022 1894 reversm
1046 1855 1196 1910 aqua:
1222 1854 1314 1894 eos
1340 1853 1559 1908 prorsus
1586 1837 1915 1892 deleverunt.
1941 1839 2015 1891 At:

2120 1838 2307 1909 γαγὼν
2335 1840 2426 1893 τὸν
2470 1839 2596 1893 λαὸν
2624 1841 2684 1893 ἐν
2713 1842 2778 1910 τῇ
2813 1840 3005 1911 ἐρήμῳ
3038 1840 3132 1891 xui
3170 1838 3319 1909 ἄρτῳ
3348 1839 3588 1909 οὐρανίῳ
3614 1840 3695 1892 δι·
3794 1874 3795 1877 η

452 1941 659 2000 postea,
690 1945 809 1985 cum
864 1945 956 1999 per
979 1930 1207 1984 maxima
1246 1930 1499 1985 miracula
1549 1928 1861 1997 divinosque
1890 1942 2014 1995 pro-

452 2029 666 2090 spectus
713 2020 1057 2091 quadraginta
1088 2035 1344 2076 annorum
1376 2022 1545 2089 spatio
1576 2019 1823 2089 populutn
1854 2018 1904 2072 in
1926 2018 2019 2074 de-

448 2121 592 2167 serto
620 2111 926 2178 deduceret,
955 2126 1018 2166 ac
1045 2110 1248 2167 caelesti
1282 2124 1417 2181 pane
1461 2127 1582 2165 eum
1628 2112 1816 2174 aleret,
1847 2110 2017 2179 legem

448 2201 592 2270 (qua:
621 2201 913 2256 futurorum
948 2211 1102 2272 typus
1153 2212 1311 2271 atque
1347 2200 1682 2257 adumbratio
1723 2202 1859 2270 erat)
1892 2201 2021 2269 lapi-

450 2291 564 2347 deis
625 2293 822 2348 tabulis
871 2292 1125 2348 divinitus
1183 2293 1495 2362 inscriptam
1555 2292 1739 2357 dedit,
1798 2305 2021 2361 eamque

453 2383 619 2454 Moysi
652 2386 705 2439 in
759 2395 939 2441 monte
987 2386 1168 2441 tribuit
1198 2386 1394 2455 (Exodi
1421 2385 1601 2455 xxxt).
1652 2386 1780 2452 Qum
1805 2385 2019 2454 quidem

455 2474 524 2528 ab
549 2476 799 2530 omnibus
827 2475 1131 2530 simulacris
1153 2484 1208 2530 et
1229 2476 1505 2546 ﬂagitiosis
1529 2476 1825 2531 actionibus
1854 2473 2022 2529 abdu-

452 2563 631 2631 cebat,
661 2565 935 2635 soluutque
962 2581 1144 2621 verum
1192 2566 1358 2621 Deum
1388 2567 1631 2621 venerari
1657 2564 1904 2621 docebat.
1932 2566 2022 2623 Sic

456 2653 613 2721 igitur
641 2668 735 2721 per
764 2654 993 2724 ingentia
1037 2655 1290 2711 miracula
1321 2657 1466 2725 ipsos
1515 2658 1570 2711 in
1612 2657 1804 2711 bonam
1836 2671 2023 2727 quam-

452 2744 576 2795 dam
607 2750 802 2797 terram
827 2744 1234 2815 induxit,'quam
1256 2746 1381 2801 olim
1411 2748 1728 2816 patriarcha:
1750 2747 1822 2802 iiii
1848 2749 2019 2807 Abra-

456 2829 614 2886 lramo
642 2845 701 2887 se
747 2834 913 2903 ipsius
940 2830 1128 2890 semini
1160 2835 1405 2892 daturum
1447 2850 1736 2907 receperat.
1788 2836 1865 2893 Ac
1906 2839 2021 2893 lon-

455 2935 579 2989 gum
614 2931 759 2978 esset
807 2938 1230 2982 commemorare
1269 2939 1397 2997 quot
1439 2943 1705 2999 quamque
1750 2943 1936 2996 magna
1968 2936 2023 2983 et

455 3011 768 3068 admiranda
798 3022 854 3069 et
897 3014 1122 3071 illustria
1152 3027 1312 3087 atque
1356 3019 1550 3073 eximia
1592 3018 1867 3082 beneﬁcia,
1900 3032 2021 3087 qua

2113 564 2239 617 λαὸν
2283 565 2597 637 περιούσιον
2647 568 2798 637 αὐτῷ
2850 568 3126 636 ὠνόμασε,
3185 566 3281 619 xui
3317 565 3689 631 δουλωθέντας

2112 656 2311 719 αὐτοὺς
2336 656 2477 710 ἔθνει
2511 658 2792 727 Αἰγυπτίῳ
2822 659 2916 711 καὶ
2942 657 3143 729 Φαραῷ
3171 674 3276 710 τινι
3305 658 3558 727 τυράννῳ
3588 675 3692 725 σησ-

2116 746 2290 815 μείοις
2323 750 2419 802 καὶ
2460 749 2653 817 τέρασι
2698 751 2949 821 φρικτοϊς
2981 750 3075 802 xui
3105 747 3365 813 ἐξαισίοις
3415 748 3674 817 ἐξὴγαγει

2111 839 2320 892 ἐκεῖθεν
2347 839 2435 893 διὰ
2464 842 2706 904 Μωσέως
2738 842 2831 894 xui
2871 840 3105 912 Ἀαρὼν,
3146 841 3359 910 ἀνδρῶν
3396 842 3569 910 ἁγίων
3594 846 3681 894 xu‘

2112 929 2297 1001 χάριτι
2347 931 2689 1002 προφητείας
2743 932 3147 998 δοξασθέντωνο
3200 932 3269 985 δι’
3305 925 3381 985 ὧν
3424 933 3518 984 xui
3558 934 3681 997 rebs

2114 1021 2445 1088 Αἰγυπτίους
2472 1023 2730 1076 ἐκόλασεν
2758 1021 2923 1086 ἀξίως
2947 1022 3049 1092 τῆς
3070 1021 3250 1075 αὐτῶν
3282 1024 3567 1091 πονηρίας,
3594 1040 3688 1075 xu.

2111 1113 2240 1176 τοὺς
2282 1113 2622 1183 Ἰσραηλίτας
2675 1112 2853 1184 (οὕτω
2901 1113 3010 1184 γάρ
3059 1115 3087 1166 6
3132 1113 3260 1175 λαὸς
3289 1114 3496 1175 ἐκεῖνος
3524 1116 3553 1165 6
3591 1112 3689 1168 τοῦ

2126 1199 2378 1271 Ἀϐραάμ
2420 1202 2685 1271 ἀπόγονος
2727 1203 3025 1274 ἐκέκλητο)
3058 1203 3147 1256 διὰ
3181 1202 3353 1274 ξηρᾶς
3381 1203 3482 1273 τὴν
3528 1204 3686 1273 Ἐρυ-

2114 1290 2249 1360 θράν
2281 1291 2556 1347 θάλασσαν
2612 1294 2861 1364 διήγαγε,
2890 1294 3313 1363 διασχισθέντων
3340 1296 3449 1347 τῶν
3480 1296 3696 1348 ὑδάτων

2114 1386 2208 1437 xui
2231 1387 2412 1454 τεῖχος
2446 1386 2511 1439 ἐκ
2548 1384 2739 1452 δεξιῶν
2776 1387 2869 1440 xui
2900 1390 3077 1457 τεῖχος
3104 1386 3163 1451 ἐξ
3194 1386 3492 1457 εὐωνύμων
3526 1404 3695 1456 γεγε-

2114 1475 2365 1546 νημένων
2393 1475 2471 1544 (8)
2498 1490 2511 1505 '
2545 1474 2637 1528 τοῦ
2664 1476 2721 1527 δὲ
2746 1474 2946 1544 Φαραὼ
2969 1476 3065 1528 xui
3094 1473 3203 1527 τῶν
3226 1474 3544 1533 Αἰγυπτίων
3567 1475 3696 1527 κατ’

2115 1566 2259 1635 ἴχνος
2282 1566 2463 1619 αὐτῶν
2505 1565 2879 1630 εἰσελθόντων,
2910 1567 3403 1636 ὲπαναστραφέντα
3435 1567 3507 1619 τὰ
3524 1567 3697 1620 ὕδατα

2115 1656 2285 1728 ἄρδην
2338 1659 2534 1721 αὐτοὺς
2586 1657 2890 1711 ἀπώλεσεν.
2935 1657 3036 1727 51
3081 1655 3215 1710 Εἶτα
3245 1657 3490 1727 θαύμασι
3538 1660 3698 1727 μεγί-

2117 1765 2263 1812 στοις
2288 1749 2382 1801 καὶ
2407 1747 2748 1817 θεοφανείαις
2776 1748 2869 1800 ἐπὶ
2901 1742 3115 1819 χρόνοις
3140 1748 3552 1819 τεσσαράκοντα
3578 1748 3696 1801 διαο

2117 1931 2388 2003 ατρέφων,
2413 1931 2575 2000 νόμον
2591 1930 2789 1984 δέδωκε
2811 1930 2972 1995 πλαξὶ
2991 1930 3216 1993 λιθίναις
3237 1930 3420 1983 θεόθεν
3441 1946 3695 2000 γεγραμ-

2121 2023 2302 2095 μένον,
2332 2023 2501 2093 ὃνπερ
2545 2021 2848 2092 ἐνεχείρισε
2895 2021 2975 2091 τῷ
3012 2022 3201 2074 Μωσεῖ
3246 2020 3340 2074 ἐπὶ
3385 2020 3479 2072 τοῦ
3508 2021 3692 2091 ὄρους,

2116 2114 2285 2168 τύπον
2328 2114 2459 2167 ὄντα
2508 2113 2603 2167 xui
2645 2113 3014 2183 σκιαγραφίαν
3062 2111 3168 2165 τῶν
3222 2110 3548 2181 μελλόντων,
3580 2113 3695 2163 τῶν

2121 2203 2219 2269 μὲν
2255 2201 2488 2255 εἰδώλων
2542 2203 2638 2256 καὶ
2683 2202 2901 2254 πάντων
2941 2203 3051 2254 τῶν
3095 2202 3350 2271 πονηρῶν
3406 2204 3695 2272 ἀπάγοντα

2120 2295 2392 2367 πράξεων,
2437 2295 2598 2367 μόνον
2630 2294 2688 2347 δὲ
2721 2293 3041 2348 διδάσκοντα
3071 2294 3163 2347 τὸν
3195 2294 3364 2358 ὅντως
3393 2296 3522 2348 ὄντα
3558 2296 3696 2348 Θεὸν

2120 2370 2399 2452 σέϐεσθαι,
2441 2390 2538 2441 xui
2571 2388 2681 2441 τῶν
2724 2384 2945 2456 ἀγαθῶν
2982 2386 3159 2457 ἔργων
3189 2385 3530 2456 ἀντέχεσθαι.
3566 2388 3695 2439 Tot-

2119 2480 2312 2543 αὐταις
2351 2476 2462 2532 ὀὖν
2528 2478 2943 2550 τερατουργίαις
3005 2479 3300 2549 εἰσήγαγεν
3354 2477 3549 2539 αὐτοὺς
3613 2479 3697 2541 είς-

2118 2573 2331 2644 ἀγαθήν
2355 2589 2477 2624 τινα
2500 2572 2626 2641 γῆν,
2648 2571 2828 2641 ἥνπερ
2856 2569 3025 2623 πάλαι
3040 2568 3119 2639 τῷ
3147 2569 3465 2640 πατριάρχῃ
3497 2568 3697 2639 ἐκείνῳ

2131 2662 2383 2733 Ἀϐραὰμ
2417 2658 2787 2730 ἐπηγγείλατο
2830 2656 3025 2710 δώσειν
3061 2656 3229 2711 αὑτοῦ
3282 2658 3360 2729 τῷ
3393 2659 3693 2728 σπέρματι.

2119 2754 2227 2806 Καὶ
2264 2751 2475 2822 μακρὸν
2506 2751 2573 2805 ἂν
2618 2751 2705 2820 εἴη
2736 2748 3104 2821 διηγήσασθαι
3135 2750 3236 2802 ὅσα
3270 2751 3350 2813 είς
3377 2751 3580 2814 αὐτοὺς
3604 2752 3696 2803 ἐν·

2118 2842 2358 2909 εδείξατο
2396 2841 2609 2912 μεγάλα·
2637 2840 2733 2894 xui
2758 2840 3070 2909 θαυμαστὰ,
3110 2838 3299 2905 ἓνδοξά
3327 2856 3385 2892 τε
3416 2838 3514 2891 xui
3545 2840 3695 2906 ἐξαί-

2119 2955 2230 3004 σια,
2261 2930 2336 2991 ὧν
2356 2938 2466 2991 οὐκ
2497 2936 2649 2990 ’ἐστιν
2682 2933 2939 3006 ἀριθμὸς,
2980 2926 3148 2987 δι’ὦν
3176 2933 3397 2987 πάντων
3433 2932 3596 2986 τοῦτο
3625 2928 3696 3003 ἦν

2118 3030 2180 3083 τὸ
2238 3029 2677 3100 σπουδαζόμενον
2735 3032 2920 3098 πάσης
2974 3025 3215 3096 ἀθέσμου
3273 3025 3534 3097 λατρείας
3598 3027 3698 3079 xui

456 3118 738 3161 numerum
763 3121 973 3162 omnem
1001 3109 1284 3174 excedunt,
1317 3109 1371 3163 in
1415 3123 1509 3165 eos
1536 3110 1842 3165 contulerit.
1881 3110 2017 3177 Qui-

2122 3121 2375 3192 πράξεως
2422 3119 2485 3173 τὸ
2526 3119 2635 3172 τῶν
2667 3116 2974 3189 ἀνθρώπων
3016 3117 3336 3171 ἀποσπάσαι
3385 3118 3565 3185 γένος,
3600 3121 3697 3171 xui

455 3191 552 3249 bus
580 3196 823 3251 omnibus
853 3197 906 3252 id
944 3199 1215 3267 agebatur,
1265 3209 1320 3254 ut
1349 3200 1418 3256 ab
1466 3202 1609 3256 omni
1637 3201 1838 3257 nefario
1875 3201 2017 3257 cultu

2120 3180 2199 3275 είς
2225 3180 2326 3283 ⁸τὴν
2356 3180 2592 3284 ἀρχαίαν
2622 3180 2993 3279 ἐπαναγαγεῖν
3023 3210 3377 3263 κατάστασιν.
3397 3180 3579 3261 ⁷Ἀλλά
3602 3212 3699 3262 xui

455 3295 510 3339 et
553 3284 751 3357 ﬂagitio
770 3302 934 3357 genus
961 3288 1250 3345 humanum
1279 3292 1632 3356 abstraheret,
1659 3305 1819 3363 atque
1847 3295 1898 3349 in
1926 3310 2017 3352 ve-

458 3385 623 3430 terem
653 3385 847 3433 statum
875 3365 1172 3436 remearet.
1204 3381 1382 3436 Nihilo
1420 3385 1593 3438 secius
1634 3392 1807 3438 tamen
1847 3385 2016 3440 adhuc

458 3476 645 3522 natura
673 3476 852 3523 nostra
881 3471 1076 3525 erroris
1105 3470 1335 3525 libertati
1366 3472 1658 3538 serviebat,
1689 3488 1751 3527 ac
1781 3488 1876 3542 per
1896 3475 2019 3527 dia-

455 3555 562 3612 boli
596 3557 925 3628 tyrannidem
952 3573 1095 3615 mors
1122 3559 1173 3615 in
1205 3560 1448 3617 homines
1470 3576 1691 3632 regnum
1723 3562 2015 3630 obtinebat,

454 3658 746 3719 omnesque
768 3651 942 3707 divina
969 3652 1228 3707 sententia
1258 3652 1639 3708 condemnatos
1670 3654 1721 3708 in
1752 3654 2014 3709 inieruqu

456 3740 862 3799 transmittebat.
1722 3788 1727 3789 κ

524 3829 656 3886 Cum
688 3832 846 3902 igitur
869 3834 922 3890 in
966 3834 1224 3902 ejusmodi
1259 3835 1611 3892 calamitatem
1641 3853 1705 3893 ac
1730 3838 2018 3894 miseriam

466 3925 816 3990 venissemus,
850 3927 1068 3982 minime
1096 3941 1193 3982 nos
1216 3927 1459 3998 despexit
1495 3930 1539 3984 is
1564 3944 1593 3983 a
1620 3945 1725 3999 quo
1750 3929 1914 3986 eiticti
1941 3940 2018 3984 at-

456 4027 561 4081 que
592 4012 661 4068 -in
712 4024 888 4069 ortum
936 4017 1174 4085 producti
1216 4016 1516 4083 fueramus;
1566 4034 1737 4088 neque
1767 4034 2018 4076 manuum

454 4116 854 4175 suarum‘opus
884 4108 1118 4163 funditus
1150 4110 1323 4178 perire
1370 4110 1515 4164 sivit.
1550 4110 1743 4172 Verum
1793 4112 2018 4181 benigna

455 4192 549 4249 Dei
598 4208 661 4250 ac
688 4195 885 4253 Patris
934 4197 1207 4252 voluntate
1254 4199 1557 4268 unigenitus
1587 4200 1773 4262 Filius.
1830 4210 1884 4256 ct
1923 4203 2017 4257 Dei

455 4284 710 4351 Verbum,
743 4290 831 4357 qui
859 4298 943 4343 est
980 4287 1035 4342 in
1064 4289 1181 4342 sinu
1224 4289 1431 4352 Patris;
1464 4289 1570 4355 ille,
1613 4291 1847 4358 inquam,
1873 4292 2018 4362 ejus.

454 4374 578 4429 dem
612 4390 732 4431 cum
763 4376 921 4432 Patre
959 4391 1025 4431 ac
1067 4376 1266 4446 Spiritu
1319 4389 1506 4435 sancto
1544 4379 1877 4447 substantiae,
1929 4382 2025 4439 ille

453 4478 568 4519 τενο
612 4465 758 4521 omni
805 4466 1092 4535 antiquior,
1144 4466 1234 4523 ille
1283 4467 1529 4537 principii
1584 4483 1795 4537 expers,
1824 4473 1915 4541 qui
1956 4472 2016 4527 in

454 4551 714 4624 principio
756 4566 894 4623 erat,
921 4566 977 4613 et
1021 4558 1159 4628 apud
1202 4559 1370 4615 Deum
1412 4574 1476 4615 ac
1522 4559 1732 4616 Patrem
1779 4538 1915 4626 erat,
1963 4574 2019 4619 et
2047 4538 2090 4593 θ

455 4646 597 4707 Deus
626 4655 765 4712 erat,
792 4648 860 4703 ad
887 4663 1070 4704 servos
1105 4663 1232 4705 suos
1272 4649 1607 4721 indulgenter
1653 4666 1714 4707 se
1741 4652 2016 4720 demittit,-

449 4745 506 4792 et
532 4737 744 4807 quidem
773 4741 864 4803 ita,
892 4750 950 4794 ut
977 4740 1091 4795 haec
1116 4740 1371 4797 demissio
1399 4756 1498 4798 nec
1527 4745 1702 4800 verbis
1731 4736 2014 4811 declarari,

451 4838 548 4883 nec
564 4838 765 4885 menta
785 4828 1160 4899 comprehendi
1188 4831 1371 4899 possit.
1414 4831 1548 4885 Nam
1577 4848 1698 4888 cum
1728 4834 1868 4889 Deus
1898 4849 2016 4903 per-

450 4918 621 4973 fectus
656 4928 834 4986 esset,
866 4920 1130 4988 perfectus
1177 4922 1337 4976 homo
1383 4937 1450 4978 ex
1488 4922 1691 4993 Spiritu
1734 4934 1917 4979 sancto
1962 4937 2015 4979 ct

450 5020 635 5064 sancta
665 5009 823 5064 Maria
854 5009 1055 5080 virgine
1082 5009 1174 5066 Dei
1222 5010 1479 5080 genitrice
1520 5012 1768 5082 efﬁcitur,
1811 5028 1917 5069 non
1946 5027 2011 5070 ex

2117 3303 2196 3358 ἔτι
2216 3305 2284 3374 τῇ
2300 3302 2599 3373 αὐτονομίᾳ
2619 3302 2716 3371 τῆς
2741 3300 2948 3372 πλάνης
2970 3298 3252 3353 ἐδουλοῦτο
3270 3301 3302 3369 ὴ
3329 3299 3493 3369 φύσις
3513 3302 3545 3368 η
3557 3301 3694 3369 μῶν,

2119 3396 2211 3450 xui
2243 3394 2527 3448 ἐϐασίλευε
2558 3393 2667 3447 τῶν
2701 3391 3005 3463 ἀνθρώπιον
3044 3394 3072 3445 6
3096 3391 3357 3455 θάνατος,
3390 3395 3457 3461 τῇ
3488 3408 3696 3461 τυραν-

2119 3486 2222 3541 νίδι
2254 3485 2350 3539 τοῦ
2401 3483 2652 3539 διαϐόλου
2683 3482 2779 3538 xui
2804 3485 2869 3554 τῇ
2903 3481 3171 3554 καταδίκῃ
3202 3481 3297 3535 τοῦ
3332 3482 3462 3553 ᾅδου
3487 3483 3698 3547 πάντας

2120 3575 2531 3646 παραπέμπων.

2193 3846 2287 3907 Εἰς
2327 3844 2587 3917 τοιαύτην
2610 3842 2708 3899 οὖν
2737 3844 3023 3917 συμφορὰν
3055 3842 3147 3897 xui
3189 3840 3575 3911 ταλαιπωρίαν
3607 3839 3698 3892 ἐλ-

2123 3937 2312 4000 θόντας
2368 3937 2517 4007 ἡμᾶς
2550 3936 2612 3989 οὐ
2660 3934 2911 4006 παρεῖδεν
2955 3935 2984 3987 6
3016 3932 3231 3994 πλάσας
3267 3931 3363 3984 xui
3396 3931 3460 3983 ἐκ
3494 3930 3589 3983 τοῦ
3626 3929 3701 4000 μὴ

2121 4034 2272 4099 όντος
2302 4036 2382 4097 είς
2409 4033 2472 4086 τὸ
2500 4028 2637 4086 εἷναι
2665 4028 3028 4102 παραγαγὼν,
3058 4028 3181 4081 οὐδέ
3204 4025 3421 4095 ἀφῆκεν
3445 4027 3525 4087 είς
3544 4021 3701 4093 τέλος

2122 4119 2421 4183 ἀπολέσθαι
2457 4127 2523 4179 τὸ
2551 4125 2661 4179 τῶν
2687 4124 2887 4196 χειρῶν
2916 4120 3081 4175 αὐτοῦ
3123 4120 3306 4192 ἔργον,
3339 4117 3454 4172 ἀλλ’
3480 4115 3702 4186 εὐδοκία

2124 4220 2230 4291 52
2261 4218 2355 4273 τοῦ
2404 4216 2541 4271 Θεοῦ
2586 4216 2682 4269 xui
2729 4214 2944 4285 Πατρὸς
2970 4212 3065 4266 xui
3106 4210 3367 4281 συνεργίᾳ
3400 4207 3497 4261 τοῦ
3538 4208 3698 4275 ἁγίου

2123 4310 2463 4381 Πνεύματος,
2492 4309 2521 4360 6
2554 4305 2847 4377 μονογενὴς
2879 4304 3007 4367 Υίὸς
3042 4303 3138 4356 xui
3166 4302 3337 4369 Λόγος
3364 4299 3457 4352 τοῦ
3485 4298 3647 4359 Θεοῦ,
3671 4301 3698 4350 6

2121 4402 2199 4456 ὢν
2232 4402 2313 4465 είς
2358 4399 2449 4452 τὸν
2494 4397 2693 4452 κόλπον
2726 4394 2821 4448 τοῦ
2870 4392 3082 4463 Πατρὸς
3106 4392 3206 4463 (9),
3233 4393 3262 4444 6
3303 4388 3590 4460 ὁμοοὺσιος
3623 4386 3700 4455 τῷ

2110 4467 2299 4563 ¹Πατρὶ
2324 4492 2418 4545 xui
2438 4488 2518 4560 τῷ
2537 4488 2678 4558 ἁγίῳ
2707 4485 3005 4556 Πνεύματι,
3037 4484 3066 4536 6
3098 4481 3444 4554 προαιώνιος,
3475 4482 3505 4531 6
3534 4481 3703 4548 ἄναρ-

2124 4601 2249 4656 χος,
2292 4585 2321 4637 6
2356 4583 2413 4635 ἐν
2441 4582 2584 4652 ἀρχῇ
2612 4578 2717 4645 ῶν,
2748 4578 2844 4631 xui
2876 4575 3022 4647 πρὸς
3051 4575 3140 4628 τὸν
3179 4574 3312 4627 Θεὸν
3359 4572 3451 4625 xui
3483 4572 3704 4641 Πατέρα

2126 4676 2222 4742 ὣν,
2260 4676 2355 4730 xui
2404 4674 2538 4734 Θεὸς
2580 4671 2827 4741 (iw-(19),
2870 4665 3294 4736 συγκαταϐαίνει
3339 4666 3451 4728 τοῖς
3505 4663 3700 4717 ἑαυτοῦ

2123 4769 2331 4831 δούλοις
2371 4763 2781 4833 συγκατάϐασιν
2823 4762 3101 4833 ἄφραστον
3150 4758 3247 4812 xui
3286 4754 3702 4826 ἀκατάληπτον,

2122 4858 2249 4924 xui,
2282 4854 2417 4918 Θεὸς
2452 4853 2529 4908 ὢν
2557 4852 2795 4918 τέλειος,
2824 4851 3112 4923 ἄνθρωπος
3146 4847 3351 4910 τέλειος
3385 4845 3599 4912 γίνεται
3638 4846 3701 4897 ἐκ

2122 4950 2440 5021 Πνεῦματος
2479 4946 2632 5016 ἁγίου
2667 4945 2764 5000 xui
2808 4943 3031 5014 Μαρίας
3070 4941 3169 5012 τῆς
3211 4939 3371 5008 ἁγίας
3420 4936 3701 5008 Παρθένου

2120 5040 2217 5093 xui
2247 5036 2510 5092 Θεοτόκον
2530 5076 2550 5100 ,
2582 5035 2683 5088 οὐκ
2706 5035 2775 5087 ἐκ
2808 5033 3123 5104 σπέρματος
3155 5028 3369 5101 ἀνδρὸς,
3400 5027 3433 5098 ἢ
3464 5026 3704 5098 θελήμα-

508 5203 589 5278 (8)
618 5205 790 5278 codd.
827 5205 1020 5278 ξηρᾶς.
1056 5205 1225 5278 Exod.
1256 5205 1814 5278 'XIV,__2|7:7KDptO;...
1850 5204 2017 5278 ἐποίηι

2120 5203 2196 5278 ῖὴν
2220 5202 2503 5278 θάλασσαν
2518 5201 2716 5278 ξηρὰν,
2734 5199 2829 5278 x_ui
2851 5197 3170 5278 ἐσχίσθη-τὸ
3183 5197 3359 5278 Ρδωρ·
3388 5195 3484 5278 xui
3516 5193 3700 5278 εἰσῆλ-

437 5272 530 5327 θον
547 5277 596 5328 οί
626 5276 736 5330 υίοὶ
783 5272 1003 5347 Ἰσραὴλ
1036 5278 1115 5341 είς
1148 5276 1312 5346 μέσον
1370 5276 1437 5339 ’ς
1463 5272 1744 5346 θαλάσσης
1778 5275 1923 5329 κατά
1950 5272 2012 5329 τὸ
2044 5274 2106 5344 ξη

437 5343 842 5416 ἐξᾷεὐωνύμων.
877 5344 979 5399 Th.
1013 5293 1631 5410 Prodrmnusfnl‘etrust.
1678 5347 1729 5399 iu
1783 5345 2039 5416 Ex_od.p.
2076 5347 2109 5399 4

471 5343 503 5415 ξ
519 5344 842 5415 εὐωνύμων.
863 5343 979 5399 ’ΤΙιζ
1013 5343 1360 5410 Ρνοιίνοιηιιε,

2147 5265 2227 5329 όν·
2264 5272 2360 5328 xui
2388 5273 2450 5327 τὸ
2478 5265 2624 5339 ’ὕδωρ
2656 5270 2827 5339 αὐτῆς
2868 5265 3047 5337 τεῖχος
3066 5265 3143 5339 ’ἐκ
3178 5265 3369 5339 δεξιῶν
3397 5266 3493 5339 xui
3521 5267 3701 5333 τεῖχος

2147 5293 2227 5329 ον·
2264 5293 2360 5328 και
2388 5293 2450 5327 το
2479 5293 2624 5344 υοωρ
2656 5293 2827 5339 αυτης
2868 5293 3046 5337 τειχυς
3079 5293 3143 5321 εκ
3178 5293 3369 5333 uagum:
3400 5293 3493 5319 ιιυιι
3521 5293 3699 5333 τιιχυ,

2111 5293 2145 5399 ὅ
2180 5363 2193 5399 :
2230 5344 2439 5414 Χέρσον
2466 5342 2834 5414 ἀϐυσσότοκον
2867 5338 3030 5414 πέδον
3048 5337 3210 5414 ἥλιος
3243 5334 3699 5414 ἀμφεπόλεμσενο

437 5358 457 5392 ε

438 5397 651 5489 [ξ’γδωρ
672 5397 808 5489 ξᾲρ
830 5397 1106 5489 ἑκάτερθε
1125 5397 1485 5489 tempus
1500 5397 1645 5485 ’ἤδει
1667 5397 1883 5489 ἐρεῖχὸςῖ
1901 5397 2017 5485 Μίῇ

2120 5397 2131 5469 ζ
2166 5397 2345 5489 Malim
2370 5412 2748 5489 ἀϐυσσοτόκεν
2771 5425 2893 5464 cum
2914 5408 3038 5489 eod.
3078 5397 3418 5489 asangm
3447 5403 3700 5489 «Pelic-

437 5483 595 5555 [ωηατ
619 5474 869 5555 editioni,
907 5474 1013 5555 qua
1045 5500 1188 5540 nunc
1217 5474 1402 5549 careo,
1434 5474 1614 5541 inesse
1648 5474 1884 5550 vidé'tur,
1911 5474 2035 5539 cuin
2074 5500 2141 5539 ex
2171 5500 2236 5539 eo
2260 5484 2377 5538 loco
2407 5482 2460 5536 in
2502 5497 2651 5555 nova
2683 5478 2940 5555 Thesauri
2979 5475 3149 5555 Gnaei
3180 5474 3422 5555 editione
3437 5474 3698 5555 _allatuni

437 5549 619 5625 l_'uer_it.
655 5545 866 5625 Sensus
885 5545 968 5609 est
986 5570 1009 5625 :7
1029 5555 1203 5609 solum
1244 5545 1567 5625 aiiyssortint
1599 5545 1881 5625 parentem
1911 5555 2054 5625 velut
2089 5555 2573 5625 continentemsol
2603 5551 2915 5625 oberravit;
2942 5547 3096 5625 quod
3114 5561 3326 5625 moneo
3347 5546 3417 5625 ob
3436 5545 3699 5625 Suvignyi
3776 5588 3779 5589 ν

440 5618 635 5694 Latina
650 5637 770 5689 quze
798 5623 884 5677 hic
908 5624 1049 5694 mala
1077 5634 1220 5681 sunt.
1251 5614 1455 5680 Eidem
1504 5614 1910 5682 est'antithesis
1940 5624 2017 5680 Ps:

2127 5639 2213 5689 cv,
2247 5624 2280 5679 9
2306 5639 2320 5676 :
2366 5622 2662 5694 Ὤδήγησεν
2695 5614 2909 5684 αὐτοὺς
2937 5614 2997 5673 ἐν
3026 5616 3250 5690 ἀϐύσσῳ
3276 5616 3351 5681 ὡς
3393 5618 3452 5671 ἐν
3476 5614 3699 5689 ἐρήμῳ.

509 5688 587 5757 (9)
611 5688 767 5745 Joau.
799 5706 839 5755 ι,
875 5692 958 5747 i8.

654 5742 893 5829 toahl'i,‘
1027 5762 1156 5826 Θεὸς
1192 5759 1259 5836 ἦν
1286 5767 1315 5819 6
1338 5765 1530 5834 Λόγοςο
1560 5759 1711 5829 οὗτος
1740 5761 1808 5838 ἦν
1832 5764 1890 5819 ἐν
1920 5742 2061 5836 ἀρχῇ
2100 5766 2234 5835 πρὸς
2255 5763 2345 5818 τὸν
2371 5761 2531 5820 Θεόν.
