3932 6384
506 360 625 424 923

1936 340 2071 400 Αῖῐὶῐ

2186 342 2313 402 DA.
3670 364 3778 427 νει

512 452 761 520 superius
789 450 932 514 dixi,
963 448 1101 519 quod
1141 448 1385 505 Salvator
1426 456 1606 505 uoster
1636 448 1886 508 Christus
1920 451 2071 506 disci-

2187 455 2285 526 τήν
2329 455 2539 524 ἔνδοξον
2571 459 2665 511 τοῦ
2696 459 2970 513 Δεσπότου
3015 461 3094 524 είς
3126 462 3395 534 οὐρανοὺς
3434 462 3635 519 ἄνοδον
3676 468 3775 538 τῆς

508 540 674 610 pulos
700 549 754 596 et
780 540 1049 609 apostolos
1086 539 1327 608 elegerit.
1370 540 1471 607 Qui
1513 540 1727 611 quidem
1766 542 1927 597 nobis
1960 554 2084 613 post

511 630 799 699 gloriosam
832 630 925 684 Dei
954 628 1006 683 in
1034 630 1201 684 ctelus
1230 630 1599 687 ascensionem
1622 674 1637 697 ,
1658 632 1833 700 ipsius
1860 633 1910 687 iu
1943 642 2080 691 terra

518 721 642 774 vita:
670 720 927 773 rationem
950 759 964 783 ,
997 728 1050 774 et
1078 720 1370 774 doctrinam
1411 735 1474 775 ac
1502 722 1784 789 miracula,
1830 733 2082 792 quantum

514 808 586 862 ab
632 808 935 862 hominibus
981 807 1221 875 praestari
1266 816 1504 877 poterat,
1554 809 1846 864 litterarum
1897 827 2083 866 monu-

515 898 712 953 mentis
738 897 1073 952 mandarunt.
1110 896 1199 952 Sic
1225 897 1422 953 etenim
1463 900 1513 952 in
1546 908 1794 953 extrema
1840 901 1958 953 libri
2000 899 2083 953 sui

517 994 670 1055 parte
725 987 952 1041 eximius
992 988 1081 1042 ille
1118 988 1254 1042 inter
1287 988 1497 1044 divinos
1532 991 1883 1059 evangelistas
1909 992 2079 1045 dixit:

513 1081 650 1135 Sunt
671 1088 727 1134 et
750 1079 850 1133 alia
879 1080 1071 1147 multa,
1100 1095 1218 1149 quae
1243 1080 1366 1137 fecit
1388 1082 1540 1136 .lcsus
1560 1123 1573 1146 ,
1601 1098 1719 1151 quae
1759 1085 1804 1138 si
1840 1085 2078 1139 scriban-

514 1178 600 1223 tur
624 1183 718 1237 per
744 1170 946 1239 singula
964 1209 977 1233 ,
1008 1183 1105 1223 nec
1134 1170 1305 1237 ipsum
1338 1171 1566 1225 arbitror
1596 1172 1846 1227 mundum
1873 1189 1966 1228 eos
1991 1175 2079 1243 qui

516 1258 787 1314 scribendi
816 1267 940 1313 sunt
966 1274 1158 1327 capere
1188 1274 1343 1328 posse
1373 1262 1535 1316 libros
1563 1261 1739 1331 (Joan.
1765 1268 1901 1333 xxi).

584 1349 640 1403 In
674 1349 776 1405 hoc
806 1351 960 1420 igitur
985 1352 1164 1407 divino
1192 1353 1476 1422 Evangelio
1498 1396 1513 1420 ,
1543 1364 1650 1408 tum
1678 1356 2074 1422 incarnationis,

515 1444 629 1493 tum
667 1439 1078 1506 declarationis,
1129 1448 1238 1495 tum
1278 1443 1689 1509 miraculorum,
1730 1455 1838 1499 tum
1879 1461 2075 1514 prmce-

512 1538 723 1598 ptorum
770 1530 936 1599 ipsius
981 1532 1244 1599 historia,
1299 1534 1389 1589 Dei
1432 1536 1617 1604 spiritu
1662 1545 1873 1591 exarata
1904 1539 2071 1593 conti-

512 1629 686 1675 netur.
740 1623 815 1675 Ac
851 1622 1044 1677 deinde
1086 1626 1327 1693 supplicii
1367 1626 1509 1681 illius
1553 1626 1620 1681 ab
1652 1630 1794 1684 omni
1828 1630 1945 1684 labe
1992 1647 2073 1687 re-

512 1712 645 1767 moti
664 1755 677 1778 ,
706 1715 845 1783 quod
874 1714 1127 1769 Dominus
1152 1726 1336 1770 nostra
1364 1731 1523 1772 causa
1549 1719 1743 1785 subiit,
1772 1732 2075 1792 sanctmque

2187 546 2281 596 ἐπὶ
2312 547 2416 616 γῆς
2456 548 2625 602 αὑτοῦ
2659 550 2958 614 πολιτείας,
2987 551 3087 614 τάς
3130 569 3189 604 τε
3213 552 3574 620 διδασκαλίας
3602 557 3775 612 αὑτοῦ

2187 638 2282 690 καὶ
2325 638 2392 691 τὰ
2444 638 2719 709 θαύματα,
2760 642 2901 696 κατὰ
2939 642 3000 695 τὸ
3040 644 3319 715 ἐγχωροῦν
3359 650 3551 718 γραφῇ
3589 666 3778 719 παρα-

2185 727 2389 784 δοῦναι.
2425 730 2582 784 Οῦτω
2619 732 2727 804 γὰρ
2772 734 2911 802 πρὸς
2945 733 3024 803 τῷ
3054 734 3199 788 τέλει
3227 735 3322 789 τοῦ
3368 737 3535 805 λόγου
3567 740 3599 791 6
3628 738 3779 803 ἐξαί-

2192 836 2338 889 ρετος
2365 821 2473 887 τῶν
2491 821 2651 877 θείων
2671 823 2897 878 ἐκείνων
2920 826 3325 895 εὐαγγελιστῶν
3356 828 3472 898 (55)
3501 831 3775 901 εἴρηκεν

2190 912 2367 976 Ἔστι,
2395 914 2547 983 φησι,
2581 916 2673 967 καὶ
2700 916 2835 970 ἄλλα
2862 918 3033 972 πολλὰ
3054 920 3152 972 ὅσα
3175 921 3434 991 ἐποίησεν
3463 924 3492 975 6
3532 923 3774 993 Ἰησοῦς,

2186 1003 2345 1058 ἅτινα
2376 1004 2472 1060 ἐὰν
2499 1008 2781 1078 γράφηται
2819 1009 2941 1062 καθ’
2970 1011 3049 1078 ἓν,
3090 1012 3211 1065 οὐδὲ
3257 1013 3421 1067 αὑτὸν
3469 1010 3636 1085 οἶμαι
3684 1017 3773 1068 τὸν

2187 1094 2391 1165 κόσμον
2416 1096 2664 1167 χωρῆσαι
2694 1098 2763 1150 τὰ
2788 1099 3113 1170 γραφόμενα
3144 1100 3347 1172 βιΰλία.

2272 1356 2358 1410 Ἐν
2386 1358 2561 1430 τούτῳ
2596 1355 2688 1415 οὖν
2718 1362 2795 1431 τῷ
2828 1361 3090 1434 θειοτάτῳ
3114 1362 3433 1436 Εὐαγγελίῳ
3462 1367 3771 1436 ἐμφέρεται

2186 1449 2285 1518 τῆς
2314 1467 2374 1501 τε
2412 1450 2763 1520 σαρκώσεως,
2797 1453 2899 1523 τῆς
2930 1471 2989 1506 τε
3020 1454 3366 1519 ἀναδείξεως,
3397 1457 3510 1509 τῶν
3535 1474 3602 1509 τε
3640 1458 3770 1510 θαυ-

2188 1539 2397 1609 μάτων,
2431 1542 2541 1594 τῶν
2572 1558 2631 1594 τε
2664 1543 3006 1613 πραγμάτων
3045 1543 3232 1609 αὐτοῦ,
3276 1547 3308 1614 ἡ
3343 1545 3562 1616 ἱστορία
3600 1546 3771 1598 Ilvati-

2191 1649 2322 1701 ματι
2348 1633 2485 1688 Θεοῦ
2508 1636 2898 1707 γεγραμμένη,
2932 1635 3123 1689 ἔπειτα
3146 1638 3242 1689 καὶ
3276 1639 3401 1708 περὶ
3433 1639 3532 1691 τοῦ
3565 1640 3772 1709 ἀχράνο

2188 1745 2282 1782 του
2309 1729 2514 1793 πάθους
2560 1724 2729 1802 οὗπερ
2764 1732 3023 1803 ὑπέμεινε
3068 1733 3135 1785 δι’
3163 1734 3310 1803 ἡμᾶς
3343 1733 3372 1785 6
3405 1733 3648 1800 Κύριος,
3680 1733 3769 1799 τῆς

508 1803 689 1857 triduo
737 1812 859 1871 post
903 1807 1336 1871 resurrectionis,
1385 1818 1542 1877 atque
1585 1810 1638 1864 in
1680 1813 1844 1867 caelos
1890 1829 2071 1869 ascen-

2186 1836 2244 1873 τε
2298 1822 2461 1889 ἁγίας
2498 1823 2595 1876 καὶ
2626 1824 2929 1895 τριημὲρου
2964 1825 3258 1895 ἐγέρσεως,
3309 1825 3402 1876 καὶ
3432 1824 3536 1892 τῆς
3568 1826 3655 1886 εἰς
3682 1824 3768 1875 οὐ·

509 1892 711 1958 sionis,
743 1907 806 1948 ac
843 1893 1071 1963 denique
1112 1897 1330 1953 illustris
1372 1915 1435 1954 ac
1480 1903 1743 1957 metuendi
1787 1905 1947 1973 ipsius
1986 1921 2073 1962 se-

509 1983 669 2037 cundi
699 1984 957 2041 adventus
998 1990 1197 2042 mentio
1233 1988 1474 2045 habetur.
1520 1992 1744 2048 Rursum
1791 1996 1930 2049 enim
1980 1998 2070 2052 Dei

511 2076 678 2139 Filius
704 2092 823 2133 cum
856 2080 1055 2148 gloria,
1088 2084 1231 2137 omni
1262 2098 1507 2140 sermone
1539 2090 1890 2155 prastantiori
1917 2100 2075 2159 atque

504 2168 710 2238 ingenti
739 2169 979 2225 ctelestis
1010 2172 1216 2229 militia:
1245 2175 1579 2232 multitudine
1617 2180 1670 2233 in
1713 2192 1904 2234 terram
1947 2196 2075 2236 ven-

508 2269 660 2315 turus
699 2272 814 2327 est,
852 2271 912 2318 ut
952 2265 1020 2319 de
1054 2269 1360 2323 mortalium
1404 2287 1600 2340 genere
1639 2276 1951 2330 sententiam
1994 2279 2070 2332 fe-

501 2357 632 2436 re},
675 2358 835 2417 atque
882 2351 1166 2423 unicuique
1216 2371 1309 2418 pro
1358 2373 1419 2413 eo
1464 2375 1526 2414 ac
1572 2364 1761 2427 gessit,
1818 2367 2074 2436 rependat

502 2430 702 2497 (Luca:
742 2450 835 2488 xxi
859 2437 899 2504 ).
937 2437 1147 2493 Etenim
1174 2455 1295 2493 cum
1328 2440 1467 2496 Deus
1509 2443 1774 2498 hominem
1812 2430 1893 2499 ab.
1920 2444 2069 2497 initio

491 2521 791 2581 efﬂuxisset
822 2525 999 2596 (quem
1015 2528 1298 2584 admodum
1328 2531 1486 2585 etiam
1524 2531 1632 2601 jam
1675 2534 1767 2586 tibi
1807 2534 2065 2604 exposui)

492 2610 793 2666 iusulllavit
832 2616 884 2667 in
925 2630 1046 2669 eum
1093 2618 1417 2687 spiraculum
1456 2622 1578 2676 vita:
1608 2623 1778 2693 (Gen.
1808 2622 1919 2693 ιι),
1953 2640 2068 2692 quae

463 2700 713 2767 'quidem
741 2702 916 2757 anima
949 2705 1170 2760 rationis
1209 2716 1365 2777 atque
1406 2710 1764 2780 intelligentiae
1807 2714 2068 2782 particeps

500 2792 818 2860 appellatur.
862 2792 1125 2859 Quoniam
1157 2807 1333 2853 autem
1366 2810 1539 2857 morte
1565 2802 1802 2859 damnati
1843 2819 2026 2860 sumus
2050 2846 2064 2871 ,

502 2880 750 2936 omnibus
781 2883 933 2939 nobis
973 2886 1106 2940 mori
1137 2902 1357 2944 necesse
1386 2899 1470 2944 est
1496 2907 1509 2955 ;
1541 2906 1638 2946 nec
1667 2890 1779 2946 ﬁeri
1812 2902 1986 2961 potest
2014 2905 2070 2948 ut

499 2968 585 3023 hic
616 2971 755 3025 ealix
786 2972 1056 3028 hominem
1079 2976 1254 3031 'ullum
1284 2988 1584 3047 prmtereat.
1614 2980 1754 3036 Nihil
1786 2994 1959 3039 autem
1989 2994 2070 3039 est

415 3094 420 3098 ~
499 3060 641 3114 aliud
696 3076 840 3117 mors
884 3079 1042 3133 quam
1088 3068 1251 3122 animi
1302 3084 1331 3123 a
1377 3084 1603 3139 corpore
1647 3073 1948 3142 disiunctio.
1994 3075 2071 3130 Ac

501 3151 715 3218 quidem
768 3152 895 3210 illud
942 3170 1174 3224 corpus,
1226 3160 1363 3226 quod
1413 3175 1443 3215 e
1490 3172 1624 3217 terra
1672 3162 1904 3218 efﬁctum
1953 3176 2065 3231 e-t,
2100 3146 2145 3201 (ἶ

498 3251 843 3311 posteaquam
873 3245 940 3299 ab
969 3247 1146 3301 animo
1176 3249 1470 3318 seiunctum
1498 3263 1611 3315 est,
1646 3253 1700 3308 in
1744 3264 1939 3310 terram
1959 3301 1973 3325 ,
2002 3273 2065 3311 es

500 3343 602 3398 qua
636 3340 903 3400 sumptum
935 3334 1140 3404 fuerat,
1177 3342 1482 3408 revertitur,
1515 3359 1577 3398 ac
1617 3358 1921 3415 corruptum
1965 3350 2070 3403 dis-

492 3418 717 3475 solvitur
749 3424 765 3491 (
792 3422 918 3477 Gen.
950 3441 1037 3491 m;
1073 3426 1235 3482 Ereti.
1270 3431 1389 3499 ιιι).
1423 3433 1610 3487 Anima
1639 3446 1814 3491 autem
1846 3439 2064 3493 immor-

492 3511 613 3567 talis
643 3527 764 3569 cum
794 3517 862 3571 sit
886 3559 902 3584 ,
937 3534 1002 3572 eo
1030 3520 1386 3587 proﬁciscTtur
1414 3540 1516 3594 quo
1545 3540 1787 3587 summus
1816 3531 1904 3584 ille
1928 3531 2060 3587 ell‘e-

486 3613 609 3658 ctor
637 3604 895 3674 imperat,
927 3611 1044 3674 vel,
1072 3620 1131 3665 ut
1157 3613 1352 3667 rectius
1382 3616 1589 3684 loquar,
1620 3621 2064 3687 quemadmodum

488 3694 609 3763 ipsa
642 3696 778 3760 sibi,
809 3714 927 3753 cum
960 3700 1130 3756 adhuc
1161 3702 1215 3756 in
1245 3718 1403 3759 carne
1426 3719 1743 3776 versaretur,
1778 3710 2066 3779 hospitium

489 3788 832 3853 praeparavit.
873 3788 939 3843 Ut
963 3792 1105 3845 enim
1144 3793 1369 3862 quisque
1400 3797 1519 3850 vitae
1559 3814 1777 3854 munere
1816 3802 1901 3855 hic
1942 3803 2063 3857 fun-

485 3884 608 3929 ctus
635 3876 786 3931 fuerit
807 3919 821 3943 ,
856 3879 961 3934 illic
990 3893 1304 3951 recepturus
1331 3895 1428 3941 est.

566 3965 805 4037 Denique
857 3972 1118 4029 confectis
1167 3975 1341 4045 longis
1390 3986 1685 4048 temporum
1740 3986 2016 4041 curriculis
2047 4029 2062 4054 ,

500 4056 645 4113 Deus
673 4071 855 4116 noster
877 4077 999 4119 cum
1042 4067 1324 4121 metuenda
1367 4079 1419 4122 et
1458 4073 1718 4125 sermonis
1762 4074 2064 4131 facultatem

487 4160 778 4216 superante
829 4152 995 4221 gloria
1042 4155 1107 4208 ad
1134 4155 1389 4222 judicium
1420 4158 1487 4213 de
1512 4161 1642 4215 orbe
1668 4161 1942 4217 ferendum
1975 4180 2065 4221 ve-

483 4242 617 4298 niet.
666 4243 829 4313 Cujus
881 4255 1025 4299 metu
1076 4248 1333 4300 caelorum
1391 4250 1612 4304 virtutes
1650 4256 2065 4311 commovebun-

486 4339 599 4396 tur,
629 4342 787 4400 atque
817 4328 1001 4387 omni!
1016 4334 1324 4403 angelorum
1366 4339 1631 4393 exercitus
1673 4351 1901 4399 tremore
1940 4360 2063 4400 cor-

2189 1915 2386 1984 ρανοὺς
2418 1914 2626 1978 ἀνόδου,
2656 1915 2794 1985 πρὸς
2826 1916 2883 1967 δὲ
2914 1918 3009 1971 καὶ
3032 1918 3133 1984 τῆς
3162 1915 3375 1981 ἐνδόξου
3401 1916 3502 1969 καὶ
3530 1916 3767 1985 φοϐερᾶς

2187 2005 2354 2060 αὐτοῦ
2384 2006 2641 2079 δευτέρας
2672 2009 2997 2078 παρουσίας.
3028 2009 3229 2064 Μέλλει
3260 2010 3370 2079 γὰρ
3399 2010 3568 2063 πάλιν
3596 2014 3628 2063 6
3652 2012 3767 2072 Υἱὸς

2184 2097 2280 2150 τοῦ
2316 2098 2453 2151 Θεοῦ
2507 2098 2683 2152 ἐλθεῖν
2725 2101 2819 2153 ἐπὶ
2861 2102 2962 2171 τῆς
2988 2102 3113 2171 γῆς,
3147 2100 3287 2170 μετά
3330 2100 3491 2170 δόξης
3523 2103 3765 2172 ἀρρήτου

2168 2190 2281 2245 ’καὶ
2310 2190 2551 2261 πλήθους
2578 2192 2679 2262 τῆς
2721 2193 2972 2263 οὐρανίου
3013 2194 3274 2264 στρατιᾶς
3305 2192 3438 2263 (56),
3476 2196 3671 2262 κρῖναι
3714 2194 3766 2243 τὸ

2183 2281 2339 2348 γένος
2382 2280 2543 2350 ήμῶν
2587 2281 2684 2333 καὶ
2726 2281 3022 2336 ἀποδοῦναι
3079 2282 3297 2353 ἑκάστῳ
3340 2283 3484 2335 κατὰ
3524 2282 3599 2335 τὰ
3635 2284 3765 2352 ἔργα

2183 2371 2348 2424 αὐτοῦ
2373 2372 2505 2442 (57).
2531 2373 2634 2425 Τὸν
2654 2373 2762 2443 γὰρ
2786 2371 3070 2443 ἄνθρωπον
3091 2372 3151 2437 ἐξ
3170 2373 3342 2443 ἀρχῆς
3362 2374 3391 2424 6
3411 2372 3548 2434 Θεὸς
3566 2376 3637 2425 ἐκ
3659 2372 3764 2441 (58)

2181 2464 2285 2533 γῆς
2318 2463 2643 2529 διαπλάσας,
2694 2465 2837 2520 καθὰ
2882 2464 2946 2535 δὴ
2995 2467 3089 2517 κα)⁵
3122 2462 3413 2534 προλαϐὼν
3461 2460 3626 2517 εἶπόν
3666 2482 3765 2529 σοι,

2182 2558 2519 2629 ἐνεφύσησεν
2549 2560 2630 2622 είς
2660 2559 2823 2614 αὐτὸν
2866 2561 3036 2631 πνοήν
3067 2560 3200 2630 (59),
3232 2560 3356 2629 ἣτις
3380 2558 3534 2629 ψυχὴ
3570 2558 3763 2629 λογική

2178 2664 2240 2702 τε
2269 2651 2376 2722 63
2409 2652 2503 2704 καὶ
2534 2652 2697 2723 νοερὰ
2732 2653 3204 2724 προσαγορεύεται
3232 2667 3248 2684 ⁶
3282 2653 3406 2705 ἐπεὶ
3436 2652 3495 2704 δὲ
3534 2652 3767 2707 θάνατον

2182 2744 2610 2815 κατεκρίθημεν,
2660 2746 3082 2819 ἀποθνήσκομεν
3123 2744 3357 2808 πάντες,
3396 2746 3490 2799 καὶ
3514 2745 3619 2797 οὐκ
3655 2748 3765 2798 ἐστι

2178 2833 2242 2889 τὸ
2281 2837 2540 2907 ποτήριον
2600 2838 2760 2891 τοῦτό
2814 2855 2934 2891 τινα
2992 2838 3100 2893 τῶν
3129 2837 3432 2909 ἀνθρώπων
3475 2839 3765 2909 παραδρα-

2184 2929 2306 2999 μεῖν
2336 2929 2475 2999 (60)·
2508 2930 2625 2983 ἔστι
2674 2931 2731 2984 δέ
2774 2932 2802 2985 6
2846 2932 3075 2995 θάνατος
3109 2930 3221 3004 (6i)
3251 2931 3534 3003 χωρισμὸς
3582 2931 3765 3002 ψυχῆς

2180 3018 2289 3073 ἀπὸ
2317 3020 2412 3073 τοῦ
2457 3020 2732 3092 σώματος.
2790 3023 3001 3076 Ἐκεῖνο
3050 3023 3149 3092 μὲν
3191 3017 3287 3075 οὖν
3318 3022 3381 3074 τὸ
3411 3024 3475 3074 ἐκ
3505 3022 3616 3091 γῆς
3646 3022 3765 3075 au-

2184 3111 2423 3167 πλασθέν
2472 3112 2656 3182 σῶμα,
2700 3112 2972 3184 χωρισθὲν
3012 3114 3110 3183 τῆς
3136 3112 3342 3184 ψυχῆς,
3380 3114 3459 3176 εἰς
3487 3114 3599 3184 γῆν
3634 3116 3764 3168 ὐπο-

2188 3211 2407 3283 στρὲφει
2452 3207 2512 3273 ἐξ
2540 3204 2720 3279 ἧσπερ
2752 3209 2847 3262 καὶ
2894 3207 3104 3279 ἐλήφθη
3129 3206 3240 3279 (62)
3272 3207 3366 3260 καὶ
3400 3206 3766 3278 φθειρόμενον

2179 3302 2486 3358 διαλύεται·
2536 3302 2569 3371 ἡ
2617 3301 2672 3355 δὲ
2707 3300 2879 3371 ψυχὴ,
2930 3299 3202 3363 ἀθάνατος
3252 3294 3409 3362 οὖσα,
3464 3299 3766 3371 πορεύεται

2175 3394 2306 3449 ἔνθα
2335 3392 2545 3448 κελεύει
2592 3394 2619 3445 6
2670 3391 3029 3463 Δημιουργὸς,
3076 3389 3279 3462 μᾶλλον
3305 3391 3362 3445 δὲ
3391 3391 3579 3455 καθὼς
3625 3392 3767 3464 αὐτὴ

2180 3488 2585 3560 προητοίμασεν
2629 3488 2799 3558 ἑαυτῇ
2843 3485 3132 3557 κατάλυμα
3163 3485 3241 3539 ἔτι
3387 3486 3604 3557 σαρκίῳ
3638 3504 3767 3539 συν.

2178 3579 2336 3635 οῦσα.
2365 3578 2564 3641 Καθὼς
2592 3579 2699 3649 γάρ
2727 3597 2810 3642 τις
2855 3577 3243 3649 πολιτεύσηται
3272 3578 3536 3645 ἐνταῦθα,
3571 3579 3763 3649 μέλλει

2180 3669 2591 3741 ἀπολαμϐάνειν
2613 3669 2844 3723 ἐκεῖθεν.

2239 3943 2371 4003 Εἶτα
2404 3949 2541 4020 μετὰ
2594 3949 2880 4011 πλείστους
2929 3948 3155 4019 χρόνους
3187 3945 3470 4000 ἐλεύσεται
3515 3946 3757 4015 Χριστὸς

2173 4044 2200 4096 6
2224 4041 2362 4106 Θεὸς
2400 4044 2432 4110 ή
2444 4041 2558 4113 μῶν
2603 4042 2785 4111 κρῖναι
2825 4042 2915 4093 τὸν
2945 4041 3148 4111 κόσμον
3177 4038 3236 4093 ἐν
3261 4040 3388 4112 δόξῃ
3424 4039 3633 4111 φοϐερᾷ
3662 4042 3755 4093 καὶ

2167 4133 2563 4206 ἀνεκδιηγήτῳ,
2592 4128 2653 4188 οὗ
2680 4133 2757 4203 τῷ
2802 4133 2950 4203 φόϐῳ
2981 4134 3038 4186 αἱ
3077 4133 3336 4203 δυνάμεις
3369 4131 3478 4184 τῶν
3501 4133 3754 4202 ούρανῶν

2172 4227 2600 4298 σαλευθήσονται
2642 4227 2779 4297 (65),
2841 4226 2935 4279 καὶ
2996 4227 3168 4279 πᾶσαι
3222 4227 3278 4280 αἱ
3340 4228 3594 4297 στρατιαὶ
3641 4226 3751 4278 τῶν

2170 4319 2422 4387 ἀγγέλων
2476 4318 2665 4390 τρόμῳ
2705 4319 3071 4391 παρίστανται
3116 4316 3345 4371 ἐνώπιον
3412 4317 3583 4370 αὑτοῦ
3614 4319 3749 4383 (Gl).

487 4432 676 4489 reptus
705 4440 885 4478 curam
916 4426 1033 4494 ipso
1060 4428 1255 4483 astabit
1281 4429 1437 4500 (Luc.
1461 4434 1581 4502 xu)
1612 4452 1626 4488 :
1661 4444 1767 4489 tum
1795 4436 2059 4505 videlicet,

2186 4408 2301 4461 Γότε
2325 4410 2379 4461 ἐν
2409 4410 2561 4479 φωνῇ
2586 4408 2926 4478 ἀρχαγγέλου
2951 4410 3045 4462 καὶ
3072 4409 3129 4461 ὲν
3162 4408 3421 4477 σάλπιγγι
3451 4409 3593 4462 Θεοῦ
3622 4410 3754 4464 ἁναο

479 4524 609 4565 ιοιιιιι
651 4514 701 4565 in
742 4516 1046 4585 archangeli
1096 4534 1229 4575 voce
1273 4536 1336 4577 ac
1375 4501 1567 4577 divina
1594 4526 1715 4581 tuba
1757 4528 1950 4583 mortui
1993 4528 2057 4583 ad

2186 4503 2456 4571 ςτήσονται
2507 4502 2557 4552 οἱ
2600 4501 2784 4572 νεκροὶ
2827 4501 2978 4572 (65),
3027 4501 3121 4555 καὶ
3174 4504 3622 4571 παραστήσονται
3672 4503 3753 4573 τῷ

483 4602 643 4658 vitam
677 4604 955 4675 redibunt,
988 4624 1050 4664 ac
1080 4612 1358 4668 tremendo
1399 4613 1561 4683 ipsius
1586 4615 1775 4671 throno
1806 4619 2057 4673 sistentur

2186 4593 2385 4665 ροϐερῷ
2431 4593 2597 4647 αὑτοῦ
2652 4594 2847 4665 θρόνῳ.
2904 4596 3061 4648 Ἔστι
3107 4594 3166 4648 δὲ
3211 4595 3243 4665 ή
3296 4595 3597 4660 ἀνάστασις
3628 4613 3753 4651 συν-

581 4810 666 4843 ιδζὲἶλ
700 4810 930 4843 Inani-una
960 4812 1209 4843 ιιῖιιιιὶέηιιι
1472 4838 1477 4843 .

549 4810 666 4881 (55)
695 4807 931 4867 Joannes
960 4812 1237 4869 videlicet.
1472 4838 1477 4843 ·
2986 4877 2991 4881 .

529 4881 666 4965 ,(5ρ)
698 4880 1058 4970 ἔρξαιμι-.-χει
1186 4901 1199 4936 :
1235 4885 1405 4941 Ὅταν
1432 4886 1491 4940 δὲ
1521 4886 1649 4959 ἔλθῃ
1680 4887 1708 4939 6
1739 4887 1867 4953 Υἱὸς
1926 4888 2020 4942 τοῦ
2063 4887 2352 4960 ἀνθρώπου
2383 4892 2443 4947 ἐν
2470 4898 2536 4968 τῇ
2566 4897 2692 4968 δόξῃ
2724 4899 2908 4968 αὐτοῦ,
2941 4899 3035 4953 καὶ
3066 4898 3268 4965 πάντες
3295 4900 3345 4955 οἱ
3374 4898 3602 4969 ἄγγελοι
3634 4905 3759 4970 μετ’

474 4950 669 5004 αὐτοῦ.
702 4951 787 5006 Cf.
813 4950 945 5006 an.
989 4967 1054 5016 ιι,
1088 4954 1173 5009 l3.
1470 4982 1477 4987 ι

546 5020 659 5091 (57)
704 5022 859 5077 Conf.
898 5037 949 5090 p.
977 5024 1068 5091 55,
1100 5042 1153 5077 ιι.
1186 5024 1240 5077 4.

550 5091 663 5162 (58)
694 5094 758 5156 Α,
782 5093 919 5148 ἐστί.
955 5094 1288 5150 Scholiastes
1330 5094 1474 5157 Ναί),
1523 5100 1621 5155 159
1658 5116 1672 5154 :
1712 5099 1823 5155 Καὶ
1852 5097 1960 5171 γὰρ
1989 5097 2071 5154 ἐστ

468 5158 684 5214 Forsan
717 5164 830 5215 ἐπί.

2190 5103 2253 5158 ἐκ
2292 5101 2401 5159 τῶν
2448 5107 2710 5179 τεττίγων
2759 5109 2913 5166 τοῦτο
2955 5115 3048 5167 καὶ
3094 5115 3202 5168 τῶν
3245 5113 3558 5183 ἐγκελάδων
3604 5116 3752 5180 ἰδεῖν,

545 5229 660 5302 (59)
690 5232 846 5302 (Jouf.
882 5234 1061 5302 p.65,
1086 5251 1138 5291 η.
1178 5235 1232 5290 2.

474 5300 655 5419 ὲμὲἓθ)
692 5300 962 5373 Rcspcétu
996 5306 1063 5360 ad
1108 5308 1274 5362 verba
1312 5306 1516 5375 Christi
1558 5311 1699 5380 apud
1748 5309 1943 5367 Matth.
1976 5329 2071 5369 xxv

2186 5317 2241 5372 ιε
2281 5336 2296 5374 :
2331 5318 2393 5372 Εἰ
2424 5320 2485 5374 οὐ
2516 5319 2737 5376 δύναται
2765 5322 2920 5377 τοῦτο
2951 5322 3009 5378 τὸ
3040 5326 3297 5398 ποτήριον
3326 5324 3625 5397 παρελθεῖν
3659 5330 3753 5381 ἀτί

505 5385 629 5438 μου-

691 5440 929 5528 Ῐξιθιιιιιιίι
955 5447 1238 5528 metricum
1277 5448 1326 5501 in
1358 5449 1399 5528 ᾼ
1433 5467 1448 5528 _:
1492 5449 1551 5502 Ὀ
1586 5450 1812 5528 (lava-.0;
1841 5455 1893 5507 τί
2002 5457 2071 5528 ἐσ⁴

2186 5456 2376 5528 ἐνθάδε
2400 5459 2584 5528 βλέπε.

851 5529 939 5605 ιιι,
1118 5517 1266 5582 Ἕως
1296 5518 1389 5570 τοῦ
1423 5520 1756 5593 ἀποστρέψαι
1793 5507 1852 5577 σε
1897 5525 1975 5589 εἰς

542 5578 655 5646 (63)
686 5577 815 5636 Luc.
850 5577 962 5646 xxi.
985 5586 1074 5641 26.

541 5645 653 5714 (64)
686 5647 813 5704 Luc.
853 5668 890 5714 ι,
921 5645 1005 5709 l9.

538 5708 653 5788 (65)
689 5708 962 5788 EpistJad
990 5724 1235 5785 Thessali.
1265 5745 1334 5795 tv,
1374 5731 1457 5785 16.
