3994 6350
239 333 350 397 929

235 515 542 587 μαθόντες,
568 513 744 578 οὕτως
791 516 1075 589 ἀραρότως
1115 521 1211 575 καὶ
1242 524 1662 594 ἀναμφιλέκτως
1700 528 1820 580 ἐπι-

233 606 536 671 στεύσατε;
578 605 659 658 Τά
708 608 810 675 μὲν
856 609 963 679 γάρ
1009 610 1108 682 ἤδη
1143 613 1453 684 πραχθέντα
1493 618 1589 670 καὶ
1635 616 1821 689 ἔργοις

228 696 648 767 φανερωθέντα,
673 697 774 751 κᾶν
800 699 954 752 αὐτοὶ
980 700 1081 753 οὐκ
1101 701 1290 764 εἰδετε,
1318 704 1455 758 ἀλλὰ
1475 705 1584 760 τῶν
1607 708 1821 779 ἱστορη-

230 788 456 842 σάντων
486 788 787 857 ἠκούσατε·
821 790 940 854 πῶς
970 790 1049 855 δὲ,
1083 794 1177 846 καὶ
1202 795 1331 865 περὶ
1357 796 1470 849 τῶν
1510 797 1817 867 μελλόντων

225 877 465 933 τοιαῦτα
499 877 714 948 μεγάλα
742 879 838 932 καὶ
866 880 1145 951 ὑπέρογκα
1174 884 1561 955 κηρύττοντες,
1595 890 1815 960 ἀσφαλῆ

225 970 333 1045 τὴν
365 970 493 1041 περὶ
527 970 707 1047 αρτῶν
745 971 1010 1044 κέκτησθε
1050 974 1457 1049 πληροφορίανς
1600 1012 1603 1017 μ
1717 962 1723 968 ’

306 1229 417 1286 Καί
443 1246 607 1301 φησιν
636 1230 665 1282 6
708 1230 1003 1303 Βαρλαάμ·
1049 1234 1143 1288 Ἐκ
1178 1236 1286 1288 τῶν
1322 1237 1423 1308 ἤδη
1456 1239 1813 1310 πραχθέντων

228 1322 559 1394 ἐκτησάμην
592 1322 686 1377 καὶ
715 1323 824 1376 τῶν
855 1325 1157 1394 μελλόντων
1196 1326 1294 1399 τὴν
1328 1328 1732 1403 πληροφορίαν·
1763 1335 1811 1386 οἱ

228 1414 341 1487 γὰρ
378 1412 556 1468 ταῦτα
588 1413 929 1485 κηρύξαντες
964 1417 1023 1470 ὲν
1055 1417 1230 1472 οὐδενὶ
1270 1419 1371 1491 τῆς
1403 1421 1668 1493 ἀληθείας
1730 1424 1812 1477 δι-

229 1506 595 1578 αμαρτόντες,
627 1507 763 1560 ἀλλά
792 1508 1039 1579 σημείοις
1065 1510 1161 1564 καὶ
1186 1511 1377 1582 τέρασι
1411 1516 1505 1568 καὶ
1534 1515 1811 1580 ποικίλαις

224 1595 495 1666 δυνάμεσι
547 1594 659 1666 (84)
710 1594 778 1648 τά
824 1594 1080 1666 λεχθέντα
1121 1599 1605 1672 ἐμπεδωσάμενοι,
1654 1603 1810 1657 αὐτοὶ

225 1688 344 1759 6⁸
382 1687 477 1744 καὶ
512 1687 642 1756 περ).
679 1686 790 1741 τῶν
823 1688 1127 1758 μελλόντων
1165 1693 1547 1763 εἰσηγήσαντο.
1594 1695 1808 1774 Ὥσπερ

468 388 480 413 λ
1347 330 1521 389 VITA
1559 329 1919 391 BARLAAM
1962 334 2056 393 ET
2093 335 2443 398 JOASAPH.

236 428 325 492 τίς
356 427 389 499 ἡ
419 424 627 524 τούτων
652 425 956 496 ἀπόδειξις;
986 432 1077 485 καὶ
1102 433 1235 497 πῶς,
1266 435 1326 488 τὸ
1353 437 1491 501 τέως
1522 435 1598 509 μὴ
1629 436 1811 492 θεαθέι.

1922 455 2188 514 gestarum
2217 463 2442 505 examen
2471 462 2533 504 ac
2557 462 2782 506 merces.
2818 451 3010 507 Verum
3039 466 3142 524 quo
3170 458 3482 524 argumento

3372 369 3478 431 930

1924 535 2306 605 hmc,probas?
2352 548 2405 592 et
2431 553 2660 607 quonam
2688 542 2736 595 ei
2768 542 2842 596 rei
2875 557 2991 611 qua:
3040 543 3271 598 nondum
3314 546 3481 601 oculis

1921 636 2194 701 perspecta
2244 636 2325 681 est
2370 628 2564 683 auditae
2605 637 2767 698 atque
2811 631 3092 686 intellecta:
3136 642 3302 701 usque
3347 634 3480 689 adeo

1920 696 2123 771 ﬁrmam
2152 724 2207 773 et
2237 717 2584 773 indubitatam
2620 696 2774 775 ﬁdem
2803 720 3156 776 adhibuistis?
3197 696 3328 778 Nam
3360 740 3479 793 qua:

1915 805 2024 875 jam
2054 816 2200 877 gesta
2231 822 2294 863 ac
2319 824 2379 865 re
2408 809 2520 877 ipsa
2547 810 2812 865 declarata
2842 824 2998 877 sunt,
3026 815 3231 869 etiamsi
3259 816 3355 884 ipsi
3389 818 3492 881 nti-

1919 896 2063 951 nime
2091 896 2333 953 videritis
2355 938 2369 962 ,
2403 907 2457 952 at
2485 899 2553 952 alt
2581 900 2644 953 iis
2671 901 2757 969 qui
2781 915 2844 954 ea
2869 903 3152 968 viderunt,
3184 919 3247 958 ac
3278 919 3479 960 memet

1918 989 2010 1046 riae
2038 989 2407 1059 prodiderunt,
2436 992 2730 1046 audivistis.
2753 993 2989 1059 Quonam
3016 1005 3190 1049 autem
3219 996 3378 1051 modo
3411 996 3480 1050 de

1924 1078 2087 1134 rebus
2111 1078 2305 1134 futuris
2335 1090 2439 1132 tam
2471 1094 2657 1149 magna
2685 1089 2738 1136 ct
2762 1082 3068 1150 praetumida
3097 1084 3469 1152 praedicantes,

1916 1179 2115 1225 certam
2142 1168 2209 1224 de
2233 1169 2299 1223 iis
2327 1168 2483 1224 ﬁdem
2515 1172 2652 1225 nacti
2679 1171 2848 1225 estis?

1982 1358 2280 1429 Respondit
2308 1358 2549 1413 Bartaam
2582 1375 2596 1413 :
2630 1358 2706 1413 Ex
2737 1358 2802 1413 iis
2829 1373 2947 1429 qua:
2969 1358 3079 1429 jam
3108 1358 3474 1429 contigerunt.

1915 1446 1983 1502 de
2013 1447 2201 1502 tuturis
2227 1447 2389 1501 etiam
2417 1454 2619 1502 certam
2649 1445 2809 1503 (idem
2836 1456 3020 1503 nactus
3050 1463 3189 1504 sum.
3228 1448 3358 1509 Nam
3387 1450 3476 1519 qui

1834 1576 1837 1581 .
1915 1535 2031 1591 hate
2059 1534 2431 1603 praedicarunt,
2458 1549 2556 1591 nec
2581 1535 2687 1590 ulla
2719 1536 2772 1589 in
2803 1551 2862 1591 re
2891 1551 2919 1590 a
2964 1551 3093 1592 vero
3138 1536 3472 1602 aberrarunt,

1914 1637 2098 1679 verum
2128 1637 2222 1691 per
2249 1622 2399 1693 signa
2427 1631 2479 1677 et
2504 1624 2770 1692 prodigia,
2801 1625 3087 1695 variasque
3113 1627 3334 1683 virtutes
3359 1642 3474 1684 ser-
3508 1649 3513 1653 θ

1915 1711 2162 1766 monibus
2190 1713 2302 1767 suis
2332 1712 2495 1767 robur
2519 1714 2870 1768 conciliarunt
2890 1753 2905 1780 ,
2934 1714 3093 1769 iidem
3118 1717 3276 1771 etiam
3305 1718 3372 1773 de
3396 1718 3473 1771 fu.

225 1774 325 1832 οὖν
351 1777 587 1833 ἐνταῦθα
610 1778 762 1835 οὐδὲν
790 1781 977 1833 σκαιὸν
1006 1782 1099 1839 καὶ
1126 1784 1509 1853 πεπλασμένον
1539 1786 1801 1852 ἐδίδαξαν,

1916 1799 2048 1852 turis
2091 1799 2643 1871 nosadmonuerunt.
2695 1774 3150 1866 Quemadmodum
3194 1803 3350 1872 igitur
3392 1804 3474 1858 hic

226 1869 370 1924 ἀλλὰ
408 1870 587 1924 πάντα
631 1870 985 1942 φαιδρότερον
1016 1872 1165 1943 ἡλίου
1199 1872 1448 1943 ἔλαμψαν
1480 1876 1590 1947 (85)
1621 1878 1718 1931 ὅσα
1747 1895 1806 1932 τε

225 1956 385 2014 εἷπον
418 1960 514 2014 καὶ
545 1962 830 2035 ἐποίησαν,
860 1963 1033 2028 οὕτως
1065 1969 1228 2021 κακεί
1258 1968 1487 2035 ἀληθινὰ
1516 1971 1807 2042 ἐδογμάτι-

228 2069 362 2107 σαν·
394 2052 554 2106 ἅτινα
598 2054 693 2107 καὶ
722 2054 886 2119 αὐτὸς
917 2058 945 2109 6
980 2056 1185 2128 Κύριος
1229 2059 1385 2130 ἡμῶν
1416 2062 1510 2117 καὶ
1537 2062 1808 2136 δεσπότης

238 2141 452 2214 Ἰησοῦς
499 2144 734 2215 Χριστὸς
784 2144 929 2216 λόγῳ
980 2163 1040 2198 τε
1095 2150 1189 2201 καὶ
1244 2148 1392 2220 ἔργῳ
1442 2151 1803 2213 ἐπιστώσατο.

233 2236 415 2305 Ἀμὴν
439 2236 569 2306 γὰρ,
604 2236 736 2306 φησὶ
760 2234 892 2307 (86),
916 2236 1061 2305 λέγω
1090 2239 1217 2309 ὑμῖν
1246 2239 1325 2292 ὅτι
1348 2240 1565 2311 ἔρχεται
1591 2242 1731 2315 ὥρα,
1750 2246 1808 2297 ὲν

220 2319 256 2399 ᾖ
289 2326 494 2388 πάντες
520 2326 568 2376 οξ
600 2326 657 2379 ἐν
688 2328 801 2385 τοῖς
834 2327 1123 2397 μνημείοις
1152 2327 1477 2388 ἀκούσονται
1501 2332 1601 2402 τῆς
1624 2336 1809 2405 φωνῆς

219 2415 323 2469 τοῦ
362 2415 491 2468 1⁸ίοῦ
524 2415 617 2471 τοῦ
650 2416 807 2480 Θεοῦ,
838 2418 935 2472 καὶ
966 2421 1015 2473 οἱ
1044 2420 1379 2487 ἀκούσαντες
1402 2425 1680 2495 ζήσονται·
1715 2430 1808 2487 καὶ

221 2500 408 2569 αὖθις·
442 2505 702 2576 Ἔρχεται
744 2506 884 2579 ὥρα,
923 2510 1013 2564 ὅτε
1047 2512 1097 2564 οἱ
1127 2512 1311 2583 νεκροὶ
1346 2514 1673 2575 ἀκούσονται
1708 2519 1809 2589 τῆς

224 2596 416 2666 φωνῆς
451 2595 651 2658 αὑτοῦ,
684 2597 777 2649 καὶ
800 2599 1227 2669 ἐκπορεύσονται
1255 2602 1305 2654 ot
1334 2602 1403 2659 τὰ
1435 2605 1617 2674 ἀγαθά
1656 2609 1811 2680 ποιή-

223 2710 426 2755 σαντες
459 2694 538 2756 είς
572 2691 871 2746 ἀνάστασιν
903 2692 1069 2763 ζωῆς,
1097 2693 1148 2745 οἱ
1177 2693 1232 2747 δὲ
1262 2693 1331 2750 τὰ
1358 2695 1537 2764 φαῦλα
1568 2698 1812 2768 πράξαν-

218 2810 318 2855 τες
366 2793 448 2854 είς
504 2790 806 2845 ἀνάστασιν
863 2789 1118 2861 κρίσεως·
1177 2791 1272 2845 καὶ
1306 2792 1468 2847 πάλιν
1532 2797 1661 2872 περὶ
1711 2795 1811 2868 τῆς

219 2882 583 2946 ἀναστάσεως
611 2880 744 2953 φησι
776 2881 884 2935 τῶν
914 2882 1144 2953 νεκρῶν·
1178 2884 1295 2938 Οὐκ
1320 2885 1593 2955 ἀνέγνωτε
1625 2888 1685 2942 τὸ
1714 2890 1814 2961 ρη-

221 2976 321 3029 Θέν
354 2976 486 3045 ύμῖν
517 2975 622 3027 ὑπὸ
660 2972 753 3028 τοῦ
784 2972 920 3041 Θεοῦ
957 2973 1229 3042 λέγοντοςο
1288 2976 1431 3047 Ἐγώ
1469 2980 1586 3050 εἰμι
1616 2980 1644 3031 6
1680 2980 1813 3045 Θεὸς

234 3067 494 3138 ’Λόραάμ
517 3065 610 3119 καὶ
640 3066 668 3118 6
697 3064 829 3129 Θεὸς
885 3063 1068 3119 Ἰσαὰκ
1101 3066 1197 3119 καὶ
1232 3069 1259 3121 6
1284 3067 1417 3133 Θεὸς
1459 3070 1675 3125 Ἰακιίοὸο
1710 3070 1812 3125 οὐκ

1913 1886 2043 1943 nihil
2075 1896 2455 1957 praeposterum
2484 1904 2548 1943 ac
2577 1888 2757 1946 ﬁctum
2787 1889 3117 1956 docuerunt,
3148 1905 3331 1947 verum
3362 1906 3474 1947 om-

1910 1977 1995 2034 nia
2026 1992 2086 2032 ea
2113 1992 2230 2047 qua:
2262 1978 2330 2031 ab
2357 1978 2486 2046 ipsis
2518 1978 2657 2033 dicta
2682 1985 2736 2032 et
2764 1977 2908 2037 facta
2935 1986 3092 2044 sunt,
3124 1979 3236 2034 sole
3282 1979 3474 2035 clarius

1910 2065 2259 2132 effulserunt,
2309 2068 2501 2122 eodem
2546 2082 2759 2137 quoque
2799 2068 2960 2124 modo
2998 2070 3106 2124 illic
3137 2085 3262 2126 vere
3301 2074 3474 2129 omnia

1911 2154 2261 2211 tradiderunt.
2291 2155 2418 2223 Quae
2448 2156 2662 2225 quidem
2686 2158 2845 2211 etiam
2871 2157 2985 2227 ipse
3013 2157 3267 2213 Dominus
3293 2168 3475 2214 noster

1909 2262 1973 2302 ac
2002 2248 2160 2301 herus
2186 2246 2341 2302 Jesus
2367 2247 2640 2314 Christus,
2684 2255 2792 2303 tum
2838 2263 3116 2314 sermone,
3156 2257 3265 2303 tum
3306 2263 3471 2318 opere

1910 2335 2272 2392 conﬁrmavit.
2303 2334 2471 2391 Amen
2501 2337 2681 2402 enim,
2717 2336 2923 2406 inquit,
2968 2336 3087 2391 dico
3118 2337 3301 2401 vobis,
3350 2334 3472 2404 quia

1909 2426 2055 2481 venit
2085 2426 2235 2489 hora,
2268 2426 2480 2495 quando
2505 2426 2699 2481 mortui
2726 2426 2941 2481 audient
2961 2440 3148 2481 vocem
3188 2425 3290 2481 Flii
3329 2426 3423 2481 Dei
3445 2466 3468 2496 ,

1910 2524 1963 2569 et
1992 2513 2084 2584 qui
2111 2515 2405 2578 audierint,
2434 2514 2613 2569 vivent
2640 2514 2820 2584 (Joan.
2845 2511 2964 2585 ιιι).
2991 2514 3068 2569 Ac
3094 2528 3301 2569 rursum
3325 2532 3339 2568 :
3371 2514 3472 2570 νος

1910 2604 1990 2661 nit
2016 2605 2143 2659 hora
2165 2644 2180 2669 ,
2214 2604 2264 2658 in
2293 2619 2393 2673 qua
2424 2618 2610 2659 omnes
2634 2605 2724 2675 qui
2755 2606 2807 2658 in
2837 2604 3197 2660 monumentis
3225 2612 3347 2659 sunt
3377 2619 3470 2663 att.

1909 2695 2057 2753 dieut
2080 2709 2265 2755 vocem
2296 2694 2410 2749 Filii
2431 2695 2545 2749 Dei.
2562 2694 2625 2751 Et
2648 2695 2941 2763 precedent
2963 2694 3051 2764 qui
3075 2695 3210 2750 bona
3233 2694 3472 2749 fecerunt

1910 2785 1963 2837 in
1994 2784 2445 2838 resurrectionem
2482 2780 2644 2845 vitae;
2674 2781 2764 2850 qui
2793 2795 2919 2836 vero
2949 2781 3089 2836 mala
3116 2790 3374 2849 egerunt,
3417 2781 3470 2837 iu

1911 2872 2358 2925 resurrectionem
2383 2866 2568 2939 judicii
2602 2868 2621 2938 (
2649 2866 2803 2925 Luca:
2834 2880 2899 2920 xx
2926 2866 2968 2937 ).
3011 2866 3089 2923 Ac
3118 2881 3326 2922 rursum
3358 2869 3430 2920 ait
3456 2884 3468 2918 :

1913 2962 1987 3015 De
2040 2970 2369 3014 mortuorum
2425 2966 2601 3013 autem
2657 2955 3055 3017 resurrectione
3112 2970 3219 3010 non
3273 2954 3472 3025 legistis

1908 3049 2046 3118 quod
2093 3048 2289 3103 dictum
2333 3033 2420 3102 est
2456 3046 2603 3103 vobis
2642 3058 2673 3099 a
2715 3045 2853 3109 Deo,
2894 3044 3153 3099 dicente:
3200 3042 3311 3110 Ego
3355 3057 3471 3096 sunt

221 3120 377 3220 ἐστιν
405 3162 434 3215 ὁ
456 3120 589 3223 Θεὸς
626 3159 758 3223 Θεὸς
792 3120 1022 3231 νεκρῶν,
1060 3160 1198 3216 ἀλλά
1225 3120 1441 3226 ζώντων

1914 3138 2045 3192 Deus
2073 3136 2374 3201 Abraham,
2405 3132 2545 3187 Deus
2587 3130 2766 3199 Isaac,
2808 3141 2862 3187 et
2905 3131 3044 3189 Deus
3075 3130 3285 3186 Jacobi
3322 3120 3472 3185 Deus

223 3252 341 3325 γὰρ
365 3252 686 3321 συλλέγεται
712 3252 783 3305 τά
816 3250 1036 3317 ζιζάνια
1066 3253 1163 3313 καὶ
1196 3254 1330 3326 πυρὶ
1352 3256 1606 3322 καίεται,
1636 3257 1811 3324 οὕτως

224 3347 383 3400 ἔσται
415 3348 474 3401 ἐν
502 3348 568 3417 τῇ
600 3345 885 3417 συντελείᾳ
915 3344 1011 3400 τοῦ
1047 3346 1244 3411 αἰῶνος
1273 3347 1486 3407 τούτου·
1522 3351 1814 3409 ἀποστελεί

224 3439 257 3490 6
282 3436 410 3499 Υἱὸς
431 3436 527 3490 τοῦ
555 3434 691 3489 Θεοῦ
717 3437 842 3501 τοὺς
869 3437 1139 3506 ἀγγέλους
1167 3438 1333 3492 αὐτοῦ
1366 3441 1460 3499 καὶ
1495 3441 1812 3508 συλλέξουσι

225 3531 413 3586 πάντα
446 3531 516 3584 τὰ
542 3529 815 3587 σκάνδαλα
840 3531 936 3584 καὶ
961 3531 1087 3595 τοὺς
1114 3530 1400 3597 ποιοῦντας
1430 3534 1530 3604 τὴν
1555 3533 1809 3613 ἀνομίαν,

224 3624 326 3677 καὶ
360 3620 617 3690 βαλοῦσιν
669 3623 868 3687 αὐτοὺς
921 3623 1001 3685 είς
1045 3623 1145 3694 τὴν
1189 3623 1425 3695 κάμινον
1469 3623 1563 3680 τοῦ
1614 3628 1808 3699 πυρός·

222 3715 351 3771 ἐκεῖ
380 3713 536 3771 ἔσται
566 3714 596 3766 6
625 3713 906 3784 κλαυθμὸς
940 3714 1036 3769 καὶ
1057 3715 1086 3767 ό
1128 3713 1376 3787 βρυγμὸς
1411 3717 1520 3771 τῶν
1559 3718 1808 3778 ὀδόντων·

132 3864 133 3867 η
220 3805 352 3858 τότε
377 3806 429 3858 οί
451 3804 649 3861 δίκαιοι
670 3804 1043 3876 ἐκλάμψουσιν
1066 3806 1141 3872 ὡς
1168 3808 1196 3863 6
1213 3807 1367 3879 ἥλιος
1396 3810 1454 3862 ἐν
1468 3812 1535 3882 τῇ
1562 3809 1813 3884 βασιλείᾳ

221 3887 323 3949 τοῖο
359 3895 570 3966 Πατρὸς
600 3896 778 3951 αὐτῶν
807 3896 939 3968 (88).

301 3987 491 4043 Ταῦτα
524 3988 730 4055 εἰπὼν,
775 3989 1108 4061 προσέθετο,⁹
1173 3992 1229 4046 το
1264 3990 1403 4063 ἔχων
1443 3992 1557 4048 ὦτα
1589 3995 1811 4052 ἀκούειν

221 4080 498 4136 ἀκουέτω.
533 4080 815 4145 Τοιούτοις
851 4081 951 4152 μὲν
997 4081 1179 4150 λόγοις
1219 4084 1313 4138 καὶ
1346 4084 1557 4156 ἑτέροις
1599 4086 1811 4145 πλείοσι

222 4170 330 4242 τὴν
363 4170 476 4242 69
523 4169 631 4223 τῶν
682 4170 953 4241 σωμάτων
1000 4171 1157 4242 ἡμῶν
1210 4172 1560 4228 ἀνάστασινηό
1605 4175 1814 4248 Κύριος

223 4261 603 4333 ἐφανέρωσεν·
646 4262 793 4333 ἔργῳ
820 4262 877 4315 δὲ
906 4263 1034 4326 τοὺς
1061 4262 1256 4332 λόγους
1286 4264 1650 4334 ἐπιστώσατο,
1683 4266 1812 4323 πολ-

222 4353 357 4417 λοὺς
387 4352 610 4425 ἐγείρας
638 4354 865 4425 νεκροὺς
885 4393 900 4418 ν
930 4354 1068 4425 πρδς
1091 4354 1147 4409 δὲ
1178 4354 1254 4427 τῷ
1281 4356 1427 4410 τέλει
1456 4358 1557 4429 τῆς
1583 4360 1677 4412 ἐπὶ
1707 4358 1813 4431 γῆς

222 4442 397 4499 αὑτοῦ
432 4443 706 4508 πολιτείας
726 4485 740 4509 ,
774 4444 870 4498 καὶ
907 4448 1225 4517 τεταρταῖον
1255 4447 1358 4518 ἤδη
1391 4449 1813 4527 καταφθαρέντα

1910 3245 2067 3299 porro
2094 3238 2423 3284 mortuorum
2455 3227 2594 3280 Deus
2624 3241 2727 3281 non
2758 3233 2873 3290 est,
2904 3223 2997 3283 sed
3042 3224 3352 3277 viventium.
3408 3221 3473 3278 lit

1908 3320 2047 3375 enim
2079 3318 2395 3387 colliguntur
2422 3315 2659 3379 zizania,
2700 3322 2755 3367 et
2798 3313 3202 3376 comburuntur,
3250 3312 3329 3366 sic
3371 3309 3472 3363 erit

1909 3412 1961 3464 in
1996 3408 2451 3462 consummatione
2473 3404 2655 3460 szeculi
2683 3402 2840 3471 hujus
2866 3400 3077 3471 (Matth.
3099 3398 3279 3468 xxiv).
3306 3399 3473 3452 Mittct

1910 3499 2073 3553 Filius
2104 3498 2193 3552 Dei
2223 3496 2439 3564 angelos
2464 3509 2591 3552 suos
2613 3534 2628 3557 .
2659 3504 2711 3547 et
2742 3491 2993 3560 colligent
3037 3490 3103 3543 de
3144 3501 3310 3558 regno
3355 3486 3474 3556 ejus

1905 3593 2084 3649 omnia
2125 3589 2373 3647 scandala
2400 3630 2415 3654 ,
2465 3597 2520 3642 et
2562 3601 2658 3640 eos
2687 3586 2771 3653 qui
2804 3584 3003 3638 faciunt
3031 3581 3379 3650 iniquitatem.
3408 3580 3472 3634 Et

1905 3681 2117 3735 mittent
2163 3694 2255 3735 eos
2304 3679 2355 3732 in
2400 3680 2669 3733 caminum
2726 3674 2906 3742 ignis:
2956 3672 3065 3726 illic
3092 3671 3192 3724 erit
3222 3670 3373 3724 ﬂetus
3416 3677 3469 3734 et

1904 3773 2100 3829 stridor
2126 3773 2380 3827 dentium.
2415 3772 2565 3822 Tune
2607 3768 2737 3838 justi
2789 3766 3058 3835 fulgebant
3105 3764 3243 3818 sicut
3284 3764 3364 3818 sol
3408 3763 3462 3823 in

1907 3876 2072 3932 regno
2102 3861 2271 3913 Patris
2299 3875 2508 3922 eorum.

1985 3998 2109 4053 Haec
2144 3997 2325 4051 d'cens
2368 3994 2608 4045 addidit:
2638 3992 2736 4058 Qui
2780 3991 2936 4046 habet
2987 4008 3143 4052 aures
3195 3995 3470 4063 audiend-,

1916 4089 2091 4144 audiat
2134 4086 2283 4146 (Luc.
2326 4083 2408 4139 nl.
2442 4083 2532 4137 llis
2575 4082 2730 4152 igitur
2754 4081 3101 4153 pluribusque
3147 4082 3264 4137 aliis
3343 4092 3466 4134 ver-

1903 4174 1992 4231 bis
2054 4169 2319 4230 Duminus
2386 4186 2665 4242 corporum
2690 4172 3135 4228 resurrectionem
3163 4172 3469 4229 declaravit.

1909 4266 2099 4335 Reipsa
2144 4273 2317 4317 autem
2344 4263 2681 4318 sermonibus
2724 4261 2834 4317 suis
2876 4262 3042 4317 ﬁdem
3070 4263 3323 4325 astruxit,
3351 4276 3472 4316 cum

1915 4367 2149 4410 mortuos
2173 4353 2235 4406 ad
2268 4353 2427 4405 vitam
2474 4351 2769 4414 revocavit,
2815 4364 2877 4405 ac
2928 4351 3028 4404 sub
3068 4350 3332 4405 terrestris
3358 4348 3473 4404 vitae

1912 4462 2022 4501 sua:
2041 4443 2410 4512 catastrOplten
2435 4443 2686 4497 Lamtrttm
2719 4441 3000 4510 quemdam
3033 4440 3263 4495 amicum
3294 4454 3467 4505 suum,

221 4536 324 4591 καὶ
355 4534 589 4593 ὀδωδότα
629 4536 877 4607 Λάζαρόν
909 4554 1030 4590 τινα
1057 4536 1169 4607 (89)
1205 4537 1359 4606 φίλον
1390 4540 1586 4595 ἑαυτοῦ
1626 4543 1691 4597 ἐκ
1715 4543 1807 4598 τοῦ

1910 4536 1997 4606 qui
2025 4534 2131 4605 jatn
2156 4532 2439 4602 quatriduo
2468 4539 2708 4586 mortuus
2738 4540 2872 4593 erat,
2903 4544 2965 4583 ac
2993 4530 3229 4593 metebat,
3283 4544 3314 4583 e
3355 4544 3470 4584 nto-

223 4628 520 4699 μνήματος
544 4626 800 4691 καλέσας,
826 4628 928 4683 Δκαὶ
957 4626 1136 4692 ζῶντα
1162 4628 1253 4682 τὸν
1285 4629 1486 4685 ἄπνουν
1535 4649 1817 4705 παραστη-

223 4721 490 4791 σάμενος.
539 4718 663 4777 Ἐπὶ
694 4718 907 4782 τούτοις
952 4718 1009 4773 δὲ
1054 4721 1147 4774 καὶ
1187 4720 1350 4785 αὐτὸς
1391 4724 1419 4776 6
1459 4723 1662 4796 Κύριος
1708 4729 1817 4782 ἀπ-

219 4810 499 4884 αρχὴίθο)
526 4811 623 4881 τῆς
648 4808 859 4874 τελείας
887 4811 980 4863 καὶ
1015 4810 1211 4882 μηκέτι
1232 4812 1449 4885 θανάτῳ
1481 4815 1817 4870 ὑποπιπτού-

223 4919 332 4972 σης
355 4901 707 4963 ἀναστάσεως
729 4898 941 4969 γέγονε,
973 4901 1140 4973 σαρκὶ
1159 4901 1254 4955 τοῦ
1280 4903 1510 4959 θανάτου
1539 4906 1816 4976 γευσάμε-

222 5008 321 5056 νος
349 4990 485 5064 (9i),
512 4990 754 5054 ἀναστάς
778 4990 836 5048 δὲ
865 4991 1157 5062 τριήμερος
1182 4990 1404 5047 καὶτῶν
1426 4991 1634 5063 νεκρῶν
1668 5010 1817 5065 πρω-

1907 4631 2160 4680 nutnento
2187 4624 2407 4687 vocavit,
2438 4634 2663 4690 euntque
2687 4618 2774 4688 qui
2800 4621 3030 4673 animam
3060 4618 3351 4680 efﬂaverat,
3393 4619 3472 4671 vi-

1911 4729 2034 4769 vum
2064 4712 2301 4768 exhibuit
2325 4708 2499 4781 (Joan.
2534 4709 2638 4777 τι).
2668 4708 2800 4775 Quin
2833 4707 2946 4773 ipse
2971 4720 3180 4774 quoque
3215 4705 3472 4759 Dominus

1906 4803 2214 4874 perfectam,
2242 4815 2345 4856 nec
2364 4801 2473 4870 jam
2504 4800 2659 4855 morti
2695 4798 2985 4868 subiectam
3022 4796 3466 4852 resurrectionem

1907 4895 2202 4963 auSpicatus
2228 4902 2305 4947 est
2340 4909 2352 4945 :
2378 4890 2569 4961 quippe
2588 4892 2675 4961 qui
2706 4901 2877 4945 morte
2905 4890 2956 4944 in
2982 4904 3143 4945 carne
3169 4887 3466 4959 degustata,

1909 4984 2082 5039 triduo
2103 4991 2222 5053 post
2248 4983 2313 5037 ad
2340 4982 2498 5036 vitam
2528 4979 2704 5047 rediit,
2744 4996 2807 5036 ac
2850 4990 3173 5036 mortuorum
3204 4977 3465 5048 printoge-

305 5172 418 5249 (δέ)
448 5173 707 5249 Act._ép.
743 5187 817 5249 tt,_
832 5169 904 5224 22
938 5189 951 5225 :
989 5171 1193 5243 Ἄνδρα
1230 5171 1343 5225 ἀπὸ
1367 5173 1462 5227 τοῦ
1503 5174 1642 5229 Θεοῦ
1675 5171 2128 5246 ἀποδεδειγμένον
2157 5173 2241 5239 είς
2267 5173 2413 5246 ὑμᾶς
2447 5173 2714 5245 δυνάμεσι
2748 5172 2845 5226 καὶ
2874 5168 3066 5240 τέρασι
3108 5168 3203 5223 καὶ
3238 5144 3485 5249 σημείοις

218 5245 391 5302 Conf.
427 5258 546 5313 pag.
579 5242 671 5306 53,
701 5242 838 5313 [ινδ.

326 5310 678 5391 85)’1ιὸουιίο
709 5311 927 5367 biblica.
959 5310 1287 5366 Conferatur
1328 5328 1453 5367 mox
1485 5323 1609 5369 nota
1641 5314 1730 5371 88.

329 5375 420 5437 86)
449 5383 603 5437 Anud
630 5380 787 5435 Joatt.
822 5396 873 5437 ν.
899 5381 992 5437 25.
1023 5380 1115 5435 28.

302 5396 420 5454 (δυ)
449 5396 603 5450 Αρυιι
630 5396 787 5435 Joan.
822 5396 873 5446 ν,
899 5396 1115 5481 manu.

302 5454 420 5517 (87)
454 5453 617 5507 Marc.
650 5467 747 5515 ιιι,
778 5450 869 5515 26,
899 5450 970 5504 27
1002 5492 1015 5504 .
1049 5451 1194 5507 conf.
1229 5451 1359 5507 Luc.
1392 5468 1484 5518 xx,
1516 5454 1608 5519 37,
1637 5454 1727 5509 58.

299 5521 417 5593 (88)
449 5520 638 5581 Matth.
672 5536 801 5593 xtl],

302 5591 417 5662 (89)
448 5593 606 5646 Joan.
642 5607 717 5656 ιι,
743 5592 861 5662 59)
896 5591 1036 5662 Ἤδη
1065 5591 1178 5662 δζει
1204 5606 1217 5621 °
1249 5595 1570 5662 τεταρταῖος
1601 5594 1711 5662 γάρ
1740 5596 1877 5649 ἐστι.

302 5664 419 5734 (90)
451 5663 467 5734 ζ
498 5662 674 5731 Epist.
706 5661 936 5734 a_tl_Cor._
965 5661 1047 5734 xv,
1084 5661 1155 5734 2A5
1188 5679 1201 5715 :
1236 5661 1457 5734 ἀπαρχὴ
1490 5661 1749 5734 Χριστός.
1788 5664 1811 5719 (

1909 5680 2028 5722 mox
2074 5680 2127 5720 η.
2160 5664 2214 5721 4.

302 5668 397 5731 (90
452 5668 467 5716 Ι
500 5668 674 5731 Epist.
706 5668 773 5715 atl
801 5668 929 5717 (λοι.
965 5676 1047 5722 ιν,
1084 5668 1155 5715 25
1188 5679 1201 5715 :
1236 5668 1457 5732 ἀπαρχὴ
1490 5668 1749 5734 Χριστός.

278 5668 419 5810 ’(91)
449 5732 582 5795 Luc.
616 5748 686 5789 Ix.
722 5730 793 5785 9.7
828 5748 840 5784 :
873 5731 936 5784 Οἳ
968 5731 1031 5785 οὗ
1067 5730 1142 5804 μὴ
1170 5731 1468 5803 γεύσωνται
1507 5731 1760 5793 θανάτου.
