3994 6350
233 355 344 418 933
1337 345 1510 407 VITA
1550 346 1908 410 BARLAAM
1950 349 2045 409 ET
2082 352 2434 417 JOASAPH.
3383 372 3484 436 934

220 453 359 525 δόξῃ
403 451 573 506 αὐτοῦ
604 492 618 516 ,
657 450 752 503 καὶ
787 453 988 516 πάντες
1027 456 1076 508 oi
1105 455 1249 525 ἅγιοι
1288 456 1506 524 ἄγγελοι
1543 458 1660 527 μετ’
1708 450 1811 512 αὐ-

1928 472 2001 526 Ac
2029 485 2239 525 rursum
2284 486 2346 525 ex
2371 468 2498 525 his:
2531 470 2659 525 Cum
2689 469 2895 525 venerit
2943 468 3107 524 Filius
3149 468 3379 525 hominis
3433 476 3487 527 iu

220 544 347 608 τοῦ,
380 544 502 597 τότε
535 541 965 612 συναχθήσονται
999 544 1309 615 ἔμπροσθεν
1340 548 1505 602 αὐτοῦ
1539 550 1717 604 πάντα
1744 552 1813 606 τὰ

1925 562 2198 632 majestate
2225 578 2339 625 sua,
2373 570 2428 619 et
2455 576 2640 616 omnes
2669 562 2840 629 angeli
2864 575 2984 615 eum
3014 574 3101 624 eo,
3130 571 3252 615 tunc
3281 562 3488 616 sedebit

222 634 358 704 ἔθνη
391 636 488 687 καὶ
515 636 734 703 ἀφοριεῖ
761 634 960 698 αὐτοὺς
990 636 1085 689 ἀπ’
1114 637 1387 708 ἀλλήλων,
1414 639 1606 712 ὥσπερ
1636 644 1665 696 ὁ
1694 659 1816 697 ποι-

1924 666 2084 720 super
2108 653 2289 708 sedem
2320 653 2611 721 majestate
2648 668 2779 714 suae,
2811 659 2865 707 et
2886 653 3338 721 congregabuntur
3364 665 3489 707 ante

225 726 343 797 μὴν
373 724 622 794 ἀφορίζει
654 723 724 795 τά
751 724 993 796 πρόϐατα
1021 726 1131 780 ἀπὸ
1161 729 1271 781 τῶν
1303 732 1535 800 ἐρίφων,⁶
1563 734 1661 786 καὶ¹
1689 736 1815 805 στή-

1924 758 2041 797 eum
2070 758 2257 798 omnes
2282 753 2485 811 gentes,
2517 751 2569 797 et
2589 743 2854 809 separabit
2880 756 2972 796 eos
2990 745 3057 795 ab
3084 744 3328 804 invicem,
3350 744 3492 801 sicut

224 833 315 869 ρει
349 817 419 869 τά
461 815 558 884 μὲν
592 814 843 885 πρόϐατα
875 818 939 870 ἐκ
978 817 1167 882 δεξιῶν
1193 821 1382 885 αὐτοῦ,
1419 824 1489 877 τά
1520 824 1578 877 δὲ
1628 827 1815 895 ἐρίφια

1924 821 2097 899 pastor
2120 843 2360 902 segregat
2379 847 2506 886 oves
2524 833 2590 886 ab
2615 832 2799 885 lia-dis.
2830 833 2891 886 Et
2912 841 3109 886 statuet
3126 846 3251 886 oves
3273 832 3486 900 quidem

222 908 290 971 ἐξ
317 907 645 977 εὐωνύμωνο
679 907 802 961 τότε
836 910 953 979 ἐρεῖ
989 912 1017 963 ὁ
1063 912 1318 980 βασιλεὺς
1352 917 1468 980 τοῖς
1506 918 1571 971 ἐκ
1617 916 1813 984 δεξιῶν

1924 936 1946 973 a
1969 922 2174 976 dextris
2202 924 2332 985 suis,
2366 922 2545 976 htedos
2573 932 2750 976 autem
2794 937 2825 975 a
2853 922 3103 975 sinistris.
3150 920 3300 975 Tunc
3346 922 3488 976 dicet

223 998 420 1052 αὐτοῦ·
460 998 649 1062 Δεῦτε,
682 1002 733 1053 οἱ
768 1000 1125 1072 εὐλογημένοι
1151 1004 1245 1059 τοῦ
1273 1007 1488 1079 Πατρός
1521 1026 1644 1079 μου,
1679 1010 1814 1082 κλη-

1924 1011 2031 1067 Rex
2060 1014 2140 1067 his
2169 1014 2259 1082 qui
2287 1030 2319 1067 a
2342 1015 2540 1069 dextris
2569 1024 2722 1069 erunt
2752 1033 2766 1068 :
2790 1015 2995 1077 Venite,
3026 1014 3285 1069 benedicti
3311 1014 3486 1075 Patris

225 1091 571 1159 ρονομήσατε
609 1090 706 1161 τὴν
753 1093 1164 1165 ἡτοιμασμένην
1202 1097 1333 1168 ὑμῖν
1372 1099 1652 1169 βασιλείαν
1700 1103 1815 1157 ἀπὸ

1924 1104 2047 1171 mei,
2071 1104 2333 1173 possidete
2362 1114 2582 1175 regnum
2607 1105 2759 1158 vobis
2782 1113 3022 1171 paratum
3053 1117 3083 1156 a
3106 1105 3488 1158 constitutione

225 1180 539 1251 καταϐολῆς
592 1182 821 1251 κόσμου’
857 1186 1120 1240 ἐπείνασα
1160 1188 1271 1261 γὰρ
1314 1192 1411 1244 καὶ
1451 1193 1689 1249 ἐδώκατέ
1718 1214 1813 1267 μοι

1924 1196 2125 1251 mundi.
2158 1198 2361 1250 Esurivi
2389 1197 2551 1261 enim,
2582 1205 2635 1249 et
2672 1194 2893 1249 dedistis
2932 1194 3063 1248 mihi
3110 1195 3434 1249 manducare
3466 1210 3483 1259 ;

225 1271 452 1336 φαγεῖν,
495 1270 725 1341 ἐδίψησα
754 1273 851 1328 καὶ
883 1276 1172 1332 ἐποτίσατέ
1208 1297 1298 1349 με,
1343 1282 1492 1348 ξένος
1524 1285 1672 1357 ἥμην
1716 1289 1815 1343 καὶ

227 1360 572 1430 συνηγάγετέ
605 1377 697 1431 με,
731 1364 938 1433 γυμνὸς
979 1368 1075 1421 καὶ
1120 1372 1476 1441 περιεϐάλετέ
1526 1394 1615 1445 με,
1647 1379 1813 1448 suos;-

226 1466 373 1537 νησα
430 1452 527 1503 καὶ
583 1454 963 1522 ἐπεσκέψασθέ
1020 1474 1117 1525 με,
1164 1461 1221 1513 ἐν
1264 1462 1479 1535 φυλακῇ
1524 1465 1677 1537 ήμην
1719 1469 1817 1524 καὶ

226 1534 422 1604 ἤλθετε
446 1538 583 1607 πρός
613 1555 703 1606 με.
729 1540 793 1591 Τί
822 1539 983 1594 τοῦτο
1009 1544 1216 1613 Ιηέγωνς
1241 1551 1340 1614 τὰς
1361 1534 1654 1623 γινομένας
1684 1558 1814 1629 παρ’

227 1630 391 1699 ἡμῶν
422 1632 503 1693 εἰς
533 1632 660 1695 τοὺς
689 1632 979 1703 δεομένους
1011 1637 1260 1702 εὐποιῖας
1297 1642 1477 1713 ἐαυτῷ
1506 1647 1817 1718 οἰκειούμε-

227 1738 339 1780 νος.
380 1722 493 1775 Καὶ
536 1724 598 1775 ἐν
630 1724 804 1796 ἑτέρῳ
837 1726 1006 1794 λέγει·
1048 1730 1162 1793 Πᾶς
1197 1732 1273 1802 (5)
1306 1734 1454 1797 ὅστις
1486 1738 1815 1809 ὁμολογήσει

228 1812 288 1863 ἐν
307 1812 437 1881 ἐμοὶ
470 1812 780 1882 ἔμπροσθεν
810 1816 918 1867 τῶν
949 1818 1276 1889 ἀνθρώπων,
1305 1825 1623 1896 ὁμολογήσω
1651 1830 1808 1897 κάγὼ

225 1903 286 1953 ἐν
316 1902 470 1972 αὐτῷ
489 1902 804 1974 ἔμπροσθεν
829 1905 921 1959 τοῦ
955 1907 1171 1979 Πατρός
1206 1929 1307 1981 μου
1332 1913 1425 1965 τοῦ
1452 1917 1508 1967 ἐν
1533 1918 1805 1987 οὐρανοῖς.

313 1992 446 2046 Ἰδοὺ
495 1993 582 2046 διὰ
635 1995 856 2049 πάντων
910 1998 1116 2052 τούτων
1170 2002 1265 2057 καὶ
1314 2004 1490 2060 ἄλλων
1546 2008 1809 2066 πλειόνων

228 2082 337 2153 72
367 2082 603 2154 ἐδήλωσε
627 2085 852 2155 βεϐαίας
878 2083 1019 2143 εἶναι
1051 2092 1142 2144 καὶ
1168 2095 1429 2162 άτφαλεῖς
1450 2098 1547 2160 τὰς
1571 2102 1810 2169 ἀμοιϐὰς

227 2175 338 2228 τῶν
364 2174 586 2243 ἀγαθῶν
615 2178 796 2247 ἔργων
816 2196 829 2211 ·
860 2178 996 2234 ἀλλά
1028 2184 1121 2236 καὶ
1146 2184 1256 2238 τῶν
1285 2188 1546 2243 ἐναντίων
1579 2192 1811 2257 εὐθύνας

226 2267 561 2320 ἀποκεῖσθαι
584 2271 1016 2341 προκατήγγειλε
1037 2273 1125 2327 διὰ
1146 2276 1472 2346 παραϐολῶν
1490 2280 1813 2352 θαυμασίων

227 2358 324 2428 κα).
353 2357 632 2424 ἐξαισίων,
676 2360 743 2425 ἃς
783 2363 815 2431 ἡ
851 2365 1002 2435 πηγὴ
1045 2366 1144 2437 τῆς
1186 2367 1375 2439 σοφίας
1407 2371 1482 2441 (4)
1520 2376 1813 2444 πανσόφως

225 2448 573 2518 διηγήσαθ’
630 2452 762 2508 ποτὲ
816 2454 917 2523 μὲν
977 2456 1234 2512 πλούσιόν
1279 2477 1401 2515 τινα
1456 2468 1811 2535 παρεισάγων

229 2540 525 2610 πορφύραν
579 2545 673 2596 καὶ
724 2543 923 2613 βύσσον
984 2547 1335 2619 ἐνδεδυμένον
1385 2552 1485 2623 (5),
1540 2558 1634 2610 καὶ
1687 2560 1811 2612 καθ’

228 2630 450 2700 ἡμέραν
476 2631 744 2704 λαμπρῶς
778 2636 1232 2709 εὐφραινόμενον,
1274 2644 1609 2714 ἀμετάδοτον
1633 2650 1689 2703 δὲ
1720 2653 1813 2705 καὶ

228 2723 439 2793 ἀνηλεῆ
493 2725 628 2796 πρὸς
681 2728 811 2791 τοὺς
865 2729 1154 2800 δεομένους
1204 2734 1552 2808 ὑπάρχοντα,
1586 2742 1663 2805 ὡς
1718 2744 1816 2798 καὶ

1924 2750 1948 2786 a
1992 2735 2352 2792 misericordia
2384 2743 2666 2798 remotum,
2699 2733 2834 2788 adeo
2861 2740 2916 2786 ut
2966 2746 3248 2801 pauperem
3290 2726 3483 2801 quem-

228 2815 452 2883 πτωχόν
482 2834 600 2869 τινα
633 2818 883 2889 Λάζαρον
911 2821 1136 2893 ὀνόματι
1172 2825 1309 2896 πρὸς
1344 2830 1433 2881 τὸν
1465 2831 1686 2886 πυλῶνα
1715 2833 1817 2889 αὐ-

1924 2825 2064 2887 dam.
2113 2825 2364 2879 Lazarum
2412 2825 2644 2890 nomine,
2690 2822 2755 2877 ad
2783 2821 2924 2877 fores
2950 2822 3355 2889 suasjacentem
3383 2820 3481 2875 de.

224 2905 327 2958 τοῦ
375 2906 710 2979 βεϐλημένον
752 2914 1156 2983 παραϐλέπειν,
1197 2918 1293 2972 καὶ
1336 2921 1457 2973 οὐδὲ
1486 2923 1667 2977 αὐτῶν
1705 2923 1816 2982 τῶν

1924 2917 2162 2983 spiceret,
2187 2929 2249 2969 ac
2274 2929 2341 2969 ne
2363 2915 2503 2984 ipsas
2526 2912 2738 2982 quidem
2764 2926 2961 2967 mensae
2982 2925 3093 2965 suae
3122 2909 3286 2964 micas
3314 2907 3363 2962 ei
3383 2908 3483 2963 im-

227 2996 333 3065 τῆς
361 2999 645 3069 τραπέζης
672 3002 835 3056 αὐτοῦ
858 3004 1055 3075 ψιχίων
1081 3008 1372 3069 ἐπιδιδόναι
1393 3013 1547 3084 αὐτῷ
1568 3030 1580 3045 ’
1606 3014 1815 3070 ἀποθαο

1924 3007 2154 3075 pertiret.
2211 3005 2442 3073 Utroque
2499 3004 2939 3073 igitur‘extremo
2975 3001 3096 3056 vitat
3142 3000 3230 3055 die
3276 2999 3475 3062 functo.

229 3087 438 3140 νὸντων
483 3085 577 3142 οὐν
626 3092 984 3165 ἀμφοτέρων,
1026 3098 1056 3149 ὁ
1099 3098 1197 3167 μὲν
1242 3099 1411 3170 πένης
1458 3103 1667 3168 ἐκεῖνος
1718 3106 1817 3161 καὶ

1924 3112 2117 3167 pauper
2145 3097 2357 3167 quidem
2379 3098 2467 3151 iile
2497 3106 2653 3166 atque
2680 3096 2955 3151 ulcerosus
2982 3096 3039 3150 in
3058 3095 3281 3150 Abrahae
3304 3095 3478 3149 sinum

228 3148 875 3256 ἡλκωμένοςάπηνέχθη,
897 3148 1079 3258 φησὶν,
1099 3148 1176 3254 είς
1199 3193 1291 3247 τὸν
1309 3148 1507 3251 κόλπον

1924 3148 2123 3244 delatus
2149 3148 2231 3243 est
2256 3188 2382 3259 (quo
2411 3148 2600 3256 nempe
2631 3186 2886 3241 vocabulo
2933 3186 3216 3254 proborum
3247 3185 3479 3242 virorum

1919 1288 2082 1356 silivi,
2117 1296 2171 1342 et
2185 1288 2413 1342 dedistis
2435 1286 2563 1340 mihi
2586 1286 2801 1351 bibere;
2831 1286 3023 1359 hospes
3050 1300 3216 1352 eram,
3250 1294 3301 1340 et
3324 1286 3488 1340 culle-

1911 1378 2068 1447 gistis
2099 1392 2212 1439 me;
2266 1377 2456 1439 nudus,
2485 1383 2540 1428 et
2562 1374 2911 1442 cuopetuistis
2952 1390 3072 1437 me;
3120 1374 3380 1436 inﬁrmus,
3435 1382 3489 1426 et

1919 1474 2172 1527 visitastis
2218 1487 2340 1537 me;
2387 1472 2438 1525 in
2470 1483 2683 1525 carcere
2729 1484 2898 1534 eram,
2946 1477 3005 1523 et
3027 1470 3246 1522 venistis
3286 1467 3353 1521 ad
3398 1482 3485 1522 me

1924 1563 2136 1633 (Matth.
2182 1562 2325 1628 xxv).
2359 1563 2465 1614 Cur
2491 1560 2571 1613 his
2594 1560 2767 1614 verbis
2794 1560 2978 1624 utitur,
3007 1560 3108 1614 nisi
3136 1558 3255 1629 quia
3284 1558 3486 1612 beneﬁ-

1923 1654 2022 1718 cia,
2058 1668 2175 1719 quae
2190 1651 2395 1705 'a‘nubis
2418 1650 2470 1705 in
2492 1661 2706 1720 egentes
2728 1650 3087 1713 conferuntur,
3113 1646 3483 1703 sibiaseiscit?

1924 1744 1988 1797 Et
2014 1743 2118 1795 alio
2147 1743 2264 1795 loco
2292 1743 2363 1794 ait
2393 1759 2405 1793 :
2448 1741 2632 1795 Omnis
2659 1743 2957 1811 quicunque
3012 1741 3347 1795 conﬁtebitur
3396 1752 3491 1797 me

1923 1846 2104 1886 coram
2130 1832 2450 1897 hominibus,
2476 1831 2767 1883 confitebor
2790 1839 2842 1884 et
2866 1844 2964 1900 ego
2983 1845 3103 1884 eum
3129 1844 3305 1883 coram
3327 1828 3485 1883 Patre

1927 1935 1993 1973 mi
2014 1935 2067 1982 0,
2096 1919 2185 1990 qui
2214 1929 2295 1974 est
2325 1920 2375 1973 iu
2404 1919 2552 1973 cmlis
2575 1920 2753 1989 (Luae
2785 1920 2897 1983 xtl).

1910 2044 1913 2045 ν
1994 2011 2069 2064 Εη
2101 2026 2194 2078 per
2224 2013 2336 2064 hzec
2362 2011 2559 2074 omnia,
2591 2024 2652 2063 ac
2682 2010 2831 2077 plura
2882 2009 3005 2074 alia,
3059 2009 3205 2063 lirma
3242 2016 3296 2063 et
3338 2013 3484 2061 certa

1922 2117 2041 2158 esse
2067 2102 2323 2156 bonorum
2354 2117 2573 2170 cperum
2617 2100 2830 2170 prmmia
2876 2100 3183 2155 declaravit.
3217 2101 3484 2167 Quemad-

1923 2194 2135 2247 modum
2167 2196 2324 2247 etiam
2366 2202 2546 2247 contra
2591 2191 2949 2260 improbarum
2993 2193 3256 2245 actionum
3301 2203 3483 2258 pinnas.

1922 2284 2027 2339 illic
2053 2284 2347 2339 reconditas
2378 2297 2493 2337 esse
2523 2281 2873 2344 denuntiavit,
2904 2294 2998 2350 per
3018 2278 3352 2332 admirandas
3380 2277 3483 2332 sci-

1923 2372 2047 2427 licet
2091 2383 2144 2427 et
2185 2372 2416 2427 eximias
2442 2370 2717 2440 parabolas
2745 2384 2873 2438 quas
2923 2369 3010 2424 ille
3050 2368 3323 2437 sapientiai
3365 2366 3483 2421 fons

1921 2478 2134 2532 prorsus
2156 2464 2424 2532 sapienter
2440 2463 2700 2531 exposuit.
2729 2460 2937 2516 Etenim
2960 2460 3176 2515 divitem
3200 2456 3481 2525 quemdam

1921 2555 2119 2609 inducit
2164 2553 2337 2624 (Luae
2366 2554 2501 2622 xvi),
2544 2567 2773 2623 purpura
2818 2561 2873 2607 et
2918 2553 3093 2623 bysso
3126 2552 3389 2616 indutum,
3421 2564 3483 2606 ac

1925 2644 2160 2713 quotidie
2199 2645 2472 2713 splendide
2501 2644 2830 2712 epulantem;
2859 2652 3095 2699 tenacem
3125 2653 3299 2696 autem
3327 2652 3485 2711 atque

229 3274 335 3341 τὴν
360 3272 468 3326 τῶν
488 3274 711 3328 δικαίων
739 3279 1030 3335 συναυλίαν
1054 3279 1198 3335 οὕτω
1223 3284 1492 3355 δηλώσας·
1522 3289 1550 3341 ὁ
1574 3288 1631 3343 δέ
1656 3281 1821 3344 πλού-

235 3377 353 3456 σιος
400 3364 673 3435 παρεδόθη
721 3367 882 3437 φλογὶ
929 3373 1134 3442 πικρᾶς
1172 3372 1410 3443 βασάνου
1459 3379 1515 3433 ὲν
1568 3379 1646 3451 τῷ
1692 3380 1815 3456 ᾆδῐν

237 3455 379 3524 πρὸς
411 3456 469 3509 ὃν
514 3457 765 3530 Ἀϐραὰμ
808 3460 1024 3530 ἕλεγεψ
1078 3465 1379 3531 Ἀπέλαϐες
1430 3470 1495 3523 σὺ
1538 3471 1607 3527 τὰ
1639 3455 1822 3542 ἀγαθά

235 3563 337 3601 σου
375 3550 434 3600 ἐν
465 3551 529 3620 τῇ
563 3549 673 3621 ζωῇ
723 3570 839 3617 σου,
884 3555 980 3609 καὶ
1018 3556 1269 3629 Λάζαρος
1302 3561 1506 3631 ὁμοίως
1546 3564 1616 3619 τὰ
1650 3565 1818 3622 κακά’

235 3636 334 3692 νῦν
362 3638 419 3691 δὲ
443 3632 598 3704 οὗτος
635 3643 736 3712 μὲν
764 3647 1187 3715 παρακαλεῖται,
1220 3653 1285 3703 σὺ
1312 3651 1370 3705 δὲ
1395 3653 1673 3713 ὀδυνᾶσαι.

324 3731 590 3802 Ἑτέρωθι
625 3733 683 3787 δὲ
715 3736 1069 3807 παρεικάζων
1099 3739 1198 3809 τὴν
1243 3741 1351 3793 τῶν
1385 3744 1631 3813 οὐρανῶν
1665 3745 1823 3818 βασι-

234 3821 396 3877 λείαν
445 3823 717 3903 ἀνθρώπῳ
767 3826 1010 3895 βασιλεῖ,
1052 3829 1200 3892 ὅστις
1236 3832 1461 3903 ἐποίησε
1494 3837 1709 3905 γάμους
1741 3838 1822 3910 τῷ

237 3914 345 3983 υἱῷ
374 3914 538 3967 αὐτοῦ
571 3916 647 3985 (6)
670 3956 684 3980 ,
719 3916 817 3989 τὴν
846 3919 1147 3987 μέλλουσαν
1177 3923 1517 3997 εὐφροσύνην
1551 3930 1645 3983 καὶ
1677 3928 1819 4002 λαμ·

234 4008 493 4078 πρύτητα
514 4008 657 4062 οὕτω
675 4010 869 4080 δηλῶν.
896 4012 1039 4082 Πρὸς
1062 4014 1158 4068 ἀνθ
1168 4015 1379 4086 ρώπους
1399 4019 1508 4089 γὰρ
1533 4021 1821 4088 ταπεινοὺς

237 4099 432 4152 καὶτὰ
460 4100 679 4169 ἐπίγεια
717 4103 1047 4172 φρονοῦντας
1086 4106 1178 4160 τὸν
1209 4106 1363 4177 λόγον
1407 4110 1726 4180 ποιούμενος
1759 4114 1824 4167 ἐκ

235 4189 352 4243 τῶν
386 4191 630 4262 συνήθων
658 4193 841 4256 αὐτοῖς
872 4196 966 4248 καὶ
993 4196 1287 4267 γνωρίμων
1316 4199 1489 4253 ἐδίδου
1518 4200 1618 4264 τὰς
1645 4220 1822 4273 παρα-

237 4281 431 4344 ϐολάς.
465 4284 540 4336 Οὐ
581 4283 762 4353 μέντοι
789 4284 846 4338 δὲ
878 4286 1086 4355 γάμους
1112 4289 1203 4341 καὶ
1231 4291 1515 4360 τραπέζας
1543 4294 1602 4345 ὲν
1631 4292 1824 4364 ἐκείνῳ

236 4373 550 4446 παρώήλου
576 4374 653 4445 τῷ
683 4375 839 4431 αἰῶνι
865 4372 1004 4431 εἶναι
1025 4395 1037 4409 ·
1072 4379 1210 4435 ἀλλὰ
1238 4384 1305 4451 τῇ
1333 4381 1513 4435 αὐτῶν
1546 4400 1821 4452 συγκατα-

1919 3278 2096 3333 sedem
2126 3276 2454 3348 declaravit),
2482 3278 2631 3332 dives
2656 3285 2837 3332 cutura
2884 3275 3227 3331 acerbissimo
3257 3274 3480 3328 ﬂammae

1922 3368 2182 3437 supplicio
2227 3370 2279 3422 in
2327 3368 2530 3423 inferno
2578 3367 2820 3421 addictus
2868 3374 2972 3420 est.
3024 3364 3103 3419 Ad
3133 3378 3290 3432 quem
3319 3363 3476 3416 etiam

1924 3457 2185 3510 Abraham
2217 3456 2297 3509 his
2325 3457 2499 3511 verbis
2526 3455 2768 3509 utebatur
2798 3471 2811 3509 :
2841 3452 3101 3522 Recepisti
3131 3451 3265 3506 bona
3300 3450 3352 3505 in
3377 3450 3483 3504 vita

1921 3557 2030 3612 tua,
2062 3557 2116 3602 et
2143 3548 2370 3601 Lazarus
2398 3547 2638 3601 similiter
2666 3548 2820 3602 mala.
2843 3546 2990 3601 Nunc
3015 3554 3193 3600 autem
3218 3544 3332 3612 ipse
3359 3556 3487 3597 conc

1924 3640 2139 3701 solatur,
2166 3648 2220 3692 tu
2247 3652 2375 3692 vero
2402 3636 2675 3693 cruciaris.

2017 3756 2253 3814 Rursum
2342 3756 2449 3811 alio
2551 3763 2667 3816 loco
2682 3761 2931 3816 (telorum
2949 3771 3167 3826 regnum
3187 3757 3386 3811 homini
3401 3773 3486 3811 ινδ-ν

1926 3850 1973 3919 gi
1991 3850 2161 3904 simile
2177 3866 2293 3904 esse
2314 3850 2383 3903 ait
2400 3850 2487 3918 qui
2506 3850 2724 3903 ﬁliosuo
2741 3850 2947 3916 nuptias
2967 3847 3086 3901 fecit
3105 3847 3312 3916 (Matth.
3333 3846 3484 3912 nn).

1929 3941 2032 3993 Per
2063 3944 2272 4007 nuptias
2303 3953 2456 4005 porro
2487 3938 2658 3992 futura
2690 3938 2865 3992 laetitia
2894 3945 2947 3989 et
2969 3936 3182 3989 claritas
3204 3935 3485 3988 indicatur.

1928 4028 2133 4082 Etenim
2158 4028 2221 4079 ad
2247 4026 2474 4080 humiles
2492 4039 2554 4079 ac
2580 4026 2805 4079 terrenis
2836 4023 3109 4078 allecti-bus
3139 4024 3369 4079 imbutos
3395 4022 3489 4075 hov

1927 4120 2097 4172 mines
2124 4117 2284 4171 verba
2327 4117 2543 4183 faciens,
2590 4115 2656 4169 ab
2685 4114 2751 4173 iis
2780 4114 2936 4168 rebus
2974 4128 3092 4182 qua:
3120 4113 3246 4181 ipsis
3284 4115 3491 4167 usitata

1925 4225 1986 4264 ac
2016 4210 2301 4264 familiares
2331 4215 2501 4274 erant,
2547 4207 2820 4277 parabolas
2846 4204 3075 4259 ducebat
3124 4222 3137 4257 :
3194 4218 3298 4257 non
3352 4202 3491 4272 quod

1926 4299 2133 4368 nuptias
2155 4306 2210 4352 et
2236 4312 2446 4351 mensas
2469 4297 2519 4350 in
2550 4310 2664 4351 :evo
2692 4294 2781 4349 illo
2804 4308 2923 4348 esse
2952 4292 3275 4353 ostenderet,
3300 4292 3393 4346 sed
3424 4289 3490 4354 ad

1926 4405 2108 4446 eorum
2137 4390 2432 4444 crassitiem
2473 4402 2592 4442 sese
2630 4386 2932 4447 demittens,
2966 4384 3049 4438 bis
3081 4382 3349 4438 vocabulis
3379 4390 3493 4435 ute,

238 4465 450 4520 ϐαίνων
480 4466 777 4537 παχύτητι.
808 4468 1071 4534 τοιούτοις
1100 4470 1330 4541 ὀνόμασι
1363 4473 1649 4544 κέχρηται,
1682 4492 1819 4544 γνω-

1930 4481 2099 4542 batur.
2121 4492 2177 4535 ut
2198 4480 2371 4534 futura
2395 4480 2522 4547 ipsis
2542 4478 2815 4546 perspicua
2842 4476 3058 4531 faceret.
3077 4476 3274 4529 Omnes
3295 4474 3490 4543 itaque,

240 4554 398 4627 ρίσαι
440 4556 626 4619 αὐτοῖς
670 4556 737 4611 τά
781 4557 1041 4628 μέλλοντα
1087 4559 1432 4629 βουλόμενος.
1468 4562 1572 4634 73
1613 4564 1827 4629 Πάντας

243 4643 349 4715 μὲν
379 4639 497 4708 οὖν,
526 4647 683 4717 φησὶ,
715 4648 1073 4707 συνεκάλεσεν
1103 4652 1129 4702 ὁ
1163 4650 1418 4720 βασιλεὺς
1446 4652 1635 4727 ὑψηλῷ
1664 4657 1827 4727 κηρύ-

240 4753 423 4807 γματι
447 4739 522 4806 (7)
548 4738 820 4792 συνελθεῖν
845 4742 923 4804 είς
945 4742 1071 4804 τοὺς
1096 4741 1308 4812 γάμους
1329 4744 1422 4797 καὶ
1443 4745 1829 4819 ἐμφορηθῆναι

238 4828 358 4883 τῶν
386 4830 717 4901 ἀπορρήτων
750 4832 973 4900 ἀγαθῶν
1010 4834 1253 4887 ἐκείνων·
1291 4837 1476 4890 πολλοὶ
1505 4838 1560 4890 δὲ
1592 4836 1700 4892 τῶν
1738 4856 1831 4893 κει

242 4920 539 4992 κλημένων
569 4921 945 4993 ἀμελήσαντες
974 4924 1073 4977 οὐκ
1106 4925 1366 4996 ἀπῆλθον,
1400 4926 1547 4991 ἀλλ’,
1584 4929 1828 4998 ἀπασχο-

243 5012 518 5081 λήσαντες
558 5012 807 5079 ἑαυτοὺς,
840 5014 889 5065 οἱ
926 5015 1025 5084 μὲν
1068 5016 1147 5078 εἰς
1175 5015 1413 5086 ἀγροὺς,
1444 5018 1494 5071 οἱ
1524 5017 1581 5071 δέ
1615 5020 1694 5081 είς
1723 5019 1828 5087 ἐμ-

244 5104 474 5175 πορίας,
501 5107 550 5157 οἱ
583 5104 641 5158 δὲ
670 5106 747 5168 είς
773 5106 1110 5177 νεονύμφους
1130 5110 1415 5175 γυναῖκας,
1448 5109 1831 5179 ἀπεστέρησαν

1930 4571 2119 4641 inquit,
2146 4585 2235 4624 rex
2267 4571 2353 4623 ille
2382 4567 2592 4621 sublimi
2624 4566 2888 4634 prmeonio
2911 4564 2975 4618 ad
2998 4565 3207 4632 nuptias
3234 4563 3494 4625 invitavit,

1926 4674 2086 4732 atque
2108 4670 2165 4713 ut
2195 4660 2347 4711 bonis
2376 4657 2482 4710 illis
2506 4655 2568 4708 ad
2592 4655 2887 4709 satietatem
2915 4667 3081 4719 usque
3145 4648 3477 4702 fruerentur.

1937 4754 2089 4808 Multi
2165 4761 2340 4807 autem
2380 4760 2564 4803 eorum
2603 4743 2698 4814 qui
2734 4740 2935 4797 invitati
2990 4738 3216 4803 fuerant,
3264 4735 3342 4789 ire
3394 4747 3488 4788 nos

1926 4847 2203 4914 glexerunt
2233 4859 2245 4894 :
2277 4852 2459 4894 verum
2490 4850 2547 4891 se
2574 4834 2717 4903 ipsos
2744 4832 2934 4902 partim
2957 4830 3009 4886 in
3032 4826 3195 4898 agris,
3224 4823 3410 4893 partim
3436 4821 3489 4914 in

1927 4912 2389 5003 negotiathmibus,
2434 4927 2623 4996 partim
2668 4924 2719 4979 in
2766 4921 3018 4978 uxoribus
3048 4932 3213 4986 nuper
3258 4912 3491 4980 acceptis

1932 5036 2275 5093 occupantes,
2320 5020 2566 5088 nuptialis
2603 5016 2816 5070 thalami
2858 5012 3139 5083 splendore
3184 5012 3488 5064 caruerunt,

1928 5119 2040 5173 illis
2068 5126 2242 5171 autem
2292 5128 2383 5166 sua
2428 5120 2618 5177 sponte
2660 5124 2687 5159 a
2726 5105 3035 5161 suavissima
3066 5100 3152 5154 illa
3195 5094 3373 5149 hetitia
3400 5107 3492 5146 ex.

244 5196 484 5259 ἑαυτοὺς
524 5195 627 5265 τῆς
671 5195 1057 5268 λαμπρότητος
1102 5198 1195 5253 τοῦ
1230 5200 1535 5270 νυμφῶνος.
1580 5178 1819 5255 Ἐκείνωι

1931 5207 2120 5267 clusis,
2152 5204 2237 5256 alii
2269 5198 2434 5254 vocati
2467 5207 2608 5261 sunt,
2640 5205 2799 5261 atque
2827 5189 3053 5257 impleta
3080 5193 3201 5239 sunt
3222 5184 3388 5251 epulas
3407 5178 3493 5233 die

242 5284 310 5339 δὲ
329 5281 571 5341 ἐθελοντὶ
597 5285 1066 5358 ἀλλοτριωθέντων
1087 5288 1185 5359 τῆς
1212 5292 1451 5363 τερπνῆς
1469 5290 1828 5365 εὐφροσύνης,

334 5459 409 5529 (5)
437 5462 574 5517 Luc.
610 5477 706 5523 ιιι.
741 5464 797 5517 8.

325 5534 405 5605 (ι)
438 5533 654 5605 .Sirach.
689 5548 725 5595 I,
759 5535 791 5605 5
824 5551 839 5590 :
872 5534 1023 5605 πηγὴ
1060 5534 1249 5604 σοφίας
1280 5533 1435 5603 λύγος
1468 5534 1623 5595 Θεοῦ.

328 5604 408 5673 (t3)
438 5602 581 5673 Luc.
609 5618 718 5669 xw,
753 5604 819 5658 ii)
850 5602 1002 5673 seqq.

437 5672 629 5747 Matth.
672 5662 809 5747 xrxit,
840 5675 875 5747 2
903 5662 1056 5747 seqq.

1934 5291 2347 5351 scutnbcntihus.
2370 5290 2642 5358 Ingressus
2658 5292 2828 5336 autem
2853 5294 2943 5333 rex
2968 5287 3021 5331 ut
3037 5274 3238 5330 videret
3259 5273 3490 5326 discum.

328 5745 405 5813 (7)
437 5743 599 5800 Prov.
633 5758 709 5807 Ix,
742 5744 774 5797 '5
807 5763 820 5798 :
866 5743 1175 5802 Ἀπέστειλε
1205 5748 1331 5814 τοὺς
1358 5749 1562 5833 εαυτῆς
1591 5750 1831 5818 δούλους,
1866 5750 2207 5820 συγκαλοῦσι
2243 5753 2379 5821 μετά
2410 5752 2611 5825 ὑψηλοῦ
2640 5752 3017 5825 κηρύγματος.
