3994 6350
426 317 534 383 939

1816 304 2191 367 ADDENDA.

3588 304 3705 369 940

426 446 527 502 per
551 426 773 500 angulos
794 424 1058 483 excelsos.
1090 420 1157 477 Et
1183 416 1448 475 tribulabo
1491 414 1770 488 malignos,
1801 427 1855 470 et
1894 430 2001 470 am-

2124 416 2302 489 ἡμέρα
2341 415 2569 488 νεφέλης
2613 416 2707 473 καὶ
2734 416 2998 490 όμίχλης’,
3042 416 3226 490 ήμέρα
3263 416 3566 487 σάλπιγγος
3603 422 3710 473 καὶ

429 523 684 579 bulabunt
710 520 857 590 caeci,
889 518 1012 588 quia
1036 514 1257 569 Domino
1284 520 1665 583 peccaverunt;
1693 519 1746 564 et
1764 508 2000 563 en‘unde-

2119 511 2369 582 κραυγῆς
2393 528 2406 541 ·
2438 511 2535 565 καὶ
2550 511 2790 582 ἔκθλίψω
2814 512 2940 575 τοὺς
2968 512 3259 582 πονηροὺς,
3284 511 3381 564 καὶ⁵
3406 511 3716 582 πορεύσονο

429 626 515 671 tur
541 614 754 684 sanguis
772 624 956 666 eorum
977 604 1115 663 sicut
1138 605 1350 670 humus,
1374 611 1430 659 et
1444 613 1636 668 corpus
1658 614 1841 656 eorum
1861 599 2000 654 sicut

2124 617 2207 653 ται
2230 600 2305 663 ὡς
2328 600 2539 669 τυφλοὶ,
2561 601 2644 654 ὅτι
2669 599 2749 672 τῷ
2772 601 2965 673 Κυρίῳ
2986 601 3080 671 ὲξή
3090 615 3313 672 μαρτον·
3338 602 3433 655 καὶ
3451 603 3515 655 τὸ
3532 603 3718 675 ἀργύ-

429 717 687 761 stercora.
719 701 825 757 Sed
850 709 904 755 et
934 705 1212 768 argentum
1243 708 1445 759 eorum,
1487 701 1540 748 et
1578 706 1767 745 aurum
1812 704 1996 744 eorum

426 810 531 849 non
560 792 750 863 poterit
766 790 994 844 liberare
1014 801 1107 842 eos
1137 787 1187 841 iu
1212 785 1298 839 die
1321 781 1512 837 luroris
1537 781 1766 852 Domini.
1792 780 1847 833 lu
1876 780 1999 849 igne

426 884 525 941 zeli
555 883 671 954 ejus
698 881 1038 937 devorabitur
1064 876 1236 932 omnis
1278 885 1439 939 terra,
1489 873 1611 943 quia
1660 883 1999 925 consumma-

427 980 625 1032 tionem
662 988 781 1028 cum
816 970 1154 1027 lestinatione
1183 968 1341 1027 faciet
1391 966 1596 1022 cunctis
1638 962 1998 1018 habitantibus

429 1076 623 1121 terram
656 1063 847 1133 (Soph.
878 1064 939 1131 l).
972 1061 1188 1129 Insuper
1216 1059 1375 1114 etiam
1427 1055 1589 1111 David
1634 1068 1728 1109 rex
1774 1060 1829 1108 et
1873 1066 2001 1121 pro-

428 1158 586 1227 pheta
606 1156 671 1210 ad
696 1155 835 1209 hunc
857 1153 1070 1208 modum
1096 1152 1319 1207 clamat:
1340 1149 1482 1203 Deus
1504 1143 1783 1201 manifeste
1802 1141 1999 1207 veniet,

431 1253 569 1306 Deus
598 1258 801 1317 noster,
832 1258 886 1303 et
916 1264 1020 1302 non
1052 1246 1249 1301 silebit.
1282 1244 1422 1313 Ignis
1466 1242 1521 1296 in
1565 1249 1851 1309 conspectu
1884 1236 2000 1306 ejus

425 1340 759 1406 exardescet,
792 1349 846 1395 et
875 1340 927 1393 in
958 1337 1177 1393 circuitu
1206 1335 1322 1406 ejus
1352 1342 1640 1401 tempestas
1664 1330 1856 1385 valida.
1889 1330 2001 1383 Λᾶς

433 1431 638 1485 vocabit
662 1430 856 1484 coelum
879 1429 1178 1490 desursum,
1208 1438 1259 1480 et
1291 1433 1484 1477 terram
1507 1423 1809 1476 discernere
1835 1434 2001 1489 popu-

427 1523 536 1577 lum
562 1536 716 1576 suum
749 1517 920 1591 (Psal.
953 1517 1120 1586 χιιι).
1147 1519 1221 1570 Ac
1249 1529 1454 1567 rursum
1487 1529 1500 1565 :
1536 1512 1795 1579 Exsurge,
1834 1509 1997 1574 Deus,

426 1611 617 1680 inquit,
667 1620 720 1665 et
752 1609 927 1677 judice
958 1617 1176 1670 terram,
1206 1603 1451 1674 quoniam
1480 1601 1728 1670 cogitatio
1766 1598 2001 1652 hominis

424 1701 765 1756 conﬁtebitur
789 1700 883 1753 tibi
906 1697 1125 1767 (Psalm.
1158 1696 1379 1762 cum).
1405 1692 1481 1746 Ac
1504 1704 1712 1746 rursum
1738 1705 1752 1743 :
1778 1688 1858 1742 Tu
1882 1688 2000 1742 red-

425 1794 521 1847 des
574 1792 859 1859 unicuique
902 1789 1051 1857 juxta
1108 1799 1269 1854 Opera
1324 1796 1439 1837 sua.
1490 1781 1774 1850 Complura
1820 1788 1995 1834 autem

424 1886 585 1939 etiam
630 1884 733 1938 alia
766 1882 1088 1953 hujusmodi,
1142 1890 1251 1933 tum
1308 1878 1606 1939 Psaimista,
1640 1885 1763 1933 tum
1812 1885 1997 1927 omnes

422 1976 698 2045 prophetae
724 1975 902 2030 divino
932 1973 1128 2041 Spiritu
1155 1969 1345 2033 edocti,
1382 1968 1449 2023 de
1478 1968 1653 2020 futuro
1696 1963 1901 2034 judicio
1938 1977 1998 2017 ac

424 2070 672 2123 mercede
711 2065 1090 2137 prmdicarunt.
1145 2062 1383 2127 Quorum
1435 2070 1711 2112 sermones
1755 2054 1999 2110 Salvator

429 2172 642 2227 quoque
669 2156 969 2211 certissime
1000 2151 1342 2215 conﬁrmans,
1391 2162 1488 2202 nos
1539 2155 1861 2200 muttuomm
1916 2158 1999 2197 re-

424 2253 830 2318 surrectionem,
880 2261 1165 2314 rerumque
1220 2244 1275 2297 in
1326 2243 1433 2296 vita
1484 2251 1753 2310 gestarum
1796 2250 1999 2291 merce-

422 2343 565 2409 dem,
595 2350 753 2412 atque
785 2339 1133 2395 immortalem
1166 2334 1324 2389 futuri
1353 2333 1530 2389 smculi
1580 2328 1739 2384 vitam
1777 2326 1996 2383 credere

423 2434 625 2491 docuit.

496 2526 623 2584 Car.
656 2523 1050 2592 x.—Josaphat
1091 2530 1265 2575 autem
1314 2515 1515 2587 ingenti
1557 2513 1626 2569 ob
1675 2512 1789 2567 hac
1816 2506 1975 2565 verba

428 2618 595 2673 animi
623 2614 1034 2685 compunctione
1065 2612 1275 2680 plenus,
1294 2607 1541 2678 lacrymis
1560 2601 1994 2675 perfundebatur,

428 2720 588 2778 atque
610 2706 694 2760 bis
720 2705 786 2760 ad
810 2717 993 2759 senem
1024 2700 1201 2757 verbis
1224 2711 1349 2752 usus
1375 2704 1459 2751 est
1480 2712 1492 2748 :
1512 2693 1698 2749 Omnia
1723 2688 1850 2751 mihi
1872 2703 2000 2757 per-

426 2800 611 2867 spicue
638 2793 942 2861 declarasti,
968 2806 1031 2848 ac
1058 2789 1372 2846 horrendam
1396 2787 1534 2841 hanc
1554 2794 1607 2840 et
1631 2781 1994 2838 admirandam

428 2887 789 2944 narrationem
825 2886 1093 2939 luculenta
1141 2881 1382 2936 oratione
1421 2876 1729 2945 complexus
1771 2885 1849 2929 es.
1900 2871 1993 2925 His

429 2984 609 3051 itaque
639 2979 793 3039 nobis
822 2975 1131 3048 prepositis,
1161 2974 1285 3043 quid
1310 2972 1528 3026 tandem
1559 2967 1856 3023 iaciendum
1888 2971 1991 3027 est,

429 3083 486 3126 ut
512 3088 573 3126 ea
603 3069 863 3139 supplicia
893 3082 1012 3137 quae
1042 3064 1315 3121 sceleratis
1348 3059 1651 3117 hominibus
1670 3064 1850 3127 parata
1871 3061 1992 3107 sunt

429 3161 765 3231 eil’ugiamus,
797 3174 858 3213 ac
882 3157 1147 3225 iustorum
1178 3153 1425 3223 gaudium
1462 3144 1887 3225 consequamur?

518 3276 813 3347 Respondit
845 3274 1086 3329 Barlaam
1118 3289 1133 3327 :
1167 3272 1385 3328 Litteris
1412 3270 1581 3325 sacris
1630 3266 1895 3337 proditum
1924 3272 2004 3319 est

442 3372 583 3439 (Aet.
619 3373 700 3439 ll),
723 3368 862 3439 quod
893 3383 1012 3422 cum
1033 3367 1241 3430 l’etrus,
1262 3365 1348 3433 qui
1378 3361 1734 3433 apostolorum
1758 3358 2004 3426 princeps

441 3474 664 3519 vocatus
693 3470 796 3527 est,
830 3460 1037 3529 plebem
1061 3459 1301 3513 doctrina
1332 3457 1640 3518 instrueret,
1664 3455 1826 3507 corde
1851 3463 2003 3504 com-

439 3555 624 3625 punctl
653 3562 798 3618 sunt,
826 3550 1271 3622 quemadmodum
1313 3547 1516 3602 scilicet
1561 3553 1616 3599 tu
1667 3554 1878 3611 quoque
1900 3540 2005 3593 ho-

434 3650 626 3701 dierne
672 3645 781 3699 die.
826 3642 1064 3712 Cumque
1092 3640 1353 3695 dixissent
1386 3655 1399 3691 :
1431 3636 1565 3703 Quid
1596 3632 1885 3690 faciemus?
1907 3631 2002 3685 Pe-

433 3751 552 3794 trus
578 3738 646 3792 ad
678 3753 773 3793 eos
801 3736 933 3791 dixit
966 3750 982 3791 :
1016 3731 1392 3788 Paenitentiam
1431 3730 1589 3799 agite,
1623 3736 1676 3782 et
1703 3724 2002 3794 baptizatur

432 3829 802 3897 unusquisque
826 3834 1061 3881 vestrum
1086 3826 1138 3880 in
1163 3823 1533 3878 remissionem
1563 3828 1924 3889 peccatorum,
1947 3821 2002 3869 et

434 3919 709 3988 accipietis
730 3917 930 3972 donum
954 3914 1187 3985 Spiritus
1207 3914 1399 3968 sancti.
1426 3912 1591 3965 Vobis
1612 3911 1754 3965 enim
1777 3915 1859 3963 est
1880 3919 1999 3974 pro-

428 4010 637 4074 missio,
686 4016 743 4063 et
794 4006 914 4060 ﬁliis
942 4005 1159 4069 vestris,
1190 4012 1244 4057 et
1265 4002 1513 4058 omnibus
1543 3999 1634 4071 qui
1668 3999 1826 4069 longe
1853 4005 2001 4061 sunt,

433 4113 783 4172 quosctmque
824 4096 1164 4152 advocaverit
1208 4094 1468 4149 Dominus
1511 4094 1651 4147 Deus
1690 4098 1889 4145 noster.
1923 4089 1999 4140 lin

428 4192 591 4262 igitur
638 4189 756 4257 ipse
802 4184 1185 4241 misericordia:
1235 4198 1350 4238 sua:
1394 4182 1607 4235 divitias
1636 4183 1686 4233 in
1717 4189 1767 4233 te
1794 4176 1999 4239 eludit,

434 4293 592 4351 teque
615 4280 704 4349 qui
734 4280 918 4332 animo
942 4289 1006 4329 ae
1035 4274 1309 4327 voluntate
1336 4272 1518 4340 procul
1559 4271 1627 4324 ab
1674 4284 1741 4323 eo
1785 4269 2005 4323 dissitus

436 4378 581 4437 cras,
615 4378 668 4421 et
695 4366 904 4429 alienis,
932 4379 1037 4416 non
1059 4361 1231 4415 dicam
1256 4360 1381 4422 diis,
1403 4359 1494 4412 sed
1523 4357 1790 4427 pestiferis
1808 4356 2004 4410 daemo-

439 4456 617 4517 nibus.
645 4463 700 4507 et
726 4452 902 4507 surdis
930 4465 993 4505 ac
1019 4463 1210 4503 sensus
1262 4447 1566 4516 expertibus
1594 4447 1782 4502 statuis
1806 4445 2001 4503 cultum

2124 4478 2386 4552 ὀλεθρίοις
2432 4445 2777 4546 λαίξοάνιξις
2809 4485 3015 4551 κωφοῖς
3058 4445 3168 4554 (2i!)

439 4541 762 4607 adhibebas,
791 4541 1003 4595 accivit.
1034 4540 1296 4606 Quocirca
1325 4548 1448 4592 ante
1477 4538 1654 4592 omnia
1678 4537 1746 4592 ad
1775 4551 1896 4592 eum
1917 4537 2005 4605 qui
2123 4573 2213 4627 Διδ
2243 4537 2339 4627 αὶ

443 4647 499 4687 te
518 4633 728 4688 vocavit
750 4631 971 4697 accede,
1001 4646 1031 4685 a
1058 4646 1163 4702 quo
1189 4646 1369 4688 veram
1400 4639 1510 4685 tam
1538 4644 1723 4686 eorum
1744 4645 1863 4698 qua
1888 4644 2007 4685 ocu-

442 4724 510 4777 lis
527 4731 839 4788 cernuntur,
882 4737 1042 4793 quam
1069 4738 1188 4793 qua
1215 4723 1284 4777 ab
1308 4722 1586 4777 oculorum
1612 4736 1774 4778 sensu
1801 4730 2006 4777 remota

443 4822 590 4881 sunt,
619 4814 979 4884 cognitionem
1004 4816 1371 4885 consequeris.
1398 4814 1550 4883 Quod
1578 4814 1626 4870 si
1661 4824 2005 4884 posteaquam

449 4916 673 4961 vocatus
693 4920 753 4961 es
780 4906 1040 4961 accedere
1066 4920 1309 4973 recusas,
1340 4916 1432 4961 aut
1459 4920 1638 4962 moras
1661 4905 1851 4972 nectis,
1864 4905 2009 4975 justo

373 4977 390 4989 ’
446 4994 538 5051 Dei
562 4994 768 5064 judicio
787 4994 1031 5050 exheres
1060 4996 1191 5061 eris,
1234 5011 1294 5051 ac
1322 4996 1708 5071 repudiaberis,
1753 4995 1872 5064 quia
1895 4995 2010 5064 ipse

444 5088 762 5159 repudiasti.
793 5088 872 5141 Ad
900 5088 1036 5143 hunc
1061 5090 1201 5143 enim
1247 5091 1460 5145 modum
1503 5092 1615 5161 ipse
1642 5104 1850 5159 quoque
1880 5103 2009 5157 θρα.
2066 5098 2077 5103 ‘

505 5323 619 5382 (ἓξ)
652 5323 798 5381 Psul.
829 5341 981 5390 XLIX,
1010 5327 1064 5391 3,
1095 5332 1148 5385 4.

509 5395 622 5460 (25)
656 5392 799 5450 Psal.
827 5412 1013 5461 Lxut,
1045 5401 1099 5452 8.

507 5465 621 5527 (24)
652 5463 793 5520 Psal.
829 5483 990 5531 Lxxv,
1025 5468 1108 5524 ιο.

507 5534 623 5602 (25)
657 5531 796 5589 Psal.
828 5553 939 5600 ur,
974 5537 1059 5593 12.

2056 1762 2097 1817 Β

2126 708 2241 763 ριον
2270 692 2451 746 αὐτῶν
2480 693 2575 746 καὶ
2606 692 2666 746 τὸ
2694 692 2917 764 χρυσίον
2945 693 3006 746 οὐ
3045 691 3121 763 μὴ
3160 692 3386 763 δύνηται
3422 693 3713 758 ἐξελέσθαι

2121 785 2321 849 αὐτοὺς
2352 786 2409 839 ὲν
2440 786 2624 856 ἡμέρᾳ
2653 785 2825 856 ὀργῆς
2857 785 3082 856 Κυρίουο
3124 786 3184 838 ὲν
3213 786 3350 855 πυρὶ
3381 785 3489 857 γὰρ
3535 785 3713 859 ζήλου

2121 876 2285 931 αὐτοῦ
2310 878 2828 948 καταναλωθήσεται
2861 879 3011 932 πᾶσα
3037 878 3070 947 ή
3100 877 3197 946 γῆ,
3226 876 3362 930 διότι
3394 877 3716 932 συντέλειαν

2123 970 2338 1042 ποιήσει
2370 970 2464 1023 ἐπὶ
2487 970 2693 1034 πάντας
2714 971 2842 1033 τοὺς
2864 968 3259 1031 κατοικοῦντας
3280 967 3382 1039 τὴν
3404 967 3529 1037 γῆν.
3558 970 3715 1040 Πρὸς

2118 1061 2331 1126 τούτοις
2360 1062 2454 1117 καὶ
2479 1057 2648 1116 Δαυῖδ
2673 1064 2701 1115 6
2731 1061 2988 1132 βασιλεὺς
3034 1060 3125 1114 καὶ
3156 1061 3439 1133 προφήτης
3643 1062 3713 1115 Ὁ

2119 1153 2252 1218 Θεὸς
2277 1153 2388 1224 (29..)
2417 1153 2680 1225 ἐμφανῶς
2707 1154 2849 1224 ἥξει,
2882 1154 2911 1206 6
2941 1152 3074 1217 Θεὸς
3104 1152 3281 1224 ήμῶν,
3313 1152 3410 1205 κα)⁴
3431 1151 3495 1204 ού
3524 1169 3713 1224 παρα-

2122 1246 2495 1316 σιωπήσεται·
2536 1246 2649 1317 πῦρ
2683 1247 2913 1299 ἐνώπιον
2959 1242 3124 1298 αὐτοῦ
3175 1243 3550 1327 καυθήσεται,
3603 1245 3710 1298 καὶ

2120 1338 2307 1409 κύκλῳ
2338 1338 2501 1391 αὐτοῦ
2548 1338 2802 1406 καταιγὶς
2850 1338 3076 1408 σφοδρά·
3126 1337 3568 1408 προσκαλέσεται
3612 1337 3713 1389 τὸν

2120 1429 2349 1498 οὐρανὸν
2383 1428 2495 1482 ἄνω
2541 1430 2637 1483 καὶ
2677 1429 2775 1500 τὴν
2819 1428 2952 1499 γῆν,
2986 1429 3081 1482 τοῦ
3125 1429 3401 1500 διακρῖναι
3434 1429 3529 1482 τὸν
3574 1430 3712 1482 λαὸν

2121 1520 2309 1576 αὐτοῦ.
2329 1521 2441 1574 Καὶ
2458 1517 2633 1581 αὖθις
2673 1520 2928 1584 Ἀνάστα,
2950 1522 3119 1591 φησὶν
3140 1521 3275 1591 (23),
3296 1522 3325 1573 ό
3339 1520 3494 1584 Θεὸς,
3515 1523 3713 1590 κρῖνον

2120 1613 2219 1684 τὴν
2245 1615 2369 1685 γῆν,
2399 1615 2482 1667 ὅτι
2506 1612 2762 1685 ἐνθύμιον
2789 1614 2901 1683 (24)
2928 1606 3219 1684 ἀνθρώπου
3242 1611 3713 1684 ἐξομολογήσεται

2122 1714 2241 1758 σοι’
2276 1704 2371 1758 καὶ
2410 1703 2523 1774 (‘25)
2559 1705 2623 1757 σὺ
2665 1696 2970 1767 ἀποδώσεις
3012 1703 3228 1773 ἑκάστῳ
3272 1702 3415 1757 κατά
3451 1703 3520 1756 τά
3567 1703 3713 1775 ἔργα

2122 1797 2312 1855 αὑτοῦ.
2344 1797 2523 1852 Πολλά
2555 1797 2611 1850 δὲ
2659 1797 2754 1850 καλ⁵
2797 1795 2962 1867 ἔτερα
2994 1795 3217 1865 τοιαῦτα
3249 1796 3278 1849 ὅ
3315 1813 3377 1849 τε
3408 1795 3711 1866 ψαλμῳδὸς

2122 1890 2219 1945 καὶ
2248 1891 2451 1954 πάντες
2478 1892 2527 1944 oi
2559 1890 2835 1962 προφῆται
2865 1887 2978 1960 (26)
2999 1888 3077 1959 τῷ
3111 1888 3241 1960 θείῳ
3263 1888 3538 1959 πνεύματι
3561 1905 3714 1960 μυη-

2123 1982 2310 2047 θέντες
2340 1984 2467 2053 περὶ
2507 1982 2605 2051 τῆς
2637 1980 2939 2051 μελλούσης
2976 1980 3212 2052 κρίσεως
3256 1982 3353 2034 καὶ⁵
3401 1980 3713 2034 ἀνταποδό-

2125 2092 2263 2139 σεως
2294 2072 2585 2146 ἐκήρυξαν·
2621 2069 2695 2127 ὧν
2732 2074 2859 2137 τοὺς
2894 2073 3085 2142 λόγους
3120 2074 3216 2125 καὶ
3246 2073 3275 2125 6
3302 2072 3495 2143 Σωτὴρ
3522 2073 3709 2142 ἀσφα-

2123 2163 2357 2218 λέστατα
2400 2164 2510 2234 78
2563 2162 2899 2233 βεϐαιώσας,
2947 2163 3187 2228 ἐδίδαξεν
3232 2164 3382 2235 ἡμᾶς
3424 2163 3712 2218 πιστεύειν

2122 2259 2420 2314 ἀνάστασιν
2449 2258 2660 2331 νεκρῶν
2692 2259 2787 2312 καὶ
2811 2258 3167 2313 ἀνταπόδοσιν
3194 2258 3302 2311 τῶν
3328 2257 3709 2330 βεϐιωμένων,

2124 2343 2270 2419 ζωήν
2309 2365 2368 2401 τε
2409 2347 2767 2418 ἀτελεύτητον
2811 2344 2907 2401 τοῦ
2948 2347 3238 2418 μέλλοντος
3265 2347 3487 2411 αἰῶνος.

2194 2548 2352 2601 ΚΕΦ.
2393 2549 2450 2602 ιν.
2505 2548 2564 2602 Ὀ
2601 2547 2656 2601 δὲ
2703 2548 2957 2619 Ἱωάσαφ,
3000 2550 3348 2616 κατανύξεως
3379 2551 3583 2625 πολλῆς
3612 2554 3709 2608 ἰπὶ

2122 2639 2332 2704 τούτοις
2380 2640 2717 2713 πληρωθεὶς,
2773 2641 3076 2714 σύνδακρυς
3125 2643 3248 2708 ὅλος
3280 2640 3369 2716 ἦν.
3420 2644 3531 2698 Καί
3569 2660 3707 2717 φησι

2125 2737 2261 2807 πρὸς
2289 2735 2381 2788 τὸν
2410 2734 2665 2805 γέροντα·
2699 2735 2883 2789 Πάντα
2916 2752 3006 2805 μοι
3033 2736 3221 2806 σαφῶς
3255 2736 3582 2810 ἐγνώρισας,
3608 2739 3709 2792 καὶ

2122 2826 2380 2896 ἀσφαλῶς
2418 2824 2694 2896 διεξῆλθες
2739 2827 2838 2898 τὴν
2885 2827 3122 2900 φρικτὴν
3164 2828 3369 2900 ταύτην
3417 2828 3516 2884 καὶ
3566 2829 3706 2885 θαυ-

2124 2915 2338 2988 μαστὴν
2374 2917 2647 2987 διήγησιν.
2682 2917 2900 2970 Τούτων
2931 2914 3025 2971 οὖν
3055 2919 3435 2991 προκειμένων
3463 2921 3623 2992 ἡμῖν,
3650 2921 3708 2974 τί

2123 3009 2229 3082 χρὴ
2275 3010 2487 3076 ποιεῖν,
2541 3008 2635 3064 τοῦ
2686 3011 2947 3079 ἐκφυγεῖν
2997 3011 3097 3075 τὰς
3130 3012 3549 3083 ήτοιμασμένας
3591 3014 3711 3077 τοῖς

2047 3110 2089 3169 C
2122 3101 2468 3174 ἁμαρτωλοῖς
2501 3101 2773 3167 κολάσεις,
2802 3104 2901 3158 καὶ
2932 3103 3230 3175 ἀξιωθῆναι
3259 3103 3362 3176 τῆς
3390 3106 3566 3177 χαρᾶς
3594 3106 3710 3159 τῶν

2118 3193 2343 3248 δικαίων
2365 3211 2379 3262 ;

2193 3288 2300 3340 Καὶ
2346 3290 2374 3341 6
2419 3286 2686 3359 Βαρλαάμ
2733 3287 3098 3359 ἀπεκρίνατοο
3134 3288 3449 3360 Γέγραπται
3487 3291 3571 3344 ὅτι
3622 3290 3708 3344 δι-

2118 3379 2410 3443 δάσκοντός
2453 3397 2584 3433 ποτε
2617 3379 2713 3433 τοῦ
2746 3380 2955 3451 Πέτρου
2987 3379 3079 3433 τὸν
3110 3381 3240 3434 λαὸν
3261 3420 3277 3447 ,
3309 3380 3367 3444 ὃς
3412 3381 3510 3434 καὶ
3536 3399 3707 3453 κορυ-

2120 3474 2276 3543 φαῖος
2313 3472 2517 3542 ἐκλήθη
2551 3471 2662 3524 τῶν
2694 3472 3029 3537 ἀποστόλων,
3063 3472 3445 3543 κατενύγησαν
3478 3471 3594 3545 (27)
3633 3476 3704 3545 τῇ

2118 3563 2335 3635 καρδίᾳ,
2368 3563 2623 3637 καθάπερ
2653 3565 2747 3618 καὶ
2774 3564 2839 3618 σὺ
2873 3567 3132 3636 σήμερον,
3165 3566 3281 3631 καὶ,
3310 3566 3573 3619 εἰπόντων
3598 3567 3703 3620 αὑ-

2118 3655 2262 3709 τῶν·
2311 3656 2377 3710 Τί
2427 3657 2767 3729 ποιήσομεν;
2820 3657 2849 3709 6
2890 3657 3095 3728 Πέτρος
3142 3656 3248 3728 ἔφη
3292 3657 3429 3725 πρὸς
3476 3656 3700 3723 αὐτούς’

2118 3749 2526 3821 Μετανοήσατε,
2578 3750 2673 3805 καὶ
2718 3750 3073 3821 βαπτισθήτω
3125 3750 3359 3814 ἕκαστος
3411 3748 3565 3820 ὑμῶν
3618 3751 3704 3815 εἰς

2118 3846 2313 3913 ἄφεσιν
2372 3843 2699 3915 ἁμαρτιῶν,
2752 3844 2846 3897 καὶ
2900 3842 3137 3917 λήψεσθε
3194 3844 3293 3915 τὴν
3344 3843 3557 3915 δωρεὰν
3604 3842 3704 3897 τοῦ

2131 3936 2315 4006 Ἀγίου
2350 3935 2689 4008 Πνεύματος·
2728 3936 2857 4007 ὑμῖν
2884 3936 2992 4007 γάρ
3023 3938 3171 3989 ἐστιν
3202 3938 3236 4006 ἡ
3270 3936 3577 4006 ἐπαγγελία
3606 3938 3705 3990 καὶ

2117 4030 2231 4092 τοῖς
2270 4028 2483 4091 τέκνοις
2518 4027 2674 4098 ὑμῶν
2708 4028 2802 4081 καὶ
2847 4030 2981 4081 πᾶσι
3014 4030 3126 4091 τοῖς
3172 4029 3252 4092 είς
3285 4029 3503 4099 μακρὰν
3542 4030 3707 4093 ὅσους

2121 4118 2187 4173 ἂν
2212 4119 2622 4190 προκαλέσηται
2645 4118 2850 4190 Κύριος
2879 4121 2908 4173 6
2930 4119 3070 4184 Θεὸς
3096 4119 3275 4191 ήμῶν.
3317 4120 3447 4174 Ἰδοὺ
3476 4117 3577 4175 οὖν
3608 4122 3703 4175 καὶ

2118 4210 2211 4264 ἐπὶ
2240 4211 2298 4264 σὲ
2338 4210 2521 4281 ἐξέχεε
2553 4209 2613 4263 τὸ
2670 4210 2924 4264 πλούσιον
2964 4210 3112 4276 ἔλεος
3154 4211 3351 4278 αὑτοῦ,
3384 4213 3480 4266 καί¹
3524 4230 3698 4285 προσ-

2121 4301 2415 4355 εκαλέσατό
2432 4318 2511 4364 σε,
2530 4300 2619 4355 τὸν
2639 4301 2859 4371 μακρὰν
2884 4301 3051 4356 αὑτοῦ
3070 4305 3136 4374 τῇ
3165 4302 3361 4377 γνώμῃ
3382 4304 3701 4374 ὑπάρχοντα

2123 4390 2215 4443 καὶ
2265 4389 2565 4461 ἀλλοτρίοις
2609 4390 2941 4461 λατρεύοντα
2978 4394 3038 4446 οὐ
3076 4393 3239 4457 θεοῖς,
3274 4394 3412 4447 ἀλλά
3451 4395 3702 4466 δαίμοσιν

3201 4484 3297 4539 καὶ
3329 4484 3699 4557 ἀναισθήτοις.

2380 4573 2744 4644 upon-dver
2781 4574 3047 4645 πρόσελθε
3087 4575 3166 4648 τῷ
3205 4576 3533 4647 κεκληκότι,
3567 4577 3701 4649 παρ’

2120 4657 2182 4716 οὗ
2212 4663 2359 4735 λήψῃ
2382 4662 2490 4717 τῶν
2515 4663 2808 4734 ὁρωμένων
2834 4665 2928 4717 καὶ
2957 4665 3066 4718 τῶν
3094 4665 3342 4737 ἀοράτων
3369 4667 3575 4739 ἀψευδῆ
3602 4667 3703 4739 τήν

2120 4756 2341 4825 γνῶσιν.
2377 4757 2440 4811 Εἰ
2471 4757 2528 4811 δὲ
2563 4757 2700 4828 μετά
2730 4757 2790 4811 τὸ
2819 4757 3090 4829 κληθῆναι
3119 4759 3180 4813 οὐ
3216 4758 3393 4825 θέλεις
3431 4761 3464 4833 ἢ
3498 4760 3699 4832 βραδύ-

2119 4867 2252 4915 νεις,
2283 4849 2470 4922 δικαίᾳ.
2497 4848 2633 4903 Θεοῦ
2665 4849 2844 4922 κρίσει
2872 4849 3182 4921 ἀπόκληρος
3214 4850 3334 4923 ἔσῃ,
3366 4851 3447 4923 τῷ
3476 4852 3590 4924 79
3623 4853 3700 4923 μὴ

2120 4944 2345 5015 θελῆσαι
2371 4944 2445 5015 μὴ
2469 4942 2738 5015 θεληθείς’
2763 4941 2907 4996 οὕτω
2930 4943 3038 5015 γὰρ
3062 4945 3157 4999 καὶ
3173 4946 3202 4998 6
3223 4944 3387 5009 αὐτὸς
3401 4944 3701 5010 ἀπόστολος

2123 5036 2327 5105 Πέτρος
2358 5034 2498 5103 πρός
2526 5051 2649 5089 τινα
2676 5035 2786 5089 τῶν
2823 5036 3083 5109 μαθητῶν
3110 5036 3430 5107 λελάληκεν.
3471 5035 3614 5105 Ἐγὼ
3641 5037 3698 5090 δὲ

2120 5126 2360 5179 πιστεύω
2404 5128 2485 5179 ὅτι
2519 5128 2612 5179 καὶ
2655 5127 2975 5198 ὑπήκουσας
3020 5129 3119 5200 τῆς
3167 5129 3434 5201 κλήσεως,
3466 5127 3566 5184 καὶ
3616 5128 3699 5182 ἔτι

644 5602 803 5695 ξίφει
820 5606 1084 5695 eyelere
1112 5607 1464 5695 Testamento
1504 5612 1571 5695 tle
1617 5619 2015 5695 resurrectione
2060 5621 2271 5695 collegit
2306 5623 2653 5681 Laubrussel.
2702 5624 2779 5679 De
2823 5622 2993 5676 abusn
3027 5622 3268 5692 critices,
3302 5633 3345 5681 t.
3373 5620 3416 5690 l,
3449 5622 3692 5694 1333.50.

506 5673 619 5751 (ξῖ)
644 5672 749 5751 lies
780 5688 1038 5751 narratur
1060 5679 1261 5751 iuAct.
1299 5682 1539 5751 Apostol.
1581 5698 1641 5747 tt,
1672 5683 1808 5742 57...

507 5746 619 5817 (9.8)
653 5744 851 5802 llabac.
887 5762 945 5817 tt,
982 5747 1085 5802 l8:
1122 5744 1359 5820 Ποιῆσαι
1382 5752 1573 5810 εἴδωλα
1599 5744 1777 5827 κωφὰ.

2032 5709 2064 5729 ,Α
