3932 6384
281 454 390 518 949
496 506 501 511 .

1376 466 1552 528 VITA
1593 465 1953 525 BARLAAM
1992 465 2088 525 ET
2126 438 2485 527 JOASAPH.

3431 462 3543 523 950'

280 578 423 635 ἀλλά
452 578 803 650 συγχωρήσει
832 594 921 648 μοι
972 576 1149 631 πάντα
1174 619 1188 646 ,
1223 577 1611 651 φιλάνθρωπος
1658 576 1739 631 ὣν
1767 578 1851 631 κα)

1983 584 2213 660 moveat,
2245 609 2426 649 verum
2471 610 2565 665 pro
2595 611 2714 664 sua,
2761 608 2817 653 ut
2839 599 3017 666 doces,
3051 602 3370 673 benignitate
3409 610 3539 666 mihi

280 669 679 739 εὖσπλαγχνος,
709 667 851 722 καθὰ
874 667 1167 734 διδάσκεις,
1200 669 1295 723 καὶ
1323 668 1547 735 ἀξιώσει
1575 687 1641 741 με
1673 668 1860 724 δοῦλον

279 761 450 816 αὐτοῦ
477 761 753 830 γενέσθαι.
790 760 929 831 Ἤδη
962 756 1054 815 οὖν
1109 762 1344 833 ἑτοίμως
1397 761 1506 832 ἔχω
1536 762 1634 816 κιιι)⁵
1668 760 1729 813 τὸ
1763 761 1857 831 βά-

279 867 494 922 πτισμα
519 849 792 916 δέξασθαι,
828 851 923 905 καὶ
950 850 1128 903 πάντα
1158 851 1258 904 ὅσα
1289 852 1452 922 είπης
1475 838 1563 922 μοι
1600 849 1854 920 φυλάξαι.

278 942 348 997 Τί
375 942 432 996 δὲ
469 942 575 1013 χρή
618 958 686 1013 με
716 944 892 995 ποιεῖν
923 943 1060 1013 μετὰ
1090 942 1153 995 τὸ
1189 942 1475 1013 βάπτισμα
1502 960 1516 1007 ;
1545 942 1639 995 καὶ
1672 942 1719 994 εί
1759 943 1857 1012 ἀρ-

279 1036 370 1088 κεῖ
402 1032 562 1087 τοῦτο
604 1032 764 1103 μόνον
806 1033 915 1103 87
951 1032 1087 1104 πρὸς
1121 1032 1428 1104 σωτηρίαν’,
1469 1033 1531 1086 τὸ
1563 1032 1857 1086 πιστεῦσαι

281 1126 380 1180 καὶ
410 1123 815 1196 βαπτισθῆναι,
850 1126 883 1196 ἢ
920 1125 1014 1178 κα)⁵
1060 1122 1193 1178 ἄλλα
1222 1124 1342 1179 τινὰ
1374 1124 1455 1177 δεῖ
1479 1123 1852 1195 προστιθέναι.

354 1216 464 1270 Καί
509 1232 641 1286 φησι
675 1215 813 1287 πρὸς
861 1215 1023 1269 αὑτὸν
1055 1218 1083 1269 δ
1131 1215 1397 1287 Βαρλαάμ
1424 1233 1437 1248 ·
1493 1218 1761 1269 ’Ἄκουσον
1793 1216 1847 1268 τί

280 1307 363 1361 δεῖ
402 1310 577 1361 ποιεῖν
602 1307 741 1379 μετά
769 1306 831 1360 τὸ
860 1307 1141 1378 βάπτισμα
1166 1325 1181 1341 ·
1228 1309 1408 1379 πάσης
1442 1309 1541 1379 μὲν
1578 1307 1855 1379 ἁμαρτίας

282 1399 378 1451 καὶ
408 1397 611 1460 παντὸς
642 1398 849 1461 πάθους
899 1398 1234 1469 ἀπέχεσθαι,
1266 1400 1642 1470 ἐποικοδομεῖν
1667 1400 1724 1453 δὲ
1762 1401 1855 1453 ἐπὶ

281 1491 359 1561 τῷ
392 1490 630 1560 θεμελίῳ
652 1490 755 1559 τῆς
796 1489 1079 1561 ὀρθοδόξου
1111 1490 1346 1554 πίστεως
1373 1489 1474 1562 τὴν
1502 1490 1612 1545 τῶν
1639 1491 1854 1562 ἀρετῶν

279 1584 563 1655 ἐργασίαν,
609 1581 795 1654 ἐπειδὴ
841 1582 1028 1646 πίστις
1076 1584 1246 1653 χωρὶς
1298 1584 1409 1636 τῶν
1452 1582 1632 1654 ἔργων
1684 1584 1854 1655 νεκρά

280 1678 429 1729 ἐστιν
450 1674 788 1745 (66),ὤσπερ
812 1675 907 1727 καὶ
937 1674 1072 1745 ἔργα
1103 1675 1337 1739 πίστεως
1366 1674 1510 1745 δίχα.
1537 1676 1675 1745 Φησὶ
1694 1676 1802 1746 γὰρ
1825 1677 1853 1729 ό

291 1767 633 1829 Ἀπόστολος’
650 1766 741 1819 Ἐν
763 1766 1031 1836 πνεύματι
1052 1764 1160 1835 (67)
1176 1782 1240 1818 πε
1246 1769 1548 1834 ριπατεῑτε,
1561 1766 1654 1820 καὶ
1671 1766 1857 1820 ἐπιθυ-

280 1856 410 1925 μίαν
453 1855 654 1927 σαρκὸς
701 1857 761 1909 οὐ
815 1854 892 1926 μὴ
936 1854 1193 1926 τελέσητε
1220 1869 1234 1884 ·
1284 1856 1497 1927 φανερά
1539 1856 1597 1910 δέ
1630 1858 1749 1910 ἐστι
1783 1857 1852 1912 τὰ

278 1947 418 2018 ἔργα
472 1947 570 2015 τῆς
614 1945 816 2018 σαρκὸς
868 1945 1029 2000 άτινά
1072 1947 1188 1998 ἐστι
1216 1984 1231 2011 ,
1272 1948 1536 2016 μοιχεῖαι,
1560 1950 1810 2020 πορνεῖαι
1835 1990 1850 2015 ,
1887 1936 1931 1992 Β

277 2036 633 2108 ἀκαθαρσίαι,
668 2036 967 2105 ἀσέλγειαι,
1010 2036 1449 2109 είδωλολατρίαι,
1484 2036 1846 2111 φαρμακεῖαι,

277 2128 468 2201 ἔχθραι
494 2170 509 2195 ,
541 2130 656 2201 ἔρις
677 2169 693 2193 ,
728 2129 913 2200 ζῆλοι,
946 2128 1110 2201 θυμοὶ
1132 2169 1148 2196 ,
1192 2130 1447 2198 ἐρίθειαι,
1483 2132 1848 2202 διχοστασίαι,

278 2224 543 2292 αἱρέσεις,
567 2212 769 2292 φθόνοι,
797 2222 975 2291 φόνοι,
1002 2221 1378 2294 φιλαργυρίαι,
1411 2222 1698 2293 λοιδορίαι,
1726 2225 1849 2293 φιλ-

280 2314 492 2385 ηδονίαι
524 2355 540 2381 ,
570 2316 750 2386 μέθαι,
786 2315 986 2385 κῶμοι,
1027 2314 1395 2386 ὑπερηφανίαι
1421 2355 1436 2379 ,
1472 2316 1567 2369 καὶ
1601 2317 1670 2370 τά
1689 2318 1850 2388 ὃμοια

275 2405 490 2467 τούτοις
510 2420 524 2437 ⁸
556 2404 592 2459 ἀ
636 2405 886 2476 προλέγω
918 2406 1071 2476 ὑμῖν,
1107 2404 1294 2469 καθὼς
1323 2406 1417 2459 καὶ
1458 2410 1741 2477 προεῖπον,
1767 2409 1850 2462 ὅτι

276 2498 329 2551 oi
357 2498 426 2552 τὰ
461 2498 683 2553 τοιαῦτα
717 2499 1057 2570 πράσσοντες
1089 2498 1366 2569 βασιλείαν
1391 2499 1528 2552 Θεοῦ
1561 2500 1625 2553 οὐ
1651 2500 1850 2572 κληρο-

279 2593 629 2664 νομήσουσινο
657 2597 685 2649 δ
712 2595 767 2649 δὲ
799 2593 1007 2665 καρπὸς
1021 2594 1113 2647 τοῦ
1134 2594 1443 2665 πνεύματός
1464 2595 1613 2649 ἐστιν
1635 2596 1847 2667 ἀγάπη,

278 2684 442 2756 χαρὰ,
471 2688 684 2758 είρήνη,
731 2684 1105 2757 μακροθυμία,
1137 2686 1463 2757 χρηστότης,
1498 2688 1847 2759 ἀγαθωσύνη,

278 2775 485 2838 πίστις,
533 2774 794 2847 πραότης,
842 2775 1139 2845 ἐγκράτεια
1164 2816 1178 2837 ,
1215 2775 1484 2843 ἁγιασμὸς
1517 2776 1698 2846 ψυχῆς
1748 2778 1845 2831 καὶ

278 2863 534 2935 σώματος
558 2904 574 2929 ,
602 2864 935 2928 ταπείνωσις
965 2865 1191 2935 καρδίας
1220 2866 1314 2919 καὶ
1334 2882 1341 2889 ’
1359 2866 1643 2939 ωντριὸὴ.
1691 2868 1849 2939 ἐλεη-

280 2955 489 3026 μοσύνη
509 2997 524 3020 ,
575 2958 949 3027 ἀμνησικακία
979 2997 993 3023 ,
1056 2957 1433 3029 φιλανθρωπία
1460 2998 1474 3022 ,
1521 2960 1799 3030 ἀγρυπνία
1832 3003 1847 3026 ,

278 3049 543 3118 μετάνοια
572 3048 806 3120 ἀκριϐὴς
838 3048 1057 3102 πάντων
1083 3048 1192 3101 τῶν
1229 3050 1642 3118 προγεγονότων
1676 3051 1849 3119 σφαλ-

280 3142 488 3211 μάτων,
535 3140 770 3212 δάκρυον
823 3139 1170 3204 κατανύξεως
1197 3183 1211 3205 ,
1247 3141 1445 3203 πένθος
1474 3141 1613 3212 ὑπέρ
1648 3157 1710 3193 τε
1741 3142 1851 3194 τῶν

280 3234 427 3287 ἰδίων
449 3233 736 3305 ἁμαρτιῶν
766 3235 860 3287 καὶ
891 3232 1002 3286 τῶν
1024 3232 1117 3286 τοῦ
1145 3231 1393 3301 πλησίον,
1428 3235 1523 3285 καὶ
1547 3233 1616 3285 τὰ
1638 3233 1850 3297 τούτοις

274 3329 470 3397 ὃμοια,
508 3326 668 3380 ἅτινα
692 3366 705 3389 ,
739 3325 928 3395 ὥσπερ
975 3324 1120 3386 τινὲς
1153 3323 1411 3393 βαθμίδες
1443 3324 1538 3376 καὶ
1582 3324 1849 3395 κλίμακες

276 3417 522 3489 ἀλλήλων
552 3416 805 3487 ἐχόμεναι
839 3415 953 3486 88
978 3414 1072 3468 καὶ
1107 3415 1198 3468 ὑπ’
1230 3414 1477 3485 ἀλλήλων
1520 3414 1851 3487 συγκροτοῦ-

279 3527 463 3581 μεναι,
506 3510 585 3571 είς
630 3507 859 3580 οὐρανὸν
911 3506 1009 3578 τὴν
1052 3506 1231 3577 ψυχὴν
1271 3507 1654 3579 ἀναφέρουσιν.
1718 3508 1848 3563 Ἰδοὺ

274 3601 484 3655 τούτων
501 3599 890 3671 ἐντετάλμεθα,
924 3601 1061 3672 μετὰ
1083 3599 1142 3653 τὸ
1160 3599 1465 3672 βάπτισμα,
1487 3600 1809 3671 ἀντέχεσθαι
1830 3639 1849 3669 ,

276 3691 385 3746 τῶν
413 3692 458 3745 δ’
483 3693 740 3746 ἐναντίων
760 3692 1082 3762 ἀπέχεσθαι.

347 3785 410 3837 Ei
438 3784 496 3837 δὲ
531 3783 668 3853 μετὰ
703 3783 764 3837 τὸ
792 3782 975 3837 λαϐεῖν
1006 3783 1107 3851 τὴν
1136 3782 1427 3852 ἐπίγνωσιν
1449 3783 1547 3854 τῆς
1571 3783 1847 3854 ἀληθείας,

274 3874 385 3929 τῶν
404 3874 688 3946 προτέρων
713 3869 869 3937 αὖθις
888 3872 1259 3946 ἐπιλαθόμεθα
1279 3874 1490 3944 νεκρῶν
1512 3873 1689 3945 ἔργων
1715 3872 1849 3944 (68),

276 3967 371 4020 καὶ
397 3966 475 4029 ὼς
504 3965 649 4019 κύων
677 3965 771 4019 ἐπὶ
782 3965 883 4018 τὸν
911 3966 1039 4017 ίδιον
1067 3964 1260 4036 ἔμετον
1284 3964 1685 4035 ὲπιστρέψομεν
1714 3964 1850 4035 (69),

276 4056 621 4127 συμϐήσεται
670 4057 804 4127 ἡμῖν
853 4054 915 4107 τὸ
981 4054 1085 4105 ὑπὸ
1130 4052 1226 4105 τοῦ
1277 4053 1480 4123 Κυρίου
1538 4051 1850 4123 εἰρημένον.

279 4149 452 4200 Ὅταν
482 4148 624 4219 γὰρ,
651 4146 787 4217 φησι
811 4144 947 4223 (76),
979 4144 1040 4197 τὸ
1068 4144 1377 4216 ἀκάθαρτον
1407 4143 1631 4214 Πνεῦμα
1660 4143 1853 4216 ἐξέλθῃ

274 4239 387 4293 ἀπὸ
409 4239 503 4292 τοῦ
533 4237 822 4306 ἀνθρώπου
853 4238 952 4310 (τῇ
978 4237 1162 4307 χάριτι
1185 4236 1387 4308 δηλαδὴ
1418 4236 1512 4290 τοῦ
1539 4236 1854 4307 βαπτίσμα-

276 4333 426 4400 τος),
455 4330 729 4401 διέρχεται
756 4330 822 4382 δι’
850 4329 1099 4402 ἀνύδρων
1126 4329 1333 4395 τόπων,
1368 4327 1568 4399 ζητοῦν
1602 4327 1852 4381 ἀνάπαυ-

277 4440 386 4487 σιν,
420 4421 515 4477 κα)¹
537 4423 636 4491 οὐχ
667 4422 914 4492 εὑρίσκει
933 4435 946 4449 ·
980 4420 1055 4491 μὴ
1092 4420 1258 4491 φέρον
1286 4420 1344 4474 δὲ
1375 4420 1467 4474 ἐπὶ
1507 4418 1642 4472 πολὺ
1669 4417 1854 4472 ἄοικον

277 4518 377 4571 καὶ
409 4516 655 4585 ἀνέστιον
690 4512 1150 4584 περιπλανᾶσθαι,
1185 4512 1364 4581 λέγει·
1410 4510 1755 4583 Ἐπιστρέψω
1774 4511 1853 4575 εις

277 4607 370 4661 τὸν
404 4602 552 4659 οἶκόν
585 4621 689 4675 μου
710 4644 725 4669 ,
757 4604 880 4656 ὅθεν
926 4602 1168 4673 ἐξῆλθον.
1207 4601 1319 4656 Καὶ
1342 4641 1357 4667 ,
1392 4602 1565 4669 ἐλθὸν,
1606 4601 1851 4670 εὑρίσκει

279 4696 665 4769 σεσαρωμένον
700 4695 795 4748 καὶ
827 4694 1270 4765 κεκοσμημένον,
1302 4692 1460 4747 κενὸν
1492 4693 1548 4746 δὲ
1600 4693 1694 4746 καὶ
1723 4708 1850 4762 σχο-

279 4787 532 4853 λάζοντα,
562 4788 637 4859 μὴ
665 4787 1064 4857 ὑποδεξάμενον
1087 4786 1185 4857 τὴν
1208 4784 1469 4857 ἐργασίαν
1491 4786 1589 4857 τῆς
1616 4787 1857 4857 χάριτος,

282 4880 421 4951 μηδέ
456 4880 822 4952 πληρώσαντα
855 4879 1049 4933 ἐαυτὸν
1084 4878 1161 4950 τῷ
1205 4877 1422 4948 πλούτῳ
1469 4876 1579 4931 τῶν
1622 4875 1859 4947 ἀρετῶν.

1982 685 2155 739 omnia
2184 686 2467 755 condonet,
2496 702 2682 757 meque
2711 702 2920 745 servum
2948 692 3047 748 sibi
3074 696 3332 753 asciscere
3359 699 3542 770 digne-

1984 780 2087 830 tur.
2116 772 2231 829 Jant
2262 776 2437 846 itaque
2464 778 2722 847 baptisma
2754 784 3025 851 suscipere
3049 799 3258 853 paratus
3286 804 3422 855 sum,
3454 805 3541 847 at-

1979 879 2081 933 que
2107 866 2282 920 omnia
2318 882 2436 938 qua!
2470 870 2861 940 praescripseris
2892 888 3125 931 servare.
3157 878 3415 945 Quidnam
3446 897 3540 937 aa-

1980 963 2083 1010 tem
2114 956 2239 1010 mihi
2264 968 2383 1026 post
2407 960 2723 1029 baptismum
2751 958 3047 1020 faciendum
3078 970 3192 1023 est?
3223 970 3433 1029 Satisne
3456 986 3538 1031 est

1976 1043 2041 1097 ad
2070 1047 2294 1101 salutem
2318 1049 2535 1105 credere
2581 1065 2644 1106 ac
2671 1053 2962 1121 baptizari?
2992 1071 3062 1111 an
3080 1060 3240 1114 etiam
3268 1062 3367 1115 alia
3397 1081 3538 1133 qua:-

1975 1135 2103 1242 dam.
2123 1138 2415 1242 adiungere
2443 1155 2662 1242 necesse
2690 1144 2813 1199 es”

2044 1227 2187 1283 Dixit
2213 1240 2388 1286 autem
2416 1232 2484 1287 ad
2519 1238 2642 1288 eum
2676 1234 2914 1291 Bariaam
2942 1255 2953 1290 ε
2980 1238 3114 1294 Audi
3141 1227 3390 1311 quiti'ubi
3421 1257 3538 1315 post

1976 1317 2291 1388 baptismum
2334 1319 2634 1378 faciendum
2677 1325 2748 1380 sit
2791 1341 2805 1379 :
2844 1341 3034 1399 nempe
3064 1340 3120 1384 ut
3148 1332 3214 1387 ab
3243 1336 3384 1389 omni
3417 1351 3538 1404 pec-

1970 1419 2110 1475 cato,
2153 1421 2207 1466 et
2243 1413 2309 1467 ab
2337 1415 2482 1468 omni
2513 1416 2702 1471 vitiosa
2737 1417 3017 1475 affectione
3049 1422 3337 1494 abstineas,
3377 1437 3537 1498 atque

1971 1503 2280 1558 orthodoxae
2298 1504 2418 1558 ﬁdei
2447 1505 2790 1564 fundamento
2815 1510 3065 1566 virtutum
3093 1515 3322 1570 studium
3352 1532 3535 1586 super-

1971 1602 2165 1648 struas.
2197 1595 2455 1662 Quoniam
2484 1598 2614 1654 ﬁdes
2640 1599 2757 1655 sine
2785 1603 3033 1670 operibus
3062 1616 3263 1660 mortua
3289 1617 3367 1663 est
3394 1608 3533 1680 (Jac.

1973 1684 2034 1749 ι),
2059 1686 2502 1754 quemadmodum
2527 1688 2687 1744 etiam
2710 1706 2869 1759 opera
2897 1707 3098 1749 rem0ta
3126 1696 3249 1751 ﬁde.
3281 1698 3365 1751 Ait
3392 1701 3533 1754 enim

1974 1778 2262 1847 Apostolus
2288 1778 2432 1849 (Gal.
2462 1779 2519 1849 ν)
2564 1797 2578 1835 :
2621 1782 2820 1851 Spiritu
2870 1786 3158 1848 ambulate,
3189 1798 3242 1842 et
3271 1790 3532 1846 desideria

1970 1871 2143 1928 carnis
2189 1888 2256 1927 ne
2294 1875 2599 1943 perﬁciatis.
2643 1878 2920 1934 Manifesta
2966 1888 3090 1934 sunt
3131 1896 3293 1951 opera
3335 1886 3532 1947 carnis,

1970 1979 2088 2034 qua:
2113 1974 2237 2020 sunt
2261 1966 2608 2032 adulterium,
2654 1966 2956 2037 fornicatio,
2986 1971 3340 2040 immunditia,
3384 1974 3533 2028 ιιιιιι-

1971 2055 2068 2122 ria,
2097 2053 2357 2109 idolorum
2385 2057 2635 2124 servitus,
2668 2060 2943 2127 veneﬁcia,
2980 2061 3289 2128 inimicitize,
3316 2074 3532 2118 contem

1972 2143 2165 2208 tiones,
2196 2144 2587 2214 aemulationes,
2618 2146 2730 2211 iraa,
2760 2150 2909 2212 rima,
2940 2147 3318 2217 dissensiones,
3349 2163 3531 2218 sectze.

1970 2232 2198 2301 invidiae,
2226 2234 2526 2301 homicidia,
2551 2236 2785 2303 avaritia,
2814 2238 3233 2307 maledictiones,
3257 2256 3408 2297 amor
3433 2259 3528 2299 vo-

1974 2324 2254 2394 luptatum,
2295 2326 2599 2391 ebrietates,
2644 2330 3079 2397 comessationes,
3115 2339 3168 2386 et
3211 2331 3291 2388 his
3308 2334 3526 2403 similia,

1967 2428 2086 2483 quas
2128 2413 2356 2484 pradico
2377 2415 2542 2484 vobis,
2564 2418 2703 2472 sicut
2726 2418 2967 2488 praedixi,
3007 2421 3253 2490 quoniam
3276 2424 3367 2494 qui
3406 2426 3529 2479 talia

1966 2512 2128 2575 agunt
2154 2520 2373 2575 regnum
2397 2504 2493 2562 Dei
2524 2522 2630 2562 non
2654 2519 3063 2578 consequentur.
3100 2512 3323 2568 Fructus
3351 2525 3525 2569 autem

1964 2593 2193 2662 Spiritus
2216 2604 2319 2663 est,
2349 2596 2604 2665 cbaritas,
2645 2599 2916 2669 gaudium,
2961 2615 3089 2669 pax,
3131 2603 3522 2673 longanimitas,

1966 2684 2284 2753 benignitas,
2315 2686 2545 2753 bonitas,
2576 2688 2731 2757 lides,
2774 2690 3150 2756 mansuetudo,
3180 2694 3523 2761 continentia,

1962 2777 2307 2834 sanctiﬁcatio
2349 2780 2538 2835 anime
2575 2791 2629 2836 et
2668 2782 2925 2851 corporis,
2966 2784 3143 2839 cordis
3163 2785 3436 2841 aiﬁictatio
3475 2800 3526 2843 et

1966 2868 2235 2936 contritio,
2252 2870 2608 2941 eleemosyna,
2629 2871 2935 2942 iniuriarum
2961 2870 3177 2940 oblivio,
3202 2874 3522 2941 humanitas,

1966 2957 2164 3025 vigilia,
2201 2961 2416 3016 sincera
2453 2962 2521 3017 de
2553 2963 2799 3018 omnibus
2841 2964 3258 3039 praecedentibus
3296 2969 3528 3036 peccatis

1968 3050 2294 3119 paenitentia,
2324 3043 2750 3122 compunctioni‘s
2778 3053 3047 3125 lacrymte,
3076 3055 3248 3111 luctus
3279 3066 3388 3111 tum
3430 3076 3525 3127 pro

1964 3140 2097 3207 suis,
2126 3150 2236 3195 tum
2267 3155 2362 3210 pro
2388 3142 2609 3197 aliorum
2636 3146 2884 3213 peccatis,
2916 3147 3122 3216 aliaque
3157 3148 3394 3216 ejusdem
3426 3165 3518 3218 ge-

1964 3235 2111 3287 neris
2150 3249 2164 3284 :
2204 3248 2325 3301 qua:
2349 3233 2563 3303 quidem
2603 3244 2851 3305 tanquam
2879 3237 3072 3306 gradus
3106 3247 3160 3291 ct
3186 3239 3342 3293 scala
3378 3240 3523 3295 inter

1961 3336 2023 3376 se
2056 3321 2405 3389 cobzercntes,
2432 3332 2589 3394 atque
2621 3324 2738 3378 alia:
2767 3326 2833 3380 ab
2861 3325 2977 3381 aliis
3010 3326 3253 3391 suﬂ‘ultae,
3285 3328 3520 3384 animum

1961 3412 2014 3467 in
2043 3412 2237 3467 caelum
2277 3413 2599 3469 subvehunt.
2620 3415 2693 3468 En
2721 3414 2833 3471 haec
2860 3424 2984 3471 sunt
3019 3432 3135 3486 qua:
3178 3426 3297 3486 post
3323 3419 3528 3487 baptis-

1960 3518 2105 3558 mum
2160 3504 2402 3573 amplecti
2428 3503 2693 3574 iubemur,
2721 3516 2877 3577 atque
2910 3506 2980 3562 ab
3005 3507 3124 3563 aliis
3145 3522 3265 3579 quae
3292 3522 3410 3564 cum
3435 3510 3519 3565 his

1960 3603 2194 3664 pugnant
2219 3595 2501 3650 abstinere.

2037 3781 2189 3848 Quod
2258 3782 2303 3837 si
2366 3790 2481 3849 post
2537 3792 2805 3850 acceptam
2869 3781 3103 3835 veritatis
3167 3780 3525 3849 cognitionem

1966 3871 2138 3937 priora
2189 3881 2393 3923 mortua
2442 3885 2602 3937 opera
2644 3884 2851 3923 rursum
2897 3870 3231 3937 arripiamus,
3277 3882 3339 3922 ac
3375 3870 3526 3922 canis

1965 3959 2131 4016 instar
2172 3960 2237 4012 ad
2270 3969 2507 4013 nostrum
2534 3961 2788 4014 vomitum
2824 3971 3149 4013 revertamur
3180 3957 3266 4029 (II
3291 3956 3408 4012 Pet.
3437 3958 3529 4029 tt),

1963 4043 2093 4100 illud
2135 4047 2286 4101 nobis
2317 4063 2413 4101 usu
2463 4050 2672 4115 veniet,
2715 4049 2855 4118 quod
2898 4064 2927 4102 a
2960 4048 3183 4129 Domino
3210 4050 3407 4103 dictum
3442 4058 3520 4103 est

1961 4144 2138 4217 (Luae
2167 4145 2290 4215 at):
2339 4144 2471 4199 Cum
2511 4142 2684 4208 enim,
2714 4140 2900 4209 inquit,
2949 4138 3174 4195 exiverit
3220 4139 3524 4192 immundus

1960 4240 2179 4308 spiritus
2224 4238 2293 4293 ab
2334 4237 2550 4292 homine
2592 4235 2713 4306 (per
2740 4233 2989 4303 baptismi
3029 4230 3230 4286 scilicet
3272 4232 3523 4301 gratiam)

1959 4328 2197 4383 ambulat
2222 4342 2314 4397 per
2337 4328 2450 4383 loca
2479 4326 2754 4395 inaquosa,
2781 4336 3023 4393 quaerens
3048 4321 3307 4392 requiem,
3339 4332 3392 4375 et
3417 4336 3519 4375 nou

1962 4417 2187 4473 invenit.
2218 4416 2546 4473 Pertuoleste
2578 4425 2754 4471 autem
2786 4414 2963 4470 ferens
2997 4427 3057 4468 se
3083 4410 3281 4467 diutius
3309 4410 3432 4466 tecti
3461 4426 3541 4465 at»

1961 4510 2088 4564 laris
2108 4518 2376 4578 expertem
2488 4517 2652 4573 esse,
2728 4503 2808 4561 ait
2885 4506 3200 4562 :Revertar
3226 4505 3283 4561 in
3308 4505 3539 4560 domum.

1963 4615 2137 4656 meam
2176 4599 2316 4654 unde
2354 4597 2514 4654 exivi.
2563 4597 2626 4650 Et
2670 4594 2893 4650 veniens
2940 4596 3143 4651 invenit
3188 4610 3305 4651 eam
3350 4598 3529 4665 scopis

1962 4690 2267 4748 mandatam
2311 4698 2364 4742 et
2404 4692 2677 4752 ornatam,
2704 4692 2958 4740 caeterum
3004 4685 3213 4739 inanem
3243 4698 3307 4737 ac
3333 4700 3525 4739 vacan-

1964 4794 2093 4850 tem,
2134 4791 2193 4836 ut
2228 4794 2349 4850 qua:
2376 4779 2561 4848 gratia:
2593 4777 2795 4831 cultum
2832 4784 2992 4846 atque
3022 4776 3383 4845 operationem
3427 4775 3526 4829 mi-

1966 4878 2108 4932 nime
2147 4872 2462 4941 susceperit,
2488 4884 2585 4925 nec
2615 4883 2673 4925 se
2713 4870 2882 4940 ipsam
2905 4870 3160 4924 virtutum
3199 4868 3387 4937 opibus
3428 4882 3524 4921 cu-

278 4973 417 5026 Τότε
446 4973 560 5044 (71)
583 4972 874 5042 πορεύεται
907 4970 1001 5025 καὶ
1034 4968 1302 5040 λαμϐάνει
1330 4968 1450 5039 μεθ’
1480 4968 1675 5023 ἑαυτοῦ
1695 4969 1851 5039 ἕτερα

1971 4966 2197 5022 mularit.
2229 4965 2379 5019 Tunc
2418 4963 2579 5031 vadit,
2607 4970 2663 5017 et
2706 4961 2930 5016 assumit
2953 4958 3135 5017 secum
3164 4968 3364 5028 septem
3393 4958 3527 5014 alios

278 5063 425 5117 ἐπτά
454 5061 752 5134 Πνεύματα
779 5061 1118 5133 πονηρότερα
1156 5059 1351 5113 ἐαυτοῦ
1371 5076 1384 5089 °
1423 5060 1517 5113 xui.
1551 5060 1851 5114 εἰσελθόντα

1971 5059 2180 5129 spiritus
2207 5054 2487 5125 nequiores
2524 5070 2581 5109 se
2601 5093 2627 5120 ,η
2657 5065 2706 5109 et
2748 5056 3019 5124 ingressus
3060 5052 3260 5106 habitat
3288 5047 3416 5105 illic.
3461 5051 3537 5104 Et:

278 5309 387 5369 τῶν
418 5309 594 5381 ἔργων
626 5309 798 5381 νεκρά
824 5314 962 5381 ἐστι.
996 5309 1081 5381 Cl'.
1112 5309 1338 5381 Gregor.

352 5334 387 5367 ιν
418 5331 442 5366 ε
483 5331 599 5393 γων
626 5331 798 5381 νεκρα
824 5331 962 5364 εστι.
996 5331 1081 5365 ω.
1112 5331 1246 5377 ureg

352 5331 480 5457 (67)2
496 5382 677 5457 Epist.
704 5380 941 5457 3(i._91il.
983 5397 1034 5444 ν,
1063 5378 1246 5457 ιιι-ει,

353 5243 467 5314 (66)
499 5240 687 5297 Iacob.
711 5240 882 5311 Epist.
921 5256 982 5306 ιι,
1013 5238 1083 5293 26
1116 5256 1130 5294 :
1156 5237 1345 5309 ὥσπερ
1361 5236 1483 5362 ίγὰρ
1518 5237 1579 5291 τὸ
1615 5235 1774 5362 uibrat
1813 5236 1983 5323 χωρὶς
2013 5237 2324 5309 πνεύματος
2350 5236 2543 5309 νεκρόν
2575 5235 2747 5303 ἐστιν,
2784 5231 3051 5289 οὓτω-καὶ
3086 5232 3120 5304 ἡ
3149 5228 3329 5295 πίστις
3360 5228 3537 5302 χωρίςν

353 5334 387 5362 ιν
418 5314 594 5362 ἔργων
626 5312 798 5362 νεκοά
824 5314 962 5362 ἐστι.
996 5309 1081 5362 Cl'.
1112 5309 1338 5362 Greuor.
1408 5317 1660 5362 az..orat.
1727 5310 1780 5362 0.
1810 5325 1861 5362 ιι.
1894 5306 2017 5362 672.
2052 5308 2075 5362 1
2103 5326 2118 5362 ;
2150 5319 2204 5362 et
2233 5324 2357 5362 mox
2389 5319 2502 5362 not.
2535 5306 2623 5361 68.

1408 5306 1780 5373 az’..orat.40,
1809 5306 1861 5379 ρ.
1894 5306 2018 5375 672,
2052 5308 2075 5362 ι
2103 5326 2118 5375 ;
2150 5306 2204 5363 et
2233 5324 2357 5363 mox
2389 5306 2502 5364 not.
2535 5306 2623 5361 68.

496 5439 670 5528 Epist.
702 5450 768 5504 ad
799 5451 962 5528 Hebr.
994 5439 1067 5515 Iv,
1101 5451 1172 5528 1-:
1207 5448 1468 5528 Θεμέλμον
1495 5446 1851 5528 ’καταξαλλόμ

1971 5447 2293 5528 ’μετανοίας
2325 5444 2677 5528 άπδᾳνεκρῶν
2709 5445 2917 5528 ἔργων’
2953 5450 3023 5528 et
3047 5439 3246 5528 tiu“;

510 5506 777 5602 Respectu
821 5506 1100 5602 adpotum
1144 5506 1334 5602 locum.
1369 5519 1525 5602 Petri.
1558 5518 1600 5602 li
1635 5506 1851 5602 Episti:

1971 5506 2041 5570 ελ
2070 5506 2490 5602 Συμσέδηξξβέ
2516 5506 2710 5602 “imis.
2728 5506 2800 5570 ’ξδ’
2835 5506 3530 5602 ἐῆςὲλτιεῗῖλῦεοέίέιιοξὲξέαξ

309 5581 473 5650 l’rov'.
500 5581 650 5654 xxvi,
682 5588 808 5661 11]·
836 5608 856 5643 ι
885 5591 1048 5645 Κύων
1079 5587 1414 5659 ἐπιστρέψας
1443 5589 1537 5661 ἐπὶ
1552 5588 1613 5642 τὸ
1634 5581 1763 5661 ἴδιον
1784 5581 2028 5661 ἐξέραμα
2051 5602 2065 5616 ⁸
2106 5604 2124 5635 ι
2150 5581 2270 5661 καί,
2298 5581 2456 5661 sit;
2473 5586 2782 5661 λουσαμένη
2815 5581 2904 5649 εἰς’
2922 5581 3160 5661 κύλισμα
3194 5581 3475 5661 βορὸόρου.
3508 5596 3525 5628 ι

304 5652 731 5721 'seudo-Abdias
754 5652 844 5723 ἶιι,
873 5664 905 5715 6
936 5681 948 5715 :
996 5680 1014 5713 ι
1048 5652 1274 5716 Prmstes
1305 5652 1382 5724 ut,
1421 5658 1465 5713 si
1490 5659 1600 5716 hinc
1640 5652 1835 5716 mulier
1863 5652 1928 5715 ad
1955 5652 2193 5712 ἐωιιιιιιι
2216 5657 2482 5723 libidinis,
2517 5671 2623 5725 quo
2646 5652 2804 5724 prius
2828 5662 2957 5726 ,crat
2992 5652 3212 5718 itedata,
3245 5652 3408 5707 fuerit
3448 5664 3561 5709 rex
3619 5673 3627 5681 ι

282 5735 490 5798 voluta,
531 5749 633 5786 nou
663 5742 884 5785 sanetur
912 5733 1152 5787 omnino.
1190 5749 1209 5785 ι

355 5802 469 5872 (7U)
504 5803 634 5872 Luc.
668 5817 740 5865 ιιι,
766 5801 856 5869 24,
885 5803 974 5857 ‘25.

358 5871 471 5942 ﬁt)
500 5871 637 5951 Ibid.
658 5873 749 5955 eo.
