3932 6384
153 458 283 519 ἴρῧῖ)

1307 449 1480 513 νιΤΑ
1522 452 1880 512 BARLAAM
1920 453 2016 512 ET
2048 449 2399 513 JOASAPH.

3335 473 3439 536 95$

159 563 386 637 Μωρέ,
435 565 616 636 ἔνοχος
639 561 790 618 ἔσται
817 566 896 628 είς
931 565 1028 638 τὴν
1062 564 1285 635 γέενναν
1315 566 1412 619 τοῦ
1442 568 1614 638 πυρός
1637 583 1650 596 ’
1683 566 1776 620 καὶ

1884 570 2132 641 gehennaz
2158 569 2322 640 ignis.
2344 571 2419 624 Ac
2443 583 2661 624 rursum
2687 567 2770 622 :Si
2795 567 2953 624 oﬂ'ers
2975 584 3175 626 munus
3201 561 3353 628 tuum
3375 578 3440 629 ad

159 662 291 724 ὃτι,
323 655 468 715 ’Ἐὰν
499 658 819 732 προσφέρῃς
846 659 906 712 τὸ
933 659 1106 733 δῶρόν
1136 676 1230 712 σου
1262 659 1354 712 ἐπὶ
1383 660 1445 713 τὸ
1480 660 1770 731 θυσιαστή-

161 769 328 823 ριον,
359 751 523 804 κάκεῖ
555 749 801 820 μνησθῇς
830 751 915 802 ὅτι
950 753 978 803 ὁ
1001 749 1230 820 ἁδελφός
1262 767 1354 803 σου
1395 750 1508 820 ἔχει
1547 768 1599 804 τι
1628 752 1768 805 κατὰ

160 845 306 912 σοῦ,
340 846 478 913 ἄφες
508 845 626 896 ἐκεῖ
657 843 714 896 τὸ
758 842 932 908 δῶρόν
984 861 1077 895 σου
1124 843 1218 896 ἐπὶ
1258 843 1319 896 τὸ
1351 843 1767 915 θυσιαστήριον,

160 938 279 992 καὶ
312 933 564 988 ἀπελθὼν
595 934 810 1005 πρῶτον
837 935 1154 1004 διαλλάγηθι
1188 935 1265 1006 τῷ
1293 933 1508 1006 ἀδελφῷ
1535 952 1647 987 σου·
1674 935 1769 988 καὶ

161 1030 269 1081 εει
308 1027 426 1089 Πᾶς
471 1026 583 1094 (87)
616 1027 644 1076 ὁ
676 1025 966 1096 ἐμϐλέπων
997 1028 1233 1093 γυναῖκα
1262 1025 1367 1095 91
1398 1026 1535 1097 πρδς
1559 1026 1619 1078 τὸ
1651 1026 1768 1098 ἐπι-

166 1121 462 1190 θυμῆσαι,
491 1119 593 1189 ἠδη
622 1118 940 1188 ἐμοίχευσεν
967 1118 1136 1188 αὐτὴν
1159 1120 1214 1170 ὲν
1243 1119 1308 1188 τῇ
1343 1118 1539 1188 καρδίᾳ
1565 1111 1731 1172 αὑτοῦ
1751 1133 1764 1148 ι

162 1216 278 1269 τὸν
315 1213 594 1286 μυλυσμδν
623 1214 719 1283 τῆς
760 1212 938 1283 “full-1;
972 1211 1065 1266 καὶ
1091 1212 1188 1282 τὴν
1213 1213 1304 1265 τοῦ
1335 1212 1540 1276 πάθους
1572 1229 1770 1279 συγκα-

164 1310 414 1364 τάθεσιν
443 1307 690 1379 μοιχείαν
722 1307 980 1368 καλέσας.
1033 1305 1196 1359 Ἀλλὰ
1225 1306 1318 1359 καὶ
1344 1304 1438 1358 τοῦ
1475 1304 1643 1376 νόμου
1671 1305 1768 1374 τὴν

165 1401 476 1472 ἐπιορκίαν
508 1401 836 1462 κωλύοντος,
876 1399 905 1448 ὁ
939 1397 1175 1466 Χριστὸς
1202 1397 1326 1450 οὐδὲ
1358 1397 1495 1460 ὅλως
1521 1396 1767 1467 ὀμνύειν,

169 1495 332 1566 πλὴν
357 1495 451 1548 τοῦ
481 1492 589 1548 Ναί
613 1493 709 1546 καὶ
737 1492 830 1544 τοῦ
858 1489 1278 1555 υῦ,ὲνετείλατο
1307 1489 1442 1562 (88).
1461 1490 1768 1559 Ὀφθαλμὸν

169 1589 312 1641 ἀντὶ
343 1585 626 1655 ὀφθαλμοῦ
678 1583 775 1638 καὶ
819 1584 1011 1636 ὀδόντα
1052 1583 1176 1636 ἀντὶ
1215 1583 1427 1646 ὀδόντος
1472 1584 1589 1634 ἐκεῖ
1619 1582 1766 1650 (89)·

171 1677 428 1732 ἐνταῦθα
469 1677 562 1728 δέ·
601 1677 790 1736 Ὅστις
823 1692 882 1727 σε
912 1675 1136 1743 ραπίσει
1175 1677 1257 1737 εἰς
1294 1675 1395 1746 τὴν
1437 1673 1618 1738 δεξιὰν
1652 1691 1769 1726 σια-

171 1769 344 1838 γόνα,
379 1768 606 1840 στρέψον
636 1766 804 1836 αὐτῷ,
843 1767 978 1836 φησὶ
1011 1766 1146 1836 (90),
1176 1767 1270 1820 καὶ
1292 1765 1387 1837 τὴν
1418 1766 1596 1837 ,ἄλλην
1619 1782 1632 1795 ·
1674 1765 1770 1819 καὶ

170 1861 266 1932 τῷ
301 1861 508 1914 θέλοντί
539 1877 618 1914 σοι
658 1860 912 1930 κριθῆναι
944 1860 1036 1912 καὶ
1069 1859 1162 1912 τὸν
1194 1859 1401 1930 χιτῶνά
1432 1877 1525 1945 σου
1558 1859 1766 1922 λαϐεῖν,

1875 664 2133 728 altare,et
2158 662 2272 716 illic
2301 661 2621 716 recordatus
2640 659 2809 715 fueris
2827 662 2972 730 quod
3011 661 3177 718 frater
3199 663 3325 720 tuu's
3345 667 3442 718 ha-

1876 755 1968 809 bet
1995 753 2202 824 aliquid
2234 754 2524 807 adversum
2555 761 2623 818 te,
2653 753 2899 823 relinque
2923 753 3036 808 illic
3068 770 3265 811 munus
3292 766 3444 811 tuum

1875 858 2001 900 ante
2027 847 2220 908 altare,
2249 853 2303 899 et
2331 844 2467 899 vade
2495 845 2648 914 prius
2670 844 3014 898 reconciliari
3049 845 3201 900 fratri
3231 855 3343 901 tuo.
3381 847 3448 901 Et

1873 939 2185 1007 quicunque
2198 937 2397 990 viderit
2414 937 2692 991 mulierem
2707 936 2774 990 ad
2789 937 3286 1006 concupiscendum
3300 956 3450 1009 eam,

1871 1029 1982 1098 jam
2009 1029 2318 1082 mcechatus
2343 1039 2425 1083 est
2451 1044 2570 1082 eam
2603 1028 2656 1080 in
2693 1029 2853 1082 corde
2877 1044 2975 1082 suo
2995 1031 3338 1098 (spurcitiem
3362 1033 3442 1086 ni-

1877 1120 2076 1173 mirum
2101 1120 2316 1184 animar,
2337 1135 2399 1173 ac
2422 1119 2666 1173 libidinis
2685 1135 2990 1185 assensum,
3017 1122 3339 1176 adulterium
3364 1140 3448 1176 vo-

1875 1211 2053 1277 cans).
2087 1209 2167 1262 Ad
2195 1211 2330 1275 liter,
2356 1226 2478 1264 cum
2507 1209 2590 1262 lex
2620 1209 2918 1278 perjuriun'.
2949 1211 3255 1278 prohibt-at,
3289 1214 3449 1268 Chri-

1881 1299 2205 1366 stusjurare
2235 1299 2456 1353 omnino
2487 1307 2654 1364 vetat,
2686 1315 2789 1353 nec
2820 1301 3118 1369 quidquam
3151 1303 3294 1356 aliud
3328 1320 3450 1374 pcr-

1875 1389 2063 1452 mittit,
2087 1406 2274 1457 quam,
2302 1388 2419 1452 Est,
2439 1398 2551 1453 est;
2575 1390 2715 1453 Non,
2740 1406 2870 1446 non.
2894 1393 3121 1447 Oculum
3149 1413 3245 1464 pro
3267 1401 3447 1461 oculo,

1875 1487 1930 1532 et
1953 1464 2170 1531 dentein
2207 1494 2304 1547 pro
2331 1481 2492 1533 dente
2515 1521 2528 1544 ,
2563 1481 2704 1543 illic;
2740 1481 2827 1535 hic
2859 1494 3041 1537 autem
3078 1505 3091 1540 :
3127 1486 3453 1558 Quicunque

1878 1571 2214 1638 percusserit
2232 1581 2282 1624 te
2307 1570 2359 1623 ili
2381 1571 2657 1625 dexteram
2677 1576 2975 1640 maxillam,
2993 1582 3168 1644 prmhe
3184 1580 3230 1632 ei
3250 1590 3301 1633 et
3321 1585 3454 1636 alte-

1873 1677 2010 1715 ram.
2031 1659 2096 1713 Et
2115 1661 2202 1728 qui
2223 1670 2396 1716 tecum
2418 1663 2531 1716 vult
2547 1663 2756 1730 judicio
2773 1668 3124 1734 contendere,
3140 1679 3190 1723 ct
3210 1673 3450 1726 tunicam

1878 1759 2025 1806 tuam
2058 1754 2270 1817 tollere,
2296 1753 2512 1807 dimitte
2539 1755 2587 1808 ei
2616 1761 2669 1808 et
2695 1756 2939 1824 pallium.
2971 1758 3035 1813 Et
3065 1761 3376 1830 quicunque
3401 1772 3455 1818 te

1873 1845 2241 1914 angariaverit
2263 1846 2410 1899 mille
2430 1862 2650 1915 passus,
2671 1848 2805 1903 vade
2824 1864 2946 1903 cum
2968 1836 3060 1903 illo
3077 1854 3182 1905 alia
3204 1854 3328 1907 duo.
3351 1854 3453 1920 Qui

174 1954 334 2020 ἄφες
367 1952 517 2022 αὐτῷ
551 1951 646 2004 καὶ
670 1951 729 2005 τὸ
757 1951 1006 2022 ίμάτιονυ
1038 1954 1132 2002 καὶ
1159 1952 1305 2010 ὅστις
1338 1968 1394 2004 σε
1434 1937 1772 2022 ἇγγαρεύσει

1884 1937 2013 2006 petit
2035 1947 2158 2002 ate,
2183 1938 2249 1992 da
2271 1939 2342 1992 ei.
2367 1937 2431 1991 Et
2452 1941 2718 1996 volentem
2744 1949 2848 1995 ate
2873 1944 3112 1997 mutuari
3132 1959 3196 1997 nc
3214 1954 3452 2000 avertas.

182 2045 377 2115 μίλιον
422 2043 500 2109 ἒν,
550 2043 733 2112 ὕπαγε
783 2045 901 2114 μετ’
939 2042 1103 2096 αὑτοῦ
1147 2040 1274 2094 δύο·
1318 2041 1397 2112 τῷ
1434 2041 1680 2095 αἰτοῦντί
1716 2059 1776 2094 σε

177 2137 363 2200 δίδου,
428 2136 540 2190 καὶ
583 2136 676 2188 τὸν
727 2135 950 2188 θέλοντα
999 2135 1107 2188 ἀπὸ
1154 2139 1248 2188 σοῦ
1291 2133 1644 2187 δανείσασθαι
1703 2132 1779 2205 μὴ

180 2229 580 2298 ἀποστραφῇς·
611 2227 863 2294 ἀγαπᾶτε
893 2227 1020 2288 τοὺς
1041 2224 1273 2296 ἐχθροὺς
1297 2224 1475 2295 ὑμῶν,
1505 2225 1777 2291 εὐλογεῖτε

180 2319 324 2382 τοὺς
357 2317 782 2388 καταρωμένους
807 2318 970 2387 ὑμᾶς,
1006 2316 1186 2379 καλῶς
1215 2317 1420 2368 ποιεῖτε
1445 2317 1555 2378 τοῖς
1585 2312 1777 2384 μισοῦ-

186 2429 283 2465 σιν
314 2411 482 2482 ὒμᾶς,
519 2410 613 2462 καὶ
647 2409 1016 2480 προσεύχεσθε
1052 2408 1193 2478 ὑπὲρ
1219 2407 1330 2460 τῶν
1359 2405 1778 2478 ἐπηρεαζόντων

189 2502 345 2574 ὑμᾶς
375 2503 470 2555 καὶ
499 2502 825 2566 διωκόντων,
857 2502 1006 2564 ὅπως
1039 2499 1272 2572 γένησθε
1302 2500 1408 2552 υἱοὶ
1437 2499 1531 2552 τοῦ
1564 2499 1777 2571 Πατρδς

186 2594 354 2664 ὑμῶν
381 2593 472 2647 τοῦ
505 2595 560 2646 ὲν
590 2595 701 2656 τοῖς
731 2595 1000 2664 οὐρανοῖς,
1031 2595 1114 2646 ὅτι
1141 2593 1232 2645 τὸν
1256 2592 1407 2664 ἥλιον
1442 2591 1610 2645 αὑτοῦ
1643 2594 1776 2646 ἀνα-

184 2687 374 2739 τέλλει
417 2688 510 2738 ὲπὶ
555 2685 826 2755 πονηροὺς
877 2686 972 2738 καὶ
1014 2685 1274 2752 ἀγαθοὺς,
1309 2684 1400 2736 καὶ
1447 2683 1631 2755 βρέχει
1686 2684 1778 2736 ἐπὶ

187 2779 442 2840 δικαίους
469 2778 562 2831 κα).
591 2778 834 2840 ἀδίκους.
869 2778 960 2849 Μὴ
999 2777 1108 2844 (91)
1149 2778 1387 2850 κρίνετε,
1427 2777 1514 2830 ἴνα
1547 2775 1622 2847 μὴ
1648 2793 1769 2848 κρι-

191 2870 330 2940 θῆτε
356 2884 370 2899 ³
405 2870 570 2936 ἄφετε
600 2869 707 2939 (99.)
730 2909 744 2932 ,
771 2868 863 2922 καὶ
894 2869 1230 2939 ἀφεθήσεται
1264 2869 1410 2938 ὑμῖν.
1447 2867 1540 2940 Μὴ
1570 2867 1777 2938 θησαυ-

195 2963 382 3032 ρίζετε
417 2963 524 3031 (95)
569 2962 697 3031 ὑμῖν
731 2960 1042 3030 θησαυροὺς
1071 2961 1162 3013 ἐπὶ
1204 2951 1434 3031 τῆς’γῆς
1457 3001 1472 3025 ,
1515 2962 1647 3013 ὅπου
1679 2961 1779 3031 σὴς

194 3056 292 3109 καὶ
330 3053 532 3125 βρῶσις
566 3054 819 3122 ἀφανίζει
865 3055 959 3106 καὶ
998 3054 1133 3106 ὅπου
1169 3053 1402 3105 κλέπται
1435 3051 1778 3122 διορύσσουσι

195 3146 294 3198 καὶ
335 3146 626 3198 κλέπτουσι
651 3163 662 3176 ο
712 3144 1070 3217 θησαυρίζετε
1109 3144 1165 3196 δὲ
1197 3145 1328 3214 ὑμῖν
1373 3143 1684 3215 θησαυροὺς
1721 3146 1779 3196 ἐν

197 3236 448 3306 οὐρανῷ,
488 3239 619 3289 ὃπου
667 3236 791 3289 οὔτε
844 3237 942 3304 σὴς
983 3235 1106 3288 οὔτε
1140 3235 1343 3306 βρῶσις
1379 3235 1634 3304 ἀφανίζει
1685 3237 1779 3287 καὶ

1874 2029 2121 2084 Audistis
2153 2030 2282 2098 quia
2309 2031 2514 2084 dictum
2545 2043 2668 2087 est:
2704 2035 2906 2104 Diliges
2939 2037 3245 2104 proximum
3271 2047 3452 2102 tuum,

1893 2145 1945 2190 et
1970 2135 2090 2188 odio
2111 2134 2326 2189 habebis
2343 2135 2612 2189 inimicam
2637 2145 2800 2190 tuum.
2823 2137 2929 2204 Ego
2944 2144 3120 2189 autem
3142 2137 3259 2189 dico
3280 2137 3452 2189 vobis:

1899 2226 2107 2295 Diligite
2137 2226 2380 2282 inimicos
2403 2235 2626 2290 vestros,
2654 2227 2945 2281 benefacite
2986 2226 3066 2280 his
3097 2227 3186 2294 qui
3233 2225 3458 2280 oderunt

1893 2331 2009 2386 vos,
2030 2326 2082 2370 et
2099 2327 2246 2370 orate
2263 2333 2356 2384 pro
2372 2319 2804 2386 persequentibus
2818 2327 2870 2372 et
2885 2315 3320 2372 calumniantibus
3339 2331 3458 2383 vos,

1896 2415 1948 2457 ut
1981 2407 2095 2460 sitis
2145 2406 2234 2460 [itii
2261 2405 2432 2462 Patris
2459 2410 2617 2462 vestri
2647 2410 2734 2478 qui
2785 2410 2835 2462 in
2864 2409 3014 2463 caelis
3041 2419 3142 2473 est,
3172 2407 3259 2475 qui
3291 2408 3458 2464 solem

1897 2509 2047 2548 suum
2078 2493 2202 2550 facit
2230 2497 2358 2550 oriri
2385 2513 2545 2566 super
2569 2498 2735 2552 bonos
2759 2508 2812 2552 et
2837 2498 3026 2563 'malos,
3057 2508 3109 2552 et
3133 2496 3263 2565 pluit
3293 2512 3454 2564 super

1892 2585 2063 2651 justos
2089 2597 2142 2640 et
2182 2586 2406 2656 injustos
2449 2588 2596 2656 (Luc.
2626 2589 2724 2658 vi).
2767 2589 2940 2643 Nolite
2964 2588 3220 2656 judicare,
3265 2596 3324 2640 ut
3353 2601 3456 2640 non

1891 2675 2222 2744 judicemini.
2251 2678 2527 2743 Dimittite,
2558 2688 2612 2734 et
2636 2680 2929 2733 dimittetur
2953 2679 3120 2731 vobis.
3148 2677 3319 2732 Nolite
3347 2677 3457 2731 the-

1895 2767 2161 2820 saurizare
2183 2767 2332 2820 vobis
2357 2771 2629 2822 thesauros
2660 2771 2711 2822 in
2736 2779 2894 2832 terra,
2922 2769 3005 2823 ubi
3031 2783 3206 2837 :erugo
3233 2779 3282 2821 et
3316 2773 3456 2820 tinea

1896 2854 2200 2923 demolitur,
2224 2866 2276 2912 et
2297 2857 2436 2911 fures
2457 2858 2712 2911 etl'odiunt
2731 2869 2781 2911 et
2805 2857 3061 2911 furantur.
3086 2856 3460 2910 Thesaurizate

1897 2961 2074 3005 autem
2098 2953 2246 3005 vobis
2270 2952 2544 3006 thesauros
2568 2953 2618 3006 in
2641 2954 2796 3016 creto,
2831 2952 2918 3007 ubi
2947 2966 3116 3020 neque
3144 2964 3338 3016 :erugo.
3369 2965 3461 3002 "e-

1899 3054 2000 3107 que
2029 3042 2170 3094 tinea
2210 3041 2524 3106 demolitur,
2567 3051 2622 3095 et
2659 3043 2742 3096 tibi
2775 3041 2919 3095 fures
2949 3055 3052 3093 non
3080 3039 3334 3093 ell'udiunt
3365 3052 3460 3090 nec

1901 3132 2161 3189 furantur.
2209 3134 2310 3190 Ubi
2345 3136 2484 3200 enim
2517 3141 2599 3190 est
2647 3136 2922 3189 thesaurus
2967 3144 3109 3200 tuus,
3157 3133 3224 3186 ibi
3273 3140 3326 3185 et
3368 3146 3460 3185 cur
3501 3185 3504 3189 ,

1901 3233 2070 3277 tuum.
2114 3223 2191 3278 Ne
2213 3223 2426 3278 solliciti
2452 3227 2566 3279 sitis
2595 3225 2783 3278 anima:
2807 3234 2996 3278 vestra:
3023 3223 3146 3290 quid
3178 3223 3460 3278 manduce-

197 3329 334 3380 ὅπου
362 3329 590 3382 κλέπται
620 3329 680 3380 ού
707 3327 1106 3400 διορύσσουσιν,
1129 3327 1249 3380 οὐδὲ
1280 3327 1604 3380 κλέπτουσιν
1625 3344 1638 3356 ·
1668 3328 1776 3397 92

1901 3317 1991 3380 tis,
2023 3331 2194 3384 neque
2221 3318 2428 3385 corpori
2462 3326 2637 3371 vestro
2664 3316 2788 3387 quid
2819 3316 3144 3381 induamini;
3175 3317 3274 3369 scit
3317 3314 3461 3368 enim

200 3423 338 3474 ὅπου
381 3422 491 3492 γάρ
527 3423 674 3474 ἐστιν
704 3424 731 3474 ὁ
761 3419 1030 3492 θησαυρὸς
1071 3419 1244 3490 ὑμῶν,
1279 3421 1396 3474 ἐκεῖ
1430 3421 1580 3473 ἔσται
1617 3421 1709 3474 καὶ
1745 3423 1778 3489 ἡ

202 3514 401 3584 καρδία
432 3513 605 3584 ὑμῶν.
639 3515 730 3583 Μὴ
775 3514 1075 3584 μεριμνᾶτε
1105 3512 1214 3582 (91)
1247 3515 1312 3583 τῇ
1343 3511 1488 3583 ψυχῇ
1535 3512 1691 3582 ὑμῶν
1725 3512 1778 3565 τί

203 3609 417 3678 φάγητε
457 3607 552 3660 καὶ
586 3606 637 3659 τί
678 3605 860 3678 πίητε,
895 3605 1032 3676 μηδὲ
1067 3603 1144 3675 τῷ
1177 3603 1391 3675 σώματι
1427 3592 1580 3676 ὐμῶν
1611 3605 1661 3657 τί
1695 3606 1782 3657 έν-

201 3700 466 3771 δύσησθε·
505 3697 611 3753 οἶδε
649 3699 760 3768 (93)
810 3698 921 3770 γὰρ
963 3700 990 3751 ὀ
1031 3698 1222 3770 Πατὴρ
1255 3698 1408 3768 ὑμῶν
1455 3701 1484 3752 ὁ
1533 3698 1781 3770 οὐράνιος

202 3797 287 3848 ὃτι
334 3794 563 3866 χρῄζετε
612 3793 814 3846 τούτων
862 3793 1139 3846 ἁπάντων.
1203 3793 1261 3845 '0
1304 3788 1399 3846 οὖν
1447 3792 1550 3862 τὴν
1597 3791 1780 3864 ψυχὴν

205 3889 331 3952 δοὺς
365 3891 460 3942 καὶ
497 3889 560 3942 τὸ
609 3889 769 3959 σῶμα
792 3929 807 3953 ,
841 3887 1005 3941 δώσει
1052 3889 1270 3952 πάντως
1306 3890 1401 3942 καὶ
1447 3887 1657 3958 τροφὴν
1689 3886 1782 3938 καὶ

207 3982 410 4051 ἔνδυμα
435 4025 448 4046 ,
485 3984 512 4034 ὁ
551 3981 616 4034 τὰ
648 3981 869 4035 πετεινὰ
902 3980 996 4034 τοῦ
1043 3980 1276 4052 ούρανοῦ
1313 3981 1530 4051 τρέφων
1585 3980 1680 4032 καὶ
1715 3979 1782 4030 τὰ

208 4073 368 4145 κρίνα
420 4071 511 4126 τοῦ
553 4071 725 4143 ἀγροῦ
761 4071 981 4142 τοιαύτῃ
1029 4071 1252 4139 κοσμῶν
1295 4070 1592 4140 ὡραιότητι
1647 4069 1780 4138 (96).

212 4165 431 4232 Ζητεῖτε
468 4161 577 4233 (97)
623 4162 701 4226 δὲ,
748 4162 902 4231 φησὶ,
953 4161 1169 4232 πρῶτον
1220 4162 1319 4232 τὴν
1358 4160 1638 4230 βασιλείαν
1690 4159 1783 4213 τοῦ

212 4253 348 4306 Θεοῦ
373 4255 466 4306 καὶ
501 4254 601 4325 τὴν
633 4254 980 4322 δικαιοσύνην
1012 4253 1176 4306 αὐτοῦ
1197 4295 1211 4318 ,
1255 4253 1346 4306 καὶ
1381 4252 1556 4304 ταῦτα
1603 4251 1785 4304 πάντα

217 4345 642 4416 προστεθήσεται
665 4345 813 4414 ὑμῖν.
846 4346 938 4415 Μὴ
965 4351 1337 4416 μεριμνήσητε
1355 4346 1434 4406 είς
1458 4344 1556 4416 τὴν
1573 4342 1783 4413 αὔριον·

213 4441 246 4509 ή
281 4425 386 4507 γὰρ
418 4436 610 4508 αὔριον
630 4437 695 4490 τὰ
724 4437 925 4506 ἑαυτῆς
958 4439 1311 4507 μεριμνήσει.
1341 4437 1524 4490 Πάντα
1552 4437 1652 4488 ὅσα
1675 4435 1784 4506 (98)

1904 3404 2058 3459 Pater
2083 3414 2257 3461 vester
2281 3408 2514 3462 cmlestis
2535 3409 2782 3474 quoniam
2812 3408 2892 3461 his
2918 3406 3164 3460 omnibus
3191 3405 3459 3476 indigetis.

1901 3497 2075 3560 Quare
2115 3498 2204 3565 qui
2245 3499 2472 3552 animam
2518 3507 2573 3553 et
2614 3513 2806 3567 corpus
2845 3497 3011 3562 dedit,
3042 3512 3260 3566 prorsus
3302 3497 3460 3550 etiam

1900 3586 2075 3642 cibum
2102 3596 2157 3644 et
2187 3588 2552 3644 indumentum
2584 3590 2761 3654 dabit;
2806 3590 2915 3658 ille,
2948 3589 3181 3658 inquam,
3223 3587 3309 3655 qni
3340 3587 3462 3642 coeli

1903 3690 2028 3730 aves
2075 3680 2269 3742 nutrit,
2313 3689 2367 3734 et
2395 3680 2505 3749 agri
2537 3680 2646 3734 lilia
2696 3690 2835 3734 tanta
2869 3678 3257 3747 pulchritudine
3285 3687 3458 3730 ornat.

1906 3766 2137 3833 Quaerite
2159 3779 2332 3823 autem
2361 3771 2585 3839 primum
2609 3785 2823 3839 regnum
2847 3769 2940 3823 Dei
2962 3779 3012 3822 et
3036 3768 3292 3837 justitiam
3322 3767 3460 3837 cjne,

1873 3857 1959 3910 'et
1997 3859 2109 3912 hare
2142 3861 2321 3912 omnia
2353 3860 2670 3927 adjicientur
2701 3860 2866 3913 vobis.
2901 3858 3074 3912 Nolite
3110 3858 3316 3918 solliciti
3339 3873 3466 3913 esse

1880 3947 1948 3997 de
1964 3945 2373 4024 crastino,pam
2392 3946 2666 3998 crastinus
2686 3947 2802 3999 dies
2823 3945 2923 3999 sibi
2944 3947 3044 4012 ipsi
3065 3943 3335 4000 sollicitus
3358 3949 3465 4008 eri;

1883 4035 2100 4102 (Matth.
2125 4035 2220 4104 νι).
2245 4035 2437 4089 Omnia
2456 4051 2794 4106 quaecunque
2815 4038 2978 4091 vultis
3003 4046 3060 4091 ut
3080 4038 3284 4094 faciant
3303 4041 3462 4095 vobis

1882 4127 2153 4192 hoznines,
2178 4129 2363 4182 eadem
2383 4136 2436 4184 et
2454 4144 2550 4182 vos
2575 4128 2737 4184 l‘acite
2757 4130 2862 4184 illis
2882 4129 3031 4199 (Luc.
3059 4132 3233 4200 xvni).
3257 4128 3463 4188 Intrate

1880 4233 1978 4288 per
1995 4227 2278 4289 angustam
2306 4228 2541 4290 portam,
2563 4221 2692 4291 quia
2715 4221 2824 4274 lata
2842 4235 2924 4277 est
2952 4232 3127 4292 porta,
3145 4235 3199 4276 et
3225 4223 3464 4290 spatiosa

1880 4314 1988 4375 via,
2015 4328 2135 4382 qua:
2159 4313 2309 4368 ducit
2337 4315 2404 4368 ad
2441 4323 2694 4380 mortem,
2721 4323 2775 4369 et
2797 4315 2950 4368 multi
2978 4326 3104 4370 sunt
3129 4318 3220 4386 qui
3255 4317 3466 4371 intrant

1884 4420 1979 4473 per
2007 4421 2148 4461 eam.
2181 4405 2452 4472 Quoniam
2477 4418 2709 4476 angusta
2737 4417 2816 4462 est
2842 4416 3018 4475 porta,
3044 4415 3096 4462 et
3126 4408 3318 4464 stricta
3348 4411 3454 4470 via,

213 4532 280 4584 ἂν
319 4530 505 4598 θέλητε
538 4531 625 4583 ἵνα
673 4531 902 4583 ποιῶσιν
951 4531 1080 4598 ὑμῖν
1109 4531 1158 4582 οἱ
1191 4528 1489 4597 ἄνθρωποι,
1520 4528 1664 4583 οὕτω
1694 4530 1776 4583 κα)

1884 4514 2003 4568 qum
2027 4499 2176 4553 ducit
2205 4501 2269 4553 ad
2296 4501 2482 4563 vitam,
2504 4509 2556 4553 et
2578 4499 2734 4567 pauci
2754 4508 2884 4553 sunt
2907 4499 2999 4568 qui
3029 4500 3313 4554 inveniant
3342 4515 3460 4552 eam

216 4626 371 4692 ὑμεῖς
397 4626 600 4675 ποιεῖτε
632 4623 836 4684 αὐτοῖς.
871 4623 1156 4675 Εἱσέλθετε
1195 4622 1314 4693 (99)
1346 4621 1431 4676 διὰ
1461 4625 1560 4693 τῆς
1597 4622 1792 4692 στενῆς

216 4713 412 4783 πύλης,
445 4713 525 4766 ὅτι
553 4714 783 4766 πλατεῖα
816 4715 848 4784 ἡ
892 4712 1036 4784 πύλη
1066 4714 1162 4766 καὶ
1191 4713 1507 4784 εὐρύχωρος
1534 4716 1567 4782 ή
1610 4714 1726 4778 ὁδὸς
1755 4715 1788 4784 ἠ

213 4806 503 4874 ἀπάγουσα
560 4807 638 4868 εἰς
685 4805 784 4877 τὴν

213 4898 589 4972 εἰσερχόμενοι
639 4897 707 4952 δι’
756 4897 965 4968 αὐτῆς·
1025 4896 1186 4968 στενὴ
1245 4897 1339 4949 καὶ
1381 4897 1787 4970 τεθλιμμένηή

289 5059 399 5129 (87)
435 5059 622 5114 Matth.
662 5076 713 5111 v.
741 5057 832 5111 es.

1827 4589 2096 4692 D(Marlh.
2135 4608 2240 4657 vti;
2285 4591 2414 4645 Luc.
2442 4591 2586 4657 xm).
2635 4591 2751 4643 Non
2780 4593 2964 4646 omnis
3010 4592 3101 4660 qui
3134 4591 3269 4646 dicit
3304 4592 3456 4654 mihi,

1882 4683 2134 4752 Domine,
2164 4682 2411 4745 Domine,
2437 4681 2664 4735 intrabit
2695 4681 2745 4734 in
2786 4696 3010 4751 regnum
3039 4681 3326 4743 calorum,
3359 4683 3454 4736 sed

833 4804 1132 4870 ἀπώλειαν,
1183 4807 1278 4859 καὶ
1320 4805 1506 4860 πολλοί
1559 4807 1696 4859 εἰσιν
1741 4823 1769 4858 ο

1884 4775 1974 4842 qui
2010 4773 2141 4828 facit
2173 4772 2507 4826 voluntatem
2547 4770 2726 4825 Patris
2771 4771 2912 4836 mei,
2953 4770 3043 4840 qui
3079 4771 3133 4826 in
3179 4771 3339 4825 cretis
3379 4777 3464 4825 est

1883 4863 2237 4937 (Mantum).
2253 4863 2357 4932 Qui
2377 4863 2554 4935 diligit
2573 4874 2781 4936 patrem
2803 4874 2896 4919 aut
2911 4871 3138 4918 matrem
3159 4865 3279 4934 plus
3297 4877 3459 4932 quam

294 5120 401 5200 (88)
427 5130 617 5202 Matth.
647 5147 696 5192 ν,
725 5129 813 5190 Si,
848 5127 983 5202 57_:_
1005 5127 1144 5197 Ἐγὼ
1176 5127 1231 5202 δὲ
1265 5126 1412 5202 λέγω
1442 5127 1584 5202 ὑμῖν
1603 5127 1678 5202 μὴ
1706 5127 1902 5200 ὀμόσαι
1929 5129 2132 5194 ὅλως...
2165 5129 2302 5182 ἔστω
2339 5127 2396 5182 δὲ
2428 5127 2638 5202 ὀὶόγος
2669 5129 2842 5201 ὑμῶν,
2875 5126 3002 5190 Ναὶ,
3033 5123 3122 5180 ναί
3144 5137 3160 5154 ⁸
3191 5120 3288 5185 Οθ,
3320 5125 3406 5179 9'}.

294 5197 400 5268 (89)
435 5200 654 5254 Scilicet
681 5204 732 5254 in
770 5199 935 5268 veteri
973 5198 1088 5268 lege
1115 5217 1128 5252 ;
1155 5197 1226 5252 cf.
1263 5197 1534 5268 Matth.“
1557 5199 1648 5255 58.

293 5267 403 5342 (90)
428 5271 680 5342 Christus
711 5271 851 5338 apud
880 5267 1186 5324 Manlia:qu
1222 5284 1272 5336 v,
1297 5267 1490 5324 59-45.

298 5341 406 5414 (91)
439 5341 573 5414 l_bid.
607 5357 704 5414 vn,
737 5343 787 5394 1.

297 5408 404 5485 (92)
431 5411 513 5485 cr.
547 5412 675 5485 tum.
715 5428 788 5485 vi,
821 5408 904 5465 ιι.

299 5483 406 5556 (95)
442 5483 591 5556 ibid.
622 5498 691 5546 vt,
729 5484 861 5556 19...

301 5552 406 5626 (94)
442 5553 634 5607 Matth.
668 5570 742 5626 vt,
766 5552 856 5606 ‘25.

301 5621 408 5697 (95)
439 5626 672 5697 |b_iIJ_._\'I,
685 5625 786 5697 75:2.

301 5693 409 5772 (99')
436 5695 522 5772 gf.
548 5693 841 5772 Mullltlfl,
864 5693 952 5762 9.6,
985 5695 1072 5750 28.

303 5765 412 5840 (9⁸1)
440 5767 586 5840 ibid.
621 5780 691 5826 \‘I,
721 5765 808 5840 53.

303 5835 410 5909 (98)
439 5835 768 5909 Mattlravul
791 5837 875 5893 η.

303 5907 409 5988 (99)
434 5909 569 5966 Ibid.
601 5907 688 5977 i5,
717 5907 799 5962 Η.

3480 5093 3488 5157 i
