3932 6384
32 453 177 515 )57

1194 459 1365 518 ΥΙΤΑ
1410 459 1763 519 BARLAAM
1802 458 1896 517 ET
1932 459 2281 520 JOASAPH.

3266 458 3373 537 958

28 564 424 639 παραλυθῇ,
459 564 634 629 ἔξεστι
679 566 742 620 τὸ
785 568 1067 641 σαθρωθέν
1100 575 1214 636 τοῖς
1249 575 1556 646 πταίσμασι
1615 578 1678 646 τῇ

1812 567 1949 633 quod
1979 582 2072 634 per
2100 579 2318 637 peccata
2358 580 2660 640 corruptum
2705 582 2806 640 est,
2854 568 3176 645 pmnitentizc
3219 585 3374 652 adju-

28 658 363 730 μιτανοίᾳ
385 654 540 721 αὖθις
568 658 916 712 ἀνακαινίσαι
952 659 1050 730 (8).
1089 660 1303 733 Πλῆθος
1329 662 1438 733 γὰρ
1472 666 1682 733 οἰκτιρ-

28 749 210 819 μῶν
260 749 405 803 Θεοῦ
437 749 745 822 ἀριθμῆσαι
769 751 863 804 καί
899 751 1128 821 μέγεθος
1166 753 1352 816 ἐλέους
1386 755 1553 809 αὐτοῦ
1590 773 1684 825 με-

28 857 75 893 1:
90 840 298 912 ρῆσαι
325 841 591 895 ἀδύνατον
617 859 631 873 ·
666 842 1117 913 ἀμαρτήματανδὲ
1139 842 1339 917 οἷάπερ
1366 846 1432 899 ἂν
1465 840 1566 899 ὦσι
1588 847 1683 899 καὶ

28 934 416 1003 πταίσματα
463 932 649 1004 μέτρῳ
696 934 1013 989 ὑπόκεινται
1070 937 1165 990 κοιλ⁵
1207 938 1490 1008 ἀριθμητά
1538 933 1681 991 εἶναι

36 1023 411 1094 συμϐαίνει.
453 1022 534 1077 Τά
564 1020 664 1077 οὖν
717 1026 901 1096 μέτρῳ
941 1027 1036 1078 καὶ
1083 1026 1300 1097 ἀριθμῴ
1345 1028 1680 1098 ὑποκείμενα

40 1118 417 1188 πταίσματα
456 1114 613 1187 ἡμῶν
652 1114 760 1187 95
806 1116 867 1169 τὸ
893 1118 1202 1190 ἀμέτρητον
1231 1118 1379 1182 ἕλεος
1415 1121 1510 1173 καὶ
1554 1120 1682 1185 τοὺς

40 1206 511 1278 ἀναριθμήτους
553 1207 872 1279 οἰκτιρμοὺς
899 1208 992 1261 τοῦ
1020 1206 1157 1262 Θεοῦ
1186 1210 1407 1280 νικῆσαι
1433 1212 1495 1265 οὐ
1522 1210 1681 1265 δύνα-

40 1315 194 1351 ται.

146 1389 256 1443 Διὸ
314 1391 378 1444 οὐ
440 1391 899 1463 προσετάχθημεν
953 1393 1045 1446 ἐπὶ
1094 1395 1210 1458 τοῖς
1270 1393 1682 1465 ἡμαρτημένοις

54 1479 530 1547 ἀπογινώσκειν,
565 1481 679 1536 ἀλλ’
708 1482 1094 1551 ἐπιγινώσκειν
1122 1484 1222 1554 τὴν
1251 1485 1566 1555 ἀγαθότητα
1586 1485 1680 1539 τοῦ

56 1570 253 1632 θεοῦ,
296 1570 391 1625 καὶ
440 1571 875 1640 καταγινώσκειν
916 1576 1026 1628 τῶν
1076 1575 1496 1647 ἁμαρτημάτων
1536 1572 1610 1629 ὧν
1643 1579 1677 1648 ἡ

58 1663 296 1732 ἄφεσις
325 1664 609 1733 πρόκειται
637 1665 725 1717 διὰ
750 1664 1169 1737 φιλανθρωπίαν
1201 1666 1293 1720 τοῦ
1327 1664 1590 1737 Χριστοῦ,
1624 1668 1683 1732 ὃς

62 1754 237 1826 ὑπὲρ
275 1754 388 1806 τῶν
432 1754 716 1826 ἁμαρτιῶν
758 1756 917 1828 ἡμῶν
965 1757 1026 1809 τὸ
1078 1757 1210 1810 ἴδιον
1257 1757 1473 1828 ἐξέχεεν
1517 1757 1677 1831 αἷμα.

68 1844 437 1917 Πολλαχόθεν
469 1845 524 1900 δὲ
552 1846 655 1916 τῆς
686 1846 906 1917 γραφῆς
928 1847 1293 1938 δίδασκόμεθα
1328 1850 1425 1922 τὴν
1454 1851 1680 1921 δύναμιν
1722 1870 1732 1880 ’

1812 665 1990 709 mento
2017 658 2216 713 sarcire
2236 673 2299 714 ac
2322 674 2578 718 renovare
2605 662 2746 719 licet.
2773 664 2957 737 Neque
2978 669 3118 725 enim
3151 688 3372 730 misera-

1813 743 2014 799 tionum
2046 746 2135 802 Dei
2178 749 2460 806 multitudo
2491 757 2753 811 numerari
2783 768 2988 827 potest,
3019 776 3121 817 nec
3165 768 3378 822 miseri-

1812 837 2005 891 cordiae
2037 839 2200 906 ipsius
2225 844 2530 913 magnitudo
2568 848 2619 901 in
2672 865 2973 909 mensuram
3019 858 3159 912 cadit
3204 860 3374 932 (Psal.

1808 940 2006 1000 cxuv).
2032 932 2248 989 Peccata
2277 946 2479 1005 contra,
2510 955 2834 1012 quascunque
2879 948 3086 1003 tandem
3130 952 3219 1006 illa
3260 953 3376 1010 fue-

1810 1022 1936 1085 rint,
1967 1036 2228 1080 mensura:
2251 1042 2311 1082 ac
2335 1044 2553 1084 numero
2580 1033 2950 1103 subjiciuntur.
2981 1041 3094 1107 Quo
3121 1043 3179 1097 lit
3202 1054 3257 1100 ut
3286 1062 3372 1115 ea,

1810 1125 1928 1166 cum
1974 1130 2027 1168 in
2069 1130 2371 1172 mensuram
2410 1135 2472 1174 ac
2513 1138 2786 1180 numerum
2816 1131 3028 1195 cadant,
3061 1135 3372 1193 immensam

1814 1201 1909 1255 Dei
1938 1204 2349 1261 misericordiam
2380 1219 2535 1280 atque
2568 1215 2978 1273 innumerabiles
3007 1224 3374 1281 miserationes

1808 1297 2018 1350 vincere
2044 1310 2325 1368 nequeant.
2891 1354 2897 1360 .

1880 1391 1953 1442 Ac
1981 1392 2198 1457 proinde
2224 1394 2292 1447 ob
2320 1404 2653 1463 peccatorum
2696 1398 3084 1459 multitudinem
3135 1409 3368 1464 animum

1806 1476 2138 1545 despondere
2207 1483 2422 1538 minime
2459 1485 2737 1555 jubemur,
2785 1490 2878 1545 sed
2938 1494 3029 1547 Dei
3075 1494 3367 1553 benitatem

1809 1582 2117 1636 agnoscere,
2148 1585 2209 1626 ac
2248 1584 2462 1641 peccata
2507 1590 2684 1633 nostra
2729 1584 3113 1653 condemnare,
3143 1605 3367 1658 quorum

1806 1663 2048 1717 remissio
2076 1677 2291 1734 propter
2316 1666 2512 1722 Christi
2554 1670 2927 1741 benignitatem
2958 1683 3223 1746 proposita
3252 1694 3364 1748 est,

1803 1757 1893 1824 qui
1925 1770 2019 1825 pro
2047 1758 2334 1814 sceleribus
2362 1762 2559 1816 nostris
2601 1768 2909 1833 sanguinem
2961 1784 3113 1823 suum
3163 1773 3365 1828 ell‘udit.

1806 1846 1972 1902 Porro
1995 1863 2113 1902 cum
2141 1863 2205 1903 ex
2236 1851 2414 1906 multis
2443 1853 2730 1923 Scriptum
2754 1857 2880 1911 locis
2906 1862 3229 1926 paenitentiae
3260 1866 3364 1919 vim

62 1938 183 2008 τῆς
218 1938 515 2008 μετανοίας
537 1979 549 1999 ,
594 1939 685 1990 καὶ
716 1938 951 2009 μάλιστα
976 1936 1054 1991 έκ
1088 1940 1199 1994 τῶν
1242 1942 1678 2013 προσταγμάτων

1805 1936 2173 2005 adducamus,
2205 1950 2311 1994 tum
2343 1944 2669 2009 potissimum
2699 1961 2764 2001 ex
2808 1946 3011 2004 Domini
3045 1955 3207 2008 nostri
3239 1957 3364 2011 Jesu

66 2029 181 2082 καί
233 2026 568 2099 παραδολῶν
602 2027 695 2081 τοῦ
743 2029 950 2100 Κυρίου
979 2030 1139 2101 ἡμῶν
1194 2032 1367 2103 Ἰησοῦ
1420 2033 1679 2105 Χριστοῦ.

82 2118 238 2173 Ἀπὸ
266 2120 393 2173 τότε
428 2119 567 2191 γὰρ,
604 2121 770 2189 φησὶν
812 2119 914 2193 (9),
947 2120 1153 2191 ἤρξατο
1194 2126 1221 2177 ὁ
1274 2124 1488 2194 Ἰησοῦς
1541 2124 1685 2178 διδά-

69 2227 247 2264 σκειν
298 2210 392 2264 καὶ
425 2209 604 2278 λέγειν
625 2228 639 2240 ο
688 2212 1015 2265 Μετανοεῖτε
1042 2229 1055 2243 ·
1093 2215 1291 2286 ἡγγικε
1323 2215 1431 2288 γάρ
1460 2218 1491 2288 ή
1533 2216 1688 2287 βασι-

69 2298 210 2353 λεία
245 2299 358 2354 τῶν
382 2299 653 2371 οὐρανῶν.
696 2301 858 2354 Ἀλλά
887 2305 981 2357 καὶ
1014 2305 1072 2357 ὲν
1097 2306 1381 2379 παραϐολῇ
1415 2310 1530 2361 υἱόν
1564 2328 1684 2364 τινα

79 2393 415 2460 εἰσηγεῖται
452 2392 591 2459 (10),
628 2392 861 2446 λαϐόντα
880 2393 979 2462 τὴν
1009 2394 1103 2448 τοῦ
1141 2398 1349 2469 πατρὸς
1375 2400 1563 2454 οὐσίαν
1588 2403 1685 2456 καὶ⁹

74 2483 171 2545 είς
201 2482 394 2553 χώραν
424 2474 860 2555 ἀποδημήσαντα
896 2486 1113 2558 μακρὰν
1136 2527 1151 2550 ,
1187 2491 1351 2543 κάκεῖ
1387 2493 1443 2543 ἐν
1470 2492 1684 2565 ἀσωτία

78 2572 276 2625 πάντα
316 2570 777 2647 καταναλώσαιςεα
824 2574 937 2644 (il)
965 2616 979 2638 ,
1016 2571 1133 2629 εἶτα
1161 2618 1175 2641 ,
1217 2577 1377 2648 λιμοῦ
1411 2582 1550 2633 κατὰ
1582 2583 1683 2653 τὴν

78 2661 285 2734 χώραν
306 2662 520 2732 ἐκείνην
542 2663 859 2734 γενομένου,
890 2665 1194 2720 ἀπελθόντα
1225 2669 1318 2721 καὶ
1351 2670 1683 2742 κολληθέντα

80 2755 175 2807 ἑνὶ
203 2755 319 2807 τῶν
344 2755 600 2826 πονηρῶν
624 2756 858 2809 πολιτῶν
886 2758 983 2827 τῆς
1013 2758 1470 2832 πολυαμαρτήτου
1498 2763 1681 2836 χώρας

81 2843 356 2913 ἐκείνης·
414 2844 473 2907 ὃς
516 2844 610 2898 καὶ
654 2844 903 2916 ἔπεμψεν
939 2845 1123 2912 αὑτὸν,
1173 2849 1360 2916 φησιν,
1410 2852 1492 2913 είς
1545 2854 1674 2916 τοὺς

83 2937 302 3006 ἀγροὺς
343 2935 508 2989 αὐτοῦ
542 2936 757 3006 βόσκειν
791 2937 1009 3009 χοίρους
1031 2955 1044 2968 ·
1082 2938 1182 3009 τὴν
1209 2942 1550 3013 τραχυτάτην
1585 2945 1681 2997 καὶ

86 3026 363 3099 βδελυρὰν
405 3027 682 3098 ἁμαρτίαν
708 3027 852 3081 οὕτω
887 3029 1142 3092 καλέσας.
1175 3031 1354 3085 Πολλὰ
1380 3028 1473 3086 οὖν
1509 3038 1681 3106 μογή-

88 3136 233 3181 σας,
274 3119 369 3172 καὶ
401 3119 480 3182 είς
532 3118 770 3190 ἐσχάτην
820 3118 1101 3189 ἐληλακὼς
1154 3121 1552 3195 ταλαιπωρίαν,
1604 3126 1681 3192 ὡς

92 3212 238 3283 μηδὲ
284 3212 383 3283 τῆς
419 3210 735 3287 βρομώδους
783 3213 893 3267 τῶν
944 3214 1140 3285 χοίρων
1176 3219 1382 3288 τροφῆς
1413 3219 1511 3290 τὴν
1543 3219 1679 3274 ἰδίαν

1803 2027 1997 2083 Christi
2025 2031 2316 2086 actionibus
2357 2049 2415 2088 ac
2456 2037 2741 2103 parabolis.
2784 2040 2858 2092 Ex
2908 2049 3030 2097 tunc
3074 2046 3233 2112 enim,
3265 2054 3356 2116 ait,

1804 2119 1966 2188 carpit
1992 2119 2146 2176 Jesus
2183 2123 2391 2188 docere,
2439 2133 2493 2179 et
2533 2126 2750 2182 dicere:
2783 2129 3150 2188 Paenitentiam
3195 2140 3354 2205 agite,

1803 2212 2241 2282 appropinquavit
2287 2217 2426 2268 enim
2471 2230 2685 2285 regnum
2728 2220 2981 2274 caelorum
3013 2222 3225 2293 (Manli.
3251 2230 3357 2294 ιιι).

1800 2302 1936 2368 Quin
1975 2305 2131 2357 etiam
2179 2303 2231 2358 in
2280 2306 2525 2370 parabola
2576 2309 2737 2359 litium
2788 2310 3065 2375 quemdam
3116 2314 3309 2367 inducit
3338 2355 3353 2377 ,

1801 2396 1951 2466 (Luc.
1982 2395 2093 2466 xv),
2121 2397 2209 2465 qui
2247 2411 2366 2450 cum
2410 2400 2638 2466 acceptis
2668 2403 2898 2467 paternis
2928 2403 3113 2469 opibus
3149 2404 3202 2458 in
3243 2405 3358 2459 lon-

1798 2488 2046 2556 ginquam
2069 2488 2335 2555 regionem
2368 2489 2630 2556 prolectus
2660 2488 2859 2552 luisset,
2887 2507 3084 2561 easque
3112 2498 3162 2547 in
3208 2500 3350 2551 omni

1801 2578 1959 2631 luxus
2005 2589 2163 2646 atque
2214 2578 2630 2646 intemperantia:
2673 2594 2867 2649 genere
2918 2588 3349 2653 consumpsisset,

1797 2678 2001 2737 postea,
2044 2670 2256 2737 regione
2284 2669 2367 2723 illa
2396 2673 2529 2722 fame
2575 2671 2846 2726 laborante
2870 2675 3017 2739 abiit,
3048 2684 3102 2729 et
3130 2677 3354 2732 adhaesit

1803 2760 1891 2814 nni
1908 2762 2096 2814 civium
2110 2762 2340 2831 regionis
2365 2762 2523 2815 illius.
2539 2761 2803 2826 Quietiam
2823 2763 2966 2816 illum
2991 2766 3041 2817 in
3062 2782 3265 2834 agrum,
3296 2778 3353 2821 ut

1801 2868 2009 2922 porcos,
2038 2854 2139 2908 hoc
2166 2863 2246 2908 est
2272 2855 2619 2922 asperrimum
2650 2864 2702 2908 et
2738 2858 3113 2909 exsecrandum
3167 2874 3353 2925 pecca-

1797 2951 1931 3007 tum,
1964 2952 2220 3012 pasceret,
2250 2943 2413 2995 misit.
2457 2941 2588 2995 Cum
2630 2942 2805 3012 itaque
2831 2945 3008 2996 multis
3035 2945 3349 2999 calam.tnti-

1799 3031 1895 3085 bus
1924 3031 2142 3086 affectus
2167 3031 2371 3096 fuisset,
2399 3042 2554 3099 atque
2582 3032 2633 3085 in
2656 3041 2850 3085 tantam
2884 3033 3147 3086 miseriam
3178 3040 3351 3088 venis-

1793 3132 1905 3186 set,
1940 3132 1996 3177 ut
2040 3138 2106 3177 ne
2152 3137 2425 3190 parcorum
2469 3123 2680 3191 quidem
2721 3125 2923 3193 siliquis
2970 3124 3065 3190 ipsi
3111 3136 3346 3179 ventrem

1794 3227 1945 3266 suum
1975 3214 2195 3281 implere
2226 3213 2423 3274 liceret,
2457 3211 2664 3266 tandem
2712 3216 2990 3282 aliquando
3018 3215 3150 3266 hanc
3179 3231 3343 3273 usque

95 3303 310 3376 ἰσχύειν
365 3285 655 3376 ἐμπλῆσαι
706 3305 991 3376 γαστέρα,
1040 3308 1120 3372 είς
1168 3285 1522 3380 συναίσθησιν
1581 3311 1678 3381 ὀψέ

1800 3305 1926 3358 adeo
1953 3319 2162 3374 gravem
2192 3305 2532 3375 ignominiam
2561 3318 2879 3374 agnoscens,
2913 3305 3176 3371 vitamque
3203 3320 3350 3359 suam

95 3414 231 3450 ποτε
257 3397 367 3468 (12)
396 3397 565 3451 ἐλθὼν
595 3400 694 3468 τῆς
727 3397 987 3469 τοιαύτης
1015 3399 1300 3471 αἰσχύνης,
1329 3401 1439 3473 96
1465 3402 1678 3476 θρηνῶν

97 3488 291 3545 ἑαυτὸν
316 3488 469 3558 ἔλεγε
489 3506 503 3519 ·
537 3489 701 3543 Πόσοι
747 3490 951 3561 μίσθιοι
979 3490 1073 3545 τοῦ
1105 3494 1310 3564 πατρός
1344 3512 1444 3566 μου
1480 3513 1677 3567 περισ-

96 3580 348 3637 σεύονται
375 3581 590 3655 άρτωνί
620 3583 730 3650 ἐγὼ
761 3582 818 3635 δὲ
843 3581 990 3653 λιμῷ
1023 3585 1355 3655 ἀπόλλυμαι.
1412 3588 1677 3649 Ἀναστὰς

98 3674 438 3747 πορεύσομαι
479 3674 616 3747 πρὸς
644 3675 735 3728 τὸν
783 3677 995 3747 πατέρα
1028 3694 1162 3748 μου,
1208 3680 1303 3731 καὶ
1343 3679 1453 3750 ὲρῶ
1486 3681 1636 3752 αὐτῷ
1659 3698 1672 3711 ⁸

98 3768 300 3839 πάτερ,
334 3768 580 3839 ἥμαρτον
628 3769 706 3833 εἰς
736 3768 829 3820 τὸν
855 3769 1085 3832 οὐρανὸν
1128 3771 1221 3823 καὶ
1269 3769 1501 3827 ἐνώπιόν
1542 3790 1635 3826 σου
1659 3814 1676 3839 ,

100 3860 200 3913 καὶ
212 3858 313 3912 οὐκ
341 3858 458 3928 sip).
474 3859 622 3924 ἄξιος
652 3857 918 3929 κληθῆναι
940 3860 1055 3923 υἱός
1081 3877 1175 3913 σου
1200 3877 1214 3891 ·
1252 3860 1476 3932 ποίησόν
1503 3878 1568 3932 με
1602 3862 1678 3925 ὡς

99 3953 200 4007 ῑνα
229 3951 335 4005 τῶν
367 3951 595 4022 μισθίων
641 3968 757 4006 σου.
802 3954 913 4005 Καὶ
963 3953 1206 4015 ἀναστάς
1255 3948 1386 4022 ἦλθε
1422 3953 1557 4023 πρὸς
1586 3953 1678 4007 τὸν

102 4043 314 4111 πατέρα
336 4041 523 4097 αὐτοῦ.
573 4042 632 4095 '0
670 4043 746 4106 δὲ,
777 4042 1061 4114 πόρρωθεν
1098 4042 1218 4095 ἰδὼν
1250 4043 1436 4108 αὑτὸν,
1469 4043 1677 4095 ἐσπλα-

104 4135 359 4207 γχνίσθη,
394 4136 485 4188 καί¹
518 4134 888 4208 προσδραμὼν
919 4135 1316 4203 ὲνηγκαλίσατο
1339 4134 1431 4187 καὶ
1462 4151 1680 4204 συμπα-

105 4223 215 4288 θῶς
247 4223 600 4293 κατεφίλησε·
634 4222 751 4286 καὶ,
780 4222 881 4293 τῆς
910 4222 1185 4293 προτέρας
1212 4222 1454 4289 ἀξιώσας
1484 4221 1671 4293 τιμῆς,

107 4313 295 4384 ἑορτὴν
329 4313 669 4383 χαρμόσυνον
705 4314 796 4365 ἐπὶ
849 4315 916 4383 τῇ
963 4311 1131 4367 αὐτοῦ
1164 4313 1450 4385 ἀνευρέσει
1485 4314 1676 4387 ἐποιή-

108 4424 261 4467 σατο,
290 4405 456 4469 θύσας
498 4406 590 4459 τὸν
623 4406 824 4476 μόσχον
869 4405 959 4459 τὸν
1002 4405 1266 4458 σιτευτόν.
1313 4406 1445 4459 Ἰδοὺ
1474 4406 1677 4477 ταύτην

107 4497 206 4567 τὴν
231 4496 541 4569 παραϐολὴν
561 4497 690 4565 περὶ
704 4496 813 4550 τῶν
842 4496 901 4562 ἐξ
924 4496 1208 4567 ἁμαρτιῶν
1232 4497 1678 4569 ύποστρεφόντων

111 4587 203 4642 καὶ
235 4589 290 4641 ὲν
343 4589 603 4659 μετανοίᾳ
651 4589 1112 4659 προσπιπτόντων
1160 4591 1294 4660 ἡμῖν
1344 4588 1673 4662 ἐξηγήσατο.

1791 3394 1996 3462 lugens,
2028 3394 2233 3449 dicebat
2266 3412 2280 3448 :
2315 3394 2502 3460 Quanti
2548 3395 2854 3448 mercenarii
2891 3395 2941 3446 in
2986 3393 3143 3446 domo
3192 3398 3353 3460 patris

1790 3485 1894 3539 mei
1921 3484 2190 3539 abundant
2221 3485 2462 3552 panibus,
2494 3498 2592 3553 ego
2620 3496 2793 3538 autem
2825 3483 2961 3537 fame
3001 3498 3177 3550 pereo.
3223 3486 3352 3538 Sur-

1790 3588 1931 3644 gam,
1961 3585 2014 3629 et
2055 3576 2140 3629 ibo
2162 3576 2231 3629 ad
2261 3585 2460 3644 patrem
2506 3588 2680 3628 meum
2701 3614 2716 3637 .
2748 3581 2801 3627 et
2825 3574 2995 3627 dicam
3037 3574 3087 3628 ei
3119 3590 3133 3626 :
3168 3573 3352 3639 Pater,

1793 3669 2001 3737 peccavi
2031 3671 2082 3720 in
2112 3669 2303 3722 cmlum
2333 3676 2387 3721 et
2413 3682 2591 3721 coram
2622 3676 2693 3730 te,
2720 3680 2826 3734 iam
2872 3681 2974 3719 non
3003 3680 3118 3719 sum
3165 3667 3353 3732 dignus

1793 3756 1968 3810 vocari
1998 3757 2133 3809 Illius
2163 3767 2281 3808 tuus
2300 3795 2314 3817 ,
2345 3754 2430 3808 fac
2459 3770 2543 3808 me
2567 3756 2702 3807 sicut
2727 3768 2889 3807 unum
2919 3752 2986 3806 de
3014 3752 3352 3806 mercenariis

1793 3847 1916 3899 tuis.
1949 3846 2013 3898 Et
2041 3860 2263 3913 surgens
2291 3844 2432 3897 venit
2457 3843 2522 3896 ad
2563 3853 2763 3911 patrem
2810 3856 2979 3895 suum.
3013 3840 3143 3894 Cum
3174 3852 3345 3892 autem

1790 3935 1962 3989 adhuc
1992 3934 2147 3998 longe
2175 3944 2332 3996 esset,
2363 3934 2493 3986 vidit
2518 3932 2663 3984 illum
2696 3941 2842 3999 pater
2868 3945 3015 3993 suus,
3045 3940 3103 3983 et
3147 3930 3351 3982 tttiseri-

1790 4026 1966 4078 cordia
1995 4032 2169 4076 motus
2198 4031 2297 4086 est,
2329 4036 2391 4075 ac
2432 4035 2686 4075 accurens
2713 4021 2903 4075 cecidit
2949 4035 3113 4087 super
3154 4020 3345 4074 collum

1791 4116 1927 4181 ejus,
1955 4123 2008 4168 et
2036 4111 2299 4167 osculatus
2327 4121 2407 4165 est
2432 4126 2585 4177 eum,
2614 4119 2771 4177 atque
2800 4113 2850 4163 in
2883 4110 3083 4178 pristini
3133 4109 3350 4164 honoris

1791 4203 1963 4257 locum
1991 4202 2242 4269 restituit,
2269 4211 2322 4257 et
2350 4203 2418 4257 ob
2446 4202 2612 4270 ipsius
2639 4200 2992 4255 inventionem
3023 4199 3349 4254 laetissimum

1789 4292 1981 4349 feswm
2008 4292 2333 4359 celebravit,
2366 4293 2541 4347 occiso
2579 4290 2741 4345 vitulo
2788 4291 3043 4358 saginato.
3088 4289 3166 4342 En
3215 4290 3351 4343 hanc

1794 4382 2093 4451 parabolam
2123 4380 2189 4435 de
2217 4382 2279 4435 iis
2317 4381 2404 4451 qui
2444 4397 2473 4435 a
2520 4382 2745 4450 peccatis
2794 4380 3053 4445 resiliunt,
3096 4388 3251 4448 atque
3281 4381 3351 4433 ad

1792 4475 2152 4542 paenitentiam
2176 4482 2477 4539 accurrunt,
2503 4475 2652 4527 nobis
2670 4474 3122 4529 commemoravit.
3150 4472 3348 4540 Quine-

1793 4564 1915 4619 tiam
1946 4567 2139 4616 bonum
2170 4563 2446 4631 quemdam
2476 4571 2738 4630 pastorem
2766 4576 2945 4615 rursus
2973 4562 3169 4615 inducit
3195 4561 3343 4629 (Luc.

123 4640 281 4733 Ἀλλά
300 4640 392 4734 καὶ
421 4640 657 4751 ποιμένα
682 4640 1678 4755 ἐινάἀξίαοδξίιιῦθῖξὲήλοῖήέί

1800 4654 1911 4724 ιγ),
1944 4655 2031 4723 qui
2055 4668 2175 4706 cum
2204 4661 2413 4707 centum
2438 4665 2564 4705 oves
2593 4651 2832 4718 haberet,
2861 4661 3017 4718 atque
3046 4664 3197 4703 unam
3218 4652 3347 4703 ami-

112 4770 202 4826 τδν
227 4772 494 4842 ἐσχηκότα
536 4773 789 4844 πρόϐατα
842 4775 936 4827 καὶ
957 4812 973 4839 ,
1012 4773 1108 4828 τοῦ
1137 4774 1256 4838 ἑνὸς
1293 4775 1632 4840 ἀπολωλότος
1656 4814 1673 4839 ,

113 4862 475 4918 καταλιπόντα
517 4864 586 4920 τὰ
636 4865 1158 4935 ένενηκονταεννέα,
1213 4866 1295 4928 είς
1349 4864 1675 4936 ἐπιζήτησιν

114 4954 205 5009 τοῦ
249 4955 525 5025 ἀλωμένου
572 4956 831 5021 ἐξελθεῖν,
867 4957 972 5019 ἕως
1016 4954 1194 5028 εὑρὼν
1227 4956 1360 5009 αὐτὸ
1384 4998 1398 5022 ,
1437 4956 1674 5021 καὶτοῖς

117 5047 278 5117 ὤμοις
309 5048 593 5103 ἀναλαϐὼν
617 5088 632 5113 ,
665 5051 777 5109 τοῖς
815 5049 1077 5102 ἀπλανέσι
1109 5047 1497 5119 συγκατέμιξε,
1544 5066 1675 5118 συγ-

123 5139 337 5204 καλέσας
365 5141 491 5205 τοὺς
529 5141 717 5211 φίλους
749 5141 843 5195 καί
873 5142 998 5205 τοὺς
1032 5139 1283 5210 γείτονας
1318 5141 1399 5205 είς
1430 5139 1666 5212 εὐωχίαν

1792 4747 1967 4815 sisset,
2001 4750 2197 4800 relictis
2245 4744 2525 4814 nonaginta
2569 4757 2779 4806 novem,
2828 4741 2893 4795 ad
2938 4738 3345 4810 conquirendam

1789 4853 1905 4893 eam
1938 4853 2056 4907 qua;
2084 4838 2360 4892 aberrabat
2387 4836 2649 4906 profectus
2692 4841 2797 4903 est,
2826 4835 2993 4889 donec
3038 4847 3156 4889 eam
3201 4831 3348 4885 inve-

1793 4930 1979 4996 nisset,
2011 4937 2168 4997 atque
2194 4928 2426 4983 humeris
2450 4927 2731 4994 sublatam,
2762 4939 2882 4981 cum
2905 4926 2970 4978 iis
2990 4938 3107 4993 qua:
3133 4922 3348 4975 minime

1792 5020 2171 5076 aberraverunt
2215 5021 2594 5091 conjunxisset.
2635 5020 2735 5087 Qui
2777 5020 2936 5075 etiam
2987 5017 3088 5071 hoc
3137 5016 3348 5069 nomine

1792 5112 1989 5167 amicos
2016 5125 2080 5166 ac
2106 5112 2306 5167 vicinos
2332 5111 2398 5166 ad
2425 5111 2723 5173 convivium
2752 5109 2821 5163 ob
2844 5121 2959 5162 eam
2980 5107 3239 5159 inventam
3258 5116 3347 5156 εο-

191 5318 262 5387 (8)
290 5317 486 5393 Paulus
518 5318 688 5393 Epist.
724 5320 790 5374 ad
829 5318 1102 5393 chr.__vt,
1142 5318 1196 5393 ι,
1221 5318 1275 5384 9,
1312 5318 1477 5393 multo
1513 5321 1678 5373 severi

1800 5330 1894 5376 'st:
1943 5321 2230 5376 Ἀδύνατον
2263 5322 2372 5393 γὰρ
2409 5321 2538 5385 τοὺς
2578 5319 2723 5389 ἅπαξ
2767 5317 3224 5389 φωτισθέντας,...
3266 5322 3360 5376 καὶ

124 5392 543 5460 παραπεσόντας,
564 5388 739 5443 *πάλιν
762 5388 1131 5453 ἀνακαινίζειν
1153 5391 1233 5453 εἰς
1266 5389 1572 5459 μετάνοιαν,

188 5460 260 5528 (9)
280 5461 469 5515 Matth.
500 5476 574 5523 tv,
608 5461 692 5513 l7.

189 5532 291 5599 (ιο)
317 5532 467 5599 Apud
492 5531 623 5586 Luc.
657 5547 745 5597 xv,
778 5531 862 5595 ll,
901 5546 1021 5599 sqq.
1098 5540 1111 5549 '

190 5602 290 5669 (Η)
324 5602 386 5663 Α,
421 5602 600 5654 πᾶσαν
622 5618 746 5656 κατ.
776 5601 948 5655 Lucas
982 5599 1500 5669 εδαπανήσαντοςίὸὲ
1534 5599 1696 5653 αὑτοῦ
1730 5600 1925 5655 πάντα.

193 5667 292 5743 (12)
319 5671 359 5724 C
384 5671 501 5749 sine
521 5670 641 5749 otiae.
680 5670 886 5749 Saepius
911 5670 1201 5749 jungitotpé
1220 5667 1503 5749 ’ποτεείὶίιῃ
1531 5671 1675 5749 Cbry

1800 5685 1971 5749 mnus.
2014 5671 2169 5749 Verbi
2192 5685 2373 5749 causa
2395 5670 2602 5749 _Ecl._p.
2630 5669 2737 5749 295
2770 5687 2780 5723 :
2809 5667 3217 5749 Διαβλέψωμεν,
3254 5670 3360 5749 κᾶν

124 5740 214 5813 got
240 5756 378 5806 ποτε,
407 5740 481 5813 do;
507 5743 633 5813 χρὴ,
666 5742 803 5813 πρὸς
824 5741 892 5793 τά
935 5740 1306 5813 μέλλοντμα.....

128 5759 214 5808 οψς
240 5759 378 5806 ποτε,
407 5759 569 5865 ως

128 5809 314 5866 Rursus
340 5826 392 5879 p.
426 5811 493 5865 58
557 5830 569 5865 :

193 5883 292 5955 (13)
309 5881 480 5953 Apud.
512 5882 647 5941 Luc.
678 5898 767 5950 xv,
790 5881 889 5938 4...

1368 5739 1646 5815 Ὀψὲ-γοῦν
1689 5758 1817 5815 ποτε
1851 5740 1947 5812 τὴν
1971 5742 2127 5797 νόσον
2180 5740 2450 5796 ἀπόθεσθε
2498 5739 2593 5812 τῆς
2618 5741 2726 5795 τῶν
2768 5741 3008 5815 χρυσίων
3038 5739 3355 5814 ἐπιθυμίας.

600 5809 1051 5882 ἀναστῶμενόψὲ
1076 5809 1204 5882 γοῦν
1240 5825 1388 5864 ποτε.
1424 5812 1572 5867 Adde
1604 5827 1657 5881 ιι.
1692 5809 1813 5865 446.
