3932 6384
269 414 374 475 969

1361 420 1539 480 VITA
1580 420 1931 482 BARLAAM
1974 420 2066 479 ET
2104 416 2469 479 JOASAPHu

3428 428 3533 491 970

268 528 403 583 διῶν
456 529 756 601 φιλοτίμως
815 530 1262 596 ὲναποτιοέντες,
1322 534 1415 587 καὶ
1479 536 1852 607 γεωργοῦντες

1971 538 2451 607 suavissimumque
2473 520 2711 593 fructum
2750 550 2813 593 ac
2855 535 3060 593 ccelcsti
3093 550 3274 592 mensa
3310 535 3528 607 dignum

272 624 486 694 καρπὸν
531 622 864 691 γλυκύτατον
912 623 1005 676 καὶ
1048 625 1147 693 τῆς
1190 626 1517 696 ἐπουρανίου
1568 628 1846 699 τραπέζης

270 711 516 780 ἐπάξιον.

346 804 533 858 ’Δλλοι
570 805 633 858 δὲ
664 805 1006 860 κοινοϐιακδν
1052 807 1405 880 μετέρχονται
1450 808 1563 880 βίον
1589 827 1603 840 ·
1634 811 1845 875 οἵτινες,

272 893 454 964 πλήθη
484 893 887 967 πολυάνθρωπα
911 898 1003 951 ὲπὶ
1019 898 1078 951 τὸ
1095 899 1225 952 αὐτὸ
1238 899 1639 973 ἀθροισθέντες,
1664 902 1754 971 ὑφ’
1771 903 1852 956 ἐνὶ

272 983 541 1056 ταξιάρχῃ
588 987 683 1038 καὶ
719 987 1055 1057 προεστῶτι,
1082 988 1160 1059 τῷ
1188 990 1406 1044 πάντων
1433 991 1849 1063 διαφορωτάτῳ,

273 1075 502 1140 ἑαυτοὺς
534 1076 752 1143 ἔταξαν,
802 1080 912 1132 πᾶν
962 1080 1177 1152 θέλημα
1221 1082 1431 1136 ἑαυτῶν
1485 1076 1731 1156 μαχαίρᾲ
1755 1086 1854 1155 τῆς

276 1168 525 1236 ὑπακοῆς
567 1170 1016 1239 ἀποσφάξαντεςο
1055 1176 1151 1227 καὶ
1195 1174 1413 1239 δούλους
1451 1175 1695 1246 ὠνητοὺς
1730 1179 1856 1230 ἑαυ-

276 1259 401 1321 τοὺς
450 1260 715 1326 ἑκουσίως
759 1262 1132 1335 λογισάμενοι,
1179 1266 1281 1319 οὐκ
1322 1267 1402 1321 ἔτι
1427 1269 1638 1333 ἑαυτοῖς
1664 1269 1853 1334 ζῶσιν,

278 1350 396 1403 ἀλλ’
432 1345 476 1419 ᾧ
499 1353 608 1425 (59)
637 1355 724 1408 διά
753 1356 842 1409 τὸν
873 1358 964 1411 τοῦ
994 1358 1230 1429 Χριστοῦ
1270 1360 1434 1414 πόθον
1456 1362 1683 1426 ἑαυτοὺς
1717 1363 1855 1416 καθ-

276 1442 554 1509 υπέταξαν
574 1462 588 1476 ·
623 1446 950 1519 οίκειότερον
1002 1450 1061 1502 δὲ
1106 1451 1306 1521 μᾶλλον
1336 1454 1531 1519 εἰπεῖν,
1565 1454 1730 1518 ζῶσιν
1759 1455 1859 1507 ούκ

279 1536 363 1589 ἔτι
391 1537 623 1604 ἑαυτοῖς,
660 1538 726 1611 ζῇ
752 1540 809 1593 δὲ
842 1541 900 1594 ἐν
921 1540 1105 1604 αὐτοῖς
1131 1545 1159 1597 ὁ
1199 1545 1452 1614 Χριστὸς,
1480 1538 1524 1612 ᾧ
1560 1546 1857 1617 ἠκολούθηο

1956 632 2287 688 excolentes.

2027 817 2132 871 Alii
2164 824 2341 873 autem
2372 814 2755 870 cmnobiticam
2788 813 2959 869 vitam
2993 821 3400 871 consectantur.
3430 814 3536 883 Qui

1957 908 2178 979 quidem
2224 906 2467 962 maximo
2519 919 2748 961 nurnero
2795 905 2848 960 in
2892 919 3056 959 unum
3108 906 3320 970 coacti,
3376 907 3539 961 unius

1958 999 2198 1071 praefecti
2234 1008 2395 1068 atque
2426 998 2687 1054 antistitis
2727 998 2856 1069 (qui
2888 998 3143 1053 omnibus
3175 999 3371 1052 virtute
3398 1012 3539 1067 prae—

1957 1093 2100 1165 stat)
2154 1090 2383 1160 imperio
2433 1104 2493 1145 se
2539 1090 2687 1160 ipsos
2738 1090 2979 1146 subdunt
3032 1104 3047 1140 ε
3097 1104 3161 1143 ac
3210 1089 3538 1145 voluntatem

1959 1197 2115 1239 suam
2133 1181 2457 1238 obedientite
2475 1195 2738 1236 mucrone
2760 1195 2984 1251 prorsus
3010 1190 3348 1244 truncantes,
3374 1195 3540 1249 seque

1957 1273 2103 1328 velut
2126 1273 2376 1341 emptitia
2425 1271 2694 1341 mancipia
2732 1270 2877 1324 ultro
2910 1279 3258 1340 reputantes.
3302 1285 3405 1323 non
3428 1270 3537 1337 jatn

1957 1365 2062 1421 sibi
2089 1364 2226 1434 ipsis
2254 1366 2465 1430 vivunt,
2496 1364 2591 1419 sed
2617 1362 2667 1417 ei
2702 1363 2789 1416 cui
2822 1361 2891 1417 ob
2922 1361 3126 1416 Christi
3156 1375 3397 1416 amorem
3422 1374 3540 1414 sese

1957 1457 2337 1514 submiserunt
2358 1497 2373 1521 ,
2403 1455 2485 1509 vel
2511 1464 2570 1509 ut
2607 1454 2787 1523 aptius
2818 1453 3040 1522 loquar,
3070 1453 3261 1508 vivunt
3285 1453 3396 1522 jam
3433 1468 3538 1508 non

1958 1550 2060 1607 sibi
2084 1551 2238 1620 ipsis,
2263 1548 2397 1601 vivit
2419 1556 2600 1602 autem
2623 1547 2675 1602 in
2716 1546 2805 1602 bis
2828 1546 3076 1601 Christus
3104 1545 3246 1616 (Gal.
3268 1547 3350 1616 tt),
3380 1560 3540 1616 quem

284 1643 387 1683 σαν
416 1631 593 1683 πάντα
619 1631 1096 1703 ἀπαρνησάμενοι.
1132 1633 1305 1687 Τοῦτο
1330 1636 1439 1705 γάρ
1464 1637 1611 1689 ἐστιν
1645 1636 1862 1706 ἀναχώ-

1971 1642 2126 1696 rebits
2171 1637 2429 1693 omnibus
2472 1636 2736 1706 abjuratis
2768 1636 2939 1691 secuti
2981 1645 3126 1691 sunt.
3170 1634 3305 1691 Nam
3342 1637 3399 1690 in
3439 1636 3543 1691 ltoc

285 1738 466 1791 ρησις,
498 1723 699 1795 κόσμου
739 1724 987 1779 ἑκούσιον
1028 1728 1206 1796 μῖσος,
1241 1727 1335 1781 καὶ
1377 1728 1605 1799 ἄρνησις
1648 1728 1863 1797 φύσεως

1971 1731 2179 1786 demum
2214 1742 2463 1784 secessus
2495 1742 2525 1780 a
2561 1726 2761 1781 mundo
2793 1726 3067 1792 consistit,
3097 1736 3155 1780 ut
3190 1736 3417 1796 pr0pter
3449 1740 3543 1781 ea-

284 1815 438 1887 πὸθῳ
493 1815 603 1867 τῶν
665 1815 807 1887 ὑπὲρ
859 1816 1044 1883 φύσιν.
1082 1811 1242 1871 Οὗτοι
1294 1817 1473 1885 τοίνυν
1518 1818 1593 1882 ὠς
1642 1819 1863 1888 ἄγγελοι

1971 1838 2082 1876 rum
2109 1835 2287 1876 rerum
2312 1835 2431 1888 qua:
2462 1826 2654 1873 natura
2674 1816 3022 1872 sublituiores
3043 1824 3170 1872 sunt
3190 1817 3543 1886 cupiditatem

285 1907 380 1959 ἐπὶ
407 1907 506 1977 τῆς
526 1907 630 1977 γῆς
672 1907 1064 1974 πολιτεύονται,
1099 1908 1345 1979 ψαλμοὺς
1379 1910 1474 1963 καὶ
1504 1909 1704 1980 ὕμνους
1731 1913 1864 1982 ὀμο-

1971 1913 2325 1968 voluntarium
2350 1911 2442 1967 sui
2469 1910 2639 1981 ipsius
2662 1909 2845 1965 odium
2871 1909 3140 1980 quispiam
3163 1909 3457 1979 concipiat,
3480 1923 3544 1964 ac

288 1997 529 2066 θυμαδὸν
582 1998 661 2068 τῷ
700 1999 891 2071 Κυρίῳ
933 2000 1185 2072 ᾅδοντες,
1226 2003 1322 2054 καὶ
1370 2001 1704 2073 ὁμολογηταὶ
1758 2006 1868 2067 τοῖς

1971 2015 2217 2062 naturam
2248 2003 2486 2072 abjuret.
2519 2002 2581 2056 Hi
2618 2002 2782 2072 igitur
2808 2000 3121 2071 angelorum
3150 2001 3326 2057 instar
3351 2000 3403 2055 in
3429 2001 3543 2055 vita

288 2088 471 2153 ἄθλοις
512 2089 612 2159 τῆς
647 2091 892 2161 ὑπακοῆς
928 2092 1391 2163 χρηματίζοντες
1427 2095 1513 2163 ἐφ’
1555 2088 1636 2158 οἷς
1690 2095 1782 2147 καὶ
1815 2095 1875 2147 τὸ

288 2178 605 2234 δεσποτικὸν
641 2182 941 2253 πληροῦται
971 2184 1169 2252 λόγιον.
1195 2185 1334 2256 Φησὶ
1363 2185 1503 2254 γάρ’
1547 2186 1722 2239 Ὅπου
1760 2187 1873 2256 (40)

289 2271 400 2324 εἰσὶ
422 2270 515 2325 δύο
543 2274 575 2343 ἢ
611 2277 759 2344 τρεῖς
812 2275 1143 2345 συνηγμένοι
1177 2276 1257 2339 είς
1293 2276 1356 2329 τὸ
1388 2277 1519 2347 ὲμὸν
1545 2276 1736 2346 ὄνομα,
1760 2279 1877 2330 ἐκεῖ

290 2363 410 2433 εἰμὶ
459 2366 515 2417 ὲν
550 2365 701 2436 μέσῳ
732 2367 933 2420 αὐτῶν.
963 2367 1077 2420 οὐκ
1111 2368 1192 2431 είς
1237 2367 1396 2421 τοῦτο
1440 2369 1502 2421 τὸ
1533 2369 1733 2440 μέτρον
1774 2370 1873 2440 τὴν

292 2456 390 2508 ἐπὶ
414 2455 491 2528 τῷ
519 2458 744 2528 ὀνόματι
768 2456 933 2513 αὐτοῦ
963 2460 1287 2529 συναγωγὴν
1329 2461 1704 2533 περικλείσας,
1738 2462 1875 2516 ἀλλά

290 2547 384 2600 διὰ
411 2548 519 2601 τῶν
539 2549 631 2602 δύο
654 2550 685 2620 ἦ
714 2550 879 2619 τριῶν
903 2549 1207 2622 ἀδιόριστον
1238 2550 1327 2605 τὸν
1350 2551 1581 2622 ἀριθμὸν
1601 2552 1871 2622 δηλώσας.

296 2635 423 2689 Εἴτε
450 2637 556 2708 γὰρ
586 2638 777 2708 ὀλίγοι,
807 2640 917 2693 εἴτε
944 2638 1131 2693 πολλοὶ
1161 2639 1250 2693 διά
1275 2640 1336 2693 τὸ
1365 2640 1519 2708 ἅγιον
1548 2640 1714 2694 αὐτοῦ
1746 2658 1873 2695 συν-

296 2728 541 2798 αχθῶσιν
586 2729 789 2805 ὄνομα,
823 2731 972 2802 αὐτῷ
1016 2731 1266 2803 διαπύρῳ
1312 2732 1670 2805 λατρεύοντες
1701 2732 1873 2802 πόθῳ,

297 2819 418 2869 ἐκεῖ
448 2823 700 2889 παρεῖναι
731 2819 918 2873 τοῦτον
946 2820 1270 2891 πιστεύομεν
1306 2821 1364 2875 ὲν
1396 2822 1545 2893 μέσῳ
1568 2821 1677 2875 τῶν
1707 2820 1875 2875 αὐτοῦ

298 2926 524 2963 σουλων.

1968 2108 2277 2161 versantur,
2302 2096 2544 2165 psalmos
2575 2094 2830 2148 videlicet
2856 2102 2910 2148 et
2934 2093 3165 2163 hymnos
3184 2092 3541 2147 concordibus

1963 2193 2162 2249 animis
2202 2191 2433 2246 Domino
2479 2195 2771 2252 canentes,
2823 2195 2880 2240 et
2928 2184 3299 2240 confessornm
3347 2198 3540 2238 nomen

1964 2294 2185 2355 propter
2208 2281 2531 2337 obedientiac
2561 2279 2858 2334 certamina
2897 2277 3232 2333 obtinentes.
3256 2275 3315 2331 in
3343 2276 3543 2345 quibus

1963 2378 2125 2431 etiam
2162 2373 2501 2428 Dominicum
2534 2369 2663 2425 illud
2691 2368 2969 2424 oraculum
2998 2368 3247 2438 expletur
3267 2381 3281 2419 :
3305 2365 3546 2422 Ubicun-

1966 2485 2070 2540 que
2100 2468 2303 2523 fuerint
2332 2466 2438 2521 duo
2465 2464 2545 2519 vel
2578 2472 2689 2518 tres
2720 2460 3031 2533 congregati
3063 2460 3117 2514 in
3149 2458 3369 2514 nomine
3400 2471 3541 2522 meo,

1965 2562 2077 2617 illic
2098 2576 2216 2615 sum
2239 2560 2293 2613 in
2316 2557 2492 2613 medio
2511 2556 2724 2611 illorum
2747 2553 2963 2627 (Matth.
2989 2551 3169 2623 xvttt).
3191 2550 3395 2618 Quibus
3415 2562 3543 2602 ver—

1963 2654 2047 2709 bis
2076 2667 2181 2707 non
2216 2652 2317 2705 hoc
2347 2651 2612 2705 duntaxat
2652 2660 2880 2701 numero
2910 2658 3003 2699 eos
3034 2642 3125 2712 qui
3154 2641 3208 2696 in
3242 2639 3411 2709 ipsius
3440 2653 3541 2691 no—

1970 2746 2118 2801 mine
2145 2752 2547 2814 congregantur
2573 2738 3019 2807 circumscripsit,
3060 2749 3246 2790 verum
3284 2746 3379 2800 per
3408 2732 3540 2784 duos

1965 2845 2059 2890 aut
2087 2845 2196 2890 tres
2226 2832 2565 2888 indeﬁnitum
2594 2843 2877 2883 numerum
2902 2824 3245 2894 significavit.
3274 2818 3404 2874 Nam
3428 2820 3541 2873 sive

1968 2926 2127 2996 pauci
2166 2923 2281 2980 sive
2310 2921 2465 2977 multi
2494 2922 2562 2976 ob
2591 2929 2838 2974 sanctum
2872 2918 3038 2986 ipsius
3071 2927 3265 2970 nomen
3296 2912 3348 2966 in
3374 2924 3536 2963 unum

286 3013 635 3077 ευιιννηῖεηιιν
661 3012 817 3082 eique
844 3010 1056 3067 articuli
1093 3024 1278 3067 amore
1314 3009 1515 3066 cultum
1557 3006 1871 3099 adhibelqt,
1903 3012 2014 3069 illic
2048 3028 2177 3070 eum
2212 3012 2265 3067 in
2312 3011 2489 3066 medio
2518 3020 2798 3065 servorum
2826 3019 3046 3063 suorum
3088 3005 3278 3060 adesse
3317 3000 3539 3059 minime

286 3106 619 3161 dubitamus.

356 3173 585 3239 Τούτοις
630 3178 745 3240 τοῖς
790 3179 981 3243 τύποις
1014 3182 1107 3234 καὶ
1139 3185 1260 3247 ταῖς
1301 3186 1583 3251 τοιαύταις
1622 3189 1868 3259 ἀγωγαῖς

2037 3205 2139 3259 Per
2160 3203 2277 3259 haec
2306 3201 2570 3271 exempla,
2608 3208 2663 3255 et
2692 3215 2784 3269 per
2826 3197 3128 3266 hujustnodi
3176 3197 3433 3250 coitiones
3480 3209 3535 3249 et

288 3266 450 3338 107
488 3270 535 3321 οἱ
582 3270 759 3339 γήϊνοι
807 3272 901 3324 καὶ
942 3274 1119 3341 χοῖκοὶ
1162 3275 1255 3329 τὸν
1292 3275 1404 3346 βίον
1437 3279 1718 3351 ἐζήλωσαν
1764 3284 1874 3338 τῶν

282 3356 576 3426 οὐρανίων,
615 3359 673 3412 ὲν
714 3362 992 3429 νηστείαις
1036 3364 1129 3417 καὶ
1154 3365 1340 3436 εὐχαῖς
1392 3369 1486 3421 καὶ
1515 3371 1872 3440 ἀγρυπνίαις,

286 3448 348 3499 ἐν
399 3446 632 3518 δάκρυσι
678 3449 902 3521 θερμοῖς
953 3452 1046 3505 καὶ
1100 3453 1491 3527 ἀμετεωρίστῳ
1542 3457 1764 3527 πένθει,
1814 3461 1873 3511 ὲν

284 3538 526 3611 ξενιτείᾳ
559 3542 654 3594 καὶ
689 3545 880 3614 μνήμη
914 3544 1148 3598 θανάτου
1171 3587 1186 3609 ,
1217 3548 1272 3598 ὲν
1310 3547 1579 3619 πραότητι
1620 3551 1713 3603 καὶ
1745 3551 1873 3622 ἀορο

286 3629 481 3702 γησία,
508 3633 565 3684 ὲν
597 3635 775 3702 σιωπῇ
808 3634 1051 3704 χειλέων,
1093 3637 1153 3689 ἐν
1178 3638 1535 3710 ἁκτημοσύνῃ
1573 3641 1666 3693 καὶ
1720 3658 1869 3695 nam.

286 3723 449 3792 χείᾳ,
508 3724 564 3775 ὲν
612 3725 805 3795 ἁγνείᾳ
856 3728 953 3779 καὶ
998 3728 1344 3801 σωφροσύνῃ,
1381 3733 1438 3781 ἐν
1487 3732 1871 3803 ταπεινόφρονι

287 3814 488 3884 γνώμῃ
521 3815 614 3867 καὶ
640 3817 863 3888 ἡσυχίᾳ,
907 3819 965 3870 ὲν
1004 3818 1197 3891 ἀγάπῃ
1238 3819 1421 3891 τελείᾳ
1454 3824 1590 3891 πρὸς
1617 3823 1709 3874 τὸν
1738 3824 1871 3877 Θεὸν

288 3905 390 3959 καὶ
417 3908 508 3959 τὸν
533 3906 783 3977 πλησίον,
815 3908 905 3963 τὸν
936 3911 1181 3981 παρόντα
1210 3911 1594 3977 ἐκτελέσαντες
1634 3914 1747 3984 βίον
1778 3915 1873 3968 καὶ

287 3999 512 4066 ἄγγελοι
539 4004 652 4063 τοῖς
680 4003 903 4072 τρόποις
940 4005 1241 4074 γενόμενοι.
1278 4004 1443 4057 Ὅθεν
1469 4005 1601 4068 Θεὸς
1628 4005 1873 4076 Θαύμασι

287 4092 388 4141 καὶ
430 4092 673 4161 σημείοις
722 4094 816 4147 καὶ
848 4095 1116 4157 ποικίλαις
1148 4095 1439 4167 δυνάμεσιν
1474 4096 1673 4159 αὐτοὺς
1744 4114 1875 4150 κατ-

290 4181 598 4251 εκόσμησε,
631 4185 721 4236 καὶ
748 4184 843 4236 τὸν
895 4184 1131 4254 φθόγγον
1164 4186 1261 4255 τῆς
1320 4186 1641 4256 Θαυμαστῆς
1695 4187 1875 4240 αὐτῶν

295 4272 574 4337 πολιτείας
627 4276 705 4338 εἰς
747 4274 814 4327 τὰ
862 4278 1075 4345 πέρατα
1121 4275 1429 4347 διηχεῖσθαι
1477 4277 1574 4346 τῆς
1614 4278 1874 4347 οἰκουμέ-

292 4383 393 4435 νης
428 4365 538 4435 (41)
577 4368 865 4437 πεποίηκε.
904 4369 1013 4421 Kal.
1047 4367 1207 4437 είπερ
1253 4385 1335 4420 σοι
1366 4369 1456 4421 τὸν
1490 4368 1604 4438 βίον
1637 4370 1755 4431 ἑνὸς
1780 4370 1874 4422 αύ-

290 4457 405 4508 τῶν
424 4457 519 4509 ἐπὶ
553 4458 820 4528 στόματος
850 4457 1033 4530 φέρων
1066 4457 1208 4512 κατά
1239 4459 1407 4530 μέρος
1428 4457 1782 4530 διηγήσομαι,
1816 4459 1874 4523 ὃς

1967 3295 2221 3356 actiones,
2251 3291 2448 3346 ωιτεηί
2472 3291 2705 3345 caelitum
2753 3288 2912 3342 vitam
2953 3286 3144 3340 imitati
3172 3295 3313 3348 sunt,
3345 3294 3401 3338 ut
3443 3284 3533 3353 qui

1969 3383 2019 3436 in
2040 3381 2279 3452 jejuniis,
2307 3389 2361 3435 et
2404 3378 2652 3449 precibus
2691 3391 2753 3431 ac
2794 3374 3003 3444 tigiliis,
3039 3374 3091 3428 in
3119 3373 3413 3428 calentibus
3451 3373 3531 3426 la-

1969 3474 2164 3543 crymis
2191 3483 2243 3526 et
2272 3472 2414 3525 luctu
2444 3470 2511 3524 ab
2538 3468 2683 3523 omni
2707 3466 2871 3521 animi
2900 3465 3242 3519 distractione
3268 3464 3534 3522 libero,in

1972 3561 2393 3632 peregrinatione
2417 3573 2481 3613 ac
2510 3558 2693 3611 mortis
2740 3555 3020 3619 memoria,
3070 3555 3122 3608 in
3154 3554 3364 3608 lenitate
3415 3552 3529 3606 aui-

1972 3654 2146 3722 mique
2173 3651 2360 3704 alicctu
2393 3652 2458 3705 ab
2486 3649 2754 3703 iracunda
2803 3656 3031 3712 remoto,
3069 3646 3120 3700 in
3174 3646 3432 3699 labiorum
3461 3644 3534 3700 si-

1972 3743 2149 3806 lentio,
2181 3741 2231 3795 in
2264 3748 2573 3810 paupertate
2598 3747 2755 3807 atque
2778 3738 2978 3805 inOpia,
3009 3737 3060 3789 in
3092 3735 3333 3787 castitate
3360 3748 3422 3786 ac
3449 3750 3532 3797 pu-

1970 3830 2167 3895 dicitia,
2199 3830 2251 3883 itt
2273 3828 2566 3881 humilitate
2592 3836 2646 3880 et
2674 3827 2866 3894 quiete,
2899 3842 2961 3880 ac
3008 3823 3237 3892 denique
3283 3823 3335 3874 in
3364 3822 3535 3889 perfe-

1970 3927 2055 3972 cta
2087 3931 2208 3984 erga
2232 3916 2393 3969 Deum
2430 3922 2478 3967 et
2513 3914 2813 3982 proximum
2839 3912 3093 3966 citaritate
3117 3911 3392 3978 praesentis
3417 3910 3535 3964 vita:

1970 4006 2283 4060 curriculum
2317 4002 2660 4067 confecerint,
2685 4002 3005 4071 angelosque
3046 4002 3281 4056 moribus
3310 4016 3529 4070 expres-

1977 4096 2162 4149 serint.
2189 4093 2268 4147 οι)
2290 4105 2512 4161 eamque
2535 4104 2746 4145 causam
2784 4091 2918 4144 Deus
2949 4090 3217 4145 miraculis
3254 4105 3317 4144 ac
3367 4091 3534 4159 signis

1974 4185 2241 4253 variisque
2267 4183 2546 4236 virtutibus
2586 4197 2678 4237 eos
2708 4183 3001 4247 exornavit,
3052 4180 3335 4250 effecitque
3361 4190 3418 4235 ut
3438 4184 3534 4235 ad-

1974 4274 2225 4328 miranda:
2249 4288 2431 4327 eorum
2460 4274 2578 4326 vitae
2604 4273 2821 4331 rationis
2844 4286 2999 4336 sono.
3036 4271 3133 4340 ipsi
3160 4287 3368 4342 quoque
3391 4272 3536 4328 orbis

1972 4374 2229 4419 terrarum
2258 4362 2390 4418 fines
2416 4370 2721 4432 personent.
2758 4365 2834 4416 At:
2864 4364 2907 4416 si
2950 4362 3107 4418 unius
3149 4364 3401 4431 ipsorum,
3437 4363 3537 4416 hoe

1974 4464 2059 4510 est
2102 4455 2335 4519 Antmtii,
2385 4456 2474 4524 qui
2518 4456 2675 4509 etiam
2719 4455 3024 4510 monasticae
3066 4454 3187 4510 vitae
3232 4470 3436 4525 auspex
3475 4470 3538 4510 ac

290 4549 395 4602 καὶ
415 4548 658 4620 ἀρχηγὸς
676 4550 1005 4623 γεγενῆσθαι
1019 4551 1119 4621 τῆς
1143 4548 1286 4605 κατά
1306 4552 1573 4621 μοναχοῦς
1600 4552 1868 4616 πολιτείας

1979 4547 2221 4615 princeps
2259 4546 2529 4601 exstitisse
2558 4544 2771 4609 dicitur,
2801 4544 2960 4596 vitam
3001 4545 3095 4599 tibi
3138 4546 3404 4615 sigillatim
3433 4562 3534 4603 ex-

292 4643 552 4713 λέγεται(
570 4643 853 4707 Ἀντώνιος
873 4643 929 4698 δὲ
955 4644 1126 4713 ὄνομα
1146 4645 1341 4715 αύτῷ),
1364 4644 1549 4715 γνώσῃ
1573 4645 1790 4709 πάντως
1811 4646 1876 4697 ἐκ

291 4734 393 4789 τοῦ
420 4734 538 4799 ἐνὸς
556 4735 773 4807 δένδρου
797 4736 905 4790 τῶν
928 4736 1207 4807 ὁμογενῶν
1236 4737 1329 4791 καὶ
1354 4735 1616 4808 ὁμοειδῶν
1644 4737 1876 4807 καρπῶν

291 4827 397 4899 τὴν
423 4826 763 4898 γλυκύτητα,
795 4829 888 4882 καὶ
909 4829 1025 4883 οἵαν
1051 4830 1260 4891 ἐκεῖνος
1287 4829 1440 4882 ἔθετο
1473 4828 1571 4898 τῆς
1591 4828 1877 4897 ἀσκήσεως

292 4921 637 4990 ὑποϐάθραν,
678 4922 797 4975 οἵαν
827 4922 883 4974 δὲ
909 4922 1006 4991 τὴν
1033 4922 1238 4992 ὀροφὴν
1262 4920 1522 4989 ἐπήξατο,
1553 4921 1652 4972 καὶ
1679 4919 1878 4971 ὁποίων

295 5014 511 5086 ἠξιώθη
539 5016 689 5086 παρά
718 5014 812 5068 τού
843 5016 1095 5086 Σωτῆρος
1119 5017 1302 5084 τυχεῖν
1336 5011 1710 5083 χαρισμάτων.
1744 5011 1880 5063 Πολ-

295 5109 384 5161 λοὶ
418 5108 475 5159 δὲ
502 5108 596 5160 καὶ
624 5107 774 5161 ἄλλοι
808 5106 926 5176 μετ’
967 5108 1174 5160 ἐκεῖνον
1206 5105 1298 5158 τὶν
1331 5105 1444 5157 ἴσον
1476 5102 1879 5172 ἀγωνισάμενοι

296 5199 492 5268 ἀγῶνα
524 5199 633 5252 τῶν
659 5200 862 5270 ὁμοίων
890 5198 1082 5267 ἔτυχον
1118 5198 1396 5266 στεφάνων
1421 5213 1480 5249 τε
1511 5197 1603 5249 καὶ
1626 5194 1824 5265 γερῶν.

373 5379 651 5449 Μακάριοι
698 5370 844 5430 οὗτοι
894 5375 987 5429 καὶ
1030 5374 1458 5445 ⁴τρισμοικάριοι,
1497 5375 1545 5424 oi
1596 5373 1685 5424 τὸν
1749 5371 1884 5423 Θεὸν

300 5472 718 5540 ἀγαπήσαντες,
752 5469 845 5522 καὶ
877 5467 963 5520 διὰ
1005 5467 1104 5523 τὴν
1152 5466 1373 5534 ἀγάπην
1411 5463 1575 5517 αὑτοῦ
1612 5479 1887 5531 καταφρο-

301 5566 572 5633 ’νήσαντες
606 5559 847 5613 πάντων.
883 5557 1222 5626 Ἐδάκρυσαν
1253 5554 1363 5624 γὰρ
1394 5551 1719 5613 πενθοῦντες
1746 5549 1887 5620 ἡμέ-

379 5694 492 5761 (59)
534 5695 720 5751 Glossa
749 5694 815 5747 ad
849 5693 1145 5759 marginem
1182 5692 1235 5744 in
1263 5692 1302 5743 It
1333 5708 1346 5745 :
1374 5686 1452 5758 τῷ
1490 5687 1843 5757 καθηγεμόνι.

379 5763 496 5904 ξω)
516 5765 706 5819 Matth.
746 5779 897 5821 xvrtt.
927 5762 1016 5816 20.

404 5834 496 5904 ιι)
524 5834 681 5890 Conf.
713 5850 765 5903 p.
794 5832 913 5899 101,
947 5850 999 5886 ιι.

404 5831 496 5905 Η)
524 5834 681 5890 Cottf.
713 5850 765 5903 p.
794 5832 913 5899 101,
947 5850 999 5886 ιι.
1028 5831 1118 5888 51.

638 5942 911 6000 ιἈτιιοι..
959 5933 1078 5993 Gn.
1125 5930 1343 5991 XCVI.

1975 4652 2249 4707 ponerem,
2281 4624 2525 4690 nimirum
2547 4650 2613 4690 ex
2634 4648 2735 4688 una
2758 4634 2954 4689 arbore
2974 4632 3198 4688 fructum
3227 4650 3411 4690 eorum
3444 4636 3534 4705 qui

1976 4728 2217 4798 ejusdem
2315 4726 2527 4800 generis
2606 4739 2670 4782 ac
2748 4720 2946 4796 speciei
3028 4727 3152 4788 sint,
3202 4724 3535 4780 dulcedinem

1975 4833 2191 4889 prorsus
2220 4819 2546 4887 intelligeres
2564 4855 2581 4883 ,
2623 4817 2993 4887 quodnamque
3017 4816 3110 4872 ille
3139 4815 3537 4872 exercitationis

1975 4908 2235 4977 religiosa:
2264 4908 2660 4963 fundamentum
2684 4907 2835 4976 iecit,
2878 4917 2934 4963 et
2973 4907 3237 4977 quodnam
3271 4905 3535 4975 fastigium

1976 5001 2184 5066 struxit,
2217 5010 2269 5055 et
2298 5010 2519 5070 quantas
2566 5014 2595 5052 a
2646 4999 2922 5055 Salvatore
2976 4999 3173 5067 gratias
3220 4995 3535 5052 conse’cutus

1976 5101 2076 5147 est.
2105 5090 2349 5161 Plerique
2373 5092 2530 5145 etiam
2558 5089 2647 5145 alii
2700 5099 2817 5158 post
2844 5104 2964 5144 eum
3011 5088 3197 5142 eodem
3244 5087 3535 5141 certamine

1978 5184 2260 5254 perfuncti,
2292 5185 2356 5239 ad
2379 5185 2592 5238 easdem
2623 5196 2846 5236 coronas
2875 5190 2927 5234 et
2952 5179 3135 5234 eadem
3166 5179 3378 5249 prtemia
3409 5194 3536 5249 per-

1978 5284 2259 5330 venerunt.

2050 5367 2193 5421 Beati
2222 5374 2366 5420 certe
2411 5364 2482 5419 illi
2512 5377 2573 5418 ac
2604 5371 2683 5417 ter
2710 5361 2869 5425 beati,
2900 5369 2956 5416 ut
2982 5363 3070 5431 qui
3096 5361 3190 5417 Dei
3220 5376 3403 5416 amore
3441 5362 3537 5415 lla-

1979 5464 2211 5525 graruut,
2236 5463 2395 5520 atque
2417 5454 2485 5508 ob
2514 5453 2677 5522 ipsius
2706 5453 3019 5506 charitatem
3038 5455 3213 5506 omnia
3246 5469 3344 5522 pro
3374 5454 3539 5508 nilti'o

1979 5545 2258 5599 duxerunt.
2306 5542 2581 5613 Siquidem
2628 5541 2890 5611 lacrymas
2932 5539 3310 5610 profuderunt,
3343 5540 3539 5611 diuque

3161 5900 3245 5963 31
