3932 6384
260 455 373 520 977

1348 453 1520 512 VITA
1562 447 1915 508 BARLAAM
1958 446 2051 504 ΕΤ
2089 413 2440 505 .iOASAPIl.

3422 444 3526 507 978

259 561 520 626 είκονίζει
546 558 639 613 τοῦ
670 558 794 629 ᾅδου
828 559 1090 629 γαστέρα,
1113 558 1210 629 τὴν
1248 559 1670 629 μαιμάσσουσαν
1702 557 1836 608 ὑπο-

1966 556 2038 625 [ui
2065 572 2160 613 eos
2198 556 2476 626 suscipere
2521 555 2685 627 gestit
2739 553 2839 624 qui
2878 560 3171 620 prmsentos
3223 551 3525 622 voluptates

259 652 521 718 δέξασθαι
567 651 690 714 τοὺς
723 650 791 703 τά
836 651 1082 721 παρόντα
1123 650 1333 721 τερπνά
1372 649 1482 713 τῶν
1536 647 1834 718 μελλόντων

262 744 487 813 ἀγαθῶν
519 743 932 813 προκρίνοντας.
972 742 1031 795 '0
1066 742 1122 794 δέ
1154 740 1248 794 τοὺ
1280 740 1494 811 μέλιτος
1525 738 1837 807 σταλαγμὸς

258 837 364 909 τὴν
392 834 707 905 γλυκύτητα
733 834 989 903 ἐμφαίνει
1017 832 1125 884 τῶν
1150 832 1245 885 τοῦ
1284 830 1493 900 κόσμου
1533 829 1705 899 ἡδέων
1724 868 1738 890 ,
1770 827 1838 880 δι’

260 922 331 997 ἦς
372 927 577 986 ἐκεῖνος
614 923 839 976 ἀπατῶν
868 923 996 985 τοὺς
1042 921 1236 974 ἑαυτοῦ
1276 921 1483 989 φίλους,
1515 919 1613 971 οὑκ
1644 919 1708 988 ἐᾷ
1740 916 1840 986 τῆς

265 1014 421 1083 σφῶν
459 1012 870 1084 προνοήσασθαι
908 1009 1204 1081 σωτηρίας.

338 1106 495 1157 ΚΕΦ.
535 1105 633 1157 Il".
683 1102 841 1173 114
878 1100 1096 1171 Ταύτην
1134 1101 1162 1153 ὁ
1206 1099 1441 1167 Ἰωάσαφ
1489 1097 1610 1151 λίαν
1649 1097 1844 1150 ἀποδε-

1951 648 2146 703 futuris
2177 649 2331 704 bouis
2379 655 2733 717 anteponunt.
2767 645 2945 700 Mellis
3006 658 3135 700 vero
3172 644 3382 715 guttula
3414 645 3524 699 dis-

1951 740 2150 806 lillans,
2179 738 2771 807 mundijucunditatem
2796 748 2851 790 et
2876 736 3212 792 dulcedinem
3235 737 3523 805 signilical,

1946 845 2044 900 pcr
2064 846 2225 900 quam
2253 829 2343 884 ille
2373 830 2581 885 amicos
2609 843 2740 884 suos
2774 827 3082 895 ludiﬁcans,
3103 841 3197 883 eos
3226 827 3386 882 saluti
3417 843 3528 883 snas

1947 926 2262 995 prospicere
2294 921 2520 978 minime
2549 921 2699 978 sinit.

2017 1106 2145 1161 Car.
2186 1105 2326 1161 XIII.
2360 1131 2429 1146 -—
2470 1104 2620 1161 Hanc
2669 1104 2980 1176 parabolam
3028 1104 3288 1175 majorem
3329 1104 3384 1159 in
3415 1120 3531 1159 mo—

262 1196 500 1264 ξάμενος
529 1192 630 1263 τήν
665 1191 982 1262 παραϐολὴν
1005 1231 1020 1255 ,
1053 1190 1157 1259 ἔφη
1179 1205 1192 1217 °
1236 1190 1326 1252 Ὦς
1370 1188 1577 1260 ἀληθὴς
1625 1189 1653 1240 ὁ
1685 1188 1844 1255 λόγος

1966 1197 2074 1252 lum
2107 1196 2473 1268 comprohans
2500 1193 2784 1266 Josaphat,
2822 1196 2959 1250 dixit
2998 1212 3013 1250 :
3045 1195 3217 1263 Quam
3250 1212 3411 1251 verus
3442 1197 3531 1251 hic

262 1281 421 1347 οὗτος
450 1284 544 1337 καὶ
568 1283 709 1336 πάνυ
738 1281 1176 1352 ἀρμοδιώτατοςι
1208 1280 1300 1352 Μὴ
1331 1276 1426 1334 οὑν
1461 1280 1696 1351 ὀκνήσῃς
1730 1295 1846 1331 τοι-

1966 1302 2129 1343 ιεῐιιιο
2155 1296 2275 1353 est,
2308 1301 2371 1341 ac
2412 1286 2801 1342 concinnitatis
2831 1287 3008 1343 omnis
3054 1287 3290 1355 plenus!
3325 1286 3528 1353 Quam-

262 1375 459 1436 εύτους
501 1374 587 1428 ἀεί
625 1391 716 1443 μοι
748 1374 953 1437 τύπους
980 1372 1377 1437 ὑποδεικνύειν,
1413 1372 1502 1424 ἵνα
1535 1370 1649 1439 γνῶ
1683 1371 1844 1439 ἀκρι-

264 1465 379 1527 ϐῶς
408 1465 587 1525 ὁποῖος
615 1462 850 1532 ὑπάρχει
873 1462 901 1513 ὁ
931 1461 1053 1514 καθ’
1081 1461 1229 1531 ἡμᾶς
1261 1458 1394 1529 βίος,
1426 1456 1522 1510 καὶ
1542 1457 1703 1509 τίνων
1730 1455 1843 1517 τοῖς

268 1553 465 1608 ἑαυτοῦ
495 1553 669 1621 φίλοις
696 1553 954 1624 πρόξενος
980 1552 1211 1620 γίνεται.

356 1648 414 1701 '0
437 1646 493 1698 δὲ
522 1646 701 1715 γέρων
733 1642 908 1697 εἷπεν·
938 1644 1157 1713 Ὅμοιοι
1180 1642 1336 1707 αὖθίς
1363 1644 1501 1697 εἰσιν
1522 1645 1567 1697 oi
1595 1641 1848 1713 ἐρασθέν-

267 1758 365 1804 τες
398 1738 508 1793 τῶν
548 1739 643 1791 τοῦ
681 1739 793 1809 βίου
836 1736 1085 1806 τερπνῶν
1131 1739 1224 1790 καὶ
1263 1740 1329 1806 τῇ
1374 1735 1564 1790 τούτου
1609 1735 1847 1804 γλυκαν-

270 1829 460 1890 θέντες
493 1826 745 1899 ήδύτητι,
776 1826 884 1878 τῶν
928 1824 1227 1893 μελλόντων
1269 1840 1331 1876 τε
1368 1824 1461 1876 καὶ
1515 1823 1589 1894 μὴ
1628 1824 1851 1876 σαλευο-

1947 1379 2134 1434 obrem
2167 1393 2234 1434 ne
2263 1388 2334 1445 te,
2359 1394 2561 1448 qumso,
2588 1378 2898 1449 hujusmodi
2926 1378 3124 1449 figuras
3149 1380 3284 1435 mihi
3312 1381 3534 1436 assidue

1948 1474 2326 1528 demonstrare
2352 1472 2553 1542 pigeat,
2587 1488 2695 1542 quo
2717 1481 2868 1528 certo
2902 1473 3198 1544 intelligam
3225 1474 3403 1544 qualis
3436 1491 3533 1529 no-

1949 1574 2064 1621 stra
2094 1564 2201 1619 vita
2236 1565 2329 1631 sit,
2368 1574 2423 1619 et
2453 1580 2588 1635 quas
2632 1581 2721 1622 res
2751 1566 2945 1621 amicis
2974 1568 3089 1622 suis
3123 1578 3389 1622 accersat.

2024 1655 2169 1711 Dixit
2225 1666 2405 1712 autem
2471 1672 2638 1714 senex
2695 1678 2709 1715 :
2776 1660 2992 1716 Similes
3050 1676 3265 1716 rursum
3317 1671 3445 1715 sunt
3499 1661 3534 1714 ii

1946 1749 2037 1819 qui
2089 1749 2425 1819 voluptatum
2482 1751 2645 1819 hujus
2680 1751 2802 1806 vita:
2855 1766 3043 1807 amore
3090 1755 3268 1823 capti,
3315 1768 3536 1808 earum-

1947 1855 2053 1908 que
2082 1842 2347 1897 suavitate
2390 1843 2631 1912 deliniti,
2684 1859 2773 1901 res
2806 1843 2982 1900 ﬂuxas
3016 1854 3071 1900 et
3117 1845 3412 1901 imbecilles
3452 1846 3538 1900 fu-

273 1920 455 1988 μένων
483 1918 551 1972 τά
605 1919 805 1988 ῥευστὰ
849 1917 942 1970 καὶ
988 1915 1191 1985 ἀσθενῆ
1243 1916 1705 2008 προτιμήσαντες,
1755 1914 1850 1967 ἀν-

1966 1936 2096 1988 turis
2148 1946 2314 2004 atque
2369 1949 2398 1989 a
2445 1934 2745 2003 jactatione
2798 1937 2994 1994 alienis
3044 1938 3384 2008 antiquiores
3444 1938 3541 1993 ha-

270 2010 479 2082 Ορώπῳ
511 2011 616 2062 τινὶ
644 2011 790 2079 τρεῖς
826 2008 1085 2078 ἐσχηκότι
1119 2006 1306 2075 φίλους
1326 2047 1341 2070 ,
1371 1998 1445 2060 ὧν
1474 2007 1601 2068 τοὺς
1632 2005 1733 2075 μὲν
1762 2004 1854 2059 δύο

270 2100 599 2172 περιπαθῶς
643 2099 807 2167 ἐτίμα
830 2138 844 2163 ,
883 2098 975 2151 καὶ
1010 2097 1256 2167 σφοδρῶς
1296 2095 1396 2165 τῆς
1423 2094 1605 2148 αὑτῶν
1634 2095 1854 2164 ἀγάπης

269 2194 556 2263 ἀντείχετο
574 2233 589 2256 ,
623 2192 784 2262 μέχρι
810 2189 1042 2242 Θανάτου
1073 2188 1215 2259 ὑπὲρ
1244 2187 1423 2241 αὑτῶν
1454 2185 1853 2256 ἀγωνιζόμενος

271 2286 373 2337 καὶ
411 2282 853 2354 προκινδυνεύειν
892 2281 1221 2353 αἱρούμενος
1243 2296 1256 2311 ’
1292 2281 1429 2351 πρὸς
1468 2280 1524 2333 δέ
1554 2279 1645 2334 τὸν
1673 2278 1855 2350 τρίτον

272 2374 450 2445 πολλῇ
484 2374 711 2443 ἐφέρετο
736 2372 1169 2442 καταφρονήσει,
1197 2371 1335 2441 μήτε
1369 2370 1557 2440 τιμῆς,
1592 2371 1731 2442 μήτε
1756 2372 1854 2441 τῆς

271 2464 668 2537 προσηκούσης
711 2464 872 2517 αὑτὸν
912 2461 1134 2516 πώποτε
1165 2461 1406 2526 ἀξιώσας
1447 2463 1669 2532 ἀγάπης
1693 2503 1707 2527 ,
1740 2462 1856 2517 ἀλλ’

270 2560 307 2627 ἢ
359 2556 560 2627 μικράν
588 2573 711 2609 τινα
743 2559 836 2609 καλ⁵
868 2556 1167 2627 οὑδαμινὴν
1204 2559 1283 2620 είς
1317 2556 1480 2611 αὑτὸν
1524 2557 1857 2629 προσποιού-

275 2664 445 2718 μενος
476 2647 678 2717 φιλίαν.
713 2648 1241 2719 Καταλαμϐάνουσιν
1274 2648 1369 2702 οὖν
1398 2650 1454 2701 ἐν
1494 2650 1593 2720 μιᾷ
1634 2649 1856 2720 φοϐεροί

271 2754 426 2800 τινες
452 2740 546 2791 καὶ
578 2738 802 2802 ἐξαίσιοι
838 2740 1198 2807 στρατιῶται,
1236 2739 1558 2802 σπεύδοντες
1594 2739 1857 2811 ταχύτητι

194 2846 197 2847 ⁷
273 2829 452 2901 πολλῇ
489 2830 622 2900 πρὸς
654 2831 745 2882 τὸν
776 2829 1000 2899 βασιλέα
1031 2829 1221 2883 τοῦτον
1252 2830 1501 2899 ἀγαγεῖν,
1541 2831 1697 2899 λόγον
1726 2832 1859 2885 ἀπο-

269 2918 520 2973 δώσοντα
548 2920 688 2989 ὑπέρ
726 2919 948 2989 ὁφειλῆς
991 2921 1202 2991 μυρίων
1244 2921 1545 2976 ταλάντων.
1587 2921 1858 2991 Στενοχω-

273 3011 545 3083 ροὺμενος
565 3010 642 3074 δὲ,
672 3012 877 3073 ἐκεῖνος
904 3011 1086 3080 ἐζήτει
1118 3009 1330 3080 βοηθὸν,
1360 3013 1452 3064 τὸν
1480 3010 1859 3065 ωναντιλαὸέ-

274 3105 410 3158 σθαι
455 3102 606 3174 αὑτῷ
653 3105 713 3157 ἐν
748 3102 827 3172 τῷ
877 3101 1093 3170 φρικτῷ
1132 3101 1225 3155 τοὺ
1261 3101 1525 3171 βασιλέως
1567 3101 1860 3172 λογοθεσίῳ

1960 2025 2231 2087 buerunt,
2287 2024 2535 2089 homini,
2596 2026 2688 2095 qui
2744 2036 2857 2083 tres
2917 2028 3123 2083 amicos
3179 2024 3406 2093 habuit,
3468 2042 3535 2084 ex

1961 2114 2158 2182 quibus
2214 2113 2352 2170 duos
2406 2115 2627 2183 quidem
2674 2118 2882 2187 ingenti
2930 2119 3097 2173 animi
3148 2120 3347 2175 affectu
3398 2122 3539 2176 cole-

1960 2209 2087 2273 bat,
2124 2223 2189 2263 ac
2232 2209 2584 2266 vehementer
2620 2211 2873 2276 amabat,
2912 2215 3047 2268 adeo
3091 2223 3149 2267 ut
3189 2214 3258 2268 ad
3308 2224 3538 2270 mortem

1960 2314 2133 2368 usque
2200 2313 2299 2370 pro
2367 2300 2499 2372 ipsis
2566 2302 2833 2357 dimicare
2901 2318 2963 2359 ac
3028 2305 3269 2373 pericula
3337 2308 3540 2374 qumvis

1960 2393 2113 2447 adire
2143 2391 2367 2449 minime
2405 2404 2721 2461 recusaret,
2759 2396 2980 2450 tertium
3030 2404 3209 2451 autem
3248 2398 3537 2452 admodum

1959 2482 2395 2552 aspernabatur,
2445 2486 2516 2539 ita
2554 2494 2610 2539 ut
2662 2500 2762 2541 nec
2815 2487 3079 2541 honorem
3134 2502 3406 2557 unquam,
3441 2502 3543 2542 nec

1959 2588 2121 2644 quam
2158 2585 2256 2645 par
2306 2585 2427 2631 erat
2460 2575 2891 2632 benevolentiam
2934 2576 3034 2646 ipsi
3085 2585 3404 2647 praestaret,
3444 2580 3540 2634 sed

1968 2662 2211 2728 i-xiguam
2257 2662 2538 2731 quamdam
2569 2664 2851 2732 duntaxat,
2881 2680 3105 2734 eamque
3149 2666 3323 2720 fictam
3366 2680 3428 2719 ac
3469 2668 3540 2720 si-

1966 2754 2221 2807 mulatam
2251 2754 2537 2809 amicitiam
2569 2755 2866 2810 exhiberet.
2900 2755 3171 2811 Venerunt
3203 2766 3379 2809 autem
3404 2770 3536 2824 quo-

1964 2844 2088 2899 dam
2119 2845 2207 2900 die
2253 2846 2516 2901 immanes
2565 2855 2725 2915 atque
2754 2845 3001 2901 horrendi
3033 2847 3247 2911 milites,
3287 2846 3376 2915 qui
3417 2861 3536 2900 eum

1966 2952 2169 2990 summa
2197 2952 2317 2991 cum
2349 2937 2688 2994 feszinatione
2716 2938 2780 2992 ad
2814 2954 2987 3009 regem
3020 2940 3314 3003 traherent,
3358 2946 3415 2994 ut
3442 2939 3537 2995 de-

1968 3031 2328 3085 cem-millium
2355 3032 2695 3097 talentorum,
2724 3049 2840 3102 qua:
2865 3033 3398 3099 debebat,.rationem
3421 3037 3532 3090 red-

1965 3124 2138 3180 deret.
2170 3122 2262 3179 Ille
2299 3122 2458 3192 igitur
2514 3124 2565 3177 in
2616 3137 2879 3178 summam
2931 3125 3227 3194 angustiam
3272 3126 3533 3191 redactus,

269 3196 601 3265 δυνάμενον.
635 3193 870 3264 Δραμὼν
896 3189 990 3246 οὖν
1024 3193 1161 3263 πρὸς
1195 3192 1286 3247 τὸν
1319 3193 1540 3262 πρῶτον
1571 3192 1736 3248 αὑτοῦ
1767 3194 1859 3246 καὶ

1966 3214 2200 3281 aliquem
2253 3189 2543 3282 quaerebat,
2586 3214 2675 3283 qui
2720 3214 2772 3269 in
2819 3189 3101 3269 metuenda
3134 3216 3223 3269 illa
3274 3189 3538 3270 rationum

274 3289 500 3341 πάντων
527 3285 901 3356 γνησιώτατον
922 3284 1096 3354 φίλον,
1125 3284 1292 3352 λέγει’
1329 3280 1510 3348 Οἶδας,
1541 3278 1586 3337 ὦ
1612 3283 1755 3354 φίλε,
1786 3284 1859 3348 ὼς

1967 3278 2104 3372 apud
2135 3278 2313 3373 regem
2346 3278 2646 3359 redditione
2670 3318 2824 3373 opem
2856 3305 2952 3370 ipsi
2984 3304 3164 3360 ferret.
3195 3305 3428 3360 Currens
3449 3304 3538 3359 ita-

272 3381 370 3433 ἀεὶ
402 3378 607 3447 ἐθέμην
648 3375 748 3447 τὴν
791 3377 969 3446 ψυχήν
1012 3393 1111 3445 μου
1165 3376 1303 3445 ὑπὲρ
1343 3375 1436 3427 σοῦ
1472 3376 1581 3446 (64)
1608 3392 1622 3405 ’
1655 3376 1773 3428 νυνὶ
1806 3374 1859 3428 δὲ

1967 3384 2071 3464 que
2115 3394 2182 3449 ad
2241 3394 2503 3462 primum,
2535 3393 2880 3464 omniumque
2906 3395 3128 3449 aliorum
3168 3394 3540 3449 chirlssimum

187 3514 199 3524 .
274 3469 472 3541 χρῄζω
500 3467 753 3539 βοηθείας
784 3469 841 3522 ἐν
872 3471 937 3538 τῇ
970 3467 1153 3539 ἡμέρα
1180 3467 1353 3540 ταύτῃ
1391 3466 1492 3537 τῆς
1528 3467 1859 3537 κατεχούσης

1966 3487 2216 3549 amicum,
2244 3485 2311 3539 ad
2358 3500 2480 3540 eum
2510 3487 2583 3541 ait
2621 3504 2634 3540 :
2668 3486 2781 3541 Non
2816 3495 2865 3541 te
2890 3488 3039 3557 fugit,
3071 3503 3103 3541 ο
3131 3489 3321 3553 amice,
3350 3504 3541 3555 quem-

277 3579 353 3632 με
384 3562 648 3630 ἀνάγκης.
683 3560 871 3614 Πόσων
901 3556 994 3614 οὖν
1034 3560 1346 3630 ἐπαγγέλλῃ
1385 3558 1859 3613 συναντιλαδέσθαι

1968 3575 2255 3629 admodum
2288 3582 2374 3629 tua
2405 3589 2565 3631 causa
2592 3578 2755 3631 vitam
2794 3556 2964 3647 meam
3012 3591 3225 3647 semper
3264 3577 3318 3631 in
3357 3577 3544 3632 discri-

277 3668 379 3722 μοι
415 3649 570 3719 115
595 3650 724 3717 νῦν;
757 3651 850 3704 καὶ
879 3650 1015 3721 τίςή
1047 3651 1196 3721 παρὰ
1220 3649 1315 3705 σοῦ
1342 3650 1741 3720 προσγινομένη
1773 3666 1859 3719 μοι

1969 3680 2089 3719 men
2118 3665 2460 3731 adduxerim;
2493 3681 2634 3721 nunc
2666 3676 2842 3721 autem
2875 3666 3134 3721 hodierno
3170 3667 3275 3732 die,
3322 3677 3544 3736 urgento

275 3742 462 3805 ἐλπὶς,
495 3741 961 3810 προσφιλέστατε;
1001 3741 1347 3813 Ἀποκριθεὶς
1377 3738 1470 3795 οὖν
1501 3744 1708 3803 ἐκεῖνος
1736 3740 1859 3809 ἔφη·

1969 3759 2312 3823 necessitate,
2342 3773 2442 3826 ope
2472 3768 2555 3814 tua
2596 3770 2754 3827 atque
2803 3760 3002 3813 auxilio
3051 3760 3284 3830 indigeo.
3340 3762 3539 3827 Ecquid

275 3832 405 3885 υὺκ
430 3832 543 3901 είμί
573 3848 665 3884 σου
696 3831 868 3901 φίλος,
898 3832 1178 3902 ἄνθρωπε·
1213 3833 1313 3886 οὑκ
1349 3832 1650 3903 ἐπίσταμαι
1679 3832 1761 3894 τίς
1792 3827 1859 3886 εἴ.

1969 3864 2097 3919 ergo
2127 3858 2180 3904 te
2209 3850 2336 3903 mihi
2368 3850 2575 3903 auxilio
2603 3850 2719 3904 fore
2782 3850 3086 3916 polliceris?
3119 3827 3444 3916 et‘qtta’nam
3490 3850 3539 3901 in

280 3923 519 3985 Ἀλλους
552 3922 661 3994 γὰρ
684 3923 791 3993 ἔχω
817 3924 1155 3993 προσφιλεῖς,
1183 3924 1300 3993 μεθ’
1331 3918 1403 3978 ὧν
1426 3924 1505 3976 δεῖ
1534 3942 1600 3994 με
1628 3925 1859 3995 σήμερον

1971 3918 2045 4004 te,
2065 3941 2146 3994 vir
2174 3938 2510 3998 charissime.
2546 3952 2666 4005 spes
2690 3938 2818 3990 mihi
2844 3939 3129 3991 constituta
3163 3946 3243 3990 est
3261 3937 3284 3989 ?
3304 3937 3541 4005 ReSpon-

276 4012 697 4082 εὐφραίνεσθαι,
734 4012 829 4065 καλ.
877 4012 1065 4081 φίλους
1112 4013 1311 4075 αὑτοὺς
1360 4013 1440 4074 είς
1471 4013 1534 4064 τὸ
1574 4012 1699 4081 ἑξῆς
1734 4013 1859 4080 κτή-

1970 4032 2106 4085 dens
2129 4039 2307 4084 autem
2332 4028 2439 4089 ille,
2464 4028 2538 4081 ait
2568 4046 2581 4081 :
2616 4028 2832 4081 Amicus
2856 4038 2977 4081 tuus
3006 4043 3110 4081 non
3140 4043 3281 4092 sum,
3304 4043 3339 4084 ο
3363 4029 3539 4089 homo,

278 4106 502 4160 σασθαι.
537 4104 770 4175 Παρέχω
797 4104 854 4156 δέ
898 4121 981 4157 σοι
1017 4103 1123 4157 ἰδοὺ
1159 4104 1326 4173 ῥάκια
1354 4102 1470 4168 δύο,
1504 4102 1598 4155 τοῦ
1631 4102 1775 4172 ἔχειν
1807 4118 1859 4153 σε

1970 4137 2067 4177 nec
2102 4122 2192 4191 qui
2221 4121 2297 4176 sis
2328 4120 2473 4175 novi.
2506 4120 2641 4175 Sunt
2679 4121 2819 4176 enim
2854 4120 2983 4173 mihi
3016 4120 3103 4173 alii
3134 4121 3310 4185 amici,
3336 4120 3541 4189 quihus-

280 4197 461 4251 ταῦτα
486 4198 543 4249 ἐν
574 4199 636 4266 τῇ
664 4195 768 4265 ὁδῷ
860 4194 1091 4267 πορεύῃ,
1124 4195 1284 4250 ἅτινα
1316 4194 1468 4247 οὐδέν
1497 4210 1557 4247 σε
1590 4194 1650 4248 τὸ
1688 4195 1859 4265 παρά-

1971 4228 2091 4270 cum
2122 4190 2284 4267 hodie
2310 4210 2567 4267 oblectari
2598 4226 2683 4267 me
2734 4220 2964 4282 oportet,
2992 4224 3233 4279 quosque
3264 4211 3313 4264 in
3365 4219 3545 4279 post"-

280 4305 399 4343 παν
446 4287 810 4358 ὠφελήσουσι.
859 4289 972 4342 Καὶ⁸
1028 4288 1300 4359 μηδεμίαν
1342 4286 1509 4359 ἀλλην
1562 4286 1690 4358 παρ’
1734 4284 1859 4356 ἐμοῦ

1972 4317 2087 4357 rum
2119 4316 2214 4371 pro
2243 4301 2432 4355 amicis
2483 4300 2756 4355 habiturus
2800 4316 2942 4356 sum.
2984 4302 3159 4368 Quare
3206 4300 3310 4354 duo
3341 4308 3541 4353 tantum

282 4382 673 4453 προσδοκήσῃς
720 4382 935 4435 ἐλπίδα.
979 4382 1199 4435 Τούτων
1233 4380 1474 4444 ἀκούσας
1524 4381 1730 4443 ἐκεῖνος
1775 4379 1859 4432 καλ

1970 4395 2141 4450 cilicia
2166 4392 2260 4448 tibi
2292 4392 2526 4463 porrigo,
2560 4402 2616 4447 ut
2638 4408 2699 4447 ea
2742 4394 2790 4446 in
2847 4395 2930 4447 via
2977 4407 3076 4462 qua
3108 4392 3281 4461 pergis
3311 4392 3542 4454 habeas,

286 4474 566 4541 ἀπογνοὺς
614 4474 684 4545 ἢν
734 4473 795 4538 ἐξ
842 4473 1007 4526 αὑτοῦ
1056 4472 1308 4544 βοήθειαν
1351 4471 1569 4543 ἤλπιζε,
1608 4470 1741 4539 πρὸς
1779 4471 1859 4522 τὸι

1971 4502 2090 4555 qua;
2116 4487 2275 4539 etiam
2306 4484 2416 4554 ipsa
2459 4484 2588 4538 nihil
2621 4484 2715 4537 tibi
2745 4484 3088 4538 emolumenti
3117 4484 3341 4539 allatura
3388 4493 3541 4549 sunt;

284 4566 479 4632 ἕτερον
512 4563 806 4635 πορεύεται
859 4564 1035 4635 φίλον,
1092 4564 1186 4616 καί
1238 4580 1406 4634 φησι’
1456 4562 1773 4631 Μέμνησαι,
1826 4556 1859 4611 ἆ

1975 4591 2072 4630 nec
2109 4574 2354 4644 estquod
2444 4593 2475 4632 a
2549 4589 2636 4628 me
2719 4573 3009 4643 quidquam
3086 4586 3384 4643 exspectes.
3422 4576 3542 4630 Ilaec

284 4630 495 4726 ἑταῖρε,
522 4630 654 4728 ὅσης
680 4630 999 4728 ἀπήλαυσας
1027 4655 1156 4727 παρ’
1196 4630 1330 4725 ἐμοὺ
1354 4656 1520 4725 τιμῆς
1544 4630 1859 4721 κα“ιεὺγνω-

1976 4665 2066 4720 ὶιέο
2087 4630 2329 4727 audiens,
2363 4678 2428 4719 ac
2450 4630 2521 4719 de
2546 4630 2770 4724 auxilio,
2804 4630 2943 4730 (ιη’οό
2978 4663 3043 4716 ab
3084 4678 3147 4715 eo
3176 4630 3542 4733 exspectabat,

286 4745 551 4817 μοσύνης
600 4748 840 4819 σήμερον
880 4747 957 4813 δέ,
1006 4747 1182 4817 θλίψει
1234 4746 1549 4817 περιπεσὼν
1585 4748 1680 4798 καὶ
1726 4761 1859 4815 συμε

1975 4770 2124 4824 spem
2147 4768 2362 4809 omnem
2388 4754 2670 4822 abjiciens,
2696 4755 2761 4807 ad
2785 4753 3077 4808 secundum
3101 4753 3325 4807 amicum
3346 4768 3406 4808 se
3426 4769 3558 4810 con-

283 4837 436 4909 φορᾷ
467 4838 731 4909 μεγίστῃ,
768 4838 957 4909 χρῄζω
999 4838 1285 4907 συνεργοῦ.
1326 4839 1499 4890 Πόσον
1537 4832 1630 4891 οὑν
1666 4836 1869 4906 ἱσχύεις

290 4946 386 5000 μοι
416 4931 819 4998 συγκοπιάσαις
853 4930 915 4994 ἐξ
941 4931 1111 4999 αὑτῆς
1137 4927 1406 4999 γνὼρισόν
1436 4946 1549 4998 μοι.
1595 4927 1657 4981 ’0
1680 4928 1736 4980 δέ
1765 4944 1869 4997 φης

291 5036 401 5075 σιν’
437 5021 511 5073 Οὑ
546 5020 794 5090 σχολάζω
825 5022 1063 5091 σήμερον
1091 5018 1564 5088 συναγωνίσασθαί
1604 5035 1688 5071 σοι
1710 5034 1721 5047 ⁸
1772 5034 1869 5088 με-

293 5112 512 5183 ρίμναις
548 5112 657 5181 γὰρ
704 5110 862 5179 κάγὼ
896 5112 989 5164 καὶ
1030 5112 1385 5183 περιστάσεσι
1427 5107 1776 5179 περιπεσὼν,
1810 5110 1869 5161 ἐν

294 5202 473 5270 θλίψει
504 5202 640 5271 εἰμί.
674 5202 886 5272 Μικρὸν
914 5202 960 5254 δ’
988 5203 1138 5271 ὅμως
1166 5200 1467 5257 συνοδεύσω
1495 5218 1595 5267 σοι,
1628 5202 1733 5254 κᾶν
1766 5217 1871 5271 μη-

294 5294 384 5346 δὲν
413 5292 684 5364 ὠφελήσω
732 5310 811 5345 σε·
849 5292 983 5356 καὶ,
1017 5294 1210 5347 θᾶττον
1259 5292 1602 5363 ὑποστρέψας
1650 5294 1829 5346 οἴκαδε
1850 5331 1867 5355 ,

296 5388 415 5447 ταῖς
448 5384 604 5447 ἰδίαις
632 5385 826 5454 ἔσομαι
870 5384 1267 5454 ἀσχολούμενος
1307 5385 1621 5456 μερίμναις.
1671 5387 1870 5448 Κεναῖς

296 5469 388 5527 οὖν
434 5476 690 5529 κακεῖθεν
741 5474 1090 5545 ὑποστρέψας
1135 5476 1322 5545 χερσὶν
1374 5478 1403 5530 ὁ
1444 5475 1728 5547 ἄνθρωπος
1780 5477 1874 5529 καὶ

298 5564 564 5618 πάντοθεν
638 5564 1047 5635 ἀπορούμενος,
1124 5565 1441 5631 ἐταλάνιζεν
1505 5566 1696 5620 ἑαυτὸν
1775 5568 1874 5639 τῆς

299 5656 534 5724 ματαίας
568 5656 786 5720 ἐλπίδος
827 5655 936 5710 τῶν
978 5657 1310 5727 ἀγνωμόνων
1353 5657 1517 5712 αὑτοῦ
1556 5658 1745 5728 φίλων,
1781 5664 1873 5712 καὶ

372 5834 481 5901 (64)
513 5831 666 5887 Jnau.
708 5850 822 5900 xm,
865 5834 969 5889 57:
1005 5836 1115 5908 Τὴν
1144 5834 1321 5905 ψυχήν
1362 5852 1458 5905 μου
1497 5834 1634 5904 ὑπὲρ
1668 5833 1759 5886 σοῦ
1793 5832 1962 5905 θήσω.

1978 4843 2100 4908 fert,
2131 4843 2196 4899 ad
2225 4857 2453 4912 eumque
2496 4843 2608 4898 ait:
2642 4841 2965 4908 Recordare,
3010 4842 3199 4908 amice,
3237 4852 3489 4912 quantum
3517 4863 3543 4897 a

1978 4948 2066 4988 me
2094 4933 2312 4987 honoris
2334 4944 2388 4986 et
2423 4931 2803 4987 beneficiorum
2829 4933 3119 5001 acceperis.
3153 4931 3423 4986 Hodierno
3450 4946 3542 4984 auo

1972 5034 2080 5079 tem
2104 5025 2187 5080 die
2215 5026 2264 5078 in
2294 5025 2578 5079 maximam
2606 5024 2959 5079 calamitatem
2986 5023 3393 5077 etafﬂictionem
3422 5038 3540 5090 pro-

1974 5117 2187 5184 lapsus,
2242 5115 2562 5184 opitulatore
2630 5114 2804 5183 aliquo
2845 5128 2977 5180 opus
3028 5114 3217 5167 habeo.
3273 5112 3535 5177 Quidnam

1971 5206 2129 5274 igitur
2156 5218 2186 5259 a
2208 5205 2445 5275 ljumenti
2477 5218 2617 5257 nunc
2646 5204 2771 5257 mihi
2802 5203 2993 5257 afferre
3013 5217 3194 5270 queas,
3239 5203 3320 5255 fac
3349 5204 3535 5257 sciam.

1972 5297 2063 5352 Ille
2084 5307 2255 5350 autem
2276 5296 2376 5349 ait:
2400 5295 2568 5350 Ilodie
2587 5294 2716 5348 mihi
2738 5309 2831 5362 per
2853 5294 3059 5363 negotia
3076 5301 3247 5347 tecum
3265 5303 3534 5345 certamen

1972 5388 2150 5442 subire
2188 5385 2409 5441 minime
2441 5386 2585 5441 licet.
2637 5383 2791 5439 Curis
2821 5384 2963 5437 enim
2999 5392 3051 5437 et
3093 5383 3539 5438 sollicitudinibus

1981 5476 2211 5544 undique
2248 5489 2461 5543 urgeor,
2492 5482 2652 5544 atque
2704 5474 2756 5528 in
2796 5472 3088 5528 afflictione
3138 5488 3277 5528 sum.
3315 5474 3534 5528 Paulum

1982 5576 2156 5620 tamen
2187 5573 2358 5618 tecum
2399 5576 2637 5634 pergam,
2675 5562 2917 5632 quamvis
2944 5563 3073 5618 nihil
3111 5562 3233 5619 hinc
3269 5564 3535 5619 commoJi
