3932 6384
375 434 481 496 9ῖ9
655 442 663 448 ·
1837 413 2215 473 ADDENDA.
3559 412 3670 477 93.0

369 558 434 605 ut]
460 563 510 606 te
530 524 817 606 rediturum
851 545 948 610 sit,
980 558 1043 599 ac
1066 549 1187 611 post
1204 542 1383 598 statim
1412 540 1624 595 domum
1649 545 1920 603 reversus,

2076 519 2166 571 ςῶν
2195 518 2470 583 ἀνονήτων
2494 515 2606 588 (65)
2637 513 3030 587 ταλαιπωριῶν
3050 510 3125 570 ὧν
3151 514 3290 586 ὑπὲρ
3310 516 3408 586 τῆς
3436 516 3676 574 ἐκείνων

372 641 600 711 negotiis
626 639 755 693 meis
777 649 987 705 operam
1011 633 1168 687 dabo.

442 730 687 787 lnauibus
718 729 879 798 igitur
906 725 1145 781 manibus
1175 722 1333 777 homo
1382 722 1503 776 Inde
1551 734 1819 783 reversus,
1845 726 1929 771 at-

371 839 474 893 que
495 824 639 876 omni
666 835 732 875 ex
761 827 909 887 parte
950 815 1152 870 auxilio
1193 814 1497 877 destitutus,
1530 812 1597 866 de
1638 825 1770 864 vana
1819 825 1933 879 spe,

374 928 528 981 quam
558 912 610 963 iu
643 908 860 976 perlidis
890 916 944 961 et
968 906 1185 975 ingratis
1206 903 1392 958 amicis
1416 902 1526 957 suis
1553 901 1858 964 collocarat,
1886 907 1937 951 et

374 1006 440 1057 de
470 1000 741 1055 inutilibus
772 998 1043 1053 laboribus
1065 1037 1078 1062 ,
1106 1010 1364 1065 quospro
1392 1007 1489 1047 suo
1517 1006 1640 1060 erga
1670 1004 1763 1044 eos
1793 1003 1946 1044 auio-

376 1109 434 1148 re
480 1096 830 1159 susceperat,
870 1088 1101 1156 seipsum
1154 1084 1484 1154 deplorabat.
1528 1080 1708 1148 Pergit
1759 1083 1937 1131 autem

374 1199 531 1256 etiam
572 1196 638 1249 ad
675 1194 883 1248 tertium
925 1195 1171 1249 atuicum,
1213 1201 1369 1253 quem
1412 1199 1507 1237 nec
1544 1183 1654 1236 ullo
1696 1192 1922 1248 unquam

377 1290 494 1343 loco
512 1287 789 1346 habuerat,
813 1295 909 1335 nec
931 1280 1123 1333 laetitia:
1147 1290 1259 1329 suae
1279 1274 1476 1328 socium
1513 1270 1794 1325 asciverat.
1836 1271 1923 1321 At-

375 1390 478 1443 que
498 1374 562 1427 ad
584 1389 702 1426 eum
727 1368 1028 1439 pudibundo
1049 1375 1102 1420 et
1126 1366 1177 1418 in
1200 1372 1395 1417 terram
1427 1361 1633 1428 deiecto
1653 1359 1801 1411 vultu
1844 1356 1925 1409 bis

376 1464 549 1519 verbis
571 1475 691 1514 usus
712 1470 788 1514 est
814 1476 829 1513 :
855 1457 953 1512 Vix
981 1455 1109 1509 mihi
1142 1454 1206 1507 ad
1247 1464 1299 1505 te
1336 1450 1582 1519 loquendi
1626 1448 1925 1500 facultatem

377 1568 438 1605 os
457 1550 715 1606 concedit.
739 1547 945 1602 Etenim
971 1545 1093 1598 illud
1121 1530 1607 1610 perapectissimum
1632 1537 1821 1600 habeo,
1846 1551 1947 1589 me

382 1657 646 1710 nunquam
670 1640 761 1695 tibi
788 1638 1013 1705 benigne
1039 1636 1247 1698 fecisse,
1272 1647 1369 1686 nec
1389 1632 1559 1684 amico
1582 1643 1705 1696 erga
1744 1636 1795 1680 te
1819 1626 1932 1679 auio

382 1747 468 1785 mo
490 1730 670 1783 fuisse.
695 1722 1245 1792 Cmterum,.quoniam
1282 1719 1594 1790 gravissima
1636 1715 1935 1770 calamitate

382 1831 661 1887 Oppressus
683 1816 735 1869 in
756 1814 967 1881 reliquis
988 1812 1120 1866 meis
1139 1809 1321 1864 amicis
1344 1807 1539 1862 nullam
1563 1805 1750 1859 salutis
1782 1818 1932 1871 spem

385 1910 580 1971 inveni,
603 1906 665 1959 ad
690 1914 740 1959 te
762 1902 975 1967 accedo,
999 1910 1151 1969 teque
1174 1912 1301 1966 rogo
1338 1906 1496 1966 atque
1532 1896 1770 1958 obsecro,
1796 1900 1855 1945 ut
1891 1891 1936 1945 si

384 1998 623 2064 exiguam
644 1994 869 2062 aliquam
890 2005 1042 2058 opem
1067 1988 1193 2047 mihi
1233 1986 1420 2040 afferre
1441 1998 1622 2051 queas,
1651 1997 1715 2035 ne
1758 1980 1831 2047 id,
1857 1980 1937 2033 iu-

385 2082 712 2150 gratitudiuis
744 2094 874 2134 mea:
915 2084 1135 2139 m‘emor,
1160 2074 1329 2128 facere
1370 2085 1602 2126 recuses.
1633 2070 1725 2123 Ille
1758 2077 1935 2137 autem

387 2175 535 2228 hilari
560 2183 609 2227 et
627 2184 836 2226 amoeno
854 2168 998 2222 vultu
1031 2168 1137 2219 ait:
1166 2165 1303 2218 Sane
1342 2161 1756 2215 sincerissimum
1799 2158 1935 2211 ami-

386 2278 504 2315 cum
526 2275 697 2314 meum
723 2268 774 2311 te
796 2271 913 2311 esse
939 2255 1205 2322 proﬁteor,
1230 2260 1384 2320 atque
1406 2251 1609 2318 exignm
1652 2248 1794 2301 illius
1836 2256 1940 2299 tuae

385 2366 507 2420 erga
530 2364 611 2403 me
637 2346 994 2402 beneﬁcentia
1020 2357 1239 2403 memor,
1261 2354 1375 2394 eam
1417 2338 1509 2392 tibi
1553 2336 1812 2389 hodierno
1856 2333 1942 2388 die

389 2457 507 2496 cum
531 2440 713 2494 fenore
736 2437 1037 2503 rependam.
1062 2433 1319 2498 Quocirca
1354 2444 1421 2483 ne
1444 2436 1647 2481 metuas
1684 2440 1746 2478 ac
1786 2424 1944 2491 perti-

393 2542 616 2583 mescas.
639 2527 764 2579 Nam
788 2539 883 2592 ego
902 2530 1023 2576 ante
1042 2531 1090 2573 te
1114 2519 1729 2587 proﬁciscar,rcgemque
1751 2520 1837 2565 tuo
1855 2527 1946 2564 no-

394 2616 535 2669 mine
556 2611 866 2673 obsecrabo,
891 2623 956 2662 ne
978 2618 1027 2661 te
1048 2608 1275 2661 hostium
1305 2604 1546 2658 manibus
1567 2602 1745 2655 dedat.
1772 2599 1945 2666 Quare

395 2707 477 2759 fac
501 2704 639 2758 bono
674 2702 850 2755 animo
870 2700 963 2762 sis,
989 2699 1068 2752 vir
1111 2696 1450 2761 amicissime,
1494 2707 1592 2748 nec
1632 2703 1680 2746 te
1719 2704 1947 2746 muarore

394 2794 686 2847 excrucies.
712 2790 843 2844 Tum
867 2789 955 2844 ille
978 2787 1381 2855 compunctione
1420 2783 1733 2847 allectus,et
1772 2782 1945 2848 lacry-

396 2884 495 2937 tuis
535 2880 796 2948 perfusus,
820 2877 1028 2931 dicebat
1070 2892 1084 2929 :
1130 2876 1240 2929 Heu
1281 2889 1365 2928 me
1404 2869 1946 2940 miserum,quidnam

398 2971 538 3040 prius
557 2968 759 3025 deﬂebo
785 2982 845 3021 ac
867 2963 1236 3020 lamentabor?
1261 2963 1529 3017 Vauamue
1551 2976 1720 3016 meam
1762 2962 1814 3013 in
1853 2958 1950 3037 im-

2052 611 2276 680 ἀγάπης
2309 609 2568 685 ὑπέστη,

2129 702 2290 771 1'16
2328 701 2654 771 Ἀπέρχεται
2695 700 2885 753 λοιπὸν
2936 700 3075 769 πρὸς
3120 700 3211 753 τὸν
3260 700 3451 771 τρίτον
3508 702 3675 771 φίλον

2056 791 2243 859 αὑτοῦ,
2273 791 2334 844 ὃν
2362 792 2621 844 οὐδέποτε
2656 791 3026 863 ἐθεράπευσεν
3047 832 3062 856 ,
3108 791 3228 845 οὐδὲ
3261 794 3530 846 κοινωνὸν
3568 796 3675 865 τῆς

2055 883 2250 935 ἑαυτοῦ
2300 882 2642 955 εὐφροσύνης
2677 884 3125 953 προσεκαλέσατο
3149 900 3163 913 ο
3201 884 3295 937 καί
3335 902 3478 954 φησι
3529 889 3677 958 πρὸς

2057 974 2218 1026 αὑτὸν
2256 974 2696 1046 κατησχυμμένῳ
2739 991 2798 1027 τε
2828 975 2921 1027 καὶ⁵
2970 974 3305 1045 κατηφιῶντι
3360 976 3442 1046 τῷ
3490 996 3677 1048 προσ.

2056 1069 2212 1138 ώπῳ·
2268 1068 2384 1120 Οὐκ
2440 1066 2549 1136 ἔχω
2615 1068 2793 1137 στόμα
2834 1068 3021 1139 διᾶραι
3072 1069 3205 1139 πρὸς
3245 1069 3338 1134 σὲ,
3375 1069 3677 1137 γινώσκων

2059 1159 2304 1232 ἀκριϐῶς
2335 1160 2417 1213 ὅτι
2443 1160 2504 1212 οὐ
2544 1159 2822 1229 μέμνησαί
2862 1176 2965 1228 μου
3002 1159 3223 1213 πώποτε
3255 1161 3674 1232 εὐεργετήσαν-

2059 1253 2149 1317 τός
2174 1270 2255 1318 σε,
2282 1252 2315 1323 ἢ
2346 1251 2663 1323 προσφιλῶς
2683 1252 3025 1316 διατεθέντος
3051 1270 3155 1306 σοι.
3199 1253 3340 1306 Ἀλλ’
3366 1255 3493 1307 ἐπεὶ
3526 1273 3674 1325 συμ-

2063 1346 2206 1415 φορά
2258 1362 2324 1416 με
2360 1343 2630 1397 κατέλαϐε
2678 1345 3045 1416 χαλεπωτάτη
3069 1385 3083 1409 ,
3118 1345 3420 1416 οὐδαμόθεν
3451 1346 3513 1399 δέ
3557 1346 3676 1399 τῶν

2062 1436 2268 1490 λοιπῶν
2301 1453 2405 1508 μου
2434 1436 2603 1505 φίλων
2624 1429 2785 1505 εὖρον
2816 1437 3088 1506 σωτηρίας
3121 1436 3332 1501 ἐλπίδα,
3362 1438 3677 1506 τιταρεγενις⁴

2069 1544 2177 1598 μην
2220 1527 2356 1599 πρὸς
2400 1528 2481 1592 σὲ,
2518 1528 2822 1591 δυσωπῶν,
2874 1530 2921 1580 εί
2954 1528 3069 1581 ἔστι
3107 1544 3189 1580 σοι
3228 1528 3417 1599 ἰσχὺς,
3459 1531 3691 1599 μικράν

2063 1636 2184 1674 τινα
2218 1620 2471 1692 βοήθειαν
2516 1623 2817 1691 παρασχεῖν
2850 1637 2959 1691 μοι.
2993 1621 3085 1690 Μὴ
3114 1616 3209 1674 οὖν
3241 1621 3672 1691 ἀπαγορεύσῃς,

2070 1713 2305 1783 μηνίσας
2343 1713 2454 1784 (66)
2506 1730 2607 1784 μου
2650 1714 2750 1784 τῆς
2797 1714 3215 1783 ἀγνωμοσύνης.
3280 1711 3339 1767 Ὀ
3390 1714 3447 1766 δέ
3501 1732 3687 1785 φησι*

2069 1804 2240 1875 ἱλαρῷ
2281 1806 2377 1867 καὶ
2421 1804 2667 1876 χαρίεντι
2714 1803 3029 1876 προσώπῳ·
3070 1805 3181 1858 Ναὶ
3224 1805 3290 1875 δὴ
3326 1804 3485 1874 φίλον
3536 1807 3676 1876 ὲμδν

1995 1877 2042 1936 Β
2070 1894 2443 1965 γνησιώτατον
2469 1894 2718 1965 ὁμολογῶ
2749 1912 2809 1948 σε
2835 1896 3126 1967 ὑπάρχειν·
3162 1897 3282 1963 καὶ,
3316 1897 3420 1965 τῆς
3457 1900 3674 1968 μικρᾶς

2069 1986 2284 2058 ἐκείνης
2313 1986 2663 2058 μεμνημένος
2695 2005 2787 2041 σου
2815 1988 3090 2053 εύποιίας,
3118 1989 3216 2041 σὺν
3244 1990 3390 2058 τόκῳ
3419 1991 3675 2059 σήμερον

2070 2078 2336 2134 ἀποδώσω
2374 2097 2478 2133 σοι.
2515 2079 2608 2151 Μὴ
2644 2079 2813 2149 φοὸοὖ
2852 2080 3057 2143 τοίνυν,
3113 2081 3247 2150 μηδέ
3293 2079 3459 2133 δέδιθι
3482 2097 3496 2111 ο
3554 2080 3675 2148 ἐγώ

2072 2190 2164 2226 σου
2196 2172 2307 2244 γάρ
2353 2172 2842 2244 προπορεύσομαι,
2876 2173 2988 2241 ἐγὼ
3018 2173 3337 2245 δυσωπήσω
3382 2173 3527 2243 ὑπὲρ
3568 2174 3674 2226 σοῦ

2069 2264 2160 2318 τὸν
2187 2264 2436 2335 βασιλέα,
2459 2265 2556 2318 καὶ
2583 2267 2644 2318 οὐ
2677 2266 2753 2338 μὴ
2780 2266 3010 2336 παραδῶ
3040 2284 3098 2320 σε
3126 2269 3207 2328 εἰς
3237 2269 3430 2338 χεῖρας
3451 2266 3677 2337 ἐχθρῶν

2073 2375 2187 2411 σου.
2212 2358 2415 2429 Θάρσει
2440 2352 2554 2422 οὖν,
2588 2358 3049 2428 προσφιλέστατε,
3078 2359 3170 2411 καὶ
3201 2359 3275 2427 μὴ
3300 2357 3498 2412 λυποῦ.
3530 2360 3673 2412 Τότε

2074 2450 2399 2519 κατανυγεὶς
2447 2451 2653 2513 ἐκεῖνος
2691 2449 2846 2519 ἔλεγε
2882 2451 3019 2521 μετὰ
3050 2450 3336 2521 δακρύωνο
3383 2452 3575 2522 Οῖμοιί
3614 2450 3675 2505 τί

2073 2541 2293 2612 πρῶτον
2337 2540 2635 2610 θρηνήσω,
2670 2541 2766 2594 καὶ
2811 2541 2865 2593 τί
2913 2540 3226 2612 κλαύσομαι
3271 2543 3527 2613 πρῶτον;
3567 2542 3673 2611 τῆς

2077 2636 2315 2707 ματαίας
2370 2652 2470 2706 μου
2517 2635 2947 2707 καταγνώσομαι
2987 2638 3369 2709 προσπαθείας
3411 2640 3492 2700 είς
3537 2639 3673 2701 τοὺς

2074 2728 2398 2798 ἁμνήμονας
2425 2727 2521 2780 καὶ
2549 2727 2884 2799 ἀχαρίστους
2911 2731 3006 2783 καὶ
3035 2729 3253 2800 ψευδεῖς
3294 2730 3485 2798 φίλους
3517 2729 3674 2782 ἐκεί⁶

2073 2835 2197 2880 νους
2223 2833 2236 2882 ;
2267 2817 2300 2887 ἢ
2353 2815 2454 2887 τὴν
2496 2817 2842 2889 φρενοϐλαδῆ
2879 2820 3155 2873 ταλανίσω
3210 2821 3368 2889 1⁷17
3406 2822 3671 2889 ἀγνωμος

2076 2913 2264 2982 σύνην,
2296 2912 2474 2982 ἤνπερ
2502 2898 2579 2982 τῷ
2605 2911 2800 2982 ἀληθεῖ
2823 2911 3003 2984 τούτῳ
3032 2915 3127 2966 καὶ
3156 2913 3366 2983 γνησίῳ
3394 2912 3681 2978 ἐνεδειξάο

2078 3020 2184 3072 μην
2208 3002 2347 3073 φίλῳ
2364 3020 2379 3067 ;

393 3099 661 3140 memores
702 3096 755 3139 et
789 3086 1029 3156 ingratos
1061 3085 1223 3141 falsos
1265 3086 1386 3143 illos
1430 3086 1638 3140 aniticos
1672 3081 2099 3137 benevolentiam
2148 3076 2564 3133 condemnabo?
2600 3093 2669 3130 au
2706 3077 2890 3147 potius
2938 3077 3184 3130 insanam
3233 3092 3352 3131 eam
3380 3076 3682 3147 ingratius.

394 3181 600 3248 dinem,
626 3194 736 3251 qua
769 3180 822 3236 in
850 3182 995 3236 hunc
1027 3196 1215 3237 verum
1240 3189 1295 3235 et
1321 3179 1596 3235 sincerum
1623 3177 1857 3233 amicum
1889 3190 2020 3231 usus
2050 3190 2195 3238 sum,
2230 3171 2540 3228 insectabor
2561 3170 2590 3228 ἲ

468 3276 721 3344 Josaphat
741 3284 913 3329 autem
937 3278 1077 3327 hunc
1094 3287 1388 3327 sermonem
1430 3287 1534 3325 non
1577 3270 1691 3324 sine
1728 3268 1955 3323 admira-
1990 3266 2037 3326 C

404 3366 544 3418 tione
564 3363 878 3430 suscipiens,
899 3361 1015 3430 ejus
1036 3360 1440 3429 explicationem
1462 3358 1786 3427 requirebat.
1812 3357 1956 3411 Dixit

403 3453 578 3519 itaque
598 3451 834 3504 Barlaam
863 3467 876 3502 :
903 3450 1108 3504 Primus
1127 3450 1348 3512 amicus,
1369 3461 1529 3517 apum
1563 3449 1714 3514 ecpia
1752 3455 1858 3511 est,
1904 3456 1958 3501 et

404 3540 705 3595 divitiarum
727 3553 897 3602 amor,
920 3538 989 3591 ob
1009 3551 1164 3605 quem
1190 3536 1348 3591 homo
1370 3537 1423 3590 in
1451 3545 1702 3591 sexcenta
1725 3538 1958 3605 pericula

405 3629 691 3694 incidit,ac
712 3628 903 3681 multas
923 3641 1184 3681 aerumnas
1223 3625 1437 3694 perfert.
1479 3625 1607 3680 Cum
1647 3635 1820 3682 autem
1861 3640 1955 3680 ex-

407 3732 602 3774 tremus
622 3718 742 3772 vitae
761 3718 873 3772 dies
894 3717 1103 3771 clausus
1124 3723 1226 3780 est,
1248 3730 1311 3769 ex
1336 3715 1441 3770 illis
1461 3714 1705 3770 omnibus
1745 3714 1952 3783 opibus,

408 3818 597 3880 praeter
618 3808 829 3864 inutiles
850 3807 1102 3877 quosdam
1128 3820 1352 3876 pannos,
1372 3806 1464 3876 qui
1500 3805 1566 3860 ad
1611 3805 1768 3860 funus
1806 3804 1959 3859 adbi—

314 3950 319 3955 .
408 3900 618 3965 bentur,
641 3898 772 3953 nihil
794 3897 1012 3951 omnino
1032 3910 1216 3951 secum
1236 3896 1448 3964 accipit.
1473 3894 1746 3949 Secundus
1784 3901 1957 3948 autem

407 3990 626 4053 amicus,
653 4002 786 4043 uxor
809 4001 871 4042 ac
891 3986 1041 4041 liberi
1063 3996 1217 4051 sunt,
1243 3987 1524 4055 caeterique
1545 3984 1750 4055 cognati
1790 3992 1844 4039 et
1886 3984 1961 4038 fa-

409 4080 637 4133 miliares
657 4120 672 4145 ,
694 4093 917 4148 quorum
942 4076 1217 4132 aﬂectione
1239 4092 1301 4132 ac
1337 4076 1699 4133 benevolentia
1740 4076 1963 4129 constrio

407 4172 477 4226 cti
499 4181 759 4238 tenemur,
781 4184 836 4225 ut
856 4170 923 4225 ab
964 4169 1047 4224 his
1085 4169 1264 4224 divelli
1306 4170 1391 4223 vix
1431 4182 1706 4238 queamus,
1746 4182 1810 4221 ac
1857 4181 1964 4234 prte

407 4275 589 4315 eorum
613 4273 794 4313 amore
818 4271 1009 4325 corpus
1030 4259 1188 4311 etiam
1226 4266 1282 4310 et
1319 4259 1552 4310 animam
1592 4265 1825 4309 nostram
1866 4270 1957 4309 ne-

408 4349 687 4418 gligamus.
720 4350 795 4402 Ex
818 4347 947 4414 ipsis
970 4361 1127 4414 porro
1151 4361 1305 4398 nemo
1328 4347 1379 4400 in
1410 4346 1595 4399 mortis
1617 4346 1744 4399 liora
1768 4345 1965 4399 utilita-

409 4439 475 4491 tis
516 4436 710 4502 aliquid
751 4434 995 4503 percipit,
1022 4435 1120 4488 nisi
1171 4434 1310 4502 quod
1350 4434 1416 4489 ad
1456 4434 1757 4502 sepulcrum
1802 4448 1966 4501 usque

411 4527 668 4580 duntaxat
710 4525 937 4578 cadaver
977 4524 1313 4592 comitantur,
1374 4540 1437 4579 ac
1476 4525 1715 4593 protinus
1752 4525 1964 4579 domum

2146 3262 2205 3315 '0
2236 3262 2293 3315 δὲ
2333 3264 2604 3330 ’1ωάσαφ,
2646 3261 2740 3313 καί
2785 3260 2976 3313 τοῦτον
3020 3260 3156 3331 μετά
3196 3259 3476 3329 θαύματος
3510 3258 3675 3323 δεξά-

2076 3368 2235 3417 μενος
2268 3351 2359 3403 τὸν
2403 3350 2584 3418 λόγον,
2620 3348 2717 3419 τὴν
2768 3351 3071 3420 σαφήνειαν
3103 3349 3308 3421 ἐζήτει.
3342 3349 3455 3404 Καί
3496 3366 3674 3420 φησιν

2073 3443 2102 3492 6
2129 3439 2417 3510 Βαρλαάμ·
2471 3439 2529 3491 '0
2564 3438 2782 3508 πρῶτος
2816 3438 2973 3508 φίλος
3010 3439 3076 3492 ἂν
3103 3440 3186 3509 εἴη
3233 3442 3268 3511 ἡ
3299 3438 3393 3492 τοῦ
3430 3438 3671 3494 πλούτου

2075 3531 2367 3602 περιουσία
2397 3530 2492 3584 καὶ
2536 3532 2564 3583 6
2614 3532 2723 3601 τῆς
2774 3530 3222 3603 φιλοχρηματίας
3276 3532 3418 3603 ἔρως
3444 3571 3460 3596 ,
3497 3533 3585 3600 ἐφ’
3624 3525 3675 3601 ᾧ

2079 3630 2293 3703 μυρίοις
2309 3632 2337 3683 6
2356 3630 2645 3699 ἄνθρωπος
2669 3629 2997 3702 περιπίπτει
3020 3626 3310 3691 κινδύνοις,
3340 3624 3437 3676 καὶ
3465 3623 3676 3686 πολλὰς

2079 3722 2339 3792 ὑπομένει
2378 3721 2758 3792 ταλαιπωρίας
2783 3738 2797 3752 ·
2836 3719 3103 3789 ἐλθούσης
3132 3719 3189 3772 δὲ
3222 3719 3321 3789 τῆς
3349 3717 3673 3781 τελευταίας

2074 3814 2171 3869 τοῦ
2206 3815 2439 3869 θανάτου
2471 3814 2839 3886 προθεσμίας,
2872 3813 3027 3866 οὐδὲν
3061 3812 3125 3864 ἐκ
3155 3809 3384 3863 πάντων
3418 3809 3671 3871 ἐκείνων,

2078 3907 2127 3958 εί
2161 3906 2237 3977 μὴ
2283 3906 2352 3957 τά
2407 3906 2544 3975 πρὸς
2591 3905 2814 3976 κηδείαν
2861 3903 3102 3973 ἀνόνητα
3150 3902 3338 3972 ῥάκια,
3375 3899 3670 3969 λαμϐάνει.

2079 3995 2343 4067 Δεύτερος
2373 3994 2428 4048 δὲ
2461 3994 2617 4063 φίλος
2648 3993 2911 4062 κέκληται
2954 3992 3090 4061 γυνή
3124 4007 3184 4043 τε
3216 3993 3314 4043 κα)⁸
3338 3990 3509 4042 τέκνα
3534 4031 3551 4053 ,
3579 3991 3677 4042 καὶ

2078 4090 2129 4142 οἱ
2152 4087 2333 4141 λοιποί¹
2356 4088 2645 4156 συγγενεῖς
2672 4101 2733 4137 τε
2757 4085 2852 4137 καὶ
2881 4085 3095 4147 οἰκεῖοι,
3128 4075 3203 4135 ὧν
3234 4084 3298 4153 τῇ
3324 4080 3675 4153 προσπαθεία

2080 4178 2477 4249 κεκολλημένοι
2506 4177 2943 4238 δυσαποπάστως
2983 4175 3182 4245 ἔχομεν
3203 4217 3217 4239 ,
3248 4173 3417 4242 αὐτῆς
3442 4174 3542 4243 τῆς
3574 4171 3677 4241 ψυ-

2081 4271 2184 4340 χῆς
2221 4270 2316 4323 καὶ
2354 4267 2450 4322 τοῦ
2481 4266 2735 4337 σώματος
2771 4267 2960 4321 ἕνεκεν
2994 4267 3093 4335 τῆς
3138 4264 3322 4318 αὐτῶν
3359 4262 3679 4332 ὑπερορῶν-

2080 4380 2171 4425 τες
2206 4363 2447 4432 ἀγάπης
2497 4360 2758 4430 οὐδεμιᾶς
2809 4358 2868 4411 δέ
2920 4376 3003 4420 τις
3062 4356 3123 4421 ἐξ
3180 4357 3363 4410 αὐτῶν
3418 4355 3678 4408 ἀπώνατο

2081 4452 2350 4521 ὠφελείας
2382 4455 2448 4522 τῇ
2481 4450 2601 4522 ὥρᾳ
2632 4449 2731 4503 τοῦ
2765 4449 2999 4503 θανάτου
3021 4466 3033 4479 ο
3073 4448 3189 4500 ἀλλ’
3227 4446 3260 4517 ἢ
3297 4446 3462 4518 μόνον
3512 4446 3676 4517 μέχρι

2082 4544 2175 4596 τοῦ
2206 4545 2490 4614 μνήματος
2517 4541 2893 4595 συνοδεύουσιν
2924 4539 3073 4611 αὐτῷ
3113 4539 3523 4611 παρεπόμενοι,
3556 4536 3674 4605 εἶτ’,

413 4615 665 4678 reversis,
694 4614 802 4669 suis
831 4614 973 4668 curis
994 4628 1055 4669 ac
1080 4614 1303 4685 negotiis
1345 4630 1563 4683 operam
1589 4616 1735 4682 dant,
1765 4630 1950 4670 memo-

2085 4635 2248 4697 εὐθὺς
2274 4631 2812 4702 ἐπαναστραφέντες,
2836 4630 2944 4684 τῶν
2973 4632 3121 4684 ίδίων
3149 4629 3365 4699 ἔχονται
3390 4631 3678 4700 μεριμνῶν

409 4709 540 4760 riam
569 4706 702 4774 ejus,
731 4705 817 4773 qui
845 4706 1107 4774 quondam
1138 4706 1264 4774 ipsis
1290 4706 1483 4760 cbarus
1504 4715 1638 4772 erat,
1664 4721 1768 4760 non
1790 4704 1965 4761 minus

410 4796 703 4862 oblivioni,
759 4809 913 4863 quam
959 4809 1149 4864 corpus
1195 4798 1437 4864 sepulcro
1481 4797 1853 4864 relinquentes.
1900 4796 1968 4851 At

412 4903 539 4942 vero
568 4886 755 4941 tertius
784 4887 1009 4953 amicus,
1041 4887 1130 4954 qui
1162 4888 1485 4957 contemptui
1509 4902 1572 4942 ac
1599 4888 1806 4941 fastidio
1831 4895 1963 4951 erat,

409 4977 661 5046 cujusque
689 4974 887 5029 aditum
915 4975 1192 5029 horremus
1218 4985 1271 5029 et
1298 4991 1625 5043 aversamur,
1648 4977 1966 5045 Optimorum

410 5080 629 5134 operum
642 5066 832 5121 chorus
844 5073 942 5131 est,
962 5064 1170 5127 bocest,
1185 5063 1334 5133 fides,
1349 5080 1490 5133 spes,
1507 5066 1757 5131 cbaritas,
1773 5066 1977 5120 miseri-

415 5155 591 5208 cordia
611 5194 626 5220 ,
675 5154 991 5223 benignitas,
1019 5154 1361 5222 reliquusque
1387 5154 1633 5208 virtutum
1658 5162 1857 5208 cretus:
1880 5153 1970 5221 qui

412 5245 619 5313 quidem
656 5253 780 5301 ante
814 5259 932 5312 nos,
960 5258 1079 5300 cum
1114 5258 1146 5299 e
1182 5258 1405 5314 corpore
1442 5242 1769 5309 excedimus,
1802 5242 1966 5311 proti-

2085 4729 2179 4780 καὶ
2210 4726 2611 4797 περιστάσεων,
2641 4724 2741 4777 ούκ
2780 4723 3002 4775 ἔλαττον
3039 4721 3175 4793 λήθῃ
3211 4721 3310 4792 τὴν
3348 4723 3599 4793 μνήμην,
3646 4724 3678 4792 ἢ

2086 4821 2145 4871 τὸ
2177 4818 2336 4889 σῶμα
2366 4815 2461 4869 τοῦ
2494 4831 2623 4868 ποτε
2655 4814 2989 4886 προσφιλοῦς
3019 4814 3362 4883 καλύψαντες
3394 4814 3573 4884 τάφῳ.
3621 4816 3679 4868 ’0

2086 4913 2131 4965 δ’
2157 4910 2226 4964 αὗ
2261 4909 2443 4981 τρίτος
2482 4908 2637 4978 φίλος
2678 4908 2707 4960 6
2742 4905 3171 4977 παρεωραμένος
3206 4905 3304 4960 καὶ
3335 4907 3620 4976 φορτικὸς,
3654 4910 3681 4961 6

2092 5002 2165 5070 μὴ
2201 4998 2491 5069 προσιτὸς,
2545 4996 2684 5050 ἀλλά
2717 4996 2952 5066 φευκτὸς
2987 4997 3084 5051 καὶ⁹
3118 4991 3231 5051 οἷον
3280 4997 3679 5068 ἀποτρόπαιος,

2090 5092 2118 5142 ὁ
2145 5091 2252 5143 τῶν
2280 5090 2522 5161 ἀρίστων
2547 5088 2724 5160 ἔργων
2749 5088 2909 5159 χορὸς
2936 5087 3295 5158 καθέστηκεν,
3327 5084 3441 5141 οἷον
3468 5089 3679 5154 πίστις,

2092 5180 2266 5244 ἐλπίς,
2304 5181 2517 5251 ἀγάπη,
2551 5179 2915 5249 ἐλεημοσύνη,
2945 5179 3355 5252 φιλανθρωπία,
3391 5181 3487 5233 καὶ
3515 5183 3545 5233 6
3572 5180 3679 5233 λοιο

2088 5272 2189 5334 πὸς
2215 5270 2325 5323 τῶν
2348 5270 2562 5341 ἀρετῶν
2591 5270 2777 5341 ὅμιλος
2800 5313 2814 5335 ,
2842 5274 2869 5324 ὁ
2902 5271 3205 5342 δυνάμενος
3236 5271 3683 5343 προπορεύεσθαι

480 5403 592 5477 (65)
622 5407 689 5468 Α,
722 5407 988 5477 ἀνοήτων.
1040 5407 1165 5475 Pag.
1196 5407 1287 5470 9.2,
1320 5407 1373 5471 4,
1412 5406 1519 5477 fuit
1561 5408 1739 5477 prius
1765 5406 1950 5477 ἀνόητε

2076 5426 2085 5477 ιγ
2110 5405 2189 5477 A;
2241 5405 2357 5477 sed,
2386 5404 2591 5477 inserto
2623 5403 2793 5477 altero
2841 5420 2931 5477 ny,
2965 5405 3058 5477 'est
3099 5420 3241 5459 nunc
3275 5405 3553 5477 ἀνόνητος.
3591 5404 3682 5457 illa

409 5472 1135 5559 adjectivnne'onfusanfuisse
1183 5477 1395 5559 ostendi
1433 5489 1473 5557 ις
1509 5472 1637 5559 lin.
1675 5476 1802 5559 451ι
1842 5472 1950 5530 Vict

2078 5472 2227 5559 bet-lt.
2266 5474 2331 5559 a'd
2385 5474 2506 5556 bene
2530 5473 2615 5541 Aj.
2795 5475 2923 5558 ε,Τά
2968 5475 3077 5559 γὰρ

3129 5491 3195 5526 πε
3208 5476 3366 5542 ρισσὰ
3408 5474 3684 5543 κάνόνητα

410 5540 638 5616 σῴματα
666 5545 892 5616 Πίπτειν
921 5546 1167 5616 βαρείαις
1207 5547 1343 5615 πρὸς
1368 5546 1508 5597 θεῶν
1534 5540 1893 5616 δυσπραξίαις
1928 5542 2162 5613 Ἕφασχ’
2186 5544 2215 5594 6
2238 5540 2632 5616 pdvctgﬁuﬁ;
2661 5542 2970 5616 ἀνθρώπου
2984 5540 3153 5616 φύσιν
3188 5540 3460 5606 Βλαστὼν,
3490 5540 3685 5616 ἔπειτα

413 5611 955 5693 μὴκατίάνθρωπον
988 5611 1194 5693 φρονεῖ.
1234 5611 1322 5693 lbi
1348 5617 1517 5693 ferme
1562 5611 1886 5693 prmiulerim
1923 5617 1950 5669 ἀ

2076 5611 2146 5693 τα,
2176 5611 2392 5693 prepter
2424 5612 2639 5693 ultima,
2685 5611 2911 5693 μηκατ²
2940 5611 3230 5693 ἄνθρωπον
3260 5616 3471 5683 φρονεῖ.
3506 5615 3687 5693 Atque

412 5682 593 5769 statim
625 5682 755 5769 A‘jax
780 5682 1266 5769 ἀνουςοκάξφρόνως
1299 5682 1675 5769 ἀμειψάμενος
1710 5687 1950 5769 supinate:

2087 5683 2195 5769 ilice
2216 5682 2676 5769 .sntis'commmle
2692 5682 2963 5769 ἀνόνητος
2993 5682 3455 5766 Ajoxuliceretur,
3491 5684 3585 5752 qui
3604 5682 3686 5737 de

412 5752 619 5827 Grrccis
637 5760 765 5827 _t_am
794 5755 1009 5827 egregie
1035 5750 1213 5827 fuerat
1245 5750 1491 5827 meritus.
1516 5750 1687 5810 'Conl‘.
1710 5750 1843 5811 et'v.
1875 5757 1950 5813 ιεε

2076 5754 2151 5810 tbi
2182 5754 2230 5807 οἱ
2255 5753 2553 5823 εύρύνωτοι
2584 5750 2764 5821 φῶτες
2790 5750 2925 5809 ειοί
2958 5750 3286 5827 φρονοῦντες
3311 5750 3682 5826 Opponuntur.

484 5822 597 5896 (66)
624 5824 816 5882 Glossa
853 5825 904 5877 iu
932 5826 977 5878 Α
1004 5841 1016 5878 :
1058 5824 1382 5895 Ὀργισθεὶς,
1420 5829 1857 5896 μνησικακήσας.
