3932 6384
392 320 497 382 983
1834 330 2210 390 ADDENDA.
3538 317 3648 379 est

382 460 485 515 ret,
519 447 792 519 patefactis
818 444 1074 502 thesauris
1095 444 1226 510 suis,
1244 459 1464 515 quorum
1489 453 1611 499 tunc
1633 454 1935 514 promptum

2059 438 2292 508 σαυροὺς
2324 436 2487 490 αὐτοῦ
2517 429 2701 508 ὧνπερ
2722 453 2858 499 τεως
2884 434 3177 505 ἀνειμένην
3205 428 3318 504 εἶχε
3363 433 3469 487 καὶ
3501 434 3655 487 ἀκώ-

384 552 443 593 ac
482 539 700 592 liberum
723 550 871 590 usum
898 534 1142 599 habebat,
1167 533 1384 603 aurique
1420 541 1576 600 atque
1612 533 1834 603 argenti,
1875 548 1937 587 ac

384 631 733 698 pretiosorum
774 626 1003 696 lapidum
1042 626 1239 695 ingenti
1281 623 1419 677 mole
1458 623 1664 677 famulis
1712 623 1931 691 quibus-

382 721 525 785 dam,
554 731 686 785 quos
712 716 995 771 fidissimos
1034 714 1280 784 habebat,
1311 714 1519 778 tradita,
1552 712 1617 766 ad
1646 727 1760 767 eam
1792 712 1937 765 insu-

392 810 496 861 lam
554 806 618 859 ad
656 820 812 874 quam
851 798 1187 859 abducendus
1223 811 1337 858 erat
1374 804 1644 871 prmmisit.
1688 802 1939 856 Vertente

389 904 564 962 autem
592 909 733 948 anno
754 894 916 956 cives,
944 902 1208 947 commota
1234 891 1514 957 seditione,
1547 890 1742 945 nudum
1793 905 1935 957 eum,

388 983 830 1052 quemadmodum
856 984 1156 1051 superiores
1183 997 1355 1052 reges,
1406 980 1458 1035 in
1490 983 1728 1035 exsilium
1781 981 1940 1036 mise-

389 1082 530 1127 runt.
559 1074 633 1127 Ac
662 1072 841 1127 caeteri
871 1074 1078 1141 quidem
1108 1081 1365 1135 amentes,
1401 1082 1449 1127 et
1482 1072 1655 1127 brevis
1684 1072 1937 1141 temporis

391 1177 573 1232 reges,
601 1162 905 1231 gravissima
932 1162 1068 1217 fame
1111 1163 1416 1216 laborabant
1446 1178 1459 1211 :
1492 1162 1582 1218 ille
1621 1170 1804 1216 contra
1851 1162 1937 1232 qui

388 1264 516 1317 opes
541 1263 664 1304 suas
702 1251 1048 1318 pramiserat,
1080 1252 1130 1302 in
1171 1259 1421 1317 perpetua
1463 1265 1636 1304 rerum
1677 1250 1826 1317 copia
1865 1250 1942 1303 vi-

388 1350 491 1393 tam
519 1341 739 1408 ducens,
770 1349 928 1410 atque
957 1339 1155 1393 infinita
1190 1341 1451 1407 voluptate
1482 1340 1680 1407 fruens,
1711 1341 1943 1408 perﬁdo-

388 1444 504 1483 rum
531 1444 595 1484 ac
631 1430 1005 1485 sceleratorum
1045 1429 1234 1483 civium
1276 1439 1414 1482 metu
1456 1445 1674 1498 prorsus
1711 1432 1939 1495 abiecto,

388 1519 757 1586 sapientissimi
783 1519 985 1573 consilii
1015 1519 1097 1573 sui
1127 1520 1340 1572 nomine
1362 1519 1570 1572 beatum
1593 1534 1650 1571 se
1676 1520 1931 1587 prmdica-

387 1608 495 1661 bat.

458 1696 553 1750 Hic
582 1710 739 1765 porro
779 1712 874 1765 per
902 1697 1165 1749 civitatem
1191 1710 1378 1750 vanum
1401 1696 1539 1750 hunc
1575 1706 1732 1767 atque
1769 1698 1942 1767 impo-

2054 531 2211 583 λυτον
2262 528 2361 599 τὴν
2415 529 2632 600 χρῆσιν,
2680 528 2775 582 καίΙ
2818 527 3001 580 λαεὼν
3053 527 3356 597 χρημάτων
3408 526 3655 595 πλῆθος,

2054 620 2257 693 χρυσοῦ
2298 639 2356 673 τε
2389 624 2482 674 καί
2514 620 2756 692 ἀργύρου
2790 620 2884 673 καί
2914 620 3077 672 λίθων
3110 619 3307 684 τιμίων
3340 618 3658 687 ἀδρότατον

2054 713 2235 779 δγκον,
2274 712 2615 775 πιστοτάτοις
2654 711 2929 781 παραδοὺς
2973 709 3247 772 οἰκέταις,
3296 711 3383 772 εἰς
3425 709 3661 778 ἐκείνην

2055 800 2430 871 προέπεμψεν,
2462 801 2542 862 εἰς
2572 798 2638 869 ἢν
2666 797 2889 869 ἔμελλεν
2919 796 3250 865 ἀπάγεσθαι,
3284 794 3485 863 νῆσον.
3520 794 3661 845 Συν-

2053 891 2395 954 τελεσθέντος
2425 891 2481 943 δὲ
2514 889 2608 943 τοῦ
2659 888 3048 960 ἐμπροθέσμου
3095 884 3370 947 ἐνιαυτοῦ,
3420 886 3661 937 στασιά-

2058 998 2248 1044 σαντες
2280 981 2329 1035 οἱ
2370 979 2582 1032 πολῖται
2616 977 2824 1048 γυμνδν
2871 976 3057 1041 αὑτὸν,
3096 976 3172 1038 ὼς
3217 973 3312 1028 καὶ
3356 974 3495 1035 τοὺς
3550 974 3660 1043 πρὸ

2055 1070 2259 1135 αὑτοῦ,
2293 1072 2359 1140 τῇ
2408 1068 2594 1140 ἐξορίᾳ
2638 1066 3034 1139 παρέπεμψαν.
3072 1066 3133 1118 Ol
3173 1065 3271 1133 μὲν
3312 1062 3414 1116 οὖν
3464 1064 3659 1115 λοιποὶ

2055 1163 2271 1232 ἀνόητοι
2309 1162 2404 1214 καὶ
2443 1160 2770 1232 πρόσκαιροι
2810 1159 3052 1230 βασιλεῖς
3079 1156 3266 1219 δεινῶς
3298 1156 3655 1225 super-

2054 1258 2085 1309 δ
2111 1255 2187 1318 δέ,
2216 1254 2306 1309 τὸν
2336 1253 2565 1307 πλοῦτον
2596 1253 2756 1323 120
2783 1249 3229 1323 προαποθέμενος
3259 1250 3478 1301 ἐκεῖνον
3499 1288 3518 1311 ,
3560 1248 3658 1302 e0-

2058 1345 2217 1417 θηνία
2254 1346 2492 1416 διηνεκεῖ
2535 1345 2711 1408 συζῶν
2761 1343 2856 1396 καὶ
2893 1342 3108 1413 τρυφὴν
3148 1339 3429 1394 ἀδάπανον
3476 1339 3655 1409 ἔχων,

2057 1436 2221 1505 φόϐον
2255 1454 2315 1489 τε
2351 1435 2701 1489 παντάπασιν
2750 1434 3188 1502 ἀποσεισάμενος
3234 1431 3344 1483 τῶν
3383 1432 3657 1486 ἀτάκτων

2057 1528 2151 1582 καὶ
2192 1528 2447 1599 πονηρῶν
2478 1526 2732 1591 πολιτῶν,
2772 1530 2871 1598 τῆς
2904 1525 3221 1596 σοφωτάτης
3259 1524 3457 1577 ἑαυτὸν
3503 1525 3655 1591 ἐμα-

2060 1618 2280 1690 κάριζεν
2308 1618 2611 1680 εὐϐουλίας.

2129 1711 2291 1764 Πόλιν
2320 1706 2413 1763 οὖν
2456 1709 2566 1763 νόει
2605 1726 2695 1780 μοι
2741 1707 2831 1760 τὸν
2864 1707 3093 1776 μάταιον
3125 1704 3312 1757 τοῦτον
3356 1705 3456 1757 καὶ
3495 1705 3653 1757 ἀπαο

391 1793 585 1838 storem
610 1784 861 1836 mundum
881 1783 1127 1850 intellige.
1160 1783 1262 1837 Per
1286 1784 1429 1837 cives
1458 1794 1651 1850 autem,
1686 1786 1945 1854 principa-

2059 1803 2234 1857 τεῶνα
2263 1803 2487 1873 κόσμον,
2522 1800 2749 1862 πολίτας
2778 1799 2834 1851 δέ
2877 1798 2976 1861 τὰς
3014 1796 3188 1868 ἀρχάς
3221 1796 3317 1850 καὶ
3348 1795 3455 1859 τὰς
3488 1796 3656 1858 ἐξου-

392 1882 477 1924 tus
503 1883 553 1925 et
582 1880 867 1938 potestates
889 1872 1208 1938 daemonum,
1237 1887 1296 1927 ac
1322 1874 1500 1939 mundi
1531 1884 1764 1929 rectores
1794 1886 1944 1931 tene-

393 1963 611 2016 brarum
635 1962 793 2030 huius
818 1964 1015 2027 saeculi,
1048 1966 1133 2032 qui
1165 1979 1262 2017 uos
1310 1980 1404 2031 pcr
1448 1966 1732 2034 voluptatis
1769 1969 1942 2022 molli-

386 2051 510 2103 tieru
544 2051 816 2115 inescant,
841 2061 1000 2119 atque
1029 2052 1079 2104 in
1108 2053 1342 2106 animum
1394 2054 1546 2109 nobis
1596 2054 1847 2108 inducunt
1899 2062 1953 2104 ut

384 2144 451 2198 de
478 2143 641 2197 rebus
666 2144 880 2199 caducis
908 2154 960 2198 et
986 2146 1297 2213 interituris,
1315 2147 1460 2201 velut
1481 2147 1547 2202 de
1565 2144 1957 2201 immortalibus

386 2233 719 2301 cogitemus,
770 2242 1017 2305 tanquam
1066 2236 1270 2292 scilicet
1313 2254 1495 2293 earum
1530 2237 1736 2293 fructus
1800 2237 1957 2292 nobis

388 2332 669 2391 perpetuus
692 2339 754 2381 ac
777 2326 1138 2393 sempiternus
1167 2327 1372 2382 futurus
1398 2328 1485 2382 sit.
1526 2326 1658 2383 Cum
1692 2328 1856 2398 igitur
1885 2327 1951 2381 ad

385 2414 526 2471 hunc
554 2416 776 2472 modum.
792 2417 998 2487 decepti
1030 2428 1187 2489 atque
1217 2422 1269 2474 in
1322 2421 1557 2476 fraudem
1605 2422 1820 2491 impulsi
1864 2435 1955 2473 su-

393 2522 532 2571 mus,
563 2522 662 2563 nec
691 2510 758 2563 de
780 2510 942 2563 certis
967 2510 1070 2563 illis
1094 2526 1156 2564 ac
1178 2510 1512 2579 sempiternis
1537 2512 1703 2566 ullum
1725 2525 1952 2580 unquam

388 2596 666 2649 consilium
697 2597 931 2663 iniimus,
957 2614 1055 2653 nec
1083 2600 1235 2654 nobis
1265 2600 1317 2654 in
1347 2603 1579 2654 futurum
1607 2615 1780 2655 aevum
1808 2599 1955 2669 quid.

388 2701 541 2756 quam
572 2688 983 2752 recondidimus,
1016 2693 1321 2758 repentinus
1346 2693 1497 2746 nobis
1527 2693 1716 2746 mortis
1762 2692 1949 2746 interi-

382 2787 463 2834 tus
491 2780 688 2849 ingruit
713 2780 890 2851 (Prov.
925 2781 986 2852 ι).
1023 2788 1090 2837 At
1118 2793 1227 2839 tum
1254 2784 1466 2839 demum
1498 2774 1666 2839 nu'dos
1713 2798 1833 2851 nos,
1866 2791 1952 2837 at-

377 2886 479 2939 que
502 2873 755 2928 omnibus
795 2874 950 2943 hujus
985 2877 1108 2931 vitae
1138 2877 1299 2931 rebus
1329 2877 1586 2945 spoliatos
1613 2875 1841 2946 improbi
1877 2875 1953 2931 illi

378 2974 440 3014 ac
465 2963 588 3016 saevi
616 2965 954 3018 tenelararum
984 2967 1125 3021 cives
1153 2967 1497 3034 accipientes,
1526 2975 1584 3021 ut
1622 2965 1713 3036 qui
1744 2975 1956 3035 tempus

378 3049 479 3103 illis
503 3067 661 3107 omne
691 3053 1126 3122 impendet-imus,
1155 3056 1209 3110 in
1257 3065 1452 3110 terram
1501 3058 1840 3113 tenebrosam
1894 3064 1953 3112 et

376 3140 654 3196 obscuram
682 3145 980 3209 abducunt,
1011 3146 1064 3200 in
1090 3155 1283 3201 terram
1312 3147 1655 3215 sempiterna:
1682 3146 1948 3216 caliginis,

378 3230 464 3282 ubi
494 3231 579 3283 lux
624 3246 729 3284 non
762 3242 858 3297 est,
893 3248 991 3288 nec
1031 3236 1330 3289 mortalium
1375 3238 1537 3290 vitam
1585 3236 1778 3291 intueri
1829 3236 1955 3291 licet

376 3315 515 3386 (Job.
550 3319 633 3385 ι).
664 3317 767 3373 Per
809 3320 1035 3388 probum
1079 3337 1210 3376 vero
1252 3324 1640 3389 consiliarium,
1687 3324 1779 3392 qui
1829 3339 1952 3392 pru-

377 3406 520 3461 denti
549 3421 612 3459 ac
642 3422 897 3476 perquam
927 3411 1151 3477 sapienti
1182 3410 1261 3466 illi
1291 3412 1401 3479 regi
1432 3413 1610 3465 omnia
1643 3426 1769 3466 vere
1815 3427 1948 3479 ape-

377 3497 504 3560 ruit,
534 3509 598 3550 ac
618 3495 829 3550 sublata
858 3499 1077 3552 consilia
1106 3499 1344 3564 tradidit,
1378 3514 1463 3556 me
1492 3501 1650 3556 vilem
1677 3511 1734 3557 et
1778 3502 1952 3559 humi-

376 3585 481 3640 lem
507 3587 888 3642 homunculum
921 3587 1177 3658 intellige,
1208 3591 1297 3658 qui
1327 3590 1431 3646 huc
1460 3590 1662 3647 idcirco
1689 3595 1866 3662 venio,
1897 3607 1953 3650 ut

375 3677 470 3729 tibi
503 3676 641 3730 viam
670 3676 860 3731 bonam
892 3687 947 3733 et
973 3678 1041 3735 ab
1063 3680 1205 3734 omni
1229 3695 1412 3737 errore
1432 3682 1653 3738 liberam
1678 3699 1953 3741 commen-

377 3780 565 3833 strem,
617 3779 773 3840 teque
822 3772 889 3826 ad
938 3773 1263 3842 sempiterna
1310 3785 1365 3831 et
1406 3790 1675 3844 nunquam
1722 3778 1954 3836 ﬁnienda

378 3858 512 3914 bona
544 3862 837 3927 traducam,
869 3864 1097 3934 illucque
1125 3867 1303 3921 omnia
1356 3874 1441 3920 tua
1489 3868 1780 3924 recondere
1823 3884 1952 3924 sua-

376 3952 554 4019 deam,
583 3964 877 4026 contraque
906 3964 957 4012 te
981 3957 1050 4011 ab
1074 3957 1364 4027 impostore
1394 3961 1495 4015 hoc
1540 3960 1738 4014 mundo
1781 3960 1949 4018 abdu-

375 4061 513 4101 cam.
542 4049 711 4115 Quem
759 4051 972 4121 quidem
1018 4051 1132 4121 ipse
1177 4068 1389 4124 quoque
1427 4053 1711 4121 aliquando
1757 4055 1955 4110 misere

377 4140 643 4205 amabam,
674 4142 898 4212 ejusque
926 4144 1227 4211 voluptates
1272 4154 1324 4198 et
1368 4143 1756 4198 oblectamenta
1808 4159 1954 4198 com-

374 4231 663 4299 plectebar.
707 4233 975 4289 Caeterum
1026 4246 1145 4286 cum
1178 4232 1337 4287 rectis
1385 4233 1577 4287 mentis
1620 4233 1790 4288 oculis
1838 4235 1952 4287 ani-

376 4325 807 4385 madvertissem,
838 4323 1286 4393 quemadmodum
1319 4324 1371 4377 iu
1404 4323 1485 4377 bis
1515 4323 1676 4378 rebus
1706 4323 1951 4380 universa

2063 1897 2182 1958 σίας
2203 1895 2313 1948 τῶν
2340 1893 2633 1964 δαιμόνων,
2662 1892 2790 1955 τοὺς
2819 1890 3269 1960 κοσμοκράτορας
3290 1887 3385 1940 τοῦ
3412 1888 3657 1951 σκότους

2059 1986 2154 2040 τοῦ
2180 1986 2374 2046 αἰῶνος
2417 1983 2608 2036 τούτου
2645 1981 2776 2051 (68),
2800 1981 2949 2042 τοὺς
2979 1978 3334 2040 δελεάζοντας
3362 1978 3518 2047 ἡμᾶς
3572 1978 3655 2045 τῷ

2058 2076 2186 2141 λείῳ
2213 2075 2315 2144 τῆς
2345 2075 2557 2145 ἡδονῆς,
2592 2074 2688 2127 καὶ
2716 2072 2791 2135 ὡς
2822 2072 2950 2142 περί
2986 2070 3279 2140 ἀφθάρτων
3309 2068 3655 2137 ὑποτιθεμέ-

2060 2183 2185 2229 νους
2234 2162 2565 2218 διανοεῖσθαι
2605 2162 2714 2214 τῶν
2754 2158 3010 2231 φθαρτῶν
3062 2159 3157 2211 καὶ
3204 2158 3513 2227 ἐπικήρων.
3572 2157 3654 2218 ὡς

2059 2259 2156 2313 ἀτε
2190 2254 2702 2324 συνδιαιωνιζούσης
2731 2255 2862 2324 ἡμῖν
2897 2252 2993 2304 καὶ
3021 2249 3266 2304 ἀθάνατα
3298 2249 3400 2318 τῆς
3433 2247 3655 2301 τούτων

2061 2348 2513 2419 συνυπαρχούσης
2552 2344 2929 2408 ἀπολαύσεως.
2960 2342 3148 2406 Οὕτως
3193 2341 3289 2395 οὖν
3327 2340 3660 2410 ἀπατηθέν-

2058 2457 2167 2493 των
2194 2438 2352 2509 ¹ἡμῶν
2387 2438 2481 2489 καὶ
2520 2435 2792 2506 μηδεμίαν
2822 2434 2952 2504 περ)⁸
2987 2433 3096 2486 τῶν
3132 2432 3379 2503 μονίμων
3411 2432 3660 2487 ἐκείνων

2058 2531 2153 2585 καὶ
2182 2529 2413 2582 αἰωνίων
2438 2525 2906 2596 βουλευσαμένων,
2935 2525 3073 2595 μήτε
3102 2541 3157 2575 τι
3181 2523 3658 2593 ταμιευσαμένων

2060 2621 2271 2682 ἑαυτοῖς
2303 2620 2383 2681 εἰς
2409 2618 2503 2670 τὸν
2530 2616 2740 2669 ἐκεῖθεν
2770 2615 2918 2685 βίον,
2950 2615 3215 2685 αἰφνίδιος
3247 2615 3380 2684 ἡμῖν
3412 2613 3656 2682 ἐφίστα-

2058 2729 2146 2766 ται
2189 2711 2410 2783 δλεθρος
2443 2713 2471 2764 ὁ
2507 2709 2603 2762 τοῦ
2657 2708 2907 2763 θανάτου.
2948 2708 3081 2760 Τότε
3126 2708 3191 2774 δὴ
3236 2708 3359 2759 τότε
3399 2707 3658 2776 γυμνοὺς

2059 2806 2208 2874 ἡμᾶς
2238 2804 2348 2856 τῶν
2382 2801 2632 2855 ἐντεῦθεν
2669 2803 2717 2854 οἰ
2749 2801 2977 2870 πονηροί
3007 2800 3101 2853 καὶ
3132 2799 3317 2868 πικροὶ
3353 2797 3655 2869 δεξάμενοι

2060 2897 2273 2948 πολῖται
2306 2892 2401 2947 τοῦ
2438 2893 2693 2958 σκότους,
2728 2892 2803 2955 ὡς
2828 2891 3057 2954 ἐκείνοις
3084 2890 3175 2944 τὸν
3210 2889 3428 2944 ἅπαντα
3467 2907 3655 2960 προσ-

2060 2985 2447 3049 αναλώσαντας
2508 2986 2700 3055 χρόνον
2721 3026 2737 3050 ,
2768 2983 3075 3051 ἀπάγουσιν
3106 2984 3187 3045 εἰς
3221 2983 3324 3053 γῆν
3357 2983 3659 3051 σκοτεινὴν

2062 3077 2156 3131 καὶ
2185 3077 2477 3148 γνοφεράν,
2512 3079 2591 3139 εἰς
2622 3077 2726 3146 γῆν
2760 3078 2987 3139 σκότους
3017 3076 3272 3139 αἰωνίου,
3301 3069 3365 3128 οὗ
3396 3076 3499 3127 ούκ
3529 3076 3657 3128 ἐστι

2059 3168 2286 3237 φέγγος,
2328 3166 2449 3221 οὐδὲ
2484 3168 2616 3238 ὀρᾷν
2649 3166 2793 3233 ζωὴν
2828 3165 3032 3239 βροτῶν
3064 3165 3198 3236 (69).
3232 3166 3550 3236 Σύμϐουλον
3586 3167 3654 3220 δὲ

2057 3259 2281 3327 ἀγαθὸν,
2315 3260 2405 3311 τὸν
2453 3259 2660 3329 τάληθῆ
2704 3259 2880 3311 πάντα
2908 3258 3253 3328 γνωρίσαντα
3293 3259 3387 3311 καὶ
3424 3258 3495 3309 τά
3538 3274 3654 3309 σω·

2055 3349 2219 3419 τήρια
2247 3346 2531 3411 διδάξαντα
2560 3344 2967 3415 ἐπιτηδεύματα
2996 3344 3073 3413 τῷ
3101 3343 3307 3413 συνετῷ
3336 3343 3434 3395 καὶ
3461 3360 3651 3413 σοφωα

2057 3439 2201 3508 τάτῳ
2234 3438 2465 3508 βασιλεῖ,
2507 3439 2607 3509 τὴν
2641 3437 2779 3507 ἐμὴν
2813 3437 3166 3505 ὑπολάμϐανε
3202 3436 3394 3504 εὐτελῆ
3426 3435 3650 3505 χθαμαο

2056 3528 2274 3599 λότητα,
2302 3527 2361 3591 ὂς
2387 3528 2484 3598 τὴν
2514 3526 2723 3598 ἀγαθὴν
2748 3527 2865 3579 ὁδὸν
2892 3527 2985 3579 καὶ
3010 3526 3223 3595 ἀπλανῆ
3250 3525 3530 3592 ὑποδεῖξαί
3562 3543 3650 3579 σοι

2056 3621 2198 3691 ἥκω,
2227 3624 2338 3683 τοῖς
2366 3620 2605 3684 αἰωνίοις
2645 3620 2743 3689 μὲν
2776 3619 2870 3672 καὶ
2902 3618 3281 3688 άτελευτήτοις
3308 3618 3518 3687 ἐνάγων
3546 3619 3653 3670 κά·-

2056 3713 2208 3763 κεῖσε
2234 3710 2410 3763 πάντα
2434 3710 2819 3780 συμϐουλεύων
2846 3708 3165 3772 ἀποθέσθαι,
3202 3708 3437 3775 ἀπάγων
3467 3709 3523 3761 δὲ
3546 3709 3645 3762 τοῦ

2055 3799 2261 3854 πλάνου
2291 3800 2500 3870 κόσμου
2540 3800 2692 3869 121
2725 3799 2939 3862 τούτου,
2973 3800 3142 3868 ὅνπερ
3173 3797 3327 3866 κάγὼ
3359 3799 3649 3870 δυστυχῶς

2057 3890 2275 3960 ἐφίλουν
2296 3935 2310 3957 ,
2339 3892 2435 3944 καὶ
2471 3891 2580 3946 τῶν
2608 3890 2772 3944 αὐτοῦ
2808 3891 3141 3961 ἀντειχόμην
3171 3892 3420 3962 τερπνῶν
3454 3908 3514 3942 τε
3546 3892 3647 3943 καὶ

2056 3983 2496 4057 ἀπολαυστικῶν.
2548 3985 2907 4053 Κατανοήσεις
2956 3983 3013 4036 δὲ
3062 3985 3177 4047 τοῖς
3223 3983 3495 4036 ἀπλανέσι
3545 3981 3642 4035 τοῦ

2055 4075 2174 4138 νοὸς
2211 4074 2513 4145 ὀφθαλμοῖς
2536 4073 2652 4137 πῶς
2680 4075 2736 4126 ἐν
2764 4073 2977 4137 τούτοις
3005 4075 3115 4137 πᾶς
3135 4076 3163 4127 ὁ
3189 4073 3299 4127 τῶν
3325 4073 3639 4145 ἀνθρώπων

2055 4164 2445 4237 κατατρίὸεται
2476 4164 2609 4235 βίος,
2647 4163 2754 4216 τῶν
2793 4164 2890 4233 μὲν
2928 4164 3406 4236 παραγινομένων,
3440 4164 3552 4216 τῶν
3583 4164 3642 4217 δὲ

2056 4255 2423 4326 ἀπαιρόντων,
2447 4254 2539 4307 καὶ
2566 4252 2793 4322 μηδενὸς
2824 4253 3041 4324 ἔχοντος
3072 4253 3134 4307 τδ
3164 4253 3429 4322 στάσιμόν
3460 4270 3518 4306 τε
3544 4258 3642 4305 καὶ

2057 4345 2295 4416 βέϐαιον,
2324 4348 2460 4417 μήτε
2487 4345 2596 4399 τῶν
2625 4345 3005 4400 πλουτούντων
3030 4347 3088 4399 ἐν
3121 4347 3198 4418 τῷ
3227 4346 3464 4416 πλούτῳ,
3503 4349 3641 4415 μήτε

372 4411 671 4464 mortalium
696 4410 799 4464 vita
814 4412 1137 4485 conteritur,
1154 4412 1269 4467 aliis
1289 4413 1534 4467 nimirum
1552 4413 1947 4483 accedentibus,

2058 4437 2162 4492 τῶν
2190 4437 2433 4492 δυνατῶν
2460 4440 2517 4491 ἐν
2545 4440 2610 4508 τῇ
2640 4437 2807 4508 ἰσχύϊ,
2846 4438 2983 4509 μήτε
3015 4439 3125 4490 τῶν
3159 4437 3338 4506 σοφῶν
3370 4440 3427 4489 ἐν
3457 4440 3524 4508 τῇ
3555 4454 3645 4489 σο-

370 4502 493 4557 aliis
521 4502 921 4574 decedentibus,
953 4520 1053 4560 nec
1080 4506 1188 4563 ullo
1233 4507 1452 4564 omnino
1482 4506 1633 4560 ﬁrma
1680 4515 1732 4560 ct
1772 4507 1947 4562 stabili

2059 4525 2177 4598 φίᾳ,
2228 4526 2348 4597 μηδ’
2385 4526 2453 4580 αὖ
2486 4502 2610 4580 τῶν-
2644 4502 3061 4597 εύῆμερούντων
3106 4529 3163 4580 ἐν
3212 4502 3277 4599 τῇ
3328 4502 3640 4599 εὐημερίᾳ,

369 4597 497 4653 sede
522 4599 830 4667 constituto,
861 4602 962 4656 hoc
1010 4610 1112 4667 est,
1164 4617 1264 4657 nec
1314 4601 1566 4656 divitibus
1613 4608 1667 4655 et
1715 4600 1946 4670 copiosis

366 4690 422 4744 in
450 4689 671 4760 Opibus,
719 4706 817 4747 nec
847 4693 1148 4761 potentibus
1192 4695 1242 4748 in
1285 4693 1518 4762 potentia
1546 4734 1559 4755 ,
1593 4708 1693 4747 nec
1738 4694 1947 4762 sapien-

367 4781 507 4836 tibus
534 4781 587 4835 iu
612 4781 895 4850 sapientia,
920 4797 1020 4838 nec
1048 4783 1115 4837 iis
1158 4785 1348 4853 quibus
1401 4798 1655 4852 prospere
1704 4798 1789 4838 res
1828 4798 1946 4839 suc-

362 4871 582 4936 cedunt,
614 4872 666 4926 iu
696 4874 1068 4942 prosperitate,
1097 4888 1198 4928 nec
1226 4873 1378 4928 luxui
1408 4874 1603 4931 deditis
1635 4875 1689 4928 in
1737 4877 1863 4928 luxu
1894 4883 1949 4929 et

362 4963 633 5032 cupediis,
656 4977 753 5017 nec
788 4963 853 5017 iis
894 4963 983 5031 qui
1026 4977 1213 5017 secure
1254 4963 1353 5018 sibi
1381 4964 1569 5019 vivere
1601 4964 1867 5033 videntur,
1893 4964 1945 5020 in

362 5053 504 5107 inani
535 5067 630 5107 sua
659 5062 715 5109 et
741 5052 1160 5109 imbecillisdma
1188 5054 1499 5119 securitate,
1516 5067 1614 5111 nec
1639 5053 1692 5109 in
1716 5053 1824 5107 ulla
1847 5054 1944 5108 alia

364 5157 422 5197 re
452 5158 517 5198 ex
545 5143 610 5198 iis
637 5158 755 5213 quae
777 5143 1018 5199 laudibus
1035 5143 1347 5201 eli'eruntur.
1374 5142 1567 5198 Verum
1588 5146 1701 5199 lucc
1722 5159 1814 5199 res
1838 5152 1947 5199 tor-

364 5235 595 5289 rentium
647 5249 900 5305 aquarum
960 5235 1011 5291 in
1068 5234 1384 5304 profundum
1444 5248 1591 5289 mare
1650 5234 1943 5288 labentium

365 5325 610 5381 trausitui
637 5328 831 5385 similis
858 5338 982 5395 est;
1008 5331 1197 5386 eodem
1223 5328 1365 5384 enim
1393 5327 1550 5382 modo
1578 5327 1718 5381 ﬂuxa
1745 5338 1867 5381 sunt
1892 5335 1948 5382 et

2062 4619 2197 4690 μήτε
2248 4619 2355 4671 τῶν
2404 4616 2730 4688 τρυφώντων
2783 4619 2841 4671 ἐν
2889 4620 2957 4689 τῇ
3015 4619 3298 4690 σπατάλῃ,
3343 4619 3480 4687 μήτε
3533 4618 3643 4670 τῶν

2059 4709 2316 4778 ἀσφαλῶς
2350 4708 2652 4763 δοκούντων
2694 4707 2843 4779 βιοῦν
2876 4711 2935 4762 ἐν
2976 4712 3043 4779 τῇ
3087 4709 3294 4780 ματαία
3325 4707 3507 4761 αὐτῶν
3547 4709 3643 4760 καὶ

2058 4801 2431 4874 ἀδρανεστάτῃ
2460 4799 2728 4869 ἀσφαλείᾳ
2752 4837 2767 4864 ,
2814 4801 2951 4870 μήτε
2982 4801 3041 4852 ἐν
3077 4798 3223 4868 ἄλλῳ
3257 4800 3363 4851 τινὶ
3404 4798 3512 4853 τῶν
3550 4802 3642 4851 ὲν-

2054 4890 2230 4945 ταῦθα
2258 4890 2696 4961 ἐπαινουμένων,
2723 4890 2839 4943 ἀλλ’
2872 4888 3015 4942 ἔοικε
3045 4889 3107 4942 τὸ
3137 4890 3371 4961 πρᾶγμα
3405 4890 3642 4959 χειμάῥέ

2058 4984 2166 5052 ρων
2194 4981 2411 5053 παρόδῳ
2438 4982 2729 5051 ἀμετρήτῳ
2764 4980 3039 5049 θαλάσσης
3069 4980 3453 5049 ἐμπιπτόντων
3485 4980 3637 5049 βυθῷ

2056 5070 2281 5141 (ῥευστά
2319 5070 2428 5141 γὰρ
2456 5069 2566 5139 (70)
2607 5070 2780 5133 οὕτως
2810 5071 2919 5123 εἰσί
2954 5071 3024 5124 τά
3057 5071 3305 5140 παρόντα
3334 5071 3514 5124 πάντα
3540 5074 3640 5125 καὶ

2055 5159 2409 5231 πρόσκαιρα),
2435 5161 2646 5231 συνῆκα
2670 5162 2746 5225 ὡς
2766 5161 2837 5214 τὰ
2862 5160 3086 5215 τοιαῦτα
3112 5163 3313 5233 μάταια
3338 5162 3632 5232 σύμπαντα

2056 5253 2147 5303 καὶ
2180 5250 2361 5319 ὄνησις
2392 5250 2571 5305 αὐτῶν
2598 5250 2846 5321 οὐδεμία,
2881 5251 3019 5315 ἀλλ’,
3052 5250 3240 5321 ῶσπερ
3264 5251 3334 5306 τά
3366 5253 3636 5323 πρότερον

2054 5341 2230 5395 πάντα
2265 5339 2401 5412 λήθῃ
2452 5342 2782 5412 κέκρυπται,
2824 5341 2937 5395 εἴτε
2964 5342 3124 5408 δόξαν
3152 5342 3348 5407 εἴποις,
3382 5344 3492 5395 εἴτε
3532 5344 3635 5413 βα·-

458 5482 573 5564 (6β)
601 5481 771 5564 Epist.
798 5485 861 5537 ad
885 5483 1080 5564 Ephes.
1114 5500 1187 5549 vr,
1221 5487 1287 5540 12
1323 5503 1337 5540 :
1373 5485 1487 5564 ρύκ
1522 5483 1834 5564 ἔστιν-ὴμῖν
1863 5488 1895 5558 ή
1927 5505 1947 5540 τ

2058 5504 2076 5564 γ
2109 5487 2245 5558 πρὸς
2279 5484 2416 5559 αἷμα
2447 5489 2543 5542 καὶ
2579 5490 2778 5560 σάρκα,
2812 5489 2949 5545 ἀλλὰ
2979 5490 3114 5562 πρὸς
3143 5490 3243 5555 τὰς
3268 5491 3465 5563 ἀρχάς,
3495 5490 3636 5564 πρὸς

387 5551 782 5628 τὰςᾼέξονσίας,
807 5553 948 5628 πρὸς
982 5558 1105 5619 τοὺς
1129 5555 1579 5628 κοσμοκράτορας
1606 5556 1701 5610 τοῦ
1725 5551 1961 5620 eam;
1986 5551 2199 5612 τούτου.

461 5620 573 5693 (69)
599 5619 699 5693 Job
725 5637 777 5682 ι,
804 5619 894 5693 ea.

465 5689 575 5761 (70)
609 5690 898 5759 Gregorius
922 5689 1055 5748 Naz.
1081 5704 1218 5752 orat.
1262 5696 1347 5765 16,
1381 5710 1502 5766 pag.
1526 5696 1626 5753 25l
1656 5715 1667 5751 :
1712 5697 1789 5751 Toi
1812 5697 1912 5769 μὲν

2058 5726 2059 5733 ι
2090 5698 2206 5751 ἐστι
2237 5699 2437 5769 ῥευστὰ
2469 5698 2564 5753 καὶ
2587 5698 2917 5771 πρόσκαιρα.

3906 1244 3915 1357 l

3903 4620 3905 4733 l
