  <div class='ocr_page' id='page_1' title='image "/cluster/home/n/w/nwhite01/storage/ocr_20150623/96/hvd.32044073502114/508.png"; bbox 0 0 3902 6358; ppageno 0'>
   <div class='ocr_carea' id='block_1_1' title="bbox 195 423 309 488">
    <p class='ocr_par' dir='ltr' id='par_1_1' title="bbox 195 423 309 488">
     <span class='ocr_line' id='line_1_1' title="bbox 195 423 309 488; baseline 0.026 -3"><span class='ocrx_word' id='word_1_1' title='bbox 195 423 309 488; x_wconf 64' lang='lat'><strong>{93</strong></span> 
     </span>
    </p>
   </div>
   <div class='ocr_carea' id='block_1_2' title="bbox 1290 409 2383 475">
    <p class='ocr_par' dir='ltr' id='par_1_2' title="bbox 1290 409 2383 475">
     <span class='ocr_line' id='line_1_2' title="bbox 1290 409 2383 475; baseline 0.003 -3"><span class='ocrx_word' id='word_1_2' title='bbox 1290 411 1467 472; x_wconf 77' lang='lat' dir='ltr'><strong>VITA</strong></span> <span class='ocrx_word' id='word_1_3' title='bbox 1502 409 1860 470; x_wconf 75' lang='lat' dir='ltr'><strong>BARLAAM</strong></span> <span class='ocrx_word' id='word_1_4' title='bbox 1901 410 1994 469; x_wconf 89' lang='lat' dir='ltr'>ET</span> <span class='ocrx_word' id='word_1_5' title='bbox 2031 409 2383 475; x_wconf 83' lang='lat' dir='ltr'><strong>JOASAPH.</strong></span> 
     </span>
    </p>
   </div>
   <div class='ocr_carea' id='block_1_3' title="bbox 3355 425 3461 489">
    <p class='ocr_par' dir='ltr' id='par_1_3' title="bbox 3355 425 3461 489">
     <span class='ocr_line' id='line_1_3' title="bbox 3355 425 3461 489; baseline 0.028 -3"><span class='ocrx_word' id='word_1_6' title='bbox 3355 425 3461 489; x_wconf 64' lang='lat' dir='ltr'><strong>93L</strong></span> 
     </span>
    </p>
   </div>
   <div class='ocr_carea' id='block_1_4' title="bbox 186 514 1783 620">
    <p class='ocr_par' dir='ltr' id='par_1_4' title="bbox 186 521 1783 595">
     <span class='ocr_line' id='line_1_4' title="bbox 186 521 1783 595; baseline -0.005 -15"><span class='ocrx_word' id='word_1_7' title='bbox 186 526 522 594; x_wconf 77' lang='grc' dir='ltr'>ἀπάγουσαν</span> <span class='ocrx_word' id='word_1_8' title='bbox 546 526 695 595; x_wconf 73' lang='grc' dir='ltr'>ἡμᾶς</span> <span class='ocrx_word' id='word_1_9' title='bbox 727 523 837 576; x_wconf 83' lang='grc' dir='ltr'>τῶν</span> <span class='ocrx_word' id='word_1_10' title='bbox 861 522 1138 594; x_wconf 82' lang='grc' dir='ltr'>φθαρτῶν,</span> <span class='ocrx_word' id='word_1_11' title='bbox 1172 521 1266 576; x_wconf 71' lang='grc' dir='ltr'>καὶ</span> <span class='ocrx_word' id='word_1_12' title='bbox 1305 521 1412 574; x_wconf 82' lang='grc' dir='ltr'><strong>τῶν</strong></span> <span class='ocrx_word' id='word_1_13' title='bbox 1446 521 1630 575; x_wconf 78' lang='grc' dir='ltr'><strong>ἀϊδίων</strong></span> <span class='ocrx_word' id='word_1_14' title='bbox 1655 537 1783 590; x_wconf 85' lang='grc' dir='ltr'>μετ·-</span> 
     </span>
    </p>
   </div>
   <div class='ocr_carea' id='block_1_5' title="bbox 1901 514 3461 620">
    <p class='ocr_par' dir='ltr' id='par_1_5' title="bbox 1904 514 3461 620">
     <span class='ocr_line' id='line_1_5' title="bbox 1904 514 3461 620; baseline 0.004 -22"><span class='ocrx_word' id='word_1_15' title='bbox 1904 559 1998 613; x_wconf 87' lang='lat' dir='ltr'><strong>per</strong></span> <span class='ocrx_word' id='word_1_16' title='bbox 2025 514 2166 615; x_wconf 82' lang='lat' dir='ltr'><strong>quod</strong></span> <span class='ocrx_word' id='word_1_17' title='bbox 2196 539 2443 598; x_wconf 82' lang='lat' dir='ltr'><strong>homines</strong></span> <span class='ocrx_word' id='word_1_18' title='bbox 2469 546 2914 615; x_wconf 73' lang='lat' dir='ltr'><strong>sempiternorum</strong></span> <span class='ocrx_word' id='word_1_19' title='bbox 2945 549 3205 603; x_wconf 85' lang='lat' dir='ltr'><strong>honorum</strong></span> <span class='ocrx_word' id='word_1_20' title='bbox 3246 517 3461 620; x_wconf 79' lang='lat' dir='ltr'><strong>partici-</strong></span> 
     </span>
    </p>
   </div>
   <div class='ocr_carea' id='block_1_6' title="bbox 187 614 1172 686">
    <p class='ocr_par' dir='ltr' id='par_1_6' title="bbox 187 614 1172 686">
     <span class='ocr_line' id='line_1_6' title="bbox 187 614 1172 686; baseline 0.003 -20"><span class='ocrx_word' id='word_1_21' title='bbox 187 616 356 684; x_wconf 62' lang='grc' dir='ltr'>ὅλους</span> <span class='ocrx_word' id='word_1_22' title='bbox 389 614 782 686; x_wconf 76' lang='grc' dir='ltr'><strong>ἐργαζομένην.</strong></span> <span class='ocrx_word' id='word_1_23' title='bbox 1168 667 1172 669; x_wconf 80' lang='lat'><strong><em>_</em></strong></span> 
     </span>
    </p>
   </div>
   <div class='ocr_carea' id='block_1_7' title="bbox 267 702 1784 775">
    <p class='ocr_par' dir='ltr' id='par_1_7' title="bbox 267 702 1784 775">
     <span class='ocr_line' id='line_1_7' title="bbox 267 702 1784 775; baseline -0.003 -16"><span class='ocrx_word' id='word_1_24' title='bbox 267 708 515 770; x_wconf 81' lang='grc' dir='ltr'>ιιαλαιᾶς</span> <span class='ocrx_word' id='word_1_25' title='bbox 535 702 647 771; x_wconf 85' lang='grc' dir='ltr'>οὖν,</span> <span class='ocrx_word' id='word_1_26' title='bbox 665 707 873 775; x_wconf 73' lang='grc' dir='ltr'>φησὶνό</span> <span class='ocrx_word' id='word_1_27' title='bbox 895 705 1150 774; x_wconf 84' lang='grc' dir='ltr'>Ἰωάσαφ,</span> <span class='ocrx_word' id='word_1_28' title='bbox 1177 705 1271 759; x_wconf 72' lang='grc' dir='ltr'>καὶ</span> <span class='ocrx_word' id='word_1_29' title='bbox 1292 703 1466 768; x_wconf 77' lang='grc' dir='ltr'>οὕτως</span> <span class='ocrx_word' id='word_1_30' title='bbox 1479 703 1784 771; x_wconf 75' lang='grc' dir='ltr'>ἀναγκαίας</span> 
     </span>
    </p>
   </div>
   <div class='ocr_carea' id='block_1_8' title="bbox 188 794 1784 870">
    <p class='ocr_par' dir='ltr' id='par_1_8' title="bbox 188 794 1784 870">
     <span class='ocr_line' id='line_1_8' title="bbox 188 794 1784 870; baseline -0.001 -21"><span class='ocrx_word' id='word_1_31' title='bbox 188 797 367 868; x_wconf 77' lang='grc' dir='ltr'>οὔσης</span> <span class='ocrx_word' id='word_1_32' title='bbox 399 799 500 870; x_wconf 83' lang='grc' dir='ltr'>τῆς</span> <span class='ocrx_word' id='word_1_33' title='bbox 545 799 802 870; x_wconf 83' lang='grc' dir='ltr'><strong>τοιαύτης</strong></span> <span class='ocrx_word' id='word_1_34' title='bbox 847 797 1189 866; x_wconf 78' lang='grc' dir='ltr'><strong>φιλοσοφίας,</strong></span> <span class='ocrx_word' id='word_1_35' title='bbox 1224 796 1343 860; x_wconf 84' lang='grc' dir='ltr'>πῶς</span> <span class='ocrx_word' id='word_1_36' title='bbox 1365 797 1426 850; x_wconf 78' lang='grc' dir='ltr'><strong>οὐ</strong></span> <span class='ocrx_word' id='word_1_37' title='bbox 1469 795 1656 849; x_wconf 78' lang='grc' dir='ltr'>πολλοὶ</span> <span class='ocrx_word' id='word_1_38' title='bbox 1688 794 1784 864; x_wconf 76' lang='grc' dir='ltr'><strong>ζη-</strong></span> 
     </span>
    </p>
   </div>
   <div class='ocr_carea' id='block_1_9' title="bbox 188 888 1164 962">
    <p class='ocr_par' dir='ltr' id='par_1_9' title="bbox 188 888 1164 962">
     <span class='ocr_line' id='line_1_9' title="bbox 188 888 1164 962; baseline 0.002 -23"><span class='ocrx_word' id='word_1_39' title='bbox 188 889 352 944; x_wconf 82' lang='grc' dir='ltr'>λοῦσι</span> <span class='ocrx_word' id='word_1_40' title='bbox 389 891 632 962; x_wconf 76' lang='grc' dir='ltr'><strong>σήμερον</strong></span> <span class='ocrx_word' id='word_1_41' title='bbox 657 892 872 942; x_wconf 73' lang='grc' dir='ltr'>τουτονὶ</span> <span class='ocrx_word' id='word_1_42' title='bbox 898 888 990 943; x_wconf 83' lang='grc' dir='ltr'>τὸν</span> <span class='ocrx_word' id='word_1_43' title='bbox 1019 888 1164 958; x_wconf 77' lang='grc' dir='ltr'>βίονς</span> 
     </span>
    </p>
   </div>
   <div class='ocr_carea' id='block_1_10' title="bbox 279 1075 1786 1152">
    <p class='ocr_par' dir='ltr' id='par_1_10' title="bbox 279 1075 1786 1152">
     <span class='ocr_line' id='line_1_10' title="bbox 279 1075 1786 1152; baseline -0.002 -19"><span class='ocrx_word' id='word_1_44' title='bbox 279 1082 342 1133; x_wconf 87' lang='grc' dir='ltr'><strong>Ὀ</strong></span> <span class='ocrx_word' id='word_1_45' title='bbox 383 1081 440 1134; x_wconf 83' lang='grc' dir='ltr'>δὲ</span> <span class='ocrx_word' id='word_1_46' title='bbox 465 1081 645 1150; x_wconf 89' lang='grc' dir='ltr'>γέρων</span> <span class='ocrx_word' id='word_1_47' title='bbox 674 1080 778 1152; x_wconf 74' lang='grc' dir='ltr'><strong>ἔφη</strong></span> <span class='ocrx_word' id='word_1_48' title='bbox 799 1097 814 1111; x_wconf 89' lang='grc'><strong>·</strong></span> <span class='ocrx_word' id='word_1_49' title='bbox 855 1078 1051 1134; x_wconf 76' lang='grc' dir='ltr'>Πολλοὶ</span> <span class='ocrx_word' id='word_1_50' title='bbox 1107 1079 1204 1151; x_wconf 81' lang='grc' dir='ltr'>μὲν</span> <span class='ocrx_word' id='word_1_51' title='bbox 1257 1079 1540 1150; x_wconf 74' lang='grc' dir='ltr'><strong>ἐζήλωσαν</strong></span> <span class='ocrx_word' id='word_1_52' title='bbox 1569 1079 1662 1134; x_wconf 81' lang='grc' dir='ltr'>καὶ</span> <span class='ocrx_word' id='word_1_53' title='bbox 1690 1075 1786 1152; x_wconf 81' lang='grc' dir='ltr'><strong>ζη-</strong></span> 
     </span>
    </p>
   </div>
   <div class='ocr_carea' id='block_1_11' title="bbox 190 1171 1782 1237">
    <p class='ocr_par' dir='ltr' id='par_1_11' title="bbox 190 1171 1782 1237">
     <span class='ocr_line' id='line_1_11' title="bbox 190 1171 1782 1237; baseline -0.001 -10"><span class='ocrx_word' id='word_1_54' title='bbox 190 1175 406 1237; x_wconf 84' lang='grc' dir='ltr'>λοῦσιν,</span> <span class='ocrx_word' id='word_1_55' title='bbox 435 1173 756 1229; x_wconf 80' lang='grc' dir='ltr'>οἱπλεῖστοι</span> <span class='ocrx_word' id='word_1_56' title='bbox 791 1173 847 1226; x_wconf 86' lang='grc' dir='ltr'>δὲ</span> <span class='ocrx_word' id='word_1_57' title='bbox 881 1171 1102 1226; x_wconf 80' lang='grc' dir='ltr'>ὀκνοῦσι</span> <span class='ocrx_word' id='word_1_58' title='bbox 1125 1173 1221 1228; x_wconf 79' lang='grc' dir='ltr'>καὶ</span> <span class='ocrx_word' id='word_1_59' title='bbox 1264 1171 1604 1226; x_wconf 86' lang='grc' dir='ltr'>ἀναδύονται.</span> <span class='ocrx_word' id='word_1_60' title='bbox 1639 1172 1782 1226; x_wconf 75' lang='grc' dir='ltr'>Ὀλίο</span> 
     </span>
    </p>
   </div>
   <div class='ocr_carea' id='block_1_12' title="bbox 192 1264 1781 1336">
    <p class='ocr_par' dir='ltr' id='par_1_12' title="bbox 192 1264 1781 1336">
     <span class='ocr_line' id='line_1_12' title="bbox 192 1264 1781 1336; baseline -0.001 -18"><span class='ocrx_word' id='word_1_61' title='bbox 192 1283 286 1334; x_wconf 78' lang='grc' dir='ltr'>γοι</span> <span class='ocrx_word' id='word_1_62' title='bbox 319 1265 446 1336; x_wconf 81' lang='grc' dir='ltr'>γάρ,</span> <span class='ocrx_word' id='word_1_63' title='bbox 477 1264 620 1319; x_wconf 79' lang='grc' dir='ltr'>καθά</span> <span class='ocrx_word' id='word_1_64' title='bbox 652 1281 817 1335; x_wconf 83' lang='grc' dir='ltr'>φησιν</span> <span class='ocrx_word' id='word_1_65' title='bbox 849 1265 877 1318; x_wconf 86' lang='grc' dir='ltr'>ὁ</span> <span class='ocrx_word' id='word_1_66' title='bbox 924 1264 1154 1336; x_wconf 80' lang='grc' dir='ltr'>Κύριος,</span> <span class='ocrx_word' id='word_1_67' title='bbox 1201 1266 1252 1318; x_wconf 74' lang='lat' dir='ltr'><strong>oi</strong></span> <span class='ocrx_word' id='word_1_68' title='bbox 1297 1265 1396 1334; x_wconf 80' lang='grc' dir='ltr'>τῆς</span> <span class='ocrx_word' id='word_1_69' title='bbox 1443 1264 1635 1333; x_wconf 83' lang='grc' dir='ltr'>στενῆς</span> <span class='ocrx_word' id='word_1_70' title='bbox 1659 1264 1781 1317; x_wconf 76' lang='grc' dir='ltr'>ὀδοῦ</span> 
     </span>
    </p>
   </div>
   <div class='ocr_carea' id='block_1_13' title="bbox 193 1349 1785 1427">
    <p class='ocr_par' dir='ltr' id='par_1_13' title="bbox 193 1349 1785 1427">
     <span class='ocr_line' id='line_1_13' title="bbox 193 1349 1785 1427; baseline 0.001 -21"><span class='ocrx_word' id='word_1_71' title='bbox 193 1355 295 1408; x_wconf 73' lang='grc' dir='ltr'><strong>καὶ</strong></span> <span class='ocrx_word' id='word_1_72' title='bbox 324 1354 696 1424; x_wconf 87' lang='grc' dir='ltr'>τεθλιμμένης</span> <span class='ocrx_word' id='word_1_73' title='bbox 719 1354 992 1424; x_wconf 77' lang='grc' dir='ltr'><strong>ὁδοιπόροι</strong></span> <span class='ocrx_word' id='word_1_74' title='bbox 1024 1355 1125 1427; x_wconf 76' lang='lat'><strong>(&#39;5),</strong></span> <span class='ocrx_word' id='word_1_75' title='bbox 1151 1355 1252 1426; x_wconf 80' lang='grc' dir='ltr'>τῆς</span> <span class='ocrx_word' id='word_1_76' title='bbox 1284 1349 1583 1426; x_wconf 77' lang='grc' dir='ltr'>ἀνειμένης</span> <span class='ocrx_word' id='word_1_77' title='bbox 1613 1355 1668 1408; x_wconf 78' lang='grc' dir='ltr'><strong>δὲ</strong></span> <span class='ocrx_word' id='word_1_78' title='bbox 1693 1355 1785 1408; x_wconf 69' lang='grc' dir='ltr'><strong>κα)⁸</strong></span> 
     </span>
    </p>
   </div>
   <div class='ocr_carea' id='block_1_14' title="bbox 193 1446 1786 1518">
    <p class='ocr_par' dir='ltr' id='par_1_14' title="bbox 193 1446 1786 1518">
     <span class='ocr_line' id='line_1_14' title="bbox 193 1446 1786 1518; baseline 0.002 -21"><span class='ocrx_word' id='word_1_79' title='bbox 193 1446 465 1508; x_wconf 73' lang='grc' dir='ltr'><strong>πλατείας</strong></span> <span class='ocrx_word' id='word_1_80' title='bbox 490 1447 540 1498; x_wconf 85' lang='grc' dir='ltr'><strong>οἱ</strong></span> <span class='ocrx_word' id='word_1_81' title='bbox 563 1446 788 1510; x_wconf 87' lang='grc' dir='ltr'>πλείους</span> <span class='ocrx_word' id='word_1_82' title='bbox 813 1449 911 1516; x_wconf 68' lang='grc'><strong>(4).</strong></span> <span class='ocrx_word' id='word_1_83' title='bbox 943 1447 1008 1500; x_wconf 78' lang='grc' dir='ltr'><strong>Οἱ</strong></span> <span class='ocrx_word' id='word_1_84' title='bbox 1050 1448 1159 1518; x_wconf 84' lang='grc' dir='ltr'>γὰρ</span> <span class='ocrx_word' id='word_1_85' title='bbox 1205 1446 1463 1511; x_wconf 81' lang='grc' dir='ltr'>καθάπαξ</span> <span class='ocrx_word' id='word_1_86' title='bbox 1503 1447 1608 1500; x_wconf 76' lang='grc' dir='ltr'>ὑπὸ</span> <span class='ocrx_word' id='word_1_87' title='bbox 1637 1447 1786 1515; x_wconf 81' lang='grc' dir='ltr'>φιλο-</span> 
     </span>
    </p>
   </div>
   <div class='ocr_carea' id='block_1_15' title="bbox 191 1539 1782 1611">
    <p class='ocr_par' dir='ltr' id='par_1_15' title="bbox 191 1539 1782 1611">
     <span class='ocr_line' id='line_1_15' title="bbox 191 1539 1782 1611; baseline 0.003 -22"><span class='ocrx_word' id='word_1_88' title='bbox 191 1539 516 1608; x_wconf 74' lang='grc' dir='ltr'>χρηματίας</span> <span class='ocrx_word' id='word_1_89' title='bbox 547 1539 642 1592; x_wconf 75' lang='grc' dir='ltr'><strong>καὶ</strong></span> <span class='ocrx_word' id='word_1_90' title='bbox 673 1539 782 1592; x_wconf 83' lang='grc' dir='ltr'><strong>τῶν</strong></span> <span class='ocrx_word' id='word_1_91' title='bbox 810 1542 910 1611; x_wconf 82' lang='grc' dir='ltr'>τῆς</span> <span class='ocrx_word' id='word_1_92' title='bbox 958 1540 1276 1610; x_wconf 79' lang='grc' dir='ltr'><strong>φιληδονίας</strong></span> <span class='ocrx_word' id='word_1_93' title='bbox 1324 1541 1508 1594; x_wconf 82' lang='grc' dir='ltr'>κακῶν</span> <span class='ocrx_word' id='word_1_94' title='bbox 1542 1541 1782 1604; x_wconf 79' lang='grc' dir='ltr'><strong>ἁλόντες,</strong></span> 
     </span>
    </p>
   </div>
   <div class='ocr_carea' id='block_1_16' title="bbox 193 1629 1784 1704">
    <p class='ocr_par' dir='ltr' id='par_1_16' title="bbox 193 1629 1784 1704">
     <span class='ocr_line' id='line_1_16' title="bbox 193 1629 1784 1704; baseline 0.003 -24"><span class='ocrx_word' id='word_1_95' title='bbox 193 1633 263 1700; x_wconf 73' lang='grc' dir='ltr'>τῇ</span> <span class='ocrx_word' id='word_1_96' title='bbox 299 1632 432 1700; x_wconf 76' lang='grc' dir='ltr'>κενῇ</span> <span class='ocrx_word' id='word_1_97' title='bbox 463 1629 519 1681; x_wconf 80' lang='grc' dir='ltr'>δὲ</span> <span class='ocrx_word' id='word_1_98' title='bbox 552 1629 646 1682; x_wconf 74' lang='grc' dir='ltr'><strong>καὶ</strong></span> <span class='ocrx_word' id='word_1_99' title='bbox 692 1631 902 1701; x_wconf 75' lang='grc' dir='ltr'>ματαίᾳ</span> <span class='ocrx_word' id='word_1_100' title='bbox 969 1631 1403 1702; x_wconf 86' lang='grc' dir='ltr'>προστετηκότες</span> <span class='ocrx_word' id='word_1_101' title='bbox 1451 1631 1601 1704; x_wconf 84' lang='grc' dir='ltr'><strong>δόξῃ,</strong></span> <span class='ocrx_word' id='word_1_102' title='bbox 1657 1631 1784 1684; x_wconf 88' lang='grc' dir='ltr'>δυσ-</span> 
     </span>
    </p>
   </div>
   <div class='ocr_carea' id='block_1_17' title="bbox 195 1722 1786 1794">
    <p class='ocr_par' dir='ltr' id='par_1_17' title="bbox 195 1722 1786 1794">
     <span class='ocr_line' id='line_1_17' title="bbox 195 1722 1786 1794; baseline 0 -20"><span class='ocrx_word' id='word_1_103' title='bbox 195 1724 577 1786; x_wconf 82' lang='grc' dir='ltr'>αποσπάστως</span> <span class='ocrx_word' id='word_1_104' title='bbox 600 1723 779 1776; x_wconf 75' lang='grc' dir='ltr'>αὐτῶν</span> <span class='ocrx_word' id='word_1_105' title='bbox 818 1724 1052 1794; x_wconf 81' lang='grc' dir='ltr'>ἔχουσιν,</span> <span class='ocrx_word' id='word_1_106' title='bbox 1085 1723 1161 1785; x_wconf 88' lang='grc' dir='ltr'>ὡς</span> <span class='ocrx_word' id='word_1_107' title='bbox 1191 1724 1287 1777; x_wconf 80' lang='grc' dir='ltr'>ἆτε</span> <span class='ocrx_word' id='word_1_108' title='bbox 1317 1723 1531 1786; x_wconf 77' lang='grc' dir='ltr'><strong>δούλους</strong></span> <span class='ocrx_word' id='word_1_109' title='bbox 1561 1722 1786 1785; x_wconf 78' lang='grc' dir='ltr'>ἑαυτοὺς</span> 
     </span>
    </p>
   </div>
   <div class='ocr_carea' id='block_1_18' title="bbox 195 1815 1786 1887">
    <p class='ocr_par' dir='ltr' id='par_1_18' title="bbox 195 1815 1786 1887">
     <span class='ocr_line' id='line_1_18' title="bbox 195 1815 1786 1887; baseline -0.001 -19"><span class='ocrx_word' id='word_1_110' title='bbox 195 1815 469 1878; x_wconf 78' lang='grc' dir='ltr'><strong>ἑκουσίως</strong></span> <span class='ocrx_word' id='word_1_111' title='bbox 522 1817 1014 1887; x_wconf 80' lang='grc' dir='ltr'>ἀπεμπολήσαντες</span> <span class='ocrx_word' id='word_1_112' title='bbox 1070 1816 1338 1886; x_wconf 83' lang='grc' dir='ltr'><strong>ἀλλοτρίῳ</strong></span> <span class='ocrx_word' id='word_1_113' title='bbox 1377 1815 1636 1885; x_wconf 81' lang='grc' dir='ltr'><strong>δεσπότῃ,</strong></span> <span class='ocrx_word' id='word_1_114' title='bbox 1690 1815 1786 1867; x_wconf 77' lang='grc' dir='ltr'><strong>καὶ</strong></span> 
     </span>
    </p>
   </div>
   <div class='ocr_carea' id='block_1_19' title="bbox 193 1903 1784 1978">
    <p class='ocr_par' dir='ltr' id='par_1_19' title="bbox 193 1903 1784 1978">
     <span class='ocr_line' id='line_1_19' title="bbox 193 1903 1784 1978; baseline -0.001 -20"><span class='ocrx_word' id='word_1_115' title='bbox 193 1909 294 1958; x_wconf 74' lang='grc' dir='ltr'>ἀπ’</span> <span class='ocrx_word' id='word_1_116' title='bbox 338 1907 591 1970; x_wconf 77' lang='grc' dir='ltr'>ἐναντίας</span> <span class='ocrx_word' id='word_1_117' title='bbox 634 1907 917 1977; x_wconf 77' lang='grc' dir='ltr'><strong>ἱστάμενοι</strong></span> <span class='ocrx_word' id='word_1_118' title='bbox 956 1905 1036 1978; x_wconf 81' lang='grc' dir='ltr'>τῷ</span> <span class='ocrx_word' id='word_1_119' title='bbox 1065 1907 1240 1960; x_wconf 81' lang='grc' dir='ltr'>ταῦτα</span> <span class='ocrx_word' id='word_1_120' title='bbox 1272 1907 1620 1960; x_wconf 84' lang='grc' dir='ltr'>ὲπιτάττοντι.</span> <span class='ocrx_word' id='word_1_121' title='bbox 1642 1903 1784 1975; x_wconf 81' lang='grc' dir='ltr'>Θεῷ,</span> 
     </span>
    </p>
   </div>
   <div class='ocr_carea' id='block_1_20' title="bbox 193 1997 1783 2070">
    <p class='ocr_par' dir='ltr' id='par_1_20' title="bbox 193 1997 1783 2070">
     <span class='ocr_line' id='line_1_20' title="bbox 193 1997 1783 2070; baseline 0.001 -21"><span class='ocrx_word' id='word_1_122' title='bbox 193 1998 294 2051; x_wconf 77' lang='grc' dir='ltr'>καὶ</span> <span class='ocrx_word' id='word_1_123' title='bbox 319 1997 535 2068; x_wconf 79' lang='grc' dir='ltr'>δέσμιοι</span> <span class='ocrx_word' id='word_1_124' title='bbox 569 1997 719 2070; x_wconf 83' lang='grc' dir='ltr'>αὐτῷ</span> <span class='ocrx_word' id='word_1_125' title='bbox 767 1998 1148 2069; x_wconf 84' lang='grc' dir='ltr'>κατεχόμενοι.</span> <span class='ocrx_word' id='word_1_126' title='bbox 1177 1997 1340 2068; x_wconf 79' lang='grc' dir='ltr'>Ψυχὴ</span> <span class='ocrx_word' id='word_1_127' title='bbox 1369 1999 1477 2068; x_wconf 82' lang='grc' dir='ltr'><strong>γάρ</strong></span> <span class='ocrx_word' id='word_1_128' title='bbox 1523 1997 1783 2064; x_wconf 76' lang='grc' dir='ltr'>καθάπαξ</span> 
     </span>
    </p>
   </div>
   <div class='ocr_carea' id='block_1_21' title="bbox 195 2083 1790 2156">
    <p class='ocr_par' dir='ltr' id='par_1_21' title="bbox 195 2083 1790 2156">
     <span class='ocr_line' id='line_1_21' title="bbox 195 2083 1790 2156; baseline -0.001 -17"><span class='ocrx_word' id='word_1_129' title='bbox 195 2085 528 2152; x_wconf 77' lang='grc' dir='ltr'>ἀπογνοῦσα</span> <span class='ocrx_word' id='word_1_130' title='bbox 563 2085 662 2154; x_wconf 76' lang='grc' dir='ltr'>τῆς</span> <span class='ocrx_word' id='word_1_131' title='bbox 718 2086 926 2148; x_wconf 83' lang='grc' dir='ltr'><strong>οἰκείας</strong></span> <span class='ocrx_word' id='word_1_132' title='bbox 968 2083 1260 2156; x_wconf 74' lang='grc' dir='ltr'><strong>σωτηρίας,</strong></span> <span class='ocrx_word' id='word_1_133' title='bbox 1295 2084 1393 2148; x_wconf 90' lang='grc' dir='ltr'><strong>τάς</strong></span> <span class='ocrx_word' id='word_1_134' title='bbox 1422 2086 1580 2156; x_wconf 56' lang='lat' dir='ltr'><strong>ﬁla;</strong></span> <span class='ocrx_word' id='word_1_135' title='bbox 1615 2085 1790 2154; x_wconf 81' lang='grc' dir='ltr'>αὐτῆς</span> 
     </span>
    </p>
   </div>
   <div class='ocr_carea' id='block_1_22' title="bbox 192 2175 1789 2247">
    <p class='ocr_par' dir='ltr' id='par_1_22' title="bbox 192 2175 1789 2247">
     <span class='ocr_line' id='line_1_22' title="bbox 192 2175 1789 2247; baseline -0.001 -17"><span class='ocrx_word' id='word_1_136' title='bbox 192 2176 432 2230; x_wconf 74' lang='grc' dir='ltr'>ἐνδοῦσα</span> <span class='ocrx_word' id='word_1_137' title='bbox 457 2179 578 2241; x_wconf 87' lang='grc' dir='ltr'>ταῖς</span> <span class='ocrx_word' id='word_1_138' title='bbox 607 2177 826 2245; x_wconf 79' lang='grc' dir='ltr'>ἀλόγοις</span> <span class='ocrx_word' id='word_1_139' title='bbox 851 2176 1196 2245; x_wconf 77' lang='grc' dir='ltr'>ἐπιθυμίαις,</span> <span class='ocrx_word' id='word_1_140' title='bbox 1240 2176 1520 2247; x_wconf 78' lang='grc' dir='ltr'>πανταχοῦ</span> <span class='ocrx_word' id='word_1_141' title='bbox 1561 2175 1789 2246; x_wconf 80' lang='grc' dir='ltr'>περιφέ-</span> 
     </span>
    </p>
   </div>
   <div class='ocr_carea' id='block_1_23' title="bbox 196 2269 1789 2341">
    <p class='ocr_par' dir='ltr' id='par_1_23' title="bbox 196 2269 1789 2341">
     <span class='ocr_line' id='line_1_23' title="bbox 196 2269 1789 2341; baseline 0 -18"><span class='ocrx_word' id='word_1_142' title='bbox 196 2288 378 2340; x_wconf 83' lang='grc' dir='ltr'>ρεται.</span> <span class='ocrx_word' id='word_1_143' title='bbox 410 2269 506 2322; x_wconf 76' lang='grc' dir='ltr'><strong>Διὰ</strong></span> <span class='ocrx_word' id='word_1_144' title='bbox 524 2269 680 2323; x_wconf 77' lang='grc' dir='ltr'>τοῦτο</span> <span class='ocrx_word' id='word_1_145' title='bbox 707 2270 1110 2340; x_wconf 69' lang='grc' dir='ltr'>ὀλοφυρόμενος</span> <span class='ocrx_word' id='word_1_146' title='bbox 1132 2277 1160 2327; x_wconf 81' lang='grc' dir='ltr'><em>ὁ</em></span> <span class='ocrx_word' id='word_1_147' title='bbox 1188 2270 1484 2341; x_wconf 74' lang='grc' dir='ltr'>Προφήτης</span> <span class='ocrx_word' id='word_1_148' title='bbox 1509 2269 1607 2340; x_wconf 81' lang='grc' dir='ltr'>τὴν</span> <span class='ocrx_word' id='word_1_149' title='bbox 1627 2287 1789 2341; x_wconf 86' lang='grc' dir='ltr'>περι-</span> 
     </span>
    </p>
   </div>
   <div class='ocr_carea' id='block_1_24' title="bbox 196 2359 1787 2433">
    <p class='ocr_par' dir='ltr' id='par_1_24' title="bbox 196 2359 1787 2433">
     <span class='ocr_line' id='line_1_24' title="bbox 196 2359 1787 2433; baseline 0.008 -19"><span class='ocrx_word' id='word_1_150' title='bbox 196 2364 512 2433; x_wconf 79' lang='grc' dir='ltr'>κεχυμένην</span> <span class='ocrx_word' id='word_1_151' title='bbox 544 2361 730 2416; x_wconf 80' lang='grc' dir='ltr'>ἄνοιαν</span> <span class='ocrx_word' id='word_1_152' title='bbox 781 2364 928 2425; x_wconf 77' lang='grc' dir='ltr'>ταῖς·</span> <span class='ocrx_word' id='word_1_153' title='bbox 948 2361 1234 2424; x_wconf 84' lang='grc' dir='ltr'>τοιαύταις</span> <span class='ocrx_word' id='word_1_154' title='bbox 1289 2360 1514 2431; x_wconf 72' lang='grc' dir='ltr'>ψυχαῖς,</span> <span class='ocrx_word' id='word_1_155' title='bbox 1564 2359 1787 2430; x_wconf 74' lang='grc' dir='ltr'>καὶτῆς</span> 
     </span>
    </p>
   </div>
   <div class='ocr_carea' id='block_1_25' title="bbox 197 2450 1784 2524">
    <p class='ocr_par' dir='ltr' id='par_1_25' title="bbox 197 2450 1784 2524">
     <span class='ocr_line' id='line_1_25' title="bbox 197 2450 1784 2524; baseline -0.002 -18"><span class='ocrx_word' id='word_1_156' title='bbox 197 2455 559 2524; x_wconf 75' lang='grc' dir='ltr'>ἐπικειμένης</span> <span class='ocrx_word' id='word_1_157' title='bbox 590 2453 782 2516; x_wconf 79' lang='grc' dir='ltr'>αὐταῖς</span> <span class='ocrx_word' id='word_1_158' title='bbox 831 2452 1030 2522; x_wconf 77' lang='grc' dir='ltr'>ἀχλύος</span> <span class='ocrx_word' id='word_1_159' title='bbox 1080 2454 1183 2520; x_wconf 81' lang='grc' dir='ltr'><strong>τὴν</strong></span> <span class='ocrx_word' id='word_1_160' title='bbox 1217 2451 1507 2522; x_wconf 89' lang='grc' dir='ltr'>παχύτητα</span> <span class='ocrx_word' id='word_1_161' title='bbox 1541 2450 1784 2522; x_wconf 86' lang='grc' dir='ltr'>θρηνῶν,</span> 
     </span>
    </p>
   </div>
   <div class='ocr_carea' id='block_1_26' title="bbox 191 2540 1784 2618">
    <p class='ocr_par' dir='ltr' id='par_1_26' title="bbox 191 2540 1784 2618">
     <span class='ocr_line' id='line_1_26' title="bbox 191 2540 1784 2618; baseline -0.001 -22"><span class='ocrx_word' id='word_1_162' title='bbox 191 2545 387 2612; x_wconf 83' lang='grc' dir='ltr'>ἔλεγεν</span> <span class='ocrx_word' id='word_1_163' title='bbox 413 2562 427 2576; x_wconf 69' lang='grc' dir='ltr'><strong>ο</strong></span> <span class='ocrx_word' id='word_1_164' title='bbox 466 2545 586 2598; x_wconf 78' lang='grc' dir='ltr'><strong>Υἱοὶ</strong></span> <span class='ocrx_word' id='word_1_165' title='bbox 622 2545 699 2618; x_wconf 72' lang='lat'><strong>(5&#39;;</strong></span> <span class='ocrx_word' id='word_1_166' title='bbox 731 2543 1060 2613; x_wconf 82' lang='grc' dir='ltr'>ἀνθρώπων,</span> <span class='ocrx_word' id='word_1_167' title='bbox 1098 2542 1204 2604; x_wconf 81' lang='grc' dir='ltr'>ἓως</span> <span class='ocrx_word' id='word_1_168' title='bbox 1229 2542 1361 2594; x_wconf 89' lang='grc' dir='ltr'>πότε</span> <span class='ocrx_word' id='word_1_169' title='bbox 1395 2540 1784 2613; x_wconf 84' lang='grc' dir='ltr'>βαρυκάρδιοι;</span> 
     </span>
    </p>
   </div>
   <div class='ocr_carea' id='block_1_27' title="bbox 195 2633 1786 2707">
    <p class='ocr_par' dir='ltr' id='par_1_27' title="bbox 195 2633 1786 2707">
     <span class='ocr_line' id='line_1_27' title="bbox 195 2633 1786 2707; baseline -0.002 -19"><span class='ocrx_word' id='word_1_170' title='bbox 195 2637 345 2690; x_wconf 84' lang='grc' dir='ltr'>ἰνατί</span> <span class='ocrx_word' id='word_1_171' title='bbox 365 2638 616 2705; x_wconf 72' lang='grc' dir='ltr'>ἀγαπᾶτε</span> <span class='ocrx_word' id='word_1_172' title='bbox 648 2635 985 2707; x_wconf 84' lang='grc' dir='ltr'>ματαιότητα</span> <span class='ocrx_word' id='word_1_173' title='bbox 1016 2634 1112 2687; x_wconf 75' lang='grc' dir='ltr'>καὶ</span> <span class='ocrx_word' id='word_1_174' title='bbox 1129 2633 1343 2704; x_wconf 79' lang='grc' dir='ltr'>ζητεῖτε</span> <span class='ocrx_word' id='word_1_175' title='bbox 1371 2633 1603 2702; x_wconf 74' lang='grc' dir='ltr'>ψεῦδοςς</span> <span class='ocrx_word' id='word_1_176' title='bbox 1639 2635 1786 2704; x_wconf 85' lang='grc' dir='ltr'><strong>Ὅτῳ</strong></span> 
     </span>
    </p>
   </div>
   <div class='ocr_carea' id='block_1_28' title="bbox 189 2713 1782 2796">
    <p class='ocr_par' dir='ltr' id='par_1_28' title="bbox 189 2713 1782 2796">
     <span class='ocr_line' id='line_1_28' title="bbox 189 2713 1782 2796; baseline -0.003 -16"><span class='ocrx_word' id='word_1_177' title='bbox 189 2745 282 2792; x_wconf 85' lang='grc' dir='ltr'><strong>τις</strong></span> <span class='ocrx_word' id='word_1_178' title='bbox 317 2728 413 2780; x_wconf 75' lang='grc' dir='ltr'>καὶ</span> <span class='ocrx_word' id='word_1_179' title='bbox 440 2727 548 2780; x_wconf 85' lang='grc' dir='ltr'><strong>τῶν</strong></span> <span class='ocrx_word' id='word_1_180' title='bbox 577 2726 868 2796; x_wconf 79' lang='grc' dir='ltr'>ἡμετέρων</span> <span class='ocrx_word' id='word_1_181' title='bbox 899 2713 1080 2793; x_wconf 73' lang='grc' dir='ltr'>σοφῶν</span> <span class='ocrx_word' id='word_1_182' title='bbox 1136 2723 1494 2789; x_wconf 81' lang='grc' dir='ltr'>διδασκάλων,</span> <span class='ocrx_word' id='word_1_183' title='bbox 1541 2722 1782 2791; x_wconf 80' lang='grc' dir='ltr'>θεολογι-</span> 
     </span>
    </p>
   </div>
   <div class='ocr_carea' id='block_1_29' title="bbox 191 2813 1784 2886">
    <p class='ocr_par' dir='ltr' id='par_1_29' title="bbox 191 2813 1784 2886">
     <span class='ocr_line' id='line_1_29' title="bbox 191 2813 1784 2886; baseline -0.001 -18"><span class='ocrx_word' id='word_1_184' title='bbox 191 2817 447 2879; x_wconf 73' lang='grc' dir='ltr'>κὼτατος</span> <span class='ocrx_word' id='word_1_185' title='bbox 481 2818 620 2886; x_wconf 75' lang='grc' dir='ltr'>ἀνὴρ</span> <span class='ocrx_word' id='word_1_186' title='bbox 653 2817 750 2886; x_wconf 86' lang='grc'><strong>(6).</strong></span> <span class='ocrx_word' id='word_1_187' title='bbox 807 2816 1069 2886; x_wconf 73' lang='grc' dir='ltr'>συνᾴδων,</span> <span class='ocrx_word' id='word_1_188' title='bbox 1103 2815 1193 2868; x_wconf 85' lang='grc' dir='ltr'><strong>καί</strong></span> <span class='ocrx_word' id='word_1_189' title='bbox 1259 2831 1380 2866; x_wconf 83' lang='grc' dir='ltr'>τινα</span> <span class='ocrx_word' id='word_1_190' title='bbox 1423 2815 1554 2886; x_wconf 81' lang='grc' dir='ltr'>παρ’</span> <span class='ocrx_word' id='word_1_191' title='bbox 1589 2813 1784 2868; x_wconf 79' lang='grc' dir='ltr'>ἑαυτοῦ</span> 
     </span>
    </p>
   </div>
   <div class='ocr_carea' id='block_1_30' title="bbox 190 2905 1786 2979">
    <p class='ocr_par' dir='ltr' id='par_1_30' title="bbox 190 2905 1786 2979">
     <span class='ocr_line' id='line_1_30' title="bbox 190 2905 1786 2979; baseline -0.002 -20"><span class='ocrx_word' id='word_1_192' title='bbox 190 2907 534 2977; x_wconf 45' lang='grc' dir='ltr'>προστιθεὶς,</span> <span class='ocrx_word' id='word_1_193' title='bbox 567 2908 734 2979; x_wconf 77' lang='grc' dir='ltr'>ἐκϐοᾷ</span> <span class='ocrx_word' id='word_1_194' title='bbox 787 2909 952 2960; x_wconf 78' lang='grc' dir='ltr'>πᾶσιν</span> <span class='ocrx_word' id='word_1_195' title='bbox 1001 2907 1078 2969; x_wconf 86' lang='grc' dir='ltr'>ὡς</span> <span class='ocrx_word' id='word_1_196' title='bbox 1125 2905 1186 2970; x_wconf 74' lang='grc' dir='ltr'>ἐξ</span> <span class='ocrx_word' id='word_1_197' title='bbox 1215 2906 1483 2959; x_wconf 76' lang='grc' dir='ltr'>ἀπόπτου</span> <span class='ocrx_word' id='word_1_198' title='bbox 1510 2905 1655 2970; x_wconf 73' lang='grc' dir='ltr'>τινος</span> <span class='ocrx_word' id='word_1_199' title='bbox 1689 2905 1786 2960; x_wconf 68' lang='grc' dir='ltr'><strong>κα)⁹</strong></span> 
     </span>
    </p>
   </div>
   <div class='ocr_carea' id='block_1_31' title="bbox 195 2992 1786 3068">
    <p class='ocr_par' dir='ltr' id='par_1_31' title="bbox 195 2992 1786 3068">
     <span class='ocr_line' id='line_1_31' title="bbox 195 2992 1786 3068; baseline -0.001 -20"><span class='ocrx_word' id='word_1_200' title='bbox 195 2996 366 3068; x_wconf 79' lang='lat'><strong>130</strong></span> <span class='ocrx_word' id='word_1_201' title='bbox 391 2996 735 3066; x_wconf 63' lang='grc' dir='ltr'>ὐζκηλοτάτης</span> <span class='ocrx_word' id='word_1_202' title='bbox 763 2995 1049 3065; x_wconf 78' lang='grc' dir='ltr'>περιωπῆς</span> <span class='ocrx_word' id='word_1_203' title='bbox 1070 2994 1165 3064; x_wconf 81' lang='grc'><strong>(7)·</strong></span> <span class='ocrx_word' id='word_1_204' title='bbox 1192 2994 1311 3047; x_wconf 74' lang='grc' dir='ltr'>Υἱοὶ</span> <span class='ocrx_word' id='word_1_205' title='bbox 1332 2992 1655 3066; x_wconf 86' lang='grc' dir='ltr'>ἀνθρώπων,</span> <span class='ocrx_word' id='word_1_206' title='bbox 1679 2995 1786 3058; x_wconf 79' lang='grc' dir='ltr'>ἓως</span> 
     </span>
    </p>
   </div>
   <div class='ocr_carea' id='block_1_32' title="bbox 195 3084 1784 3156">
    <p class='ocr_par' dir='ltr' id='par_1_32' title="bbox 195 3084 1784 3156">
     <span class='ocr_line' id='line_1_32' title="bbox 195 3084 1784 3156; baseline -0.001 -18"><span class='ocrx_word' id='word_1_207' title='bbox 195 3091 332 3138; x_wconf 77' lang='grc' dir='ltr'>πότε</span> <span class='ocrx_word' id='word_1_208' title='bbox 368 3085 758 3156; x_wconf 84' lang='grc' dir='ltr'>βαρυκάρδιοι;</span> <span class='ocrx_word' id='word_1_209' title='bbox 815 3084 955 3137; x_wconf 80' lang='grc' dir='ltr'>ίνατί</span> <span class='ocrx_word' id='word_1_210' title='bbox 1017 3084 1270 3152; x_wconf 75' lang='grc' dir='ltr'>ἀγαπᾶτε</span> <span class='ocrx_word' id='word_1_211' title='bbox 1317 3084 1657 3155; x_wconf 86' lang='grc' dir='ltr'>ματαιότητα</span> <span class='ocrx_word' id='word_1_212' title='bbox 1690 3085 1784 3137; x_wconf 79' lang='grc' dir='ltr'>καὶ</span> 
     </span>
    </p>
   </div>
   <div class='ocr_carea' id='block_1_33' title="bbox 189 3175 1782 3249">
    <p class='ocr_par' dir='ltr' id='par_1_33' title="bbox 189 3175 1782 3249">
     <span class='ocr_line' id='line_1_33' title="bbox 189 3175 1782 3249; baseline -0.001 -18"><span class='ocrx_word' id='word_1_213' title='bbox 189 3181 413 3249; x_wconf 78' lang='grc' dir='ltr'>ζητεῖτε</span> <span class='ocrx_word' id='word_1_214' title='bbox 446 3178 676 3249; x_wconf 77' lang='grc' dir='ltr'>ψεῦδος;</span> <span class='ocrx_word' id='word_1_215' title='bbox 723 3179 885 3246; x_wconf 78' lang='grc' dir='ltr'>Μέγα</span> <span class='ocrx_word' id='word_1_216' title='bbox 934 3196 986 3231; x_wconf 89' lang='grc' dir='ltr'><strong>τι</strong></span> <span class='ocrx_word' id='word_1_217' title='bbox 1014 3178 1106 3230; x_wconf 84' lang='grc' dir='ltr'><strong>τὸν</strong></span> <span class='ocrx_word' id='word_1_218' title='bbox 1140 3176 1375 3230; x_wconf 79' lang='grc' dir='ltr'>ἐνταῦθα</span> <span class='ocrx_word' id='word_1_219' title='bbox 1418 3177 1534 3248; x_wconf 85' lang='grc' dir='ltr'>βίον</span> <span class='ocrx_word' id='word_1_220' title='bbox 1561 3177 1654 3230; x_wconf 72' lang='grc' dir='ltr'><strong>καὶ</strong></span> <span class='ocrx_word' id='word_1_221' title='bbox 1687 3175 1782 3248; x_wconf 80' lang='grc' dir='ltr'>τὴν</span> 
     </span>
    </p>
   </div>
   <div class='ocr_carea' id='block_1_34' title="bbox 188 3269 1784 3342">
    <p class='ocr_par' dir='ltr' id='par_1_34' title="bbox 188 3269 1784 3342">
     <span class='ocr_line' id='line_1_34' title="bbox 188 3269 1784 3342; baseline 0 -20"><span class='ocrx_word' id='word_1_222' title='bbox 188 3272 410 3341; x_wconf 66' lang='grc' dir='ltr'>τρυφὴν</span> <span class='ocrx_word' id='word_1_223' title='bbox 457 3271 674 3325; x_wconf 78' lang='grc' dir='ltr'>καὶτὸ.</span> <span class='ocrx_word' id='word_1_224' title='bbox 708 3271 904 3342; x_wconf 81' lang='grc' dir='ltr'>μικρὸν</span> <span class='ocrx_word' id='word_1_225' title='bbox 948 3269 1196 3341; x_wconf 77' lang='grc' dir='ltr'>δοξάριον</span> <span class='ocrx_word' id='word_1_226' title='bbox 1237 3271 1331 3323; x_wconf 73' lang='grc' dir='ltr'>καὶ</span> <span class='ocrx_word' id='word_1_227' title='bbox 1378 3271 1476 3341; x_wconf 80' lang='grc' dir='ltr'><strong>τὴν</strong></span> <span class='ocrx_word' id='word_1_228' title='bbox 1517 3269 1784 3340; x_wconf 84' lang='grc' dir='ltr'>ταπεινὴν</span> 
     </span>
    </p>
   </div>
   <div class='ocr_carea' id='block_1_35' title="bbox 187 3357 1782 3431">
    <p class='ocr_par' dir='ltr' id='par_1_35' title="bbox 187 3357 1782 3431">
     <span class='ocr_line' id='line_1_35' title="bbox 187 3357 1782 3431; baseline -0.001 -19"><span class='ocrx_word' id='word_1_229' title='bbox 187 3357 519 3412; x_wconf 69' lang='grc' dir='ltr'>δυναστείαν</span> <span class='ocrx_word' id='word_1_230' title='bbox 547 3360 640 3412; x_wconf 74' lang='grc' dir='ltr'>καὶ</span> <span class='ocrx_word' id='word_1_231' title='bbox 677 3359 775 3430; x_wconf 85' lang='grc' dir='ltr'>τὴν</span> <span class='ocrx_word' id='word_1_232' title='bbox 799 3359 1141 3431; x_wconf 79' lang='grc' dir='ltr'>ψευδομένην</span> <span class='ocrx_word' id='word_1_233' title='bbox 1191 3358 1497 3429; x_wconf 83' lang='grc' dir='ltr'>εὐημερίαν</span> <span class='ocrx_word' id='word_1_234' title='bbox 1529 3357 1782 3428; x_wconf 84' lang='grc' dir='ltr'>ὑπολαμ-</span> 
     </span>
    </p>
   </div>
   <div class='ocr_carea' id='block_1_36' title="bbox 189 3450 1784 3522">
    <p class='ocr_par' dir='ltr' id='par_1_36' title="bbox 189 3450 1784 3522">
     <span class='ocr_line' id='line_1_36' title="bbox 189 3450 1784 3522; baseline -0.001 -19"><span class='ocrx_word' id='word_1_235' title='bbox 189 3453 478 3515; x_wconf 70' lang='grc' dir='ltr'>ϐάνοντες,</span> <span class='ocrx_word' id='word_1_236' title='bbox 506 3451 543 3506; x_wconf 77' lang='grc' dir='ltr'>ἃ</span> <span class='ocrx_word' id='word_1_237' title='bbox 577 3450 651 3522; x_wconf 80' lang='grc' dir='ltr'>μὴ</span> <span class='ocrx_word' id='word_1_238' title='bbox 681 3450 789 3505; x_wconf 84' lang='grc' dir='ltr'><strong>τῶν</strong></span> <span class='ocrx_word' id='word_1_239' title='bbox 836 3451 1070 3522; x_wconf 85' lang='grc' dir='ltr'>ἐχόντων</span> <span class='ocrx_word' id='word_1_240' title='bbox 1125 3451 1328 3520; x_wconf 81' lang='grc' dir='ltr'>μᾶλλον</span> <span class='ocrx_word' id='word_1_241' title='bbox 1383 3452 1532 3505; x_wconf 78' lang='grc' dir='ltr'>ἐστὶν</span> <span class='ocrx_word' id='word_1_242' title='bbox 1589 3451 1622 3522; x_wconf 79' lang='grc' dir='ltr'>ἢ</span> <span class='ocrx_word' id='word_1_243' title='bbox 1676 3451 1784 3504; x_wconf 81' lang='grc' dir='ltr'><strong>τῶν</strong></span> 
     </span>
    </p>
   </div>
   <div class='ocr_carea' id='block_1_37' title="bbox 192 3540 1786 3613">
    <p class='ocr_par' dir='ltr' id='par_1_37' title="bbox 192 3540 1786 3613">
     <span class='ocr_line' id='line_1_37' title="bbox 192 3540 1786 3613; baseline -0.001 -18"><span class='ocrx_word' id='word_1_244' title='bbox 192 3544 562 3606; x_wconf 76' lang='grc' dir='ltr'>ἐλπισάντων,</span> <span class='ocrx_word' id='word_1_245' title='bbox 595 3542 714 3594; x_wconf 80' lang='grc' dir='ltr'>οὐδὲ</span> <span class='ocrx_word' id='word_1_246' title='bbox 738 3540 942 3596; x_wconf 87' lang='grc' dir='ltr'>τούτων</span> <span class='ocrx_word' id='word_1_247' title='bbox 993 3541 1194 3613; x_wconf 82' lang='grc' dir='ltr'>μᾶλλον</span> <span class='ocrx_word' id='word_1_248' title='bbox 1231 3542 1265 3612; x_wconf 77' lang='grc' dir='ltr'>ἢ</span> <span class='ocrx_word' id='word_1_249' title='bbox 1301 3541 1408 3596; x_wconf 86' lang='grc' dir='ltr'><strong>τῶν</strong></span> <span class='ocrx_word' id='word_1_250' title='bbox 1455 3542 1577 3595; x_wconf 77' lang='grc' dir='ltr'><strong>οὐδὲ</strong></span> <span class='ocrx_word' id='word_1_251' title='bbox 1617 3559 1786 3612; x_wconf 88' lang='grc' dir='ltr'>προσ-</span> 
     </span>
    </p>
   </div>
   <div class='ocr_carea' id='block_1_38' title="bbox 190 3630 1785 3702">
    <p class='ocr_par' dir='ltr' id='par_1_38' title="bbox 190 3630 1785 3702">
     <span class='ocr_line' id='line_1_38' title="bbox 190 3630 1785 3702; baseline -0.001 -18"><span class='ocrx_word' id='word_1_252' title='bbox 190 3632 572 3702; x_wconf 75' lang='grc' dir='ltr'>δοκησάντων,</span> <span class='ocrx_word' id='word_1_253' title='bbox 619 3630 809 3702; x_wconf 85' lang='grc' dir='ltr'>ὥσπερ</span> <span class='ocrx_word' id='word_1_254' title='bbox 857 3630 987 3701; x_wconf 81' lang='grc' dir='ltr'><strong>χοῦς</strong></span> <span class='ocrx_word' id='word_1_255' title='bbox 1025 3631 1130 3683; x_wconf 80' lang='grc' dir='ltr'><strong>ὑπὸ</strong></span> <span class='ocrx_word' id='word_1_256' title='bbox 1161 3631 1427 3692; x_wconf 84' lang='grc' dir='ltr'>λαίλαπος</span> <span class='ocrx_word' id='word_1_257' title='bbox 1459 3631 1652 3684; x_wconf 86' lang='grc' dir='ltr'>ἄλλοτε</span> <span class='ocrx_word' id='word_1_258' title='bbox 1706 3632 1785 3694; x_wconf 88' lang='grc' dir='ltr'><strong>είς</strong></span> 
     </span>
    </p>
   </div>
   <div class='ocr_carea' id='block_1_39' title="bbox 188 3721 1786 3794">
    <p class='ocr_par' dir='ltr' id='par_1_39' title="bbox 188 3721 1786 3794">
     <span class='ocr_line' id='line_1_39' title="bbox 188 3721 1786 3794; baseline -0.002 -17"><span class='ocrx_word' id='word_1_259' title='bbox 188 3723 394 3787; x_wconf 80' lang='grc' dir='ltr'>ἄλλους</span> <span class='ocrx_word' id='word_1_260' title='bbox 422 3723 751 3794; x_wconf 77' lang='grc' dir='ltr'>ριπιζόμενα</span> <span class='ocrx_word' id='word_1_261' title='bbox 784 3723 879 3776; x_wconf 76' lang='grc' dir='ltr'><strong>καὶ</strong></span> <span class='ocrx_word' id='word_1_262' title='bbox 929 3722 1470 3794; x_wconf 76' lang='grc' dir='ltr'>μεταρριπτούμενα,</span> <span class='ocrx_word' id='word_1_263' title='bbox 1519 3723 1551 3792; x_wconf 79' lang='grc' dir='ltr'>ἢ</span> <span class='ocrx_word' id='word_1_264' title='bbox 1596 3721 1786 3794; x_wconf 84' lang='grc' dir='ltr'>ὥσπερ</span> 
     </span>
    </p>
   </div>
   <div class='ocr_carea' id='block_1_40' title="bbox 192 3813 1786 3886">
    <p class='ocr_par' dir='ltr' id='par_1_40' title="bbox 192 3813 1786 3886">
     <span class='ocr_line' id='line_1_40' title="bbox 192 3813 1786 3886; baseline -0.001 -18"><span class='ocrx_word' id='word_1_265' title='bbox 192 3816 407 3878; x_wconf 83' lang='grc' dir='ltr'>καπνὸς</span> <span class='ocrx_word' id='word_1_266' title='bbox 440 3815 785 3886; x_wconf 76' lang='grc' dir='ltr'>διαρῤέοντα,</span> <span class='ocrx_word' id='word_1_267' title='bbox 814 3814 912 3868; x_wconf 72' lang='grc' dir='ltr'><strong>καὶ</strong></span> <span class='ocrx_word' id='word_1_268' title='bbox 945 3815 1021 3878; x_wconf 86' lang='grc' dir='ltr'><strong>ὡς</strong></span> <span class='ocrx_word' id='word_1_269' title='bbox 1072 3815 1206 3886; x_wconf 75' lang='grc' dir='ltr'>ὄναρ</span> <span class='ocrx_word' id='word_1_270' title='bbox 1251 3814 1537 3881; x_wconf 73' lang='grc' dir='ltr'>παίζοντα,</span> <span class='ocrx_word' id='word_1_271' title='bbox 1569 3815 1664 3868; x_wconf 78' lang='grc' dir='ltr'>καὶ</span> <span class='ocrx_word' id='word_1_272' title='bbox 1708 3813 1786 3877; x_wconf 83' lang='grc' dir='ltr'>ὡς</span> 
     </span>
    </p>
   </div>
   <div class='ocr_carea' id='block_1_41' title="bbox 192 3903 1788 3976">
    <p class='ocr_par' dir='ltr' id='par_1_41' title="bbox 192 3903 1788 3976">
     <span class='ocr_line' id='line_1_41' title="bbox 192 3903 1788 3976; baseline -0.002 -18"><span class='ocrx_word' id='word_1_273' title='bbox 192 3905 330 3960; x_wconf 81' lang='grc' dir='ltr'><strong>σκιά</strong></span> <span class='ocrx_word' id='word_1_274' title='bbox 361 3906 437 3976; x_wconf 85' lang='grc' dir='ltr'><strong>μὴ</strong></span> <span class='ocrx_word' id='word_1_275' title='bbox 475 3904 850 3976; x_wconf 74' lang='grc' dir='ltr'>κρατούμενα,</span> <span class='ocrx_word' id='word_1_276' title='bbox 897 3903 1019 3957; x_wconf 77' lang='grc' dir='ltr'>οὔτε</span> <span class='ocrx_word' id='word_1_277' title='bbox 1053 3904 1264 3959; x_wconf 88' lang='grc' dir='ltr'>ἀπόντα</span> <span class='ocrx_word' id='word_1_278' title='bbox 1313 3904 1644 3958; x_wconf 84' lang='grc' dir='ltr'>δυσέλπιστα</span> <span class='ocrx_word' id='word_1_279' title='bbox 1672 3906 1788 3966; x_wconf 82' lang='grc' dir='ltr'>τοῖς</span> 
     </span>
    </p>
   </div>
   <div class='ocr_carea' id='block_1_42' title="bbox 187 3995 1730 4066">
    <p class='ocr_par' dir='ltr' id='par_1_42' title="bbox 187 3995 1730 4066">
     <span class='ocr_line' id='line_1_42' title="bbox 187 3995 1730 4066; baseline -0.003 -16"><span class='ocrx_word' id='word_1_280' title='bbox 187 4000 254 4050; x_wconf 71' lang='grc' dir='ltr'><strong>οὐ</strong></span> <span class='ocrx_word' id='word_1_281' title='bbox 295 3997 680 4066; x_wconf 76' lang='grc' dir='ltr'>κεκτημένοις,</span> <span class='ocrx_word' id='word_1_282' title='bbox 715 3997 837 4050; x_wconf 77' lang='grc' dir='ltr'>οὔτε</span> <span class='ocrx_word' id='word_1_283' title='bbox 871 3997 1114 4066; x_wconf 86' lang='grc' dir='ltr'>παρόντα</span> <span class='ocrx_word' id='word_1_284' title='bbox 1155 3996 1322 4050; x_wconf 87' lang='grc' dir='ltr'>πιστά</span> <span class='ocrx_word' id='word_1_285' title='bbox 1351 3999 1463 4058; x_wconf 86' lang='grc' dir='ltr'>τοῖς</span> <span class='ocrx_word' id='word_1_286' title='bbox 1493 3995 1730 4066; x_wconf 77' lang='grc' dir='ltr'>ἔχουσιν.</span> 
     </span>
    </p>
   </div>
   <div class='ocr_carea' id='block_1_43' title="bbox 1905 634 2336 702">
    <p class='ocr_par' dir='ltr' id='par_1_43' title="bbox 1905 634 2336 702">
     <span class='ocr_line' id='line_1_43' title="bbox 1905 634 2336 702; baseline -0.007 -13"><span class='ocrx_word' id='word_1_287' title='bbox 1905 649 1998 702; x_wconf 85' lang='lat' dir='ltr'><strong>pes</strong></span> <span class='ocrx_word' id='word_1_288' title='bbox 2023 634 2336 688; x_wconf 81' lang='lat' dir='ltr'><strong>redduntur.</strong></span> 
     </span>
    </p>
   </div>
   <div class='ocr_carea' id='block_1_44' title="bbox 1967 721 3461 796">
    <p class='ocr_par' dir='ltr' id='par_1_44' title="bbox 1967 721 3461 796">
     <span class='ocr_line' id='line_1_44' title="bbox 1967 721 3461 796; baseline 0.003 -20"><span class='ocrx_word' id='word_1_289' title='bbox 1967 721 2097 776; x_wconf 86' lang='lat' dir='ltr'><strong>Cum</strong></span> <span class='ocrx_word' id='word_1_290' title='bbox 2136 722 2314 791; x_wconf 92' lang='lat' dir='ltr'><strong>igitur,</strong></span> <span class='ocrx_word' id='word_1_291' title='bbox 2362 723 2535 792; x_wconf 80' lang='lat' dir='ltr'><strong>inquit</strong></span> <span class='ocrx_word' id='word_1_292' title='bbox 2582 723 2862 794; x_wconf 81' lang='lat' dir='ltr'><strong>Josaphat,</strong></span> <span class='ocrx_word' id='word_1_293' title='bbox 2895 735 3002 779; x_wconf 88' lang='lat' dir='ltr'><strong>tam</strong></span> <span class='ocrx_word' id='word_1_294' title='bbox 3032 728 3248 796; x_wconf 82' lang='lat' dir='ltr'><strong>antiqua</strong></span> <span class='ocrx_word' id='word_1_295' title='bbox 3279 735 3334 780; x_wconf 90' lang='lat' dir='ltr'><strong>et</strong></span> <span class='ocrx_word' id='word_1_296' title='bbox 3364 740 3461 781; x_wconf 87' lang='lat' dir='ltr'><strong>ne-</strong></span> 
     </span>
    </p>
   </div>
   <div class='ocr_carea' id='block_1_45' title="bbox 1895 813 3464 886">
    <p class='ocr_par' dir='ltr' id='par_1_45' title="bbox 1895 813 3464 886">
     <span class='ocr_line' id='line_1_45' title="bbox 1895 813 3464 886; baseline 0.002 -19"><span class='ocrx_word' id='word_1_297' title='bbox 1895 813 2130 868; x_wconf 85' lang='lat' dir='ltr'><strong>cessaria</strong></span> <span class='ocrx_word' id='word_1_298' title='bbox 2177 813 2484 884; x_wconf 88' lang='lat' dir='ltr'><strong>huiusmodi</strong></span> <span class='ocrx_word' id='word_1_299' title='bbox 2515 815 2850 886; x_wconf 81' lang='lat' dir='ltr'><strong>phil050phia</strong></span> <span class='ocrx_word' id='word_1_300' title='bbox 2881 821 2970 884; x_wconf 85' lang='lat' dir='ltr'><strong>sit,</strong></span> <span class='ocrx_word' id='word_1_301' title='bbox 3000 818 3125 884; x_wconf 90' lang='lat' dir='ltr'><strong>quid</strong></span> <span class='ocrx_word' id='word_1_302' title='bbox 3166 832 3338 872; x_wconf 75' lang='lat' dir='ltr'><strong>causa:</strong></span> <span class='ocrx_word' id='word_1_303' title='bbox 3382 825 3464 870; x_wconf 88' lang='lat' dir='ltr'><strong>est</strong></span> 
     </span>
    </p>
   </div>
   <div class='ocr_carea' id='block_1_46' title="bbox 1895 905 3458 978">
    <p class='ocr_par' dir='ltr' id='par_1_46' title="bbox 1895 905 3458 978">
     <span class='ocr_line' id='line_1_46' title="bbox 1895 905 3458 978; baseline 0.004 -24"><span class='ocrx_word' id='word_1_304' title='bbox 1895 905 2241 972; x_wconf 84' lang='lat' dir='ltr'><strong>quamobrem</strong></span> <span class='ocrx_word' id='word_1_305' title='bbox 2269 906 2524 962; x_wconf 88' lang='lat' dir='ltr'><strong>hodierna</strong></span> <span class='ocrx_word' id='word_1_306' title='bbox 2556 907 2643 963; x_wconf 93' lang='lat' dir='ltr'><strong>die</strong></span> <span class='ocrx_word' id='word_1_307' title='bbox 2670 910 2818 976; x_wconf 76' lang='lat' dir='ltr'><strong>pauci</strong></span> <span class='ocrx_word' id='word_1_308' title='bbox 2847 913 2952 966; x_wconf 88' lang='lat' dir='ltr'><strong>sint</strong></span> <span class='ocrx_word' id='word_1_309' title='bbox 2983 909 3072 978; x_wconf 86' lang='lat' dir='ltr'><strong>qui</strong></span> <span class='ocrx_word' id='word_1_310' title='bbox 3124 908 3260 962; x_wconf 90' lang='lat' dir='ltr'><strong>hanc</strong></span> <span class='ocrx_word' id='word_1_311' title='bbox 3293 908 3458 961; x_wconf 88' lang='lat' dir='ltr'><strong>vitam</strong></span> 
     </span>
    </p>
   </div>
   <div class='ocr_carea' id='block_1_47' title="bbox 1896 993 2208 1047">
    <p class='ocr_par' dir='ltr' id='par_1_47' title="bbox 1896 993 2208 1047">
     <span class='ocr_line' id='line_1_47' title="bbox 1896 993 2208 1047; baseline -0.003 0"><span class='ocrx_word' id='word_1_312' title='bbox 1896 993 2208 1047; x_wconf 76' lang='lat' dir='ltr'><strong>imitentur?</strong></span> 
     </span>
    </p>
   </div>
   <div class='ocr_carea' id='block_1_48' title="bbox 1965 1085 3461 1157">
    <p class='ocr_par' dir='ltr' id='par_1_48' title="bbox 1965 1085 3461 1157">
     <span class='ocr_line' id='line_1_48' title="bbox 1965 1085 3461 1157; baseline 0.003 -19"><span class='ocrx_word' id='word_1_313' title='bbox 1965 1085 2265 1153; x_wconf 81' lang='lat' dir='ltr'><strong>Respondit</strong></span> <span class='ocrx_word' id='word_1_314' title='bbox 2293 1100 2456 1142; x_wconf 82' lang='lat' dir='ltr'><strong>senex</strong></span> <span class='ocrx_word' id='word_1_315' title='bbox 2484 1086 2669 1142; x_wconf 83' lang='lat' dir='ltr'><strong>:Multi</strong></span> <span class='ocrx_word' id='word_1_316' title='bbox 2702 1088 2914 1157; x_wconf 79' lang='lat' dir='ltr'><strong>quidem</strong></span> <span class='ocrx_word' id='word_1_317' title='bbox 2942 1101 3058 1141; x_wconf 86' lang='lat' dir='ltr'><strong>eam</strong></span> <span class='ocrx_word' id='word_1_318' title='bbox 3093 1087 3280 1141; x_wconf 77' lang='lat' dir='ltr'><strong>imitati</strong></span> <span class='ocrx_word' id='word_1_319' title='bbox 3313 1095 3461 1152; x_wconf 90' lang='lat' dir='ltr'><strong>sunt,</strong></span> 
     </span>
    </p>
   </div>
   <div class='ocr_carea' id='block_1_49' title="bbox 1895 1178 3460 1248">
    <p class='ocr_par' dir='ltr' id='par_1_49' title="bbox 1895 1178 3460 1248">
     <span class='ocr_line' id='line_1_49' title="bbox 1895 1178 3460 1248; baseline 0.002 -18"><span class='ocrx_word' id='word_1_320' title='bbox 1895 1185 1948 1230; x_wconf 84' lang='lat' dir='ltr'><strong>et</strong></span> <span class='ocrx_word' id='word_1_321' title='bbox 1971 1178 2260 1232; x_wconf 89' lang='lat' dir='ltr'><strong>etiamnum</strong></span> <span class='ocrx_word' id='word_1_322' title='bbox 2289 1178 2585 1234; x_wconf 69' lang='lat' dir='ltr'><strong>innituntur.</strong></span> <span class='ocrx_word' id='word_1_323' title='bbox 2614 1181 2682 1234; x_wconf 86' lang='lat' dir='ltr'><strong>At</strong></span> <span class='ocrx_word' id='word_1_324' title='bbox 2714 1180 2880 1234; x_wconf 89' lang='lat' dir='ltr'><strong>multo</strong></span> <span class='ocrx_word' id='word_1_325' title='bbox 2911 1180 3088 1248; x_wconf 79' lang='lat' dir='ltr'><strong>plures</strong></span> <span class='ocrx_word' id='word_1_326' title='bbox 3118 1188 3460 1244; x_wconf 89' lang='lat' dir='ltr'><strong>cunctantur,</strong></span> 
     </span>
    </p>
   </div>
   <div class='ocr_carea' id='block_1_50' title="bbox 1895 1269 3458 1336">
    <p class='ocr_par' dir='ltr' id='par_1_50' title="bbox 1895 1269 3458 1336">
     <span class='ocr_line' id='line_1_50' title="bbox 1895 1269 3458 1336; baseline 0 -15"><span class='ocrx_word' id='word_1_327' title='bbox 1895 1284 1955 1324; x_wconf 84' lang='lat' dir='ltr'><strong>ac</strong></span> <span class='ocrx_word' id='word_1_328' title='bbox 1985 1285 2160 1325; x_wconf 89' lang='lat' dir='ltr'><strong>moras</strong></span> <span class='ocrx_word' id='word_1_329' title='bbox 2188 1279 2424 1326; x_wconf 87' lang='lat' dir='ltr'><strong>nectunt.</strong></span> <span class='ocrx_word' id='word_1_330' title='bbox 2459 1271 2616 1324; x_wconf 88' lang='lat' dir='ltr'><strong>Pauci</strong></span> <span class='ocrx_word' id='word_1_331' title='bbox 2647 1271 2788 1324; x_wconf 89' lang='lat' dir='ltr'><strong>enim</strong></span> <span class='ocrx_word' id='word_1_332' title='bbox 2812 1280 2955 1336; x_wconf 89' lang='lat' dir='ltr'><strong>sunt,</strong></span> <span class='ocrx_word' id='word_1_333' title='bbox 2987 1279 3044 1323; x_wconf 87' lang='lat' dir='ltr'><strong>ut</strong></span> <span class='ocrx_word' id='word_1_334' title='bbox 3072 1270 3146 1324; x_wconf 88' lang='lat' dir='ltr'><strong>ait</strong></span> <span class='ocrx_word' id='word_1_335' title='bbox 3177 1269 3458 1335; x_wconf 88' lang='lat' dir='ltr'><strong>Dominus,</strong></span> 
     </span>
    </p>
   </div>
   <div class='ocr_carea' id='block_1_51' title="bbox 1894 1357 3463 1428">
    <p class='ocr_par' dir='ltr' id='par_1_51' title="bbox 1894 1357 3463 1428">
     <span class='ocr_line' id='line_1_51' title="bbox 1894 1357 3463 1428; baseline 0.001 -18"><span class='ocrx_word' id='word_1_336' title='bbox 1894 1357 1981 1425; x_wconf 86' lang='lat' dir='ltr'><strong>qui</strong></span> <span class='ocrx_word' id='word_1_337' title='bbox 2011 1373 2106 1428; x_wconf 91' lang='lat' dir='ltr'><strong>per</strong></span> <span class='ocrx_word' id='word_1_338' title='bbox 2138 1370 2338 1414; x_wconf 86' lang='lat' dir='ltr'><strong>arctam</strong></span> <span class='ocrx_word' id='word_1_339' title='bbox 2361 1367 2416 1414; x_wconf 91' lang='lat' dir='ltr'><strong>et</strong></span> <span class='ocrx_word' id='word_1_340' title='bbox 2437 1367 2714 1428; x_wconf 77' lang='lat' dir='ltr'><strong>angustam</strong></span> <span class='ocrx_word' id='word_1_341' title='bbox 2757 1359 2896 1414; x_wconf 83' lang='lat' dir='ltr'><strong>viam</strong></span> <span class='ocrx_word' id='word_1_342' title='bbox 2931 1358 3213 1423; x_wconf 86' lang='lat' dir='ltr'><strong>incedant;</strong></span> <span class='ocrx_word' id='word_1_343' title='bbox 3243 1360 3332 1428; x_wconf 89' lang='lat' dir='ltr'><strong>qui</strong></span> <span class='ocrx_word' id='word_1_344' title='bbox 3363 1372 3463 1412; x_wconf 89' lang='lat' dir='ltr'><strong>au-</strong></span> 
     </span>
    </p>
   </div>
   <div class='ocr_carea' id='block_1_52' title="bbox 1897 1449 3460 1523">
    <p class='ocr_par' dir='ltr' id='par_1_52' title="bbox 1897 1449 3460 1523">
     <span class='ocr_line' id='line_1_52' title="bbox 1897 1449 3460 1523; baseline 0.004 -23"><span class='ocrx_word' id='word_1_345' title='bbox 1897 1464 1998 1501; x_wconf 79' lang='lat' dir='ltr'><strong>tem</strong></span> <span class='ocrx_word' id='word_1_346' title='bbox 2026 1467 2120 1520; x_wconf 89' lang='lat' dir='ltr'><strong>per</strong></span> <span class='ocrx_word' id='word_1_347' title='bbox 2148 1449 2358 1506; x_wconf 78' lang='lat' dir='ltr'><strong>facilem</strong></span> <span class='ocrx_word' id='word_1_348' title='bbox 2387 1461 2440 1506; x_wconf 91' lang='lat' dir='ltr'><strong>et</strong></span> <span class='ocrx_word' id='word_1_349' title='bbox 2468 1451 2650 1517; x_wconf 90' lang='lat' dir='ltr'><strong>latam,</strong></span> <span class='ocrx_word' id='word_1_350' title='bbox 2681 1466 2837 1519; x_wconf 87' lang='lat' dir='ltr'><strong>quam</strong></span> <span class='ocrx_word' id='word_1_351' title='bbox 2863 1452 3076 1520; x_wconf 89' lang='lat' dir='ltr'><strong>plurimi</strong></span> <span class='ocrx_word' id='word_1_352' title='bbox 3102 1451 3316 1523; x_wconf 76' lang='lat' dir='ltr'><strong>(Matth.</strong></span> <span class='ocrx_word' id='word_1_353' title='bbox 3351 1467 3460 1516; x_wconf 86' lang='lat' dir='ltr'><strong>vn;</strong></span> 
     </span>
    </p>
   </div>
   <div class='ocr_carea' id='block_1_53' title="bbox 1896 1540 3464 1612">
    <p class='ocr_par' dir='ltr' id='par_1_53' title="bbox 1896 1540 3464 1612">
     <span class='ocr_line' id='line_1_53' title="bbox 1896 1540 3464 1612; baseline 0.004 -21"><span class='ocrx_word' id='word_1_354' title='bbox 1896 1540 2020 1593; x_wconf 85' lang='lat' dir='ltr'><strong>Luc.</strong></span> <span class='ocrx_word' id='word_1_355' title='bbox 2049 1542 2220 1608; x_wconf 65' lang='grc' dir='ltr'><strong>χχιιι).</strong></span> <span class='ocrx_word' id='word_1_356' title='bbox 2246 1543 2378 1595; x_wconf 80' lang='lat' dir='ltr'><strong>Nam</strong></span> <span class='ocrx_word' id='word_1_357' title='bbox 2405 1542 2494 1610; x_wconf 88' lang='lat' dir='ltr'><strong>qui</strong></span> <span class='ocrx_word' id='word_1_358' title='bbox 2516 1542 2682 1598; x_wconf 90' lang='lat' dir='ltr'><strong>semel</strong></span> <span class='ocrx_word' id='word_1_359' title='bbox 2707 1545 3050 1610; x_wconf 83' lang='lat' dir='ltr'><strong>pecuniarum</strong></span> <span class='ocrx_word' id='word_1_360' title='bbox 3074 1543 3383 1612; x_wconf 84' lang='lat' dir='ltr'><strong>cupiditate,</strong></span> <span class='ocrx_word' id='word_1_361' title='bbox 3410 1553 3464 1597; x_wconf 91' lang='lat' dir='ltr'><strong>et</strong></span> 
     </span>
    </p>
   </div>
   <div class='ocr_carea' id='block_1_54' title="bbox 1895 1634 3460 1703">
    <p class='ocr_par' dir='ltr' id='par_1_54' title="bbox 1895 1634 3460 1703">
     <span class='ocr_line' id='line_1_54' title="bbox 1895 1634 3460 1703; baseline 0.001 -16"><span class='ocrx_word' id='word_1_362' title='bbox 1895 1634 2141 1688; x_wconf 77' lang='lat' dir='ltr'><strong>vitiorum</strong></span> <span class='ocrx_word' id='word_1_363' title='bbox 2183 1650 2300 1703; x_wconf 62' lang='lat' dir='ltr'><strong>quae</strong></span> <span class='ocrx_word' id='word_1_364' title='bbox 2330 1651 2395 1688; x_wconf 88' lang='lat' dir='ltr'><strong>ex</strong></span> <span class='ocrx_word' id='word_1_365' title='bbox 2437 1635 2794 1703; x_wconf 83' lang='lat' dir='ltr'><strong>voluptatibus</strong></span> <span class='ocrx_word' id='word_1_366' title='bbox 2823 1636 3090 1700; x_wconf 88' lang='lat' dir='ltr'><strong>oriuntur,</strong></span> <span class='ocrx_word' id='word_1_367' title='bbox 3126 1651 3313 1689; x_wconf 91' lang='lat' dir='ltr'><strong>amore</strong></span> <span class='ocrx_word' id='word_1_368' title='bbox 3343 1651 3460 1689; x_wconf 90' lang='lat' dir='ltr'><strong>cor-</strong></span> 
     </span>
    </p>
   </div>
   <div class='ocr_carea' id='block_1_55' title="bbox 1895 1723 3463 1794">
    <p class='ocr_par' dir='ltr' id='par_1_55' title="bbox 1895 1723 3463 1794">
     <span class='ocr_line' id='line_1_55' title="bbox 1895 1723 3463 1794; baseline 0.001 -18"><span class='ocrx_word' id='word_1_369' title='bbox 1895 1725 2052 1792; x_wconf 87' lang='lat' dir='ltr'><strong>repti,</strong></span> <span class='ocrx_word' id='word_1_370' title='bbox 2084 1739 2339 1794; x_wconf 64' lang='lat' dir='ltr'><strong>vanusque</strong></span> <span class='ocrx_word' id='word_1_371' title='bbox 2363 1734 2416 1778; x_wconf 89' lang='lat' dir='ltr'><strong>et</strong></span> <span class='ocrx_word' id='word_1_372' title='bbox 2440 1725 2582 1778; x_wconf 92' lang='lat' dir='ltr'><strong>inani</strong></span> <span class='ocrx_word' id='word_1_373' title='bbox 2623 1724 2804 1792; x_wconf 67' lang='lat' dir='ltr'><strong>gloria:</strong></span> <span class='ocrx_word' id='word_1_374' title='bbox 2835 1723 3030 1778; x_wconf 87' lang='lat' dir='ltr'><strong>addicti</strong></span> <span class='ocrx_word' id='word_1_375' title='bbox 3076 1734 3216 1790; x_wconf 83' lang='lat' dir='ltr'><strong>sunt,</strong></span> <span class='ocrx_word' id='word_1_376' title='bbox 3275 1724 3364 1777; x_wconf 78' lang='lat' dir='ltr'><strong>vix</strong></span> <span class='ocrx_word' id='word_1_377' title='bbox 3395 1724 3463 1778; x_wconf 90' lang='lat' dir='ltr'><strong>ab</strong></span> 
     </span>
    </p>
   </div>
   <div class='ocr_carea' id='block_1_56' title="bbox 1895 1811 3464 1883">
    <p class='ocr_par' dir='ltr' id='par_1_56' title="bbox 1895 1811 3464 1883">
     <span class='ocr_line' id='line_1_56' title="bbox 1895 1811 3464 1883; baseline 0 -16"><span class='ocrx_word' id='word_1_378' title='bbox 1895 1815 2027 1883; x_wconf 86' lang='lat' dir='ltr'><strong>ipsis</strong></span> <span class='ocrx_word' id='word_1_379' title='bbox 2072 1814 2251 1868; x_wconf 84' lang='lat' dir='ltr'><strong>divelli</strong></span> <span class='ocrx_word' id='word_1_380' title='bbox 2288 1823 2530 1882; x_wconf 89' lang='lat' dir='ltr'><strong>possunt,</strong></span> <span class='ocrx_word' id='word_1_381' title='bbox 2567 1821 2624 1868; x_wconf 91' lang='lat' dir='ltr'><strong>ut</strong></span> <span class='ocrx_word' id='word_1_382' title='bbox 2655 1811 2742 1882; x_wconf 75' lang='lat' dir='ltr'><strong>qui</strong></span> <span class='ocrx_word' id='word_1_383' title='bbox 2788 1812 2964 1867; x_wconf 88' lang='lat' dir='ltr'><strong>alieno</strong></span> <span class='ocrx_word' id='word_1_384' title='bbox 2993 1813 3235 1878; x_wconf 82' lang='lat' dir='ltr'><strong>domino‘,</strong></span> <span class='ocrx_word' id='word_1_385' title='bbox 3266 1814 3464 1881; x_wconf 86' lang='lat' dir='ltr'><strong>quique</strong></span> 
     </span>
    </p>
   </div>
   <div class='ocr_carea' id='block_1_57' title="bbox 1895 1906 3496 1975">
    <p class='ocr_par' dir='ltr' id='par_1_57' title="bbox 1895 1906 3496 1975">
     <span class='ocr_line' id='line_1_57' title="bbox 1895 1906 3496 1975; baseline -0.001 -17"><span class='ocrx_word' id='word_1_386' title='bbox 1895 1907 2097 1973; x_wconf 84' lang='lat' dir='ltr'><strong>omnia,</strong></span> <span class='ocrx_word' id='word_1_387' title='bbox 2129 1915 2315 1960; x_wconf 90' lang='lat' dir='ltr'><strong>contra</strong></span> <span class='ocrx_word' id='word_1_388' title='bbox 2356 1920 2419 1959; x_wconf 90' lang='lat' dir='ltr'><strong>ac</strong></span> <span class='ocrx_word' id='word_1_389' title='bbox 2445 1906 2613 1972; x_wconf 91' lang='lat' dir='ltr'><strong>Deus,</strong></span> <span class='ocrx_word' id='word_1_390' title='bbox 2638 1907 2894 1975; x_wconf 89' lang='lat' dir='ltr'><strong>imperat,</strong></span> <span class='ocrx_word' id='word_1_391' title='bbox 2947 1915 3106 1974; x_wconf 88' lang='lat' dir='ltr'><strong>atque</strong></span> <span class='ocrx_word' id='word_1_392' title='bbox 3151 1906 3300 1972; x_wconf 83' lang='lat' dir='ltr'><strong>ipsus</strong></span> <span class='ocrx_word' id='word_1_393' title='bbox 3349 1915 3496 1958; x_wconf 85' lang='lat' dir='ltr'><strong>tan-.</strong></span> 
     </span>
    </p>
   </div>
   <div class='ocr_carea' id='block_1_58' title="bbox 1896 1995 3462 2065">
    <p class='ocr_par' dir='ltr' id='par_1_58' title="bbox 1896 1995 3462 2065">
     <span class='ocr_line' id='line_1_58' title="bbox 1896 1995 3462 2065; baseline 0 -17"><span class='ocrx_word' id='word_1_394' title='bbox 1896 2012 2051 2064; x_wconf 89' lang='lat' dir='ltr'><strong>quam</strong></span> <span class='ocrx_word' id='word_1_395' title='bbox 2079 1995 2280 2050; x_wconf 89' lang='lat' dir='ltr'><strong>catenis</strong></span> <span class='ocrx_word' id='word_1_396' title='bbox 2308 1997 2622 2065; x_wconf 87' lang='lat' dir='ltr'><strong>quibusdam</strong></span> <span class='ocrx_word' id='word_1_397' title='bbox 2656 1997 2864 2051; x_wconf 88' lang='lat' dir='ltr'><strong>vinctos</strong></span> <span class='ocrx_word' id='word_1_398' title='bbox 2889 2003 3056 2062; x_wconf 92' lang='lat' dir='ltr'><strong>tenet,</strong></span> <span class='ocrx_word' id='word_1_399' title='bbox 3091 1995 3225 2050; x_wconf 89' lang='lat' dir='ltr'><strong>ultra</strong></span> <span class='ocrx_word' id='word_1_400' title='bbox 3257 1995 3462 2064; x_wconf 86' lang='lat' dir='ltr'><strong>seipsos</strong></span> 
     </span>
    </p>
   </div>
   <div class='ocr_carea' id='block_1_59' title="bbox 1898 2085 3463 2154">
    <p class='ocr_par' dir='ltr' id='par_1_59' title="bbox 1898 2085 3463 2154">
     <span class='ocr_line' id='line_1_59' title="bbox 1898 2085 3463 2154; baseline -0.001 -16"><span class='ocrx_word' id='word_1_401' title='bbox 1898 2085 2269 2154; x_wconf 86' lang='lat' dir='ltr'><strong>manciparint.</strong></span> <span class='ocrx_word' id='word_1_402' title='bbox 2304 2086 2527 2139; x_wconf 85' lang='lat' dir='ltr'><strong>Animus</strong></span> <span class='ocrx_word' id='word_1_403' title='bbox 2547 2086 2773 2154; x_wconf 87' lang='lat' dir='ltr'><strong>quippe,</strong></span> <span class='ocrx_word' id='word_1_404' title='bbox 2805 2100 2924 2138; x_wconf 90' lang='lat' dir='ltr'><strong>cum</strong></span> <span class='ocrx_word' id='word_1_405' title='bbox 2955 2085 3120 2140; x_wconf 86' lang='lat' dir='ltr'><strong>semel</strong></span> <span class='ocrx_word' id='word_1_406' title='bbox 3143 2085 3331 2139; x_wconf 88' lang='lat' dir='ltr'><strong>salutis</strong></span> <span class='ocrx_word' id='word_1_407' title='bbox 3353 2100 3463 2140; x_wconf 77' lang='lat' dir='ltr'><strong>sua:</strong></span> 
     </span>
    </p>
   </div>
   <div class='ocr_carea' id='block_1_60' title="bbox 1899 2171 3472 2242">
    <p class='ocr_par' dir='ltr' id='par_1_60' title="bbox 1899 2171 3472 2242">
     <span class='ocr_line' id='line_1_60' title="bbox 1899 2171 3472 2242; baseline -0.001 -16"><span class='ocrx_word' id='word_1_408' title='bbox 1899 2188 2047 2241; x_wconf 86' lang='lat' dir='ltr'><strong>spem</strong></span> <span class='ocrx_word' id='word_1_409' title='bbox 2077 2173 2352 2241; x_wconf 90' lang='lat' dir='ltr'><strong>abjecerit,</strong></span> <span class='ocrx_word' id='word_1_410' title='bbox 2382 2173 2616 2228; x_wconf 86' lang='lat' dir='ltr'><strong>habenas</strong></span> <span class='ocrx_word' id='word_1_411' title='bbox 2645 2187 2769 2226; x_wconf 86' lang='lat' dir='ltr'><strong>snas</strong></span> <span class='ocrx_word' id='word_1_412' title='bbox 2797 2171 3000 2227; x_wconf 80' lang='lat' dir='ltr'><strong>aversis</strong></span> <span class='ocrx_word' id='word_1_413' title='bbox 3027 2187 3058 2226; x_wconf 90' lang='lat' dir='ltr'><strong>a</strong></span> <span class='ocrx_word' id='word_1_414' title='bbox 3090 2174 3298 2227; x_wconf 84' lang='lat' dir='ltr'><strong>ratione</strong></span> <span class='ocrx_word' id='word_1_415' title='bbox 3325 2176 3472 2242; x_wconf 83' lang='lat' dir='ltr'><strong>cupi-</strong></span> 
     </span>
    </p>
   </div>
   <div class='ocr_carea' id='block_1_61' title="bbox 1899 2255 3466 2334">
    <p class='ocr_par' dir='ltr' id='par_1_61' title="bbox 1899 2255 3466 2334">
     <span class='ocr_line' id='line_1_61' title="bbox 1899 2255 3466 2334; baseline 0.002 -19"><span class='ocrx_word' id='word_1_416' title='bbox 1899 2264 2153 2318; x_wconf 83' lang='lat' dir='ltr'><strong>ditatibus</strong></span> <span class='ocrx_word' id='word_1_417' title='bbox 2183 2266 2519 2332; x_wconf 88' lang='lat' dir='ltr'><strong>permittens,</strong></span> <span class='ocrx_word' id='word_1_418' title='bbox 2563 2255 2990 2334; x_wconf 72' lang='lat' dir='ltr'><strong>quaquaversum</strong></span> <span class='ocrx_word' id='word_1_419' title='bbox 3020 2265 3203 2319; x_wconf 79' lang='lat' dir='ltr'><strong>fertur.</strong></span> <span class='ocrx_word' id='word_1_420' title='bbox 3238 2265 3313 2318; x_wconf 84' lang='lat' dir='ltr'><strong>Ac</strong></span> <span class='ocrx_word' id='word_1_421' title='bbox 3341 2279 3466 2333; x_wconf 87' lang='lat' dir='ltr'><strong>pro-</strong></span> 
     </span>
    </p>
   </div>
   <div class='ocr_carea' id='block_1_62' title="bbox 1896 2352 3466 2424">
    <p class='ocr_par' dir='ltr' id='par_1_62' title="bbox 1896 2352 3466 2424">
     <span class='ocr_line' id='line_1_62' title="bbox 1896 2352 3466 2424; baseline 0.004 -19"><span class='ocrx_word' id='word_1_422' title='bbox 1896 2352 2020 2408; x_wconf 87' lang='lat' dir='ltr'><strong>inde</strong></span> <span class='ocrx_word' id='word_1_423' title='bbox 2048 2353 2308 2422; x_wconf 82' lang='lat' dir='ltr'><strong>Propheta</strong></span> <span class='ocrx_word' id='word_1_424' title='bbox 2333 2354 2552 2411; x_wconf 78' lang='lat' dir='ltr'><strong>oliusam</strong></span> <span class='ocrx_word' id='word_1_425' title='bbox 2639 2352 2946 2424; x_wconf 86' lang='lat' dir='ltr'><strong>huiusmodi</strong></span> <span class='ocrx_word' id='word_1_426' title='bbox 3019 2355 3214 2413; x_wconf 90' lang='lat' dir='ltr'><strong>animis</strong></span> <span class='ocrx_word' id='word_1_427' title='bbox 3281 2370 3466 2412; x_wconf 85' lang='lat' dir='ltr'><strong>amen-</strong></span> 
     </span>
    </p>
   </div>
   <div class='ocr_carea' id='block_1_63' title="bbox 1898 2441 3463 2519">
    <p class='ocr_par' dir='ltr' id='par_1_63' title="bbox 1898 2441 3463 2519">
     <span class='ocr_line' id='line_1_63' title="bbox 1898 2441 3463 2519; baseline 0.004 -19"><span class='ocrx_word' id='word_1_428' title='bbox 1898 2447 2022 2500; x_wconf 87' lang='lat' dir='ltr'><strong>tiam</strong></span> <span class='ocrx_word' id='word_1_429' title='bbox 2051 2441 2360 2516; x_wconf 76' lang='lat' dir='ltr'><strong>deplo‘i-ans,</strong></span> <span class='ocrx_word' id='word_1_430' title='bbox 2384 2449 2726 2519; x_wconf 88' lang='lat' dir='ltr'><strong>caliginisque</strong></span> <span class='ocrx_word' id='word_1_431' title='bbox 2745 2450 2889 2519; x_wconf 85' lang='lat' dir='ltr'><strong>ipsos</strong></span> <span class='ocrx_word' id='word_1_432' title='bbox 2912 2451 3146 2518; x_wconf 83' lang='lat' dir='ltr'><strong>urgentis</strong></span> <span class='ocrx_word' id='word_1_433' title='bbox 3167 2451 3463 2506; x_wconf 73' lang='lat' dir='ltr'><strong>crassitiem</strong></span> 
     </span>
    </p>
   </div>
   <div class='ocr_carea' id='block_1_64' title="bbox 1895 2537 3466 2612">
    <p class='ocr_par' dir='ltr' id='par_1_64' title="bbox 1895 2537 3466 2612">
     <span class='ocr_line' id='line_1_64' title="bbox 1895 2537 3466 2612; baseline 0.003 -20"><span class='ocrx_word' id='word_1_434' title='bbox 1895 2537 2102 2607; x_wconf 84' lang='lat' dir='ltr'><strong>ingens,</strong></span> <span class='ocrx_word' id='word_1_435' title='bbox 2129 2537 2211 2592; x_wconf 89' lang='lat' dir='ltr'><strong>his</strong></span> <span class='ocrx_word' id='word_1_436' title='bbox 2239 2539 2412 2592; x_wconf 83' lang='lat' dir='ltr'><strong>verbis</strong></span> <span class='ocrx_word' id='word_1_437' title='bbox 2450 2540 2697 2593; x_wconf 84' lang='lat' dir='ltr'><strong>utebatur</strong></span> <span class='ocrx_word' id='word_1_438' title='bbox 2725 2555 2740 2593; x_wconf 90' lang='lat'><strong>:</strong></span> <span class='ocrx_word' id='word_1_439' title='bbox 2765 2539 2885 2594; x_wconf 84' lang='lat' dir='ltr'><strong>Filii</strong></span> <span class='ocrx_word' id='word_1_440' title='bbox 2918 2540 3216 2607; x_wconf 88' lang='lat' dir='ltr'><strong>hominum,</strong></span> <span class='ocrx_word' id='word_1_441' title='bbox 3265 2558 3466 2612; x_wconf 89' lang='lat' dir='ltr'><strong>nsque-</strong></span> 
     </span>
    </p>
   </div>
   <div class='ocr_carea' id='block_1_65' title="bbox 1897 2625 3468 2699">
    <p class='ocr_par' dir='ltr' id='par_1_65' title="bbox 1897 2625 3468 2699">
     <span class='ocr_line' id='line_1_65' title="bbox 1897 2625 3468 2699; baseline 0.006 -22"><span class='ocrx_word' id='word_1_442' title='bbox 1897 2641 2002 2693; x_wconf 91' lang='lat' dir='ltr'><strong>quo</strong></span> <span class='ocrx_word' id='word_1_443' title='bbox 2027 2626 2172 2694; x_wconf 81' lang='lat' dir='ltr'><strong>gravi</strong></span> <span class='ocrx_word' id='word_1_444' title='bbox 2196 2625 2402 2680; x_wconf 77' lang='lat' dir='ltr'><strong>corde?</strong></span> <span class='ocrx_word' id='word_1_445' title='bbox 2433 2636 2486 2679; x_wconf 90' lang='lat' dir='ltr'><strong>ut</strong></span> <span class='ocrx_word' id='word_1_446' title='bbox 2512 2627 2637 2696; x_wconf 90' lang='lat' dir='ltr'><strong>quid</strong></span> <span class='ocrx_word' id='word_1_447' title='bbox 2665 2625 2887 2696; x_wconf 76' lang='lat' dir='ltr'><strong>diligitis</strong></span> <span class='ocrx_word' id='word_1_448' title='bbox 2918 2630 3230 2694; x_wconf 88' lang='lat' dir='ltr'><strong>vanitatem,</strong></span> <span class='ocrx_word' id='word_1_449' title='bbox 3254 2637 3307 2684; x_wconf 93' lang='lat' dir='ltr'><strong>et</strong></span> <span class='ocrx_word' id='word_1_450' title='bbox 3331 2647 3468 2699; x_wconf 70' lang='lat' dir='ltr'><strong>qute-</strong></span> 
     </span>
    </p>
   </div>
   <div class='ocr_carea' id='block_1_66' title="bbox 1896 2702 3465 2792">
    <p class='ocr_par' dir='ltr' id='par_1_66' title="bbox 1896 2702 3465 2792">
     <span class='ocr_line' id='line_1_66' title="bbox 1896 2702 3465 2792; baseline 0.002 -19"><span class='ocrx_word' id='word_1_451' title='bbox 1896 2719 2017 2774; x_wconf 90' lang='lat' dir='ltr'><strong>ritis</strong></span> <span class='ocrx_word' id='word_1_452' title='bbox 2053 2720 2426 2776; x_wconf 79' lang='lat' dir='ltr'><strong>mendacium?</strong></span> <span class='ocrx_word' id='word_1_453' title='bbox 2454 2702 2914 2786; x_wconf 83' lang='lat' dir='ltr'><strong>Quemadmodum</strong></span> <span class='ocrx_word' id='word_1_454' title='bbox 2941 2723 3102 2776; x_wconf 86' lang='lat' dir='ltr'><strong>etiam</strong></span> <span class='ocrx_word' id='word_1_455' title='bbox 3133 2722 3346 2792; x_wconf 82' lang='lat' dir='ltr'><strong>quidam</strong></span> <span class='ocrx_word' id='word_1_456' title='bbox 3379 2739 3465 2776; x_wconf 84' lang='lat' dir='ltr'><strong>sa-</strong></span> 
     </span>
    </p>
   </div>
   <div class='ocr_carea' id='block_1_67' title="bbox 1900 2812 3464 2880">
    <p class='ocr_par' dir='ltr' id='par_1_67' title="bbox 1900 2812 3464 2880">
     <span class='ocr_line' id='line_1_67' title="bbox 1900 2812 3464 2880; baseline 0.001 -17"><span class='ocrx_word' id='word_1_457' title='bbox 1900 2812 2134 2878; x_wconf 86' lang='lat' dir='ltr'><strong>pientum</strong></span> <span class='ocrx_word' id='word_1_458' title='bbox 2167 2813 2540 2880; x_wconf 87' lang='lat' dir='ltr'><strong>magistrorum</strong></span> <span class='ocrx_word' id='word_1_459' title='bbox 2573 2821 2908 2876; x_wconf 89' lang='lat' dir='ltr'><strong>nostrorum,</strong></span> <span class='ocrx_word' id='word_1_460' title='bbox 2941 2813 3022 2866; x_wconf 88' lang='lat' dir='ltr'><strong>vir</strong></span> <span class='ocrx_word' id='word_1_461' title='bbox 3048 2827 3229 2866; x_wconf 85' lang='lat' dir='ltr'><strong>rerum</strong></span> <span class='ocrx_word' id='word_1_462' title='bbox 3257 2812 3464 2866; x_wconf 82' lang='lat' dir='ltr'><strong>divina-</strong></span> 
     </span>
    </p>
   </div>
   <div class='ocr_carea' id='block_1_68' title="bbox 1897 2900 3462 2968">
    <p class='ocr_par' dir='ltr' id='par_1_68' title="bbox 1897 2900 3462 2968">
     <span class='ocr_line' id='line_1_68' title="bbox 1897 2900 3462 2968; baseline 0.003 -16"><span class='ocrx_word' id='word_1_463' title='bbox 1897 2915 2013 2952; x_wconf 90' lang='lat' dir='ltr'><strong>rum</strong></span> <span class='ocrx_word' id='word_1_464' title='bbox 2035 2901 2416 2968; x_wconf 87' lang='lat' dir='ltr'><strong>peritissimus,</strong></span> <span class='ocrx_word' id='word_1_465' title='bbox 2439 2900 2679 2954; x_wconf 61' lang='lat' dir='ltr'><strong>eamdem</strong></span> <span class='ocrx_word' id='word_1_466' title='bbox 2707 2916 2825 2954; x_wconf 84' lang='lat' dir='ltr'><strong>eum</strong></span> <span class='ocrx_word' id='word_1_467' title='bbox 2852 2901 3114 2968; x_wconf 88' lang='lat' dir='ltr'><strong>Propheta</strong></span> <span class='ocrx_word' id='word_1_468' title='bbox 3138 2901 3462 2957; x_wconf 87' lang='lat' dir='ltr'><strong>cantilenam</strong></span> 
     </span>
    </p>
   </div>
   <div class='ocr_carea' id='block_1_69' title="bbox 1895 2987 3464 3060">
    <p class='ocr_par' dir='ltr' id='par_1_69' title="bbox 1895 2987 3464 3060">
     <span class='ocr_line' id='line_1_69' title="bbox 1895 2987 3464 3060; baseline 0.004 -19"><span class='ocrx_word' id='word_1_469' title='bbox 1895 3002 2112 3052; x_wconf 89' lang='lat' dir='ltr'><strong>canens,</strong></span> <span class='ocrx_word' id='word_1_470' title='bbox 2145 3002 2209 3041; x_wconf 89' lang='lat' dir='ltr'><strong>ac</strong></span> <span class='ocrx_word' id='word_1_471' title='bbox 2238 2989 2478 3058; x_wconf 61' lang='lat' dir='ltr'><strong>quasdam</strong></span> <span class='ocrx_word' id='word_1_472' title='bbox 2505 3001 2533 3040; x_wconf 91' lang='lat' dir='ltr'><strong>a</strong></span> <span class='ocrx_word' id='word_1_473' title='bbox 2565 2989 2742 3056; x_wconf 86' lang='lat' dir='ltr'><strong>seipso</strong></span> <span class='ocrx_word' id='word_1_474' title='bbox 2769 2987 3088 3058; x_wconf 85' lang='lat' dir='ltr'><strong>adiungens,</strong></span> <span class='ocrx_word' id='word_1_475' title='bbox 3121 2998 3370 3060; x_wconf 85' lang='lat' dir='ltr'><strong>tanquam</strong></span> <span class='ocrx_word' id='word_1_476' title='bbox 3395 3006 3464 3047; x_wconf 82' lang='lat' dir='ltr'><strong>ex</strong></span> 
     </span>
    </p>
   </div>
   <div class='ocr_carea' id='block_1_70' title="bbox 1895 3078 3460 3148">
    <p class='ocr_par' dir='ltr' id='par_1_70' title="bbox 1895 3078 3460 3148">
     <span class='ocr_line' id='line_1_70' title="bbox 1895 3078 3460 3148; baseline 0.005 -17"><span class='ocrx_word' id='word_1_477' title='bbox 1895 3081 2000 3132; x_wconf 86' lang='lat' dir='ltr'><strong>alta</strong></span> <span class='ocrx_word' id='word_1_478' title='bbox 2024 3078 2250 3148; x_wconf 87' lang='lat' dir='ltr'><strong>quadam</strong></span> <span class='ocrx_word' id='word_1_479' title='bbox 2273 3089 2327 3134; x_wconf 90' lang='lat' dir='ltr'><strong>et</strong></span> <span class='ocrx_word' id='word_1_480' title='bbox 2347 3079 2642 3133; x_wconf 86' lang='lat' dir='ltr'><strong>editissima</strong></span> <span class='ocrx_word' id='word_1_481' title='bbox 2665 3080 2876 3146; x_wconf 88' lang='lat' dir='ltr'><strong>specula</strong></span> <span class='ocrx_word' id='word_1_482' title='bbox 2901 3081 3146 3136; x_wconf 90' lang='lat' dir='ltr'><strong>omnibus</strong></span> <span class='ocrx_word' id='word_1_483' title='bbox 3169 3082 3420 3138; x_wconf 85' lang='lat' dir='ltr'><strong>inclamat</strong></span> <span class='ocrx_word' id='word_1_484' title='bbox 3444 3102 3460 3139; x_wconf 90' lang='lat'><strong>:</strong></span> 
     </span>
    </p>
   </div>
   <div class='ocr_carea' id='block_1_71' title="bbox 1897 3166 3463 3240">
    <p class='ocr_par' dir='ltr' id='par_1_71' title="bbox 1897 3166 3463 3240">
     <span class='ocr_line' id='line_1_71' title="bbox 1897 3166 3463 3240; baseline 0.006 -20"><span class='ocrx_word' id='word_1_485' title='bbox 1897 3166 2015 3221; x_wconf 81' lang='lat' dir='ltr'><strong>Filii</strong></span> <span class='ocrx_word' id='word_1_486' title='bbox 2046 3167 2347 3234; x_wconf 87' lang='lat' dir='ltr'><strong>hominum,</strong></span> <span class='ocrx_word' id='word_1_487' title='bbox 2385 3183 2658 3238; x_wconf 79' lang='lat' dir='ltr'><strong>usquequo</strong></span> <span class='ocrx_word' id='word_1_488' title='bbox 2687 3170 2831 3239; x_wconf 82' lang='lat' dir='ltr'><strong>gravi</strong></span> <span class='ocrx_word' id='word_1_489' title='bbox 2863 3172 3058 3225; x_wconf 76' lang='lat' dir='ltr'><strong>corde?</strong></span> <span class='ocrx_word' id='word_1_490' title='bbox 3088 3179 3146 3226; x_wconf 93' lang='lat' dir='ltr'><strong>ut</strong></span> <span class='ocrx_word' id='word_1_491' title='bbox 3185 3173 3310 3240; x_wconf 88' lang='lat' dir='ltr'><strong>quid</strong></span> <span class='ocrx_word' id='word_1_492' title='bbox 3338 3173 3463 3229; x_wconf 92' lang='lat' dir='ltr'><strong>dili-</strong></span> 
     </span>
    </p>
   </div>
   <div class='ocr_carea' id='block_1_72' title="bbox 1895 3256 3456 3332">
    <p class='ocr_par' dir='ltr' id='par_1_72' title="bbox 1895 3256 3456 3332">
     <span class='ocr_line' id='line_1_72' title="bbox 1895 3256 3456 3332; baseline 0.01 -26"><span class='ocrx_word' id='word_1_493' title='bbox 1895 3256 2018 3324; x_wconf 78' lang='lat' dir='ltr'><strong>gltis</strong></span> <span class='ocrx_word' id='word_1_494' title='bbox 2039 3257 2348 3321; x_wconf 87' lang='lat' dir='ltr'><strong>vanitatem,</strong></span> <span class='ocrx_word' id='word_1_495' title='bbox 2378 3267 2432 3311; x_wconf 91' lang='lat' dir='ltr'><strong>et</strong></span> <span class='ocrx_word' id='word_1_496' title='bbox 2464 3257 2702 3324; x_wconf 72' lang='lat' dir='ltr'><strong>qumritis</strong></span> <span class='ocrx_word' id='word_1_497' title='bbox 2728 3259 3060 3314; x_wconf 89' lang='lat' dir='ltr'><strong>mendacium</strong></span> <span class='ocrx_word' id='word_1_498' title='bbox 3093 3259 3268 3332; x_wconf 70' lang='lat' dir='ltr'><strong>(Psal‘.</strong></span> <span class='ocrx_word' id='word_1_499' title='bbox 3291 3262 3456 3329; x_wconf 79' lang='lat' dir='ltr'><strong>xuv):</strong></span> 
     </span>
    </p>
   </div>
   <div class='ocr_carea' id='block_1_73' title="bbox 1895 3345 3460 3418">
    <p class='ocr_par' dir='ltr' id='par_1_73' title="bbox 1895 3345 3460 3418">
     <span class='ocr_line' id='line_1_73' title="bbox 1895 3345 3460 3418; baseline 0.004 -20"><span class='ocrx_word' id='word_1_500' title='bbox 1895 3359 2138 3412; x_wconf 86' lang='lat' dir='ltr'><strong>magnum</strong></span> <span class='ocrx_word' id='word_1_501' title='bbox 2169 3345 2413 3399; x_wconf 83' lang='lat' dir='ltr'><strong>nimirum</strong></span> <span class='ocrx_word' id='word_1_502' title='bbox 2443 3346 2640 3415; x_wconf 77' lang='lat' dir='ltr'><strong>aliquid</strong></span> <span class='ocrx_word' id='word_1_503' title='bbox 2672 3348 2806 3400; x_wconf 88' lang='lat' dir='ltr'><strong>hanc</strong></span> <span class='ocrx_word' id='word_1_504' title='bbox 2831 3349 3014 3406; x_wconf 85' lang='lat' dir='ltr'><strong>vitam.</strong></span> <span class='ocrx_word' id='word_1_505' title='bbox 3047 3359 3100 3403; x_wconf 90' lang='lat' dir='ltr'><strong>et</strong></span> <span class='ocrx_word' id='word_1_506' title='bbox 3125 3349 3376 3418; x_wconf 88' lang='lat' dir='ltr'><strong>delicias,</strong></span> <span class='ocrx_word' id='word_1_507' title='bbox 3405 3362 3460 3405; x_wconf 86' lang='lat' dir='ltr'><strong>et</strong></span> 
     </span>
    </p>
   </div>
   <div class='ocr_carea' id='block_1_74' title="bbox 1893 3434 3462 3508">
    <p class='ocr_par' dir='ltr' id='par_1_74' title="bbox 1893 3434 3462 3508">
     <span class='ocr_line' id='line_1_74' title="bbox 1893 3434 3462 3508; baseline 0.006 -20"><span class='ocrx_word' id='word_1_508' title='bbox 1893 3434 2138 3502; x_wconf 78' lang='lat' dir='ltr'><strong>exiguam</strong></span> <span class='ocrx_word' id='word_1_509' title='bbox 2167 3435 2472 3503; x_wconf 70' lang='lat' dir='ltr'><strong>gloriolam,</strong></span> <span class='ocrx_word' id='word_1_510' title='bbox 2498 3441 2552 3490; x_wconf 89' lang='lat' dir='ltr'><strong>et</strong></span> <span class='ocrx_word' id='word_1_511' title='bbox 2576 3436 2886 3492; x_wconf 86' lang='lat' dir='ltr'><strong>mendacem</strong></span> <span class='ocrx_word' id='word_1_512' title='bbox 2916 3442 3320 3508; x_wconf 69' lang='lat' dir='ltr'><strong>prosiieritatem</strong></span> <span class='ocrx_word' id='word_1_513' title='bbox 3341 3457 3462 3498; x_wconf 88' lang='lat' dir='ltr'><strong>esse</strong></span> 
     </span>
    </p>
   </div>
   <div class='ocr_carea' id='block_1_75' title="bbox 1897 3526 3462 3594">
    <p class='ocr_par' dir='ltr' id='par_1_75' title="bbox 1897 3526 3462 3594">
     <span class='ocr_line' id='line_1_75' title="bbox 1897 3526 3462 3594; baseline 0.006 -15"><span class='ocrx_word' id='word_1_514' title='bbox 1897 3527 2268 3580; x_wconf 76' lang='lat' dir='ltr'><strong>existimantes</strong></span> <span class='ocrx_word' id='word_1_515' title='bbox 2313 3526 2501 3594; x_wconf 55' lang='lat' dir='ltr'><strong>(Nam,</strong></span> <span class='ocrx_word' id='word_1_516' title='bbox 2536 3543 2646 3582; x_wconf 82' lang='lat' dir='ltr'><strong>ora.</strong></span> <span class='ocrx_word' id='word_1_517' title='bbox 2687 3529 2750 3581; x_wconf 81' lang='lat' dir='ltr'><strong>de</strong></span> <span class='ocrx_word' id='word_1_518' title='bbox 2775 3530 2882 3583; x_wconf 79' lang='lat' dir='ltr'><strong>suis</strong></span> <span class='ocrx_word' id='word_1_519' title='bbox 2923 3545 3024 3585; x_wconf 76' lang='lat' dir='ltr'><strong>ser.</strong></span> <span class='ocrx_word' id='word_1_520' title='bbox 3072 3540 3120 3586; x_wconf 79' lang='lat' dir='ltr'><strong>et</strong></span> <span class='ocrx_word' id='word_1_521' title='bbox 3163 3532 3232 3586; x_wconf 81' lang='lat' dir='ltr'><strong>ad</strong></span> <span class='ocrx_word' id='word_1_522' title='bbox 3259 3531 3462 3588; x_wconf 72' lang='lat' dir='ltr'><strong>Iulium</strong></span> 
     </span>
    </p>
   </div>
   <div class='ocr_carea' id='block_1_76' title="bbox 1891 3613 3452 3694">
    <p class='ocr_par' dir='ltr' id='par_1_76' title="bbox 1891 3613 3452 3694">
     <span class='ocr_line' id='line_1_76' title="bbox 1891 3613 3452 3694; baseline 0.007 -26"><span class='ocrx_word' id='word_1_523' title='bbox 1891 3613 2156 3671; x_wconf 72' lang='lat' dir='ltr'><strong>Exisaten.</strong></span> <span class='ocrx_word' id='word_1_524' title='bbox 2177 3617 2240 3687; x_wconf 75' lang='lat' dir='ltr'><strong>)i</strong></span> <span class='ocrx_word' id='word_1_525' title='bbox 2267 3615 2396 3683; x_wconf 70' lang='lat' dir='ltr'><strong>Quae</strong></span> <span class='ocrx_word' id='word_1_526' title='bbox 2423 3618 2636 3687; x_wconf 85' lang='lat' dir='ltr'><strong>quidem</strong></span> <span class='ocrx_word' id='word_1_527' title='bbox 2668 3633 2771 3674; x_wconf 92' lang='lat' dir='ltr'><strong>non</strong></span> <span class='ocrx_word' id='word_1_528' title='bbox 2804 3621 2973 3691; x_wconf 86' lang='lat' dir='ltr'><strong>magis</strong></span> <span class='ocrx_word' id='word_1_529' title='bbox 3001 3636 3183 3676; x_wconf 91' lang='lat' dir='ltr'><strong>eorum</strong></span> <span class='ocrx_word' id='word_1_530' title='bbox 3211 3632 3336 3678; x_wconf 85' lang='lat' dir='ltr'><strong>sunt</strong></span> <span class='ocrx_word' id='word_1_531' title='bbox 3364 3627 3452 3694; x_wconf 88' lang='lat' dir='ltr'><strong>qui</strong></span> 
     </span>
    </p>
   </div>
   <div class='ocr_carea' id='block_1_77' title="bbox 1893 3705 3462 3778">
    <p class='ocr_par' dir='ltr' id='par_1_77' title="bbox 1893 3705 3462 3778">
     <span class='ocr_line' id='line_1_77' title="bbox 1893 3705 3462 3778; baseline 0.006 -18"><span class='ocrx_word' id='word_1_532' title='bbox 1893 3705 2142 3761; x_wconf 78' lang='lat' dir='ltr'><strong>fruuntur</strong></span> <span class='ocrx_word' id='word_1_533' title='bbox 2165 3722 2326 3776; x_wconf 82' lang='lat' dir='ltr'><strong>quam</strong></span> <span class='ocrx_word' id='word_1_534' title='bbox 2351 3707 2439 3776; x_wconf 89' lang='lat' dir='ltr'><strong>qui</strong></span> <span class='ocrx_word' id='word_1_535' title='bbox 2464 3723 2526 3764; x_wconf 88' lang='lat' dir='ltr'><strong>ea</strong></span> <span class='ocrx_word' id='word_1_536' title='bbox 2559 3708 2610 3763; x_wconf 91' lang='lat' dir='ltr'><strong>in</strong></span> <span class='ocrx_word' id='word_1_537' title='bbox 2641 3723 2736 3778; x_wconf 88' lang='lat' dir='ltr'><strong>spe</strong></span> <span class='ocrx_word' id='word_1_538' title='bbox 2784 3709 3116 3778; x_wconf 89' lang='lat' dir='ltr'><strong>habuerunt;</strong></span> <span class='ocrx_word' id='word_1_539' title='bbox 3149 3727 3247 3768; x_wconf 91' lang='lat' dir='ltr'><strong>nec</strong></span> <span class='ocrx_word' id='word_1_540' title='bbox 3273 3729 3462 3768; x_wconf 86' lang='lat' dir='ltr'><strong>rursus</strong></span> 
     </span>
    </p>
   </div>
   <div class='ocr_carea' id='block_1_78' title="bbox 1896 3795 3458 3874">
    <p class='ocr_par' dir='ltr' id='par_1_78' title="bbox 1896 3795 3458 3874">
     <span class='ocr_line' id='line_1_78' title="bbox 1896 3795 3458 3874; baseline 0.006 -26"><span class='ocrx_word' id='word_1_541' title='bbox 1896 3795 2085 3850; x_wconf 87' lang='lat' dir='ltr'><strong>horum</strong></span> <span class='ocrx_word' id='word_1_542' title='bbox 2113 3797 2281 3864; x_wconf 85' lang='lat' dir='ltr'><strong>magis</strong></span> <span class='ocrx_word' id='word_1_543' title='bbox 2304 3811 2462 3865; x_wconf 85' lang='lat' dir='ltr'><strong>quam</strong></span> <span class='ocrx_word' id='word_1_544' title='bbox 2485 3811 2673 3852; x_wconf 88' lang='lat' dir='ltr'><strong>eorum</strong></span> <span class='ocrx_word' id='word_1_545' title='bbox 2699 3798 2791 3867; x_wconf 89' lang='lat' dir='ltr'><strong>qui</strong></span> <span class='ocrx_word' id='word_1_546' title='bbox 2817 3813 2886 3853; x_wconf 90' lang='lat' dir='ltr'><strong>ne</strong></span> <span class='ocrx_word' id='word_1_547' title='bbox 2908 3815 2970 3855; x_wconf 87' lang='lat' dir='ltr'><strong>ea</strong></span> <span class='ocrx_word' id='word_1_548' title='bbox 2992 3802 3204 3870; x_wconf 89' lang='lat' dir='ltr'><strong>quidem</strong></span> <span class='ocrx_word' id='word_1_549' title='bbox 3229 3819 3458 3874; x_wconf 86' lang='lat' dir='ltr'><strong>unquam</strong></span> 
     </span>
    </p>
   </div>
   <div class='ocr_carea' id='block_1_79' title="bbox 1889 3889 3459 3956">
    <p class='ocr_par' dir='ltr' id='par_1_79' title="bbox 1889 3889 3459 3956">
     <span class='ocr_line' id='line_1_79' title="bbox 1889 3889 3459 3956; baseline 0.007 -20"><span class='ocrx_word' id='word_1_550' title='bbox 1889 3892 2292 3948; x_wconf 79' lang='lat' dir='ltr'><strong>exspectaram,</strong></span> <span class='ocrx_word' id='word_1_551' title='bbox 2309 3892 2362 3938; x_wconf 87' lang='lat' dir='ltr'><strong>et</strong></span> <span class='ocrx_word' id='word_1_552' title='bbox 2382 3899 2499 3950; x_wconf 82' lang='lat' dir='ltr'><strong>quae</strong></span> <span class='ocrx_word' id='word_1_553' title='bbox 2519 3899 2626 3939; x_wconf 92' lang='lat' dir='ltr'><strong>non</strong></span> <span class='ocrx_word' id='word_1_554' title='bbox 2651 3899 2805 3941; x_wconf 89' lang='lat' dir='ltr'><strong>secus</strong></span> <span class='ocrx_word' id='word_1_555' title='bbox 2823 3901 2886 3942; x_wconf 92' lang='lat' dir='ltr'><strong>ac</strong></span> <span class='ocrx_word' id='word_1_556' title='bbox 2910 3889 3078 3956; x_wconf 85' lang='lat' dir='ltr'><strong>pulvis</strong></span> <span class='ocrx_word' id='word_1_557' title='bbox 3094 3903 3123 3943; x_wconf 87' lang='lat' dir='ltr'><strong>a</strong></span> <span class='ocrx_word' id='word_1_558' title='bbox 3146 3892 3360 3947; x_wconf 86' lang='lat' dir='ltr'><strong>turbine</strong></span> <span class='ocrx_word' id='word_1_559' title='bbox 3393 3893 3459 3947; x_wconf 88' lang='lat' dir='ltr'><strong>ad</strong></span> 
     </span>
    </p>
   </div>
   <div class='ocr_carea' id='block_1_80' title="bbox 1889 3973 3459 4052">
    <p class='ocr_par' dir='ltr' id='par_1_80' title="bbox 1889 3973 3459 4052">
     <span class='ocr_line' id='line_1_80' title="bbox 1889 3973 3459 4052; baseline 0.008 -26"><span class='ocrx_word' id='word_1_560' title='bbox 1889 3973 2024 4028; x_wconf 85' lang='lat' dir='ltr'><strong>alios</strong></span> <span class='ocrx_word' id='word_1_561' title='bbox 2039 3984 2200 4045; x_wconf 90' lang='lat' dir='ltr'><strong>atque</strong></span> <span class='ocrx_word' id='word_1_562' title='bbox 2211 3975 2342 4028; x_wconf 85' lang='lat' dir='ltr'><strong>alios</strong></span> <span class='ocrx_word' id='word_1_563' title='bbox 2354 3974 2579 4030; x_wconf 88' lang='lat' dir='ltr'><strong>subinde</strong></span> <span class='ocrx_word' id='word_1_564' title='bbox 2595 3975 2904 4045; x_wconf 80' lang='lat' dir='ltr'><strong>perﬂantur,</strong></span> <span class='ocrx_word' id='word_1_565' title='bbox 2920 3993 2981 4034; x_wconf 90' lang='lat' dir='ltr'><strong>ac</strong></span> <span class='ocrx_word' id='word_1_566' title='bbox 2996 3980 3234 4036; x_wconf 87' lang='lat' dir='ltr'><strong>vicissim</strong></span> <span class='ocrx_word' id='word_1_567' title='bbox 3255 3983 3459 4052; x_wconf 53' lang='lat' dir='ltr'><strong>iactano</strong></span> 
     </span>
    </p>
   </div>
   <div class='ocr_carea' id='block_1_81' title="bbox 179 4069 3442 4139">
    <p class='ocr_par' dir='ltr' id='par_1_81' title="bbox 179 4069 3442 4139">
     <span class='ocr_line' id='line_1_81' title="bbox 179 4069 3442 4139; baseline -0.001 -21"><span class='ocrx_word' id='word_1_568' title='bbox 179 4076 304 4128; x_wconf 64' lang='lat' dir='ltr'><strong>trtr,</strong></span> <span class='ocrx_word' id='word_1_569' title='bbox 337 4077 431 4120; x_wconf 85' lang='lat' dir='ltr'><strong>aut</strong></span> <span class='ocrx_word' id='word_1_570' title='bbox 468 4069 602 4122; x_wconf 81' lang='lat' dir='ltr'><strong>fumi</strong></span> <span class='ocrx_word' id='word_1_571' title='bbox 633 4069 807 4124; x_wconf 89' lang='lat' dir='ltr'><strong>instar</strong></span> <span class='ocrx_word' id='word_1_572' title='bbox 843 4070 1110 4135; x_wconf 81' lang='lat' dir='ltr'><strong>deﬂuunt,</strong></span> <span class='ocrx_word' id='word_1_573' title='bbox 1144 4086 1208 4126; x_wconf 88' lang='lat' dir='ltr'><strong>ac</strong></span> <span class='ocrx_word' id='word_1_574' title='bbox 1243 4071 1391 4126; x_wconf 86' lang='lat' dir='ltr'><strong>velut</strong></span> <span class='ocrx_word' id='word_1_575' title='bbox 1428 4072 1760 4126; x_wconf 81' lang='lat' dir='ltr'><strong>insomnium</strong></span> <span class='ocrx_word' id='word_1_576' title='bbox 1791 4073 2036 4129; x_wconf 86' lang='lat' dir='ltr'><strong>homines</strong></span> <span class='ocrx_word' id='word_1_577' title='bbox 2063 4073 2432 4139; x_wconf 80' lang='lat' dir='ltr'><strong>ludiiicantur,</strong></span> <span class='ocrx_word' id='word_1_578' title='bbox 2467 4082 2522 4128; x_wconf 92' lang='lat' dir='ltr'><strong>et</strong></span> <span class='ocrx_word' id='word_1_579' title='bbox 2561 4082 2621 4128; x_wconf 89' lang='lat' dir='ltr'><strong>ut</strong></span> <span class='ocrx_word' id='word_1_580' title='bbox 2665 4073 2856 4128; x_wconf 87' lang='lat' dir='ltr'><strong>umbra</strong></span> <span class='ocrx_word' id='word_1_581' title='bbox 2887 4069 3108 4126; x_wconf 90' lang='lat' dir='ltr'><strong>retineri</strong></span> <span class='ocrx_word' id='word_1_582' title='bbox 3143 4071 3442 4136; x_wconf 87' lang='lat' dir='ltr'><strong>nequeunt,</strong></span> 
     </span>
    </p>
   </div>
   <div class='ocr_carea' id='block_1_82' title="bbox 183 4157 3440 4234">
    <p class='ocr_par' dir='ltr' id='par_1_82' title="bbox 183 4157 3440 4234">
     <span class='ocr_line' id='line_1_82' title="bbox 183 4157 3440 4234; baseline 0.001 -25"><span class='ocrx_word' id='word_1_583' title='bbox 183 4174 250 4212; x_wconf 84' lang='lat' dir='ltr'><strong>ac</strong></span> <span class='ocrx_word' id='word_1_584' title='bbox 299 4157 540 4228; x_wconf 79' lang='lat' dir='ltr'><strong>denique</strong></span> <span class='ocrx_word' id='word_1_585' title='bbox 578 4161 648 4215; x_wconf 86' lang='lat' dir='ltr'><strong>ita</strong></span> <span class='ocrx_word' id='word_1_586' title='bbox 696 4169 887 4216; x_wconf 88' lang='lat' dir='ltr'><strong>natura</strong></span> <span class='ocrx_word' id='word_1_587' title='bbox 927 4173 1243 4234; x_wconf 84' lang='lat' dir='ltr'><strong>comparata</strong></span> <span class='ocrx_word' id='word_1_588' title='bbox 1267 4172 1414 4230; x_wconf 89' lang='lat' dir='ltr'><strong>sunt,</strong></span> <span class='ocrx_word' id='word_1_589' title='bbox 1437 4171 1495 4217; x_wconf 90' lang='lat' dir='ltr'><strong>nt</strong></span> <span class='ocrx_word' id='word_1_590' title='bbox 1529 4180 1627 4218; x_wconf 90' lang='lat' dir='ltr'><strong>nec</strong></span> <span class='ocrx_word' id='word_1_591' title='bbox 1649 4181 1769 4219; x_wconf 84' lang='lat' dir='ltr'><strong>cum</strong></span> <span class='ocrx_word' id='word_1_592' title='bbox 1789 4167 2008 4232; x_wconf 87' lang='lat' dir='ltr'><strong>absunt,</strong></span> <span class='ocrx_word' id='word_1_593' title='bbox 2033 4181 2094 4222; x_wconf 88' lang='lat' dir='ltr'><strong>ea</strong></span> <span class='ocrx_word' id='word_1_594' title='bbox 2125 4181 2183 4222; x_wconf 88' lang='lat' dir='ltr'><strong>se</strong></span> <span class='ocrx_word' id='word_1_595' title='bbox 2220 4167 2506 4224; x_wconf 91' lang='lat' dir='ltr'><strong>habituros</strong></span> <span class='ocrx_word' id='word_1_596' title='bbox 2546 4181 2670 4223; x_wconf 87' lang='lat' dir='ltr'><strong>esse</strong></span> <span class='ocrx_word' id='word_1_597' title='bbox 2705 4166 2956 4222; x_wconf 86' lang='lat' dir='ltr'><strong>homines</strong></span> <span class='ocrx_word' id='word_1_598' title='bbox 2981 4161 3305 4232; x_wconf 87' lang='lat' dir='ltr'><strong>desperent;</strong></span> <span class='ocrx_word' id='word_1_599' title='bbox 3339 4172 3440 4212; x_wconf 88' lang='lat' dir='ltr'><strong>nec</strong></span> 
     </span>
    </p>
   </div>
   <div class='ocr_carea' id='block_1_83' title="bbox 181 4254 1754 4324">
    <p class='ocr_par' dir='ltr' id='par_1_83' title="bbox 181 4254 1754 4324">
     <span class='ocr_line' id='line_1_83' title="bbox 181 4254 1754 4324; baseline 0.006 -19"><span class='ocrx_word' id='word_1_600' title='bbox 181 4269 315 4306; x_wconf 73' lang='lat' dir='ltr'><strong>cum</strong></span> <span class='ocrx_word' id='word_1_601' title='bbox 365 4254 584 4314; x_wconf 86' lang='lat' dir='ltr'><strong>adsunt,</strong></span> <span class='ocrx_word' id='word_1_602' title='bbox 629 4258 1038 4324; x_wconf 72' lang='lat' dir='ltr'><strong>possidentibus</strong></span> <span class='ocrx_word' id='word_1_603' title='bbox 1081 4269 1226 4312; x_wconf 91' lang='lat' dir='ltr'><strong>certa</strong></span> <span class='ocrx_word' id='word_1_604' title='bbox 1278 4269 1330 4314; x_wconf 87' lang='lat' dir='ltr'><strong>et</strong></span> <span class='ocrx_word' id='word_1_605' title='bbox 1372 4260 1589 4314; x_wconf 83' lang='lat' dir='ltr'><strong>stabilia</strong></span> <span class='ocrx_word' id='word_1_606' title='bbox 1627 4261 1754 4315; x_wconf 88' lang='lat' dir='ltr'><strong>sint.</strong></span> 
     </span>
    </p>
   </div>
   <div class='ocr_carea' id='block_1_84' title="bbox 277 4347 1784 4421">
    <p class='ocr_par' dir='ltr' id='par_1_84' title="bbox 277 4347 1784 4421">
     <span class='ocr_line' id='line_1_84' title="bbox 277 4347 1784 4421; baseline -0.007 -14"><span class='ocrx_word' id='word_1_607' title='bbox 277 4355 467 4416; x_wconf 73' lang='grc' dir='ltr'>Οὕτως</span> <span class='ocrx_word' id='word_1_608' title='bbox 491 4349 582 4406; x_wconf 73' lang='grc' dir='ltr'>οὖν</span> <span class='ocrx_word' id='word_1_609' title='bbox 607 4351 698 4405; x_wconf 79' lang='grc' dir='ltr'><strong>τοῦ</strong></span> <span class='ocrx_word' id='word_1_610' title='bbox 727 4352 976 4421; x_wconf 81' lang='grc' dir='ltr'>Σωτῆρος</span> <span class='ocrx_word' id='word_1_611' title='bbox 1008 4349 1414 4419; x_wconf 68' lang='grc' dir='ltr'>ἑντελλομένου,</span> <span class='ocrx_word' id='word_1_612' title='bbox 1435 4347 1544 4400; x_wconf 83' lang='grc' dir='ltr'><strong>τῶν</strong></span> <span class='ocrx_word' id='word_1_613' title='bbox 1569 4361 1784 4416; x_wconf 81' lang='grc' dir='ltr'>προφη-</span> 
     </span>
    </p>
   </div>
   <div class='ocr_carea' id='block_1_85' title="bbox 1965 4352 3457 4426">
    <p class='ocr_par' dir='ltr' id='par_1_85' title="bbox 1965 4352 3457 4426">
     <span class='ocr_line' id='line_1_85' title="bbox 1965 4352 3457 4426; baseline 0.002 -17"><span class='ocrx_word' id='word_1_614' title='bbox 1965 4355 2094 4409; x_wconf 88' lang='lat' dir='ltr'><strong>Cum</strong></span> <span class='ocrx_word' id='word_1_615' title='bbox 2135 4353 2290 4424; x_wconf 82' lang='lat' dir='ltr'><strong>igitur</strong></span> <span class='ocrx_word' id='word_1_616' title='bbox 2317 4352 2379 4406; x_wconf 87' lang='lat' dir='ltr'><strong>ad</strong></span> <span class='ocrx_word' id='word_1_617' title='bbox 2420 4353 2559 4406; x_wconf 89' lang='lat' dir='ltr'><strong>hunc</strong></span> <span class='ocrx_word' id='word_1_618' title='bbox 2606 4353 2818 4408; x_wconf 85' lang='lat' dir='ltr'><strong>modum</strong></span> <span class='ocrx_word' id='word_1_619' title='bbox 2864 4353 3107 4410; x_wconf 85' lang='lat' dir='ltr'><strong>Salvator</strong></span> <span class='ocrx_word' id='word_1_620' title='bbox 3154 4358 3457 4426; x_wconf 69' lang='lat' dir='ltr'><strong>praecipiat,</strong></span> 
     </span>
    </p>
   </div>
   <div class='ocr_carea' id='block_1_86' title="bbox 203 4421 1783 4514">
    <p class='ocr_par' dir='ltr' id='par_1_86' title="bbox 203 4436 1783 4513">
     <span class='ocr_line' id='line_1_86' title="bbox 203 4436 1783 4513; baseline -0.008 -13"><span class='ocrx_word' id='word_1_621' title='bbox 203 4451 312 4500; x_wconf 76' lang='grc' dir='ltr'><strong>τῶν</strong></span> <span class='ocrx_word' id='word_1_622' title='bbox 341 4462 402 4497; x_wconf 92' lang='grc' dir='ltr'><strong>τε</strong></span> <span class='ocrx_word' id='word_1_623' title='bbox 434 4444 529 4496; x_wconf 76' lang='grc' dir='ltr'>καὶ</span> <span class='ocrx_word' id='word_1_624' title='bbox 562 4443 900 4496; x_wconf 82' lang='grc' dir='ltr'>Ἀποστόλων</span> <span class='ocrx_word' id='word_1_625' title='bbox 929 4441 1330 4513; x_wconf 84' lang='grc' dir='ltr'>κηρυττόντων,</span> <span class='ocrx_word' id='word_1_626' title='bbox 1361 4439 1456 4492; x_wconf 70' lang='grc' dir='ltr'><strong>κα)⁸</strong></span> <span class='ocrx_word' id='word_1_627' title='bbox 1481 4437 1591 4491; x_wconf 85' lang='grc' dir='ltr'><strong>τῶν</strong></span> <span class='ocrx_word' id='word_1_628' title='bbox 1619 4436 1783 4504; x_wconf 81' lang='grc' dir='ltr'>ἁγίων</span> 
     </span>
    </p>
   </div>
   <div class='ocr_carea' id='block_1_87' title="bbox 1901 4421 3465 4514">
    <p class='ocr_par' dir='ltr' id='par_1_87' title="bbox 1902 4421 3465 4514">
     <span class='ocr_line' id='line_1_87' title="bbox 1902 4421 3465 4514; baseline 0.004 -16"><span class='ocrx_word' id='word_1_629' title='bbox 1902 4421 2177 4512; x_wconf 61' lang='lat' dir='ltr'><strong>prophetis</strong></span> <span class='ocrx_word' id='word_1_630' title='bbox 2199 4452 2252 4498; x_wconf 91' lang='lat' dir='ltr'><strong>et</strong></span> <span class='ocrx_word' id='word_1_631' title='bbox 2279 4443 2505 4514; x_wconf 88' lang='lat' dir='ltr'><strong>apostoli</strong></span> <span class='ocrx_word' id='word_1_632' title='bbox 2532 4443 2815 4512; x_wconf 63' lang='lat' dir='ltr'><strong>praedicent</strong></span> <span class='ocrx_word' id='word_1_633' title='bbox 2837 4488 2851 4511; x_wconf 92' lang='lat'><strong>,</strong></span> <span class='ocrx_word' id='word_1_634' title='bbox 2878 4459 2940 4499; x_wconf 92' lang='lat' dir='ltr'><strong>ac</strong></span> <span class='ocrx_word' id='word_1_635' title='bbox 2965 4448 3131 4502; x_wconf 82' lang='lat' dir='ltr'><strong>sancti</strong></span> <span class='ocrx_word' id='word_1_636' title='bbox 3155 4421 3341 4507; x_wconf 76' lang='lat' dir='ltr'><strong>omnes</strong></span> <span class='ocrx_word' id='word_1_637' title='bbox 3367 4452 3465 4504; x_wconf 86' lang='lat' dir='ltr'><strong>viri</strong></span> 
     </span>
    </p>
   </div>
   <div class='ocr_carea' id='block_1_88' title="bbox 197 4530 1792 4607">
    <p class='ocr_par' dir='ltr' id='par_1_88' title="bbox 197 4530 1792 4607">
     <span class='ocr_line' id='line_1_88' title="bbox 197 4530 1792 4607; baseline -0.006 -17"><span class='ocrx_word' id='word_1_638' title='bbox 197 4539 428 4594; x_wconf 82' lang='grc' dir='ltr'>πάντων</span> <span class='ocrx_word' id='word_1_639' title='bbox 454 4535 602 4607; x_wconf 83' lang='grc' dir='ltr'>ἔργῳ</span> <span class='ocrx_word' id='word_1_640' title='bbox 639 4553 696 4587; x_wconf 86' lang='grc' dir='ltr'><strong>τε</strong></span> <span class='ocrx_word' id='word_1_641' title='bbox 735 4536 829 4588; x_wconf 71' lang='grc' dir='ltr'><strong>καὶ</strong></span> <span class='ocrx_word' id='word_1_642' title='bbox 862 4533 1005 4604; x_wconf 87' lang='grc' dir='ltr'>λόγῳ</span> <span class='ocrx_word' id='word_1_643' title='bbox 1039 4533 1120 4596; x_wconf 84' lang='grc' dir='ltr'>εἰς</span> <span class='ocrx_word' id='word_1_644' title='bbox 1161 4532 1260 4603; x_wconf 83' lang='grc' dir='ltr'>τὴν</span> <span class='ocrx_word' id='word_1_645' title='bbox 1292 4531 1392 4602; x_wconf 79' lang='grc' dir='ltr'>τῆς</span> <span class='ocrx_word' id='word_1_646' title='bbox 1422 4530 1623 4602; x_wconf 79' lang='grc' dir='ltr'>ἀρετῆς</span> <span class='ocrx_word' id='word_1_647' title='bbox 1672 4547 1792 4581; x_wconf 88' lang='grc' dir='ltr'>συν-</span> 
     </span>
    </p>
   </div>
   <div class='ocr_carea' id='block_1_89' title="bbox 194 4620 1793 4697">
    <p class='ocr_par' dir='ltr' id='par_1_89' title="bbox 194 4620 1793 4697">
     <span class='ocr_line' id='line_1_89' title="bbox 194 4620 1793 4697; baseline -0.009 -13"><span class='ocrx_word' id='word_1_648' title='bbox 194 4627 496 4684; x_wconf 83' lang='grc' dir='ltr'>ωθούντων</span> <span class='ocrx_word' id='word_1_649' title='bbox 541 4629 692 4697; x_wconf 80' lang='grc' dir='ltr'>ἡμᾶς</span> <span class='ocrx_word' id='word_1_650' title='bbox 752 4623 1166 4693; x_wconf 83' lang='grc' dir='ltr'>ἀπλανεστάτην</span> <span class='ocrx_word' id='word_1_651' title='bbox 1209 4623 1346 4684; x_wconf 84' lang='grc' dir='ltr'>ὀόὸν,</span> <span class='ocrx_word' id='word_1_652' title='bbox 1386 4621 1488 4676; x_wconf 79' lang='grc' dir='ltr'><strong>κᾶν</strong></span> <span class='ocrx_word' id='word_1_653' title='bbox 1521 4620 1692 4688; x_wconf 87' lang='grc' dir='ltr'>ὀλίγοι</span> <span class='ocrx_word' id='word_1_654' title='bbox 1745 4620 1793 4672; x_wconf 78' lang='lat' dir='ltr'><strong>oi</strong></span> 
     </span>
    </p>
   </div>
   <div class='ocr_carea' id='block_1_90' title="bbox 195 4709 1796 4790">
    <p class='ocr_par' dir='ltr' id='par_1_90' title="bbox 195 4709 1796 4790">
     <span class='ocr_line' id='line_1_90' title="bbox 195 4709 1796 4790; baseline -0.007 -17"><span class='ocrx_word' id='word_1_655' title='bbox 195 4721 416 4790; x_wconf 77' lang='grc' dir='ltr'>ταύτην</span> <span class='ocrx_word' id='word_1_656' title='bbox 447 4717 746 4780; x_wconf 77' lang='grc' dir='ltr'>ὁδεύοντες,</span> <span class='ocrx_word' id='word_1_657' title='bbox 778 4716 1001 4778; x_wconf 88' lang='grc' dir='ltr'>πλείους</span> <span class='ocrx_word' id='word_1_658' title='bbox 1036 4714 1094 4767; x_wconf 79' lang='grc' dir='ltr'><strong>δὲ</strong></span> <span class='ocrx_word' id='word_1_659' title='bbox 1137 4716 1186 4767; x_wconf 77' lang='lat' dir='ltr'><strong>oi</strong></span> <span class='ocrx_word' id='word_1_660' title='bbox 1222 4713 1324 4784; x_wconf 83' lang='grc' dir='ltr'><strong>τὴν</strong></span> <span class='ocrx_word' id='word_1_661' title='bbox 1351 4710 1666 4783; x_wconf 82' lang='grc' dir='ltr'>εὐρύχωρον</span> <span class='ocrx_word' id='word_1_662' title='bbox 1701 4709 1796 4762; x_wconf 77' lang='grc' dir='ltr'><strong>καὶ</strong></span> 
     </span>
    </p>
   </div>
   <div class='ocr_carea' id='block_1_91' title="bbox 195 4801 1792 4880">
    <p class='ocr_par' dir='ltr' id='par_1_91' title="bbox 195 4801 1792 4880">
     <span class='ocr_line' id='line_1_91' title="bbox 195 4801 1792 4880; baseline -0.008 -15"><span class='ocrx_word' id='word_1_663' title='bbox 195 4814 342 4880; x_wconf 69' lang='grc' dir='ltr'>πρὸς</span> <span class='ocrx_word' id='word_1_664' title='bbox 371 4809 652 4864; x_wconf 78' lang='grc' dir='ltr'>ἀπώλειαν</span> <span class='ocrx_word' id='word_1_665' title='bbox 674 4809 915 4876; x_wconf 74' lang='grc' dir='ltr'>ἄγουσαν</span> <span class='ocrx_word' id='word_1_666' title='bbox 936 4806 1345 4877; x_wconf 83' lang='grc' dir='ltr'>προκρίνοντες,</span> <span class='ocrx_word' id='word_1_667' title='bbox 1373 4804 1474 4856; x_wconf 86' lang='grc' dir='ltr'><strong>οὐκ</strong></span> <span class='ocrx_word' id='word_1_668' title='bbox 1507 4805 1570 4856; x_wconf 84' lang='grc' dir='ltr'><strong>ὲκ</strong></span> <span class='ocrx_word' id='word_1_669' title='bbox 1601 4801 1792 4855; x_wconf 85' lang='grc' dir='ltr'>τούτου</span> 
     </span>
    </p>
   </div>
   <div class='ocr_carea' id='block_1_92' title="bbox 192 4893 1786 4976">
    <p class='ocr_par' dir='ltr' id='par_1_92' title="bbox 192 4893 1786 4976">
     <span class='ocr_line' id='line_1_92' title="bbox 192 4893 1786 4976; baseline -0.008 -20"><span class='ocrx_word' id='word_1_670' title='bbox 192 4903 513 4976; x_wconf 76' lang='grc' dir='ltr'>ἡπολίτεία</span> <span class='ocrx_word' id='word_1_671' title='bbox 547 4901 644 4969; x_wconf 82' lang='grc' dir='ltr'><strong>τῆς</strong></span> <span class='ocrx_word' id='word_1_672' title='bbox 690 4899 874 4953; x_wconf 81' lang='grc' dir='ltr'>ἐνθέου</span> <span class='ocrx_word' id='word_1_673' title='bbox 920 4899 1122 4967; x_wconf 80' lang='grc' dir='ltr'>ταύτης</span> <span class='ocrx_word' id='word_1_674' title='bbox 1172 4893 1786 4966; x_wconf 82' lang='grc' dir='ltr'>κατασμικρυνθήσεται</span> 
     </span>
    </p>
   </div>
   <div class='ocr_carea' id='block_1_93' title="bbox 192 4986 1786 5066">
    <p class='ocr_par' dir='ltr' id='par_1_93' title="bbox 192 4986 1786 5066">
     <span class='ocr_line' id='line_1_93' title="bbox 192 4986 1786 5066; baseline -0.007 -17"><span class='ocrx_word' id='word_1_675' title='bbox 192 4995 544 5066; x_wconf 63' lang='grc' dir='ltr'>φιλοσοφίας,</span> <span class='ocrx_word' id='word_1_676' title='bbox 573 4993 729 5052; x_wconf 85' lang='grc' dir='ltr'>ἀλλά,</span> <span class='ocrx_word' id='word_1_677' title='bbox 755 4991 1007 5060; x_wconf 84' lang='grc' dir='ltr'>καθάπερ</span> <span class='ocrx_word' id='word_1_678' title='bbox 1035 4993 1061 5042; x_wconf 88' lang='grc' dir='ltr'>ὁ</span> <span class='ocrx_word' id='word_1_679' title='bbox 1082 4989 1252 5060; x_wconf 77' lang='grc' dir='ltr'>ἥλιος,</span> <span class='ocrx_word' id='word_1_680' title='bbox 1281 4990 1362 5051; x_wconf 88' lang='grc' dir='ltr'><strong>είς</strong></span> <span class='ocrx_word' id='word_1_681' title='bbox 1393 4986 1592 5057; x_wconf 81' lang='grc' dir='ltr'>φαῦσιν</span> <span class='ocrx_word' id='word_1_682' title='bbox 1623 4988 1786 5038; x_wconf 78' lang='grc' dir='ltr'>πᾶσιν</span> 
     </span>
    </p>
   </div>
   <div class='ocr_carea' id='block_1_94' title="bbox 191 5077 1786 5152">
    <p class='ocr_par' dir='ltr' id='par_1_94' title="bbox 191 5077 1786 5152">
     <span class='ocr_line' id='line_1_94' title="bbox 191 5077 1786 5152; baseline -0.007 -12"><span class='ocrx_word' id='word_1_683' title='bbox 191 5085 534 5148; x_wconf 74' lang='grc' dir='ltr'>ἀνατέλλων,</span> <span class='ocrx_word' id='word_1_684' title='bbox 568 5082 818 5152; x_wconf 71' lang='grc' dir='ltr'>ἀφθόνως</span> <span class='ocrx_word' id='word_1_685' title='bbox 846 5082 1012 5134; x_wconf 78' lang='grc' dir='ltr'>αὐτοῦ</span> <span class='ocrx_word' id='word_1_686' title='bbox 1064 5081 1163 5144; x_wconf 84' lang='grc' dir='ltr'><strong>τὰς</strong></span> <span class='ocrx_word' id='word_1_687' title='bbox 1193 5081 1420 5142; x_wconf 82' lang='grc' dir='ltr'>ἀκτῖνας</span> <span class='ocrx_word' id='word_1_688' title='bbox 1466 5077 1786 5150; x_wconf 81' lang='grc' dir='ltr'>προπέμπει</span> 
     </span>
    </p>
   </div>
   <div class='ocr_carea' id='block_1_95' title="bbox 191 5171 1789 5247">
    <p class='ocr_par' dir='ltr' id='par_1_95' title="bbox 191 5171 1789 5247">
     <span class='ocr_line' id='line_1_95' title="bbox 191 5171 1789 5247; baseline -0.005 -17"><span class='ocrx_word' id='word_1_689' title='bbox 191 5179 414 5240; x_wconf 71' lang='grc' dir='ltr'>πάντας</span> <span class='ocrx_word' id='word_1_690' title='bbox 439 5176 769 5247; x_wconf 74' lang='grc' dir='ltr'>φωτίζεσθαι</span> <span class='ocrx_word' id='word_1_691' title='bbox 794 5174 1262 5246; x_wconf 86' lang='grc' dir='ltr'>προτρεπόμενος,</span> <span class='ocrx_word' id='word_1_692' title='bbox 1290 5171 1432 5226; x_wconf 75' lang='grc' dir='ltr'>οὕτω</span> <span class='ocrx_word' id='word_1_693' title='bbox 1453 5171 1546 5224; x_wconf 71' lang='grc' dir='ltr'><strong>κα)⁵</strong></span> <span class='ocrx_word' id='word_1_694' title='bbox 1579 5173 1611 5242; x_wconf 81' lang='grc' dir='ltr'>ἡ</span> <span class='ocrx_word' id='word_1_695' title='bbox 1657 5171 1789 5242; x_wconf 85' lang='grc' dir='ltr'>ἀλη-</span> 
     </span>
    </p>
   </div>
   <div class='ocr_carea' id='block_1_96' title="bbox 190 5263 1786 5341">
    <p class='ocr_par' dir='ltr' id='par_1_96' title="bbox 190 5263 1786 5341">
     <span class='ocr_line' id='line_1_96' title="bbox 190 5263 1786 5341; baseline -0.006 -17"><span class='ocrx_word' id='word_1_696' title='bbox 190 5270 298 5341; x_wconf 72' lang='grc' dir='ltr'>θὴς</span> <span class='ocrx_word' id='word_1_697' title='bbox 346 5269 634 5338; x_wconf 71' lang='grc' dir='ltr'>φιλοσοφία</span> <span class='ocrx_word' id='word_1_698' title='bbox 665 5269 793 5331; x_wconf 80' lang='grc' dir='ltr'>τοὺς</span> <span class='ocrx_word' id='word_1_699' title='bbox 817 5267 990 5337; x_wconf 78' lang='grc' dir='ltr'>αὐτῆς</span> <span class='ocrx_word' id='word_1_700' title='bbox 1037 5265 1276 5336; x_wconf 81' lang='grc' dir='ltr'>ἐραστὰς</span> <span class='ocrx_word' id='word_1_701' title='bbox 1311 5265 1460 5336; x_wconf 83' lang='grc' dir='ltr'>ἡλίου</span> <span class='ocrx_word' id='word_1_702' title='bbox 1490 5263 1645 5334; x_wconf 85' lang='grc' dir='ltr'>δίκην</span> <span class='ocrx_word' id='word_1_703' title='bbox 1673 5281 1786 5330; x_wconf 80' lang='grc' dir='ltr'><strong>φω-</strong></span> 
     </span>
    </p>
   </div>
   <div class='ocr_carea' id='block_1_97' title="bbox 1901 4535 3463 4603">
    <p class='ocr_par' dir='ltr' id='par_1_97' title="bbox 1901 4535 3463 4603">
     <span class='ocr_line' id='line_1_97' title="bbox 1901 4535 3463 4603; baseline 0.006 -13"><span class='ocrx_word' id='word_1_704' title='bbox 1901 4547 2008 4590; x_wconf 90' lang='lat' dir='ltr'><strong>tum</strong></span> <span class='ocrx_word' id='word_1_705' title='bbox 2038 4551 2096 4590; x_wconf 90' lang='lat' dir='ltr'><strong>re</strong></span> <span class='ocrx_word' id='word_1_706' title='bbox 2126 4536 2260 4603; x_wconf 87' lang='lat' dir='ltr'><strong>ipsa,</strong></span> <span class='ocrx_word' id='word_1_707' title='bbox 2286 4543 2395 4588; x_wconf 90' lang='lat' dir='ltr'><strong>tum</strong></span> <span class='ocrx_word' id='word_1_708' title='bbox 2431 4549 2676 4590; x_wconf 87' lang='lat' dir='ltr'><strong>sermone</strong></span> <span class='ocrx_word' id='word_1_709' title='bbox 2705 4535 2769 4588; x_wconf 83' lang='lat' dir='ltr'><strong>ad</strong></span> <span class='ocrx_word' id='word_1_710' title='bbox 2808 4538 3017 4592; x_wconf 90' lang='lat' dir='ltr'><strong>virtutis</strong></span> <span class='ocrx_word' id='word_1_711' title='bbox 3046 4539 3184 4594; x_wconf 92' lang='lat' dir='ltr'><strong>viam</strong></span> <span class='ocrx_word' id='word_1_712' title='bbox 3223 4541 3290 4596; x_wconf 89' lang='lat' dir='ltr'><strong>ab</strong></span> <span class='ocrx_word' id='word_1_713' title='bbox 3320 4545 3463 4599; x_wconf 92' lang='lat' dir='ltr'><strong>omni</strong></span> 
     </span>
    </p>
   </div>
   <div class='ocr_carea' id='block_1_98' title="bbox 1898 4627 3464 4695">
    <p class='ocr_par' dir='ltr' id='par_1_98' title="bbox 1898 4627 3464 4695">
     <span class='ocr_line' id='line_1_98' title="bbox 1898 4627 3464 4695; baseline 0.006 -15"><span class='ocrx_word' id='word_1_714' title='bbox 1898 4642 2078 4682; x_wconf 76' lang='lat' dir='ltr'><strong>errore</strong></span> <span class='ocrx_word' id='word_1_715' title='bbox 2131 4627 2360 4681; x_wconf 87' lang='lat' dir='ltr'><strong>maxime</strong></span> <span class='ocrx_word' id='word_1_716' title='bbox 2411 4628 2697 4679; x_wconf 91' lang='lat' dir='ltr'><strong>immunem</strong></span> <span class='ocrx_word' id='word_1_717' title='bbox 2755 4641 2851 4682; x_wconf 90' lang='lat' dir='ltr'><strong>nos</strong></span> <span class='ocrx_word' id='word_1_718' title='bbox 2904 4629 3204 4695; x_wconf 86' lang='lat' dir='ltr'><strong>impellant,</strong></span> <span class='ocrx_word' id='word_1_719' title='bbox 3255 4634 3464 4690; x_wconf 85' lang='lat' dir='ltr'><strong>etiamsi</strong></span> 
     </span>
    </p>
   </div>
   <div class='ocr_carea' id='block_1_99' title="bbox 1904 4716 3462 4791">
    <p class='ocr_par' dir='ltr' id='par_1_99' title="bbox 1904 4716 3462 4791">
     <span class='ocr_line' id='line_1_99' title="bbox 1904 4716 3462 4791; baseline 0.007 -24"><span class='ocrx_word' id='word_1_720' title='bbox 1904 4719 2050 4787; x_wconf 81' lang='lat' dir='ltr'><strong>pauci</strong></span> <span class='ocrx_word' id='word_1_721' title='bbox 2081 4716 2216 4770; x_wconf 90' lang='lat' dir='ltr'><strong>hanc</strong></span> <span class='ocrx_word' id='word_1_722' title='bbox 2247 4726 2490 4778; x_wconf 91' lang='lat' dir='ltr'><strong>teneant,</strong></span> <span class='ocrx_word' id='word_1_723' title='bbox 2517 4725 2698 4769; x_wconf 87' lang='lat' dir='ltr'><strong>contra</strong></span> <span class='ocrx_word' id='word_1_724' title='bbox 2729 4727 2903 4771; x_wconf 86' lang='lat' dir='ltr'><strong>autem</strong></span> <span class='ocrx_word' id='word_1_725' title='bbox 2939 4719 3086 4772; x_wconf 90' lang='lat' dir='ltr'><strong>multi</strong></span> <span class='ocrx_word' id='word_1_726' title='bbox 3114 4720 3272 4774; x_wconf 87' lang='lat' dir='ltr'><strong>latam</strong></span> <span class='ocrx_word' id='word_1_727' title='bbox 3303 4732 3462 4791; x_wconf 85' lang='lat' dir='ltr'><strong>atque</strong></span> 
     </span>
    </p>
   </div>
   <div class='ocr_carea' id='block_1_100' title="bbox 1901 4805 3462 4882">
    <p class='ocr_par' dir='ltr' id='par_1_100' title="bbox 1901 4805 3462 4882">
     <span class='ocr_line' id='line_1_100' title="bbox 1901 4805 3462 4882; baseline 0.003 -21"><span class='ocrx_word' id='word_1_728' title='bbox 1901 4809 1954 4862; x_wconf 92' lang='lat' dir='ltr'><strong>in</strong></span> <span class='ocrx_word' id='word_1_729' title='bbox 1981 4808 2199 4862; x_wconf 78' lang='lat' dir='ltr'><strong>exitium</strong></span> <span class='ocrx_word' id='word_1_730' title='bbox 2241 4809 2520 4860; x_wconf 85' lang='lat' dir='ltr'><strong>ducentem</strong></span> <span class='ocrx_word' id='word_1_731' title='bbox 2561 4805 2658 4860; x_wconf 90' lang='lat' dir='ltr'><strong>sibi</strong></span> <span class='ocrx_word' id='word_1_732' title='bbox 2703 4806 2962 4877; x_wconf 79' lang='lat' dir='ltr'><strong>deligant,</strong></span> <span class='ocrx_word' id='word_1_733' title='bbox 2995 4824 3096 4863; x_wconf 93' lang='lat' dir='ltr'><strong>non</strong></span> <span class='ocrx_word' id='word_1_734' title='bbox 3131 4821 3304 4867; x_wconf 90' lang='lat' dir='ltr'><strong>tamen</strong></span> <span class='ocrx_word' id='word_1_735' title='bbox 3337 4827 3462 4882; x_wconf 81' lang='lat' dir='ltr'><strong>pro-</strong></span> 
     </span>
    </p>
   </div>
   <div class='ocr_carea' id='block_1_101' title="bbox 1901 4896 3466 4966">
    <p class='ocr_par' dir='ltr' id='par_1_101' title="bbox 1901 4896 3466 4966">
     <span class='ocr_line' id='line_1_101' title="bbox 1901 4896 3466 4966; baseline 0.006 -15"><span class='ocrx_word' id='word_1_736' title='bbox 1901 4909 2080 4966; x_wconf 82' lang='lat' dir='ltr'><strong>pterea</strong></span> <span class='ocrx_word' id='word_1_737' title='bbox 2107 4896 2295 4950; x_wconf 72' lang='lat' dir='ltr'><strong>divina:</strong></span> <span class='ocrx_word' id='word_1_738' title='bbox 2326 4896 2479 4963; x_wconf 85' lang='lat' dir='ltr'><strong>huius</strong></span> <span class='ocrx_word' id='word_1_739' title='bbox 2510 4897 2860 4966; x_wconf 67' lang='lat' dir='ltr'><strong>philosophia:</strong></span> <span class='ocrx_word' id='word_1_740' title='bbox 2906 4900 3201 4956; x_wconf 90' lang='lat' dir='ltr'><strong>institutum</strong></span> <span class='ocrx_word' id='word_1_741' title='bbox 3242 4905 3466 4960; x_wconf 83' lang='lat' dir='ltr'><strong>minoris</strong></span> 
     </span>
    </p>
   </div>
   <div class='ocr_carea' id='block_1_102' title="bbox 1900 4986 3466 5051">
    <p class='ocr_par' dir='ltr' id='par_1_102' title="bbox 1900 4986 3466 5051">
     <span class='ocr_line' id='line_1_102' title="bbox 1900 4986 3466 5051; baseline -0.001 -7"><span class='ocrx_word' id='word_1_742' title='bbox 1900 4987 2264 5044; x_wconf 68' lang='lat' dir='ltr'><strong>mstimandum</strong></span> <span class='ocrx_word' id='word_1_743' title='bbox 2287 4997 2386 5040; x_wconf 85' lang='lat' dir='ltr'><strong>est.</strong></span> <span class='ocrx_word' id='word_1_744' title='bbox 2413 4986 2481 5040; x_wconf 90' lang='lat' dir='ltr'><strong>Ut</strong></span> <span class='ocrx_word' id='word_1_745' title='bbox 2506 4987 2642 5040; x_wconf 77' lang='lat' dir='ltr'><strong>enim</strong></span> <span class='ocrx_word' id='word_1_746' title='bbox 2669 4989 2780 5051; x_wconf 90' lang='lat' dir='ltr'><strong>sol,</strong></span> <span class='ocrx_word' id='word_1_747' title='bbox 2808 5006 2928 5046; x_wconf 87' lang='lat' dir='ltr'><strong>cum</strong></span> <span class='ocrx_word' id='word_1_748' title='bbox 2959 4991 3284 5048; x_wconf 87' lang='lat' dir='ltr'><strong>illuminandi</strong></span> <span class='ocrx_word' id='word_1_749' title='bbox 3309 5009 3466 5050; x_wconf 77' lang='lat' dir='ltr'><strong>causa</strong></span> 
     </span>
    </p>
   </div>
   <div class='ocr_carea' id='block_1_103' title="bbox 1903 5077 3466 5154">
    <p class='ocr_par' dir='ltr' id='par_1_103' title="bbox 1903 5077 3466 5154">
     <span class='ocr_line' id='line_1_103' title="bbox 1903 5077 3466 5154; baseline 0.003 -18"><span class='ocrx_word' id='word_1_750' title='bbox 1903 5081 2155 5136; x_wconf 80' lang='lat' dir='ltr'><strong>exoriens</strong></span> <span class='ocrx_word' id='word_1_751' title='bbox 2196 5077 2374 5132; x_wconf 87' lang='lat' dir='ltr'><strong>radios</strong></span> <span class='ocrx_word' id='word_1_752' title='bbox 2418 5093 2542 5132; x_wconf 89' lang='lat' dir='ltr'><strong>suos</strong></span> <span class='ocrx_word' id='word_1_753' title='bbox 2585 5077 2864 5136; x_wconf 80' lang='lat' dir='ltr'><strong>afﬂuenter</strong></span> <span class='ocrx_word' id='word_1_754' title='bbox 2899 5085 3136 5148; x_wconf 86' lang='lat' dir='ltr'><strong>emittat,</strong></span> <span class='ocrx_word' id='word_1_755' title='bbox 3176 5100 3466 5154; x_wconf 82' lang='lat' dir='ltr'><strong>omnesque</strong></span> 
     </span>
    </p>
   </div>
   <div class='ocr_carea' id='block_1_104' title="bbox 1903 5167 3468 5242">
    <p class='ocr_par' dir='ltr' id='par_1_104' title="bbox 1903 5167 3468 5242">
     <span class='ocr_line' id='line_1_104' title="bbox 1903 5167 3468 5242; baseline 0.004 -18"><span class='ocrx_word' id='word_1_756' title='bbox 1903 5173 1968 5224; x_wconf 90' lang='lat' dir='ltr'><strong>ad</strong></span> <span class='ocrx_word' id='word_1_757' title='bbox 1998 5167 2363 5234; x_wconf 86' lang='lat' dir='ltr'><strong>excipiendum</strong></span> <span class='ocrx_word' id='word_1_758' title='bbox 2393 5169 2570 5223; x_wconf 89' lang='lat' dir='ltr'><strong>lumen</strong></span> <span class='ocrx_word' id='word_1_759' title='bbox 2600 5171 2927 5235; x_wconf 89' lang='lat' dir='ltr'><strong>cohortetur,</strong></span> <span class='ocrx_word' id='word_1_760' title='bbox 2957 5172 3000 5226; x_wconf 92' lang='lat' dir='ltr'><strong>si</strong></span> <span class='ocrx_word' id='word_1_761' title='bbox 3029 5175 3239 5242; x_wconf 89' lang='lat' dir='ltr'><strong>quidam</strong></span> <span class='ocrx_word' id='word_1_762' title='bbox 3273 5175 3468 5230; x_wconf 83' lang='lat' dir='ltr'><strong>clausis</strong></span> 
     </span>
    </p>
   </div>
   <div class='ocr_carea' id='block_1_105' title="bbox 1904 5258 3471 5332">
    <p class='ocr_par' dir='ltr' id='par_1_105' title="bbox 1904 5258 3471 5332">
     <span class='ocr_line' id='line_1_105' title="bbox 1904 5258 3471 5332; baseline 0.002 -15"><span class='ocrx_word' id='word_1_763' title='bbox 1904 5262 2074 5317; x_wconf 90' lang='lat' dir='ltr'><strong>oculis</strong></span> <span class='ocrx_word' id='word_1_764' title='bbox 2097 5259 2432 5330; x_wconf 85' lang='lat' dir='ltr'><strong>splendorem</strong></span> <span class='ocrx_word' id='word_1_765' title='bbox 2461 5258 2622 5326; x_wconf 89' lang='lat' dir='ltr'><strong>ipsius</strong></span> <span class='ocrx_word' id='word_1_766' title='bbox 2653 5260 2843 5313; x_wconf 89' lang='lat' dir='ltr'><strong>intueri</strong></span> <span class='ocrx_word' id='word_1_767' title='bbox 2868 5261 3063 5326; x_wconf 93' lang='lat' dir='ltr'><strong>nolint,</strong></span> <span class='ocrx_word' id='word_1_768' title='bbox 3097 5280 3199 5316; x_wconf 90' lang='lat' dir='ltr'><strong>non</strong></span> <span class='ocrx_word' id='word_1_769' title='bbox 3234 5275 3471 5332; x_wconf 82' lang='lat' dir='ltr'><strong>prepter-</strong></span> 
     </span>
    </p>
   </div>
   <div class='ocr_carea' id='block_1_106' title="bbox 217 5387 3471 5473">
    <p class='ocr_par' dir='ltr' id='par_1_106' title="bbox 217 5387 3471 5473">
     <span class='ocr_line' id='line_1_106' title="bbox 217 5387 3471 5473; baseline -0.004 -18"><span class='ocrx_word' id='word_1_770' title='bbox 217 5443 234 5455; x_wconf 73' lang='lat'><strong>.</strong></span> <span class='ocrx_word' id='word_1_771' title='bbox 279 5403 354 5473; x_wconf 74' lang='lat' dir='ltr'><strong>(IS)</strong></span> <span class='ocrx_word' id='word_1_772' title='bbox 387 5403 580 5458; x_wconf 76' lang='lat' dir='ltr'><strong>Matth.</strong></span> <span class='ocrx_word' id='word_1_773' title='bbox 618 5419 715 5468; x_wconf 82' lang='lat' dir='ltr'><strong>vn,</strong></span> <span class='ocrx_word' id='word_1_774' title='bbox 747 5405 854 5458; x_wconf 73' lang='lat'><strong>15:</strong></span> <span class='ocrx_word' id='word_1_775' title='bbox 890 5402 1058 5473; x_wconf 78' lang='grc' dir='ltr'>Στενὴ</span> <span class='ocrx_word' id='word_1_776' title='bbox 1099 5403 1130 5472; x_wconf 85' lang='grc' dir='ltr'>ἡ</span> <span class='ocrx_word' id='word_1_777' title='bbox 1170 5400 1338 5472; x_wconf 82' lang='grc' dir='ltr'>πύλη,</span> <span class='ocrx_word' id='word_1_778' title='bbox 1376 5403 1469 5452; x_wconf 83' lang='grc' dir='ltr'>καὶ</span> <span class='ocrx_word' id='word_1_779' title='bbox 1515 5398 1849 5468; x_wconf 84' lang='grc' dir='ltr'>τεθλιμμένη</span> <span class='ocrx_word' id='word_1_780' title='bbox 1880 5400 1911 5467; x_wconf 79' lang='grc' dir='ltr'>ἡ</span> <span class='ocrx_word' id='word_1_781' title='bbox 1949 5397 2066 5460; x_wconf 73' lang='grc' dir='ltr'>ὁδὸς</span> <span class='ocrx_word' id='word_1_782' title='bbox 2097 5399 2128 5467; x_wconf 89' lang='grc' dir='ltr'>ἡ</span> <span class='ocrx_word' id='word_1_783' title='bbox 2160 5397 2452 5465; x_wconf 82' lang='grc' dir='ltr'>ἀπάγουσα</span> <span class='ocrx_word' id='word_1_784' title='bbox 2475 5396 2554 5458; x_wconf 84' lang='grc' dir='ltr'>εἰς</span> <span class='ocrx_word' id='word_1_785' title='bbox 2581 5392 2680 5464; x_wconf 87' lang='grc' dir='ltr'>τὴν</span> <span class='ocrx_word' id='word_1_786' title='bbox 2725 5391 2891 5462; x_wconf 79' lang='grc' dir='ltr'>ζωὴν,</span> <span class='ocrx_word' id='word_1_787' title='bbox 2921 5389 3016 5442; x_wconf 72' lang='grc' dir='ltr'><strong>καὶ</strong></span> <span class='ocrx_word' id='word_1_788' title='bbox 3052 5387 3220 5458; x_wconf 84' lang='grc' dir='ltr'>ὀλίγοι</span> <span class='ocrx_word' id='word_1_789' title='bbox 3253 5388 3392 5443; x_wconf 75' lang='grc' dir='ltr'>εἰσὶν</span> <span class='ocrx_word' id='word_1_790' title='bbox 3419 5389 3471 5442; x_wconf 78' lang='lat' dir='ltr'><strong>oi</strong></span> 
     </span>
    </p>
   </div>
   <div class='ocr_carea' id='block_1_107' title="bbox 193 5475 770 5542">
    <p class='ocr_par' dir='ltr' id='par_1_107' title="bbox 193 5475 770 5542">
     <span class='ocr_line' id='line_1_107' title="bbox 193 5475 770 5542; baseline -0.009 -11"><span class='ocrx_word' id='word_1_791' title='bbox 193 5475 549 5537; x_wconf 78' lang='grc' dir='ltr'>εὑρίσκοντες</span> <span class='ocrx_word' id='word_1_792' title='bbox 579 5475 770 5542; x_wconf 82' lang='grc' dir='ltr'>αὐτήν.</span> 
     </span>
    </p>
   </div>
   <div class='ocr_carea' id='block_1_108' title="bbox 273 5527 1783 5616">
    <p class='ocr_par' dir='ltr' id='par_1_108' title="bbox 273 5527 1783 5616">
     <span class='ocr_line' id='line_1_108' title="bbox 273 5527 1783 5616; baseline -0.005 -19"><span class='ocrx_word' id='word_1_793' title='bbox 273 5545 354 5614; x_wconf 76' lang='grc'><strong>(4)</strong></span> <span class='ocrx_word' id='word_1_794' title='bbox 387 5527 574 5616; x_wconf 71' lang='lat' dir='ltr'><strong>Matth.</strong></span> <span class='ocrx_word' id='word_1_795' title='bbox 607 5527 802 5616; x_wconf 58' lang='grc' dir='ltr'>νιιξίὲ</span> <span class='ocrx_word' id='word_1_796' title='bbox 827 5562 848 5616; x_wconf 14' lang='lat'><strong>7:</strong></span> <span class='ocrx_word' id='word_1_797' title='bbox 880 5542 1116 5616; x_wconf 73' lang='grc' dir='ltr'>ῌλατεῖα</span> <span class='ocrx_word' id='word_1_798' title='bbox 1147 5543 1178 5612; x_wconf 87' lang='grc' dir='ltr'><strong>ἡ</strong></span> <span class='ocrx_word' id='word_1_799' title='bbox 1205 5540 1367 5610; x_wconf 82' lang='grc' dir='ltr'>πύλη,</span> <span class='ocrx_word' id='word_1_800' title='bbox 1401 5539 1494 5592; x_wconf 71' lang='grc' dir='ltr'>καὶ</span> <span class='ocrx_word' id='word_1_801' title='bbox 1520 5537 1783 5608; x_wconf 67' lang='grc' dir='ltr'>εύρύχωρε</span> 
     </span>
    </p>
   </div>
   <div class='ocr_carea' id='block_1_109' title="bbox 1901 5527 3514 5616">
    <p class='ocr_par' dir='ltr' id='par_1_109' title="bbox 1916 5527 3514 5616">
     <span class='ocr_line' id='line_1_109' title="bbox 1916 5527 3514 5616; baseline -0.004 -27"><span class='ocrx_word' id='word_1_802' title='bbox 1916 5537 2032 5598; x_wconf 63' lang='grc' dir='ltr'>ὁδὸς</span> <span class='ocrx_word' id='word_1_803' title='bbox 2063 5539 2096 5604; x_wconf 78' lang='grc' dir='ltr'>ἡ</span> <span class='ocrx_word' id='word_1_804' title='bbox 2129 5537 2422 5605; x_wconf 78' lang='grc' dir='ltr'>ἀπάγουσα</span> <span class='ocrx_word' id='word_1_805' title='bbox 2453 5538 2530 5599; x_wconf 78' lang='grc' dir='ltr'><strong>εἰς</strong></span> <span class='ocrx_word' id='word_1_806' title='bbox 2551 5535 2651 5603; x_wconf 75' lang='grc' dir='ltr'><strong>τὴν</strong></span> <span class='ocrx_word' id='word_1_807' title='bbox 2674 5531 2970 5596; x_wconf 83' lang='grc' dir='ltr'>ἀπώλειαν,</span> <span class='ocrx_word' id='word_1_808' title='bbox 3005 5530 3097 5581; x_wconf 67' lang='grc' dir='ltr'><strong>καὶ</strong></span> <span class='ocrx_word' id='word_1_809' title='bbox 3128 5527 3313 5583; x_wconf 88' lang='grc' dir='ltr'>πολλοί</span> <span class='ocrx_word' id='word_1_810' title='bbox 3337 5527 3514 5616; x_wconf 43' lang='lat' dir='ltr'><strong>simu!</strong></span> 
     </span>
    </p>
   </div>
   <div class='ocr_carea' id='block_1_110' title="bbox 191 5613 973 5684">
    <p class='ocr_par' dir='ltr' id='par_1_110' title="bbox 191 5613 973 5684">
     <span class='ocr_line' id='line_1_110' title="bbox 191 5613 973 5684; baseline 0.001 -15"><span class='ocrx_word' id='word_1_811' title='bbox 191 5617 242 5670; x_wconf 79' lang='lat' dir='ltr'><strong>oi</strong></span> <span class='ocrx_word' id='word_1_812' title='bbox 273 5613 655 5684; x_wconf 64' lang='grc' dir='ltr'>εἰσερχόμενοι</span> <span class='ocrx_word' id='word_1_813' title='bbox 683 5613 752 5684; x_wconf 81' lang='grc' dir='ltr'><strong>δι’</strong></span> <span class='ocrx_word' id='word_1_814' title='bbox 780 5614 973 5682; x_wconf 80' lang='grc' dir='ltr'>αὐτῆς.</span> 
     </span>
    </p>
   </div>
   <div class='ocr_carea' id='block_1_111' title="bbox 297 5683 1148 5754">
    <p class='ocr_par' dir='ltr' id='par_1_111' title="bbox 297 5683 1148 5754">
     <span class='ocr_line' id='line_1_111' title="bbox 297 5683 1148 5754; baseline 0 -16"><span class='ocrx_word' id='word_1_815' title='bbox 297 5684 351 5754; x_wconf 85' lang='grc'><strong>5)</strong></span> <span class='ocrx_word' id='word_1_816' title='bbox 387 5683 529 5754; x_wconf 10' lang='lat' dir='ltr'><strong>Bauli.</strong></span> <span class='ocrx_word' id='word_1_817' title='bbox 559 5699 634 5754; x_wconf 63' lang='lat' dir='ltr'><strong>tv,</strong></span> <span class='ocrx_word' id='word_1_818' title='bbox 669 5683 724 5738; x_wconf 68' lang='lat'><strong>9..</strong></span> <span class='ocrx_word' id='word_1_819' title='bbox 932 5752 948 5754; x_wconf 33' lang='grc' dir='ltr'><strong>Α</strong></span> <span class='ocrx_word' id='word_1_820' title='bbox 1119 5721 1148 5754; x_wconf 75' lang='lat'><strong>_-</strong></span> 
     </span>
    </p>
   </div>
   <div class='ocr_carea' id='block_1_112' title="bbox 269 5689 1233 5824">
    <p class='ocr_par' dir='ltr' id='par_1_112' title="bbox 269 5689 1233 5824">
     <span class='ocr_line' id='line_1_112' title="bbox 297 5689 1148 5754; baseline -0.004 -16"><span class='ocrx_word' id='word_1_821' title='bbox 297 5689 351 5754; x_wconf 88' lang='grc'><strong>5)</strong></span> <span class='ocrx_word' id='word_1_822' title='bbox 387 5689 529 5737; x_wconf 67' lang='lat' dir='ltr'><strong>Paul.</strong></span> <span class='ocrx_word' id='word_1_823' title='bbox 559 5699 634 5745; x_wconf 80' lang='lat' dir='ltr'><strong>tv,</strong></span> <span class='ocrx_word' id='word_1_824' title='bbox 669 5689 724 5738; x_wconf 72' lang='lat'><strong>‘2.</strong></span> <span class='ocrx_word' id='word_1_825' title='bbox 1143 5721 1148 5727; x_wconf 73' lang='grc' dir='ltr'><strong>ι</strong></span> 
     </span>
     <span class='ocr_line' id='line_1_113' title="bbox 269 5689 1233 5824; baseline -0.007 -14"><span class='ocrx_word' id='word_1_826' title='bbox 269 5689 354 5824; x_wconf 57' lang='grc' dir='ltr'><strong>ίϐ)</strong></span> <span class='ocrx_word' id='word_1_827' title='bbox 385 5752 549 5822; x_wconf 88' lang='lat' dir='ltr'><strong>Greg.</strong></span> <span class='ocrx_word' id='word_1_828' title='bbox 587 5753 719 5806; x_wconf 65' lang='grc' dir='ltr'><strong>Νη.</strong></span> <span class='ocrx_word' id='word_1_829' title='bbox 748 5764 886 5808; x_wconf 80' lang='lat' dir='ltr'><strong>orat.</strong></span> <span class='ocrx_word' id='word_1_830' title='bbox 923 5752 994 5824; x_wconf 82' lang='lat'><strong>9.</strong></span> <span class='ocrx_word' id='word_1_831' title='bbox 1023 5766 1078 5824; x_wconf 54' lang='grc' dir='ltr'><strong>ρ,</strong></span> <span class='ocrx_word' id='word_1_832' title='bbox 1111 5751 1233 5804; x_wconf 68' lang='lat' dir='ltr'><strong>iiii.</strong></span> 
     </span>
    </p>
   </div>
   <div class='ocr_carea' id='block_1_113' title="bbox 271 5813 1941 5898">
    <p class='ocr_par' dir='ltr' id='par_1_113' title="bbox 271 5813 1941 5898">
     <span class='ocr_line' id='line_1_114' title="bbox 271 5813 1941 5898; baseline -0.007 -17"><span class='ocrx_word' id='word_1_833' title='bbox 271 5813 353 5898; x_wconf 74' lang='grc'><strong>(7)</strong></span> <span class='ocrx_word' id='word_1_834' title='bbox 384 5825 459 5880; x_wconf 80' lang='lat' dir='ltr'><strong>De</strong></span> <span class='ocrx_word' id='word_1_835' title='bbox 489 5813 766 5881; x_wconf 55' lang='lat' dir='ltr'><strong>locutione</strong></span> <span class='ocrx_word' id='word_1_836' title='bbox 807 5823 913 5879; x_wconf 76' lang='lat' dir='ltr'><strong>vid.</strong></span> <span class='ocrx_word' id='word_1_837' title='bbox 957 5813 1154 5878; x_wconf 75' lang='lat' dir='ltr'><strong>ilasius</strong></span> <span class='ocrx_word' id='word_1_838' title='bbox 1181 5822 1244 5876; x_wconf 86' lang='lat' dir='ltr'><strong>ad</strong></span> <span class='ocrx_word' id='word_1_839' title='bbox 1273 5821 1512 5877; x_wconf 77' lang='lat' dir='ltr'><strong>Leonem</strong></span> <span class='ocrx_word' id='word_1_840' title='bbox 1560 5819 1782 5889; x_wconf 79' lang='lat' dir='ltr'><strong>Diac.p.</strong></span> <span class='ocrx_word' id='word_1_841' title='bbox 1815 5813 1941 5870; x_wconf 66' lang='lat'><strong>213.</strong></span> 
     </span>
    </p>
   </div>
  </div>
