3902 6358
212 451 314 513 997

1308 439 1482 499 VITA
1520 436 1876 498 BARLAAM
1918 437 2006 495 ET
2044 436 2394 496 JOASAPH.

3357 444 3460 508 995

206 558 304 608 καὶ
333 550 586 613 κολάσεις
621 546 995 619 προξενοῦσιν.
1038 545 1215 616 ’Ἀρχὴ
1247 544 1356 615 γὰρ
1392 546 1664 616 ἁμαρτίας
1699 545 1792 598 καὶ

1908 562 2081 607 nostra
2112 561 2373 622 potestate
2393 554 2507 610 sita:
2535 554 2661 610 sint.
2688 553 2905 610 Etenim
2918 555 2970 610 id
2998 557 3137 627 quod
3155 568 3220 614 ex
3244 563 3468 615 consilio

204 641 636 712 δικαιοπραγίας
701 637 1026 709 προαίρεσίς
1088 638 1237 689 ἐστιν
1271 639 1329 689 ἐν
1392 638 1505 699 τοῖς
1535 637 1620 703 ἐφ’
1659 638 1791 705 ἡμῖν

206 734 568 804 καταγομένη
592 750 604 762 ο
634 726 709 785 ὧν
753 730 861 800 γὰρ
900 731 956 782 αἱ
990 730 1257 800 ἐνέργειαι
1290 729 1375 798 ἐφ’
1410 732 1562 800 ἡμῖν,
1589 730 1791 783 τούτων

207 828 307 880 καὶ
336 828 392 878 αἱ
418 824 645 895 πράξεις
674 822 729 873 αἱ
753 821 894 873 κατά
927 820 1026 889 τὴν
1055 820 1345 889 ἐνέργειαν
1380 820 1464 886 ἐφ’
1496 822 1629 888 ἡμῖν
1659 837 1672 849 ⁶
1707 819 1792 885 ἐφ’

205 923 345 990 ἡμῖν
368 919 424 970 δὲ
454 919 509 971 αἱ
539 916 679 969 κατά
708 915 806 985 τὴν
842 912 1046 982 ἀρετὴν
1098 911 1393 982 ἐνέργειαι,
1419 911 1504 978 ἐφ’
1531 910 1661 979 ἡμῖν
1685 910 1793 980 ἄρα

203 1012 307 1064 καὶ
350 1011 403 1062 αἱ
434 1008 627 1080 ἀρεταί
650 1025 661 1037 '
698 1006 903 1077 κυρίως
940 1006 1049 1075 γὰρ
1076 1006 1159 1070 ἐφ’
1185 1006 1317 1073 ἡμῖν
1350 1005 1466 1055 ἐστι
1497 1002 1565 1054 τὰ
1587 1002 1793 1080 ψυχικά

206 1104 393 1155 πάντα
412 1100 647 1169 καὶπερὶ
677 1091 751 1151 ὧν
778 1094 1167 1167 βουλευόμεθα.
1200 1094 1388 1157 Οὕτως
1418 1093 1786 1158 αὐτεξουσίως

208 1193 372 1263 133
398 1191 804 1261 βουλευομένων
832 1188 941 1241 τῶν
976 1186 1279 1258 ἀνθρώπων
1307 1187 1403 1239 καὶ
1433 1184 1794 1248 αὐτεξουσίως

203 1284 686 1357 προαιρουμένων,
725 1281 848 1334 καθ’
874 1282 998 1334 ὅσον
1032 1280 1097 1333 ἄν
1146 1296 1231 1341 τις
1260 1277 1615 1348 προαιρῆται,
1653 1274 1795 1328 κοιτά

201 1373 468 1428 τοσοῦτον
505 1374 600 1426 καὶ
648 1373 870 1441 μετέχει
916 1370 1011 1424 τοῦ
1056 1371 1203 1423 θείου
1245 1369 1419 1438 φωτὸς
1457 1370 1552 1420 καὶ
1595 1368 1791 1438 προκό-

202 1482 337 1518 πτει
368 1466 425 1517 ἐν
458 1467 569 1526 τοῖς
595 1463 696 1532 τῆς
739 1462 1065 1530 φιλοσοφίας
1103 1459 1502 1531 ἐπιτηδεύμασι
1538 1475 1551 1487 ⁸
1602 1458 1791 1525 διαφο-

201 1560 307 1629 ραὶ
335 1558 444 1628 γὰρ
481 1558 856 1627 προαιρέσεως
882 1555 1011 1609 εἰσί.
1033 1556 1145 1608 Καὶ
1176 1552 1588 1620 καθάπερτινὲς
1619 1549 1793 1621 πηγαὶ

203 1651 422 1703 ὑδάτων
450 1650 513 1701 ὲκ
543 1648 652 1700 τῶν
681 1648 779 1718 τῆς
808 1649 911 1719 γῆς
940 1648 1187 1716 λαγόνων
1212 1644 1702 1716 ἀναπεμπόμεναι,
1737 1644 1791 1695 αἱ

205 1742 312 1811 μὲν
344 1739 677 1801 ἐπιπολαίως
720 1738 822 1807 τῆς
858 1740 959 1809 γῆς
987 1738 1367 1804 ὲκϐλύζουσιν,
1408 1738 1465 1790 αἱ
1504 1735 1561 1789 δὲ
1598 1735 1795 1805 μικρόν

201 1850 257 1885 τι
288 1832 607 1902 βαθίπερον,
636 1832 693 1884 αἱ
718 1831 773 1883 δὲ
794 1830 919 1884 λίαν
948 1829 1181 1899 βαθέως,
1218 1829 1425 1883 τούτων
1454 1828 1511 1880 δὲ
1532 1827 1639 1880 τῶν
1672 1826 1793 1879 ὑδά-

1904 640 2243 715 praepositum
2285 656 2394 714 est,
2425 647 2681 718 eligentes
2713 652 3031 719 appetimus.
3061 650 3230 707 Omne
3267 652 3464 722 quippe

1900 738 2176 793 consilium
2203 742 2430 795 actionis
2452 757 2609 797 causa
2631 753 2683 799 et
2711 754 2924 812 propter
2952 745 3211 798 actionem
3238 746 3468 813 suscipi-

1902 838 2005 883 tur.
2034 829 2111 883 Ita
2137 831 2413 885 consilium
2442 832 2655 900 quidem
2687 835 3000 889 electionem
3031 834 3326 900 antecedit,
3358 835 3472 888 ele-

1899 920 2003 974 ctio
2044 930 2219 973 autem
2260 935 2469 975 omnem
2515 922 2797 979 actionem.
2848 925 3105 989 Quocirca
3153 939 3258 979 non
3311 926 3471 979 modo

1899 1009 2156 1073 actiones,
2191 1012 2281 1063 sed
2332 1026 2394 1066 ea
2436 1013 2593 1067 etiam
2637 1031 2754 1084 quae
2800 1016 2989 1069 animo
3020 1016 3284 1085 agitantur
3329 1018 3473 1086 (quae

1901 1099 2111 1167 quidem
2140 1100 2424 1158 electiones
2452 1104 2747 1174 exhibent),
2768 1114 2874 1160 tum
2904 1121 3147 1172 coronas,
3164 1115 3270 1161 tum
3287 1122 3471 1175 poenas

1900 1194 2199 1242 accasunt.
2226 1190 2433 1245 Etenim
2462 1194 2650 1248 electio
2673 1196 2723 1247 in
2748 1195 2827 1249 his
2850 1197 3007 1249 rebus
3029 1212 3145 1265 qua:
3171 1199 3220 1251 in
3246 1200 3468 1252 arbitrio

1901 1287 2083 1333 nostro
2108 1280 2224 1335 sita:
2251 1292 2373 1337 sunt
2401 1298 2636 1350 versans,
2666 1295 2772 1341 tum
2807 1290 3025 1354 peccati,
3050 1298 3158 1343 tum
3183 1290 3311 1358 justi
3340 1306 3470 1361 cpe-

1901 1367 1974 1420 ris
2001 1370 2149 1437 origo
2188 1382 2288 1425 est.
2334 1372 2464 1426 Nam
2507 1389 2725 1441 quarum
2773 1392 2945 1431 rerum
2990 1379 3264 1434 facilitates
3304 1397 3466 1449 penes

1904 1473 2001 1511 nos
2024 1472 2175 1525 sunt,
2212 1463 2397 1517 harum
2426 1465 2582 1518 etiam
2614 1467 2843 1520 actiones
2874 1467 3208 1525 facultadbus
3235 1486 3457 1528 consen-

1904 1556 2074 1603 taneae
2114 1565 2274 1617 penes
2316 1568 2411 1606 nos
2457 1563 2598 1609 sunt.
2629 1556 2980 1622 Quamobrem
3024 1576 3140 1614 cum
3189 1561 3468 1617 facultates

1901 1641 2083 1695 virtuti
2110 1652 2480 1699 consentanea:
2505 1647 2559 1699 in
2604 1658 2783 1705 nostra
2814 1661 3074 1718 potestate
3099 1655 3237 1720 sint,
3273 1657 3325 1710 in
3371 1673 3467 1710 uo-

1903 1739 2013 1784 stra
2040 1746 2246 1800 quoque
2281 1743 2539 1800 potestate
2604 1735 2829 1797 virtutes
2900 1742 3009 1798 sint
3061 1758 3302 1800 .necesse
3362 1755 3462 1800 est.

1906 1819 2121 1887 l’rOprie
2147 1822 2286 1875 cnim
2317 1825 2368 1876 in
2396 1826 2613 1877 arbilrio
2644 1836 2827 1880 nostro
2865 1834 3162 1885 consistunt
3199 1848 3262 1887 ea
3289 1840 3465 1890 omnia

203 1941 321 1977 των
345 1925 416 1976 τὰ
442 1923 539 1993 μὲν
562 1922 846 1994 προσεχῶς
871 1920 1203 1984 ἐκϐλύζοντα
1225 1920 1321 1972 καὶ
1358 1921 1427 1989 τῇ
1454 1918 1639 1987 γεύσει
1668 1918 1795 1986 γλυ-

1908 1926 2021 1977 qua:
2070 1914 2298 1967 animum
2348 1915 2637 1983 attingunt,
2669 1925 2721 1970 et
2763 1918 2829 1972 de
2866 1920 3058 1992 quibus
3087 1925 3464 1984 deliberamus.

206 2018 339 2079 κέα,
376 2014 444 2067 τά
477 2015 533 2067 δὲ
594 2013 802 2083 βαθέως
857 2012 1189 2083 ἐξερχόμενα
1229 2010 1323 2063 καὶ
1359 2008 1727 2079 ἀλμυρίζοντα
1754 2009 1788 2077 ἢ

205 2106 546 2174 θεαφίζοντα
572 2104 706 2174 (12),
732 2104 826 2156 καὶ
857 2106 927 2155 τὰ
963 2102 1062 2170 μὲν
1084 2098 1330 2170 ἀφθόνως
1351 2100 1692 2169 ὲκδιδόμενα,
1722 2098 1794 2151 τά

201 2197 264 2251 δὲ
288 2195 431 2249 κατά
461 2195 655 2266 μικρὸν
679 2194 968 2257 στάζοντα·
997 2192 1173 2256 οὕτως
1206 2193 1299 2245 καὶ
1323 2194 1415 2244 ἐπὶ
1449 2191 1557 2243 τῶν
1591 2206 1788 2260 προαι-

206 2290 421 2360 ρέσεων
446 2287 576 2351 νόει,
612 2286 712 2349 τὰς
751 2285 848 2355 μὲν
877 2284 1101 2353 ταχείας
1148 2278 1289 2338 εἶναι
1324 2282 1418 2336 καὶ
1446 2281 1567 2335 λίαν
1592 2280 1793 2349 θερμο-

204 2379 404 2442 τάτας,
454 2376 553 2439 τὰς
599 2376 654 2428 δὲ
690 2374 908 2446 νωθράς
941 2373 1037 2427 καὶ
1100 2373 1339 2444 ψυχρὰς,
1392 2373 1487 2426 καὶ
1537 2372 1637 2434 τὰς
1699 2370 1798 2440 μὲν

205 2469 351 2530 ἰλως
390 2466 485 2518 ἐπὶ
517 2467 584 2518 τὰ
627 2465 770 2518 καλά
802 2466 901 2534 τὴν
961 2462 1134 2535 ῥοπὴν
1180 2462 1549 2533 κεκτημένας,
1593 2461 1692 2523 τὰς
1735 2460 1792 2512 δὲ

206 2558 352 2629 πρὸς
368 2558 430 2609 τὸ
469 2555 711 2610 ἐναντίον
742 2557 888 2626 πάσῃ
907 2554 1134 2626 δυνάμει
1186 2552 1603 2614 ἀποκλινούσας.
1637 2549 1792 2602 Κατά

207 2648 345 2717 γοῦν
370 2648 468 2710 τὰς
498 2646 678 2701 αὐτῶν
721 2646 1012 2711 διαθέσεις,
1056 2645 1153 2700 καὶ
1181 2645 1235 2697 αἱ
1264 2643 1401 2715 πρὸς
1431 2642 1530 2705 τὰς
1564 2638 1794 2711 πράξεις

207 2737 604 2794 ἀκολουθοῦσιν
636 2737 827 2806 ὁρμαί.

1906 2011 1986 2067 Ad
2033 2010 2177 2069 hunc
2215 2011 2374 2078 igitur
2401 2012 2613 2065 modum
2645 2012 2809 2066 libere
2851 2014 3275 2068 consultantibus
3305 2017 3475 2067 homi-

1905 2100 2085 2164 nibus,
2115 2114 2178 2154 ac
2203 2098 2369 2153 libera
2399 2100 2525 2161 item
2555 2099 2826 2154 voluntate
2850 2101 3186 2168 eligentibus,
3209 2111 3468 2171 quatenus

1904 2192 2163 2260 quispiam
2208 2190 2383 2259 eligit,
2436 2190 2693 2244 hactenus
2745 2205 2955 2258 quoque
3005 2192 3242 2245 divinam
3298 2194 3466 2247 lucem

1906 2281 2159 2349 percipit,
2188 2290 2347 2349 atque
2376 2279 2429 2333 in
2461 2280 2808 2348 philosophia:
2837 2281 3026 2335 studiis
3058 2296 3366 2352 progressus
3394 2284 3470 2335 fa-

1902 2373 1993 2427 cit.
2025 2370 2179 2426 Varia
2209 2371 2351 2425 enim
2372 2370 2692 2455 electionum
2721 2379 2843 2424 sunt
2871 2386 3087 2440 genera.
3121 2372 3186 2425 Et
3215 2375 3468 2437 quemad-

1907 2461 2118 2517 modum
2161 2461 2372 2529 quidam
2426 2474 2679 2528 aquarum
2718 2461 2893 2515 fontes
2920 2475 2953 2515 e
2982 2470 3138 2514 terrae
3179 2460 3469 2516 visceribus

1905 2552 2292 2615 scaturrientes,
2347 2552 2531 2619 partim
2582 2566 2611 2605 e
2658 2552 2938 2619 superﬁcie
2992 2560 3153 2606 terra:
3200 2552 3465 2616 oriuntur,

1905 2640 2091 2707 partim
2121 2642 2389 2709 aliquanto
2427 2640 2758 2709 profundius,
2797 2642 2987 2709 partim
3029 2641 3468 2710 profundissime;

1900 2738 2059 2797 atque
2106 2729 2293 2784 harum
2341 2744 2592 2799 aquarum
2637 2730 2755 2785 alite
2794 2745 2825 2785 e
2872 2732 3173 2801 propinquo
3219 2742 3470 2786 emanant

212 2831 495 2889 gustuque
522 2822 627 2871 dult
648 2836 706 2873 es
732 2828 883 2885 sunt,
917 2819 1037 2873 alite
1062 2835 1126 2874 ex
1158 2820 1269 2875 imo
1307 2829 1506 2875 exeunt
1538 2835 1599 2874 ac
1634 2820 1791 2875 salsae
1826 2830 1919 2874 aut
1955 2822 2264 2891 sulphurea:
2295 2829 2446 2886 sunt,
2482 2830 2643 2890 atque
2688 2822 2816 2877 item
2867 2822 2988 2876 alias
3038 2822 3311 2877 uberrime
3341 2838 3471 2893 pro-

209 2912 413 2973 ﬂuunt,
465 2911 584 2963 alia:
638 2907 899 2977 paulatim
955 2907 1199 2973 stillant;
1264 2908 1455 2963 eodem
1497 2908 1659 2963 modo
1708 2909 1759 2961 iu
1800 2908 2158 2964 cleetionihus
2197 2924 2413 2979 quoque
2442 2911 2643 2979 cogita,
2686 2910 2821 2964 alias
2859 2910 3064 2967 celeres
3105 2926 3169 2968 ac
3209 2928 3467 2984 perquam

212 3004 458 3058 fervidas
502 3017 644 3065 esse,
686 3001 822 3055 alias
860 3014 1056 3069 segnes
1086 3008 1142 3053 et
1180 2999 1424 3069 frigidas.
1459 3014 1524 3055 ac
1565 3016 1781 3055 rursum
1820 3001 1956 3055 alias
1982 3001 2049 3055 ad
2088 3002 2341 3057 virtutem
2376 3002 2601 3056 omnino
2639 3016 2966 3072 propensae,
2996 3002 3136 3057 alias
3172 3004 3238 3058 ad
3275 3005 3465 3059 vitium

208 3096 474 3148 omnibus
524 3094 739 3148 viribus
795 3091 1109 3147 inclinatas.
1152 3090 1322 3160 Igitur
1363 3092 1555 3161 quales
1592 3106 1781 3145 earum
1824 3089 2137 3147 allec-tiones
2181 3104 2331 3158 sunt,
2386 3092 2521 3147 tales
2561 3107 2779 3162 quoque
2808 3093 2875 3147 ad
2917 3095 3185 3163 agendum
3229 3074 3462 3165 impetus

207 3196 653 3255 consequuntur.

280 3282 443 3333 ΚΕΦ.
484 3282 600 3347 ις’.
631 3278 797 3347 Λέγει
816 3279 873 3333 δὲ
902 3280 931 3334 ὁ
973 3278 1207 3348 Ἰωάσαφ
1232 3279 1368 3350 πρὸς
1396 3279 1490 3332 τὸν
1521 3279 1788 3349 γέροντα·

1975 3280 2105 3334 Cn.
2136 3276 2369 3332 XVl.-
2409 3275 2551 3330 Dixit
2599 3282 2778 3328 autem
2829 3272 2897 3327 ad
2945 3285 3131 3327 senem
3176 3268 3482 3338 Josapltat:

210 3370 369 3425 Εἰσὶν
398 3366 491 3422 οὖν
540 3369 635 3422 καὶ
676 3370 854 3440 ἕτεροί
901 3386 1046 3431 τινες
1070 3368 1181 3437 (15)
1223 3366 1319 3419 νῦν
1358 3368 1406 3419 οἱ
1450 3366 1590 3419 κατά
1627 3364 1795 3416 ταῦτα

1908 3372 2116 3426 Suntne
2140 3372 2302 3425 etiam
2334 3368 2422 3422 alii
2461 3366 2728 3426 nonnulli.
2780 3364 2873 3434 qui
2900 3363 3088 3419 eadem
3120 3376 3240 3430 quae
3264 3369 3331 3414 tu
3352 3375 3489 3428 prae-

209 3460 582 3530 κηρύττοντες
620 3459 808 3529 ὥσπερ
834 3458 926 3526 ad;
951 3460 984 3530 ῆ
1022 3459 1182 3529 μόνος
1208 3454 1258 3510 εἶ
1303 3459 1546 3528 σήμερον
1577 3459 1604 3509 ὁ
1626 3455 1795 3509 ταῦτα

1908 3464 2107 3529 dicent,
2152 3478 2219 3515 an
2254 3475 2383 3515 vero
2424 3469 2478 3511 tu
2532 3456 2795 3511 hodierno
2824 3455 2913 3509 die
2959 3454 3114 3508 solus
3146 3466 3206 3505 es
3235 3451 3330 3519 qui
3374 3450 3489 3504 haec

207 3552 507 3615 διδάσκων,
541 3550 635 3604 καὶ
674 3549 850 3611 οὕτως
896 3550 1122 3620 μισητὸν
1145 3549 1238 3602 τὸν
1271 3551 1516 3619 παρόντα
1565 3546 1676 3617 βίον
1721 3546 1795 3598 δι-

208 3642 557 3713 ηγούμενος;
603 3640 763 3712 134
806 3640 863 3694 Ὀ
900 3641 957 3693 δὲ
1007 3639 1327 3711 ἀποκριθεὶς
1377 3634 1565 3690 εἶπεν·
1615 3638 1702 3690 Ἑν
1731 3639 1797 3708 τῇ

209 3736 342 3790 καθ’
371 3738 513 3803 ὑμᾶς
528 3735 932 3806 δυστυχεστάτη
954 3734 1107 3805 χώρα
1120 3735 1294 3807 ταύτῃ
1309 3732 1501 3799 ορδένα
1520 3734 1797 3800 γινώσκω.

218 3829 292 3881 Ἦ
331 3826 442 3896 γὰρ
474 3826 566 3879 τοῦ
601 3826 694 3879 σοῦ
760 3827 967 3896 πατρὸς
1013 3826 1267 3896 τυραννὶς
1314 3825 1531 3896 μυρίοις
1565 3822 1787 3886 τούτους

210 3914 473 3978 θανάτοις
502 3913 821 3985 περιέὸαλιε,
851 3914 948 3968 καὶ
982 3913 1143 3984 ἔργον
1187 3913 1337 3967 ἔθετο
1389 3914 1464 3985 μὴ
1494 3913 1555 3966 τὸ
1583 3914 1799 3966 σύνολον

208 4007 517 4062 ἀκούεσθαι
548 4008 605 4060 ἐν
637 4008 767 4077 ὑμῖν
795 4006 856 4059 τὸ
888 4006 987 4073 τῆς
1023 4004 1358 4073 θεογνωσίας
1381 4006 1664 4074 κήρυγμα.
1710 4005 1800 4056 Ἐν

208 4099 426 4161 πάσαις
449 4098 507 4151 δὲ
529 4099 651 4160 ταῖς
690 4100 909 4160 λοιπαῖς
938 4094 1214 4163 γλώσσαις
1265 4095 1452 4165 ᾄδεται
1475 4094 1649 4146 ταῦτα
1706 4093 1805 4145 καὶ

206 4186 524 4255 δοξάζεται,
582 4183 663 4251 οἷς
712 4187 810 4258 μὲν
851 4186 1128 4257 όρθοτάτῳ
1167 4185 1332 4255 λόγῳ,
1390 4184 1571 4246 ἄλλοις
1635 4183 1689 4235 δὲ
1720 4182 1800 4234 δι-

208 4279 638 4349 εστραμμένους,
695 4279 790 4331 τοῦ
840 4279 1099 4347 πολεμίου
1153 4277 1264 4329 τῶν
1299 4275 1581 4345 ἡμετέρων
1615 4273 1803 4342 ψυχῶν

210 4372 493 4426 ἐκκλίνειν
532 4371 730 4433 αὐτοὺς
763 4370 865 4437 τῆς
885 4369 1100 4431 εὐθείας
1132 4368 1503 4437 ποιησαμένου
1534 4367 1627 4419 καὶ
1645 4366 1801 4419 ἁλλο-

211 4466 402 4535 τρίαις
442 4461 963 4531 γεαταμερισαμένου
1011 4460 1209 4523 δόξαις,
1259 4460 1355 4512 καὶ
1404 4460 1594 4529 ῥήσεις
1650 4457 1803 4519 τινὰς

210 4556 329 4608 τῶν
360 4553 596 4624 Γραφῶν
624 4553 798 4614 ἄλλως
831 4553 925 4604 καὶ
951 4552 1010 4604 οὐ
1043 4551 1183 4604 κατά
1218 4550 1308 4603 τὸν
1334 4544 1653 4619 ἐγκείμενον
1679 4547 1803 4601 νοῦν

1908 3556 2096 3619 doces,
2122 3568 2186 3607 ac
2218 3560 2541 3621 praesentem
2571 3552 2739 3602 vitam
2767 3557 2942 3615 usque
2968 3540 3487 3599 adeoaversandam

1910 3655 2074 3717 atque
2121 3646 2249 3699 odio
2292 3640 2665 3699 insectandam
2721 3654 2842 3695 esse
2885 3635 3117 3691 mones?
3164 3634 3259 3690 Ille
3302 3641 3487 3687 autem

1913 3739 1978 3792 ad
2026 3738 2172 3791 hunc
2216 3735 2437 3790 modum
2484 3732 2768 3801 respondit
2796 3747 2809 3783 ε
2835 3728 2894 3781 1η
2934 3728 3040 3782 hac
3080 3734 3261 3782 vestra
3302 3724 3485 3778 infeli-

1915 3829 2137 3893 cissima
2200 3826 2425 3893 regione
2472 3823 2748 3877 neminem
2799 3819 2949 3874 novi.
2994 3818 3130 3871 Nam
3187 3816 3356 3884 patris
3406 3816 3484 3868 tui

1913 3919 2163 3991 tyrannis
2192 3916 2501 3973 innumeris
2547 3913 2744 3967 mortis
2785 3909 3082 3980 generibus
3126 3922 3222 3961 eos
3250 3907 3487 3959 mulcta-

1910 4012 2011 4075 ‘vit,
2043 4009 2300 4075 deditque
2341 4018 2560 4073 Operam
2610 4017 2678 4056 ne
2704 4014 2931 4070 prorsus
2975 3998 3118 4052 inter
3164 4011 3262 4051 vos
3291 3994 3488 4048 divinae

1915 4099 2245 4171 cognitionis
2282 4095 2600 4167 praedicatio
2622 4092 2927 4147 audiretur.
2948 4088 3105 4159 Apud
3129 4088 3368 4156 reliquas
3387 4101 3487 4139 au-

1913 4200 2021 4246 tem
2044 4187 2291 4243 nationes
2319 4186 2432 4239 haec
2462 4189 2757 4238 cantantur
2785 4195 2849 4235 ac
2883 4179 3254 4241 celebrantur,
3275 4177 3342 4229 ab
3364 4176 3487 4229 aliis

1910 4279 2133 4351 quidem
2161 4275 2469 4332 rectissima
2498 4251 2737 4336 raiione,
2755 4270 2823 4324 ab
2844 4268 2967 4323 aliis
2998 4275 3181 4322 autem
3210 4280 3487 4336 perverse,

1910 4369 2244 4437 quippecum
2258 4364 2564 4419 animarum
2578 4370 2895 4416 nostrarum
2910 4355 3487 4413 hostiscosarectavia

1912 4472 2255 4515 transversos
2272 4456 2646 4527 egerit,atque
2667 4452 2722 4507 in
2747 4451 2956 4507 alienas
2976 4448 3266 4519 opiniones
3285 4446 3491 4502 divise-

1912 4547 2350 4616 rit,eosqueloca
2364 4544 2610 4614 quaedam
2622 4540 2822 4595 divinae
2841 4538 3139 4608 Scripturae
3152 4538 3311 4592 aliter
3327 4550 3488 4605 quam

217 4644 662 4717 μεθερμηνεύειν
705 4642 1036 4708 διδάξαντος.
1072 4643 1188 4696 Μία
1216 4641 1271 4694 δέ
1300 4643 1449 4694 ἐστιν
1478 4643 1509 4712 ἡ
1547 4641 1795 4712 ἀλήθεια,

1912 4655 2202 4711 germanus
2228 4651 2426 4693 sensus
2453 4635 2613 4699 ferat,
2638 4631 2989 4700 interpretari
3021 4630 3286 4684 docuerit.
3316 4629 3490 4682 (laete-

215 4744 251 4809 ἡ
312 4736 659 4809 κηρυχθεῖσα
684 4736 771 4789 διὰ
802 4736 910 4787 τῶν
943 4734 1170 4798 ἐνδόξων
1210 4733 1522 4787 ἀποστόλων
1559 4736 1655 4787 καὶ
1680 4734 1790 4786 τῶν

212 4829 510 4898 θεοφόρων
535 4828 823 4898 Πατέρων,
847 4827 944 4879 καὶ
983 4828 1040 4878 ὲν
1076 4827 1145 4894 τῇ
1190 4825 1451 4895 καθολικῇ
1499 4826 1799 4895 Ἐκκλησία

212 4925 288 4992 τῇ
325 4920 440 4972 ἀπὸ
466 4918 717 4989 περάτων
745 4918 850 4980 ἕως
879 4917 1136 4987 περάτων
1157 4916 1254 4986 τῆς
1294 4916 1618 4985 οἰκουμένης
1652 4917 1801 4985 ἡλίου

219 5010 586 5080 φαιδρότερον
637 5009 1038 5079 διαλάμπουσα,
1079 5004 1263 5081 ἧσπερ
1318 5006 1431 5076 ἐγὼ
1486 5006 1661 5079 κήρυξ
1705 5009 1800 5061 καὶ

216 5100 552 5163 διδάσκαλος
578 5100 893 5171 ἀπεστάλην
929 5118 1033 5156 σοι.

293 5189 437 5248 Εἷπε
471 5193 527 5246 δὲ
554 5195 582 5245 ό
609 5194 842 5262 Ἰωάσαιρ
880 5194 1015 5263 πρὸς
1044 5192 1204 5247 αὐτόν
1235 5210 1249 5225 ·
1283 5191 1451 5246 Οὐδὲν
1475 5188 1570 5247 οὖν
1599 5193 1803 5247 τούτων

216 5291 247 5342 ὁ
277 5284 417 5355 ἐμὸς
446 5285 734 5356 μεμάθηκε
778 5289 998 5357 πατήρ;

1913 4744 2032 4783 rum
2068 4741 2177 4782 una
2194 4734 2280 4781 est
2316 4724 2678 4791 \'eritas,qua2
2715 4721 2785 4778 ab
2810 4718 3117 4773 illustribus
3144 4717 3406 4784 apostolis
3437 4725 3491 4767 et

1911 4817 2110 4873 divinis
2139 4814 2390 4870 Patribus
2412 4812 2704 4883 praedicata
2729 4819 2832 4873 est,
2855 4816 2908 4863 et
2931 4808 2985 4861 in
3013 4805 3299 4869 catholica,
3327 4811 3501 4873 atque

1912 4910 1982 4965 ab
2025 4906 2289 4963 extremis
2320 4904 2472 4960 orbis
2499 4902 2698 4959 ﬁnibus
2740 4900 2808 4955 ad
2849 4907 3126 4955 extremos
3152 4912 3325 4967 usque
3355 4896 3499 4949 lines.

1911 4997 2105 5055 diﬁ‘usa
2125 4996 2370 5052 Ecclesia
2398 4995 2513 5051 sole
2533 4992 2872 5065 splendidius
2893 4990 3052 5045 lucet.
3080 4988 3252 5054 Quam
3271 4985 3495 5055 quidem

1910 5108 2012 5164 ego
2032 5102 2090 5147 ut
2109 5091 2207 5146 tibi
2229 5088 2581 5160 praedicarem
2598 5101 2661 5140 ac
2676 5085 2967 5146 traderem,
2981 5080 3047 5137 ad
3064 5090 3114 5135 te
3128 5079 3330 5133 missus
3345 5090 3464 5129 sum
3477 5110 3497 5127 ..

1987 5186 2136 5241 Dixit
2182 5192 2363 5238 autem
2416 5181 2484 5235 ad
2534 5195 2656 5235 eum
2688 5178 2953 5248 Josapbat
2990 5189 3004 5227 :
3038 5171 3258 5225 Nihilne
3294 5169 3495 5222 horum

1920 5288 2078 5349 pater
2109 5293 2265 5332 meus
2298 5288 2536 5343 unquam
2562 5268 2801 5325 didicit?

305 5424 416 5504 (lg)
456 5421 517 5481 C.
550 5422 657 5504 εἴτε
685 5424 1043 5504 ἀφανίζοντα..
1065 5422 1275 5504 Μοκιϐ,
1309 5423 1668 5504 σταλάζοντα.
1705 5423 1795 5477 Pat

1915 5428 2002 5497 pio
2027 5429 2454 5504 etaiam-mmihi
2488 5430 2588 5484 loci
2621 5429 2925 5504 Sophoclei,
2956 5429 3133 5504 Aiacis
3168 5432 3342 5504 initio,
3378 5450 3487 5489 me-

223 5492 404 5576 moria
441 5502 771 5576 renovatur:
802 5496 961 5576 ’Ἄρτι
985 5494 1094 5564 γὰρ
1127 5492 1423 5576 ἀνῂρνεῖσω
1458 5497 1739 5576 τυγχάνει,
1767 5513 1795 5547 κ

1908 5492 2156 5576 [στάζων
2197 5499 2399 5576 ἱδρῶτι.
2430 5498 2483 5551 lu
2533 5514 2639 5576 quo
2671 5492 2759 5576 qui
2802 5492 3016 5553 voluere
3048 5499 3198 5576 juugi
3234 5492 3495 5576 τυγχάνει

224 5565 379 5647 κάρᾳ
407 5560 750 5647 efﬁgia?!)
807 5560 1143 5647 COsztautem
1198 5560 1652 5647 hujusverhi'ac
1682 5560 2475 5647 participiinso'cietatém,jam
2522 5560 2657 5625 satis
2688 5560 2905 5622 inerunt
2948 5560 3227 5625 verbisvex
3273 5560 3492 5629 ΕἸἶῖεεοιςι

230 5632 482 5713 τεετσιίῖξῑίν
515 5632 629 5713 Νὖξ
648 5632 692 5685 δ’
723 5635 941 5702 ἀγροῖσι
970 5633 1250 5703 τυγχάνει,
1284 5634 1511 5713 aliisque
1553 5635 1818 5713 exemplis
1858 5632 2140 5713 parilihus.
2162 5632 2379 5713 AQuibus'
2413 5650 2466 5693 et
2498 5639 2866 5713 reponendum
2913 5639 3144 5713 videtur.
3180 5643 3349 5695 multo
3378 5660 3497 5696 ma-

226 5704 325 5773 δίε
343 5704 417 5783 ἓελ
458 5717 572 5783 re")
605 5702 964 5783 latqrgatttus!
996 5702 1115 5783 εἶδεε
1141 5707 1496 5783 οΡΡῖπιυηίιιε
1524 5704 1567 5757 Si
1606 5702 1886 5783 Itlpglcalttr
1911 5706 2127 5777 Ulysses
2144 5702 2215 5783 de
2242 5719 2457 5783 r_e_centc
2482 5702 2658 5783 Aiacis
2690 5710 2738 5762 in
2770 5710 3058 5783 tentorium
3085 5704 3282 5779 reditu,
3306 5716 3491 5769 addita

228 5770 435 5849 capitis
466 5772 663 5849 sudore
691 5770 981 5849 diﬁluentis
1010 5770 1397 5835 descriptione.
1429 5790 1587 5842 quam
1625 5778 1668 5828 si
1699 5775 1749 5829 id
1786 5775 1858 5830 illi
1891 5770 2095 5832 lanium
2138 5778 2473 5849 signiﬁcetur
2508 5770 2687 5849 Ajacis
2721 5789 2881 5848 caput
2902 5776 3016 5848 jam
3042 5783 3261 5841 sudare.

312 5841 428 5913 (15)
457 5843 522 5907 Α,
553 5840 702 5896 ἄλλοι
736 5845 896 5904 τινές.
