3932 6384
467 438 475 461 ι
518 370 624 431 aia

1933 359 2287 422 ADDENDA
2301 406 2315 421 .

3628 348 3773 412 tum

565 487 854 560 Respondit
882 501 1081 543 senex:
1106 487 1388 555 Perspicue
1417 486 1662 555 quidem,
1690 494 1849 554 atque
1876 494 1931 539 ut
1962 502 2050 554 par

2232 469 2343 523 Καί
2363 486 2529 541 φησιν
2557 472 2587 524 ό
2607 468 2784 538 γέρων
2804 484 2817 498 θ
2850 466 3079 538 Τρανῶς
3108 468 3207 538 μὲν
3229 469 3327 522 καὶ
3348 469 3763 541 προσηκόντως

492 592 633 651 erat,
666 559 796 636 nihil
840 581 1043 635 didicit.
1085 579 1324 634 Occlusis
1368 580 1510 633 enim
1558 578 1823 642 sensibus,
1855 578 2050 632 bonum

2163 560 2313 613 οὐδὲν
2343 561 2635 632 μεμάθηκε
2654 578 2667 591 ·
2701 560 2844 630 βύων
2873 560 2981 629 γὰρ
2998 559 3099 622 τὰς
3119 559 3427 629 αίσθήσεις,
3452 562 3515 614 τὸ
3544 562 3767 629 ἀγαθὼ

496 678 562 731 de
591 675 845 731 industria
875 673 1153 742 repudiat,
1182 683 1345 742 atque
1388 673 1441 726 in
1470 674 1667 726 malum
1696 671 1858 725 libera
1888 669 2054 725 animi

494 767 793 821 inductione
823 764 1137 834 propendet.

558 877 623 930 At
651 876 871 943 vellem,
918 877 1089 943 inquit
1115 876 1406 946 Josaphat,
1439 876 1526 929 ille
1564 889 1774 944 quoque
1819 874 1918 929 hac
1959 874 2056 928 do-

489 967 652 1020 ctrina
680 966 1022 1019 imbueretur.

560 1063 851 1131 Respondit
880 1077 1041 1117 senex
1069 1079 1084 1117 :
1112 1064 1240 1118 Haec
1269 1064 1403 1132 apud
1438 1063 1682 1118 homines
1706 1070 1828 1115 sunt
1856 1063 2054 1130 impos-

489 1152 696 1217 sibilia;
726 1153 862 1219 apud
898 1154 1059 1206 Deum
1093 1164 1267 1206 autem
1320 1154 1445 1207 nihil
1476 1163 1557 1207 est
1595 1152 1736 1218 quod
1785 1152 1899 1206 ﬁeri
1940 1142 2051 1204 non

495 1245 659 1309 possit
684 1242 1063 1320 (Μαίίίιῖκικ).
1096 1244 1293 1311 Ecquid
1340 1243 1481 1297 enim
1520 1244 1626 1298 scis
1653 1241 1960 1297 futurumne
1988 1244 2055 1294 sit

493 1340 545 1382 nt
575 1332 705 1397 patri
739 1340 827 1384 tuo
854 1332 1075 1384 salutem
1107 1329 1317 1399 afferas,
1346 1339 1506 1397 atque
1549 1330 1858 1384 admirando
1897 1329 2057 1383 modo

493 1424 654 1490 patris
680 1422 750 1475 tui
781 1430 928 1489 pater
951 1421 1160 1475 tandem
1187 1420 1425 1474 voceris?
1451 1420 1729 1474 Narratum
1754 1422 1895 1475 enim
1924 1418 2055 1473 mihi

491 1525 571 1568 cst
600 1530 776 1583 regem
819 1516 1099 1582 quemdam
1128 1515 1419 1577 exstitisse,
1456 1513 1543 1580 qui
1587 1512 1839 1579 praeclare
1867 1510 2054 1563 admo-

489 1604 615 1658 dum
646 1605 841 1673 regiam
871 1618 1020 1656 suam
1044 1603 1349 1669 dignitatem
1375 1600 1807 1664 administrabat,
1840 1599 2056 1653 leniter-

491 1710 596 1760 que
624 1709 684 1745 ac
717 1692 921 1756 placide
952 1691 1200 1758 pepulum
1227 1705 1312 1757 qm
1347 1690 1512 1757 ipsius
1538 1687 1723 1741 ditioni
1758 1697 1918 1754 atque
1959 1688 2055 1741 im-

493 1784 642 1847 perio
670 1781 883 1831 suberat
914 1778 1197 1840 tractabat,
1240 1778 1290 1830 in
1326 1780 1423 1830 hac
1466 1786 1637 1831 autem
1680 1791 1782 1830 una
1821 1793 1877 1831 re
1908 1778 2051 1830 labe-

497 1872 667 1929 batur,
691 1869 827 1934 quod
860 1867 1047 1920 divina:
1079 1868 1389 1933 cognitionis
1414 1868 1608 1919 lumine
1630 1878 1864 1921 careret.
1895 1879 2050 1926 atqu:-

486 1956 745 2008 idolorutn
777 1957 917 2007 cultu
950 1953 1267 2007 constrictus
1295 1961 1582 2005 teneretur.
1618 1952 1747 2006 Erat
1783 1959 1960 2005 autem
1990 1950 2040 2005 ei

479 2044 674 2109 probus
704 2044 913 2110 quidam
959 2042 1306 2106 consiliarius,
1339 2055 1401 2093 ac
1448 2053 1554 2094 tum
1584 2055 1704 2107 erga
1738 2041 1902 2094 Deum
1932 2041 2045 2106 pie-

480 2142 605 2196 tttte,
640 2147 746 2185 tum
779 2134 989 2186 caeteris
1031 2133 1313 2187 virtutibus
1358 2134 1746 2197 ornatissimus,
1786 2135 1874 2202 qui
1919 2147 2041 2187 cum

475 2226 616 2289 regis
645 2237 826 2275 errore
854 2234 1154 2289 angeretur,
1202 2236 1428 2290 eumque
1473 2222 1792 2290 permoleste
1839 2221 2041 2288 ferret,

478 2322 633 2378 atque
665 2313 836 2377 ipsum
870 2312 971 2364 hoc
1003 2312 1217 2365 nomine
1243 2327 1530 2381 coarguere
1562 2314 1614 2365 iu
1652 2312 1831 2365 animo
1879 2312 2043 2366 habe-

478 2409 595 2461 ret,
630 2410 804 2452 tamen
838 2399 933 2451 hac
959 2400 1026 2452 de
1063 2413 1218 2452 causa
1247 2414 1367 2454 sese
1407 2401 1756 2467 reprimebat,
1783 2400 1922 2468 quod
1951 2416 2047 2453 ve-

479 2500 703 2548 reretur.
732 2506 795 2542 nc
818 2490 994 2543 et’sibi
1018 2500 1070 2543 et
1096 2489 1253 2543 sociis
1275 2491 1387 2543 suis
1412 2491 1700 2557 perniciem
1722 2500 2041 2557 accerseret,

479 2592 705 2645 eamque
737 2579 1014 2631 utilitatem
1043 2593 1159 2645 quae
1187 2593 1250 2631 ex
1292 2579 1406 2647 ipso
1435 2580 1498 2632 ad
1535 2580 1668 2633 alios
1705 2582 2049 2649 promanabat

481 2676 796 2731 amputaret.
822 2667 1164 2721 Occasionem
1190 2680 1364 2722 autem
1390 2670 1733 2725 nihilominus
1754 2674 2045 2740 quaerebat,

480 2769 581 2819 qua
629 2754 908 2808 commode
952 2755 1121 2824 ipsum
1168 2757 1232 2809 ad
1275 2756 1469 2811 bonum
1517 2761 1871 2827 pertraheret.
1906 2761 2042 2816 Dixit

481 2843 640 2912 igitur
682 2852 838 2898 nocte
864 2847 1089 2913 quadam
1120 2846 1186 2900 ad
1230 2861 1348 2900 eum
1381 2863 1471 2901 rex
1500 2865 1519 2899 ι
1556 2849 1852 2913 Adesdum,
1890 2866 2044 2919 egre-

484 2938 711 3003 ὼειιιυτ,
738 2950 801 2990 ac
825 2938 1087 2992 civitatem
1112 2940 1520 3006 circumeamus,
1548 2956 1674 2995 num
1699 2942 1831 2997 ωηο
1852 2943 2046 3012 aliquid

482 3027 627 3093 quod
655 3027 709 3081 in
741 3044 850 3082 rem
892 3030 1125 3083 futurum
1158 3032 1225 3085 sit
1265 3031 1668 3100 perspiciamus.
1702 3034 1833 3087 Cum
1873 3045 2047 3087 autem

484 3117 560 3170 illi
593 3133 683 3184 per
714 3120 897 3174 urbem
938 3120 1372 3187 obatnbulareut,
1414 3122 1547 3177 lucis
1590 3123 1927 3192 splendorem
1961 3138 2052 3190 per

490 3210 725 3263 foramen
778 3211 1042 3280 quoddam
1100 3215 1389 3266 radiantem
1447 3225 1717 3269 cernunt:
1761 3213 1881 3278 cui,
1929 3229 2047 3268 cum

482 3297 1011 3363 oculos'adjecisseut
1028 3340 1043 3363 ,
1072 3300 1474 3355 subterraneum
1500 3302 1763 3372 quoddam
1787 3314 1844 3357 et
1869 3318 2054 3357 cavcr-

486 3401 675 3440 nosum
701 3388 1025 3442 domicilium
1059 3392 1452 3457 conspicantur,
1485 3398 1535 3447 iit
1583 3411 1686 3463 quo
1729 3397 2050 3463 praesidebat

485 3475 566 3527 vir
597 3476 808 3543 quidam
838 3486 1076 3532 extrema
1108 3481 1283 3547 inopia
1313 3481 1581 3549 laborans,
1621 3498 1684 3537 ac
1709 3484 1902 3539 vilibus
1932 3488 2050 3555 qui-

488 3567 708 3621 busdam
750 3577 807 3622 et
857 3569 1047 3624 laceris
1093 3572 1279 3638 pannis
1324 3574 1559 3630 indutus.
1607 3577 1830 3633 Astabat
1874 3589 2050 3635 autem

487 3657 654 3726 ipsius
684 3674 833 3721 uxor,
860 3660 1035 3713 vinum
1069 3664 1164 3730 ipsi
1199 3674 1519 3732 temperans.
1553 3665 1789 3737 Cumque
1820 3669 1934 3738 ipse
1962 3685 2055 3739 po-

487 3749 662 3801 culum
695 3750 937 3804 manibus
963 3753 1285 3819 accepisset,
1316 3754 1403 3807 illa
1443 3769 1605 3811 suave
1646 3758 1913 3826 quoddam
1938 3775 2055 3815 car-

488 3852 610 3890 tucn
637 3852 852 3905 canens,
884 3841 1204 3908 voluptatem
1236 3844 1332 3911 ipsi
1360 3844 1643 3910 afferebat,
1671 3848 1871 3905 saltans
1898 3850 2055 3904 nimi-

487 3943 643 3994 rum,
692 3944 754 3982 ac
811 3932 1056 3985 maritqu
1105 3932 1347 3987 laudibus
1396 3934 1677 3992 deliniens.
1732 3939 1845 3995 Rex
1896 3942 2054 4011 igitur

486 4025 863 4095 aiiquantisper
895 4027 1007 4082 lucc
1049 4031 1393 4100 perspiciens,
1426 4034 1717 4089 mirabatur
1744 4035 1885 4104 quod
1931 4049 2051 4089 cum

488 4122 632 4169 tanta
659 4127 895 4186 egestate
922 4130 1303 4186 premerentur,
1334 4132 1421 4199 ut.
1438 4140 1534 4178 nec
1555 4125 1744 4178 domus
1768 4139 1866 4179 nec
1891 4126 2055 4179 vestis

489 4203 618 4270 ipsis
642 4215 946 4274 suppeteret
963 4247 976 4269 ,
1007 4214 1183 4260 tamen
1206 4224 1371 4276 usque
1394 4212 1526 4265 adeo
1557 4212 1727 4265 letam
1754 4219 1809 4265 et
1832 4211 2052 4265 hilarem

488 4294 651 4347 vitam
680 4294 953 4349 ducerent.
987 4296 1159 4363 Atque
1199 4298 1263 4351 ad
1294 4298 1599 4368 primarium
1626 4314 1778 4353 suum
1809 4301 2055 4353 consilia-

490 4385 625 4439 rium
676 4385 759 4439 his
798 4387 973 4440 verbis
1016 4388 1216 4442 utitur:
1248 4390 1293 4444 0
1338 4405 1449 4445 rem
1499 4392 1721 4454 miram,
1768 4405 1803 4447 ο
1850 4392 2051 4446 amice!

490 4474 631 4542 quod
656 4475 888 4542 scilicet,
916 4493 1015 4534 nec
1041 4480 1167 4534 mihi
1187 4524 1201 4550 ,
1230 4496 1327 4536 nec
1351 4482 1475 4548 tibi,
1509 4482 1613 4536 vita
1639 4491 1841 4550 nostra,
1869 4498 2047 4553 quam-
2088 4499 2133 4555 ι)

492 4566 573 4618 vis
602 4567 799 4635 alioqui
838 4575 980 4623 tanta
1010 4571 1174 4639 gloria
1215 4583 1268 4627 et
1293 4571 1498 4628 deliciis
1524 4580 1580 4628 et
1610 4574 1875 4643 voluptate
1899 4575 2052 4627 undi-

489 4671 595 4725 que
639 4658 933 4725 collucens,
979 4676 1146 4731 usque
1192 4663 1328 4719 adeo
1383 4679 1613 4735 unquam
1667 4664 1956 4733 placuerit,
2001 4677 2056 4716 ut

488 4747 606 4801 vilis
638 4747 751 4801 haec
786 4758 841 4801 et
879 4765 1178 4806 aerumnosa
1217 4756 1319 4805 vita
1367 4754 1623 4810 vecordes
1668 4754 1799 4808 istos
1827 4754 2055 4809 oblectat

486 4849 540 4893 et
564 4840 851 4905 exliilarat,
884 4849 939 4893 ut
967 4856 1105 4909 qum,
1138 4845 1347 4897 tametsi
1374 4844 1568 4914 alioqui
1599 4860 1787 4914 aspera
1824 4853 1879 4899 et
1902 4859 2053 4898 aver-

488 4929 673 4997 sanda,
704 4926 874 4983 facilis
905 4930 1037 4999 ipsis
1066 4946 1129 4986 ac
1172 4932 1363 4987 blanda
1394 4935 1656 4990 videatur.
1689 4936 2050 5005 Opportunam

483 5031 662 5076 autem
696 5021 879 5077 horam
924 5032 1111 5079 nactus
1157 5026 1405 5094 princeps
1448 5027 1538 5082 ille
1575 5026 1933 5091 consiliarius,
1978 5025 2056 5077 in-

2157 648 2299 702 ὲκὼν
2338 651 2400 701 οὐ
2433 649 2814 721 προσδέχεται,
2846 648 2984 720 πρὸς
3025 648 3086 701 τὸ
3136 649 3306 702 κακὸν
3331 649 3761 723 αὐτοπροαιρέ-

2155 757 2265 803 τως
2295 740 2393 811 τὴν
2416 742 2589 811 ῥοπὴν
2614 739 2979 812 κεκτημένος.

2243 830 2383 884 Ἀλλ’
2417 830 2629 903 ἠθελον,
2682 832 2867 902 φησὶν
2902 833 2931 885 ὁ
2969 831 3227 901 Ἰωάσαφ,
3263 832 3520 887 κάκεῖνον
3580 836 3764 891 ταῦτα

2160 921 2456 993 μυηθῆναι,
2522 932 2525 937 ’

2243 1012 2302 1065 '0
2327 1013 2384 1067 δὲ
2411 1012 2473 1081 γέ
2484 1030 2590 1082 ρων
2610 1031 2623 1045 ο
2644 1014 2727 1069 Τὰ
2752 1013 2902 1085 παρὰ
2927 1015 3258 1086 ἀνθρώποις,
3281 1010 3462 1080 εἶπεν,
3487 1018 3760 1083 ἀδύνατα,

2159 1102 2311 1172 παρὰ
2350 1102 2428 1172 τῷ
2455 1102 2574 1172 Θεῷ
2601 1102 2782 1156 πάντα
2802 1104 3009 1158 δυνατά
3042 1107 3159 1159 ἐστι
3180 1105 3317 1176 (14).
3354 1106 3420 1157 Τί
3464 1109 3585 1178 γὰρ
3614 1105 3763 1171 οἶδας

2161 1192 2210 1245 εί
2239 1192 2303 1244 σὺ
2331 1190 2528 1254 σώσεις
2559 1191 2650 1244 τὸν
2685 1192 2898 1264 πατέρα
2948 1210 3066 1259 σου,
3101 1195 3193 1246 καὶ
3231 1196 3425 1265 τρόπῳ
3456 1195 3762 1267 θαυμασίῳ

2159 1283 2439 1353 γεννήτωρ
2455 1283 2548 1336 τοῦ
2574 1281 2669 1335 σοῦ
2688 1283 3052 1353 χρηματίσεις
3077 1285 3402 1355 γεννήτορας
3424 1287 3573 1356 (15);
3599 1288 3759 1358 135

2175 1372 2415 1446 ’Δκήκοα
2446 1374 2555 1446 γὰρ
2591 1374 2817 1445 βασιλέα
2869 1374 2993 1428 τινὰ
3034 1375 3320 1443 γεγονέναι
3375 1379 3523 1429 πάνυ
3575 1380 3761 1441 καλῶς

2161 1466 2260 1537 τὴν
2308 1465 2503 1518 ἑαυτοῦ
2537 1463 2935 1535 οἰκονομοῦντα
2983 1464 3285 1534 βασιλείαν,
3336 1468 3537 1537 πράως
3573 1486 3641 1522 τε
3670 1473 3762 1522 καὶ

2165 1556 2342 1625 ἠπίως
2368 1555 2445 1626 τῷ
2479 1555 2572 1609 ὐπ’
2604 1555 2769 1608 αὐτὸν
2823 1555 3166 1626 κεχρημένον
3198 1555 3333 1626 λαῷ,
3383 1560 3445 1610 ὲν
3475 1558 3762 1629 τούτῳ,ἃ

2168 1645 2314 1717 μόνῳ
2345 1646 2733 1717 σφαλλόμενον,
2766 1645 2845 1716 τῷ
2879 1646 2955 1717 μὴ
2979 1647 3232 1699 πλουτεῖν
3261 1647 3353 1700 τὸν
3381 1648 3488 1718 τῆς
3516 1649 3759 1718 θεογνω-

2168 1735 2290 1798 σίας
2326 1737 2629 1807 φωτισμὸν,
2672 1734 2810 1790 ἀλλὰ
2848 1740 2914 1807 τῇ
2972 1737 3151 1810 πλάνῃ
3184 1738 3293 1790 τῶν
3347 1738 3597 1793 εἰδώλων
3630 1760 3760 1796 κατ-

2093 1830 2137 1884 ι]
2168 1825 2406 1896 ἐχεσθαι.
2429 1823 2554 1897 Εἶχε
2578 1827 2634 1880 δέ
2658 1845 2780 1881 τινα
2799 1827 2861 1880 σύ
2871 1827 3101 1898 μϐουλον
3133 1829 3338 1897 ἀγαθὸν
3360 1832 3458 1883 καὶ
3483 1835 3760 1897 παντοίως

2082 3170 2125 3226 C

2163 1918 2581 1987 κεκοσμημένον
2609 1922 2673 1989 τῇ
2709 1936 2767 1970 τε
2798 1920 2939 1989 πρὸς
2970 1918 3061 1972 τὸν
3094 1919 3229 1972 Θεὸν
3266 1921 3527 1994 εὐσεϐείᾳ
3566 1925 3675 1977 καὶ
3698 1929 3758 1995 τῇ

2161 2005 2324 2077 λοιπῇ
2355 2008 2503 2077 πάσῃ
2520 2008 2760 2079 ὲναρέτῳ
2780 2009 2972 2079 σοφίᾳ·
3008 2007 3088 2075 ὃς,
3111 2007 3410 2079 ἀχθόμενος
3440 2011 3542 2064 καὶ
3568 2012 3759 2083 δυσχε-

2162 2098 2361 2169 ραίνων
2388 2099 2480 2150 ἐπὶ
2504 2101 2569 2169 τῇ
2622 2098 2805 2172 πλάνῃ
2842 2100 2936 2153 τοῦ
2988 2099 3260 2169 βασιλέως
3289 2104 3384 2154 καὶ
3415 2102 3759 2173 βουλόμενος

2159 2189 2320 2242 αὐτὸν
2343 2193 2473 2261 περὶ
2505 2191 2695 2245 τούτου
2718 2191 2966 2260 ἐλέγξαι,
2997 2192 3374 2261 ἀνεχαιτίςετο
3401 2195 3505 2264 τῆς
3537 2198 3751 2265 ὁρμῆς.

2157 2280 2410 2345 δεδοικὼς
2430 2281 2504 2353 μὴ
2527 2282 2713 2336 κακῶν
2747 2282 3003 2353 πρόξενος
3023 2282 3204 2353 ἑαυτῷ
3229 2300 3288 2336 τε
3319 2285 3546 2348 καὶτοῖς
3584 2286 3755 2339 αὐτοῦ

2159 2372 2399 2444 ἑταίροις
2432 2374 2643 2441 γένοιτο
2670 2377 2765 2429 καὶ
2788 2375 2886 2445 τὴν
2912 2375 3206 2446 γινομένην
3242 2376 3310 2428 δι’
3339 2377 3511 2430 αὐτοῦ
3535 2378 3755 2432 mlle?"

2157 2464 2427 2533 ὠφέλειαν
2455 2465 2823 2536 περικόψειεν.
2871 2466 3084 2536 Ἐζήτει
3107 2467 3164 2519 δὲ
3188 2467 3336 2537 ὅμως
3366 2469 3564 2539 καιρὸν
3600 2470 3757 2523 εῦθε-

2156 2571 2249 2607 τον
2281 2554 2376 2607 τοῦ
2402 2555 2631 2611 ἑλκῦσαι
2653 2556 2815 2609 αὐτὸν
2842 2558 2979 2627 πρὸς
3007 2557 3067 2609 τὸ
3104 2556 3328 2624 ἀγαθόν.
3354 2558 3532 2627 Φησὶν
3560 2558 3665 2611 οῦν
3695 2562 3753 2612 ἐν

2160 2648 2259 2718 μιᾷ
2288 2648 2446 2701 νυκτὶ
2468 2649 2606 2719 πρὸς
2639 2648 2804 2701 αὐτὸν
2825 2650 2852 2701 ὁ
2878 2648 3134 2717 βασιλεύς
3159 2665 3174 2679 ο
3206 2648 3379 2718 Δεῦρο
3399 2648 3488 2719 δὴ,
3515 2649 3748 2714 ιξὲλθω-

2161 2755 2261 2810 μεν
2285 2739 2379 2792 καὶ
2404 2740 2951 2810 ὲμπεριπατήσωμεν
2976 2739 3074 2809 τὴν
3110 2739 3290 2805 πόλιν,
3323 2739 3379 2791 εί
3405 2742 3511 2792 πού
3545 2759 3606 2793 τι
3638 2743 3750 2795 τῶν

2155 2831 2512 2902 ὠφελούντων
2557 2831 2670 2901 (l6)
2716 2831 2984 2902 ὀψόμεθα.
3071 2831 3636 2904 Ἐμπεριπατούντων
3689 2835 3749 2888 δὲ

2157 2922 2336 2975 αὐτῶν
2361 2921 2461 2993 τὴν
2488 2920 2665 2985 πόλιν,
2695 2915 2835 2974 εἶδον
2872 2921 3052 2990 φωτὸς
3082 2923 3258 2993 αὐγὴν
3298 2922 3406 2976 ἀπό
3430 2939 3581 2985 τινος
3612 2940 3749 2994 τρυ-

2162 3017 2361 3087 μαλιᾶς
2389 3016 2733 3087 λάμπουσανο
2761 3018 2878 3081 καὶ,
2902 3018 3077 3088 ταύτῃ
3123 3020 3250 3081 τοὺς
3272 3017 3595 3089 ὀφθαλμοὺς
3623 3021 3747 3073 Em-

2160 3108 2433 3172 ϐαλόντες,
2467 3107 2753 3177 βλέπουσιν
2792 3109 3047 3177 ὑπόγειόν
3093 3126 3147 3162 τι
3204 3109 3475 3181 ἁντρῶδες
3505 3109 3745 3183 οἴκημα,

2157 3203 2215 3253 ὲν
2264 3194 2307 3266 ᾦ
2341 3198 2748 3270 πωύκαθὲζετο
2794 3198 2933 3271 ἀνὴρ
2980 3200 3186 3273 ἐσχάτῃ
3225 3200 3405 3265 συζῶν
3446 3203 3615 3274 πενίᾳ
3649 3205 3748 3257 καὶ

2158 3292 2348 3361 εὐτελῆ
2395 3308 2518 3344 τινα
2550 3290 2929 3361 περικείμενος
2981 3291 3169 3362 ῥάκια.
3224 3291 3538 3362 Παρίστατο
3591 3293 3656 3347 δὲ
3711 3296 3749 3364 ἡ

2157 3382 2295 3453 γυνὴ
2323 3383 2488 3435 αὐτοῦ
2532 3378 2675 3435 οἶνον
2707 3380 2953 3453 κιρνῶσα
2979 3381 3112 3451 (l7).
3162 3381 3271 3435 Τοῦ
3315 3382 3371 3435 δὲ
3410 3383 3608 3453 ἀνδρὸς
3645 3383 3746 3455 τὴν

2159 3475 2358 3528 κύλικα
2402 3474 2495 3526 ἐπὶ
2522 3476 2710 3545 χεῖρας
2762 3474 3040 3537 λαϐόντος,
3092 3474 3317 3545 λιγυρὸν
3344 3474 3551 3545 ᾄδουσα
3577 3475 3745 3545 μέλος

2159 3566 2364 3633 εκείνη,
2395 3565 2588 3635 τέρψιν
2637 3565 2788 3635 αὐτῷ
2836 3564 3072 3618 ἐνεποίει
3120 3565 3446 3637 ὀρχουμένη,
3507 3566 3602 3619 καὶ
3652 3567 3753 3633 τὸν

2159 3657 2327 3727 ἄνδρα
2354 3655 2655 3727 ἐγκωμίοις
2677 3655 3110 3723 καταθέλγουσα.
3142 3658 3206 3710 Ol
3237 3658 3366 3727 περὶ
3391 3657 3481 3709 τὸν
3511 3655 3743 3726 βασιλέα

2163 3749 2364 3810 τοίνυν,
2400 3748 2494 3801 ἐπὶ
2526 3747 2675 3818 ὤραν
2705 3748 2896 3819 ἱκανὴν
2925 3748 3101 3802 ταῦτα
3129 3747 3549 3813 κατανοοῦντες,
3577 3748 3741 3804 ἐθαύ-

2164 3836 2335 3899 μαζον
2364 3837 2464 3901 ὅτι,
2506 3835 2731 3908 τοιαύτῃ
2763 3837 3077 3907 πιεζόμενοι
3110 3838 3275 3908 πενία
3309 3837 3384 3901 ὡς
3422 3839 3564 3908 μήτε
3588 3840 3742 3893 οἴκου

2160 3929 2413 3997 εὐπορεῖν
2430 3928 2556 3997 μήτ’
2568 3928 2815 3997 ἐσθῆτος,
2840 3927 3015 3992 οὕτως
3034 3929 3285 4000 εὐθύμως
3299 3930 3390 3983 τὸν
3402 3928 3516 3999 βίον
3528 3932 3741 4003 διῆγον.

2161 4014 2270 4071 Καί
2299 4019 2457 4089 136
2476 4036 2639 4088 φησιν
2665 4021 2693 4072 ό
2721 4019 2976 4089 βασιλεὺς
3006 4020 3084 4091 τῷ
3110 4022 3597 4093 πρωτοσυμϐούλῳ
3626 4024 3745 4092 (l8)

2161 4107 2325 4161 αὑτοῦ
2350 4125 2362 4137 ·
2407 4110 2471 4160 Ὢ
2501 4108 2593 4161 τοῦ
2636 4109 2934 4178 θαύματος,
2975 4112 3117 4179 φίλε,
3158 4114 3242 4165 ὅτι
3281 4113 3408 4182 ἐμοί
3444 4098 3503 4165 τε
3534 4115 3631 4167 καὶ
3655 4116 3743 4167 σοὶ

2160 4201 2279 4253 οὐδὲ
2308 4200 2479 4262 οὕτως
2521 4201 2548 4252 ὁ
2581 4200 2702 4254 καθ’
2750 4202 2898 4271 ἡμᾶς
2959 4218 3087 4256 ποτε
3128 4204 3292 4274 ἡρεσε
3324 4204 3460 4275 βίος,
3495 4207 3741 4279 τοσαύτῃ

2116 4282 2137 4301 ί
2162 4288 2304 4361 δόξῃ,
2328 4289 2424 4342 καὶ
2463 4292 2645 4361 τρυφῇ
2676 4308 2781 4361 περ
2810 4291 2922 4362 (l9)
2968 4292 3309 4364 διαλάμπων,
3344 4294 3422 4358 ὡς
3452 4297 3485 4366 ἡ
3517 4297 3742 4369 εὐτελὴς

2163 4380 2300 4451 αῦτη
2331 4380 2424 4435 καὶ
2457 4381 2802 4453 ταλαίπωρος
2834 4383 2950 4454 ζωὴ
2969 4384 3195 4448 τούτους
3222 4385 3286 4455 δὴ
3310 4386 3440 4449 τούς
3471 4387 3743 4459 ἀνοήτους

2160 4473 2372 4542 τέρπει,
2397 4474 2494 4527 καὶ
2521 4473 2703 4543 ἡδύνει
2731 4472 2873 4537 λεῖος
2900 4476 3085 4540 αὐτοῖς
3115 4477 3213 4531 καὶ
3233 4478 3519 4548 προσηνὴς
3548 4480 3579 4531 ὁ
3608 4495 3743 4551 τρα-

2160 4565 2261 4635 χὺς
2315 4557 2469 4628 οὗτος
2508 4566 2602 4619 καὶ
2659 4567 2999 4632 ἀπευκταῖος
3058 4568 3175 4638 βίος
3234 4572 3744 4641 καταφαινόμενοςί

2160 4656 2432 4727 Εὐκαίρου
2466 4658 2524 4712 δὲ
2573 4659 2912 4729 δραξάμενος
2942 4661 2973 4713 ὀ
3021 4662 3525 4732 πρωτοσύμδουλος
3569 4654 3743 4736 ὥρας.

2159 4746 2263 4818 ἔφη
2284 4765 2299 4779 ο
2332 4748 2494 4802 Ἀλλὰ
2524 4750 2607 4802 σοι
2634 4765 2721 4817 γε,
2753 4749 2999 4820 βασιλεῦ,
3040 4752 3159 4815 πῶς
3185 4754 3219 4823 ἡ
3251 4750 3465 4807 τούτων
3491 4755 3747 4823 φαίνεται

2162 4837 2311 4908 βιοτή
2332 4856 2344 4903 ;
2375 4840 2624 4903 Πάντων,
2644 4842 2809 4911 φησὶν
2827 4844 2855 4895 ό
2873 4841 3154 4911 βασιλεὺς,
3175 4836 3251 4897 ὧν
3275 4844 3496 4897 πώποτε
3518 4826 3746 4915 ἑώρακα

2163 4928 2474 4999 ἁηδεστὰτη
2503 4930 2595 4982 καὶ
2633 4930 3065 5002 δυστυχεστάτη,
3092 4932 3357 5005 βδελυκτή
3388 4950 3450 4987 τε
3479 4937 3576 4989 καὶ
3608 4938 3743 4990 ἀπο-

2162 5020 2443 5090 τρόπαιος.
2479 5022 2614 5075 Τότε
2630 5021 2779 5089 λέγει
2807 5024 2945 5093 πρὸς
2974 5025 3135 5078 αὐτὸν
3161 5027 3191 5078 ὁ
3216 5027 3740 5097 πρωτοσύμϐουλοςο

560 5197 946 5279 {umbra},
973 5197 1043 5250 27
1074 5197 1274 5279 animi
1292 5198 1613 5279 dator/(51mg;
1655 5197 1937 5260 ἀδύνατον,
1974 5196 2090 5251 ἀλλ’
2123 5199 2183 5251 οὐ
2228 5198 2375 5271 παρὰ
2408 5198 2485 5269 τῷ
2535 5199 2687 5270 Θεῷο
2722 5200 2898 5255 πάντα
2931 5202 3039 5272 γὰρ
3082 5202 3284 5258 δυνατὰ
3316 5205 3431 5259 ἐστι
3484 5208 3633 5279 παρὰ
3664 5206 3741 5278 τῷ

484 5266 621 5339 Θ;ῷ.
648 5269 732 5339 Cl‘.
757 5268 954 5322 similia
983 5270 1120 5337 apud
1153 5266 1342 5322 Matth.
1379 5266 1487 5325 ω,
1513 5269 1600 5322 9.6.

554 5336 664 5408 (15)
687 5339 903 5392 Lemma
939 5336 1219 5392 metricum
1254 5339 1303 5392 in
1327 5339 1371 5392 A
1400 5356 1413 5391 :
1450 5342 1558 5408 Την
1591 5338 1680 5392 τοῦ
1714 5337 1977 5408 Βαρλαὰμ
2001 5354 2050 5408 πε

2163 5353 2242 5406 Ἱτε
2251 5338 2334 5390 ίαν
2362 5336 2455 5392 νῦν
2486 5339 2582 5394 ἴδε.

551 5408 661 5477 (l6)
696 5409 759 5473 C,
794 5408 1178 5477 ὀφειλομένων.

556 5473 664 5545 (17)
698 5478 735 5545 ᾼ
769 5473 884 5530 sine
912 5473 1073 5533 οἶνον.

555 5543 663 5614 (l8)
691 5543 926 5600 Joannes
957 5545 1099 5627 Hier;
1131 5545 1251 5601 Vita
1276 5547 1469 5602 Joann.
1488 5547 1755 5627 .Da’masc.
2013 5566 2025 5601 :

2170 5549 2225 5602 δὲ
2252 5549 2363 5602 τῶν
2407 5549 3035 5627 Σαρακηνιξνιᾲρχηγὸς,
3074 5555 3165 5607 τὸν
3203 5555 3458 5627 Ἰωάννην
3487 5557 3739 5611 εἰσκαλε-

487 5614 765 5699 σάμενοςῶ
787 5616 1191 5693 προεχειρίςετο
1250 5616 1779 5699 ς-Ξίρωτοσύμύουλον.⁸
1793 5614 1805 5618 ⁷
1832 5616 1981 5699 Videt
1993 5636 2050 5699 ut

2163 5635 2316 5699 omen
2373 5614 3269 5699 wptut'oouttﬁodibu‘:respondere
3312 5614 3543 5699 summa:
3596 5627 3738 5699 apud

483 5685 687 5736 Arabes
718 5682 983 5749 dignitati,
1007 5682 1123 5753 quae
1145 5698 1226 5741 est

1300 5688 1711 5760 mir-alomarai.
1753 5689 1849 5760 Adi
1880 5687 2063 5743 Rcisk.
2089 5693 2155 5742 ad
2198 5687 2482 5760 Constant.
2516 5687 2847 5760 l’orpltyrog.
2880 5687 3140 5760 (lerim.p.
3168 5693 3271 5747 806
3301 5695 3388 5749 ed.
3416 5694 3482 5749 Ν.

555 5753 665 5829 (19)
693 5753 748 5807 ln
776 5753 816 5807 (Γ.
844 5764 925 5807 cst
951 5771 979 5810 e
1005 5758 1335 5815 correctione
1368 5759 1667 5814 recentiore
1698 5758 1914 5829 καίπερ.
1951 5760 2050 5815 Sed

2163 5775 2184 5829 ρ
2217 5759 2340 5813 alibi
2368 5758 2445 5815 sic
2480 5753 2767 5814 adhibetur
2797 5753 2910 5817 :'cl'.
2944 5777 2998 5831 ρ.
3041 5753 3136 5820 138
3166 5774 3221 5819 et
3256 5764 3379 5819 140.

3904 686 3909 1017 l

3902 1106 3911 1275 ι

3904 1290 3911 1513 l

3902 1612 3912 1859 ¹

3906 2182 3914 2461 l
