3902 6358
264 441 395 507 Ῑθθὶ

1364 443 1539 505 VITA
1583 434 1940 498 BARLAAM
1974 433 2069 491 ET
2112 430 2461 491 IOASAPH.

3386 427 3517 489 1002

256 564 448 626 Οὕτως
482 558 603 626 οὖν,
640 556 701 615 εὖ
740 562 872 627 ἴσθι,
907 559 1150 631 βασιλεῦ,
1201 559 1292 612 καὶ
1330 556 1508 626 πολλῴ
1533 552 1842 626 χαλεπώτε-

1966 548 2103 615 quit:
2138 548 2215 600 Tu
2248 564 2395 614 vero,
2425 564 2457 603 ο
2487 564 2599 617 rex,
2643 547 2936 619 cuiusmodi
2970 548 3177 609 tanJem
3220 548 3406 601 horum
3437 548 3518 600 vi-
3556 544 3559 547 ’

262 673 354 725 ρος
393 655 423 706 ὁ
456 653 578 707 καθ’
613 655 760 724 ἡμᾶς
806 653 1115 720 λελόγισται
1156 650 1268 720 βίος
1301 652 1413 712 τοῖς
1454 648 1722 708 ἐπόπταις
1754 643 1847 697 καὶ

262 746 503 816 μύσταις
537 745 638 815 τῆς
685 745 857 798 ἀϊδίου
907 743 1065 812 δόξης
1112 742 1331 812 ἐκείνης
1388 743 1484 794 καὶ
1514 740 1623 791 τῶν
1671 738 1849 789 πάντα.

260 839 389 891 νοῦν
421 838 858 909 ὑπερϐαινόντων
880 837 1102 905 ἀγαθῶν
1126 852 1138 864 ·
1171 838 1233 890 αῖ
1255 854 1312 888 τε
1342 833 1530 906 χρυσῷ
1556 831 1849 887 καταστίλη

259 931 457 984 (Euocat
509 930 680 982 οἰκίαι
715 930 811 982 καὶ
847 930 917 981 τὰ
953 928 1187 1000 λαμπρὰ
1219 928 1391 982 ταῦτα
1426 926 1724 995 ἐνδύματα,
1754 924 1849 976 ικαὶ

259 1026 292 1091 ὴ
330 1023 495 1091 λοιπὴ
543 1021 639 1074 τοῦ
686 1020 804 1091 βίου
848 1020 1040 1073 τούτου
1092 1021 1293 1091 τρυφὴ.
1351 1018 1634 1072 σκυόἀλων
1664 1034 1723 1069 τε
1755 1016 1850 1069 καὶ

261 1112 497 1181 ἀμαρῶν
526 1112 667 1164 εἰσιν
695 1112 1001 1182 ἀηδέστεροι
1028 1114 1139 1173 τοῖς
1171 1109 1470 1180 ὀφθαλμοῖς
1490 1108 1598 1160 τῶν
1630 1106 1849 1160 εἰδότων

260 1206 331 1258 τὰ
347 1204 716 1273 ἀνεκδιήγητα
737 1203 910 1274 κάλλη
932 1203 1041 1257 τῶν
1060 1203 1117 1255 ἐν
1134 1203 1387 1272 οὐρανοῖς
1417 1197 1850 1270 ἀχειροτεύκτων

263 1296 648 1364 σκηνωμάτων
690 1294 828 1365 (20),
870 1293 974 1363 τῆς
1031 1293 1369 1361 θεοῦφάντου
1418 1308 1478 1344 τε
1514 1291 1712 1359 στολῆς
1758 1289 1850 1342 καὶ

260 1387 373 1438 τῶν
427 1386 725 1455 ἀφθάρτων
794 1385 1162 1456 διαδημάτων,
1198 1385 1234 1439 ἂ
1298 1386 1595 1456 ἡτοίμασεν
1651 1385 1680 1435 δ
1712 1381 1845 1443 Θεδς

258 1480 377 1538 τοῖς
403 1478 693 1547 ἀγαπῶσιν
724 1478 886 1532 αὐτὸν
910 1479 1044 1549 (2|),
1071 1480 1100 1530 ὁ
1141 1480 1358 1532 πάντων
1386 1476 1730 1549 Δημιουργδς
1757 1476 1851 1528 xei.

266 1569 427 1639 137.
473 1570 697 1640 Κύριος.
754 1572 849 1624 ⁸ον
904 1572 1107 1642 τρόπον
1155 1573 1262 1641 γὰρ
1315 1570 1657 1640 ἀνοηταίνειν
1718 1568 1850 1638 ἡμῖν

260 1656 410 1713 οὗτοι
442 1659 830 1732 ἐλογίσθησαν,
863 1663 1045 1733 πολλῷ
1074 1664 1236 1717 πλέον
1262 1665 1447 1733 ἡμεῖς,
1474 1664 1525 1715 οἱ
1552 1662 1628 1732 τῷ
1660 1661 1853 1731 κόσμῳ

261 1752 743 1824 περιπλανώμενοι
779 1756 875 1810 καὶ
923 1756 1404 1827 αύταρεσκούντες
1451 1757 1509 1808 ὲν
1543 1757 1609 1825 τῇ
1659 1754 1854 1823 ψευδο-

262 1849 403 1920 μένῃ
432 1850 609 1923 ταύτῃ
637 1852 765 1923 δόξῃ
800 1853 895 1905 καὶ
936 1852 1155 1923 ἀνοήτῳ
1200 1854 1405 1924 τρυφῇ,
1433 1851 1649 1922 θρήνων
1683 1850 1853 1919 ἐσμὲν

259 1943 406 2006 ἄξιοι
425 1944 517 1996 καὶ
542 1943 795 2015 δακρύων
816 1945 874 1996 ὲν
898 1944 1208 2014 ὀφθαλμοῖς
1231 1946 1341 1997 τῶν
1366 1942 1728 2013 γευσαμένων
1752 1941 1852 2010 τῆς

259 2034 603 2102 γλυκύτητος
643 2037 751 2103 τῶν
779 2037 1018 2103 ἀγαθῶν
1035 2035 1282 2090 ἐκείνων.

1955 648 2058 691 tam
2088 654 2209 693 esse
2238 639 2546 693 existimas?
2586 641 2860 704 Omnium,
2909 638 3079 707 inquit
3126 638 3233 703 ille,
3266 652 3394 708 quas
3423 653 3521 692 uno

1953 745 2109 792 quam
2141 729 2363 783 viderim
2387 769 2401 791 ,
2451 730 2870 785 insuavissimam
2905 739 2956 782 et
2996 728 3344 782 miserrimam
3366 769 3381 792 ,
3426 743 3519 782 ex-

1952 821 2351 886 secratione-que
2392 818 2601 889 dignam
2643 830 2696 874 et
2738 822 3105 873 aversandam.
3153 820 3299 871 Tunc
3338 821 3410 870 ait
3457 820 3521 871 ad

1952 924 2072 962 eum
2142 910 2434 979 primarius
2508 908 2595 962 ille
2673 907 3013 963 consiliarius
3091 928 3103 962 :
3171 911 3249 967 Ad
3281 911 3521 967 emndcm

1955 1001 2022 1053 im
2057 1000 2430 1062 modum,mibi
2479 1001 2660 1067 crede,
2687 1018 2717 1054 ο
2748 1016 2861 1065 rex,
2894 1015 2957 1054 ac
2986 1002 3150 1055 multo
3181 1004 3336 1057 etiam
3369 1018 3520 1059 acer—

1953 1092 2067 1143 bior
2109 1092 2213 1143 vita
2262 1101 2440 1144 nostra
2482 1093 2543 1143 Iis
2593 1106 2708 1145 esse
2749 1091 2973 1155 videtur,
3004 1094 3091 1160 qui
3140 1096 3519 1162 sempiternam

1954 1180 2093 1235 illam
2124 1184 2348 1251 gloriam
2370 1225 2383 1249 ,
2420 1197 2483 1234 ac
2513 1183 2647 1235 bona
2680 1183 2765 1234 illa
2797 1199 2913 1248 qua:
2958 1199 3168 1236 nntncm
3213 1187 3402 1236 mentis
3428 1199 3519 1239 ca-

1954 1284 2097 1340 ptum
2153 1285 2442 1340 superant,
2490 1274 2918 1341 cnntemplanlur
2966 1283 3123 1342 atque
3178 1286 3517 1343 cognoscunt.

1954 1361 2124 1428 Atque
2149 1375 2277 1414 auro
2308 1362 2585 1417 rutilantes
2628 1361 2789 1426 ardes,
2832 1376 2892 1415 ac
2926 1364 3181 1431 prmclara
3217 1365 3327 1415 haec
3369 1363 3521 1416 indu-

1957 1459 2153 1514 menta,
2197 1463 2507 1518 caeterzeque
2555 1454 2673 1505 vitae
2717 1453 2949 1518 delicm,
2986 1454 3047 1507 iis
3094 1454 3180 1522 qui
3228 1455 3518 1507 caelestium

1961 1541 2421 1593 tabernaculorum
2468 1558 2569 1594 non
2612 1558 2770 1596 manu
2814 1542 3101 1607 factorum,
3138 1546 3401 1611 vestislue
3437 1544 3518 1598 di-

1960 1629 2151 1682 vinitus
2177 1640 2460 1697 contextae,
2489 1647 2550 1686 ac
2582 1633 2938 1687 diadctnatum
2968 1635 3319 1702 corruptionis
3347 1637 3520 1689 omnis

1956 1721 2282 1787 expertium,
2322 1738 2437 1789 qua:
2482 1738 2656 1776 rerum
2696 1725 2929 1777 omnium
2974 1725 3292 1780 architectus
3321 1742 3382 1780 ac
3411 1726 3515 1779 Do-

1956 1810 2127 1863 minus
2148 1810 2481 1879 diligentibus
2503 1827 2561 1865 se
2590 1815 2926 1881 prmparavit,
2953 1816 3271 1869 stercoribus
3292 1827 3342 1870 et
3365 1831 3519 1871 caeno

1886 1923 1927 1977 Β
1957 1901 2222 1954 Γιειίιιὶυι-ρε
2254 1902 2515 1957 videntur.
2543 1903 2591 1974 (1
2625 1903 2743 1958 Cor.
2771 1904 2851 1975 ιι).
2883 1905 3332 1971 Quemadmodum
3376 1910 3517 1967 enim

1953 1991 2035 2043 isti
2063 1990 2260 2058 judicio
2289 2000 2470 2044 nostro
2498 2008 2558 2047 ac
2596 1997 2855 2049 sententia
2897 1996 3189 2064 desipiunt,
3226 1998 3289 2051 ita
3320 2000 3476 2053 etiam
3500 2039 3518 2066 ,

267 2117 331 2153 uc
363 2101 534 2154 multo
567 2101 761 2170 magis,
786 2101 884 2157 nes
929 2101 1021 2171 qui
1066 2106 1117 2155 in
1145 2103 1351 2157 mundo
1380 2103 1725 2173 obcrramus,
1759 2115 1923 2177 atque
1952 2106 2006 2159 in
2044 2103 2293 2158 mendaci
2328 2104 2430 2159 hac
2465 2104 2634 2172 gloria
2662 2104 2957 2172 stultisque
2986 2103 3198 2159 deliciis
3229 2105 3389 2163 nobis
3416 2105 3521 2175 pla'

259 2204 478 2251 cernas,
505 2188 559 2241 in
590 2203 779 2244 eorum
804 2194 981 2246 oculis
1005 2192 1096 2259 qui
1128 2193 1395 2246 bonorum
1430 2193 1650 2248 illorum
1678 2195 2018 2252 dulcedinem
2058 2193 2440 2263 degustarunt,
2481 2193 2629 2245 luctu
2658 2199 2711 2247 ct
2750 2192 3004 2261 lacrymis
3035 2192 3185 2262 digni
3214 2209 3428 2249 sumus.

347 2269 409 2321 ὐ
436 2269 493 2320 δὲ
528 2269 783 2339 βασιλεὺς
810 2273 1017 2328 τούτων
1038 2276 1299 2339 ἀκούσας,
1328 2277 1427 2329 καὶ
1460 2275 1639 2337 ὲννεὸς
1666 2273 1856 2345 ὥσπερ

260 2361 577 2431 γενόμενος,
610 2362 715 2434 ἔφη
736 2381 749 2393 ·
780 2367 938 2429 Τίνες
956 2363 1049 2421 οὖν
1091 2369 1290 2422 ἐκεῖνοί
1323 2370 1458 2423 εἰσιν
1490 2370 1539 2421 oi
1568 2367 1856 2438 κρείττονα

262 2452 369 2522 τῆς
403 2454 527 2506 καθ’
573 2457 724 2526 ἡμᾶς
772 2461 1105 2530 κεκτημένοι
1141 2461 1324 2532 ζωήνς
1364 2461 1594 2523 Πάντες,
1632 2460 1796 2530 φησὶν
1827 2460 1855 2510 ὁ

265 2546 786 2619 πρωτοσύμϐονλος,
848 2552 897 2604 oi
928 2553 997 2606 τὰ
1036 2555 1229 2608 αἰώνια
1269 2554 1711 2625 προτιμήσαντες
1740 2551 1851 2606 τῶν

265 2640 643 2711 προσκαὶρων.
673 2642 839 2706 Αὖθις
867 2644 960 2697 οὖν
990 2645 1083 2699 τοῦ
1104 2644 1369 2716 βασιλέως
1398 2646 1591 2716 μαθεῖν
1616 2644 1852 2717 ζητοῦν-

264 2745 358 2791 τος
412 2728 535 2783 τίνα
584 2732 653 2784 τά
688 2731 901 2799 αἰώνια,
950 2736 1115 2805 φησὶν
1148 2736 1176 2788 ὁ
1226 2737 1401 2807 ἀνήρ’
1448 2730 1704 2789 Βασιλεία
1742 2735 1853 2808 (22)

263 2819 570 2892 ἀδιάδοχος,
614 2823 709 2876 καὶ
762 2825 877 2895 ζωὴ
933 2826 1008 2897 μὴ
1063 2827 1402 2900 ὑποκειμένη
1452 2828 1691 2901 θανάτῳ,
1761 2831 1859 2882 καὶ

268 2911 500 2975 πλοῦτος
528 2914 796 2985 μηδέποτε
827 2916 1177 2988 ὑφορώμενος
1212 2920 1423 2987 πενίαν,
1471 2922 1618 2995 χαρά
1666 2940 1727 2974 τε
1761 2922 1855 2975 καὶ

267 3001 582 3075 εὐφροσύνη
636 3006 819 3075 πάσης
870 3007 1139 3079 ἀμέτοχος
1176 3009 1357 3080 λύπης
1402 3012 1494 3065 καὶ
1541 3012 1854 3085 ἀχθηδόνος,

268 3096 366 3148 καὶ
400 3097 593 3167 εἰρήνη
648 3096 904 3169 διηνεκὴς
959 3100 1222 3173 ἐλευθέρα
1264 3104 1447 3175 πάσης
1507 3104 1707 3173 ἔχθρας
1760 3103 1855 3155 καὶ

2018 2285 2114 2343 llis
2141 2294 2324 2339 autem
2363 2283 2542 2340 verbis
2570 2284 2856 2354 perculsus
2887 2299 3007 2349 rex,
3033 2284 3211 2355 inquit
3240 2303 3254 2338 :
3292 2284 3522 2351 Quinam

1950 2380 2117 2449 igitur
2141 2379 2215 2433 illi
2241 2386 2370 2433 sunt
2392 2378 2482 2447 qui
2508 2379 2943 2446 praestantiorem
2966 2377 3125 2431 nobis
3147 2376 3311 2430 vitam
3334 2379 3529 2448 agunt?

1951 2472 2176 2537 ()nptcs,
2201 2470 2378 2539 inquit
2398 2468 2506 2533 ille,
2531 2470 2623 2537 qui
2642 2469 2971 2536 sempiterna
2989 2468 3215 2523 caducis
3241 2478 3296 2524 et
3323 2468 3535 2537 fragili-

1970 2558 2066 2611 hns
2098 2563 2458 2626 praetulerunt.
2487 2557 2727 2626 Cumque
2756 2573 2847 2611 rex
2878 2571 3085 2611 rursum
3115 2572 3362 2626 quaenam
3392 2572 3531 2609 sem.

1972 2650 2179 2716 pitcrna
2212 2650 2302 2703 illa
2347 2657 2526 2703 essent
2554 2648 2916 2718 quaesivisset;
2951 2647 3223 2715 reSpondit
3270 2646 3356 2700 ille
3383 2663 3394 2698 :
3426 2646 3530 2700 Re-

1968 2756 2128 2810 gnum
2167 2740 2233 2794 ab
2272 2742 2414 2797 omni
2460 2741 2800 2796 successione
2847 2741 3109 2806 alienum,
3142 2755 3205 2796 ac
3233 2739 3336 2794 vita
3377 2738 3535 2793 morti

1969 2831 2186 2886 minime
2214 2831 2463 2896 obnoxia,
2497 2840 2549 2884 ct
2580 2844 2707 2895 opes
2732 2837 3020 2897 egestatem
3064 2845 3171 2885 non
3196 2837 3498 2883 metuentes
3519 2867 3533 2893 ,

1968 2923 2148 2981 laetitia
2174 2924 2301 2978 item
2331 2933 2384 2978 et
2411 2922 2690 2978 oblectatio
2718 2922 2786 2975 ab
2814 2922 2959 2975 omni
2991 2920 3242 2976 mmstitia
3268 2928 3322 2975 et
3352 2920 3533 2975 dolore

1963 3012 2225 3081 Sejuncta,
2260 3027 2464 3081 paxque
2493 3020 2743 3080 perpetua
2772 3051 2786 3072 .
2820 3021 2873 3067 et
2903 3010 2970 3066 ab
2998 3012 3141 3065 onmi
3174 3010 3452 3064 inimicitia
3483 3021 3537 3064 et

1967 3102 2301 3155 contentione
2342 3101 2525 3156 libera.
2558 3102 2647 3155 Uis
2677 3101 2829 3169 bonis
2855 3142 2868 3165 ,
2918 3102 3107 3168 quibus
3152 3101 3402 3154 divinitus
3431 3098 3536 3155 frui

267 3184 625 3252 φιλονεικίας.
681 3187 899 3241 Τούτων
942 3190 990 3242 οἱ
1036 3192 1473 3258 καταξιωθέντες
1530 3193 1852 3260 ἀπολαύειν,

1966 3191 2260 3258 contigerit,
2282 3190 2419 3244 beati
2451 3191 2523 3245 illi
2548 3205 2608 3244 ac
2639 3204 2780 3258 s:cpe
2819 3190 2986 3253 beati;
3025 3194 3188 3243 vitam
3216 3189 3354 3247 enim
3385 3191 3533 3243 onmi

269 3268 562 3349 μακάριοι,
599 3280 692 3332 καὶ
719 3279 884 3334 τοῦτο
910 3280 1174 3348 πολλάκις
1203 3286 1315 3355 (25)
1340 3302 1352 3315 '
1389 3286 1593 3339 ἄλυπον
1631 3288 1737 3359 γὰρ
1765 3289 1860 3342 καὶ

268 3369 515 3438 ἄμοχθον
573 3370 830 3440 ζήσουσιν
892 3377 972 3438 εἰς
1014 3376 1221 3440 αίῶνας
1266 3376 1432 3449 ζωὴν,
1481 3380 1704 3432 πάντων
1753 3380 1860 3433 τῶν

271 3460 450 3530 ἡδέων
482 3462 577 3515 καὶ
600 3464 852 3531 τερπνῶν
882 3465 983 3535 τῆς
1013 3467 1108 3519 τοῦ
1137 3466 1274 3520 Θεοῦ
1308 3468 1587 3539 βασιλείας
1620 3471 1861 3542 ἀμογητὶ

270 3552 667 3618 ἀπολαύοντες,
711 3555 805 3608 καί
835 3555 915 3626 τῷ
950 3560 1176 3631 Χριστῷ
1216 3562 1552 3633 ἀτελεύτητα
1586 3563 1859 3633 συμϐασι-

234 3642 545 3706 ,λεύοντες.
578 3644 690 3696 Καί
715 3662 728 3677 ·
758 3646 857 3707 Τίς
898 3647 1049 3713 ἄξιος
1081 3652 1288 3703 τούτων
1336 3653 1649 3722 ὲπιτυχεῖνς
1682 3654 1862 3707 εἰπόν-

268 3751 369 3798 τος
403 3735 497 3788 τοῦ
553 3736 839 3806 βασιλέως,
878 3743 1086 3805 ἐκεῖνος
1125 3745 1464 3816 ἀπεκρίνατο
1489 3763 1502 3775 ·
1564 3747 1773 3810 Πάντες
1812 3748 1859 3799 oi

210 3855 220 3861 -
267 3829 374 3896 τῆς
404 3831 581 3882 ἐκεῖσε
616 3831 944 3902 ἀπαγούσης
984 3833 1103 3887 ὁδοῦ
1161 3836 1491 3906 δραξάμενοι
1519 3855 1533 3868 ν
1580 3837 1861 3900 ἀκώλυτος

267 3917 383 3987 γὰρ
413 3919 445 3987 ή
486 3919 692 3983 εἴσοδος
727 3924 837 3986 τοῖς
876 3922 1135 3992 θελήσασι
1171 3925 1331 3995 μόνον
1347 3924 1489 3995 (2i),
1526 3926 1583 3978 '0
1613 3926 1671 3979 δὲ
1702 3925 1857 3996 βασιο

268 4009 401 4074 λεύς
420 4027 435 4041 ο
464 4013 574 4065 Καὶ
600 4013 703 4076 τίς,
734 4015 921 4085 φησὶν,
942 4017 976 4085 ἡ
1010 4016 1190 4069 ἐκεῖσε
1212 4017 1456 4087 φέρουσα
1475 4018 1660 4088 τρίϐος
1682 4035 1696 4084 ;
1719 4018 1860 4088 Πρὸς

265 4104 332 4156 δν
363 4104 469 4174 ἔφη
499 4106 526 4156 δ
556 4104 806 4177 λαμπρδς
842 4104 1002 4178 138
1039 4108 1141 4179 τὴν
1179 4108 1357 4179 ψυχὴν
1390 4110 1597 4171 ἐκεῖνος
1621 4122 1635 4139 ”
1669 4109 1743 4162 Τὸ
1774 4127 1861 4178 γι-

269 4194 511 4248 νώσκειν
537 4195 628 4248 τὸν
662 4197 822 4265 μόνον
854 4197 1109 4268 ἀληθινὸν
1158 4198 1314 4261 Θεὸν,
1348 4197 1441 4251 καὶ
1476 4197 1690 4268 Ἰησοῦν
1721 4198 1859 4270 Χρι-

271 4287 415 4339 στὸν
452 4287 563 4357 (25)
608 4289 699 4342 τὸν
743 4290 1007 4360 μονογενῆ
1064 4290 1229 4345 αὐτοῦ
1279 4291 1407 4345 Υἱδν
1477 4292 1567 4346 καὶ
1610 4292 1671 4345 τὸ
1709 4291 1861 4359 ἅγιον

270 4382 371 4432 καὶ
398 4380 674 4443 ζωοποιδν
714 4382 961 4454 Πνεῦμα.

356 4473 417 4524 ’0
446 4473 625 4527 τοίνυν
673 4474 949 4544 βασιλεὺς,
988 4476 1088 4547 τῆς
1132 4476 1448 4548 ἁλουργίδος
1476 4479 1692 4531 σύνεσιν
1724 4479 1862 4549 ἔχων

270 4563 437 4628 ἀξίαν
469 4564 606 4636 (26),
640 4566 744 4636 ἔφη
794 4566 932 4639 πρὸς
962 4568 1124 4621 αὐτόν
1148 4586 1162 4600 ’
1212 4570 1323 4622 Καὶ
1347 4570 1400 4623 τί
1435 4569 1496 4622 τὸ
1525 4569 1774 4624 κωλῦσάν
1802 4588 1861 4623 σε

277 4658 447 4728 μέχρι
476 4658 570 4712 τοῦ
604 4658 699 4714 νῦν
755 4660 829 4732 μὴ
876 4661 1144 4732 γνωρίσαι
1191 4680 1283 4732 μοι
1317 4663 1676 4734 περὶτούτων
1704 4681 1719 4730 ;
1752 4666 1865 4718 Οὐκ

271 4750 551 4819 ἀναϐολῆς
580 4751 690 4823 γὰρ
719 4752 813 4805 καὶ
847 4753 1194 4823 ὑπερθέσεως
1227 4753 1355 4819 ἄξιά
1386 4772 1475 4825 μοι
1510 4755 1660 4808 δοκεῖ
1684 4756 1865 4827 ύπάρ-

272 4860 394 4912 χειν
435 4842 634 4907 ταῦτα,
665 4843 720 4896 εῖ
777 4861 840 4912 γε
872 4844 1048 4916 ἀληθῆ
1102 4846 1391 4915 τυγχάνει’
1425 4840 1557 4901 εἰδὲ
1588 4847 1867 4918 ἀμφίϐολά

273 4937 454 4999 ἐστιν,
496 4934 749 5003 ὲμπόνως
785 4935 867 4987 δεῖ
888 4934 1121 5005 ζητῆσαι
1158 4936 1349 5006 μέχρις
1389 4938 1513 4990 ὅτου
1541 4938 1601 4991 τὸ
1627 4938 1866 5007 ἀναμφί-

272 5026 472 5078 λεκτον
521 5024 762 5096 εὕροιμι.
811 5028 926 5080 Οὐκ
965 5026 1213 5099 ἀμελείᾳ,
1244 5029 1409 5097 φησὶν
1455 5028 1665 5098 ὀάνὴρ,
1712 5029 1868 5099 ἦρα-

274 5115 455 5189 θυμία
489 5118 873 5189 συνεχόμενος.
915 5118 1043 5189 περὶ
1069 5118 1275 5171 τούτων
1297 5116 1521 5190 ὧκνησά
1552 5136 1635 5173 σοι
1664 5119 1867 5189 γνωρί-

354 5300 468 5370 (Ξθ)
502 5298 660 5355 Conf.
691 5315 744 5367 p.
786 5299 870 5361 17,
899 5315 952 5352 n.
991 5299 1099 5370 54⁸.

375 5444 466 5506 22)
498 5444 720 5496 Lemma
752 5449 838 5494 est
877 5444 1155 5494 metricum
1197 5444 1248 5493 in
1280 5444 1462 5494 codice
1488 5444 1531 5492 A
1562 5458 1576 5494 :
1619 5444 1755 5494 Τίνα
1776 5457 1816 5492 τι

499 5514 564 5585 ᾼ,
591 5511 687 5585 καὶ
707 5510 899 5585 τρίς-τ.
929 5510 1023 5563 καὶ
1051 5510 1311 5573 πολλάκις
1339 5527 1351 5539 ’
1388 5525 1419 5564 e
1453 5510 1816 5565 correctione.

504 5582 660 5651 Conf.
695 5578 752 5649 βξ
779 5578 902 5651 Mi.

1970 3282 2151 3336 labore
2182 3292 2236 3336 et
2266 3282 2514 3336 mmstitia
2556 3296 2773 3335 vacuam
2807 3283 2857 3333 in
2908 3296 3066 3336 omne
3092 3296 3261 3335 aevum
3296 3280 3491 3335 ducent
3519 3298 3536 3342 ,'

1967 3372 2212 3425 Omnibus
2256 3372 2400 3441 regni
2432 3371 2527 3425 Dei
2562 3370 2985 3441 jucunditatibus
3029 3382 3085 3425 et
3130 3370 3538 3424 oblectamentis

1965 3464 2078 3517 sine
2105 3463 2213 3517 ullo
2236 3464 2415 3517 labere
2445 3465 2701 3525 fruentes,
2750 3470 2811 3515 ac
2836 3478 2959 3516 cum
2989 3462 3201 3515 Christo
3248 3462 3298 3514 in
3348 3476 3538 3530 perpe-

1966 3562 2112 3607 tuum
2164 3562 2464 3621 regnantes.
2522 3550 2763 3621 Cumque
2812 3566 2906 3606 rex
2955 3552 3177 3605 dixisset
3216 3566 3233 3605 :
3279 3550 3536 3617 Quisnam

1967 3644 2175 3699 tandem
2208 3644 2321 3698 haec
2349 3644 2601 3713 consequi
2633 3643 3063 3712 promerebitur?
3089 3643 3365 3710 respondit
3407 3641 3494 3695 ille
3520 3666 3533 3696 ς

1964 3739 2160 3791 Omnes
2190 3738 2276 3806 qui
2310 3740 2471 3790 vitam
2504 3738 2628 3791 illuc
2657 3737 2940 3792 ducentem
2986 3737 3337 3805 arripuerint;
3391 3735 3535 3789 aditu

1965 3827 2102 3880 enim
2132 3841 2289 3881 nemo
2311 3825 2635 3895 prohibetur,
2659 3829 2745 3895 qui
2776 3827 2935 3881 modo
2962 3828 3207 3880 voluerit.
3240 3828 3372 3877 Tum
3398 3841 3487 3879 rex
3517 3842 3530 3877 :

1969 3918 2031 3968 Et
2058 3930 2322 3985 quaenam,
2354 3917 2542 3985 inquit,
2562 3928 2647 3970 est
2670 3917 2750 3969 via
2776 3930 2877 3985 qua
2905 3917 3030 3970 illuc
3072 3918 3210 3971 itur?
3238 3916 3534 3982 Respondit

1964 4007 2052 4058 ille
2104 4004 2342 4072 prmclari
2385 4006 2546 4057 animi
2582 4004 2697 4057 vir:
2731 4005 3068 4073 Cognoscere
3120 4007 3197 4059 sol
3225 4022 3289 4059 m
3348 4021 3531 4060 verum

1965 4098 2152 4159 Deum,
2179 4104 2232 4149 et
2260 4094 2439 4149 Iesum
2467 4095 2740 4149 Christum
2774 4094 3101 4164 unigenitum
3135 4096 3300 4164 ipsius
3329 4096 3492 4149 lilium
3517 4136 3529 4159 ,

1965 4196 2014 4243 et
2043 4196 2280 4241 sanctum
2312 4200 2374 4241 ac
2408 4186 2670 4240 viviﬁcum
2695 4185 2950 4257 Spiritum
2979 4186 3160 4255 (Joan.
3195 4186 3350 4256 xvn).

2044 4490 2154 4544 Rex
2182 4488 2359 4557 igitur,
2390 4487 2533 4557 regia
2564 4501 2690 4541 sane
2714 4487 2987 4555 prudentia
3021 4488 3294 4555 praeditus,
3326 4487 3391 4541 ad
3414 4503 3536 4543 eum

1976 4579 2145 4645 inquit
2172 4593 2187 4631 :
2214 4578 2274 4631 Et
2301 4578 2548 4645 quidnam
2581 4578 2833 4631 hactenus
2851 4584 2900 4631 te
2927 4578 3214 4646 prohibuit,
3257 4580 3543 4648 quominus

1975 4668 2098 4719 mihi
2126 4670 2236 4721 haec
2256 4668 2590 4735 exponeres?
2613 4667 2793 4734 Neque
2813 4669 2956 4721 enim
2981 4669 3093 4722 haec
3116 4673 3458 4724 cunctatione
3482 4685 3543 4723 ac

1975 4760 2222 4812 dilatione
2268 4758 2394 4811 mihi
2428 4758 2582 4825 digna
2614 4772 2731 4811 esse
2757 4757 3026 4823 videntur,
3073 4758 3118 4811 si
3162 4758 3376 4826 quidem
3418 4773 3544 4811 vera

1976 4836 2115 4903 sunt.
2147 4847 2296 4913 Quod
2323 4848 2367 4900 si
2397 4847 2552 4901 dubia
2586 4855 2727 4911 sunt,
2752 4847 2937 4901 sedqu
2968 4854 3021 4901 et
3041 4854 3286 4901 accurate
3316 4845 3544 4899 investi-

1975 4940 2198 5010 gandum
2215 4947 2316 5004 est,
2335 4938 2678 5009 quoadusque
2704 4953 2764 4994 ea
2795 4940 2926 4993 citra
2951 4939 3107 4995 ullam
3130 4939 3538 5008 ambiguitatem

1978 5049 2035 5089 ac
2064 5034 2445 5090 dubitationem
2474 5034 2827 5089 inveniamus.
2863 5031 2976 5087 Non
3022 5032 3337 5101 negligentia
3367 5038 3420 5084 ct
3450 5044 3543 5083 so-

1978 5125 2155 5179 cordia
2203 5122 2398 5178 factum
2448 5133 2557 5190 est,
2604 5125 2676 5178 ait
2719 5124 2841 5190 ille,
2875 5132 2930 5177 ut
2980 5123 3076 5177 tibi
3121 5123 3233 5176 haec
3279 5134 3545 5191 exponere

354 5358 469 5439 (21)
508 5358 704 5426 ΙοοοΙ).’
730 5386 768 5437 ι,
802 5358 870 5423 l2
896 5387 907 5422 :
937 5369 1185 5439 Λήψεται
1221 5370 1507 5439 στέφανον.
1535 5370 1593 5423 ὃν
1623 5368 1990 5439 ἐπηγγείλατο
2018 5368 2046 5420 ὁ
2072 5367 2277 5439 Κύριος
2300 5368 2415 5439 τοῖς
2449 5361 2736 5433 ἀγαπῶσιν
2768 5358 2950 5412 αὐτόν.

375 5441 466 5506 22)
498 5442 720 5496 Lemma
752 5449 838 5494 est
877 5437 1155 5494 metricum
1197 5442 1248 5493 in
1280 5437 1462 5494 codice
1488 5442 1531 5492 A
1562 5458 1576 5494 :
1619 5437 1755 5494 Τίνα
1776 5439 1845 5492 τὰ

1966 5438 2072 5492 ὀνια
2101 5438 2281 5505 ἀγαθά
2319 5438 2440 5507 ὅρα.

355 5638 473 5717 ίῖἔῆ
500 5650 659 5706 Joan.
694 5638 940 5723 'xvtt,5_:_
973 5650 1121 5721 Αὕτη
1153 5651 1210 5704 δέ
1260 5653 1408 5706 ἐστιν
1451 5653 1483 5721 ἡ
1516 5651 1734 5717 αἰώνιος
1766 5651 1901 5723 ζωὴ,
1952 5649 2039 5703 ῖνα
2070 5648 2383 5719 γινώσκωσι
2431 5665 2489 5702 σε
2546 5646 2635 5700 τὸν
2687 5643 2848 5713 μόνον
2884 5639 3154 5713 ,ἀληθινὸν
3180 5639 3333 5706 Θεὸν,
3379 5638 3475 5694 κοιλ⁸
3494 5639 3555 5695 δν

276 5723 618 5785 ἀπέστειλας
664 5721 872 5791 Ἰησοῦν
895 5721 1157 5791 Χριστόν.

358 5792 569 5867 (Ξθλϐ,
596 5778 781 5867 ξτοίνὺν
809 5793 837 5844 ὁ
885 5778 1163 5859 βασιλεὺς,
1196 5792 1634 5865 βασιλικωτάτην
1664 5794 1801 5864 ἔχων
1835 5811 1855 5845 ct

1966 5809 2080 5847 σιν·
2118 5806 2239 5862 qua:
2285 5789 2384 5845 fuit
2427 5788 2804 5856 interpretum,
2848 5782 3070 5853 Georgii
3114 5778 3462 5850 Trapezuntii
3490 5793 3555 5834 ac

280 5863 462 5933 Billii,
483 5863 667 5921 lectio.

622 5959 894 6020 Panos.
948 5959 1063 6020 Gn.
1113 5956 1331 6019 XCVI.

3158 5958 3242 6025 32
