3902 6358
257 5772 269 5805 4

343 360 479 426 1009

1438 368 1613 428 VITA
1646 367 2001 426 BARLAAM
2037 368 2132 428 ET
2168 370 2520 432 JOASAPH.

3456 379 3582 444 1010

341 488 474 529 σουσ
526 474 795 544 γνώρισόν
839 493 929 547 μοι
977 476 1068 531 τόν
1097 494 1156 530 τε
1208 478 1439 533 πλοῦτον
1490 480 1592 551 τῆς
1621 480 1781 551 δόξης
1822 480 1917 533 τοῦ

2028 492 2265 561 gestiens,
2293 493 2389 551 abs
2418 504 2469 551 te
2496 504 2640 567 peto,
2669 505 2726 553 ut
2751 506 2806 554 et
2832 497 3024 554 divina:
3047 498 3233 570 gloria:
3259 497 3491 562 divitias,
3523 511 3580 555 et

342 563 479 617 Θεοῦ
509 570 603 619 καὶ
631 564 696 618 τὸ
720 566 1058 637 ὑπερϐάλλον
1083 569 1185 638 τῆς
1210 569 1375 623 αὐτοῦ
1409 570 1715 640 δυνάμεως.

414 656 552 709 Eius
575 656 632 709 δὲ
660 657 797 727 πρὸς
829 660 992 713 αὐτὸν
1025 660 1053 711 ό
1089 659 1350 731 Βαρλαάμ
1374 679 1387 693 ·
1419 662 1509 732 Τῷ
1537 662 1658 733 Θεῷ
1688 661 1917 733 εὔχομαι

342 746 552 810 διδάξαι
599 765 660 800 σε
725 748 913 812 ταῦτα,
966 752 1059 803 καὶ
1095 752 1195 820 τῆν
1237 753 1440 821 γνῶσιν
1489 754 1602 806 τῶν
1655 754 1917 807 τοιούτων

343 838 581 899 ἐνθεῖναί
636 857 729 892 σου
777 842 843 910 τῇ
889 840 1070 912 ψυχῇ’
1107 843 1230 895 ἐπεὶ
1258 845 1411 915 παρά
1459 844 1770 913 ἀνθρώποις
1817 846 1918 915 τὴν

344 928 510 984 αὑτοῦ
544 931 800 1001 λεχθῆναι
828 932 984 996 δόξαν
1008 935 1101 987 καὶ
1126 934 1357 1005 δύναμιν
1390 935 1451 987 τὸ
1492 936 1755 1005 παράπαν
1786 936 1917 990 ἁδύ-

344 1037 527 1084 νατον,
558 1021 659 1075 κᾶν
700 1025 870 1076 πᾶσαι
901 1025 957 1076 αἱ
986 1025 1094 1077 τῶν
1115 1027 1234 1079 νυνὶ
1255 1026 1355 1078 καὶ⁵
1376 1025 1484 1079 τῶν
1513 1025 1740 1080 πώποτε
1766 1043 1920 1095 γενο-

348 1112 526 1183 μένων
574 1114 878 1184 ἀνθρώπων
917 1117 1163 1183 γλῶσσαι
1194 1117 1253 1171 ἓν
1282 1118 1566 1187 γένωνται.
1619 1119 1755 1171 Θεὸν
1785 1118 1916 1190 γὰρ,

344 1203 513 1272 φησὶν
528 1206 556 1257 ὁ
573 1206 967 1279 εύαγγελιστὴς
980 1210 1074 1261 καὶ
1094 1209 1345 1276 θεολόγος
1368 1210 1501 1279 (56),
1521 1210 1694 1273 οὐδεὶς
1707 1211 1919 1281 ἑώρακε

345 1293 567 1346 πώποτε
587 1311 598 1323 ·
631 1297 659 1348 ό
686 1297 983 1368 μονογενὴς
1006 1298 1154 1363 Υἱὸς,
1188 1302 1216 1353 ό
1242 1299 1319 1353 ὢν
1358 1302 1441 1364 sl;
1479 1301 1570 1354 τὸν
1595 1301 1797 1355 κόλπον
1822 1301 1917 1355 τοῦ

347 1386 580 1455 Πατρδς,
644 1388 852 1451 ἐκεῖνος
905 1388 1232 1461 ἐξηγήσατο.
1269 1390 1378 1445 Τοῦ
1423 1392 1481 1446 δὲ
1531 1393 1766 1463 ἀοράτου
1825 1392 1920 1445 καὶ

345 1476 723 1547 ὑπεραπείρου
764 1478 862 1549 τὴν
919 1480 1074 1546 δόξαν
1130 1482 1224 1534 καὶ
1266 1482 1368 1553 τὴν
1414 1484 1810 1555 μεγαλωσύνην
1833 1484 1918 1549 τίς

344 1568 555 1637 ἰσχύσει
598 1569 755 1641 145
800 1573 1051 1641 γηγενῶν
1099 1574 1526 1639 καταλαϐέσθαι,
1575 1577 1626 1628 εί
1667 1576 1739 1646 μὴ
1772 1571 1819 1645 ᾧ
1852 1576 1919 1629 ἂν

342 1661 507 1725 αὐτὸς
549 1661 875 1733 ἀποκαλύψῃ
921 1663 1042 1716 καθ’
1090 1665 1220 1718 ὅσον
1268 1665 1537 1735 βούλεται,
1574 1666 1766 1737 ὥσπερ
1801 1671 1919 1732 τοίς

340 1754 654 1824 προφήταις
667 1754 833 1807 αὑτοῦ
854 1755 948 1808 καὶ
965 1756 1283 1819 ἀποστόλοις
1303 1758 1654 1828 ἀπεκάλυψεν
1676 1776 1690 1825 ;
1725 1760 1917 1830 Ἡμεῖς

339 1845 400 1898 δὲ
427 1848 492 1898 ὲκ
516 1847 609 1898 τοῦ
637 1846 999 1923 κηρύγματος
1030 1847 1212 1900 αὐτῶν
1245 1849 1343 1901 καὶ
1389 1849 1447 1915 ἐξ
1481 1850 1655 1920 αὐτῆς
1683 1853 1782 1921 τῆς
1807 1850 1916 1905 τῶν

339 1937 688 2008 πραγμάτων
709 1937 945 2006 φύσεως,
982 1938 1124 1992 κατὰ
1150 1940 1212 1992 τὸ
1242 1940 1522 2012 ἐγχωροῦν
1551 1944 1682 2013 ἡμῖν
1708 1942 1918 2013 μανθά-

338 2046 527 2098 νομεν.
566 2030 729 2098 Λέγει
776 2030 887 2101 γάρ
919 2032 952 2098 ή
1010 2032 1203 2103 Γραφή
1231 2048 1246 2064 ·
1310 2034 1371 2086 Οἱ
1423 2034 1646 2105 οὐρανοὶ
1687 2036 1799 2104 (57)
1834 2036 1916 2089 δι-

339 2120 605 2191 ηγοῦνται
634 2123 792 2187 δόξαν
817 2122 976 2187 Θεοῦ,
1005 2126 1225 2195 ποίησιν
1253 2124 1310 2177 δὲ
1328 2126 1526 2197 χειρῶν
1556 2126 1721 2179 αὐτοῦ
1751 2128 1921 2196 ἀναγι

341 2213 524 2281 γέλλει
564 2214 627 2267 τὸ
673 2214 995 2285 στερέωμα’
1041 2214 1151 2268 Καί
1177 2232 1191 2246 ⁸
1240 2215 1321 2269 Τὰ
1368 2217 1578 2287 ἀόρατα
1613 2217 1725 2287 (58)
1751 2217 1918 2271 αὐτοῦ

337 2305 453 2357 άπὸ
483 2305 714 2367 κτίσεως
769 2304 979 2375 κόσμου
1019 2308 1136 2369 τοῖς
1173 2306 1441 2377 ποιήμασι
1471 2308 1739 2375 νοούμενα
1781 2309 1917 2362 καθ-

338 2398 557 2467 ορᾶται,
581 2396 616 2465 ἥ
643 2413 703 2449 τε
730 2396 899 2460 ἀΐδιος
928 2396 1094 2450 αὐτοῦ
1124 2396 1351 2466 δύναμις
1382 2400 1475 2452 καὶ
1524 2400 1736 2469 θεότης.

413 2657 683 2728 Καθάπερ
717 2658 826 2730 γάρ
862 2675 980 2722 τις,
1012 2657 1191 2711 οἰκίαν
1243 2656 1365 2711 ἰδὼν
1396 2657 1666 2727 λαμπρῶς
1703 2657 1796 2711 καὶ
1830 2658 1917 2710 ὲν-

339 2750 547 2820 τέχνως
583 2748 1103 2817 κατεσκευασμένην
1141 2747 1174 2819 ἢ
1218 2745 1412 2811 σκεῦος
1451 2747 1668 2816 εὐφυῶς
1718 2764 1920 2817 συνηρ·

340 2841 636 2912 μοσμένον,
667 2839 760 2892 τὸν
807 2839 1089 2909 οἰκοδόμον
1121 2838 1153 2909 ἢ
1187 2839 1418 2893 τέκτονα
1444 2839 1607 2903 εὐθὺς
1640 2840 1706 2893 ἂν
1735 2841 1920 2911 ἐννοή-

338 2951 443 2995 σας
477 2933 831 3004 θαυμάσειεν,
870 2932 1012 2985 οὕτω
1035 2932 1145 3003 (59)
1169 2930 1359 3000 κάγὼ,
1398 2932 1462 2986 ἐκ
1496 2933 1573 3003 μὴ
1604 2932 1773 2986 ὅντων
1803 2933 1920 2985 δια-

338 3025 603 3088 κλεισθεὶς
634 3025 727 3079 καὶ
766 3026 847 3087 εις
885 3023 946 3076 τὸ
971 3022 1031 3076 ὃν
1069 3021 1370 3093 παραχθεὶς
1393 3066 1408 3089 ,
1441 3026 1488 3076 εί
1523 3024 1618 3077 καὶ
1652 3025 1744 3076 τὸν
1778 3024 1918 3078 πλά-

2016 586 2180 649 ipsius
2208 589 2454 658 potentiae
2480 592 2844 647 excellentiam
2875 592 3004 647 mihi
3034 593 3295 650 declares.

2091 678 2229 732 Dixit
2276 689 2455 734 autem
2497 681 2562 735 ad
2610 682 2783 751 ipsum
2829 683 3109 737 Barlaam:
3141 684 3304 737 Deum
3359 684 3585 753 supplex

2021 783 2149 840 rogo
2179 778 2235 825 ut
2267 770 2458 825 iuncte
2485 773 2692 839 doceat,
2724 784 2885 844 atque
2932 775 3230 843 hujusmodi
3273 790 3448 828 rerum
3495 790 3585 829 cu-
3696 844 3705 853 ⁸

2021 862 2308 927 gnittonem
2342 863 2520 915 animo
2568 871 2658 916 tuo
2705 863 2922 919 inserat.
2960 865 3398 933 Quandoquidem
3446 866 3582 932 apud

2028 949 2271 1004 homines
2295 951 2459 1018 ipsius
2483 952 2647 1021 gloria
2675 968 2738 1008 ac
2765 954 2997 1021 potentia
3010 954 3153 1007 nullo
3174 953 3331 1006 modo
3347 967 3583 1006 commeo

2029 1042 2225 1095 morari
2252 1052 2452 1111 potest,
2490 1047 2732 1112 quamvis
2753 1044 2909 1100 etiam
2942 1059 3125 1099 omnes
3156 1047 3392 1097 omnium
3418 1044 3586 1097 homi.

2024 1145 2178 1195 nunt,
2199 1140 2302 1185 tam
2321 1136 2407 1197 qui
2434 1149 2577 1187 nunc
2598 1143 2718 1187 sunt
2745 1151 2900 1201 quam
2925 1136 3012 1205 qui
3040 1134 3323 1203 aliquando
3352 1132 3585 1198 fuerunt,

2028 1222 2221 1291 lingua:
2241 1224 2292 1276 in
2320 1239 2479 1276 unum
2511 1233 2719 1277 coeant.
2757 1225 2920 1277 Deum
2951 1225 3120 1288 enim,
3163 1224 3331 1290 inquit
3358 1236 3587 1289 evange-

2020 1306 2795 1375 ιὶδιεοιιΙιουΙιιςιιεμοαη.ι),
2880 1325 3042 1364 nemo
3114 1312 3252 1367 vidit
3330 1327 3585 1381 unquam.

2036 1396 2347 1466 Unigenitus
2378 1396 2561 1463 Filius,
2592 1397 2681 1465 qui
2710 1407 2793 1451 est
2821 1398 2872 1451 in
2896 1400 3022 1452 sinu
3046 1400 3214 1455 Patris
3234 1440 3248 1466 ,
3284 1402 3401 1470 ipse
3431 1418 3588 1458 enar-

2021 1486 2178 1540 ravit.
2206 1486 2331 1552 Ejus
2360 1501 2519 1553 porro
2548 1486 2638 1556 qui
2665 1488 2941 1541 oculorum
2974 1489 3214 1543 obtutum
3244 1488 3397 1560 fugit,
3426 1505 3586 1562 atque

2021 1576 2314 1630 immensus
2342 1586 2454 1642 est,
2487 1576 2711 1644 gloriam
2742 1587 2796 1630 et
2825 1577 3190 1647 maiestatem,
3223 1582 3341 1649 quis
3372 1585 3585 1637 tandem

2018 1668 2203 1720 eo'rum
2244 1666 2334 1735 qui
2381 1680 2412 1719 e
2460 1674 2600 1720 terra
2648 1670 2886 1722 concreti
2926 1678 3089 1734 sunt,
3135 1674 3580 1741 comprehensam

2023 1758 2219 1813 habere
2245 1767 2434 1828 queat,
2465 1760 2563 1813 nisi
2595 1760 2706 1825 ipse
2732 1760 2986 1813 arbitratu
3014 1776 3115 1813 suo
3160 1777 3281 1816 eam
3327 1765 3598 1831 patefece-

2022 1848 2126 1913 rit,
2164 1849 2611 1917 quemadmodum
2660 1849 2863 1902 scilicet
2893 1851 3160 1919 pr0phetis
3207 1854 3316 1906 suis
3362 1863 3414 1908 et
3459 1868 3585 1921 apo-

2020 1942 2169 1996 stolis
2218 1942 2497 2011 patefecit?
2545 1942 2651 1995 Nos
2704 1951 2880 1996 autem
2935 1951 3044 1997 tum
3091 1959 3159 1998 ex
3217 1958 3401 1999 eorum
3455 1960 3585 2013 prae.

2022 2033 2321 2099 dicatione,
2371 2042 2482 2086 tum
2530 2048 2595 2085 ex
2647 2034 2759 2101 ipsa
2821 2048 2997 2086 rerum
3062 2046 3276 2102 natura,
3332 2045 3583 2103 quantum

2020 2123 2229 2193 assequi
2277 2123 2427 2177 nobis
2467 2123 2645 2188 datur,
2682 2138 2798 2176 eam
2840 2123 3114 2176 discimus.
3140 2127 3227 2178 Ait
3265 2126 3408 2179 enim
3437 2127 3584 2180 Scri-

2021 2212 2374 2283 ptura:lei
2428 2220 2681 2266 enarrant
2734 2212 2957 2281 gloriam
3015 2212 3127 2277 Dei,
3171 2220 3227 2267 et
3264 2227 3422 2282 Opera
3475 2231 3584 2267 ma-

2019 2318 2181 2358 nuum
2207 2301 2327 2372 ejus
2350 2300 2628 2355 annuntiat
2656 2301 3043 2355 ﬁrmamentum
3084 2301 3255 2372 (Psal.
3284 2301 3460 2374 XVIII).
3507 2305 3585 2358 Ac

2018 2409 2200 2450 rursus
2226 2410 2238 2446 :
2270 2393 2554 2447 lnvisibilia
2606 2392 2771 2457 ipsius
2813 2408 2840 2445 a
2872 2401 3114 2447 creatura
3163 2392 3369 2458 mundi,
3401 2407 3497 2460 per
3520 2408 3583 2448 ea

2018 2498 2137 2552 qum
2164 2482 2297 2537 facta
2318 2492 2442 2535 sunt
2470 2521 2486 2546 ,
2519 2480 2786 2535 intellecta
2814 2481 3233 2549 conspiciuntur,
3263 2482 3583 2550 sempiterna

2018 2586 2229 2642 quoque
2257 2571 2422 2640 ipsius
2447 2571 2680 2638 potentia
2706 2579 2761 2625 et
2787 2572 3035 2627 divinitas
3061 2571 3236 2643 (llam.
3270 2573 3309 2643 ι)
3327 2612 3347 2631 .

2094 2661 2552 2729 Quemadmodum
2605 2661 2745 2715 enim
2775 2663 3034 2731 quispiam
3072 2664 3287 2718 domum
3338 2662 3587 2730 praeclare

2023 2768 2089 2809 ac
2111 2767 2318 2809 summa
2348 2765 2464 2808 arte
2488 2762 2872 2816 constructam,
2898 2764 2990 2809 aut
3025 2756 3294 2809 vasculum
3318 2755 3587 2823 eleganter

2024 2848 2400 2901 concinnatum
2448 2845 2807 2915 perspiciens,
2850 2845 3200 2899 architectum
3249 2853 3340 2899 aut
3381 2844 3586 2899 fabrum

2023 2936 2202 2990 atatim
2239 2936 2307 2989 ob
2347 2936 2584 2989 animum
2632 2936 2735 2990 sibi
2789 2936 3066 3008 proponit,
3106 2938 3184 2989 sic
3210 2935 3369 2989 etiam
3397 2949 3496 3004 ego
3519 2949 3586 2989 ex

2026 3025 2195 3080 nihilo
2243 3026 2475 3091 efﬁctus,
2516 3034 2676 3094 atque
2717 3025 2769 3078 in
2817 3034 2991 3079 ortum
3042 3024 3349 3094 productus,
3380 3024 3587 3078 etiamsi

340 3135 477 3189 στην
513 3118 606 3171 καὶ
640 3116 889 3188 παροχέα
917 3114 1217 3169 θεάσασθαι
1248 3116 1308 3169 οὐ
1340 3115 1636 3186 δεδύνημαι
1664 3156 1679 3178 ,
1708 3118 1824 3169 ἀλλ’
1854 3118 1918 3170 ἐκ

2028 3116 2266 3170 lictorem
2295 3129 2357 3169 ac
2387 3115 2758 3183 productorem
2811 3129 2986 3168 meum
3036 3128 3256 3169 cernere
3301 3128 3587 3183 nequeam,

337 3209 441 3279 τῆς
464 3208 807 3279 εὐαρμόστου
835 3207 928 3259 καὶ
957 3206 1417 3277 θαυμασιωτάτης
1446 3224 1545 3276 μου
1571 3207 1915 3277 κατασκευῆς

339 3304 422 3364 εἰς
462 3301 664 3370 γνῶσιν
711 3296 875 3370 ἦλθον
911 3299 1011 3368 τῆς
1045 3298 1211 3352 αὐτοῦ
1246 3298 1438 3366 σοφίας
1461 3339 1475 3365 ,
1528 3300 1589 3351 ού
1637 3299 1758 3353 καθ’
1803 3300 1831 3352 ὃ
1863 3299 1919 3352 τί

338 3396 510 3457 ἐστιν,
541 3393 679 3447 άλλά
709 3389 855 3446 καθά
890 3390 1188 3460 δεδύνημαι
1239 3394 1379 3443 νοεῖν
1405 3391 1514 3460 (40)
1535 3432 1550 3453 ,
1576 3392 1658 3443 ὅτι
1690 3391 1791 3443 οὑκ
1822 3391 1917 3445 αύ-

337 3482 593 3553 τομάτως
649 3480 960 3553 παρήχθην,
1009 3480 1132 3533 οὐδὲ
1189 3480 1283 3549 ἀφ’
1337 3479 1534 3533 ἑαυτοῦ
1588 3482 1916 3551 γεγένημαι,

338 3576 456 3631 ἀλλ’
490 3576 654 3638 αὐτὸς
681 3575 884 3628 ἔπλασέ
918 3591 985 3645 με
1014 3573 1196 3638 καθὼς
1226 3574 1500 3645 ἠϐουλήθη
1522 3614 1538 3641 ,
1570 3575 1789 3630 πάντων
1820 3578 1920 3647 μὲν

339 3668 752 3740 προκατάρχειν
783 3666 949 3734 τάξας
982 3665 1092 3722 τῶν
1136 3668 1474 3736 κτισμάτων,
1521 3666 1682 3722 τινῶν
1731 3668 1788 3721 δὲ
1823 3669 1920 3723 καὶ

337 3759 654 3823 ὲλαττώσας
679 3798 695 3825 ,
739 3759 833 3811 κα)⁵
861 3757 1219 3829 συντριϐέντα
1262 3758 1426 3811 πάλιν
1474 3760 1749 3832 κρείττονι
1786 3761 1919 3813 ἀνα-

338 3852 580 3907 καινίσει
603 3851 944 3915 ἀναπλάσας,
973 3846 1095 3904 εἶτα
1115 3850 1212 3904 καὶ
1232 3850 1517 3919 ὑπεξάγων
1538 3852 1646 3906 τῶν
1668 3852 1919 3906 ἐντεῦθεν

338 3946 423 4019 τῷ
448 3946 580 4017 θείῳ
605 3944 771 4000 αὐτοῦ
803 3943 1187 4016 προστάγματι
1222 3944 1318 3997 καὶ
1350 3943 1488 4013 πρὸς
1525 3944 1720 4015 ἑτέραν
1756 3961 1919 4015 μετα-

339 4038 515 4102 τιθεὶς
561 4038 742 4109 βιοτὴν
783 4035 1142 4104 ἀτελεύτητον
1192 4036 1288 4089 καὶ
1347 4034 1588 4100 αἰώνιον,
1640 4037 1700 4087 ὲν
1745 4034 1921 4088 οὐδενὶ

339 4129 553 4185 τούτων
581 4130 880 4200 δυναμένου
915 4144 1016 4198 μου
1049 4125 1401 4181 ἀνθίστασθαι
1427 4128 1495 4196 τῇ
1522 4125 1668 4196 ἰσχύϊ
1694 4125 1794 4197 τῆς
1822 4126 1922 4178 αύ-

340 4220 444 4273 τοῦ
488 4219 775 4289 προνοίας,
821 4219 958 4289 μήτε
1004 4234 1059 4270 τι
1110 4214 1461 4287 προστιθέναι
1516 4214 1738 4285 ἐμαυτῷ
1782 4216 1920 4286 μήτε

346 4311 512 4384 ιω
547 4312 822 4382 ὑφαιρεῖν,
856 4310 969 4362 εἴτε
1001 4308 1123 4362 καθ’
1154 4307 1374 4379 ἡλικίαν
1402 4306 1513 4379 (il)
1544 4308 1652 4360 εἴτε
1693 4307 1834 4361 κατά
1862 4307 1922 4360 τὸ

341 4406 446 4476 τῆς
489 4404 706 4475 μορφῆς
734 4398 874 4463 εἶδος
892 4441 907 4465 ,
941 4404 1077 4472 μήτε
1102 4401 1173 4455 τὰ
1200 4398 1629 4470 πεπαλαιωμένα
1668 4416 1758 4470 μοι
1788 4400 1922 4453 ἀνα-

2027 3216 2200 3260 tamen
2226 3221 2292 3260 ex
2320 3206 2593 3273 aptissima
2620 3206 2954 3273 maximeque
2979 3206 3291 3260 admiranda
3319 3206 3423 3259 mei
3450 3214 3587 3259 stru-

2025 3311 2175 3352 ctura
2187 3296 2253 3351 ad
2272 3298 2545 3365 sapientiai
2571 3297 2738 3365 ipsius
2751 3299 3104 3364 cognitionem
3120 3298 3261 3361 veni,
3280 3312 3384 3351 non
3406 3306 3588 3367 quate-

2026 3403 2123 3441 nus
2140 3397 2242 3451 est,
2256 3387 2348 3441 sed
2362 3396 2624 3456 quatenus
2642 3388 2933 3455 intelligere
2948 3403 3114 3456 queo:
3133 3403 3323 3456 nempe
3344 3391 3588 3456 quianon

2026 3496 2153 3536 casu
2178 3496 2241 3536 ac
2264 3481 2481 3535 fortuito
2505 3480 2790 3547 productus
2810 3496 2946 3546 sum,
2965 3496 3067 3537 nec
3088 3498 3118 3536 a
3136 3497 3219 3537 me
3240 3482 3357 3552 ipso
3385 3483 3589 3547 exstiti,

2028 3588 2213 3628 verum
2244 3574 2359 3643 ipse
2379 3574 2637 3628 arbitratu
2659 3587 2756 3628 suo
2778 3589 2865 3629 me
2883 3574 3091 3629 elﬁnxit
3117 3593 3130 3631 :
3152 3576 3231 3629 sic
3259 3576 3505 3628 nimirum
3537 3584 3592 3629 ut

2028 3678 2113 3719 me
2126 3678 2304 3718 rerum
2320 3664 2554 3718 omnium
2576 3665 2907 3720 conditarum
2926 3666 3214 3736 principem
3237 3666 3591 3730 constituerit,

2026 3755 2341 3822 quibusdam
2390 3763 2568 3809 autem
2615 3756 2917 3809 inferiorem
2966 3756 3178 3822 fecerit,
3212 3771 3273 3809 ac
3302 3756 3591 3809 contritum

2026 3844 2186 3898 ctiam
2216 3844 2398 3898 divino
2419 3861 2518 3900 suo
2545 3847 2769 3914 imperio
2798 3862 2881 3901 me
2906 3862 2969 3902 ex
3002 3847 3099 3900 hac
3121 3847 3224 3901 vita
3252 3846 3502 3910 educens,
3530 3847 3593 3902 ad

2029 3933 2250 3987 alteram
2280 3934 2441 3987 vitam
2476 3934 2595 3987 finis
2622 3946 2897 3995 expertem
2928 3951 2989 3989 ac
3016 3937 3392 4004 sempiternam
3425 3947 3594 3989 trans-

2032 4023 2187 4079 ferat.
2238 4024 2441 4090 Quibus
2478 4024 2722 4079 omnibus
2757 4024 2809 4078 in
2839 4026 3000 4081 rebus
3038 4027 3386 4095 providentia:
3430 4025 3596 4096 ipsius

2029 4121 2226 4176 tiribus
2274 4120 2532 4176 obluctari
2578 4134 2820 4189 nequeo,
2850 4131 2951 4185 nec
2994 4117 3123 4170 inihi
3169 4116 3480 4185 quidquam,
3515 4115 3594 4170 vol

2025 4221 2279 4282 quantum
2301 4210 2366 4265 ad
2387 4210 2764 4278 staturam,vel
2788 4216 3042 4279 quantum
3072 4206 3136 4260 ad
3165 4206 3346 4261 forma:
3375 4206 3594 4272 figurata

2026 4304 2236 4369 attinet,
2270 4302 2503 4371 adjicere
2543 4309 2634 4355 aut
2682 4298 2995 4356 subtrahere
3019 4341 3033 4367 ,
3072 4312 3171 4353 nec
3196 4312 3260 4350 ea
3286 4311 3405 4365 qum
3430 4297 3483 4350 in
3512 4311 3599 4352 me

2028 4405 2291 4451 vetustate
2320 4393 2561 4450 confecta
2599 4403 2743 4461 sunt,
2776 4405 3055 4457 renovare,
3100 4404 3198 4444 nec
3240 4404 3357 4458 quae
3398 4387 3597 4442 labefa-

344 4494 617 4560 καινίζειν
642 4493 958 4563 ἐξισχῦσαι,
998 4493 1135 4563 μήτε
1180 4491 1250 4546 τά
1287 4490 1664 4562 διεφθαρμένα
1694 4493 1919 4561 ἐπανορ-

2029 4495 2169 4541 ctata
2195 4496 2251 4542 et
2273 4494 2523 4554 corrupta
2551 4494 2695 4549 sunt,
2722 4485 2772 4538 in
2801 4484 3066 4553 integrum
3088 4480 3372 4537 restituere
3413 4480 3595 4549 Neque

344 4585 498 4641 θοῦν.
530 4585 719 4649 Οὐδεὶς
764 4584 872 4655 γὰρ
910 4582 1018 4637 τῶν
1060 4581 1363 4653 ἀνθρώπων
1402 4582 1611 4636 τούτων
1643 4599 1696 4635 τι
1739 4583 1919 4653 ἴσχυσέ

2028 4578 2170 4632 enim
2200 4577 2503 4640 mortalium
2533 4574 2673 4628 ullus
2711 4588 2940 4642 unquam
2965 4572 3083 4637 fuit,
3109 4572 3198 4640 qui
3231 4573 3415 4627 horum
3446 4569 3599 4641 quid-

344 4694 484 4732 ποτε
530 4675 1014 4748 κατεργάσασθαι,
1058 4673 1182 4728 οὔτε
1225 4674 1513 4746 βασιλεὺς,
1550 4673 1673 4728 οὔτε
1720 4675 1882 4744 σοφὸς
1911 4715 1924 4740 ,

344 4766 473 4821 οὔτε
508 4767 786 4831 πλούσιος,
813 4765 935 4819 οῦτε
958 4765 1250 4836 δυνάστης,
1281 4764 1406 4819 οῦτε
1434 4784 1521 4830 τις
1548 4765 1705 4830 ἄλλος
1726 4764 1931 4837 ἀνθρώ-

344 4876 483 4914 πινα
565 4858 969 4930 μετερχόμενος
1042 4856 1482 4927 ἐπιτηδεύματαο
1542 4858 1730 4921 Οὐδεὶς
1781 4855 1927 4929 γὰρ,

346 4951 487 5021 φησι
510 4950 646 5020 (42),
685 4948 951 5020 βασιλέων
988 4949 1021 5019 ἦ
1062 4948 1171 5002 τῶν
1202 4950 1259 5002 ἐν
1288 4950 1588 5019 ὑπεροχαῖς
1614 4948 1783 5004 όντων
1812 4949 1929 5002 ἐτέ-

2029 4682 2186 4738 quam
2212 4665 2422 4722 efﬁcere
2443 4672 2641 4734 posset,
2656 4678 2760 4717 non
2777 4678 2898 4726 rex,
2913 4677 3015 4716 non
3041 4663 3271 4728 sapiens,
3295 4676 3400 4713 non
3421 4661 3597 4727 dives,

2038 4772 2145 4811 non
2178 4765 2386 4826 potens,
2412 4769 2516 4809 non
2539 4752 2769 4819 denique
2796 4752 2929 4806 alius
2955 4749 3214 4819 quispiam
3244 4750 3473 4802 humana
3494 4756 3601 4804 stu-

2033 4849 2117 4903 dia
2146 4855 2487 4903 consectans.
2535 4845 2722 4900 Nullus
2750 4843 2915 4909 enim,
2950 4842 3123 4911 inquit
3151 4840 3259 4906 ille,
3284 4854 3490 4907 regum,
3513 4850 3602 4893 aut

2034 4959 2216 5001 eorum
2238 4943 2325 5012 qui
2352 4942 2405 4997 in
2424 4940 2750 4995 sublimitate
2774 4945 2918 5002 sunt,
2937 4935 3075 4990 aliud
3099 4934 3280 4989 habuit
3308 4930 3599 4985 nativitatis

351 5059 453 5112 ραν
476 5041 601 5111 ἔσχε
630 5042 897 5110 γενέσεως
926 5040 1123 5110 ἀρχὴν,
1155 5038 1252 5111 μία
1278 5039 1333 5093 δὲ
1360 5040 1577 5096 πάντων
1614 5038 1817 5102 εἴσοδος
1852 5040 1919 5102 είς

2036 5038 2262 5093 initium.
2282 5034 2430 5090 Unus
2458 5032 2599 5087 enim
2621 5038 2702 5086 est
2723 5029 2959 5086 omnium
2985 5026 3231 5081 introitus
3254 5024 3318 5105 ad
3343 5022 3525 5085 vitam,
3550 5030 3604 5076 ct

346 5132 440 5187 τὸν
479 5132 614 5202 βίον,
650 5132 827 5198 ἔξοδός
856 5149 916 5186 τε
942 5132 1049 5203 ἴση.

446 5270 536 5340 56)
566 5270 725 5340 Joan.
750 5285 791 5337 l,
824 5269 912 5325 l8.

444 5339 535 5406 37)
567 5339 711 5394 Psal.
742 5355 897 5406 xvm,
926 5342 976 5395 l.

420 5410 535 5479 (‘58)
572 5411 747 5479 Epist.
775 5411 840 5463 ad
883 5410 1037 5464 noun.
1073 5425 1113 5474 ι,
1142 5411 1236 5466 20.

2040 5130 2178 5183 idem
2207 5125 2385 5182 exitus
2413 5122 2566 5195 (Sap.
2594 5121 2716 5190 vn).

567 5474 791 5553 1.6:...ng
823 5480 876 5553 in
895 5481 991 5553 AA:
1026 5481 1170 5551 Ὅρα
1200 5481 1265 5533 ὲκ
1304 5479 1464 5535 τίνων
1491 5483 1572 5545 εἰς
1599 5482 1697 5552 τὴν
1731 5481 1825 5537 τοῦ
1854 5482 1991 5538 Θεοῦ
2018 5482 2218 5553 γνῶσιν
2256 5481 2350 5535 καὶ
2393 5477 2791 5550 μεγαλειότητα
2821 5474 3086 5543 ἀνάγεται
3128 5475 3432 5545 ἄνθρωπος.

436 5548 539 5685 ’40)
568 5549 629 5611 C,
663 5549 807 5603 καθά
833 5549 915 5602 δεῖ
941 5565 1009 5618 με
1042 5548 1204 5605 νοεῖν.

425 5554 511 5688 (Μ
574 5616 764 5688 Matth.
803 5634 877 5685 γι,
907 5619 978 5673 27
1010 5636 1023 5673 :
1062 5619 1204 5684 Τίςὲ

450 5614 539 5685 Μ)
574 5616 764 5700 Matth.
803 5634 877 5685 γι,
907 5614 978 5673 27
1010 5636 1023 5673 :
1062 5619 1158 5684 Τίς
1183 5618 1243 5685 ἐξ
1268 5620 1425 5692 ὑμῶν
1454 5622 1734 5694 μεριμνῶν
1784 5622 1915 5677 δύνα

2042 5621 2369 5700 προσθεῖναι
2416 5617 2507 5673 ἐπὶ
2550 5616 2649 5687 τὴν
2676 5614 2896 5686 ἡλικίαν
2943 5615 3108 5672 αὐτοῦ
3159 5615 3338 5687 πῆχυν
3361 5615 3493 5686 tvo;
3524 5616 3606 5674 Cf.
3674 5662 3677 5665 .

349 5685 487 5744 Luc.
518 5702 616 5751 χιι,
645 5686 737 5744 25.

428 5756 539 5828 (42)
575 5758 703 5829 Sap.
734 5758 937 5816 Salom.
977 5773 1071 5827 vn,
1116 5760 1167 5828 5,
1193 5760 1245 5814 6.
