3902 6358
172 419 298 484 1017

1264 427 1440 486 VITA
1479 427 1834 487 BARLAAM
1871 428 1968 488 ET
2002 427 2350 489 JOASAPH.

3275 433 3410 495 1018

171 538 313 608 ζωὴν
336 533 580 590 αἰώνιον·
602 533 676 588 τὰ
701 533 810 604 γὰρ
836 531 1042 602 ὀψώνια
1073 533 1168 603 τῆς
1193 534 1470 606 ἁμαρτίας
1497 533 1743 597 θάνατος,

1862 539 1955 602 )el,
1986 537 2093 591 vita
2139 545 2378 604 aeterna,
2413 536 2464 592 in
2512 537 2722 593 Christo
2764 537 2888 594 Iesu
2943 537 3170 594 Domino
3225 547 3414 594 nostro

169 628 231 682 τὸ
259 628 315 682 δὲ
343 625 592 699 χάρισμα
625 625 720 678 τοῦ
745 625 882 678 Θεοῦ
911 625 1024 695 ζωὴ
1055 625 1300 688 αἰώνιος.

237 715 378 774 Eine
422 719 480 773 δὲ
531 719 560 771 ὁ
606 717 843 784 Ίωάσαφ
896 717 1031 787 πρὸς
1065 719 1245 770 αὐτόν·
1305 717 1565 788 Ἐπείπερ
1610 718 1644 787 ἡ
1687 717 1746 769 ἐν

172 811 337 882 σαρκὶ
366 810 479 880 ζωὴ
511 810 610 862 οὐκ
640 811 697 862 ἐν
733 809 917 879 μέτρῳ
946 808 1092 880 ζωῆς
1113 811 1210 877 ξσοι
1234 809 1541 877 λελόγισται
1565 848 1580 871 ,
1623 808 1745 861 οὐδὲ

65 965 100 970 __
168 904 262 958 τὸν
288 903 518 958 θάνατον
553 901 762 964 τοῦτον,
793 902 851 954 ὃν
886 902 1206 970 ὑφίστανται
1236 902 1468 967 πάντες,
1519 900 1746 956 θάνατόν

172 1014 258 1050 σοι
289 995 602 1064 λογίζεσθαι
629 995 755 1064 χρή.

255 1089 316 1140 Ὀ
337 1088 395 1142 δὲ
420 1085 599 1157 γέρων
627 1085 980 1157 ἀπεκρίνατο·
1017 1085 1465 1155 Ἀναμφιλέκτως
1493 1085 1586 1140 καὶ
1619 1087 1746 1155 περὶ

169 1179 380 1232 τούτων
401 1177 462 1231 οῦ
474 1196 574 1240 τως
603 1177 714 1247 ἔχω
734 1218 748 1241 ,
786 1176 1030 1247 μηδόλως
1057 1177 1152 1230 τὸν
1179 1177 1515 1247 πρόσκαιρον
1537 1178 1748 1230 τουτονὶ

169 1271 404 1324 θάνατον
451 1269 670 1341 τρέμων
693 1310 707 1335 ,
759 1271 899 1339 μήτε
939 1269 1168 1323 θάνατον
1213 1269 1376 1322 αὐτὸν
1425 1270 1748 1339 τοπαράπαν

169 1361 489 1425 ἀποκαλῶν,
519 1360 573 1412 εἴ
595 1377 657 1426 γε
689 1361 786 1430 τὴν
817 1361 936 1413 ὁδὸν
962 1361 1070 1413 τῶν
1100 1360 1329 1414 ἐντολῶν
1360 1361 1455 1413 τοῦ
1484 1361 1618 1415 Θεοῦ
1653 1362 1748 1433 βα-

166 1453 390 1517 δίζοντα
420 1468 490 1521 με
513 1450 629 1521 (66)
657 1451 940 1524 καταλάϐῃ
961 1493 975 1518 ,
1001 1451 1352 1523 διαὸατήριον
1378 1453 1433 1506 δὲ
1461 1453 1656 1522 μᾶλλον
1685 1455 1749 1507 ἐκ

168 1546 406 1597 θανάτου
453 1543 589 1611 πρὸς
645 1542 791 1612 ζωὴν
845 1542 946 1614 τὴν
1001 1543 1287 1612 κρείττονα
1336 1547 1429 1598 καὶ
1484 1545 1750 1600 τελειοτέ-

173 1654 280 1705 ραν
305 1635 440 1705 (6⁸7),
469 1635 564 1688 καὶ
611 1635 670 1687 ἐν
703 1635 924 1705 Χριστῷ
967 1636 1354 1706 κρυπτομένην
1389 1637 1537 1706 (68),
1567 1633 1751 1710 ἧσπερ

174 1726 470 1790 ποθοῦντες
502 1728 705 1796 τυχεῖν,
737 1726 788 1780 οἱ
813 1725 958 1792 ἅγιοι
985 1727 1126 1780 πάνυ
1163 1730 1228 1798 τῇ
1260 1731 1512 1800 παρούσῃ
1535 1730 1752 1802 ἐδυσχέ-

171 1835 381 1887 ραινον.
412 1817 504 1870 Διό
555 1833 721 1887 φησιν
753 1819 781 1870 ὁ
835 1816 1174 1879 ’Δπόστολοςο
1235 1819 1468 1889 Οἴδαμεν
1500 1819 1610 1887 (69)
1644 1821 1750 1882 ὄτι,

1837 627 2013 698 (Rom.
2037 626 2135 696 vt).

1914 718 2048 771 Dixit
2075 727 2251 772 autem
2283 717 2348 772 ad
2379 731 2500 773 eum
2545 718 2802 788 Iosophat
2831 721 3303 791 :Quandoquidem
3331 723 3410 773 vi-

1845 819 1946 862 tam
1969 823 2089 879 qua:
2113 809 2164 863 in
2187 824 2348 864 carne
2373 810 2604 876 ducitur,
2626 813 2787 865 vitam
2809 827 2927 866 esse
2954 813 3172 866 minime
3201 828 3410 876 censes,

1843 916 1938 970 per
1965 911 2045 955 est
2076 903 2234 970 igitur
2263 911 2320 956 ut
2351 917 2417 957 ne
2447 913 2672 958 mortem
2703 905 2920 973 quidem
2951 907 3084 959 hanc
3112 920 3268 974 quam
3299 920 3414 959 om-

1844 1004 1938 1044 nes
1963 990 2192 1044 subeunt
2221 1001 2444 1045 mortem
2467 1006 2589 1048 esse
2616 1007 2857 1048 censeas.

1917 1083 2208 1152 Respondit
2223 1099 2382 1139 senex
2403 1105 2414 1137 :
2432 1084 2560 1141 Sine
2575 1087 2676 1140 ulla
2691 1087 3018 1142 dubitatione
3032 1087 3191 1142 dehis
3208 1102 3418 1157 quoque

1846 1173 1914 1228 it‘a
1937 1190 2149 1240 censeo,
2167 1177 2362 1246 quippe
2389 1178 2479 1244 qui
2508 1181 2882 1248 temporariam
2910 1181 3044 1234 hanc
3065 1192 3286 1236 mortem
3319 1181 3419 1233 mi-

1848 1267 1992 1318 nime
2024 1265 2416 1334 pertimescam,
2436 1266 2542 1320 imo
2565 1282 2664 1321 nec
2691 1268 2908 1324 omnino
2933 1278 3156 1324 mortem
3179 1284 3296 1324 eam
3324 1285 3417 1339 ap-

1849 1355 2058 1424 pellem,
2099 1358 2142 1410 si
2191 1358 2403 1424 quidem
2430 1373 2512 1410 me
2537 1373 2630 1426 per
2672 1358 2975 1412 divinorum
3025 1372 3417 1429 praeceptorum

1851 1447 1984 1500 viam
2019 1448 2348 1502 incedentem
2401 1449 2704 1516 arripuerit,
2737 1451 2861 1518 quin
2884 1452 3058 1518 potius
3085 1453 3362 1506 transitum
3388 1467 3418 1504 ιι

1847 1549 2016 1592 morte
2037 1539 2101 1591 ad
2121 1540 2541 1607 praestantiorem
2557 1549 2608 1594 et
2631 1542 2998 1608 perfectiorem
3018 1542 3179 1596 vitam
3251 1549 3417 1608 atque

1850 1630 1903 1683 in
1973 1628 2192 1683 Christo
2261 1631 2625 1684 absconditam
2651 1631 2869 1702 (Colore.
2896 1631 2996 1702 ιιι).
3021 1633 3182 1700 Cujus
3205 1631 3416 1700 quidem

1849 1719 2235 1786 consequentiae
2275 1721 2562 1788 cupiditate
2593 1720 2874 1790 flagrantes
2900 1720 3085 1791 optimi
3119 1723 3254 1786 viri,
3285 1737 3420 1789 pra:-

1845 1817 2052 1861 sentem
2084 1808 2219 1863 hanc
2247 1810 2406 1863 vitam
2437 1812 2758 1876 permoleste
2789 1812 3044 1865 ferebant.
3079 1811 3230 1866 Unde
3261 1814 3424 1866 etiam

169 1911 266 1964 ἐὰν
301 1910 337 1979 ἡ
371 1909 613 1976 ἐπίγειος
642 1908 802 1978 ήμῶν
846 1908 992 1961 οἰκία
1033 1908 1128 1961 τοῦ
1160 1910 1396 1978 σκήνους
1427 1910 1705 1980 καταλυθῇ
1737 1951 1750 1974 ,

1862 1899 1923 1952 ait
1965 1901 2525 1967 Apostolus:Scimus
2575 1902 2718 1956 enim
2764 1903 3012 1972 quoniam
3063 1903 3107 1956 si
3157 1903 3424 1956 terrestris

168 2000 465 2070 οἰκοδομὴν
516 2000 581 2052 ὲκ
631 1998 768 2053 Θεοῦ
820 1998 1019 2070 ἔχομεν
1085 2001 1264 2053 οἰκίαν
1313 2000 1754 2072 ἀχειροποίητον,

168 2092 417 2154 αἰώνιον,
449 2094 507 2143 ἐν
535 2093 648 2154 τοῖς
687 2091 938 2160 οὐρανοῖς
958 2109 970 2121 '
1010 2091 1104 2143 καὶ
1127 2091 1234 2160 γὰρ
1267 2092 1326 2144 ὲν
1355 2093 1530 2161 τούτῳ
1567 2092 1757 2160 στενά-

170 2184 367 2250 ζομεν,
403 2180 464 2233 τὸ
490 2181 804 2251 οἰκητήριον
833 2179 992 2250 ήμῶν
1014 2179 1082 2240 ,τὸ
1111 2179 1172 2242 ἐξ
1201 2179 1434 2247 ούρανοῦ
1465 2179 1756 2233 ἐπενδύσα-

172 2274 302 2328 σθαι
330 2271 744 2334 ἐπιποθοῦντες,
771 2271 825 2322 εἴ
845 2288 908 2340 γε
939 2271 1034 2323 καὶ
1059 2270 1434 2340 ἐνδυσάμενοι,
1465 2271 1524 2324 οὺ
1559 2272 1758 2342 γυμνοὶ

171 2362 588 2435 εὖρεθησόμεθα
607 2379 622 2394 ο
662 2362 816 2431 153
841 2361 936 2414 καὶ
977 2361 1087 2432 γὰρ
1115 2363 1164 2413 οἱ
1194 2362 1346 2425 ὄντες
1375 2365 1431 2415 ἐν
1462 2363 1540 2434 τῷ
1571 2367 1758 2435 σκήνει

172 2455 512 2524 στενάζομεν
531 2453 878 2524 βαρούμενοι,
899 2452 983 2521 ἐφ’
1003 2445 1047 2518 ᾧ
1069 2453 1129 2504 οὐ
1153 2453 1378 2523 θέλομεν
1405 2454 1755 2519 ἐκδύσασθαι,

173 2549 288 2600 ἀλλ’
323 2544 749 2610 ἐπενδύσασθαι,
779 2545 866 2596 ἵνα
895 2545 1181 2615 καταποθῇ
1219 2544 1279 2597 τὸ
1309 2543 1501 2612 θνητὸν
1530 2546 1633 2599 ὑπὸ
1659 2547 1757 2615 τῆς

173 2641 343 2710 ζωῆς.
385 2637 493 2692 Καὶ
527 2637 714 2690 πάλιν·
747 2636 1105 2706 Ταλαίπωρος
1152 2636 1264 2707 (70)
1295 2636 1405 2705 ἐγὼ
1443 2639 1754 2710 ἀνθρωποςῑ

175 2732 259 2794 τίς
291 2747 365 2802 με
398 2729 620 2800 ῥύσεται
651 2730 717 2781 ἐκ
749 2727 840 2780 τοῦ
874 2726 1128 2798 σώματος
1154 2727 1246 2780 τοῦ
1284 2727 1518 2781 θανάτου
1547 2730 1756 2795 τούτου;

175 2822 288 2874 Καὶ.
321 2816 514 2884 αὖθις·
564 2817 849 2887 Ἐπιθυμῶ
877 2819 988 2887 (71)
1012 2819 1271 2871 ἀναλῦσαι
1300 2819 1394 2873 καὶ
1420 2821 1516 2872 σὺν
1542 2821 1761 2890 Χριστῷ

176 2910 344 2967 εἶναι.
393 2913 452 2966 Ὀ
494 2911 552 2968 δὲ
597 2913 912 2982 Προφήτης,
950 2911 1089 2964 Πότε
1137 2911 1248 2981 (7‘2)
1279 2912 1394 2981 ἦξω
1421 2952 1436 2975 ,
1478 2914 1633 2983 φησὶ,
1669 2914 1760 2966 καὶ

178 3003 506 3073 ὀφθήσομαι⁴
529 2999 606 3071 τῷ
637 3000 916 3072 προσώπῳ
944 3001 1037 3052 τοῦ
1070 3000 1240 3065 Θεοῦ;
1279 3002 1399 3054 "Ut:
1429 3002 1602 3056 δὲκαὶ
1639 3004 1764 3072 ἐμοὶ

174 3094 252 3164 τῷ
287 3094 514 3146 πάντων
544 3092 943 3162 ἐλαχιστοτέρῳ
976 3092 1208 3156 οὐδόλως
1241 3093 1332 3145 τὸν
1371 3094 1628 3164 αἰσθητὸν
1665 3096 1762 3150 θά-

177 3204 346 3240 νατον
380 3184 678 3238 δεδοικέναι
711 3185 892 3248 δοκεῖ,
930 3183 1106 3250 ἔξεστί
1143 3202 1224 3236 σοι
1254 3186 1458 3252 γνῶναι
1490 3186 1597 3256 τῷ,
1629 3191 1760 3258 παρ’

178 3275 336 3327 οὐδὲν
377 3273 605 3342 θέμενόν
641 3290 710 3343 με
740 3273 836 3344 τήν
870 3273 962 3326 τοῦ
997 3273 1090 3326 σοῦ
1133 3275 1338 3344 πατρὸς
1368 3276 1598 3348 ἀπειλὴν
1629 3279 1762 3347 (75),
1793 3258 1832 3278 ”

179 3366 364 3428 ἀδεῶς
396 3364 800 3436 παραγενέσθαι
848 3367 983 3436 πρὸς
1025 3365 1084 3418 σὲ
1127 3366 1221 3418 καὶ
1260 3367 1350 3419 τὸν
1383 3368 1652 3438 σωτήριόν
1687 3386 1765 3421 σοι

181 3457 553 3525 καταγγεῖλαι
585 3457 763 3526 λόγον,
792 3457 1039 3528 ἀκριϐῶς
1081 3475 1187 3526 περ
1214 3460 1392 3513 εἰδότα
1425 3459 1521 3525 ὡς,
1557 3464 1604 3513 εἰ
1626 3461 1768 3514 ἔλθοι

182 3549 336 3618 αὐτῷ
375 3550 458 3611 εἰς
498 3547 701 3616 γνῶσιν
756 3547 932 3602 ταῦτα
958 3588 972 3612 ,
1011 3549 1226 3619 μυρίοις
1273 3567 1375 3620 με,
1431 3552 1480 3604 εἰ
1520 3551 1766 3618 δυνατὸν,

179 3641 568 3694 καθυποὸαλεῖ
601 3639 874 3703 θανάτοις.
925 3641 1065 3694 Ἀλλ’
1111 3642 1321 3710 ἔγωγε,
1355 3644 1449 3697 τὸν
1493 3645 1587 3698 τοῦ
1637 3645 1769 3698 Θεοῦ

179 3730 342 3798 λόγον
377 3731 604 3782 πάντων
658 3731 971 3801 προκρίνων
1016 3733 1112 3784 καὶ
1135 3750 1139 3754 ·
1165 3729 1335 3786 αὐτοῦ
1369 3734 1552 3788 ποθῶν
1579 3739 1770 3789 ἐπιτυ-

179 3821 324 3889 χεῖν,
366 3818 493 3872 οὔτε
543 3818 816 3888 πτοοῦμαι
857 3819 948 3872 τὸν
981 3820 1318 3892 πρόσκαιρον
1369 3821 1618 3888 θάνατον,
1648 3824 1771 3879 οῦτε

177 3909 286 3978 τῆς
341 3908 605 3978 τοιαύτης
641 3909 802 3961 αὐτὸν
847 3911 1218 3980 προσηγορίας
1268 3912 1418 3979 ἄξιον
1451 3915 1588 3978 ὅλως
1641 3917 1774 3969 ἀπο-

177 4004 371 4069 γαλῶ,
403 4006 473 4074 τῇ
499 4007 802 4076 Δεσποτικῇ
831 4004 1150 4075 πειθόμενος
1181 4008 1390 4079 ἐντολῇ,
1418 4012 1482 4080 τῇ
1519 4012 1773 4086 λεγούσῃ·

177 4097 275 4168 Μὴ
317 4095 582 4166 φοόεῐσθε
625 4097 743 4166 (74)
775 4097 882 4150 ἀπὸ
909 4099 1019 4150 τῶν
1047 4099 1458 4154 ἀποκτενόντων
1485 4103 1543 4156 τὸ
1573 4104 1730 4173 σῶμα
1759 4147 1772 4169 ,

174 4189 278 4260 τὴν
309 4189 372 4242 δὲ
415 4188 595 4258 ψυχὴν
643 4188 719 4259 μὴ
765 4188 1078 4260 δυναμένων
1117 4191 1468 4247 ἀποκτεῖναν
1502 4195 1775 4266 φοϐήθητε

177 4283 236 4334 δὲ
276 4283 496 4352 μᾶλλον
524 4282 617 4334 τὸν
643 4281 945 4354 δυνάμενον
981 4284 1076 4337 καὶ
1114 4283 1292 4356 ψυχὴν
1325 4286 1419 4338 καὶ
1454 4287 1612 4358 σῶμα
1641 4290 1776 4342 ἀπο·
1809 4293 1812 4296 “

177 4375 345 4428 λέσαι
387 4375 451 4426 ἐν
479 4372 697 4442 γεέννῃ.

254 4465 460 4519 Ταῦτα
495 4465 595 4535 μὲν
623 4465 739 4528 οῦν,
773 4467 936 4536 φησιν
967 4469 994 4520 ό
1040 4467 1278 4537 Ὶωάσαςρ
1300 4507 1315 4534 ,
1367 4471 1464 4540 τῆς
1515 4471 1778 4543 ἀληθινῆς

1849 1990 2044 2045 domus
2074 2001 2253 2046 nostra
2284 1993 2438 2062 hujus
2471 1995 2812 2048 habitationis
2841 1995 3170 2058 dissolvitur,
3195 1993 3426 2048 aedifica-

1852 2086 2047 2138 tionem
2076 2100 2138 2140 ex
2175 2087 2282 2140 Deo
2313 2087 2589 2152 habemus,
2621 2088 2837 2140 domum
2884 2103 2988 2140 non
3039 2088 3421 2150 manul’actam,

1853 2183 2107 2230 :cternam
2158 2178 2211 2230 in
2255 2177 2424 2231 Oculis.
2483 2179 2614 2231 Nam
2660 2188 2711 2231 et
2751 2179 2802 2232 in
2850 2178 2948 2232 hoc
3004 2178 3422 2252 ingemiscimus,

1854 2264 2228 2321 habitationem
2263 2275 2516 2331 nostram,
2551 2284 2669 2336 qua:
2695 2269 2762 2323 de
2807 2269 2944 2322 coelo
2981 2277 3083 2332 est,
3115 2269 3429 2336 superinduti

1855 2359 2150 2427 Cupientes,
2177 2360 2222 2412 si
2273 2369 2451 2414 tamen
2497 2359 2671 2414 vestiti
2710 2368 2764 2414 et
2801 2375 2904 2413 non
2937 2361 3059 2413 nudi
3093 2359 3427 2412 inveniamur

1858 2458 1939 2523 (Il
1962 2457 2086 2513 Cor.
2125 2456 2197 2525 v).
2230 2455 2365 2508 Nam
2401 2465 2452 2509 et
2473 2454 2566 2524 qui
2601 2469 2796 2508 sumus
2825 2455 2881 2507 iu
2915 2455 3020 2509 hoc
3053 2455 3428 2520 tabernaculo,

1857 2551 2276 2620 ingrmiscimus
2307 2546 2535 2615 gravati,
2567 2560 2630 2600 eo
2661 2545 3088 2614 quod-nolumus
3111 2547 3428 2615 exspoliari,

1855 2643 1948 2699 sed
1979 2641 2357 2713 supervestiri,
2390 2649 2447 2692 ut
2471 2639 2833 2693 absorbeatur
2851 2638 3000 2707 quod
3029 2639 3257 2692 mortale
3289 2650 3371 2691 est
3400 2653 3430 2689 ιι

1857 2729 2075 2784 vita.Ac
2092 2743 2309 2782 rursum
2335 2744 2347 2778 :
2370 2725 2582 2789 Infelix,
2599 2726 2910 2796 inquit,ego
2930 2727 3110 2790 homo,
3127 2727 3253 2791 quis
3269 2743 3356 2779 me
3377 2729 3434 2779 li-

1854 2823 2062 2878 berabit
2085 2819 2150 2874 de
2169 2834 2401 2890 corpore
2432 2819 2626 2874 mortis
2668 2816 2834 2885 hujus
2867 2816 3040 2887 (Rom.
3065 2819 3159 2886 vn)
3189 2817 3297 2870 ?Et
3324 2819 3432 2869 alio

1852 2911 2191 2978 locoztlupio
2218 2908 2534 2971 dissolvi,et
2559 2921 2678 2960 esse
2714 2922 2836 2959 cum
2861 2907 3081 2960 Christo
3111 2906 3330 2976 (Philip.
3365 2906 3428 2973 l).

1855 3004 1918 3056 Et
1942 3003 2200 3072 propheta
2226 2998 2662 3064 Das'iszuando
2683 2999 2988 3062 veniam,ct
3011 2997 3284 3067 apparebo
3306 3007 3432 3050 ante

1863 3096 2046 3150 faciem
2082 3096 2172 3149 Dei
2201 3093 2372 3166 (Psal.
2399 3096 2543 3163 au)?
2572 3095 2721 3162 Quod
2753 3106 2927 3150 autem
2947 3112 3047 3163 ego
3077 3111 3288 3164 quoque
3315 3111 3433 3148 ont-

1862 3187 2004 3240 nium
2032 3187 2274 3240 infirmus
2302 3202 2611 3254 corpoream
2644 3198 2869 3241 mortem
2923 3189 3067 3242 nullo
3107 3190 3266 3244 modo
3293 3189 3434 3243 exti-

1867 3291 2116 3342 mescam,
2153 3277 2274 3332 hinc
2303 3277 2456 3332 facile
2488 3279 2576 3332 tibi
2602 3277 2895 3346 intelligere
2927 3277 3067 3342 licet,
3097 3281 3236 3345 quod
3271 3281 3436 3346 patris

1864 3368 1938 3421 tui
1968 3369 2124 3421 minis
2153 3369 2474 3435 contemptis
2506 3384 2567 3422 ac
2595 3384 2691 3436 pro
2730 3369 2898 3422 nihilo
2929 3369 3144 3432 habitis,
3173 3370 3437 3436 intrepido

1832 3449 1927 3510 'ad
1959 3468 2007 3512 te
2038 3460 2375 3522 accesserim,
2405 3469 2462 3512 ut
2489 3459 2810 3511 salutiferam
2836 3458 3128 3511 doctrinam
3163 3459 3252 3512 tibi
3276 3474 3440 3525 expu-

1865 3564 2084 3614 uerem;
2141 3550 2350 3602 tametsi
2399 3549 2594 3615 alioqui
2645 3551 3129 3617 compertissimum
3187 3551 3436 3604 haberem

1869 3641 1982 3694 fore
2013 3648 2068 3693 ut
2097 3639 2142 3693 si
2177 3641 2290 3693 haec
2313 3641 2646 3704 rescisceret,
2675 3643 2942 3694 sexcentis
2967 3657 3069 3704 me,
3108 3641 3150 3694 si
3185 3643 3296 3694 fieri
3321 3657 3442 3709 pos-

1866 3738 1970 3798 set,
2001 3729 2258 3784 mortibus
2287 3727 2544 3784 afficeret.
2609 3730 2799 3794 Verum
2855 3746 2954 3796 ego
2995 3729 3091 3783 Dei
3137 3744 3440 3783 sermonem

1867 3821 2115 3876 erunibus
2138 3821 2296 3875 rebus
2324 3831 2672 3887 anteponens,
2706 3821 2924 3887 ipsoque
2954 3820 3051 3872 frui
3073 3823 3311 3886 cupiens,
3331 3835 3440 3876 nec

1872 3916 2245 3982 temporariam
2298 3912 2432 3965 hanc
2477 3919 2700 3964 mortem
2759 3911 3126 3978 perhorresco,
3180 3926 3276 3963 nec
3319 3925 3434 3962 eam

1873 4006 2171 4072 huiusmodi
2195 4005 2408 4057 n0mine
2430 4003 2794 4070 appellandam
2821 4001 2978 4064 duco,
3009 4000 3212 4053 Domini
3236 4001 3439 4054 scilicet

1863 4092 2123 4148 'tnandato
2173 4094 2550 4158 obtemperans
2606 4090 2830 4142 dicentis
2863 4107 2874 4141 :
2931 4090 3103 4142 Nolite
3134 4090 3323 4143 timere
3349 4103 3442 4142 eos

1877 4187 1963 4254 q‘ui
1987 4184 2231 4239 occidunt
2262 4197 2474 4250 corpus,
2500 4182 2734 4234 animum
2767 4188 2942 4247 autem
2973 4195 3073 4233 non
3099 4189 3321 4248 possunt
3350 4195 3444 4231 oc-

1877 4278 2080 4340 cidere;
2105 4276 2198 4330 sed
2232 4275 2406 4342 potius
2447 4277 2626 4326 timete
2657 4286 2775 4326 eum
2799 4269 2889 4339 qui
2922 4281 3095 4340 potest
3123 4269 3355 4324 animam
3388 4280 3441 4324 et

1875 4383 2068 4434 corpus
2092 4367 2312 4435 perdere
2339 4365 2390 4419 in
2412 4365 2706 4433 gehennam
2737 4361 2947 4433 (Matth.
2974 4362 3052 4432 ιι).

1955 4479 2098 4545 llaec,
2148 4481 2317 4545 inquit
2367 4481 2640 4550 Josaphat,
2686 4499 2823 4537 verae
2855 4495 3046 4540 vestrm
3093 4485 3446 4555 philosophia:

176 4557 344 4626 ὑμῶν
408 4555 734 4625 φιλοσοφίας
772 4556 841 4608 τὰ
884 4556 1283 4627 κατορθώματα
1309 4599 1323 4622 ,
1371 4561 1759 4631 ύπεραναϐεϐης

1880 4570 2132 4639 prxclara
2158 4569 2414 4635 facinora,
2470 4581 2801 4627 terrenorum
2835 4573 3107 4628 hominum
3133 4578 3220 4642 qui
3251 4593 3279 4630 a
3311 4593 3447 4646 prte-

173 4650 315 4700 κὸτα
344 4647 480 4699 λίαν
510 4646 609 4717 τὴν
635 4646 746 4698 τῶν
769 4647 970 4718 γηΐνων
995 4649 1155 4717 φύσιν
1178 4651 1286 4703 τῶν
1314 4651 1759 4706 δυσαποσπάστως

1876 4662 2015 4717 senti
2039 4661 2137 4717 hac
2165 4663 2269 4716 vita
2301 4664 2384 4718 vix
2411 4666 2566 4718 avelli
2591 4677 2827 4733 possunt,
2863 4675 3102 4720 naturam
3135 4669 3290 4737 longe
3313 4671 3442 4723 mul-

169 4740 274 4810 τῆς
325 4738 628 4811 παρούσης
662 4739 898 4808 ἐχόντων
951 4739 1128 4811 ζωῆς·
1165 4743 1257 4796 καὶ
1300 4747 1559 4815 μακάριοι
1623 4747 1759 4817 ὑμεῖ.

1880 4763 2096 4821 tumque
2121 4763 2392 4821 superant.
2426 4756 2502 4809 Ac
2529 4771 2620 4808 vos
2639 4755 2800 4822 beati,
2845 4757 2930 4825 qui
2954 4758 3050 4811 hac
3079 4758 3444 4814 strenuissima

180 4831 357 4903 154
392 4831 658 4899 τοιαύτης
699 4832 950 4904 ἐχόμενοι
987 4835 1373 4908 ἁνδρειοτάτης
1397 4837 1642 4908 γνώμης.
1688 4839 1759 4892 Ἰί.

1881 4843 2059 4897 mente
2090 4843 2295 4912 praediti
2326 4845 2475 4898 estis.
2516 4845 2738 4910 Quinam
2765 4861 2923 4912 porro
2955 4847 3046 4901 tibi
3073 4863 3136 4902 ac
3159 4849 3318 4902 sociis
3348 4849 3451 4902 tuis

170 4923 228 4976 δέ
281 4940 389 4975 σου
457 4925 552 4973 καὶ
601 4922 710 4976 τῶν
756 4925 855 4978 σῦν
899 4926 982 4979 σοὶ
1021 4928 1080 4978 ἐν
1125 4931 1192 4998 τῇ
1251 4929 1478 5001 τοιαύτῃ
1524 4931 1759 5002 ἐρήμῳπ

1879 4931 1934 4988 in
1961 4933 2264 5001 hujustnodi
2288 4935 2571 4988 solitudine
2595 4937 2766 4989 victus
2791 4939 3051 5006 sit,atque
3075 4938 3198 4991 item
3224 4937 3380 5002 unde,
3400 4947 3454 4992 et

173 5012 473 5083 διατροφὴ
503 5052 518 5076 ,
551 5013 718 5067 πόθεν
747 5015 801 5067 δὲ
844 5017 912 5070 τὰ
952 5017 1228 5090 ἐνδύματα
1259 5020 1350 5073 καὶ
1380 5023 1621 5089 ποταπὰ,
1652 5023 1759 5091 γνῶ

1877 5021 2176 5092 cuiusmodi
2204 5024 2355 5078 vobis
2385 5034 2561 5080 vestes
2602 5034 2904 5096 suppetant,
2923 5041 3047 5082 vere
3071 5026 3198 5079 mihi
3226 5041 3452 5092 expone.

171 5106 334 5175 ρισόν
375 5121 484 5176 μοι
509 5103 840 5176 φιλαλήθως.

409 5263 784 5343 ξξοιλοκνιιι,
815 5265 884 5319 52
917 5283 930 5318 :
963 5266 1372 5343 _'O§bv_é_v_-_co).tbv
1397 5285 1490 5322 σου
1524 5270 1773 5343 ἔδραμον.

248 5331 376 5404 (67)
414 5331 707 5404 ριοτςε.
739 5333 872 5388 Naz.
902 5345 939 5388 t.
961 5335 1001 5400 Ι,
1034 5352 1087 5404 p.
1115 5339 1238 5393 515.

1030 5402 1178 5529 ήιιλὸ
1213 5427 1226 5464 :
1273 5409 1592 5464 Ἀπεθάνετε
1618 5412 1746 5484 γὰρ,
1789 5413 1884 5468 καὶ
1911 5415 1942 5484 ή
1969 5413 2078 5522 ζωή
2120 5414 2276 5486 ὑμῶν
2313 5417 2618 5488 κέκρυπται
2645 5414 2740 5468 σὺν
2777 5412 2852 5485 τῷ
2874 5411 3095 5486 Χριστῷ
3122 5415 3180 5467 ἐν
3207 5412 3284 5487 τῷ
3321 5411 3459 5486 Θεῷ.

247 5471 376 5680 ἓΊΟ)
410 5542 598 5623 Epist.
630 5543 695 5595 ad
718 5542 871 5624 item.
910 5517 1005 5609 vu’,
1047 5520 1145 5601 Ἡ..

273 5613 375 5680 ’11)
416 5613 602 5680 Epist.
626 5613 690 5664 ad
723 5612 956 5680 Philipp.
991 5632 1026 5680 ι,
1055 5617 1125 5670 9.5
1159 5636 1172 5674 :
1216 5618 1323 5680 Τὴν
1363 5619 1656 5680 ἐπιθυμίαν
1691 5622 1829 5680 ἔχων
1853 5626 1932 5680 εἰς
1957 5624 2014 5678 τὸ
2049 5624 2378 5680 ἀναλῦσαι...

277 5542 376 5611 70)
410 5542 598 5610 Epist.
630 5543 695 5595 ad
718 5542 871 5596 item.
910 5560 1005 5609 vn,
1047 5546 1136 5601 Ἡ.

273 5613 375 5694 ΖΞ)
415 5611 602 5694 Epist.
626 5613 690 5664 ad
723 5612 956 5694 lihilipp.
991 5632 1026 5680 I,
1055 5617 1125 5670 9.5
1159 5636 1172 5674 :
1216 5618 1323 5691 Τήν
1363 5619 1656 5692 ἐπιθυμίαν
1691 5622 1759 5694 ἔχε

1862 5626 1932 5688 είς
1957 5624 2014 5678 τὸ
2049 5624 2378 5680 ἀναλῦσαι...

247 5681 375 5756 (72)
411 5681 568 5756 ρεοΙ.
603 5697 710 5744 xu,
736 5684 790 5735 ἓ.

246 5751 374 5822 (73)
405 5751 580 5823 gonf.
606 5767 761 5820 pagg.
793 5753 883 5818 90,
915 5756 1003 5823 21,
1036 5759 1124 5813 28.

251 5819 372 5896 (τι)
406 5819 612 5876 Matth.
653 5819 822 5888 mes.
