3902 6358
121 349 266 416 1021

118 562 245 615 κῶν
276 564 304 615 6
339 563 544 634 κόσμος
600 564 804 637 γέμει,
850 569 1106 639 χαλεπῶς
1144 574 1371 629 ἀπατῶν
1404 579 1531 643 τοὺς
1571 582 1720 653 αὑτῷ

118 656 490 726 πειθομένους
519 660 613 711 καὶ
637 661 994 732 πολυτρόπως
1016 666 1215 731 αὐτοὺς
1235 670 1564 737 παγιδεύων.
1593 676 1720 729 Λοι-

119 747 236 798 πὸν
262 748 593 819 πορευθῆναί
624 768 691 821 με
713 752 793 806 δεῖ
820 753 943 807 ὅθεν
972 757 1227 829 ἐλήλυθα.
1258 762 1366 814 Καὶ
1396 764 1717 833 τηνικαῦτα,

120 839 192 892 τὸ
224 839 507 911 ἀλλότριον
530 842 872 913 ἀποθέμενος
909 848 1117 918 σχῆμα,
1152 851 1214 905 τὸ
1247 852 1377 906 ἴδιον
1410 854 1601 925 ἔσομαι
1631 858 1716 909 ὲν-

121 929 450 999 δεδομένος.

203 1023 459 1073 Δυσωπεῖ
516 1022 695 1077 τοίνυν
742 1026 832 1078 τὸν
867 1029 1100 1097 γέροντα
1144 1030 1173 1083 6
1220 1031 1453 1102 Ἰωάσαφ
1487 1034 1718 1107 ὀφθῆναι

121 1112 284 1183 αὐτῷ
315 1112 393 1184 τῷ
428 1114 649 1186 συνήθει
696 1118 864 1171 αὑτοῦ
898 1119 1180 1189 ὲνδύματι.
1219 1123 1354 1176 Τότε
1395 1128 1423 1178 6
1452 1126 1718 1199 Βαρλαὰμ

120 1206 583 1276 ἀπεκδυσάμενος
614 1208 643 1261 ὃ
674 1205 741 1280 ἦν
773 1213 1237 1285 περιϐεϐλημένος
1271 1218 1507 1287 ίμάτιον,
1539 1221 1717 1291 Θέαμα

117 1298 287 1370 ὤφθη
315 1300 550 1373 φοϐερὸν
577 1300 654 1372 τῷ
688 1302 1069 1375 Ἰωάσαφ.Ἦν
1101 1309 1210 1379 γὰρ
1232 1311 1265 1379 ἡ
1302 1312 1451 1365 πᾶσα
1485 1313 1584 1382 μὲν
1617 1317 1716 1386 τῆς

119 1389 334 1460 σαρκὸς
365 1391 588 1461 ποιότης
620 1392 1062 1466 δεδαπανημένη,
1094 1400 1554 1473 μεμελανωμένον
1576 1404 1633 1457 δὲ
1656 1406 1715 1459 τὸ

116 1485 307 1555 δέρμα
327 1485 390 1538 ἐκ
412 1485 513 1554 τῆς
540 1486 770 1557 ἡλιακῆς
802 1488 1131 1557 φλογὼσεως
1161 1494 1253 1546 καὶ
1288 1498 1716 1567 περιτεταμένον

118 1578 242 1638 τοῖς
268 1576 582 1640 ὀττέοις,ὡς
606 1576 758 1641 εἴτις
785 1578 948 1651 δοράν
960 1599 1080 1634 τινα
1105 1584 1403 1654 περιτείνει
1420 1590 1477 1641 ἐν
1496 1587 1715 1653 λεπτοῖς

121 1664 432 1734 καλάμοις·
486 1666 726 1737 τρίχινον
774 1668 831 1721 δέ
871 1686 923 1721 τι
960 1670 1127 1740 ρἀος
1172 1675 1580 1745 ὲρῤικνωμένον
1623 1679 1715 1732 καὶ

117 1756 250 1810 λίαν
283 1756 457 1827 τραχὺ
492 1757 894 1828 περιεζώννυτο
925 1762 983 1827 ἐξ
1016 1764 1218 1831 ὀσφύος
1244 1765 1406 1836 μέχρι
1442 1770 1708 1836 γονάτων·

1233 372 1404 433 VITA
1444 374 1800 438 BARLAAM
1838 380 1932 443 ET
1969 383 2321 447 JOASAPH.

115 468 346 542 αλήθως
390 469 489 541 τὴν
519 472 627 526 τῶν
651 473 932 545 παρόντων
967 481 1305 553 ματαιότητα
1341 486 1434 537 xui.
1461 488 1587 540 οἵων
1621 507 1708 541 κα-

1821 499 2108 555 vanitatem
2135 501 2523 572 demonstravi,
2554 508 2870 579 quantisque

3266 407 3400 472 102?.

2891 512 3043 567 malis
3061 514 3148 570 hic
3162 519 3397 575 mundus

1819 600 2038 653 scateat.
2093 608 2186 648 eos
2230 596 2317 665 qni
2346 596 2443 664 ipsi
2472 598 2842 669 obtemperant
2886 604 2936 657 in
2970 606 3207 663 fraudem
3237 610 3392 666 indu-

1820 692 1969 745 cens,
2002 684 2268 752 variisque
2296 687 2466 740 modis
2496 689 2758 743 irretiens.
2812 691 3070 760 Deinceps
3102 698 3280 766 igitur,
3324 715 3393 754 eo

1822 774 1960 828 unde
2008 774 2111 829 huc
2155 778 2301 845 veni,
2357 780 2733 836 revertendum
2777 795 2889 848 est,
2951 801 3011 838 ac
3065 796 3174 841 tum
3213 790 3390 844 alieno

1822 863 1999 918 habitu
2030 866 2294 935 deposito,
2331 885 2503 923 meum
2528 873 2761 941 induam.

1886 1030 2197 1091 Obsecravit
2225 1048 2398 1094 autem
2425 1056 2604 1097 senem
2638 1045 2915 1116 Jnsapbat,
2966 1062 3017 1105 ut
3045 1069 3103 1107 se
3134 1056 3231 1123 ipsi
3262 1074 3384 1113 cum

1822 1134 2074 1177 consueta
2100 1136 2246 1182 veste
2277 1135 2602 1188 ostenderet.
2635 1138 2764 1191 Cum
2803 1142 2979 1210 itaque
3004 1145 3243 1201 Barlaam
3292 1167 3382 1205 ve-

1812 1221 1944 1267 stem
1959 1231 2072 1269 eam
2097 1233 2251 1287 quam
2276 1224 2488 1290 gerebat
2511 1228 2759 1293 exuisset,
2785 1231 3108 1290 horrendum
3131 1238 3385 1310 .losaphat

1812 1307 2170 1371 spectaculum
2202 1324 2321 1364 sese
2351 1315 2559 1369 obtulit.
2614 1318 2821 1375 Etenim
2861 1332 2969 1377 tota
2996 1330 3173 1383 carnis
3219 1307 3383 1399 ipsius

1811 1405 2036 1470 qualitas
2058 1404 2259 1477 [πιότης
2283 1411 2501 1479 fortasse
2526 1414 2821 1486 legendum,
2870 1423 3040 1489 idest,
3098 1429 3381 1502 pinguedo]
3458 1442 3461 1443 '

1814 1496 2096 1563 absumpta
2128 1510 2263 1567 erat,
2293 1518 2355 1556 ac
2379 1506 2528 1571 pellis
2556 1523 2619 1561 ex
2652 1511 2783 1564 solis
2825 1522 2954 1567 aestu
2990 1524 3147 1585 atque
3189 1496 3382 1577 ardore

1811 1586 2009 1641 circum
2039 1604 2159 1644 ossa
2187 1601 2331 1646 tensa
2357 1607 2492 1660 erat,
2538 1615 2640 1652 non
2673 1616 2828 1658 secus
2871 1621 2931 1660 ac
2958 1609 3003 1662 si
3036 1612 3156 1677 quis
3189 1614 3377 1681 pellem

1810 1677 2095 1733 subtilibus
2140 1680 2358 1736 calamis
2417 1688 2749 1745 tetendiSset.
2808 1694 3050 1751 Pannoso
3103 1677 3262 1766 porro
3317 1718 3380 1758 ac

1814 1784 2064 1836 perquam
2092 1786 2279 1840 aspero
2310 1775 2485 1831 cilicio
2512 1795 2542 1833 e
2571 1780 2762 1836 lumbis
2783 1800 2948 1854 usque
2970 1792 3033 1843 ad
3059 1806 3226 1860 genua
3266 1798 3379 1849 cin-

119 1850 316 1919 ὄμοιον
364 1849 421 1901 δὲ
462 1849 655 1903 τούτου
711 1851 936 1905 παλλίον
983 1855 1092 1925 (85)
1138 1858 1528 1932 περιεϐέϐλητο
1572 1864 1708 1917 κατὰ

1818 1860 2055 1927 gebatur,
2089 1862 2329 1932 idemque
2359 1867 2573 1934 pallium
2606 1870 2839 1928 humeris
2861 1843 3093 1945 gerebat.

117 1940 237 1995 τῶν
267 1940 455 2011 ῶμων.

208 2031 680 2103 ’Υπερθαυμάσας
725 2034 781 2087 δὲ
818 2035 845 2087 6
894 2037 1128 2108 Ἰωάσαφ
1170 2040 1269 2111 τῆς
1300 2042 1544 2114 σκληρᾶς
1574 2047 1711 2100 ταὺο

118 2143 228 2197 της
272 2126 548 2197 διαγωγῆς
582 2127 642 2180 τὸ
690 2128 972 2194 ἐπίπονον,
1024 2136 1119 2185 καὶ
1160 2134 1221 2185 τὸ
1268 2135 1371 2205 τῆς
1412 2141 1712 2210 καρτερίας

122 2217 470 2288 ὑπερϐάλλον
503 2218 799 2286 ἐκπλαγεὶς
821 2260 836 2285 ,
891 2221 1139 2294 σφοδρῶς
1169 2225 1420 2295 ἐδάκρυε,
1454 2229 1547 2282 καί
1579 2247 1711 2299 φησι

124 2310 268 2381 πρὸς
294 2308 387 2361 τὸν
424 2311 660 2379 γέροντα
686 2327 700 2342 ο
751 2312 907 2368 Ἐπεί
939 2330 1006 2384 με
1041 2315 1142 2384 τῆς
1184 2320 1387 2387 πικρᾶς
1412 2319 1508 2373 τοῦ
1533 2321 1714 2375 διαδὸα

115 2405 217 2459 λου
284 2402 528 2466 δουλείας
595 2404 960 2475 ἐλευθερῶσαι
1020 2407 1214 2477 ἥκεις,
1262 2409 1416 2475 τέλος
1497 2430 1589 2466 σου
1642 2418 1709 2487 τῇ

121 2497 420 2569 εὐεργεσίᾳ
471 2497 722 2563 ἐπιθεὶς,
768 2496 1010 2567 ἐξάγαγε
1057 2502 1167 2570 (34)
1222 2504 1287 2556 ἐκ
1320 2504 1568 2576 φυλακῆς
1611 2510 1712 2578 τὴν

117 2591 307 2661 ψυχήν
350 2609 489 2662 μου,
549 2590 707 2662 157
754 2593 886 2655 καὶ,
921 2593 1256 2664 παραλαϐών
1293 2613 1362 2666 με
1411 2601 1551 2669 μετὰ
1591 2599 1709 2664 σοῦ,

118 2683 352 2752 ἄγωμεν
380 2680 655 2746 ἐντεῦθεν,
704 2682 791 2735 ἵνα
824 2682 1008 2736 τέλεον
1038 2684 1445 2756 λελυτρωμένος
1486 2688 1586 2759 τῆς
1614 2690 1710 2744 τοῦ

120 2775 337 2845 κόσμου
389 2774 605 2843 ἀπάτης
648 2774 749 2844 τὴν
794 2775 1068 2846 σφραγῖδα
1107 2778 1412 2847 τηνικαῦτα
1471 2781 1709 2853 δέξωμαι

115 2866 217 2920 τοῦ
256 2866 528 2937 σωτηρίου
575 2866 989 2936 βαπτίσματος,
1041 2868 1139 2923 καὶ
1185 2872 1444 2935 κοινωνός
1478 2891 1561 2928 σοι
1610 2877 1711 2946 τῆς

118 2957 449 3027 θαυμαστῆς
470 2956 680 3027 ταύτης
713 2956 1035 3027 φιλοσοφίας
1067 2960 1163 3013 καὶ
1192 2961 1509 3033 ὑπερφυοῦς
1534 2967 1707 3040 ἀσκή-

120 3065 267 3112 σεως
296 3048 564 3120 γένωμαι.

196 3137 332 3192 Eius
362 3138 419 3192 δὲ
463 3138 730 3211 Βαρλαὰμ
779 3141 915 3212 πρὸς
957 3143 1156 3196 αὐτόν’
1193 3146 1405 3219 Νεόρὸν
1448 3150 1709 3221 δορκάδος

119 3232 323 3302 ἔτρεφε
378 3249 466 3295 τις
534 3208 644 3285 τῶν
692 3208 1012 3291 πλουσίων.
1080 3208 1395 3307 Αὑξηθείσα
1455 3208 1526 3295 δὲ.
1565 3208 1777 3314 aiith

115 3328 221 3386 τὰς
277 3326 523 3396 ἐρήμους
580 3326 797 3392 ἐπόθει,
852 3329 918 3397 τῇ
975 3331 1180 3401 φυσικῇ
1240 3331 1509 3405 ἑλκομένη
1572 3337 1703 3401 ἔξει.

135 3417 460 3481 Ἐξελθοῦσα
488 3417 667 3471 τοίνυν
693 3421 752 3471 ἐν
781 3421 900 3489 μιᾷ,
924 3420 1170 3491 εὑρίσκει
1199 3424 1405 3496 ἀγέλην
1430 3426 1706 3497 δορκάδων

123 3506 479 3579 βοσκομένων
523 3510 617 3562 καὶ
667 3510 901 3580 ἐχόμενα
938 3513 1145 3567 τούτων
1182 3516 1445 3587 περιῆγεν
1491 3522 1548 3573 ἐν
1595 3524 1707 3586 τοίς

118 3599 331 3663 πεδίοις
357 3599 449 3653 τοῦ
479 3600 690 3671 δρυμοῦ
721 3643 735 3666 ,
766 3602 1187 3675 ὑποστρέφουσα
1240 3608 1340 3679 μὲν
1364 3611 1425 3664 τὸ
1451 3613 1587 3681 πρὸς
1617 3616 1707 3667 ἐσ-

118 3689 324 3759 πὲραν,
354 3691 471 3760 ἃμα
500 3692 557 3744 δὲ
587 3692 755 3763 πρωῒ,
778 3696 845 3763 τῇ
871 3693 980 3748 τῶν
1006 3696 1425 3768 ὑπουργούντων
1453 3703 1702 3775 ἀμελείᾳ,

117 3780 461 3853 ὲξερχομένη
496 3783 593 3836 καὶ
621 3786 734 3848 τοῖς
766 3786 980 3856 ἀγρίοις
1021 3790 1486 3857 συναγελάζουσα.
1535 3796 1709 3849 Ἐκείο·

114 3890 231 3926 νων
261 3873 318 3925 δὲ
365 3876 699 3945 πορρωτέρω
744 3877 1131 3948 μεταθεμένων
1162 3880 1448 3953 νέμεσθαι,
1477 3902 1706 3957 συνηκο-

112 3962 355 4033 λούθησε
402 3967 497 4018 καὶ
545 3967 704 4039 αὑτὴ.
758 3970 820 4022 Ol
869 3970 926 4023 δὲ
970 3971 1062 4025 τοῦ
1104 3974 1359 4028 πλουσίου
1398 3978 1702 4049 ὑπηρέται,

108 4057 283 4111 τοῦτο
311 4058 648 4128 αἰσθόμενοι,
690 4059 777 4130 ἐφ’
809 4062 992 4116 ἵππων
1022 4065 1339 4132 ἀναϐάντες,
1377 4071 1705 4138 κατεδίωξαν

112 4150 297 4204 ὀπίσω
325 4150 527 4215 αὑτῶν,
565 4154 659 4205 καὶ
687 4153 787 4224 τὴν
822 4155 921 4225 μὲν
953 4156 1094 4211 ίδίαν
1112 4159 1348 4228 δορκάδα
1383 4161 1705 4235 ζωγρήσαν-

109 4261 233 4308 τες,
264 4245 361 4297 καὶ
392 4246 904 4315 ἐπαναστρέψαντες
932 4249 1138 4315 οἴκαδε,
1167 4252 1431 4321 ἀπρὸἳτον
1465 4255 1560 4307 τοῦ
1595 4256 1706 4309 λοι-

112 4333 225 4385 ποῦ
255 4333 470 4387 ἔθεντο·
500 4335 599 4403 τῆς
652 4336 710 4388 δὲ
733 4336 927 4408 λοιπῆς
956 4338 1159 4410 ἀγέλης
1189 4343 1284 4406 τὰς
1318 4346 1417 4414 μὲν
1442 4346 1703 4400 ἀπέκτειο

112 4442 241 4487 ναν,
278 4425 378 4488 τὰς
418 4425 475 4479 δὲ
518 4428 709 4493 κακῶς
755 4430 1014 4485 διέθεντο.
1052 4434 1157 4488 Τὸν
1197 4435 1361 4488 αὑτὸν
1408 4436 1472 4508 δὴ
1502 4439 1705 4509 τρόπον

1887 2042 2199 2097 Admiratus
2254 2044 2427 2112 itaque
2459 2045 2718 2116 Jusaphat
2749 2052 3049 2122 lmjusmodi
3085 2062 3203 2113 vitae
3244 2063 3386 2115 duri-

1821 2131 1946 2184 tiam
1969 2139 2021 2184 et
2052 2131 2413 2197 asperitatem,
2443 2143 2601 2203 atque
2630 2152 2693 2191 ex
2725 2139 2924 2209 ingenti
2950 2158 3011 2197 ea
3036 2157 3091 2199 et
3128 2155 3382 2217 smgulari

1820 2222 2095 2274 tolerantia
2125 2232 2341 2289 stupore
2368 2224 2588 2281 affectus
2624 2228 2915 2298 ingemuit,
2947 2238 3278 2306 pridusisque
3309 2243 3386 2292 la-

1819 2311 2015 2381 crymis
2037 2311 2101 2364 ad
2132 2327 2313 2364 senem
2340 2314 2448 2365 ait:
2485 2314 2742 2381 Quoniam
2790 2335 2852 2373 ea
2885 2322 2978 2377 tibi
3010 2324 3110 2377 huc
3139 2328 3381 2383 veniendi

1819 2413 1978 2453 eausa
2006 2402 2122 2465 luit,
2169 2411 2221 2451 ut
2253 2417 2334 2456 me
2363 2418 2426 2456 ex
2455 2408 2644 2459 acerba
2675 2408 2870 2465 diaboli
2896 2418 3153 2471 servitute
3205 2430 3383 2473 extra-

1821 2490 1998 2555 heres,
2027 2488 2289 2544 beneﬁcio
2372 2501 2465 2547 tuo
2536 2503 2833 2551 extremam
2907 2515 3126 2556 manum
3207 2511 3382 2578 itltpo.

1823 2595 1913 2648 Ite,
1944 2590 2101 2650 atque
2129 2601 2356 2641 animam
2402 2605 2571 2645 meam
2610 2595 2678 2647 de
2723 2600 2963 2654 ettstodia
3016 2602 3151 2655 educ
3205 2604 3374 2670 (Psnl.

1820 2675 1984 2740 cm),
2015 2690 2077 2727 ac
2100 2692 2186 2730 me
2213 2678 2417 2735 itineris
2442 2683 2514 2735 tui
2541 2686 2741 2739 socium
2757 2688 2969 2757 adhibe,
3003 2700 3055 2743 ut
3081 2694 3259 2746 mundi
3285 2695 3382 2747 im-

1823 2773 2036 2825 postura
2098 2779 2314 2832 prorsus
2361 2769 2634 2836 liberatus.
2687 2784 2799 2829 tum
2854 2778 3084 2848 denique
3135 2784 3381 2837 salutaris

1819 2851 2064 2916 baptismi
2094 2856 2325 2922 s'gillum
2355 2860 2635 2927 accipiam,
2685 2866 2994 2932 sociumque
3028 2885 3112 2922 me
3151 2872 3242 2924 tibi
3285 2873 3381 2926 ad-

1818 2938 2072 2993 miranda:
2120 2942 2271 3011 hujus
2303 2946 2648 3017 philosophia:
2696 2963 2854 3021 atque
2881 2960 3088 3012 astutiae
3115 2965 3378 3016 ενι-σξιο-

1820 3029 1973 3081 tinnis
2007 3030 2290 3096 pnebeam.

1890 3170 2023 3223 Dixit
2056 3180 2229 3223 autem
2261 3171 2323 3224 ad
2355 3186 2473 3223 eum
2500 3171 2735 3223 Barlaam
2767 3187 2783 3227 :
2842 3171 3060 3239 Capram
3104 3172 3379 3226 hinnnlum

1817 3260 1964 3313 dives
1992 3259 2247 3330 quispiam
2288 3261 2412 3314 olim
2436 3262 2609 3315 alebat
2640 3279 2652 3314 :
2702 3276 2820 3315 cum
2847 3272 3020 3316 autem
3050 3265 3161 3331 ipse
3183 3267 3382 3319 crevis-

1815 3358 1917 3413 ενι,
1942 3350 2164 3404 naturali
2194 3349 2382 3404 alfectn
2410 3361 2701 3420 pertractus
2733 3354 3048 3408 solitudines
3077 3357 3383 3420 expetebat.

1816 3440 2074 3508 Egressus
2098 3439 2252 3508 igitur
2298 3443 2523 3509 quodam
2556 3443 2663 3507 die,
2711 3457 3025 3510 caprearum
3058 3460 3268 3513 gregem
3294 3461 3386 3513 pa-

1815 3530 1918 3583 stui
1946 3545 2161 3598 operam
2193 3531 2405 3583 dantem
2431 3531 2652 3596 invenit,
2704 3539 2864 3602 atque
2916 3534 2983 3588 ad
3014 3549 3104 3588 eas
3149 3548 3269 3590 sese
3291 3536 3386 3589 ad-

1812 3621 2057 3687 iungens,
2111 3635 2205 3688 per
2257 3634 2414 3686 agros
2467 3631 2517 3674 et
2553 3636 2770 3690 campos
2818 3624 3118 3690 oberrabat,
3152 3640 3215 3679 ac
3260 3641 3384 3679 sero

1813 3712 2026 3777 quidem
2058 3710 2278 3764 domum
2320 3725 2379 3764 se
2428 3713 2734 3777 referebat;
2768 3728 2926 3767 mane
2956 3725 3127 3768 autem
3159 3713 3386 3767 fatnulo-

1812 3817 1930 3854 rum
1961 3803 2274 3871 negligentia
2308 3802 2449 3855 foras
2479 3804 2874 3870 egrediebatur,
2926 3815 3084 3867 atque
3138 3820 3257 3857 cum
3286 3807 3382 3856 sit-

1811 3891 2077 3945 vestribus
2102 3894 2276 3959 capris
2298 3907 2356 3947 se
2379 3895 2714 3961 aggregabat.
2751 3895 2914 3947 l’orro
2943 3910 3060 3947 cum
3090 3896 3192 3948 illa:
3218 3896 3380 3961 pabu-

1811 3982 1977 4035 latum
2010 3970 2217 4049 longius
2252 3984 2648 4048 processissent,
2703 3984 2819 4050 ipse
2848 4000 3059 4051 quoque
3097 4000 3186 4038 eas
3214 3988 3379 4039 comi~

1812 4081 1952 4123 tatus
1981 4079 2081 4125 est.
2108 4075 2171 4124 At
2198 4086 2322 4124 vero
2341 4071 2676 4126 divitisillius
2700 4075 2795 4127 viri
2825 4074 3030 4137 famuli,
3055 4091 3112 4131 re
3140 4078 3373 4144 cognita,

1811 4161 2128 4214 enascensis
2157 4162 2303 4228 equis
2327 4177 2417 4215 eas
2438 4178 2464 4213 a
2499 4173 2646 4229 tergo
2677 4164 2895 4217 insecuti
2925 4175 3065 4231 sunt,
3116 4180 3179 4219 ac
3225 4180 3375 4220 suam

1809 4250 2023 4319 quidem
2046 4266 2291 4319 capream
2315 4253 2487 4307 vivam
2512 4263 2741 4322 captam,
2764 4255 3081 4323 domumque
3106 4256 3374 4311 reductam

1811 4344 2031 4412 posthac
2056 4345 2126 4397 ita
2157 4353 2457 4410 tenuerunt,
2485 4357 2539 4400 ut
2563 4347 2687 4400 nulli
2717 4347 2781 4401 ad
2802 4362 2917 4401 eam
2943 4349 3112 4403 aditus
3142 4357 3374 4418 pateret;

1807 4434 2068 4502 reliquum
2100 4443 2276 4489 autem
2310 4452 2520 4506 gregem
2570 4441 2759 4507 partim
2805 4440 3152 4505 trucidarunt,
3183 4445 3374 4510 partim

109 4515 336 4568 δέδοικα
380 4515 637 4583 γενέσθαι
687 4520 783 4572 καὶ
824 4521 912 4589 ἐφ’
938 4524 1106 4592 ἡμᾶς,
1134 4526 1182 4576 εί
1211 4527 1703 4600 συνακολουθήσεις

1818 4525 1947 4578 male
1975 4525 2287 4579 multarunt.
2340 4527 2537 4581 Eodem
2568 4528 2725 4581 modo
2752 4544 2818 4582 ne
2862 4531 3012 4584 nol-is
3039 4533 3243 4585 accidat
3266 4547 3376 4586 me-

114 4623 212 4675 μοι
232 4622 248 4637 .
283 4607 498 4676 μήποτε
529 4609 624 4661 καὶ
655 4610 753 4680 τῆς
779 4611 879 4681 σῆς
906 4614 1272 4685 ἀποστερηθῶ
1296 4621 1666 4690 συνοικήσεως
1684 4663 1699 4687 ,

110 4695 214 4747 καὶ
256 4694 446 4749 κακῶν
476 4696 686 4752 πολλῶν
732 4703 844 4763 τοῖς
878 4701 1111 4773 ἑταίροις
1161 4720 1265 4772 μου
1292 4707 1538 4778 γένωμαι
1568 4711 1702 4780 πρό-

106 4788 273 4855 ξενος
311 4790 583 4859 κρίματός
618 4809 678 4844 τε
714 4794 936 4848 αἰωνίου
980 4796 1058 4864 τῷ
1086 4796 1165 4867 σῷ
1195 4801 1504 4871 γεννήτορι.
1543 4803 1705 4858 Ἀλλὰ

107 4879 277 4933 τοῦτό
298 4897 359 4933 σε
383 4880 631 4952 βούλεται
652 4886 681 4937 6
711 4885 935 4955 Κύριος,
968 4887 1065 4943 νῦν
1100 4889 1199 4959 μὲν
1229 4893 1605 4962 σημειωθῆναι
1635 4897 1701 4967 τῇ

110 4969 380 5041 σφραγῖδι
408 4972 501 5025 τοῦ
528 4973 673 5027 Θείου
700 4976 1080 5048 βαπτίσματος
1109 4982 1243 5050 (85),
1272 4986 1367 5037 καὶ
1399 4986 1579 5055 μένειν
1608 4988 1701 5041 ἐπὶ

109 5061 327 5134 χώρας,
363 5062 546 5135 πάσης
579 5066 943 5139 ἀντεχόμενον
991 5074 1276 5138 εὐσεϐείας
1320 5078 1415 5129 καὶ
1449 5079 1549 5148 τῆς
1593 5081 1702 5133 τῶν

111 5153 352 5208 ἐντολῶν
378 5156 472 5209 τοῦ
507 5159 749 5229 Χριστοῦ
788 5163 1072 5234 ἐργασίας.
1121 5167 1291 5220 Ἐπὰν
1325 5169 1485 5241 158
1509 5172 1566 5224 δὲ
1591 5172 1702 5243 δῴη

109 5246 312 5314 καιρὸν
357 5249 388 5301 6
419 5250 637 5304 πάντων
668 5253 835 5325 δοτὴρ
876 5255 985 5309 τῶν
1032 5257 1237 5321 καλῶν,
1273 5262 1574 5331 τηνικαῦτα
1609 5265 1704 5317 καὶ

107 5338 317 5414 ἑλιύσῃ
348 5342 489 5413 πρὸς
522 5345 704 5415 ἡμᾶς,
738 5346 833 5398 καὶ
876 5348 936 5400 τὸ
966 5348 1261 5404 ὑπόλοιπον
1290 5353 1390 5423 τῆς
1418 5355 1705 5426 παρούσης

184 5495 303 5569 (83)
335 5494 654 5588 Latinorum
685 5500 928 5570 pallium.
968 5501 1221 5562 Moschus
1243 5505 1407 5565 Prato
1441 5523 1488 5565 c.
1519 5510 1590 5565 76
1621 5524 1635 5564 :
1664 5506 1708 5565 ei

1818 5530 1964 5566 ’τινα
2001 5511 2301 5582 μοναχὸν...
2336 5511 2503 5582 μηδὲν
2541 5512 2733 5584 ἔχοντα
2775 5513 2912 5587 πλὴν
2956 5515 3233 5588 στιχαρίου

113 5566 268 5634 χίνου
283 5566 392 5618 καὶ
418 5567 668 5624 παλλίου.

185 5636 304 5708 (εί)
341 5634 486 5708 ρδιιι.
515 5653 661 5708 CXLI,
693 5640 742 5694 7.

1809 4623 1921 4681 tuo,
1948 4616 1992 4669 si
2025 4615 2150 4669 mihi
2181 4624 2232 4670 te
2262 4620 2507 4671 comitem
2541 4618 2815 4688 adiungas.
2852 4619 2960 4673 Hoc
2985 4632 3082 4685 est,
3109 4637 3172 4674 ne
3202 4631 3254 4675 et
3284 4632 3375 4677 tuo

1807 4705 2157 4761 contubernio
2196 4708 2392 4776 priver,
2445 4715 2500 4763 et
2529 4708 2767 4777 ingentes
2808 4710 2967 4764 sociis
3000 4713 3132 4765 meis
3158 4712 3376 4766 calami-

1808 4806 1968 4861 tates,
1994 4814 2055 4852 ac
2084 4802 2459 4868 sempiternam
2486 4802 2618 4868 patri
2650 4812 2738 4856 tuo
2765 4803 3254 4858 condemnati-mem
3279 4820 3370 4859 ac-

1808 4904 2032 4944 cersam.
2066 4890 2186 4943 Vult
2209 4891 2387 4959 itaque
2433 4904 2484 4946 te
2513 4893 2762 4947 Dominus
2796 4910 2934 4949 nunc
2964 4897 3176 4965 quidem
3207 4897 3368 4951 divini

1810 4979 2057 5048 baptismi
2080 4980 2583 5049 sigillncensiguari,
2604 4994 2761 5054 atque
2782 4988 2866 5040 hic
2896 4996 3199 5041 manentem
3228 4988 3369 5041 omni

1808 5071 2019 5138 pictatis
2048 5071 2229 5141 generi
2280 5076 2515 5136 studere,
2564 5076 2948 5143 prmceptisipie
3005 5077 3114 5129 suis
3153 5090 3365 5143 operam

1808 5162 1951 5216 dare.
2000 5163 2349 5232 Posteaquam
2404 5174 2578 5218 autem
2631 5165 2770 5219 illius
2822 5167 3077 5219 bonorum
3124 5166 3366 5221 omnium

1810 5253 2007 5307 daturis
2034 5270 2251 5309 munere
2282 5255 2490 5310 occasio
2540 5272 2656 5310 sese
2682 5257 2949 5320 obtulerit,
3000 5266 3107 5311 tum
3154 5259 3367 5314 demum

1807 5353 1862 5398 et
1887 5344 1953 5399 ad
1982 5359 2081 5399 nos
2106 5346 2306 5411 venies,
2339 5354 2393 5400 et
2422 5360 2513 5414 per
2544 5347 2803 5414 reliquum
2820 5360 2977 5401 omne
2999 5348 3217 5416 hujusce
3251 5350 3370 5403 vitae

3270 5538 3383 5593 τρι-

336 5705 1337 5805 (ξ,ΫΠνεύματριςλ
1362 5720 1667 5805 Βιῃιιῇειιιυε
1703 5729 1708 5776 l

1830 5723 1957 5805 olim
2005 5728 2241 5805 σφραγὶς
2274 5725 2492 5805 dicti-iiii
2528 5722 2659 5805 [ille
2695 5726 2918 5797 chaar.
2960 5730 3025 5785 ad
3055 5730 3226 5786 (ilum.
3264 5731 3385 5786 Alc-
3434 5787 3456 5805 κ

120 5778 309 5833 ωηατ.
350 5796 369 5829 ε
411 5775 545 5842 Quis
582 5775 731 5839 dives
757 5775 994 5841 salictur
1033 5808 1051 5840 ι
1088 5775 1376 5860 1.5.3.580;
1411 5775 1626 5849 Fabric.
1651 5775 2261 5861 vatlil‘seudo’Abdia‘m',
2307 5775 2517 5863 p.537,
2547 5775 2672 5851 7700'.
