3902 6358
534 405 668 468 1023
1941 385 2117 445 .ADD]

2224 385 2328 446 DA.
3665 372 3810 434 102!

513 530 740 585 tempus
762 517 1034 570 nobiscum
1060 515 1243 582 deses.
1275 515 1350 567 Ac
1389 511 1595 566 Domini
1635 511 1954 577 benignitate
1983 509 2090 565 l're-

2224 503 2342 572 ’ωῆς
2369 499 2627 570 ἀλλήλοις
2657 491 3104 566 συνοικήσαιμεν.
3131 488 3378 546 Πέποιθα
3397 489 3455 543 δὲ
3486 487 3567 558 τῷ
3595 484 3814 556 Κυρίῳ

460 663 467 684 ι.
529 579 1066 678 tua-haudquaquam
1096 579 1280 660 dubito
1305 604 1430 671 quin
1449 603 1500 656 iu
1527 603 1697 656 futura
1727 603 1837 656 vita
1864 603 1933 656 ita
1963 617 2094 657 con-

2224 597 2294 650 :a‘l
2339 596 2396 648 ἐν
2449 595 2517 665 τῇ
2577 589 2848 663 μελλούσῃ
2903 588 3154 657 διαγωγῇ
3211 582 3582 645 ἀδιαστάτους
3643 579 3808 652 ἡμεῖς

528 704 840 772 iungamur,
876 709 930 752 ut
962 713 1224 766 nunquam
1253 697 1427 750 divelli
1460 695 1739 763 possimus.

602 791 854 853 Josaplmt
883 801 1057 844 autem
1086 789 1333 856 lacrymis
1360 802 1564 840 rursmn
1591 786 1853 854 perfusus,
1885 783 1948 835 ad
1970 797 2092 838 eum

528 883 606 938 alt
633 900 648 937 :
677 884 730 938 Si
765 883 990 936 Domino
1016 882 1084 934 ita
1118 881 1308 950 placet,
1335 881 1497 948 ipsius
1526 879 1768 932 Voluntas
1795 877 1904 932 ﬁat.
1949 879 2092 944 Quo—

532 973 672 1027 circa
703 988 822 1027 Cllm
853 972 1033 1025 divino
1084 971 1398 1038 baptismate
1447 985 1532 1022 me
1563 969 1850 1022 initiaret-is
1877 1009 1890 1030 ,
1938 981 2096 1036 pecu-

532 1063 755 1128 niasque
782 1078 811 1115 a
839 1077 922 1114 tne
946 1071 1000 1116 et
1030 1072 1222 1126 vestes,
1277 1069 1383 1113 tant
1415 1059 1478 1111 ad
1506 1068 1649 1112 tuum
1673 1075 1827 1126 quam
1853 1059 1914 1110 ad
1944 1056 2098 1110 soda-

535 1155 662 1206 lium
697 1164 904 1206 tuorum
948 1153 1136 1206 \icmm
1173 1167 1234 1204 ac
1264 1149 1508 1203 vestitum
1549 1150 1834 1214 acreperis,
1879 1149 1928 1200 in
1974 1146 2099 1198 reli-

537 1241 700 1310 gio-as
739 1241 1133 1295 exercitationis
1189 1241 1384 1303 locum,
1437 1237 1627 1291 divina!
1673 1239 1816 1305 pacis
1859 1235 2102 1300 praesidio

538 1343 742 1401 septas,
790 1333 1045 1396 abscede;
1097 1345 1319 1400 meaque
1349 1344 1506 1384 causa
1538 1330 1653 1382 sine
1694 1328 1795 1380 ulla
1845 1327 2106 1380 intermis—

539 1425 690 1477 sione
713 1423 876 1476 Deum
903 1437 1050 1490 roga,
1079 1429 1135 1475 ιιι
1166 1437 1230 1474 ne
1257 1435 1350 1486 spe
1377 1433 1493 1472 mea
1522 1420 1764 1483 l'rustrer,
1791 1432 1970 1470 verum
1998 1415 2102 1482 pri-

545 1532 635 1569 mo
687 1529 898 1583 quoque
956 1523 1194 1580 tempore
1224 1512 1286 1561 ad
1319 1521 1369 1565 te
1407 1508 1702 1576 pervenire,
1731 1518 1886 1574 atque
1917 1505 1966 1559 in
1997 1505 2103 1558 alta

543 1609 720 1674 quiete
742 1608 1019 1661 utilitatem
1053 1620 1114 1658 ex
1147 1613 1195 1656 te
1229 1603 1500 1670 percipere
1534 1599 1750 1666 possim.

620 1699 858 1752 Barlaam
883 1705 1058 1747 autem
1081 1695 1152 1746 ait
1182 1712 1194 1747 :
1257 1691 1391 1755 Quin
1419 1688 1610 1742 CltriSti
1634 1687 1847 1756 quidem
1879 1684 2104 1753 sigillum

546 1790 798 1854 accipias,
821 1786 952 1840 nihil
993 1795 1070 1837 est
1099 1783 1236 1848 quod
1256 1782 1547 1850 prohibeat.
1567 1779 1738 1843 Quare
1769 1779 1987 1846 teipsum
1999 1777 2106 1843 jam

546 1881 770 1943 adorna,
819 1890 880 1927 ac
915 1875 1020 1927 l-teo
1062 1874 1277 1941 juvaute
1325 1871 1638 1924 Christianae
1668 1869 1786 1922 ﬁdei
1810 1868 1975 1922 sacris
2006 1867 2110 1920 iui-

551 1967 790 2021 tialicris.
839 1965 914 2018 De
938 1965 996 2016 iis
1024 1975 1196 2015 autent
1230 1962 1487 2028 pecuniis,
1525 1973 1654 2026 quas
1707 1967 1758 2011 te
1810 1969 1917 2010 tum
1959 1957 2109 2022 mihi,

553 2070 665 2110 tum
702 2055 969 2108 sodalibus
1001 2053 1132 2104 meis
1163 2051 1405 2104 daturum
1429 2049 1624 2112 dixisti,
1653 2049 1740 2115 qui
1765 2047 1974 2100 tandem
2001 2046 2112 2100 ﬁeri

553 2157 731 2215 posset
762 2153 817 2196 ut
865 2153 916 2195 tu
963 2143 1049 2210 qui
1083 2156 1279 2208 pauper
1304 2153 1382 2200 es,
1436 2137 1686 2191 divitibus
1714 2139 2110 2208 eleemnsyuam

554 2235 872 2302 impertias?
943 2231 1214 2300 Siquidem
1286 2229 1502 2282 divitum
1558 2237 1639 2282 est
1685 2228 1750 2283 de
1797 2228 2115 2296 pauperibus

557 2328 691 2379 bene
722 2325 944 2384 mereri,
999 2338 1101 2375 non
1133 2329 1310 2373 autem
1339 2329 1519 2372 contra
1565 2332 1854 2386 pauperum
1885 2319 1948 2370 de
1971 2317 2120 2370 locu-

556 2417 789 2483 pletibus
811 2425 860 2466 et
890 2414 1139 2478 copiosis.
1173 2412 1298 2463 Nam
1331 2409 1589 2465 sodalium
1613 2409 1846 2462 omnium
1879 2423 2117 2462 meorum

558 2516 860 2573 postremus
878 2504 1066 2570 opibus
1096 2501 1310 2553 omnino
1343 2510 1392 2552 te
1414 2507 1646 2564 superat.
1701 2497 1891 2550 Verum
1926 2500 2122 2554 divinis

559 2591 990 2646 miserationibus
1024 2591 1208 2653 fretus,
1253 2588 1354 2641 hoc
1385 2587 1508 2640 milii
1541 2586 1858 2652 persuadeo,
1913 2595 1963 2640 te
2003 2601 2121 2656 pro-

561 2685 768 2753 pediem
802 2682 1268 2750 locupletissimum
1293 2678 1429 2734 fore.
1491 2678 1640 2744 Quod
1661 2693 1781 2732 cum
1814 2681 2118 2748 eomigcrit,

561 2777 782 2831 minime
808 2775 871 2828 ad
901 2773 1226 2842 largiendum
1280 2783 1554 2841 promptus
1585 2786 1646 2826 ac
1694 2772 1945 2840 proclivis
1991 2771 2116 2824 eris.

629 2864 775 2920 Dixit
795 2872 975 2919 autem
991 2862 1058 2916 ad
1077 2875 1200 2916 eum
1213 2857 1474 2928 Josaphat
1496 2857 1742 2928 :Expone
1763 2858 1917 2924 mihi,
1931 2871 2136 2928 quaeso,

557 2972 792 3025 quonam
825 2962 986 3024 pacto
1008 2951 1275 3008 sodalium
1299 2961 1511 3003 tuorum
1533 2958 1811 3006 extremus
1834 2950 2027 3015 opibus
2054 2961 2138 3001 me

557 3047 863 3106 antecellat,
903 3057 1024 3098 cum
1073 3043 1226 3107 paulo
1273 3051 1394 3093 ante
1424 3046 1476 3091 tu
1505 3052 1597 3090 eos
1639 3037 1690 3088 in
1728 3051 1912 3107 magna
1943 3038 2120 3105 inopia

561 3138 739 3188 vivere
769 3145 926 3204 atque
955 3143 1190 3186 extrema
1215 3136 1523 3196 paupertate
1561 3127 1854 3180 conﬂictari
1902 3126 2118 3180 dixeris.

2202 685 2369 744 εἶναι.

2272 741 2439 842 Αὖθις
2459 777 2516 831 δέ
2544 777 2572 830 ὁ
2607 775 2844 842 Ἰωάσαφ
2871 741 3123 844 δακρύων
3150 769 3284 840 φησι
3312 766 3450 837 πρὸς
3481 764 3665 820 αὐτόν
3687 781 3704 798 ·
3737 765 3806 819 εξ

2203 871 2280 942 τῷ
2297 869 2486 939 Κυρίῳ
2504 867 2678 920 ταῦτα
2693 865 2861 928 δοκεῖ,
2881 863 2942 916 τδ
2964 863 3174 932 θέλημα
3191 858 3356 913 αὑτοῦ
3376 856 3641 926 ,γενέσθω
3666 854 3806 925 (86].
3863 937 3876 941 η

2203 963 2514 1025 Τελειώσας
2543 955 2637 1014 οὖν
2668 976 2736 1031 με
2778 956 2964 1011 λοιπὸν
3003 954 3083 1022 τῷ
3127 953 3258 1023 θείῳ
3289 950 3676 1021 βαπτίσματι,
3709 947 3808 998 καὶ

2204 1054 2384 1109 λαϐὼν
2414 1053 2544 1124 παρ’
2580 1049 2712 1120 ἐμοῦ
2749 1050 3010 1121 χρήματα
3036 1046 3130 1099 καὶ
3155 1043 3350 1112 ἱμάτια
3379 1043 3457 1103 εἰς
3487 1040 3809 1105 διατροφὴν

2210 1149 2305 1201 καὶ
2342 1145 2618 1215 άμφίασιν
2653 1140 2748 1192 σοῦ
2779 1156 2839 1192 τε
2870 1138 2963 1190 καλ⁸
3001 1135 3111 1189 τῶν
3145 1132 3376 1202 ἑταίρων
3411 1145 3508 1210 σου
3536 1164 3551 1189 ,
3591 1125 3808 1178 ἄπελθε

2207 1241 2287 1303 εἰς
2315 1237 2405 1291 τὸν
2433 1236 2599 1288 τόπον
2620 1233 2721 1302 τῆς
2747 1226 3032 1300 ἀσκήσεώς
3063 1242 3178 1289 σου,
3210 1225 3276 1294 τῇ
3303 1221 3396 1274 τοῦ
3426 1217 3569 1272 Θεοῦ
3606 1216 3808 1287 εἰρήνη

2209 1326 2644 1401 φρουρούμενος.
2677 1318 2874 1389 Κάμοῦ
2909 1316 2983 1386 μὴ
3010 1314 3271 1384 διαλίπῃς
3311 1307 3769 1401 ὑπερευχόμενᾷ
3790 1343 3804 1366 ι

2209 1398 2297 1476 ἵνα
2331 1420 2407 1492 μὴ
2447 1417 2739 1486 ἐκπέσοιμι
2775 1413 2874 1483 τῆς
2904 1408 3117 1471 ἐλπίδος
3150 1423 3274 1475 μου,
3317 1401 3451 1455 ἀλλὰ
3487 1399 3698 1452 θᾶττον
3727 1398 3808 1448 ία-

2209 1514 2359 1586 χύσω
2398 1509 2726 1564 καταλαϐεῖν
2755 1523 2814 1557 σε
2847 1503 2942 1556 καὶ
2975 1503 3032 1552 ἐν
3063 1496 3264 1566 ἡσυχίᾳ
3287 1492 3481 1564 βαθείᾳ
3512 1490 3623 1560 τῆς
3650 1488 3806 1558 παρὰ

2213 1606 2306 1660 σοῦ
2347 1601 2643 1658 ἀπολαύειν
2673 1596 2964 1666 ὠφελείας.

2292 1698 2350 1751 ’0
2379 1697 2434 1750 δέ
2468 1691 2734 1762 Βαρλαάμ
2762 1689 2866 1758 ἔφη
2890 1702 2904 1716 ο
2945 1685 3058 1754 Τὴν
3096 1680 3194 1752 μὲν
3219 1676 3313 1732 τοῦ
3344 1673 3590 1744 Χριστοῦ
3621 1689 3686 1725 σε
3711 1673 3806 1724 λα-

2215 1793 2328 1845 ϐεῖν
2366 1787 2637 1859 σφραγῖδα
2666 1785 2727 1836 τὸ
2756 1780 2962 1834 κωλῦον
2995 1775 3167 1829 οὐδέν.
3201 1770 3539 1840 Εὑτρέπισον
3611 1767 3806 1817 λοιπιὶν

2217 1885 2478 1939 σεαυτόν·
2518 1879 2645 1944 καὶ,
2690 1876 2784 1928 τοῦ
2832 1871 3039 1941 Κυρίου
3089 1863 3514 1934 συνεργοῦντος,
3571 1858 3806 1911 τελειω-

2216 1979 2376 2050 θήσῃ.
2413 1973 2549 2044 Περὶ
2575 1965 2648 2023 ὧν
2674 1969 2731 2022 δὲ
2754 1961 2914 2026 εἶπας
2944 1960 3244 2032 χρημάτων
3273 1956 3384 2050 τοῖς
3413 1951 3666 2021 ἑταίροις
3701 1966 3808 2018 μου

2219 2069 2538 2142 παρασχεῖν,
2591 2061 2708 2124 πῶς
2745 2059 2899 2111 ἔσται
2947 2054 3126 2114 τοῦτο,
3169 2051 3228 2107 σὲ
3279 2049 3371 2102 τον
3421 2047 3646 2116 πένητα
3691 2045 3814 2105 τοῖς

2216 2135 2494 2221 πλουσίοις
2533 2150 2903 2225 ἐλεημοσύνην
2935 2146 3167 2208 διδόναις
3200 2143 3264 2196 0i
3290 2139 3534 2192 πλούσιοι
3568 2135 3690 2206 γὰρ
3717 2135 3812 2187 ἀεὶ

2215 2256 2340 2316 τοῦς
2395 2249 2635 2318 πένητας
2681 2238 3085 2311 εὐεργετοῦσιν,
3134 2234 3196 2287 ού
3239 2231 3346 2302 μὴν
3397 2229 3452 2281 δὲ
3503 2230 3551 2280 οἱ
3602 2226 3814 2296 ἄποροι

2217 2348 2342 2408 τοὺς
2371 2342 2661 2411 εὐπόρους.
2693 2336 2752 2387 '0
2776 2334 2884 2402 γάρ
2919 2329 3146 2398 ἔσχατος
3176 2325 3397 2378 πάντων
3420 2319 3528 2372 τῶν
3559 2319 3816 2386 ἑταίρων

2222 2458 2321 2513 μου
2355 2409 2750 2500 πλουσιώτερός
2770 2443 2860 2479 σου
2889 2419 3235 2492 ἀσυγκρίτως
3257 2415 3621 2483 καθέστηκεν.
3641 2409 3818 2462 Ἀλλὰ

2220 2502 2458 2585 πέποιθα
2496 2527 2575 2588 εἰς
2619 2524 2742 2585 τοὺς
2783 2514 3102 2586 οἰκτιρμοῦς
3132 2509 3228 2563 τοῦ
3274 2506 3410 2561 Θεοῦ
3452 2506 3545 2557 καὶ
3583 2502 3651 2554 σὲ
3681 2503 3818 2554 ὅσον

2219 2618 2373 2676 ούπω
2416 2612 2864 2689 ύπερπλουτῆσαι
2891 2622 2905 2638 ·
2941 2606 3034 2660 καὶ
3077 2604 3178 2655 οὐκ
3225 2597 3591 2670 εύμετάδοτος
3650 2609 3821 2661 τηνε-

2221 2713 2398 2768 καῦτα
2429 2709 2548 2779 ἔσῃ.

2301 2843 2433 2900 Εἷπε
2469 2847 2526 2900 δὲ
2567 2847 2596 2898 ὀ
2653 2845 2890 2914 Ἰωάσαφ
2936 2842 3072 2913 πρὸς
3112 2841 3272 2896 αὐτόν
3299 2857 3314 2872 ·
3351 2841 3669 2910 Σαφήνισξνν
3719 2858 3822 2910 μοι

2220 2940 2310 2994 τὸν
2341 2939 2519 3007 λόγον,
2550 2938 2667 3000 πῶς
2693 2938 2720 2989 ὁ
2754 2938 2975 2990 πάντων
3017 2936 3246 3004 ἔσχατος
3275 2931 3386 2985 τῶν
3420 2931 3530 2984 σῶν
3561 2932 3825 3001 ἑταίρων

2223 3029 2548 3100 ὑπέρκειται
2598 3046 2698 3098 μου
2756 3027 2834 3098 τῷ
2879 3026 3113 3096 πλούτῳ,
3163 3024 3370 3094 οῦσπερ
3415 3023 3588 3094 πολλῇ
3633 3025 3820 3093 συζῇν

2223 3121 2384 3191 159
2408 3119 2760 3190 ἀκτημοσύνῃ
2793 3119 2886 3172 καὶ
2917 3117 3122 3188 ἐσχάτῃ
3147 3114 3625 3182 ταλαιπωρεῖσθαι
3657 3132 3820 3168 πτωρ

565 3224 826 3290 Quidnam
854 3227 979 3278 item
1020 3225 1106 3288 sit,
1137 3224 1479 3291 quamobrem
1522 3237 1658 3274 nunc
1713 3235 1798 3274 me
1837 3209 2116 3288 paup‘crem

2224 3217 2340 3287 χείᾳ
2370 3213 2475 3286 πρὸ
2507 3213 2705 3283 μικροῦ
2743 3212 2950 3278 ἔλεγες,
2984 3209 3103 3272 πῶς
3128 3208 3185 3262 δὲ
3217 3207 3312 3260 νῦν
3349 3207 3446 3275 μὲν
3477 3205 3700 3276 πένητά
3741 3223 3819 3274 με

568 3313 828 3379 appelles,
882 3329 1000 3365 cum
1041 3327 1214 3364 auem
1267 3311 1604 3378 amplissimis
1647 3309 1834 3376 Opibus
1876 3309 2125 3375 praeditus

570 3402 744 3464 fuero,
777 3402 992 3453 tniuime
1017 3401 1286 3452 liberalem
1320 3399 1431 3452 fore
1467 3398 1630 3462 dicas,
1661 3401 1746 3467 qui
1769 3413 1906 3452 nunc
1933 3397 1998 3450 ad
2023 3397 2124 3450 lar-

570 3491 817 3557 μίοιιιιεςηι
850 3498 1123 3556 promptus
1153 3504 1214 3542 ac
1243 3503 1533 3556 propensus
1564 3502 1700 3540 smn.

645 3587 934 3649 lien-outlit
964 3587 1202 3638 Barlaam
1248 3603 1262 3640 :
1315 3585 1426 3640 Non
1458 3600 1548 3640 eos
1590 3595 1895 3656 paupertate
1942 3587 2131 3644 conﬂi-

572 3676 706 3728 ctari
737 3674 866 3740 dixi,
897 3674 988 3728 sed
1010 3674 1336 3728 im'xbaustis
1356 3676 1529 3744 potius
1547 3677 1732 3743 Opibus
1763 3676 1969 3731 ﬂorere.
1997 3678 2124 3733 Nam

573 3765 761 3831 opibus
787 3778 914 3830 opes
941 3777 1152 3831 semper
1181 3763 1489 3832 adiungere,
1514 3780 1612 3820 nec.
1645 3766 1985 3834 cupiditatem
2017 3777 2130 3820 tan-

573 3872 728 3921 quam
764 3855 913 3908 freno
939 3869 1210 3920 coercere,
1256 3869 1437 3909 verum
1467 3856 1579 3909 sine
1595 3856 1694 3909 ulla
1711 3857 1954 3912 satietate
1981 3859 2130 3926 plura

575 3956 862 4012 appetere,
936 3956 1188 4019 extremae
1233 3948 1558 4016 paupertatis
1605 3959 1972 4018 argumentum
2031 3961 2132 4002 est.

575 4039 788 4098 Contra,
822 4039 910 4107 qui
938 4039 1377 4106 selnpitcrnarum
1398 4054 1570 4092 rerum
1597 4039 1880 4106 cupiditate
1903 4055 2134 4106 praesen-

576 4130 647 4181 tia
672 4130 845 4182 omnia
865 4138 1228 4192 conten'tnunt,
1252 4143 1420 4197 eaque
1445 4145 1538 4193 pro
1566 4130 1888 4184 starem-ibus
1914 4129 2136 4196 ducunt,

579 4229 636 4270 ut
663 4216 933 4271 Christum
965 4218 1134 4271 solum
1165 4218 1432 4270 lucrentur
1458 4217 1682 4286 (Philip.
1713 4217 1832 4287 ιιι),
1886 4220 2136 4285 omnique

581 4309 821 4361 ciborum
854 4319 908 4360 et
963 4309 1389 4359 indumentorum
1419 4322 1640 4360 excussa
1675 4319 1834 4376 atque
1879 4309 1932 4362 in
1972 4309 2135 4363 Deum

583 4395 814 4462 projeeta
868 4411 1016 4458 cura,
1065 4393 1318 4463 majorem
1365 4409 1429 4448 ex
1474 4395 1646 4462 inepia
1697 4397 2014 4466 volup'atem
2043 4415 2136 4466 ca-

2215 3307 2533 3368 άποκαλεῖς,
2574 3305 2702 3357 ὅταν
2732 3303 2787 3356 δὲ
2829 3301 3270 3371 ύπερπλουτήσω
3302 3300 3402 3352 οὐκ
3431 3297 3818 3366 εὐμετάδοτου

2214 3397 2466 3464 γενέσθαι
2496 3395 2676 3463 λέγεις
2697 3395 2790 3446 τὸν
2819 3392 3182 3462 εύμετάδοτον
3213 3390 3310 3444 νῦν
3343 3389 3771 3458 καθεστηκότας

2303 3584 2360 3635 '0
2388 3581 2445 3634 δὲ
2470 3576 2734 3649 Βαρλαὰμ
2770 3571 3108 3644 ἀπεκρίνατο
3130 3585 3145 3600 ·
3188 3569 3264 3621 Ού
3298 3566 3544 3635 πτωχεία
3571 3562 3821 3627 τούτους

2223 3675 2361 3744 ἔφην
2392 3667 2877 3740 ταλαιπωρεῖσθαι,
2905 3663 3043 3718 ἀλλὰ
3068 3661 3286 3731 πλούτῳ
3314 3659 3491 3729 κομᾷν
3514 3655 3816 3726 άκενώτφ,

2220 3769 2293 3820 Τὸ
2324 3766 2430 3835 γάρ
2456 3764 2543 3818 ἀεὶ
2571 3765 2682 3823 τοῖς
2726 3761 2978 3829 χρήμασι.
3001 3754 3350 3827 προστιθέναι
3391 3753 3680 3821 χρήματα,
3712 3752 3820 3801 καὶ

2222 3859 2298 3930 μὴ
2327 3859 2428 3928 τῆς
2475 3855 2651 3927 ὁρμῆς
2684 3849 3074 3924 χαλινοῦσθαι,
3137 3843 3274 3899 ἀλλὰ
3323 3843 3419 3896 καὶ
3466 3841 3820 3908 πλειοτὲρων

2221 3949 2537 4021 ἁκορέστως
2585 3942 2900 4017 ὀρέγεσθαι,
2937 3939 3098 3992 τοῦτο
3136 3937 3326 3998 πενίας
3366 3933 3607 4003 ἐσχάτης
3649 3933 3813 3983 ἐστί·

2217 4045 2346 4106 τοὺς
2393 4041 2451 4095 δὲ
2497 4039 2606 4094 τῶν
2660 4036 2945 4106 παρόντων
2981 4032 3080 4102 μὲν
3116 4027 3471 4099 ὑπεριδόντας
3503 4024 3658 4090 πόθῳ
3693 4025 3818 4076 τῶν

2219 4135 2476 4200 αἰωνίων,
2508 4131 2604 4184 καὶ
2639 4127 2886 4182 σκύϐαλα
2915 4125 3087 4178 ταῦτα
3115 4119 3520 4193 ἡγησαμένους,
3546 4117 3638 4170 ἵνα
3663 4118 3814 4186 Χρι-

2222 4227 2346 4280 στὸν
2379 4225 2539 4296 μόνον
2573 4221 2883 4291 κερδήσωσι
2914 4217 3051 4287 (87),
3076 4215 3259 4268 πᾶσαν
3285 4212 3341 4265 δὲ
3369 4209 3682 4281 βρωμάτων
3708 4209 3814 4260 καὶ

2219 4316 2538 4388 ἐνδυμάτων
2587 4311 2961 4381 ἀποθεμένους
3020 4307 3291 4379 μέριμναν
3327 4304 3422 4356 καὶ
3468 4301 3547 4381 τῷ
3608 4300 3815 4368 Κυρίῳ

2221 4409 2422 4480 ταύτην
2461 4405 2886 4476 ἐπιῤῥίψαντας,
2936 4397 3407 4470 εὐφραινομένους
3433 4393 3491 4446 δέ
3526 4394 3594 4463 τῇ
3626 4391 3815 4462 άκτη-

579 4486 734 4554 piunt
760 4501 914 4552 quam
957 4486 1232 4554 quisquam
1285 4500 1467 4540 eorum
1519 4487 1607 4555 qui
1633 4489 1814 4542 mundi
1845 4504 2024 4545 amore
2047 4492 2112 4546 lla

2225 4500 2354 4572 σία,
2393 4498 2469 4561 ὼς
2514 4499 2616 4551 ούκ
2662 4497 2728 4551 ἄν
2778 4511 2862 4558 τις
2909 4492 3022 4547 τῶν
3069 4489 3418 4562 φιλοκόσμων
3467 4483 3815 4555 εὐφρανθεξη

574 4585 753 4644 gruit,
783 4593 847 4630 ex
877 4592 1032 4644 opum
1078 4587 1128 4631 et
1185 4577 1527 4644 pecuniarum
1573 4579 1892 4636 abundantia
1922 4584 2096 4651 capiat

2224 4590 2440 4661 πλούτῳ
2482 4589 2578 4642 καὶ
2609 4589 2858 4658 χρήμασι
2907 4583 3140 4656 βρίθων,
3171 4581 3268 4636 καὶ
3297 4579 3390 4632 τὸν
3420 4575 3654 4631 πλοῦτον
3703 4579 3819 4644 τῆς

579 4667 778 4736 quique
825 4669 1183 4736 amplissimas
1211 4670 1460 4724 virtutum
1506 4670 1716 4726 divitias
1757 4673 1856 4726 sibi
1891 4689 2117 4743 aggesse

2224 4682 2423 4754 ἀρετὴς
2461 4679 2712 4750 ἀτθὸνως
2747 4679 2964 4740 ἑαυτοῖς
3006 4671 3436 4744 συναγηοχότας,
3465 4672 3588 4731 ταῖς
3619 4667 3820 4720 ὲλπίοτι

581 4768 724 4826 runt,
773 4769 934 4829 atque
983 4760 1356 4814 immortalium
1399 4761 1652 4816 bonorum
1701 4777 1796 4832 spe
1821 4779 1940 4818 sese
1969 4764 2112 4818 alunt

2224 4791 2278 4829 τε
2309 4773 2420 4826 τῶν
2457 4769 2836 4841 ἀτελευτήτων
2873 4764 3245 4838 τρεφομένους
3290 4758 3537 4829 ἀγαθῶν,
3572 4755 3819 4821 εἰκότως

577 4849 675 4903 bos
701 4867 800 4920 ego
828 4851 1028 4918 optimo
1077 4852 1197 4920 jure
1250 4861 1301 4906 te
1345 4861 1501 4920 atque
1528 4853 1665 4906 adeo
1691 4855 1880 4922 quovis
1930 4864 2117 4910 terreni

2224 4864 2654 4935 πλουσιωτέρους
2685 4878 2781 4915 σου
2803 4861 2899 4914 καὶ
2925 4860 3108 4928 πάσης
3127 4857 3229 4926 τῆς
3251 4851 3495 4921 ἐπιγείου
3517 4849 3817 4922 βασιλείας

577 4961 700 5014 rege
718 4947 1082 5014 locupletiores
1105 4946 1354 5001 dixerim.
1391 4945 1540 5013 Quod
1565 4948 1630 5012 si,
1656 4947 1764 5002 Deo
1793 4949 1883 5004 tibi
1909 4950 2115 5006 favente

2225 4958 2544 5026 καλέσαιμι.
2586 4955 2692 5008 Τοῦ
2721 4954 2780 5006 δέ
2820 4951 2958 5005 Θεοῦ
2998 4946 3386 5019 συνεργοῦντος
3413 4961 3518 5005 σοι,
3558 4942 3817 5012 ἐπιλήψῃ

577 5046 632 5089 ιιι
655 5051 864 5104 quoque
894 5036 1196 5104 Spirituales
1244 5032 1546 5104 ltujusmodi
1585 5038 1794 5092 divitias
1821 5041 2117 5108 arripueris,

2224 5050 2321 5104 καὶ
2344 5049 2622 5118 αὑτὸςιτῆς
2641 5044 2897 5114 τοιαύτης
2921 5037 3299 5111 πνευματικῆς
3332 5032 3673 5106 περιουσίας,
3699 5033 3814 5101 ῆν-

579 5139 672 5178 eas
699 5139 910 5179 summo
939 5125 1113 5179 studio
1133 5140 1196 5180 ac
1225 5125 1492 5193 diligentia
1516 5126 1778 5193 servabis,
1808 5141 1868 5180 ac
1898 5143 2117 5198 semper,

2225 5159 2331 5212 περ
2359 5143 2416 5196 ἐν
2445 5139 2718 5209 ἀσφαλείᾳ
2741 5136 2924 5206 τηρῶν
2945 5139 3040 5205 καὶ
3066 5132 3160 5186 τοῦ
3187 5128 3432 5190 πλείονος
3465 5126 3553 5178 ἀεὶ
3575 5123 3818 5186 δικαίως

577 5223 631 5268 et
656 5213 867 5280 quidem
897 5214 1106 5279 merito,
1149 5228 1340 5284 augere
1377 5216 1577 5283 cupies,
1607 5229 1703 5268 nec
1733 5217 1887 5270 ullam
1918 5221 2117 5273 omnim

2224 5233 2511 5303 ἐφιέμενος
2531 5269 2545 5294 ,
2575 5230 2676 5282 ούκ
2707 5228 2773 5282 ἂν
2810 5225 3098 5296 θελήσειάς
3127 5240 3180 5276 τι
3224 5219 3434 5289 ταύτης
3461 5215 3820 5270 κατακενοῦν

571 5319 757 5360 earum
785 5313 985 5374 partem
1013 5305 1282 5360 effundere
1307 5305 1611 5359 sustinebis.
1660 5304 1790 5360 Nam
1838 5307 1889 5361 in
1923 5309 2020 5363 hoc
2043 5309 2117 5364 de.

2224 5325 2382 5386 ὅλως.
2411 5320 2562 5391 Αὕτη
2591 5320 2700 5390 γάρ
2749 5321 2898 5373 ἐστιν
2937 5314 3144 5386 ἀληθὴς
3177 5309 3497 5383 περιουσία·
3534 5310 3562 5360 ὁ
3607 5306 3671 5360 δὲ
3711 5305 3820 5359 τοῦ

572 5410 715 5449 mum
743 5412 879 5450 vera:
899 5396 1095 5451 divitia:
1115 5397 1230 5451 sine
1254 5403 1395 5450 sunt.
1425 5395 1612 5450 Earum
1635 5405 1809 5451 autem
1833 5412 1990 5468 opum
2017 5414 2117 5468 qua

2226 5415 2484 5486 αἰσθητοῦ
2509 5415 2739 5468 πλούτου
2767 5413 2929 5480 δγκος
2969 5409 3190 5479 βλάψειε
3243 5403 3446 5475 μᾶλλον
3481 5400 3610 5462 τοῦς
3640 5398 3821 5454 αὑτοῦ

574 5487 625 5541 in
652 5504 861 5545 sensum
907 5488 1121 5554 cadunt,
1167 5487 1336 5542 moles
1392 5485 1709 5542 detrimento
1755 5489 1929 5558 potius
1976 5505 2114 5556 quan

2230 5485 2417 5574 φίλους
2449 5505 2481 5574 ἢ
2515 5503 2874 5572 ὠφελήσειεν.
2911 5499 3152 5560 Εἰκότως
3204 5491 3297 5548 οὖν
3339 5491 3540 5548 πενίαν
3561 5490 3822 5560 ἐσχάτην

605 5662 716 5734 (ss)
748 5659 937 5734 alat").
973 5663 1181 5734 VIJO;
1215 5676 1362 5723 ιιιινι,
1392 5662 1462 5717 42
1500 5679 1512 5715 :
1550 5663 1840 5734 Γενηθήτω
1867 5664 1928 5716 τὸ
1960 5663 2170 5734 θέλημά
2212 5677 2326 5734 σου.

607 5721 714 5801 {87)
747 5732 917 5800 Epist.
949 5721 1286 5802 ad'l-lliil'ipp.
1319 5721 1397 5799 ιιι,
1434 5735 1465 5788 8
1506 5749 1516 5785 :
1566 5721 1836 5804 Ἰιγόῦξιαι
1875 5721 2107 5805 (πάνταί

2224 5729 2374 5784 ιϐαλα
2412 5722 2570 5798 εἶναι,
2609 5727 2694 5781 ἵνα
2731 5725 2965 5797 Χριστὸν
2996 5721 3264 5794 κερδήσω.
