3932 6384
210 346 359 410 1033

1287 343 1461 403 VITA
1496 338 1852 399 BARLAAM
1894 338 1986 396 ET
2025 337 2374 397 JOASAPII.

3308 350 3437 414 103i

194 464 252 514 ἐν
283 461 564 531 διαφόροις
605 460 844 523 συνόδοις
872 459 1254 530 βεδαιωθεῖσα,
1288 463 1379 513 καὶ
1410 463 1473 531 τῇ
1504 459 1769 528 καθολικῇ

1887 466 2038 531 ﬁdes,
2062 464 2255 536 prm‘tér
2281 479 2396 518 eam
2427 477 2540 532 qua:
2567 461 2633 516 ab
2662 458 2915 531 apostolis
2944 455 3221 527 praedicata
3242 496 3256 520 ,
3278 464 3435 524 atque

205 555 507 625 Ἐκκλησία
544 554 903 624 βεϐαιωθεῖσα
932 552 1065 623 (16).

265 645 449 698 Ταῦτα
499 645 669 698 εἰπὼν
713 646 741 697 ὁ
794 645 1080 716 Βαρλαάμ,
1141 644 1235 697 καὶ
1280 646 1341 697 τὸ
1398 645 1498 715 τῆς
1534 644 1770 704 πίστεως

195 737 467 807 σύμϐολον
495 737 554 789 τὸ
584 738 804 791 ἐκτεθὲν
835 737 890 790 ἐν
918 740 984 808 τῇ
1017 737 1156 790 κατὰ
1203 737 1438 790 Νίκαιαν
1466 738 1666 807 συνόδῳ
1692 736 1770 788 δι-

190 828 364 893 δάξας
392 829 481 881 τὸν
515 828 607 881 τοῦ
651 828 919 898 βασιλέως
954 829 1090 893 υἱὸν,
1123 828 1418 882 ἐϐάπτισεν
1464 828 1625 882 αὑτὸν
1657 828 1768 897 (l7)

192 917 275 979 εἰς
298 918 358 970 τὸ
386 918 555 986 ὄνομα
587 918 681 969 τοῦ
704 918 935 987 Πατρδς,
957 918 1051 970 καὶ
1079 916 1172 970 τοῦ
1202 916 1351 983 Υίοῦ,
1382 918 1476 969 καὶ
1498 916 1589 968 τοῦ
1616 914 1768 983 ἁγίου

193 1008 515 1077 Πνεῦματος
549 1010 629 1071 είς
648 1008 744 1077 τὴν
773 1008 1161 1079 κολυμϐήθραν
1193 1007 1287 1061 τοῦ
1329 1006 1523 1069 ὓδατος
1549 1006 1649 1076 τὴν
1681 1002 1770 1058 οὗ·

194 1114 296 1149 σαν
331 1100 387 1149 ἐν
417 1098 495 1167 τῷ
528 1098 838 1167 παραδείσῳ
878 1098 1063 1153 αὑτοῦ.
1096 1100 1206 1153 Καὶ
1230 1094 1392 1169 ἦλθεν
1425 1098 1511 1151 ἐπ’
1544 1097 1705 1150 αὑτὸν
1735 1098 1767 1166 ἡ

192 1188 358 1257 χάρις
389 1186 485 1240 τοῦ
528 1188 686 1256 ἁγίου
730 1187 1070 1258 Πνεῦματος.
1114 1185 1459 1242 Ἐπανελθὼν
1487 1187 1543 1240 δὲ
1569 1188 1648 1249 είς
1679 1186 1770 1240 τὸν

190 1276 361 1328 αὐτοῦ
395 1277 648 1343 κοιτῶνα,
677 1278 772 1331 καὶ
809 1279 908 1349 τὴν
932 1278 1084 1349 ίεράν
1117 1278 1441 1341 ἐπιτελέσας
1482 1294 1770 1348 μυσταγω-

189 1365 322 1434 γίαν
360 1367 460 1435 τῆς
504 1370 842 1438 ἀναιμάκτου
892 1369 1103 1434 Θυσίας,
1138 1370 1444 1441 μετέδωκεν
1488 1368 1635 1438 αὐτῷ
1661 1367 1771 1421 τῶν

189 1458 483 1529 ἀχράντων
510 1460 605 1513 τοῦ
648 1460 884 1531 Χριστοῦ
918 1462 1253 1534 μυστηρίων,
1292 1462 1453 1532 168
1477 1463 1570 1514 καὶ
1600 1464 1772 1531 ἠγαλ-

188 1551 419 1605 λιάσατο
443 1552 554 1622 (18)
578 1552 654 1623 τῷ
679 1552 977 1624 Πνεῦματι,
1001 1554 1159 1620 δόξαν
1184 1554 1526 1624 ἀναπέμπων
1553 1552 1773 1626 Χριστῷ

188 1640 273 1711 τῷ
305 1642 445 1712 Θεῷ.

265 1731 406 1787 Εῐπε
427 1734 485 1788 δέ
504 1735 642 1804 πρὸς
659 1733 821 1787 αὑτὸν
839 1736 867 1788 ὁ
888 1733 1152 1805 Βαρλαάμ
1175 1736 1306 1807 (19)’
1326 1737 1635 1809 Εὐλογητὸς
1659 1740 1770 1807 (20)

1887 570 1913 607 a
1945 556 2135 609 divinis
2178 553 2420 607 Patribus
2464 552 2515 604 in
2547 550 2705 603 variis
2733 547 2971 603 conciliis
2992 544 3297 601 conﬁrmata
3330 552 3441 599 est.

1955 647 2079 699 llaze
2098 660 2218 700 cum
2250 645 2467 698 dixisset
2496 643 2755 707 Barlaam,
2787 652 2942 708 atque
2982 639 3107 691 illud
3143 636 3262 690 ﬁdei
3290 651 3437 702 sym-

1887 733 2087 798 bolum,
2115 736 2253 803 quod
2304 736 2356 790 in
2401 734 2614 788 Νίτωηο
2664 733 2889 787 concilio
2916 730 3114 783 editum
3163 736 3265 791 est,
3297 726 3439 795 regis

1889 823 1996 878 lilio
2023 825 2385 889 exposuisset.
2425 824 2478 876 in
2528 822 2745 878 nomine
2824 818 3002 876 Patris
3067 826 3122 871 et
3240 817 3359 871 Filii
3388 827 3443 870 et

1890 923 2120 990 Spiritus
2174 917 2357 984 sancti,
2384 934 2503 974 eum
2549 919 2599 972 in
2630 916 2829 986 piscina
2878 915 3069 985 qutein
3099 915 3262 985 ipsius
3286 916 3442 972 horto

1885 1020 2003 1066 erat
2030 1009 2337 1076 baptizavit,
2369 1022 2430 1061 ac
2478 1022 2638 1075 super
2664 1020 2783 1060 eum
2810 1005 3035 1073 Spiritus
3057 1004 3226 1059 sancti
3271 1006 3440 1074 gratia

1883 1101 2046 1154 venit.
2072 1098 2309 1168 Cumque
2350 1097 2416 1149 ad
2459 1097 2621 1165 ipsius
2646 1094 2949 1149 cubiculum
3000 1092 3265 1165 rediisset,
3288 1104 3445 1165 atque

1886 1188 2144 1243 incruenti
2192 1185 2437 1241 sacriﬁcii
2498 1199 2704 1239 sacrum
2750 1183 3077 1251 peregisset,
3109 1182 3444 1236 immaculata

1883 1276 2078 1331 Christi
2128 1273 2383 1345 mysteria
2414 1271 2516 1342 ipsi
2558 1270 2865 1340 impertivit.
2896 1270 3187 1340 Posteaque
3211 1271 3300 1325 ille
3330 1271 3441 1339 spi-

1884 1368 1986 1420 ritu
2037 1365 2356 1429 exsultabat,
2379 1362 2649 1417 Christum
2707 1361 2872 1416 Deum
2914 1361 3068 1417 laude
3091 1372 3251 1431 atque
3279 1361 3446 1443 gloria

1884 1456 2140 1510 alliciens.

1941 1733 2077 1786 Dixit
2104 1743 2277 1787 autem
2307 1733 2371 1787 ad
2401 1747 2520 1787 eum
2550 1734 2788 1787 Barlaam
2833 1750 2851 1788 :
2894 1735 3210 1792 Benedictus
3262 1739 3433 1805 Deus,

188 1824 220 1875 ὁ
252 1822 385 1883 Θεὸς
435 1824 530 1876 καὶ
576 1824 769 1894 Πατὴρ
809 1823 903 1876 τοῦ
948 1823 1153 1895 Κυρίου
1206 1826 1364 1895 ἡμῶν
1421 1806 1594 1898 Ἰησοῦ
1634 1806 1769 1900 Χριὲ

1875 1832 1921 1875 et
1951 1822 2105 1877 Pater
2138 1823 2345 1877 Domini
2374 1825 2546 1878 nostri
2590 1824 2715 1879 Jesu
2754 1824 2968 1892 Christi,
2999 1828 3089 1896 qui
3116 1843 3210 1897 pro
3238 1830 3439 1899 ingenti

191 1913 345 1977 στοῦ,
399 1915 427 1965 ὁ
460 1913 616 1981 ακατά
651 1914 711 1966 τὸ
746 1913 878 1967 πολὺ
924 1913 1072 1978 ἕλεος
1101 1915 1267 1968 αὑτοῦ
1301 1918 1670 1990 ἀναγεννήσας
1709 1937 1768 1971 σε

189 2008 276 2069 είς
326 2007 518 2060 ἐλπίδα
569 2007 772 2074 ζῶσαν,
820 2011 899 2073 εἰς
952 2011 1317 2082 κληρονομίαν
1366 2013 1644 2085 ἄφθαρτον
1677 2017 1771 2069 καὶ

189 2097 478 2166 ἀμίαντον,
509 2100 604 2152 καὶ
628 2099 963 2169 ἀμάραντον,
995 2103 1373 2173 τετηρημένην
1400 2105 1458 2157 ὲν
1496 2105 1767 2176 οὐρανοῖς,

191 2189 256 2239 ἐν
300 2182 519 2259 Χριστῷ
565 2188 741 2260 Ἰησοῦ
787 2190 865 2261 τῷ
906 2191 1095 2262 Κυρίῳ
1126 2193 1282 2262 ήμῶν
1323 2193 1409 2247 διά
1455 2193 1771 2265 Πνεῦματος

189 2280 377 2347 ἁγίου.
422 2282 669 2352 Σήμερον
711 2283 818 2356 γὰρ
866 2283 1252 2354 ἐλευθερωθεὶς
1303 2286 1412 2339 ἀπὸ
1446 2287 1543 2357 τῆς
1590 2288 1771 2358 ἀμαρ-

190 2372 338 2436 τίας,
374 2373 676 2443 ἐδουλώθης
712 2374 791 2446 τῷ
827 2376 945 2447 Θεῷ
987 2377 1121 2448 (21),
1172 2377 1262 2431 τὸν
1293 2377 1589 2451 ἀρραϐῶνα
1618 2378 1772 2443 δεξά-

195 2482 365 2535 μενος
392 2466 492 2535 τῆς
524 2468 742 2520 αἰωνίου
787 2469 953 2540 ζωῆς,
994 2470 1108 2534 καὶ,
1140 2469 1200 2523 τὸ
1244 2472 1434 2535 σκότος
1463 2471 1767 2538 ἀπολιπὼν,

192 2557 317 2623 φῶς
372 2558 603 2612 ὲνεδύσω
661 2559 812 2631 (22),
867 2562 1199 2636 καταταγεὶς
1264 2564 1344 2627 εἰς
1401 2564 1498 2636 τὴν
1552 2564 1769 2619 ἐλευθε-

195 2647 326 2717 ρίαν
353 2647 462 2716 (25)
488 2649 586 2719 τῆς
608 2650 765 2720 δόξης
790 2651 894 2704 τῶν
921 2655 1125 2708 τέκνων
1150 2654 1243 2707 τοῦ
1274 2654 1430 2709 Θεοῦ.
1460 2656 1614 2709 Ὅσοι
1638 2657 1769 2727 γὰρ,

192 2739 369 2810 φησὶν
406 2740 539 2811 (2ί),
575 2743 766 2798 ἔλαϐον
816 2744 1000 2808 αὑτὸν,
1052 2747 1252 2801 ἔδωκεν
1295 2748 1478 2813 αὐτοῖς
1524 2750 1772 2816 ἐξουσίαν

187 2832 368 2884 τέκνα
405 2832 536 2885 Θεοῦ
564 2834 838 2903 γενέσθαι,
877 2838 989 2900 τοῖς
1019 2838 1362 2893 πιστεύουσιν
1388 2842 1467 2905 είς
1512 2843 1573 2897 τὸ
1599 2843 1771 2914 ὄνομα

190 2941 368 2976 αυτου
390 2940 403 2954 ⁸

189 3015 536 3087 κληρονόμος
580 3018 715 3071 Θεοῦ
763 3018 853 3072 διὰ
903 3020 1076 3091 Ἰησοῦ
1118 3024 1355 3092 Χριστοῦ
1388 3026 1445 3079 ἐν
1488 3028 1773 3097 Πνεύματι

190 3104 363 3175 ἁγίῳ.
408 3106 530 3170 Διί),
577 3108 862 3177 ἀγαπητὲ,
906 3110 1207 3164 σπούδασον
1246 3113 1470 3177 ἄσπιλος
1501 3117 1593 3167 καὶ
1619 3116 1772 3186 ἀμώο
1802 3144 1843 3198 C

193 3215 373 3268 μητος
397 3199 545 3270 αὐτῷ
586 3199 879 3270 εὑρεθῆναι
911 3200 1041 3271 (26),
1070 3202 1439 3274 ἐργαζόμενος
1468 3207 1529 3259 τὸ
1566 3208 1769 3275 ἀγαθὸν

191 3290 293 3341 ἐπὶ
327 3288 400 3359 τῷ
434 3290 671 3360 θεμελίῳ
696 3291 796 3359 τῆς
826 3292 1089 3357 πίστεως’
1116 3296 1300 3359 πίστις
1333 3297 1444 3367 (27)
1469 3298 1576 3370 γάρ
1602 3302 1771 3371 χωρὶς

191 3380 378 3451 ἔργων
416 3382 587 3453 νεκρά
634 3384 802 3446 ἐστιν,
841 3382 1028 3455 ὥσπερ
1060 3388 1152 3439 καὶ
1181 3386 1316 3458 ἔργα
1354 3388 1476 3458 δίχα
1514 3392 1767 3458 πίστεως,

192 3471 384 3535 καθὼς
427 3474 520 3525 καὶ
571 3474 837 3544 πρότερον
890 3476 1173 3546 μέμνημαι
1220 3480 1461 3549 λαλήσας
1498 3500 1579 3535 σοι
1633 3483 1767 3554 (‘28).

206 3563 577 3634 ’Δποθέμενος
618 3560 711 3618 οὖν
756 3566 915 3636 169
950 3565 1135 3619 λοιπὸν
1189 3570 1371 3622 πᾶσαν
1423 3572 1642 3638 κακίαν,
1678 3574 1771 3626 καὶ

190 3653 381 3708 πάντα
423 3653 490 3706 τὰ
528 3654 663 3725 ἔργα
689 3654 782 3707 τοῦ
830 3656 1060 3709 παλαιοῦ
1112 3656 1398 3728 ἀνθρώπου
1436 3662 1669 3731 μισήσας
1700 3663 1768 3715 τὰ

191 3745 532 3815 φθειρόμενα
575 3746 716 3799 κατὰ
761 3747 860 3810 τὰς
911 3748 1205 3817 ἐπιθυμίας
1246 3750 1344 3819 τῆς
1376 3751 1590 3821 ἀπάτης
1633 3753 1770 3823 (29),

186 3837 275 3900 ὡς
300 3836 688 3908 ἀρτιγέννητον
732 3838 931 3909 βρέφος
958 3841 1019 3892 τὸ
1056 3840 1271 3909 λογικὸν
1300 3843 1393 3893 καὶ
1417 3843 1601 3896 ἄδολον
1628 3845 1772 3911 γάλα

184 3929 311 3982 τῶν
353 3928 565 3998 ἀρετῶν
611 3931 944 4001 ἐπιπόθησον
992 3936 1156 3994 πιεῖν,
1208 3933 1293 3984 ἵνα
1334 3934 1392 3984 ἐν
1425 3933 1572 4003 αὐτῷ
1606 3936 1771 4006 αὐξη-

187 4022 301 4092 Οῃς
328 4018 461 4089 (30),
500 4020 592 4074 καὶ
620 4021 829 4092 eam;
863 4024 944 4085 είς
968 4023 1067 4092 τὴν
1094 4022 1389 4090 ἐπίγνωσιν

184 4110 292 4165 τοῦ
322 4110 452 4163 Υίοῦ
477 4111 568 4164 τοῦ
596 4111 753 4177 Θεοῦ,
780 4116 857 4176 είς
879 4114 1045 4182 ἄνδρα
1075 4112 1301 4176 τέλειον,
1329 4115 1409 4177 εἰς
1437 4114 1635 4187 μέτρον
1658 4116 1773 4186 ἡλι-

186 4204 326 4265 κίας
365 4202 459 4256 τοῦ
505 4205 871 4277 πληρώματος
914 4205 1006 4258 τοῦ
1047 4204 1308 4277 Χριστοῦ,
1354 4206 1551 4277 μηκέτι
1578 4208 1770 4277 νήπιος

184 4296 272 4348 ὢν
322 4297 443 4358 ταῖς
482 4297 683 4368 φρεσὶ,
729 4297 1186 4368 κλυδωνιζόμενος
1216 4297 1310 4350 καὶ
1342 4299 1773 4369 περιφερόμενος

449 2923 586 2978 ὥστε
627 2927 737 2997 (25)
778 2928 960 2981 οὐκέτι
1012 2926 1062 2982 εἷ
1107 2930 1325 2998 δοῦλος,
1364 2934 1479 2986 ἀλλ’
1524 2936 1639 2998 υίὸς
1680 2939 1775 2989 καὶ

1869 1926 1963 1964 sua
2008 1911 2370 1965 misericordia
2401 1916 2734 1980 regeneravit
2772 1914 2823 1968 in
2867 1922 2917 1968 te
2956 1930 3103 1983 spem
3154 1918 3350 1984 vitam,
3383 1920 3435 1973 in

1870 2001 2231 2056 hereditatem
2258 2002 2735 2070 incorruptibilem,
2768 2013 2821 2058 et
2863 2005 3350 2074 incontaminatam,
3383 2021 3440 2069 et

1872 2092 2390 2158 immarcescibilem,
2437 2102 2801 2148 conservatam
2850 2095 2903 2148 in
2945 2099 3096 2151 ctelis
3137 2099 3189 2151 in
3227 2100 3437 2154 Christo

1868 2182 1992 2236 Jesu
2026 2183 2248 2237 Domino
2279 2194 2461 2237 nostro
2490 2197 2583 2252 per
2610 2182 2862 2251 Spiritum
2886 2194 3125 2239 sanctum
3157 2185 3207 2256 (ι
3232 2186 3345 2241 Pet.
3371 2188 3434 2258 l).

1871 2266 2137 2326 llodierno
2167 2272 2307 2326 cnim
2334 2272 2418 2326 die
2446 2288 2476 2327 a
2517 2282 2730 2342 peccato
2756 2273 3027 2342 liberatus,
3060 2286 3277 2345 accepto
3299 2292 3437 2332 sem-

1874 2361 2095 2430 piternte
2126 2366 2249 2416 vita:
2278 2363 2519 2431 pignore,
2552 2364 2659 2418 Deo
2687 2364 3019 2432 mancipatus
3042 2381 3120 2433 es;
3154 2380 3214 2421 ac
3236 2367 3437 2423 relictis

1875 2453 2114 2508 tenebris
2135 2453 2313 2508 lumen
2339 2453 2550 2509 induisti
2610 2455 2889 2519 adoptatus
2916 2457 2966 2510 in
2996 2456 3294 2513 libertatem
3324 2460 3438 2527 glo-

1872 2559 1966 2597 na:
1995 2536 2223 2599 ﬁliorum
2256 2543 2350 2598 Dei
2386 2563 2396 2597 :
2427 2546 2690 2614 Quotquot
2720 2549 2883 2612 enim,
2932 2547 3099 2617 inquit
3137 2548 3246 2616 ille,
3284 2563 3439 2604 rece-

1872 2644 2062 2704 perunt
2088 2650 2230 2700 eum,
2264 2635 2504 2690 dediteis
2534 2644 2844 2704 potestatem
2878 2636 3013 2692 ﬁlios
3064 2638 3155 2693 Dei
3186 2638 3318 2705 ﬁeri,
3356 2640 3438 2696 his

1870 2724 1958 2790 qui
1987 2724 2205 2778 credunt
2235 2724 2284 2777 in
2317 2723 2530 2777 nomine
2557 2724 2671 2792 ejus
2695 2724 2873 2795 (Joan.
2899 2724 2959 2794 l).
2995 2726 3174 2795 Itaque
3200 2740 3304 2779 non
3325 2728 3438 2794 jam

1876 2826 2060 2865 servus
2105 2826 2185 2876 es,
2237 2811 2329 2865 sed
2380 2812 2516 2865 ﬁlius
2544 2820 2597 2865 ct
2628 2813 2797 2869 haeres
2828 2814 2941 2878 Dei,
2973 2830 3066 2883 per
3090 2813 3357 2869 Christum
3384 2816 3438 2869 in

1870 2902 2070 2970 Spiritu
2126 2911 2309 2956 sancto
2364 2902 2626 2972 (Ca/ur).
2683 2904 2962 2972 Quocirca,
3014 2906 3341 2971 charissime,
3384 2907 3437 2961 id

1870 2992 2022 3045 stude
2053 2999 2109 3044 ut
2136 2992 2365 3045 mundus
2392 3001 2445 3046 et
2465 2992 2829 3047 immaculatus
2876 2994 2977 3061 ipsi
3010 2993 3315 3061 invenieris,
3346 3010 3437 3049 su-

1870 3096 1962 3150 pra
1989 3081 2108 3135 ﬁdei
2147 3077 2547 3134 fundamentum
2575 3081 2735 3148 proba
2766 3096 2924 3151 opera
2954 3092 3252 3137 exstruens.
3278 3081 3436 3138 Fides

1869 3170 2011 3225 enim
2058 3170 2175 3224 sine
2215 3171 2467 3239 operibus
2509 3181 2711 3225 mortua
2762 3181 2863 3238 est,
2912 3172 3352 3240 quemadmodum
3383 3184 3438 3227 et

1862 3273 2033 3328 opera
2063 3259 2182 3315 sine
2205 3259 2309 3314 ﬁde
2343 3256 2429 3328 (II
2457 3256 2605 3313 Pelr.
2637 3273 2694 3313 ιιι
2715 3276 2728 3324 ;
2750 3257 2873 3313 Jac.
2908 3262 2991 3329 ιι).
3025 3261 3227 3332 Atque,
3260 3264 3451 3335 utjam

1863 3352 2017 3421 prius
2082 3365 2170 3405 me
2220 3350 2287 3404 ad
2343 3359 2397 3404 te
2469 3350 2651 3404 dicere
2715 3350 2963 3417 memini,
3018 3351 3269 3423 deposita
3332 3354 3448 3425 jam

1860 3442 2009 3499 οιιιιιί
2040 3442 2268 3507 malitia,
2292 3443 2600 3513 veterisque
2623 3442 2882 3509 hominis,
2906 3444 2996 3515 qui
3023 3447 3327 3501 secundum
3356 3463 3449 3504 er~

1861 3536 2004 3591 roris
2034 3534 2306 3590 desideria
2338 3535 2715 3606 corrumpitur
2759 3535 2990 3606 (Eplies.
3035 3537 3144 3610 ιν),
3185 3540 3447 3610 operibus

1860 3628 2118 3682 omnibus
2145 3627 2272 3682 odio
2328 3625 2553 3691 habitis,
2593 3638 2847 3698 tanquam
2902 3630 3067 3684 modo
3115 3628 3332 3701 genitus
3365 3632 3448 3685 in-

1860 3722 2001 3786 fans,
2028 3720 2353 3775 rationabilo
2384 3730 2439 3774 et
2495 3721 2615 3775 sine
2656 3719 2783 3775 dolo
2832 3722 3097 3776 virtutum
3124 3722 3210 3776 lac
3247 3738 3446 3791 sugerc

1858 3812 2193 3882 concupisce
2218 3811 2271 3883 (Ι
2318 3811 2462 3865 I’etr.
2502 3812 2588 3881 ιι),
2625 3814 2766 3867 utin
2803 3827 2868 3867 eo
2902 3828 3144 3880 crescas,
3180 3821 3346 3883 atque
3376 3817 3444 3868 ad

1859 3907 2243 3959 mandatorum
2282 3904 2374 3959 Dei
2418 3906 2792 3974 cognitionem
2853 3906 3140 3975 pervenias
3175 3907 3231 3961 in
3264 3909 3442 3963 virum

1413 4023 1519 4076 τῶν
1542 3996 1771 4077 ἐντολῶν
1862 3997 2192 4067 perfectum,
2216 3996 2269 4048 in
2300 4010 2617 4050 mensuram
2648 3996 2828 4052 :ctatis
2847 3997 3204 4065 plenitudinis
3232 3998 3440 4053 Christi

1854 4086 2072 4160 (Ep/tes.
2088 4087 2162 4157 IV)
2181 4104 2195 4153 ;
2215 4094 2273 4140 ut
2292 4086 2522 4155 nonjam
2539 4088 2617 4143 sis
2639 4089 2903 4157 parvulus
2921 4090 3198 4157 sensibus,
3218 4091 3411 4145 vitiosa
3426 4122 3443 4132 -

1854 4198 1977 4237 rum
2012 4181 2362 4238 aﬁectionum
2389 4180 2649 4239 ﬂuctibus
2682 4198 2746 4238 ac
2776 4191 3101 4255 tempestate
3127 4186 3367 4255 iactatus
3387 4197 3441 4241 et

1854 4273 2252 4339 circumactus,
2279 4288 2471 4329 verum
2495 4276 2704 4331 malitia
2722 4276 2942 4346 quidem
2968 4278 3229 4347 parvulus
3253 4279 3351 4343 sis,
3369 4280 3438 4332 ad

269 4433 384 4505 (16)
418 4434 672 4497 Displicet
705 4436 949 4504 repetitio
975 4436 1117 4489 verbi
1153 4435 1411 4505 βεδαιωθ.
1448 4434 1587 4490 Usus
1614 4451 1731 4490 sum
1763 4451 1770 4487 ι

1875 4451 1921 4489 ⁵0
1952 4436 2137 4490 codice
2165 4434 2237 4505 CA;
2271 4449 2393 4487 nam
2421 4432 2533 4505 haec
2560 4428 2959 4505 u_ltinta_verba_,
2990 4425 3092 4505 και)ζ
3109 4427 3173 4505 τᾼῇ
3188 4442 3262 4505 -κ.
3313 4423 3435 4475 Ἕκα

187 4481 401 4576 κλησίᾷ
435 4481 811 4573 βεέαιωθεῖσᾶ,
837 4481 946 4559 nor;
970 4481 1182 4560 exstabit
1214 4507 1263 4559 in
1295 4507 1411 4561 cod.
1431 4507 1497 4562 A.
1522 4505 1720 4576 Billytts
1750 4524 1763 4560 :

1875 4481 2137 4559 αὶιῖιῖεὲῖιῖ
2152 4481 3034 4573 [fligi-ise"calidique.Invenitne
3064 4481 3300 4559 δοθεῖσα,
3342 4509 3441 4547 παμ

190 4574 486 4649 ραδφέἐῖετα
504 4576 528 4629 ?

272 4645 387 4711 (I7)
420 4645 637 4715 Lemma
674 4644 958 4699 metricum
993 4645 1045 4699 in
1086 4650 1128 4699 A
1160 4661 1174 4699 :
1221 4646 1456 4715 Ἰωάσαφ
1483 4644 1717 4700 ἐνταῦθα
1758 4645 1770 4714 ξ

1875 4661 2039 4715 τισμα
2077 4642 2262 4712 βλέπε.

266 4715 387 4783 με)
420 4714 550 4769 Luc.
594 4730 649 4779 χ,
678 4716 769 4769 2|.

302 4717 387 4781 I8)
420 4717 550 4769 Luc.
594 4730 649 4779 Χ,
678 4717 769 4769 21.

272 4717 387 4857 (l9)
421 4783 803 4857 LemmajnA
828 4825 842 4838 .
877 4786 1022 4855 Εὐχή
1055 4786 1190 4856 μετά
1223 4785 1282 4838 τὸ
1315 4785 1618 4857 βάπτισμα.

292 4854 385 4916 20)
421 4852 564 4907 Petr.
597 4854 618 4907 l
652 4854 821 4923 Epist.
854 4872 892 4919 ι,
920 4852 1057 4917 διε.

292 4912 385 4993 2|)
416 4923 587 4990 Epist.
620 4912 983 4988 mt'ttomju’,
1016 4926 1123 4979 ea.
1167 4924 1298 4977 Νυνὶ
1332 4924 1389 4977 δὲ
1422 4923 1770 4993 ἐλευθερωθὲε,

1875 4944 1876 4947 η
1906 4922 2012 4975 ἀπὸ
2037 4923 2134 4993 τῆς
2160 4920 2453 4993 ἀμαρτίας,
2482 4917 2838 4993 δουλωθέντες
2867 4915 2924 4993 δέ
2956 4912 3244 4993 ⁴ξῷιΘεῷτ.

270 4980 389 5063 (22)
423 4980 590 5059 Epist.
617 4995 682 5047 ad
708 4994 866 5047 Rom.
898 4980 1015 5059 κιιί,
1050 4996 1116 5048 12
1141 5012 1157 5047 :
1201 4994 1559 5064 Ἀποθώμεθα
1588 4980 1681 5046 οὖν
1708 4995 1770 5047 τὰ

1875 5009 1945 5060 γα
1969 4992 2064 5045 τοῦ
2090 4980 2336 5055 σκότους,
2364 4980 2457 5043 καὶ
2482 4987 2836 5058 ἐνδυσώμεθα
2865 4987 2933 5039 τὰ
2955 4980 3098 5038 ὅπλα
3125 4980 3218 5036 τοῦ
3247 4981 3447 5048 φωτός.

296 5064 390 5131 25)
425 5064 656 5130 Epistula
688 5066 754 5117 ad
778 5064 1066 5126 Romanos.
1094 5081 1213 5130 vm,
1252 5066 1342 5120 2|.

292 5135 385 5201 24)
413 5133 567 5187 Joan.
594 5150 633 5200 ι,
666 5134 753 5188 12.
1127 5139 1130 5142 ’

298 5205 389 5269 25)
423 5204 593 5271 Epist.
634 5207 698 5257 ad
721 5204 838 5259 Gal.
879 5220 953 5269 Iv,
976 5205 1030 5258 7.

868 5254 953 5341 tu;
1082 5293 1093 5328 :
1128 5273 1238 5338 Διό,
1266 5274 1561 5346 ἀγαπητοὶ,
1586 5272 1757 5328 ταῦτα
1782 5273 2212 5344 προσδοκῶντες,
2248 5270 2587 5325 σπουδάσατε
2615 5266 2833 5323 ἄσπιλοι
2865 5266 2957 5317 καὶ
2982 5261 3270 5332 ἀμώμητοι
3301 5254 3450 5327 αὐτῷ

194 5344 513 5417 εὑρεθῆναι.

273 5414 390 5491 ζ
420 5412 603 5491 iacui).
636 5411 812 5491 tl,_2_0.

268 5484 387 5555 (28)
416 5483 572 5538 Conf.
608 5500 657 5552 p.
691 5485 779 5546 87,
807 5502 859 5539 ιι.
890 5485 977 5539 66.

271 5550 392 5624 (29)
421 5554 594 5624 Epist.
627 5556 691 5607 ad
725 5554 920 5624 Ephes.
958 5570 1031 5617 tv,
1067 5555 1156 5609 22.
1188 5554 1271 5609 Cf.
1303 5571 1353 5623 p.
1394 5555 1515 5618 151,
1549 5571 1603 5608 ιι.
1634 5556 1686 5609 2.

303 5559 392 5617 29)
424 5559 594 5622 Epist.
627 5559 691 5607 ad
725 5559 920 5624 Ephes.
958 5570 1031 5617 tv,
1067 5559 1156 5609 22.
1188 5559 1271 5609 Cf.
1303 5571 1353 5623 p.
1394 5559 1515 5618 151,
1549 5571 1603 5608 ιι.
1634 5559 1686 5609 2.
3402 5605 3412 5619 ,

271 5559 390 5692 ίῧθ)
418 5622 618 5701 Petr._l
652 5624 823 5694 Epist.
867 5641 926 5701 ιι,
963 5626 1037 5701 _l,_
1068 5626 1104 5678 2
1143 5643 1161 5701 ξ
1210 5625 1567 5701 ’ᾼποθὲμενοι
1589 5624 1888 5701 οῦνμπᾶσαν
1919 5623 2140 5701 κακίαν,
2166 5621 2480 5701 καὶᾳπάντα
2502 5618 2672 5701 δόλον,
2701 5616 2794 5701 κει).
2821 5613 3159 5701 ὑποκρίσεις,

200 5686 356 5768 Υούίν
375 5686 487 5768 ’καῖ
524 5686 712 5757 πάσαξ
741 5686 1102 5768 ,καταλαλιάᾕ
1132 5695 1206 5758 ὠς
1232 5686 1591 5766 ἀρτιγέννητα
1617 5694 1791 5768 βρέφη
1822 5696 1883 5748 τὸ
1919 5686 2135 5764 λογικὸν
2168 5692 2351 5749 ἄδολον
2390 5691 2529 5760 γάλα
2561 5686 2952 5757 ἐπιποθήσατε,
2978 5686 3065 5759 ἵνα
3096 5686 3153 5734 ἐν
3182 5686 3329 5752 αὐτῷ
3354 5686 3452 5731 αὑ-

206 5762 408 5835 ζτ,θῆτε
438 5780 458 5815 ε
471 5764 516 5826 ξς
548 5764 840 5835 σωτηρίαν.

509 5856 782 5917 Ρλτιιοι.
831 5855 948 5916 Gtt.
1000 5853 1214 5915 XCVI.

3061 5833 3140 5890 33
