3932 6384
218 355 358 423 1037

1302 363 1476 425 VlTA
1522 364 1881 424 BARLAAM
1924 361 2017 424 ET
2057 362 2410 425 JOASAPH.

3333 365 3471 428 1038

212 475 498 544 στεφάνων
537 474 570 544 ἦ
606 473 886 543 τιμωριῶν
926 475 1172 545 πρόξενοι
1214 478 1451 544 γίνονται
1478 496 1490 510 ·
1538 482 1659 543 ταῖς
1696 498 1786 533 κα-

1906 484 2233 551 ignoramus,
2262 477 2405 550 quod
2433 477 2888 549 quemadmodum
2918 478 3097 533 fumus
3117 480 3470 549 apes,eodem

211 566 410 636 θαραῖς
440 565 495 618 δὲ
540 565 791 635 καρδίαις
822 568 1047 619 ἐνοικεῖν
1078 566 1168 620 τὸν
1206 569 1449 638 Χριστὸν
1480 572 1598 640 ἅμα
1621 569 1798 642 Πατρὶ

208 660 311 710 καὶ
370 657 508 727 ἁγίῳ
564 657 845 728 Πνεύματι
903 659 1268 730 ἐπιστάμεθα.
1333 662 1491 723 Ὠςιτ
1525 658 1591 715 αὖ
1636 662 1797 715 πάλιν

206 756 428 817 καπνὸς
482 754 780 823 μελίσσας,
811 753 954 828 οζδτω
1004 758 1129 818 τοὺς
1179 759 1450 826 πονηρους
1500 758 1797 828 λογισμοὺς

204 842 496 896 ἐκδιώκειν
546 844 704 913 ἡμῶν
761 821 867 914 τὴν
914 845 1007 898 τοῦ
1064 844 1207 899 θείου
1260 845 1577 916 Πνεῦματος
1629 849 1789 918 χάριν

207 933 641 1004 μεμαθήκαμεν.
671 936 761 988 Διὸ
786 936 1062 1007 ἐπιμελῶς
1085 937 1221 1007 πρὸς
1247 936 1404 992 τοῦτο
1429 939 1587 1009 ἔχων,
1612 938 1790 992 πάντα

200 1026 559 1096 διαλογισμὸν
605 1028 912 1097 ὲμπαθείας
949 1027 1257 1098 ἀπαλείψας
1298 1029 1398 1099 τῆς
1445 1030 1644 1100 ψυχῆς,
1689 1029 1789 1092 τὰς

203 1117 468 1187 ἀρίστους
513 1119 860 1187 ἑμφύτευσον
899 1120 1132 1185 ἑννοίας,
1177 1120 1304 1174 ναὸν
1354 1121 1581 1173 σεαυτὸν
1618 1121 1789 1173 ποιῶν

203 1208 306 1261 τοῦ
342 1208 495 1277 ἁγίου
527 1209 867 1279 Πνεύματος.
909 1210 1001 1263 Ἐκ
1030 1211 1138 1264 τῶν
1161 1209 1528 1279 διαλογισμῶν
1559 1208 1665 1278 γὰρ
1696 1210 1791 1263 καὶ

203 1303 348 1371 πρὶς
377 1303 476 1364 τὰς
504 1302 624 1354 κατ’
656 1302 940 1371 ἐνέργειαν
972 1301 1200 1372 πράξεις
1230 1301 1527 1372 ἐρχόμεθα·
1564 1301 1657 1354 καὶ
1685 1303 1791 1354 πᾶν

201 1394 393 1462 ἔργον,
451 1394 560 1450 ἀπὸ
619 1393 833 1457 ἑννοίας
894 1394 990 1447 καὶ
1056 1394 1413 1464 ἐνθυμήσεως
1457 1393 1790 1464 προκόπτον,

1895 570 2058 628 modo
2086 585 2265 641 pravae
2314 571 2674 639 cogitationes
2702 569 2868 623 divini
2901 568 3137 639 Spiritus
3178 569 3407 638 gratiam
3444 587 3471 623 a

1895 663 2058 717 nobis
2107 662 2444 732 propellunt.
2496 660 2861 727 Quamobrem
2920 676 3135 715 summo
3191 662 3373 715 studio
3420 662 3474 715 iu

1896 755 1998 809 hoc
2029 756 2242 810 enitere
2272 762 2352 819 ut,
2384 755 2531 807 omni
2582 754 2779 809 vitiosa
2825 754 3156 823 cogitatione
3183 767 3262 811 ex,
3294 753 3474 806 animo

1897 852 1995 899 tuo
2016 845 2292 900 exstincta
2323 851 2375 897 et
2411 843 2609 906 deleta,
2646 844 2881 912 optimas
2907 857 3157 913 quasque
3187 841 3474 911 cogitatio-

1897 953 1997 993 nes
2050 937 2104 991 in
2157 951 2219 991 ea
2278 937 2514 1001 inseras,
2566 936 2941 1005 templumque
3001 933 3243 1003 Spiritus
3298 933 3471 987 sancti

1897 1032 2130 1100 teipsum
2183 1028 2409 1084 ellicias.
2475 1027 2755 1097 Siquidem
2825 1043 2921 1097 per
2984 1026 3351 1096 cogitationes
3404 1024 3472 1078 ad

1896 1121 2143 1175 actiones
2173 1118 2321 1189 ipsas
2350 1118 2634 1182 venimus;
2668 1125 2833 1187 atque
2863 1132 3026 1170 omne
3050 1132 3187 1186 opus
3209 1131 3245 1168 a
3268 1114 3474 1184 cogita.

1897 1213 2045 1265 tione
2069 1210 2348 1279 animique
2372 1209 2667 1279 agitatione
2703 1208 3079 1279 progrediens,
3110 1222 3332 1275 parvum
3359 1206 3473 1276 prio

1896 1316 1985 1355 mo
2024 1300 2241 1355 initium
2282 1298 2501 1369 arripit,
2533 1312 2597 1352 ac
2647 1298 2847 1352 deinde
2895 1298 3080 1352 tacitis
3114 1295 3473 1352 incrementis

1899 1405 2222 1459 augescens,
2256 1390 2452 1460 ingens
2485 1389 2550 1443 ad
2574 1397 2876 1444 extremum
2906 1388 3162 1443 ellieitur.

202 1491 412 1560 μικρᾶς
481 1488 923 1560 ἐπιλαμϐάνεται·
970 1488 1167 1560 ἀρχῆς,
1221 1485 1341 1542 εἶτα
1391 1490 1511 1547 ταῖς
1580 1488 1722 1542 κατὰ
1793 1486 1989 1557 μικρὸν
2054 1485 2351 1552 αὑξήσεσιν
2415 1486 2495 1547 είς
2565 1484 2777 1555 μεγάλα
2845 1484 3169 1554 καταλήγει.

275 1573 371 1629 Atii
413 1571 570 1625 τοῦτο
618 1574 755 1644 μηδὲ
811 1575 951 1639 ὅλως
994 1592 1090 1628 σου
1142 1575 1434 1648 κυριεῦσαι
1495 1578 1788 1650 συνήθειαν

200 1666 376 1735 ἐάσῃς
417 1665 610 1737 κακὴν,
640 1666 776 1720 ἀλλὰ
815 1671 1017 1739 νεαρᾶς
1059 1666 1142 1723 ἐτι
1166 1667 1355 1739 οὔσης,
1392 1670 1540 1734 ἔξελέ
1570 1690 1662 1724 σου
1692 1672 1791 1741 τῆς

199 1757 434 1826 καρδίας
456 1758 553 1829 τὴν
584 1761 827 1829 πονηρὰν
856 1760 1033 1831 ῥίζαν,
1065 1761 1153 1815 ἵνα
1193 1761 1288 1834 μὴ,
1314 1764 1590 1832 ὲμφυεῖσα
1618 1764 1712 1815 καὶ
1734 1765 1790 1816 ἐν

193 1846 283 1917 τῷ
319 1848 473 1917 βάθει
516 1850 613 1912 τὰς
669 1851 824 1921 ῥίζας
874 1852 1205 1925 ἐμπήξασα,
1243 1854 1439 1925 χρόνου
1471 1854 1566 1908 καὶ
1617 1855 1787 1909 κόπου

193 1937 369 2009 δεηθῇ
426 1939 519 1993 τοῦ
566 1941 954 2013 ἐκριζωθῆναι.
988 1945 1086 1999 Διὰ
1112 1944 1270 1999 τοῦτο
1305 1946 1413 2017 γὰρ
1442 1948 1531 2001 ἀεὶ
1567 1946 1634 2000 τὰ
1671 1947 1790 2015 μεί-

194 2026 335 2091 ζονα
361 2029 467 2082 τῶν
489 2032 906 2102 ἁμαρτημάτων
934 2036 1314 2106 ἐπεισέρχεται
1345 2038 1477 2105 ἡμῖν
1511 2039 1603 2090 καὶ
1629 2054 1792 2091 κατα·

193 2119 522 2175 δυναστεύει
572 2124 679 2176 τῶν
720 2126 1008 2196 ἡμετέρων
1057 2128 1268 2197 ψυχῶν,
1316 2130 1400 2183 ὃτι
1434 2128 1500 2183 τὰ
1531 2129 1793 2183 ἐλάττονα
1825 2102 1864 2157 Β

199 2211 365 2283 172
394 2214 657 2270 δοκοῦντα
679 2212 840 2282 εἶναι,
877 2215 988 2273 οἷον
1007 2219 1333 2291 ἐνθυμήσεις
1357 2222 1609 2290 πονηραὶ,
1642 2221 1787 2290 λόγοι

193 2304 493 2371 ἀπρεπεῖς,
522 2306 731 2376 ὁμιλίαι
757 2310 958 2373 κακαὶ,
987 2311 1087 2381 τῆς
1134 2312 1520 2383 προσηκούσης
1567 2316 1629 2366 οὗ
1659 2331 1790 2382 τυγ-

190 2396 353 2467 χάνει
393 2398 753 2471 διορθώσεως.
806 2403 1020 2474 Ὥσπερ
1076 2403 1186 2476 γὰρ
1228 2406 1286 2458 ἐν
1323 2408 1437 2468 τοῖς
1463 2404 1713 2476 σώμασιν
1738 2408 1787 2460 οἱ

193 2489 417 2559 μικρῶν
440 2494 950 2564 καταφρονήσαντες
986 2496 1317 2566 τραυμάτων
1342 2496 1642 2566 σηπεδόνας
1665 2498 1787 2552 πολ-

190 2580 359 2644 λάκις
401 2583 490 2635 καὶ
526 2582 757 2637 θάνατον
803 2586 1017 2649 ἑαυτοῖς
1057 2587 1452 2659 προεξένησαν,
1496 2590 1640 2645 οὕτω
1693 2593 1788 2645 καὶ

190 2670 312 2724 τῶν
351 2671 561 2742 ψυχῶν,
598 2675 646 2725 οἱ
674 2674 781 2728 τῶν
820 2676 1034 2748 μικρῶν
1066 2678 1447 2751 ὑπερορῶντες
1473 2682 1664 2737 παθῶν
1693 2684 1786 2737 καὶ

192 2763 633 2833 ἁμαρτημάτων,
675 2766 744 2819 τὰ
782 2767 1008 2837 μείζονα
1042 2770 1399 2840 ἐπεισάγουσι
1424 2790 1435 2804 ·
1492 2775 1614 2829 καθ’
1660 2778 1784 2831 ὅσον

188 2855 251 2908 δὲ
285 2855 354 2908 τὰ
391 2856 615 2926 μείζονα
646 2860 1030 2932 ἐπεισέρχεται
1055 2864 1260 2929 αὐτοῖς,
1290 2866 1347 2919 ἐν
1375 2867 1486 2932 ἔξει
1522 2871 1783 2941 γινομένη

188 2946 226 3018 ἡ
250 2946 401 3018 ψυχὴ
430 2954 783 3021 καταφρονεῖ.
846 2954 1072 3023 Ἀσεϐὴς
1094 2956 1223 3027 γὰρ,
1250 2959 1414 3027 φησὶν
1446 2961 1580 3031 (οίϐ),
1613 2962 1785 3017 ἐλθὼν

188 3038 277 3098 είς
317 3036 480 3105 βάθος
518 3041 705 3093 κακῶν
757 3046 1116 3114 καταφρονεῖ,
1159 3047 1251 3098 καὶ
1289 3047 1476 3103 λοιπὸν
1503 3052 1693 3123 ὥσπερ
1722 3046 1786 3117 ὗς

191 3125 688 3201 ὲγκυλινδούμενος
746 3132 994 3205 βορϐόρῳ
1048 3138 1238 3207 ἥδεται
1275 3140 1411 3211 (47),
1451 3142 1594 3197 οὕτω
1624 3147 1780 3217 καὶὴ

188 3221 344 3294 ψυχὴ
371 3223 580 3296 ἐκείνη,
615 3227 738 3289 ταῖς
771 3229 968 3292 κακαῖς
1000 3231 1312 3300 συνηθείαις
1333 3238 1774 3307 καταχωσθεῖσα,

187 3314 317 3368 οὐδὲ
345 3316 599 3386 αἴσθησιν
640 3318 907 3387 λαμϐάνει
931 3321 1027 3391 τῆς
1056 3322 1165 3376 τῶν
1191 3326 1604 3397 ἁμαρτημάτων
1640 3331 1771 3385 δυσ-

187 3405 381 3470 ωδίας,
431 3406 571 3461 ἀλλὰ
608 3409 871 3478 τέρπεται
894 3412 1095 3482 μᾶλλον
1117 3415 1307 3480 αὐταῖς
1326 3420 1421 3472 καὶ
1446 3421 1779 3491 ἐνηδύνεται,

187 3494 272 3558 ὡς
320 3496 524 3565 ἁγαθοῦ
558 3516 702 3563 τινος
737 3500 838 3570 τῆς
885 3504 1083 3568 κακίας
1134 3507 1507 3580 ἀντεχομένη·
1542 3513 1647 3567 κᾶν
1678 3515 1778 3585 ὀψὲ
1808 3479 1847 3531 C

184 3586 256 3657 δή
289 3605 418 3642 ποτε
454 3590 792 3645 ἁνανεὺουσα
823 3596 902 3658 εἷς
937 3596 1193 3667 αἴσθησιν
1221 3599 1375 3673 ἔλθῃ,
1412 3602 1568 3674 κόπῳ
1597 3606 1779 3678 πολλῷ

186 3678 291 3730 καὶ
324 3678 508 3748 ἱδρῶτι
540 3680 943 3753 ἐλευθεροῦται,
981 3682 1060 3749 οἷς
1103 3688 1212 3758 (48)
1244 3689 1483 3745 ἐθελοντὶ
1518 3696 1776 3750 κατεδού⁹

181 3767 385 3823 λευσεν
425 3772 621 3844 ἑαυτήν
649 3777 715 3845 τῇ
754 3779 965 3848 πονηρᾷ
995 3780 1274 3854 συνηθείᾳ.

280 4022 376 4077 Διὰ
422 4023 582 4078 τοῦτο
637 4027 785 4099 πάσῃ
834 4028 1060 4099 δυνάμει
1104 4030 1380 4101 μάκρυνον
1434 4030 1623 4085 ἑαυτὸν
1685 4034 1787 4091 ἀπὸ

194 4116 394 4185 πάσης
426 4118 637 4181 ἑννοίας
671 4123 765 4174 καὶ
793 4122 1147 4191 ἐνθυμήσεως
1193 4125 1437 4194 πονηρᾶς
1474 4126 1566 4176 καὶ
1604 4125 1785 4198 πάσης

199 4207 494 4281 ἐμπαθοῦς
533 4213 853 4283 συνηθείαςο
894 4215 1097 4284 μᾶλλον
1144 4215 1200 4268 δὲ
1237 4219 1355 4279 ταῖς
1385 4217 1608 4285 ἀρεταῖς
1640 4218 1784 4280 ἔθιζε

201 4297 423 4361 ἑαυτὸν,
473 4300 563 4351 καὶ
597 4301 652 4352 ἐν
686 4300 794 4367 ἕξει
828 4304 927 4373 τῆς
963 4302 1167 4357 τούτων
1195 4304 1356 4372 γενοῦ
1399 4305 1682 4375 ἐργασίας.
1720 4307 1781 4359 ΕΞ

201 4390 319 4461 γὰρ
347 4392 540 4463 μικρὸν
563 4394 850 4459 κοπιάσεις
874 4398 932 4450 ἐν
971 4397 1151 4461 αὐτοῖς
1173 4398 1265 4450 καὶ
1298 4399 1355 4450 ἐν
1392 4399 1503 4464 ἕξει
1530 4399 1782 4468 γενέσθαι

204 4482 489 4553 ίσχύσεις,
535 4486 756 4552 ἁκόπως
805 4487 992 4542 λοιπὸν
1037 4492 1104 4561 τῇ
1150 4490 1244 4543 τοῦ
1295 4491 1431 4544 Θεοῦ
1498 4495 1786 4564 συνεργεία

202 4576 526 4645 προκόψεις.
576 4577 642 4630 Ἦ
678 4578 788 4650 γὰρ
819 4579 931 4646 ’ἐξις
959 4581 1057 4650 τῆς
1101 4582 1303 4652 ἀρετῆς
1344 4586 1409 4654 τῇ
1438 4582 1585 4655 ψυχῇ
1622 4601 1789 4637 ποιω-

205 4667 385 4731 θεῖσα,
405 4666 480 4729 ὠς
503 4667 598 4722 ἁτε
623 4671 858 4742 φυσικὴν
883 4673 1205 4741 συγγένειαν
1235 4674 1370 4745 πρὸς
1397 4676 1565 4747 αὐτὴν
1593 4676 1790 4747 ἔχουσα

202 4760 303 4813 καὶ
348 4763 438 4814 τὸν
485 4762 617 4816 Θεὸν
666 4766 928 4835 συνεργὸν
976 4768 1314 4838 κεκτημένη.
1348 4770 1787 4840 δυσμετάϐλητος

202 4852 420 4923 γίνεται
476 4855 632 4925 173
679 4857 773 4909 καὶ
807 4856 927 4909 λίαν
966 4856 1354 4926 ἀσφαλεστάτη
1378 4901 1390 4923 ,
1427 4858 1611 4922 καθὼς
1658 4861 1791 4932 ὁρᾷς

200 4948 290 5002 ὅτι
321 4949 352 5014 ἡ
390 4946 610 5018 ἀνδρεία
645 4949 739 5000 καὶ
769 4948 1057 5020 φρόνησις,
1103 4950 1426 5022 σωφροσύνη
1465 4969 1521 5003 τε
1572 4951 1667 5005 καὶ
1713 4952 1782 5005 διο

202 5037 472 5109 καιοσΰνη
518 5038 631 5110 (49)
661 5039 1099 5112 δυσμετάϐλητοί
1130 5043 1292 5107 εἰσιν,
1338 5041 1481 5107 ἕξεις
1508 5036 1665 5095 οὖσαι
1690 5041 1789 5113 τῆς

202 5130 389 5200 ψυχῆς
424 5132 516 5185 καῖ¹
564 5132 851 5202 ποιότητες
892 5134 983 5187 καὶ
1032 5135 1303 5204 ἐνέργειαι
1339 5135 1426 5189 διὰ
1463 5135 1661 5205 βάθους
1700 5154 1794 5190 κιο

204 5224 536 5291 χωρηκυῖαι.
573 5223 635 5277 ΕΞ
667 5224 777 5294 γὰρ
808 5224 875 5277 τά
908 5225 1053 5296 πάθη
1094 5227 1190 5296 τῆς
1230 5227 1451 5291 κακίας,
1491 5226 1551 5279 οὐ
1586 5227 1791 5296 φυσικὰ

204 5315 341 5384 ἡμῖν
378 5313 529 5378 ὄντα,
564 5316 677 5368 ἀλλ’
709 5314 910 5381 ἔξωθεν
937 5317 1346 5381 ἐπεισελθόντα,
1378 5320 1538 5388 ἡνίκα
1586 5319 1644 5371 ἐν
1679 5316 1788 5382 ἕξει

205 5404 500 5474 γένωνται,
526 5408 950 5481 δυσμετάϐλητα
974 5412 1102 5474 εἱσι,
1131 5410 1283 5481 πόσῳ
1312 5411 1512 5479 μᾶλλον
1538 5412 1570 5480 ἡ
1595 5410 1784 5481 ἀρετὴν

279 5560 395 5629 (ιε)
424 5560 680 5619 Proverb.
711 5580 867 5626 xvrtt.
901 5565 952 5618 '5.

282 5632 397 5701 (17)
422 5632 577 5703 (lonj.
621 5650 671 5703 p.
701 5633 790 5695 88,
823 5637 993 5703 ιιλίὶί)Δ

1955 1577 2035 1632 Ob
2072 1594 2190 1633 eam
2219 1593 2467 1643 causam,
2494 1579 2645 1633 nullo
2670 1577 2835 1633 modo
2854 1578 3111 1647 permitte
3134 1586 3191 1631 ut
3223 1575 3466 1645 improba

1906 1666 2236 1720 consuetudo
2268 1665 2359 1718 tibi
2390 1665 2688 1719 dominetur
2715 1684 2728 1729 ;
2760 1681 2941 1719 verum
2965 1666 3134 1722 donec
3156 1683 3345 1722 recens
3375 1679 3476 1734 est,

1906 1772 2119 1826 parvam
2153 1756 2385 1812 radicem
2410 1771 2439 1811 e
2472 1767 2684 1825 pectore
2710 1767 2799 1810 tuo
2821 1758 3021 1820 evelle;
3057 1775 3121 1813 ne
3143 1762 3334 1831 alioqui
3357 1777 3476 1817 cum

1906 1848 2196 1918 pnllularit,
2225 1862 2287 1902 ac
2327 1848 2534 1909 radices
2576 1863 2700 1903 suas
2727 1849 2834 1901 alte
2870 1849 3128 1915 inlixcrit,
3162 1862 3343 1920 postea
3372 1869 3477 1908 non

1907 1940 2013 1996 nisi
2042 1943 2198 2009 longo
2236 1949 2495 2007 tempore,
2527 1954 2588 1994 ac
2617 1955 2806 2008 magno
2832 1955 2949 1995 cum
2983 1941 3167 1997 labore
3197 1945 3476 2013 exStirpari

1911 2035 2097 2103 possit.
2131 2034 2210 2089 0b
2256 2033 2306 2088 id
2348 2032 2489 2087 enim
2522 2032 2722 2099 majora
2755 2042 2966 2101 peccata
3007 2034 3241 2102 quotidie
3270 2036 3334 2089 ad
3382 2050 3481 2089 nos

1906 2124 2103 2178 aditum
2146 2122 2363 2187 habent,
2411 2132 2567 2190 atque
2614 2123 2666 2175 in
2708 2124 2911 2175 animas
2943 2134 3152 2179 nostras
3197 2127 3479 2195 imperium

1908 2214 2171 2279 obtinent,
2202 2212 2449 2282 quoniam
2480 2213 2545 2266 iis
2573 2227 2690 2282 qua:
2720 2214 2922 2267 minora
3044 2228 3167 2267 esse
3299 2218 3483 2272 viden-

1909 2315 2016 2369 tur,
2048 2305 2151 2360 hoc
2177 2312 2260 2379 est
2286 2303 2537 2371 improbis
2565 2304 2993 2374 cogitationibus,
3043 2304 3340 2362 inhonestis
3362 2324 3480 2364 ser-

1913 2400 2181 2459 monibus.
2225 2397 2481 2461 malisque
2512 2397 2792 2465 colloquiis
2819 2406 3176 2452 consentanea
3222 2402 3483 2454 correctio

1911 2490 2128 2541 minime
2155 2485 2455 2541 adhibetur.
2486 2484 2554 2539 Ut
2592 2485 2734 2541 enim
2781 2487 2832 2540 in
2864 2487 3174 2557 corporibus
3202 2489 3290 2558 qui
3322 2504 3478 2559 parva

1909 2578 2126 2632 vulnera
2153 2579 2426 2648 negliguut
2450 2577 2653 2632 saniem
2687 2577 2996 2648 plerumque
3023 2593 3085 2633 ac
3116 2590 3338 2633 mortem
3382 2581 3482 2636 sibi

1910 2668 2037 2738 ipsis
2064 2677 2364 2733 accersunt,
2397 2667 2463 2722 ad
2494 2667 2738 2722 eumdem
2781 2668 2994 2721 modum
3023 2667 3182 2722 etiam
3211 2668 3264 2723 in
3295 2669 3483 2726 animis

1912 2760 2011 2813 hoc
2036 2772 2132 2812 usu
2162 2756 2325 2822 venit,
2378 2764 2434 2810 ut
2461 2757 2552 2823 qui
2601 2755 2818 2810 minima
2846 2756 2970 2810 vitia
2999 2770 3061 2810 ac
3090 2765 3303 2825 peccata
3332 2756 3483 2812 nihili

1915 2840 2172 2916 pendunt,
2201 2859 2439 2914 graviora
2462 2846 2560 2900 ειὺί
2585 2845 2852 2900 invehant.
2878 2847 3147 2912 Quatenus
3167 2856 3342 2900 autem
3365 2862 3485 2915 gra-

1915 2938 2062 2990 viora
2113 2946 2331 3006 peccata
2385 2937 2513 3004 ipsis
2564 2934 2895 2998 oboriuntur,
2943 2945 3216 2990 contracto
3268 2938 3481 2992 tandem

1916 3027 2097 3081 habitu
2128 3027 2301 3079 anima
2327 3026 2379 3080 in
2407 3035 2764 3095 contemptum
2794 3025 2956 3081 cadit.
2990 3025 3186 3099 Impius
3217 3031 3389 3105 enim,
3409 3030 3483 3083 in-

1908 3118 2027 3187 quit
2071 3118 2198 3184 ille,
2241 3133 2366 3173 cum
2420 3118 2475 3172 in
2530 3118 2865 3188 profundum
2911 3121 3156 3187 venerit,
3196 3123 3496 3178 contemnit

1911 3209 2089 3281 (Prov.
2132 3210 2269 3278 vm).
2300 3210 2378 3265 Ac
2419 3210 2700 3280 deinceps,
2750 3221 2808 3266 ut
2837 3228 2931 3267 sus
2964 3214 3018 3270 in
3058 3229 3216 3293 emno
3260 3215 3494 3269 volutari

1909 3302 2107 3371 gaudet
2132 3302 2209 3372 (II
2240 3302 2388 3356 Petr.
2428 3305 2509 3371 tt),
2546 3304 2624 3358 sic
2650 3304 2813 3358 etiam
2836 3306 3019 3361 anima
3046 3307 3136 3362 illa
3160 3323 3341 3378 prava:
3362 3324 3491 3362 con-

1908 3394 2187 3448 suetudini
2218 3394 2496 3459 immersa,
2522 3410 2592 3449 nc
2623 3406 2976 3465 peccatorum
3010 3397 3233 3467 quidem
3264 3397 3494 3453 fetorem

1912 3486 2097 3553 sentit,
2132 3503 2322 3541 verum
2350 3489 2532 3558 potius
2562 3490 2694 3561 ipsis
2726 3492 2927 3561 gaudet
2955 3501 3011 3548 et
3052 3494 3379 3557 oblectatur,
3413 3494 3497 3549 vi-

1908 3576 2153 3647 tiumque
2200 3575 2371 3632 instar
2410 3579 2540 3635 boni
2584 3583 2888 3653 cujuspiam
2939 3584 3241 3640 arctissimc
3274 3586 3493 3641 retinet.

1905 3670 2080 3740 Atque
2119 3680 2173 3725 ut
2215 3673 2378 3727 etiam
2416 3674 2733 3745 aliquando,
2774 3691 2993 3747 recepta
3024 3680 3241 3734 meliori
3288 3687 3492 3739 mente.

1906 3763 2176 3817 scelerum
2219 3780 2445 3818 suorum
2477 3783 2642 3822 sensu
2686 3768 2974 3836 alliciatur,
3013 3787 3123 3825 non
3163 3780 3344 3826 tamen
3375 3774 3493 3828 sine

1907 3867 2102 3923 magno
2130 3854 2318 3909 labore
2351 3871 2416 3910 ac
2446 3857 2645 3912 sudore
2688 3874 2715 3911 a
2750 3875 2916 3928 prava
2946 3862 3368 3925 consuetudine,
3399 3864 3489 3917 cui

1908 3944 2053 3999 ultro
2085 3961 2147 4000 ac
2178 3955 2371 4016 sponte
2413 3962 2470 4001 sc
2506 3948 2560 4000 in
2592 3950 2913 4004 servitutem
2947 3950 3176 4017 addixit,
3200 3952 3487 4007 liberatur.

1970 4035 2227 4101 Quocirca
2246 4035 2490 4090 omnibus
2512 4038 2709 4090 viribus
2737 4039 2801 4091 ab
2824 4040 2969 4094 omni
2992 4044 3129 4096 mala
3151 4044 3471 4113 cogitatione

1898 4135 2053 4194 atque
2076 4126 2221 4180 omni
2244 4127 2428 4181 vitiosa
2449 4130 2835 4185 consuetudine
2866 4143 2916 4184 te
2948 4144 3183 4194 remove,
3208 4144 3269 4181 ac
3297 4128 3472 4197 potius

1900 4214 2179 4271 virtutibus
2208 4231 2476 4282 assuesce,
2509 4233 2703 4286 easque
2736 4221 2804 4272 ita
2834 4220 2951 4275 cole
2991 4228 3146 4287 atque
3176 4233 3388 4287 exerce,
3413 4229 3475 4273 ut

1899 4321 2079 4361 eorum
2112 4307 2321 4363 habitus
2349 4309 2446 4364 t'bi
2474 4320 2830 4380 comparetur.
2862 4312 2992 4366 Nam
3016 4312 3058 4366 si
3089 4312 3297 4380 paulum
3322 4312 3478 4367 labo-

1900 4400 1973 4451 ris
2005 4400 2053 4452 in
2086 4400 2212 4469 ipsis
2242 4404 2565 4470 susceperis,
2619 4414 2776 4472 atque
2826 4420 3005 4458 earum
3064 4403 3297 4458 halitum
3346 4419 3475 4459 con—

1900 4492 2143 4557 traxeris,
2173 4500 2376 4560 postea,
2425 4494 2531 4547 Deo
2567 4494 2805 4563 juvante,
2851 4496 2980 4549 citra
3023 4495 3255 4550 laborem
3308 4497 3473 4551 ullum

1902 4580 2166 4649 p'oticies.
2216 4582 2485 4651 Siquidem
2528 4586 2737 4640 virtutis
2783 4586 2989 4640 habitus
3032 4587 3220 4641 anima!
3264 4589 3474 4648 imitus.

1901 4682 2081 4741 utpo'e
2107 4673 2398 4727 naturalem
2422 4690 2540 4729 cum
2559 4691 2619 4731 ea
2644 4679 3006 4743 cognationem
3032 4676 3254 4738 habens,
3276 4678 3474 4744 Deique

1900 4778 1999 4831 ope
2027 4764 2255 4832 adjutus,
2289 4766 2369 4817 vix
2400 4768 2614 4821 omnino
2655 4770 2995 4823 tnuta'ion‘m
3049 4769 3207 4823 u‘latn
3255 4768 3466 4838 recipit,

1902 4866 2058 4923 atque
2087 4857 2139 4909 in
2167 4857 2350 4926 primis
2382 4859 2563 4912 ﬁrmus
2589 4868 2689 4927 est,
2719 4863 3161 4930 quemadmodum
3187 4861 3333 4917 vides
3362 4858 3474 4917 for-

1904 4944 2179 5000 titudinem
2212 4956 2263 5000 et
2297 4947 2651 5016 prudentiam,
2692 4952 3197 5022 temperantiamque
3244 4952 3368 5007 item
3414 4964 3477 5003 ac

1899 5032 2185 5104 justitiam,
2233 5038 2317 5091 vix
2348 5037 2565 5092 omnino
2589 5041 2933 5095 mutationem
2965 5041 3123 5095 ullam
3170 5041 3471 5101 admittere.

1902 5135 2182 5195 propterea
2214 5129 2353 5196 quod
2385 5130 2575 5184 animae
2618 5131 2825 5185 habitus
2863 5140 2915 5185 et
2943 5133 3223 5200 qualitates
3269 5139 3318 5184 et
3350 5146 3477 5199 ope-

1906 5218 2138 5273 rationes
2182 5220 2308 5284 sint,
2359 5235 2475 5274 eam
2527 5221 2738 5289 penitus
2779 5231 3134 5289 penetrantes.
3187 5221 3315 5276 Nam
3357 5239 3476 5279 tum

1903 5308 2014 5362 vitii
2042 5309 2370 5376 atl‘ectioues,
2399 5325 2515 5382 quin
2544 5313 2696 5367 nobis
2715 5327 2818 5366 non
2845 5312 3129 5378 naturale=,
3159 5312 3252 5374 sed
3282 5313 3478 5367 adven-

1905 5399 2035 5452 titite
2063 5410 2207 5467 sunt,
2249 5411 2590 5471 posteaquam
2621 5401 2687 5456 ad
2721 5402 2952 5455 habitum
2986 5407 3334 5472 pervenerint,
3384 5408 3470 5458 vix

282 5698 397 5771 (48)
425 5703 488 5767 C,
518 5698 633 5757 ὧνί
663 5703 806 5757 Bene
840 5698 940 5766 οἷς.
991 5703 1184 5773 Billy'ts
1234 5705 1369 5757 bene
1395 5722 1408 5754 :
1458 5720 1590 5771 νοω·
1617 5703 1786 5757 s‘estre

1910 5704 2273 5757 lontairemen'
2314 5702 2572 5757 soubmise
2616 5701 2647 5753 ὰ
2695 5699 2745 5751 In
2782 5699 3042 5752 serritude
3094 5700 3155 5751 de.
3205 5700 3472 5753 muttraise

205 5782 672 5826 arctiualtnmmce.

287 5841 399 5914 (49)
443 5840 661 5898 Lcmnia
695 5845 745 5898 in
775 5845 809 5897 ,Χ
842 5861 855 5896 :
883 5844 1193 5916 Σημεῖςοισιιι
1228 5845 1371 5909 τίνες
1406 5843 1457 5898 at!
1494 5845 1723 5915 μεγά“.αι
1754 5845 2015 5916 τέσσαρες
2044 5844 2253 5919 ἀρεταί.
