3932 6384
139 5339 164 5354 μ-

431 428 563 493 ωω
1153 466 1158 471 κ
1565 373 1568 378 1
1839 391 2016 450 λυυῑ

2127 390 2213 447 )A.
3014 490 3024 493 _
3203 486 3218 493 _
3473 469 3476 472 ν
3546 383 3686 448 104.;

488 542 580 598 Sic
612 531 854 590 videlicet
900 525 1158 581 clamante
1199 527 1270 586 te,
1311 517 1448 570 Deus
1488 510 1760 578 exaudiet,
1796 519 1848 565 et
1891 511 1980 563 ad-
2013 545 2016 557 .

2160 496 2346 558 Οὕτως
2379 493 2613 566 βοῶντός
2646 510 2738 546 σου
2783 491 2810 544 ό
2838 490 2970 556 Θεὸς
3010 486 3411 546 ἐπακούσεται·
3451 490 3534 546 ἔτι
3571 489 3687 562 ((Ὡ)

421 633 523 685 huc
542 629 786 695 loquente
807 628 856 672 te
874 616 1044 671 dicet:
1079 611 1216 665 Ecce
1233 608 1418 662 adsum
1435 603 1568 676 (Isa.
1594 601 1813 673 Lxxxv).
1835 601 1982 668 Quo-

419 722 580 784 circa,
615 716 659 768 si
693 706 990 780 hujusmodi
1014 703 1303 757 orationem
1334 699 1556 766 adeptus
1583 695 1766 761 fueris,
1797 695 1981 764 beatus

421 811 548 866 eris.
581 805 761 874 Neque
790 800 928 854 enim
963 797 1073 850 ﬂeri
1107 803 1298 863 potest,
1325 791 1446 858 quin
1473 791 1515 844 is
1538 790 1624 858 qui
1650 801 1766 842 cum
1796 785 1982 855 hujus-

423 897 563 954 modi
586 893 744 948 animi
768 889 1038 942 alacritate
1063 885 1223 938 Deum
1248 892 1362 936 orat
1383 891 1540 949 atque
1565 879 1827 940 obsecrat,
1857 890 1987 946 ιιυο‹

422 988 550 1043 tidie
580 998 746 1038 novos
771 982 825 1035 iu
851 979 1042 1033 virtute
1072 989 1382 1044 progressus
1412 971 1591 1039 faciat,
1626 979 1782 1038 atque
1804 981 1990 1021 omnes

423 1078 596 1134 hostis
641 1075 857 1141 laqueos
900 1076 1133 1136 superet.
1185 1064 1313 1118 Nam
1347 1063 1432 1132 qui
1463 1071 1692 1116 mentem
1733 1074 1905 1124 suam,
1939 1067 1992 1109 ut

425 1164 698 1236 cujusdam
731 1159 830 1213 viri
873 1156 1042 1210 sancti
1097 1153 1270 1207 verbis
1316 1163 1450 1217 utar,
1505 1148 1831 1210 exealel‘ecit,
1875 1146 1991 1199 ani-

420 1270 673 1326 tuamque
709 1265 859 1306 suam
892 1247 1080 1308 erexit,
1111 1253 1268 1308 atque
1305 1243 1355 1295 in
1401 1242 1590 1294 malum
1620 1254 1676 1291 se
1703 1237 1994 1300 transtulit,

421 1353 606 1416 sicque
650 1345 926 1399 Dominum
969 1352 1123 1393 suum
1170 1336 1400 1398 invocat,
1454 1328 1757 1393 sceleraque
1802 1337 1896 1378 sua
1940 1324 1994 1376 in

424 1415 730 1491 memoriam
783 1438 1014 1491 revocat,
1069 1440 1130 1479 ac
1169 1424 1237 1478 de
1285 1434 1468 1475 eorum
1521 1415 1832 1472 remissione
1872 1426 1992 1465 cum

421 1528 532 1581 Deo
570 1522 912 1592 colloquitur,
944 1512 1421 1578 calentissimisque
1451 1503 1699 1575 lacryntis
1746 1516 1867 1557 eum
1897 1503 1996 1554 ob-

421 1625 617 1679 secrat,
658 1590 848 1682 [ll—p20
892 1623 985 1662 sua
1025 1603 1344 1673 benignitate
1375 1596 1656 1666 propitium
1697 1607 1761 1646 ac
1791 1590 1994 1644 facilem

425 1723 482 1760 se
507 1707 605 1776 ipsi
640 1704 892 1773 praebeat,
927 1714 988 1752 ex
1035 1692 1332 1764 hujusmodi
1365 1701 1670 1744 sermonum
1699 1693 1754 1740 et
1791 1683 1994 1753 cogita-

429 1799 630 1851 tionum
657 1810 753 1847 usu
784 1801 836 1845 ct
867 1787 1252 1844 consuetudine
1285 1785 1384 1836 huc
1411 1777 1768 1848 consequitur,
1801 1785 1857 1830 ut
1885 1791 1997 1829 om-

2088 587 2379 651 λαλοῦντός
2409 604 2525 651 σου,
2560 586 2678 656 ἐρεῖ
2699 600 2711 614 ’
2763 582 2895 637 Ἰδοὺ
2926 582 3182 657 πάρειμι.
3209 582 3274 638 Εἰ
3305 581 3573 655 τοιαύτην
3597 581 3696 637 οῦν

2089 681 2266 752 κτήσῃ
2295 679 2479 750 εὐχὴν,
2521 676 2795 748 μακάριος
2834 674 2966 746 ἔσῃ·
3019 675 3303 745 ἀμήχανον
3331 675 3441 747 γάρ
3475 675 3694 747 ἀνθρω-

2091 788 2213 833 πον,
2254 771 2410 840 177
2452 768 2589 840 μετά
2619 764 2880 836 τοιαύτης
2916 763 3230 837 προθυμίας
3257 764 3558 834 εὐχόμενον
3600 765 3700 816 καὶ

2092 859 2521 932 παρακαλοῦντα
2560 857 2652 910 τὸν
2701 855 2857 917 Θεὸν,
2909 857 2984 926 μή
3035 853 3161 908 καθ’
3190 854 3429 924 ἑκάστην
3481 856 3699 925 προκό-

2094 970 2248 1008 πτειν
2278 954 2335 1006 ὲν
2359 951 2436 1021 τῷ
2467 948 2656 1019 ἀγαθῷ
2680 950 2773 1002 καὶ
2810 948 2998 1001 πασῶν
3020 945 3434 1018 ὑπερίπτασθαι
3458 946 3571 998 τῶν
3602 945 3701 998 τοῦ

2095 1045 2290 1117 ἐχθροῦ
2323 1043 2590 1113 παγίδων.
2635 1042 2693 1096 '0
2724 1042 2830 1112 γὰρ
2851 1039 3226 1111 διαθερμάνας
3254 1039 3419 1093 αὑτοῦ
3450 1038 3553 1110 τὴν
3589 1038 3704 1092 διὰ-

2096 1154 2270 1200 νοιαν,
2297 1135 2550 1206 καθάπερ
2580 1152 2664 1198 τις
2691 1134 2800 1187 τῶν
2837 1133 3011 1201 ἁγίων
3042 1133 3234 1201 ἔφησε,
3264 1131 3358 1184 καὶ
3387 1129 3489 1201 τὴν
3515 1130 3701 1201 ψυχήν

2098 1228 2432 1296 ἀναστήσας,
2459 1225 2555 1280 κα)⁷
2587 1225 2722 1295 πρὸς
2743 1224 2837 1278 τὸν
2865 1222 3094 1293 οὐρανὸν
3119 1222 3312 1275 ἑαυτὸν
3347 1222 3698 1292 μετοικίσας,

2100 1316 2195 1370 καὶ
2222 1316 2365 1370 οὕτω
2392 1317 2484 1369 τὸν
2510 1316 2790 1384 Δεσπότην
2817 1314 2909 1366 τὸν
2941 1311 3136 1367 ἑαυτοῦ
3171 1310 3431 1376 καλέσας,
3464 1313 3564 1364 καὶ
3595 1311 3703 1364 τῶν

2105 1409 2250 1462 ἰδίων
2283 1407 2703 1479 ἁμαρτημάτων
2725 1404 3116 1475 ἀναμνησθεὶς,
3147 1404 3243 1458 καὶ
3271 1422 3336 1456 πε
3349 1404 3400 1475 ρὶ
3427 1405 3533 1475 τῆς
3565 1420 3704 1471 συγ·

2103 1498 2401 1568 χωρήσεως
2435 1498 2640 1550 τούτων
2670 1493 2993 1566 διαλεχθεὶς,
3027 1495 3122 1548 καὶ
3157 1495 3392 1565 δάκρυσι
3418 1494 3706 1566 θερμοτά-

2104 1606 2219 1652 τοις
2251 1589 2462 1660 δεηθεὶς
2493 1588 2622 1641 ἵλεω
2668 1585 2922 1656 γενέσθαι
2965 1585 3113 1657 αὑτῷ
3152 1586 3244 1639 τὸν
3282 1585 3705 1657 φιλάνθρωπον,

2107 1682 2216 1738 ἀπὸ
2263 1686 2365 1756 τῆς
2415 1684 2472 1736 ὲν
2517 1686 2634 1746 τοῖς
2671 1682 2852 1752 λόγοις
2904 1682 3001 1735 κα)⁵
3051 1682 3427 1752 διαλογισμοῖς
3485 1683 3710 1745 τούτοις

2108 1775 2394 1846 διατριὸἧς
2427 1775 2610 1828 πᾶσαν
2645 1773 2966 1827 ἀποτίθεται
3015 1773 3278 1844 βιωτικὴν
3318 1773 3582 1845 φροντίδα
3613 1775 3711 1826 καὶ

430 1903 553 1943 netu
586 1886 804 1954 hujusce
829 1887 947 1936 vita:
976 1893 1154 1934 curam
1186 1877 1434 1946 deponat,
1465 1882 1626 1942 atqtte
1653 1869 1894 1923 humanis
1925 1868 1997 1919 al-

2127 1868 2215 1920 ςῶν
2241 1867 2594 1938 ἀνθρωπίνων
2617 1867 2801 1920 παθῶν
2830 1866 3164 1937 ὑψηλότερος
3201 1865 3431 1933 γίνεται,
3459 1865 3555 1918 καὶ
3585 1865 3708 1936 Θεῷ

430 1978 748 2034 fectionibus
769 1974 1012 2044 superior
1033 1971 1242 2032 existat,
1286 1968 1577 2036 dignusque
1625 1963 1882 2016 habeatur
1910 1959 2002 2030 qui

434 2073 527 2126 Dei
558 2083 816 2139 congerro
847 2065 1159 2135 appelletur.
1195 2061 1308 2127 Quo
1341 2057 1462 2128 quid
1495 2055 1698 2111 beatius
1723 2061 1811 2105 aut
1840 2051 2003 2105 subli-

433 2163 570 2215 mins
598 2158 904 2224 contingere
937 2153 1141 2222 possit?
1172 2149 1378 2206 Utinam
1413 2147 1588 2215 itaque
1620 2144 1713 2198 Dei
1743 2139 2004 2198 beneﬁcio

434 2249 766 2308 beatitudinis
799 2245 1016 2315 hujusce
1048 2256 1265 2310 compos
1290 2239 1411 2292 (ias!

507 2342 645 2396 Ecce
667 2353 809 2393 enim
840 2334 1205 2390 mandatorum
1227 2328 1439 2384 Domini
1469 2326 1605 2379 viam
1656 2323 1746 2378 tibi
1780 2321 2004 2376 demon-

433 2430 620 2496 stravi,
660 2443 757 2484 nec
797 2425 1081 2495 quidquam
1129 2420 1390 2483 subtraxi,
1418 2416 1703 2486 quominus
1731 2426 1888 2466 untne
1916 2410 2008 2464 Dei

435 2523 715 2579 con~ilium
746 2519 839 2573 tibi
871 2519 1263 2572 annunttarem.
1300 2514 1371 2566 Ac
1389 2510 1498 2580 jam
1531 2507 1746 2577 quidem
1776 2520 1873 2572 ego
1903 2503 2003 2555 mi-

437 2613 712 2666 nisteriom
743 2623 917 2662 meum
947 2603 1154 2660 absolvi
1185 2603 1320 2672 (Act.
1347 2600 1461 2670 xx).
1495 2599 1768 2666 Superest,
1809 2605 1865 2647 ut
1892 2607 2011 2646 sue-

443 2705 631 2759 cinctis
660 2700 854 2756 lumbis
895 2697 1086 2753 mentis
1118 2703 1243 2758 tuae,
1274 2693 1443 2748 instar
1473 2690 1640 2746 sancti
1666 2688 1811 2743 illius
1839 2684 1928 2756 qui
1959 2692 2012 2738 te

442 2795 678 2862 vocavit,
721 2793 832 2860 ipse
859 2803 1068 2860 quoque
1097 2787 1148 2841 in
1181 2785 1322 2839 omni
1350 2781 1471 2848 vitae
1505 2789 1605 2835 tuae
1639 2781 1844 2832 ratione
1888 2789 2014 2830 san-

441 2897 584 2941 ctum
614 2894 664 2940 te
691 2883 951 2954 praebeas.
997 2877 1178 2934 Sancti
1209 2876 1354 2932 enim
1386 2883 1576 2938 estote,
1622 2869 1870 2940 quoniam
1914 2879 2013 2936 ego

441 2986 659 3034 sanctus
686 2990 824 3040 sum,
848 2973 979 3028 dicit
1001 2971 1255 3024 Dominus
1279 2967 1460 3038 (Levit.
1492 2963 1626 3032 xu).
1653 2963 1825 3030 Atque
1850 2957 2010 3014 etiam

441 3069 804 3140 apostolorum
850 3067 1094 3136 princeps
1128 3062 1194 3116 ad
1235 3061 1374 3115 lumc
1419 3057 1632 3112 modum
1659 3051 1925 3123 loquitur:
1956 3047 2012 3104 Si

2112 1959 2399 2030 συνόμιλος
2448 1958 2692 2023 ἀξιοῦται
2742 1958 3010 2029 κληθῆναι
3037 1975 3050 1990 '
3093 1951 3263 2027 οὗπερ
3294 1957 3347 2010 τί
3383 1957 3592 2024 γένοιτ’
3641 1955 3707 2009 ἄν

2113 2051 2532 2124 μακαριώτερον
2582 2051 2614 2121 ἢ
2687 2049 3059 2120 ὑψηλότερονς
3126 2047 3382 2112 ’Ᾱξιῶσαι
3429 2047 3524 2101 οῦν
3587 2047 3704 2116 (65)

2111 2144 2317 2216 Κύριος
2350 2144 2449 2214 τῆς
2481 2144 2737 2211 τοιαύτης
2767 2142 3048 2211 ἐπιτυχεῖν
3089 2139 3520 2212 μακαριότητος.

2199 2325 2326 2380 Ἰδοὺ
2363 2325 2472 2395 γάρ
2508 2342 2587 2378 σοι
2619 2325 2719 2396 τὴν
2756 2323 2874 2376 ὁδὸν
2909 2321 3165 2386 ὑπέδειξα
3200 2322 3310 2374 τῶν
3343 2320 3580 2373 ἐντολῶν
3613 2319 3710 2374 τοῦ

2115 2417 2348 2490 Κυρίου,
2376 2417 2472 2470 καὶ
2508 2416 2662 2470 οὐδὲν
2702 2415 3114 2486 ὑπεστειλάμην
3147 2413 3257 2484 (6:5)
3294 2413 3385 2466 τοῦ
3424 2414 3502 2484 μὴ
3533 2415 3711 2481 ἀναγ-

2117 2510 2296 2579 γεῖλαί
2331 2527 2412 2562 σοι
2439 2509 2619 2562 πᾶσαν
2641 2508 2740 2579 τὴν
2773 2507 2968 2577 βουλὴν
2993 2505 3086 2559 τοῦ
3119 2505 3276 2558 Θεοῦ.
3313 2505 3422 2558 Καὶ
3456 2504 3570 2572 ἐγὼ
3609 2506 3710 2574 μὲν

2119 2605 2221 2675 ήδη
2256 2603 2355 2674 τὴν
2380 2601 2516 2673 πρὸς
2549 2600 2609 2654 σέ
2651 2617 2755 2671 μου
2788 2598 3072 2654 διακονίαν
3103 2596 3366 2650 τετέλεκα
3404 2597 3519 2668 (65)
3547 2615 3560 2624 ·
3597 2596 3713 2649 λοι-

2120 2697 2222 2750 πὸν
2251 2695 2411 2758 αὐτὸς
2439 2692 2858 2761 ἀναζωσάμενος
2886 2693 2996 2760 (66)
3027 2692 3124 2760 τὴν
3145 2689 3314 2758 ὀσφῦν
3342 2689 3438 2757 τῆς
3460 2687 3712 2751 διανοίας

2127 2806 2244 2855 σου,
2280 2787 2423 2842 κατά
2451 2786 2542 2838 τὸν
2587 2785 2894 2840 καλέσαντά
2922 2801 2978 2837 σε
3010 2784 3183 2851 ἆγιον,
3209 2782 3303 2835 καὶ
3345 2781 3509 2843 αὐτὸς
3553 2783 3715 2847 ᾶγιος

2124 2883 2182 2936 ἐν
2210 2881 2357 2950 πάσῃ
2383 2880 2697 2950 ἀναστροφῇ
2726 2877 2888 2947 γενοῦ
2908 2893 2921 2906 ⁸
2954 2877 3137 2944 Ἅγιοι
3169 2875 3276 2946 γὰρ
3300 2872 3542 2942 γίνεσθε,
3572 2872 3716 2925 διότι

2128 2971 2241 3042 ἐγὼ
2267 2971 2420 3040 ἅγιός
2446 2971 2581 3040 εἰμι,
2611 2969 2760 3036 λέγει
2794 2967 3018 3038 Κύριος.
3054 2967 3258 3037 Γράφει
3287 2965 3341 3018 δὲ
3368 2965 3460 3017 καὶ
3486 2965 3515 3016 ὁ
3547 2981 3721 3034 κορυο

2129 3066 2416 3136 φαιότατος
2432 3062 2539 3116 τῶν
2555 3061 2887 3115 ἀποστόλων·
2916 3061 2976 3112 Εἰ
2996 3057 3232 3129 Πατέρα,
3253 3055 3569 3126 φησὶνωῖ),
3594 3057 3718 3108 επι-

442 3166 655 3217 Patrcm
708 3157 966 3214 invocatis
1009 3170 1129 3210 eum
1171 3152 1259 3222 qui
1294 3151 1410 3205 sine
1443 3159 1784 3218 personarum
1829 3154 2016 3210 accep—

2131 3157 2384 3214 καλεῖσθε
2418 3157 2509 3210 τὸν
2541 3153 3061 3226 ἀπροσωπολήπτως
3087 3151 3246 3220 178
3279 3149 3536 3218 κρίνοντα
3572 3146 3723 3201 κατά

443 3254 590 3309 tione
615 3251 906 3306 secundum
937 3247 1193 3317 cujusque
1223 3257 1356 3314 Opus
1381 3242 1604 3312 judicat,
1635 3239 1689 3293 in
1720 3238 1908 3292 timore
1933 3234 2015 3288 in-

444 3345 648 3398 coialus
673 3341 837 3396 vestri
889 3350 1127 3406 tempore
1166 3332 1573 3395 convcrsamini,
1623 3331 1848 3385 scientes
1884 3340 2018 3396 quo-

447 3434 590 3486 niam
619 3443 725 3485 non
769 3427 1200 3497 corruptibilibus
1242 3439 1370 3479 auro
1413 3432 1467 3478 et
1502 3429 1724 3491 argento
1797 3417 2006 3474 liberati

445 3521 577 3577 estis
606 3520 676 3574 de
692 3533 823 3573 vana
853 3528 1024 3572 vestra
1059 3515 1462 3570 conversatione
1488 3521 1823 3582 paternarum
1855 3507 2019 3563 tradi-

448 3615 679 3676 tionum,
723 3609 816 3665 sed
839 3609 1074 3679 pretioso
1103 3607 1360 3676 sanguine
1388 3607 1536 3672 quasi
1564 3601 1686 3674 agni
1707 3599 2021 3656 incontami-

445 3705 558 3758 nati
575 3711 628 3758 et
654 3701 972 3756 immaculati
999 3700 1123 3756 Jcsu
1152 3697 1346 3754 Christi
1392 3695 1447 3768 (Ι
1478 3694 1593 3752 Pet.
1624 3693 1688 3764 I).

526 3811 652 3865 ﬂare
678 3808 836 3877 igitur
863 3804 1043 3860 omnia
1079 3803 1133 3857 in
1159 3809 1334 3855 mente
1360 3796 1572 3854 condita
1599 3795 1715 3849 sine
1742 3791 1844 3846 ulla
1867 3789 2026 3844 inter-

455 3900 714 3954 missione
745 3895 1049 3956 recordare,
1084 3891 1179 3946 Dei
1205 3901 1401 3944 metum
1433 3897 1488 3941 et
1513 3882 1834 3938 horrendum
1865 3880 2028 3948 ipsius
2061 3871 2086 3884 ‘

456 3991 717 4050 tribunal,
767 3997 820 4043 et
868 3985 1202 4056 splendorem
1247 3996 1366 4035 eum
1397 3993 1551 4048 quem
1587 3974 1717 4046 justi
1761 3974 1810 4026 in
1859 3970 2032 4026 futuro

456 4094 574 4135 aevo
612 4076 881 4148 accepturi
912 4083 1055 4138 sunt,
1087 4087 1148 4128 ac
1167 4080 1350 4127 contra
1385 4074 1719 4138 peccatorum
1744 4063 1796 4118 in
1824 4061 2034 4116 teterri-

462 4175 566 4234 tnis
595 4172 830 4226 tenebris
858 4181 1174 4229 mcerorcm;
1206 4163 1547 4234 praesentium
1583 4160 1707 4213 item
1739 4169 1916 4210 rerum
1942 4153 2036 4207 im-

469 4265 814 4320 becillitatem
843 4270 899 4314 et
930 4260 1240 4319 vanitatem,
1270 4269 1332 4308 ac
1369 4251 1664 4304 futurorum
1689 4246 2039 4301 :cternitatem

467 4371 680 4426 semper
722 4355 792 4407 ob
821 4352 1005 4406 oculos
1051 4347 1280 4401 habens:
1315 4343 1545 4410 illudque
1581 4349 1856 4408 prmterea,
1903 4335 2040 4406 quod

473 4455 654 4508 omnis
681 4465 808 4506 caro
841 4446 946 4503 l'eni
979 4446 1144 4500 instar
1169 4450 1274 4506 est,
1308 4448 1362 4495 et
1395 4437 1568 4493 omnis
1592 4435 1757 4508 gloria
1789 4433 1903 4502 ejus
1931 4440 2044 4486 tan-

2127 3249 2190 3302 τὸ
2223 3248 2454 3302 ἑκάστου
2485 3247 2667 3317 ἔργον,
2704 3247 2761 3296 ἐν
2793 3243 2944 3314 φόϐῳ
2976 3243 3067 3295 τὸν
3091 3242 3190 3310 τῆς
3226 3239 3519 3311 παροικίας
3552 3239 3720 3308 ὑμῶν

2130 3339 2322 3412 χρόνον
2353 3338 2756 3408 ἀναστράφητε,
2795 3333 2998 3396 εἰδότες
3027 3334 3110 3386 ὅτι
3141 3333 3202 3385 οὐ
3225 3332 3512 3402 φθαρτοῖς,
3544 3331 3724 3397 ἀργυ-

2135 3433 2233 3504 ρίῳ
2277 3432 2310 3502 ἢ
2360 3431 2605 3503 χρυσίῳ,
2642 3427 2985 3501 ἐλυτρώθητε
3025 3426 3089 3478 ἐκ
3141 3427 3238 3495 τῆς
3273 3422 3512 3495 ματαίας
3559 3420 3724 3492 ὑμῶν

2134 3525 2482 3596 ἀναστροφῆς
2525 3519 3050 3592 πατροπαραδότου,
3089 3516 3224 3570 ἀλλὰ
3269 3513 3438 3584 τιμίῳ
3495 3512 3722 3588 αῖματι,

2135 3615 2210 3680 ὡς
2241 3613 2410 3686 ἀμνοῦ
2446 3611 2675 3684 ἀμώμου
2712 3612 2804 3664 καὶ
2838 3607 3088 3673 ἀσπίλου,
3117 3603 3379 3676 Χριστοῦ.

2211 3788 2394 3844 Ταῦτα
2420 3784 2510 3842 οὖν
2559 3786 2735 3840 πάντα
2772 3787 2828 3838 ὲν
2868 3781 3066 3852 καρδίᾳ
3117 3778 3432 3848 τιθέμενος,
3470 3777 3732 3847 μέμνησο

2142 3881 2526 3944 ἀδιαλείπτως,
2561 3878 2666 3949 πρὸ
2699 3874 2996 3945 ὀφθαλμῶν
3020 3873 3157 3942 ἔχων
3187 3871 3272 3924 ἀεὶ
3295 3869 3386 3922 τὸν
3422 3867 3598 3936 φόϐον
3635 3867 3732 3920 τοῦ

2143 3973 2277 4027 Θεοῦ
2320 3972 2414 4026 καὶ
2439 3970 2499 4022 τδ
2531 3967 2803 4039 φρικῶδες
2841 3962 3002 4017 αὑτοῦ
3027 3962 3334 4032 κριτήριον,
3368 3958 3466 4028 τὴν
3499 3957 3731 4028 φαιδρόο

2143 4066 2285 4137 τητά
2317 4082 2374 4118 τε
2408 4063 2517 4116 τῶν
2565 4058 2788 4113 δικαίων
2823 4057 2888 4126 ἣν
2926 4054 3212 4126 μέλλουσιν
3243 4054 3301 4104 ὲν
3344 4051 3543 4119 ἐκείνῳ
3591 4050 3730 4102 am.

2143 4157 2328 4211 λαϐεῖν
2358 4153 2434 4224 τῷ
2461 4151 2636 4212 αἰῶνι,
2662 4149 2757 4202 καὶ
2784 4148 2881 4218 τὴν
2907 4146 3212 4215 κατήφειαν
3241 4142 3348 4195 τῶν
3379 4141 3732 4211 ἁμαρτωλῶν

2145 4248 2203 4299 ἐν
2235 4244 2312 4315 τῷ
2355 4242 2536 4296 σκότει
2575 4238 2654 4310 τῷ
2705 4235 3023 4307 βαθυτάτῳ,
3071 4233 3169 4303 τὴν
3214 4230 3504 4285 ἀσθένειαν
3540 4247 3602 4283 τε
3641 4229 3734 4282 καὶ

2151 4335 2488 4408 ματαιότητα
2531 4330 2641 4384 τῶν
2686 4328 2972 4400 παρόντων
3025 4325 3120 4378 καὶ¹
3168 4323 3226 4377 τὸ
3277 4322 3386 4374 τῶν
3421 4321 3732 4391 μελλόντων

2148 4426 2526 4494 ἀτελεύτητον,
2563 4425 2646 4477 ὅτι
2686 4423 2834 4474 πᾶσα
2884 4417 2992 4492 (68)
3051 4414 3188 4486 σὰρξ
3219 4414 3409 4485 χόρτος
3443 4414 3544 4466 καὶ
3581 4415 3736 4466 πᾶσα

472 4564 630 4620 quam
674 4547 774 4602 llos
819 4543 950 4600 feni.
987 4503 1320 4596 Exsiccata—tn
1359 4543 1444 4590 est
1480 4503 1676 4598 fromn,
1719 4536 1773 4584 ct
1811 4527 1907 4582 nos
1933 4526 2016 4596 eju

2155 4516 2279 4584 δόξα
2307 4513 2595 4589 ἀνθρώπου
2621 4513 2694 4574 ὡς
2715 4511 2876 4572 ἄνθος
2909 4509 3133 4579 χόρτου·
3169 4504 3444 4576 ἐξηράνθη
3477 4507 3507 4556 ὁ
3541 4503 3738 4574 χόρτος

473 4641 686 4697 decidit.
729 4637 959 4694 Verbum
1007 4647 1183 4690 autem
1234 4627 1438 4684 Domini
1480 4633 1658 4680 manet
1696 4623 1748 4678 in
1790 4629 2044 4676 aeternum

476 4732 613 4804 (lca.
641 4729 750 4800 xc).
791 4727 916 4783 llmc
944 4738 1156 4792 semper
1193 4719 1447 4776 meditare
1479 4713 1530 4785 (1
1557 4713 1694 4769 Tim.
1726 4711 1834 4782 lt');
1874 4718 1927 4765 et
1951 4725 2049 4780 pax

475 4803 572 4879 Dei
615 4830 788 4876 tecum
835 4819 905 4872 sit
935 4814 1159 4885 (Philip.
1195 4810 1293 4879 tv),
1325 4825 1441 4878 quae
1473 4816 1523 4861 te
1549 4803 1828 4866 illuminet,
1879 4810 1932 4854 et
1971 4815 2050 4853 sa-

479 4917 676 4985 pientia
707 4914 953 4974 instruat,
982 4915 1036 4962 et
1060 4905 1126 4960 ad
1150 4901 1338 4958 salutis
1366 4900 1502 4953 viam
1525 4897 1704 4963 ducat,
1729 4893 2052 4963 improbam-

479 5024 582 5079 que
613 5006 942 5062 voluntatem
981 4997 1162 5070 procul
1204 5011 1232 5049 a
1276 5003 1361 5048 tua
1390 5001 1566 5048 mente
1601 4989 1853 5059 depellat,
1895 4997 2052 5053 atque

479 5101 712 5154 animam
745 5106 887 5151 tuam
918 5089 1094 5148 crucis
1121 5089 1273 5157 signo
1315 5085 1604 5151 itnprimat,
1646 5096 1716 5138 ne
1741 5081 1907 5135 ullum
1935 5093 2054 5147 per-

479 5192 620 5248 versi
662 5189 880 5260 spiritus
907 5182 1219 5240 scaudalum
1255 5176 1321 5272 ad
1362 5187 1413 5232 te
1443 5176 1658 5246 propius
1699 5171 1936 5238 accedat,
1966 5186 2058 5225 vc-

554 5336 665 5478 (62)
689 5335 842 5391 Conf.
869 5350 921 5402 p.
957 5334 1046 5397 86,
1082 5348 1134 5386 n.
1162 5323 1249 5387 6|.

580 5409 669 5476 63)
709 5406 919 5478 Forsan
955 5403 1183 5478 ἀξιώσαι
1209 5418 1249 5478 -σ

580 5363 665 5406 οἳ)
689 5363 842 5391 υυιιι.
870 5363 921 5402 ιι.
957 5363 1046 5397 ου,
1083 5363 1134 5386 II.
1163 5363 1249 5387 υι.

580 5409 669 5476 63)
709 5406 919 5462 Forsan
955 5403 1183 5476 ἀξιώσαι
1209 5418 1276 5476 σε
1306 5393 1418 5453 οῦν.
1461 5394 1573 5450 llac
1620 5390 1882 5448 sententia
1919 5405 2013 5447 car

2127 5388 2274 5444 :odcx
2317 5383 2380 5439 Α.
2409 5381 2585 5452 Atque
2628 5391 2924 5452 pronomen
2963 5389 3022 5427 σε
3069 5369 3337 5444 reperisse
3377 5365 3641 5422 videntur
3672 5363 3756 5418 in-

485 5470 752 5532 terpretes
782 5476 1006 5529 Latinus
1035 5489 1096 5528 ac
1126 5470 1383 5527 Gallicus.

555 5493 568 5527 Γ
613 5493 752 5532 l'elCS
783 5493 1006 5529 LallllllS
1035 5493 1096 5528 ac
1126 5493 1383 5527 Utllttcus.

555 5493 670 5616 (ξι)
698 5546 829 5616 Arta
852 5546 1043 5616 Apost;
1077 5540 1272 5616 δια-27
1303 5556 1315 5591 :
1349 5535 1540 5616 cf._‘20.

559 5605 671 5683 (65)
697 5614 830 5678 Ibid.
856 5605 927 5668 ΞᾹ
955 5632 969 5667 :
1001 5612 1363 5683 Telamon}...
1399 5607 1494 5676 τὴν
1528 5605 1819 5683 βιακονία-νὶ

564 5675 677 5750 (66)
701 5675 896 5736 Petrus
931 5684 1161 5748 scilicet,
1192 5681 1206 5735 1
1249 5681 1414 5750 Epist.
1453 5675 1606 5750 ωδ,
1643 5678 1723 5744 15,
1763 5675 1841 5732 16.

585 5755 674 5821 (i7)
702 5751 842 5806 Petr.
872 5753 887 5808 Ι
921 5754 1088 5819 Epist.
1125 5769 1161 5820 I,
1202 5749 1410 5821 17,18,
1453 5749 1533 5803 19.

583 5821 673 5894 68)
707 5821 808 5882 lca.
838 5839 926 5894 χι,
954 5824 1008 5876 ti.

2149 4611 2244 4666 καὶ
2293 4609 2353 4663 τὸ
2391 4606 2550 4670 ἄνθος
2600 4603 2766 4659 αὑτοῦ
2820 4601 3044 4668 ἐξέπεσε
3073 4641 3086 4665 ,
3129 4599 3190 4652 τὸ
3220 4597 3276 4650 δὲ
3329 4595 3485 4668 ῥῆμα
3526 4597 3736 4668 Κυρίου

2155 4703 2304 4774 μένει
2336 4702 2416 4762 εἰς
2444 4699 2535 4752 τὸν
2573 4697 2764 4750 αἰῶνα.
2803 4694 2990 4748 Ταῦτα
3025 4690 3222 4760 μελέτα
3254 4687 3340 4741 διὰ
3367 4687 3576 4750 παντός
3603 4703 3618 4716 ·
3647 4687 3742 4738 καὶ.

2152 4799 2184 4866 ἠ
2217 4794 2410 4866 εἰρήνη
2440 4789 2536 4844 τοῦ
2571 4787 2706 4842 Θεοῦ
2741 4788 2826 4857 εἴη
2870 4783 3010 4856 μετὰ
3044 4781 3160 4848 σοῦ,
3201 4779 3521 4850 φωτίζουσά
3555 4795 3618 4830 σε
3649 4779 3744 4832 καὶ

2155 4883 2510 4948 συνετίζουσα
2541 4879 2634 4938 καὶ
2665 4880 2744 4942 εἰς
2767 4877 2868 4947 τὴν
2900 4875 3021 4929 ὁδὸν
3051 4873 3264 4940 ἄγουσα
3295 4869 3396 4938 τῆς
3431 4869 3740 4940 σωτηρίας,

2161 4977 2253 5032 καὶ
2286 4976 2391 5028 πᾶν
2419 4973 2631 5042 θέλημα
2661 4967 2898 5038 πονηρὸν
2942 4964 3133 5036 πόρρω
3169 4961 3443 5015 διώκουσα
3483 4959 3582 5012 τοῦ
3626 4958 3746 5020 νοός

2164 5087 2282 5133 σου,
2319 5064 2692 5137 σφραγίζουσα
2727 5061 2783 5114 δὲ
2806 5059 2903 5129 τὴν
2931 5057 3111 5128 ψυχήν
3137 5071 3230 5108 σου
3264 5053 3342 5122 τῷ
3371 5051 3468 5106 τοῦ
3500 5050 3746 5121 σταυροῦ

2165 5158 2416 5232 σημείῳ,
2453 5156 2539 5209 ἵνα
2574 5151 2740 5224 μηδέν
2777 5166 2860 5203 σοι
2891 5146 3170 5218 πλησιάσῃ
3200 5143 3310 5196 τῶν
3355 5141 3451 5195 τοῦ
3500 5135 3751 5212 πονηροῦ

3863 165 3912 1256 t
