3888 6344
482 403 620 497 3047

1933 384 2278 445 ADDENDA
2291 432 2303 444 .

3604 391 3734 456 liftiS

482 493 698 573 tamque
728 502 781 556 in
812 514 955 566 eum,
988 499 1054 552 ob
1082 497 1328 551 violatum
1352 495 1584 551 edictum
1615 510 1643 549 a
1667 502 1908 573 creatore
1933 508 2052 550 sen-

2157 493 2365 564 ἐντολὴν
2398 494 2490 547 καὶ
2518 494 2615 565 τὴν
2658 493 2857 563 ταύτης
2892 495 3225 566 παράϐασιν,
3274 500 3369 553 καὶ
3400 502 3505 572 τὴν
3545 503 3644 553 ἐπὶ
3672 507 3735 573 τῇ

483 568 704 649 tentiam
726 588 1182 645 commemoravit.
1216 586 1476 656 Deinceps
1503 585 1638 641 bona
1667 568 1733 640 ea‘
1758 585 2045 652 recensuit,

481 684 668 753 quibus
698 694 813 744 nos,
848 678 1044 748 rejecto
1083 678 1247 747 ipsius
1289 676 1559 742 mandato,
1585 684 1795 731 nosmet
1823 676 2047 731 exclusi-

482 785 620 824 mus.
647 769 767 823 Mox
800 782 980 822 earum
1006 766 1371 821 molestisrum
1402 765 1722 820 mentionem
1759 767 1898 833 fecit,
1931 782 2048 835 qua:

483 872 759 930 postquam
782 859 848 913 ab
869 859 975 912 illis
998 858 1150 913 bonis
1171 856 1485 922 excidimus,
1515 858 1711 913 misere
1728 872 1825 913 nos
1846 860 2051 913 invase-

481 962 621 1005 runt.
654 950 787 1004 Tum
816 956 991 1003 autem
1014 961 1076 1002 ea
1103 962 1219 1017 qua:
1240 946 1304 1000 ad
1332 945 1708 1015 benignitatem
1739 956 1795 1001 et
1813 962 2047 1001 amorem

485 1057 612 1113 erga
660 1042 929 1095 hominum
972 1054 1138 1110 genus
1175 1039 1510 1108 pertinebant
1538 1039 1830 1109 subjunxit,
1860 1056 2050 1110 nempe

479 1148 710 1204 quonam
742 1133 900 1187 modo
928 1146 1166 1187 summus
1196 1132 1287 1186 ille
1310 1130 1485 1198 opifex
1517 1132 1702 1187 salutis
1734 1140 1930 1186 nostra:
1958 1146 2049 1185 cu-

480 1240 594 1282 ram
626 1240 836 1297 gerens,
865 1225 1149 1291 magistros
1179 1239 1239 1278 ac
1267 1223 1555 1293 prophetas
1579 1224 1849 1294 Unigeniti
1879 1224 2050 1278 incar-

482 1318 749 1371 nationem
791 1315 1143 1384 praedicantes
1175 1317 1398 1371 miserit.
1430 1316 1632 1369 Deinde
1670 1317 1833 1369 etiam
1887 1316 2049 1382 ipsius

483 1409 813 1472 descensum,
842 1406 1279 1471 incarnationem,
1311 1405 1585 1470 beneﬁcia,
1615 1406 1886 1469 miracula,
1916 1406 2050 1459 tolea

484 1512 703 1569 rataque
754 1514 848 1568 pro
889 1500 1041 1554 nobis
1094 1500 1484 1569 ingratitudinis
1514 1500 1645 1553 vitio
1692 1499 2050 1555 laborantibus

482 1592 759 1660 snpplicia,
788 1606 1022 1656 crucem,
1052 1591 1311 1659 lanceam,
1343 1591 1690 1644 voluntariam
1722 1598 1965 1656 mortem,
1992 1605 2050 1644 ac

483 1684 711 1749 denique
740 1696 971 1735 nostram
1015 1682 1066 1734 in
1110 1682 1371 1748 integrum
1406 1680 1793 1735 restitutionem
1825 1691 1876 1734 ct
1901 1696 2052 1735 revo-

487 1773 773 1834 mtionem,
800 1781 955 1838 atque
985 1771 1048 1823 ad
1080 1770 1304 1837 primum
1334 1770 1527 1824 bonum
1547 1770 1801 1836 reditum;
1828 1786 1889 1825 ac
1918 1780 2059 1840 post-

485 1877 548 1917 ea
585 1862 839 1916 caelorum
884 1876 1124 1931 regnum,
1150 1861 1287 1931 quod
1313 1861 1546 1916 homines
1568 1876 1631 1917 eo
1654 1863 1836 1932 dignos
1854 1872 2048 1930 manet,

486 1953 815 2008 reconditqu
849 1954 1103 2022 improbis
1131 1953 1418 2007 cruciatum
1457 1954 1629 2022 ignem
1666 1970 1931 2024 nunquam
1961 1971 2053 2010 ex-

486 2043 879 2110 stinguendum,
927 2052 1206 2112 perpetuas
1246 2043 1511 2109 tenebras,
1547 2045 1896 2099 immortalem
1930 2040 2053 2101 veré

487 2150 648 2199 mem,
678 2145 1003 2204 craterasque
1032 2150 1218 2189 omnes
1246 2150 1450 2203 pcenas,
1493 2153 1621 2206 quas
1657 2139 1691 2191 ii
1734 2139 1819 2207 qui
1852 2142 2048 2207 peccati

484 2224 739 2277 servitute
780 2234 847 2278 se
871 2226 1316 2293 constrinxerunt,
1356 2225 1457 2280 sibi
1510 2226 1637 2295 ipsis
1683 2235 2039 2295 aggesserunt.

489 2315 612 2369 llaec
648 2329 766 2367 cum
794 2315 1030 2368 oratione
1068 2325 1373 2381 prosecutus
1404 2324 1564 2384 esset,
1597 2330 1657 2368 ac
1683 2316 1782 2369 sub
1809 2316 1963 2368 tinem
1996 2317 2049 2372 in

484 2408 777 2460 doctrinam
808 2411 871 2460 ad
901 2422 1074 2460 mores
1095 2415 1541 2461 accommodatam
1564 2406 1810 2476 delapsus
1841 2406 2046 2473 fuisset,

485 2498 753 2565 multaque
796 2497 862 2550 de
900 2497 1021 2549 vitae
1065 2499 1294 2565 puritate
1333 2498 1491 2550 verba
1533 2494 1763 2562 fecisset,
1816 2513 2046 2566 praesen-

485 2586 723 2652 tiumque
765 2600 939 2637 rerum
969 2585 1252 2638 vanitatem
1292 2583 1612 2651 damnasset,
1644 2600 1931 2655 eorumque
1960 2588 2047 2653 qui

490 2676 574 2729 his
591 2681 732 2730 totos
754 2688 810 2729 se
832 2674 1080 2729 addicunt
1098 2675 1361 2737 miseriam
1384 2676 1728 2743 coarguisset,
1754 2678 2045 2730 orationem

488 2764 701 2818 tandem
728 2764 1027 2832 precatione
1050 2762 1324 2827 conclusit,
1358 2779 1386 2816 a
1420 2765 1527 2817 Deo
1556 2765 1799 2818 nimirum
1828 2765 1927 2832 ipsi
1958 2766 2048 2818 tir-

489 2872 629 2910 mam
666 2864 719 2909 et
761 2863 1090 2910 constantem
1132 2855 1439 2909 orthodoxa:
1480 2856 1599 2910 ﬁdei
1638 2856 2047 2921 confessionem,

488 2952 754 3018 vitamque
782 2948 848 3001 ab
876 2947 1019 3001 omni
1050 2946 1480 3016 reprehensionis
1511 2957 1632 3001 nota
1656 2948 1963 3013 immunem,
1989 2964 2051 3003 ac

487 3038 846 3107 purissimam
889 3044 1139 3097 muneris
1163 3045 1247 3098 sui
1289 3045 1824 3106 administrationem
1864 3062 2059 3121 optans

480 3146 643 3187 suum
685 3147 884 3190 rursus
917 3150 977 3189 se
1012 3138 1236 3205 recepit.

566 3213 726 3283 Regis
753 3224 927 3268 autem
954 3217 1109 3283 ﬁlius,
1133 3221 1305 3274 accito
1332 3223 1588 3295 Zardane,
1617 3232 1739 3298 quid
1770 3235 1929 3291 animi
1955 3239 2049 3290 ha-

490 3302 644 3355 beret
673 3302 991 3371 periclitans,
1021 3308 1181 3361 dixit:
1206 3309 1432 3367 Audiisti
1454 3331 1571 3384 qua:
1594 3321 1718 3375 mihi
1751 3322 1925 3378 tabula
1953 3326 2055 3380 iste

486 3386 701 3449 dixerit,
736 3405 821 3443 me
852 3393 1100 3449 videlicet
1123 3398 1265 3451 inani
1292 3417 1387 3455 suo
1414 3405 1694 3458 verborum
1720 3407 1980 3466 lenocinio
2000 3413 2055 3467 in

484 3474 726 3528 fraudem
764 3477 1013 3535 inducere
1043 3485 1280 3549 studens,
1312 3503 1373 3542 ac
1408 3491 1645 3559 jucunda
1687 3495 1786 3548 hac
1822 3500 2058 3556 oblecta-

485 3566 634 3619 tione
670 3576 720 3621 et
758 3573 1062 3628 ammnitate
1103 3576 1332 3646 privare,
1371 3587 1531 3649 atque
1559 3583 1625 3636 ad
1658 3589 1918 3656 peregrini
1965 3589 2055 3645 Dei

485 3657 683 3711 cultum
717 3661 1039 3719 traducere?
1072 3665 1276 3722 Zardan
1314 3680 1511 3739 autem,
1547 3673 1831 3738 Quidnam,
1864 3677 2056 3746 inquit,

485 3747 577 3801 tibi
620 3748 785 3804 visum
834 3760 937 3818 est,
974 3768 1005 3807 ο
1048 3770 1161 3821 rex,
1201 3756 1450 3813 famulum
1479 3770 1625 3816 tuum
1654 3767 1890 3821 tentare?
1933 3768 2059 3823 Pcr-

482 3850 718 3905 spectum
745 3844 885 3897 enim
919 3845 1089 3900 habeo
1116 3846 1212 3901 viri
1234 3863 1510 3906 sermones
1536 3863 1717 3921 pectus
1740 3864 1885 3910 tuum
1911 3858 2056 3912 altis-

481 3932 615 3985 sime
645 3942 974 3999 penetrasse.
1001 3936 1133 3992 Nam
1165 3938 1265 3994 nisi
1294 3940 1363 3994 ita
1393 3952 1557 4009 esset,
1591 3960 1696 3999 non
1728 3955 1831 4001 tam
1866 3949 2054 4003 luben-

480 4027 567 4073 ter
593 4036 653 4075 ac
686 4034 938 4093 perpetuo
968 4042 1087 4081 cum
1120 4043 1185 4083 eo
1230 4045 1505 4089 sermones
1536 4037 1810 4094 miseeres.
1857 4040 1921 4093 Et
1950 4043 2059 4108 qui~

481 4109 604 4165 dem
669 4128 765 4168 nos
817 4115 1109 4172 istiusmodi
1168 4120 1595 4188 praedicationem
1646 4126 2053 4198 haudquaquam

480 4199 804 4267 ignoramus.
838 4204 1034 4259 Verum
1064 4221 1129 4261 ex
1160 4222 1265 4275 quo
1294 4218 1532 4278 tempore
1561 4223 1708 4280 pater
1747 4224 1867 4270 tuus
1913 4228 2057 4271 atro-

478 4290 745 4345 cissimam
788 4294 1047 4348 adversus
1089 4296 1421 4355 Christianos
1460 4306 1881 4369 persecutionem
1912 4310 2053 4363 exci-

480 4386 630 4445 tavit,
656 4386 728 4439 illi
752 4385 875 4441 hinc
900 4391 1103 4458 expulsi
1126 4404 1271 4461 sunt,
1303 4404 1462 4467 atque
1482 4400 1714 4468 ipsorum
1740 4406 2053 4472 praedicatio

480 4476 757 4531 conticuit.
792 4478 942 4542 Quod
984 4483 1026 4535 si
1063 4482 1153 4538 tibi
1185 4484 1374 4555 dogma
1407 4488 1507 4544 hoc
1533 4491 1751 4557 arridet,
1787 4493 2055 4564 ipsiusque

478 4565 730 4623 duritiem
773 4580 827 4626 et
867 4572 1101 4631 laborem
1132 4578 1311 4634 subire
1353 4590 1526 4651 potes,
1562 4582 1788 4639 faustum
1834 4601 1962 4642 sane
1990 4602 2052 4642 ac
2083 4566 2126 4622 D

479 4656 604 4752 {clis
635 4660 703 4716 sit
732 4663 782 4717 id
822 4666 964 4734 quod
993 4668 1173 4726 animo
1202 4681 1292 4727 tuo
1318 4673 1534 4729 insedit.
1569 4676 1679 4749 Ego
1716 4687 1891 4732 autem
1926 4679 2052 4748 quid
2097 4742 2106 4752 ,

475 4750 689 4806 tandem
725 4753 937 4826 faciam,
982 4761 1071 4828 qui
1102 4760 1405 4832 bujnsmodi
1436 4766 1682 4822 duritiem
1713 4784 1780 4823 ne
1807 4769 2052 4825 adversis

472 4841 686 4911 quidem
712 4845 1091 4934 oculisintueri
1118 4846 1354 4919 possut‘n,
1387 4870 1449 4910 ac
1469 4857 1612 4927 regis
1640 4868 1783 4913 metu
1810 4859 2045 4915 animum

471 4932 746 4989 doloribus
769 4932 929 5006 atque
946 4940 1325 4998 acerbitatibus
1347 4936 1657 5001 distractum
1681 4947 1885 5004 habeo?
1910 4950 2052 5017 Qua-

470 5039 594 5079 nam
624 5028 765 5096 apud
811 5043 932 5083 eum
964 5033 1313 5089 excusatione
1341 5047 1480 5101 utar,
1511 5038 1601 5107 qui
1634 5039 1799 5107 ipsius
1828 5040 2048 5110 imperia

470 5116 710 5186 neglexi,
739 5128 899 5190 atque
929 5121 1049 5177 huic
1080 5123 1196 5179 viro
1223 5124 1289 5179 ad
1321 5132 1372 5182 te
1395 5128 1596 5183 aditum
1625 5130 1884 5199 permisi?

539 5332 678 5387 Dixit
722 5346 897 5390 autem
944 5336 1009 5389 ad
1056 5353 1175 5391 eum
1222 5344 1363 5410 regis
1407 5341 1579 5397 (ilius:
1620 5341 1877 5410 Equidem
1911 5345 2044 5402 nihil
2108 5360 2123 5370 ‘

468 5421 621 5476 aliud
660 5426 800 5491 quod
844 5426 1040 5493 ingenti
1073 5435 1173 5481 tua:
1204 5444 1325 5499 erga
1358 5447 1442 5486 me
1481 5431 1867 5488 benevolentia:
1912 5436 2042 5490 satis

471 5512 677 5574 praemii
707 5514 921 5568 eil‘erret
961 5530 1274 5586 agnoscens,
1322 5518 1422 5574 hoc
1470 5536 1630 5575 unum
1665 5522 1923 5580 beneﬁcio
1950 5535 2041 5580 tuo

2152 584 2461 654 παραϐάσει
2491 584 2585 638 τοῦ
2635 586 2941 650 πλάσαντος
2974 588 3294 659 καταδίκην.
3321 586 3460 645 Εἶτα
3494 592 3731 663 καθεξῆς

2150 676 2221 728 τὰ
2257 677 2441 744 ἀγαθά
2472 677 2859 748 ἀπηριθμεῖτο,
2892 673 2966 731 ὧν
2988 680 3351 749 ἀθετήσαντες
3385 684 3488 755 τὴν
3519 687 3735 755 ἐντολὴν

2150 768 2378 829 ἑαυτοὺς
2416 767 2818 837 ἀπεκλεὶσαμεν
2847 785 2862 801 ο
2903 770 2997 822 καὶ
3046 772 3199 841 181
3253 770 3410 837 αὖθις
3451 772 3737 846 ἐμέμνητο)

2149 859 2257 913 τῶν
2284 859 2564 931 λυπηρῶν,
2593 861 2691 913 ὅσα
2722 861 2858 931 μετά
2888 862 2985 932 τὴν
3019 865 3243 917 ἐκείνων
3261 867 3580 936 ἀποτυχξαν
3601 887 3731 921 κατ-

2150 948 2341 1017 έλαϐεν
2382 950 2579 1014 ἀθλίως
2629 952 2794 1021 ἡμᾶς.
2853 953 2976 1007 Ἐπὶ
3023 954 3234 1018 τούτοις
3278 958 3346 1011 τὰ
3400 960 3507 1029 τῆς
3547 962 3735 1026 φιλαν-

2151 1040 2398 1111 Ορωπίας
2439 1041 2668 1111 ἐπῆγεν,
2702 1044 2874 1107 ὅπως,
2903 1046 3004 1114 τῆς
3050 1048 3328 1117 ἡμετέρας
3359 1051 3679 1118 φροντίζων
3710 1056 3736 1103 ὁ

2150 1134 2491 1205 Δημιουργδς
2540 1137 2835 1206 σωτηρίας,
2885 1137 3240 1202 διδασκάλους
3287 1140 3590 1194 ἀπέστειλε
3648 1144 3732 1195 καὶ

2150 1226 2437 1296 προφήτας
2467 1225 2562 1296 τὴν
2591 1226 2683 1279 τοῦ
2728 1229 3065 1296 Μονογενοῦς
3102 1230 3480 1300 κηρύττοντας
3520 1234 3733 1303 σάρκω-

2152 1333 2233 1370 σιν
2254 1332 2266 1343 ”
2306 1316 2519 1381 ἔπειτα,
2549 1319 2642 1369 καὶ
2666 1318 2764 1386 τὴν
2792 1319 3002 1372 ἐκείνου
3038 1321 3284 1388 κάθοδον,
3313 1322 3412 1393 τὴν
3446 1324 3729 1395 ἐνανορῶ-

2149 1424 2334 1476 πησιν,
2374 1408 2473 1470 τὰς
2510 1409 2863 1478 εόεργεσίας,
2893 1412 2960 1464 τά
3010 1410 3297 1481 θαύματα,
3337 1415 3435 1467 καὶ
3480 1415 3555 1467 τὰ
3591 1417 3726 1486 ὑπὲρ

2149 1498 2304 1568 ἡμῶν
2333 1497 2440 1551 τῶν
2480 1498 2791 1569 ἀχαρίστων
2840 1501 3159 1573 παθήματα,
3206 1502 3296 1555 τὸν
3330 1504 3602 1575 σταυρὸν,
3637 1507 3730 1570 τὴν

2147 1588 2368 1658 λόγχην,
2402 1589 2493 1642 τὸν
2521 1591 2765 1644 ἑκούσιον
2793 1592 3051 1646 θάνατον·
3078 1594 3250 1658 τέλος,
3283 1596 3385 1666 τὴν
3411 1596 3734 1665 ἐπανόροωο

2151 1695 2234 1733 σιν
2268 1681 2299 1749 ἡ
2310 1680 2446 1748 μῶν,
2474 1680 2570 1751 τὴν
2599 1682 2918 1753 ἀνάκλησιν,
2950 1685 3050 1753 τὴν
3074 1687 3151 1748 εἰς
3179 1686 3241 1738 τὸ
3271 1686 3495 1757 πρῶτον
3530 1688 3733 1752 ἀγαθὸν

2150 1766 2405 1822 ἐπάνοδον
2433 1783 2447 1798 °
2483 1770 2620 1839 μετά
2649 1769 2842 1836 ταῦτα,
2873 1771 2971 1842 τὴν
2995 1774 3362 1843 ἐκδεχομένην
3391 1778 3524 1838 τοὺς
3552 1778 3734 1842 ἀξίους

2152 1857 2258 1910 τῶν
2284 1859 2527 1930 οὐρανῶν
2564 1860 2844 1929 βασιλείαν
2863 1904 2878 1926 ,
2910 1863 3022 1934 τὴν.
3044 1866 3417 1935 ἀποκειμένην
3447 1870 3569 1930 τοῖς
3600 1867 3734 1936 φαύ-

2149 1948 2259 2012 λοις
2299 1950 2551 2019 βάσανον,
2586 1953 2646 2004 τὸ
2684 1952 2759 2022 μὴ
2791 1953 3151 2025 σδεννύμενον
3178 1957 3311 2027 πῦρ,
3347 1958 3410 2010 τὸ
3456 1958 3536 2028 μὴ
3564 1959 3727 2029 λῆγον

2155 2039 2363 2104 σκότος,
2396 2042 2487 2094 τὸν
2516 2042 2781 2097 ἀθάνατον
2833 2044 3112 2117 σκώληκα,
3169 2049 3265 2101 καὶ
3301 2050 3435 2119 ὅσην
3468 2049 3649 2119 ἄλλην
3693 2051 3735 2104 ei

2151 2132 2250 2201 τῆς
2290 2133 2564 2201 ἁμαρτίας
2597 2135 2778 2188 δοῦλοι
2808 2137 3030 2190 κόλασιν
3071 2142 3285 2201 ἑαυτοῖς
3336 2140 3735 2210 ἐΟησαύριςαν.

2151 2222 2335 2275 Ταῦτα
2374 2224 2658 2290 διεξελθὼν
2705 2227 2798 2279 καὶ
2845 2230 2926 2291 εἰς
2975 2231 3176 2299 ἠθικὴν
3233 2231 3597 2286 διδασκαλίαν
3650 2234 3738 2285 τὶν

2158 2312 2311 2381 λόγον
2338 2315 2583 2379 τελέσας,
2611 2318 2779 2371 πολλά
2807 2338 2863 2371 τε
2897 2322 3026 2390 περὶ
3066 2321 3442 2391 καθαῴτητος
3472 2322 3596 2391 βίον
3620 2325 3737 2377 διαο

2158 2403 2386 2473 λεχθεὶς,
2422 2408 2514 2459 καὶ
2551 2409 2652 2477 τῆς
2693 2410 2802 2463 τῶν
2834 2413 3119 2481 παρόντων
3163 2414 3540 2483 ματαιότητος
3570 2431 3739 2468 κατα-

2158 2501 2337 2566 γνοὺς,
2371 2499 2467 2570 τὴν
2498 2501 2787 2573 ἀθλιότητά
2817 2522 2875 2556 τε
2904 2505 3010 2558 τῶν
3042 2506 3253 2567 τούτοις
3280 2506 3739 2577 προστετηκότων

2157 2590 2454 2659 διελέγξας,
2506 2596 2581 2657 εἰς
2629 2596 2795 2666 εὐχὴν
2826 2597 3113 2668 κατέληξε.
3169 2600 3279 2650 Καὶ
3326 2597 3739 2668 ἀπερίτρεπτον

2158 2681 2305 2751 αὐτῷ
2338 2682 2701 2754 ἐπευξάμενος
2730 2689 2823 2740 καὶ
2846 2689 3037 2758 ἀκλινῆ
3068 2689 3165 2759 τὴν
3194 2689 3489 2759 ὀμολογὶαν
3516 2691 3622 2760 τῆς
3652 2693 3741 2762 ἐρ·

2161 2771 2375 2837 Οοδόξου
2403 2776 2660 2839 πίστεως,
2693 2779 3060 2849 ἀνεπίληπτόν
3084 2797 3140 2832 τε
3166 2781 3258 2833 τὸν
3289 2781 3402 2850 βίον
3441 2784 3541 2834 καὶ
3567 2784 3739 2835 καθα-

2165 2864 2409 2935 ρωτάτην
2431 2867 2529 2937 τὴν
2564 2868 2860 2935 πολιτείαν,
2890 2874 2917 2923 ὁ
2945 2872 3063 2940 μὲν,
3088 2872 3239 2935 τέλος
3257 2872 3469 2935 ἐπιθετς
3488 2877 3556 2944 τῇ
3586 2876 3741 2946 εὐχῇ,

2162 2957 2298 3020 πρὸς
2322 2959 2422 3029 τὴν
2457 2960 2632 3024 ξενίαν
2659 2960 2814 3025 αὖθις
2837 2963 3023 3033 ἀπῄει.

2071 3091 2085 3105 .
2115 3052 2191 3109 Ac
2226 3065 2415 3127 postea
2462 3058 2771 3128 precationi
2818 3060 2926 3118 line
2975 3064 3256 3136 imposito,
3309 3068 3375 3123 ad
3433 3068 3742 3141 hospitium

2239 3232 2297 3283 '0
2328 3232 2382 3286 δὲ
2417 3235 2509 3287 τοῦ
2553 3235 2815 3304 βασιλέως
2847 3240 2961 3302 υἱὸς
2984 3281 2998 3304 ,
3031 3242 3120 3294 τὸν
3169 3243 3381 3313 Ζαρδᾶν
3432 3250 3743 3315 προσκαλε-

2165 3322 2397 3392 σάμενος
2446 3327 2539 3378 καὶ
2586 3327 2686 3399 τὴν
2723 3329 2893 3383 αὐτοῦ
2934 3333 3227 3402 γυμνάζων
3281 3334 3548 3397 διάθεσιν,
3597 3339 3739 3408 53:1;-

2166 3412 2439 3477 Ἤκουσας
2466 3417 2625 3469 ὁποῖά
2652 3434 2739 3487 μοι
2763 3421 2791 3472 ὀ
2814 3421 3188 3491 σπερμολόγος
3217 3418 3373 3487 οὗτος
3401 3425 3737 3494 διαλέγεται,

2159 3504 2437 3575 ἀπατῆσαί
2479 3524 2547 3577 με
2589 3511 2712 3572 ταῖς
2747 3514 2932 3574 κεναῖς
2963 3513 3128 3566 αὐτοῦ
3173 3514 3589 3584 πιΟανολογίαις
3622 3538 3739 3573 πει-

2163 3596 2403 3667 ρώμενος
2450 3600 2544 3652 καὶ
2587 3601 2955 3674 ἀποστερῆσαι
2996 3607 3095 3675 τῆς
3131 3609 3375 3678 τερπνῆς
3406 3609 3621 3680 ταύτης
3653 3613 3741 3665 εύ-

2158 3688 2431 3760 φροσύνης
2465 3692 2556 3745 καὶ
2581 3693 2957 3761 ἀπολαύσεως,
2985 3698 3078 3751 καὶ
3111 3697 3245 3766 ξένῳ
3268 3700 3573 3771 λατρεῦσαι
3594 3703 3738 3772 Θεῷς

2162 3780 2320 3850 182
2360 3783 2419 3834 '0
2447 3783 2505 3835 δὲ
2534 3785 2743 3855 Ζαρδάν
2766 3804 2779 3816 ’
2809 3787 2874 3840 Τί
2910 3806 2991 3841 σοι
3022 3789 3218 3856 ἔδοξεν,
3252 3790 3377 3861 ἔφη,
3413 3786 3459 3844 ὦ
3490 3793 3738 3861 βασιλεῦ,

2157 3870 2438 3940 πειράζειν
2475 3891 2542 3943 με
2569 3876 2663 3927 τὸν
2687 3875 2779 3928 σὺν
2801 3875 3022 3947 οἰκέτην
3045 3896 3060 3944 ;
3084 3874 3215 3932 Οἶδα
3248 3880 3391 3933 κατὰ
3426 3880 3602 3950 βάθος
3628 3885 3738 3935 εἰσ-

2155 3962 2307 4016 δῦναί
2340 3982 2433 4018 σου
2467 3969 2534 4039 τῇ
2566 3968 2763 4040 καρδίᾳ
2797 3970 2923 4033 τοὺς
2948 3970 3139 4039 λόγους
3170 3971 3266 4025 τοῦ
3298 3973 3499 4043 ἀνδρός
3520 3989 3536 4003 ⁸
3579 3979 3626 4029 εξ
3665 3979 3738 4047 μὴ

2155 4057 2264 4127 γάρ
2284 4057 2441 4112 τοῦτο
2460 4054 2550 4129 ἦν,
2578 4061 2681 4115 οὐκ
2707 4061 2773 4116 ἂν
2795 4062 2944 4133 αὑτῷ
2970 4064 3143 4134 ἡδέως
3164 4082 3223 4117 τε
3248 4065 3343 4118 καὶ
3372 4066 3739 4132 ἀδιαλείπτοις

2155 4149 2397 4220 ὡμίλεις.
2437 4153 2543 4206 Καί
2592 4171 2655 4221 γε
2686 4156 2851 4224 ἡμεῖς
2891 4156 2990 4208 οὑκ
3024 4157 3325 4227 ἀγνοοῦμεν
3352 4161 3508 4213 τουτὶ
3542 4160 3609 4213 τὸ
3636 4163 3737 4231 κή-

2159 4261 2371 4315 ρυγμα’
2401 4245 2516 4298 ἀλλ’
2546 4245 2605 4310 ἐξ
2635 4247 2758 4299 ὅτου
2786 4248 2815 4300 ὀ
2862 4248 2951 4312 σὸς
2981 4250 3166 4319 πατὴρ
3200 4250 3443 4318 διωγμὸν
3474 4253 3737 4307 ἄσπονδον

2155 4336 2296 4391 κατά
2317 4336 2426 4391 τῶν
2454 4339 2798 4409 Χριστιανῶν
2840 4340 3139 4413 ἐξήγειρεν,
3172 4343 3546 4414 ἀπηλάθησαν
3585 4347 3736 4399 αἰετοὶ

2153 4426 2265 4481 τῶν
2287 4428 2555 4495 ἐντεῦθεν,
2589 4432 2681 4484 καὶ
2709 4433 2934 4502 ἐσίγησε
2968 4434 3026 4486 τὸ
3062 4436 3326 4504 κήρυγμα
3354 4436 3563 4490 αὐτῶν.
3594 4439 3655 4490 Εἰ
3677 4438 3733 4489 δὲ

2156 4518 2250 4572 νῦν
2275 4521 2505 4590 ἀρεστόν
2540 4539 2622 4575 σοι
2652 4524 2712 4575 τὸ
2741 4523 2918 4595 δόγμα
2945 4526 3225 4595 κατεφάνη
3264 4526 3360 4578 καὶ
3400 4527 3465 4579 τὸ
3501 4528 3735 4598 σκληρὸν

2153 4609 2319 4662 αὐτοῦ
2354 4612 2448 4664 καὶ
2475 4613 2728 4667 ἐπίπονον
2764 4614 3125 4679 ἀναδέξασθαι
3169 4613 3397 4686 ὶσχύεις,
3434 4618 3733 4670 κατευθυνο

2148 4699 2268 4770 θείη
2298 4717 2392 4755 σου
2425 4702 2495 4756 τὰ
2520 4702 2801 4775 θελήματα
2837 4706 2947 4775 (76)
2981 4707 3062 4769 είς
3110 4706 3171 4760 τὸ
3202 4707 3435 4774 ἀγαθόν.
3486 4708 3636 4778 Ἐγὼ
3680 4709 3735 4761 δέ

2145 4791 2199 4844 τί
2225 4794 2465 4864 ποιήσω,
2495 4794 2631 4867 πρὸς
2666 4797 2764 4866 μὲν
2798 4798 2898 4867 τὴν
2928 4798 3186 4869 τοιαύτην
3228 4798 3583 4870 σκληρότητα
3615 4800 3733 4873 μηδ’

2146 4882 2595 4956 ἀντοφθαλμῆσαι
2624 4886 2945 4958 δυνάμενος,
2978 4888 3055 4959 τῷ
3084 4889 3141 4942 δὲ
3165 4889 3315 4958 φόϐῳ
3340 4890 3437 4943 τοῦ
3465 4892 3732 4961 βασιλέως

2145 4960 2244 5043 τήν
2273 4975 2453 5048 ψυχὴν
2491 4979 2547 5031 ἐν
2573 4979 2787 5043 ὀδύναις
2816 4980 2911 5034 καὶ
2938 4981 3197 5053 ἀλγηδόσι
3237 4981 3604 5053 μεριζόμενος
3628 5002 3643 5051 ;
3669 4985 3730 5037 ΤΞ

2155 5066 2567 5139 ἀπολογήσομαι
2610 5071 2759 5141 αύτῷ
2786 5116 2801 5138 ,
2835 5072 3053 5143 ἀμελῶς
3100 5077 3211 5137 τοῖς
3255 5075 3422 5128 αὑτοῦ
3462 5076 3730 5140 διατεθεὶς

2155 5159 2561 5229 προστάγμασι,
2594 5161 2689 5215 καὶ
2717 5162 2797 5233 τῷ
2824 5164 2981 5235 ἀνδρὶ
3017 5165 3192 5236 τούτῳ
3217 5166 3317 5236 τῆς
3350 5166 3494 5234 πρὸς
3527 5166 3592 5219 as
3628 5184 3733 5221 παρ

2156 5251 2482 5321 ραχωρήσας
2508 5253 2749 5321 εἰσόδου;

2228 5344 2371 5413 Ἔφη
2421 5345 2477 5398 δέ
2510 5346 2647 5417 πρὸς
2674 5348 2837 5401 αὑτὸν
2870 5349 2897 5400 ὁ
2943 5348 3038 5402 τοῦ
3090 5348 3352 5420 βασιλέως
3383 5353 3533 5417 υἱός’
3597 5354 3735 5421 Ἐγὼ

2158 5433 2278 5505 μὲν,
2319 5433 2418 5503 τῆς
2454 5438 2653 5507 πολλῆς
2688 5454 2780 5491 σου
2832 5440 2969 5510 πρός
3006 5458 3072 5510 με
3112 5442 3539 5515 εὐγνωμοσύνης
3575 5445 3736 5515 μηδεο

2159 5525 2287 5595 μίαν
2334 5526 2502 5598 ἀλλην
2545 5528 2702 5595 ἀξίαν
2748 5530 2985 5601 ἀμοιϐὴν
3042 5530 3352 5601 γινώσκων,
3392 5533 3609 5604 ταύτην
3649 5534 3735 5587 καὶ

556 5688 687 5779 (ξῖίῆ1
707 5688 777 5779 A‘,‘
804 5706 928 5779 κςιτ.
948 5707 1047 5779 eoa
1081 5690 1148 5743 τὰ
1171 5691 1500 5779 ,διαδήματμ
1526 5708 1557 5779 ⁸.
1577 5712 1695 5764 quas
1735 5708 1858 5779 sunt
1887 5701 2052 5779 petita

2157 5703 2371 5779 Psahno
2405 5723 2417 5758 :
2472 5704 2661 5779 confer
2705 5714 2741 5762 ι.
2779 5707 2863 5775 lli,
2893 5724 2945 5779 p.
2985 5708 3071 5766 52.
3118 5707 3279 5766 Malui
3324 5709 3619 5770 lectionem
3651 5727 3737 5766 co-

482 5757 623 5817 dicis
648 5757 707 5816 (ἲ.
746 5759 965 5815 Scilicet
993 5777 1097 5813 nun
1134 5757 1410 5819 videbatur
1441 5757 1775 5823 Psaln'torum
1808 5757 2036 5829 imi-latio
2071 5774 2119 5828 in
2153 5757 2450 5832 Zardancm
2481 5757 2695 5833 cadere.

3885 1218 3888 1435 ι
