3902 6358
182 417 320 486 1053
1268 395 1443 455 ΥΙΤΑ
1482 390 1770 451 BARLAA

1876 385 1971 446 ET
2009 380 2354 445 JOASAPII.
3266 395 3400 461 1054

175 517 289 574 τῶν
315 513 408 570 τοῦ
433 514 641 585 κόσμου
678 511 857 566 καλῶν
885 510 1202 583 τηλικοῦτον
1221 508 1500 581 εὐφράνοι,
1519 507 1594 569 ὡς
1619 504 1751 567 Θεὸς

1871 512 2023 566 linem
2053 511 2242 565 faciat?
2265 510 2339 565 Ac
2369 522 2597 576 rursum,
2629 512 2891 578 quodnam
2922 525 2999 570 est
3034 515 3189 580 hujus
3233 520 3413 571 mundi

167 608 341 670 αὐτὸς
392 606 600 667 ἐκεῖνος
633 605 747 667 τοῖς
784 603 1104 673 ἀγαπήσασι
1143 599 1539 671 χαριζόμενος;
1576 590 1748 665 οὗπερ

1871 612 2060 664 ionum,
2095 599 2232 669 quod
2274 610 2415 654 tanta
2446 602 2679 658 animum
2709 603 2977 673 voluptate
3008 607 3326 673 perfundat,
3351 617 3410 663 ut

161 698 234 751 τὸ
281 695 475 759 κάλλος
510 694 606 765 μὲν
637 695 843 762 ἄφατον
867 736 881 760 ,
922 691 1209 746 δυναστεία
1244 692 1299 744 δὲ
1334 691 1544 759 ἄμαχος
1586 688 1678 741 καὶ
1713 688 1746 756 ἡ

1871 688 1990 741 )eus
2032 703 2089 742 se
2120 690 2291 757 ipsum
2339 690 2404 745 iis
2434 706 2461 744 a
2491 692 2680 759 quibus
2708 694 2943 763 diligitur
2985 696 3189 750 donans
3215 713 3227 748 :
3256 712 3407 767 cuius

163 787 304 852 δόξα
330 786 529 849 ἀΐδιος·
565 779 735 854 οὗπερ
767 786 833 838 τὰ
870 784 1071 852 ἀγαθὰ,
1103 783 1173 836 τά
1207 784 1318 845 τοῖς
1362 780 1526 833 αὐτοῦ
1579 778 1752 847 φίλοις

1871 787 1902 831 ιι
1933 778 2266 845 pulchritudo
2298 794 2545 835 sermone
2574 784 2715 836 omni
2749 786 3082 851 prazstantior
3112 794 3212 850 est,
3235 797 3288 840 et
3318 803 3412 856 po-

167 878 518 948 ἀποκείμενα
552 917 568 940 ,
619 878 834 929 πάντων
887 876 995 928 τῶν
1051 874 1343 945 ὁρωμένων
1409 870 1753 939 ἀσυγκρίτως

1873 871 2013 922 entia
2044 870 2259 934 invicta,
2291 880 2344 925 et
2369 872 2531 939 gloria
2560 875 2905 941 sempiterna,
2937 885 2985 929 et
3016 877 3169 945 cujus
3195 877 3330 932 bona
3347 892 3409 933 ea

169 970 461 1041 ὑπερέχει,
492 968 528 1022 ἀ
552 968 825 1039 ὀφθαλμὸς
864 968 964 1021 οὐκ
996 965 1122 1032 εἶδε,
1156 967 1251 1020 καὶ
1275 960 1368 1027 οῦς
1395 965 1496 1017 οὐκ
1524 964 1751 1032 ἤκουσε,

1871 973 1967 1027 tua:
2013 959 2177 1028 ipsius
2206 961 2408 1014 amicos
2437 975 2670 1029 manent,
2704 967 2878 1017 omnia
2919 980 3035 1033 quae
3077 968 3246 1021 oculis
3296 983 3414 1021 cer-

170 1061 278 1114 xa‘t
333 1061 428 1113 ἐπὶ
480 1060 709 1131 καρδίαν
767 1057 1053 1132 ἀνθρώπου
1103 1058 1201 1111 οὐκ
1253 1055 1421 1124 ἀνέϐη
1485 1053 1629 1123 (88)'
1682 1045 1755 1105 ὧν

1871 1058 2047 1101 ιυηιιιι·
2093 1048 2597 1117 imcomparabiliter
2640 1053 2963 1106 antecellunt
3007 1069 3022 1107 :
3062 1069 3183 1122 quas
3230 1057 3417 1111 oculus

172 1152 520 1223 κληρονόμος
549 1151 945 1221 ἀναδειχθείης,
971 1154 1038 1222 τῇ
1066 1150 1159 1204 τοῦ
1190 1148 1323 1202 Θεοῦ
1349 1147 1756 1219 φρουρούμενος

1871 1152 1956 1191 ton
2007 1140 2169 1207 vidit,
2221 1155 2319 1195 nec
2364 1142 2509 1195 auris
2555 1142 2788 1211 audivit,
2823 1157 2920 1197 uec
2966 1144 3021 1196 in
3050 1159 3143 1197 cor
3187 1145 3416 1201 hominis

175 1241 549 1313 κραταιοτάτη
576 1241 740 1310 χειρί.

1871 1230 2201 1285 iscenderunt
2231 1231 2287 1301 (ι
2332 1233 2450 1287 Cor.
2484 1232 2579 1303 tt)?
2606 1233 2841 1300 Quorum
2872 1235 3070 1288 utinam
3116 1235 3209 1289 tibi
3260 1237 3416 1291 robu-

1853 1319 2083 1373 sdssima
2124 1321 2216 1375 Dei
2265 1338 2422 1376 manu
2460 1324 2615 1411 septo
2659 1338 2722 1378 ac
2766 1326 2968 1379 munito
3003 1324 3266 1379 hmredcm
3300 1341 3420 1381 esse

1852 1409 2147 1480 contingat!
2477 1409 2515 1459 μέ

265 1505 421 1574 187
469 1504 527 1557 '0
557 1504 613 1556 δὲ
638 1503 733 1557 τοῦ
768 1503 1029 1575 βασιλέως
1055 1503 1195 1568 υίὸς,
1226 1503 1458 1574 δάκρυσι
1493 1517 1757 1571 συγκεχυ-

1926 1499 2086 1567 Regis
2117 1509 2291 1556 autem
2320 1503 2457 1558 filius
2502 1499 2752 1576 lacrymis
2786 1505 3026 1575 perfusus
3046 1549 3061 1575 ,
3103 1508 3417 1578 angebatur,

182 1595 351 1666 μένος
384 1595 517 1665 (89),
541 1596 729 1663 ἠνιᾶτο
753 1595 847 1646 καὶ
878 1594 1136 1665 ἤσχαλλε,
1166 1595 1521 1665 φιλοστόργου
1552 1592 1759 1662 Πατρός

1871 1604 1915 1643 Ic
1943 1604 2150 1643 summa
2180 1592 2418 1646 molestia
2450 1595 2812 1667 afficiebatur,
2846 1609 2899 1652 ut
2927 1601 3016 1669 qui
3062 1600 3128 1654 ab
3157 1603 3422 1655 amantis-

180 1687 284 1738 καὶ
314 1684 633 1737 διδασκάλου
667 1684 889 1753 ἀρίστου
928 1684 1323 1752 ἀπολειφθῆναι
1377 1683 1450 1753 μὴ
1498 1682 1760 1751 ἀνεχόμε-

1871 1687 1990 1740 sima
2021 1697 2167 1755 patre
2206 1702 2269 1742 ac
2299 1692 2734 1757 prmstautissimo
2778 1694 3031 1763 magistro
3066 1696 3289 1763 relinqui
3322 1697 3422 1748 mi-

179 1793 297 1838 νος.
332 1776 443 1828 Καὶ
481 1776 567 1838 τίς
598 1793 709 1846 μοι,
746 1775 930 1845 φησὶν,
965 1769 1010 1827 ὦ
1045 1775 1243 1843 Πάτερ,
1272 1774 1369 1842 τὴν
1406 1773 1503 1843 σὴν
1538 1772 1760 1843 πληρώ-

1871 1779 2003 1833 nime
2050 1780 2357 1835 sustineret.
2400 1782 2466 1835 Et
2505 1784 2745 1851 quisnam
2772 1829 2784 1850 ,
2835 1785 3134 1853 inquiebat,
3170 1803 3202 1839 ο
3245 1789 3421 1851 Pater,

182 1884 275 1921 σει
328 1868 516 1933 τάξιν;
574 1868 680 1920 ὑπὸ
720 1868 828 1920 τίνι
876 1867 933 1919 δὲ
988 1866 1098 1935 ἐγὼ
1149 1867 1372 1937 τοιούτῳ
1405 1865 1620 1935 ποιμένι
1673 1864 1764 1918 καὶ

1871 1875 1978 1922 tuas
2030 1876 2205 1937 partes
2244 1848 2643 1939 cxplebit?iaut
2680 1848 2835 1942 quem
2878 1848 3090 1930 tandem
3124 1848 3422 1946 huiusmodi

179 1959 369 2029 ὁδηγῷ
416 1958 650 2028 ψυχικῆς
698 1959 969 2027 σωτηρίας
1023 1960 1362 2027 γενήσομαι;
1421 1958 1475 2011 τί
1510 1957 1604 2010 τοῦ
1669 1958 1763 2011 σοῦ

1871 1968 2124 2024 pastorem
2150 1974 2211 2013 ae
2236 1960 2425 2016 ducem
2456 1966 2705 2032 consequi
2734 1967 2955 2031 potero?
2983 1974 3036 2019 et
3064 1980 3291 2034 quonam
3333 1980 3423 2020 so-

185 2046 546 2117 παραμύθιον
580 2047 879 2116 ποιήσομαι
924 2047 1123 2112 πόθου;
1155 2047 1263 2099 ἰδοὺ
1293 2048 1399 2117 γὰρ
1433 2047 1530 2116 ἐμὲ
1555 2047 1643 2099 τὸν
1669 2064 1766 2101 πο-

1871 2048 1987 2099 latio
2012 2046 2331 2102 desiderium
2362 2051 2433 2103 tui
2460 2051 2670 2105 leniho?
2693 2052 2834 2107 Ecce
2856 2056 2996 2109 enim
3021 2070 3106 2109 me
3128 2056 3422 2125 improbum

183 2154 255 2207 νη
268 2137 360 2207 ρὸν
392 2136 576 2190 δοῦλον
619 2138 714 2189 καὶ
760 2138 1072 2208 ἀποστάτην
1101 2139 1179 2209 τῷ
1223 2138 1341 2208 Θεῷ
1374 2140 1726 2209 προσήγαγες
1748 2180 1763 2204 ,

1871 2151 1924 2190 ac
1953 2139 2200 2192 rebellem
2230 2153 2444 2193 servum
2475 2141 2540 2194 ad
2570 2142 2733 2196 Deum
2758 2143 3048 2214 adduxisti,
3072 2153 3225 2213 atque
3246 2146 3299 2199 in
3331 2145 3425 2201 ﬁlii

1206 1386 1280 1420 κο

184 2229 289 2283 καὶ
315 2232 395 2292 εἰς
429 2228 548 2281 υίοῦ
581 2229 675 2281 καὶ
722 2228 1059 2299 κληρονόμου
1092 2231 1434 2299 κατέστησας
1467 2230 1640 2295 τάξιν,
1675 2230 1767 2283 καὶ

184 2320 286 2374 τὸν
334 2319 653 2373 ἀπολωλότα
709 2321 805 2373 καὶ
852 2322 1198 2392 όρειάλωτον,
1244 2322 1334 2375 τὸν
1384 2323 1553 2375 ’ποινῦ⁹
1595 2322 1767 2392 θηρίῳ

186 2411 411 2480 ἕτοιμον
443 2412 522 2474 είς
562 2411 749 2482 βορὰν,
779 2412 1073 2483 ἐζήτησας,
1103 2413 1196 2466 καὶ
1222 2416 1330 2477 τοῖς
1351 2414 1613 2468 ἀπλανέσι
1635 2431 1767 2467 κατ-

188 2501 388 2571 έμιξας
423 2502 561 2555 Θεοῦ
591 2503 881 2575 προϐάτοις
906 2520 919 2534 ·
968 2505 1062 2557 καὶ
1101 2505 1306 2571 geuge;
1344 2523 1434 2576 μοι
1465 2506 1560 2574 τὴν
1590 2505 1769 2560 ἐπίτο-

193 2610 300 2663 μον
348 2594 448 2664 τῆς
485 2594 745 2664 ἀληθείας
793 2595 943 2660 ὁδὸν,
981 2596 1264 2664 ἐξαγαγών
1316 2615 1382 2667 με
1416 2597 1509 2650 τοῦ
1548 2598 1768 2661 σκότους

190 2684 296 2736 καὶ
326 2685 421 2754 τῆς
454 2686 614 2747 σκιᾶς
673 2685 766 2738 τοῦ
794 2687 1027 2740 θανάτου
1048 2730 1062 2753 ,
1097 2688 1190 2740 καὶ
1218 2730 1233 2754 ,
1274 2690 1400 2750 τοὺς
1450 2689 1616 2752 πόδας
1666 2706 1767 2759 μου

192 2773 530 2843 μεταγαγὼν
566 2775 677 2845 (90)
713 2776 778 2828 ὲκ
804 2776 906 2846 τῆς
936 2776 1231 2848 ὀλισθηρᾶς
1259 2780 1353 2832 καὶ
1392 2779 1767 2849 θανατηφόρου

191 2865 295 2918 καὶ
329 2865 696 2936 σκολιωτάτης
726 2868 818 2920 καὶ
846 2868 1138 2940 καμπύλης
1160 2870 1407 2940 ἀτραποῦ
1438 2870 1572 2941 (91),
1605 2871 1770 2940 μεγά-

189 2957 306 3011 λων
332 2959 427 3011 καὶ
456 2958 775 3027 θαυμασίων
824 2977 914 3029 μοι
950 2962 1182 3029 γέγονας
1230 2961 1487 3031 πρόξενος
1527 2961 1767 3029 ἀγαθῶν,

194 3050 295 3102 καὶ
319 3046 395 3103 ῶν
427 3050 600 3113 οὐδεὶς
627 3050 942 3121 ἐξαρκέσειε
992 3052 1148 3120 λόγος
1180 3053 1239 3105 τὸ
1278 3053 1544 3123 ὑπερέχον
1577 3053 1768 3122 διηγή-

197 3142 424 3195 σασθαι.
476 3142 747 3209 Μεγάλων
785 3144 879 3196 καὶ
913 3143 1074 3207 αὐτὸς
1108 3144 1249 3215 ὑπὲρ
1279 3145 1412 3213 ἐμοῦ
1445 3144 1539 3197 τοῦ
1572 3145 1765 3215 μικροῦ

197 3235 494 3304 μετάσχοις
517 3233 611 3286 τοῦ
644 3233 780 3305 Θεοῦ
816 3235 1065 3304 δωρεῶν·
1100 3237 1195 3289 καὶ
1224 3237 1324 3304 τῆς
1364 3238 1503 3306 ἐμῆς
1550 3237 1769 3308 εὐχαρι-

1862 2237 1915 2281 et
1943 2228 2167 2283 hzeredis
2197 2230 2370 2285 classe
2395 2232 2665 2286 collocasti
2688 2277 2701 2301 ,
2733 2248 2793 2287 ac
2837 2249 2919 2288 me
2964 2235 3222 2303 perditum
3264 2246 3425 2306 atque

1863 2318 2106 2373 omnibus
2134 2320 2315 2375 be3tiis
2343 2321 2574 2389 praedam
2597 2324 2892 2392 expositum
2923 2326 3233 2392 exquisiiSti,
3363 2334 3419 2382 et

1865 2422 1990 2463 cum
2084 2410 2148 2464 iis
2172 2410 2266 2465 Dei
2293 2411 2478 2467 ovibus
2502 2428 2619 2481 quae
2659 2415 2873 2469 minime
2914 2419 3291 2469 aberraverant
3331 2431 3426 2470 co-

1824 2518 1843 2535 κ
1865 2503 2053 2571 putasti
2075 2503 2224 2573 (Luc.
2245 2505 2361 2574 xv),
2385 2515 2542 2573 atque
2560 2508 3002 2576 compendiariam
3021 2509 3260 2563 veritatis
3286 2509 3424 2563 viam

1864 2594 1994 2649 mihi
2033 2594 2402 2652 demonstrasti
2437 2595 2608 2665 (Paul.
2644 2596 2858 2667 ωιτν),
2892 2614 3078 2667 meque
3100 2599 3166 2653 de
3194 2600 3426 2654 tenebris

1865 2695 1917 2739 et
1942 2686 2126 2740 umbra
2154 2688 2339 2742 mortis
2384 2688 2610 2743 eduxisti
2634 2688 2806 2761 ([οιιεω
2847 2690 2911 2757 ι),
2942 2705 3003 2744 ac
3033 2690 3194 2759 pedes
3223 2705 3367 2745 meos
3398 2706 3428 2744 e

1865 2776 2065 2831 lubrica
2089 2788 2141 2833 et
2160 2780 2382 2834 exitiosa
2408 2795 2469 2834 ac
2492 2796 2736 2848 perversa
2761 2792 2811 2835 ct
2833 2797 2992 2836 curva
3018 2782 3098 2835 via
3130 2784 3427 2835 extraxist‘.

1866 2864 2051 2933 Magna
2080 2877 2132 2920 et
2163 2867 2468 2922 admiranda
2497 2870 2623 2923 mihi
2651 2886 2681 2923 a
2712 2880 2763 2924 te
2791 2871 2925 2925 bona
2952 2881 3066 2924 orta
3096 2878 3241 2934 sunt,
3268 2880 3426 2939 atque

1866 2958 2145 3026 ejusmodi,
2175 2970 2231 3013 ut
2259 2959 2575 3028 singularem
2617 2975 2799 3015 eorum
2830 2961 3240 3028 magnitudinem
3282 2961 3423 3015 nulla

1868 3049 2036 3102 oratio
2058 3052 2305 3119 consequi
2337 3051 2524 3119 possit.
2559 3052 2860 3120 Magnorum
2890 3053 3047 3121 igitur
3073 3054 3184 3122 ipse
3217 3067 3427 3123 quoque

1866 3154 1964 3210 pro
1984 3155 2069 3196 me
2093 3140 2285 3210 exiguo
2308 3142 2624 3196 homunculo
2647 3146 2808 3210 ipsius
2832 3143 3205 3198 beneficiorum
3230 3144 3428 3198 utinam

1869 3235 1943 3288 sis
1972 3235 2273 3302 particeps!
2307 3244 2464 3305 atque
2496 3235 2546 3288 id
2577 3236 2715 3304 quod
2748 3252 2878 3291 mea:
2909 3238 3192 3307 gratiarum
3238 3236 3431 3291 actioni

195 3323 356 3385 στίας
397 3324 682 3395 ὑστέρημα
714 3325 999 3396 πληρῶσαι
1037 3326 1244 3398 Κύριος
1267 3368 1282 3392 ,
1333 3329 1361 3381 ό
1394 3328 1555 3398 μόνος
1604 3307 1769 3382 νικῶν

1871 3324 2019 3379 deest
2045 3325 2255 3393 expleat
2284 3326 2559 3392 Dominus,
2589 3328 2680 3396 qui
2710 3328 2853 3382 solus
2876 3329 3267 3383 beneficiorum
3298 3329 3432 3383 rela-

193 3418 317 3478 sa't;
348 3416 458 3468 τῶν
491 3416 705 3486 δωρεῶν
734 3418 1034 3472 ἀντιδόσεσι
1073 3421 1197 3482 τοὺς
1225 3420 1386 3473 αὑτὸν
1418 3421 1768 3488 ἀγαπῶντας.

285 3507 343 3560 '0
382 3507 438 3559 δὲ
478 3506 765 3579 Βαρλαάμ,
798 3509 901 3578 τῆς
934 3511 1239 3581 θρηνῳδίας
1268 3512 1431 3565 αὑτὸν
1463 3513 1772 3579 ἐκκόπτων,

193 3599 438 3661 ἀναστάς
465 3601 543 3662 είς
573 3601 738 3670 εὐχὴν
762 3601 969 3665 ἵστατο,
1000 3602 1113 3665 καὶ,
1139 3602 1216 3655 τὼ
1238 3606 1384 3673 χεῖρε
1412 3607 1488 3668 εἰς
1509 3606 1773 3675 οὐρανοὺς

192 3691 387 3761 διάρας
407 3707 419 3721 ·
463 3692 520 3744 Ὀ
544 3692 695 3754 Θεὸς,
731 3692 905 3759 ἔλεγε,
933 3693 1028 3744 καὶ
1051 3694 1237 3765 Πατὴρ
1262 3696 1355 3748 τοῦ
1386 3697 1590 3767 Κυρίου
1618 3700 1773 3768 ἡμῶν

208 3779 390 3849 Ἰησοῦ
435 3781 708 3850 Χριστοῦ,
743 3782 770 3833 ό
819 3781 1060 3849 φωτίσας
1091 3783 1158 3835 τὰ
1207 3786 1336 3854 πρὶν
1388 3786 1769 3857 ὲσκοτισμένα,

202 3871 372 3939 188
402 3872 498 3923 καὶ
537 3870 633 3941 τὴν
662 3872 864 3940 ὁρατὴν
891 3870 1093 3942 ταύτην
1122 3875 1215 3926 καὶ
1244 3874 1473 3946 ἀόρατον
1504 3879 1680 3931 κτίσιν
1710 3881 1773 3933 ὲκ

194 3960 297 4013 τοῦ
356 3962 431 4031 μὴ
485 3961 637 4024 ὄντος
688 3961 1065 4033 παραγαγὼν,
1096 3964 1123 4015 ὁ
1176 3963 1237 4016 τὸ
1298 3964 1390 4019 σὸν
1444 3968 1773 4038 ἐπιστρέψας

200 4052 435 4120 πλάσμα
476 4052 589 4122 (92)
630 4052 724 4106 καὶ
766 4052 840 4124 μὴ
870 4053 1038 4117 ἐάσας
1079 4057 1224 4125 ἡμᾶς
1256 4056 1433 4110 ὀπίσω
1478 4060 1576 4127 τῆς
1607 4062 1775 4130 ἀφρο-

200 4141 373 4213 σύνης
403 4142 562 4212 ἡμῶν
594 4144 945 4213 πορεύεσθαι,
983 4146 1416 4216 εῦχαριστοῦμέν
1447 4165 1548 4212 σοι,
1578 4152 1670 4203 καὶ
1707 4155 1771 4223 τῇ

198 4236 271 4303 σῇ
301 4233 463 4304 σοφίᾳ
500 4235 594 4286 καὶ
626 4235 853 4304 δυνάμει
892 4236 969 4306 τῷ
1007 4238 1193 4308 Κυρίῳ
1236 4239 1390 4309 ἡμῶν
1429 4240 1604 4311 Ἰησοῦ
1638 4244 1775 4314 Χρι-

198 4324 336 4394 στῷ,
372 4324 442 4377 δι’
472 4319 534 4379 οῦ
563 4327 657 4378 καὶ
702 4329 830 4391 τοὺς
859 4329 1061 4392 αἰῶνας
1090 4332 1350 4401 ἐποίησας
1375 4371 1389 4394 ,
1423 4333 1685 4397 πεσόντας
1714 4353 1773 4388 τε

195 4419 350 4486 ἡμᾶς
378 4418 700 4488 ἀνέστησας.
730 4421 823 4472 καὶ
854 4421 1347 4492 πεπλημμεληκόσι
1368 4424 1466 4487 τὰς
1500 4426 1774 4496 ἁμαρτίας

1869 3416 2012 3469 tione
2035 3430 2127 3469 eos
2150 3416 2236 3483 qui
2269 3416 2428 3484 ipsius
2457 3430 2638 3471 amore
2669 3418 2878 3485 praediti
2908 3428 3031 3472 sunt
3068 3428 3297 3487 superat.

1940 3506 2178 3560 Barlaaui
2226 3515 2425 3572 autem,
2478 3507 2643 3575 ipsius
2685 3508 3088 3565 lamentationes
3132 3518 3429 3579 amputans,

1870 3597 2119 3661 surrexit,
2168 3606 2326 3666 atque
2371 3597 2435 3651 ad
2465 3598 2722 3652 orandum
2770 3614 2830 3653 se
2856 3602 3217 3669 comparavit,
3274 3600 3433 3652 maui-

1872 3686 2072 3753 busque
2101 3688 2149 3740 in
2176 3688 2367 3740 cmlum
2388 3687 2630 3755 sublatis,
2661 3687 2745 3742 hic
2765 3689 2943 3743 verbis
2996 3703 3118 3743 usus
3146 3697 3228 3742 est
3254 3730 3265 3742 .
3302 3690 3436 3742 Deus

1871 3784 1927 3830 et
1955 3775 2113 3830 Pater
2140 3775 2347 3829 Domini
2373 3777 2538 3829 nostii
2557 3777 2682 3830 Jesu
2706 3777 2927 3845 Christi,
2952 3780 3039 3846 qui
3068 3792 3129 3831 ea
3153 3791 3270 3846 qua:
3293 3776 3437 3844 prius

1874 3866 2106 3919 tenebris
2146 3865 2371 3919 obducta
2401 3873 2585 3928 erant,
2638 3865 2757 3918 luce
2784 3866 3095 3934 perfodisti,
3148 3876 3305 3934 atque
3350 3881 3437 3920 res

1872 3968 2056 4007 omnes
2084 3953 2323 4006 conditas
2345 3992 2360 4018 ,
2412 3962 2517 4005 tam
2549 3968 2665 4020 quae
2695 3963 2907 4019 aspectu
2940 3956 3236 4007 sentiuntur
3280 3968 3436 4022 quam

1873 4057 1990 4110 quae
2018 4041 2084 4095 ab
2107 4041 2381 4095 oculorum
2409 4056 2568 4096 sensu
2597 4051 2815 4096 remota:
2841 4051 2984 4105 sunt,
3011 4058 3078 4097 ex
3121 4042 3289 4095 nihilo
3320 4058 3439 4111 pro-

1876 4135 2092 4198 duxisti,
2114 4135 2203 4201 qui
2231 4136 2534 4203 figmentum
2559 4144 2704 4189 tuum
2727 4135 3056 4200 convertisti,
3077 4150 3172 4190 nec
3196 4150 3292 4188 nos
3322 4145 3441 4201 post

1877 4225 2232 4293 insipientiam
2283 4235 2518 4279 nostram
2559 4225 2707 4278 abire
2755 4226 3068 4289 permisisti,
3119 4226 3316 4292 gratias
3346 4225 3441 4278 tibi

1878 4319 2111 4387 agimus,
2157 4331 2221 4371 ae
2248 4324 2348 4368 ture
2380 4323 2628 4383 potentiae
2670 4323 2724 4369 et
2752 4316 3046 4383 sapientim,
3083 4315 3181 4367 hoc
3207 4324 3290 4367 est
3338 4314 3439 4367 Do-

1880 4412 2023 4465 mino
2048 4416 2231 4461 nostro
2255 4405 2378 4460 .lesu
2402 4404 2635 4470 Christo,
2667 4417 2764 4472 per
2788 4419 2943 4472 quem
2966 4404 3124 4458 etiam
3150 4404 3338 4456 saecula
3366 4403 3437 4457 fe-

195 4508 441 4577 ἀφῆκας,
462 4508 832 4580 πλανηθέντας
852 4511 1224 4580 ὲπανήγαγες,
1239 4494 1770 4583 αἰχμαλωτισθέντας

1880 4500 1999 4555 cisti
2026 4498 2180 4565 (lfeb.
2210 4496 2271 4565 ι),
2297 4511 2496 4565 uosque
2525 4498 2799 4564 pro'apsos
2828 4505 2880 4548 et
2902 4496 3139 4565 jaceutes
3168 4494 3436 4559 excitasti,

197 4598 492 4668 ἑλυτρώσω
515 4641 530 4664 ,
581 4600 912 4670 τεθνηκότας
964 4601 1336 4673 ἐζωοποίησας
1368 4604 1445 4674 τῷ
1477 4606 1645 4676 τιμίῳ
1676 4606 1770 4660 τοῦ

198 4689 334 4743 Υίοῦ
370 4707 463 4742 σου
517 4691 611 4743 καὶ
656 4691 972 4763 Δεσποτικῷ
1008 4694 1220 4764 αἵματι.
1259 4696 1324 4747 Σὲ
1358 4692 1450 4750 οὖν
1484 4698 1774 4751 ἐπικαλοῦ-

198 4798 323 4850 μαι,
362 4780 453 4833 καὶ
480 4780 571 4832 τὸν
600 4783 862 4853 μονογενῆ
889 4800 980 4836 σου
1008 4784 1155 4848 Υίὸν,
1184 4787 1277 4839 καὶ
1307 4787 1367 4839 τὸ
1394 4789 1657 4858 πανάγιόν
1680 4807 1771 4843 σου

200 4872 430 4942 Πνεῦμα
459 4889 473 4902 ο
509 4873 655 4927 ἔπιδε
696 4875 790 4927 ἐπὶ
818 4875 880 4928 τὸ
909 4877 1128 4945 λογικόν
1165 4895 1256 4931 σου
1291 4880 1558 4949 πρόϐατον
1589 4881 1768 4947 τοῦτο,

198 4964 262 5017 τὸ
299 4965 596 5036 προσελθὸν
628 4967 694 5021 δι’
746 4967 880 5038 ἐμοῦ
919 4968 1011 5022 τοῦ
1050 4969 1269 5036 ἀναξίου
1308 4972 1387 5034 είς
1416 4972 1608 5027 θυσίαν
1646 4990 1770 5040 σοι,

200 5060 295 5110 καὶ
350 5059 575 5127 ἁγίασον
624 5059 794 5114 αὑτοῦ
833 5060 931 5133 τὴν
968 5061 1146 5132 ψυχὴν
1178 5065 1243 5133 τῇ
1297 5066 1362 5133 σῇ
1416 5063 1644 5134 δυνάμει
1677 5066 1774 5117 καὶ

199 5150 418 5219 χάριτιο
450 5150 741 5220 ἐπίσκεψαι
779 5151 877 5221 τὴν
908 5153 1150 5223 ἄμπελον
1196 5154 1401 5226 ταύτην
1445 5155 1542 5226 τὴν
1574 5172 1772 5224 φυτευο

276 5327 387 5397 (88)
427 5317 587 5384 Cont.
617 5346 671 5398 ρ.
704 5329 793 5397 60,
821 5347 873 5384 n.
914 5331 1000 5388 ,ιτ

1884 4600 1937 4646 et
1964 4588 2392 4655 delinquentibus
2420 4594 2631 4654 peccata
2673 4584 2954 4649 remisisti,
2982 4599 3164 4637 errore
3193 4592 3444 4652 vagantes

1885 4678 2178 4742 reduxisti,
2227 4677 2463 4743 captivos
2491 4675 2781 4737 redemisti,
2815 4682 2985 4726 morte
3031 4673 3322 4726 exstinctos
3353 4689 3446 4741 per

1886 4766 2003 4821 Filii
2033 4769 2105 4819 tut
2150 4779 2212 4819 ac
2239 4763 2444 4817 Domini
2483 4762 2648 4815 nostri
2695 4761 2982 4829 pretiosum
3030 4760 3344 4827 sanguinem
3375 4760 3440 4812 ad

1865 4861 2033 4909 vitam
2066 4854 2368 4909 revocasti.
2403 4850 2480 4906 Te
2528 4852 2695 4921 igitur
2733 4851 2954 4915 invoco,
2998 4858 3162 4919 atque
3202 4849 3454 4919 unigeni-

1868 4958 1981 5003 tum
2004 4946 2205 5000 Filium
2233 4954 2410 5013 tuum,
2445 4953 2499 5000 et
2527 4944 2945 4999 sanctissimum
2982 4953 3134 4997 tuum
3156 4942 3447 5011 Spiritum.

1874 5036 2111 5109 ltespice
2151 5038 2207 5090 in
2257 5037 2473 5090 ratione
2507 5036 2788 5105 praeditam
2823 5034 2965 5089 hanc
3000 5048 3181 5096 ovem,
3206 5046 3327 5101 qua:
3357 5046 3452 5101 per

1872 5146 1959 5185 me
1992 5129 2274 5201 indignum
2298 5127 2573 5183 hominem
2605 5128 2672 5181 ad
2704 5129 2880 5181 altare
2909 5133 3062 5180 tuum
3089 5122 3324 5189 accedit,
3363 5132 3447 5178 at-

273 5399 385 5470 (89)
421 5400 549 5480 Pag.
580 5400 671 5465 24,
706 5402 757 5466 1,
804 5401 1039 5471 δάκρυσι
1095 5404 1528 5474 συγκεχυμένοις
1578 5408 1768 5475 scripsi

1871 5424 1890 5461 τ
1923 5408 2025 5474 BC,
2056 5424 2178 5464 cum
2231 5419 2373 5465 esset
2423 5410 2476 5464 in
2525 5408 2591 5473 Α,
2635 5410 2682 5463 δ.
2718 5407 3091 5480 συνεχόμενος.
3147 5406 3224 5467 lbi
3272 5412 3455 5470 malim

204 5484 302 5536 συγ
309 5486 439 5539 κεχυ
448 5473 630 5539 μένος.

410 5539 621 5625 14119911,
658 5540 725 5595 79
734 5558 772 5625 ,Ξ
819 5541 1111 5625 ’ῌπιφᾶναι
1144 5544 1257 5625 τοῖς
1289 5543 1557 5625 σκότει
1580 5545 2459 5625 καὶ-σκιᾷ-θανάτου*κμθημὲνοις,
2488 5548 2582 5601 τοῦ
2609 5548 2934 5604 κατευθῦναι
2962 5551 3083 5616 τοὺς
3112 5552 3276 5625 πόδας
3302 5553 3457 5625 ἡμῶν

107 5654 135 5666 ,,
203 5609 701 5686 slguo§hvneipﬁvn¢
726 5611 855 5686 _P_sal
910 5628 1152 5686 quin”,
1185 5612 1255 5666 6:
1307 5612 1395 5665 Ἐν
1429 5617 1721 5679 σκοτεινοῖς
1759 5609 1935 5669 καὶέν
1974 5618 2099 5686 σκιᾷ
2132 5609 2385 5671 θανάτου.
2420 5609 2454 5615 ﬂ
3063 5609 3078 5616 ⁷
3188 5618 3197 5637 “

274 5680 383 5745 (9i)
416 5678 693 5736 Glossema
725 5684 775 5737 iu
805 5682 870 5747 Α,
910 5681 1049 5734 ὁδοῦ.

276 5750 387 5818 (92)
422 5751 735 5830 Dracontius
769 5750 1163 5830 ΙΙθχιιειιιλςῦΟε)
1193 5769 1261 5830 :_c
1302 5750 1407 5830 llis
1428 5752 1685 5811 Dominus
1714 5756 1932 5826 pictatis
1979 5773 2133 5827 opem
2181 5758 2479 5816 subducere
2512 5776 2616 5816 non
2650 5761 2780 5825 vult,
2823 5761 3091 5829 l’rnjiccre
3129 5777 3224 5818 ncc
3254 5760 3455 5830 plasma

207 5830 363 5873 suum
392 5821 501 5875 vult
529 5823 774 5878 conditor
796 5823 914 5877 ιρι-ἰ.
960 5839 975 5870 ι
1004 5820 1085 5875 Cf.
1116 5838 1168 5893 ν.
1197 5821 1229 5876 3
1264 5831 1317 5877 et
1349 5822 1435 5877 51.
