3902 6358
188 354 320 416 ιιιῖῦ

177 558 343 611 μενος
371 539 653 609 διαγωγὴν
687 541 780 592 καὶ
811 540 988 608 λύπης
1038 542 1436 612 πληρούμενος,
1468 541 1759 613 μερίμναις

171 648 236 683 τε
263 631 465 692 δειναῖς
494 630 593 699 τὴν
620 629 799 701 ψυχὴν
832 629 1157 701 βαλλὸμενος
1179 672 1193 697 ,
1219 632 1320 685 οῦκ
1352 627 1499 701 εἶχεν
1525 632 1554 684 ὃ
1576 649 1626 684 τι
1662 632 1758 683 καὶ

171 720 398 791 δράσειε
421 736 435 750 ·
468 720 647 784 τέλος,
677 725 744 793 τῇ
778 722 905 795 ἀνίᾳ
944 723 1346 793 καταπονηθεὶς
1367 766 1380 788 ,
1417 725 1497 786 εἰς
1526 724 1617 775 τὸν
1644 724 1762 774 ἑαυ-

169 812 271 865 τοῦ
303 812 660 884 ἀπεδήμησεν
708 809 859 867 οἶκον
885 855 899 878 ,
933 816 1240 886 ἀρρωστεῖν
1271 810 1758 885 προσποιούμενος.

186 905 277 966 Ὠς
301 904 358 956 δὲ
389 906 470 968 είς
495 904 699 973 γνῶσιν
739 905 817 975 τῷ
860 905 1072 975 βασιλεῖ
1099 906 1259 959 τοῦτο
1290 904 1541 976 ἐληλύθει
1564 946 1577 968 ,
1602 905 1761 958 ἄλλον

176 998 283 1068 μὲν
319 998 434 1051 ἀντ’
484 997 651 1050 αὐτοῦ
692 999 813 1061 τῶν,
839 999 1183 1053 πιστοτάτων
1229 997 1638 1069 καθυπηρετεῖν
1683 997 1762 1067 τῷ

177 1088 285 1159 υἱῷ
332 1088 750 1153 ἐξαπέστειλεν·
785 1090 948 1153 αὐτὸς
976 1090 1032 1143 δὲ
1058 1134 1073 1154 ,
1110 1091 1209 1160 τῆς
1257 1089 1351 1142 τοῦ
1397 1089 1611 1161 Ζαρδὰν
1640 1089 1764 1141 sm-

177 1178 516 1249 μελούμενος
534 1178 747 1246 ὑγείας,
773 1180 959 1251 ίατρὸν
984 1179 1133 1249 αὐτῷ
1154 1180 1361 1250 πέμπει
1390 1178 1763 1250 δοκιμώτατον

175 1275 274 1326 καὶ
302 1272 582 1343 φροντίδος
606 1274 687 1325 ὅτι
721 1272 922 1342 πολλῆς
959 1272 1102 1336 ἀξιοῖ
1130 1272 1557 1343 θεραπευθῆναι.

259 1386 319 1439 ’0
352 1386 408 1439 δὲ
438 1387 644 1456 ἰατρὸς,
673 1385 792 1439 ἐπεὶ
833 1386 911 1456 τῷ
949 1386 1160 1457 βασιλεῖ
1180 1380 1338 1450 οὗτος
1365 1384 1764 1458 κεχαρισμένος

174 1473 269 1547 ἦν,
300 1479 576 1548 ἐπιμελῶς
618 1479 960 1548 ἐπεσκέψατο
986 1520 999 1541 ,
1029 1479 1122 1531 καὶ
1142 1519 1156 1541 ,
1184 1481 1383 1549 ἄριστα
1415 1479 1665 1547 διαγνοὺς
1696 1479 1764 1531 τὰ

177 1566 300 1619 κατ’
333 1567 519 1624 αὑτὸν.
544 1566 621 1637 τῷ
653 1565 865 1637 βασιλεῖ
895 1566 1088 1619 θᾶττον
1112 1566 1457 1634 ἀναγγέλλει,
1485 1566 1561 1629 ὠς
1599 1566 1761 1633 Ἐγὼ,

178 1660 350 1728 φησι,
385 1659 600 1723 ούδενδς
625 1660 933 1729 νοσήματος
967 1660 1138 1712 αἴτιον
1179 1660 1238 1711 ἐν
1263 1658 1342 1729 τῷ
1374 1658 1647 1729 ἀνθρώπῳ
1681 1659 1765 1711 εὖ·

179 1749 298 1819 ρείν
327 1747 657 1819 δεδύνημαι·
701 1748 854 1801 ἔνθεν
881 1766 961 1801 τοι
997 1749 1091 1801 καὶ
1134 1748 1521 1817 ὑπολαμϐάνω,
1555 1748 1763 1818 ἀθυμίᾳ

173 1842 285 1893 τινὶ
320 1841 420 1910 τὴν
458 1840 639 1910 ψυχὴν
671 1840 958 1912 βληθέντα,
1006 1840 1195 1893 τοῦτον
1230 1839 1653 1911 μαλακισθῆναι.
1702 1841 1761 1894 Ὀ

170 1930 234 1982 δὲ
267 1929 545 2000 βασιλεὺς,
570 1929 776 1982 τούτων
803 1929 1041 1992 ἀκούσας
1062 1928 1171 1982 τῶν
1204 1930 1491 2001 ῥημάτων,
1522 1928 1759 1982 ὑπέλαϐε

181 2022 399 2094 βαρέως
428 2021 577 2092 αὐτῷ
609 2022 699 2075 τὸν
731 2020 850 2073 υἱὸν
877 2020 1225 2090 διατεθῆναι,
1262 2020 1357 2073 καὶ
1384 2019 1575 2073 τούτου
1603 2021 1762 2092 χάριν

177 2111 493 2182 λυπηθέντα
519 2108 683 2163 αὐτὸν
717 2109 1092 2180 ὑποχωρῆσαι.
1127 2109 1337 2162 Μαθεῖν
1360 2109 1416 2161 δὲ
1448 2108 1509 2161 τὸ
1533 2112 1763 2180 πρᾶγμα

178 2202 490 2265 ἀκολούθως
526 2199 852 2272 βουλόμενος
879 2239 894 2264 ,
921 2200 1194 2271 δεδήλωκε
1223 2199 1300 2271 τῷ
1334 2199 1569 2270 Ζαρδάν,
1606 2201 1760 2271 191

178 2296 255 2359 ὡς
292 2294 492 2364 Αὔριον
544 2293 875 2363 ἐλεύσομαι,
916 2292 1051 2361 φησὶ⁸
1077 2331 1091 2355 ,
1126 2290 1408 2362 θεωρῆσαί
1441 2309 1498 2345 σε
1524 2331 1539 2358 ,
1573 2294 1670 2346 καὶ
1698 2294 1767 2345 τὰ

177 2386 281 2456 τῆς
309 2381 699 2455 ὲπισυμϐάσης
731 2399 812 2435 σοι
840 2380 1134 2449 διαγνῶναι
1158 2379 1493 2452 ἀρρωστίας.
1568 2410 1575 2413 -

260 2516 321 2569 '0
352 2514 565 2586 Ζαρδάν
595 2513 675 2577 δὲ,
712 2511 914 2582 ταύτης
945 2510 1186 2573 ἀκούσας
1214 2508 1312 2580 τῆς
1345 2508 1626 2578 ἀγγελίας,
1652 2507 1768 2578 ἅμα

188 2606 341 2680 σεραῖ
382 2604 844 2677 περιϐαλλόμενος
876 2602 1040 2655 αὑτοῦ
1086 2601 1147 2654 τὸ
1181 2601 1395 2670 ἱμάτιον
1420 2643 1434 2665 ,
1474 2600 1767 2669 πορεύεται

187 2704 329 2776 πρὸς
357 2701 448 2754 τὸν
476 2698 720 2770 βασιλέα.
757 2697 866 2750 Καὶ
895 2693 1151 2748 εἰσελθὼν
1179 2691 1587 2763 προσεκύνησεν
1619 2692 1768 2762 αὐτῷ

176 2796 275 2848 ἐπὶ
310 2794 406 2863 τῆς
440 2793 565 2862 γῆς.
610 2791 669 2842 Ὀ
699 2789 755 2841 δὲ
792 2787 1048 2858 βασιλεὺς
1077 2825 1093 2851 ,
1133 2784 1216 2847 Τί,
1251 2784 1405 2854 φησὶ,
1446 2782 1770 2854 παρεϐιάσω

179 2886 376 2939 ἑαυτὸν
419 2878 856 2952 παραγενέσθαι;
890 2876 1052 2940 αὐτὸς
1083 2875 1192 2946 γάρ
1231 2873 1422 2945 ἡθελον
1466 2872 1769 2942 ἐπισκέψα-

182 2975 317 3029 σθαί
354 2991 436 3038 σε,
464 2973 560 3026 καὶ
591 2974 726 3025 πᾶσι
750 2966 1136 3039 γνωρίσαιτὴν
1174 2966 1309 3036 πρὸς
1336 2965 1393 3017 σέ
1428 2982 1528 3035 μου
1561 2964 1765 3033 φιλίαν.

190 3070 256 3122 Ὀ
309 3067 364 3121 δὲ
412 3064 715 3135 ἀντέφησεν
741 3080 757 3095 θ
808 3062 871 3114 Ἥ
910 3060 1015 3131 ὲμὴ
1042 3102 1057 3124 ,
1089 3052 1341 3131 βασιλεῦ,
1390 3056 1643 3112 ἀσθένεια
1671 3058 1772 3109 οὐκ

1276 339 1446 399 VITA
1489 338 1850 397 BARLAAM
1892 339 1985 398 ET
2023 340 2373 401 JOASAPH.

250 439 316 504 ’0
361 448 417 501 δὲ
463 447 675 518 Ζαρδὰν
720 450 922 512 ἐκεῖνος
970 448 1065 519 τὴν
1095 449 1348 519 τοιαύτην
1392 448 1555 503 αὑτοῦ
1584 450 1765 502 αἰσυὸ-
1796 455 1835 507 Α

3296 347 3428 415 1058

1952 448 2155 501 Zardan
2183 454 2358 501 autem
2400 443 2507 507 ille,
2538 458 2653 496 cum
2681 443 2977 513 lmjusmodi
3008 446 3172 513 ipsius
3199 449 3316 503 vita:
3347 468 3431 505 ra-

1878 542 2075 594 tionem
2108 537 2471 599 intellexisset,
2500 550 2805 604 summaque
2832 538 2952 593 inde
2975 541 3221 594 mtmtitia
3254 545 3435 597 allice-

1880 639 2048 693 retur,
2079 628 2427 696 gravibusque
2456 626 2613 679 animi
2658 629 2799 680 curis
2828 640 3124 693 vexaretur,
3177 646 3273 685 nec
3307 634 3431 698 quid

1878 722 2072 773 laceret
2112 718 2348 781 haberet,
2397 716 2461 769 ad
2512 725 2808 770 extremum
2854 734 3082 775 mcerore
3127 736 3432 789 oppressus,

1875 810 2121 864 simulato
2144 808 2347 871 morbo,
2388 807 2436 859 in
2468 821 2589 859 snas
2616 811 2755 862 ardes
2780 811 3060 863 concessit.
3088 811 3236 877 Quod
3263 822 3318 867 ut
3343 829 3432 867 rex

1876 901 2154 970 comperit,
2197 900 2357 951 alium
2396 899 2673 966 quemdam
2715 914 2777 953 ex
2826 900 2928 965 his,
2976 916 3109 966 quos
3149 903 3432 957 lidissimos

1877 993 2126 1052 habebat,
2160 991 2321 1051 misit,
2351 988 2438 1055 qni
2466 988 2626 1056 ipsius
2660 990 2775 1043 loco
2812 990 2918 1043 lilio
2946 991 3283 1045 ministraret.
3316 993 3431 1061 Ipse

1871 1092 2050 1135 autem
2078 1079 2393 1134 valetudinis
2421 1078 2675 1132 Zardanis
2709 1093 2887 1131 curam
2918 1095 3127 1147 gerens,
3153 1084 3437 1137 ce'eberri-

1878 1188 2018 1228 mum
2046 1172 2111 1225 ad
2147 1186 2266 1225 eum
2307 1169 2569 1223 medicum
2607 1167 2787 1231 mittit,
2821 1183 3050 1237 eumque
3084 1179 3140 1223 ut
3174 1186 3431 1227 summam

1875 1263 1942 1317 ad
1974 1261 2135 1330 ipsius
2160 1261 2488 1314 curationem
2525 1256 2929 1313 sollicitudinem
2973 1261 3220 1318 adhibeat
3258 1278 3429 1334 rogat.

1885 1440 1894 1448 .
1941 1390 2172 1446 Medicus
2203 1389 2380 1458 igitur,
2408 1384 2654 1453 quoniam
2682 1397 2801 1436 eum
2834 1387 2941 1453 regi
2973 1397 3174 1455 gratum
3202 1397 3253 1440 et
3274 1403 3423 1444 acre-

1868 1485 2011 1543 ptum
2041 1493 2157 1531 esse
2189 1479 2555 1547 perspiciebat,
2586 1477 2769 1529 sedulo
2807 1489 2925 1527 eum
2957 1472 3237 1525 mvrsebat.
3259 1469 3421 1523 Cum—

1867 1581 1967 1634 que
1996 1566 2159 1634 ipsius
2188 1576 2381 1619 statum
2403 1575 2645 1620 accurate
2666 1562 3075 1624 considerasset,
3109 1575 3217 1629 rcgt
3240 1560 3422 1614 confe-

1868 1656 1988 1709 Slim
2037 1655 2327 1721 iudicavit,
2442 1673 2501 1711 se
2670 1654 2799 1708 nihil
2840 1653 2979 1722 quod
3037 1651 3277 1706 morbum
3324 1649 3423 1717 ipsi

1870 1754 2166 1800 accerseret
2186 1745 2238 1799 in
2260 1760 2325 1798 eo
2346 1745 2579 1812 reperire
2601 1745 2864 1812 potuisse;
2886 1756 2947 1795 ac
2977 1741 3195 1809 proinde
3218 1743 3289 1794 ita
3312 1742 3425 1794 exi-

1869 1836 2088 1891 stimare
2115 1851 2234 1890 eum
2263 1835 2441 1902 aliquo
2466 1835 2626 1888 animi
2656 1848 2885 1889 maerore
2935 1832 3178 1885 allectum
3205 1832 3258 1884 in
3283 1845 3426 1883 mor—

1874 1928 1995 1981 bum
2028 1927 2294 1981 incidisse.
2326 1927 2431 1979 Ilcx
2461 1934 2634 1977 autem
2668 1924 2750 1977 his
2771 1923 2945 1977 verbis
2971 1921 3185 1983 auditis,
3219 1920 3318 1972 hoc
3349 1933 3430 1971 ar-

1873 2017 2092 2071 bitratus
2132 2024 2216 2070 est
2260 2031 2379 2068 eum
2426 2030 2455 2067 a
2500 2015 2604 2067 lilio
2645 2015 2882 2080 asperius
2919 2019 3192 2080 acceptum
3242 2010 3430 2073 fuisse,

1880 2119 2036 2178 atque
2079 2108 2178 2161 hac
2227 2107 2293 2159 de
2345 2119 2503 2158 causa
2553 2112 2809 2168 concepto
2840 2114 3070 2154 interere
3124 2098 3431 2153 recessisse.

1874 2198 2132 2265 Quidnam
2185 2203 2359 2247 autem
2417 2191 2466 2245 id
2513 2198 2657 2245 esset
2700 2190 2947 2257 deinceps
2998 2187 3137 2241 seire
3181 2186 3431 2253 cupiens,

1876 2288 2100 2343 Zardani
2130 2301 2189 2341 se
2217 2300 2363 2350 eum,
2384 2293 2442 2338 ut
2463 2283 2633 2338 oborti
2663 2280 2832 2336 morbi
2859 2294 3071 2334 causam
3101 2278 3432 2347 intelligeret,

1878 2381 2110 2436 crastino
2130 2379 2215 2433 die
2236 2379 2523 2432 invisurum
2547 2374 2881 2444 signiﬁcavit.

1946 2501 2154 2557 Zardan
2181 2510 2357 2556 autem
2409 2500 2561 2569 hujus
2593 2497 2834 2567 promissi
2864 2499 3056 2553 certior
3093 2486 3281 2561 factus,
3322 2507 3431 2551 sta-

1878 2593 1969 2646 tim
2000 2600 2058 2645 ut
2080 2592 2286 2655 diluxit,
2318 2589 2637 2644 indumentis
2663 2589 2925 2658 acceptis,
2956 2588 3021 2642 ad
3061 2604 3234 2657 regem
3276 2588 3433 2657 proli-

1876 2683 2111 2747 ciscitur,
2141 2695 2368 2749 eumque
2416 2680 2572 2733 simul
2620 2689 2776 2749 atque
2829 2680 3096 2749 ingressus
3141 2687 3243 2745 est,
3292 2679 3435 2732 lmtni

1880 2780 2174 2839 prostratus
2212 2773 2469 2825 adoravit.
2514 2770 2621 2824 Rex
2670 2779 2841 2823 autem
2889 2787 2902 2823 :
2937 2770 3093 2835 Quid,
3126 2770 3313 2839 inquit,
3343 2769 3435 2822 tihi

1880 2864 1983 2915 vim
2011 2863 2252 2930 attulisti,
2279 2872 2336 2917 ut
2375 2862 2441 2915 ad
2489 2876 2573 2915 me
2601 2862 2920 2916 accederes?
2946 2861 3075 2916 Nam
3117 2862 3230 2931 ipse
3274 2863 3338 2915 ad
3388 2872 3439 2916 te

1883 2952 2164 3022 proﬁcisci,
2191 2968 2468 3020 meumque
2493 2967 2615 3021 erga
2648 2962 2699 3006 te
2724 2966 2956 3006 amorem
2986 2954 3228 3007 omnibus
3258 2954 3436 3006 decla-

1881 3058 1998 3096 rare
2025 3043 2075 3096 in
2100 3044 2277 3095 animo
2309 3043 2583 3096 habebam.
2617 3043 2709 3097 llle
2741 3052 2916 3097 autem
2958 3044 3226 3112 respondit
3255 3062 3268 3097 :
3297 3045 3436 3098 Mor-

180 3163 303 3217 ἔστι
339 3160 447 3213 τῶν
485 3124 733 3229 συνηθῶν
761 3154 1071 3227 ἀνθρώποις
1104 3150 1491 3223 ἀρῤωστειῶψ
1531 3149 1647 3202 ἀλλ’
1704 3152 1767 3203 ὲκ

1888 3136 1979 3189 bus
2010 3151 2178 3202 meus,
2210 3151 2242 3190 ο
2272 3152 2383 3202 rex,
2429 3151 2531 3189 non
2582 3151 2644 3191 ex
2674 3150 2857 3190 eorum
2888 3152 3109 3189 numero
3135 3148 3214 3190 est
3253 3136 3441 3204 quibus

181 3256 437 3326 λυπηρᾶς
484 3252 579 3306 καὶ
618 3249 963 3321 ὲμμερίμνου
1013 3246 1194 3317 ψυχῆς
1245 3247 1344 3314 τῆς
1395 3240 1621 3315 καρδίας
1650 3242 1771 3295 ὀδυ-

182 3354 478 3423 νωμένης,
514 3346 862 3417 συνωδυνήθη
907 3344 968 3398 τὸ
1002 3344 1183 3413 σῶμα.
1231 3338 1536 3411 ’Λφροσύνη
1579 3338 1634 3390 δέ
1682 3354 1771 3409 μοι

178 3443 252 3518 ἦν
286 3445 458 3508 οὕτως
486 3441 677 3513 ἔχοντά
706 3456 772 3511 με
817 3438 890 3509 μὴ
914 3436 1175 3499 δουλικῶς
1213 3435 1351 3505 πρὸς
1378 3433 1437 3485 τὸ
1466 3433 1557 3485 σὸν
1590 3448 1761 3502 παρα-

128 3584 131 3585 ν
180 3537 444 3609 γενέσθαι
487 3534 723 3605 κράτος,
768 3531 905 3585 ἀλλά
942 3530 1043 3599 τὴν
1080 3527 1180 3598 σὴν
1216 3523 1492 3595 βασιλείαν
1532 3520 1773 3595 προσμέ-

186 3649 304 3685 νειν
340 3630 445 3692 ἕως
482 3627 616 3699 ἐμοῦ
650 3624 743 3679 τοῦ
778 3622 990 3677 οἰκέτου
1023 3619 1311 3688 σκυλῆναι.
1359 3615 1466 3670 Τοῦ
1506 3614 1771 3686 βασιλέως

181 3722 285 3781 οὖν
330 3721 740 3791 πυνθανομένου
771 3714 854 3780 τίς
892 3718 925 3785 ἡ
970 3715 1069 3785 τῆς
1096 3711 1335 3781 ἀθυμίας
1370 3708 1538 3762 αὐτοῦ
1580 3708 1728 3760 αἰτία
1754 3746 1769 3771 ,

185 3813 480 3870 ὑπολαϐὼν
508 3813 537 3865 ὁ
566 3810 807 3881 Ζαρδάν,
848 3807 1040 3874 Μέγας
1065 3803 1187 3873 ἐμοὶ
1211 3801 1477 3864 κίνδυνος,
1506 3797 1612 3869 ἔφη
1633 3814 1645 3826 ·
1680 3798 1773 3850 καὶ

186 3906 448 3980 μεγάλων
491 3902 602 3971 ἐγὼ
648 3897 928 3972 τιμωριῶν
962 3892 1113 3962 ἄξιος
1138 3936 1151 3959 ,
1187 3892 1397 3946 πολλῶν
1427 3891 1483 3944 δὲ
1528 3889 1773 3943 θανάτων

185 4003 379 4068 ἔνοχος
408 3995 749 4063 καθέστηκα,
776 3993 859 4044 ὅτι
910 3987 1005 4042 σοῦ
1031 3990 1145 4049 τοῖς
1187 3984 1609 4056 προστάγμασιν
1640 3983 1774 4050 ἀμε-

185 4092 301 4154 λῶς
329 4086 599 4149 διατεθεὶς
652 4083 809 4145 ἀνίας
838 4098 920 4135 σοι
953 4076 1160 4147 πολλῆς
1189 4076 1313 4129 ὅσον
1339 4074 1552 4141 οὐδέπω
1577 4069 1774 4143 πρόξε-

187 4200 286 4245 νος
313 4182 534 4253 γέγονα.

266 4404 436 4467 Αὖθις
460 4403 515 4456 δὲ
546 4403 575 4455 ὁ
603 4400 852 4473 βασιλεὺς
875 4442 889 4466 ,
925 4398 1034 4452 Καὶ
1069 4396 1190 4450 τίνα
1232 4395 1295 4448 σὺ
1332 4391 1599 4463 ἀμέλειαν
1636 4384 1775 4457 ἠμέ-

1883 3228 2122 3283 homines
2164 3228 2404 3283 laborare
2432 3229 2634 3293 solent,
2667 3244 2851 3282 verum
2890 3243 2953 3282 ex
3002 3228 3163 3282 animi
3196 3229 3441 3283 Intestina

1881 3329 1933 3373 et
1962 3319 2229 3372 anxietate
2255 3317 2421 3372 corde
2460 3318 2510 3371 in
2543 3318 2778 3373 dolorem
2808 3318 3054 3387 prolapso
3080 3332 3270 3385 corpus
3313 3332 3445 3386 quo.

1883 3422 1985 3474 que
2021 3407 2310 3461 condoluit.
2336 3408 2596 3461 Amentizn
2627 3422 2784 3477 porro
2809 3407 2934 3461 mihi
2959 3408 3256 3462 ducendum
3282 3419 3442 3471 esset,

1883 3496 1928 3549 si
1961 3513 2078 3551 cum
2102 3497 2169 3550 ita
2203 3513 2286 3551 me
2317 3497 2587 3563 haberem,
2623 3512 2725 3552 non
2768 3506 2826 3552 ut
2854 3513 3065 3553 servum
3094 3498 3267 3562 decet,
3295 3499 3359 3551 ad
3394 3507 3445 3550 te

1882 3586 2225 3651 accederem;
2252 3602 2433 3640 verum
2457 3578 2513 3642 ut
2533 3587 2676 3658 regia
2701 3597 2784 3642 tua
2812 3588 3061 3657 majestas
3084 3588 3148 3641 ad
3171 3603 3255 3642 me
3280 3588 3447 3641 lamu-

1887 3680 1992 3732 lum
2018 3678 2232 3734 veniens
2254 3692 2369 3733 sese
2392 3680 2652 3750 fatigaret,
2680 3689 3065 3749 exspectarem.
3096 3680 3448 3734 Percontante

1886 3778 2059 3822 autem
2090 3783 2213 3839 rege
2242 3769 2489 3837 quidnam
2520 3784 2641 3822 cunt
2675 3770 2727 3823 in
2760 3768 2905 3822 hunc
2944 3782 3225 3824 mcerorem
3265 3768 3448 3836 conje-

1887 3858 2065 3924 cisset,
2100 3858 2430 3926 respondens
2457 3858 2664 3911 Zardan
2700 3875 2712 3911 :
2744 3858 3005 3927 Magnum,
3030 3859 3215 3927 inquit,
3246 3860 3449 3927 pericu-

1889 3953 1994 4005 lum
2027 3951 2157 4004 mihi
2205 3950 2491 4017 impendet,
2526 3950 2833 4020 magnisque
2863 3949 3133 4018 suppliciis
3172 3965 3231 4005 ac
3274 3950 3450 4004 multis

1890 4042 2075 4094 mortis
2104 4039 2385 4109 generibus
2409 4040 2622 4108 dignum
2654 4054 2738 4094 me
2763 4053 3011 4109 agnosco,
3044 4039 3291 4108 quoniam
3319 4056 3450 4109 prae~

1892 4133 2060 4203 ceptis
2086 4134 2187 4187 tuis
2216 4132 2541 4203 negligenter
2566 4132 2905 4203 obsequendo
2935 4132 3201 4202 ingentem
3233 4132 3321 4187 tibi
3342 4132 3451 4201 jam

1894 4227 2109 4298 jamque
2132 4238 2413 4280 mmrorcm
2445 4223 2717 4277 accersivi.

1961 4382 2189 4438 Rursum
2216 4387 2387 4434 autem
2414 4392 2479 4432 ex
2505 4390 2570 4431 co
2598 4378 2866 4444 (tumente
2905 4381 3028 4438 rege
3070 4379 3309 4432 quanam
3347 4364 3442 4419 hu-

188 4502 404 4573 ληκαςς
436 4456 630 4567 ἧρετά
684 4494 737 4546 τί
784 4494 842 4545 δὲ
869 4491 931 4545 τὸ
976 4488 1230 4560 περιέχον
1276 4504 1335 4539 σε
1364 4485 1524 4551 δέος;
1568 4481 1655 4535 Ἐν
1709 4482 1771 4551 τῇ

1888 4475 2117 4549 jusmodi
2158 4473 2470 4541 negligentia
2499 4476 2660 4531 esset,
2694 4465 2747 4517 in
2774 4475 2931 4531 quam
2962 4457 3254 4522 incidisset,
3282 4456 3445 4526 quod-
3518 4534 3519 4537 η

2119 4567 2131 4573 -
2205 4565 2215 4573 .
2364 4561 2414 4573 ..ι
2472 4559 2485 4573 ι
2534 4559 2543 4570 ο
2644 4568 2732 4573 me-
2784 4559 3021 4573 -.___-..-_
3054 4567 3065 4573 -
3109 4549 3162 4573 1..
3218 4547 3446 4573 ΑιιΑΟΛιιΙΞι

189 4593 328 4663 περὶ
359 4591 452 4643 τὸν
480 4588 666 4659 κύριόν
695 4604 798 4658 μου
822 4586 911 4639 τὸν
936 4584 1052 4636 υἱόν
1075 4600 1169 4635 σου
1208 4578 1465 4651 ἀκριϐείᾳ
1496 4574 1774 4646 ἠμέληκα,

189 4688 326 4755 ἑνρη.
378 4681 618 4752 Πονηρὸς
666 4679 772 4750 γὰρ
811 4667 1095 4749 άνθρωποξ
1129 4673 1223 4726 καὶ
1257 4672 1389 4740 γόης
1432 4666 1603 4722 ὲλθὼν
1637 4664 1777 4755 ὡμί-

188 4750 366 4845 λησεν
396 4750 543 4843 αὑτῶ
572 4771 637 4824 τὰ
670 4771 767 4841 τῆς
790 4766 1089 4839 θρησκείας
1111 4764 1221 4817 τῶν
1248 4758 1617 4833 Χριστιανῶν.
1648 4750 1782 4845 Εἶτα

189 4844 476 4936 διηγεῖται
504 4862 645 4915 κατά
678 4861 843 4931 μέρος
870 4858 949 4929 τῷ
974 4855 1185 4927 βασιλεῖ
1210 4852 1278 4907 τὰ
1297 4850 1601 4923 λαληθέντα
1632 4844 1787 4916 παρὰ

194 4958 299 5013 τοῦ
342 4956 601 5027 γέροντος
642 4953 778 5025 πρὸς
827 4951 917 5005 τὸν
968 4949 1082 5002 υἱὸν
1131 4945 1318 5008 αὑτοῦ,
1370 4944 1464 4996 καὶ
1504 4939 1620 5011 μεθ’
1655 4939 1787 5027 ὅσης

189 5025 397 5119 ἡδονῆς
416 5025 631 5106 -ὲκεῖνος
654 5042 744 5095 τὸν
770 5040 928 5109 λόγον
957 5036 1176 5102 ἐδέξατο
1199 5073 1213 5099 ,
1247 5031 1405 5102 192
1434 5029 1529 5083 καὶ
1556 5027 1631 5090 ὡς
1654 5025 1774 5119 δλος

192 5118 296 5192 τοῦ
336 5136 574 5208 Χριστοῦ
618 5133 834 5202 γεγόνει
874 5131 972 5202 (2).
1033 5127 1177 5195 Πρὸς
1224 5125 1279 5177 δὲ
1314 5124 1410 5177 καὶ
1456 5120 1553 5193 τὴν
1587 5118 1780 5186 κλῆσιν

194 5232 394 5303 ἐδήλου
442 5228 538 5282 τοῦ
586 5228 883 5297 γέροντος,
940 5218 1210 5294 Βαρλαάμ
1248 5216 1439 5271 τοῦτον
1498 5211 1784 5267 καλεῖσθαι

197 5302 396 5379 εἰπών.
439 5319 694 5390 Ἀκηκόει
726 5316 835 5388 γὰρ
886 5314 983 5369 καὶ
1034 5311 1301 5384 πρότερον
1343 5312 1371 5363 ὁ
1414 5306 1669 5379 βασιλεὺς
1716 5302 1786 5356 τὰ

198 5415 337 5487 περὶ
375 5411 473 5467 τοῦ
529 5409 795 5481 Βαρλαάμ
848 5405 944 5459 καὶ
994 5403 1093 5472 τῆς
1141 5399 1448 5470 ἀκροτάτης
1497 5394 1788 5487 ἀσκήσεως

202 5484 396 5561 αὑτοῦ.
412 5505 503 5569 Ὦς
530 5503 577 5556 δ’
601 5502 682 5565 είς
702 5498 874 5561 ἀκοὰς
899 5495 1071 5549 ταῦτα
1095 5490 1226 5565 ἦλθε
1249 5491 1327 5563 τῷ
1360 5488 1588 5560 βασιλεῖ,
1616 5484 1790 5552 κλόνῳ

204 5600 374 5663 εὐθὺς
403 5600 468 5653 ἐκ
499 5597 598 5667 τῆς
628 5589 1034 5664 περιπεσούσης
1067 5584 1216 5655 αὐτῷ
1241 5581 1478 5653 ἀθυμίας
1514 5576 1788 5650 βάλλεται,

1892 4547 1993 4640 que
2022 4565 2309 4636 periculum
2363 4559 2489 4614 illud
2534 4559 2584 4610 in
2635 4568 2738 4622 quo
2784 4559 3066 4605 versatur:
3109 4549 3164 4603 In
3216 4547 3447 4602 custodit

1892 4660 2090 4715 domini
2117 4657 2217 4711 mei
2250 4654 2339 4707 lilii
2369 4652 2466 4716 tui,
2499 4648 2686 4717 inquit,
2717 4644 3068 4713 negligentem
3114 4654 3198 4694 me
3220 4641 3448 4708 praebui.

1894 4748 2165 4822 Improbus
2195 4748 2334 4801 enim
2364 4741 2575 4812 quidam
2604 4752 2665 4791 ac
2689 4735 3042 4805 praastigiator
3070 4731 3358 4822 ingressus,

1894 4820 2206 4897 Christianze
2245 4832 2511 4903 religionis
2555 4827 2795 4882 doctrina
2833 4824 2898 4877 ad
2938 4836 3059 4877 eum
3107 4820 3265 4875 verba
3309 4820 3450 4873 fecit.

1897 4934 2189 4997 Posteaque
2218 4924 2347 4995 regi,
2372 4936 2504 4990 quos
2528 4919 2592 4974 ad
2615 4918 2780 4987 ipsius
2803 4915 2963 4968 lilium
2993 4926 3153 4967 senex
3182 4922 3453 4964 sermones

1899 5020 2167 5077 habuisset
2192 5015 2456 5088 sigillatim
2485 5009 2746 5078 exposuit,
2770 5014 3119 5077 qnantamque
3144 5001 3229 5055 ille
3248 5015 3312 5055 ex
3328 5000 3454 5067 ipsis

1900 5114 2221 5182 voluptatem
2251 5109 2498 5177 cepisset,
2526 5104 2773 5173 quodque
2800 5112 3011 5168 prorsus
3037 5094 3244 5149 Christo
3272 5106 3331 5147 se
3372 5090 3468 5153 ad-

1901 5206 2141 5262 dixisset.
2193 5201 2328 5269 Quin
2380 5199 2535 5255 etiam
2585 5197 2727 5249 senis
2783 5206 2972 5246 nomen
3019 5188 3116 5257 ipsi
3168 5186 3455 5252 iudicavit,

1908 5298 2141 5351 Barlaam
2185 5294 2353 5361 ipsum
2385 5282 2677 5353 nuncupari
2705 5281 2907 5335 dicens.
2941 5276 3072 5332 Nam
3104 5276 3261 5330 etiam
3307 5283 3459 5329 antea

1906 5402 1998 5442 rex
2046 5385 2112 5439 de
2139 5382 2401 5443 Barlaam,
2435 5392 2495 5430 ac
2522 5386 2725 5427 summa
2753 5368 3010 5437 religiosa:
3040 5367 3203 5431 ipsius
3232 5364 3351 5418 vita:
3379 5377 3463 5418 οδω-

1912 5478 2156 5545 peritate,
2202 5472 2363 5525 multa
2413 5464 2681 5521 auditione
2725 5466 3019 5527 acceperat,
3058 5457 3123 5512 Ut
3149 5464 3323 5510 autem
3352 5456 3466 5513 hmc

1912 5570 1974 5622 ad
2005 5567 2140 5636 regis
2169 5576 2323 5618 aures
2351 5562 2720 5631 pervenerunt,
2752 5561 2926 5606 tantus
2946 5552 2992 5605 ei
3028 5561 3222 5604 mceror
3248 5548 3472 5601 obortus

279 5805 358 5875 (εὶ)
389 5801 452 5871 C,
485 5800 751 5871 ἐγεγόνει.
782 5796 856 5851 De
897 5790 1169 5865 augmenti
1202 5785 1498 5845 omissione
1528 5780 1671 5875 infra
1702 5776 2006 5835 notabilur.
