3888 6344
267 356 395 419 1061

1346 346 1518 405 VITA
1557 345 1910 405 BARLAAM
1948 345 2043 402 ET
2081 343 2428 403 JOASAPH.

3377 369 3508 432 1062

257 457 426 532 194
453 455 644 510 Ἔνθεν
689 472 768 509 τοι
801 455 895 508 καὶ
935 455 1024 508 τὸν
1071 455 1338 529 Βαρλαᾶμ
1366 457 1594 528 ἔναγχος
1640 458 1826 528 μαθὼν

1948 461 2114 514 nixus.
2165 461 2420 528 Quocirca
2467 477 2584 518 cum
2627 464 2955 522 Barlaamum
3004 484 3173 538 nuper
3223 475 3507 531 recessisse

257 550 635 621 ὑποχωρῆσαι.
670 545 1036 618 χειρώσασθαι
1075 545 1327 602 ἔσπευδε.
1376 549 1570 618 Λόχοις
1612 547 1704 604 οὖν
1734 552 1828 603 καὶ

257 641 506 712 λοχαγοῖς
533 637 642 690 τῶν
667 635 917 700 διεξόδων
946 636 1044 700 τὰς
1083 635 1300 700 πλείους
1329 637 1622 706 διειληφὼς
1640 679 1652 699 ,
1701 638 1828 708 μίαν

253 727 315 786 δὲ
359 732 468 784 τῶν
509 729 666 792 ὁδῶν,
703 729 769 799 ἢν
821 729 1010 783 πασῶν
1063 729 1263 800 μᾶλλον
1311 729 1604 800 ὑφωρᾶτο,
1643 731 1828 792 αὐτὸς,

257 822 447 885 ἵπποις
479 820 678 883 ἐπιϐὰς
699 859 714 884 ,
760 819 863 872 ἀνά
892 819 1091 890 κράτος
1135 819 1321 873 ἐδίωκε
1342 859 1356 880 ,
1392 819 1830 890 προκαταλαϐεῖν

255 913 419 966 αὑτὸν
449 914 513 966 ἐκ
534 910 734 974 παντὸς
769 911 970 983 τρόπου
1014 911 1412 981 διανοούμενος.
1465 912 1554 965 Ἑν
1591 910 1742 974 ὅλαις
1774 910 1832 964 δὲ

255 1002 318 1067 ἒξ
349 1003 585 1074 ἡμέραις
613 1003 902 1065 κοπιάσας,
937 1003 1116 1072 μάτην
1144 1001 1639 1072 τεταλαιπωρήκει.
1673 997 1828 1065 Εἶτα,

259 1096 421 1158 αὐτὸς
455 1095 552 1164 μὲν
581 1094 638 1148 ἓν
677 1111 782 1149 τινι
821 1094 928 1148 τῶν
964 1094 1257 1165 βασιλικῶν
1302 1093 1576 1147 παλατίων
1624 1097 1681 1147 ὲν
1721 1096 1832 1157 τοῖς

258 1186 451 1257 ἀγροῖς
486 1185 816 1254 διακειμένῳ
859 1185 1230 1256 προσμείνας,
1270 1184 1362 1238 τὸν
1411 1185 1648 1256 Ἀραχὴν
1695 1185 1834 1255 μετά

261 1276 474 1330 ἱππέων
519 1277 624 1329 οὐκ
669 1275 865 1344 ὀλίγων
923 1277 1028 1341 ἕως
1084 1278 1254 1347 αὐτῆς
1303 1277 1404 1346 τῆς
1454 1279 1835 1350 Σενααρίτιδος

261 1367 471 1438 ἐρήμου
510 1367 603 1418 ἐπὶ
630 1365 859 1438 ζήτησιν
889 1368 1174 1421 ἀπέστειλε
1209 1369 1302 1422 τοῦ
1335 1369 1616 1441 Βαρλαάμ.
1655 1373 1835 1425 Κατα-

259 1456 442 1509 λαϐὼν
468 1457 527 1509 δὲ
553 1458 758 1520 ἐκεῖνος
784 1457 877 1511 τὸν
908 1458 1074 1512 τόπον
1091 1499 1104 1522 ,
1134 1460 1340 1523 πάντας
1370 1461 1495 1524 τοὺς
1523 1461 1834 1531 περιοίκους

259 1547 542 1619 διετάραξε
561 1564 575 1578 ·
610 1547 703 1601 καὶ
733 1547 900 1600 τῶνδε
931 1549 1004 1618 μὴ
1033 1551 1337 1619 ἑωρακέναι
1376 1552 1506 1605 ποτὲ
1536 1553 1627 1606 τὸν
1667 1553 1836 1625 ἄνδρα

172 1655 175 1658 '
263 1639 744 1711 βεδαιωσαμένων,
780 1643 870 1694 ἐπὶ
898 1643 995 1704 τὰς
1028 1643 1266 1712 ἐρήμους
1305 1645 1333 1696 6
1365 1643 1550 1715 ἄρχων
1583 1645 1708 1707 τοὺς
1741 1646 1833 1698 56-

264 1731 444 1795 σεσείς
483 1731 766 1802 θηρεύσων
789 1732 957 1803 ἐξῄει.
993 1733 1133 1786 Πολύ
1161 1751 1222 1786 τε
1254 1737 1352 1804 τῆς
1381 1736 1590 1805 ἐρήμου
1632 1735 1834 1790 διοδεύ-

1944 553 2308 616 cmnperisset,
2341 565 2461 604 eum
2505 552 2956 628 comprehendere
2993 556 3293 628 festinabat.
3328 558 3508 630 Itaque

1941 639 2196 694 militbus
2235 654 2296 694 ac
2341 641 2739 696 centurionibus
2795 642 2988 710 missis,
3041 646 3217 702 varies
3260 647 3505 704 itinerum

1942 732 2117 785 exitus
2143 734 2436 801 occupavit,
2470 748 2531 786 ea
2561 743 2734 788 autem
2765 736 2848 789 via
2873 752 3030 804 quam
3053 752 3120 792 ex
3147 739 3388 793 omnibus
3417 757 3506 794 su-
3591 767 3599 786 ι

1940 823 2252 887 spectiorem
2277 823 2670 891 habebat,ipse,
2694 827 3000 879 conscensis
3025 827 3194 896 equis,
3219 844 3336 882 cum
3360 833 3502 886 omni

1941 911 2213 965 celeritate
2242 914 2676 984 persequebatur,
2709 923 2868 983 atque
2897 919 3038 970 omni
3065 920 3267 974 ratione
3295 923 3503 991 assequi

1938 999 2222 1069 cogitabat.
2253 1001 2536 1072 Caeterum,
2567 1018 2686 1060 cum
2717 1019 2808 1058 sex
2841 1013 2976 1060 totos
2999 1007 3110 1062 dies
3149 1008 3290 1063 inani
3407 1013 3500 1067 la-

1943 1090 2076 1145 bore
2127 1103 2246 1146 sese
2277 1090 2561 1160 fatigasset,
2592 1093 2706 1162 ipse
2751 1095 2964 1162 quidem
2998 1096 3048 1149 in
3093 1097 3236 1166 regio
3275 1099 3501 1168 quodam

1939 1180 2154 1247 palatio,
2185 1181 2324 1248 quod
2355 1184 2461 1235 ruri
2493 1183 2649 1236 situm
2679 1192 2814 1250 erat,
2843 1195 3102 1240 remanet.
3133 1188 3376 1242 Arachen
3405 1205 3502 1245 au-

1939 1281 2043 1324 tem
2075 1286 2192 1326 cum
2222 1272 2482 1340 equitibus
2513 1272 2647 1326 haud
2678 1275 2859 1342 paucis
2887 1277 2950 1327 ad
2984 1277 3156 1342 ipsam‘
3175 1294 3342 1347 usque
3365 1281 3500 1336 Sen-

1939 1363 2250 1416 naaritidem
2291 1364 2630 1418 solitudinem
2671 1366 3014 1433 conquirendi
3050 1369 3306 1425 Barlaami
3345 1387 3500 1426 causa

1938 1453 2102 1507 misit.
2133 1455 2232 1520 Qui
2261 1469 2379 1508 cum
2410 1455 2476 1508 ad
2514 1469 2634 1510 eum
2667 1455 2840 1509 locum
2873 1459 3232 1525 pervenisset,
3264 1463 3499 1516 omnium

1937 1543 2230 1596 incolarum
2257 1545 2463 1599 animos
2492 1545 2850 1613 perturbavit;
2878 1557 3033 1616 atque
3061 1563 3182 1602 cum
3213 1551 3286 1605 illi
3327 1553 3495 1606 virum

1935 1647 2056 1685 eum
2101 1647 2128 1684 a
2158 1647 2215 1686 se
2244 1633 2412 1687 visum
2441 1648 2560 1689 esse
2605 1647 2906 1704 negassent,
2952 1637 3002 1692 in
3050 1640 3410 1706 Solitudinem,
3444 1651 3503 1695 ut

1940 1723 2050 1789 pios
2081 1723 2221 1775 viros
2254 1735 2554 1789 venaretur,
2582 1739 2699 1780 sese
2729 1727 2969 1781 contulit.
2999 1729 3236 1798 Cumque
3256 1733 3498 1785 solitudi‘

263 1839 363 1886 σας
394 1822 469 1890 (6)
504 1823 800 1893 διάστημα,
841 1823 942 1894 ὅρη
985 1841 1046 1876 τε
1078 1803 1499 1892 περικυκλὼσας-
1525 1828 1636 1880 ’καὶ
1681 1828 1834 1898 ἀτρι-

1945 1829 2056 1866 uem
2085 1813 2224 1868 illam
2269 1829 2459 1883 magna
2495 1829 2559 1869 ex
2609 1826 2753 1884 parte
2803 1829 3149 1886 peragrasset,
3184 1835 3247 1873 ac
3293 1831 3500 1875 montes

259 1914 379 1976 ὄεῖς
413 1915 703 1984 φάραγγας
733 1915 1004 1980 πεζεύσας
1038 1917 1132 1968 καὶ
1164 1916 1462 1980 δυσϐάτους
1485 1957 1500 1978 ,
1540 1918 1676 1988 μετά
1726 1918 1833 1971 τῶν

264 2006 364 2060 σὺν
411 2005 560 2075 αύτῷ
599 2005 772 2076 δχλων
807 2006 1120 2077 ἀκρώρειάν
1167 2025 1290 2060 τινα
1339 2008 1697 2074 καταλαϐὼν,
1740 2009 1835 2062 καὶ

264 2095 426 2166 195
463 2096 594 2160 στὰς
625 2098 710 2150 ἐπ’
739 2098 940 2168 αὐτῆς,
969 2099 1070 2170 όρᾷ
1113 2097 1252 2152 κατά
1293 2097 1390 2169 τὴν
1421 2098 1698 2169 ὑπώρειαν
1733 2101 1836 2168 φά-

263 2187 442 2254 λαγγα
476 2186 754 2258 ὲρημιτῶν
801 2187 1229 2258 περιπατοῦσαν.
1271 2189 1381 2242 Καὶ
1427 2189 1588 2253 εὐθὺς
1631 2191 1708 2261 τῷ
1742 2191 1836 2244 τοῦ

265 2275 526 2348 ᾶρχοντος
571 2278 954 2349 προστάγματι
1000 2280 1202 2343 πάντες
1252 2279 1338 2333 ἐπ’
1383 2281 1584 2345 αὐτοὺς
1624 2280 1837 2335 θέουσιν

265 2369 551 2433 ἀπνευστὶ,
600 2368 758 2433 ἄλλος
788 2370 944 2422 ἄλλον
973 2373 1085 2434 τοῖς
1117 2371 1338 2441 δρόμοις
1374 2371 1578 2440 φθάσαι
1604 2372 1838 2442 ειιιλονει⁴

267 2451 508 2523 κοῦντες·
545 2461 638 2513 καὶ
665 2459 993 2529 φθάσαντες,
1025 2463 1430 2535 περιεχύθησαν
1463 2464 1649 2527 αὐτοῖς
1681 2459 1840 2528 κύνες

233 2549 399 2604 -ὼσεὶ
429 2551 610 2605 πολλοὶ
641 2554 674 2623 ἢ
714 2552 877 2624 θηρία
911 2557 1126 2626 πονηρά
1167 2573 1289 2608 τινα
1325 2556 1422 2610 καὶ
1459 2557 1842 2628 μισοίνθρωπαζ

269 2642 382 2696 Καὶ
415 2643 678 2714 κρατοῦσι
699 2645 826 2709 τοὺς
855 2645 1055 2719 ἄνδρας
1085 2647 1161 2718 τῷ
1186 2665 1245 2701 τε
1273 2647 1404 2701 εῖδει
1436 2649 1531 2702 καὶ
1567 2651 1631 2719 τῇ
1673 2665 1840 2702 κατα-

272 2732 457 2786 στάσει
481 2751 537 2787 σε
545 2735 842 2805 μνοτάτους
859 2777 874 2800 ,
898 2738 995 2790 καὶ
1017 2737 1086 2790 τὰ
1109 2739 1173 2808 σή
1183 2755 1394 2809 μαντρα
1417 2739 1494 2810 (7)
1523 2739 1620 2809 τῆς
1643 2742 1840 2811 ὲρημι-

203 2855 224 2870 -
264 2827 375 2896 κῆς
403 2828 789 2893 καταστάσεως
810 2831 904 2882 ἐπὶ
930 2831 1038 2886 τῶν
1067 2831 1376 2904 προσώπων
1407 2834 1675 2904 φέροντας
1698 2851 1710 2865 ·
1747 2835 1841 2888 καὶ

267 2917 494 2984 τούτους
532 2920 786 2991 σύροντες
811 2921 891 2992 τῷ
915 2922 1137 2994 ἄρχοντι
1169 2925 1550 2995 παρέστησαν,
1584 2927 1645 2992 ού
1680 2926 1841 2998 θορυ-

270 3009 536 3080 6ηθέντας
573 3013 709 3078 ὅλως
731 3053 746 3079 ,
777 3014 878 3067 ούκ
909 3015 1134 3082 ἀγὶννές
1174 3034 1225 3069 τι
1261 3019 1356 3070 καὶ
1387 3018 1713 3088 σκυθρωπὸν
1754 3022 1842 3072 ὲν-

267 3101 620 3196 δειξαμένους
645 3105 689 3196 ἢῗ
710 3105 1141 3196 φθεγξαμένους.
1189 3109 1246 3162 '0
1282 3109 1340 3162 δὲ
1375 3111 1634 3180 προάγων
1661 3111 1842 3165 αὐτῶν
1871 3144 1909 3196 C

265 3195 366 3246 καὶ
396 3195 561 3247 οίονεὶ
599 3195 1010 3266 καθηγούμενος
1036 3197 1220 3268 πήραν
1255 3197 1518 3261 tomus
1551 3201 1801 3271 τριχίνην
1826 3241 1841 3265 ,

273 3287 480 3355 μεστὴν
541 3284 814 3355 λειψάνων
865 3287 1400 3359 προεκδημησάντων
1457 3290 1617 3345 τινῶν
1677 3294 1845 3361 ἁγίων

269 3376 417 3430 Πατέ
425 3393 553 3447 ρων.

349 3634 706 3703 Κατανοήσας
729 3635 782 3689 δὲ
817 3637 1015 3700 αὐτοὺς
1041 3640 1069 3691 6
1113 3639 1367 3712 Ἀραχὴς,
1398 3642 1473 3706 ὼς
1498 3643 1596 3696 οὐκ
1621 3640 1728 3698 εἶδε
1753 3644 1844 3698 τὸν

275 3723 544 3796 Βαρλαὰμ
568 3724 585 3796 (
611 3726 872 3790 ἐγίνωσκε
898 3729 1006 3800 γάρ
1034 3730 1196 3784 αὑτὸν
1217 3733 1257 3794 ),
1283 3733 1548 3804 συνεχύθη
1583 3736 1647 3805 τῇ
1676 3733 1844 3805 λύπῃ³
1891 3723 1896 3726 ’

273 3814 424 3883 λέγει
451 3815 505 3868 δὲ
538 3817 672 3885 πρὸς
701 3817 897 3882 αὐτούς
917 3837 931 3851 ο
961 3819 1071 3874 Ποῦ
1100 3820 1243 3874 ἐστιν
1277 3825 1306 3877 6
1335 3823 1587 3877 ἀπατεὼν
1617 3825 1844 3888 ἐκεῖνος,

271 3911 304 3959 6
331 3907 419 3958 τὸν
448 3907 560 3960 υίδν
587 3907 866 3978 πλανήσας
894 3909 988 3964 τοῦ
1029 3912 1327 3981 βασιλέωςς
1365 3915 1424 3968 '0
1450 3915 1506 3970 δὲ
1534 3917 1632 3988 τὴν
1666 3918 1848 3987 πήραν

233 4045 240 4052 .
278 3997 564 4067 βαστάζων
601 4000 968 4071 ἀπεκρίνατο·
1014 4004 1127 4056 Οὐκ
1169 4003 1316 4058 ἔστιν
1345 4007 1551 4068 ἐκεῖνος
1592 4008 1650 4061 ὲν
1681 4008 1847 4077 ἡμῖν·

279 4090 420 4159 μηδὲ
477 4090 716 4158 γένοιτοι
759 4093 950 4162 φεύγει
993 4095 1100 4166 γὰρ
1156 4098 1303 4167 ἡμᾶς
1349 4099 1416 4168 τῇ
1459 4095 1556 4148 τοῖ’,
1609 4099 1846 4169 Χριστοῦ

275 4180 602 4250 διωκόμενος
648 4183 850 4252 χάριτι.
896 4184 984 4236 Ἐν
1027 4186 1154 4255 ὑμῖν
1194 4185 1250 4238 δὲ
1290 4185 1391 4248 τάς
1432 4185 1675 4256 οἰκήσεις
1713 4187 1845 4258 ἔχει.

290 4270 350 4322 ’0
379 4271 563 4344 ἄρχων
597 4273 721 4344 ἔφη’
760 4274 799 4325 Γ
805 4273 1056 4339 ινώσκεις
1085 4271 1180 4329 οὖν
1230 4276 1425 4343 αύτόν;
1457 4277 1586 4341 Ναὶ,
1621 4281 1784 4348 φησιν
1822 4280 1850 4331 6

221 4401 224 4404 .
277 4362 570 4432 ἐρημίτης’
599 4358 720 4415 οἶδα
739 4363 830 4416 τὸν
858 4363 1148 4417 ἀπατεῶνα
1175 4363 1466 4435 λεγόμενον
1489 4367 1586 4435 (8),
1620 4367 1677 4430 6;
1703 4369 1850 4421 ἐστιν

1934 1905 2208 1967 cinxisset,
2223 1905 2488 1972 vallesque
2507 1906 2761 1974 quasdam
2784 1905 3000 1958 minime
3024 1907 3196 1973 tritas,
3211 1917 3267 1962 et
3285 1924 3500 1964 accessu

1937 1994 2196 2057 difficiles,
2228 2009 2345 2048 cum
2374 2010 2434 2047 ea
2467 1995 2736 2049 hominum
2763 2011 2918 2048 manu
2947 2012 3102 2064 quam
3133 2013 3315 2052 secum
3341 2001 3500 2056 habe-

1939 2085 2044 2149 bat,
2080 2084 2300 2153 pedibus
2328 2086 2666 2152 pervasisset,
2696 2085 2760 2138 ad
2786 2089 3040 2140 tumulum
3069 2092 3346 2156 quemdam
3379 2107 3500 2160 pru-

1939 2175 2129 2241 fectus,
2160 2175 2212 2228 in
2243 2176 2358 2242 ejus
2386 2173 2596 2242 fastigio
2621 2177 2962 2229 eremitarum
2997 2189 3219 2232 turmam
3249 2179 3497 2236 inambu-

1940 2268 2130 2324 lantem
2157 2267 2357 2329 cernit;
2390 2267 2634 2334 nullaque
2666 2265 2976 2332 interposita
3018 2281 3184 2332 mora,
3217 2283 3308 2322 eos
3333 2270 3396 2325 ad
3441 2287 3499 2325 se

1935 2357 2121 2412 adduci
2147 2356 2318 2424 jubet.
2357 2356 2549 2410 Milites
2596 2361 2772 2423 itaque
2820 2355 3100 2410 celerrimo
3129 2372 3306 2422 cursu,
3339 2369 3498 2428 autne

1934 2447 2025 2502 alii
2054 2447 2188 2502 alios
2215 2456 2544 2500 antevenere
2565 2445 2975 2507 contendentes,
3000 2447 3258 2501 tumulum
3294 2459 3496 2516 petunt.

1938 2535 2118 2603 quue
2146 2549 2265 2588 com
2307 2533 2689 2600 pervenissent,
2739 2531 3201 2588 circumdederunt
3244 2549 3336 2588 eos
3387 2545 3501 2590 tan-

1935 2639 2091 2693 quam
2119 2639 2274 2678 canes
2306 2623 2454 2678 multi
2485 2621 2654 2693 (Paul.
2687 2628 2818 2692 ut),
2851 2634 2940 2677 aut
2965 2633 3210 2692 tanquam
3237 2625 3499 2693 pestiferae

1937 2714 2174 2782 quadam
2203 2723 2260 2768 et
2306 2715 2561 2766 immanes
2591 2712 2820 2777 bellum;
2853 2723 3010 2780 atque
3041 2714 3184 2780 ipsos
3233 2722 3342 2767 tum
3388 2715 3499 2769 oris

1939 2798 2137 2860 specie.
2167 2803 2276 2849 tum
2309 2795 2487 2848 habitu
2519 2794 2866 2858 venerandos,
2899 2795 3252 2860 solitarimqne
3299 2793 3503 2848 exerci-

1945 2885 2159 2938 tationis
2207 2893 2357 2938 notas
2401 2885 2450 2938 in
2507 2885 2650 2939 vultu
2699 2883 2951 2950 ferentes,
3002 2883 3456 2954 Comprehenduut
3484 2926 3499 2950 ,

1943 2981 2285 3042 raptatosque
2313 2973 2502 3028 Arachi
2534 2975 2807 3038 exhibent,
2833 2975 2910 3028 sic
2938 2974 3115 3027 animo
3141 2980 3500 3040 comparatos,

1945 3074 1999 3118 ut
2029 3079 2126 3118 nec
2156 3065 2261 3118 ullo
2292 3065 2448 3119 modo
2495 3066 2945 3134 perturbarentur,
2979 3079 3075 3120 nec
3117 3065 3359 3134 ignavum
3409 3063 3502 3118 ali-

1941 3154 2067 3223 quid
2110 3169 2174 3210 ac
2214 3155 2363 3210 triste
2391 3155 2470 3208 vel
2501 3170 2608 3224 pra:
2637 3170 2692 3209 se
2735 3153 2952 3218 ferrent,
2999 3154 3079 3208 vel
3128 3154 3496 3221 loquerentur.

1941 3246 2038 3312 Qui
2069 3254 2242 3300 autem
2275 3245 2415 3314 ipsos
2447 3259 2633 3299 omnes
2661 3253 2904 3313 tanquam
2931 3243 3150 3300 antistes
3175 3240 3412 3310 przeibat,
3437 3254 3502 3293 ex

1941 3338 2112 3392 cilicio
2166 3347 2467 3391 contextam
2529 3350 2748 3403 peram,
2797 3333 3145 3402 quorumdam
3197 3340 3499 3383 sanctorum

1943 3429 2173 3488 Patrum,
2205 3429 2289 3497 qni
2318 3443 2380 3480 ex
2430 3427 2528 3480 hac
2557 3425 2658 3476 vita
2689 3425 3058 3489 discesserant,
3093 3419 3326 3491 reliquiis
3371 3430 3501 3471 con-

1941 3518 2125 3570 fertam
2157 3517 2416 3585 gestabat.

2025 3641 2342 3712 Conspectis
2369 3652 2543 3698 autem
2590 3641 2716 3712 ipsis
2765 3641 3038 3704 Araches,
3083 3648 3136 3692 ut
3188 3639 3516 3691 Barlaamttm

1955 3734 2170 3788 minime
2199 3734 2327 3787 vidit
2357 3735 2504 3802 (nam
2549 3749 2668 3787 eum
2701 3733 2875 3802 norat)
2907 3744 3134 3784 mmrore
3177 3730 3520 3782 conturbatus

1952 3831 2054 3885 est,
2086 3831 2242 3891 atque
2268 3823 2332 3876 ad
2361 3836 2456 3876 eos
2483 3822 2618 3874 dixit
2643 3837 2657 3874 :
2687 3821 2908 3875 Ubinam
2930 3827 3010 3872 est
3037 3819 3292 3884 impostor
3314 3815 3403 3869 ille
3427 3815 3520 3884 qui

1954 3917 2092 3982 regis
2115 3915 2274 3968 lilium
2305 3916 2357 3967 in
2384 3929 2622 3968 errorem
2657 3914 2904 3966 induxit?
2931 3911 2980 3966 Is
3007 3921 3184 3964 autem
3213 3911 3302 3978 qui
3335 3923 3512 3976 peram

1952 4004 2193 4070 geStabat
2219 4003 2490 4070 respondit
2525 4019 2540 4056 :
2571 4002 2682 4057 Non
2713 4011 2794 4054 est
2825 4001 2914 4055 ille
2943 4002 3081 4054 inter
3109 4015 3228 4066 nos,
3259 3999 3396 4052 absit
3427 3998 3518 4064 (εἰς

1956 4094 2190 4163 quidem,
2220 4094 2414 4149 Christi
2444 4095 2610 4164 gratia
2641 4095 2840 4160 pulsus,
2873 4107 2902 4145 a
2934 4092 3084 4146 nobis
3115 4090 3300 4159 fugit),
3333 4103 3518 4144 verum

1904 4226 1908 4230 .
1952 4186 2088 4254 apud
2122 4199 2215 4240 vos
2243 4185 2568 4240 domicilium
2599 4184 2777 4239 habet.
2810 4184 2938 4238 Eum
2983 4196 3130 4251 ergo,
3176 4181 3346 4255 inquit
3391 4179 3517 4243 dux,

1955 4275 2128 4330 tiosti?
2154 4275 2336 4341 Certe,
2367 4277 2533 4346 inquit
2559 4275 2811 4336 eremita,
2843 4290 2964 4330 eum
2991 4274 3078 4344 qui
3108 4273 3361 4341 impostor
3387 4271 3519 4325 dici-

1954 4375 2036 4420 tur
2065 4368 2206 4431 novi,
2232 4367 2331 4422 hoc
2357 4375 2438 4422 est
2467 4367 2757 4428 diabolum,
2790 4367 2876 4434 qui
2907 4366 2956 4418 in
2983 4365 3156 4418 medio
3183 4364 3341 4418 vestri
3370 4361 3516 4416 habi-

275 4457 307 4507 6
338 4453 602 4518 διάϐολος,
631 4454 660 4506 6
701 4455 866 4524 μέσον
897 4455 1052 4526 ὑμῶν
1089 4456 1361 4510 κατοικῶν
1398 4459 1491 4510 καὶ
1531 4461 1660 4527 παρ’
1699 4460 1841 4530 ύμῶε.

1953 4466 2047 4518 tat,
2079 4465 2236 4526 atque
2269 4473 2296 4508 a
2337 4458 2483 4511 vobis
2511 4459 2761 4512 adoratnr
2787 4467 2841 4510 et
2883 4457 3096 4510 colitur.
3130 4455 3224 4509 llic
3253 4455 3354 4510 dux
3398 4471 3411 4508 :
3442 4454 3518 4535 Do

275 4544 676 4616 λατρευόμενός
698 4563 757 4599 τε
781 4546 877 4600 καὶ
898 4547 1350 4619 θεραπευόμενος.
1381 4551 1446 4602 '0
1474 4550 1657 4622 ἅρχων
1680 4552 1848 4618 λέγει·

277 4637 418 4707 Περὶ
441 4636 537 4689 τοῦ
565 4637 831 4709 Βαρλαὰμ
856 4638 968 4708 ἐγὼ
992 4640 1087 4710 τὴν
1117 4639 1344 4712 ζήτησιν
1380 4641 1510 4712 ἔχω,
1538 4646 1631 4696 καὶ
1663 4645 1853 4698 τοῦτον

275 4729 500 4800 ἠρόμην
534 4747 595 4782 σε
629 4733 821 4800 μαθεῖν
853 4731 954 4784 ποῦ
997 4731 1160 4788 ἔστιν.
1210 4733 1370 4805 196
1420 4735 1477 4788 '0
1507 4735 1564 4788 δὲ
1599 4736 1850 4806 μοναχός·

279 4823 393 4876 Καὶ
421 4823 507 4876 ἵνα
537 4823 589 4876 τί
610 4864 624 4884 ,
656 4825 848 4894 φησιν,
883 4824 1225 4894 άλληνάλλως
1251 4827 1548 4896 ὲλάλησας,
1585 4830 1716 4897 περί
1756 4829 1852 4882 τοῦ

276 4915 663 4984 ἀπατήσαντος
692 4917 784 4968 τὸν
813 4916 927 4968 υἱὸν
956 4916 1049 4970 τοῦ
1068 4917 1330 4987 βασιλέως
1349 4918 1447 4986 τὴν
1473 4918 1662 4972 πεῦσιν
1685 4935 1852 4990 προσ-

275 5006 534 5075 αγαγὼν;
573 5011 621 5062 εί
656 5007 764 5079 γὰρ
793 5009 882 5062 τὸν
911 5009 1172 5080 Βαρ).αάμ
1217 5010 1449 5082 ἐζήτεις,
1478 5009 1586 5062 ἔδει
1633 5027 1692 5062 σε
1719 5011 1854 5064 πάν-

277 5116 390 5162 τως
421 5100 621 5152 εἰπεῖν·
656 5099 765 5153 Ποῦ
803 5100 950 5154 ἔστιν
987 5103 1015 5154 6
1053 5105 1114 5155 ὲκ
1145 5101 1245 5170 τῆς
1277 5102 1482 5172 πλάνης
1517 5101 1884 5172 ἐπιστρέψαςκ

279 5191 380 5245 καὶ
432 5189 612 5254 σώσας
665 5191 758 5245 τὸν
803 5191 896 5245 τοῦ
941 5192 1203 5263 βασιλέως
1244 5193 1390 5258 υἱόν;
1461 5192 1696 5254 Ἐκεῖνος
1743 5191 1852 5261 γὰρ

1955 4547 2192 4600 Βαιιοοιῐι
2224 4561 2322 4613 ego
2345 4561 2546 4614 quaero,
2578 4547 2750 4615 deque
2797 4561 2863 4600 eo
2911 4546 3259 4613 percontabar
3308 4545 3516 4600 ubinam

1952 4645 2116 4689 esset.
2147 4635 2434 4690 Monachus
2461 4643 2638 4688 autem
2675 4651 2688 4686 :
2718 4634 2824 4687 Cur
2853 4635 3037 4703 igitur,
3073 4633 3269 4698 inquit,
3308 4648 3516 4699 praero-

1951 4734 2091 4777 stere
2117 4723 2322 4777 loeutus
2349 4738 2407 4778 es
2430 4723 2498 4776 de
2525 4737 2590 4776 eo
2610 4723 2696 4791 qui
2727 4723 2867 4790 regis
2893 4722 2999 4774 lilio
3022 4721 3363 4788 imposturam
3392 4720 3518 4774 fecit

1955 4829 2038 4868 me
2083 4813 2449 4883 interrogans?
2477 4813 2608 4867 Nam
2639 4813 2682 4866 si
2716 4813 3046 4866 Barlaamum
3076 4808 3369 4879 quaarebas,
3402 4823 3516 4861 om-

1954 4903 2078 4956 nino
2107 4903 2176 4956 ita
2204 4903 2348 4972 loqui
2377 4902 2654 4971 oportebat
2684 4920 2697 4954 :
2730 4902 2951 4958 Ubinam
2997 4901 3086 4955 ille
3117 4907 3199 4953 est
3243 4897 3332 4968 qui
3377 4897 3518 4964 regis

1954 4993 2114 5046 lilium
2144 4994 2210 5047 ab
2236 5007 2419 5048 errore
2451 4993 2501 5048 in
2534 4993 2674 5047 viam
2713 4993 2940 5056 reduxit,
2974 5007 3034 5045 ac
3065 4990 3236 5045 salute
3262 4987 3519 5041 donavit?

1953 5082 2080 5136 Nam
2107 5083 2193 5137 ille
2225 5082 2388 5137 frater
2415 5093 2592 5138 noster
2622 5093 2721 5145 est,
2755 5097 2814 5136 ac
2842 5081 3101 5150 religiosa:
3122 5075 3518 5132 exercitationis

1953 5175 2145 5228 socius.
2175 5173 2322 5228 Multi
2357 5183 2532 5228 autem
2569 5173 2677 5242 jam
2714 5172 2828 5227 dies
2865 5178 3131 5224 suntcum
3162 5182 3280 5222 eum
3311 5183 3410 5219 non
3440 5165 3517 5218 vi-

360 5334 438 5408 (6)
473 5335 517 5408 A_
530 5334 662 5408 sine
683 5335 1082 5408 prmpositione,
1115 5317 1364 5408 ὁδεύσας.
1402 5334 1612 5408 l’sell_u_s
1639 5334 1841 5408 Deliae:

1945 5351 1973 5388 ι.
2006 5350 2126 5403 pag.
2151 5335 2264 5408 545
2300 5333 2571 5408 x}.6vov_o_6
2603 5334 2824 5408 μέτριον
2850 5335 3168 5408 ἐργάζεται.
3215 5336 3286 5390 lhi
3323 5337 3532 5408 plenius

284 5402 457 5459 codex
490 5405 655 5476 717510,
689 5402 1093 5474 ἀπεργάζεται.
1139 5407 1346 5462 Rursus
1378 5421 1500 5476 pag.
1529 5405 1596 5459 57
1630 5422 1642 5456 :
1690 5403 1794 5456 Τὸν
1838 5429 1841 5451 ι

1945 5402 2033 5457 ut:
2081 5402 2258 5472 νεκρῷ
2293 5402 2680 5475 παραπλήσιον
2715 5402 3057 5474 ἐργάζεται·
3111 5421 3296 5462 rursus
3324 5402 3529 5473 'codex,

281 5477 391 5529 ἀπε
402 5475 686 5544 ργάζεται.

357 5543 436 5615 (7t
471 5545 533 5615 (ί),
575 5543 880 5615 σήμανδρα.

363 5614 440 5686 (8)
465 5614 535 5686 β,
563 5612 875 5686 γενόμενον.
907 5613 1120 5669 illorum
1153 5615 1560 5686 participiorum
1587 5615 2039 5686 permutationem
2065 5615 2218 5686 attigi
2243 5614 2306 5668 ad
2333 5613 2592 5686 Nicet._p.
2770 5613 2947 5686 Lydus
2975 5615 3047 5669 De
3077 5627 3180 5673 ost.
3211 5635 3263 5686 ιι.
3296 5620 3331 5676 2
3357 5637 3373 5674 :
3417 5620 3530 5676 Ἱπ-

247 5725 252 5730 .
286 5683 426 5757 etab;
459 5683 514 5757 δε
540 5685 647 5757 ἆρα
676 5683 746 5756 ἦν
777 5685 836 5737 τὸ
867 5687 1155 5757 γενόμενον
1193 5685 1398 5757 σχῆμα.
1432 5684 1778 5755 (Ionjectura,
1811 5699 1841 5754 q

1956 5685 2048 5738 fuit
2079 5685 2146 5736 ibi
2173 5686 2441 5754 proposita
2465 5725 2478 5750 ,
2515 5683 2826 5753 λεγόμενονς
2854 5687 3163 5756 neutiquam
3194 5683 3314 5746 εἰςςο
3348 5707 3534 5747 neces-

287 5756 432 5809 saria
465 5755 698 5813 videtur.
