3902 6358
238 402 372 465 1065

1319 402 1495 469 νιτΑ
1533 396 1891 467 BARLAAM
1932 399 2022 460 ET
2060 397 2406 459 JOASAPH.

3330 404 3464 483 loco

226 516 519 580 κοπέντας,
553 518 706 587 μόλις
728 518 826 588 τῆς
856 520 1055 591 πολλῆς
1088 523 1395 591 ἀνενεγκών
1425 526 1644 595 μανίας,
1673 522 1809 576 παύ-

1928 538 2266 597 posteaquam
2294 526 2462 594 plagis
2488 534 2717 578 atrocem
2746 524 2795 577 in
2825 523 3040 577 modum
3068 518 3310 576 concisos
3332 518 3487 585 vidit,

224 608 427 665 σασθαι
465 608 597 670 τοὺς
628 609 931 675 τύπτοντας
966 613 1198 667 κελεύει.
1239 615 1348 666 Καί
1383 632 1516 685 φησι
1546 614 1683 686 πρὸς
1713 615 1810 667 αύ-

221 699 348 761 τούς
376 715 388 728 ·
421 698 485 749 Τί
527 698 593 751 τὰ
623 700 755 752 ὁστᾶ
781 700 949 753 ταῦτα
979 702 1087 754 τῶν
1119 703 1429 756 τεθνεώτων
1459 705 1805 775 περιφέρετε;

219 791 290 850 εί,
327 782 401 841 ὧν
443 788 511 840 τά
548 788 681 841 ὀστᾶ
730 790 837 842 εἱσι
882 791 1213 857 ποθοῦντες,
1264 793 1436 847 ταῦτα
1472 794 1805 864 βαστάζετε,

218 876 391 945 ταύτῃ
420 878 486 945 τῇ
531 875 650 947 ὥρᾳ
694 877 931 948 θήσομαι
968 881 1062 933 καὶ
1096 880 1243 949 ὑμᾶς
1280 882 1399 951 μετ’
1426 882 1641 947 αὐτῶν,
1676 882 1763 935 ἵνα
1789 921 1804 947 ,

216 970 329 1022 τῶν
367 968 721 1039 ποθουμένων
756 969 1013 1039 τυχόντες
1034 1011 1049 1036 ,
1083 972 1245 1040 χάριν
1284 988 1375 1042 μοι
1412 972 1805 1042 ὁμολογήσητε.

228 1058 289 1113 '0
318 1059 374 1112 δὲ
404 1061 502 1128 τῆς
536 1056 686 1122 θείας
730 1061 951 1131 ἐκείνης
980 1056 1257 1130 φάλαγγος
1286 1061 1514 1133 ἔξαρχος
1546 1062 1641 1117 καὶ
1670 1064 1807 1117 καθ-

214 1151 432 1221 ηγητὴς
493 1146 622 1220 παρ’
678 1149 830 1203 οὐδὲν
889 1150 988 1214 τὰς
1046 1151 1142 1204 τοῦ
1207 1150 1471 1221 βασιλέως
1526 1153 1807 1224 τιθέμενος

215 1239 473 1305 ἀπειλάς,
496 1236 571 1304 ὼς
592 1240 819 1311 μηδενὸς
834 1240 983 1309 αὐτῷ
1001 1239 1412 1311 συμϐεϐηκότος
1422 1242 1647 1313 ἀνιαροῦ
1668 1243 1803 1313 (15),

217 1331 483 1401 ἐλευθέρᾳ
514 1332 689 1400 φωνῇ,
731 1330 828 1383 καὶ
858 1329 1227 1401 λαμπροτάτῳ
1268 1332 1543 1403 προσώπῳ
1582 1334 1676 1386 καὶ
1707 1332 1807 1401 τὴν

218 1420 542 1475 ἐνοικοῦσαν
577 1424 642 1492 τῇ
672 1420 819 1492 ψυχῇ
847 1422 1168 1491 σημαίνοντι
1192 1424 1373 1494 χάριν,
1398 1422 1500 1493 ἔφη
1524 1440 1538 1454 ο
1573 1422 1653 1476 Τά
1673 1424 1809 1476 ὀστᾶ

213 1511 390 1563 ταῦτα
414 1509 483 1561 τὰ
513 1509 733 1579 καθαρά
768 1512 862 1563 καὶ
893 1510 1027 1577 ἅγια
1059 1512 1459 1581 περιφέρομεν,
1487 1504 1531 1564 ὦ
1562 1510 1804 1580 βασιλεῦ,

215 1598 311 1655 τὶν
362 1598 524 1653 πόθον
571 1616 630 1652 τε
670 1600 1059 1671 ἀφοσιούμενοι
1100 1596 1175 1655 ὧν
1207 1604 1314 1655 είσι
1350 1603 1668 1673 θαυμασίων
1710 1603 1807 1654 ἀν-

215 1689 383 1762 δρῶν,
423 1691 518 1744 καὶ
551 1692 649 1761 τῆς
679 1692 969 1761 ἀσκήσεως
998 1692 1180 1746 αὐτῶν
1211 1692 1304 1745 καὶ
1339 1691 1619 1760 θεοφιλοῦς
1649 1691 1803 1744 πολι-

212 1783 371 1845 τείας
423 1782 503 1844 si;
565 1783 785 1852 μνήμην
836 1778 1066 1845 ἑαυτοὺς
1112 1783 1341 1850 ἄγοντες
1389 1784 1484 1836 καὶ
1532 1782 1671 1852 πρὸς
1712 1783 1805 1835 τὸν

1924 620 2007 671 vix
2051 618 2261 670 tandem
2289 630 2352 667 ex
2399 613 2595 682 ingenti
2628 613 2804 667 furore
2829 625 3124 680 emergens,
3153 608 3489 665 carniﬁcibus

1927 707 2234 763 verberandi
2269 708 2424 759 linem
2454 707 2627 759 facere
2653 704 2951 771 imperavit,
2982 711 3140 772 atque
3159 704 3222 757 ad
3250 714 3342 753 eos
3369 700 3445 752 ait
3474 717 3488 752 :

1922 802 2161 868 Quanam
2209 799 2274 852 de
2301 813 2458 853 causa
2528 798 2644 852 haec
2717 803 3056 850 mortuorum
3128 808 3251 848 ossa
3321 801 3497 859 gesta-

1921 892 2022 946 tis?
2043 890 2098 945 Si
2126 905 2331 953 eorum,
2356 887 2420 942 ad
2444 901 2577 956 quos
2598 886 2867 954 pertinent
2895 882 3161 939 desiderio
3186 881 3297 935 hmo
3324 880 3494 951 fertis,

1922 984 2023 1037 hac
2054 986 2166 1049 ipsa
2196 982 2324 1033 hora
2354 994 2448 1032 vos
2476 979 2637 1033 etiam
2665 992 2787 1031 cum
2818 975 2922 1029 illis
2944 972 3254 1035 collocabo,
3288 980 3367 1034 ut,
3395 986 3494 1023 vo-

1921 1081 2097 1128 torum
2129 1078 2426 1125 vestrorum
2459 1078 2733 1137 compotes
2761 1065 2958 1128 eﬂ'ecti,
2984 1065 3208 1134 gratiam
3235 1061 3370 1115 mihi
3396 1062 3491 1114 ha-

1920 1160 2109 1216 beatis.
2143 1159 2343 1213 Divinte
2395 1167 2569 1211 autem
2602 1156 2741 1210 illius
2771 1154 3007 1209 cohortis
3047 1153 3151 1206 dux
3198 1161 3358 1220 atque
3402 1166 3496 1204 an-

1920 1251 2072 1305 tisles
2096 1249 2270 1319 regias
2306 1248 2476 1302 tninas
2525 1261 2622 1315 pro
2667 1243 2831 1299 nihilo
2858 1243 3059 1298 ducens
3089 1242 3308 1309 perinde
3356 1256 3419 1295 ac
3446 1241 3493 1294 si
3563 1285 3570 1292 .

1918 1342 2049 1397 nihil
2072 1341 2172 1409 ipsi
2195 1339 2404 1395 adversi
2432 1338 2759 1407 contigisset,
2784 1336 2947 1390 libera
2970 1348 3101 1389 voce
3122 1348 3185 1388 ac
3214 1333 3493 1402 splendido

1918 1426 2087 1495 vultu,
2130 1429 2459 1495 gratiamque
2500 1425 2553 1478 in
2584 1423 2748 1492 ipsius
2779 1422 2952 1476 anima
2984 1422 3300 1477 insidentem
3329 1422 3492 1490 signi-

1918 1515 2132 1578 ficante,
2174 1514 2243 1566 ad
2278 1513 2417 1567 hunc
2466 1513 2680 1567 modum
2732 1513 3052 1579 respondit:
3088 1512 3211 1565 Haec
3258 1527 3386 1579 pura
3436 1520 3493 1564 ct

1917 1616 2099 1662 sancta
2140 1619 2259 1659 ossa
2304 1604 2500 1658 idcirco
2527 1604 2976 1668 circumferitnne,
3010 1612 3068 1656 ut
3093 1604 3489 1657 admirabilium

1917 1702 2172 1761 virorum,
2224 1711 2445 1765 quorum
2496 1697 2608 1765 ipsa
2654 1706 2799 1761 sunt,
2846 1695 3168 1750 desiderium
3221 1706 3491 1764 utcunque

1919 1793 2204 1855 leniamus,
2232 1802 2520 1858 eorumque
2542 1788 2842 1858 religiosam
2865 1787 3323 1852 exercitationem,
3352 1787 3491 1840 Deo-

214 1874 408 1944 ὅμοιον
439 1873 797 1944 διεγείροντες
816 1873 997 1943 ζῆλον,
1024 1870 1123 1945 τὴν
1151 1874 1456 1928 ἀνάπαυσίν
1477 1891 1537 1927 τε
1558 1870 1806 1944 ἐνοπτρι-

1925 1899 2022 1956 que
2062 1883 2278 1938 cbaram
2305 1882 2464 1935 vitam
2497 1880 2649 1933 nobis
2690 1880 2743 1933 in
2792 1878 3109 1932 memoriam
3154 1892 3485 1941 revocemus,

216 1966 441 2036 ζόμενοι
486 1966 582 2019 καὶ
618 1966 830 2036 τρυφὴν
860 1967 915 2017 ὲν
1011 1964 1105 2018 νῦν
1141 1966 1387 2035 διάγουσι
1411 1981 1425 1996 ·
1458 1966 1552 2019 καὶ
1578 1964 1802 2028 τούτους

219 2056 327 2129 μὲν
357 2055 776 2126 μακαρίζοντες,
809 2054 1075 2127 ἀλλήλους
1107 2055 1164 2109 δὲ
1202 2056 1616 2127 παραθήγοντες
1639 2095 1654 2119 ,
1688 2059 1802 2117 τοῖς

216 2148 403 2203 αὐτῶν
429 2147 809 2213 ὲξακολουθεῖν
839 2146 950 2218 (id)
987 2148 1155 2218 ἴχνεσι
1192 2148 1515 2217 σπεύδομεν.
1549 2148 1691 2217 Πρὸς
1719 2146 1797 2210 δὲ,
1839 2146 1861 2219 ξ

217 2240 321 2294 καὶ
346 2240 445 2311 τὴν
472 2238 563 2292 τοῦ
594 2239 825 2292 θανάτου
853 2241 1067 2302 ἑαυτοῖς
1095 2238 1526 2310 περιποιούμεθα
1556 2239 1798 2308 μνήμην,

221 2331 372 2385 πάνυ
404 2330 676 2400 ὠφέλιμον
711 2327 877 2384 οὖσαν
915 2332 1009 2384 καὶ
1049 2330 1189 2402 πρὸς
1229 2332 1356 2393 τοὺς
1388 2330 1486 2399 τῆς
1516 2331 1802 2400 ἀσκήσεως

221 2421 447 2490 ἀγῶνας
467 2421 628 2491 199
640 2422 936 2493 προθύμως
958 2420 1392 2492 ὰναπτεροῦσαν,
1418 2421 1514 2474 καὶ
1533 2421 1802 2489 ἀγιασμὸν
1845 2488 1867 2498 ’⁸

221 2511 285 2568 δὲ
310 2517 375 2585 τῇ
403 2515 607 2568 τούτων
632 2513 913 2585 ἀρυόμεθα
942 2513 1301 2584 προσψαύσει.

303 2768 473 2836 Αὖθις
517 2772 573 2826 δὲ
599 2773 629 2825 ὃ
670 2770 943 2843 βασιλεὺς,
979 2772 1042 2825 Εἰ
1070 2768 1376 2844 ὠφέλιμος,
1409 2775 1572 2845 φησὶν
1595 2814 1610 2839 ,
1638 2776 1671 2845 ή
1712 2773 1806 2827 τοῦ

228 2860 468 2918 θανάτου
524 2864 746 2935 μνήμη,
794 2860 976 2926 καθώς
1023 2864 1277 2936 φατεητί
1319 2866 1395 2936 μὴ
1438 2867 1550 2929 τοῖς
1594 2864 1652 2918 ὲν
1697 2866 1809 2929 τοῖς

231 2956 485 3027 σώμασιν
516 2932 669 3024 ύμῶν
701 2932 911 3017 δστέοις
942 2953 1039 3025 τὴν
1068 2932 1258 3009 τούτῖυ
1294 2932 1641 3028 ύ-ποδέχοισθε
1676 2966 1812 3030 μνή-

235 3065 370 3120 μην,
398 3049 508 3111 τοῖς
528 3047 747 3111 οἰκείοις
773 3044 900 3118 ὑμῖν
921 3048 1012 3100 καὶ
1032 3048 1156 3101 ὅσον
1181 3044 1331 3102 οὔπω
1352 3049 1805 3121 φθαρησομένοις,

232 3137 383 3211 ἥπερ
408 3139 517 3210 (15)
537 3138 648 3203 τοῖς
677 3138 979 3208 ἀλλοτρίοις
1007 3137 1217 3202 τούτοις
1243 3139 1339 3193 καὶ
1359 3139 1807 3211 διεφθαρμένοις;

224 3252 231 3272 ι
305 3232 422 3284 Καὶ
446 3233 474 3284 ὁ
503 3229 760 3300 μοναχδς,
790 3229 958 3282 Πέντε
993 3225 1114 3299 μὲν,
1146 3231 1332 3298 φησὶν,
1365 3230 1500 3301 ἐμοῦ
1531 3230 1810 3301 εἰρηκότος
1837 3212 1879 3269 (ἶ

233 3322 417 3386 αἰτίας
442 3325 542 3391 τῆς
569 3316 676 3374 τῶν
713 3320 981 3389 λειψάνων
1017 3322 1319 3391 περιφορᾶς
1339 3318 1527 3391 ,πρὸς
1556 3322 1684 3390 μίαν
1715 3322 1813 3374 αύ-

231 3415 324 3477 τδς
354 3413 884 3481 ἀνταποκρινόμενος
903 3454 917 3479 ,
952 3412 1240 3483 χλευάζειν
1271 3414 1421 3485 ἡμᾶς
1449 3415 1660 3479 δοκεῖς·
1697 3413 1810 3467 ἀλλ’

234 3506 667 3577 ἐναργέστερον,
710 3497 768 3558 εὖ
806 3505 935 3568 ῐσθι,
976 3506 1045 3560 τὰ
1087 3504 1199 3559 τῶν
1240 3503 1812 3577 προτετελευτηκότων

232 3599 371 3653 ὀστᾶ
396 3598 494 3666 τὴν
529 3591 621 3649 τοῦ
660 3595 887 3650 θανάτου
926 3596 1234 3667 παριστῶσι
1276 3598 1517 3667 μνήμην,
1559 3598 1658 3668 ἦγε
1704 3595 1813 3648 τῶν

235 3686 476 3754 ζώντων.
522 3686 684 3748 Ἀλλ’,
717 3685 945 3757 ἐπείπερ
971 3684 1126 3741 ταῦθ’
1154 3687 1329 3750 οὕτως
1356 3682 1496 3739 εἶναι
1522 3686 1814 3755 γινώσκεις

233 3781 332 3832 καὶ
356 3777 426 3830 τὰ
453 3779 509 3829 ὲν
533 3778 597 3848 τῇ
628 3776 792 3848 σαρκί
829 3794 922 3829 σου
956 3772 1089 3829 ὀστά
1118 3775 1207 3829 τὸν
1236 3776 1463 3830 θάνατόν
1498 3794 1579 3829 σοι
1610 3775 1813 3829 ὑποτυ-

236 3869 423 3933 ποῦσι,
454 3868 506 3920 τί
538 3868 612 3938 μὴ
651 3867 745 3919 καὶ
770 3865 952 3931 αὐτὸς,
992 3867 1090 3935 τῆς
1119 3866 1243 3919 ὅσον
1270 3866 1423 3919 οῦπω
1454 3866 1815 3937 ἐλευσομένης

238 3954 595 4028 μνημονεύων
626 3954 903 4023 τελευτῆς,
932 3950 989 4008 εὖ
1017 3954 1083 4007 τά
1121 3951 1350 4008 σεαυτοῦ
1381 3954 1646 4025 διατίθης,
1678 3954 1816 4008 ἀλλὰ

235 4048 444 4112 πάσαις
479 4048 577 4118 μὲν
614 4047 711 4117 τήν
739 4046 920 4116 ψυχήν
954 4063 1049 4099 σου
1085 4046 1389 4118 ἐκδέδωκας
1422 4047 1810 4115 παρανομίαις,

238 4138 431 4210 βιαίως
460 4139 518 4191 δὲ
546 4140 641 4191 καὶ
669 4136 912 4206 ἀνηλεῶς
947 4139 1192 4208 ἀναιρεῖς
1227 4137 1354 4199 τοὺς
1384 4135 1687 4205 λατρευτάς
1716 4136 1810 4189 τοῦ

235 4229 373 4283 Θεοῦ
404 4231 499 4282 καὶ
528 4229 626 4297 τῆς
653 4228 933 4290 εὐσεϐείας
960 4226 1216 4297 ὲραστάς,
1247 4228 1373 4289 τοὺς
1402 4225 1569 4297 μηδέν
1596 4242 1679 4278 σοι
1701 4226 1813 4297 (16)

234 4321 599 4392 ἠδικηκότας,
641 4318 777 4389 μηδέ
816 4335 899 4371 σοι
926 4317 1036 4371 τῶν
1070 4318 1355 4388 παρόντων
1395 4334 1449 4370 τι
1480 4316 1815 4389 συμμεριζο-

240 4414 437 4485 μένους
469 4413 501 4483 ἢ
536 4410 833 4481 ἀφελέσθαι
863 4408 1332 4482 φιλονεικοῦντας;

320 4589 382 4641 '0
413 4588 469 4641 δὲ
500 4586 754 4658 βασιλεὺς
786 4586 924 4657 ἔφη*
958 4585 1099 4649 Τοὺς
1122 4585 1329 4647 δεινοὺς
1364 4582 1509 4654 ὑμᾶς
1551 4582 1647 4636 καὶ
1686 4582 1812 4635 λαο-

234 4680 475 4743 πλάνους
503 4676 728 4741 εἰκότως
753 4676 988 4742 κολάζω,
1030 4676 1115 4731 δἐι
1154 4677 1363 4740 πάντας
1390 4676 1633 4729 ἀπατᾶτε
1653 4715 1667 4741 ,
1708 4674 1815 4727 άπ-

234 4773 460 4846 έχεσθαι
497 4772 607 4826 τῶν
647 4772 897 4844 τερπνῶν
928 4769 1023 4824 τοῦ
1063 4770 1194 4845 ⁶βίου
1243 4768 1643 4839 ὑποτιθέμενοι,
1697 4765 1815 4833 καὶ,

234 4866 357 4919 ἀντὶ
379 4865 480 4933 τῆς
502 4863 761 4932 γλυκείας
789 4861 937 4934 ζωῆς
958 4861 1054 4915 καὶ¹
1081 4862 1181 4931 τῆς
1212 4860 1599 4930 ποθεινοτάτης
1620 4857 1815 4913 ἐπιθυ-

1856 2030 1859 2033 γ
1918 1988 2074 2047 atque
2100 1976 2163 2031 ad
2194 1976 2431 2045 ejusdem
2460 1975 2584 2028 vita:
2610 1974 2842 2029 studium
2874 1988 2970 2027 nos
2994 1973 3139 2041 ipsos
3164 1956 3515 2035 excitemusf

1918 2082 1981 2123 ac
2004 2067 2244 2137 requiem
2270 2080 2386 2119 eam
2426 2072 2481 2119 et
2509 2064 2724 2118 delicias
2750 2078 2842 2116 eas
2867 2063 2919 2115 in
2964 2063 3153 2130 quibus
3182 2076 3323 2115 nunc
3369 2076 3491 2115 ver-

1917 2164 2101 2213 santur
2130 2157 2199 2209 ob
2237 2154 2419 2209 oculos
2465 2153 2620 2207 nobis
2658 2160 3036 2221 proponentes,
3082 2151 3227 2219 ipsos
3275 2151 3488 2217 quidem

1921 2249 2106 2305 boatos
2136 2245 2503 2315 praedicamus,
2552 2258 2648 2297 nos
2676 2252 2848 2298 autem
2880 2242 2945 2296 ad
2986 2242 3254 2307 sequenda
3299 2256 3487 2295 eorum

1919 2338 2141 2408 vestigia
2172 2352 2269 2392 nos
2294 2338 2438 2405 ipsos
2465 2344 2649 2390 mutuo
2673 2336 2931 2391 acuimus.
2954 2334 3090 2401 Quin
3112 2334 3272 2387 etiam
3302 2335 3490 2386 mortis

1922 2427 2259 2493 memoriam,
2286 2441 2405 2495 quae
2426 2440 2762 2495 permagnam
2793 2425 3078 2479 utilitatem
3116 2422 3302 2489 aﬂert,
3329 2433 3489 2491 atque

1922 2520 1990 2576 ad
2015 2520 2279 2590 religiosa;
2307 2521 2428 2574 vitae
2457 2520 2748 2574 certamina
2775 2525 3051 2586 promptos
3092 2530 3191 2569 nos
3231 2530 3294 2568 ac
3339 2514 3491 2568 velut

1918 2618 2181 2683 penuatos
2207 2610 2399 2675 reddit,
2432 2610 2584 2663 nobis
2614 2608 2735 2663 hinc
2760 2620 3151 2679 comparamus,
3179 2620 3244 2659 ac
3272 2614 3491 2674 praeter-

1918 2710 1980 2752 ea
2009 2710 2076 2750 ex
2100 2709 2285 2751 eorum
2313 2702 2559 2751 contactu
2581 2693 2915 2748 sanctitatem
2946 2691 3242 2746 haurimus.

1996 2788 2224 2842 Rursum
2255 2786 2412 2855 igitur
2438 2799 2571 2840 rex:
2615 2783 2696 2853 Si,
2740 2782 2929 2851 inquit,
2977 2782 3163 2836 mortis
3191 2780 3488 2835 recordatio

1921 2887 2102 2935 vestra
2129 2875 2393 2934 sententia
2419 2875 2698 2930 utilitatem
2730 2873 2889 2943 parit,
2916 2870 3162 2941 quidnam
3191 2883 3368 2923 causa),
3406 2878 3490 2923 est

1920 2984 2017 3027 cur
2049 2984 2155 3025 non
2185 2970 2238 3024 in
2260 2983 2539 3035 corporum
2566 2966 2739 3036 potius
2780 2972 3076 3019 vestrorum
3110 2962 3341 3027 ossibus,
3370 2975 3490 3028 qum

1920 3070 2098 3117 vestra
2129 3067 2272 3126 sunt,
2322 3073 2385 3112 ac
2426 3056 2730 3127 propediem
2780 3054 3088 3121 interibunt,
3118 3068 3274 3122 quam
3321 3052 3374 3106 in
3405 3051 3489 3106 his

1922 3149 2113 3207 alienis
2140 3159 2299 3218 atque
2325 3148 2587 3218 corruptis
2614 3149 2749 3201 hanc
2775 3145 3086 3200 memoriam
3112 3143 3418 3212 usurpatis?

1992 3237 2286 3309 Respondit
2313 3237 2606 3291 monachus
2636 3252 2653 3289 :
2696 3234 2829 3290 Cum
2860 3235 3089 3303 quinque
3116 3248 3306 3289 causas
3347 3242 3489 3287 attu-

1922 3329 2077 3386 lerim
2124 3327 2467 3396 quamobrem
2514 3325 2767 3395 reliquias
2812 3326 3267 3390 circumferamus,
3318 3334 3371 3380 tu
3418 3327 3487 3379 ad

1920 3435 2082 3477 uuam
2137 3418 2394 3473 duntaxat
2444 3416 2795 3485 respondens,
2841 3416 3047 3470 cavillis
3089 3417 3143 3469 in
3170 3429 3268 3469 nos
3296 3416 3485 3469 uteris.

1922 3511 2119 3566 Verum
2143 3507 2463 3577 expressius,
2491 3506 2617 3561 mihi
2639 3506 2818 3572 crede,
2842 3520 3029 3561 eorum
3052 3506 3138 3573 qui
3162 3505 3270 3573 jam
3301 3505 3487 3557 deces-

1920 3607 2106 3658 serunt
2132 3614 2251 3654 ossa
2280 3600 2468 3653 mortis
2516 3599 2826 3653 memoriam
2879 3606 3283 3664 repraesentant,
3331 3611 3489 3663 quam

1921 3708 2105 3750 eorum
2145 3691 2233 3762 qui
2306 3690 2462 3758 hujus
2513 3690 2637 3744 vitae
2692 3703 2849 3743 usura
2908 3686 3171 3741 fruuntur.
3225 3685 3489 3739 Czeterum

1920 3781 2172 3852 quoniam
2203 3788 2258 3834 tu
2287 3779 2355 3834 de
2386 3779 2466 3832 his
2508 3779 2580 3832 ita
2605 3780 2813 3841 statuis,
2854 3787 3009 3846 atque
3039 3790 3158 3831 ossa
3196 3790 3256 3829 ea
3288 3791 3403 3843 quae
3435 3776 3486 3829 in

1921 3886 2083 3927 carne
2112 3880 2199 3925 tua
2230 3878 2353 3924 sunt
2400 3878 2624 3923 mortem
2655 3869 2748 3922 tibi
2777 3868 2944 3922 oculis
2994 3867 3269 3934 objiciunt,
3298 3867 3384 3932 qui
3432 3868 3491 3919 [lt

1923 3970 1982 4015 ut
2016 3961 2130 4029 ipse
2153 3960 2260 4027 jam
2286 3960 2497 4027 jamque
2526 3966 2761 4011 ventura:
2790 3958 2976 4009 mortis
3007 3970 3232 4018 memor,
3273 3955 3376 4006 tuis
3405 3969 3491 4007 re-

1921 4049 2024 4103 bus
2045 4055 2189 4101 recte
2212 4061 2315 4100 non
2344 4048 2611 4105 consulas,
2638 4059 2821 4098 verum
2868 4045 3102 4098 animam
3158 4051 3301 4096 tuam
3341 4046 3488 4095 omni

1922 4137 2242 4207 ﬂagitiorum
2272 4136 2448 4205 generi
2477 4135 2739 4189 addictam
2764 4135 2983 4199 habeas,
3020 4134 3110 4187 Dei
3139 4142 3229 4186 aut
3256 4133 3488 4186 cultores

1923 4243 1987 4283 ac
2008 4227 2219 4297 pietatis
2265 4227 2551 4289 studiosos,
2605 4226 2694 4295 qui
2742 4234 2793 4279 te
2849 4226 2980 4278 nihil
3036 4225 3307 4287 lzeserunt,
3360 4225 3490 4278 nihil

1906 4320 2264 4389 praesentium
2294 4332 2468 4372 rerum
2499 4324 2671 4370 tecum
2713 4330 2995 4371 commune
3027 4314 3235 4377 habent,
3266 4322 3357 4366 aut
3395 4314 3490 4367 tibi

1926 4409 2136 4479 eripere
2158 4409 2503 4474 contendunt,
2550 4408 2832 4463 immanem
2882 4416 2938 4461 et
2979 4407 3250 4461 crudelem
3293 4406 3343 4459 in
3375 4420 3490 4458 mo-

1926 4499 2054 4556 dum
2080 4499 2149 4554 de
2176 4498 2351 4553 medio
2380 4498 2568 4551 tollas?

1995 4596 2109 4650 Rex
2132 4600 2308 4647 autem
2339 4590 2448 4644 ait:
2478 4587 2585 4641 Vos
2605 4595 2661 4638 ut
2686 4583 2959 4651 pestiferos
2983 4580 3225 4633 homines
3241 4592 3300 4631 ac
3314 4577 3495 4648 popuii

1925 4687 2234 4743 seductores
2263 4677 2532 4747 suppliciis
2558 4673 2755 4737 afﬁcio,
2787 4670 3038 4741 quoniam
3060 4682 3246 4721 omnes
3271 4668 3323 4721 in
3359 4666 3495 4721 trau-

1924 4777 2047 4831 dem
2070 4771 2360 4841 impellitis,
2377 4777 2536 4836 atque
2549 4780 2578 4819 a
2591 4764 2715 4817 vitae
2733 4758 3151 4830 iucunditatibus
3163 4756 3414 4821 avocatis,
3431 4770 3497 4811 ac

1928 4882 2027 4937 pro
2053 4863 2197 4920 dulci
2223 4862 2329 4916 vita
2353 4869 2407 4915 et
2431 4856 2748 4912 suavissima
2774 4850 3061 4920 cupiditate
3091 4849 3194 4903 huc
3212 4861 3304 4901 eos
3333 4845 3496 4914 adigi-

236 4957 372 5027 μίας
405 4956 497 5008 καὶ
534 4954 753 5025 ήδονῆς,
790 4953 890 5024 τὴν
932 4953 1176 5024 σκληρὰν
1198 4952 1293 5006 καὶ
1342 4950 1561 5021 ρυπώδη
1612 4948 1809 5017 ταύτην

1931 4960 2022 5024 tis,
2050 4966 2107 5011 ut
2133 4956 2321 5010 duram
2354 4959 2413 5007 et
2448 4948 2715 5005 sordidam
2758 4954 2918 5016 atque
2962 4954 3314 4998 aerumnosam
3364 4938 3497 4990 hanc

236 5047 335 5100 καὶ
370 5046 534 5116 200
566 5043 803 5114 πιναράν
840 5041 1161 5110 ἐκλέγεσθαι
1199 5039 1426 5110 ἀγωγὴν
1455 5035 1776 5101 ἐκϐιάζεσθε
1801 5075 1816 5100 ,

1932 5048 2057 5105 vita:
2105 5043 2369 5101 rationem
2416 5038 2805 5112 amplexentur,
2840 5033 3188 5103 deorumque
3240 5029 3498 5084 honorem

312 5227 429 5297 (l5)
458 5222 777 5297 Theodorus
810 5218 1035 5297 iiyrtac.
1063 5231 1230 5297 supra
1259 5227 1298 5272 t.
1320 5214 1371 5297 ,1,
1407 5210 1598 5297 p.276
1646 5228 1659 5265 :
1691 5212 1809 5297 Ιξαθ

1930 5212 2031 5297 pet.
2047 5210 2278 5297 μηδενός
2316 5209 2626 5297 συμβάντος
2647 5206 2932 5297 Δμεγάλου.
2968 5208 3137 5297 Qian
3190 5204 3335 5261 conf.
3367 5216 3487 5273 pag.

238 5276 491 5357 2853,15:
513 5276 678 5347 “Philo
706 5292 782 5345 De
807 5276 1010 5343 Abrah.
1044 5302 1095 5353 ιι.
1127 5276 1233 5342 385
1258 5305 1271 5340 :
1320 5276 1604 5357 ’Ᾱπαθείᾳ,
1634 5283 1809 5357 καθάῖι

1925 5276 2165 5357 μηδενόςΔ
2178 5276 2440 5357 όδυνηρὸῦ
2452 5296 2531 5357 ’συ
2538 5276 2713 5357 μσεόη
2720 5276 2959 5357 κότος-Ιχ
2967 5279 3031 5347 ρῆ
3036 5276 3099 5357 ΞΘ
3107 5295 3138 5357 α
3144 5293 3159 5329 ι
3168 5318 3181 5330 .

314 5354 428 5437 (η)
464 5364 616 5437 ϐηέᾲξ
645 5364 767 5437 ape.
797 5358 1135 5437 ἀκολρυθεζν,
1168 5355 1483 5437 omis§a_vel
1539 5354 1804 5436 transpgsi

1925 5354 2297 5437 >ra§positione.

2387 5338 2575 5403 asiliu's
2602 5338 2766 5403 Praic.
2799 5338 2867 5401 c.'
2893 5338 3003 5401 53':
3021 5338 3224 5414 ’Τούτῳ
3257 5338 3349 5398 οῦν
3370 5344 3494 5414 ἀρέο

244 5414 626 5489 σκξι·;’σπεῦδέ
667 5431 755 5483 διὰ
781 5429 1002 5491 παντὸς.
1035 5414 1134 5497 τὴν
1158 5427 1322 5497 αὐτοῦ
1344 5426 1525 5497 εἰκόνα
1557 5414 1770 5497 σεαυτῷ
1799 5414 2047 5497 καθίαράν
2082 5424 2175 5474 καὶ
2212 5420 2516 5492 ἀμόλυντον
2563 5419 2865 5487 φυλάττων.
2899 5417 3080 5471 Codex
3110 5415 3246 5470 299i
3278 5418 3345 5480 A,
3375 5414 3494 5469 ﬁta-

242 5507 550 5576 φυλάττων,
583 5502 782 5576 omisso
816 5494 1218 5576 σεαυτῷ-,ηιωά
1243 5511 1347 5550 non
1380 5496 1540 5576 yalde
1560 5494 1807 5576 desidera.

1927 5510 1975 5545 ιιι
1984 5531 1998 5546 .

322 5553 1441 5645 (f5).6,,etttap,‘titwtift.Bilﬁllsnjerlit‘.
1478 5563 1808 5645 Dubitationi
1841 5562 1990 5645 locus
2019 5576 2140 5645 e_s_se
2168 5568 2362 5645 potest.
2397 5558 2531 5614 Cum
2565 5558 2731 5628 ἥπερ,
2773 5555 2914 5638 quod
2956 5554 3184 5643 praetuli,
3218 5555 3321 5645 erit
3357 5553 3492 5606 faci-

243 5626 545 5713 tts‘étiipéi's
576 5626 815 5694 adverbii
840 5637 1061 5707 μᾶλλον.
1092 5632 1370 5692 Facillime
1402 5636 1543 5705 ἥπερ
1574 5633 1707 5689 abiit
1735 5634 1789 5689 in

1925 5648 1994 5702 ερ.
2040 5626 2286 5701 Μοίρι-ο
2314 5630 2439 5701 ἦγε,
2476 5626 2598 5701 post
2621 5626 3493 5697 cuntparativum'évapyéctapov,

243 5717 292 5772 Δ
321 5716 483 5770 habet
508 5714 642 5781 εῐγε.

326 5785 440 5857 (t6)
463 5785 504 5842 C
532 5774 685 5840 caret
705 5776 1042 5848 pronomine.
1076 5774 1138 5828 F.
1172 5791 1251 5830 σε.

576 5891 848 5949 Parnoc.
898 5883 1015 5945 Gn.
1059 5877 1285 5943 XCVI.

3126 5833 3185 5856 οἱ

3124 5853 3203 5895 ὅτι·
