3902 6358
469 399 601 465 1067

1875 384 2250 444 ADDENDA.

3563 390 3718 459 1068

440 505 565 560 Jesu
597 502 929 558 tribuendum
960 517 1076 556 esse
1103 503 1419 573 prsidicatis.
1443 506 1720 574 Quocirca,
1752 524 1818 563 ne
1842 525 2001 579 popu-

2115 499 2206 550 καὶ
2236 498 2331 567 τὴν
2355 498 2461 552 τῶν
2490 497 2628 552 θεῶν
2657 496 2818 568 τιμὴν
2847 497 2925 568 τῷ
2966 497 3140 567 Ἰησοῦ
3166 497 3461 567 ἀπονέμειν
3488 500 3722 569 κηρύτ-

369 659 374 662 ί
441 597 543 658 lus,
572 594 915 662 imposturam
956 603 1186 647 vestram
1219 610 1467 665 sequens,
1516 598 1778 653 desertam
1811 608 2003 654 terram

405 703 408 706 ·
440 683 720 750 relinquat,
747 688 902 745 atque
925 695 952 733 a
983 682 1166 750 patriis
1192 683 1294 736 diis
1315 683 1591 751 deﬁciens,
1615 685 1843 740 alienum
1873 686 2000 740 ado-

407 787 420 808 '-
437 782 540 836 ret,
583 771 856 841 suppliciis
883 786 980 828 vos
1033 787 1097 829 ac
1135 781 1306 828 morte
1355 776 1576 829 multare
1620 776 1832 845 dignum
1885 791 2005 831 esse

433 862 683 930 iudicavi.
711 861 1002 917 Monachus
1030 873 1205 918 autem
1257 864 1429 933 inquit
1461 883 1474 919 :
1523 865 1581 919 Si
1623 879 1809 920 omnes
1841 867 2006 919 bono-

437 969 552 1008 rum
603 953 825 1022 hnjusce
884 955 1010 1010 vitae
1061 955 1343 1025 participes
1389 970 1507 1011 esse
1544 958 1713 1025 cupis,
1761 971 1856 1011 cur
1900 970 2004 1010 non

437 1045 772 1101 omnibusex
825 1061 976 1115 mquo
1017 1047 1235 1102 delicias
1291 1056 1345 1102 et
1391 1061 1520 1115 opes
1565 1055 1680 1102 tuas
1732 1046 2006 1116 impertis?

355 1193 358 1196 ἠ
438 1137 634 1190 Verum
664 1136 752 1189 alii
800 1136 1012 1206 quidem
1061 1137 1435 1205 quamplurimi
1476 1145 1783 1205 paupertate
1828 1136 2006 1191 conﬂi-

433 1235 664 1289 CIantur,
698 1233 752 1278 tu
779 1240 907 1279 vero
937 1227 1168 1294 ipsorum
1214 1227 1492 1282 iacultates
1518 1241 1610 1296 pcr
1645 1227 1751 1280 vim
1796 1235 2006 1293 ereptas

437 1313 544 1366 tuis
581 1313 858 1381 adjungis?
887 1315 960 1367 Ex
989 1329 1094 1383 quo
1124 1315 1456 1383 perspicuum
1495 1323 1578 1370 est
1605 1325 1655 1369 te
1683 1315 1866 1368 salutis
1914 1330 2006 1382 po-

440 1403 545 1470 puli
576 1417 699 1457 cura
733 1404 950 1458 minime
1004 1405 1168 1474 tangi,
1205 1419 1383 1459 rerum
1424 1419 1636 1459 carnem
1685 1412 1830 1458 tuam
1861 1404 2004 1474 sagi-

438 1509 587 1557 nare,
621 1497 892 1549 materiam
924 1495 1169 1550 videlicet
1215 1496 1511 1549 eorrosuris
1554 1495 1821 1548 vermibus
1859 1508 2003 1564 pra:-

437 1593 732 1652 parantem.
769 1587 843 1640 Ac
888 1596 1160 1656 propterea
1205 1585 1440 1642 omnium
1479 1586 1592 1639 Deo
1620 1586 1879 1652 ahjurato,
1911 1599 2004 1639 eos

437 1677 523 1742 qui
551 1691 654 1730 non
681 1686 823 1743 sunt,
869 1685 923 1730 ct
950 1678 1037 1744 qui
1067 1691 1224 1730 omne
1255 1676 1566 1744 ﬂagitiorum
1597 1691 1758 1744 genus
1789 1675 2003 1729 invene-

436 1773 579 1828 runt,
620 1766 752 1821 deos
779 1767 1072 1834 appellasti,
1107 1775 1164 1819 ut
1206 1767 1327 1820 dum
1355 1767 1420 1819 ad
1450 1781 1630 1820 eorum
1655 1766 2000 1821 imitationem

437 1855 716 1909 libidinose
737 1869 796 1907 ac
825 1855 1084 1923 ﬂagitiose
1114 1854 1267 1919 vivis,
1322 1856 1372 1908 id
1425 1857 1742 1924 assequaris,
1789 1855 2004 1910 utdeo-

437 1959 552 1997 rum
588 1945 818 1997 imitator
847 1958 966 1998 esse
994 1944 1318 2012 prxdicerls.
1363 1944 1496 1998 Nam
1534 1945 1658 2011 quid
1703 1941 1880 2000 al‘l'erri
1911 1960 2004 2014 po-

437 2048 558 2104 test,
589 2039 713 2102 quin
764 2053 881 2107 quae
924 2039 1084 2092 vestri
1123 2037 1194 2091 dii
1245 2036 1506 2103 fecerunt,
1556 2037 1739 2093 eadem
1792 2051 2003 2108 quoque

437 2133 700 2195 homines,
741 2131 827 2200 qni
862 2131 987 2200 ipsis
1025 2130 1258 2184 animum
1304 2129 1577 2200 adjiciunt,
1611 2129 1835 2185 faciant?
1861 2129 2004 2197 Qua-

433 2223 726 2292 proptcrin
759 2235 948 2293 magno
1003 2222 1237 2289 proiecto
1283 2236 1467 2277 errore
1513 2223 1762 2284 versaris,
1803 2236 1836 2276 ο
1883 2237 1999 2277 rex.

437 2315 649 2368 Vereris
691 2323 865 2368 autem
914 2329 980 2367 ne
1018 2312 1274 2382 quosdam
1319 2311 1601 2381 populares
1629 2320 1745 2366 tuos
1772 2311 2003 2366 adduca-

431 2420 551 2459 mus
578 2413 636 2458 ut
662 2404 856 2458 nostris
885 2403 1114 2458 decretis
1155 2403 1526 2467 assentientes,
1573 2417 1606 2455 a
1644 2409 1734 2456 tuo
1781 2402 2004 2470 imperio

427 2497 752 2560 desciscant,
779 2503 937 2564 atque
966 2494 1030 2547 ad
1061 2495 1176 2562 ejus
1202 2493 1289 2563 qui
1329 2492 1507 2546 omnia
1532 2491 1766 2546 continet
1793 2503 1858 2544 ac
1887 2497 2002 2545 tue-

433 2603 522 2645 tur
551 2599 729 2660 partes
757 2603 818 2643 se
838 2588 1143 2657 adiungant.
1173 2585 1332 2654 Cupis
1352 2585 1490 2640 enim
1530 2583 1727 2638 multos
1761 2590 1813 2637 te
1835 2582 2003 2636 avari-

429 2684 522 2736 tia:
552 2690 655 2734 tua:
684 2678 1025 2734 administros
1047 2678 1266 2740 habere,
1297 2685 1353 2729 ut
1375 2675 1472 2744 ipsi
1491 2673 1710 2743 quidem
1739 2681 2001 2726 aerumnas

426 2775 676 2837 subeant,
717 2770 810 2824 tibi
849 2779 1026 2824 autem
1067 2781 1250 2824 eorum
1295 2779 1454 2836 opera
1500 2769 1733 2832 quaestus
1771 2775 2002 2831 augean-

431 2871 522 2917 tur
549 2879 564 2916 :
609 2858 1051 2930 quemadmodum
1075 2857 1322 2913 videlicet
1358 2855 1692 2925 siquispiam
1721 2865 1881 2906 canes
1909 2855 2001 2904 aut

429 2961 557 3006 aves
583 2950 648 3005 ad
696 2950 931 3020 praedam
980 2949 1242 3004 cicuratas
1284 2947 1454 3009 alens,
1484 2958 1576 2998 eos
1618 2939 1833 3012 quidem
1878 2947 2002 2994 ante

323 3065 328 3070 ·
428 3042 661 3111 praedam
704 3039 1019 3103 (ir-mulceat,
1050 3047 1393 3107 posteaquam
1422 3044 1598 3088 autem
1628 3030 1821 3100 aliquid
1867 3028 2002 3083 arri-

428 3132 661 3200 puerint,
683 3143 749 3186 ex
777 3143 870 3184 ore
899 3128 1130 3196 praedam
1183 3125 1311 3195 ipsis
1341 3131 1669 3192 extorqueat.
1717 3119 1796 3174 Ad
1843 3131 1996 3172 eum-

428 3224 550 3278 dem
579 3224 720 3276 enim
744 3220 958 3276 modum
990 3228 1044 3272 tu
1075 3231 1283 3287 quoque
1313 3214 1507 3268 multos
1529 3213 1724 3266 habere
1753 3208 1996 3276 cupiens,

429 3314 518 3382 qui
552 3314 644 3366 tibi
674 3312 862 3380 partim
895 3324 925 3364 e
954 3318 1116 3372 terra,
1145 3307 1333 3376 partim
1363 3320 1395 3360 e
1434 3302 1568 3358 mari
1599 3301 1792 3355 tributa
1822 3306 1877 3352 et
1902 3311 1997 3351 ve-

430 3402 637 3470 ctigalia
686 3399 960 3460 deferant,
1011 3398 1092 3450 ais
1140 3395 1351 3464 quidem
1407 3394 1502 3447 tibi
1547 3405 1730 3447 eorum
1778 3389 1999 3451 salutem

429 3506 571 3544 cura:
600 3503 737 3552 esse,
766 3496 1015 3541 cwterum
1061 3488 1440 3554 sempiternum
1497 3484 1644 3551 ipsis,
1669 3480 1820 3548 prius
1843 3494 2000 3548 quam

429 3583 590 3634 etiam
623 3580 715 3632 tibi
747 3578 848 3646 ipsi
893 3577 1114 3631 exitium
1155 3575 1408 3641 accersis,
1454 3575 1654 3642 tibique
1696 3572 1825 3625 illud
1872 3571 2002 3624 satis

428 3680 532 3734 est,
566 3677 622 3722 ut
648 3681 775 3737 opes
807 3668 994 3736 quovis
1017 3675 1256 3720 stercore
1296 3675 1358 3718 ac
1387 3677 1542 3718 emno
1569 3663 1783 3717 viliores
1808 3659 1898 3715 tibi
1925 3659 2002 3714 st-

431 3762 622 3824 liuant,
666 3773 764 3813 nec
796 3757 1172 3811 animadvertis
1221 3766 1274 3808 te
1327 3753 1540 3808 luminis
1592 3753 1709 3807 loco
1757 3751 2002 3806 tenebras

429 3851 732 3920 complecti.
761 3848 956 3902 Verum
979 3861 1045 3902 ex
1069 3847 1169 3900 hoc
1192 3846 1336 3914 gravi
1364 3858 1572 3910 somno,
1602 3855 1804 3912 qaazso,
1825 3855 2002 3896 eluer-

431 3955 518 4009 ge,
551 3941 868 4007 clausosque
910 3945 1028 3990 tuos
1059 3935 1242 3990 oculos
1271 3935 1438 4004 aperi,
1471 3945 1531 3988 ac
1563 3933 1654 3987 Dei
1686 3935 1852 3987 nostri
1882 3930 1993 4000 glo-

428 4033 586 4098 riam,
613 4031 858 4085 omnibus
879 4029 1107 4097 undique
1130 4027 1454 4091 illucentem,
1475 4038 1656 4090 cerne,
1679 4022 2000 4090 tandemque

432 4122 718 4191 aliquando
744 4121 808 4174 ad
840 4121 1063 4188 teipsum
1113 4117 1246 4171 redi.
1287 4115 1568 4184 lntelligite
1611 4113 1776 4179 enim,
1805 4113 1998 4180 inquit.

434 4211 742 4282 insipientes
771 4212 824 4265 in
854 4211 1136 4279 pepulo,et
1159 4207 1306 4262 stulti
1325 4204 1604 4274 aliquando
1625 4204 1796 4272 sapite
1822 4202 1997 4271 (Psal.

434 4303 641 4371 xxxix).
677 4301 810 4354 illud
854 4301 1029 4361 scias,
1086 4296 1243 4349 alium
1289 4295 1444 4348 deum
1487 4306 1592 4347 non
1639 4307 1764 4346 esse
1812 4301 2002 4358 praeter

437 4394 604 4446 Deum
630 4401 867 4444 nostrum
897 4385 1069 4457 (Paul.
1106 4385 1262 4454 xvtt),
1295 4397 1394 4438 nec
1429 4383 1609 4450 ullam,
1639 4381 1737 4435 nisi
1785 4381 1838 4434 in
1887 4382 2002 4447 ipso

434 4481 680 4536 salutem.

505 4594 616 4645 Rex
643 4598 856 4644 autem:
887 4585 1093 4655 Stultis,
1141 4588 1330 4656 inquit,
1379 4584 1462 4639 his
1513 4582 1616 4639 tuis
1647 4581 1799 4650 nugis
1840 4581 1996 4634 linem

437 4675 669 4749 impone,
700 4695 762 4734 ac
801 4675 925 4732 mihi
959 4679 1197 4746 protinus
1246 4675 1580 4729 Barlaamum
1639 4669 1881 4734 ostende,
1905 4676 1998 4722 ant

433 4771 624 4838 alioqui
653 4767 911 4836 ejusmodi
952 4779 1224 4834 poenarum
1284 4766 1635 4818 instrumenta
1688 4759 2002 4830 experieris,

433 4874 654 4930 quorum
686 4869 950 4925 nunquatn
980 4857 1072 4908 abs
1101 4863 1152 4910 te
1195 4854 1482 4923 periculum
1513 4852 1702 4906 factum
1731 4862 1834 4910 est.
1869 4855 2002 4910 Far-

433 4953 670 5004 tissintns
711 4957 886 5002 autem
916 4946 1023 5012 ill'e,
1054 4962 1114 5001 ac
1145 4947 1408 5014 praestanti
1441 4943 1602 4998 animi
1637 4945 2000 5018 magnitudine

435 5041 746 5103 monachus,
785 5039 1122 5108 cmlestisqde
1149 5037 1507 5106 philosophia:
1546 5050 1753 5094 amator
1803 5029 1870 5094 0³1)
1917 5047 2001 5092 re-

430 5133 543 5197 gias
573 5131 741 5184 minas
802 5130 950 5190 nullo
1001 5132 1156 5190 modo
1185 5130 1248 5189 de
1296 5129 1563 5189 sententia
1611 5131 1998 5194 dimmebatur,

431 5221 524 5274 sed
565 5221 830 5295 intrepido
859 5235 1076 5296 pectore
1147 5229 1336 5290 stans,
1410 5222 1626 5280 diccbat
1681 5243 1692 5277 :
1747 5227 1821 5282 Ea
1888 5238 2008 5292 qua:

2115 607 2258 642 τετε.
2289 591 2404 642 Ἰνα
2437 587 2530 643 οὑν
2560 590 2657 660 μὴ,
2691 594 2755 659 τῇ
2789 591 3031 660 ὑμετέρᾳ
3065 590 3250 661 ἀπάτῃ
3277 589 3722 655 ἐξακολουθοῦν-

2113 697 2227 745 τες,
2270 682 2318 734 οἱ
2357 681 2477 734 λαοὶ
2518 681 2724 751 ἔρημον
2754 681 2849 751 τὴν
2879 681 2985 750 γῆν
3030 680 3395 743 καταλίπωσι,
3430 682 3554 743 καὶ,
3594 683 3722 734 τῶν

2115 772 2364 842 πατρίων
2403 773 2742 834 ἀποστάντες
2778 771 2950 832 θεῶν,
2997 770 3266 840 ἀλλοτρίῳ
3311 771 3717 840 λατρεύσωσι,

2114 865 2409 935 τιμωρίαις
2470 863 2614 932 ὑμᾶς
2678 863 2772 916 καὶ
2825 861 3080 923 Θανάτοις
3135 859 3431 912 ὑποϐαλεῖν
3487 861 3718 914 δίκαιον

2115 952 2327 1022 ἔκρινα.
2381 952 2438 1005 '0
2476 951 2531 1004 δὲ
2576 951 2810 1021 μοναχδς
2846 951 3044 1020 φησίν·
3089 951 3153 1002 Εἰ
3191 951 3401 1012 πάντας
3447 951 3716 1019 μετέχειν

2113 1041 2225 1094 τῶν
2250 1042 2468 1109 ἀγαθῶν
2508 1041 2600 1094 τοῦ
2649 1042 2763 1111 βίου
2793 1041 2983 1112 ὀρέγῃ.
3031 1041 3083 1092 τί
3127 1041 3201 1110 μὴ
3241 1042 3408 1093 πᾶσιν
3444 1043 3534 1093 ἐπ’
3577 1042 3716 1110 ῐσης

2117 1133 2413 1204 μεταδίδως
2445 1133 2544 1203 τῆς
2581 1134 2793 1202 τρυφῆς
2825 1134 2917 1184 καὶ
2953 1131 3046 1184 τοῦ
3075 1132 3325 1196 πλούτου,
3366 1133 3482 1185 ἀλλ’
3508 1134 3560 1186 οἱ
3600 1135 3713 1203 μὲν

2116 1225 2334 1288 πλείους
2364 1226 2524 1294 πενίᾳ
2546 1224 3040 1294 ταλαιπωροῦνται.
3061 1224 3123 1276 σὺ
3153 1223 3207 1276 δὲ
3231 1225 3298 1277 τὰ
3319 1224 3501 1277 αὑτῶν
3531 1243 3713 1294 προσ-

2115 1317 2461 1386 αιραρπὰζων
2503 1319 2614 1378 τοῖς
2651 1315 2844 1368 ἑαυτοῦ
2895 1313 3227 1384 προστίθηςς
3278 1316 3378 1366 οὑκ
3437 1316 3550 1384 ἄρα
3601 1317 3712 1383 τῆς

2115 1409 2223 1461 τῶν
2272 1408 2481 1460 πολλῶν
2532 1407 2838 1478 φροντίζεις
2884 1406 3193 1475 σωτηρίας,
3230 1405 3365 1458 ἀλλὰ
3412 1407 3514 1477 τὴν
3560 1407 3709 1459 ἰδίαν

2100 1501 2354 1564 “πιαίνεις
2385 1501 2563 1571 σάρκα
2583 1539 2597 1562 ,
2629 1498 2763 1567 ὓλην
2809 1497 3112 1567 ἐτοιμάζων
3145 1499 3210 1566 τῇ
3241 1498 3354 1550 τῶν
3390 1498 3707 1567 σκωλήκων

2117 1589 2463 1660 καταϐρὼσει
2507 1590 2642 1659 (17).
2685 1587 2785 1640 Διά
2827 1587 3021 1652 τοῦτο,
3053 1587 3149 1639 καὶ
3187 1586 3280 1640 τὸν
3329 1587 3439 1640 τῶν
3470 1589 3701 1641 πάντων

2116 1681 2572 1752 ἀπαρνησάμενος
2609 1678 2763 1741 Θεὸν,
2797 1679 2922 1739 τοὺς
2954 1677 3028 1748 μὴ
3057 1677 3215 1740 ὄντας
3241 1678 3704 1749 προσηγόρευσας

2118 1774 2271 1836 Θεοῦς
2295 1814 2309 1836 ,
2336 1773 2460 1834 τοὺς
2488 1773 2666 1841 πάσης
2703 1769 3051 1839 παρανομίας
3081 1758 3377 1838 ἐφευρετὰς
3398 1810 3411 1828 ,
3447 1769 3537 1822 ἵνα
3578 1785 3660 1821 σοι
3683 1810 3700 1832 ,

2077 1853 2088 1874 ’
2115 1866 2255 1919 κατά
2285 1865 2514 1934 μίμησιν
2538 1861 2716 1914 αὑτῶν
2741 1859 3114 1927 ἀσελγαίνοντι
3141 1859 3234 1910 καὶ
3259 1858 3698 1929 παρανομοῦντι,

2113 1959 2174 2011 τὸ
2227 1956 2471 2028 μιμητὴς
2513 1951 2941 2024 ἀναγορεύεσθαι
2989 1951 3095 2005 τῶν
3138 1951 3276 2003 θεῶν
3325 1966 3416 2003 σου
3457 1953 3700 2021 προσγέ-

2085 2063 2290 2118 “νηται.
2325 2043 2426 2099 Οἷα
2448 2045 2556 2117 γὰρ
2576 2045 2626 2097 οἱ
2659 2043 2771 2096 Θεοὶ
2795 2036 3252 2112 ὑμῶνλὲπραξαν,
3286 2041 3404 2104 πῶς
3434 2041 3560 2110 οὑχὶ
3593 2043 3692 2094 καὶ

2112 2138 2162 2191 οἱ
2192 2136 2552 2208 προσέχοντες
2591 2133 2774 2195 αὑτοῖς
2809 2133 3082 2203 ἄνθρωποι
3125 2133 3422 2203 πράξουσι;
3467 2131 3696 2201 IIl-5tqu

2112 2226 2205 2281 οὖν
2242 2226 2485 2298 μεγάλην
2527 2222 2908 2292 πεπλάνησαι,
2960 2215 3006 2274 ῶ
3053 2220 3295 2291 βασιλεῦ.
3332 2219 3592 2284 Δέδοικας
3637 2219 3696 2273 δὲ

2118 2320 2190 2388 μή
2221 2333 2374 2379 τινας
2400 2315 2493 2369 τοῦ
2524 2313 2654 2367 λαοῦ
2687 2315 3001 2382 πείσαιμεν,
3030 2315 3141 2376 τοῖς
3170 2312 3466 2382 ἡμετέροις
3500 2311 3697 2364 συνθε-

2118 2408 2330 2479 μένους,
2369 2405 2670 2477 ἀποστῆναί
2705 2421 2798 2458 σου
2833 2405 2929 2474 τῆς
2957 2404 3139 2474 χειρὸς
3182 2405 3276 2456 καὶ
3300 2406 3368 2475 τῇ
3402 2403 3475 2456 τὰ
3513 2405 3697 2458 πάντα

2095 2498 2412 2570 ’συνεχοὺσῃ
2445 2495 2933 2568 προσοικειωοῆναι
2973 2495 3149 2565 χειρί·
3195 2494 3371 2557 θέλεις
3416 2494 3528 2562 γὰρ
3559 2494 3692 2546 πολ-

2115 2592 2239 2655 λοὺς
2265 2587 2404 2644 εῖναι
2441 2591 2568 2652 τοὺς
2603 2589 2911 2657 ὑπουργοὺς
2953 2589 3050 2655 τῆς
3083 2587 3182 2655 σῆς
3227 2585 3545 2651 πλεονεξίας
3567 2626 3582 2650 ,
3625 2585 3695 2637 ἶν’

2115 2684 2267 2754 αὐτοὶ
2289 2684 2387 2754 μὲν
2414 2679 2819 2752 ταλαιπωρῶσι,
2849 2680 2934 2732 σοὶ
2963 2680 3018 2732 δὲ
3047 2679 3114 2730 τὰ
3142 2679 3270 2749 παρ’
3301 2677 3483 2732 αὑτῶν
3518 2693 3692 2746 προσ-

2099 2774 2324 2844 ·γένοιτο
2363 2773 2569 2844 κέρδη.
2630 2772 2728 2822 Ὃν
2768 2769 2966 2842 τρόπον
3023 2769 3192 2831 κὺνας
3247 2784 3330 2831 τις
3375 2766 3595 2838 τρέφων
3657 2767 3694 2834 ἢ

2115 2863 2278 2935 ὄρνεα
2305 2867 2385 2927 εἰς
2423 2863 2594 2934 Θήραν
2621 2861 3076 2930 τιωσσευόμενα,
3116 2858 3221 2930 πρὸ
3253 2857 3350 2929 μὲν
3383 2858 3484 2921 τῆς
3513 2856 3695 2926 θήρας

2115 2955 2424 3010 κολακεύων
2443 2955 2616 3008 ταῦτα
2639 2955 2905 3023 φαίνοιτο,
2931 2945 3087 3020 201
3111 2951 3271 3020 ἡνίκα
3291 2950 3347 3002 δὲ
3371 2947 3694 3016 κατάσχωσί

2115 3065 2168 3100 τι
2194 3047 2300 3100 τῶν
2332 3046 2733 3116 Θηρευομένων,
2770 3041 2957 3115 βιαίως
2989 3041 3168 3094 αὑτῶν
3197 3039 3288 3093 τοῦ
3325 3041 3594 3108 στόματος
3631 3037 3695 3090 τὸ

2043 3153 2084 3210 c
2119 3137 2381 3209 θηρευθὲν
2409 3133 2744 3208 ἀφαρπάζει·
2768 3133 2911 3188 οὕτω
2933 3133 2997 3204 δὴ
3025 3131 3120 3186 καὶ
3150 3133 3236 3198 σὺ,
3261 3129 3488 3194 πολλοὺς
3522 3130 3696 3182 Θέλων

2117 3231 2260 3301 ἔχειν
2286 3230 2410 3293 τοὺς
2438 3229 2637 3299 φόρους
2667 3245 2746 3280 σοι
2782 3227 2877 3280 καὶ
2909 3225 3039 3296 τέλη
3073 3226 3137 3276 ὲκ
3161 3223 3262 3292 γῆς
3295 3221 3386 3275 καὶ
3414 3219 3698 3290 Θαλάσσης

2117 3321 2462 3392 κομίζοντας,
2500 3321 2681 3387 λέγεις
2714 3317 2812 3389 μὲν
2840 3318 2938 3388 τῆς
2966 3315 3148 3370 αὑτῶν
3175 3311 3481 3384 φροντίζειν
3517 3329 3698 3381 σωτη-

2120 3413 2260 3486 ρίας,
2293 3410 2568 3465 ἀπώλειαν
2601 3409 2657 3462 δὲ
2698 3409 2880 3472 αὑτοῖς
2914 3405 3193 3476 προξενῶν
3227 3403 3464 3466 αἰώνιον,
3505 3402 3615 3471 πρὸ
3639 3401 3698 3454 δὲ

2115 3504 2334 3560 πάντων
2363 3500 2602 3572 σεαυτῷ,
2647 3500 2733 3554 ἵνα
2766 3499 2926 3571 μόνον
2969 3516 3050 3552 σοι
3084 3499 3112 3550 ὁ
3151 3494 3434 3550 σκυὸἀλων
3473 3497 3568 3549 καί
3598 3511 3694 3548 σα⁶

2115 3596 2292 3668 πριῶν
2318 3592 2720 3665 ἁχρηστὸτερος
2757 3591 2996 3662 βρίοοιτο
3019 3586 3272 3650 πλοῦτος,
3297 3585 3534 3654 λέληθας
3571 3584 3693 3637 σκό-

2112 3702 2203 3750 τος
2225 3685 2345 3738 ἀντὶ
2366 3683 2542 3752 φωτὸς
2563 3681 2826 3752 κατέχων.
2860 3679 3001 3732 ’Λλλ’
3021 3675 3295 3748 ἀνάνηιξιον
3308 3675 3400 3728 τοῦ
3422 3675 3696 3744 καταχθο-

2111 3777 2227 3831 νίου
2275 3774 2442 3829 ὕπνου
2484 3773 2715 3840 τούτου,
2748 3771 3010 3835 διὰνοιξόν
3056 3786 3150 3822 σου
3193 3770 3321 3831 τοὺς
3372 3767 3694 3837 μεμυκότας

2110 3865 2441 3937 ὀφθαλμοὺς,
2469 3865 2567 3919 καὶ
2593 3865 2669 3918 ἴδε
2691 3863 2788 3935 τὴν
2816 3861 3266 3933 περιλάμπουσαν
3298 3860 3436 3910 πᾶσι
3460 3856 3570 3927 (18)
3599 3853 3692 3909 τοῦ

2111 3958 2246 4013 Θεοῦ
2270 3959 2425 4030 ἡμῶν
2441 3955 2628 4020 δόξαν·
2654 3954 2749 4008 καὶ
2766 3952 2828 4006 σύ
2854 3969 2984 4005 ποτε
3009 3949 3236 4004 σεαυτοῦ
3263 3948 3446 4018 γενοῦ·
3494 3947 3690 4000 Σὺνετε

2110 4050 2241 4122 γὰρ,
2261 4050 2494 4122 ἄφρονες
2517 4049 2574 4101 ὲν
2601 4045 2677 4116 τῷ
2705 4044 2838 4116 λαῷ,
2865 4045 2960 4097 καὶ⁸
2993 4042 3164 4114 μωροί
3185 4058 3320 4102 ,ποτε
3352 4041 3696 4110 φρονήσατε,

2112 4141 2276 4211 φησὶν
2295 4140 2322 4192 ὁ
2347 4137 2632 4209 προφήτης
2655 4135 2788 4207 (l9)°
2823 4134 2978 4196 σύνες
2997 4134 3078 4186 ὅτι
3100 4133 3201 4184 οὑκ
3229 4130 3343 4183 ἔστι
3374 4129 3530 4193 Θεὸς,
3557 4127 3695 4197 πλὴν

2108 4229 2204 4284 τοῦ
2252 4229 2385 4284 Θεοῦ
2430 4230 2610 4301 ἡμῶν,
2649 4227 2743 4281 καὶ
2793 4227 2892 4280 οὑκ
2941 4223 3056 4279 ἔστι
3099 4223 3366 4294 σωτηρία,
3415 4224 3465 4275 εἰ
3513 4222 3596 4292 μὴ
3637 4221 3696 4272 ὲν

2111 4341 2278 4393 αυτῳ.

2199 4597 2257 4649 '0
2285 4596 2342 4650 δὲ
2373 4595 2645 4666 βασιλεύς·
2681 4595 2790 4664 Τῆς
2829 4579 3017 4664 μωρὲς
3053 4609 3146 4645 σου
3180 4590 3384 4661 ταύτης
3429 4589 3699 4661 φλυαρίας

2118 4689 2500 4760 παυσάμενος,
2537 4688 2627 4741 τὸν
2661 4686 2926 4758 Βαρλαὰμ
2960 4684 3158 4739 αὐτίκα
3199 4699 3290 4752 μοι
3321 4679 3624 4746 ὑπόδειξον,
3663 4681 3698 4751 ἢ

2118 4779 2462 4851 πειρασθήσῃ
2493 4779 2606 4849 (‘20)
2641 4777 3014 4848 κολαστηρίων
3039 4773 3308 4847 ὀργάνων,
3337 4767 3411 4825 ὧν
3440 4773 3698 4825 οὐδέποτε

2119 4873 2313 4944 πεῖραν
2348 4871 2596 4941 εἴληφας.
2643 4869 2700 4922 ὐ
2739 4867 3100 4939 μεγαλόφρων
3134 4866 3226 4918 οὑν
3257 4865 3355 4918 καὶ
3383 4864 3700 4932 γενναιότα-

2116 4981 2228 5044 “toi.
2245 4963 2492 5034 ἀσκητὴς
2531 4961 2628 5015 καὶ
2672 4963 2768 5031 τῆς
2813 4958 3065 5029 οὐρανίου
3112 4955 3432 5025 φιλοσεφίας
3465 4953 3703 5022 ἐραστὴς

2121 5041 2238 5106 κατ’
2261 5053 2450 5106 οὑδένα
2472 5052 2676 5122 τρόπον
2710 5053 2829 5112 ταῖς
2857 5048 2951 5101 τοῦ
2984 5047 3248 5117 βασιλέως
3283 5041 3700 5110 ἀπειλαῖςμετ-

2120 5142 2376 5211 ετρέπετο
2401 5157 2412 5170 ·
2445 5140 2561 5194 ἀλλ’
2592 5140 2837 5210 ἀτρέμας
2867 5135 3038 5200 ἑστὼς
3072 5136 3289 5200 ἐλεγενο
3335 5133 3410 5186 Οὑ
3453 5132 3519 5184 τὰ
3557 5131 3708 5199 παρά

2127 5234 2220 5286 σοῦ
2251 5232 2620 5302 Θεσπιζόμενα
2650 5233 2846 5292 ποιεῖν,
2870 5223 2915 5282 ὦ
2939 5227 3186 5298 βασιλεῦ,
3219 5221 3702 5296 προστεταγμεθα,

507 5435 616 5504 (l7)
653 5435 803 5490 Nilus
833 5437 991 5505 epist.
1023 5437 1126 5492 207
1168 5456 1180 5490 :
1217 5435 1282 5488 Τί
1310 5434 1703 5504 δαψιλέστερον
1746 5433 1980 5496 πιαίνεις

2146 5435 2208 5484 τδ
2253 5433 2499 5502 σαρκίον,
2528 5430 2703 5502 τροφὴ
2732 5429 3032 5500 σκωλήκων
3084 5429 3340 5497 ἐσόμενον
3365 5427 3489 5478 ὅσον
3523 5424 3724 5478 οὑπωέ

443 5503 650 5577 Forsan
683 5524 819 5577 τροφ

511 5511 1076 5655 ῗίδῶηδέεοιῗὲἳῖυςξ.
1105 5573 1434 5655 aliincodiccs
1467 5571 1938 5655 dabuntlmelior‘e
1970 5570 2190 5655 syntaxi
2223 5569 2465 5655 πάντας.¹
2489 5569 2644 5625 Conl'.
2682 5586 2805 5638 pag.
2837 5569 2926 5655 {56,
2959 5585 3012 5624 ιι.
3045 5567 3099 5624 2.
3141 5567 3201 5621 Ει
3230 5582 3354 5636 pag.
3383 5567 3490 5621 216
3516 5567 3701 5619 datito

442 5640 642 5712 litetur.
665 5643 968 5712 Gregorius
1004 5643 1137 5698 Νη.
1179 5642 1270 5698 0r.
1303 5660 1390 5710 XL,
1417 5659 1468 5712 ιι.
1500 5640 1638 5696 ϐίοε
1669 5640 1786 5704 Φῶς
1814 5641 1846 5711 ἡ
1882 5640 1994 5692 Παῦ

2137 5640 2587 5710 περιαστράψασα
2620 5640 2910 5709 φαντασία.

513 5711 626 5779 (19)
658 5711 799 5764 Psal.
836 5729 986 5774 sem,
1022 5716 1073 5767 8.

513 5783 625 5852 (‘20)
656 5783 718 5846 Λ,
749 5799 836 5834 πει
844 5783 1072 5852 ραθήσῃ.
