3888 6344
165 405 314 472 1085

1263 393 1438 454 VITA
1474 391 1830 454 BABLAAM
1868 391 1962 452 ΕΤ
1999 393 2349 464 JOASAPH.

3250 425 3386 490 1086

150 500 329 572 σύνης
361 499 434 554 τὰ
461 498 678 572 φθαρτὰ
715 501 810 556 καὶ
853 501 1114 572 ἐπίκηρα,
1142 501 1346 572 ἀσθενῆ
1371 519 1428 555 τε
1453 503 1548 555 καὶ
1569 503 1730 556 οὐδα-

1846 510 1978 566 mnii
2011 521 2170 582 atque
2213 521 2413 574 umbrae
2462 521 2627 576 instar
2679 533 2991 592 pra-tereaut
3019 539 3085 580 ac
3127 525 3408 580 deleantur

154 592 320 660 μινὰ,
351 591 461 645 τῶν
483 591 774 662 ἀφθάρτων
801 595 1091 666 προκρῖναι
1124 595 1217 646 καὶ
1239 593 1495 656 αίωνίων,
1515 595 1727 664 ἀκηρά-

153 699 271 736 των
299 699 358 736 τε
388 682 484 735 καὶ
513 683 907 754 ἀτελευτήτων,
939 686 1035 736 καὶ
1065 687 1130 754 τῇ
1185 684 1504 754 προσκαίρῳ
1526 684 1729 737 τούτων

149 771 459 824 ἀπολαύσει
521 773 619 842 τῆς
652 774 932 844 ὰδιαδόχου
979 775 1307 846 στερηθῆναι
1357 775 1465 826 τῶν
1511 772 1730 842 ἀγαθῶν

149 863 382 917 ἐκείνων
415 865 808 933 ἀπολαύσεως;
835 867 909 919 Οὐ
945 868 1193 937 συνήσεις
1225 865 1416 926 ταῦτα,
1446 858 1491 916 ὦ
1523 864 1728 931 trdits-:9;

149 955 217 1006 οὐ
269 956 651 1026 παραδραμεῖς
699 957 767 1009 τὰ
817 956 1254 1026 παρατρέχοντα,
1302 955 1397 1008 καὶ
1446 953 1727 1025 προσθήσῃ

150 1047 274 1108 τοῖς
299 1047 687 1115 ὲπιμένουσινς
717 1048 775 1100 οὐ
805 1048 1167 1116 προτιμήσεις
1201 1045 1300 1116 τὴν
1326 1045 1604 1098 κατοικίαν
1633 1046 1730 1114 τῆς

154 1136 478 1207 παροικίας,
525 1137 588 1190 τὺ
634 1137 748 1206 φῶς
791 1138 886 1190 τοῦ
941 1137 1185 1206 σκότους,
1245 1137 1306 1189 τὺ
1367 1136 1583 1204 πνεῦμα
1631 1135 1730 1203 τῆς

153 1228 382 1297 σαρκὸς,
400 1227 498 1298 τὴν
528 1227 744 1280 αἰώνιον
763 1229 908 1299 ζωὴν
931 1229 1033 1297 τῆς
1059 1229 1216 1290 σκιᾶς
1234 1227 1326 1280 τοῦ
1345 1226 1576 1280 θανάτου
1592 1226 1726 1297 (⁸71),

149 1317 227 1370 τὰ
257 1317 332 1388 μὴ
378 1318 615 1387 λυόμενα
651 1318 760 1372 τῶν
811 1318 1074 1388 ρεόντων;
1112 1319 1213 1372 οὐκ
1243 1318 1482 1390 ἐκφεύξῃ
1501 1318 1602 1388 τῆς
1629 1337 1728 1389 χα-

149 1410 330 1480 λεπῆς
366 1409 612 1471 δουλείας
657 1409 752 1463 τοῦ
791 1409 967 1464 δεινοῦ
1009 1410 1470 1482 κοσμοκράτορος,
1499 1411 1596 1464 τοῦ
1641 1429 1732 1464 πο-

152 1503 352 1573 νηροῦ,
410 1503 577 1572 φημὶ,
606 1501 854 1556 διαϐόλου
879 1503 1014 1573 (72),
1064 1504 1256 1574 καὶτῷ
1300 1504 1489 1574 ἀγαθῷ
1521 1504 1615 1558 καὶ
1640 1504 1730 1556 εὐ-

155 1593 458 1663 σπλάγχνῳ
491 1593 587 1646 καὶ
635 1595 1048 1664 πανοικτίρμονι
1078 1595 1410 1666 οἰκειωθήσῃ
1439 1594 1727 1668 Asander};

151 1679 255 1743 οὗ,
275 1681 377 1748 τῆς
413 1679 522 1731 τῶν
550 1679 759 1732 πολλῶν
788 1681 1029 1746 ἀποστὰς
1057 1683 1154 1734 καὶ
1183 1681 1553 1753 ψευδωνύμων
1592 1683 1728 1736 θεῶν

151 1767 415 1838 λατρείας
435 1809 450 1831 ,
482 1767 560 1837 τῷ
586 1769 667 1820 ἑνὶ
688 1769 1006 1839 λατρεύσεις
1027 1771 1262 1840 ἀληθινῷ
1285 1772 1380 1825 καὶ
1403 1771 1563 1840 ζῶντι
1587 1773 1728 1842 Θεῷς

1843 598 2019 666 (Paul.
2047 609 2248 675 exuti),
2283 609 2418 662 adeo
2465 621 2520 664 ut
2559 612 2891 666 instabilibus
2926 615 3098 679 potius
3133 615 3301 675 auris.
3345 623 3405 670 et

1843 703 1996 758 navis
2033 717 2128 772 per
2163 718 2312 759 mare
2336 705 2604 760 currentis
2630 703 2884 771 vestigiis,
2927 718 3086 771 quam
3135 703 3404 756 hominum

1837 793 2182 861 prceperitati
2207 793 2340 847 tides
2370 793 2608 848 habenda
2637 793 2737 857 sit;
2765 807 2882 862 quae
2913 793 3124 846 tandem
3151 791 3406 854 simplici-

1845 889 1948 952 tas,
1990 883 2074 936 vel
2101 893 2158 936 ut
2197 885 2392 940 rectius
2437 885 2640 952 loquar.
2671 885 2892 938 stultitia
2919 895 2971 938 et
3001 883 3268 938 deu'ientia
3298 883 3410 936 iure

1842 980 1948 1036 est,
1975 986 2038 1026 ea
2065 987 2182 1040 quae
2212 975 2408 1028 caduca
2447 983 2502 1027 et
2532 974 2791 1028 imbecilla
2833 975 3264 1042 eorruptionique
3303 971 3405 1039 ob-

1833 1061 2002 1120 .noxia
2032 1071 2177 1126 sunt,
2207 1061 2314 1122 imo
2344 1062 2477 1116 nihil
2509 1077 2724 1131 prorsus
2751 1071 2892 1126 sunt,
2922 1063 2984 1115 iis
3011 1077 3130 1130 qua:
3165 1076 3194 1114 a
3227 1076 3411 1116 corru-

1847 1151 2028 1221 ptione
2051 1152 2221 1207 aliena
2247 1168 2309 1208 ac
2331 1155 2650 1220 sempiterna
2688 1164 2834 1218 sunt,
2867 1142 3069 1220 potiora
3099 1152 3317 1217 ducere,
3347 1167 3411 1206 ac

1849 1251 2066 1310 propter
2109 1241 2424 1295 eaduearum
2469 1257 2648 1296 rerum
2701 1244 2943 1306 fructum,
3000 1242 3256 1296 bonorum
3297 1242 3413 1295 illo-

1848 1348 1969 1386 rum
1995 1333 2166 1388 fruetu
2189 1334 2256 1388 ab
2276 1335 2419 1387 omni
2449 1335 2788 1388 successione
2815 1345 3020 1390 remoto
3053 1336 3244 1400 privari
3267 1335 3288 1388 τ
3331 1337 3410 1387 An

1843 1435 1954 1477 non
1986 1424 2122 1486 haec,
2149 1444 2181 1477 υ
2225 1433 2394 1492 pater,
2441 1425 2740 1494 intelliges?
2773 1427 2850 1478 An
2884 1441 2990 1478 non
3038 1425 3411 1494 printereuntia

1845 1513 2167 1584 praeteribis,
2198 1523 2356 1580 atque
2381 1514 2444 1568 ad
2485 1530 2548 1568 ea
2589 1530 2707 1582 quae
2734 1513 2840 1568 ﬁxa
2865 1525 2916 1569 et
2943 1526 3087 1570 certa
3117 1528 3262 1584 sunt,
3297 1516 3412 1568 ani-

1846 1617 1991 1655 mum
2024 1603 2323 1671 adiunges?
2365 1605 2444 1658 An
2477 1620 2580 1658 non
2614 1607 2837 1674 patriam
2868 1607 3279 1674 peregrinationi
3319 1622 3414 1660 an-

1846 1693 2288 1761 tepones,lur.em
2322 1696 2575 1758 tenebris,
2629 1697 2871 1762 spiritum
2925 1699 3096 1758 carui,
3133 1698 3290 1750 vitam
3337 1712 3413 1750 re-

1841 1788 2052 1837 ternam
2083 1783 2284 1836 umbra:
2307 1784 2513 1846 mortis,
2557 1799 2616 1837 ea
2657 1800 2774 1852 quae
2808 1801 2910 1836 non
2935 1787 3113 1838 dilabu
3142 1795 3238 1836 stur
3261 1786 3416 1837 ﬂuxis

153 1860 206 1910 εί
241 1860 364 1926 γὰρ
385 1860 476 1911 καὶ
509 1860 757 1927 ἥμαρτες
797 1860 965 1930 αὐτῷ,
1007 1861 1176 1914 πολλὰ
1208 1862 1606 1933 βλασφημήσας
1637 1865 1732 1917 καλ⁵

1845 1883 1902 1928 et
1929 1871 2236 1938 fragilibus?
2259 1874 2337 1926 An
2369 1889 2474 1930 non
2502 1889 2566 1928 ex
2597 1875 2763 1930 atroci
2803 1875 2900 1929 hac
2942 1875 3192 1928 horrendi
3227 1875 3412 1928 umndi

151 1950 282 2010 τοὺς
327 1939 494 2000 αὑτοῦ
533 1949 869 2016 θεράποντας
901 1949 1100 2012 δειναῖς
1150 1950 1354 2004 ἀνελὼν
1415 1954 1734 2024 τιμωρίαις,

149 2043 204 2109 2
217 2040 328 2109 19
347 2040 548 2092 ἁλλὰδέ
559 2039 706 2102 ξεταί
723 2058 806 2104 σε,
827 2040 888 2093 εὖ
907 2037 1040 2106 οἴδα,
1066 2043 1094 2092 ὁ
1112 2042 1313 2110 ἀγαθὸς
1334 2044 1736 2113 ἐπιστρέψαντα

152 2133 252 2184 καὶ
277 2131 494 2183 πάντων
523 2146 613 2182 σου
644 2131 1048 2200 ἀμνημονεύσει
1077 2132 1183 2184 τῶν
1208 2133 1692 2204 πλημμελημάτων
1717 2148 1732 2162 ·

150 2222 216 2274 οὗ
256 2221 509 2292 βούλεται
541 2221 650 2292 γὰρ
683 2223 773 2275 τὸν
799 2223 1032 2278 ’θάνατον
1067 2225 1160 2278 τοῦ
1194 2226 1540 2296 ἁμαρτωλοῦ,
1573 2227 1648 2288 ὡς
1675 2228 1737 2280 τὸ

155 2311 490 2381 ἐπιστρέψαι
521 2315 616 2366 καὶ
651 2312 752 2383 ζῇν
789 2314 950 2366 αὑτὸν
975 2315 1109 2385 (75),
1131 2318 1160 2368 ό
1185 2317 1253 2369 ὲκ
1277 2315 1384 2368 τῶν
1411 2317 1735 2388 ἀνεκδιηγή-

150 2417 264 2456 mw
294 2401 579 2455 κατελθὼν
605 2403 916 2472 ὐψωμάτων
967 2405 1060 2457 ἐπὶ
1090 2407 1318 2476 ζήτησιν
1369 2407 1476 2459 τῶν
1525 2407 1730 2478 πλανη-

151 2493 364 2547 θέντων
385 2495 560 2564 ἠμῶν,
607 2496 842 2566 σταυρόν
868 2514 927 2549 τε
955 2498 1048 2550 καὶ
1081 2497 1352 2566 μάστιγας
1389 2499 1482 2551 καὶ
1511 2498 1739 2552 θάνατον

154 2584 461 2654 ὑπομείνας
483 2585 551 2636 δι’
582 2588 751 2656 ἡμᾶς,
782 2588 878 2640 καὶ
913 2587 992 2657 τῷ
1023 2587 1190 2658 τιμίῳ
1228 2586 1394 2642 αὑτοῦ
1429 2589 1620 2658 αἵματι
1654 2589 1742 2654 tg-

152 2673 439 2744 αγοράσας
461 2675 604 2745 ἡμᾶς
629 2677 755 2740 τοὺς
777 2679 1172 2748 πεπραμένους
1200 2677 1304 2730 ὑπὸ
1318 2680 1417 2749 τὴν
1440 2681 1735 2751 ἁμαρτίαν.

159 2769 336 2839 Αὐτῷ
371 2772 404 2840 ἡ
435 2771 561 2837 δόξα
591 2773 686 2826 καὶ
712 2774 916 2838 αῐνεσις
954 2776 1036 2838 εἰς
1059 2776 1186 2840 τοὺς
1207 2776 1426 2840 αἰῶνας.
1473 2778 1669 2850 Ἀμήν.

1845 1959 2122 2030 principis,
2163 1961 2264 2016 hoc
2294 1975 2376 2016 est
2411 1963 2644 2030 perversi
2667 1966 2862 2018 diaboli
2911 1969 3189 2024 servitute,
3217 1966 3332 2032 fuga
3365 1975 3416 2018 te

1845 2051 2130 2116 Subduces,
2161 2060 2316 2118 teque
2347 2051 2411 2106 ad
2443 2037 2638 2106 bonum
2663 2063 2718 2108 ct
2747 2057 2810 2106 ad
2845 2055 3265 2108 misericnrdiam
3293 2071 3415 2120 prn-

1845 2139 2225 2216 pensissimum
2262 2141 2539 2194 Dominum
2570 2143 2846 2196 conteres?
2875 2145 2954 2196 An
2999 2159 3100 2198 non
3151 2158 3182 2198 a
3229 2147 3418 2196 multo-

1850 2243 1965 2281 rum
1995 2229 2478 2283 commcntitiornm
2500 2231 2716 2285 deorum
2741 2233 2883 2284 cultu
2910 2232 3134 2298 teipsum
3159 2232 3419 2296 abduces,

1849 2327 2010 2385 atque
2037 2318 2124 2370 imi
2149 2319 2268 2371 vivo
2307 2333 2369 2372 ac
2405 2335 2532 2372 vero
2563 2320 2670 2372 Deo
2700 2321 2898 2374 cultum
2928 2318 3203 2372 adhibebis
3228 2318 3250 2369 ?
3279 2319 3411 2372 Nam

1845 2408 1943 2462 etsi
1979 2409 2029 2460 in
2079 2409 2240 2461 Deum
2274 2409 2524 2478 peccasti,
2558 2424 2678 2463 cum
2709 2409 2901 2462 multas
2932 2409 2982 2462 iu
3005 2424 3127 2462 eum
3167 2407 3414 2475 blasphe-

1847 2498 1980 2549 mias
2020 2495 2272 2562 eﬂudisti,
2306 2507 2464 2567 atque
2491 2499 2654 2566 ipsius
2672 2513 2860 2554 servos
2895 2498 3146 2566 gravibus
3177 2509 3421 2552 tormento-

1849 2589 1918 2640 tis
1945 2588 2281 2642 excruciatos
2307 2591 2528 2656 necasti,
2565 2605 2669 2646 non
2695 2599 2870 2644 tamen
2900 2589 3086 2644 dubito
3112 2589 3238 2656 quin
3265 2597 3316 2642 te
3349 2587 3423 2642 atl-

1847 2679 2122 2734 meliorem
2169 2689 2400 2735 mentem
2431 2682 2738 2735 redeuutem
2789 2689 3131 2747 suscepturus
3161 2681 3251 2742 sit,
3295 2693 3412 2730 om-

1858 2769 2053 2837 niaque
2080 2769 2270 2824 delicta
2310 2781 2396 2824 tua
2444 2786 2474 2826 e
2505 2773 2758 2824 memoria
2797 2770 3085 2839 ejecturus.
3130 2769 3244 2823 Non
3271 2769 3422 2822 enim

159 2873 398 2918 mortem
432 2864 754 2932 peccatoris,
789 2863 882 2916 sed
916 2863 1089 2932 magis
1127 2874 1184 2916 ut
1212 2870 1565 2918 convertatur
1591 2870 1644 2916 et
1673 2860 1838 2924 vivat,
1871 2859 1960 2914 ille
1985 2861 2096 2914 vult
2129 2858 2343 2930 (Ezecli.
2390 2863 2568 2930 nni),
2601 2863 2691 2931 qui
2729 2873 2786 2916 ιιι
2820 2877 2918 2916 nos
2953 2878 2982 2916 a
3024 2872 3168 2916 recta
3200 2862 3282 2914 via
3315 2863 3420 2916 ab-

149 2965 411 3012 errantes
444 2953 766 3023 requireret,
798 2969 862 3006 ex
899 2968 962 3007 ea
993 2953 1326 3007 sublimitate
1361 2969 1482 3022 (inae
1514 2952 1682 3006 nullis
1711 2949 1895 3010 verbis
1926 2949 2123 3017 exponi
2171 2959 2348 3017 potest
2393 2951 2692 3014 descendit,
2726 2967 3054 3020 crucemque
3094 2960 3147 3005 et
3186 2961 3415 3006 mortem

149 3060 349 3104 nostra
380 3059 544 3098 causa
576 3043 828 3112 pertulit,
849 3055 912 3096 ac
943 3056 1043 3095 nos
1079 3042 1171 3110 qui
1207 3042 1310 3096 sub
1341 3051 1562 3110 peccato
1595 3039 1800 3094 venditi
1831 3053 2050 3106 eramus
2089 3037 2266 3111 (Rom.
2301 3041 2418 3110 vii),
2443 3041 2678 3109 pretioso
2718 3057 2818 3096 suo
2867 3043 3134 3110 sanguine
3168 3041 3415 3104 redemit,

150 3140 251 3208 Ipsi
289 3140 414 3191 laus
443 3149 500 3190 et
525 3136 706 3205 gloria
726 3134 778 3187 in
807 3134 1002 3187 sarcula
1035 3135 1377 3188 saiculorum.
1409 3135 1600 3188 Amen.

211 3229 333 3284 Τοῦ
362 3229 423 3282 δὲ
454 3228 717 3299 βασιλέως
762 3226 1023 3297 ἐκπλήξει
1071 3244 1130 3281 τε
1159 3227 1278 3298 ἅμα
1319 3227 1416 3281 καὶ
1447 3227 1584 3299 ὀργῇ
1628 3228 1727 3300 λη-

1865 3281 1872 3288 .
1903 3233 2014 3289 Rex
2045 3240 2224 3288 autem
2253 3213 2468 3300 stupore
2496 3232 2652 3286 simul
2683 3240 2843 3300 atque
2871 3231 2948 3284 ira
2965 3239 3244 3297 correptus
3271 3237 3391 3283 est:

147 3321 403 3392 φθέντος,
441 3322 502 3372 τὸ
547 3321 647 3390 μὲν
673 3320 764 3371 ἐπὶ
792 3321 858 3389 τῇ
903 3319 998 3372 τοῦ
1029 3320 1217 3382 παιδὸς
1254 3321 1468 3373 συνέσει
1496 3321 1592 3374 καὶ
1620 3322 1731 3383 τοῖς

149 3412 574 3482 ἀναντιρῤήτοις
595 3409 760 3464 αὐτοῦ
788 3411 1018 3481 ῥήμασι,
1041 3409 1100 3462 τὸ
1131 3411 1188 3462 δὲ
1205 3411 1288 3478 ἐφ’
1311 3404 1354 3478 ᾧ
1371 3411 1496 3473 τοὺς
1521 3410 1734 3464 ἐκείνου

150 3506 209 3558 οὐ
235 3504 485 3559 διέλιπεν
528 3501 890 3555 ἐνδιαϐάλλων
939 3501 1095 3564 θεοὺς
1145 3501 1240 3554 καὶ⁹
1268 3502 1387 3554 ὅλον
1436 3501 1602 3555 αὑτοῦ
1630 3520 1732 3572 μυ-

154 3595 440 3667 κτηρίςων
473 3594 566 3646 καὶ
607 3593 883 3664 χλευάζων
921 3593 1012 3646 τὸν
1063 3592 1197 3662 βίον,
1231 3593 1291 3646 τὸ
1329 3593 1426 3663 μὲν
1447 3593 1543 3646 τοῦ
1572 3593 1736 3662 λόγου

156 3688 393 3758 φαιδρὸν
425 3686 513 3741 διὰ
550 3686 649 3756 τὴν
674 3685 821 3739 ἔνδον
852 3685 952 3737 οὐκ
984 3687 1200 3751 ἐδέξατο
1227 3685 1324 3738 τοῦ
1364 3687 1588 3748 σκότους
1630 3703 1742 3740 πα·-

158 3780 399 3852 χὺτητα,
427 3777 849 3848 τιμωρήσασθαι
892 3779 947 3830 δὲ
986 3779 1146 3830 αὐτὸν
1182 3778 1214 3848 ἢ
1250 3778 1436 3842 κακῶς
1468 3795 1521 3830 τι
1554 3776 1736 3831 διαθέ-

161 3869 288 3924 σθαι
325 3871 393 3939 τῇ
439 3872 640 3939 φυσικῇ
681 3871 758 3939 μὴ
784 3869 1082 3939 δυνάμενος
1129 3871 1352 3940 στοργῇ,
1401 3869 1460 3922 τὸ
1484 3868 1539 3922 δὲ
1570 3886 1737 3939 μετα-

159 3963 377 4015 πείσειν
407 3961 566 4014 αὑτὸν
625 3961 874 4024 ἀπειλαῖς
925 3961 1102 4029 πάντη
1155 3961 1448 4026 ἀπογνοὺς,
1480 3959 1738 4027 φοϐηθεὶς

166 4050 262 4121 μὴ,
295 4048 552 4112 πλείονας
606 4051 833 4118 κινήσας
877 4051 1012 4118 πρὸς
1049 4048 1212 4100 αὐτὸν
1259 4048 1472 4113 λόγους,
1528 4046 1738 4099 ἐκείνου

169 4139 696 4211 παρρησιαζομένου
734 4141 827 4193 καὶ
855 4140 922 4192 τὰ
949 4140 1055 4190 τῶν
1086 4138 1224 4191 θεῶν
1259 4135 1740 4206 διακωμῳδοῖιντος

170 4234 264 4284 καὶ
293 4229 670 4300 χλευάζοντος,
714 4232 794 4294 είς
835 4230 1057 4282 πλείονα
1107 4228 1276 4298 θυμὸν
1325 4226 1601 4296 ὲξαφθεὶς,
1632 4226 1742 4278 τῶν

174 4319 441 4373 ὲιαντίων
475 4321 554 4380 εὶς
580 4319 739 4370 αὐτόν
768 4335 818 4370 τι
839 4315 1208 4385 διαπράξοιτο,
1257 4315 1372 4384 μετ’
1406 4312 1574 4382 ὀργῆς
1606 4312 1741 4364 ἀνα-

170 4409 331 4472 στὰς,
369 4406 900 4478 ὑπεχιῦρησεν,Εἰθε
934 4391 1178 4476 μηδόλως
1200 4402 1516 4473 ἐγεννήθης,
1550 4400 1741 4466 εἰπὼν,

174 4499 306 4568 μήτ’
341 4500 420 4560 είς
451 4497 565 4566 φῶς
616 4495 907 4567 προῆλθες,
953 4494 1193 4556 τοιοῦτος
1257 4493 1464 4563 μέλλων
1500 4492 1739 4558 ἔσεσθαι,

175 4583 495 4654 βλάσφημος
517 4585 595 4646 είς
615 4585 745 4646 τοὺς
775 4583 932 4646 θεοὺς
960 4583 1054 4635 καὶ
1078 4583 1177 4650 τῆς
1207 4581 1482 4651 πατρικῆς
1505 4581 1743 4634 ἀποστά-

173 4690 273 4743 της
295 4672 484 4739 φιλίας
515 4673 700 4725 τεκαὶ
743 4672 1054 4734 νουθεσίαςι
1127 4671 1266 4723 Ἀλλ’
1311 4671 1416 4722 οὐκ
1461 4671 1542 4732 είς
1595 4669 1748 4732 τέλος

173 4763 284 4816 τῶν
339 4763 622 4832 ἀηττήτων
670 4763 1048 4833 καταμωκήσῃ
1101 4761 1259 4824 θεῶν,
1303 4760 1414 4812 οὐδ’
1471 4761 1563 4812 ἐπὶ
1612 4761 1747 4813 πολὺ

178 4855 514 4926 χαρήσονται
549 4855 599 4906 οί
639 4854 970 4920 ὑπεναντίοι,
1003 4854 1113 4907 οὐδ’
1145 4857 1202 4907 αἱ
1233 4855 1440 4909 τούτων
1473 4856 1752 4926 ἰσχύσουσιν

181 4946 346 5017 220
387 4950 654 5016 γοητεῖαι.
691 4949 753 5000 Ei
785 4946 860 5018 μὴ
883 4947 994 5019 γὰρ
1037 4948 1262 5019 εὐήκοος
1290 4948 1502 5020 γενήσῃ
1537 4965 1627 5019 μοι
1662 4947 1756 5002 καὶ

1834 3323 1960 3386 illud
1987 3337 2204 3390 nempe,
2235 3323 2305 3378 ob
2325 3323 2420 3376 lilii
2439 3323 2640 3384 pruden
2665 3321 2793 3386 iam,
2822 3330 2981 3388 atque
3007 3320 3269 3384 ejusmodi
3291 3333 3400 3372 ser-

1834 3429 2040 3478 mones,
2079 3416 2166 3481 qui
2195 3416 2340 3468 nullo
2377 3423 2530 3482 pacto
2569 3414 2739 3467 refelli
2785 3420 3036 3481 possent;
3071 3413 3168 3464 hoc
3197 3421 3396 3474 autem,

1834 3505 1956 3572 quia
1985 3504 2156 3572 ipsius
2176 3505 2308 3560 deos
2340 3505 2618 3557 traducere
2660 3517 2720 3556 ac
2750 3501 3020 3555 criminari
3051 3516 3154 3553 non
3192 3499 3403 3552 desine-

1825 3595 1947 3676 bat,
1975 3606 2248 3664 totamque
2277 3595 2444 3664 ipsius
2467 3596 2624 3648 vitam
2651 3593 2970 3665 suggillabat
3005 3606 3066 3645 ac
3091 3591 3400 3658 proscinde-

1843 3686 1955 3741 bat.
1998 3687 2172 3756 Atque
2195 3686 2498 3755 hujusmodi
2524 3687 2734 3756 quidem
2774 3685 3036 3738 sermonis
3065 3683 3406 3751 splendorem

1840 3782 1912 3836 ob
1950 3782 2212 3835 internam
2265 3781 2608 3834 tenebrarum
2653 3778 2952 3832 crassitiem
2999 3775 3412 3839 haudquaquam.

1841 3871 2073 3926 admisit.
2107 3869 2238 3925 Cum
2276 3879 2454 3922 autem
2483 3869 2552 3921 ob
2591 3868 2786 3920 amoris
2824 3881 2851 3917 a
2887 3874 3068 3918 natura
3103 3863 3244 3915 insiti
3273 3861 3408 3912 aﬂ'e-

1841 3970 1986 4016 ctum
2019 3963 2070 4015 in
2101 3962 2270 4027 ipsum
2311 3958 2758 4020 animadvertere,
2786 3965 2874 4009 aut
2913 3969 3032 4006 eum
3065 3953 3205 4006 malo
3233 3953 3408 4018 a!iquo

1842 4052 2065 4106 multare
2092 4065 2194 4103 non
2223 4057 2432 4118 posset,
2500 4056 2824 4110 rursumque
2894 4037 3075 4107 ipsum
3141 4033 3217 4094 de
3283 4055 3410 4093 sen-

1847 4142 2008 4196 tentia
2041 4140 2313 4193 dimovere
2341 4153 2399 4192 se
2428 4149 2586 4208 posse
2613 4148 2830 4204 prorsus
2855 4133 3184 4200 desperaret,
3214 4130 3412 4182 veritus

1847 4247 1916 4288 ne
1946 4232 1990 4288 si
2025 4232 2264 4302 pluribus
2295 4246 2417 4284 cum
2447 4229 2786 4290 sermonibus
2816 4227 3120 4287 lacesseret,
3148 4238 3214 4277 eo
3247 4223 3413 4276 libere

1849 4337 1914 4378 ac
1953 4323 2178 4395 fidenter
2199 4322 2468 4388 loquente.
2503 4319 2738 4386 deosque
2765 4316 3081 4385 suggillante
3122 4323 3282 4383 atque
3323 4323 3436 4366 ea—'

1849 4412 2333 4483 villis~iusectante,
2367 4409 2566 4477 majore
2597 4408 2710 4478 ipse
2738 4403 3007 4460 iracundia
3039 4404 3412 4464 inﬂammatus,

1851 4501 2044 4558 hostile
2075 4499 2274 4568 aliquid
2307 4499 2359 4552 in
2391 4513 2510 4552 eum
2547 4497 2874 4565 designaret,
2917 4495 3054 4548 irato
3086 4494 3260 4548 animo
3300 4507 3414 4544 sur-

1853 4607 1988 4662 gens
2033 4588 2282 4655 secessit,
2334 4587 2413 4639 liis
2460 4587 2716 4639 dmitaxat
2761 4583 2938 4637 verbis
2987 4591 3180 4634 utens:
3213 4580 3422 4634 Utinam

1855 4692 2122 4747 nunquam
2154 4685 2307 4729 natus
2339 4674 2551 4738 fuisses,
2597 4687 2694 4725 nec
2723 4672 2773 4724 in
2819 4671 2988 4723 lucem
3021 4669 3338 4736 prodiisses,
3380 4667 3429 4717 si

1857 4771 2082 4840 quidem
2112 4769 2344 4822 l'uturum
2373 4775 2490 4819 erat
2518 4777 2574 4817 ut
2603 4765 2654 4817 in
2695 4762 2821 4817 deos
2853 4769 2958 4814 tam
2989 4760 3179 4827 impius
3217 4769 3272 4812 et
3299 4775 3428 4812 cou-

1861 4857 2173 4914 tumeliosus
2200 4868 2374 4918 esses,
2400 4861 2556 4922 atque
2588 4868 2618 4906 a
2648 4859 2862 4922 paterna
2892 4850 3122 4903 amicitia
3153 4856 3206 4903 et
3231 4848 3420 4901 admo-

1863 4949 2064 5008 nitione
2089 4945 2424 5010 abscederes.
2471 4943 2664 5000 Verum
2703 4941 2996 5002 adversarii
3026 4941 3154 4996 deos
3199 4953 3423 5010 quorum

257 5169 370 5236 (7|)
403 5167 692 5240 Gregorius
721 5168 854 5222 Naz.
887 5177 1028 5222 orat.
1065 5168 1153 5230 1.6,
1187 5183 1240 5240 ιι.
1270 5167 1379 5223 252
1409 5185 1421 5220 :
1455 5167 1551 5231 Τίς
1583 5167 1734 5240 σοφὸς

1845 5167 1896 5222 αὶ
1928 5167 2151 5240 συνήσει
2199 5166 2406 5240 causa;
2435 5165 2521 5240 τίς
2549 5164 2988 5240 παραδραμεῖται
3145 5161 3424 5240 ποιρᾳτρέε

187 5230 380 5308 κοντας
411 5238 493 5301 τίς
514 5230 891 5308 προσθήσεται
920 5230 1381 5306 τοῖςέπιιλένουσι
1407 5230 1631 5300 ;....ίτίς
1659 5230 2028 5308 διαιρήσει....
2048 5230 2356 5308 ’παροικίαν
2376 5230 2488 5308 *καὶ
2517 5230 2798 5308 κατοικίαν
2810 5230 2948 5308 ﬁbri;
2979 5232 3166 5308 σκότος
3195 5231 3303 5284 ἀπὸ
3329 5230 3435 5284 τοῦτ

192 5299 489 5378 Eumene;
521 5299 603 5371 τίς
644 5299 823 5378 σάρκα
855 5311 949 5359 καὶ
979 5299 1230 5377 πνεῦμα;
1259 5308 1344 5370 τίς
1373 5299 1506 5360 Θεὸν
1536 5299 1629 5362 καὶ
1659 5299 2111 5378 κοσμοκράτορα;
2143 5299 2226 5378 τίς
2256 5306 2489 5378 θανάτου
2520 5305 2678 5358 σκιὰν
2707 5303 2799 5357 καὶ
2825 5299 3247 5378 ζωὴναίῴνιονς

261 5370 458 5445 (72)]ιι
492 5370 730 5430 ιιιιιιιίιιθ’
750 5370 1221 5447 κοσμοκράτορος,
1250 5380 1390 5442 quod
1437 5393 1734 5447 syuouyuio

1849 5370 2043 5430 α’ϐὀλοὶι
2087 5370 2303 5447 ιίοιιιὶιιε
2348 5377 2871 5447 interpret_atur,_est
2922 5370 3210 5447 @iltl‘SiO-ﬁ‘!
3241 5371 3426 5447 locum

193 5437 557 5524 Paitli,_siipra
591 5461 647 5524 ξ)ἑ
662 5447 766 5524 15,
800 5437 978 5524 £1.43..-
1007 5437 1320 5524 l’se'lltisjie
1354 5437 1581 5524 (Ιτειιῖοιι.
1611 5437 1688 5515 ἐι.

1845 5466 1847 5498 :
1881 5447 1939 5498 τὸ
1968 5446 2088 5524 γὰρ.
2123 5445 2216 5498 τοῦ
2260 5437 2626 5524 Ἀντιχρίστοῦ
2675 5441 2882 5524 κρόιτος⁸
2921 5441 3086 5508 ἐγγὺς
3115 5439 3208 5524 ἐπὶ
3238 5437 3440 5524 θύραις

192 5517 333 5585 ἣκει.
370 5509 549 5574 Codex
586 5509 722 5570 5510
752 5509 876 5586 ΞςΤὸ
895 5515 1003 5586 γάρ
1031 5533 1114 5567 τοι
1143 5515 1344 5583 κράτος
1370 5514 1462 5567 τοῦ
1494 5509 1734 5586 κοσμοκρ

1849 5533 1940 5586 ρος
1969 5509 2228 5586 ἐγγυς-,νη
2263 5509 2460 5586 Nescio
2493 5529 2634 5586 nunc
2659 5509 2782 5578 quid
2815 5510 3048 5586 eligant;
3084 5509 3272 5586 saltem
3313 5509 3432 5562 Ἀνο

192 5577 471 5654 τιχρίστου
500 5589 604 5639 erit
637 5577 1060 5644 rescribendum,
1093 5577 1440 5653 iiot'audaque
1489 5577 1722 5640 imitatio

1849 5577 2023 5640 reiaui
2049 5577 2174 5637 'Ioei
2224 5598 2345 5648 xm,
2377 5577 2447 5636 99
2480 5597 2494 5636 :
2530 5577 2698 5634 Ὅταν
2738 5577 2914 5633 ταῦτα
2968 5578 3114 5650 ἴδητε
3143 5577 3424 5650 γινόμενα,

196 5653 488 5721 γινώσκετε
518 5655 598 5707 ὅτι
628 5655 791 5722 ἐγγύς
823 5655 969 5706 ἐστιν
1000 5653 1092 5705 ἐπὶ
1123 5655 1332 5774 θύραις.

267 5725 377 5774 (75)
411 5727 604 5774 Ezecli.
641 5740 830 5774 xxxiii.
866 5725 924 5774 Η
963 5739 977 5774 :
1010 5723 1147 5774 Τάδε
1226 5724 1332 5774 έγει

267 5725 377 5792 (75)
411 5727 604 5778 Ezeeli.
641 5740 830 5785 ιιικιιι,
866 5725 924 5776 ii
963 5739 977 5774 :
1010 5723 1147 5792 Τάδε

198 5793 503 5862 ἀσεϐῆόιπο
529 5795 628 5864 τῆς
657 5794 773 5848 όδοῦ
804 5792 969 5846 αὑτοῦ
1001 5793 1095 5846 καὶ
1126 5791 1222 5863 ζῇν
1256 5792 1439 5845 αὐτόν.

1371 5721 1592 5795 Κόριος·
1627 5725 1700 5780 Οὐ
1739 5723 1998 5795 βούλομαι
2031 5721 2118 5776 τὸν
2159 5721 2391 5776 θάνατον
2429 5719 2522 5774 τοῦ
2555 5717 2786 5784 ἀσεϐοῦς
2809 5759 2824 5785 ,
2857 5719 2932 5785 ὡς
2973 5699 3310 5790 ἀποστρέψαι
3341 5717 3443 5770 τὺνι
