  <div class='ocr_page' id='page_1' title='image "/cluster/home/n/w/nwhite01/storage/ocr_20150623/96/hvd.32044073502114/558.png"; bbox 0 0 3888 6344; ppageno 0'>
   <div class='ocr_carea' id='block_1_1' title="bbox 197 328 344 392">
    <p class='ocr_par' dir='ltr' id='par_1_1' title="bbox 197 328 344 392">
     <span class='ocr_line' id='line_1_1' title="bbox 197 328 344 392; baseline -0.02 0"><span class='ocrx_word' id='word_1_1' title='bbox 197 328 344 392; x_wconf 83' lang='lat'><strong>1089</strong></span> 
     </span>
    </p>
   </div>
   <div class='ocr_carea' id='block_1_2' title="bbox 1300 323 2388 395">
    <p class='ocr_par' dir='ltr' id='par_1_2' title="bbox 1300 323 2388 395">
     <span class='ocr_line' id='line_1_2' title="bbox 1300 323 2388 395; baseline 0.01 -10"><span class='ocrx_word' id='word_1_2' title='bbox 1300 323 1471 385; x_wconf 67' lang='lat' dir='ltr'><strong>VITA</strong></span> <span class='ocrx_word' id='word_1_3' title='bbox 1515 327 1868 390; x_wconf 79' lang='lat' dir='ltr'><strong>BARLAAM</strong></span> <span class='ocrx_word' id='word_1_4' title='bbox 1910 332 2004 391; x_wconf 90' lang='lat' dir='ltr'><strong>ET</strong></span> <span class='ocrx_word' id='word_1_5' title='bbox 2040 332 2388 395; x_wconf 77' lang='lat' dir='ltr'><strong>JOASAI’II.</strong></span> 
     </span>
    </p>
   </div>
   <div class='ocr_carea' id='block_1_3' title="bbox 3315 377 3452 451">
    <p class='ocr_par' dir='ltr' id='par_1_3' title="bbox 3315 377 3452 451">
     <span class='ocr_line' id='line_1_3' title="bbox 3315 377 3452 451; baseline 0.029 -4"><span class='ocrx_word' id='word_1_6' title='bbox 3315 377 3452 451; x_wconf 79' lang='lat'><strong>1090</strong></span> 
     </span>
    </p>
   </div>
   <div class='ocr_carea' id='block_1_4' title="bbox 181 429 1738 543">
    <p class='ocr_par' dir='ltr' id='par_1_4' title="bbox 181 429 1738 543">
     <span class='ocr_line' id='line_1_4' title="bbox 181 429 1738 508; baseline 0.004 -24"><span class='ocrx_word' id='word_1_7' title='bbox 181 432 384 486; x_wconf 83' lang='grc' dir='ltr'>τοῦτον</span> <span class='ocrx_word' id='word_1_8' title='bbox 422 431 880 503; x_wconf 72' lang='grc' dir='ltr'>προσεκαλέσατο.</span> <span class='ocrx_word' id='word_1_9' title='bbox 909 429 1040 487; x_wconf 75' lang='grc' dir='ltr'>Εἶτα</span> <span class='ocrx_word' id='word_1_10' title='bbox 1077 436 1438 506; x_wconf 73' lang='grc' dir='ltr'><strong>περιπλακεὶς</strong></span> <span class='ocrx_word' id='word_1_11' title='bbox 1467 439 1738 508; x_wconf 72' lang='grc' dir='ltr'><strong>κατεφίλει</strong></span> 
     </span>
     <span class='ocr_line' id='line_1_5' title="bbox 186 523 1738 543; baseline 0 0"><span class='ocrx_word' id='word_1_12' title='bbox 186 523 1270 543; x_wconf 31' lang='grc' dir='ltr'><strong>--ρνμ.ριηιοαι...</strong></span> <span class='ocrx_word' id='word_1_13' title='bbox 1448 525 1738 543; x_wconf 49' lang='lat' dir='ltr'><strong>ﬁ...</strong></span> 
     </span>
    </p>
   </div>
   <div class='ocr_carea' id='block_1_5' title="bbox 1853 429 3436 543">
    <p class='ocr_par' dir='ltr' id='par_1_5' title="bbox 1875 429 3436 543">
     <span class='ocr_line' id='line_1_6' title="bbox 3315 429 3436 451; baseline 0.008 -2"><span class='ocrx_word' id='word_1_14' title='bbox 3315 429 3436 451; x_wconf 69' lang='grc' dir='ltr'>-υυι</span> 
     </span>
     <span class='ocr_line' id='line_1_7' title="bbox 1875 465 3436 543; baseline 0.012 -27"><span class='ocrx_word' id='word_1_15' title='bbox 1875 465 2114 528; x_wconf 82' lang='lat' dir='ltr'><strong>accersit,</strong></span> <span class='ocrx_word' id='word_1_16' title='bbox 2147 474 2306 536; x_wconf 88' lang='lat' dir='ltr'><strong>atque</strong></span> <span class='ocrx_word' id='word_1_17' title='bbox 2331 468 2700 537; x_wconf 72' lang='lat' dir='ltr'><strong>complectitur</strong></span> <span class='ocrx_word' id='word_1_18' title='bbox 2740 480 2794 525; x_wconf 91' lang='lat' dir='ltr'><strong>et</strong></span> <span class='ocrx_word' id='word_1_19' title='bbox 2835 476 3436 543; x_wconf 78' lang='lat' dir='ltr'><strong>exosculatur,&#39;leniter-</strong></span> 
     </span>
    </p>
   </div>
   <div class='ocr_carea' id='block_1_6' title="bbox 181 523 1767 597">
    <p class='ocr_par' dir='ltr' id='par_1_6' title="bbox 181 523 1767 597">
     <span class='ocr_line' id='line_1_8' title="bbox 181 523 1767 597; baseline 0.003 -21"><span class='ocrx_word' id='word_1_20' title='bbox 181 523 388 595; x_wconf 79' lang='grc' dir='ltr'>πράως</span> <span class='ocrx_word' id='word_1_21' title='bbox 441 525 809 595; x_wconf 78' lang='grc' dir='ltr'><strong>ὑπερχόμενος</strong></span> <span class='ocrx_word' id='word_1_22' title='bbox 866 525 976 597; x_wconf 71' lang='grc' dir='ltr'><strong>(8Ξ)</strong></span> <span class='ocrx_word' id='word_1_23' title='bbox 1024 527 1119 579; x_wconf 75' lang='grc' dir='ltr'><strong>καὶ</strong></span> <span class='ocrx_word' id='word_1_24' title='bbox 1169 529 1348 597; x_wconf 75' lang='grc' dir='ltr'>ἠπίως</span> <span class='ocrx_word' id='word_1_25' title='bbox 1375 570 1391 596; x_wconf 86' lang='grc'><strong>,</strong></span> <span class='ocrx_word' id='word_1_26' title='bbox 1448 525 1519 582; x_wconf 84' lang='grc' dir='ltr'><strong><em>Ὦ</em></strong></span> <span class='ocrx_word' id='word_1_27' title='bbox 1579 531 1767 583; x_wconf 84' lang='grc' dir='ltr'>τέκνον</span> 
     </span>
    </p>
   </div>
   <div class='ocr_carea' id='block_1_7' title="bbox 178 615 1766 691">
    <p class='ocr_par' dir='ltr' id='par_1_7' title="bbox 178 615 1766 691">
     <span class='ocr_line' id='line_1_9' title="bbox 178 615 1766 691; baseline 0.005 -26"><span class='ocrx_word' id='word_1_28' title='bbox 178 615 592 679; x_wconf 71' lang='grc' dir='ltr'><strong>ποθεινότατον,</strong></span> <span class='ocrx_word' id='word_1_29' title='bbox 652 616 924 686; x_wconf 85' lang='grc' dir='ltr'>είρηκὼς,</span> <span class='ocrx_word' id='word_1_30' title='bbox 979 618 1075 670; x_wconf 77' lang='grc' dir='ltr'><strong>καὶ</strong></span> <span class='ocrx_word' id='word_1_31' title='bbox 1136 618 1480 690; x_wconf 84' lang='grc' dir='ltr'>φιλούμενον,</span> <span class='ocrx_word' id='word_1_32' title='bbox 1535 620 1766 691; x_wconf 88' lang='grc' dir='ltr'>τίμησον</span> 
     </span>
    </p>
   </div>
   <div class='ocr_carea' id='block_1_8' title="bbox 174 701 1766 780">
    <p class='ocr_par' dir='ltr' id='par_1_8' title="bbox 174 701 1766 780">
     <span class='ocr_line' id='line_1_10' title="bbox 174 701 1766 780; baseline 0.005 -26"><span class='ocrx_word' id='word_1_33' title='bbox 174 701 286 771; x_wconf 79' lang='grc' dir='ltr'><strong>τὴν</strong></span> <span class='ocrx_word' id='word_1_34' title='bbox 323 702 419 753; x_wconf 88' lang='grc' dir='ltr'><strong>τοῦ</strong></span> <span class='ocrx_word' id='word_1_35' title='bbox 459 702 551 755; x_wconf 88' lang='grc' dir='ltr'><strong>σοῦ</strong></span> <span class='ocrx_word' id='word_1_36' title='bbox 581 705 785 774; x_wconf 77' lang='grc' dir='ltr'>πατρὸς</span> <span class='ocrx_word' id='word_1_37' title='bbox 816 705 1029 770; x_wconf 84' lang='grc' dir='ltr'>πολιὰν,</span> <span class='ocrx_word' id='word_1_38' title='bbox 1067 710 1181 773; x_wconf 78' lang='grc' dir='ltr'>καὶ,</span> <span class='ocrx_word' id='word_1_39' title='bbox 1218 710 1318 777; x_wconf 87' lang='grc' dir='ltr'><strong>τῆς</strong></span> <span class='ocrx_word' id='word_1_40' title='bbox 1346 710 1487 780; x_wconf 83' lang='grc' dir='ltr'>ἐμῆς</span> <span class='ocrx_word' id='word_1_41' title='bbox 1525 712 1766 774; x_wconf 89' lang='grc' dir='ltr'>ἀκούσας</span> 
     </span>
    </p>
   </div>
   <div class='ocr_carea' id='block_1_9' title="bbox 172 792 1765 872">
    <p class='ocr_par' dir='ltr' id='par_1_9' title="bbox 172 792 1765 872">
     <span class='ocr_line' id='line_1_11' title="bbox 172 792 1765 872; baseline 0.007 -27"><span class='ocrx_word' id='word_1_42' title='bbox 172 792 449 862; x_wconf 84' lang='grc' dir='ltr'><strong>δεήσεως,</strong></span> <span class='ocrx_word' id='word_1_43' title='bbox 480 795 643 865; x_wconf 76' lang='lat'><strong>222</strong></span> <span class='ocrx_word' id='word_1_44' title='bbox 672 797 987 867; x_wconf 83' lang='grc' dir='ltr'>προσελθὼν</span> <span class='ocrx_word' id='word_1_45' title='bbox 1034 799 1226 854; x_wconf 81' lang='grc' dir='ltr'>θυσίαν</span> <span class='ocrx_word' id='word_1_46' title='bbox 1269 804 1382 864; x_wconf 83' lang='grc' dir='ltr'>τοῖς</span> <span class='ocrx_word' id='word_1_47' title='bbox 1416 802 1556 865; x_wconf 84' lang='grc' dir='ltr'>θεοῖς</span> <span class='ocrx_word' id='word_1_48' title='bbox 1593 819 1765 872; x_wconf 86' lang='grc' dir='ltr'>προσ-</span> 
     </span>
    </p>
   </div>
   <div class='ocr_carea' id='block_1_10' title="bbox 172 885 1764 963">
    <p class='ocr_par' dir='ltr' id='par_1_10' title="bbox 172 885 1764 963">
     <span class='ocr_line' id='line_1_12' title="bbox 172 885 1764 963; baseline 0.006 -26"><span class='ocrx_word' id='word_1_49' title='bbox 172 885 383 952; x_wconf 82' lang='grc' dir='ltr'>άγαγε.</span> <span class='ocrx_word' id='word_1_50' title='bbox 410 886 565 939; x_wconf 77' lang='grc' dir='ltr'>Οὓτω</span> <span class='ocrx_word' id='word_1_51' title='bbox 590 888 697 958; x_wconf 88' lang='grc' dir='ltr'><strong>γάρ</strong></span> <span class='ocrx_word' id='word_1_52' title='bbox 724 890 965 955; x_wconf 78' lang='grc' dir='ltr'>ἐκείνους</span> <span class='ocrx_word' id='word_1_53' title='bbox 984 908 1044 944; x_wconf 91' lang='grc' dir='ltr'><strong>τε</strong></span> <span class='ocrx_word' id='word_1_54' title='bbox 1067 893 1318 962; x_wconf 76' lang='grc' dir='ltr'>εὐμενεῖς</span> <span class='ocrx_word' id='word_1_55' title='bbox 1343 892 1507 958; x_wconf 77' lang='grc' dir='ltr'>ἕξεις,</span> <span class='ocrx_word' id='word_1_56' title='bbox 1532 894 1625 948; x_wconf 74' lang='grc' dir='ltr'>καὶ</span> <span class='ocrx_word' id='word_1_57' title='bbox 1657 912 1764 963; x_wconf 83' lang='grc' dir='ltr'>μα-</span> 
     </span>
    </p>
   </div>
   <div class='ocr_carea' id='block_1_11' title="bbox 164 976 1764 1053">
    <p class='ocr_par' dir='ltr' id='par_1_11' title="bbox 164 976 1764 1053">
     <span class='ocr_line' id='line_1_13' title="bbox 164 976 1764 1053; baseline 0.007 -27"><span class='ocrx_word' id='word_1_58' title='bbox 164 976 429 1044; x_wconf 66' lang='grc' dir='ltr'><strong>⁴κρότητιι</strong></span> <span class='ocrx_word' id='word_1_59' title='bbox 475 979 720 1050; x_wconf 82' lang='grc' dir='ltr'>ἡμερῶν,</span> <span class='ocrx_word' id='word_1_60' title='bbox 774 980 933 1049; x_wconf 79' lang='grc' dir='ltr'>δόξης</span> <span class='ocrx_word' id='word_1_61' title='bbox 992 1000 1053 1035; x_wconf 87' lang='grc' dir='ltr'><strong>τε</strong></span> <span class='ocrx_word' id='word_1_62' title='bbox 1113 984 1295 1053; x_wconf 83' lang='grc' dir='ltr'>πάσης</span> <span class='ocrx_word' id='word_1_63' title='bbox 1341 985 1437 1037; x_wconf 77' lang='grc' dir='ltr'>καὶ</span> <span class='ocrx_word' id='word_1_64' title='bbox 1488 983 1764 1053; x_wconf 78' lang='grc' dir='ltr'><strong>βασιλείας</strong></span> 
     </span>
    </p>
   </div>
   <div class='ocr_carea' id='block_1_12' title="bbox 169 1067 1763 1149">
    <p class='ocr_par' dir='ltr' id='par_1_12' title="bbox 169 1067 1763 1149">
     <span class='ocr_line' id='line_1_14' title="bbox 169 1067 1763 1149; baseline 0.006 -28"><span class='ocrx_word' id='word_1_65' title='bbox 169 1067 597 1138; x_wconf 78' lang='grc' dir='ltr'>ἀνεπηρεάστου</span> <span class='ocrx_word' id='word_1_66' title='bbox 630 1070 722 1123; x_wconf 80' lang='grc' dir='ltr'><strong>καὶ</strong></span> <span class='ocrx_word' id='word_1_67' title='bbox 748 1073 1027 1127; x_wconf 92' lang='grc' dir='ltr'>παντοίων</span> <span class='ocrx_word' id='word_1_68' title='bbox 1056 1075 1277 1144; x_wconf 81' lang='grc' dir='ltr'>ἀγαθῶν</span> <span class='ocrx_word' id='word_1_69' title='bbox 1309 1076 1599 1146; x_wconf 82' lang='grc' dir='ltr'>μετουσίαν</span> <span class='ocrx_word' id='word_1_70' title='bbox 1636 1079 1763 1149; x_wconf 84' lang='grc' dir='ltr'>παρ’</span> 
     </span>
    </p>
   </div>
   <div class='ocr_carea' id='block_1_13' title="bbox 172 1159 1762 1240">
    <p class='ocr_par' dir='ltr' id='par_1_13' title="bbox 172 1159 1762 1240">
     <span class='ocr_line' id='line_1_15' title="bbox 172 1159 1762 1240; baseline 0.006 -28"><span class='ocrx_word' id='word_1_71' title='bbox 172 1159 365 1213; x_wconf 87' lang='grc' dir='ltr'>αὐτῶν</span> <span class='ocrx_word' id='word_1_72' title='bbox 401 1162 681 1233; x_wconf 71' lang='grc' dir='ltr'>ἀπολήψῃ,</span> <span class='ocrx_word' id='word_1_73' title='bbox 722 1164 848 1235; x_wconf 86' lang='grc' dir='ltr'>ἐμοί</span> <span class='ocrx_word' id='word_1_74' title='bbox 875 1182 934 1219; x_wconf 88' lang='grc' dir='ltr'><strong>τε</strong></span> <span class='ocrx_word' id='word_1_75' title='bbox 975 1167 1054 1235; x_wconf 79' lang='grc' dir='ltr'><strong>τῷ</strong></span> <span class='ocrx_word' id='word_1_76' title='bbox 1087 1168 1256 1239; x_wconf 71' lang='grc' dir='ltr'>πατρὶ</span> <span class='ocrx_word' id='word_1_77' title='bbox 1283 1168 1383 1240; x_wconf 71' lang='grc' dir='ltr'><strong>ἔσῃ</strong></span> <span class='ocrx_word' id='word_1_78' title='bbox 1426 1170 1762 1240; x_wconf 83' lang='grc' dir='ltr'>κεχαρισμέ-</span> 
     </span>
    </p>
   </div>
   <div class='ocr_carea' id='block_1_14' title="bbox 172 1250 1761 1331">
    <p class='ocr_par' dir='ltr' id='par_1_14' title="bbox 172 1250 1761 1331">
     <span class='ocr_line' id='line_1_16' title="bbox 172 1250 1761 1331; baseline 0.007 -29"><span class='ocrx_word' id='word_1_79' title='bbox 172 1267 274 1314; x_wconf 83' lang='grc' dir='ltr'><strong>νος</strong></span> <span class='ocrx_word' id='word_1_80' title='bbox 298 1250 386 1304; x_wconf 82' lang='grc' dir='ltr'>διὰ</span> <span class='ocrx_word' id='word_1_81' title='bbox 415 1251 531 1321; x_wconf 88' lang='grc' dir='ltr'>βίου</span> <span class='ocrx_word' id='word_1_82' title='bbox 558 1255 784 1319; x_wconf 83' lang='grc' dir='ltr'>παντὸς,</span> <span class='ocrx_word' id='word_1_83' title='bbox 815 1258 911 1309; x_wconf 69' lang='grc' dir='ltr'><strong>κα)⁸</strong></span> <span class='ocrx_word' id='word_1_84' title='bbox 948 1259 1117 1312; x_wconf 77' lang='grc' dir='ltr'>πᾶσιν</span> <span class='ocrx_word' id='word_1_85' title='bbox 1144 1258 1456 1329; x_wconf 85' lang='grc' dir='ltr'>ἀνθρώποις</span> <span class='ocrx_word' id='word_1_86' title='bbox 1488 1260 1668 1331; x_wconf 82' lang='grc' dir='ltr'>τίμιός</span> <span class='ocrx_word' id='word_1_87' title='bbox 1703 1277 1761 1314; x_wconf 90' lang='grc' dir='ltr'><strong>τε</strong></span> 
     </span>
    </p>
   </div>
   <div class='ocr_carea' id='block_1_15' title="bbox 160 1341 1764 1421">
    <p class='ocr_par' dir='ltr' id='par_1_15' title="bbox 160 1341 1764 1421">
     <span class='ocr_line' id='line_1_17' title="bbox 160 1341 1764 1421; baseline 0.006 -27"><span class='ocrx_word' id='word_1_88' title='bbox 160 1341 281 1394; x_wconf 77' lang='grc' dir='ltr'>-καὶ</span> <span class='ocrx_word' id='word_1_89' title='bbox 305 1343 610 1407; x_wconf 84' lang='grc' dir='ltr'>ἐπαινετός.</span> <span class='ocrx_word' id='word_1_90' title='bbox 640 1344 800 1414; x_wconf 77' lang='grc' dir='ltr'>Μέγα</span> <span class='ocrx_word' id='word_1_91' title='bbox 837 1348 946 1419; x_wconf 83' lang='grc' dir='ltr'>γὰρ</span> <span class='ocrx_word' id='word_1_92' title='bbox 976 1349 1059 1411; x_wconf 89' lang='grc' dir='ltr'><strong>είς</strong></span> <span class='ocrx_word' id='word_1_93' title='bbox 1100 1349 1327 1402; x_wconf 84' lang='grc' dir='ltr'>ἐπαίνου</span> <span class='ocrx_word' id='word_1_94' title='bbox 1359 1349 1521 1418; x_wconf 82' lang='grc' dir='ltr'>λόγον</span> <span class='ocrx_word' id='word_1_95' title='bbox 1547 1349 1627 1421; x_wconf 85' lang='grc' dir='ltr'>τῷ</span> <span class='ocrx_word' id='word_1_96' title='bbox 1658 1366 1764 1402; x_wconf 83' lang='grc' dir='ltr'>πα-</span> 
     </span>
    </p>
   </div>
   <div class='ocr_carea' id='block_1_16' title="bbox 168 1434 1762 1511">
    <p class='ocr_par' dir='ltr' id='par_1_16' title="bbox 168 1434 1762 1511">
     <span class='ocr_line' id='line_1_18' title="bbox 168 1434 1762 1511; baseline 0.006 -27"><span class='ocrx_word' id='word_1_97' title='bbox 168 1434 278 1502; x_wconf 75' lang='grc' dir='ltr'>τρὶ</span> <span class='ocrx_word' id='word_1_98' title='bbox 308 1434 628 1501; x_wconf 69' lang='grc' dir='ltr'>ὑπακούειν,</span> <span class='ocrx_word' id='word_1_99' title='bbox 667 1438 762 1490; x_wconf 77' lang='grc' dir='ltr'>καὶ</span> <span class='ocrx_word' id='word_1_100' title='bbox 811 1439 1047 1507; x_wconf 83' lang='grc' dir='ltr'>μάλιστα</span> <span class='ocrx_word' id='word_1_101' title='bbox 1084 1440 1175 1493; x_wconf 82' lang='grc' dir='ltr'>ἐπ’</span> <span class='ocrx_word' id='word_1_102' title='bbox 1221 1440 1413 1510; x_wconf 84' lang='grc' dir='ltr'>ἀγαθῷ</span> <span class='ocrx_word' id='word_1_103' title='bbox 1450 1441 1545 1493; x_wconf 78' lang='grc' dir='ltr'>καὶ</span> <span class='ocrx_word' id='word_1_104' title='bbox 1582 1443 1647 1511; x_wconf 83' lang='grc' dir='ltr'>τῇ</span> <span class='ocrx_word' id='word_1_105' title='bbox 1682 1442 1762 1504; x_wconf 82' lang='grc' dir='ltr'>εἰς</span> 
     </span>
    </p>
   </div>
   <div class='ocr_carea' id='block_1_17' title="bbox 175 1521 1762 1599">
    <p class='ocr_par' dir='ltr' id='par_1_17' title="bbox 175 1521 1762 1599">
     <span class='ocr_line' id='line_1_19' title="bbox 175 1521 1762 1599; baseline 0.006 -27"><span class='ocrx_word' id='word_1_106' title='bbox 175 1521 342 1584; x_wconf 73' lang='grc' dir='ltr'>θεοὺς</span> <span class='ocrx_word' id='word_1_107' title='bbox 393 1524 596 1595; x_wconf 77' lang='grc' dir='ltr'>εὐνοίᾳ.</span> <span class='ocrx_word' id='word_1_108' title='bbox 634 1526 700 1578; x_wconf 90' lang='grc' dir='ltr'><strong>Τί</strong></span> <span class='ocrx_word' id='word_1_109' title='bbox 730 1526 807 1592; x_wconf 79' lang='grc' dir='ltr'>δὲ,</span> <span class='ocrx_word' id='word_1_110' title='bbox 847 1527 1056 1593; x_wconf 83' lang='grc' dir='ltr'>τέκνον,</span> <span class='ocrx_word' id='word_1_111' title='bbox 1096 1528 1396 1597; x_wconf 72' lang='grc' dir='ltr'>ὑπέλαϐεςς</span> <span class='ocrx_word' id='word_1_112' title='bbox 1436 1530 1663 1599; x_wconf 87' lang='grc' dir='ltr'>πότερον</span> <span class='ocrx_word' id='word_1_113' title='bbox 1687 1530 1762 1592; x_wconf 84' lang='grc' dir='ltr'>ὠς</span> 
     </span>
    </p>
   </div>
   <div class='ocr_carea' id='block_1_18' title="bbox 164 1611 1760 1690">
    <p class='ocr_par' dir='ltr' id='par_1_18' title="bbox 164 1611 1760 1690">
     <span class='ocr_line' id='line_1_20' title="bbox 164 1611 1760 1690; baseline 0.006 -28"><span class='ocrx_word' id='word_1_114' title='bbox 164 1611 328 1663; x_wconf 73' lang='grc' dir='ltr'>ἐκὼν</span> <span class='ocrx_word' id='word_1_115' title='bbox 351 1613 451 1683; x_wconf 87' lang='grc' dir='ltr'><strong>τῆς</strong></span> <span class='ocrx_word' id='word_1_116' title='bbox 494 1615 706 1685; x_wconf 84' lang='grc' dir='ltr'>ἀγαθῆς</span> <span class='ocrx_word' id='word_1_117' title='bbox 758 1618 1014 1682; x_wconf 75' lang='grc' dir='ltr'>ἐκκλίνας</span> <span class='ocrx_word' id='word_1_118' title='bbox 1045 1618 1167 1672; x_wconf 81' lang='grc' dir='ltr'>ὁδοῦ</span> <span class='ocrx_word' id='word_1_119' title='bbox 1203 1619 1302 1690; x_wconf 82' lang='grc' dir='ltr'>τὴν</span> <span class='ocrx_word' id='word_1_120' title='bbox 1345 1619 1592 1673; x_wconf 76' lang='grc' dir='ltr'>ἐναντίαν</span> <span class='ocrx_word' id='word_1_121' title='bbox 1626 1619 1760 1672; x_wconf 80' lang='grc' dir='ltr'>ἱέναι</span> 
     </span>
    </p>
   </div>
   <div class='ocr_carea' id='block_1_19' title="bbox 174 1703 1757 1782">
    <p class='ocr_par' dir='ltr' id='par_1_19' title="bbox 174 1703 1757 1782">
     <span class='ocr_line' id='line_1_21' title="bbox 174 1703 1757 1782; baseline 0.006 -28"><span class='ocrx_word' id='word_1_122' title='bbox 174 1703 513 1775; x_wconf 81' lang='grc' dir='ltr'>προέκρινα,</span> <span class='ocrx_word' id='word_1_123' title='bbox 563 1706 594 1776; x_wconf 81' lang='grc' dir='ltr'>ἢ</span> <span class='ocrx_word' id='word_1_124' title='bbox 628 1708 823 1779; x_wconf 74' lang='grc' dir='ltr'>ἀγνοίᾳ</span> <span class='ocrx_word' id='word_1_125' title='bbox 865 1712 959 1762; x_wconf 79' lang='grc' dir='ltr'><strong>καὶ</strong></span> <span class='ocrx_word' id='word_1_126' title='bbox 1003 1712 1235 1782; x_wconf 64' lang='grc' dir='ltr'>ἀπειρίᾳ</span> <span class='ocrx_word' id='word_1_127' title='bbox 1279 1710 1373 1764; x_wconf 86' lang='grc' dir='ltr'><strong>τοῦ</strong></span> <span class='ocrx_word' id='word_1_128' title='bbox 1403 1711 1611 1777; x_wconf 81' lang='grc' dir='ltr'>ἀγαθοῦ</span> <span class='ocrx_word' id='word_1_129' title='bbox 1644 1714 1757 1774; x_wconf 88' lang='grc' dir='ltr'>τοῖς</span> 
     </span>
    </p>
   </div>
   <div class='ocr_carea' id='block_1_20' title="bbox 158 1785 1828 1873">
    <p class='ocr_par' dir='ltr' id='par_1_20' title="bbox 158 1785 1828 1873">
     <span class='ocr_line' id='line_1_22' title="bbox 158 1785 1828 1873; baseline 0.007 -28"><span class='ocrx_word' id='word_1_130' title='bbox 158 1793 446 1866; x_wconf 63' lang='grc' dir='ltr'>ὀλεθρίοις</span> <span class='ocrx_word' id='word_1_131' title='bbox 477 1798 711 1866; x_wconf 77' lang='grc' dir='ltr'>ἐμαυτὸν</span> <span class='ocrx_word' id='word_1_132' title='bbox 755 1798 1027 1865; x_wconf 81' lang='grc' dir='ltr'>ἐξέδωκα;</span> <span class='ocrx_word' id='word_1_133' title='bbox 1076 1800 1234 1866; x_wconf 82' lang='grc' dir='ltr'>Ἀλλ’,</span> <span class='ocrx_word' id='word_1_134' title='bbox 1264 1802 1312 1853; x_wconf 88' lang='grc' dir='ltr'><strong>εί</strong></span> <span class='ocrx_word' id='word_1_135' title='bbox 1335 1801 1435 1871; x_wconf 81' lang='grc' dir='ltr'><strong>μὲν</strong></span> <span class='ocrx_word' id='word_1_136' title='bbox 1454 1801 1649 1855; x_wconf 87' lang='grc' dir='ltr'>ἐκόντα</span> <span class='ocrx_word' id='word_1_137' title='bbox 1686 1820 1755 1873; x_wconf 88' lang='grc' dir='ltr'><strong>με</strong></span> <span class='ocrx_word' id='word_1_138' title='bbox 1788 1785 1828 1839; x_wconf 74' lang='grc' dir='ltr'><strong>Β</strong></span> 
     </span>
    </p>
   </div>
   <div class='ocr_carea' id='block_1_21' title="bbox 173 1885 1758 1964">
    <p class='ocr_par' dir='ltr' id='par_1_21' title="bbox 173 1885 1758 1964">
     <span class='ocr_line' id='line_1_23' title="bbox 173 1885 1758 1964; baseline 0.006 -26"><span class='ocrx_word' id='word_1_139' title='bbox 173 1885 425 1954; x_wconf 76' lang='grc' dir='ltr'>νομίζεις</span> <span class='ocrx_word' id='word_1_140' title='bbox 452 1888 547 1940; x_wconf 87' lang='grc' dir='ltr'><strong>τοῦ</strong></span> <span class='ocrx_word' id='word_1_141' title='bbox 580 1890 950 1959; x_wconf 77' lang='grc' dir='ltr'>συμφέροντος</span> <span class='ocrx_word' id='word_1_142' title='bbox 978 1893 1254 1961; x_wconf 81' lang='grc' dir='ltr'>προτιμᾷν</span> <span class='ocrx_word' id='word_1_143' title='bbox 1269 1890 1337 1944; x_wconf 87' lang='grc' dir='ltr'>τὰ</span> <span class='ocrx_word' id='word_1_144' title='bbox 1365 1893 1511 1946; x_wconf 82' lang='grc' dir='ltr'><strong>κακά</strong></span> <span class='ocrx_word' id='word_1_145' title='bbox 1536 1894 1633 1946; x_wconf 79' lang='grc' dir='ltr'><strong>καὶ</strong></span> <span class='ocrx_word' id='word_1_146' title='bbox 1660 1895 1758 1964; x_wconf 81' lang='grc' dir='ltr'><strong>τῆς</strong></span> 
     </span>
    </p>
   </div>
   <div class='ocr_carea' id='block_1_22' title="bbox 157 1973 1755 2053">
    <p class='ocr_par' dir='ltr' id='par_1_22' title="bbox 157 1973 1755 2053">
     <span class='ocr_line' id='line_1_24' title="bbox 157 1973 1755 2053; baseline 0.007 -26"><span class='ocrx_word' id='word_1_147' title='bbox 157 1973 330 2047; x_wconf 74' lang='grc' dir='ltr'>-ζωῆς</span> <span class='ocrx_word' id='word_1_148' title='bbox 344 1977 659 2049; x_wconf 71' lang='grc' dir='ltr'>προκρίνειν</span> <span class='ocrx_word' id='word_1_149' title='bbox 675 1979 767 2032; x_wconf 83' lang='grc' dir='ltr'><strong>τὸν</strong></span> <span class='ocrx_word' id='word_1_150' title='bbox 783 1979 1033 2047; x_wconf 80' lang='grc' dir='ltr'>θάνατον,</span> <span class='ocrx_word' id='word_1_151' title='bbox 1053 1980 1197 2035; x_wconf 83' lang='grc' dir='ltr'>πάνυ</span> <span class='ocrx_word' id='word_1_152' title='bbox 1214 1997 1307 2053; x_wconf 90' lang='grc' dir='ltr'><strong>μοι</strong></span> <span class='ocrx_word' id='word_1_153' title='bbox 1324 1981 1522 2047; x_wconf 84' lang='grc' dir='ltr'>δοκεῖς,</span> <span class='ocrx_word' id='word_1_154' title='bbox 1545 1984 1755 2050; x_wconf 86' lang='grc' dir='ltr'>τέκνον,</span> 
     </span>
    </p>
   </div>
   <div class='ocr_carea' id='block_1_23' title="bbox 170 2067 1175 2144">
    <p class='ocr_par' dir='ltr' id='par_1_23' title="bbox 170 2067 1175 2144">
     <span class='ocr_line' id='line_1_25' title="bbox 170 2067 1175 2144; baseline 0.013 -28"><span class='ocrx_word' id='word_1_155' title='bbox 170 2067 281 2134; x_wconf 77' lang='grc' dir='ltr'><strong>τῆς</strong></span> <span class='ocrx_word' id='word_1_156' title='bbox 307 2068 477 2140; x_wconf 81' lang='grc' dir='ltr'>ὀρθῆς</span> <span class='ocrx_word' id='word_1_157' title='bbox 501 2070 880 2142; x_wconf 83' lang='grc' dir='ltr'>ἀποσφαλῆναι</span> <span class='ocrx_word' id='word_1_158' title='bbox 917 2073 1175 2144; x_wconf 85' lang='grc' dir='ltr'>κρίσεως.</span> 
     </span>
    </p>
   </div>
   <div class='ocr_carea' id='block_1_24' title="bbox 248 2363 1757 2465">
    <p class='ocr_par' dir='ltr' id='par_1_24' title="bbox 248 2363 1757 2465">
     <span class='ocr_line' id='line_1_26' title="bbox 248 2363 1757 2465; baseline 0.018 -41"><span class='ocrx_word' id='word_1_159' title='bbox 248 2363 333 2426; x_wconf 56' lang='lat' dir='ltr'><strong>‘ll</strong></span> <span class='ocrx_word' id='word_1_160' title='bbox 371 2373 469 2445; x_wconf 90' lang='grc' dir='ltr'><strong>οὑχ</strong></span> <span class='ocrx_word' id='word_1_161' title='bbox 493 2376 623 2449; x_wconf 78' lang='grc' dir='ltr'>ὁρᾷς</span> <span class='ocrx_word' id='word_1_162' title='bbox 649 2379 747 2452; x_wconf 75' lang='grc' dir='ltr'>ὅσῃ</span> <span class='ocrx_word' id='word_1_163' title='bbox 780 2384 1052 2457; x_wconf 71' lang='grc' dir='ltr'>κακουχίᾳ</span> <span class='ocrx_word' id='word_1_164' title='bbox 1098 2386 1192 2442; x_wconf 75' lang='grc' dir='ltr'><strong>καὶ</strong></span> <span class='ocrx_word' id='word_1_165' title='bbox 1225 2387 1571 2465; x_wconf 78' lang='grc' dir='ltr'>ταλαιπωρίᾳ</span> <span class='ocrx_word' id='word_1_166' title='bbox 1620 2396 1757 2457; x_wconf 65' lang='grc' dir='ltr'>πολ-,</span> 
     </span>
    </p>
   </div>
   <div class='ocr_carea' id='block_1_25' title="bbox 156 2462 1745 2559">
    <p class='ocr_par' dir='ltr' id='par_1_25' title="bbox 156 2462 1745 2559">
     <span class='ocr_line' id='line_1_27' title="bbox 156 2462 1745 2559; baseline 0.014 -41"><span class='ocrx_word' id='word_1_167' title='bbox 156 2462 331 2529; x_wconf 77' lang='grc' dir='ltr'>λάκις</span> <span class='ocrx_word' id='word_1_168' title='bbox 374 2467 613 2538; x_wconf 83' lang='grc' dir='ltr'>ἐμαυτὸν</span> <span class='ocrx_word' id='word_1_169' title='bbox 652 2472 910 2545; x_wconf 83' lang='grc' dir='ltr'>ἐκδίδωμι</span> <span class='ocrx_word' id='word_1_170' title='bbox 939 2477 999 2530; x_wconf 85' lang='grc' dir='ltr'><strong>ἐν</strong></span> <span class='ocrx_word' id='word_1_171' title='bbox 1023 2481 1145 2544; x_wconf 83' lang='grc' dir='ltr'>ταῖς</span> <span class='ocrx_word' id='word_1_172' title='bbox 1202 2482 1346 2536; x_wconf 87' lang='grc' dir='ltr'><strong>κατά</strong></span> <span class='ocrx_word' id='word_1_173' title='bbox 1391 2462 1498 2536; x_wconf 82' lang='grc' dir='ltr'><strong>τῶν</strong></span> <span class='ocrx_word' id='word_1_174' title='bbox 1535 2462 1745 2559; x_wconf 65' lang='grc' dir='ltr'>ἐχθρῶν</span> 
     </span>
    </p>
   </div>
   <div class='ocr_carea' id='block_1_26' title="bbox 154 2556 1743 2645">
    <p class='ocr_par' dir='ltr' id='par_1_26' title="bbox 154 2556 1743 2645">
     <span class='ocr_line' id='line_1_28' title="bbox 154 2556 1743 2645; baseline 0.016 -38"><span class='ocrx_word' id='word_1_175' title='bbox 154 2556 577 2629; x_wconf 69' lang='grc' dir='ltr'>’ἐκστρατείαιῆ</span> <span class='ocrx_word' id='word_1_176' title='bbox 608 2562 641 2633; x_wconf 78' lang='grc' dir='ltr'>ἢ</span> <span class='ocrx_word' id='word_1_177' title='bbox 674 2563 867 2630; x_wconf 77' lang='grc' dir='ltr'>ἄλλαις</span> <span class='ocrx_word' id='word_1_178' title='bbox 892 2570 1006 2622; x_wconf 79' lang='grc' dir='ltr'>τισὶ</span> <span class='ocrx_word' id='word_1_179' title='bbox 1027 2570 1120 2623; x_wconf 85' lang='grc' dir='ltr'><strong>τοῦ</strong></span> <span class='ocrx_word' id='word_1_180' title='bbox 1174 2573 1357 2627; x_wconf 88' lang='grc' dir='ltr'>κοινοῦ</span> <span class='ocrx_word' id='word_1_181' title='bbox 1387 2556 1743 2645; x_wconf 85' lang='grc' dir='ltr'>προστασίαις</span> 
     </span>
    </p>
   </div>
   <div class='ocr_carea' id='block_1_27' title="bbox 161 2645 1743 2735">
    <p class='ocr_par' dir='ltr' id='par_1_27' title="bbox 161 2645 1743 2735">
     <span class='ocr_line' id='line_1_29' title="bbox 161 2645 1743 2735; baseline 0.016 -38"><span class='ocrx_word' id='word_1_182' title='bbox 161 2645 596 2720; x_wconf 79' lang='grc' dir='ltr'>ἀσχολούμενος,</span> <span class='ocrx_word' id='word_1_183' title='bbox 626 2653 703 2717; x_wconf 86' lang='grc' dir='ltr'>ὡς</span> <span class='ocrx_word' id='word_1_184' title='bbox 734 2657 825 2710; x_wconf 76' lang='grc' dir='ltr'><strong>καὶ</strong></span> <span class='ocrx_word' id='word_1_185' title='bbox 863 2657 1052 2729; x_wconf 80' lang='grc' dir='ltr'>πείνης</span> <span class='ocrx_word' id='word_1_186' title='bbox 1081 2677 1142 2713; x_wconf 88' lang='grc' dir='ltr'><strong>τε</strong></span> <span class='ocrx_word' id='word_1_187' title='bbox 1166 2662 1260 2716; x_wconf 81' lang='grc' dir='ltr'><strong>καὶ</strong></span> <span class='ocrx_word' id='word_1_188' title='bbox 1292 2663 1474 2735; x_wconf 77' lang='grc' dir='ltr'>δίψης,</span> <span class='ocrx_word' id='word_1_189' title='bbox 1505 2668 1743 2732; x_wconf 78' lang='grc' dir='ltr'>πεζοπο-</span> 
     </span>
    </p>
   </div>
   <div class='ocr_carea' id='block_1_28' title="bbox 152 2741 1742 2832">
    <p class='ocr_par' dir='ltr' id='par_1_28' title="bbox 152 2741 1742 2832">
     <span class='ocr_line' id='line_1_30' title="bbox 152 2741 1742 2832; baseline 0.016 -39"><span class='ocrx_word' id='word_1_190' title='bbox 152 2741 298 2812; x_wconf 77' lang='grc' dir='ltr'>ρίας</span> <span class='ocrx_word' id='word_1_191' title='bbox 332 2760 393 2797; x_wconf 88' lang='grc' dir='ltr'><strong>τε</strong></span> <span class='ocrx_word' id='word_1_192' title='bbox 420 2747 516 2800; x_wconf 72' lang='grc' dir='ltr'><strong>καὶ</strong></span> <span class='ocrx_word' id='word_1_193' title='bbox 538 2751 945 2819; x_wconf 89' lang='grc' dir='ltr'>χαμαικοιτίας,</span> <span class='ocrx_word' id='word_1_194' title='bbox 985 2754 1128 2808; x_wconf 82' lang='grc' dir='ltr'>οὑτω</span> <span class='ocrx_word' id='word_1_195' title='bbox 1153 2756 1374 2829; x_wconf 81' lang='grc' dir='ltr'>δεῆσαν,</span> <span class='ocrx_word' id='word_1_196' title='bbox 1429 2760 1507 2832; x_wconf 84' lang='grc' dir='ltr'>μὴ</span> <span class='ocrx_word' id='word_1_197' title='bbox 1548 2762 1742 2831; x_wconf 85' lang='grc' dir='ltr'>φείσα-</span> 
     </span>
    </p>
   </div>
   <div class='ocr_carea' id='block_1_29' title="bbox 158 2832 1741 2926">
    <p class='ocr_par' dir='ltr' id='par_1_29' title="bbox 158 2832 1741 2926">
     <span class='ocr_line' id='line_1_31' title="bbox 158 2832 1741 2926; baseline 0.016 -42"><span class='ocrx_word' id='word_1_198' title='bbox 158 2832 328 2902; x_wconf 83' lang='grc' dir='ltr'>σθαι;</span> <span class='ocrx_word' id='word_1_199' title='bbox 365 2837 591 2893; x_wconf 89' lang='grc' dir='ltr'>πλούτου</span> <span class='ocrx_word' id='word_1_200' title='bbox 623 2840 679 2894; x_wconf 79' lang='grc' dir='ltr'><strong>δὲ</strong></span> <span class='ocrx_word' id='word_1_201' title='bbox 710 2843 805 2896; x_wconf 76' lang='grc' dir='ltr'><strong>καὶ</strong></span> <span class='ocrx_word' id='word_1_202' title='bbox 849 2846 1151 2915; x_wconf 82' lang='grc' dir='ltr'>χρημάτων</span> <span class='ocrx_word' id='word_1_203' title='bbox 1181 2850 1415 2922; x_wconf 81' lang='grc' dir='ltr'>τοσαύτη</span> <span class='ocrx_word' id='word_1_204' title='bbox 1450 2870 1540 2922; x_wconf 89' lang='grc' dir='ltr'><strong>μοι</strong></span> <span class='ocrx_word' id='word_1_205' title='bbox 1567 2856 1741 2926; x_wconf 89' lang='grc' dir='ltr'>πρόσ-</span> 
     </span>
    </p>
   </div>
   <div class='ocr_carea' id='block_1_30' title="bbox 154 2927 1739 3015">
    <p class='ocr_par' dir='ltr' id='par_1_30' title="bbox 154 2927 1739 3015">
     <span class='ocr_line' id='line_1_32' title="bbox 154 2927 1739 3015; baseline 0.016 -39"><span class='ocrx_word' id='word_1_206' title='bbox 154 2940 317 2980; x_wconf 78' lang='grc' dir='ltr'>εστιν</span> <span class='ocrx_word' id='word_1_207' title='bbox 348 2927 617 3001; x_wconf 79' lang='grc' dir='ltr'>ὑπεροψία</span> <span class='ocrx_word' id='word_1_208' title='bbox 645 2949 705 2985; x_wconf 92' lang='grc' dir='ltr'><strong>τε</strong></span> <span class='ocrx_word' id='word_1_209' title='bbox 766 2935 860 2987; x_wconf 73' lang='grc' dir='ltr'>καὶ</span> <span class='ocrx_word' id='word_1_210' title='bbox 912 2939 1344 3010; x_wconf 80' lang='grc' dir='ltr'>καταφρόνησις,</span> <span class='ocrx_word' id='word_1_211' title='bbox 1375 2944 1454 3008; x_wconf 84' lang='grc' dir='ltr'>ὡς</span> <span class='ocrx_word' id='word_1_212' title='bbox 1485 2945 1739 3015; x_wconf 84' lang='grc' dir='ltr'>ἀφθόνως</span> 
     </span>
    </p>
   </div>
   <div class='ocr_carea' id='block_1_31' title="bbox 150 3015 1737 3102">
    <p class='ocr_par' dir='ltr' id='par_1_31' title="bbox 150 3015 1737 3102">
     <span class='ocr_line' id='line_1_33' title="bbox 150 3015 1737 3102; baseline 0.013 -32"><span class='ocrx_word' id='word_1_213' title='bbox 150 3015 280 3070; x_wconf 73' lang='grc' dir='ltr'>ἔσθ’</span> <span class='ocrx_word' id='word_1_214' title='bbox 338 3019 430 3073; x_wconf 86' lang='grc' dir='ltr'>ὅτε</span> <span class='ocrx_word' id='word_1_215' title='bbox 494 3023 562 3078; x_wconf 86' lang='grc' dir='ltr'><strong>τὰ</strong></span> <span class='ocrx_word' id='word_1_216' title='bbox 614 3028 841 3095; x_wconf 85' lang='grc' dir='ltr'>ταμιεῖα</span> <span class='ocrx_word' id='word_1_217' title='bbox 903 3027 1083 3081; x_wconf 86' lang='grc' dir='ltr'>πάντα</span> <span class='ocrx_word' id='word_1_218' title='bbox 1129 3030 1222 3083; x_wconf 89' lang='grc' dir='ltr'><strong>τοῦ</strong></span> <span class='ocrx_word' id='word_1_219' title='bbox 1274 3032 1411 3102; x_wconf 87' lang='grc' dir='ltr'>ἐμοῦ</span> <span class='ocrx_word' id='word_1_220' title='bbox 1474 3035 1737 3091; x_wconf 89' lang='grc' dir='ltr'>παλατίου</span> 
     </span>
    </p>
   </div>
   <div class='ocr_carea' id='block_1_32' title="bbox 152 3114 1736 3193">
    <p class='ocr_par' dir='ltr' id='par_1_32' title="bbox 152 3114 1736 3193">
     <span class='ocr_line' id='line_1_34' title="bbox 152 3114 1736 3193; baseline 0.013 -29"><span class='ocrx_word' id='word_1_221' title='bbox 152 3114 545 3171; x_wconf 84' lang='grc' dir='ltr'>κατακενῶσαι</span> <span class='ocrx_word' id='word_1_222' title='bbox 595 3119 675 3182; x_wconf 86' lang='grc' dir='ltr'><strong>είς</strong></span> <span class='ocrx_word' id='word_1_223' title='bbox 728 3119 791 3171; x_wconf 81' lang='grc' dir='ltr'>τὸ</span> <span class='ocrx_word' id='word_1_224' title='bbox 837 3121 1258 3193; x_wconf 80' lang='grc' dir='ltr'>ἀνοικοδομῆσαι</span> <span class='ocrx_word' id='word_1_225' title='bbox 1286 3125 1414 3189; x_wconf 84' lang='grc' dir='ltr'>τοὺς</span> <span class='ocrx_word' id='word_1_226' title='bbox 1442 3126 1551 3181; x_wconf 89' lang='grc' dir='ltr'><strong>τῶν</strong></span> <span class='ocrx_word' id='word_1_227' title='bbox 1598 3128 1736 3183; x_wconf 89' lang='grc' dir='ltr'>θεῶν</span> 
     </span>
    </p>
   </div>
   <div class='ocr_carea' id='block_1_33' title="bbox 1874 554 3433 628">
    <p class='ocr_par' dir='ltr' id='par_1_33' title="bbox 1874 554 3433 628">
     <span class='ocr_line' id='line_1_35' title="bbox 1874 554 3433 628; baseline 0.011 -24"><span class='ocrx_word' id='word_1_228' title='bbox 1874 566 1975 620; x_wconf 87' lang='lat' dir='ltr'><strong>que</strong></span> <span class='ocrx_word' id='word_1_229' title='bbox 2000 567 2061 606; x_wconf 92' lang='lat' dir='ltr'><strong>ac</strong></span> <span class='ocrx_word' id='word_1_230' title='bbox 2088 554 2289 622; x_wconf 81' lang='lat' dir='ltr'><strong>placide</strong></span> <span class='ocrx_word' id='word_1_231' title='bbox 2310 555 2545 626; x_wconf 80' lang='lat' dir='ltr'><strong>irrepens</strong></span> <span class='ocrx_word' id='word_1_232' title='bbox 2565 575 2577 611; x_wconf 91' lang='lat'>:</span> <span class='ocrx_word' id='word_1_233' title='bbox 2600 558 2644 613; x_wconf 93' lang='grc' dir='ltr'>Ο</span> <span class='ocrx_word' id='word_1_234' title='bbox 2664 559 2971 618; x_wconf 81' lang='lat' dir='ltr'><strong>charissime</strong></span> <span class='ocrx_word' id='word_1_235' title='bbox 2992 574 3045 618; x_wconf 89' lang='lat' dir='ltr'><strong>et</strong></span> <span class='ocrx_word' id='word_1_236' title='bbox 3071 567 3433 628; x_wconf 56' lang='lat' dir='ltr'><strong>amantissime</strong></span> 
     </span>
    </p>
   </div>
   <div class='ocr_carea' id='block_1_34' title="bbox 1876 641 3436 724">
    <p class='ocr_par' dir='ltr' id='par_1_34' title="bbox 1876 641 3436 724">
     <span class='ocr_line' id='line_1_36' title="bbox 1876 641 3436 724; baseline 0.012 -33"><span class='ocrx_word' id='word_1_237' title='bbox 1876 642 1979 705; x_wconf 89' lang='lat' dir='ltr'><strong>lili,</strong></span> <span class='ocrx_word' id='word_1_238' title='bbox 2014 642 2214 710; x_wconf 91' lang='lat' dir='ltr'><strong>inquit,</strong></span> <span class='ocrx_word' id='word_1_239' title='bbox 2247 646 2409 712; x_wconf 89' lang='lat' dir='ltr'><strong>patris</strong></span> <span class='ocrx_word' id='word_1_240' title='bbox 2437 648 2682 702; x_wconf 74' lang='lat' dir='ltr'><strong>canitiem</strong></span> <span class='ocrx_word' id='word_1_241' title='bbox 2718 651 2919 705; x_wconf 82' lang='lat' dir='ltr'><strong>honore</strong></span> <span class='ocrx_word' id='word_1_242' title='bbox 2948 650 3121 721; x_wconf 79' lang='lat' dir='ltr'><strong>afﬂce,</strong></span> <span class='ocrx_word' id='word_1_243' title='bbox 3166 641 3436 724; x_wconf 77' lang='lat' dir='ltr'><strong>precibus-</strong></span> 
     </span>
    </p>
   </div>
   <div class='ocr_carea' id='block_1_35' title="bbox 1873 732 3432 804">
    <p class='ocr_par' dir='ltr' id='par_1_35' title="bbox 1873 732 3432 804">
     <span class='ocr_line' id='line_1_37' title="bbox 1873 732 3432 804; baseline 0.012 -22"><span class='ocrx_word' id='word_1_244' title='bbox 1873 743 1975 797; x_wconf 91' lang='lat' dir='ltr'><strong>que</strong></span> <span class='ocrx_word' id='word_1_245' title='bbox 2007 732 2139 785; x_wconf 87' lang='lat' dir='ltr'><strong>meis</strong></span> <span class='ocrx_word' id='word_1_246' title='bbox 2169 734 2363 788; x_wconf 85' lang='lat' dir='ltr'><strong>auditis</strong></span> <span class='ocrx_word' id='word_1_247' title='bbox 2389 738 2605 804; x_wconf 82' lang='lat' dir='ltr'><strong>accede,</strong></span> <span class='ocrx_word' id='word_1_248' title='bbox 2637 754 2701 793; x_wconf 89' lang='lat' dir='ltr'><strong>ac</strong></span> <span class='ocrx_word' id='word_1_249' title='bbox 2732 741 2834 795; x_wconf 89' lang='lat' dir='ltr'><strong>diis</strong></span> <span class='ocrx_word' id='word_1_250' title='bbox 2873 743 3190 799; x_wconf 81' lang='lat' dir='ltr'><strong>sacriﬁcium</strong></span> <span class='ocrx_word' id='word_1_251' title='bbox 3218 748 3432 802; x_wconf 83' lang='lat' dir='ltr'><strong>adhibe.</strong></span> 
     </span>
    </p>
   </div>
   <div class='ocr_carea' id='block_1_36' title="bbox 1876 820 3437 900">
    <p class='ocr_par' dir='ltr' id='par_1_36' title="bbox 1876 820 3437 900">
     <span class='ocr_line' id='line_1_38' title="bbox 1876 820 3437 900; baseline 0.012 -24"><span class='ocrx_word' id='word_1_252' title='bbox 1876 820 1964 876; x_wconf 89' lang='lat' dir='ltr'><strong>Sic</strong></span> <span class='ocrx_word' id='word_1_253' title='bbox 1994 823 2132 876; x_wconf 87' lang='lat' dir='ltr'><strong>enim</strong></span> <span class='ocrx_word' id='word_1_254' title='bbox 2159 832 2213 879; x_wconf 88' lang='lat' dir='ltr'><strong>et</strong></span> <span class='ocrx_word' id='word_1_255' title='bbox 2247 826 2368 880; x_wconf 91' lang='lat' dir='ltr'><strong>illos</strong></span> <span class='ocrx_word' id='word_1_256' title='bbox 2394 827 2648 897; x_wconf 88' lang='lat' dir='ltr'><strong>benignos</strong></span> <span class='ocrx_word' id='word_1_257' title='bbox 2680 842 2733 885; x_wconf 90' lang='lat' dir='ltr'><strong>et</strong></span> <span class='ocrx_word' id='word_1_258' title='bbox 2760 832 2940 888; x_wconf 82' lang='lat' dir='ltr'><strong>faciles</strong></span> <span class='ocrx_word' id='word_1_259' title='bbox 2972 834 3243 892; x_wconf 76' lang='lat' dir='ltr'><strong>habiturus</strong></span> <span class='ocrx_word' id='word_1_260' title='bbox 3272 854 3348 900; x_wconf 90' lang='lat' dir='ltr'><strong>es,</strong></span> <span class='ocrx_word' id='word_1_261' title='bbox 3382 848 3437 894; x_wconf 80' lang='lat' dir='ltr'><strong>et</strong></span> 
     </span>
    </p>
   </div>
   <div class='ocr_carea' id='block_1_37' title="bbox 1873 909 3435 991">
    <p class='ocr_par' dir='ltr' id='par_1_37' title="bbox 1873 909 3435 991">
     <span class='ocr_line' id='line_1_39' title="bbox 1873 909 3435 991; baseline 0.012 -28"><span class='ocrx_word' id='word_1_262' title='bbox 1873 909 2078 966; x_wconf 91' lang='lat' dir='ltr'><strong>dierum</strong></span> <span class='ocrx_word' id='word_1_263' title='bbox 2110 914 2532 984; x_wconf 81' lang='lat' dir='ltr'><strong>diuturnitatem,</strong></span> <span class='ocrx_word' id='word_1_264' title='bbox 2572 920 2898 991; x_wconf 79' lang='lat' dir='ltr'><strong>gloriamque</strong></span> <span class='ocrx_word' id='word_1_265' title='bbox 2936 939 3173 991; x_wconf 87' lang='lat' dir='ltr'><strong>omnem,</strong></span> <span class='ocrx_word' id='word_1_266' title='bbox 3214 935 3267 981; x_wconf 87' lang='lat' dir='ltr'><strong>et</strong></span> <span class='ocrx_word' id='word_1_267' title='bbox 3297 929 3435 981; x_wconf 90' lang='lat' dir='ltr'><strong>inof-</strong></span> 
     </span>
    </p>
   </div>
   <div class='ocr_carea' id='block_1_38' title="bbox 1872 998 3434 1083">
    <p class='ocr_par' dir='ltr' id='par_1_38' title="bbox 1872 998 3434 1083">
     <span class='ocr_line' id='line_1_40' title="bbox 1872 998 3434 1083; baseline 0.013 -32"><span class='ocrx_word' id='word_1_268' title='bbox 1872 998 2079 1053; x_wconf 76' lang='lat' dir='ltr'><strong>fensum</strong></span> <span class='ocrx_word' id='word_1_269' title='bbox 2134 1016 2380 1072; x_wconf 79' lang='lat' dir='ltr'><strong>regnum,</strong></span> <span class='ocrx_word' id='word_1_270' title='bbox 2422 1010 2699 1078; x_wconf 88' lang='lat' dir='ltr'><strong>omnisque</strong></span> <span class='ocrx_word' id='word_1_271' title='bbox 2745 1012 2957 1080; x_wconf 75' lang='lat' dir='ltr'><strong>generis</strong></span> <span class='ocrx_word' id='word_1_272' title='bbox 3006 1014 3140 1068; x_wconf 90' lang='lat' dir='ltr'><strong>bona</strong></span> <span class='ocrx_word' id='word_1_273' title='bbox 3188 1016 3256 1069; x_wconf 85' lang='lat' dir='ltr'><strong>ab</strong></span> <span class='ocrx_word' id='word_1_274' title='bbox 3302 1018 3434 1083; x_wconf 91' lang='lat' dir='ltr'><strong>ipsis</strong></span> 
     </span>
    </p>
   </div>
   <div class='ocr_carea' id='block_1_39' title="bbox 1872 1089 3434 1168">
    <p class='ocr_par' dir='ltr' id='par_1_39' title="bbox 1872 1089 3434 1168">
     <span class='ocr_line' id='line_1_41' title="bbox 1872 1089 3434 1168; baseline 0.013 -26"><span class='ocrx_word' id='word_1_275' title='bbox 1872 1089 2156 1159; x_wconf 78' lang='lat' dir='ltr'><strong>percipies,</strong></span> <span class='ocrx_word' id='word_1_276' title='bbox 2178 1102 2230 1146; x_wconf 91' lang='lat' dir='ltr'><strong>et</strong></span> <span class='ocrx_word' id='word_1_277' title='bbox 2252 1093 2377 1149; x_wconf 84' lang='lat' dir='ltr'><strong>mihi</strong></span> <span class='ocrx_word' id='word_1_278' title='bbox 2410 1099 2542 1166; x_wconf 89' lang='lat' dir='ltr'><strong>patri</strong></span> <span class='ocrx_word' id='word_1_279' title='bbox 2576 1108 2663 1153; x_wconf 92' lang='lat' dir='ltr'><strong>tuo</strong></span> <span class='ocrx_word' id='word_1_280' title='bbox 2693 1116 2782 1168; x_wconf 74' lang='lat' dir='ltr'><strong>per</strong></span> <span class='ocrx_word' id='word_1_281' title='bbox 2812 1117 3022 1157; x_wconf 89' lang='lat' dir='ltr'><strong>omnem</strong></span> <span class='ocrx_word' id='word_1_282' title='bbox 3054 1105 3209 1159; x_wconf 79' lang='lat' dir='ltr'><strong>vitam</strong></span> <span class='ocrx_word' id='word_1_283' title='bbox 3240 1107 3434 1162; x_wconf 80' lang='lat' dir='ltr'><strong>charus</strong></span> 
     </span>
    </p>
   </div>
   <div class='ocr_carea' id='block_1_40' title="bbox 1872 1182 3430 1259">
    <p class='ocr_par' dir='ltr' id='par_1_40' title="bbox 1872 1182 3430 1259">
     <span class='ocr_line' id='line_1_42' title="bbox 1872 1182 3430 1259; baseline 0.013 -24"><span class='ocrx_word' id='word_1_284' title='bbox 1872 1182 2013 1244; x_wconf 86' lang='lat' dir='ltr'><strong>eris;</strong></span> <span class='ocrx_word' id='word_1_285' title='bbox 2047 1198 2108 1238; x_wconf 89' lang='lat' dir='ltr'><strong>ac</strong></span> <span class='ocrx_word' id='word_1_286' title='bbox 2130 1184 2356 1255; x_wconf 91' lang='lat' dir='ltr'><strong>denique</strong></span> <span class='ocrx_word' id='word_1_287' title='bbox 2388 1190 2484 1243; x_wconf 90' lang='lat' dir='ltr'><strong>hoc</strong></span> <span class='ocrx_word' id='word_1_288' title='bbox 2521 1193 2839 1259; x_wconf 88' lang='lat' dir='ltr'><strong>assequeris,</strong></span> <span class='ocrx_word' id='word_1_289' title='bbox 2873 1202 2927 1247; x_wconf 87' lang='lat' dir='ltr'><strong>ut</strong></span> <span class='ocrx_word' id='word_1_290' title='bbox 2963 1209 3148 1251; x_wconf 92' lang='lat' dir='ltr'><strong>omnes</strong></span> <span class='ocrx_word' id='word_1_291' title='bbox 3186 1196 3430 1254; x_wconf 89' lang='lat' dir='ltr'><strong>homines</strong></span> 
     </span>
    </p>
   </div>
   <div class='ocr_carea' id='block_1_41' title="bbox 1875 1275 3431 1359">
    <p class='ocr_par' dir='ltr' id='par_1_41' title="bbox 1875 1275 3431 1359">
     <span class='ocr_line' id='line_1_43' title="bbox 1875 1275 3431 1359; baseline 0.012 -33"><span class='ocrx_word' id='word_1_292' title='bbox 1875 1283 1928 1328; x_wconf 88' lang='lat' dir='ltr'><strong>te</strong></span> <span class='ocrx_word' id='word_1_293' title='bbox 1957 1275 2009 1330; x_wconf 91' lang='lat' dir='ltr'><strong>in</strong></span> <span class='ocrx_word' id='word_1_294' title='bbox 2039 1275 2242 1334; x_wconf 86' lang='lat' dir='ltr'><strong>honore</strong></span> <span class='ocrx_word' id='word_1_295' title='bbox 2290 1279 2537 1348; x_wconf 82' lang='lat' dir='ltr'><strong>habeant,</strong></span> <span class='ocrx_word' id='word_1_296' title='bbox 2589 1284 2936 1354; x_wconf 89' lang='lat' dir='ltr'><strong>laudibusque</strong></span> <span class='ocrx_word' id='word_1_297' title='bbox 2964 1285 3203 1342; x_wconf 77' lang='lat' dir='ltr'><strong>ell’erant.</strong></span> <span class='ocrx_word' id='word_1_298' title='bbox 3250 1291 3431 1359; x_wconf 90' lang='lat' dir='ltr'><strong>Siqui-</strong></span> 
     </span>
    </p>
   </div>
   <div class='ocr_carea' id='block_1_42' title="bbox 1870 1362 3429 1448">
    <p class='ocr_par' dir='ltr' id='par_1_42' title="bbox 1870 1362 3429 1448">
     <span class='ocr_line' id='line_1_44' title="bbox 1870 1362 3429 1448; baseline 0.012 -32"><span class='ocrx_word' id='word_1_299' title='bbox 1870 1362 1989 1417; x_wconf 87' lang='lat' dir='ltr'><strong>dem</strong></span> <span class='ocrx_word' id='word_1_300' title='bbox 2031 1367 2094 1420; x_wconf 91' lang='lat' dir='ltr'><strong>ad</strong></span> <span class='ocrx_word' id='word_1_301' title='bbox 2131 1367 2339 1421; x_wconf 84' lang='lat' dir='ltr'><strong>laudem</strong></span> <span class='ocrx_word' id='word_1_302' title='bbox 2386 1369 2775 1435; x_wconf 83' lang='lat' dir='ltr'><strong>adipiscendam</strong></span> <span class='ocrx_word' id='word_1_303' title='bbox 2808 1376 2983 1445; x_wconf 81' lang='lat' dir='ltr'><strong>magni</strong></span> <span class='ocrx_word' id='word_1_304' title='bbox 3031 1377 3248 1432; x_wconf 88' lang='lat' dir='ltr'><strong>interest</strong></span> <span class='ocrx_word' id='word_1_305' title='bbox 3294 1382 3429 1448; x_wconf 78' lang='lat' dir='ltr'><strong>patri</strong></span> 
     </span>
    </p>
   </div>
   <div class='ocr_carea' id='block_1_43' title="bbox 1870 1453 3429 1535">
    <p class='ocr_par' dir='ltr' id='par_1_43' title="bbox 1870 1453 3429 1535">
     <span class='ocr_line' id='line_1_45' title="bbox 1870 1453 3429 1535; baseline 0.012 -29"><span class='ocrx_word' id='word_1_306' title='bbox 1870 1453 2111 1521; x_wconf 84' lang='lat' dir='ltr'><strong>obedire,</strong></span> <span class='ocrx_word' id='word_1_307' title='bbox 2135 1472 2196 1509; x_wconf 90' lang='lat' dir='ltr'><strong>ac</strong></span> <span class='ocrx_word' id='word_1_308' title='bbox 2225 1461 2518 1524; x_wconf 72' lang='lat' dir='ltr'><strong>prmsertim</strong></span> <span class='ocrx_word' id='word_1_309' title='bbox 2552 1461 2604 1515; x_wconf 91' lang='lat' dir='ltr'><strong>in</strong></span> <span class='ocrx_word' id='word_1_310' title='bbox 2654 1464 2717 1517; x_wconf 90' lang='lat' dir='ltr'><strong>iis</strong></span> <span class='ocrx_word' id='word_1_311' title='bbox 2757 1464 2937 1532; x_wconf 84' lang='lat' dir='ltr'><strong>rebus,</strong></span> <span class='ocrx_word' id='word_1_312' title='bbox 2972 1482 3087 1535; x_wconf 64' lang='lat' dir='ltr'><strong>qua:</strong></span> <span class='ocrx_word' id='word_1_313' title='bbox 3116 1468 3181 1520; x_wconf 87' lang='lat' dir='ltr'><strong>ad</strong></span> <span class='ocrx_word' id='word_1_314' title='bbox 3234 1470 3429 1524; x_wconf 86' lang='lat' dir='ltr'><strong>bonum</strong></span> 
     </span>
    </p>
   </div>
   <div class='ocr_carea' id='block_1_44' title="bbox 1870 1553 3432 1633">
    <p class='ocr_par' dir='ltr' id='par_1_44' title="bbox 1870 1553 3432 1633">
     <span class='ocr_line' id='line_1_46' title="bbox 1870 1553 3432 1633; baseline 0.009 -26"><span class='ocrx_word' id='word_1_315' title='bbox 1870 1563 1922 1607; x_wconf 91' lang='lat' dir='ltr'><strong>et</strong></span> <span class='ocrx_word' id='word_1_316' title='bbox 1951 1553 2015 1605; x_wconf 90' lang='lat' dir='ltr'><strong>ad</strong></span> <span class='ocrx_word' id='word_1_317' title='bbox 2038 1553 2255 1609; x_wconf 89' lang='lat' dir='ltr'><strong>deorum</strong></span> <span class='ocrx_word' id='word_1_318' title='bbox 2287 1557 2710 1615; x_wconf 83' lang='lat' dir='ltr'><strong>benevolentiam</strong></span> <span class='ocrx_word' id='word_1_319' title='bbox 2742 1575 3003 1633; x_wconf 87' lang='lat' dir='ltr'><strong>spectant.</strong></span> <span class='ocrx_word' id='word_1_320' title='bbox 3038 1566 3303 1633; x_wconf 76' lang='lat' dir='ltr'><strong>Quidnam</strong></span> <span class='ocrx_word' id='word_1_321' title='bbox 3335 1585 3432 1621; x_wconf 84' lang='lat' dir='ltr'><strong>au-</strong></span> 
     </span>
    </p>
   </div>
   <div class='ocr_carea' id='block_1_45' title="bbox 1868 1651 3430 1729">
    <p class='ocr_par' dir='ltr' id='par_1_45' title="bbox 1868 1651 3430 1729">
     <span class='ocr_line' id='line_1_47' title="bbox 1868 1651 3430 1729; baseline 0.01 -25"><span class='ocrx_word' id='word_1_322' title='bbox 1868 1658 1997 1719; x_wconf 83' lang='lat' dir='ltr'><strong>tem,</strong></span> <span class='ocrx_word' id='word_1_323' title='bbox 2030 1651 2120 1716; x_wconf 87' lang='lat' dir='ltr'><strong>lili,</strong></span> <span class='ocrx_word' id='word_1_324' title='bbox 2151 1667 2361 1721; x_wconf 89' lang='lat' dir='ltr'><strong>censes,</strong></span> <span class='ocrx_word' id='word_1_325' title='bbox 2393 1667 2567 1711; x_wconf 90' lang='lat' dir='ltr'><strong>utrum</strong></span> <span class='ocrx_word' id='word_1_326' title='bbox 2598 1674 2664 1713; x_wconf 92' lang='lat' dir='ltr'><strong>ne</strong></span> <span class='ocrx_word' id='word_1_327' title='bbox 2706 1677 2790 1716; x_wconf 92' lang='lat' dir='ltr'><strong>me</strong></span> <span class='ocrx_word' id='word_1_328' title='bbox 2816 1665 3060 1729; x_wconf 75' lang='lat' dir='ltr'><strong>consulto</strong></span> <span class='ocrx_word' id='word_1_329' title='bbox 3085 1681 3146 1719; x_wconf 89' lang='lat' dir='ltr'><strong>ac</strong></span> <span class='ocrx_word' id='word_1_330' title='bbox 3178 1666 3244 1720; x_wconf 90' lang='lat' dir='ltr'><strong>de</strong></span> <span class='ocrx_word' id='word_1_331' title='bbox 3274 1666 3430 1719; x_wconf 85' lang='lat' dir='ltr'><strong>indu—</strong></span> 
     </span>
    </p>
   </div>
   <div class='ocr_carea' id='block_1_46' title="bbox 1868 1750 3429 1835">
    <p class='ocr_par' dir='ltr' id='par_1_46' title="bbox 1868 1750 3429 1835">
     <span class='ocr_line' id='line_1_48' title="bbox 1868 1750 3429 1835; baseline 0.011 -33"><span class='ocrx_word' id='word_1_332' title='bbox 1868 1750 1994 1802; x_wconf 85' lang='lat' dir='ltr'><strong>stria</strong></span> <span class='ocrx_word' id='word_1_333' title='bbox 2024 1765 2053 1802; x_wconf 84' lang='lat' dir='ltr'><strong>a</strong></span> <span class='ocrx_word' id='word_1_334' title='bbox 2082 1752 2214 1805; x_wconf 91' lang='lat' dir='ltr'><strong>bona</strong></span> <span class='ocrx_word' id='word_1_335' title='bbox 2238 1755 2319 1807; x_wconf 85' lang='lat' dir='ltr'><strong>via</strong></span> <span class='ocrx_word' id='word_1_336' title='bbox 2348 1754 2656 1823; x_wconf 79' lang='lat' dir='ltr'><strong>deﬂexisse,</strong></span> <span class='ocrx_word' id='word_1_337' title='bbox 2687 1772 2845 1829; x_wconf 84' lang='lat' dir='ltr'><strong>atque</strong></span> <span class='ocrx_word' id='word_1_338' title='bbox 2874 1766 3193 1818; x_wconf 88' lang='lat' dir='ltr'><strong>contrariam</strong></span> <span class='ocrx_word' id='word_1_339' title='bbox 3226 1766 3429 1835; x_wconf 78' lang='lat' dir='ltr'><strong>ingredi</strong></span> 
     </span>
    </p>
   </div>
   <div class='ocr_carea' id='block_1_47' title="bbox 1867 1846 3421 1933">
    <p class='ocr_par' dir='ltr' id='par_1_47' title="bbox 1867 1846 3421 1933">
     <span class='ocr_line' id='line_1_49' title="bbox 1867 1846 3421 1933; baseline 0.015 -37"><span class='ocrx_word' id='word_1_340' title='bbox 1867 1846 2152 1915; x_wconf 68' lang='lat' dir='ltr'><strong>maluisse”,</strong></span> <span class='ocrx_word' id='word_1_341' title='bbox 2207 1866 2273 1906; x_wconf 88' lang='lat' dir='ltr'><strong>an</strong></span> <span class='ocrx_word' id='word_1_342' title='bbox 2312 1868 2436 1909; x_wconf 79' lang='lat' dir='ltr'><strong>vero</strong></span> <span class='ocrx_word' id='word_1_343' title='bbox 2491 1856 2614 1911; x_wconf 91' lang='lat' dir='ltr'><strong>boni</strong></span> <span class='ocrx_word' id='word_1_344' title='bbox 2664 1856 2998 1925; x_wconf 84' lang='lat' dir='ltr'><strong>ignoratione</strong></span> <span class='ocrx_word' id='word_1_345' title='bbox 3049 1873 3105 1918; x_wconf 89' lang='lat' dir='ltr'><strong>et</strong></span> <span class='ocrx_word' id='word_1_346' title='bbox 3156 1864 3421 1933; x_wconf 78' lang='lat' dir='ltr'><strong>imperitia</strong></span> 
     </span>
    </p>
   </div>
   <div class='ocr_carea' id='block_1_48' title="bbox 1869 1946 3427 2025">
    <p class='ocr_par' dir='ltr' id='par_1_48' title="bbox 1869 1946 3427 2025">
     <span class='ocr_line' id='line_1_50' title="bbox 1869 1946 3427 2025; baseline 0.017 -28"><span class='ocrx_word' id='word_1_347' title='bbox 1869 1946 2128 2014; x_wconf 85' lang='lat' dir='ltr'><strong>meipsum</strong></span> <span class='ocrx_word' id='word_1_348' title='bbox 2160 1951 2426 2018; x_wconf 74' lang='lat' dir='ltr'><strong>pestiferis</strong></span> <span class='ocrx_word' id='word_1_349' title='bbox 2474 1956 2814 2025; x_wconf 85' lang='lat' dir='ltr'><strong>dogmatibus</strong></span> <span class='ocrx_word' id='word_1_350' title='bbox 2859 1960 3163 2021; x_wconf 80' lang='lat' dir='ltr'><strong>dedidisse?</strong></span> <span class='ocrx_word' id='word_1_351' title='bbox 3188 1964 3345 2025; x_wconf 80' lang='lat' dir='ltr'><strong>Certe</strong></span> <span class='ocrx_word' id='word_1_352' title='bbox 3382 1972 3427 2024; x_wconf 77' lang='lat' dir='ltr'><strong>si</strong></span> 
     </span>
    </p>
   </div>
   <div class='ocr_carea' id='block_1_49' title="bbox 1868 2051 3425 2133">
    <p class='ocr_par' dir='ltr' id='par_1_49' title="bbox 1868 2051 3425 2133">
     <span class='ocr_line' id='line_1_51' title="bbox 1868 2051 3425 2133; baseline 0.014 -35"><span class='ocrx_word' id='word_1_353' title='bbox 1868 2060 1956 2100; x_wconf 91' lang='lat' dir='ltr'><strong>me</strong></span> <span class='ocrx_word' id='word_1_354' title='bbox 1984 2056 2171 2114; x_wconf 90' lang='lat' dir='ltr'><strong>sponte</strong></span> <span class='ocrx_word' id='word_1_355' title='bbox 2211 2063 2275 2104; x_wconf 88' lang='lat' dir='ltr'><strong>ac</strong></span> <span class='ocrx_word' id='word_1_356' title='bbox 2302 2051 2369 2104; x_wconf 90' lang='lat' dir='ltr'><strong>de</strong></span> <span class='ocrx_word' id='word_1_357' title='bbox 2402 2052 2679 2119; x_wconf 87' lang='lat' dir='ltr'><strong>industria,</strong></span> <span class='ocrx_word' id='word_1_358' title='bbox 2722 2067 2904 2111; x_wconf 88' lang='lat' dir='ltr'><strong>contra</strong></span> <span class='ocrx_word' id='word_1_359' title='bbox 2958 2075 3118 2129; x_wconf 86' lang='lat' dir='ltr'><strong>quam</strong></span> <span class='ocrx_word' id='word_1_360' title='bbox 3164 2066 3297 2121; x_wconf 83' lang='lat' dir='ltr'><strong>utile</strong></span> <span class='ocrx_word' id='word_1_361' title='bbox 3332 2067 3425 2133; x_wconf 89' lang='lat' dir='ltr'><strong>sit,</strong></span> 
     </span>
    </p>
   </div>
   <div class='ocr_carea' id='block_1_50' title="bbox 1867 2144 3427 2224">
    <p class='ocr_par' dir='ltr' id='par_1_50' title="bbox 1867 2144 3427 2224">
     <span class='ocr_line' id='line_1_52' title="bbox 1867 2144 3427 2224; baseline 0.014 -28"><span class='ocrx_word' id='word_1_362' title='bbox 1867 2145 2006 2197; x_wconf 86' lang='lat' dir='ltr'><strong>mala</strong></span> <span class='ocrx_word' id='word_1_363' title='bbox 2052 2144 2205 2199; x_wconf 85' lang='lat' dir='ltr'><strong>bonis</strong></span> <span class='ocrx_word' id='word_1_364' title='bbox 2232 2148 2504 2214; x_wconf 69' lang='lat' dir='ltr'><strong>praeferre,</strong></span> <span class='ocrx_word' id='word_1_365' title='bbox 2535 2162 2866 2222; x_wconf 90' lang='lat' dir='ltr'><strong>mortemque</strong></span> <span class='ocrx_word' id='word_1_366' title='bbox 2893 2156 2997 2210; x_wconf 86' lang='lat' dir='ltr'><strong>vita</strong></span> <span class='ocrx_word' id='word_1_367' title='bbox 3029 2161 3288 2224; x_wconf 88' lang='lat' dir='ltr'><strong>potiorem</strong></span> <span class='ocrx_word' id='word_1_368' title='bbox 3327 2163 3427 2218; x_wconf 82' lang='lat' dir='ltr'><strong>ha—</strong></span> 
     </span>
    </p>
   </div>
   <div class='ocr_carea' id='block_1_51' title="bbox 1871 2221 3430 2312">
    <p class='ocr_par' dir='ltr' id='par_1_51' title="bbox 1871 2221 3430 2312">
     <span class='ocr_line' id='line_1_53' title="bbox 1871 2221 3430 2312; baseline 0.015 -34"><span class='ocrx_word' id='word_1_369' title='bbox 1871 2221 2001 2279; x_wconf 82' lang='lat' dir='ltr'><strong>bere</strong></span> <span class='ocrx_word' id='word_1_370' title='bbox 2043 2226 2333 2293; x_wconf 45' lang='lat' dir='ltr'><strong>existimas»,</strong></span> <span class='ocrx_word' id='word_1_371' title='bbox 2365 2230 2730 2303; x_wconf 84' lang='lat' dir='ltr'><strong>vehementer,</strong></span> <span class='ocrx_word' id='word_1_372' title='bbox 2780 2221 2814 2293; x_wconf 80' lang='grc' dir='ltr'><strong>ο</strong></span> <span class='ocrx_word' id='word_1_373' title='bbox 2854 2237 2948 2307; x_wconf 82' lang='lat' dir='ltr'><strong>illi,</strong></span> <span class='ocrx_word' id='word_1_374' title='bbox 2980 2221 3201 2298; x_wconf 36' lang='lat' dir='ltr'><strong>a—rectu</strong></span> <span class='ocrx_word' id='word_1_375' title='bbox 3229 2244 3430 2312; x_wconf 87' lang='lat' dir='ltr'><strong>judicio</strong></span> 
     </span>
    </p>
   </div>
   <div class='ocr_carea' id='block_1_52' title="bbox 1869 2313 2517 2377">
    <p class='ocr_par' dir='ltr' id='par_1_52' title="bbox 1869 2313 2517 2377">
     <span class='ocr_line' id='line_1_54' title="bbox 1869 2313 2517 2377; baseline 0.011 -8"><span class='ocrx_word' id='word_1_376' title='bbox 1869 2313 1998 2369; x_wconf 85' lang='lat' dir='ltr'><strong>mihi</strong></span> <span class='ocrx_word' id='word_1_377' title='bbox 2025 2316 2274 2372; x_wconf 83' lang='lat' dir='ltr'><strong>aberrare</strong></span> <span class='ocrx_word' id='word_1_378' title='bbox 2301 2319 2517 2377; x_wconf 87' lang='lat' dir='ltr'><strong>videris.</strong></span> 
     </span>
    </p>
   </div>
   <div class='ocr_carea' id='block_1_53' title="bbox 1939 2406 3426 2479">
    <p class='ocr_par' dir='ltr' id='par_1_53' title="bbox 1939 2406 3426 2479">
     <span class='ocr_line' id='line_1_55' title="bbox 1939 2406 3426 2479; baseline 0.013 -22"><span class='ocrx_word' id='word_1_379' title='bbox 1939 2406 2019 2459; x_wconf 77' lang='lat' dir='ltr'><strong>An</strong></span> <span class='ocrx_word' id='word_1_380' title='bbox 2052 2420 2157 2460; x_wconf 92' lang='lat' dir='ltr'><strong>non</strong></span> <span class='ocrx_word' id='word_1_381' title='bbox 2189 2408 2337 2464; x_wconf 80' lang='lat' dir='ltr'><strong>vides</strong></span> <span class='ocrx_word' id='word_1_382' title='bbox 2365 2422 2494 2479; x_wconf 90' lang='lat' dir='ltr'><strong>quot</strong></span> <span class='ocrx_word' id='word_1_383' title='bbox 2536 2416 2787 2470; x_wconf 69' lang='lat' dir='ltr'><strong>aerumnis</strong></span> <span class='ocrx_word' id='word_1_384' title='bbox 2828 2424 2883 2473; x_wconf 87' lang='lat' dir='ltr'><strong>et</strong></span> <span class='ocrx_word' id='word_1_385' title='bbox 2910 2417 3285 2475; x_wconf 81' lang='lat' dir='ltr'><strong>afﬂictionibus</strong></span> <span class='ocrx_word' id='word_1_386' title='bbox 3316 2437 3426 2476; x_wconf 91' lang='lat' dir='ltr'><strong>me-</strong></span> 
     </span>
    </p>
   </div>
   <div class='ocr_carea' id='block_1_54' title="bbox 1871 2494 3425 2577">
    <p class='ocr_par' dir='ltr' id='par_1_54' title="bbox 1871 2494 3425 2577">
     <span class='ocr_line' id='line_1_56' title="bbox 1871 2494 3425 2577; baseline 0.013 -31"><span class='ocrx_word' id='word_1_387' title='bbox 1871 2494 2044 2562; x_wconf 85' lang='lat' dir='ltr'><strong>ipsum</strong></span> <span class='ocrx_word' id='word_1_388' title='bbox 2084 2511 2320 2567; x_wconf 64' lang='lat' dir='ltr'><strong>persaepe</strong></span> <span class='ocrx_word' id='word_1_389' title='bbox 2365 2501 2585 2567; x_wconf 85' lang='lat' dir='ltr'><strong>tradam,</strong></span> <span class='ocrx_word' id='word_1_390' title='bbox 2621 2515 2729 2559; x_wconf 90' lang='lat' dir='ltr'><strong>tum</strong></span> <span class='ocrx_word' id='word_1_391' title='bbox 2783 2507 2836 2561; x_wconf 89' lang='lat' dir='ltr'><strong>in</strong></span> <span class='ocrx_word' id='word_1_392' title='bbox 2880 2509 3305 2577; x_wconf 71' lang='lat' dir='ltr'><strong>espeditlt&#39;nibus</strong></span> <span class='ocrx_word' id='word_1_393' title='bbox 3333 2512 3425 2566; x_wconf 83' lang='lat' dir='ltr'><strong>ad-</strong></span> 
     </span>
    </p>
   </div>
   <div class='ocr_carea' id='block_1_55' title="bbox 1864 2585 3423 2669">
    <p class='ocr_par' dir='ltr' id='par_1_55' title="bbox 1864 2585 3423 2669">
     <span class='ocr_line' id='line_1_57' title="bbox 1864 2585 3423 2669; baseline 0.013 -34"><span class='ocrx_word' id='word_1_394' title='bbox 1864 2596 2051 2637; x_wconf 88' lang='lat' dir='ltr'><strong>versus</strong></span> <span class='ocrx_word' id='word_1_395' title='bbox 2089 2585 2291 2652; x_wconf 86' lang='lat' dir='ltr'><strong>hostes,</strong></span> <span class='ocrx_word' id='word_1_396' title='bbox 2338 2599 2445 2643; x_wconf 90' lang='lat' dir='ltr'><strong>tum</strong></span> <span class='ocrx_word' id='word_1_397' title='bbox 2476 2593 2527 2645; x_wconf 90' lang='lat' dir='ltr'><strong>in</strong></span> <span class='ocrx_word' id='word_1_398' title='bbox 2571 2595 2901 2661; x_wconf 89' lang='lat' dir='ltr'><strong>publicorum</strong></span> <span class='ocrx_word' id='word_1_399' title='bbox 2942 2600 3268 2667; x_wconf 85' lang='lat' dir='ltr'><strong>negotiorum</strong></span> <span class='ocrx_word' id='word_1_400' title='bbox 3301 2617 3423 2669; x_wconf 84' lang='lat' dir='ltr'><strong>pro-</strong></span> 
     </span>
    </p>
   </div>
   <div class='ocr_carea' id='block_1_56' title="bbox 1863 2674 3420 2753">
    <p class='ocr_par' dir='ltr' id='par_1_56' title="bbox 1863 2674 3420 2753">
     <span class='ocr_line' id='line_1_58' title="bbox 1863 2674 3420 2753; baseline 0.012 -26"><span class='ocrx_word' id='word_1_401' title='bbox 1863 2674 2139 2730; x_wconf 88' lang='lat' dir='ltr'><strong>curatione</strong></span> <span class='ocrx_word' id='word_1_402' title='bbox 2168 2677 2426 2746; x_wconf 86' lang='lat' dir='ltr'><strong>meipsum</strong></span> <span class='ocrx_word' id='word_1_403' title='bbox 2467 2695 2754 2753; x_wconf 87' lang='lat' dir='ltr'><strong>occupans,</strong></span> <span class='ocrx_word' id='word_1_404' title='bbox 2783 2686 2919 2740; x_wconf 84' lang='lat' dir='ltr'><strong>adeo</strong></span> <span class='ocrx_word' id='word_1_405' title='bbox 2947 2697 3004 2741; x_wconf 90' lang='lat' dir='ltr'><strong>ut</strong></span> <span class='ocrx_word' id='word_1_406' title='bbox 3036 2687 3230 2744; x_wconf 82' lang='lat' dir='ltr'><strong>famem</strong></span> <span class='ocrx_word' id='word_1_407' title='bbox 3259 2691 3420 2746; x_wconf 80' lang='lat' dir='ltr'><strong>etiam</strong></span> 
     </span>
    </p>
   </div>
   <div class='ocr_carea' id='block_1_57' title="bbox 1863 2764 3419 2849">
    <p class='ocr_par' dir='ltr' id='par_1_57' title="bbox 1863 2764 3419 2849">
     <span class='ocr_line' id='line_1_59' title="bbox 1863 2764 3419 2849; baseline 0.015 -34"><span class='ocrx_word' id='word_1_408' title='bbox 1863 2775 1927 2815; x_wconf 87' lang='lat' dir='ltr'><strong>ac</strong></span> <span class='ocrx_word' id='word_1_409' title='bbox 1952 2764 2120 2830; x_wconf 89' lang='lat' dir='ltr'><strong>sitim,</strong></span> <span class='ocrx_word' id='word_1_410' title='bbox 2153 2782 2270 2821; x_wconf 89' lang='lat' dir='ltr'><strong>cum</strong></span> <span class='ocrx_word' id='word_1_411' title='bbox 2312 2769 2382 2823; x_wconf 87' lang='lat' dir='ltr'><strong>ita</strong></span> <span class='ocrx_word' id='word_1_412' title='bbox 2412 2786 2631 2828; x_wconf 83' lang='lat' dir='ltr'><strong>necesse</strong></span> <span class='ocrx_word' id='word_1_413' title='bbox 2658 2784 2761 2841; x_wconf 87' lang='lat' dir='ltr'><strong>est,</strong></span> <span class='ocrx_word' id='word_1_414' title='bbox 2788 2778 3077 2846; x_wconf 79' lang='lat' dir='ltr'><strong>perferam,</strong></span> <span class='ocrx_word' id='word_1_415' title='bbox 3105 2795 3168 2836; x_wconf 88' lang='lat' dir='ltr'><strong>ac</strong></span> <span class='ocrx_word' id='word_1_416' title='bbox 3196 2784 3419 2849; x_wconf 80' lang='lat' dir='ltr'><strong>pedibus</strong></span> 
     </span>
    </p>
   </div>
   <div class='ocr_carea' id='block_1_58' title="bbox 1861 2851 3414 2936">
    <p class='ocr_par' dir='ltr' id='par_1_58' title="bbox 1861 2851 3414 2936">
     <span class='ocr_line' id='line_1_60' title="bbox 1861 2851 3414 2936; baseline 0.014 -34"><span class='ocrx_word' id='word_1_417' title='bbox 1861 2851 2153 2918; x_wconf 77' lang='lat' dir='ltr'><strong>ambulem,</strong></span> <span class='ocrx_word' id='word_1_418' title='bbox 2179 2855 2426 2925; x_wconf 88' lang='lat' dir='ltr'><strong>humique</strong></span> <span class='ocrx_word' id='word_1_419' title='bbox 2466 2872 2710 2915; x_wconf 88' lang='lat' dir='ltr'><strong>somnum</strong></span> <span class='ocrx_word' id='word_1_420' title='bbox 2733 2865 2984 2931; x_wconf 80' lang='lat' dir='ltr'><strong>carpam?</strong></span> <span class='ocrx_word' id='word_1_421' title='bbox 3026 2866 3197 2936; x_wconf 89' lang='lat' dir='ltr'><strong>Opum</strong></span> <span class='ocrx_word' id='word_1_422' title='bbox 3236 2880 3414 2924; x_wconf 88' lang='lat' dir='ltr'><strong>autem</strong></span> 
     </span>
    </p>
   </div>
   <div class='ocr_carea' id='block_1_59' title="bbox 1858 2945 3415 3027">
    <p class='ocr_par' dir='ltr' id='par_1_59' title="bbox 1858 2945 3415 3027">
     <span class='ocr_line' id='line_1_61' title="bbox 1858 2945 3415 3027; baseline 0.013 -32"><span class='ocrx_word' id='word_1_423' title='bbox 1858 2947 1915 2995; x_wconf 85' lang='lat' dir='ltr'><strong>et</strong></span> <span class='ocrx_word' id='word_1_424' title='bbox 1940 2945 2279 3008; x_wconf 81' lang='lat' dir='ltr'><strong>pecuniarum</strong></span> <span class='ocrx_word' id='word_1_425' title='bbox 2310 2956 2449 3001; x_wconf 89' lang='lat' dir='ltr'><strong>tanta</strong></span> <span class='ocrx_word' id='word_1_426' title='bbox 2476 2950 2530 3003; x_wconf 90' lang='lat' dir='ltr'><strong>in</strong></span> <span class='ocrx_word' id='word_1_427' title='bbox 2560 2966 2644 3006; x_wconf 90' lang='lat' dir='ltr'><strong>me</strong></span> <span class='ocrx_word' id='word_1_428' title='bbox 2669 2957 2993 3022; x_wconf 87' lang='lat' dir='ltr'><strong>contemptio</strong></span> <span class='ocrx_word' id='word_1_429' title='bbox 3028 2972 3090 3011; x_wconf 91' lang='lat' dir='ltr'><strong>ac</strong></span> <span class='ocrx_word' id='word_1_430' title='bbox 3118 2959 3415 3027; x_wconf 86' lang='lat' dir='ltr'><strong>despicien-</strong></span> 
     </span>
    </p>
   </div>
   <div class='ocr_carea' id='block_1_60' title="bbox 1858 3026 3410 3114">
    <p class='ocr_par' dir='ltr' id='par_1_60' title="bbox 1858 3026 3410 3114">
     <span class='ocr_line' id='line_1_62' title="bbox 1858 3026 3410 3114; baseline 0.017 -33"><span class='ocrx_word' id='word_1_431' title='bbox 1858 3026 1932 3082; x_wconf 83' lang='lat' dir='ltr'><strong>tia</strong></span> <span class='ocrx_word' id='word_1_432' title='bbox 1968 3039 2073 3097; x_wconf 87' lang='lat' dir='ltr'><strong>est,</strong></span> <span class='ocrx_word' id='word_1_433' title='bbox 2114 3040 2171 3086; x_wconf 90' lang='lat' dir='ltr'><strong>ut</strong></span> <span class='ocrx_word' id='word_1_434' title='bbox 2209 3032 2476 3090; x_wconf 89' lang='lat' dir='ltr'><strong>interdum</strong></span> <span class='ocrx_word' id='word_1_435' title='bbox 2510 3038 2723 3107; x_wconf 80' lang='lat' dir='ltr'><strong>profusa</strong></span> <span class='ocrx_word' id='word_1_436' title='bbox 2753 3058 2909 3098; x_wconf 89' lang='lat' dir='ltr'><strong>manu</strong></span> <span class='ocrx_word' id='word_1_437' title='bbox 2952 3046 3132 3114; x_wconf 89' lang='lat' dir='ltr'><strong>palatii</strong></span> <span class='ocrx_word' id='word_1_438' title='bbox 3162 3026 3264 3104; x_wconf 80' lang='lat' dir='ltr'><strong>mei</strong></span> <span class='ocrx_word' id='word_1_439' title='bbox 3292 3050 3410 3106; x_wconf 85' lang='lat' dir='ltr'><strong>the-</strong></span> 
     </span>
    </p>
   </div>
   <div class='ocr_carea' id='block_1_61' title="bbox 1852 3123 3411 3199">
    <p class='ocr_par' dir='ltr' id='par_1_61' title="bbox 1852 3123 3411 3199">
     <span class='ocr_line' id='line_1_63' title="bbox 1852 3123 3411 3199; baseline 0.017 -28"><span class='ocrx_word' id='word_1_440' title='bbox 1852 3130 2041 3173; x_wconf 82' lang='lat' dir='ltr'><strong>sauros</strong></span> <span class='ocrx_word' id='word_1_441' title='bbox 2069 3123 2394 3190; x_wconf 82' lang='lat' dir='ltr'><strong>exbauriam,</strong></span> <span class='ocrx_word' id='word_1_442' title='bbox 2426 3143 2530 3193; x_wconf 86' lang='lat' dir='ltr'><strong>quo</strong></span> <span class='ocrx_word' id='word_1_443' title='bbox 2558 3132 2881 3199; x_wconf 85' lang='lat' dir='ltr'><strong>amplissima</strong></span> <span class='ocrx_word' id='word_1_444' title='bbox 2906 3136 3006 3190; x_wconf 90' lang='lat' dir='ltr'><strong>diis</strong></span> <span class='ocrx_word' id='word_1_445' title='bbox 3042 3138 3262 3195; x_wconf 88' lang='lat' dir='ltr'><strong>delubra</strong></span> <span class='ocrx_word' id='word_1_446' title='bbox 3310 3156 3411 3196; x_wconf 79' lang='lat' dir='ltr'><strong>ex-</strong></span> 
     </span>
    </p>
   </div>
   <div class='ocr_carea' id='block_1_62' title="bbox 146 3188 1738 3298">
    <p class='ocr_par' dir='ltr' id='par_1_62' title="bbox 146 3188 1735 3292">
     <span class='ocr_line' id='line_1_64' title="bbox 146 3188 1735 3292; baseline 0.014 -37"><span class='ocrx_word' id='word_1_447' title='bbox 146 3204 456 3274; x_wconf 81' lang='grc' dir='ltr'>μεγίστους</span> <span class='ocrx_word' id='word_1_448' title='bbox 476 3210 637 3273; x_wconf 72' lang='grc' dir='ltr'>ναοὺς</span> <span class='ocrx_word' id='word_1_449' title='bbox 669 3211 764 3263; x_wconf 75' lang='grc' dir='ltr'><strong>καὶ</strong></span> <span class='ocrx_word' id='word_1_450' title='bbox 784 3213 1024 3284; x_wconf 85' lang='grc' dir='ltr'>παντοίῳ</span> <span class='ocrx_word' id='word_1_451' title='bbox 1039 3188 1263 3281; x_wconf 76' lang='grc' dir='ltr'>τούτους</span> <span class='ocrx_word' id='word_1_452' title='bbox 1279 3218 1735 3292; x_wconf 85' lang='grc' dir='ltr'>καταλαμπρῦναι</span> 
     </span>
    </p>
   </div>
   <div class='ocr_carea' id='block_1_63' title="bbox 1853 3188 3405 3298">
    <p class='ocr_par' dir='ltr' id='par_1_63' title="bbox 1853 3214 3405 3298">
     <span class='ocr_line' id='line_1_65' title="bbox 1853 3214 3405 3298; baseline 0.018 -39"><span class='ocrx_word' id='word_1_453' title='bbox 1853 3215 2075 3273; x_wconf 76' lang='lat' dir='ltr'><strong>struem,</strong></span> <span class='ocrx_word' id='word_1_454' title='bbox 2105 3214 2351 3281; x_wconf 89' lang='lat' dir='ltr'><strong>omnique</strong></span> <span class='ocrx_word' id='word_1_455' title='bbox 2376 3229 2569 3273; x_wconf 89' lang='lat' dir='ltr'><strong>ornatu</strong></span> <span class='ocrx_word' id='word_1_456' title='bbox 2610 3222 2889 3292; x_wconf 84' lang='lat' dir='ltr'><strong>illustrem,</strong></span> <span class='ocrx_word' id='word_1_457' title='bbox 2934 3237 3023 3281; x_wconf 87' lang='lat' dir='ltr'><strong>aut</strong></span> <span class='ocrx_word' id='word_1_458' title='bbox 3065 3232 3405 3298; x_wconf 86' lang='lat' dir='ltr'><strong>pecuniarum</strong></span> 
     </span>
    </p>
   </div>
   <div class='ocr_carea' id='block_1_64' title="bbox 150 3292 1735 3377">
    <p class='ocr_par' dir='ltr' id='par_1_64' title="bbox 150 3292 1735 3377">
     <span class='ocr_line' id='line_1_66' title="bbox 150 3292 1735 3377; baseline 0.013 -33"><span class='ocrx_word' id='word_1_459' title='bbox 150 3292 355 3364; x_wconf 81' lang='grc' dir='ltr'>κόσμῳ</span> <span class='ocrx_word' id='word_1_460' title='bbox 388 3294 422 3364; x_wconf 75' lang='grc' dir='ltr'>ἢ</span> <span class='ocrx_word' id='word_1_461' title='bbox 453 3297 565 3360; x_wconf 84' lang='grc' dir='ltr'>τοῖς</span> <span class='ocrx_word' id='word_1_462' title='bbox 593 3299 974 3368; x_wconf 82' lang='grc' dir='ltr'>στρατοπέδοις</span> <span class='ocrx_word' id='word_1_463' title='bbox 1002 3301 1254 3370; x_wconf 85' lang='grc' dir='ltr'>ἀφθόνως</span> <span class='ocrx_word' id='word_1_464' title='bbox 1290 3305 1561 3377; x_wconf 85' lang='grc' dir='ltr'>διανεῖμαι</span> <span class='ocrx_word' id='word_1_465' title='bbox 1607 3312 1735 3377; x_wconf 81' lang='grc' dir='ltr'>τοὺς</span> 
     </span>
    </p>
   </div>
   <div class='ocr_carea' id='block_1_65' title="bbox 151 3378 1734 3471">
    <p class='ocr_par' dir='ltr' id='par_1_65' title="bbox 151 3378 1734 3471">
     <span class='ocr_line' id='line_1_67' title="bbox 151 3378 1734 3471; baseline 0.014 -38"><span class='ocrx_word' id='word_1_466' title='bbox 151 3378 473 3455; x_wconf 61' lang='grc' dir='ltr'>θησαυροὺς</span> <span class='ocrx_word' id='word_1_467' title='bbox 520 3384 632 3439; x_wconf 85' lang='grc' dir='ltr'><strong>τῶν</strong></span> <span class='ocrx_word' id='word_1_468' title='bbox 673 3389 993 3460; x_wconf 83' lang='grc' dir='ltr'>χρημάτων.</span> <span class='ocrx_word' id='word_1_469' title='bbox 1046 3391 1319 3466; x_wconf 87' lang='grc' dir='ltr'>Τοιαύτης</span> <span class='ocrx_word' id='word_1_470' title='bbox 1356 3394 1450 3449; x_wconf 82' lang='grc' dir='ltr'><strong>οὖν</strong></span> <span class='ocrx_word' id='word_1_471' title='bbox 1491 3399 1734 3471; x_wconf 86' lang='grc' dir='ltr'>μετέχων</span> 
     </span>
    </p>
   </div>
   <div class='ocr_carea' id='block_1_66' title="bbox 148 3472 1733 3557">
    <p class='ocr_par' dir='ltr' id='par_1_66' title="bbox 148 3472 1733 3557">
     <span class='ocr_line' id='line_1_68' title="bbox 148 3472 1733 3557; baseline 0.011 -32"><span class='ocrx_word' id='word_1_472' title='bbox 148 3472 271 3526; x_wconf 81' lang='grc' dir='ltr'><strong>τῶν</strong></span> <span class='ocrx_word' id='word_1_473' title='bbox 293 3474 712 3530; x_wconf 85' lang='grc' dir='ltr'>ἀπολαυστικῶν</span> <span class='ocrx_word' id='word_1_474' title='bbox 736 3478 1040 3551; x_wconf 79' lang='grc' dir='ltr'>ὑπεροψίας</span> <span class='ocrx_word' id='word_1_475' title='bbox 1068 3483 1163 3537; x_wconf 78' lang='grc' dir='ltr'>καὶ</span> <span class='ocrx_word' id='word_1_476' title='bbox 1191 3486 1290 3557; x_wconf 79' lang='grc' dir='ltr'><strong>τῆς</strong></span> <span class='ocrx_word' id='word_1_477' title='bbox 1316 3486 1376 3539; x_wconf 79' lang='grc' dir='ltr'><strong>ἐν</strong></span> <span class='ocrx_word' id='word_1_478' title='bbox 1400 3489 1514 3551; x_wconf 90' lang='grc' dir='ltr'>τοῖς</span> <span class='ocrx_word' id='word_1_479' title='bbox 1540 3488 1733 3555; x_wconf 81' lang='grc' dir='ltr'>δεινοῖς</span> 
     </span>
    </p>
   </div>
   <div class='ocr_carea' id='block_1_67' title="bbox 150 3566 1729 3651">
    <p class='ocr_par' dir='ltr' id='par_1_67' title="bbox 150 3566 1729 3651">
     <span class='ocr_line' id='line_1_69' title="bbox 150 3566 1729 3651; baseline -0.001 -18"><span class='ocrx_word' id='word_1_480' title='bbox 150 3566 474 3637; x_wconf 76' lang='grc' dir='ltr'>καρτερίας,</span> <span class='ocrx_word' id='word_1_481' title='bbox 516 3568 567 3621; x_wconf 72' lang='grc' dir='ltr'>εἰ</span> <span class='ocrx_word' id='word_1_482' title='bbox 594 3568 695 3640; x_wconf 83' lang='grc' dir='ltr'>τὴν</span> <span class='ocrx_word' id='word_1_483' title='bbox 745 3571 855 3625; x_wconf 87' lang='grc' dir='ltr'><strong>τῶν</strong></span> <span class='ocrx_word' id='word_1_484' title='bbox 904 3572 1208 3631; x_wconf 88' lang='grc' dir='ltr'>Γαλιλαίων</span> <span class='ocrx_word' id='word_1_485' title='bbox 1246 3578 1546 3646; x_wconf 77' lang='grc' dir='ltr'>ἐγίνωσκον</span> <span class='ocrx_word' id='word_1_486' title='bbox 1594 3579 1729 3651; x_wconf 78' lang='grc' dir='ltr'>θρη-</span> 
     </span>
    </p>
   </div>
   <div class='ocr_carea' id='block_1_68' title="bbox 150 3655 1732 3739">
    <p class='ocr_par' dir='ltr' id='par_1_68' title="bbox 150 3655 1732 3739">
     <span class='ocr_line' id='line_1_70' title="bbox 150 3655 1732 3739; baseline 0.011 -33"><span class='ocrx_word' id='word_1_487' title='bbox 150 3655 349 3708; x_wconf 85' lang='grc' dir='ltr'>σκείαν</span> <span class='ocrx_word' id='word_1_488' title='bbox 374 3658 657 3727; x_wconf 80' lang='grc' dir='ltr'>κρείττονα</span> <span class='ocrx_word' id='word_1_489' title='bbox 683 3659 782 3732; x_wconf 85' lang='grc' dir='ltr'><strong>τῆς</strong></span> <span class='ocrx_word' id='word_1_490' title='bbox 809 3662 866 3715; x_wconf 83' lang='grc' dir='ltr'><strong>ἐν</strong></span> <span class='ocrx_word' id='word_1_491' title='bbox 912 3663 1101 3733; x_wconf 82' lang='grc' dir='ltr'>χερσὶν</span> <span class='ocrx_word' id='word_1_492' title='bbox 1142 3664 1431 3736; x_wconf 80' lang='grc' dir='ltr'>ὑπάρχειν,</span> <span class='ocrx_word' id='word_1_493' title='bbox 1464 3668 1635 3739; x_wconf 85' lang='grc' dir='ltr'>πόσης</span> <span class='ocrx_word' id='word_1_494' title='bbox 1664 3669 1732 3723; x_wconf 85' lang='grc' dir='ltr'><strong>ἂν</strong></span> 
     </span>
    </p>
   </div>
   <div class='ocr_carea' id='block_1_69' title="bbox 147 3744 1726 3825">
    <p class='ocr_par' dir='ltr' id='par_1_69' title="bbox 147 3744 1726 3825">
     <span class='ocr_line' id='line_1_71' title="bbox 147 3744 1726 3825; baseline 0.009 -27"><span class='ocrx_word' id='word_1_495' title='bbox 147 3744 258 3798; x_wconf 83' lang='grc' dir='ltr'><strong>οὐκ</strong></span> <span class='ocrx_word' id='word_1_496' title='bbox 289 3745 449 3817; x_wconf 75' lang='lat'><strong>223</strong></span> <span class='ocrx_word' id='word_1_497' title='bbox 473 3746 662 3819; x_wconf 79' lang='grc' dir='ltr'>ἔκρινα</span> <span class='ocrx_word' id='word_1_498' title='bbox 689 3750 751 3804; x_wconf 83' lang='grc' dir='ltr'>τὸ</span> <span class='ocrx_word' id='word_1_499' title='bbox 774 3753 1007 3824; x_wconf 82' lang='grc' dir='ltr'>πρᾶγμα</span> <span class='ocrx_word' id='word_1_500' title='bbox 1039 3753 1277 3825; x_wconf 90' lang='grc' dir='ltr'>σπουδῆς</span> <span class='ocrx_word' id='word_1_501' title='bbox 1306 3755 1480 3823; x_wconf 77' lang='grc' dir='ltr'>ἀξιον,</span> <span class='ocrx_word' id='word_1_502' title='bbox 1506 3758 1726 3812; x_wconf 86' lang='grc' dir='ltr'>πάντων</span> 
     </span>
    </p>
   </div>
   <div class='ocr_carea' id='block_1_70' title="bbox 148 3836 1730 3921">
    <p class='ocr_par' dir='ltr' id='par_1_70' title="bbox 148 3836 1730 3921">
     <span class='ocr_line' id='line_1_72' title="bbox 148 3836 1730 3921; baseline 0.008 -33"><span class='ocrx_word' id='word_1_503' title='bbox 148 3836 261 3908; x_wconf 80' lang='grc' dir='ltr'>μὲν</span> <span class='ocrx_word' id='word_1_504' title='bbox 313 3837 589 3909; x_wconf 85' lang='grc' dir='ltr'>ὑπεριδεῖν</span> <span class='ocrx_word' id='word_1_505' title='bbox 634 3840 730 3894; x_wconf 73' lang='grc' dir='ltr'>καὶ</span> <span class='ocrx_word' id='word_1_506' title='bbox 793 3843 895 3914; x_wconf 83' lang='grc' dir='ltr'><strong>τὴν</strong></span> <span class='ocrx_word' id='word_1_507' title='bbox 967 3845 1209 3915; x_wconf 88' lang='grc' dir='ltr'>ἐμαυτοῦ</span> <span class='ocrx_word' id='word_1_508' title='bbox 1264 3848 1730 3921; x_wconf 85' lang='grc' dir='ltr'>περιποιήσασθαι</span> 
     </span>
    </p>
   </div>
   <div class='ocr_carea' id='block_1_71' title="bbox 151 3925 1727 4006">
    <p class='ocr_par' dir='ltr' id='par_1_71' title="bbox 151 3925 1727 4006">
     <span class='ocr_line' id='line_1_73' title="bbox 151 3925 1727 4006; baseline 0.008 -28"><span class='ocrx_word' id='word_1_509' title='bbox 151 3925 468 3997; x_wconf 76' lang='grc' dir='ltr'>σωτηρίανς</span> <span class='ocrx_word' id='word_1_510' title='bbox 496 3930 559 3982; x_wconf 77' lang='lat' dir='ltr'><strong>Ei</strong></span> <span class='ocrx_word' id='word_1_511' title='bbox 588 3929 646 3983; x_wconf 83' lang='grc' dir='ltr'>δὲ</span> <span class='ocrx_word' id='word_1_512' title='bbox 673 3929 896 4000; x_wconf 84' lang='grc' dir='ltr'>ἀγνοιάν</span> <span class='ocrx_word' id='word_1_513' title='bbox 917 3950 1009 4004; x_wconf 89' lang='grc' dir='ltr'><strong>μοι</strong></span> <span class='ocrx_word' id='word_1_514' title='bbox 1026 3935 1121 3988; x_wconf 81' lang='grc' dir='ltr'><strong>καὶ</strong></span> <span class='ocrx_word' id='word_1_515' title='bbox 1146 3936 1408 4006; x_wconf 82' lang='grc' dir='ltr'>ἀπειρίαν</span> <span class='ocrx_word' id='word_1_516' title='bbox 1435 3936 1530 3989; x_wconf 88' lang='grc' dir='ltr'><strong>τοῦ</strong></span> <span class='ocrx_word' id='word_1_517' title='bbox 1559 3935 1727 3990; x_wconf 85' lang='grc' dir='ltr'>καλοῦ</span> 
     </span>
    </p>
   </div>
   <div class='ocr_carea' id='block_1_72' title="bbox 148 4018 1729 4092">
    <p class='ocr_par' dir='ltr' id='par_1_72' title="bbox 148 4018 1729 4092">
     <span class='ocr_line' id='line_1_74' title="bbox 148 4018 1729 4092; baseline 0.005 -21"><span class='ocrx_word' id='word_1_518' title='bbox 148 4018 609 4087; x_wconf 81' lang='grc' dir='ltr'>καταγινώσκεις,</span> <span class='ocrx_word' id='word_1_519' title='bbox 632 4023 791 4087; x_wconf 86' lang='grc' dir='ltr'>σύνες</span> <span class='ocrx_word' id='word_1_520' title='bbox 810 4025 943 4088; x_wconf 84' lang='grc' dir='ltr'>ὅσας</span> <span class='ocrx_word' id='word_1_521' title='bbox 973 4025 1239 4089; x_wconf 84' lang='grc' dir='ltr'>πολλάκις</span> <span class='ocrx_word' id='word_1_522' title='bbox 1270 4026 1470 4089; x_wconf 85' lang='grc' dir='ltr'>νύκτας</span> <span class='ocrx_word' id='word_1_523' title='bbox 1488 4028 1729 4092; x_wconf 83' lang='grc' dir='ltr'>ἀΰπνους</span> 
     </span>
    </p>
   </div>
   <div class='ocr_carea' id='block_1_73' title="bbox 148 4105 1726 4186">
    <p class='ocr_par' dir='ltr' id='par_1_73' title="bbox 148 4105 1726 4186">
     <span class='ocr_line' id='line_1_75' title="bbox 148 4105 1726 4186; baseline 0.008 -27"><span class='ocrx_word' id='word_1_524' title='bbox 148 4105 452 4175; x_wconf 87' lang='grc' dir='ltr'>διετέλεσα,</span> <span class='ocrx_word' id='word_1_525' title='bbox 500 4110 810 4183; x_wconf 78' lang='grc' dir='ltr'>ζητήματός</span> <span class='ocrx_word' id='word_1_526' title='bbox 858 4129 1007 4177; x_wconf 89' lang='grc' dir='ltr'>τινος</span> <span class='ocrx_word' id='word_1_527' title='bbox 1053 4114 1432 4186; x_wconf 87' lang='grc' dir='ltr'>προτεθέντος,</span> <span class='ocrx_word' id='word_1_528' title='bbox 1484 4114 1597 4169; x_wconf 78' lang='grc' dir='ltr'>ἐσθ’</span> <span class='ocrx_word' id='word_1_529' title='bbox 1635 4117 1726 4171; x_wconf 80' lang='grc' dir='ltr'>ὅτε</span> 
     </span>
    </p>
   </div>
   <div class='ocr_carea' id='block_1_74' title="bbox 150 4197 1725 4277">
    <p class='ocr_par' dir='ltr' id='par_1_74' title="bbox 150 4197 1725 4277">
     <span class='ocr_line' id='line_1_76' title="bbox 150 4197 1725 4277; baseline 0.005 -27"><span class='ocrx_word' id='word_1_530' title='bbox 150 4197 249 4250; x_wconf 78' lang='grc' dir='ltr'><strong>καὶ</strong></span> <span class='ocrx_word' id='word_1_531' title='bbox 272 4199 333 4250; x_wconf 89' lang='grc' dir='ltr'><strong>οὐ</strong></span> <span class='ocrx_word' id='word_1_532' title='bbox 368 4199 501 4277; x_wconf 79' lang='grc' dir='ltr'><strong>πολὺ</strong></span> <span class='ocrx_word' id='word_1_533' title='bbox 549 4201 876 4270; x_wconf 86' lang='grc' dir='ltr'>ἀναγκαίου,</span> <span class='ocrx_word' id='word_1_534' title='bbox 911 4202 987 4273; x_wconf 81' lang='grc' dir='ltr'>μὴ</span> <span class='ocrx_word' id='word_1_535' title='bbox 1042 4202 1303 4275; x_wconf 86' lang='grc' dir='ltr'>παρέχων</span> <span class='ocrx_word' id='word_1_536' title='bbox 1334 4204 1471 4269; x_wconf 86' lang='grc' dir='ltr'>ὅλως</span> <span class='ocrx_word' id='word_1_537' title='bbox 1498 4204 1725 4277; x_wconf 81' lang='grc' dir='ltr'>ἐμαυτῷ</span> 
     </span>
    </p>
   </div>
   <div class='ocr_carea' id='block_1_75' title="bbox 147 4270 1722 4369">
    <p class='ocr_par' dir='ltr' id='par_1_75' title="bbox 147 4270 1722 4369">
     <span class='ocr_line' id='line_1_77' title="bbox 147 4270 1722 4369; baseline 0.003 -24"><span class='ocrx_word' id='word_1_538' title='bbox 147 4270 476 4353; x_wconf 47' lang='grc' dir='ltr'>ἀνάπαυσιν,</span> <span class='ocrx_word' id='word_1_539' title='bbox 511 4291 641 4362; x_wconf 72' lang='grc' dir='ltr'>πρὶν</span> <span class='ocrx_word' id='word_1_540' title='bbox 668 4292 702 4362; x_wconf 79' lang='grc' dir='ltr'>ἢ</span> <span class='ocrx_word' id='word_1_541' title='bbox 735 4291 829 4345; x_wconf 91' lang='grc' dir='ltr'><strong>τοῦ</strong></span> <span class='ocrx_word' id='word_1_542' title='bbox 863 4270 1203 4364; x_wconf 79' lang='grc' dir='ltr'>ζητουμένου</span> <span class='ocrx_word' id='word_1_543' title='bbox 1214 4270 1380 4367; x_wconf 36' lang='grc' dir='ltr'>’σαφῆ</span> <span class='ocrx_word' id='word_1_544' title='bbox 1403 4296 1494 4349; x_wconf 82' lang='grc' dir='ltr'>καὶ</span> <span class='ocrx_word' id='word_1_545' title='bbox 1520 4270 1722 4369; x_wconf 55' lang='grc' dir='ltr'>εὐπρείι</span> 
     </span>
    </p>
   </div>
   <div class='ocr_carea' id='block_1_76' title="bbox 148 4381 1001 4456">
    <p class='ocr_par' dir='ltr' id='par_1_76' title="bbox 148 4381 1001 4456">
     <span class='ocr_line' id='line_1_78' title="bbox 148 4381 1001 4456; baseline 0.009 -25"><span class='ocrx_word' id='word_1_546' title='bbox 148 4381 426 4452; x_wconf 86' lang='grc' dir='ltr'>πεστάτην</span> <span class='ocrx_word' id='word_1_547' title='bbox 452 4381 670 4454; x_wconf 88' lang='grc' dir='ltr'>ε’ύροιμι</span> <span class='ocrx_word' id='word_1_548' title='bbox 695 4384 793 4456; x_wconf 81' lang='grc' dir='ltr'><strong>τὴν</strong></span> <span class='ocrx_word' id='word_1_549' title='bbox 826 4384 1001 4441; x_wconf 87' lang='grc' dir='ltr'>λύσιν.</span> 
     </span>
    </p>
   </div>
   <div class='ocr_carea' id='block_1_77' title="bbox 1850 3302 3407 3375">
    <p class='ocr_par' dir='ltr' id='par_1_77' title="bbox 1850 3302 3407 3375">
     <span class='ocr_line' id='line_1_79' title="bbox 1850 3302 3407 3375; baseline 0.016 -25"><span class='ocrx_word' id='word_1_550' title='bbox 1850 3310 2070 3367; x_wconf 77' lang='lat' dir='ltr'><strong>aggeres</strong></span> <span class='ocrx_word' id='word_1_551' title='bbox 2098 3302 2351 3357; x_wconf 88' lang='lat' dir='ltr'><strong>militibus</strong></span> <span class='ocrx_word' id='word_1_552' title='bbox 2381 3305 2749 3367; x_wconf 83' lang='lat' dir='ltr'><strong>liberalissime</strong></span> <span class='ocrx_word' id='word_1_553' title='bbox 2775 3313 3111 3374; x_wconf 87' lang='lat' dir='ltr'><strong>dlstribuam.</strong></span> <span class='ocrx_word' id='word_1_554' title='bbox 3150 3318 3278 3374; x_wconf 89' lang='lat' dir='ltr'><strong>Cum</strong></span> <span class='ocrx_word' id='word_1_555' title='bbox 3307 3321 3407 3375; x_wconf 84' lang='lat' dir='ltr'><strong>ita-</strong></span> 
     </span>
    </p>
   </div>
   <div class='ocr_carea' id='block_1_78' title="bbox 1847 3393 3401 3475">
    <p class='ocr_par' dir='ltr' id='par_1_78' title="bbox 1847 3393 3401 3475">
     <span class='ocr_line' id='line_1_80' title="bbox 1847 3393 3401 3475; baseline 0.015 -35"><span class='ocrx_word' id='word_1_556' title='bbox 1847 3401 1952 3456; x_wconf 86' lang='lat' dir='ltr'><strong>que</strong></span> <span class='ocrx_word' id='word_1_557' title='bbox 1978 3398 2151 3444; x_wconf 83' lang='lat' dir='ltr'><strong>tantus</strong></span> <span class='ocrx_word' id='word_1_558' title='bbox 2193 3393 2243 3446; x_wconf 91' lang='lat' dir='ltr'><strong>in</strong></span> <span class='ocrx_word' id='word_1_559' title='bbox 2274 3408 2360 3449; x_wconf 88' lang='lat' dir='ltr'><strong>me</strong></span> <span class='ocrx_word' id='word_1_560' title='bbox 2398 3396 2721 3466; x_wconf 82' lang='lat' dir='ltr'><strong>voluptatum</strong></span> <span class='ocrx_word' id='word_1_561' title='bbox 2773 3413 3131 3475; x_wconf 86' lang='lat' dir='ltr'><strong>contemptus,</strong></span> <span class='ocrx_word' id='word_1_562' title='bbox 3167 3416 3307 3462; x_wconf 88' lang='lat' dir='ltr'><strong>tanta</strong></span> <span class='ocrx_word' id='word_1_563' title='bbox 3348 3411 3401 3463; x_wconf 91' lang='lat' dir='ltr'><strong>in</strong></span> 
     </span>
    </p>
   </div>
   <div class='ocr_carea' id='block_1_79' title="bbox 1847 3478 3401 3566">
    <p class='ocr_par' dir='ltr' id='par_1_79' title="bbox 1847 3478 3401 3566">
     <span class='ocr_line' id='line_1_81' title="bbox 1847 3478 3401 3566; baseline 0.015 -37"><span class='ocrx_word' id='word_1_564' title='bbox 1847 3478 2095 3544; x_wconf 83' lang='lat' dir='ltr'><strong>periculis</strong></span> <span class='ocrx_word' id='word_1_565' title='bbox 2121 3481 2395 3537; x_wconf 89' lang='lat' dir='ltr'><strong>tolerantia</strong></span> <span class='ocrx_word' id='word_1_566' title='bbox 2427 3487 2513 3550; x_wconf 85' lang='lat' dir='ltr'><strong>sit,</strong></span> <span class='ocrx_word' id='word_1_567' title='bbox 2531 3487 2577 3541; x_wconf 90' lang='lat' dir='ltr'><strong>si</strong></span> <span class='ocrx_word' id='word_1_568' title='bbox 2604 3488 2943 3548; x_wconf 66' lang='lat' dir='ltr'><strong>Galilaeorum</strong></span> <span class='ocrx_word' id='word_1_569' title='bbox 2975 3495 3309 3566; x_wconf 84' lang='lat' dir='ltr'><strong>religionem,</strong></span> <span class='ocrx_word' id='word_1_570' title='bbox 3336 3513 3401 3553; x_wconf 87' lang='lat' dir='ltr'><strong>ea</strong></span> 
     </span>
    </p>
   </div>
   <div class='ocr_carea' id='block_1_80' title="bbox 1846 3569 3399 3656">
    <p class='ocr_par' dir='ltr' id='par_1_80' title="bbox 1846 3569 3399 3656">
     <span class='ocr_line' id='line_1_82' title="bbox 1846 3569 3399 3656; baseline 0.015 -39"><span class='ocrx_word' id='word_1_571' title='bbox 1846 3578 2003 3632; x_wconf 90' lang='lat' dir='ltr'><strong>quam</strong></span> <span class='ocrx_word' id='word_1_572' title='bbox 2034 3569 2276 3626; x_wconf 89' lang='lat' dir='ltr'><strong>manibus</strong></span> <span class='ocrx_word' id='word_1_573' title='bbox 2325 3581 2564 3630; x_wconf 89' lang='lat' dir='ltr'><strong>tenemus</strong></span> <span class='ocrx_word' id='word_1_574' title='bbox 2597 3581 3018 3646; x_wconf 68' lang='lat' dir='ltr'><strong>praestantiorem</strong></span> <span class='ocrx_word' id='word_1_575' title='bbox 3054 3598 3174 3639; x_wconf 86' lang='lat' dir='ltr'><strong>esse</strong></span> <span class='ocrx_word' id='word_1_576' title='bbox 3200 3600 3399 3656; x_wconf 82' lang='lat' dir='ltr'><strong>cogno-</strong></span> 
     </span>
    </p>
   </div>
   <div class='ocr_carea' id='block_1_81' title="bbox 1837 3665 3399 3737">
    <p class='ocr_par' dir='ltr' id='par_1_81' title="bbox 1837 3665 3399 3737">
     <span class='ocr_line' id='line_1_83' title="bbox 1837 3665 3399 3737; baseline 0.016 -32"><span class='ocrx_word' id='word_1_577' title='bbox 1837 3665 2067 3722; x_wconf 90' lang='lat' dir='ltr'><strong>scerem,</strong></span> <span class='ocrx_word' id='word_1_578' title='bbox 2096 3671 2163 3712; x_wconf 90' lang='lat' dir='ltr'><strong>an</strong></span> <span class='ocrx_word' id='word_1_579' title='bbox 2189 3675 2294 3714; x_wconf 91' lang='lat' dir='ltr'><strong>non</strong></span> <span class='ocrx_word' id='word_1_580' title='bbox 2318 3676 2527 3717; x_wconf 89' lang='lat' dir='ltr'><strong>summo</strong></span> <span class='ocrx_word' id='word_1_581' title='bbox 2545 3665 2722 3719; x_wconf 86' lang='lat' dir='ltr'><strong>studio</strong></span> <span class='ocrx_word' id='word_1_582' title='bbox 2751 3667 2801 3720; x_wconf 92' lang='lat' dir='ltr'><strong>id</strong></span> <span class='ocrx_word' id='word_1_583' title='bbox 2824 3682 3058 3737; x_wconf 82' lang='lat' dir='ltr'><strong>agerem,</strong></span> <span class='ocrx_word' id='word_1_584' title='bbox 3083 3682 3138 3725; x_wconf 91' lang='lat' dir='ltr'><strong>ut</strong></span> <span class='ocrx_word' id='word_1_585' title='bbox 3162 3685 3399 3729; x_wconf 79' lang='lat' dir='ltr'><strong>comem-</strong></span> 
     </span>
    </p>
   </div>
   <div class='ocr_carea' id='block_1_82' title="bbox 1839 3743 3397 3826">
    <p class='ocr_par' dir='ltr' id='par_1_82' title="bbox 1839 3743 3397 3826">
     <span class='ocr_line' id='line_1_84' title="bbox 1839 3743 3397 3826; baseline 0.013 -30"><span class='ocrx_word' id='word_1_586' title='bbox 1839 3743 1942 3810; x_wconf 85' lang='lat' dir='ltr'><strong>ptis</strong></span> <span class='ocrx_word' id='word_1_587' title='bbox 1970 3746 2213 3803; x_wconf 89' lang='lat' dir='ltr'><strong>omnibus</strong></span> <span class='ocrx_word' id='word_1_588' title='bbox 2234 3750 2414 3814; x_wconf 87' lang='lat' dir='ltr'><strong>rebus,</strong></span> <span class='ocrx_word' id='word_1_589' title='bbox 2454 3752 2678 3807; x_wconf 88' lang='lat' dir='ltr'><strong>salutem</strong></span> <span class='ocrx_word' id='word_1_590' title='bbox 2708 3756 2837 3809; x_wconf 89' lang='lat' dir='ltr'><strong>mihi</strong></span> <span class='ocrx_word' id='word_1_591' title='bbox 2877 3762 3276 3826; x_wconf 75' lang='lat' dir='ltr'><strong>compararem?</strong></span> <span class='ocrx_word' id='word_1_592' title='bbox 3304 3761 3397 3817; x_wconf 90' lang='lat' dir='ltr'><strong>Sin</strong></span> 
     </span>
    </p>
   </div>
   <div class='ocr_carea' id='block_1_83' title="bbox 1836 3835 3398 3913">
    <p class='ocr_par' dir='ltr' id='par_1_83' title="bbox 1836 3835 3398 3913">
     <span class='ocr_line' id='line_1_85' title="bbox 1836 3835 3398 3913; baseline 0.015 -30"><span class='ocrx_word' id='word_1_593' title='bbox 1836 3839 2009 3887; x_wconf 91' lang='lat' dir='ltr'><strong>autem</strong></span> <span class='ocrx_word' id='word_1_594' title='bbox 2030 3835 2156 3889; x_wconf 88' lang='lat' dir='ltr'><strong>mihi</strong></span> <span class='ocrx_word' id='word_1_595' title='bbox 2185 3837 2305 3891; x_wconf 92' lang='lat' dir='ltr'><strong>boni</strong></span> <span class='ocrx_word' id='word_1_596' title='bbox 2333 3840 2716 3905; x_wconf 77' lang='lat' dir='ltr'><strong>ignorationem</strong></span> <span class='ocrx_word' id='word_1_597' title='bbox 2738 3853 2896 3913; x_wconf 89' lang='lat' dir='ltr'><strong>atque</strong></span> <span class='ocrx_word' id='word_1_598' title='bbox 2924 3846 3241 3913; x_wconf 87' lang='lat' dir='ltr'><strong>imperitiam</strong></span> <span class='ocrx_word' id='word_1_599' title='bbox 3272 3850 3398 3906; x_wconf 89' lang='lat' dir='ltr'><strong>vitio</strong></span> 
     </span>
    </p>
   </div>
   <div class='ocr_carea' id='block_1_84' title="bbox 1835 3922 3393 4001">
    <p class='ocr_par' dir='ltr' id='par_1_84' title="bbox 1835 3922 3393 4001">
     <span class='ocr_line' id='line_1_86' title="bbox 1835 3922 3393 4001; baseline 0.017 -30"><span class='ocrx_word' id='word_1_600' title='bbox 1835 3922 2021 3985; x_wconf 84' lang='lat' dir='ltr'><strong>vertis,</strong></span> <span class='ocrx_word' id='word_1_601' title='bbox 2073 3923 2203 3978; x_wconf 90' lang='lat' dir='ltr'><strong>illud</strong></span> <span class='ocrx_word' id='word_1_602' title='bbox 2257 3936 2427 3983; x_wconf 91' lang='lat' dir='ltr'><strong>tecum</strong></span> <span class='ocrx_word' id='word_1_603' title='bbox 2484 3939 2688 3997; x_wconf 86' lang='lat' dir='ltr'><strong>reputa,</strong></span> <span class='ocrx_word' id='word_1_604' title='bbox 2732 3940 2862 4001; x_wconf 89' lang='lat' dir='ltr'><strong>quot</strong></span> <span class='ocrx_word' id='word_1_605' title='bbox 2906 3945 3089 3991; x_wconf 89' lang='lat' dir='ltr'><strong>noctes</strong></span> <span class='ocrx_word' id='word_1_606' title='bbox 3136 3938 3393 3998; x_wconf 88' lang='lat' dir='ltr'><strong>insomnis</strong></span> 
     </span>
    </p>
   </div>
   <div class='ocr_carea' id='block_1_85' title="bbox 1833 4012 3389 4099">
    <p class='ocr_par' dir='ltr' id='par_1_85' title="bbox 1833 4012 3389 4099">
     <span class='ocr_line' id='line_1_87' title="bbox 1833 4012 3389 4099; baseline 0.015 -38"><span class='ocrx_word' id='word_1_607' title='bbox 1833 4012 2129 4077; x_wconf 79' lang='lat' dir='ltr'><strong>exegerim,</strong></span> <span class='ocrx_word' id='word_1_608' title='bbox 2186 4016 2477 4079; x_wconf 72' lang='lat' dir='ltr'><strong>quaestione</strong></span> <span class='ocrx_word' id='word_1_609' title='bbox 2521 4018 2696 4088; x_wconf 87' lang='lat' dir='ltr'><strong>aliqua</strong></span> <span class='ocrx_word' id='word_1_610' title='bbox 2733 4024 3033 4092; x_wconf 86' lang='lat' dir='ltr'><strong>proposita,</strong></span> <span class='ocrx_word' id='word_1_611' title='bbox 3079 4036 3133 4082; x_wconf 90' lang='lat' dir='ltr'><strong>et</strong></span> <span class='ocrx_word' id='word_1_612' title='bbox 3177 4030 3389 4099; x_wconf 89' lang='lat' dir='ltr'><strong>quidem</strong></span> 
     </span>
    </p>
   </div>
   <div class='ocr_carea' id='block_1_86' title="bbox 1840 4099 3389 4179">
    <p class='ocr_par' dir='ltr' id='par_1_86' title="bbox 1840 4099 3389 4179">
     <span class='ocr_line' id='line_1_88' title="bbox 1840 4099 3389 4179; baseline 0.014 -26"><span class='ocrx_word' id='word_1_613' title='bbox 1840 4099 2101 4156; x_wconf 91' lang='lat' dir='ltr'><strong>interdum</strong></span> <span class='ocrx_word' id='word_1_614' title='bbox 2128 4101 2262 4159; x_wconf 86' lang='lat' dir='ltr'><strong>haud</strong></span> <span class='ocrx_word' id='word_1_615' title='bbox 2287 4106 2567 4162; x_wconf 89' lang='lat' dir='ltr'><strong>admodutn</strong></span> <span class='ocrx_word' id='word_1_616' title='bbox 2598 4113 2917 4179; x_wconf 88' lang='lat' dir='ltr'><strong>necessaria,</strong></span> <span class='ocrx_word' id='word_1_617' title='bbox 2947 4115 3146 4170; x_wconf 89' lang='lat' dir='ltr'><strong>nullam</strong></span> <span class='ocrx_word' id='word_1_618' title='bbox 3168 4116 3389 4174; x_wconf 90' lang='lat' dir='ltr'><strong>omnino</strong></span> 
     </span>
    </p>
   </div>
   <div class='ocr_carea' id='block_1_87' title="bbox 1830 4194 3379 4276">
    <p class='ocr_par' dir='ltr' id='par_1_87' title="bbox 1830 4194 3379 4276">
     <span class='ocr_line' id='line_1_89' title="bbox 1830 4194 3379 4276; baseline 0.012 -28"><span class='ocrx_word' id='word_1_619' title='bbox 1830 4194 1959 4251; x_wconf 85' lang='lat' dir='ltr'><strong>mihi</strong></span> <span class='ocrx_word' id='word_1_620' title='bbox 1989 4195 2223 4264; x_wconf 89' lang='lat' dir='ltr'><strong>requiem</strong></span> <span class='ocrx_word' id='word_1_621' title='bbox 2263 4199 2577 4265; x_wconf 80' lang='lat' dir='ltr'><strong>concedens,</strong></span> <span class='ocrx_word' id='word_1_622' title='bbox 2620 4202 2926 4271; x_wconf 88' lang='lat' dir='ltr'><strong>priusquam</strong></span> <span class='ocrx_word' id='word_1_623' title='bbox 2966 4209 3296 4276; x_wconf 78' lang='lat' dir='ltr'><strong>perSpicuam</strong></span> <span class='ocrx_word' id='word_1_624' title='bbox 3325 4222 3379 4267; x_wconf 78' lang='lat' dir='ltr'><strong>es</strong></span> 
     </span>
    </p>
   </div>
   <div class='ocr_carea' id='block_1_88' title="bbox 1826 4284 3358 4360">
    <p class='ocr_par' dir='ltr' id='par_1_88' title="bbox 1826 4284 3358 4360">
     <span class='ocr_line' id='line_1_90' title="bbox 1826 4284 3358 4360; baseline 0.014 -21"><span class='ocrx_word' id='word_1_625' title='bbox 1826 4286 2430 4345; x_wconf 87' lang='lat' dir='ltr'><strong>accommodatissimam</strong></span> <span class='ocrx_word' id='word_1_626' title='bbox 2465 4284 2639 4359; x_wconf 86' lang='lat' dir='ltr'><strong>ipsius</strong></span> <span class='ocrx_word' id='word_1_627' title='bbox 2659 4293 2987 4355; x_wconf 89' lang='lat' dir='ltr'><strong>solutionem</strong></span> <span class='ocrx_word' id='word_1_628' title='bbox 3007 4294 3358 4360; x_wconf 83' lang='lat' dir='ltr'><strong>invenissem.</strong></span> 
     </span>
    </p>
   </div>
   <div class='ocr_carea' id='block_1_89' title="bbox 221 4476 1738 4576">
    <p class='ocr_par' dir='ltr' id='par_1_89' title="bbox 221 4476 1717 4576">
     <span class='ocr_line' id='line_1_91' title="bbox 221 4476 1717 4576; baseline 0.007 -47"><span class='ocrx_word' id='word_1_629' title='bbox 221 4476 286 4529; x_wconf 88' lang='grc' dir='ltr'>Εί</span> <span class='ocrx_word' id='word_1_630' title='bbox 327 4477 421 4531; x_wconf 81' lang='grc' dir='ltr'><strong>οὖν</strong></span> <span class='ocrx_word' id='word_1_631' title='bbox 446 4478 554 4532; x_wconf 87' lang='grc' dir='ltr'><strong>τῶν</strong></span> <span class='ocrx_word' id='word_1_632' title='bbox 588 4480 942 4551; x_wconf 87' lang='grc' dir='ltr'>προσκαίρων</span> <span class='ocrx_word' id='word_1_633' title='bbox 968 4481 1173 4536; x_wconf 86' lang='grc' dir='ltr'>τούτων</span> <span class='ocrx_word' id='word_1_634' title='bbox 1205 4485 1561 4576; x_wconf 66' lang='grc' dir='ltr'>,πραγμάτων</span> <span class='ocrx_word' id='word_1_635' title='bbox 1595 4486 1717 4541; x_wconf 84' lang='grc' dir='ltr'>οὐδὲ</span> 
     </span>
    </p>
   </div>
   <div class='ocr_carea' id='block_1_90' title="bbox 1853 4476 3376 4576">
    <p class='ocr_par' dir='ltr' id='par_1_90' title="bbox 1896 4490 3376 4559">
     <span class='ocr_line' id='line_1_92' title="bbox 1896 4490 3376 4559; baseline 0.003 -12"><span class='ocrx_word' id='word_1_636' title='bbox 1896 4490 2151 4559; x_wconf 84' lang='lat' dir='ltr'><strong>Quocirca</strong></span> <span class='ocrx_word' id='word_1_637' title='bbox 2177 4506 2298 4548; x_wconf 86' lang='lat' dir='ltr'><strong>cum</strong></span> <span class='ocrx_word' id='word_1_638' title='bbox 2326 4490 2638 4548; x_wconf 83' lang='lat' dir='ltr'><strong>caducarum</strong></span> <span class='ocrx_word' id='word_1_639' title='bbox 2667 4492 2854 4548; x_wconf 87' lang='lat' dir='ltr'><strong>harum</strong></span> <span class='ocrx_word' id='word_1_640' title='bbox 2899 4511 3077 4552; x_wconf 89' lang='lat' dir='ltr'><strong>rerum</strong></span> <span class='ocrx_word' id='word_1_641' title='bbox 3106 4511 3172 4553; x_wconf 89' lang='lat' dir='ltr'><strong>ne</strong></span> <span class='ocrx_word' id='word_1_642' title='bbox 3214 4495 3376 4552; x_wconf 86' lang='lat' dir='ltr'><strong>mini-</strong></span> 
     </span>
    </p>
   </div>
   <div class='ocr_carea' id='block_1_91' title="bbox 144 4565 1717 4647">
    <p class='ocr_par' dir='ltr' id='par_1_91' title="bbox 144 4565 1717 4647">
     <span class='ocr_line' id='line_1_93' title="bbox 144 4565 1717 4647; baseline 0.009 -29"><span class='ocrx_word' id='word_1_643' title='bbox 144 4565 209 4618; x_wconf 82' lang='grc' dir='ltr'><strong>τδ</strong></span> <span class='ocrx_word' id='word_1_644' title='bbox 223 4569 585 4638; x_wconf 85' lang='grc' dir='ltr'>σμικρότατον</span> <span class='ocrx_word' id='word_1_645' title='bbox 611 4568 720 4639; x_wconf 77' lang='grc' dir='ltr'>ἔχω</span> <span class='ocrx_word' id='word_1_646' title='bbox 740 4570 1236 4646; x_wconf 86' lang='grc' dir='ltr'>εὐκαταφρόνητον,</span> <span class='ocrx_word' id='word_1_647' title='bbox 1268 4576 1428 4647; x_wconf 84' lang='grc' dir='ltr'>ἀχρις</span> <span class='ocrx_word' id='word_1_648' title='bbox 1448 4569 1509 4630; x_wconf 78' lang='grc' dir='ltr'>οὗ</span> <span class='ocrx_word' id='word_1_649' title='bbox 1537 4577 1717 4632; x_wconf 83' lang='grc' dir='ltr'>πάντα</span> 
     </span>
    </p>
   </div>
   <div class='ocr_carea' id='block_1_92' title="bbox 147 4660 1718 4739">
    <p class='ocr_par' dir='ltr' id='par_1_92' title="bbox 147 4660 1718 4739">
     <span class='ocr_line' id='line_1_94' title="bbox 147 4660 1718 4739; baseline 0.01 -29"><span class='ocrx_word' id='word_1_650' title='bbox 147 4660 535 4731; x_wconf 77' lang='grc' dir='ltr'>συμφερόντως</span> <span class='ocrx_word' id='word_1_651' title='bbox 617 4664 711 4716; x_wconf 76' lang='grc' dir='ltr'><strong>καὶ</strong></span> <span class='ocrx_word' id='word_1_652' title='bbox 765 4663 860 4717; x_wconf 68' lang='grc' dir='ltr'><strong>ἐπὶ¹</strong></span> <span class='ocrx_word' id='word_1_653' title='bbox 917 4665 1227 4739; x_wconf 68' lang='grc' dir='ltr'>λυσιτελείτ.</span> <span class='ocrx_word' id='word_1_654' title='bbox 1296 4668 1406 4723; x_wconf 89' lang='grc' dir='ltr'><strong>τῶν</strong></span> <span class='ocrx_word' id='word_1_655' title='bbox 1459 4670 1718 4725; x_wconf 82' lang='grc' dir='ltr'>ἁπάντων</span> 
     </span>
    </p>
   </div>
   <div class='ocr_carea' id='block_1_93' title="bbox 144 4750 1717 4832">
    <p class='ocr_par' dir='ltr' id='par_1_93' title="bbox 144 4750 1717 4832">
     <span class='ocr_line' id='line_1_95' title="bbox 144 4750 1717 4832; baseline 0.007 -28"><span class='ocrx_word' id='word_1_656' title='bbox 144 4750 537 4823; x_wconf 85' lang='grc' dir='ltr'>ἐπιτελεσθείη,</span> <span class='ocrx_word' id='word_1_657' title='bbox 563 4753 660 4806; x_wconf 64' lang='grc' dir='ltr'><strong>καὶ⁵</strong></span> <span class='ocrx_word' id='word_1_658' title='bbox 686 4754 862 4807; x_wconf 77' lang='grc' dir='ltr'>οὐδενὶ</span> <span class='ocrx_word' id='word_1_659' title='bbox 906 4755 1077 4826; x_wconf 75' lang='grc' dir='ltr'>ἑτέρῳ</span> <span class='ocrx_word' id='word_1_660' title='bbox 1110 4757 1501 4830; x_wconf 77' lang='grc' dir='ltr'>ἀκριϐέστερον</span> <span class='ocrx_word' id='word_1_661' title='bbox 1543 4761 1577 4832; x_wconf 80' lang='grc' dir='ltr'><strong>ἡ</strong></span> <span class='ocrx_word' id='word_1_662' title='bbox 1607 4761 1717 4815; x_wconf 85' lang='grc' dir='ltr'><strong>τῶν</strong></span> 
     </span>
    </p>
   </div>
   <div class='ocr_carea' id='block_1_94' title="bbox 143 4842 1718 4925">
    <p class='ocr_par' dir='ltr' id='par_1_94' title="bbox 143 4842 1718 4925">
     <span class='ocr_line' id='line_1_96' title="bbox 143 4842 1718 4925; baseline 0.008 -32"><span class='ocrx_word' id='word_1_663' title='bbox 143 4842 471 4913; x_wconf 75' lang='grc' dir='ltr'>ἀπορρήτων</span> <span class='ocrx_word' id='word_1_664' title='bbox 495 4844 784 4913; x_wconf 80' lang='grc' dir='ltr'>διάγνωσις</span> <span class='ocrx_word' id='word_1_665' title='bbox 812 4847 871 4899; x_wconf 85' lang='grc' dir='ltr'><strong>ἐν</strong></span> <span class='ocrx_word' id='word_1_666' title='bbox 896 4846 1065 4918; x_wconf 80' lang='grc' dir='ltr'>πάσῃ,</span> <span class='ocrx_word' id='word_1_667' title='bbox 1090 4848 1167 4912; x_wconf 87' lang='grc' dir='ltr'>ὡς</span> <span class='ocrx_word' id='word_1_668' title='bbox 1194 4845 1371 4921; x_wconf 75' lang='grc' dir='ltr'>οἶμαι,</span> <span class='ocrx_word' id='word_1_669' title='bbox 1403 4854 1470 4921; x_wconf 81' lang='grc' dir='ltr'>τῇ</span> <span class='ocrx_word' id='word_1_670' title='bbox 1504 4852 1718 4925; x_wconf 83' lang='grc' dir='ltr'>ὑφηλίῳ</span> 
     </span>
    </p>
   </div>
   <div class='ocr_carea' id='block_1_95' title="bbox 144 4932 1711 5013">
    <p class='ocr_par' dir='ltr' id='par_1_95' title="bbox 144 4932 1711 5013">
     <span class='ocr_line' id='line_1_97' title="bbox 144 4932 1711 5013; baseline 0.008 -29"><span class='ocrx_word' id='word_1_671' title='bbox 144 4932 543 5004; x_wconf 77' lang='grc' dir='ltr'>διερευνᾶσθαι,</span> <span class='ocrx_word' id='word_1_672' title='bbox 568 4934 645 4998; x_wconf 85' lang='grc' dir='ltr'>ὡς</span> <span class='ocrx_word' id='word_1_673' title='bbox 674 4936 800 5006; x_wconf 78' lang='grc' dir='ltr'>ἐμοὶ</span> <span class='ocrx_word' id='word_1_674' title='bbox 831 4937 985 5009; x_wconf 81' lang='grc' dir='ltr'>παρὰ</span> <span class='ocrx_word' id='word_1_675' title='bbox 1011 4939 1230 4994; x_wconf 85' lang='grc' dir='ltr'>πάντων</span> <span class='ocrx_word' id='word_1_676' title='bbox 1262 4940 1711 5013; x_wconf 87' lang='grc' dir='ltr'>μεμαρτύρηται,</span> 
     </span>
    </p>
   </div>
   <div class='ocr_carea' id='block_1_96' title="bbox 143 5023 1712 5105">
    <p class='ocr_par' dir='ltr' id='par_1_96' title="bbox 143 5023 1712 5105">
     <span class='ocr_line' id='line_1_98' title="bbox 143 5023 1712 5105; baseline 0.007 -30"><span class='ocrx_word' id='word_1_677' title='bbox 143 5023 259 5087; x_wconf 85' lang='grc' dir='ltr'><strong>πῶς</strong></span> <span class='ocrx_word' id='word_1_678' title='bbox 293 5023 362 5076; x_wconf 83' lang='grc' dir='ltr'>τὰ</span> <span class='ocrx_word' id='word_1_679' title='bbox 401 5023 541 5091; x_wconf 88' lang='grc' dir='ltr'>θεῖα,</span> <span class='ocrx_word' id='word_1_680' title='bbox 592 5026 745 5081; x_wconf 78' lang='grc' dir='ltr'>κοιὶά</span> <span class='ocrx_word' id='word_1_681' title='bbox 799 5028 1052 5084; x_wconf 77' lang='grc' dir='ltr'>σέϐεσθαι</span> <span class='ocrx_word' id='word_1_682' title='bbox 1081 5031 1177 5085; x_wconf 74' lang='grc' dir='ltr'>καὶ</span> <span class='ocrx_word' id='word_1_683' title='bbox 1218 5031 1489 5101; x_wconf 87' lang='grc' dir='ltr'>θεολογείν</span> <span class='ocrx_word' id='word_1_684' title='bbox 1530 5033 1712 5105; x_wconf 86' lang='grc' dir='ltr'>θέμις,</span> 
     </span>
    </p>
   </div>
   <div class='ocr_carea' id='block_1_97' title="bbox 142 5116 1715 5197">
    <p class='ocr_par' dir='ltr' id='par_1_97' title="bbox 142 5116 1715 5197">
     <span class='ocr_line' id='line_1_99' title="bbox 142 5116 1715 5197; baseline 0.008 -29"><span class='ocrx_word' id='word_1_685' title='bbox 142 5116 597 5189; x_wconf 78' lang='grc' dir='ltr'>εὐκαταφρόνητα</span> <span class='ocrx_word' id='word_1_686' title='bbox 622 5119 689 5175; x_wconf 84' lang='grc' dir='ltr'><strong>ἂν</strong></span> <span class='ocrx_word' id='word_1_687' title='bbox 719 5119 1074 5195; x_wconf 83' lang='grc' dir='ltr'>ἐλογισάμην,</span> <span class='ocrx_word' id='word_1_688' title='bbox 1121 5124 1217 5177; x_wconf 76' lang='grc' dir='ltr'><strong>καὶ</strong></span> <span class='ocrx_word' id='word_1_689' title='bbox 1251 5124 1325 5195; x_wconf 82' lang='grc' dir='ltr'>μὴ</span> <span class='ocrx_word' id='word_1_690' title='bbox 1359 5125 1509 5197; x_wconf 77' lang='grc' dir='ltr'>πάσῃ</span> <span class='ocrx_word' id='word_1_691' title='bbox 1546 5143 1715 5179; x_wconf 89' lang='grc' dir='ltr'>σπου-</span> 
     </span>
    </p>
   </div>
   <div class='ocr_carea' id='block_1_98' title="bbox 141 5208 1712 5291">
    <p class='ocr_par' dir='ltr' id='par_1_98' title="bbox 141 5208 1712 5291">
     <span class='ocr_line' id='line_1_100' title="bbox 141 5208 1712 5291; baseline 0.008 -31"><span class='ocrx_word' id='word_1_692' title='bbox 141 5208 225 5281; x_wconf 75' lang='grc' dir='ltr'>δῇ,</span> <span class='ocrx_word' id='word_1_693' title='bbox 256 5210 405 5281; x_wconf 68' lang='grc' dir='ltr'><strong>πάρῃ</strong></span> <span class='ocrx_word' id='word_1_694' title='bbox 430 5208 680 5282; x_wconf 80' lang='grc' dir='ltr'>δυνάμει,</span> <span class='ocrx_word' id='word_1_695' title='bbox 724 5212 821 5286; x_wconf 83' lang='grc' dir='ltr'><strong>ὅλῃ</strong></span> <span class='ocrx_word' id='word_1_696' title='bbox 851 5217 916 5287; x_wconf 74' lang='grc' dir='ltr'>τῇ</span> <span class='ocrx_word' id='word_1_697' title='bbox 942 5214 1085 5287; x_wconf 78' lang='grc' dir='ltr'><strong>ψυχῇ</strong></span> <span class='ocrx_word' id='word_1_698' title='bbox 1130 5218 1225 5271; x_wconf 77' lang='grc' dir='ltr'>καὶ</span> <span class='ocrx_word' id='word_1_699' title='bbox 1256 5217 1365 5289; x_wconf 84' lang='grc' dir='ltr'><strong>δλῳ</strong></span> <span class='ocrx_word' id='word_1_700' title='bbox 1389 5217 1468 5291; x_wconf 80' lang='grc' dir='ltr'>τῷ</span> <span class='ocrx_word' id='word_1_701' title='bbox 1497 5217 1596 5285; x_wconf 80' lang='grc' dir='ltr'>νοτ,</span> <span class='ocrx_word' id='word_1_702' title='bbox 1630 5220 1712 5283; x_wconf 88' lang='grc' dir='ltr'><strong>είς</strong></span> 
     </span>
    </p>
   </div>
   <div class='ocr_carea' id='block_1_99' title="bbox 142 5300 1715 5383">
    <p class='ocr_par' dir='ltr' id='par_1_99' title="bbox 142 5300 1715 5383">
     <span class='ocr_line' id='line_1_101' title="bbox 142 5300 1715 5383; baseline 0.008 -30"><span class='ocrx_word' id='word_1_703' title='bbox 142 5301 237 5371; x_wconf 78' lang='grc' dir='ltr'>τὴν</span> <span class='ocrx_word' id='word_1_704' title='bbox 264 5300 466 5356; x_wconf 86' lang='grc' dir='ltr'>τούτων</span> <span class='ocrx_word' id='word_1_705' title='bbox 496 5304 855 5377; x_wconf 82' lang='grc' dir='ltr'>ἀπησχόλησα</span> <span class='ocrx_word' id='word_1_706' title='bbox 884 5307 1121 5379; x_wconf 79' lang='grc' dir='ltr'>ἐμαυτὸν</span> <span class='ocrx_word' id='word_1_707' title='bbox 1142 5308 1390 5382; x_wconf 76' lang='grc' dir='ltr'>ζήτησιν,</span> <span class='ocrx_word' id='word_1_708' title='bbox 1412 5309 1510 5364; x_wconf 87' lang='grc' dir='ltr'><strong>τοῦ</strong></span> <span class='ocrx_word' id='word_1_709' title='bbox 1530 5312 1715 5383; x_wconf 78' lang='grc' dir='ltr'>εὑρεῖν</span> 
     </span>
    </p>
   </div>
   <div class='ocr_carea' id='block_1_100' title="bbox 141 5392 1713 5475">
    <p class='ocr_par' dir='ltr' id='par_1_100' title="bbox 141 5392 1713 5475">
     <span class='ocr_line' id='line_1_102' title="bbox 141 5392 1713 5475; baseline 0.009 -30"><span class='ocrx_word' id='word_1_710' title='bbox 141 5392 347 5465; x_wconf 83' lang='grc' dir='ltr'>τάληθῆ</span> <span class='ocrx_word' id='word_1_711' title='bbox 385 5396 478 5449; x_wconf 80' lang='grc' dir='ltr'>καὶ</span> <span class='ocrx_word' id='word_1_712' title='bbox 523 5398 955 5469; x_wconf 83' lang='grc' dir='ltr'>πρεπωδέστατα</span> <span class='ocrx_word' id='word_1_713' title='bbox 977 5402 1138 5465; x_wconf 79' lang='grc' dir='ltr'>;.1(αί</span> <span class='ocrx_word' id='word_1_714' title='bbox 1177 5419 1240 5470; x_wconf 80' lang='grc' dir='ltr'><strong>γε</strong></span> <span class='ocrx_word' id='word_1_715' title='bbox 1265 5402 1509 5475; x_wconf 80' lang='grc' dir='ltr'>ἐζήτησα</span> <span class='ocrx_word' id='word_1_716' title='bbox 1539 5405 1713 5475; x_wconf 79' lang='grc' dir='ltr'>ἐμπό-</span> 
     </span>
    </p>
   </div>
   <div class='ocr_carea' id='block_1_101' title="bbox 142 5485 1708 5563">
    <p class='ocr_par' dir='ltr' id='par_1_101' title="bbox 142 5485 1708 5563">
     <span class='ocr_line' id='line_1_103' title="bbox 142 5485 1708 5563; baseline 0.008 -27"><span class='ocrx_word' id='word_1_717' title='bbox 142 5500 263 5549; x_wconf 78' lang='grc' dir='ltr'>νως,</span> <span class='ocrx_word' id='word_1_718' title='bbox 290 5485 491 5551; x_wconf 79' lang='grc' dir='ltr'>πολλὰς</span> <span class='ocrx_word' id='word_1_719' title='bbox 522 5487 622 5558; x_wconf 83' lang='grc' dir='ltr'><strong>μὲν</strong></span> <span class='ocrx_word' id='word_1_720' title='bbox 650 5488 851 5553; x_wconf 88' lang='grc' dir='ltr'>νύκτας</span> <span class='ocrx_word' id='word_1_721' title='bbox 872 5491 961 5543; x_wconf 85' lang='grc' dir='ltr'><strong>ίσα</strong></span> <span class='ocrx_word' id='word_1_722' title='bbox 992 5493 1113 5555; x_wconf 90' lang='grc' dir='ltr'>ταῖς</span> <span class='ocrx_word' id='word_1_723' title='bbox 1139 5493 1377 5563; x_wconf 84' lang='grc' dir='ltr'>ἡμέραις</span> <span class='ocrx_word' id='word_1_724' title='bbox 1405 5496 1462 5547; x_wconf 84' lang='grc' dir='ltr'><strong>ἐν</strong></span> <span class='ocrx_word' id='word_1_725' title='bbox 1492 5495 1708 5561; x_wconf 91' lang='grc' dir='ltr'>τούτοις</span> 
     </span>
    </p>
   </div>
   <div class='ocr_carea' id='block_1_102' title="bbox 140 5574 1707 5653">
    <p class='ocr_par' dir='ltr' id='par_1_102' title="bbox 140 5574 1707 5653">
     <span class='ocr_line' id='line_1_104' title="bbox 140 5574 1707 5653; baseline 0.007 -27"><span class='ocrx_word' id='word_1_726' title='bbox 140 5574 439 5640; x_wconf 72' lang='grc' dir='ltr'>ἀναλώσας,</span> <span class='ocrx_word' id='word_1_727' title='bbox 467 5577 698 5640; x_wconf 77' lang='grc' dir='ltr'>πολλοὺς</span> <span class='ocrx_word' id='word_1_728' title='bbox 732 5577 789 5630; x_wconf 84' lang='grc' dir='ltr'>δὲ</span> <span class='ocrx_word' id='word_1_729' title='bbox 846 5579 1043 5648; x_wconf 81' lang='grc' dir='ltr'>σοφοὺς</span> <span class='ocrx_word' id='word_1_730' title='bbox 1081 5581 1178 5633; x_wconf 73' lang='grc' dir='ltr'>καὶ</span> <span class='ocrx_word' id='word_1_731' title='bbox 1209 5580 1586 5653; x_wconf 86' lang='grc' dir='ltr'>ἐπιστήμονας</span> <span class='ocrx_word' id='word_1_732' title='bbox 1625 5586 1707 5648; x_wconf 80' lang='grc' dir='ltr'><strong>είς</strong></span> 
     </span>
    </p>
   </div>
   <div class='ocr_carea' id='block_1_103' title="bbox 205 5757 891 5832">
    <p class='ocr_par' dir='ltr' id='par_1_103' title="bbox 205 5757 891 5832">
     <span class='ocr_line' id='line_1_105' title="bbox 205 5757 891 5832; baseline 0.007 -20"><span class='ocrx_word' id='word_1_733' title='bbox 205 5757 314 5829; x_wconf 62' lang='grc' dir='ltr'>(ει)</span> <span class='ocrx_word' id='word_1_734' title='bbox 348 5759 407 5824; x_wconf 79' lang='lat' dir='ltr'><strong>C,</strong></span> <span class='ocrx_word' id='word_1_735' title='bbox 439 5759 891 5832; x_wconf 61' lang='grc' dir='ltr'>ὑπερευχόμενος.</span> 
     </span>
    </p>
   </div>
   <div class='ocr_carea' id='block_1_104' title="bbox 1831 4582 3388 4652">
    <p class='ocr_par' dir='ltr' id='par_1_104' title="bbox 1831 4582 3388 4652">
     <span class='ocr_line' id='line_1_106' title="bbox 1831 4582 3388 4652; baseline 0.003 -14"><span class='ocrx_word' id='word_1_736' title='bbox 1831 4596 1973 4639; x_wconf 89' lang='lat' dir='ltr'><strong>mam</strong></span> <span class='ocrx_word' id='word_1_737' title='bbox 2000 4582 2210 4652; x_wconf 89' lang='lat' dir='ltr'><strong>quidem</strong></span> <span class='ocrx_word' id='word_1_738' title='bbox 2238 4582 2675 4637; x_wconf 88' lang='lat' dir='ltr'><strong>contemnendam</strong></span> <span class='ocrx_word' id='word_1_739' title='bbox 2721 4583 2931 4651; x_wconf 89' lang='lat' dir='ltr'><strong>ducam,</strong></span> <span class='ocrx_word' id='word_1_740' title='bbox 2961 4600 3142 4640; x_wconf 85' lang='lat' dir='ltr'><strong>verum</strong></span> <span class='ocrx_word' id='word_1_741' title='bbox 3170 4589 3388 4642; x_wconf 89' lang='lat' dir='ltr'><strong>omnino</strong></span> 
     </span>
    </p>
   </div>
   <div class='ocr_carea' id='block_1_105' title="bbox 1827 4668 3388 4737">
    <p class='ocr_par' dir='ltr' id='par_1_105' title="bbox 1827 4668 3388 4737">
     <span class='ocr_line' id='line_1_107' title="bbox 1827 4668 3388 4737; baseline 0.001 -10"><span class='ocrx_word' id='word_1_742' title='bbox 1827 4669 2235 4728; x_wconf 87' lang='lat' dir='ltr'><strong>conducibiliter</strong></span> <span class='ocrx_word' id='word_1_743' title='bbox 2260 4677 2419 4737; x_wconf 89' lang='lat' dir='ltr'><strong>atque</strong></span> <span class='ocrx_word' id='word_1_744' title='bbox 2454 4668 2521 4722; x_wconf 83' lang='lat' dir='ltr'><strong>ad</strong></span> <span class='ocrx_word' id='word_1_745' title='bbox 2539 4671 2772 4724; x_wconf 90' lang='lat' dir='ltr'><strong>omnium</strong></span> <span class='ocrx_word' id='word_1_746' title='bbox 2794 4671 3072 4726; x_wconf 86' lang='lat' dir='ltr'><strong>utilitatem</strong></span> <span class='ocrx_word' id='word_1_747' title='bbox 3099 4686 3212 4726; x_wconf 88' lang='lat' dir='ltr'><strong>eam</strong></span> <span class='ocrx_word' id='word_1_748' title='bbox 3229 4689 3388 4729; x_wconf 80' lang='lat' dir='ltr'><strong>excu-</strong></span> 
     </span>
    </p>
   </div>
   <div class='ocr_carea' id='block_1_106' title="bbox 1829 4758 3386 4829">
    <p class='ocr_par' dir='ltr' id='par_1_106' title="bbox 1829 4758 3386 4829">
     <span class='ocr_line' id='line_1_108' title="bbox 1829 4758 3386 4829; baseline 0.002 -16"><span class='ocrx_word' id='word_1_749' title='bbox 1829 4761 1956 4814; x_wconf 85' lang='lat' dir='ltr'><strong>tiam</strong></span> <span class='ocrx_word' id='word_1_750' title='bbox 1978 4767 2033 4815; x_wconf 90' lang='lat' dir='ltr'><strong>et</strong></span> <span class='ocrx_word' id='word_1_751' title='bbox 2047 4759 2315 4814; x_wconf 83' lang='lat' dir='ltr'><strong>absolvam</strong></span> <span class='ocrx_word' id='word_1_752' title='bbox 2345 4758 2445 4829; x_wconf 84' lang='lat' dir='ltr'><strong>(sic</strong></span> <span class='ocrx_word' id='word_1_753' title='bbox 2468 4758 2610 4812; x_wconf 90' lang='lat' dir='ltr'><strong>enim</strong></span> <span class='ocrx_word' id='word_1_754' title='bbox 2644 4760 2783 4813; x_wconf 91' lang='lat' dir='ltr'><strong>inter</strong></span> <span class='ocrx_word' id='word_1_755' title='bbox 2802 4772 2989 4814; x_wconf 89' lang='lat' dir='ltr'><strong>omnes</strong></span> <span class='ocrx_word' id='word_1_756' title='bbox 3032 4771 3276 4816; x_wconf 80' lang='lat' dir='ltr'><strong>constare</strong></span> <span class='ocrx_word' id='word_1_757' title='bbox 3302 4777 3386 4816; x_wconf 85' lang='lat' dir='ltr'><strong>ar-</strong></span> 
     </span>
    </p>
   </div>
   <div class='ocr_carea' id='block_1_107' title="bbox 1831 4845 3385 4917">
    <p class='ocr_par' dir='ltr' id='par_1_107' title="bbox 1831 4845 3385 4917">
     <span class='ocr_line' id='line_1_109' title="bbox 1831 4845 3385 4917; baseline 0 -14"><span class='ocrx_word' id='word_1_758' title='bbox 1831 4848 2025 4914; x_wconf 87' lang='lat' dir='ltr'><strong>bitror,</strong></span> <span class='ocrx_word' id='word_1_759' title='bbox 2067 4848 2332 4902; x_wconf 89' lang='lat' dir='ltr'><strong>neminem</strong></span> <span class='ocrx_word' id='word_1_760' title='bbox 2386 4845 2619 4901; x_wconf 90' lang='lat' dir='ltr'><strong>omnium</strong></span> <span class='ocrx_word' id='word_1_761' title='bbox 2672 4848 2761 4917; x_wconf 92' lang='lat' dir='ltr'><strong>qui</strong></span> <span class='ocrx_word' id='word_1_762' title='bbox 2790 4848 2889 4903; x_wconf 89' lang='lat' dir='ltr'><strong>sub</strong></span> <span class='ocrx_word' id='word_1_763' title='bbox 2914 4848 3025 4904; x_wconf 89' lang='lat' dir='ltr'><strong>sole</strong></span> <span class='ocrx_word' id='word_1_764' title='bbox 3062 4858 3207 4916; x_wconf 86' lang='lat' dir='ltr'><strong>sunt,</strong></span> <span class='ocrx_word' id='word_1_765' title='bbox 3231 4863 3385 4903; x_wconf 88' lang='lat' dir='ltr'><strong>arca-</strong></span> 
     </span>
    </p>
   </div>
   <div class='ocr_carea' id='block_1_108' title="bbox 1830 4936 3380 5008">
    <p class='ocr_par' dir='ltr' id='par_1_108' title="bbox 1830 4936 3380 5008">
     <span class='ocr_line' id='line_1_110' title="bbox 1830 4936 3380 5008; baseline 0.001 -17"><span class='ocrx_word' id='word_1_766' title='bbox 1830 4951 2018 4991; x_wconf 86' lang='lat' dir='ltr'><strong>narum</strong></span> <span class='ocrx_word' id='word_1_767' title='bbox 2046 4951 2221 4991; x_wconf 89' lang='lat' dir='ltr'><strong>rerum</strong></span> <span class='ocrx_word' id='word_1_768' title='bbox 2248 4936 2602 5005; x_wconf 81' lang='lat' dir='ltr'><strong>cognitionem</strong></span> <span class='ocrx_word' id='word_1_769' title='bbox 2639 4939 2935 4993; x_wconf 87' lang='lat' dir='ltr'><strong>accuratius</strong></span> <span class='ocrx_word' id='word_1_770' title='bbox 2974 4953 3202 5008; x_wconf 88' lang='lat' dir='ltr'><strong>unquam</strong></span> <span class='ocrx_word' id='word_1_771' title='bbox 3231 4939 3380 4993; x_wconf 85' lang='lat' dir='ltr'><strong>iove-</strong></span> 
     </span>
    </p>
   </div>
   <div class='ocr_carea' id='block_1_109' title="bbox 1826 5024 3381 5097">
    <p class='ocr_par' dir='ltr' id='par_1_109' title="bbox 1826 5024 3381 5097">
     <span class='ocr_line' id='line_1_111' title="bbox 1826 5024 3381 5097; baseline 0.001 -16"><span class='ocrx_word' id='word_1_772' title='bbox 1826 5026 2048 5095; x_wconf 81' lang='lat' dir='ltr'><strong>stigasse</strong></span> <span class='ocrx_word' id='word_1_773' title='bbox 2074 5039 2228 5093; x_wconf 90' lang='lat' dir='ltr'><strong>quam</strong></span> <span class='ocrx_word' id='word_1_774' title='bbox 2255 5026 2370 5095; x_wconf 90' lang='lat' dir='ltr'><strong>ipse</strong></span> <span class='ocrx_word' id='word_1_775' title='bbox 2390 5024 2648 5097; x_wconf 87' lang='lat' dir='ltr'><strong>fecerim),</strong></span> <span class='ocrx_word' id='word_1_776' title='bbox 2695 5041 2923 5095; x_wconf 89' lang='lat' dir='ltr'><strong>quonam</strong></span> <span class='ocrx_word' id='word_1_777' title='bbox 2956 5038 3108 5095; x_wconf 87' lang='lat' dir='ltr'><strong>pacto</strong></span> <span class='ocrx_word' id='word_1_778' title='bbox 3134 5044 3221 5083; x_wconf 91' lang='lat' dir='ltr'><strong>res</strong></span> <span class='ocrx_word' id='word_1_779' title='bbox 3245 5029 3381 5083; x_wconf 82' lang='lat' dir='ltr'><strong>divi-</strong></span> 
     </span>
    </p>
   </div>
   <div class='ocr_carea' id='block_1_110' title="bbox 1829 5114 3383 5182">
    <p class='ocr_par' dir='ltr' id='par_1_110' title="bbox 1829 5114 3383 5182">
     <span class='ocr_line' id='line_1_112' title="bbox 1829 5114 3383 5182; baseline 0.003 -15"><span class='ocrx_word' id='word_1_780' title='bbox 1829 5128 1948 5180; x_wconf 83' lang='lat' dir='ltr'><strong>nas,</strong></span> <span class='ocrx_word' id='word_1_781' title='bbox 1980 5123 2035 5170; x_wconf 87' lang='lat' dir='ltr'><strong>et</strong></span> <span class='ocrx_word' id='word_1_782' title='bbox 2059 5127 2120 5168; x_wconf 82' lang='lat' dir='ltr'><strong>ea</strong></span> <span class='ocrx_word' id='word_1_783' title='bbox 2162 5127 2280 5182; x_wconf 72' lang='lat' dir='ltr'><strong>qua:</strong></span> <span class='ocrx_word' id='word_1_784' title='bbox 2322 5114 2564 5168; x_wconf 86' lang='lat' dir='ltr'><strong>venerari</strong></span> <span class='ocrx_word' id='word_1_785' title='bbox 2592 5128 2655 5168; x_wconf 89' lang='lat' dir='ltr'><strong>ac</strong></span> <span class='ocrx_word' id='word_1_786' title='bbox 2680 5114 2898 5169; x_wconf 90' lang='lat' dir='ltr'><strong>deorum</strong></span> <span class='ocrx_word' id='word_1_787' title='bbox 2928 5118 3132 5171; x_wconf 89' lang='lat' dir='ltr'><strong>honore</strong></span> <span class='ocrx_word' id='word_1_788' title='bbox 3168 5115 3383 5171; x_wconf 72' lang='lat' dir='ltr'><strong>afﬁcere</strong></span> 
     </span>
    </p>
   </div>
   <div class='ocr_carea' id='block_1_111' title="bbox 1832 5204 3380 5277">
    <p class='ocr_par' dir='ltr' id='par_1_111' title="bbox 1832 5204 3380 5277">
     <span class='ocr_line' id='line_1_113' title="bbox 1832 5204 3380 5277; baseline -0.001 -15"><span class='ocrx_word' id='word_1_789' title='bbox 1832 5214 2065 5277; x_wconf 85' lang='lat' dir='ltr'><strong>oportet,</strong></span> <span class='ocrx_word' id='word_1_790' title='bbox 2095 5205 2484 5260; x_wconf 88' lang='lat' dir='ltr'><strong>contemnenda</strong></span> <span class='ocrx_word' id='word_1_791' title='bbox 2512 5204 2802 5268; x_wconf 83' lang='lat' dir='ltr'><strong>duxissem,</strong></span> <span class='ocrx_word' id='word_1_792' title='bbox 2827 5219 2890 5258; x_wconf 89' lang='lat' dir='ltr'><strong>ac</strong></span> <span class='ocrx_word' id='word_1_793' title='bbox 2916 5220 3020 5258; x_wconf 92' lang='lat' dir='ltr'><strong>non</strong></span> <span class='ocrx_word' id='word_1_794' title='bbox 3042 5205 3218 5274; x_wconf 87' lang='lat' dir='ltr'><strong>potius</strong></span> <span class='ocrx_word' id='word_1_795' title='bbox 3237 5206 3380 5261; x_wconf 90' lang='lat' dir='ltr'><strong>omni</strong></span> 
     </span>
    </p>
   </div>
   <div class='ocr_carea' id='block_1_112' title="bbox 1826 5290 3379 5362">
    <p class='ocr_par' dir='ltr' id='par_1_112' title="bbox 1826 5290 3379 5362">
     <span class='ocr_line' id='line_1_114' title="bbox 1826 5290 3379 5362; baseline -0.004 -10"><span class='ocrx_word' id='word_1_796' title='bbox 1826 5297 2023 5362; x_wconf 88' lang='lat' dir='ltr'><strong>studio,</strong></span> <span class='ocrx_word' id='word_1_797' title='bbox 2046 5294 2291 5351; x_wconf 89' lang='lat' dir='ltr'><strong>omnibus</strong></span> <span class='ocrx_word' id='word_1_798' title='bbox 2318 5292 2541 5360; x_wconf 90' lang='lat' dir='ltr'><strong>viribus,</strong></span> <span class='ocrx_word' id='word_1_799' title='bbox 2575 5300 2687 5345; x_wconf 91' lang='lat' dir='ltr'><strong>toto</strong></span> <span class='ocrx_word' id='word_1_800' title='bbox 2710 5290 2941 5361; x_wconf 89' lang='lat' dir='ltr'><strong>denique</strong></span> <span class='ocrx_word' id='word_1_801' title='bbox 2984 5295 3161 5347; x_wconf 77' lang='lat' dir='ltr'><strong>anino</strong></span> <span class='ocrx_word' id='word_1_802' title='bbox 3184 5308 3244 5347; x_wconf 91' lang='lat' dir='ltr'><strong>ac</strong></span> <span class='ocrx_word' id='word_1_803' title='bbox 3274 5302 3379 5347; x_wconf 87' lang='lat' dir='ltr'><strong>tota</strong></span> 
     </span>
    </p>
   </div>
   <div class='ocr_carea' id='block_1_113' title="bbox 1826 5382 3378 5453">
    <p class='ocr_par' dir='ltr' id='par_1_113' title="bbox 1826 5382 3378 5453">
     <span class='ocr_line' id='line_1_115' title="bbox 1826 5382 3378 5453; baseline -0.003 -10"><span class='ocrx_word' id='word_1_804' title='bbox 1826 5396 2003 5444; x_wconf 87' lang='lat' dir='ltr'><strong>mente</strong></span> <span class='ocrx_word' id='word_1_805' title='bbox 2024 5387 2076 5441; x_wconf 91' lang='lat' dir='ltr'><strong>in</strong></span> <span class='ocrx_word' id='word_1_806' title='bbox 2099 5400 2282 5441; x_wconf 89' lang='lat' dir='ltr'><strong>eorum</strong></span> <span class='ocrx_word' id='word_1_807' title='bbox 2307 5382 2716 5453; x_wconf 81' lang='lat' dir='ltr'><strong>investigatione</strong></span> <span class='ocrx_word' id='word_1_808' title='bbox 2753 5392 2962 5452; x_wconf 86' lang='lat' dir='ltr'><strong>tempus</strong></span> <span class='ocrx_word' id='word_1_809' title='bbox 2987 5392 3143 5451; x_wconf 87' lang='lat' dir='ltr'><strong>atque</strong></span> <span class='ocrx_word' id='word_1_810' title='bbox 3161 5397 3378 5452; x_wconf 78' lang='lat' dir='ltr'><strong>cperam</strong></span> 
     </span>
    </p>
   </div>
   <div class='ocr_carea' id='block_1_114' title="bbox 1828 5472 3377 5548">
    <p class='ocr_par' dir='ltr' id='par_1_114' title="bbox 1828 5472 3377 5548">
     <span class='ocr_line' id='line_1_116' title="bbox 1828 5472 3377 5548; baseline -0.001 -18"><span class='ocrx_word' id='word_1_811' title='bbox 1828 5479 2141 5548; x_wconf 85' lang='lat' dir='ltr'><strong>posuissem,</strong></span> <span class='ocrx_word' id='word_1_812' title='bbox 2181 5483 2241 5530; x_wconf 88' lang='lat' dir='ltr'><strong>ut</strong></span> <span class='ocrx_word' id='word_1_813' title='bbox 2293 5490 2410 5546; x_wconf 62' lang='lat' dir='ltr'><strong>quae</strong></span> <span class='ocrx_word' id='word_1_814' title='bbox 2465 5486 2593 5529; x_wconf 85' lang='lat' dir='ltr'><strong>vera</strong></span> <span class='ocrx_word' id='word_1_815' title='bbox 2642 5481 2697 5527; x_wconf 89' lang='lat' dir='ltr'><strong>et</strong></span> <span class='ocrx_word' id='word_1_816' title='bbox 2746 5472 2974 5527; x_wconf 81' lang='lat' dir='ltr'><strong>maxime</strong></span> <span class='ocrx_word' id='word_1_817' title='bbox 3022 5483 3377 5528; x_wconf 86' lang='lat' dir='ltr'><strong>consentanea</strong></span> 
     </span>
    </p>
   </div>
   <div class='ocr_carea' id='block_1_115' title="bbox 1830 5560 3376 5635">
    <p class='ocr_par' dir='ltr' id='par_1_115' title="bbox 1830 5560 3376 5635">
     <span class='ocr_line' id='line_1_117' title="bbox 1830 5560 3376 5635; baseline -0.007 -9"><span class='ocrx_word' id='word_1_818' title='bbox 1830 5577 1975 5635; x_wconf 89' lang='lat' dir='ltr'><strong>sunt,</strong></span> <span class='ocrx_word' id='word_1_819' title='bbox 2005 5566 2335 5622; x_wconf 73' lang='lat' dir='ltr'><strong>invenirent?</strong></span> <span class='ocrx_word' id='word_1_820' title='bbox 2370 5564 2572 5619; x_wconf 86' lang='lat' dir='ltr'><strong>Etenim</strong></span> <span class='ocrx_word' id='word_1_821' title='bbox 2619 5573 2811 5630; x_wconf 79' lang='lat' dir='ltr'><strong>magno</strong></span> <span class='ocrx_word' id='word_1_822' title='bbox 2860 5576 2978 5617; x_wconf 90' lang='lat' dir='ltr'><strong>cum</strong></span> <span class='ocrx_word' id='word_1_823' title='bbox 3005 5560 3184 5619; x_wconf 88' lang='lat' dir='ltr'><strong>labore</strong></span> <span class='ocrx_word' id='word_1_824' title='bbox 3210 5561 3288 5618; x_wconf 85' lang='lat' dir='ltr'><strong>sic</strong></span> <span class='ocrx_word' id='word_1_825' title='bbox 3313 5574 3376 5618; x_wconf 85' lang='lat' dir='ltr'><strong>ea</strong></span> 
     </span>
    </p>
   </div>
  </div>
