  <div class='ocr_page' id='page_1' title='image "/cluster/home/n/w/nwhite01/storage/ocr_20150623/96/hvd.32044073502114/560.png"; bbox 0 0 3888 6344; ppageno 0'>
   <div class='ocr_carea' id='block_1_1' title="bbox 206 384 353 450">
    <p class='ocr_par' dir='ltr' id='par_1_1' title="bbox 206 384 353 450">
     <span class='ocr_line' id='line_1_1' title="bbox 206 384 353 450; baseline 0 -1"><span class='ocrx_word' id='word_1_1' title='bbox 206 393 225 449; x_wconf 90' lang='lat' dir='ltr'><strong>l</strong></span> <span class='ocrx_word' id='word_1_2' title='bbox 238 384 353 450; x_wconf 74' lang='lat'><strong>003</strong></span> 
     </span>
    </p>
   </div>
   <div class='ocr_carea' id='block_1_2' title="bbox 1291 362 2393 427">
    <p class='ocr_par' dir='ltr' id='par_1_2' title="bbox 1291 362 2393 427">
     <span class='ocr_line' id='line_1_2' title="bbox 1291 362 2393 427; baseline -0.008 0"><span class='ocrx_word' id='word_1_3' title='bbox 1291 364 1468 427; x_wconf 75' lang='lat' dir='ltr'><strong>VlTA</strong></span> <span class='ocrx_word' id='word_1_4' title='bbox 1509 365 1864 426; x_wconf 76' lang='lat' dir='ltr'><strong>BARLAAM</strong></span> <span class='ocrx_word' id='word_1_5' title='bbox 1906 363 2001 423; x_wconf 87' lang='grc' dir='ltr'><strong>ΕΤ</strong></span> <span class='ocrx_word' id='word_1_6' title='bbox 2039 362 2393 423; x_wconf 70' lang='grc' dir='ltr'><strong>ΙΟΑΞΛΡΙΙ.</strong></span> 
     </span>
    </p>
   </div>
   <div class='ocr_carea' id='block_1_3' title="bbox 3295 378 3431 444">
    <p class='ocr_par' dir='ltr' id='par_1_3' title="bbox 3295 378 3431 444">
     <span class='ocr_line' id='line_1_3' title="bbox 3295 378 3431 444; baseline 0.015 -2"><span class='ocrx_word' id='word_1_7' title='bbox 3295 378 3431 444; x_wconf 72' lang='grc'><strong>1094</strong></span> 
     </span>
    </p>
   </div>
   <div class='ocr_carea' id='block_1_4' title="bbox 172 468 1788 550">
    <p class='ocr_par' dir='ltr' id='par_1_4' title="bbox 172 472 1771 550">
     <span class='ocr_line' id='line_1_4' title="bbox 172 472 1771 550; baseline -0.005 -13"><span class='ocrx_word' id='word_1_8' title='bbox 172 483 331 537; x_wconf 73' lang='grc' dir='ltr'>ἀλλὰ</span> <span class='ocrx_word' id='word_1_9' title='bbox 364 480 548 550; x_wconf 79' lang='grc' dir='ltr'>μάχην</span> <span class='ocrx_word' id='word_1_10' title='bbox 580 478 675 533; x_wconf 71' lang='grc' dir='ltr'>καὶ</span> <span class='ocrx_word' id='word_1_11' title='bbox 700 477 998 548; x_wconf 79' lang='grc' dir='ltr'>μάχαιραν·</span> <span class='ocrx_word' id='word_1_12' title='bbox 1061 472 1224 547; x_wconf 77' lang='grc' dir='ltr'>ἦλθον</span> <span class='ocrx_word' id='word_1_13' title='bbox 1261 478 1369 547; x_wconf 85' lang='grc' dir='ltr'>γὰρ</span> <span class='ocrx_word' id='word_1_14' title='bbox 1413 477 1630 547; x_wconf 84' lang='grc' dir='ltr'>διχάσαι</span> <span class='ocrx_word' id='word_1_15' title='bbox 1658 475 1771 529; x_wconf 85' lang='grc' dir='ltr'>υἱὸν</span> 
     </span>
    </p>
   </div>
   <div class='ocr_carea' id='block_1_5' title="bbox 1901 468 3443 550">
    <p class='ocr_par' dir='ltr' id='par_1_5' title="bbox 1901 468 3443 543">
     <span class='ocr_line' id='line_1_5' title="bbox 1901 468 3443 543; baseline 0.003 -19"><span class='ocrx_word' id='word_1_16' title='bbox 1901 474 2101 528; x_wconf 75' lang='lat' dir='ltr'><strong>mittere</strong></span> <span class='ocrx_word' id='word_1_17' title='bbox 2148 486 2357 542; x_wconf 89' lang='lat' dir='ltr'><strong>pacem,</strong></span> <span class='ocrx_word' id='word_1_18' title='bbox 2418 471 2507 526; x_wconf 85' lang='lat' dir='ltr'><strong>sed</strong></span> <span class='ocrx_word' id='word_1_19' title='bbox 2557 471 2807 543; x_wconf 75' lang='lat' dir='ltr'><strong>gladium.</strong></span> <span class='ocrx_word' id='word_1_20' title='bbox 2864 472 2992 526; x_wconf 85' lang='lat' dir='ltr'><strong>Veni</strong></span> <span class='ocrx_word' id='word_1_21' title='bbox 3020 468 3161 528; x_wconf 85' lang='lat' dir='ltr'><strong>enim</strong></span> <span class='ocrx_word' id='word_1_22' title='bbox 3191 487 3443 543; x_wconf 85' lang='lat' dir='ltr'><strong>separare</strong></span> 
     </span>
    </p>
   </div>
   <div class='ocr_carea' id='block_1_6' title="bbox 176 564 1772 638">
    <p class='ocr_par' dir='ltr' id='par_1_6' title="bbox 176 564 1772 638">
     <span class='ocr_line' id='line_1_6' title="bbox 176 564 1772 638; baseline -0.003 -18"><span class='ocrx_word' id='word_1_23' title='bbox 176 568 337 621; x_wconf 76' lang='grc' dir='ltr'>κατὰ</span> <span class='ocrx_word' id='word_1_24' title='bbox 365 565 461 619; x_wconf 85' lang='grc' dir='ltr'><strong>τοῦ</strong></span> <span class='ocrx_word' id='word_1_25' title='bbox 498 566 703 634; x_wconf 83' lang='grc' dir='ltr'>πατρὸς</span> <span class='ocrx_word' id='word_1_26' title='bbox 734 564 900 618; x_wconf 85' lang='grc' dir='ltr'>αὑτοῦ</span> <span class='ocrx_word' id='word_1_27' title='bbox 932 566 1025 619; x_wconf 75' lang='grc' dir='ltr'><strong>καὶ</strong></span> <span class='ocrx_word' id='word_1_28' title='bbox 1058 564 1332 638; x_wconf 84' lang='grc' dir='ltr'>θυγατέρα</span> <span class='ocrx_word' id='word_1_29' title='bbox 1363 568 1505 620; x_wconf 76' lang='grc' dir='ltr'>κατὰ</span> <span class='ocrx_word' id='word_1_30' title='bbox 1536 566 1634 635; x_wconf 79' lang='grc' dir='ltr'><strong>τῆς</strong></span> <span class='ocrx_word' id='word_1_31' title='bbox 1666 582 1772 635; x_wconf 88' lang='grc' dir='ltr'>μη-</span> 
     </span>
    </p>
   </div>
   <div class='ocr_carea' id='block_1_7' title="bbox 176 654 1772 726">
    <p class='ocr_par' dir='ltr' id='par_1_7' title="bbox 176 654 1772 726">
     <span class='ocr_line' id='line_1_7' title="bbox 176 654 1772 726; baseline -0.001 -16"><span class='ocrx_word' id='word_1_32' title='bbox 176 657 320 726; x_wconf 81' lang='grc' dir='ltr'>τρὸς</span> <span class='ocrx_word' id='word_1_33' title='bbox 359 656 548 725; x_wconf 78' lang='grc' dir='ltr'>αὐτῆς,</span> <span class='ocrx_word' id='word_1_34' title='bbox 584 655 676 707; x_wconf 74' lang='grc' dir='ltr'><strong>καὶ</strong></span> <span class='ocrx_word' id='word_1_35' title='bbox 704 654 772 707; x_wconf 74' lang='grc' dir='ltr'>τὰ</span> <span class='ocrx_word' id='word_1_36' title='bbox 816 655 965 724; x_wconf 79' lang='grc' dir='ltr'>ἑξῆς.</span> <span class='ocrx_word' id='word_1_37' title='bbox 995 656 1125 716; x_wconf 78' lang='lat' dir='ltr'><strong>Kal,</strong></span> <span class='ocrx_word' id='word_1_38' title='bbox 1150 656 1232 708; x_wconf 86' lang='grc' dir='ltr'>ὃτι</span> <span class='ocrx_word' id='word_1_39' title='bbox 1263 654 1323 709; x_wconf 83' lang='grc' dir='ltr'>Ὀ</span> <span class='ocrx_word' id='word_1_40' title='bbox 1358 654 1527 724; x_wconf 85' lang='grc' dir='ltr'>φιλῶν</span> <span class='ocrx_word' id='word_1_41' title='bbox 1558 655 1772 725; x_wconf 83' lang='grc' dir='ltr'>πατέρα</span> 
     </span>
    </p>
   </div>
   <div class='ocr_carea' id='block_1_8' title="bbox 176 745 1769 817">
    <p class='ocr_par' dir='ltr' id='par_1_8' title="bbox 176 745 1769 817">
     <span class='ocr_line' id='line_1_8' title="bbox 176 745 1769 817; baseline 0.001 -20"><span class='ocrx_word' id='word_1_42' title='bbox 176 746 217 817; x_wconf 81' lang='grc' dir='ltr'><strong>ἢ</strong></span> <span class='ocrx_word' id='word_1_43' title='bbox 276 748 491 817; x_wconf 78' lang='grc' dir='ltr'>μητέρα</span> <span class='ocrx_word' id='word_1_44' title='bbox 554 746 693 816; x_wconf 81' lang='grc' dir='ltr'>ὑπὲρ</span> <span class='ocrx_word' id='word_1_45' title='bbox 750 746 885 816; x_wconf 80' lang='grc' dir='ltr'>ἐμὲ,</span> <span class='ocrx_word' id='word_1_46' title='bbox 939 747 1040 799; x_wconf 82' lang='grc' dir='ltr'><strong>οὐκ</strong></span> <span class='ocrx_word' id='word_1_47' title='bbox 1094 746 1210 799; x_wconf 76' lang='grc' dir='ltr'>ἔστι</span> <span class='ocrx_word' id='word_1_48' title='bbox 1265 763 1367 815; x_wconf 90' lang='grc' dir='ltr'><strong>μου</strong></span> <span class='ocrx_word' id='word_1_49' title='bbox 1431 745 1611 809; x_wconf 79' lang='grc' dir='ltr'>ἄξιος,</span> <span class='ocrx_word' id='word_1_50' title='bbox 1646 746 1769 809; x_wconf 74' lang='grc' dir='ltr'>καὶ,</span> 
     </span>
    </p>
   </div>
   <div class='ocr_carea' id='block_1_9' title="bbox 180 837 1771 908">
    <p class='ocr_par' dir='ltr' id='par_1_9' title="bbox 180 837 1771 908">
     <span class='ocr_line' id='line_1_9' title="bbox 180 837 1771 908; baseline 0.001 -18"><span class='ocrx_word' id='word_1_51' title='bbox 180 838 384 901; x_wconf 78' lang='grc' dir='ltr'>Ὅστις</span> <span class='ocrx_word' id='word_1_52' title='bbox 407 838 519 907; x_wconf 79' lang='lat'><strong>(90)</strong></span> <span class='ocrx_word' id='word_1_53' title='bbox 556 855 624 906; x_wconf 89' lang='grc' dir='ltr'><strong>με</strong></span> <span class='ocrx_word' id='word_1_54' title='bbox 652 839 949 908; x_wconf 79' lang='grc' dir='ltr'><strong>ἀρνήσεται</strong></span> <span class='ocrx_word' id='word_1_55' title='bbox 975 838 1285 907; x_wconf 76' lang='grc' dir='ltr'>ἔμπροσθεν</span> <span class='ocrx_word' id='word_1_56' title='bbox 1315 838 1419 889; x_wconf 84' lang='grc' dir='ltr'><strong>τῶν</strong></span> <span class='ocrx_word' id='word_1_57' title='bbox 1448 837 1771 906; x_wconf 86' lang='grc' dir='ltr'>ἀνθρώπων,</span> 
     </span>
    </p>
   </div>
   <div class='ocr_carea' id='block_1_10' title="bbox 183 928 1774 1000">
    <p class='ocr_par' dir='ltr' id='par_1_10' title="bbox 183 928 1774 1000">
     <span class='ocr_line' id='line_1_10' title="bbox 183 928 1774 1000; baseline 0.001 -19"><span class='ocrx_word' id='word_1_58' title='bbox 183 929 511 999; x_wconf 79' lang='grc' dir='ltr'><strong>ἀρνήσομαι</strong></span> <span class='ocrx_word' id='word_1_59' title='bbox 551 929 715 981; x_wconf 78' lang='grc' dir='ltr'>αὑτὸν</span> <span class='ocrx_word' id='word_1_60' title='bbox 753 929 910 997; x_wconf 82' lang='grc' dir='ltr'>κάγὼ</span> <span class='ocrx_word' id='word_1_61' title='bbox 944 928 1253 999; x_wconf 77' lang='grc' dir='ltr'>ἔμπροσθεν</span> <span class='ocrx_word' id='word_1_62' title='bbox 1282 928 1374 987; x_wconf 77' lang='grc' dir='ltr'><strong>τοῦ</strong></span> <span class='ocrx_word' id='word_1_63' title='bbox 1409 929 1621 999; x_wconf 77' lang='grc' dir='ltr'>Πατρός</span> <span class='ocrx_word' id='word_1_64' title='bbox 1671 947 1774 1000; x_wconf 87' lang='grc' dir='ltr'><strong>μου</strong></span> 
     </span>
    </p>
   </div>
   <div class='ocr_carea' id='block_1_11' title="bbox 182 1019 1775 1093">
    <p class='ocr_par' dir='ltr' id='par_1_11' title="bbox 182 1019 1775 1093">
     <span class='ocr_line' id='line_1_11' title="bbox 182 1019 1775 1093; baseline 0.001 -20"><span class='ocrx_word' id='word_1_65' title='bbox 182 1021 288 1074; x_wconf 81' lang='grc' dir='ltr'><strong>τοῦ</strong></span> <span class='ocrx_word' id='word_1_66' title='bbox 335 1025 393 1074; x_wconf 82' lang='grc' dir='ltr'>ὲν</span> <span class='ocrx_word' id='word_1_67' title='bbox 436 1023 706 1093; x_wconf 75' lang='grc' dir='ltr'>οὐρανοῖς.</span> <span class='ocrx_word' id='word_1_68' title='bbox 760 1021 803 1071; x_wconf 87' lang='grc' dir='ltr'>Τ</span> <span class='ocrx_word' id='word_1_69' title='bbox 807 1019 947 1073; x_wconf 83' lang='grc' dir='ltr'>αῦτα</span> <span class='ocrx_word' id='word_1_70' title='bbox 990 1022 1370 1089; x_wconf 79' lang='grc' dir='ltr'><strong>λογισάμενος,</strong></span> <span class='ocrx_word' id='word_1_71' title='bbox 1410 1022 1503 1074; x_wconf 77' lang='grc' dir='ltr'><strong>καὶ</strong></span> <span class='ocrx_word' id='word_1_72' title='bbox 1534 1022 1613 1092; x_wconf 81' lang='grc' dir='ltr'>τῷ</span> <span class='ocrx_word' id='word_1_73' title='bbox 1645 1020 1775 1092; x_wconf 83' lang='grc' dir='ltr'>θείῳ</span> 
     </span>
    </p>
   </div>
   <div class='ocr_carea' id='block_1_12' title="bbox 182 1112 1777 1183">
    <p class='ocr_par' dir='ltr' id='par_1_12' title="bbox 182 1112 1777 1183">
     <span class='ocr_line' id='line_1_12' title="bbox 182 1112 1777 1183; baseline 0.001 -18"><span class='ocrx_word' id='word_1_74' title='bbox 182 1112 347 1183; x_wconf 77' lang='grc' dir='ltr'><strong>φόϐῳ</strong></span> <span class='ocrx_word' id='word_1_75' title='bbox 396 1112 495 1182; x_wconf 84' lang='grc' dir='ltr'>τὴν</span> <span class='ocrx_word' id='word_1_76' title='bbox 542 1113 708 1182; x_wconf 78' lang='lat'><strong>226</strong></span> <span class='ocrx_word' id='word_1_77' title='bbox 750 1112 929 1181; x_wconf 61' lang='grc' dir='ltr'>ψυχὴν</span> <span class='ocrx_word' id='word_1_78' title='bbox 988 1113 1246 1181; x_wconf 77' lang='grc' dir='ltr'><strong>πεδήσας,</strong></span> <span class='ocrx_word' id='word_1_79' title='bbox 1276 1112 1351 1183; x_wconf 79' lang='grc' dir='ltr'>τῷ</span> <span class='ocrx_word' id='word_1_80' title='bbox 1380 1113 1529 1183; x_wconf 84' lang='grc' dir='ltr'>πόθῳ</span> <span class='ocrx_word' id='word_1_81' title='bbox 1579 1130 1637 1166; x_wconf 85' lang='grc' dir='ltr'><strong>τε</strong></span> <span class='ocrx_word' id='word_1_82' title='bbox 1682 1114 1777 1167; x_wconf 76' lang='grc' dir='ltr'>καὶ</span> 
     </span>
    </p>
   </div>
   <div class='ocr_carea' id='block_1_13' title="bbox 186 1204 1775 1276">
    <p class='ocr_par' dir='ltr' id='par_1_13' title="bbox 186 1204 1775 1276">
     <span class='ocr_line' id='line_1_13' title="bbox 186 1204 1775 1276; baseline 0 -18"><span class='ocrx_word' id='word_1_83' title='bbox 186 1204 361 1276; x_wconf 73' lang='grc' dir='ltr'>ἔρωτι</span> <span class='ocrx_word' id='word_1_84' title='bbox 392 1204 699 1274; x_wconf 76' lang='grc' dir='ltr'>ἐνισχῦσας,</span> <span class='ocrx_word' id='word_1_85' title='bbox 732 1205 790 1257; x_wconf 86' lang='grc' dir='ltr'><strong>τὸ</strong></span> <span class='ocrx_word' id='word_1_86' title='bbox 819 1204 1201 1275; x_wconf 74' lang='grc' dir='ltr'>Σολομόντειον</span> <span class='ocrx_word' id='word_1_87' title='bbox 1236 1206 1412 1257; x_wconf 83' lang='grc' dir='ltr'>ἐκεῖνο</span> <span class='ocrx_word' id='word_1_88' title='bbox 1453 1207 1602 1276; x_wconf 75' lang='grc' dir='ltr'>ῥῆμα</span> <span class='ocrx_word' id='word_1_89' title='bbox 1634 1206 1775 1259; x_wconf 86' lang='grc' dir='ltr'>πάνυ</span> 
     </span>
    </p>
   </div>
   <div class='ocr_carea' id='block_1_14' title="bbox 176 1296 1775 1368">
    <p class='ocr_par' dir='ltr' id='par_1_14' title="bbox 176 1296 1775 1368">
     <span class='ocr_line' id='line_1_14' title="bbox 176 1296 1775 1368; baseline 0.001 -19"><span class='ocrx_word' id='word_1_90' title='bbox 176 1298 337 1350; x_wconf 72' lang='grc' dir='ltr'>-κατα</span> <span class='ocrx_word' id='word_1_91' title='bbox 386 1298 579 1366; x_wconf 88' lang='grc' dir='ltr'>καιρὸν</span> <span class='ocrx_word' id='word_1_92' title='bbox 638 1296 954 1361; x_wconf 74' lang='grc' dir='ltr'>ὲξελάϐετος</span> <span class='ocrx_word' id='word_1_93' title='bbox 1008 1296 1234 1367; x_wconf 81' lang='grc' dir='ltr'>Καιρὸς,</span> <span class='ocrx_word' id='word_1_94' title='bbox 1268 1298 1474 1364; x_wconf 77' lang='grc' dir='ltr'>φάσκον</span> <span class='ocrx_word' id='word_1_95' title='bbox 1509 1298 1644 1368; x_wconf 82' lang='grc'><strong>(91),</strong></span> <span class='ocrx_word' id='word_1_96' title='bbox 1680 1296 1775 1350; x_wconf 82' lang='grc' dir='ltr'><strong>τοῦ</strong></span> 
     </span>
    </p>
   </div>
   <div class='ocr_carea' id='block_1_15' title="bbox 190 1387 1777 1458">
    <p class='ocr_par' dir='ltr' id='par_1_15' title="bbox 190 1387 1777 1458">
     <span class='ocr_line' id='line_1_15' title="bbox 190 1387 1777 1458; baseline 0.001 -19"><span class='ocrx_word' id='word_1_97' title='bbox 190 1389 424 1458; x_wconf 79' lang='grc' dir='ltr'>φιλῆσαι</span> <span class='ocrx_word' id='word_1_98' title='bbox 454 1388 549 1440; x_wconf 62' lang='grc' dir='ltr'><strong>καὶ¹</strong></span> <span class='ocrx_word' id='word_1_99' title='bbox 579 1388 770 1458; x_wconf 85' lang='grc' dir='ltr'>καιρὸς</span> <span class='ocrx_word' id='word_1_100' title='bbox 797 1387 889 1440; x_wconf 85' lang='grc' dir='ltr'><strong>τοῦ</strong></span> <span class='ocrx_word' id='word_1_101' title='bbox 925 1388 1174 1455; x_wconf 74' lang='grc' dir='ltr'>μισῆσαι,</span> <span class='ocrx_word' id='word_1_102' title='bbox 1205 1387 1395 1457; x_wconf 81' lang='grc' dir='ltr'>καιρὸς</span> <span class='ocrx_word' id='word_1_103' title='bbox 1420 1388 1655 1458; x_wconf 83' lang='grc' dir='ltr'>πολέμου</span> <span class='ocrx_word' id='word_1_104' title='bbox 1684 1389 1777 1442; x_wconf 62' lang='grc' dir='ltr'><strong>καὶ¹</strong></span> 
     </span>
    </p>
   </div>
   <div class='ocr_carea' id='block_1_16' title="bbox 190 1476 1778 1551">
    <p class='ocr_par' dir='ltr' id='par_1_16' title="bbox 190 1476 1778 1551">
     <span class='ocr_line' id='line_1_16' title="bbox 190 1476 1778 1551; baseline 0.001 -20"><span class='ocrx_word' id='word_1_105' title='bbox 190 1478 391 1548; x_wconf 84' lang='grc' dir='ltr'>καιρὸς</span> <span class='ocrx_word' id='word_1_106' title='bbox 415 1478 661 1547; x_wconf 80' lang='grc' dir='ltr'>εἰρήνης.</span> <span class='ocrx_word' id='word_1_107' title='bbox 697 1478 807 1530; x_wconf 79' lang='lat' dir='ltr'><strong>Kal</strong></span> <span class='ocrx_word' id='word_1_108' title='bbox 840 1476 1032 1547; x_wconf 85' lang='grc' dir='ltr'>πρῶτα</span> <span class='ocrx_word' id='word_1_109' title='bbox 1066 1478 1183 1547; x_wconf 77' lang='grc' dir='ltr'>μὲν,</span> <span class='ocrx_word' id='word_1_110' title='bbox 1221 1478 1361 1531; x_wconf 77' lang='grc' dir='ltr'>κατὰ</span> <span class='ocrx_word' id='word_1_111' title='bbox 1391 1480 1514 1533; x_wconf 91' lang='grc' dir='ltr'>νοῦν</span> <span class='ocrx_word' id='word_1_112' title='bbox 1544 1480 1778 1551; x_wconf 75' lang='grc' dir='ltr'>εὐξάμε-</span> 
     </span>
    </p>
   </div>
   <div class='ocr_carea' id='block_1_17' title="bbox 193 1563 1778 1643">
    <p class='ocr_par' dir='ltr' id='par_1_17' title="bbox 193 1563 1778 1643">
     <span class='ocr_line' id='line_1_17' title="bbox 193 1563 1778 1643; baseline 0 -21"><span class='ocrx_word' id='word_1_113' title='bbox 193 1586 310 1631; x_wconf 84' lang='grc' dir='ltr'>νος,</span> <span class='ocrx_word' id='word_1_114' title='bbox 337 1568 591 1637; x_wconf 75' lang='grc' dir='ltr'>Ἐλέησόν</span> <span class='ocrx_word' id='word_1_115' title='bbox 625 1587 713 1637; x_wconf 84' lang='grc' dir='ltr'><strong>με,</strong></span> <span class='ocrx_word' id='word_1_116' title='bbox 751 1568 921 1640; x_wconf 82' lang='grc' dir='ltr'>Κύριε</span> <span class='ocrx_word' id='word_1_117' title='bbox 957 1568 1089 1639; x_wconf 65' lang='grc' dir='ltr'><strong>(ΩΞ),</strong></span> <span class='ocrx_word' id='word_1_118' title='bbox 1123 1563 1294 1632; x_wconf 77' lang='grc' dir='ltr'>εἶπεν,</span> <span class='ocrx_word' id='word_1_119' title='bbox 1324 1572 1350 1621; x_wconf 83' lang='grc' dir='ltr'>ὁ</span> <span class='ocrx_word' id='word_1_120' title='bbox 1371 1570 1523 1635; x_wconf 90' lang='grc' dir='ltr'>Θεὸς,</span> <span class='ocrx_word' id='word_1_121' title='bbox 1556 1570 1778 1643; x_wconf 76' lang='grc' dir='ltr'>ἐλέησόν</span> 
     </span>
    </p>
   </div>
   <div class='ocr_carea' id='block_1_18' title="bbox 196 1660 1781 1734">
    <p class='ocr_par' dir='ltr' id='par_1_18' title="bbox 196 1660 1781 1734">
     <span class='ocr_line' id='line_1_18' title="bbox 196 1660 1781 1734; baseline 0.003 -22"><span class='ocrx_word' id='word_1_122' title='bbox 196 1679 293 1731; x_wconf 82' lang='grc' dir='ltr'><strong>με,</strong></span> <span class='ocrx_word' id='word_1_123' title='bbox 322 1663 405 1714; x_wconf 80' lang='grc' dir='ltr'>ὃτι</span> <span class='ocrx_word' id='word_1_124' title='bbox 436 1660 529 1712; x_wconf 69' lang='grc' dir='ltr'>ἐπὶ</span> <span class='ocrx_word' id='word_1_125' title='bbox 560 1662 644 1713; x_wconf 75' lang='grc' dir='ltr'><strong>σοὶ</strong></span> <span class='ocrx_word' id='word_1_126' title='bbox 675 1660 940 1713; x_wconf 78' lang='grc' dir='ltr'>πέποιθεν</span> <span class='ocrx_word' id='word_1_127' title='bbox 970 1661 1003 1729; x_wconf 82' lang='grc' dir='ltr'>ἡ</span> <span class='ocrx_word' id='word_1_128' title='bbox 1032 1661 1178 1730; x_wconf 69' lang='grc' dir='ltr'>ψυχή</span> <span class='ocrx_word' id='word_1_129' title='bbox 1212 1678 1336 1729; x_wconf 88' lang='grc' dir='ltr'>μου,</span> <span class='ocrx_word' id='word_1_130' title='bbox 1366 1662 1458 1714; x_wconf 78' lang='grc' dir='ltr'><strong>καὶ</strong></span> <span class='ocrx_word' id='word_1_131' title='bbox 1484 1664 1539 1715; x_wconf 83' lang='grc' dir='ltr'>ὲν</span> <span class='ocrx_word' id='word_1_132' title='bbox 1559 1666 1625 1733; x_wconf 79' lang='grc' dir='ltr'><strong>τῇ</strong></span> <span class='ocrx_word' id='word_1_133' title='bbox 1652 1664 1781 1734; x_wconf 77' lang='grc' dir='ltr'>σκιᾷ</span> 
     </span>
    </p>
   </div>
   <div class='ocr_carea' id='block_1_19' title="bbox 180 1735 1778 1823">
    <p class='ocr_par' dir='ltr' id='par_1_19' title="bbox 180 1735 1778 1823">
     <span class='ocr_line' id='line_1_19' title="bbox 180 1735 1778 1823; baseline 0.003 -20"><span class='ocrx_word' id='word_1_134' title='bbox 180 1735 310 1803; x_wconf 64' lang='grc' dir='ltr'>τῶν</span> <span class='ocrx_word' id='word_1_135' title='bbox 356 1750 648 1821; x_wconf 79' lang='grc' dir='ltr'>πτερύγων</span> <span class='ocrx_word' id='word_1_136' title='bbox 694 1768 790 1803; x_wconf 89' lang='grc' dir='ltr'><strong>σου</strong></span> <span class='ocrx_word' id='word_1_137' title='bbox 838 1750 1009 1804; x_wconf 81' lang='grc' dir='ltr'>ὲλπιῶ</span> <span class='ocrx_word' id='word_1_138' title='bbox 1063 1750 1167 1812; x_wconf 77' lang='grc' dir='ltr'><strong>ἕως</strong></span> <span class='ocrx_word' id='word_1_139' title='bbox 1210 1745 1271 1804; x_wconf 75' lang='grc' dir='ltr'>οὗ</span> <span class='ocrx_word' id='word_1_140' title='bbox 1318 1752 1565 1823; x_wconf 80' lang='grc' dir='ltr'>παρέλθῃ</span> <span class='ocrx_word' id='word_1_141' title='bbox 1602 1753 1778 1823; x_wconf 75' lang='grc' dir='ltr'><strong>(95)ἡ</strong></span> 
     </span>
    </p>
   </div>
   <div class='ocr_carea' id='block_1_20' title="bbox 1889 564 3443 630">
    <p class='ocr_par' dir='ltr' id='par_1_20' title="bbox 1889 564 3443 630">
     <span class='ocr_line' id='line_1_20' title="bbox 1889 564 3443 630; baseline 0.003 -15"><span class='ocrx_word' id='word_1_142' title='bbox 1889 564 2053 617; x_wconf 82' lang='lat' dir='ltr'><strong>tilium</strong></span> <span class='ocrx_word' id='word_1_143' title='bbox 2073 565 2331 619; x_wconf 86' lang='lat' dir='ltr'><strong>adversus</strong></span> <span class='ocrx_word' id='word_1_144' title='bbox 2359 574 2560 630; x_wconf 92' lang='lat' dir='ltr'><strong>patrem</strong></span> <span class='ocrx_word' id='word_1_145' title='bbox 2584 578 2763 630; x_wconf 90' lang='lat' dir='ltr'><strong>suum,</strong></span> <span class='ocrx_word' id='word_1_146' title='bbox 2794 576 2847 619; x_wconf 90' lang='lat' dir='ltr'><strong>et</strong></span> <span class='ocrx_word' id='word_1_147' title='bbox 2873 565 3030 618; x_wconf 74' lang='lat' dir='ltr'><strong>lilium</strong></span> <span class='ocrx_word' id='word_1_148' title='bbox 3051 567 3306 621; x_wconf 87' lang='lat' dir='ltr'><strong>adversus</strong></span> <span class='ocrx_word' id='word_1_149' title='bbox 3336 584 3443 620; x_wconf 83' lang='lat' dir='ltr'><strong>nia-</strong></span> 
     </span>
    </p>
   </div>
   <div class='ocr_carea' id='block_1_21' title="bbox 1889 655 3443 727">
    <p class='ocr_par' dir='ltr' id='par_1_21' title="bbox 1889 655 3443 727">
     <span class='ocr_line' id='line_1_21' title="bbox 1889 655 3443 727; baseline 0.001 -17"><span class='ocrx_word' id='word_1_150' title='bbox 1889 663 2020 710; x_wconf 91' lang='lat' dir='ltr'><strong>trem</strong></span> <span class='ocrx_word' id='word_1_151' title='bbox 2049 670 2219 719; x_wconf 84' lang='lat' dir='ltr'><strong>suam,</strong></span> <span class='ocrx_word' id='word_1_152' title='bbox 2247 664 2300 711; x_wconf 91' lang='lat' dir='ltr'><strong>et</strong></span> <span class='ocrx_word' id='word_1_153' title='bbox 2329 670 2445 722; x_wconf 77' lang='lat' dir='ltr'><strong>qua:</strong></span> <span class='ocrx_word' id='word_1_154' title='bbox 2474 656 2722 723; x_wconf 89' lang='lat' dir='ltr'><strong>deinceps</strong></span> <span class='ocrx_word' id='word_1_155' title='bbox 2772 667 3062 724; x_wconf 80' lang='lat' dir='ltr'><strong>sequuntur</strong></span> <span class='ocrx_word' id='word_1_156' title='bbox 3109 655 3317 721; x_wconf 80' lang='lat' dir='ltr'><strong>(Matth.</strong></span> <span class='ocrx_word' id='word_1_157' title='bbox 3360 660 3443 727; x_wconf 69' lang='grc' dir='ltr'><strong>χ).</strong></span> 
     </span>
    </p>
   </div>
   <div class='ocr_carea' id='block_1_22' title="bbox 1957 764 3437 834">
    <p class='ocr_par' dir='ltr' id='par_1_22' title="bbox 1957 764 3437 834">
     <span class='ocr_line' id='line_1_22' title="bbox 1957 764 3437 834; baseline 0.003 -17"><span class='ocrx_word' id='word_1_158' title='bbox 1957 764 2193 834; x_wconf 83' lang='lat' dir='ltr'><strong>llludque</strong></span> <span class='ocrx_word' id='word_1_159' title='bbox 2218 765 2343 819; x_wconf 84' lang='lat' dir='ltr'><strong>item</strong></span> <span class='ocrx_word' id='word_1_160' title='bbox 2374 782 2386 815; x_wconf 91' lang='lat'><strong>:</strong></span> <span class='ocrx_word' id='word_1_161' title='bbox 2418 765 2516 830; x_wconf 83' lang='lat' dir='ltr'><strong>Qui</strong></span> <span class='ocrx_word' id='word_1_162' title='bbox 2544 772 2686 817; x_wconf 89' lang='lat' dir='ltr'><strong>amat</strong></span> <span class='ocrx_word' id='word_1_163' title='bbox 2713 775 2912 833; x_wconf 83' lang='lat' dir='ltr'><strong>patrem</strong></span> <span class='ocrx_word' id='word_1_164' title='bbox 2952 775 3043 819; x_wconf 93' lang='lat' dir='ltr'><strong>aut</strong></span> <span class='ocrx_word' id='word_1_165' title='bbox 3070 776 3289 820; x_wconf 84' lang='lat' dir='ltr'><strong>matrem</strong></span> <span class='ocrx_word' id='word_1_166' title='bbox 3320 768 3437 834; x_wconf 85' lang='lat' dir='ltr'><strong>plus</strong></span> 
     </span>
    </p>
   </div>
   <div class='ocr_carea' id='block_1_23' title="bbox 1886 852 3443 922">
    <p class='ocr_par' dir='ltr' id='par_1_23' title="bbox 1886 852 3443 922">
     <span class='ocr_line' id='line_1_23' title="bbox 1886 852 3443 922; baseline 0.001 -15"><span class='ocrx_word' id='word_1_167' title='bbox 1886 868 2041 921; x_wconf 86' lang='lat' dir='ltr'><strong>quam</strong></span> <span class='ocrx_word' id='word_1_168' title='bbox 2065 869 2170 919; x_wconf 89' lang='lat' dir='ltr'><strong>me,</strong></span> <span class='ocrx_word' id='word_1_169' title='bbox 2194 869 2297 908; x_wconf 92' lang='lat' dir='ltr'><strong>non</strong></span> <span class='ocrx_word' id='word_1_170' title='bbox 2328 863 2409 907; x_wconf 86' lang='lat' dir='ltr'><strong>est</strong></span> <span class='ocrx_word' id='word_1_171' title='bbox 2437 869 2522 906; x_wconf 85' lang='lat' dir='ltr'><strong>me</strong></span> <span class='ocrx_word' id='word_1_172' title='bbox 2547 852 2756 921; x_wconf 87' lang='lat' dir='ltr'><strong>dignus.</strong></span> <span class='ocrx_word' id='word_1_173' title='bbox 2786 856 2861 907; x_wconf 80' lang='lat' dir='ltr'><strong>Ac</strong></span> <span class='ocrx_word' id='word_1_174' title='bbox 2884 869 3088 909; x_wconf 86' lang='lat' dir='ltr'><strong>rursum</strong></span> <span class='ocrx_word' id='word_1_175' title='bbox 3121 856 3245 909; x_wconf 88' lang='lat' dir='ltr'><strong>illud</strong></span> <span class='ocrx_word' id='word_1_176' title='bbox 3275 873 3288 908; x_wconf 87' lang='lat'><strong>:</strong></span> <span class='ocrx_word' id='word_1_177' title='bbox 3316 856 3443 922; x_wconf 86' lang='lat' dir='ltr'><strong>Qui-</strong></span> 
     </span>
    </p>
   </div>
   <div class='ocr_carea' id='block_1_24' title="bbox 1884 943 3441 1013">
    <p class='ocr_par' dir='ltr' id='par_1_24' title="bbox 1884 943 3441 1013">
     <span class='ocr_line' id='line_1_24' title="bbox 1884 943 3441 1013; baseline 0.001 -16"><span class='ocrx_word' id='word_1_178' title='bbox 1884 958 2092 1011; x_wconf 87' lang='lat' dir='ltr'><strong>cunque</strong></span> <span class='ocrx_word' id='word_1_179' title='bbox 2112 958 2195 997; x_wconf 89' lang='lat' dir='ltr'><strong>me</strong></span> <span class='ocrx_word' id='word_1_180' title='bbox 2220 944 2491 1013; x_wconf 81' lang='lat' dir='ltr'><strong>negaverit</strong></span> <span class='ocrx_word' id='word_1_181' title='bbox 2511 958 2687 997; x_wconf 87' lang='lat' dir='ltr'><strong>coram</strong></span> <span class='ocrx_word' id='word_1_182' title='bbox 2713 943 3032 1009; x_wconf 89' lang='lat' dir='ltr'><strong>hominibus,</strong></span> <span class='ocrx_word' id='word_1_183' title='bbox 3055 945 3259 1013; x_wconf 79' lang='lat' dir='ltr'><strong>negabo</strong></span> <span class='ocrx_word' id='word_1_184' title='bbox 3281 946 3441 998; x_wconf 85' lang='lat' dir='ltr'><strong>etiam</strong></span> 
     </span>
    </p>
   </div>
   <div class='ocr_carea' id='block_1_25' title="bbox 1886 1034 3443 1102">
    <p class='ocr_par' dir='ltr' id='par_1_25' title="bbox 1886 1034 3443 1102">
     <span class='ocr_line' id='line_1_25' title="bbox 1886 1034 3443 1102; baseline 0.002 -15"><span class='ocrx_word' id='word_1_185' title='bbox 1886 1048 2007 1087; x_wconf 87' lang='lat' dir='ltr'><strong>eum</strong></span> <span class='ocrx_word' id='word_1_186' title='bbox 2051 1049 2229 1087; x_wconf 86' lang='lat' dir='ltr'><strong>coram</strong></span> <span class='ocrx_word' id='word_1_187' title='bbox 2261 1034 2415 1089; x_wconf 85' lang='lat' dir='ltr'><strong>Patre</strong></span> <span class='ocrx_word' id='word_1_188' title='bbox 2462 1048 2599 1100; x_wconf 89' lang='lat' dir='ltr'><strong>meo,</strong></span> <span class='ocrx_word' id='word_1_189' title='bbox 2630 1034 2798 1102; x_wconf 88' lang='lat' dir='ltr'><strong>quiin</strong></span> <span class='ocrx_word' id='word_1_190' title='bbox 2827 1036 2977 1089; x_wconf 76' lang='lat' dir='ltr'><strong>ccelis</strong></span> <span class='ocrx_word' id='word_1_191' title='bbox 3007 1046 3109 1090; x_wconf 92' lang='lat' dir='ltr'><strong>est.</strong></span> <span class='ocrx_word' id='word_1_192' title='bbox 3156 1036 3283 1091; x_wconf 74' lang='lat' dir='ltr'><strong>Haec</strong></span> <span class='ocrx_word' id='word_1_193' title='bbox 3324 1052 3443 1090; x_wconf 90' lang='lat' dir='ltr'><strong>eum</strong></span> 
     </span>
    </p>
   </div>
   <div class='ocr_carea' id='block_1_26' title="bbox 1886 1126 3445 1194">
    <p class='ocr_par' dir='ltr' id='par_1_26' title="bbox 1886 1126 3445 1194">
     <span class='ocr_line' id='line_1_26' title="bbox 1886 1126 3445 1194; baseline 0.002 -16"><span class='ocrx_word' id='word_1_194' title='bbox 1886 1138 2063 1179; x_wconf 87' lang='lat' dir='ltr'><strong>secum</strong></span> <span class='ocrx_word' id='word_1_195' title='bbox 2095 1126 2205 1193; x_wconf 87' lang='lat' dir='ltr'><strong>ipse</strong></span> <span class='ocrx_word' id='word_1_196' title='bbox 2234 1136 2550 1193; x_wconf 86' lang='lat' dir='ltr'><strong>reputasset,</strong></span> <span class='ocrx_word' id='word_1_197' title='bbox 2580 1126 2864 1194; x_wconf 87' lang='lat' dir='ltr'><strong>divinoque</strong></span> <span class='ocrx_word' id='word_1_198' title='bbox 2893 1136 3032 1181; x_wconf 86' lang='lat' dir='ltr'><strong>metu</strong></span> <span class='ocrx_word' id='word_1_199' title='bbox 3060 1128 3287 1181; x_wconf 86' lang='lat' dir='ltr'><strong>animam</strong></span> <span class='ocrx_word' id='word_1_200' title='bbox 3322 1146 3445 1183; x_wconf 86' lang='lat' dir='ltr'><strong>con-</strong></span> 
     </span>
    </p>
   </div>
   <div class='ocr_carea' id='block_1_27' title="bbox 1885 1215 3446 1286">
    <p class='ocr_par' dir='ltr' id='par_1_27' title="bbox 1885 1215 3446 1286">
     <span class='ocr_line' id='line_1_27' title="bbox 1885 1215 3446 1286; baseline 0.002 -19"><span class='ocrx_word' id='word_1_201' title='bbox 1885 1215 2205 1277; x_wconf 62' lang='lat' dir='ltr'><strong>strinxisset.</strong></span> <span class='ocrx_word' id='word_1_202' title='bbox 2238 1215 2363 1269; x_wconf 86' lang='lat' dir='ltr'><strong>illud</strong></span> <span class='ocrx_word' id='word_1_203' title='bbox 2396 1216 2691 1269; x_wconf 81' lang='lat' dir='ltr'><strong>Salomonis</strong></span> <span class='ocrx_word' id='word_1_204' title='bbox 2718 1217 2913 1270; x_wconf 89' lang='lat' dir='ltr'><strong>dictum</strong></span> <span class='ocrx_word' id='word_1_205' title='bbox 2954 1233 3207 1286; x_wconf 82' lang='lat' dir='ltr'><strong>perquam</strong></span> <span class='ocrx_word' id='word_1_206' title='bbox 3243 1229 3446 1286; x_wconf 82' lang='lat' dir='ltr'><strong>tempe-</strong></span> 
     </span>
    </p>
   </div>
   <div class='ocr_carea' id='block_1_28' title="bbox 1884 1306 3448 1374">
    <p class='ocr_par' dir='ltr' id='par_1_28' title="bbox 1884 1306 3448 1374">
     <span class='ocr_line' id='line_1_28' title="bbox 1884 1306 3448 1374; baseline 0.001 -16"><span class='ocrx_word' id='word_1_207' title='bbox 1884 1306 2020 1359; x_wconf 79' lang='lat' dir='ltr'><strong>stive</strong></span> <span class='ocrx_word' id='word_1_208' title='bbox 2042 1307 2311 1373; x_wconf 66' lang='lat' dir='ltr'><strong>u~urpavit</strong></span> <span class='ocrx_word' id='word_1_209' title='bbox 2332 1322 2347 1358; x_wconf 87' lang='lat'><strong>:</strong></span> <span class='ocrx_word' id='word_1_210' title='bbox 2370 1306 2602 1374; x_wconf 86' lang='lat' dir='ltr'><strong>Tempus</strong></span> <span class='ocrx_word' id='word_1_211' title='bbox 2630 1307 2858 1370; x_wconf 86' lang='lat' dir='ltr'><strong>amandi,</strong></span> <span class='ocrx_word' id='word_1_212' title='bbox 2889 1316 2941 1359; x_wconf 92' lang='lat' dir='ltr'><strong>et</strong></span> <span class='ocrx_word' id='word_1_213' title='bbox 2971 1316 3173 1374; x_wconf 86' lang='lat' dir='ltr'><strong>tempus</strong></span> <span class='ocrx_word' id='word_1_214' title='bbox 3201 1309 3408 1361; x_wconf 88' lang='lat' dir='ltr'><strong>odiendi</strong></span> <span class='ocrx_word' id='word_1_215' title='bbox 3431 1325 3448 1371; x_wconf 86' lang='lat'><strong>;</strong></span> 
     </span>
    </p>
   </div>
   <div class='ocr_carea' id='block_1_29' title="bbox 1890 1396 3447 1469">
    <p class='ocr_par' dir='ltr' id='par_1_29' title="bbox 1890 1396 3447 1469">
     <span class='ocr_line' id='line_1_29' title="bbox 1890 1396 3447 1469; baseline 0.001 -19"><span class='ocrx_word' id='word_1_216' title='bbox 1890 1406 2095 1463; x_wconf 87' lang='lat' dir='ltr'><strong>tempus</strong></span> <span class='ocrx_word' id='word_1_217' title='bbox 2126 1398 2271 1462; x_wconf 87' lang='lat' dir='ltr'><strong>belli,</strong></span> <span class='ocrx_word' id='word_1_218' title='bbox 2296 1406 2350 1451; x_wconf 89' lang='lat' dir='ltr'><strong>et</strong></span> <span class='ocrx_word' id='word_1_219' title='bbox 2372 1407 2575 1465; x_wconf 88' lang='lat' dir='ltr'><strong>tempus</strong></span> <span class='ocrx_word' id='word_1_220' title='bbox 2600 1400 2738 1465; x_wconf 85' lang='lat' dir='ltr'><strong>pacis</strong></span> <span class='ocrx_word' id='word_1_221' title='bbox 2764 1396 2954 1469; x_wconf 84' lang='lat' dir='ltr'><strong>(Eccle.</strong></span> <span class='ocrx_word' id='word_1_222' title='bbox 2983 1398 3085 1466; x_wconf 84' lang='lat' dir='ltr'><strong>in).</strong></span> <span class='ocrx_word' id='word_1_223' title='bbox 3119 1400 3194 1452; x_wconf 80' lang='lat' dir='ltr'><strong>Ac</strong></span> <span class='ocrx_word' id='word_1_224' title='bbox 3224 1401 3447 1467; x_wconf 82' lang='lat' dir='ltr'><strong>primum</strong></span> 
     </span>
    </p>
   </div>
   <div class='ocr_carea' id='block_1_30' title="bbox 1887 1487 3448 1555">
    <p class='ocr_par' dir='ltr' id='par_1_30' title="bbox 1887 1487 3448 1555">
     <span class='ocr_line' id='line_1_30' title="bbox 1887 1487 3448 1555; baseline 0.001 -17"><span class='ocrx_word' id='word_1_225' title='bbox 1887 1487 2099 1553; x_wconf 83' lang='lat' dir='ltr'><strong>quidem</strong></span> <span class='ocrx_word' id='word_1_226' title='bbox 2134 1497 2304 1539; x_wconf 89' lang='lat' dir='ltr'><strong>mente</strong></span> <span class='ocrx_word' id='word_1_227' title='bbox 2335 1489 2398 1540; x_wconf 91' lang='lat' dir='ltr'><strong>ad</strong></span> <span class='ocrx_word' id='word_1_228' title='bbox 2430 1487 2570 1540; x_wconf 83' lang='lat' dir='ltr'><strong>hunc</strong></span> <span class='ocrx_word' id='word_1_229' title='bbox 2615 1488 2831 1540; x_wconf 87' lang='lat' dir='ltr'><strong>modum</strong></span> <span class='ocrx_word' id='word_1_230' title='bbox 2874 1498 3115 1555; x_wconf 86' lang='lat' dir='ltr'><strong>precatus</strong></span> <span class='ocrx_word' id='word_1_231' title='bbox 3144 1498 3222 1541; x_wconf 88' lang='lat' dir='ltr'><strong>cst</strong></span> <span class='ocrx_word' id='word_1_232' title='bbox 3253 1505 3263 1539; x_wconf 89' lang='lat'><strong>:</strong></span> <span class='ocrx_word' id='word_1_233' title='bbox 3295 1488 3448 1540; x_wconf 72' lang='lat' dir='ltr'><strong>Mase-</strong></span> 
     </span>
    </p>
   </div>
   <div class='ocr_carea' id='block_1_31' title="bbox 1888 1574 3449 1643">
    <p class='ocr_par' dir='ltr' id='par_1_31' title="bbox 1888 1574 3449 1643">
     <span class='ocr_line' id='line_1_31' title="bbox 1888 1574 3449 1643; baseline 0 -16"><span class='ocrx_word' id='word_1_234' title='bbox 1888 1588 2006 1629; x_wconf 88' lang='lat' dir='ltr'><strong>rere</strong></span> <span class='ocrx_word' id='word_1_235' title='bbox 2034 1574 2156 1638; x_wconf 87' lang='lat' dir='ltr'><strong>mei,</strong></span> <span class='ocrx_word' id='word_1_236' title='bbox 2188 1575 2346 1638; x_wconf 90' lang='lat' dir='ltr'><strong>Deus,</strong></span> <span class='ocrx_word' id='word_1_237' title='bbox 2379 1575 2630 1628; x_wconf 80' lang='lat' dir='ltr'><strong>miserere</strong></span> <span class='ocrx_word' id='word_1_238' title='bbox 2658 1577 2781 1640; x_wconf 74' lang='lat' dir='ltr'><strong>m‘ei,</strong></span> <span class='ocrx_word' id='word_1_239' title='bbox 2805 1576 3049 1643; x_wconf 87' lang='lat' dir='ltr'><strong>quoniam</strong></span> <span class='ocrx_word' id='word_1_240' title='bbox 3084 1577 3134 1627; x_wconf 82' lang='lat' dir='ltr'><strong>in</strong></span> <span class='ocrx_word' id='word_1_241' title='bbox 3165 1582 3216 1627; x_wconf 89' lang='lat' dir='ltr'><strong>te</strong></span> <span class='ocrx_word' id='word_1_242' title='bbox 3234 1575 3449 1627; x_wconf 83' lang='lat' dir='ltr'><strong>conlidit</strong></span> 
     </span>
    </p>
   </div>
   <div class='ocr_carea' id='block_1_32' title="bbox 1888 1663 3451 1730">
    <p class='ocr_par' dir='ltr' id='par_1_32' title="bbox 1888 1663 3451 1730">
     <span class='ocr_line' id='line_1_32' title="bbox 1888 1663 3451 1730; baseline -0.005 -15"><span class='ocrx_word' id='word_1_243' title='bbox 1888 1663 2062 1715; x_wconf 85' lang='lat' dir='ltr'><strong>anima</strong></span> <span class='ocrx_word' id='word_1_244' title='bbox 2095 1678 2238 1726; x_wconf 88' lang='lat' dir='ltr'><strong>mea;</strong></span> <span class='ocrx_word' id='word_1_245' title='bbox 2270 1670 2324 1715; x_wconf 89' lang='lat' dir='ltr'><strong>et</strong></span> <span class='ocrx_word' id='word_1_246' title='bbox 2363 1663 2412 1713; x_wconf 91' lang='lat' dir='ltr'><strong>in</strong></span> <span class='ocrx_word' id='word_1_247' title='bbox 2463 1664 2645 1715; x_wconf 89' lang='lat' dir='ltr'><strong>umbra</strong></span> <span class='ocrx_word' id='word_1_248' title='bbox 2696 1663 2894 1715; x_wconf 88' lang='lat' dir='ltr'><strong>alarum</strong></span> <span class='ocrx_word' id='word_1_249' title='bbox 2947 1672 3150 1715; x_wconf 86' lang='lat' dir='ltr'><strong>tuarum</strong></span> <span class='ocrx_word' id='word_1_250' title='bbox 3202 1665 3451 1730; x_wconf 72' lang='lat' dir='ltr'><strong>sperabo,</strong></span> 
     </span>
    </p>
   </div>
   <div class='ocr_carea' id='block_1_33' title="bbox 1890 1741 3450 1817">
    <p class='ocr_par' dir='ltr' id='par_1_33' title="bbox 1890 1741 3450 1817">
     <span class='ocr_line' id='line_1_33' title="bbox 1890 1741 3450 1817; baseline -0.002 -13"><span class='ocrx_word' id='word_1_251' title='bbox 1890 1751 2057 1807; x_wconf 90' lang='lat' dir='ltr'><strong>donec</strong></span> <span class='ocrx_word' id='word_1_252' title='bbox 2098 1741 2625 1817; x_wconf 37' lang='lat' dir='ltr'><strong>transeatvin‘tquitas.</strong></span> <span class='ocrx_word' id='word_1_253' title='bbox 2672 1748 2921 1804; x_wconf 82' lang='lat' dir='ltr'><strong>Clamabo</strong></span> <span class='ocrx_word' id='word_1_254' title='bbox 2951 1752 3014 1802; x_wconf 87' lang='lat' dir='ltr'><strong>ad</strong></span> <span class='ocrx_word' id='word_1_255' title='bbox 3050 1751 3211 1803; x_wconf 89' lang='lat' dir='ltr'><strong>Deum</strong></span> <span class='ocrx_word' id='word_1_256' title='bbox 3256 1753 3450 1803; x_wconf 77' lang='lat' dir='ltr'><strong>alti~si-</strong></span> 
     </span>
    </p>
   </div>
   <div class='ocr_carea' id='block_1_34' title="bbox 190 1831 1788 1915">
    <p class='ocr_par' dir='ltr' id='par_1_34' title="bbox 190 1843 1781 1915">
     <span class='ocr_line' id='line_1_34' title="bbox 190 1843 1781 1915; baseline 0.001 -17"><span class='ocrx_word' id='word_1_257' title='bbox 190 1843 424 1914; x_wconf 79' lang='grc' dir='ltr'>ἀνομία.</span> <span class='ocrx_word' id='word_1_258' title='bbox 454 1844 809 1915; x_wconf 80' lang='grc' dir='ltr'>Κεκράξομαι</span> <span class='ocrx_word' id='word_1_259' title='bbox 846 1844 981 1913; x_wconf 79' lang='grc' dir='ltr'>πρὸς</span> <span class='ocrx_word' id='word_1_260' title='bbox 1016 1844 1104 1896; x_wconf 87' lang='grc' dir='ltr'><strong>τὸν</strong></span> <span class='ocrx_word' id='word_1_261' title='bbox 1135 1843 1264 1895; x_wconf 87' lang='grc' dir='ltr'>Θεὸν</span> <span class='ocrx_word' id='word_1_262' title='bbox 1289 1844 1379 1897; x_wconf 85' lang='grc' dir='ltr'><strong>τὸν</strong></span> <span class='ocrx_word' id='word_1_263' title='bbox 1412 1843 1655 1913; x_wconf 72' lang='grc' dir='ltr'>ὕψιστον,</span> <span class='ocrx_word' id='word_1_264' title='bbox 1691 1846 1781 1899; x_wconf 81' lang='grc' dir='ltr'><strong>τὸν</strong></span> 
     </span>
    </p>
   </div>
   <div class='ocr_carea' id='block_1_35' title="bbox 1901 1831 3451 1915">
    <p class='ocr_par' dir='ltr' id='par_1_35' title="bbox 1901 1839 3451 1910">
     <span class='ocr_line' id='line_1_35' title="bbox 1901 1839 3451 1910; baseline 0.001 -17"><span class='ocrx_word' id='word_1_265' title='bbox 1901 1857 2057 1907; x_wconf 83' lang='lat' dir='ltr'><strong>mum,</strong></span> <span class='ocrx_word' id='word_1_266' title='bbox 2086 1840 2247 1894; x_wconf 89' lang='lat' dir='ltr'><strong>Deum</strong></span> <span class='ocrx_word' id='word_1_267' title='bbox 2278 1841 2364 1907; x_wconf 87' lang='lat' dir='ltr'><strong>qui</strong></span> <span class='ocrx_word' id='word_1_268' title='bbox 2395 1840 2527 1894; x_wconf 88' lang='lat' dir='ltr'><strong>bene</strong></span> <span class='ocrx_word' id='word_1_269' title='bbox 2552 1840 2673 1894; x_wconf 79' lang='lat' dir='ltr'><strong>fecit</strong></span> <span class='ocrx_word' id='word_1_270' title='bbox 2702 1840 2830 1892; x_wconf 86' lang='lat' dir='ltr'><strong>mihi</strong></span> <span class='ocrx_word' id='word_1_271' title='bbox 2861 1839 3033 1907; x_wconf 68' lang='lat' dir='ltr'><strong>(Paul.</strong></span> <span class='ocrx_word' id='word_1_272' title='bbox 3065 1842 3207 1910; x_wconf 75' lang='lat' dir='ltr'><strong>LVI);</strong></span> <span class='ocrx_word' id='word_1_273' title='bbox 3239 1858 3301 1894; x_wconf 87' lang='lat' dir='ltr'><strong>ac</strong></span> <span class='ocrx_word' id='word_1_274' title='bbox 3332 1845 3451 1895; x_wconf 80' lang='lat' dir='ltr'><strong>reli-</strong></span> 
     </span>
    </p>
   </div>
   <div class='ocr_carea' id='block_1_36' title="bbox 196 1935 1781 2008">
    <p class='ocr_par' dir='ltr' id='par_1_36' title="bbox 196 1935 1781 2008">
     <span class='ocr_line' id='line_1_36' title="bbox 196 1935 1781 2008; baseline 0.001 -19"><span class='ocrx_word' id='word_1_275' title='bbox 196 1936 335 1989; x_wconf 85' lang='grc' dir='ltr'>Θεὸν</span> <span class='ocrx_word' id='word_1_276' title='bbox 362 1936 453 1990; x_wconf 83' lang='grc' dir='ltr'><strong>τὸν</strong></span> <span class='ocrx_word' id='word_1_277' title='bbox 478 1938 915 2007; x_wconf 75' lang='grc' dir='ltr'>εὐεργετήσαντα</span> <span class='ocrx_word' id='word_1_278' title='bbox 938 1953 1028 2007; x_wconf 88' lang='grc' dir='ltr'><strong>με,</strong></span> <span class='ocrx_word' id='word_1_279' title='bbox 1060 1936 1155 1989; x_wconf 79' lang='grc' dir='ltr'>καὶ</span> <span class='ocrx_word' id='word_1_280' title='bbox 1182 1937 1249 1990; x_wconf 80' lang='grc' dir='ltr'><strong>τὰ</strong></span> <span class='ocrx_word' id='word_1_281' title='bbox 1279 1935 1403 2006; x_wconf 75' lang='grc' dir='ltr'>ἑξῆς</span> <span class='ocrx_word' id='word_1_282' title='bbox 1425 1936 1521 1989; x_wconf 86' lang='grc' dir='ltr'><strong>τοῦ</strong></span> <span class='ocrx_word' id='word_1_283' title='bbox 1543 1938 1781 2008; x_wconf 67' lang='grc' dir='ltr'>ψαλμοῦ.</span> 
     </span>
    </p>
   </div>
   <div class='ocr_carea' id='block_1_37' title="bbox 275 2025 1786 2102">
    <p class='ocr_par' dir='ltr' id='par_1_37' title="bbox 275 2025 1786 2102">
     <span class='ocr_line' id='line_1_37' title="bbox 275 2025 1786 2102; baseline 0.001 -21"><span class='ocrx_word' id='word_1_284' title='bbox 275 2025 413 2082; x_wconf 82' lang='grc' dir='ltr'>Εἶτά</span> <span class='ocrx_word' id='word_1_285' title='bbox 456 2047 588 2098; x_wconf 81' lang='grc' dir='ltr'>φησι</span> <span class='ocrx_word' id='word_1_286' title='bbox 623 2030 760 2100; x_wconf 83' lang='grc' dir='ltr'>πρὸς</span> <span class='ocrx_word' id='word_1_287' title='bbox 788 2029 880 2081; x_wconf 84' lang='grc' dir='ltr'><strong>τὸν</strong></span> <span class='ocrx_word' id='word_1_288' title='bbox 923 2029 1180 2098; x_wconf 79' lang='grc' dir='ltr'>βασιλέα’</span> <span class='ocrx_word' id='word_1_289' title='bbox 1219 2030 1292 2082; x_wconf 89' lang='grc' dir='ltr'>Τὸ</span> <span class='ocrx_word' id='word_1_290' title='bbox 1328 2031 1426 2099; x_wconf 82' lang='grc' dir='ltr'>μὲν</span> <span class='ocrx_word' id='word_1_291' title='bbox 1457 2030 1786 2102; x_wconf 83' lang='grc' dir='ltr'>θεραπεύειν</span> 
     </span>
    </p>
   </div>
   <div class='ocr_carea' id='block_1_38' title="bbox 203 2120 1787 2192">
    <p class='ocr_par' dir='ltr' id='par_1_38' title="bbox 203 2120 1787 2192">
     <span class='ocr_line' id='line_1_38' title="bbox 203 2120 1787 2192; baseline 0.001 -19"><span class='ocrx_word' id='word_1_292' title='bbox 203 2120 419 2191; x_wconf 78' lang='grc' dir='ltr'>πατέρα</span> <span class='ocrx_word' id='word_1_293' title='bbox 448 2121 683 2183; x_wconf 72' lang='grc' dir='ltr'>καὶτοῖς</span> <span class='ocrx_word' id='word_1_294' title='bbox 713 2120 879 2173; x_wconf 80' lang='grc' dir='ltr'>αὑτοῦ</span> <span class='ocrx_word' id='word_1_295' title='bbox 922 2121 1169 2174; x_wconf 84' lang='grc' dir='ltr'>ὑπείκειν</span> <span class='ocrx_word' id='word_1_296' title='bbox 1212 2122 1650 2192; x_wconf 78' lang='grc' dir='ltr'>προστάγμασιν,</span> <span class='ocrx_word' id='word_1_297' title='bbox 1696 2123 1787 2175; x_wconf 85' lang='grc' dir='ltr'>εὐ-</span> 
     </span>
    </p>
   </div>
   <div class='ocr_carea' id='block_1_39' title="bbox 200 2211 1789 2283">
    <p class='ocr_par' dir='ltr' id='par_1_39' title="bbox 200 2211 1789 2283">
     <span class='ocr_line' id='line_1_39' title="bbox 200 2211 1789 2283; baseline 0.002 -19"><span class='ocrx_word' id='word_1_298' title='bbox 200 2213 324 2283; x_wconf 77' lang='grc' dir='ltr'>νοίᾳ</span> <span class='ocrx_word' id='word_1_299' title='bbox 340 2228 401 2264; x_wconf 88' lang='grc' dir='ltr'><strong>τε</strong></span> <span class='ocrx_word' id='word_1_300' title='bbox 424 2212 521 2265; x_wconf 73' lang='grc' dir='ltr'><strong>καὶ</strong></span> <span class='ocrx_word' id='word_1_301' title='bbox 543 2211 687 2282; x_wconf 66' lang='grc' dir='ltr'>φιλίᾳ</span> <span class='ocrx_word' id='word_1_302' title='bbox 706 2212 919 2283; x_wconf 85' lang='grc' dir='ltr'>καθυπη</span> <span class='ocrx_word' id='word_1_303' title='bbox 932 2216 1124 2282; x_wconf 86' lang='grc' dir='ltr'>ρετείν,</span> <span class='ocrx_word' id='word_1_304' title='bbox 1138 2213 1165 2264; x_wconf 86' lang='grc' dir='ltr'>ὀ</span> <span class='ocrx_word' id='word_1_305' title='bbox 1187 2214 1360 2276; x_wconf 89' lang='grc' dir='ltr'>κοινὸς</span> <span class='ocrx_word' id='word_1_306' title='bbox 1379 2216 1410 2283; x_wconf 75' lang='grc' dir='ltr'>ἡ</span> <span class='ocrx_word' id='word_1_307' title='bbox 1421 2216 1528 2283; x_wconf 75' lang='grc' dir='ltr'>μᾶς</span> <span class='ocrx_word' id='word_1_308' title='bbox 1550 2213 1789 2268; x_wconf 76' lang='grc' dir='ltr'>διδάσκει</span> 
     </span>
    </p>
   </div>
   <div class='ocr_carea' id='block_1_40' title="bbox 204 2302 1789 2375">
    <p class='ocr_par' dir='ltr' id='par_1_40' title="bbox 204 2302 1789 2375">
     <span class='ocr_line' id='line_1_40' title="bbox 204 2302 1789 2375; baseline 0.003 -22"><span class='ocrx_word' id='word_1_309' title='bbox 204 2302 504 2372; x_wconf 80' lang='grc' dir='ltr'>Δεσπότης,</span> <span class='ocrx_word' id='word_1_310' title='bbox 530 2302 762 2371; x_wconf 77' lang='grc' dir='ltr'>φυσικὴν</span> <span class='ocrx_word' id='word_1_311' title='bbox 794 2303 925 2372; x_wconf 77' lang='grc' dir='ltr'>ἡμῖν</span> <span class='ocrx_word' id='word_1_312' title='bbox 953 2302 1049 2373; x_wconf 83' lang='grc' dir='ltr'>τὴν</span> <span class='ocrx_word' id='word_1_313' title='bbox 1076 2303 1329 2373; x_wconf 80' lang='grc' dir='ltr'>τοιαύτην</span> <span class='ocrx_word' id='word_1_314' title='bbox 1346 2306 1789 2375; x_wconf 77' lang='grc' dir='ltr'>ἐγκατασπείρας</span> 
     </span>
    </p>
   </div>
   <div class='ocr_carea' id='block_1_41' title="bbox 207 2393 1789 2468">
    <p class='ocr_par' dir='ltr' id='par_1_41' title="bbox 207 2393 1789 2468">
     <span class='ocr_line' id='line_1_41' title="bbox 207 2393 1789 2468; baseline 0.006 -25"><span class='ocrx_word' id='word_1_315' title='bbox 207 2394 640 2465; x_wconf 78' lang='grc' dir='ltr'>στοργήν’.”οταν</span> <span class='ocrx_word' id='word_1_316' title='bbox 661 2393 716 2445; x_wconf 78' lang='grc' dir='ltr'><strong>δὲ</strong></span> <span class='ocrx_word' id='word_1_317' title='bbox 746 2395 779 2462; x_wconf 80' lang='grc' dir='ltr'>ἠ</span> <span class='ocrx_word' id='word_1_318' title='bbox 809 2394 918 2445; x_wconf 85' lang='grc' dir='ltr'><strong>τῶν</strong></span> <span class='ocrx_word' id='word_1_319' title='bbox 942 2395 1142 2461; x_wconf 78' lang='grc' dir='ltr'>γονέων</span> <span class='ocrx_word' id='word_1_320' title='bbox 1175 2397 1356 2465; x_wconf 82' lang='grc' dir='ltr'>σχέσις</span> <span class='ocrx_word' id='word_1_321' title='bbox 1383 2398 1476 2450; x_wconf 71' lang='grc' dir='ltr'><strong>καὶ</strong></span> <span class='ocrx_word' id='word_1_322' title='bbox 1494 2396 1643 2465; x_wconf 75' lang='grc' dir='ltr'>φιλία</span> <span class='ocrx_word' id='word_1_323' title='bbox 1676 2397 1789 2468; x_wconf 66' lang='grc'><strong>(94)</strong></span> 
     </span>
    </p>
   </div>
   <div class='ocr_carea' id='block_1_42' title="bbox 209 2481 1789 2558">
    <p class='ocr_par' dir='ltr' id='par_1_42' title="bbox 209 2481 1789 2558">
     <span class='ocr_line' id='line_1_42' title="bbox 209 2481 1789 2558; baseline 0.005 -25"><span class='ocrx_word' id='word_1_324' title='bbox 209 2483 348 2552; x_wconf 85' lang='grc' dir='ltr'>πρὸς</span> <span class='ocrx_word' id='word_1_325' title='bbox 376 2481 535 2534; x_wconf 83' lang='grc' dir='ltr'>αὑτὸν</span> <span class='ocrx_word' id='word_1_326' title='bbox 559 2482 697 2554; x_wconf 71' lang='grc' dir='ltr'>φέρῃ</span> <span class='ocrx_word' id='word_1_327' title='bbox 725 2483 816 2535; x_wconf 85' lang='grc' dir='ltr'><strong>τὸν</strong></span> <span class='ocrx_word' id='word_1_328' title='bbox 838 2483 1081 2537; x_wconf 80' lang='grc' dir='ltr'>κίνδυνον</span> <span class='ocrx_word' id='word_1_329' title='bbox 1110 2484 1208 2554; x_wconf 83' lang='grc' dir='ltr'><strong>τὴν</strong></span> <span class='ocrx_word' id='word_1_330' title='bbox 1233 2485 1407 2556; x_wconf 71' lang='grc' dir='ltr'>ψυχὴν</span> <span class='ocrx_word' id='word_1_331' title='bbox 1439 2488 1535 2539; x_wconf 79' lang='grc' dir='ltr'>καὶ</span> <span class='ocrx_word' id='word_1_332' title='bbox 1560 2487 1654 2540; x_wconf 87' lang='grc' dir='ltr'><strong>τοῦ</strong></span> <span class='ocrx_word' id='word_1_333' title='bbox 1683 2489 1789 2558; x_wconf 88' lang='grc' dir='ltr'><strong>Δη-</strong></span> 
     </span>
    </p>
   </div>
   <div class='ocr_carea' id='block_1_43' title="bbox 202 2572 1793 2650">
    <p class='ocr_par' dir='ltr' id='par_1_43' title="bbox 202 2572 1793 2650">
     <span class='ocr_line' id='line_1_43' title="bbox 202 2572 1793 2650; baseline 0.006 -25"><span class='ocrx_word' id='word_1_334' title='bbox 202 2572 469 2644; x_wconf 79' lang='grc' dir='ltr'>μιουργοῦ</span> <span class='ocrx_word' id='word_1_335' title='bbox 493 2574 679 2645; x_wconf 73' lang='grc' dir='ltr'>πόρρω</span> <span class='ocrx_word' id='word_1_336' title='bbox 713 2576 837 2646; x_wconf 83' lang='grc' dir='ltr'>ποιῇ</span> <span class='ocrx_word' id='word_1_337' title='bbox 870 2575 1002 2646; x_wconf 73' lang='grc'><strong>(95),</strong></span> <span class='ocrx_word' id='word_1_338' title='bbox 1035 2576 1320 2630; x_wconf 80' lang='grc' dir='ltr'>ἐκκόπτειν</span> <span class='ocrx_word' id='word_1_339' title='bbox 1351 2579 1553 2650; x_wconf 84' lang='grc' dir='ltr'>ταύτην</span> <span class='ocrx_word' id='word_1_340' title='bbox 1586 2582 1793 2635; x_wconf 76' lang='grc' dir='ltr'>παντάο</span> 
     </span>
    </p>
   </div>
   <div class='ocr_carea' id='block_1_44' title="bbox 209 2664 1791 2741">
    <p class='ocr_par' dir='ltr' id='par_1_44' title="bbox 209 2664 1791 2741">
     <span class='ocr_line' id='line_1_44' title="bbox 209 2664 1791 2741; baseline 0.007 -27"><span class='ocrx_word' id='word_1_341' title='bbox 209 2679 344 2715; x_wconf 85' lang='grc' dir='ltr'>πασι</span> <span class='ocrx_word' id='word_1_342' title='bbox 362 2664 833 2735; x_wconf 83' lang='grc' dir='ltr'>προστετάγμεθα,</span> <span class='ocrx_word' id='word_1_343' title='bbox 852 2666 943 2719; x_wconf 73' lang='grc' dir='ltr'>καὶ</span> <span class='ocrx_word' id='word_1_344' title='bbox 962 2666 1205 2736; x_wconf 77' lang='grc' dir='ltr'>μηδόλως</span> <span class='ocrx_word' id='word_1_345' title='bbox 1222 2668 1389 2721; x_wconf 75' lang='grc' dir='ltr'>εἴκειν</span> <span class='ocrx_word' id='word_1_346' title='bbox 1406 2670 1514 2732; x_wconf 79' lang='grc' dir='ltr'>τοῖς</span> <span class='ocrx_word' id='word_1_347' title='bbox 1531 2669 1791 2741; x_wconf 76' lang='grc' dir='ltr'>χωρίζου-</span> 
     </span>
    </p>
   </div>
   <div class='ocr_carea' id='block_1_45' title="bbox 212 2753 1795 2830">
    <p class='ocr_par' dir='ltr' id='par_1_45' title="bbox 212 2753 1795 2830">
     <span class='ocr_line' id='line_1_45' title="bbox 212 2753 1795 2830; baseline 0.004 -26"><span class='ocrx_word' id='word_1_348' title='bbox 212 2770 297 2805; x_wconf 89' lang='grc' dir='ltr'><strong>σιν</strong></span> <span class='ocrx_word' id='word_1_349' title='bbox 325 2754 472 2823; x_wconf 82' lang='grc' dir='ltr'>ἡμᾶς</span> <span class='ocrx_word' id='word_1_350' title='bbox 489 2753 581 2805; x_wconf 83' lang='grc' dir='ltr'><strong>τοῦ</strong></span> <span class='ocrx_word' id='word_1_351' title='bbox 601 2753 733 2806; x_wconf 89' lang='grc' dir='ltr'>Θεοῦ</span> <span class='ocrx_word' id='word_1_352' title='bbox 752 2794 767 2817; x_wconf 93' lang='grc'><strong>,</strong></span> <span class='ocrx_word' id='word_1_353' title='bbox 800 2754 931 2806; x_wconf 80' lang='grc' dir='ltr'>ἀλλὰ</span> <span class='ocrx_word' id='word_1_354' title='bbox 960 2757 1134 2825; x_wconf 84' lang='grc' dir='ltr'>μισεῖν</span> <span class='ocrx_word' id='word_1_355' title='bbox 1160 2754 1380 2818; x_wconf 80' lang='grc' dir='ltr'>τούτους</span> <span class='ocrx_word' id='word_1_356' title='bbox 1400 2757 1494 2809; x_wconf 74' lang='grc' dir='ltr'>καὶ</span> <span class='ocrx_word' id='word_1_357' title='bbox 1531 2758 1795 2830; x_wconf 82' lang='grc' dir='ltr'>ἀποστρέ-</span> 
     </span>
    </p>
   </div>
   <div class='ocr_carea' id='block_1_46' title="bbox 202 2843 1791 2917">
    <p class='ocr_par' dir='ltr' id='par_1_46' title="bbox 202 2843 1791 2917">
     <span class='ocr_line' id='line_1_46' title="bbox 202 2843 1791 2917; baseline 0.002 -22"><span class='ocrx_word' id='word_1_358' title='bbox 202 2844 410 2914; x_wconf 73' lang='grc' dir='ltr'>φεσθαι</span> <span class='ocrx_word' id='word_1_359' title='bbox 432 2886 445 2908; x_wconf 93' lang='grc'><strong>,</strong></span> <span class='ocrx_word' id='word_1_360' title='bbox 482 2843 583 2897; x_wconf 79' lang='grc' dir='ltr'><strong>κᾶν</strong></span> <span class='ocrx_word' id='word_1_361' title='bbox 611 2844 793 2915; x_wconf 78' lang='grc' dir='ltr'>πατὴρ</span> <span class='ocrx_word' id='word_1_362' title='bbox 826 2846 854 2896; x_wconf 87' lang='grc' dir='ltr'><em>ὀ</em></span> <span class='ocrx_word' id='word_1_363' title='bbox 892 2844 960 2897; x_wconf 76' lang='grc' dir='ltr'>τὰ</span> <span class='ocrx_word' id='word_1_364' title='bbox 989 2846 1299 2897; x_wconf 81' lang='grc' dir='ltr'>ἁπευκταῖα</span> <span class='ocrx_word' id='word_1_365' title='bbox 1350 2846 1653 2898; x_wconf 77' lang='grc' dir='ltr'>ἐπιτάττων</span> <span class='ocrx_word' id='word_1_366' title='bbox 1683 2848 1791 2917; x_wconf 71' lang='grc' dir='ltr'>εἴη,</span> 
     </span>
    </p>
   </div>
   <div class='ocr_carea' id='block_1_47' title="bbox 206 2932 1794 3006">
    <p class='ocr_par' dir='ltr' id='par_1_47' title="bbox 206 2932 1794 3006">
     <span class='ocr_line' id='line_1_47' title="bbox 206 2932 1794 3006; baseline 0.001 -18"><span class='ocrx_word' id='word_1_367' title='bbox 206 2934 318 2988; x_wconf 69' lang='grc' dir='ltr'>κᾶν</span> <span class='ocrx_word' id='word_1_368' title='bbox 352 2934 556 3005; x_wconf 84' lang='grc' dir='ltr'>μήτηρ,</span> <span class='ocrx_word' id='word_1_369' title='bbox 604 2935 709 2987; x_wconf 73' lang='grc' dir='ltr'><strong>κᾶν</strong></span> <span class='ocrx_word' id='word_1_370' title='bbox 742 2933 995 3003; x_wconf 80' lang='grc' dir='ltr'>βασιλεὺς</span> <span class='ocrx_word' id='word_1_371' title='bbox 1016 2974 1029 2997; x_wconf 97' lang='grc'><strong>,</strong></span> <span class='ocrx_word' id='word_1_372' title='bbox 1061 2935 1222 3004; x_wconf 81' lang='lat'><strong>227</strong></span> <span class='ocrx_word' id='word_1_373' title='bbox 1256 2934 1357 2987; x_wconf 78' lang='grc' dir='ltr'>κᾶν</span> <span class='ocrx_word' id='word_1_374' title='bbox 1387 2936 1486 3006; x_wconf 80' lang='grc' dir='ltr'>τῆς</span> <span class='ocrx_word' id='word_1_375' title='bbox 1517 2932 1665 3004; x_wconf 77' lang='grc' dir='ltr'><strong>ξωῆς</strong></span> <span class='ocrx_word' id='word_1_376' title='bbox 1696 2938 1794 2989; x_wconf 78' lang='grc' dir='ltr'>αὑ-</span> 
     </span>
    </p>
   </div>
   <div class='ocr_carea' id='block_1_48' title="bbox 202 3025 1797 3101">
    <p class='ocr_par' dir='ltr' id='par_1_48' title="bbox 202 3025 1797 3101">
     <span class='ocr_line' id='line_1_48' title="bbox 202 3025 1797 3101; baseline 0.002 -23"><span class='ocrx_word' id='word_1_377' title='bbox 202 3027 311 3097; x_wconf 77' lang='grc' dir='ltr'>’τῆς</span> <span class='ocrx_word' id='word_1_378' title='bbox 346 3025 554 3097; x_wconf 81' lang='grc' dir='ltr'>κύριος.</span> <span class='ocrx_word' id='word_1_379' title='bbox 604 3028 723 3101; x_wconf 5' lang='grc' dir='ltr'>Διὰ,</span> <span class='ocrx_word' id='word_1_380' title='bbox 748 3026 922 3080; x_wconf 79' lang='grc' dir='ltr'>ταῦτα</span> <span class='ocrx_word' id='word_1_381' title='bbox 971 3028 1070 3097; x_wconf 76' lang='grc' dir='ltr'>τῆς</span> <span class='ocrx_word' id='word_1_382' title='bbox 1104 3029 1377 3098; x_wconf 76' lang='grc' dir='ltr'>πατρικῆς</span> <span class='ocrx_word' id='word_1_383' title='bbox 1423 3030 1522 3098; x_wconf 82' lang='grc' dir='ltr'><strong>μὲν</strong></span> <span class='ocrx_word' id='word_1_384' title='bbox 1558 3030 1797 3099; x_wconf 82' lang='grc' dir='ltr'>σχέσεως</span> 
     </span>
    </p>
   </div>
   <div class='ocr_carea' id='block_1_49' title="bbox 80 3116 1789 3193">
    <p class='ocr_par' dir='ltr' id='par_1_49' title="bbox 80 3116 1789 3193">
     <span class='ocr_line' id='line_1_49' title="bbox 80 3116 1789 3193; baseline 0.003 -23"><span class='ocrx_word' id='word_1_385' title='bbox 80 3188 95 3193; x_wconf 29' lang='grc' dir='ltr'>θ</span> <span class='ocrx_word' id='word_1_386' title='bbox 198 3117 372 3173; x_wconf 69' lang='grc' dir='ltr'>ἕνεκα</span> <span class='ocrx_word' id='word_1_387' title='bbox 402 3116 491 3170; x_wconf 83' lang='grc' dir='ltr'><strong>τὸν</strong></span> <span class='ocrx_word' id='word_1_388' title='bbox 521 3116 654 3170; x_wconf 86' lang='grc' dir='ltr'>Θεὸν</span> <span class='ocrx_word' id='word_1_389' title='bbox 692 3117 1040 3188; x_wconf 77' lang='grc' dir='ltr'>ζημιωθῆναι</span> <span class='ocrx_word' id='word_1_390' title='bbox 1070 3118 1176 3171; x_wconf 81' lang='grc' dir='ltr'><strong>τῶν</strong></span> <span class='ocrx_word' id='word_1_391' title='bbox 1208 3120 1484 3172; x_wconf 81' lang='grc' dir='ltr'>ἀδυνάτων</span> <span class='ocrx_word' id='word_1_392' title='bbox 1521 3120 1610 3190; x_wconf 88' lang='grc' dir='ltr'><strong>μοί</strong></span> <span class='ocrx_word' id='word_1_393' title='bbox 1656 3124 1789 3176; x_wconf 78' lang='grc' dir='ltr'>ἐστι.</span> 
     </span>
    </p>
   </div>
   <div class='ocr_carea' id='block_1_50' title="bbox 211 3207 1789 3285">
    <p class='ocr_par' dir='ltr' id='par_1_50' title="bbox 211 3207 1789 3285">
     <span class='ocr_line' id='line_1_50' title="bbox 211 3207 1789 3285; baseline 0.004 -26"><span class='ocrx_word' id='word_1_394' title='bbox 211 3208 303 3259; x_wconf 86' lang='grc' dir='ltr'>Διὸ</span> <span class='ocrx_word' id='word_1_395' title='bbox 334 3209 471 3278; x_wconf 80' lang='grc' dir='ltr'>μήτε</span> <span class='ocrx_word' id='word_1_396' title='bbox 503 3207 712 3277; x_wconf 85' lang='grc' dir='ltr'>σεαυτῷ</span> <span class='ocrx_word' id='word_1_397' title='bbox 744 3210 946 3268; x_wconf 77' lang='grc' dir='ltr'>κόπους</span> <span class='ocrx_word' id='word_1_398' title='bbox 978 3207 1205 3279; x_wconf 79' lang='grc' dir='ltr'>πάρεχε,</span> <span class='ocrx_word' id='word_1_399' title='bbox 1245 3212 1380 3280; x_wconf 77' lang='grc' dir='ltr'>μήτε</span> <span class='ocrx_word' id='word_1_400' title='bbox 1411 3212 1534 3279; x_wconf 77' lang='grc' dir='ltr'>ἐμοί</span> <span class='ocrx_word' id='word_1_401' title='bbox 1555 3229 1567 3241; x_wconf 82' lang='grc'><strong>’</strong></span> <span class='ocrx_word' id='word_1_402' title='bbox 1598 3212 1714 3265; x_wconf 83' lang='grc' dir='ltr'>ἀλλ’</span> <span class='ocrx_word' id='word_1_403' title='bbox 1758 3214 1789 3285; x_wconf 84' lang='grc' dir='ltr'>ἢ</span> 
     </span>
    </p>
   </div>
   <div class='ocr_carea' id='block_1_51' title="bbox 212 3298 1796 3375">
    <p class='ocr_par' dir='ltr' id='par_1_51' title="bbox 212 3298 1796 3375">
     <span class='ocr_line' id='line_1_51' title="bbox 212 3298 1796 3375; baseline 0.003 -23"><span class='ocrx_word' id='word_1_404' title='bbox 212 3300 467 3368; x_wconf 81' lang='grc' dir='ltr'>πείσθητι</span> <span class='ocrx_word' id='word_1_405' title='bbox 516 3299 609 3351; x_wconf 73' lang='grc' dir='ltr'>καὶ</span> <span class='ocrx_word' id='word_1_406' title='bbox 648 3299 727 3369; x_wconf 83' lang='grc' dir='ltr'>τῷ</span> <span class='ocrx_word' id='word_1_407' title='bbox 772 3298 933 3363; x_wconf 75' lang='grc' dir='ltr'>ζῶντι</span> <span class='ocrx_word' id='word_1_408' title='bbox 962 3299 1128 3369; x_wconf 72' lang='grc' dir='ltr'>ἄμφω</span> <span class='ocrx_word' id='word_1_409' title='bbox 1162 3302 1254 3354; x_wconf 67' lang='grc' dir='ltr'><strong>καὶ</strong></span> <span class='ocrx_word' id='word_1_410' title='bbox 1298 3301 1537 3371; x_wconf 81' lang='grc' dir='ltr'>ἀληθινῷ</span> <span class='ocrx_word' id='word_1_411' title='bbox 1567 3302 1796 3375; x_wconf 79' lang='grc' dir='ltr'>λατρεῦ-</span> 
     </span>
    </p>
   </div>
   <div class='ocr_carea' id='block_1_52' title="bbox 215 3390 1795 3466">
    <p class='ocr_par' dir='ltr' id='par_1_52' title="bbox 215 3390 1795 3466">
     <span class='ocr_line' id='line_1_52' title="bbox 215 3390 1795 3466; baseline 0.003 -21"><span class='ocrx_word' id='word_1_412' title='bbox 215 3410 398 3461; x_wconf 89' lang='grc' dir='ltr'>σωμεν</span> <span class='ocrx_word' id='word_1_413' title='bbox 447 3390 600 3461; x_wconf 82' lang='grc' dir='ltr'>Θεῷ·</span> <span class='ocrx_word' id='word_1_414' title='bbox 651 3390 686 3445; x_wconf 81' lang='grc' dir='ltr'><strong>ἆ</strong></span> <span class='ocrx_word' id='word_1_415' title='bbox 716 3392 823 3461; x_wconf 75' lang='grc' dir='ltr'><strong>γὰρ</strong></span> <span class='ocrx_word' id='word_1_416' title='bbox 865 3390 957 3444; x_wconf 87' lang='grc' dir='ltr'><strong>νῦν</strong></span> <span class='ocrx_word' id='word_1_417' title='bbox 994 3392 1128 3466; x_wconf 75' lang='grc' dir='ltr'>σέϐῃ</span> <span class='ocrx_word' id='word_1_418' title='bbox 1171 3393 1389 3461; x_wconf 84' lang='grc' dir='ltr'>εἴδωλα,</span> <span class='ocrx_word' id='word_1_419' title='bbox 1426 3395 1563 3447; x_wconf 75' lang='grc' dir='ltr'>εἰσὶν</span> <span class='ocrx_word' id='word_1_420' title='bbox 1593 3396 1795 3466; x_wconf 85' lang='grc' dir='ltr'>χειρῶν</span> 
     </span>
    </p>
   </div>
   <div class='ocr_carea' id='block_1_53' title="bbox 212 3482 1793 3557">
    <p class='ocr_par' dir='ltr' id='par_1_53' title="bbox 212 3482 1793 3557">
     <span class='ocr_line' id='line_1_53' title="bbox 212 3482 1793 3557; baseline 0.001 -18"><span class='ocrx_word' id='word_1_421' title='bbox 212 3483 575 3555; x_wconf 83' lang='grc' dir='ltr'>ἀνθρωπίνων</span> <span class='ocrx_word' id='word_1_422' title='bbox 615 3482 752 3553; x_wconf 74' lang='grc' dir='ltr'>ἔργα</span> <span class='ocrx_word' id='word_1_423' title='bbox 784 3482 1012 3552; x_wconf 82' lang='lat'><strong>(96-98),</strong></span> <span class='ocrx_word' id='word_1_424' title='bbox 1067 3484 1236 3555; x_wconf 81' lang='grc' dir='ltr'>πνοῆς</span> <span class='ocrx_word' id='word_1_425' title='bbox 1268 3484 1450 3556; x_wconf 80' lang='grc' dir='ltr'>ἔρημα</span> <span class='ocrx_word' id='word_1_426' title='bbox 1485 3488 1580 3541; x_wconf 78' lang='grc' dir='ltr'><strong>καὶ</strong></span> <span class='ocrx_word' id='word_1_427' title='bbox 1612 3490 1793 3557; x_wconf 68' lang='grc' dir='ltr'>κωφὰ,</span> 
     </span>
    </p>
   </div>
   <div class='ocr_carea' id='block_1_54' title="bbox 216 3561 1795 3649">
    <p class='ocr_par' dir='ltr' id='par_1_54' title="bbox 216 3561 1795 3649">
     <span class='ocr_line' id='line_1_54' title="bbox 216 3561 1795 3649; baseline 0.006 -25"><span class='ocrx_word' id='word_1_428' title='bbox 216 3574 385 3645; x_wconf 78' lang='grc' dir='ltr'>μηδὲν</span> <span class='ocrx_word' id='word_1_429' title='bbox 418 3561 552 3637; x_wconf 82' lang='grc' dir='ltr'>ὅλως</span> <span class='ocrx_word' id='word_1_430' title='bbox 582 3574 613 3644; x_wconf 85' lang='grc' dir='ltr'>ἢ</span> <span class='ocrx_word' id='word_1_431' title='bbox 648 3575 818 3645; x_wconf 82' lang='grc' dir='ltr'>μόνην</span> <span class='ocrx_word' id='word_1_432' title='bbox 848 3575 1124 3631; x_wconf 83' lang='grc' dir='ltr'>ἀπώλειαν</span> <span class='ocrx_word' id='word_1_433' title='bbox 1154 3577 1249 3629; x_wconf 78' lang='grc' dir='ltr'><strong>καὶ</strong></span> <span class='ocrx_word' id='word_1_434' title='bbox 1278 3574 1551 3649; x_wconf 78' lang='grc' dir='ltr'>τιμωρίαν</span> <span class='ocrx_word' id='word_1_435' title='bbox 1577 3578 1795 3635; x_wconf 78' lang='grc' dir='ltr'>αἰώνιον</span> 
     </span>
    </p>
   </div>
   <div class='ocr_carea' id='block_1_55' title="bbox 214 3666 1248 3738">
    <p class='ocr_par' dir='ltr' id='par_1_55' title="bbox 214 3666 1248 3738">
     <span class='ocr_line' id='line_1_55' title="bbox 214 3666 1248 3738; baseline 0.004 -19"><span class='ocrx_word' id='word_1_436' title='bbox 214 3668 328 3729; x_wconf 79' lang='grc' dir='ltr'>τοῖς</span> <span class='ocrx_word' id='word_1_437' title='bbox 357 3667 495 3720; x_wconf 77' lang='grc' dir='ltr'>αὐτά</span> <span class='ocrx_word' id='word_1_438' title='bbox 522 3666 835 3736; x_wconf 77' lang='grc' dir='ltr'>σεϐομένοις</span> <span class='ocrx_word' id='word_1_439' title='bbox 863 3667 1248 3738; x_wconf 78' lang='grc' dir='ltr'>προξενοῦντα.</span> 
     </span>
    </p>
   </div>
   <div class='ocr_carea' id='block_1_56' title="bbox 291 3925 1791 3999">
    <p class='ocr_par' dir='ltr' id='par_1_56' title="bbox 291 3925 1791 3999">
     <span class='ocr_line' id='line_1_56' title="bbox 291 3925 1791 3999; baseline -0.002 -17"><span class='ocrx_word' id='word_1_440' title='bbox 291 3928 357 3982; x_wconf 80' lang='grc' dir='ltr'><strong>Εἰ</strong></span> <span class='ocrx_word' id='word_1_441' title='bbox 389 3928 444 3982; x_wconf 83' lang='grc' dir='ltr'>δὲ</span> <span class='ocrx_word' id='word_1_442' title='bbox 481 3927 554 3999; x_wconf 80' lang='grc' dir='ltr'>μὴ</span> <span class='ocrx_word' id='word_1_443' title='bbox 587 3926 745 3980; x_wconf 86' lang='grc' dir='ltr'>τοῦτο</span> <span class='ocrx_word' id='word_1_444' title='bbox 800 3925 1030 3997; x_wconf 78' lang='grc' dir='ltr'>βούλοιο,</span> <span class='ocrx_word' id='word_1_445' title='bbox 1077 3925 1222 3979; x_wconf 84' lang='grc' dir='ltr'>ποίει</span> <span class='ocrx_word' id='word_1_446' title='bbox 1266 3927 1345 3990; x_wconf 78' lang='grc' dir='ltr'><strong>εἰς</strong></span> <span class='ocrx_word' id='word_1_447' title='bbox 1389 3926 1489 3996; x_wconf 79' lang='grc' dir='ltr'><strong>ἐμὲ</strong></span> <span class='ocrx_word' id='word_1_448' title='bbox 1523 3926 1662 3996; x_wconf 84' lang='grc' dir='ltr'>ὅπερ</span> <span class='ocrx_word' id='word_1_449' title='bbox 1710 3943 1791 3979; x_wconf 87' lang='grc' dir='ltr'><strong>σοι</strong></span> 
     </span>
    </p>
   </div>
   <div class='ocr_carea' id='block_1_57' title="bbox 214 4016 1799 4091">
    <p class='ocr_par' dir='ltr' id='par_1_57' title="bbox 214 4016 1799 4091">
     <span class='ocr_line' id='line_1_57' title="bbox 214 4016 1799 4091; baseline -0.005 -15"><span class='ocrx_word' id='word_1_450' title='bbox 214 4022 399 4076; x_wconf 74' lang='grc' dir='ltr'>δοκεῖ’</span> <span class='ocrx_word' id='word_1_451' title='bbox 427 4019 609 4083; x_wconf 81' lang='grc' dir='ltr'>δοῦλος</span> <span class='ocrx_word' id='word_1_452' title='bbox 653 4020 759 4091; x_wconf 86' lang='grc' dir='ltr'><strong>γάρ</strong></span> <span class='ocrx_word' id='word_1_453' title='bbox 817 4020 931 4090; x_wconf 83' lang='grc' dir='ltr'>είμι</span> <span class='ocrx_word' id='word_1_454' title='bbox 976 4017 1067 4071; x_wconf 86' lang='grc' dir='ltr'><strong>τοῦ</strong></span> <span class='ocrx_word' id='word_1_455' title='bbox 1100 4018 1359 4088; x_wconf 82' lang='grc' dir='ltr'>Χριστοῦ,</span> <span class='ocrx_word' id='word_1_456' title='bbox 1407 4017 1502 4069; x_wconf 74' lang='grc' dir='ltr'>καὶ</span> <span class='ocrx_word' id='word_1_457' title='bbox 1531 4016 1654 4069; x_wconf 76' lang='grc' dir='ltr'>οὔτε</span> <span class='ocrx_word' id='word_1_458' title='bbox 1689 4017 1799 4069; x_wconf 82' lang='grc' dir='ltr'>θω-</span> 
     </span>
    </p>
   </div>
   <div class='ocr_carea' id='block_1_58' title="bbox 221 4108 1800 4182">
    <p class='ocr_par' dir='ltr' id='par_1_58' title="bbox 221 4108 1800 4182">
     <span class='ocr_line' id='line_1_58' title="bbox 221 4108 1800 4182; baseline -0.003 -15"><span class='ocrx_word' id='word_1_459' title='bbox 221 4111 404 4175; x_wconf 80' lang='grc' dir='ltr'>πείαις</span> <span class='ocrx_word' id='word_1_460' title='bbox 425 4154 440 4176; x_wconf 96' lang='grc'><strong>,</strong></span> <span class='ocrx_word' id='word_1_461' title='bbox 487 4109 608 4163; x_wconf 69' lang='grc' dir='ltr'>οὔτε</span> <span class='ocrx_word' id='word_1_462' title='bbox 641 4111 891 4164; x_wconf 76' lang='grc' dir='ltr'>κολάσεσι</span> <span class='ocrx_word' id='word_1_463' title='bbox 926 4112 1026 4182; x_wconf 84' lang='grc' dir='ltr'><strong>τῆς</strong></span> <span class='ocrx_word' id='word_1_464' title='bbox 1057 4108 1218 4161; x_wconf 76' lang='grc' dir='ltr'>αὑτοῦ</span> <span class='ocrx_word' id='word_1_465' title='bbox 1253 4108 1633 4179; x_wconf 79' lang='grc' dir='ltr'>ἀποστήσομαι</span> <span class='ocrx_word' id='word_1_466' title='bbox 1661 4108 1800 4176; x_wconf 82' lang='grc' dir='ltr'>ἀγά-</span> 
     </span>
    </p>
   </div>
   <div class='ocr_carea' id='block_1_59' title="bbox 221 4197 1796 4275">
    <p class='ocr_par' dir='ltr' id='par_1_59' title="bbox 221 4197 1796 4275">
     <span class='ocr_line' id='line_1_59' title="bbox 221 4197 1796 4275; baseline -0.003 -20"><span class='ocrx_word' id='word_1_467' title='bbox 221 4221 334 4275; x_wconf 85' lang='grc' dir='ltr'><strong>πης</strong></span> <span class='ocrx_word' id='word_1_468' title='bbox 381 4202 513 4275; x_wconf 60' lang='grc'><strong>(99),</strong></span> <span class='ocrx_word' id='word_1_469' title='bbox 554 4203 698 4256; x_wconf 71' lang='grc' dir='ltr'>καθα</span> <span class='ocrx_word' id='word_1_470' title='bbox 748 4201 813 4272; x_wconf 81' lang='grc' dir='ltr'>δὴ</span> <span class='ocrx_word' id='word_1_471' title='bbox 857 4201 950 4252; x_wconf 72' lang='grc' dir='ltr'><strong>καὶ</strong></span> <span class='ocrx_word' id='word_1_472' title='bbox 1000 4202 1066 4269; x_wconf 79' lang='grc' dir='ltr'>τῇ</span> <span class='ocrx_word' id='word_1_473' title='bbox 1121 4200 1425 4270; x_wconf 61' lang='grc' dir='ltr'>προτεραίᾳ.</span> <span class='ocrx_word' id='word_1_474' title='bbox 1491 4197 1644 4251; x_wconf 72' lang='grc' dir='ltr'>εἶπόν</span> <span class='ocrx_word' id='word_1_475' title='bbox 1691 4216 1796 4265; x_wconf 91' lang='grc' dir='ltr'>σοι,</span> 
     </span>
    </p>
   </div>
   <div class='ocr_carea' id='block_1_60' title="bbox 218 4289 1801 4367">
    <p class='ocr_par' dir='ltr' id='par_1_60' title="bbox 218 4289 1801 4367">
     <span class='ocr_line' id='line_1_60' title="bbox 218 4289 1801 4367; baseline -0.003 -20"><span class='ocrx_word' id='word_1_476' title='bbox 218 4295 392 4367; x_wconf 83' lang='grc' dir='ltr'>μέσον</span> <span class='ocrx_word' id='word_1_477' title='bbox 436 4292 688 4362; x_wconf 73' lang='grc' dir='ltr'>ἐμϐαλὼν</span> <span class='ocrx_word' id='word_1_478' title='bbox 743 4292 803 4344; x_wconf 90' lang='grc' dir='ltr'><strong>τὸ</strong></span> <span class='ocrx_word' id='word_1_479' title='bbox 856 4289 948 4343; x_wconf 85' lang='grc' dir='ltr'><strong>τοῦ</strong></span> <span class='ocrx_word' id='word_1_480' title='bbox 1002 4291 1276 4343; x_wconf 70' lang='grc' dir='ltr'>Δεσπότω</span> <span class='ocrx_word' id='word_1_481' title='bbox 1322 4308 1421 4361; x_wconf 92' lang='grc' dir='ltr'><strong>μου</strong></span> <span class='ocrx_word' id='word_1_482' title='bbox 1481 4289 1652 4361; x_wconf 75' lang='grc' dir='ltr'>ὄνομα</span> <span class='ocrx_word' id='word_1_483' title='bbox 1706 4292 1801 4344; x_wconf 71' lang='grc' dir='ltr'>καὶ</span> 
     </span>
    </p>
   </div>
   <div class='ocr_carea' id='block_1_61' title="bbox 216 4381 1800 4454">
    <p class='ocr_par' dir='ltr' id='par_1_61' title="bbox 216 4381 1800 4454">
     <span class='ocr_line' id='line_1_61' title="bbox 216 4381 1800 4454; baseline -0.003 -16"><span class='ocrx_word' id='word_1_484' title='bbox 216 4383 612 4454; x_wconf 73' lang='grc' dir='ltr'>ἀσφαλέστατα</span> <span class='ocrx_word' id='word_1_485' title='bbox 633 4383 725 4435; x_wconf 84' lang='grc' dir='ltr'><strong>τὸν</strong></span> <span class='ocrx_word' id='word_1_486' title='bbox 748 4382 904 4450; x_wconf 86' lang='grc' dir='ltr'>λόγον</span> <span class='ocrx_word' id='word_1_487' title='bbox 930 4382 1410 4452; x_wconf 80' lang='grc' dir='ltr'>ἐμπεδωσάμενος.</span> <span class='ocrx_word' id='word_1_488' title='bbox 1433 4382 1555 4434; x_wconf 78' lang='grc' dir='ltr'><strong>Ὀτι</strong></span> <span class='ocrx_word' id='word_1_489' title='bbox 1580 4381 1635 4435; x_wconf 77' lang='grc' dir='ltr'>δὲ</span> <span class='ocrx_word' id='word_1_490' title='bbox 1665 4383 1800 4453; x_wconf 86' lang='grc' dir='ltr'>μήτε</span> 
     </span>
    </p>
   </div>
   <div class='ocr_carea' id='block_1_62' title="bbox 1892 1931 3067 2002">
    <p class='ocr_par' dir='ltr' id='par_1_62' title="bbox 1892 1931 3067 2002">
     <span class='ocr_line' id='line_1_62' title="bbox 1892 1931 3067 2002; baseline -0.004 -17"><span class='ocrx_word' id='word_1_491' title='bbox 1892 1947 1991 2002; x_wconf 90' lang='lat' dir='ltr'><strong>qua</strong></span> <span class='ocrx_word' id='word_1_492' title='bbox 2021 1947 2139 2001; x_wconf 74' lang='lat' dir='ltr'><strong>qua:</strong></span> <span class='ocrx_word' id='word_1_493' title='bbox 2165 1932 2412 1999; x_wconf 89' lang='lat' dir='ltr'><strong>deinceps</strong></span> <span class='ocrx_word' id='word_1_494' title='bbox 2441 1932 2493 1984; x_wconf 91' lang='lat' dir='ltr'><strong>in</strong></span> <span class='ocrx_word' id='word_1_495' title='bbox 2524 1931 2726 1999; x_wconf 80' lang='lat' dir='ltr'><strong>psalmo</strong></span> <span class='ocrx_word' id='word_1_496' title='bbox 2755 1940 3067 1998; x_wconf 88' lang='lat' dir='ltr'><strong>sequuntur.</strong></span> 
     </span>
    </p>
   </div>
   <div class='ocr_carea' id='block_1_63' title="bbox 1963 2039 3447 2107">
    <p class='ocr_par' dir='ltr' id='par_1_63' title="bbox 1963 2039 3447 2107">
     <span class='ocr_line' id='line_1_63' title="bbox 1963 2039 3447 2107; baseline -0.004 -11"><span class='ocrx_word' id='word_1_497' title='bbox 1963 2042 2088 2096; x_wconf 81' lang='lat' dir='ltr'><strong>Post</strong></span> <span class='ocrx_word' id='word_1_498' title='bbox 2114 2050 2289 2095; x_wconf 89' lang='lat' dir='ltr'><strong>autem</strong></span> <span class='ocrx_word' id='word_1_499' title='bbox 2321 2041 2387 2093; x_wconf 88' lang='lat' dir='ltr'><strong>ad</strong></span> <span class='ocrx_word' id='word_1_500' title='bbox 2419 2050 2618 2107; x_wconf 83' lang='lat' dir='ltr'><strong>patrem</strong></span> <span class='ocrx_word' id='word_1_501' title='bbox 2661 2039 2742 2092; x_wconf 87' lang='lat' dir='ltr'><strong>his</strong></span> <span class='ocrx_word' id='word_1_502' title='bbox 2792 2039 2970 2092; x_wconf 78' lang='lat' dir='ltr'><strong>verbis</strong></span> <span class='ocrx_word' id='word_1_503' title='bbox 3021 2055 3145 2093; x_wconf 91' lang='lat' dir='ltr'><strong>usus</strong></span> <span class='ocrx_word' id='word_1_504' title='bbox 3195 2049 3275 2093; x_wconf 90' lang='lat' dir='ltr'><strong>est</strong></span> <span class='ocrx_word' id='word_1_505' title='bbox 3306 2058 3317 2091; x_wconf 79' lang='grc' dir='ltr'><strong>ι</strong></span> <span class='ocrx_word' id='word_1_506' title='bbox 3354 2040 3447 2091; x_wconf 76' lang='lat' dir='ltr'><strong>Pa-</strong></span> 
     </span>
    </p>
   </div>
   <div class='ocr_carea' id='block_1_64' title="bbox 1894 2129 3451 2202">
    <p class='ocr_par' dir='ltr' id='par_1_64' title="bbox 1894 2129 3451 2202">
     <span class='ocr_line' id='line_1_64' title="bbox 1894 2129 3451 2202; baseline 0 -16"><span class='ocrx_word' id='word_1_507' title='bbox 1894 2144 2028 2187; x_wconf 89' lang='lat' dir='ltr'><strong>trem</strong></span> <span class='ocrx_word' id='word_1_508' title='bbox 2066 2132 2276 2202; x_wconf 86' lang='lat' dir='ltr'><strong>quidem</strong></span> <span class='ocrx_word' id='word_1_509' title='bbox 2316 2132 2509 2193; x_wconf 75' lang='lat' dir='ltr'><strong>colere,</strong></span> <span class='ocrx_word' id='word_1_510' title='bbox 2554 2142 2711 2197; x_wconf 83' lang='lat' dir='ltr'><strong>atque</strong></span> <span class='ocrx_word' id='word_1_511' title='bbox 2759 2130 2921 2195; x_wconf 83' lang='lat' dir='ltr'><strong>ipsius</strong></span> <span class='ocrx_word' id='word_1_512' title='bbox 2967 2129 3202 2196; x_wconf 83' lang='lat' dir='ltr'><strong>imperiis</strong></span> <span class='ocrx_word' id='word_1_513' title='bbox 3242 2145 3451 2197; x_wconf 79' lang='lat' dir='ltr'><strong>parere.</strong></span> 
     </span>
    </p>
   </div>
   <div class='ocr_carea' id='block_1_65' title="bbox 1893 2219 3454 2290">
    <p class='ocr_par' dir='ltr' id='par_1_65' title="bbox 1893 2219 3454 2290">
     <span class='ocr_line' id='line_1_65' title="bbox 1893 2219 3454 2290; baseline -0.002 -14"><span class='ocrx_word' id='word_1_514' title='bbox 1893 2224 2103 2290; x_wconf 90' lang='lat' dir='ltr'><strong>ipsique</strong></span> <span class='ocrx_word' id='word_1_515' title='bbox 2128 2221 2299 2275; x_wconf 88' lang='lat' dir='ltr'><strong>amico</strong></span> <span class='ocrx_word' id='word_1_516' title='bbox 2327 2229 2380 2274; x_wconf 91' lang='lat' dir='ltr'><strong>et</strong></span> <span class='ocrx_word' id='word_1_517' title='bbox 2420 2219 2673 2273; x_wconf 86' lang='lat' dir='ltr'><strong>benevolo</strong></span> <span class='ocrx_word' id='word_1_518' title='bbox 2698 2220 2877 2272; x_wconf 80' lang='lat' dir='ltr'><strong>animo</strong></span> <span class='ocrx_word' id='word_1_519' title='bbox 2907 2219 3188 2283; x_wconf 79' lang='lat' dir='ltr'><strong>inservire,</strong></span> <span class='ocrx_word' id='word_1_520' title='bbox 3217 2233 3454 2273; x_wconf 85' lang='lat' dir='ltr'><strong>commu-</strong></span> 
     </span>
    </p>
   </div>
   <div class='ocr_carea' id='block_1_66' title="bbox 1892 2306 3453 2381">
    <p class='ocr_par' dir='ltr' id='par_1_66' title="bbox 1892 2306 3453 2381">
     <span class='ocr_line' id='line_1_66' title="bbox 1892 2306 3453 2381; baseline -0.006 -14"><span class='ocrx_word' id='word_1_521' title='bbox 1892 2314 1975 2367; x_wconf 91' lang='lat' dir='ltr'><strong>nis</strong></span> <span class='ocrx_word' id='word_1_522' title='bbox 2001 2314 2248 2381; x_wconf 86' lang='lat' dir='ltr'><strong>magistcr</strong></span> <span class='ocrx_word' id='word_1_523' title='bbox 2280 2320 2458 2364; x_wconf 90' lang='lat' dir='ltr'><strong>noster</strong></span> <span class='ocrx_word' id='word_1_524' title='bbox 2485 2310 2639 2364; x_wconf 87' lang='lat' dir='ltr'><strong>docet</strong></span> <span class='ocrx_word' id='word_1_525' title='bbox 2661 2308 2853 2377; x_wconf 69' lang='lat' dir='ltr'><strong>(Exod.</strong></span> <span class='ocrx_word' id='word_1_526' title='bbox 2883 2306 2994 2376; x_wconf 77' lang='lat' dir='ltr'><strong>xx),</strong></span> <span class='ocrx_word' id='word_1_527' title='bbox 3029 2316 3083 2359; x_wconf 94' lang='lat' dir='ltr'><strong>ut</strong></span> <span class='ocrx_word' id='word_1_528' title='bbox 3127 2307 3214 2376; x_wconf 89' lang='lat' dir='ltr'><strong>qui</strong></span> <span class='ocrx_word' id='word_1_529' title='bbox 3243 2318 3453 2359; x_wconf 84' lang='lat' dir='ltr'><strong>natura-</strong></span> 
     </span>
    </p>
   </div>
   <div class='ocr_carea' id='block_1_67' title="bbox 1895 2397 3448 2469">
    <p class='ocr_par' dir='ltr' id='par_1_67' title="bbox 1895 2397 3448 2469">
     <span class='ocr_line' id='line_1_67' title="bbox 1895 2397 3448 2469; baseline -0.003 -13"><span class='ocrx_word' id='word_1_530' title='bbox 1895 2402 1997 2456; x_wconf 92' lang='lat' dir='ltr'><strong>lem</strong></span> <span class='ocrx_word' id='word_1_531' title='bbox 2021 2399 2314 2469; x_wconf 72' lang='lat' dir='ltr'><strong>huiusmodi</strong></span> <span class='ocrx_word' id='word_1_532' title='bbox 2336 2399 2643 2454; x_wconf 87' lang='lat' dir='ltr'><strong>charitatem</strong></span> <span class='ocrx_word' id='word_1_533' title='bbox 2669 2399 2721 2451; x_wconf 94' lang='lat' dir='ltr'><strong>in</strong></span> <span class='ocrx_word' id='word_1_534' title='bbox 2743 2397 2933 2451; x_wconf 86' lang='lat' dir='ltr'><strong>animis</strong></span> <span class='ocrx_word' id='word_1_535' title='bbox 2959 2403 3153 2450; x_wconf 87' lang='lat' dir='ltr'><strong>nostris</strong></span> <span class='ocrx_word' id='word_1_536' title='bbox 3177 2397 3448 2451; x_wconf 75' lang='lat' dir='ltr'><strong>inseverit.</strong></span> 
     </span>
    </p>
   </div>
   <div class='ocr_carea' id='block_1_68' title="bbox 1892 2487 3451 2557">
    <p class='ocr_par' dir='ltr' id='par_1_68' title="bbox 1892 2487 3451 2557">
     <span class='ocr_line' id='line_1_68' title="bbox 1892 2487 3451 2557; baseline -0.003 -12"><span class='ocrx_word' id='word_1_537' title='bbox 1892 2494 1961 2545; x_wconf 76' lang='lat' dir='ltr'><strong>At</strong></span> <span class='ocrx_word' id='word_1_538' title='bbox 1986 2505 2103 2544; x_wconf 91' lang='lat' dir='ltr'><strong>cum</strong></span> <span class='ocrx_word' id='word_1_539' title='bbox 2128 2500 2398 2557; x_wconf 87' lang='lat' dir='ltr'><strong>parentum</strong></span> <span class='ocrx_word' id='word_1_540' title='bbox 2420 2503 2576 2543; x_wconf 85' lang='lat' dir='ltr'><strong>amor</strong></span> <span class='ocrx_word' id='word_1_541' title='bbox 2598 2498 2752 2556; x_wconf 85' lang='lat' dir='ltr'><strong>atque</strong></span> <span class='ocrx_word' id='word_1_542' title='bbox 2792 2501 2916 2556; x_wconf 84' lang='lat' dir='ltr'><strong>erga</strong></span> <span class='ocrx_word' id='word_1_543' title='bbox 2954 2501 3045 2541; x_wconf 92' lang='lat' dir='ltr'><strong>eos</strong></span> <span class='ocrx_word' id='word_1_544' title='bbox 3084 2487 3451 2541; x_wconf 73' lang='lat' dir='ltr'><strong>benevolentia</strong></span> 
     </span>
    </p>
   </div>
   <div class='ocr_carea' id='block_1_69' title="bbox 1896 2578 3454 2648">
    <p class='ocr_par' dir='ltr' id='par_1_69' title="bbox 1896 2578 3454 2648">
     <span class='ocr_line' id='line_1_69' title="bbox 1896 2578 3454 2648; baseline -0.001 -16"><span class='ocrx_word' id='word_1_545' title='bbox 1896 2582 2089 2635; x_wconf 71' lang='lat' dir='ltr'><strong>anima:</strong></span> <span class='ocrx_word' id='word_1_546' title='bbox 2128 2582 2222 2648; x_wconf 75' lang='lat' dir='ltr'><strong>ipsi</strong></span> <span class='ocrx_word' id='word_1_547' title='bbox 2255 2580 2541 2648; x_wconf 83' lang='lat' dir='ltr'><strong>periculum</strong></span> <span class='ocrx_word' id='word_1_548' title='bbox 2570 2588 2734 2642; x_wconf 76' lang='lat' dir='ltr'><strong>creat,</strong></span> <span class='ocrx_word' id='word_1_549' title='bbox 2764 2592 2985 2645; x_wconf 88' lang='lat' dir='ltr'><strong>eamque</strong></span> <span class='ocrx_word' id='word_1_550' title='bbox 3032 2592 3061 2629; x_wconf 90' lang='lat' dir='ltr'><strong>a</strong></span> <span class='ocrx_word' id='word_1_551' title='bbox 3106 2592 3314 2630; x_wconf 88' lang='lat' dir='ltr'><strong>summo</strong></span> <span class='ocrx_word' id='word_1_552' title='bbox 3363 2578 3454 2630; x_wconf 89' lang='lat' dir='ltr'><strong>illo</strong></span> 
     </span>
    </p>
   </div>
   <div class='ocr_carea' id='block_1_70' title="bbox 1896 2669 3455 2738">
    <p class='ocr_par' dir='ltr' id='par_1_70' title="bbox 1896 2669 3455 2738">
     <span class='ocr_line' id='line_1_70' title="bbox 1896 2669 3455 2738; baseline -0.004 -12"><span class='ocrx_word' id='word_1_553' title='bbox 1896 2673 2141 2727; x_wconf 72' lang='lat' dir='ltr'><strong>eﬂectore</strong></span> <span class='ocrx_word' id='word_1_554' title='bbox 2171 2671 2349 2738; x_wconf 89' lang='lat' dir='ltr'><strong>procul</strong></span> <span class='ocrx_word' id='word_1_555' title='bbox 2392 2679 2645 2730; x_wconf 78' lang='lat' dir='ltr'><strong>removet,</strong></span> <span class='ocrx_word' id='word_1_556' title='bbox 2676 2669 2814 2721; x_wconf 88' lang='lat' dir='ltr'><strong>hunc</strong></span> <span class='ocrx_word' id='word_1_557' title='bbox 2839 2669 3082 2721; x_wconf 81' lang='lat' dir='ltr'><strong>ali’ectum</strong></span> <span class='ocrx_word' id='word_1_558' title='bbox 3112 2683 3328 2734; x_wconf 86' lang='lat' dir='ltr'><strong>prorsus</strong></span> <span class='ocrx_word' id='word_1_559' title='bbox 3360 2684 3455 2721; x_wconf 78' lang='lat' dir='ltr'><strong>ex-</strong></span> 
     </span>
    </p>
   </div>
   <div class='ocr_carea' id='block_1_71' title="bbox 1897 2758 3454 2830">
    <p class='ocr_par' dir='ltr' id='par_1_71' title="bbox 1897 2758 3454 2830">
     <span class='ocr_line' id='line_1_71' title="bbox 1897 2758 3454 2830; baseline -0.006 -11"><span class='ocrx_word' id='word_1_560' title='bbox 1897 2764 2140 2819; x_wconf 88' lang='lat' dir='ltr'><strong>scindere</strong></span> <span class='ocrx_word' id='word_1_561' title='bbox 2168 2762 2432 2830; x_wconf 77' lang='lat' dir='ltr'><strong>iubemur,</strong></span> <span class='ocrx_word' id='word_1_562' title='bbox 2478 2775 2540 2813; x_wconf 91' lang='lat' dir='ltr'><strong>ae</strong></span> <span class='ocrx_word' id='word_1_563' title='bbox 2569 2761 2713 2812; x_wconf 90' lang='lat' dir='ltr'><strong>nullo</strong></span> <span class='ocrx_word' id='word_1_564' title='bbox 2745 2759 2899 2812; x_wconf 86' lang='lat' dir='ltr'><strong>modo</strong></span> <span class='ocrx_word' id='word_1_565' title='bbox 2940 2760 3003 2812; x_wconf 87' lang='lat' dir='ltr'><strong>iis</strong></span> <span class='ocrx_word' id='word_1_566' title='bbox 3030 2759 3119 2826; x_wconf 90' lang='lat' dir='ltr'><strong>qui</strong></span> <span class='ocrx_word' id='word_1_567' title='bbox 3154 2772 3247 2810; x_wconf 89' lang='lat' dir='ltr'><strong>nos</strong></span> <span class='ocrx_word' id='word_1_568' title='bbox 3283 2772 3311 2810; x_wconf 85' lang='lat' dir='ltr'><strong>a</strong></span> <span class='ocrx_word' id='word_1_569' title='bbox 3347 2758 3454 2810; x_wconf 85' lang='lat' dir='ltr'><strong>Deo</strong></span> 
     </span>
    </p>
   </div>
   <div class='ocr_carea' id='block_1_72' title="bbox 1898 2846 3456 2909">
    <p class='ocr_par' dir='ltr' id='par_1_72' title="bbox 1898 2846 3456 2909">
     <span class='ocr_line' id='line_1_72' title="bbox 1898 2846 3456 2909; baseline -0.006 -1"><span class='ocrx_word' id='word_1_570' title='bbox 1898 2853 2207 2908; x_wconf 86' lang='lat' dir='ltr'><strong>abstrahunt</strong></span> <span class='ocrx_word' id='word_1_571' title='bbox 2230 2851 2418 2905; x_wconf 87' lang='lat' dir='ltr'><strong>cedere</strong></span> <span class='ocrx_word' id='word_1_572' title='bbox 2456 2864 2515 2902; x_wconf 89' lang='lat' dir='ltr'><strong>ac</strong></span> <span class='ocrx_word' id='word_1_573' title='bbox 2542 2863 2729 2901; x_wconf 85' lang='lat' dir='ltr'><strong>manus</strong></span> <span class='ocrx_word' id='word_1_574' title='bbox 2770 2847 2917 2909; x_wconf 87' lang='lat' dir='ltr'><strong>dare,</strong></span> <span class='ocrx_word' id='word_1_575' title='bbox 2951 2861 3129 2900; x_wconf 88' lang='lat' dir='ltr'><strong>verum</strong></span> <span class='ocrx_word' id='word_1_576' title='bbox 3160 2860 3250 2898; x_wconf 90' lang='lat' dir='ltr'><strong>eos</strong></span> <span class='ocrx_word' id='word_1_577' title='bbox 3277 2846 3456 2898; x_wconf 85' lang='lat' dir='ltr'><strong>odisse</strong></span> 
     </span>
    </p>
   </div>
   <div class='ocr_carea' id='block_1_73' title="bbox 1898 2937 3453 3007">
    <p class='ocr_par' dir='ltr' id='par_1_73' title="bbox 1898 2937 3453 3007">
     <span class='ocr_line' id='line_1_73' title="bbox 1898 2937 3453 3007; baseline -0.006 -10"><span class='ocrx_word' id='word_1_578' title='bbox 1898 2954 1953 2997; x_wconf 94' lang='lat' dir='ltr'><strong>et</strong></span> <span class='ocrx_word' id='word_1_579' title='bbox 1985 2942 2219 2996; x_wconf 87' lang='lat' dir='ltr'><strong>aversari</strong></span> <span class='ocrx_word' id='word_1_580' title='bbox 2251 2958 2262 2992; x_wconf 91' lang='lat'>:</span> <span class='ocrx_word' id='word_1_581' title='bbox 2296 2939 2533 3007; x_wconf 73' lang='lat' dir='ltr'><strong>quamvis</strong></span> <span class='ocrx_word' id='word_1_582' title='bbox 2561 2939 2718 2991; x_wconf 87' lang='lat' dir='ltr'><strong>etiam</strong></span> <span class='ocrx_word' id='word_1_583' title='bbox 2764 2938 2807 2989; x_wconf 92' lang='lat' dir='ltr'><strong>is</strong></span> <span class='ocrx_word' id='word_1_584' title='bbox 2835 2952 2919 3004; x_wconf 84' lang='lat' dir='ltr'><strong>qui</strong></span> <span class='ocrx_word' id='word_1_585' title='bbox 2949 2937 3268 2989; x_wconf 77' lang='lat' dir='ltr'><strong>exsecranda</strong></span> <span class='ocrx_word' id='word_1_586' title='bbox 3316 2950 3453 3003; x_wconf 69' lang='lat' dir='ltr'><strong>prae-</strong></span> 
     </span>
    </p>
   </div>
   <div class='ocr_carea' id='block_1_74' title="bbox 1895 3027 3454 3101">
    <p class='ocr_par' dir='ltr' id='par_1_74' title="bbox 1895 3027 3454 3101">
     <span class='ocr_line' id='line_1_74' title="bbox 1895 3027 3454 3101; baseline -0.005 -15"><span class='ocrx_word' id='word_1_587' title='bbox 1895 3034 2023 3101; x_wconf 92' lang='lat' dir='ltr'><strong>cipit</strong></span> <span class='ocrx_word' id='word_1_588' title='bbox 2050 3040 2197 3101; x_wconf 88' lang='lat' dir='ltr'><strong>pater</strong></span> <span class='ocrx_word' id='word_1_589' title='bbox 2242 3030 2331 3094; x_wconf 91' lang='lat' dir='ltr'><strong>sit,</strong></span> <span class='ocrx_word' id='word_1_590' title='bbox 2361 3030 2597 3097; x_wconf 81' lang='lat' dir='ltr'><strong>quamvis</strong></span> <span class='ocrx_word' id='word_1_591' title='bbox 2629 3036 2813 3089; x_wconf 87' lang='lat' dir='ltr'><strong>mater,</strong></span> <span class='ocrx_word' id='word_1_592' title='bbox 2846 3027 3084 3095; x_wconf 76' lang='lat' dir='ltr'><strong>quamvis</strong></span> <span class='ocrx_word' id='word_1_593' title='bbox 3122 3041 3237 3086; x_wconf 76' lang='lat' dir='ltr'><strong>rex.</strong></span> <span class='ocrx_word' id='word_1_594' title='bbox 3269 3041 3454 3095; x_wconf 77' lang='lat' dir='ltr'><strong>quam-</strong></span> 
     </span>
    </p>
   </div>
   <div class='ocr_carea' id='block_1_75' title="bbox 1900 3120 3452 3190">
    <p class='ocr_par' dir='ltr' id='par_1_75' title="bbox 1900 3120 3452 3190">
     <span class='ocr_line' id='line_1_75' title="bbox 1900 3120 3452 3190; baseline -0.003 -15"><span class='ocrx_word' id='word_1_595' title='bbox 1900 3125 1978 3176; x_wconf 88' lang='lat' dir='ltr'><strong>vis</strong></span> <span class='ocrx_word' id='word_1_596' title='bbox 2001 3123 2225 3190; x_wconf 87' lang='lat' dir='ltr'><strong>denique</strong></span> <span class='ocrx_word' id='word_1_597' title='bbox 2254 3135 2415 3187; x_wconf 88' lang='lat' dir='ltr'><strong>penes</strong></span> <span class='ocrx_word' id='word_1_598' title='bbox 2436 3134 2553 3173; x_wconf 91' lang='lat' dir='ltr'><strong>eum</strong></span> <span class='ocrx_word' id='word_1_599' title='bbox 2584 3120 2705 3171; x_wconf 77' lang='lat' dir='ltr'><strong>vitte</strong></span> <span class='ocrx_word' id='word_1_600' title='bbox 2735 3127 2928 3172; x_wconf 75' lang='lat' dir='ltr'><strong>nostrae</strong></span> <span class='ocrx_word' id='word_1_601' title='bbox 2959 3126 3185 3182; x_wconf 85' lang='lat' dir='ltr'><strong>potestas</strong></span> <span class='ocrx_word' id='word_1_602' title='bbox 3212 3129 3298 3171; x_wconf 86' lang='lat' dir='ltr'><strong>su.</strong></span> <span class='ocrx_word' id='word_1_603' title='bbox 3324 3120 3452 3182; x_wconf 70' lang='lat' dir='ltr'><strong>Qua:</strong></span> 
     </span>
    </p>
   </div>
   <div class='ocr_carea' id='block_1_76' title="bbox 1893 3208 3455 3279">
    <p class='ocr_par' dir='ltr' id='par_1_76' title="bbox 1893 3208 3455 3279">
     <span class='ocr_line' id='line_1_76' title="bbox 1893 3208 3455 3279; baseline -0.006 -11"><span class='ocrx_word' id='word_1_604' title='bbox 1893 3230 2013 3269; x_wconf 91' lang='lat' dir='ltr'><strong>cum</strong></span> <span class='ocrx_word' id='word_1_605' title='bbox 2048 3217 2115 3266; x_wconf 88' lang='lat' dir='ltr'><strong>ita</strong></span> <span class='ocrx_word' id='word_1_606' title='bbox 2151 3214 2275 3276; x_wconf 88' lang='lat' dir='ltr'><strong>sint,</strong></span> <span class='ocrx_word' id='word_1_607' title='bbox 2306 3214 2534 3279; x_wconf 64' lang='lat' dir='ltr'><strong>paterna:</strong></span> <span class='ocrx_word' id='word_1_608' title='bbox 2583 3208 2960 3262; x_wconf 74' lang='lat' dir='ltr'><strong>benevolentia:</strong></span> <span class='ocrx_word' id='word_1_609' title='bbox 2988 3222 3140 3260; x_wconf 82' lang='lat' dir='ltr'><strong>causa</strong></span> <span class='ocrx_word' id='word_1_610' title='bbox 3170 3208 3257 3261; x_wconf 93' lang='lat' dir='ltr'><strong>Dei</strong></span> <span class='ocrx_word' id='word_1_611' title='bbox 3282 3208 3455 3272; x_wconf 85' lang='lat' dir='ltr'><strong>jactu-</strong></span> 
     </span>
    </p>
   </div>
   <div class='ocr_carea' id='block_1_77' title="bbox 1898 3295 3471 3368">
    <p class='ocr_par' dir='ltr' id='par_1_77' title="bbox 1898 3295 3471 3368">
     <span class='ocr_line' id='line_1_77' title="bbox 1898 3295 3471 3368; baseline -0.007 -10"><span class='ocrx_word' id='word_1_612' title='bbox 1898 3320 2009 3358; x_wconf 87' lang='lat' dir='ltr'><strong>ram</strong></span> <span class='ocrx_word' id='word_1_613' title='bbox 2038 3301 2210 3357; x_wconf 83' lang='lat' dir='ltr'><strong>facere</strong></span> <span class='ocrx_word' id='word_1_614' title='bbox 2238 3315 2449 3368; x_wconf 87' lang='lat' dir='ltr'><strong>prorsus</strong></span> <span class='ocrx_word' id='word_1_615' title='bbox 2477 3312 2681 3365; x_wconf 87' lang='lat' dir='ltr'><strong>nequeo</strong></span> <span class='ocrx_word' id='word_1_616' title='bbox 2705 3315 2718 3361; x_wconf 84' lang='lat'><strong>;</strong></span> <span class='ocrx_word' id='word_1_617' title='bbox 2746 3311 2807 3349; x_wconf 88' lang='lat' dir='ltr'><strong>ac</strong></span> <span class='ocrx_word' id='word_1_618' title='bbox 2831 3296 3051 3364; x_wconf 81' lang='lat' dir='ltr'><strong>proinde</strong></span> <span class='ocrx_word' id='word_1_619' title='bbox 3073 3306 3181 3347; x_wconf 90' lang='lat' dir='ltr'><strong>tum</strong></span> <span class='ocrx_word' id='word_1_620' title='bbox 3207 3295 3298 3348; x_wconf 85' lang='lat' dir='ltr'><strong>tibi</strong></span> <span class='ocrx_word' id='word_1_621' title='bbox 3329 3296 3471 3365; x_wconf 85' lang='lat' dir='ltr'><strong>ipsi,-</strong></span> 
     </span>
    </p>
   </div>
   <div class='ocr_carea' id='block_1_78' title="bbox 1900 3385 3453 3459">
    <p class='ocr_par' dir='ltr' id='par_1_78' title="bbox 1900 3385 3453 3459">
     <span class='ocr_line' id='line_1_78' title="bbox 1900 3385 3453 3459; baseline -0.006 -10"><span class='ocrx_word' id='word_1_622' title='bbox 1900 3405 2008 3449; x_wconf 75' lang='lat' dir='ltr'><strong>tun:</strong></span> <span class='ocrx_word' id='word_1_623' title='bbox 2048 3392 2172 3446; x_wconf 83' lang='lat' dir='ltr'><strong>mihi</strong></span> <span class='ocrx_word' id='word_1_624' title='bbox 2224 3390 2486 3459; x_wconf 85' lang='lat' dir='ltr'><strong>negotium</strong></span> <span class='ocrx_word' id='word_1_625' title='bbox 2539 3388 2800 3440; x_wconf 85' lang='lat' dir='ltr'><strong>facessere</strong></span> <span class='ocrx_word' id='word_1_626' title='bbox 2848 3385 3060 3449; x_wconf 91' lang='lat' dir='ltr'><strong>desine;</strong></span> <span class='ocrx_word' id='word_1_627' title='bbox 3092 3399 3273 3438; x_wconf 89' lang='lat' dir='ltr'><strong>verum</strong></span> <span class='ocrx_word' id='word_1_628' title='bbox 3323 3386 3453 3439; x_wconf 88' lang='lat' dir='ltr'><strong>mihi</strong></span> 
     </span>
    </p>
   </div>
   <div class='ocr_carea' id='block_1_79' title="bbox 1899 3475 3449 3550">
    <p class='ocr_par' dir='ltr' id='par_1_79' title="bbox 1899 3475 3449 3550">
     <span class='ocr_line' id='line_1_79' title="bbox 1899 3475 3449 3550; baseline -0.007 -13"><span class='ocrx_word' id='word_1_629' title='bbox 1899 3498 2097 3537; x_wconf 86' lang='lat' dir='ltr'><strong>morem</strong></span> <span class='ocrx_word' id='word_1_630' title='bbox 2127 3496 2270 3550; x_wconf 86' lang='lat' dir='ltr'><strong>gere,</strong></span> <span class='ocrx_word' id='word_1_631' title='bbox 2302 3479 2574 3534; x_wconf 82' lang='lat' dir='ltr'><strong>ac&#39;vivum</strong></span> <span class='ocrx_word' id='word_1_632' title='bbox 2621 3486 2673 3531; x_wconf 89' lang='lat' dir='ltr'><strong>et</strong></span> <span class='ocrx_word' id='word_1_633' title='bbox 2718 3490 2898 3530; x_wconf 88' lang='lat' dir='ltr'><strong>verum</strong></span> <span class='ocrx_word' id='word_1_634' title='bbox 2930 3476 3090 3528; x_wconf 86' lang='lat' dir='ltr'><strong>Deum</strong></span> <span class='ocrx_word' id='word_1_635' title='bbox 3122 3477 3278 3528; x_wconf 88' lang='lat' dir='ltr'><strong>ambo</strong></span> <span class='ocrx_word' id='word_1_636' title='bbox 3305 3475 3449 3531; x_wconf 87' lang='lat' dir='ltr'><strong>cola-</strong></span> 
     </span>
    </p>
   </div>
   <div class='ocr_carea' id='block_1_80' title="bbox 1898 3564 3451 3640">
    <p class='ocr_par' dir='ltr' id='par_1_80' title="bbox 1898 3564 3451 3640">
     <span class='ocr_line' id='line_1_80' title="bbox 1898 3564 3451 3640; baseline -0.008 -12"><span class='ocrx_word' id='word_1_637' title='bbox 1898 3590 2032 3628; x_wconf 86' lang='lat' dir='ltr'><strong>mus.</strong></span> <span class='ocrx_word' id='word_1_638' title='bbox 2059 3574 2184 3627; x_wconf 75' lang='lat' dir='ltr'><strong>Nam</strong></span> <span class='ocrx_word' id='word_1_639' title='bbox 2214 3586 2327 3640; x_wconf 63' lang='lat' dir='ltr'><strong>qua:</strong></span> <span class='ocrx_word' id='word_1_640' title='bbox 2357 3584 2495 3622; x_wconf 87' lang='lat' dir='ltr'><strong>nunc</strong></span> <span class='ocrx_word' id='word_1_641' title='bbox 2522 3567 2806 3632; x_wconf 87' lang='lat' dir='ltr'><strong>veneraris,</strong></span> <span class='ocrx_word' id='word_1_642' title='bbox 2839 3565 3119 3619; x_wconf 86' lang='lat' dir='ltr'><strong>simulacra</strong></span> <span class='ocrx_word' id='word_1_643' title='bbox 3166 3573 3308 3628; x_wconf 86' lang='lat' dir='ltr'><strong>sunt,</strong></span> <span class='ocrx_word' id='word_1_644' title='bbox 3356 3564 3451 3617; x_wconf 86' lang='lat' dir='ltr'><strong>ho-</strong></span> 
     </span>
    </p>
   </div>
   <div class='ocr_carea' id='block_1_81' title="bbox 1898 3657 3447 3727">
    <p class='ocr_par' dir='ltr' id='par_1_81' title="bbox 1898 3657 3447 3727">
     <span class='ocr_line' id='line_1_81' title="bbox 1898 3657 3447 3727; baseline -0.009 -8"><span class='ocrx_word' id='word_1_645' title='bbox 1898 3668 2095 3719; x_wconf 87' lang='lat' dir='ltr'><strong>tuiuum</strong></span> <span class='ocrx_word' id='word_1_646' title='bbox 2129 3664 2367 3717; x_wconf 82' lang='lat' dir='ltr'><strong>inanibus</strong></span> <span class='ocrx_word' id='word_1_647' title='bbox 2390 3660 2595 3723; x_wconf 75' lang='lat' dir='ltr'><strong>eﬂecta,</strong></span> <span class='ocrx_word' id='word_1_648' title='bbox 2628 3660 2845 3727; x_wconf 82' lang='lat' dir='ltr'><strong>spiritus</strong></span> <span class='ocrx_word' id='word_1_649' title='bbox 2890 3658 3122 3724; x_wconf 83' lang='lat' dir='ltr'><strong>expertia</strong></span> <span class='ocrx_word' id='word_1_650' title='bbox 3174 3666 3229 3711; x_wconf 80' lang='lat' dir='ltr'><strong>et</strong></span> <span class='ocrx_word' id='word_1_651' title='bbox 3269 3657 3447 3713; x_wconf 73' lang='lat' dir='ltr'><strong>surda.</strong></span> 
     </span>
    </p>
   </div>
   <div class='ocr_carea' id='block_1_82' title="bbox 1905 3741 3475 3821">
    <p class='ocr_par' dir='ltr' id='par_1_82' title="bbox 1905 3741 3475 3821">
     <span class='ocr_line' id='line_1_82' title="bbox 1905 3741 3475 3821; baseline -0.012 -15"><span class='ocrx_word' id='word_1_652' title='bbox 1905 3751 2142 3821; x_wconf 86' lang='lat' dir='ltr'><strong>nihilque</strong></span> <span class='ocrx_word' id='word_1_653' title='bbox 2168 3752 2387 3805; x_wconf 87' lang='lat' dir='ltr'><strong>omnino</strong></span> <span class='ocrx_word' id='word_1_654' title='bbox 2415 3751 2554 3803; x_wconf 79' lang='lat' dir='ltr'><strong>aliud</strong></span> <span class='ocrx_word' id='word_1_655' title='bbox 2584 3764 2739 3817; x_wconf 88' lang='lat' dir='ltr'><strong>quam</strong></span> <span class='ocrx_word' id='word_1_656' title='bbox 2772 3745 2992 3800; x_wconf 80' lang='lat' dir='ltr'><strong>exitium</strong></span> <span class='ocrx_word' id='word_1_657' title='bbox 3020 3751 3075 3797; x_wconf 87' lang='lat' dir='ltr'><strong>et</strong></span> <span class='ocrx_word' id='word_1_658' title='bbox 3090 3741 3475 3808; x_wconf 88' lang='lat' dir='ltr'><strong>sempiternum</strong></span> 
     </span>
    </p>
   </div>
   <div class='ocr_carea' id='block_1_83' title="bbox 1904 3838 3133 3898">
    <p class='ocr_par' dir='ltr' id='par_1_83' title="bbox 1904 3838 3133 3898">
     <span class='ocr_line' id='line_1_83' title="bbox 1904 3838 3133 3898; baseline -0.005 0"><span class='ocrx_word' id='word_1_659' title='bbox 1904 3847 2191 3898; x_wconf 77' lang='lat' dir='ltr'><strong>cruciatum</strong></span> <span class='ocrx_word' id='word_1_660' title='bbox 2222 3842 2514 3897; x_wconf 86' lang='lat' dir='ltr'><strong>cultoribus</strong></span> <span class='ocrx_word' id='word_1_661' title='bbox 2543 3840 2652 3893; x_wconf 91' lang='lat' dir='ltr'><strong>suis</strong></span> <span class='ocrx_word' id='word_1_662' title='bbox 2676 3839 3028 3893; x_wconf 88' lang='lat' dir='ltr'><strong>accersentia.</strong></span> <span class='ocrx_word' id='word_1_663' title='bbox 3128 3838 3133 3845; x_wconf 85' lang='grc'><em>’</em></span> 
     </span>
    </p>
   </div>
   <div class='ocr_carea' id='block_1_84' title="bbox 1974 3918 3471 3994">
    <p class='ocr_par' dir='ltr' id='par_1_84' title="bbox 1974 3918 3471 3994">
     <span class='ocr_line' id='line_1_84' title="bbox 1974 3918 3471 3994; baseline -0.011 -8"><span class='ocrx_word' id='word_1_664' title='bbox 1974 3931 2071 3986; x_wconf 89' lang='lat' dir='ltr'><strong>Sin</strong></span> <span class='ocrx_word' id='word_1_665' title='bbox 2114 3939 2285 3983; x_wconf 88' lang='lat' dir='ltr'><strong>autem</strong></span> <span class='ocrx_word' id='word_1_666' title='bbox 2317 3930 2366 3981; x_wconf 89' lang='lat' dir='ltr'><strong>id</strong></span> <span class='ocrx_word' id='word_1_667' title='bbox 2416 3941 2652 3990; x_wconf 86' lang='lat' dir='ltr'><strong>recusas,</strong></span> <span class='ocrx_word' id='word_1_668' title='bbox 2688 3924 2937 3994; x_wconf 91' lang='lat' dir='ltr'><strong>quidquid</strong></span> <span class='ocrx_word' id='word_1_669' title='bbox 2969 3922 3131 3981; x_wconf 88' lang='lat' dir='ltr'><strong>lubet,</strong></span> <span class='ocrx_word' id='word_1_670' title='bbox 3160 3918 3285 3971; x_wconf 87' lang='lat' dir='ltr'><strong>mihi</strong></span> <span class='ocrx_word' id='word_1_671' title='bbox 3317 3918 3471 3982; x_wconf 77' lang='lat' dir='ltr'><strong>infer,</strong></span> 
     </span>
    </p>
   </div>
   <div class='ocr_carea' id='block_1_85' title="bbox 1910 4009 3476 4080">
    <p class='ocr_par' dir='ltr' id='par_1_85' title="bbox 1910 4009 3476 4080">
     <span class='ocr_line' id='line_1_85' title="bbox 1910 4009 3476 4080; baseline -0.008 -7"><span class='ocrx_word' id='word_1_672' title='bbox 1910 4033 2098 4073; x_wconf 77' lang='lat' dir='ltr'><strong>servus</strong></span> <span class='ocrx_word' id='word_1_673' title='bbox 2135 4019 2274 4071; x_wconf 87' lang='lat' dir='ltr'><strong>enim</strong></span> <span class='ocrx_word' id='word_1_674' title='bbox 2305 4017 2501 4072; x_wconf 81' lang='lat' dir='ltr'><strong>ChriSIi</strong></span> <span class='ocrx_word' id='word_1_675' title='bbox 2529 4030 2666 4070; x_wconf 90' lang='lat' dir='ltr'><strong>sum.</strong></span> <span class='ocrx_word' id='word_1_676' title='bbox 2700 4016 2773 4067; x_wconf 85' lang='lat' dir='ltr'><strong>Ac</strong></span> <span class='ocrx_word' id='word_1_677' title='bbox 2804 4028 2974 4080; x_wconf 87' lang='lat' dir='ltr'><strong>neque</strong></span> <span class='ocrx_word' id='word_1_678' title='bbox 3002 4009 3270 4065; x_wconf 84' lang='lat' dir='ltr'><strong>blanditiis</strong></span> <span class='ocrx_word' id='word_1_679' title='bbox 3307 4022 3476 4075; x_wconf 83' lang='lat' dir='ltr'><strong>neque</strong></span> 
     </span>
    </p>
   </div>
   <div class='ocr_carea' id='block_1_86' title="bbox 1909 4096 3473 4175">
    <p class='ocr_par' dir='ltr' id='par_1_86' title="bbox 1909 4096 3473 4175">
     <span class='ocr_line' id='line_1_86' title="bbox 1909 4096 3473 4175; baseline -0.01 -12"><span class='ocrx_word' id='word_1_680' title='bbox 1909 4108 2186 4163; x_wconf 79' lang='lat' dir='ltr'><strong>tormentis</strong></span> <span class='ocrx_word' id='word_1_681' title='bbox 2232 4107 2299 4160; x_wconf 88' lang='lat' dir='ltr'><strong>ab</strong></span> <span class='ocrx_word' id='word_1_682' title='bbox 2355 4106 2471 4175; x_wconf 81' lang='lat' dir='ltr'><strong>ejus</strong></span> <span class='ocrx_word' id='word_1_683' title='bbox 2563 4114 2748 4158; x_wconf 87' lang='lat' dir='ltr'><strong>amore</strong></span> <span class='ocrx_word' id='word_1_684' title='bbox 2843 4096 3139 4151; x_wconf 85' lang='lat' dir='ltr'><strong>desciscam</strong></span> <span class='ocrx_word' id='word_1_685' title='bbox 3200 4111 3213 4147; x_wconf 90' lang='lat'><strong>:</strong></span> <span class='ocrx_word' id='word_1_686' title='bbox 3283 4110 3473 4166; x_wconf 84' lang='lat' dir='ltr'><strong>quem-</strong></span> 
     </span>
    </p>
   </div>
   <div class='ocr_carea' id='block_1_87' title="bbox 1906 4185 3476 4263">
    <p class='ocr_par' dir='ltr' id='par_1_87' title="bbox 1906 4185 3476 4263">
     <span class='ocr_line' id='line_1_87' title="bbox 1906 4185 3476 4263; baseline -0.011 -10"><span class='ocrx_word' id='word_1_687' title='bbox 1906 4197 2189 4253; x_wconf 74' lang='lat' dir='ltr'><strong>admodum</strong></span> <span class='ocrx_word' id='word_1_688' title='bbox 2246 4197 2403 4250; x_wconf 88' lang='lat' dir='ltr'><strong>etiam</strong></span> <span class='ocrx_word' id='word_1_689' title='bbox 2460 4193 2631 4263; x_wconf 83' lang='lat' dir='ltr'><strong>pridie</strong></span> <span class='ocrx_word' id='word_1_690' title='bbox 2679 4190 2770 4245; x_wconf 87' lang='lat' dir='ltr'><strong>tibi</strong></span> <span class='ocrx_word' id='word_1_691' title='bbox 2802 4189 2929 4251; x_wconf 80' lang='lat' dir='ltr'><strong>dixi,</strong></span> <span class='ocrx_word' id='word_1_692' title='bbox 2976 4187 3183 4240; x_wconf 89' lang='lat' dir='ltr'><strong>Domini</strong></span> <span class='ocrx_word' id='word_1_693' title='bbox 3234 4185 3335 4239; x_wconf 92' lang='lat' dir='ltr'><strong>mei</strong></span> <span class='ocrx_word' id='word_1_694' title='bbox 3384 4199 3476 4236; x_wconf 81' lang='lat' dir='ltr'><strong>no-</strong></span> 
     </span>
    </p>
   </div>
   <div class='ocr_carea' id='block_1_88' title="bbox 1909 4274 3476 4356">
    <p class='ocr_par' dir='ltr' id='par_1_88' title="bbox 1909 4274 3476 4356">
     <span class='ocr_line' id='line_1_88' title="bbox 1909 4274 3476 4356; baseline -0.013 -10"><span class='ocrx_word' id='word_1_695' title='bbox 1909 4305 2032 4346; x_wconf 89' lang='lat' dir='ltr'><strong>men</strong></span> <span class='ocrx_word' id='word_1_696' title='bbox 2064 4293 2429 4356; x_wconf 86' lang='lat' dir='ltr'><strong>interponens,</strong></span> <span class='ocrx_word' id='word_1_697' title='bbox 2471 4299 2533 4338; x_wconf 91' lang='lat' dir='ltr'><strong>ac</strong></span> <span class='ocrx_word' id='word_1_698' title='bbox 2562 4295 2863 4338; x_wconf 88' lang='lat' dir='ltr'><strong>sermonem</strong></span> <span class='ocrx_word' id='word_1_699' title='bbox 2913 4278 3227 4343; x_wconf 90' lang='lat' dir='ltr'><strong>interposito</strong></span> <span class='ocrx_word' id='word_1_700' title='bbox 3267 4274 3476 4344; x_wconf 82' lang='lat' dir='ltr'><strong>jureju-</strong></span> 
     </span>
    </p>
   </div>
   <div class='ocr_carea' id='block_1_89' title="bbox 1908 4369 3480 4443">
    <p class='ocr_par' dir='ltr' id='par_1_89' title="bbox 1908 4369 3480 4443">
     <span class='ocr_line' id='line_1_89' title="bbox 1908 4369 3480 4443; baseline -0.011 -7"><span class='ocrx_word' id='word_1_701' title='bbox 1908 4380 2077 4437; x_wconf 87' lang='lat' dir='ltr'><strong>rando</strong></span> <span class='ocrx_word' id='word_1_702' title='bbox 2106 4382 2447 4435; x_wconf 83' lang='lat' dir='ltr'><strong>conlirmans.</strong></span> <span class='ocrx_word' id='word_1_703' title='bbox 2477 4376 2628 4443; x_wconf 84' lang='lat' dir='ltr'><strong>Quod</strong></span> <span class='ocrx_word' id='word_1_704' title='bbox 2655 4384 2827 4429; x_wconf 90' lang='lat' dir='ltr'><strong>autem</strong></span> <span class='ocrx_word' id='word_1_705' title='bbox 2870 4387 2967 4427; x_wconf 89' lang='lat' dir='ltr'><strong>nec</strong></span> <span class='ocrx_word' id='word_1_706' title='bbox 3014 4381 3065 4425; x_wconf 90' lang='lat' dir='ltr'><strong>te</strong></span> <span class='ocrx_word' id='word_1_707' title='bbox 3108 4379 3295 4439; x_wconf 86' lang='lat' dir='ltr'><strong>sponte</strong></span> <span class='ocrx_word' id='word_1_708' title='bbox 3344 4369 3480 4443; x_wconf 81' lang='lat' dir='ltr'><strong>male</strong></span> 
     </span>
    </p>
   </div>
   <div class='ocr_carea' id='block_1_90' title="bbox 219 4436 1788 4572">
    <p class='ocr_par' dir='ltr' id='par_1_90' title="bbox 219 4436 1788 4546">
     <span class='ocr_line' id='line_1_90' title="bbox 219 4436 1788 4546; baseline -0.003 -15"><span class='ocrx_word' id='word_1_709' title='bbox 398 4474 606 4546; x_wconf 76' lang='grc' dir='ltr'>ἔφησας</span> <span class='ocrx_word' id='word_1_710' title='bbox 641 4436 989 4542; x_wconf 55' lang='grc' dir='ltr'>κακουργεῖν,</span> <span class='ocrx_word' id='word_1_711' title='bbox 1032 4474 1168 4545; x_wconf 82' lang='grc' dir='ltr'>μήτε</span> <span class='ocrx_word' id='word_1_712' title='bbox 1344 4436 1537 4545; x_wconf 65' lang='grc' dir='ltr'>ἀγνοίᾳ.</span> <span class='ocrx_word' id='word_1_713' title='bbox 1564 4436 1788 4544; x_wconf 69' lang='grc' dir='ltr'>διαμαρι</span> 
     </span>
    </p>
   </div>
   <div class='ocr_carea' id='block_1_91' title="bbox 1901 4436 3490 4572">
    <p class='ocr_par' dir='ltr' id='par_1_91' title="bbox 1909 4436 3490 4572">
     <span class='ocr_line' id='line_1_91' title="bbox 1909 4436 3490 4541; baseline -0.009 -16"><span class='ocrx_word' id='word_1_714' title='bbox 1909 4484 2089 4541; x_wconf 83' lang='lat' dir='ltr'><strong>agere,</strong></span> <span class='ocrx_word' id='word_1_715' title='bbox 2116 4487 2215 4525; x_wconf 84' lang='lat' dir='ltr'><strong>nec</strong></span> <span class='ocrx_word' id='word_1_716' title='bbox 2243 4484 2452 4524; x_wconf 91' lang='lat' dir='ltr'><strong>rursum</strong></span> <span class='ocrx_word' id='word_1_717' title='bbox 2484 4468 2812 4534; x_wconf 87' lang='lat' dir='ltr'><strong>ignoratione</strong></span> <span class='ocrx_word' id='word_1_718' title='bbox 2853 4479 2881 4516; x_wconf 89' lang='lat' dir='ltr'><strong>a</strong></span> <span class='ocrx_word' id='word_1_719' title='bbox 2914 4465 3052 4518; x_wconf 88' lang='lat' dir='ltr'><strong>bono</strong></span> <span class='ocrx_word' id='word_1_720' title='bbox 3099 4464 3351 4516; x_wconf 85' lang='lat' dir='ltr'><strong>aberrare</strong></span> <span class='ocrx_word' id='word_1_721' title='bbox 3400 4436 3490 4511; x_wconf 49' lang='lat' dir='ltr'><strong>di}</strong></span> 
     </span>
     <span class='ocr_line' id='line_1_92' title="bbox 1949 4550 3482 4572; baseline 0 0"><span class='ocrx_word' id='word_1_722' title='bbox 1949 4565 1961 4572; x_wconf 87' lang='lat'><em>.</em></span> <span class='ocrx_word' id='word_1_723' title='bbox 2020 4566 2031 4572; x_wconf 85' lang='lat'><strong>-</strong></span> <span class='ocrx_word' id='word_1_724' title='bbox 2301 4564 2313 4572; x_wconf 85' lang='lat'><em>.</em></span> <span class='ocrx_word' id='word_1_725' title='bbox 2466 4560 2496 4572; x_wconf 38' lang='grc' dir='ltr'><strong>Α·</strong></span> <span class='ocrx_word' id='word_1_726' title='bbox 2638 4557 2741 4572; x_wconf 32' lang='grc' dir='ltr'>ιι.</span> <span class='ocrx_word' id='word_1_727' title='bbox 2788 4556 2887 4572; x_wconf 29' lang='grc' dir='ltr'>’.γε</span> <span class='ocrx_word' id='word_1_728' title='bbox 2944 4556 2955 4572; x_wconf 67' lang='lat'><strong>,-</strong></span> <span class='ocrx_word' id='word_1_729' title='bbox 3005 4550 3411 4572; x_wconf 61' lang='lat' dir='ltr'><strong>,,__.!__.!___-L</strong></span> <span class='ocrx_word' id='word_1_730' title='bbox 3458 4566 3482 4572; x_wconf 55' lang='grc' dir='ltr'><strong>Α</strong></span> 
     </span>
    </p>
   </div>
   <div class='ocr_carea' id='block_1_92' title="bbox 215 4566 1804 4638">
    <p class='ocr_par' dir='ltr' id='par_1_92' title="bbox 215 4566 1804 4638">
     <span class='ocr_line' id='line_1_93' title="bbox 215 4566 1804 4638; baseline -0.003 -16"><span class='ocrx_word' id='word_1_731' title='bbox 215 4570 406 4622; x_wconf 84' lang='grc' dir='ltr'>τάνειν</span> <span class='ocrx_word' id='word_1_732' title='bbox 450 4566 545 4619; x_wconf 84' lang='grc' dir='ltr'><strong>τοῦ</strong></span> <span class='ocrx_word' id='word_1_733' title='bbox 574 4566 809 4635; x_wconf 79' lang='grc' dir='ltr'>ἀγαθοῦ,</span> <span class='ocrx_word' id='word_1_734' title='bbox 846 4567 983 4621; x_wconf 84' lang='grc' dir='ltr'>ἀλλὰ</span> <span class='ocrx_word' id='word_1_735' title='bbox 1021 4567 1187 4637; x_wconf 85' lang='grc' dir='ltr'>πολλῇ</span> <span class='ocrx_word' id='word_1_736' title='bbox 1244 4567 1337 4619; x_wconf 69' lang='grc' dir='ltr'>καὶ</span> <span class='ocrx_word' id='word_1_737' title='bbox 1367 4567 1590 4637; x_wconf 83' lang='grc' dir='ltr'>ὲμπόνῳ</span> <span class='ocrx_word' id='word_1_738' title='bbox 1636 4566 1804 4638; x_wconf 76' lang='grc' dir='ltr'>συζη-</span> 
     </span>
    </p>
   </div>
   <div class='ocr_carea' id='block_1_93' title="bbox 215 4653 1805 4730">
    <p class='ocr_par' dir='ltr' id='par_1_93' title="bbox 215 4653 1805 4730">
     <span class='ocr_line' id='line_1_94' title="bbox 215 4653 1805 4730; baseline 0.001 -19"><span class='ocrx_word' id='word_1_739' title='bbox 215 4661 381 4730; x_wconf 68' lang='grc' dir='ltr'>ιιήσει</span> <span class='ocrx_word' id='word_1_740' title='bbox 410 4656 568 4711; x_wconf 86' lang='grc' dir='ltr'>τοῦτο</span> <span class='ocrx_word' id='word_1_741' title='bbox 597 4658 767 4725; x_wconf 73' lang='grc' dir='ltr'>ἔγνως</span> <span class='ocrx_word' id='word_1_742' title='bbox 784 4657 952 4721; x_wconf 80' lang='grc' dir='ltr'>ὅντως</span> <span class='ocrx_word' id='word_1_743' title='bbox 968 4653 1109 4711; x_wconf 77' lang='grc' dir='ltr'>εἶναι</span> <span class='ocrx_word' id='word_1_744' title='bbox 1137 4658 1321 4724; x_wconf 84' lang='grc' dir='ltr'>καλὸν,</span> <span class='ocrx_word' id='word_1_745' title='bbox 1348 4660 1408 4711; x_wconf 85' lang='grc' dir='ltr'><strong>τὸ</strong></span> <span class='ocrx_word' id='word_1_746' title='bbox 1435 4659 1681 4723; x_wconf 80' lang='grc' dir='ltr'>εἰδώλοις</span> <span class='ocrx_word' id='word_1_747' title='bbox 1707 4660 1805 4713; x_wconf 84' lang='grc' dir='ltr'>λα-</span> 
     </span>
    </p>
   </div>
   <div class='ocr_carea' id='block_1_94' title="bbox 216 4748 1801 4825">
    <p class='ocr_par' dir='ltr' id='par_1_94' title="bbox 216 4748 1801 4825">
     <span class='ocr_line' id='line_1_95' title="bbox 216 4748 1801 4825; baseline -0.001 -18"><span class='ocrx_word' id='word_1_748' title='bbox 216 4748 440 4823; x_wconf 80' lang='grc' dir='ltr'>τρεύειν</span> <span class='ocrx_word' id='word_1_749' title='bbox 471 4750 565 4803; x_wconf 65' lang='grc' dir='ltr'><strong>καὶ</strong></span> <span class='ocrx_word' id='word_1_750' title='bbox 605 4752 728 4813; x_wconf 87' lang='grc' dir='ltr'>ταῖς</span> <span class='ocrx_word' id='word_1_751' title='bbox 756 4749 970 4820; x_wconf 74' lang='grc' dir='ltr'>ἡδοναῖς</span> <span class='ocrx_word' id='word_1_752' title='bbox 1010 4751 1121 4804; x_wconf 83' lang='grc' dir='ltr'><strong>τῶν</strong></span> <span class='ocrx_word' id='word_1_753' title='bbox 1157 4751 1345 4807; x_wconf 83' lang='grc' dir='ltr'>παθῶν</span> <span class='ocrx_word' id='word_1_754' title='bbox 1374 4750 1801 4825; x_wconf 84' lang='grc' dir='ltr'>προσηλοῦσθαι,</span> 
     </span>
    </p>
   </div>
   <div class='ocr_carea' id='block_1_95' title="bbox 299 4930 826 5002">
    <p class='ocr_par' dir='ltr' id='par_1_95' title="bbox 299 4930 826 5002">
     <span class='ocr_line' id='line_1_96' title="bbox 299 4930 826 5002; baseline 0.006 -17"><span class='ocrx_word' id='word_1_755' title='bbox 299 4931 411 5002; x_wconf 78' lang='lat'><strong>(90)</strong></span> <span class='ocrx_word' id='word_1_756' title='bbox 438 4930 627 5002; x_wconf 69' lang='grc' dir='ltr'>ΜοιιΙι.</span> <span class='ocrx_word' id='word_1_757' title='bbox 648 4948 703 4997; x_wconf 71' lang='grc' dir='ltr'><strong>ι,</strong></span> <span class='ocrx_word' id='word_1_758' title='bbox 736 4933 826 4988; x_wconf 76' lang='lat'><strong>33.</strong></span> 
     </span>
    </p>
   </div>
   <div class='ocr_carea' id='block_1_96' title="bbox 300 5001 821 5074">
    <p class='ocr_par' dir='ltr' id='par_1_96' title="bbox 300 5001 821 5074">
     <span class='ocr_line' id='line_1_97' title="bbox 300 5001 821 5074; baseline -0.004 -16"><span class='ocrx_word' id='word_1_759' title='bbox 300 5001 415 5074; x_wconf 67' lang='lat' dir='ltr'><strong>(9i)</strong></span> <span class='ocrx_word' id='word_1_760' title='bbox 447 5001 624 5074; x_wconf 75' lang='lat' dir='ltr'><strong>Eecle.</strong></span> <span class='ocrx_word' id='word_1_761' title='bbox 654 5019 734 5067; x_wconf 85' lang='lat' dir='ltr'><strong>Ill,</strong></span> <span class='ocrx_word' id='word_1_762' title='bbox 768 5004 821 5057; x_wconf 86' lang='lat'><strong>8.</strong></span> 
     </span>
    </p>
   </div>
   <div class='ocr_carea' id='block_1_97' title="bbox 299 5073 890 5215">
    <p class='ocr_par' dir='ltr' id='par_1_97' title="bbox 299 5073 890 5215">
     <span class='ocr_line' id='line_1_98' title="bbox 299 5073 890 5143; baseline 0.005 -16"><span class='ocrx_word' id='word_1_763' title='bbox 299 5073 390 5143; x_wconf 75' lang='lat'><strong>(9‘2</strong></span> <span class='ocrx_word' id='word_1_764' title='bbox 444 5073 584 5126; x_wconf 82' lang='lat' dir='ltr'><strong>Psal.</strong></span> <span class='ocrx_word' id='word_1_765' title='bbox 617 5088 727 5135; x_wconf 66' lang='lat' dir='ltr'><strong>ut,</strong></span> <span class='ocrx_word' id='word_1_766' title='bbox 755 5076 806 5139; x_wconf 79' lang='grc'>1,</span> <span class='ocrx_word' id='word_1_767' title='bbox 836 5076 890 5130; x_wconf 74' lang='lat'><strong>2.</strong></span> 
     </span>
     <span class='ocr_line' id='line_1_99' title="bbox 299 5076 885 5215; baseline 0.007 -18"><span class='ocrx_word' id='word_1_768' title='bbox 299 5076 413 5215; x_wconf 51' lang='lat'><strong>(93;</strong></span> <span class='ocrx_word' id='word_1_769' title='bbox 454 5141 517 5209; x_wconf 86' lang='lat' dir='ltr'><strong>C,</strong></span> <span class='ocrx_word' id='word_1_770' title='bbox 552 5144 816 5215; x_wconf 76' lang='grc' dir='ltr'>παρέλθοι</span> <span class='ocrx_word' id='word_1_771' title='bbox 845 5148 885 5200; x_wconf 80' lang='grc' dir='ltr'><strong>Δ</strong></span> 
     </span>
    </p>
   </div>
   <div class='ocr_carea' id='block_1_98' title="bbox 1912 4550 3483 4629">
    <p class='ocr_par' dir='ltr' id='par_1_98' title="bbox 1912 4550 3483 4629">
     <span class='ocr_line' id='line_1_100' title="bbox 1912 4550 3483 4629; baseline -0.01 -11"><span class='ocrx_word' id='word_1_772' title='bbox 1912 4565 2056 4629; x_wconf 76' lang='lat' dir='ltr'><strong>xisti,</strong></span> <span class='ocrx_word' id='word_1_773' title='bbox 2089 4578 2271 4617; x_wconf 85' lang='lat' dir='ltr'><strong>verum</strong></span> <span class='ocrx_word' id='word_1_774' title='bbox 2300 4560 2498 4629; x_wconf 83' lang='lat' dir='ltr'><strong>ingenti</strong></span> <span class='ocrx_word' id='word_1_775' title='bbox 2527 4573 2591 4612; x_wconf 88' lang='lat' dir='ltr'><strong>ac</strong></span> <span class='ocrx_word' id='word_1_776' title='bbox 2637 4556 2897 4610; x_wconf 88' lang='lat' dir='ltr'><strong>laboriosa</strong></span> <span class='ocrx_word' id='word_1_777' title='bbox 2944 4554 3350 4622; x_wconf 86' lang='lat' dir='ltr'><strong>investigatione</strong></span> <span class='ocrx_word' id='word_1_778' title='bbox 3382 4550 3414 4603; x_wconf 87' lang='lat' dir='ltr'><strong>b</strong></span> <span class='ocrx_word' id='word_1_779' title='bbox 3453 4566 3483 4603; x_wconf 89' lang='lat' dir='ltr'><strong>c</strong></span> 
     </span>
    </p>
   </div>
   <div class='ocr_carea' id='block_1_99' title="bbox 1912 4642 3483 4722">
    <p class='ocr_par' dir='ltr' id='par_1_99' title="bbox 1912 4642 3483 4722">
     <span class='ocr_line' id='line_1_101' title="bbox 1912 4642 3483 4722; baseline -0.011 -13"><span class='ocrx_word' id='word_1_780' title='bbox 1912 4653 2246 4722; x_wconf 79' lang='lat' dir='ltr'><strong>ebgnovisse,</strong></span> <span class='ocrx_word' id='word_1_781' title='bbox 2277 4663 2470 4717; x_wconf 90' lang='lat' dir='ltr'><strong>nempe</strong></span> <span class='ocrx_word' id='word_1_782' title='bbox 2515 4648 2709 4699; x_wconf 88' lang='lat' dir='ltr'><strong>bonum</strong></span> <span class='ocrx_word' id='word_1_783' title='bbox 2738 4658 2860 4698; x_wconf 89' lang='lat' dir='ltr'><strong>esse</strong></span> <span class='ocrx_word' id='word_1_784' title='bbox 2888 4642 3170 4695; x_wconf 89' lang='lat' dir='ltr'><strong>simulacra</strong></span> <span class='ocrx_word' id='word_1_785' title='bbox 3196 4642 3389 4693; x_wconf 36' lang='lat' dir='ltr'><strong>colere.</strong></span> <span class='ocrx_word' id='word_1_786' title='bbox 3422 4654 3483 4692; x_wconf 89' lang='lat' dir='ltr'><strong>ac</strong></span> 
     </span>
    </p>
   </div>
   <div class='ocr_carea' id='block_1_100' title="bbox 1914 4732 3485 4808">
    <p class='ocr_par' dir='ltr' id='par_1_100' title="bbox 1914 4732 3485 4808">
     <span class='ocr_line' id='line_1_102' title="bbox 1914 4732 3485 4808; baseline -0.011 -11"><span class='ocrx_word' id='word_1_787' title='bbox 1914 4740 2191 4797; x_wconf 86' lang='lat' dir='ltr'><strong>libidinum</strong></span> <span class='ocrx_word' id='word_1_788' title='bbox 2221 4734 2579 4808; x_wconf 83' lang='lat' dir='ltr'><strong>voluptatibus</strong></span> <span class='ocrx_word' id='word_1_789' title='bbox 2616 4732 2838 4789; x_wconf 75' lang='lat' dir='ltr'><strong>afﬁxum</strong></span> <span class='ocrx_word' id='word_1_790' title='bbox 2868 4744 3003 4795; x_wconf 75' lang='lat' dir='ltr'><strong>esse,</strong></span> <span class='ocrx_word' id='word_1_791' title='bbox 3038 4736 3187 4784; x_wconf 91' lang='lat' dir='ltr'><strong>certe</strong></span> <span class='ocrx_word' id='word_1_792' title='bbox 3217 4736 3266 4781; x_wconf 87' lang='lat' dir='ltr'><strong>te</strong></span> <span class='ocrx_word' id='word_1_793' title='bbox 3296 4737 3485 4794; x_wconf 85' lang='lat' dir='ltr'><strong>sponte</strong></span> 
     </span>
    </p>
   </div>
   <div class='ocr_carea' id='block_1_101' title="bbox 454 5140 1788 5219">
    <p class='ocr_par' dir='ltr' id='par_1_101' title="bbox 454 5141 1788 5219">
     <span class='ocr_line' id='line_1_103' title="bbox 454 5141 1788 5219; baseline 0.003 -24"><span class='ocrx_word' id='word_1_794' title='bbox 454 5141 517 5209; x_wconf 85' lang='lat' dir='ltr'><strong>C,</strong></span> <span class='ocrx_word' id='word_1_795' title='bbox 552 5144 816 5219; x_wconf 62' lang='grc' dir='ltr'>παρέλθοι</span> <span class='ocrx_word' id='word_1_796' title='bbox 845 5148 911 5210; x_wconf 80' lang='grc' dir='ltr'>Δ,</span> <span class='ocrx_word' id='word_1_797' title='bbox 972 5144 1247 5219; x_wconf 69' lang='grc' dir='ltr'>παρέλθῃ,</span> <span class='ocrx_word' id='word_1_798' title='bbox 1273 5160 1304 5201; x_wconf 90' lang='lat' dir='ltr'><strong>e</strong></span> <span class='ocrx_word' id='word_1_799' title='bbox 1338 5143 1699 5219; x_wconf 72' lang='lat' dir='ltr'><strong>correctione.</strong></span> 
     </span>
    </p>
   </div>
   <div class='ocr_carea' id='block_1_102' title="bbox 1901 5140 3486 5219">
    <p class='ocr_par' dir='ltr' id='par_1_102' title="bbox 1901 5140 3486 5219">
     <span class='ocr_line' id='line_1_104' title="bbox 1901 5140 3486 5219; baseline -0.006 -18"><span class='ocrx_word' id='word_1_800' title='bbox 1901 5144 2067 5219; x_wconf 70' lang='lat' dir='ltr'><strong>usDe</strong></span> <span class='ocrx_word' id='word_1_801' title='bbox 2113 5145 2343 5219; x_wconf 66' lang='lat' dir='ltr'><strong>daemon.</strong></span> <span class='ocrx_word' id='word_1_802' title='bbox 2375 5162 2429 5219; x_wconf 90' lang='lat' dir='ltr'><strong>p.</strong></span> <span class='ocrx_word' id='word_1_803' title='bbox 2460 5147 2569 5203; x_wconf 62' lang='lat'><strong>94:</strong></span> <span class='ocrx_word' id='word_1_804' title='bbox 2598 5146 2716 5201; x_wconf 79' lang='grc' dir='ltr'><strong>Κᾶν</strong></span> <span class='ocrx_word' id='word_1_805' title='bbox 2767 5146 3016 5217; x_wconf 75' lang='grc' dir='ltr'>θλίόηται</span> <span class='ocrx_word' id='word_1_806' title='bbox 3048 5140 3108 5196; x_wconf 85' lang='grc' dir='ltr'><strong>τὸ</strong></span> <span class='ocrx_word' id='word_1_807' title='bbox 3154 5140 3366 5212; x_wconf 82' lang='grc' dir='ltr'>νεῦρον,</span> <span class='ocrx_word' id='word_1_808' title='bbox 3399 5141 3486 5194; x_wconf 66' lang='grc' dir='ltr'>καὶ</span> 
     </span>
    </p>
   </div>
   <div class='ocr_carea' id='block_1_103' title="bbox 222 5212 1788 5287">
    <p class='ocr_par' dir='ltr' id='par_1_103' title="bbox 222 5212 1788 5287">
     <span class='ocr_line' id='line_1_105' title="bbox 222 5212 1788 5287; baseline 0.002 -21"><span class='ocrx_word' id='word_1_809' title='bbox 222 5212 487 5287; x_wconf 55' lang='grc' dir='ltr'>ψύχηῂαι,</span> <span class='ocrx_word' id='word_1_810' title='bbox 519 5212 621 5267; x_wconf 84' lang='grc' dir='ltr'><strong>κᾶν</strong></span> <span class='ocrx_word' id='word_1_811' title='bbox 641 5212 776 5270; x_wconf 73' lang='grc' dir='ltr'>’ἄλλο</span> <span class='ocrx_word' id='word_1_812' title='bbox 805 5221 948 5270; x_wconf 83' lang='grc' dir='ltr'>τοῖον</span> <span class='ocrx_word' id='word_1_813' title='bbox 968 5212 1117 5285; x_wconf 75' lang='grc' dir='ltr'>δήτοι</span> <span class='ocrx_word' id='word_1_814' title='bbox 1148 5212 1328 5287; x_wconf 77' lang='grc' dir='ltr'>πάθοι.</span> <span class='ocrx_word' id='word_1_815' title='bbox 1374 5215 1525 5287; x_wconf 80' lang='lat' dir='ltr'><strong>Bene</strong></span> <span class='ocrx_word' id='word_1_816' title='bbox 1543 5220 1707 5271; x_wconf 80' lang='lat' dir='ltr'><strong>codex</strong></span> <span class='ocrx_word' id='word_1_817' title='bbox 1746 5217 1788 5269; x_wconf 74' lang='lat' dir='ltr'><strong>li</strong></span> 
     </span>
    </p>
   </div>
   <div class='ocr_carea' id='block_1_104' title="bbox 1901 5212 2277 5287">
    <p class='ocr_par' dir='ltr' id='par_1_104' title="bbox 1901 5216 2277 5287">
     <span class='ocr_line' id='line_1_106' title="bbox 1901 5216 2277 5287; baseline -0.003 -16"><span class='ocrx_word' id='word_1_818' title='bbox 1901 5260 1903 5271; x_wconf 49' lang='grc' dir='ltr'><em>ν</em></span> <span class='ocrx_word' id='word_1_819' title='bbox 1930 5216 1995 5285; x_wconf 86' lang='grc' dir='ltr'>δή</span> <span class='ocrx_word' id='word_1_820' title='bbox 2024 5233 2075 5269; x_wconf 86' lang='grc' dir='ltr'><strong>τι</strong></span> <span class='ocrx_word' id='word_1_821' title='bbox 2107 5216 2277 5287; x_wconf 82' lang='grc' dir='ltr'>πάθῃ.</span> 
     </span>
    </p>
   </div>
   <div class='ocr_carea' id='block_1_105' title="bbox 301 5280 3493 5365">
    <p class='ocr_par' dir='ltr' id='par_1_105' title="bbox 301 5280 3493 5365">
     <span class='ocr_line' id='line_1_107' title="bbox 301 5280 3493 5365; baseline -0.002 -26"><span class='ocrx_word' id='word_1_822' title='bbox 301 5280 412 5353; x_wconf 64' lang='grc' dir='ltr'><strong>(Μ)</strong></span> <span class='ocrx_word' id='word_1_823' title='bbox 446 5284 940 5365; x_wconf 25' lang='grc' dir='ltr'>δγιιοιιδηηρ-φιιλίςι</span> <span class='ocrx_word' id='word_1_824' title='bbox 972 5280 1100 5365; x_wconf 79' lang='lat' dir='ltr'><strong>quid</strong></span> <span class='ocrx_word' id='word_1_825' title='bbox 1128 5288 1197 5340; x_wconf 91' lang='lat' dir='ltr'><strong>sit</strong></span> <span class='ocrx_word' id='word_1_826' title='bbox 1223 5286 1404 5365; x_wconf 68' lang='grc' dir='ltr'>σχέσις</span> <span class='ocrx_word' id='word_1_827' title='bbox 1433 5286 1547 5365; x_wconf 81' lang='lat' dir='ltr'><strong>ipse</strong></span> <span class='ocrx_word' id='word_1_828' title='bbox 1571 5287 1829 5365; x_wconf 56' lang='grc' dir='ltr'>ἀριθμεῖ-ιιι.</span> <span class='ocrx_word' id='word_1_829' title='bbox 1853 5280 2254 5365; x_wconf 60' lang='lat' dir='ltr'><strong>Rionuidelio&#39;c&#39;</strong></span> <span class='ocrx_word' id='word_1_830' title='bbox 2283 5302 2444 5343; x_wconf 90' lang='lat' dir='ltr'><strong>sensu</strong></span> <span class='ocrx_word' id='word_1_831' title='bbox 2469 5298 2510 5343; x_wconf 86' lang='lat' dir='ltr'><strong>t.</strong></span> <span class='ocrx_word' id='word_1_832' title='bbox 2535 5302 2596 5355; x_wconf 88' lang='grc' dir='ltr'><strong>ιι,</strong></span> <span class='ocrx_word' id='word_1_833' title='bbox 2619 5302 2671 5356; x_wconf 92' lang='lat' dir='ltr'><strong>p.</strong></span> <span class='ocrx_word' id='word_1_834' title='bbox 2703 5286 2829 5341; x_wconf 77' lang='grc'><strong>570.</strong></span> <span class='ocrx_word' id='word_1_835' title='bbox 2856 5286 3095 5341; x_wconf 83' lang='lat' dir='ltr'><strong>lsaacius</strong></span> <span class='ocrx_word' id='word_1_836' title='bbox 3119 5284 3383 5354; x_wconf 79' lang='lat' dir='ltr'><strong>Porpliyr.</strong></span> <span class='ocrx_word' id='word_1_837' title='bbox 3418 5280 3493 5334; x_wconf 87' lang='lat' dir='ltr'><strong>De</strong></span> 
     </span>
    </p>
   </div>
   <div class='ocr_carea' id='block_1_106' title="bbox 225 5356 1788 5427">
    <p class='ocr_par' dir='ltr' id='par_1_106' title="bbox 225 5356 1788 5427">
     <span class='ocr_line' id='line_1_108' title="bbox 225 5356 1788 5427; baseline 0.001 -21"><span class='ocrx_word' id='word_1_838' title='bbox 225 5356 620 5427; x_wconf 56' lang='lat' dir='ltr'><strong>prqtermiuis,</strong></span> <span class='ocrx_word' id='word_1_839' title='bbox 654 5372 705 5423; x_wconf 92' lang='lat' dir='ltr'><strong>p.</strong></span> <span class='ocrx_word' id='word_1_840' title='bbox 729 5357 835 5412; x_wconf 72' lang='lat'><strong>2&#39;79</strong></span> <span class='ocrx_word' id='word_1_841' title='bbox 860 5375 873 5410; x_wconf 91' lang='lat'><strong>:</strong></span> <span class='ocrx_word' id='word_1_842' title='bbox 904 5356 1089 5426; x_wconf 82' lang='grc' dir='ltr'>Σχέσει</span> <span class='ocrx_word' id='word_1_843' title='bbox 1128 5356 1357 5427; x_wconf 66' lang='grc' dir='ltr'>μητρῷα</span> <span class='ocrx_word' id='word_1_844' title='bbox 1382 5357 1545 5409; x_wconf 81' lang='grc' dir='ltr'>πάλιν</span> <span class='ocrx_word' id='word_1_845' title='bbox 1573 5356 1663 5427; x_wconf 83' lang='grc' dir='ltr'><strong>τὸν</strong></span> <span class='ocrx_word' id='word_1_846' title='bbox 1693 5358 1788 5410; x_wconf 84' lang='grc' dir='ltr'><strong>παῖ</strong></span> 
     </span>
    </p>
   </div>
   <div class='ocr_carea' id='block_1_107' title="bbox 1901 5356 2299 5427">
    <p class='ocr_par' dir='ltr' id='par_1_107' title="bbox 1901 5357 2299 5410">
     <span class='ocr_line' id='line_1_109' title="bbox 1901 5357 2299 5410; baseline 0.005 -2"><span class='ocrx_word' id='word_1_847' title='bbox 1901 5357 2299 5410; x_wconf 74' lang='grc' dir='ltr'>ὲνεκολπίσατο.</span> 
     </span>
    </p>
   </div>
   <div class='ocr_carea' id='block_1_108' title="bbox 326 5421 3487 5497">
    <p class='ocr_par' dir='ltr' id='par_1_108' title="bbox 326 5421 3487 5497">
     <span class='ocr_line' id='line_1_110' title="bbox 326 5421 3487 5497; baseline -0.001 -19"><span class='ocrx_word' id='word_1_848' title='bbox 326 5424 417 5497; x_wconf 81' lang='lat'><strong>_95_)</strong></span> <span class='ocrx_word' id='word_1_849' title='bbox 445 5426 513 5497; x_wconf 66' lang='grc' dir='ltr'>ᾼ,</span> <span class='ocrx_word' id='word_1_850' title='bbox 536 5421 718 5497; x_wconf 78' lang='grc' dir='ltr'>ποιεῖ.</span> <span class='ocrx_word' id='word_1_851' title='bbox 750 5421 1061 5495; x_wconf 66' lang='lat' dir='ltr'><strong>Saepissime</strong></span> <span class='ocrx_word' id='word_1_852' title='bbox 1092 5421 1466 5497; x_wconf 55' lang='lat' dir='ltr'><strong>cuii&#39;l&#39;usio&#39;uem</strong></span> <span class='ocrx_word' id='word_1_853' title='bbox 1510 5425 1775 5480; x_wconf 84' lang='lat' dir='ltr'><strong>vocalium</strong></span> <span class='ocrx_word' id='word_1_854' title='bbox 1822 5444 1855 5497; x_wconf 88' lang='grc' dir='ltr'><strong>η</strong></span> <span class='ocrx_word' id='word_1_855' title='bbox 1893 5436 1946 5479; x_wconf 92' lang='lat' dir='ltr'><strong>et</strong></span> <span class='ocrx_word' id='word_1_856' title='bbox 1979 5444 2028 5478; x_wconf 88' lang='grc' dir='ltr'><strong>ει</strong></span> <span class='ocrx_word' id='word_1_857' title='bbox 2054 5428 2309 5494; x_wconf 81' lang='lat' dir='ltr'><strong>tractavi,</strong></span> <span class='ocrx_word' id='word_1_858' title='bbox 2355 5427 2545 5480; x_wconf 83' lang='lat' dir='ltr'><strong>vitiata</strong></span> <span class='ocrx_word' id='word_1_859' title='bbox 2583 5426 2696 5480; x_wconf 84' lang='lat' dir='ltr'><strong>loca</strong></span> <span class='ocrx_word' id='word_1_860' title='bbox 2754 5425 3156 5497; x_wconf 79' lang='lat' dir='ltr'><strong>emendaturus.</strong></span> <span class='ocrx_word' id='word_1_861' title='bbox 3184 5424 3301 5497; x_wconf 83' lang='lat' dir='ltr'><strong>_Sic.</strong></span> <span class='ocrx_word' id='word_1_862' title='bbox 3328 5433 3395 5497; x_wconf 74' lang='lat' dir='ltr'><strong>_t.</strong></span> <span class='ocrx_word' id='word_1_863' title='bbox 3426 5421 3487 5476; x_wconf 88' lang='grc'><strong>11.</strong></span> 
     </span>
    </p>
   </div>
   <div class='ocr_carea' id='block_1_109' title="bbox 230 5494 3488 5566">
    <p class='ocr_par' dir='ltr' id='par_1_109' title="bbox 230 5494 3488 5566">
     <span class='ocr_line' id='line_1_111' title="bbox 230 5494 3488 5566; baseline -0.001 -18"><span class='ocrx_word' id='word_1_864' title='bbox 230 5510 287 5565; x_wconf 87' lang='lat' dir='ltr'><strong>p.</strong></span> <span class='ocrx_word' id='word_1_865' title='bbox 312 5494 441 5560; x_wconf 73' lang='grc'><strong>275,</strong></span> <span class='ocrx_word' id='word_1_866' title='bbox 468 5494 694 5549; x_wconf 81' lang='lat' dir='ltr'><strong>Libanio</strong></span> <span class='ocrx_word' id='word_1_867' title='bbox 731 5494 1051 5566; x_wconf 85' lang='lat' dir='ltr'><strong>medicinam</strong></span> <span class='ocrx_word' id='word_1_868' title='bbox 1083 5494 1208 5561; x_wconf 78' lang='lat' dir='ltr'><strong>feci,</strong></span> <span class='ocrx_word' id='word_1_869' title='bbox 1258 5511 1487 5566; x_wconf 83' lang='lat' dir='ltr'><strong>eamque</strong></span> <span class='ocrx_word' id='word_1_870' title='bbox 1528 5498 1809 5566; x_wconf 77' lang='lat' dir='ltr'><strong>optimam,</strong></span> <span class='ocrx_word' id='word_1_871' title='bbox 1844 5494 2011 5563; x_wconf 47' lang='lat' dir='ltr'><strong>’qund</strong></span> <span class='ocrx_word' id='word_1_872' title='bbox 2066 5512 2291 5551; x_wconf 81' lang='lat' dir='ltr'><strong>securus</strong></span> <span class='ocrx_word' id='word_1_873' title='bbox 2344 5496 2635 5566; x_wconf 79' lang='lat' dir='ltr'><strong>proﬁteor;</strong></span> <span class='ocrx_word' id='word_1_874' title='bbox 2664 5511 2788 5549; x_wconf 82' lang='lat' dir='ltr'><strong>nam</strong></span> <span class='ocrx_word' id='word_1_875' title='bbox 2818 5510 2846 5547; x_wconf 88' lang='lat' dir='ltr'><strong>a</strong></span> <span class='ocrx_word' id='word_1_876' title='bbox 2877 5494 3139 5548; x_wconf 69' lang='lat' dir='ltr'><strong>Lttbecktu</strong></span> <span class='ocrx_word' id='word_1_877' title='bbox 3177 5494 3290 5563; x_wconf 78' lang='lat' dir='ltr'><strong>jam</strong></span> <span class='ocrx_word' id='word_1_878' title='bbox 3322 5495 3488 5548; x_wconf 74' lang='lat' dir='ltr'><strong>fueral</strong></span> 
     </span>
    </p>
   </div>
   <div class='ocr_carea' id='block_1_110' title="bbox 232 5564 2910 5635">
    <p class='ocr_par' dir='ltr' id='par_1_110' title="bbox 232 5564 2910 5635">
     <span class='ocr_line' id='line_1_112' title="bbox 232 5564 2910 5635; baseline -0.001 -14"><span class='ocrx_word' id='word_1_879' title='bbox 232 5564 451 5635; x_wconf 81' lang='lat' dir='ltr'><strong>inventa</strong></span> <span class='ocrx_word' id='word_1_880' title='bbox 483 5569 861 5635; x_wconf 84' lang='lat' dir='ltr'><strong>ac_proposita</strong></span> <span class='ocrx_word' id='word_1_881' title='bbox 891 5568 957 5620; x_wconf 90' lang='lat' dir='ltr'><strong>ad</strong></span> <span class='ocrx_word' id='word_1_882' title='bbox 988 5565 1138 5629; x_wconf 81' lang='lat' dir='ltr'><strong>Ajuc.</strong></span> <span class='ocrx_word' id='word_1_883' title='bbox 1173 5580 1292 5631; x_wconf 85' lang='lat' dir='ltr'><strong>pag.</strong></span> <span class='ocrx_word' id='word_1_884' title='bbox 1328 5564 1464 5635; x_wconf 66' lang='lat'><strong>«£00;</strong></span> <span class='ocrx_word' id='word_1_885' title='bbox 1496 5565 1636 5635; x_wconf 78' lang='lat' dir='ltr'><strong>quod</strong></span> <span class='ocrx_word' id='word_1_886' title='bbox 1672 5576 1797 5618; x_wconf 89' lang='lat' dir='ltr'><strong>tunc</strong></span> <span class='ocrx_word' id='word_1_887' title='bbox 1831 5568 1914 5635; x_wconf 68' lang='lat' dir='ltr'><strong>vel</strong></span> <span class='ocrx_word' id='word_1_888' title='bbox 1940 5565 2256 5635; x_wconf 86' lang='lat' dir='ltr'><strong>ignorabam</strong></span> <span class='ocrx_word' id='word_1_889' title='bbox 2288 5564 2369 5620; x_wconf 81' lang='lat' dir='ltr'><strong>vel</strong></span> <span class='ocrx_word' id='word_1_890' title='bbox 2401 5583 2502 5619; x_wconf 89' lang='lat' dir='ltr'><strong>non</strong></span> <span class='ocrx_word' id='word_1_891' title='bbox 2536 5566 2910 5619; x_wconf 77' lang='lat' dir='ltr'><strong>iiieitiiiierain.</strong></span> 
     </span>
    </p>
   </div>
   <div class='ocr_carea' id='block_1_111' title="bbox 305 5632 1788 5707">
    <p class='ocr_par' dir='ltr' id='par_1_111' title="bbox 305 5632 1786 5707">
     <span class='ocr_line' id='line_1_113' title="bbox 305 5632 1786 5707; baseline -0.003 -18"><span class='ocrx_word' id='word_1_892' title='bbox 305 5632 700 5707; x_wconf 44' lang='lat'><strong>(96:98)}‘531;</strong></span> <span class='ocrx_word' id='word_1_893' title='bbox 734 5650 887 5707; x_wconf 70' lang='lat' dir='ltr'><strong>exttt,</strong></span> <span class='ocrx_word' id='word_1_894' title='bbox 917 5637 986 5689; x_wconf 65' lang='grc' dir='ltr'>ιιι</span> <span class='ocrx_word' id='word_1_895' title='bbox 1021 5635 1331 5707; x_wconf 16' lang='grc' dir='ltr'><strong>Τὰῗεξίδωλα⁸</strong></span> <span class='ocrx_word' id='word_1_896' title='bbox 1357 5633 1691 5707; x_wconf 59' lang='grc' dir='ltr'>τώνὲθνῶν,</span> <span class='ocrx_word' id='word_1_897' title='bbox 1718 5635 1786 5707; x_wconf 74' lang='grc' dir='ltr'>ᾲρ</span> 
     </span>
    </p>
   </div>
   <div class='ocr_carea' id='block_1_112' title="bbox 1901 5632 3159 5707">
    <p class='ocr_par' dir='ltr' id='par_1_112' title="bbox 1903 5632 3159 5707">
     <span class='ocr_line' id='line_1_114' title="bbox 1903 5632 3159 5707; baseline 0.002 -22"><span class='ocrx_word' id='word_1_898' title='bbox 1903 5632 1985 5707; x_wconf 64' lang='grc' dir='ltr'><strong>ιον</strong></span> <span class='ocrx_word' id='word_1_899' title='bbox 2018 5636 2396 5707; x_wconf 31' lang='grc' dir='ltr'>και-χρυσίον,</span> <span class='ocrx_word' id='word_1_900' title='bbox 2428 5636 2564 5707; x_wconf 78' lang='grc' dir='ltr'>ἔργα</span> <span class='ocrx_word' id='word_1_901' title='bbox 2599 5635 2801 5707; x_wconf 82' lang='grc' dir='ltr'>χειρῶν</span> <span class='ocrx_word' id='word_1_902' title='bbox 2834 5632 3159 5707; x_wconf 83' lang='grc' dir='ltr'>ἀνθρώπων.</span> 
     </span>
    </p>
   </div>
   <div class='ocr_carea' id='block_1_113' title="bbox 272 5702 1813 5788">
    <p class='ocr_par' dir='ltr' id='par_1_113' title="bbox 272 5702 1813 5788">
     <span class='ocr_line' id='line_1_115' title="bbox 272 5702 1813 5788; baseline 0 -31"><span class='ocrx_word' id='word_1_903' title='bbox 272 5702 420 5788; x_wconf 48' lang='lat'><strong>.(91?)</strong></span> <span class='ocrx_word' id='word_1_904' title='bbox 453 5702 622 5788; x_wconf 54' lang='lat' dir='ltr'><strong>Epist.</strong></span> <span class='ocrx_word' id='word_1_905' title='bbox 658 5706 907 5788; x_wconf 47' lang='lat' dir='ltr'><strong>militum.</strong></span> <span class='ocrx_word' id='word_1_906' title='bbox 934 5704 1232 5788; x_wconf 29' lang='lat' dir='ltr'><strong>latinae:</strong></span> <span class='ocrx_word' id='word_1_907' title='bbox 1265 5703 1402 5757; x_wconf 75' lang='grc' dir='ltr'>υΰτε</span> <span class='ocrx_word' id='word_1_908' title='bbox 1430 5702 1653 5773; x_wconf 62' lang='grc' dir='ltr'>ὕψωμα,</span> <span class='ocrx_word' id='word_1_909' title='bbox 1688 5702 1813 5757; x_wconf 70' lang='grc' dir='ltr'>οὕτε</span> 
     </span>
    </p>
   </div>
   <div class='ocr_carea' id='block_1_114' title="bbox 234 5773 1252 5844">
    <p class='ocr_par' dir='ltr' id='par_1_114' title="bbox 234 5773 1252 5844">
     <span class='ocr_line' id='line_1_116' title="bbox 234 5773 1252 5844; baseline -0.004 -15"><span class='ocrx_word' id='word_1_910' title='bbox 234 5773 333 5844; x_wconf 80' lang='grc' dir='ltr'>τῆς</span> <span class='ocrx_word' id='word_1_911' title='bbox 364 5777 587 5844; x_wconf 85' lang='grc' dir='ltr'>ἀγάπης</span> <span class='ocrx_word' id='word_1_912' title='bbox 608 5776 703 5828; x_wconf 86' lang='grc' dir='ltr'><strong>τοῦ</strong></span> <span class='ocrx_word' id='word_1_913' title='bbox 737 5775 894 5831; x_wconf 89' lang='grc' dir='ltr'>Θεοῦ.</span> <span class='ocrx_word' id='word_1_914' title='bbox 931 5776 1012 5831; x_wconf 75' lang='grc' dir='ltr'><strong>ω.</strong></span> <span class='ocrx_word' id='word_1_915' title='bbox 1046 5774 1135 5838; x_wconf 84' lang='grc'><strong>55,</strong></span> <span class='ocrx_word' id='word_1_916' title='bbox 1164 5773 1252 5825; x_wconf 82' lang='lat'><strong>57.</strong></span> 
     </span>
    </p>
   </div>
   <div class='ocr_carea' id='block_1_115' title="bbox 1901 5701 3485 5775">
    <p class='ocr_par' dir='ltr' id='par_1_115' title="bbox 1901 5701 3485 5775">
     <span class='ocr_line' id='line_1_117' title="bbox 1901 5701 3485 5775; baseline -0.001 -18"><span class='ocrx_word' id='word_1_917' title='bbox 1901 5704 2048 5770; x_wconf 78' lang='grc' dir='ltr'>άθος,</span> <span class='ocrx_word' id='word_1_918' title='bbox 2081 5701 2206 5759; x_wconf 64' lang='grc' dir='ltr'>οὔτε</span> <span class='ocrx_word' id='word_1_919' title='bbox 2248 5722 2334 5770; x_wconf 88' lang='grc' dir='ltr'><strong>τις</strong></span> <span class='ocrx_word' id='word_1_920' title='bbox 2383 5701 2560 5769; x_wconf 71' lang='grc' dir='ltr'>κτίσις</span> <span class='ocrx_word' id='word_1_921' title='bbox 2599 5701 2888 5774; x_wconf 75' lang='grc' dir='ltr'>ὅυνῆσεται</span> <span class='ocrx_word' id='word_1_922' title='bbox 2935 5701 3082 5775; x_wconf 68' lang='grc' dir='ltr'>ἡμᾶς</span> <span class='ocrx_word' id='word_1_923' title='bbox 3120 5704 3352 5775; x_wconf 82' lang='grc' dir='ltr'>χωρίσαι</span> <span class='ocrx_word' id='word_1_924' title='bbox 3386 5701 3485 5757; x_wconf 60' lang='lat' dir='ltr'><strong>an?</strong></span> 
     </span>
    </p>
   </div>
  </div>
