3902 6358
496 395 632 461 1095

1858 382 1900 437 Α
1910 377 2105 442 DDEN
2120 381 2207 439 DA
2221 418 2243 440 ,η

3626 383 3774 451 10%

484 506 627 554 male
658 513 815 570 agere
855 496 1032 552 dicere
1061 494 1197 552 haud
1228 512 1453 568 nequeo.
1484 500 1633 563 Quod
1661 508 1837 553 autem
1865 515 2046 567 magna

2163 492 2489 561 κακουργεῖν
2529 490 2628 559 μέν
2662 506 2719 542 σε
2758 488 2994 542 ἐθελοντὶ
3032 490 3135 543 οὐκ
3161 484 3270 559 ἔχω
3296 490 3513 559 λέγειν.
3546 492 3693 545 Ὀτι
3726 494 3784 547 ἃ

486 593 711 646 inscitia:
738 590 963 658 caligine
990 589 1343 643 circumfusus
1372 591 1467 655 sis,
1500 604 1561 643 ac
1592 600 1841 659 tanquam
1871 592 1922 644 in
1948 601 2053 643 tra—

482 680 763 735 ctabilibns
808 678 1043 734 tenebris
1081 680 1377 744 ambulans,
1411 696 1476 734 ne
1521 681 1795 735 minimum
1840 681 2051 749 quidem

483 770 697 823 luminis
727 769 1062 837 splendorem
1094 770 1405 837 perspicias,
1437 770 1507 824 ob
1554 771 1732 839 idque,
1775 779 1919 825 recta
1964 771 2049 825 via

481 860 699 924 amissa,
732 859 782 913 in
811 858 1100 928 prmeipitia
1146 867 1201 913 et
1246 859 1489 914 barathra
1538 859 1774 924 oberres,
1822 860 1873 914 id
1922 874 2049 914 vero

482 950 835 1005 certissimum
864 964 928 1004 ac
949 949 1430 1017 compertissimum
1459 948 1650 1016 habeo,
1680 959 1839 1018 teque
1863 950 2046 1014 etiam,

481 1053 515 1094 ο
543 1047 710 1108 pater,
740 1037 793 1093 id
838 1038 1140 1114 intelligere
1165 1040 1343 1106 cupio.
1377 1040 1452 1093 Ac
1481 1047 1762 1107 propterea
1802 1040 2050 1094 tenebras

483 1131 615 1184 lucis
638 1130 755 1183 loco
773 1136 977 1193 tenens;
1000 1142 1064 1183 ac
1086 1138 1309 1182 mortem
1334 1129 1458 1183 vita:
1479 1128 1647 1183 instar
1665 1130 2044 1197 complectens,

484 1221 635 1276 utilia
660 1220 880 1275 consilia
908 1221 1110 1284 iniisse,
1137 1219 1539 1289 fructuososque
1562 1222 1908 1289 cogitationes
1934 1236 2051 1276 sus-

487 1313 697 1380 cepisse
728 1311 821 1365 tibi
869 1311 1082 1365 videris.
1114 1312 1183 1364 At
1218 1326 1322 1363 non
1367 1312 1436 1365 ita
1464 1320 1563 1370 est.
1596 1328 1699 1366 non
1728 1313 1938 1381 inquam
1967 1324 2052 1367 est

482 1403 576 1459 ita.
602 1402 733 1456 Nam
761 1416 860 1457 nec
885 1418 947 1458 ea
976 1419 1093 1473 qua:
1122 1405 1392 1459 veneraris
1419 1404 1492 1458 dii
1541 1415 1686 1468 sunt,
1729 1406 1821 1460 sed
1853 1406 2052 1460 daemo-

484 1509 613 1548 num
644 1502 854 1560 statua,
884 1509 1096 1548 omnem
1126 1509 1307 1548 eorum
1356 1498 1737 1550 exsecrandam
1787 1497 2051 1565 operatio-

487 1599 610 1638 nem
641 1586 779 1639 intus
824 1584 1186 1651 continentes;
1214 1600 1312 1639 nec
1356 1600 1566 1639 rursum
1619 1588 1723 1640 vita
1773 1601 1838 1641 ea
1889 1600 2049 1655 quam

483 1688 696 1728 suavem
725 1680 781 1726 et
808 1674 1153 1742 voluptariam
1183 1674 1437 1741 appellas,
1459 1676 1912 1745 jucunditatisque
1935 1692 2052 1731 om-

430 1780 433 1789 ·
485 1762 569 1815 nis
593 1771 646 1815 et
671 1762 951 1815 hilaritatis
979 1761 1190 1829 plenam
1214 1776 1335 1815 esse
1364 1777 1570 1827 censes,
1596 1764 1856 1833 ejusmodi
1898 1774 2053 1820 natu-

2165 584 2335 654 πολλή
2370 599 2452 635 σοι
2500 582 2864 654 περικέχυται
2907 581 3183 651 ἀγνωσίας
3213 582 3413 653 ἀχλὺς,
3455 584 3561 638 καὶ
3603 585 3692 648 ὡς
3726 589 3784 638 ἐν

2166 674 2348 727 σκότει
2410 673 2717 745 ψηλαφητῷ
2768 672 2844 744 (1)
2906 673 3277 744 πορευόμενος
3331 674 3577 737 οὐδόὶως
3642 677 3781 746 δρᾷς

2161 765 2341 833 φωτὸς
2384 765 2491 818 κᾶν
2536 764 2743 835 μικράν
2779 781 2901 817 τινα
2928 765 3326 836 μαρμαρυγὴν,
3371 765 3498 819 ὅθεν
3525 767 3647 836 τὴν
3686 768 3780 819 εὐ-

2159 856 2313 910 θεῖαν
2344 856 2421 926 (2)
2455 856 2730 921 ἀπολέσας
2758 859 3025 928 κρημνοῖς
3046 858 3141 910 καὶ
3169 856 3408 926 φάραγξι
3425 857 3651 920 δεινοῖς
3676 875 3777 909 πε·

2163 946 2596 1017 ριπεπλάνησαι,
2638 944 2799 998 τοῦτο
2840 943 2996 1012 κάγὼ
3037 944 3273 1015 βεϐαίως
3318 946 3642 1016 ἐπίσταμαι
3678 947 3774 999 καὶ

2161 1037 2245 1102 σὲ,
2293 1037 2460 1106 228
2511 1038 2709 1107 πάτερ,
2745 1034 3036 1104 γινώσκειν
3093 1036 3377 1106 βούλομαι.
3410 1037 3506 1090 Διὸ
3564 1039 3773 1102 σκότος

2157 1128 2280 1181 ἀντὶ
2318 1128 2495 1197 φωτὸς
2530 1127 2777 1197 κατέχων
2823 1125 2916 1180 καὶ
2949 1127 3179 1181 Θανάτου
3208 1126 3401 1199 ὥσπερ
3434 1128 3593 1199 ζωῆς
3636 1130 3771 1183 ἀντ.

2160 1219 2443 1289 εχόμενος,
2483 1217 2587 1271 οίει
2614 1218 3000 1288 συμφερόντως
3033 1217 3418 1289 βεϐουλεῦσθαι
3459 1219 3559 1272 καὶ
3612 1221 3767 1274 λυσι-

2152 1310 2328 1375 τελῶς
2375 1310 2776 1379 ἐντεθυμῆσθαι
2819 1309 2930 1381 (3)'
2971 1311 3088 1365 ἀλλ’
3119 1311 3221 1365 οὐκ
3253 1311 3370 1365 ἐστι
3413 1312 3626 1379 ταῦτα,
3664 1316 3765 1367 οὐκ

2158 1401 2326 1456 ἐστιν.
2366 1402 2505 1455 Οῦτε
2544 1402 2654 1473 γὰρ
2687 1405 2831 1474 άπερ
2864 1402 2998 1475 σέϐῃ
3027 1402 3138 1455 θεοί
3173 1406 3343 1469 εἰσιν,
3378 1402 3520 1457 ἀλλά
3556 1406 3763 1473 στῆλαι

2152 1497 2444 1567 δαιμόνων,
2468 1496 2646 1548 πᾶσαν
2666 1495 2846 1548 αὐτῶν
2884 1497 2984 1564 τὴν
3009 1496 3260 1565 μυσαράν
3286 1496 3575 1566 ἐνέργειαν
3609 1498 3763 1551 ἔνδον

2154 1586 2408 1657 ἔχουσαι·
2460 1582 2583 1639 οὔτε
2630 1586 2806 1655 ἥνπερ
2856 1586 3113 1653 γλυκεῖαν
3166 1586 3463 1649 ἀποκαλεῖς
3516 1588 3624 1640 καὶ
3677 1592 3760 1641 ἐν-

2155 1680 2342 1749 ήδονον
2382 1678 2589 1748 βιοτὴν,
2637 1678 3002 1748 τερπνότητός
3046 1694 3105 1729 τε
3141 1678 3236 1731 καὶ
3262 1678 3536 1748 θυμηδίας
3573 1680 3759 1743 δοκεῖς

2154 1769 2571 1841 πεπληρῶσθαι,
2600 1768 2704 1838 τῆς
2739 1769 2999 1839 τοιαύτης
3045 1768 3157 1839 ἔχει
3188 1769 3423 1837 φύσεως,
3457 1769 3606 1824 ἀλλά
3640 1773 3758 1841 βδε-

485 1866 597 1905 ratn
644 1852 841 1916 habet,
878 1851 971 1904 sed
1017 1850 1061 1905 si
1110 1853 1346 1907 veritatis
1386 1854 1586 1922 judicio
1636 1857 1881 1910 standum
1930 1870 2046 1926 est,

2152 1837 2506 1931 λυκτή-’ἐστιν
2536 1837 2697 1928 αῦτη,
2734 1860 2877 1913 κατά
2908 1837 2971 1929 γε
2999 1837 3105 1913 τὸν
3136 1860 3236 1930 τῆς
3268 1860 3532 1930 ἀληθείας
3563 1837 3753 1931 λόγον,

422 1990 426 2003 ,
484 1940 809 1995 exsecranda
833 1955 897 1994 ac
927 1942 1097 1996 modis
1135 1944 1378 1996 omnibus
1406 1946 1696 1999 aversanda
1721 1955 1821 2001 est.
1852 1948 2051 2014 Quam-

486 2031 567 2084 vis
593 2031 733 2084 enim
764 2030 829 2083 ad
871 2030 1081 2097 aliquod
1112 2040 1318 2100 tempus
1346 2032 1530 2089 fauces
1554 2036 1790 2102 deliniat,
1823 2046 1943 2106 post
1968 2046 2049 2093 ta-

486 2136 631 2188 men,
658 2129 768 2175 uta
809 2121 1059 2189 magistro
1085 2137 1205 2177 meo
1249 2123 1446 2178 dictum
1498 2135 1601 2193 est,
1657 2127 1774 2183 felle
1817 2129 2050 2184 amarius

485 2210 763 2280 digeritur,
792 2210 1072 2280 gladioque
1094 2213 1309 2280 ancipiti
1335 2215 1539 2271 acutior
1567 2225 1672 2273 est.

546 2444 613 2499 Et
640 2457 865 2513 quonam
895 2443 1106 2497 tandem
1134 2450 1286 2511 pacto
1308 2442 1422 2510 ejus
1447 2441 1584 2495 mala
1617 2441 1711 2496 tibi
1753 2453 2038 2496 recensere

477 2536 727 2605 possem?
775 2534 1129 2589 Dinumerabo
1157 2549 1238 2596 ea,
1266 2544 1319 2589 et
1353 2549 1514 2601 super
1542 2548 1756 2591 arenam
1790 2531 2040 2601 multipli-

480 2626 744 2681 cabuntur
791 2623 958 2694 (Psal.
990 2624 1282 2693 cxxxvnt);
1330 2623 1521 2679 diaboli
1549 2624 1689 2679 enim
1720 2624 1907 2678 hamus
1937 2638 2040 2690 εει,

481 2712 806 2770 exsecranda
832 2712 1123 2781 voluptate,
1152 2721 1397 2781 tanquam
1420 2710 1672 2766 illecebra
1702 2711 1927 2781 quadam
1949 2713 2043 2767 ob-

479 2804 691 2868 ductus,
718 2817 812 2873 per
840 2817 995 2872 quam
1026 2816 1121 2857 eos
1151 2801 1238 2872 qui
1267 2801 1319 2855 in
1347 2800 1585 2855 fraudem
1607 2800 1949 2865 inducuntur,
1978 2800 2044 2855 ad

478 2892 642 2948 imum
674 2892 862 2948 inferni
892 2892 1150 2963 gurgitem
1182 2888 1360 2946 trahit.
1386 2891 1527 2946 Bona
1557 2900 1731 2947 autem
1755 2905 1786 2945 a
1817 2891 2044 2947 Domino

476 2999 601 3041 meo
625 2986 914 3054 promissa,
952 2998 1070 3054 qua:
1117 2984 1328 3054 quidem
1381 2992 1434 3038 tu
1477 2982 1693 3039 incertae
1726 2985 1848 3039 vita
1895 2998 2043 3053 spem

481 3073 823 3143 nuncupasti,
853 3073 919 3127 ab
946 3072 1092 3128 omni
1140 3071 1419 3128 mendacio
1446 3080 1502 3127 et
1546 3073 1839 3128 mutatione
1867 3073 2043 3128 aliena

2153 1955 2248 2005 καὶ
2296 1952 2690 2021 ἀποτρόπαιος.
2746 1952 2893 2022 Πρὸς
2938 1952 3130 2022 καιρὸν
3163 1951 3274 2022 γάρ
3311 1952 3605 2021 γλυκαίνει
3661 1956 3755 2009 καὶ

2151 2045 2355 2098 λεαίνει
2405 2044 2499 2097 τὸν
2554 2044 2813 2115 φάρυγγα
2850 2042 2953 2115 (4),
3005 2044 3234 2115 ὕστερον
3289 2045 3347 2099 δὲ
3401 2048 3754 2119 πικροτέμ

2149 2139 2315 2210 χολῆς
2366 2141 2598 2192 ποιεῖται
2649 2138 2750 2201 τὰς
2809 2138 3125 2203 ἀναδόσεις,
3164 2138 3239 2203 ὡς
3286 2140 3315 2192 6
3358 2141 3495 2210 ἐμὸς
3529 2141 3645 2211 ἔφη
3678 2142 3754 2196 διο

2148 2232 2449 2295 δάσκαλος,
2501 2233 2595 2285 καὶ
2622 2230 2934 2303 ἡκονημένη
2989 2231 3191 2300 μᾶλλον
3232 2232 3514 2303 μαχαίρας
3554 2234 3746 2287 διστόο

2150 2341 2252 2395 μου
2289 2325 2390 2396 (5).
3540 2352 3559 2363 ι

2141 2466 2151 2473 -
2215 2437 2327 2493 Καὶ
2358 2438 2476 2502 πῶς
2514 2437 2587 2492 ἀν
2628 2453 2710 2492 σοι
2758 2436 2828 2492 τὰ
2873 2436 3079 2509 ταύτης
3119 2438 3266 2492 κακὰ
3319 2436 3747 2511 διηγησαίμην;

2158 2527 2622 2601 Ἐξαριθμήσομαι
2660 2529 2832 2595 αὐτὰ,
2893 2528 2986 2583 καὶ
3024 2530 3165 2601 ὑπὲρ
3210 2531 3397 2601 ἄμμον
3427 2532 3747 2606 πληθυνθήο

2146 2638 2329 2675 σονται
2359 2619 2457 2691 (6).
2492 2621 2820 2691 Ἀγκιστρον
2849 2619 2959 2692 γάρ
3005 2622 3124 2673 ἐστι
3169 2618 3265 2674 τοῦ
3316 2621 3618 2690 διαϐόλου,
3669 2626 3743 2687 ὡς

2141 2710 2333 2783 δέλεαρ
2367 2710 2463 2782 τὴν
2491 2708 2755 2781 βδελυρὰν
2775 2711 3136 2783 περικειμένη
3173 2712 3386 2783 ἡδονὴν,
3416 2712 3488 2766 δι’
3517 2709 3582 2768 οῦ
3615 2715 3743 2779 τοὺς

2142 2805 2560 2875 ἀπατωμένους,
2583 2805 2662 2866 είς
2682 2803 2774 2856 τὸν
2792 2802 2887 2857 τοῦ
2913 2800 3042 2875 ᾂδου
3063 2802 3320 2859 καθέλκει
3347 2806 3613 2877 πυθμένα
3637 2807 3737 2880 (7).

2141 2897 2222 2950 Τά
2250 2896 2308 2949 δὲ
2338 2896 2489 2967 παρὰ
2517 2894 2612 2948 τοῦ
2646 2895 2783 2966 ἐμοῦ
2809 2896 3080 2950 Δεσπότου
3111 2894 3503 2968 ἐπηγγελμένα
3525 2900 3736 2967 ἀγαθά,

2141 2989 2287 3058 ἅπερ
2314 2988 2379 3041 σὺ
2420 2985 2618 3057 ἀδήλου
2642 2985 2787 3057 ζωῆς
2810 2985 3000 3040 ἐλπίδα
3027 2986 3343 3056 ὠνόμασας.
3375 2987 3597 3059 ἀψευδῆ
3630 2992 3739 3044 είσι

2141 3081 2238 3137 καὶ
2269 3079 2635 3145 ἀναλλοίωτα,
2666 3079 2819 3143 τέλος
2860 3080 2962 3132 οὐκ
3005 3071 3136 3145 οίδε,
3171 3079 3354 3151 φθορᾷ
3381 3080 3483 3151 ούχ
3510 3082 3740 3136 ὑπόκει-

479 3172 624 3231 sunt,
651 3163 808 3218 linem
841 3163 1102 3227 nesciunt,
1129 3161 1454 3231 eorruptioni
1481 3161 1720 3231 subjecta
1742 3177 1847 3218 non
1872 3173 1995 3218 sunt
2025 3176 2042 3217 :

2148 3189 2266 3227 ταιο
2309 3171 2465 3241 λόγος
2497 3170 2600 3225 οῦκ
2645 3170 2793 3225 ἐστιν
2836 3172 2865 3224 6
2892 3172 3243 3244 παραστῆσαι
3273 3171 3335 3224 τὸ
3368 3171 3611 3242 μέγεθος
3639 3175 3735 3246 τῆς

478 3253 709 3322 denique
729 3252 870 3307 nulla
896 3261 978 3306 est
998 3252 1187 3315 oratio,
1214 3266 1333 3321 qua:
1356 3251 1497 3306 illius
1518 3250 1700 3320 gloria:
1722 3261 1778 3306 et
1792 3250 2044 3320 jucundi-

480 3345 625 3409 tatis,
661 3343 801 3398 illius
832 3341 1199 3398 inenarrabilis
1236 3342 1411 3411 gaudii
1446 3356 1509 3397 ac
1549 3351 1814 3411 perpetuae
1845 3342 2044 3398 laetitiae

480 3432 900 3503 magnitudinem
929 3432 1229 3498 exprimere
1254 3438 1432 3499 queat.
1458 3431 1655 3487 Omnes
1676 3432 1839 3494 enim,
1871 3447 2058 3501 quem-

478 3520 763 3576 admodum
804 3520 917 3589 ipse
965 3520 1130 3585 vides,
1171 3521 1449 3589 morimur,
1486 3536 1585 3576 nec
1622 3531 1705 3576 est
1754 3521 1912 3576 homo
1950 3521 2043 3592 qui

478 3612 641 3675 vivat,
689 3618 744 3665 et
786 3617 1010 3665 mortem
1063 3610 1271 3664 visurus
1316 3624 1422 3664 non
1465 3609 1537 3664 sit
1591 3608 1681 3682 (ll
1736 3611 1867 3680 Reg.
1911 3627 2035 3678 xlv;

480 3702 630 3756 Psal.
660 3700 952 3771 uxxvm);
996 3702 1229 3756 futurum
1274 3710 1356 3757 est
1396 3711 1572 3757 autem
1617 3713 1674 3757 ut
1720 3718 1929 3758 rursum
1970 3704 2039 3759 ad

478 3794 638 3848 vitam
666 3794 965 3861 redeamus,
994 3802 1102 3848 tum
1151 3795 1422 3860 nimirum.
1451 3809 1572 3850 cum
1602 3795 1858 3851 Dominus
1883 3796 2040 3852 Jesus

476 3884 719 3940 Christus
746 3885 835 3940 Dei
860 3885 1024 3939 Filius
1052 3886 1103 3940 in
1133 3885 1321 3955 gloria,
1351 3902 1468 3956 qua!
1490 3888 1645 3943 nullis
1672 3889 1850 3943 verbis
1862 3889 2039 3944 decla-
2067 3940 2084 3959 ,.

478 3977 584 4031 rari
609 3985 801 4045 potest,
821 3992 884 4032 ac
906 3977 1175 4032 tremenda
1193 3981 1423 4047 p0tentia
1438 3979 1614 4034 veniet
1635 3979 1851 4049 (Matth.
1882 3982 2035 4052 xxv),

479 4067 590 4136 ille,
622 4068 858 4137 inquam,
898 4067 1009 4121 Rex
1060 4082 1240 4134 regum
1268 4084 1330 4123 ac
1360 4071 1609 4125 Dominus
1650 4071 2033 4127 dominantium

476 4157 659 4225 (Apoc.
676 4155 914 4229 ιιι),ουί
947 4171 1104 4211 omne
1131 4173 1267 4226 genu
1299 4158 1557 4220 ﬂectetur.
1582 4160 1904 4226 caelestium,
1930 4169 2038 4215 ter-

2140 3267 2298 3336 δόξης
2342 3265 2559 3335 ἐκείνης
2599 3264 2695 3319 καὶ
2742 3267 3109 3337 τερπνότητος
3157 3266 3380 3337 ἰσχύων,
3418 3267 3593 3338 229
3634 3268 3734 3338 τῆς

2141 3360 2318 3429 χαρᾶς
2360 3359 2459 3429 τῆς
2495 3357 2887 3428 ἀνεκλαλήτου,
2924 3357 3024 3428 τῆς
3055 3355 3337 3428 διηνεκοῦς
3361 3358 3731 3429 εὐφροσύνης.

2142 3450 2352 3513 Πάντες
2401 3449 2502 3521 μὲν
2529 3448 2660 3520 γάρ,
2697 3449 2950 3521 καθάπερ
2981 3450 3145 3514 αὐτὸς
3188 3452 3340 3521 ὁρᾷς,
3393 3452 3734 3524 ἀποθνήσκο-

2145 3554 2267 3609 μεν,
2297 3536 2391 3590 καὶ
2416 3537 2516 3589 οὐκ
2542 3536 2689 3589 ἐστιν
2718 3536 3003 3607 ἄνθρωπος
3023 3537 3081 3601 ὃς
3101 3537 3327 3609 ζήσεται
3358 3541 3453 3593 καὶ
3472 3542 3575 3595 ούκ
3606 3541 3733 3608 ὕψει

2141 3646 2231 3682 ται
2265 3628 2495 3683 θάνατον
2514 3644 2529 3659 ο
2554 3628 2821 3699 μέλλομεν
2845 3629 2901 3682 δέ
2934 3629 3134 3695 πάντες
3164 3631 3489 3686 ἀνίστασθαι
3510 3674 3526 3697 ,
3561 3636 3727 3705 ἡνίκα

2140 3720 2419 3772 ἐλεύσεται
2451 3718 2655 3789 Κύριος
2695 3718 2901 3789 Ἰησοῦς
2931 3720 3188 3790 Χριστὸς,
3224 3722 3253 3773 6
3285 3720 3416 3784 Υἱὸς
3435 3722 3537 3775 τοῦ
3566 3721 3729 3786 θεοῦ,

2140 3813 2202 3864 ἐν
2232 3809 2357 3881 δόξῃ
2389 3810 2738 3881 ἀνεκλαλήτῳ
2770 3812 2865 3863 καὶ⁵
2886 3810 3117 3882 δυνάμει
3145 3811 3354 3883 φοϐερᾷ
3379 3812 3484 3882 (8),
3511 3817 3543 3867 ό
3566 3815 3729 3885 μόνος

2141 3901 2408 3964 Βασιλεὺς
2446 3901 2557 3955 τῶν
2606 3900 2996 3972 βασιλευόντων
3061 3902 3160 3957 καὶ
3215 3902 3422 3974 Κύριος
3468 3905 3586 3959 τῶν
3641 3925 3729 3961 κυ-

2140 3992 2430 4065 ριευόντων
2458 3990 2555 4063 (9),
2594 3985 2640 4057 ᾧ
2680 3992 2790 4044 πᾶν
2829 3992 2960 4060 γόνυ
2999 3991 3209 4062 κάμψει
3247 3993 3599 4064 ἐπουρανίων
3637 3995 3727 4049 καὶ

2139 4082 2400 4151 ἐπιγείων
2443 4082 2543 4135 καὶ
2575 4080 2947 4151 καταχθονίων
2999 4083 3144 4153 (10)⁶
3182 4083 3277 4136 καὶ
3323 4084 3604 4156 τοσαύτην
3636 4088 3725 4156 ἐμ-

2139 4178 2355 4243 ποιήσει
2375 4173 2499 4225 τότε
2522 4172 2622 4243 τὴν
2649 4172 2927 4239 ἔκστασιν,
2957 4173 3034 4235 ὡς
3056 4176 3150 4228 καὶ
3177 4174 3347 4238 αὐτὰς
3371 4176 3720 4247 ἐκπλαγῆναι

477 4247 751 4311 restrium,
780 4257 834 4299 et
867 4244 1197 4299 infernorum
1228 4244 1451 4314 (Philip.
1485 4245 1565 4317 n);
1594 4247 1788 4316 quique
1829 4256 2034 4303 tantum

2148 4264 2235 4327 τὰς
2273 4264 2556 4335 οὐρανίους
2601 4264 2861 4334 δυνάμεις
2915 4264 3063 4336 (11)⁸
3119 4266 3214 4318 καὶ
3271 4244 3720 4339 παραστήσονται

474 4335 719 4389 omnbus
756 4347 1012 4400 pavorem
1038 4332 1427 4399 commovebit,
1479 4344 1537 4389 ut
1580 4335 1737 4391 etiam
1762 4336 1891 4403 ipsa
1919 4351 2034 4394 cm-

529 4575 605 4645 (1)
643 4575 905 4645 Respectu
935 4575 1001 4628 ad
1038 4574 1209 4631 Exod.
1240 4593 1293 4642 x,
1314 4577 1403 4631 2i.

2135 4355 2284 4429 αὐτῷ
2322 4356 2512 4429 τρόμῳ
2571 4355 2741 4427 χίλιαι
2791 4356 3024 4428 χιλιάδες
3081 4358 3176 4411 καὶ
3215 4357 3411 4430 μύριαι
3458 4360 3720 4433 μυριάδες

531 4643 607 4716 (2)
635 4647 695 4719 (ξ,
731 4643 791 4719 τ.
812 4644 928 4719 εὺθ.
964 4646 1103 4719 ὁδόν.
1133 4647 1303 4702 Omisi
1334 4648 1473 4711 ὁδὸν,
1507 4647 1660 4716 cujus
1693 4657 1778 4705 est
1821 4660 1946 4703 cum
1982 4644 2046 4698 ad

2148 4644 2250 4700 tivo
2285 4643 2775 4719 ebqsiajrequens
2802 4643 3028 4719 ellipsis,
3053 4646 3311 4719 et_quod,
3356 4648 3429 4703 ob
3481 4663 3718 4719 sequens

386 4776 394 4787 ,
457 4714 1020 4787 φάραγξι,νίι1ιετειμι·
1048 4717 1161 4770 fere
1191 4719 1500 4773 meminisse
1526 4714 1717 4773 auctor
1752 4720 2038 4787 verborum

2148 4730 2221 4769 ca:
2257 4730 2337 4778 tu,
2368 4716 2439 4770 5:
2477 4716 2638 4787 Πᾶσα
2667 4714 2888 4787 φάραγξ
2917 4714 3406 4787 πληρωθήσεται...
3442 4723 3541 4771 καὶ
3564 4714 3714 4775 ἔσται

455 4782 858 4859 τάσκολιά-είς
884 4784 1099 4839 εὐθεῖαν
1148 4787 1243 4839 καὶ
1271 4788 1330 4842 ai
1357 4789 1609 4859 τραχεῖαι
1639 4790 1721 4851 είς
1751 4787 1904 4851 ὁδοὺς
1959 4783 2127 4848 λείας.
2158 4787 2221 4850 Α,
2262 4787 2587 4855 φαράγγοις.
2622 4782 2687 4839 In
2714 4782 2777 4849 C,
2826 4789 2969 4840 inter
3016 4782 3246 4855 φάραξι,
3286 4791 3390 4854 sic,
3421 4801 3475 4842 et
3500 4790 3711 4857 δεινοῖς,

455 4864 538 4910 est
571 4855 834 4909 lacunnla.

526 4886 1218 5002 ἱέῖιέίί,Πέντεθυμεὶίσθαιἶ
1235 4926 1456 5002 _R_ursus
1485 4937 1608 5002 net
1637 4944 1685 4980 ει
1721 4929 1985 5002 confusa},
2023 4944 2046 4980 ιι

2148 4924 2418 5002 ueruntin
2447 4922 2628 5002 Basilii
2653 4923 2943 5002 Rmceptis
2973 4941 3022 4980 c.
3193 4926 3321 5002 ita»;
3351 4929 3463 5002 γᾴρ
3492 4886 3727 5002 ἑτιξροιδ⁵

457 4993 752 5057 πταίοντας
802 4993 1127 5063 λογοθετείς,
1164 4996 1304 5051 ἀλλά
1334 4997 1431 5049 καὶ
1482 4993 1642 5059 αὐτὸς
1689 4998 1799 5050 τῶν
1848 4997 2076 5051 σεαυτοῦ

2137 4994 2468 5073 σφαλμάτων
2522 4993 2813 5073 λογοθέτην
2862 4994 3007 5073 ἔχεις
3052 4996 3146 5073 τὸν
3182 4997 3340 5073 956v.
3364 4993 3542 5073 'B'ene
3588 4993 3703 5055 cod.

454 5065 589 5138 2991
623 5068 687 5138 ii,
721 5055 1032 5138 λογοθέτῇς.
1066 5055 1263 5123 Ibidem
1299 5082 1313 5120 :
1344 5067 1419 5138 A‘A
1443 5068 1551 5138 γὰρ
1573 5055 1641 5121 ἂν
1674 5067 1788 5132 τοῖς
1819 5067 2129 5130 συνδούλοις
2163 5055 2431 5135 ποιήσεις,
2457 5055 2630 5117 ταῦτα
2658 5055 2807 5134 παρά
2839 5055 2936 5119 τόῦ
2969 5055 3151 5119 κοινοῦ
3176 5064 3440 5124 δεσπότου
3468 5071 3707 5124 ἀνταπο-

451 5135 599 5207 δέξῃ.
632 5136 827 5207 lterum
855 5135 990 5207 bene
1016 5138 1204 5202 codex,
1232 5136 1489 5207 ποιήσῃς.

548 5209 600 5275 4)
632 5210 672 5259 Α
714 5209 831 5257 sine
857 5209 950 5258 καὶ
978 5209 1199 5263 λεαίνει.
1226 5209 1381 5261 Prov.
1412 5223 1421 5259 ι

525 5211 602 5347 ἒῦ)
634 5274 716 5347 _Cf.
737 5272 918 5347 Epist.
947 5277 1010 5330 ad
1031 5276 1193 5332 Hebr.
1231 5292 1303 5344 tv,
1333 5274 1421 5330 12.

522 5344 601 5410 (θ)
629 5344 771 5399 l’sal.
796 5360 1057 5410 cxxxvm,
1093 5346 1175 5400 18.

632 5205 837 5277 A_si_ne
857 5206 950 5258 καὶ
978 5206 1199 5277 λεαίνει.
1226 5204 1560 5277 Ρεονεὶκιν,
1593 5207 1698 5261 15τ
1732 5206 1851 5261 Ἵνα
1882 5208 2046 5276 γλυκσ

2148 5208 2158 5276 i
2195 5221 2289 5259 σου
2315 5204 2612 5276 ὁφάρυγξ.
2643 5204 2727 5261 Cf.
2769 5219 2826 5276 ι).
2861 5204 2985 5262 110.

522 5406 600 5489 (ἶ)
620 5414 786 5489 _l)ixit
812 5424 1003 5489 auctor
1026 5406 1443 5489 Proverbiorum
1470 5431 1582 5480 xtv,
1618 5416 1719 5489 li;
1752 5432 1861 5489 xvt,
1897 5416 1969 5471 25
1997 5432 2022 5489 :_

2148 5430 2339 5489 ξχεται,
2374 5412 2562 5489 βλέπε-ι
2592 5416 2673 5478 εἰς
2706 5415 2961 5489 πυθμένα
2994 5417 3143 5489 ᾅδου.

522 5483 599 5567 ςῧ)
619 5483 1032 5567 [ιιιςκξκιηὲὅι
1082 5487 1192 5539 Καὶ
1233 5488 1354 5567 τότε
1388 5486 1606 5555 ϐψονται
1640 5487 1731 5540 τὸν
1770 5488 1885 5539 υἱὸν
1932 5485 2025 5540 τοῦ
2076 5483 2383 5554 ἄνθρωπον
2421 5486 2714 5555 ἐρχόμενον
2754 5483 3061 5561 ἐφνεφέλῂ,
3113 5493 3251 5561 μετά
3276 5493 3573 5567 δυνάμεως
3617 5503 3698 5552 καὶ

452 5553 604 5624 δόξης
635 5553 861 5624 πολλῆς.
893 5554 1160 5624 Cf.§ttpt'a
1186 5574 1238 5624 p.
1269 5556 1357 5609 65.

524 5621 599 5693 (9)
632 5621 843 5689 lEpist.
875 5626 940 5676 ad
972 5621 1207 5678 Tin‘toth‘.
1242 5641 1313 5685 vt,
1344 5626 1429 5677 15.

522 5694 635 5763 (10)
671 5693 837 5763 Ia‘pisl.
870 5693 934 5745 ad
966 5694 1192 5763 Philipp.
1221 5712 1277 5757 tt,
1316 5696 1400 5749 10.

522 5761 632 5835 (ll)
670 5761 824 5835 (λοιιῆ
855 5777 905 5830 p.
936 5764 1022 5825 (53,
1053 5761 1116 5816 tt.
1140 5764 1226 5818 65.
