3902 6358
512 410 659 473 1099

1944 396 1983 450 Λ
1996 394 2289 454 ΟΒΕΝΒᾹ
2302 442 2316 454 .

3672 397 3799 461 Illi}

511 528 774 575 venenato
799 518 960 571 vermi
992 517 1322 573 addicentnr.
1355 518 1475 573 "me
1506 519 1716 575 illorum
1750 520 1921 588 portio
1952 520 2071 583 erit,

2188 506 2676 577 ταδικασθήσονται
2708 511 2786 571 εἰς
2814 509 2872 561 τὺ
2897 507 3005 578 πῦρ
3038 511 3135 578 τῆς
3166 509 3389 578 γεέννης
3420 510 3486 560 τὸ
3520 511 3798 565 ἄσϐεστον

509 613 626 665 inec
651 610 932 664 bcereditas
959 626 972 661 :
1007 609 1057 662 in
1086 611 1165 662 bis
1197 626 1289 677 per
1326 611 1643 679 sempiterna
1673 611 1868 664 smenla
1896 625 2076 664 versa-

508 702 728 763 bnntur,
760 698 1021 753 scelerum
1052 713 1236 767 ptenas
1264 699 1472 765 dantes,
1505 706 1782 767 propterea
1806 699 1945 767 quod
1977 700 2072 751 bo—

509 791 592 843 nis
621 790 686 844 iis
714 802 833 858 qua:
875 791 926 843 in
956 790 1333 858 pollicitatione
1362 789 1632 842 recondita
1658 798 1832 853 erant,
1863 798 2077 856 propter

508 883 724 935 brevem
751 882 1077 949 voluptatem
1125 880 1415 949 repudiatis
1442 888 1495 935 et
1534 880 1774 950 abjeCtis,
1819 890 2077 936 aeternum

495 973 609 1025 .sibi
642 972 771 1040 ipsis
821 972 1138 1039 supplicium
1177 971 1584 1025 acccrsiverunt.
1642 971 1745 1025 Pro
1787 972 1868 1026 bis
1898 972 2073 1040 igitur,

494 1064 612 1116 .ltoc
640 1071 743 1126 est,
775 1069 834 1115 ut
861 1071 913 1115 et
941 1061 1187 1129 gaudium
1223 1061 1351 1115 illud
1384 1061 1526 1115 omni
1555 1076 1802 1116 sermone
1825 1072 2077 1131 praestan-

496 1154 614 1208 .tins
639 1167 1054 1221 consequamur,
1085 1163 1138 1207 et
1165 1165 1359 1206 arcana
1391 1152 1479 1206 illa
1507 1153 1673 1222 gloria
1700 1157 1955 1218 lruamur,
1977 1169 2075 1207 an-

509 1245 759 1312 gelusque
784 1244 1073 1312 splendore
1088 1242 1459 1312 .adzequemus,
1482 1258 1544 1297 ac
1556 1243 1694 1303 bono
1707 1244 2080 1299 etdulcissimo

510 1335 737 1387 Domino
767 1334 948 1388 ﬁdenti
976 1334 1154 1389 animo
1168 1344 1423 1396 astemus,
1447 1343 1606 1401 atque
1632 1333 1994 1389 atrocissimas
2022 1344 2078 1389 et

494 1440 779 1493 nunquam
807 1425 1066 1480 ﬁniendas
1093 1438 1297 1493 partas,
1325 1433 1380 1479 et
1401 1424 1795 1479 acerbissimam
1830 1424 1970 1478 illam
1996 1424 2077 1478 in-

496 1518 724 1572 muniam
772 1518 1104 1586 eﬂugiamus,
1191 1533 1327 1586 quas
1400 1534 1508 1575 non
1581 1518 1879 1589 pecunias,
1958 1533 2075 1586 qnze

496 1626 611 1664 :non
637 1626 878 1679 corpora,
910 1612 1015 1664 imo
1037 1610 1195 1664 etiam
1223 1612 1365 1678 ipsas
1397 1610 1601 1661 animas
1630 1607 1949 1676 profundere
1982 1623 2075 1675 par

498 1701 689 1755 inerit?
702 1702 946 1766 Quistam
964 1701 1136 1768 ignavi
1159 1700 1320 1752 animi
1335 1707 1437 1762 est,
1457 1701 1576 1765 quis
1593 1704 1697 1750 tam
1719 1712 1927 1762 excors,
1947 1698 2073 1767 quin
2095 1732 2098 1737 -

502 1801 786 1845 sexcentas
816 1792 1166 1857 temporarias
1196 1797 1396 1842 mortes
1425 1788 1607 1843 subire
1654 1788 1704 1841 in
1734 1788 1966 1841 animum
1994 1788 2074 1841 in-

2189 600 2283 653 καὶ
2326 600 2565 669 ἀφεγγὲς
2613 601 2750 671 (‘22),
2802 604 2883 665 εἰς
2927 602 2987 653 τὸ
3019 602 3208 664 σκότος
3250 600 3312 652 τὸ
3355 601 3677 671 ἐξώτερον,
3711 606 3791 656 re.

2193 693 2438 764 βρυγμδν
2465 694 2575 747 τῶν
2603 694 2831 747 ὀδόντων
2864 695 2959 747 καὶ
2989 694 3248 765 σκώληκα
3279 695 3371 749 τὸν
3402 696 3631 749 ἰοϐόλον
3660 698 3789 765 (Ξῑῑι.

2190 784 2337 855 Αὕτη
2368 787 2402 855 ἡ
2431 785 2587 855 μερὶς
2623 786 2822 848 αὐτῶν,
2849 780 3003 848 οὗτος
3025 787 3053 839 δ
3079 786 3303 856 κλῆρος,
3343 783 3428 850 οἷς
3455 789 3545 850 είς
3588 789 3791 849 αἰῶνας

2191 876 2508 930 συνέπονται
2557 880 2683 940 τοὺς
2726 878 3116 948 άτελευτήτους
3168 880 3628 949 τιμωρούμενοι,
3681 880 3790 933 ἀνθ’

2188 964 2285 1033 ὧν,
2339 967 2411 1021 τά
2448 970 2507 1022 ἐν
2554 969 2912 1037 ἐπαγγελίαις
2969 969 3149 1037 άγαθά
3201 972 3655 1041 παρωσάμενοι.
3710 973 3788 1023 διὰ

2191 1062 2522 1131 πρόσκαιρον
2561 1059 2836 1131 ἁμαρτίας
2880 1060 3073 1131 ἡδονὴν
3100 1060 3328 1115 κόλασιν
3362 1062 3599 1114 αἰώνιον
3628 1060 3787 1126 εξελέ·

2192 1155 2369 1219 ξαντο.
2428 1153 2599 1225 ’Υπὲρ
2656 1152 2720 1222 δὴ
2772 1151 3021 1216 τούτων,
3074 1150 3213 1205 ὥστε
3253 1152 3357 1222 τῆς
3394 1152 3661 1224 άρῤήτου
3698 1155 3783 1222 μὲν

2190 1247 2365 1315 χαρᾶς
2398 1245 2615 1313 ἐκείνης
2647 1244 2926 1311 ἐπιτυχεῖν
2971 1242 3067 1295 καὶ
3115 1245 3214 1312 τῆς
3264 1243 3600 1314 ἀπορρήτου
3637 1246 3782 1314 δόξης

2189 1335 2508 1400 ἀπολαύειν,
2560 1337 2673 1398 τοῖς
2719 1334 2970 1402 ἀγγέλοις
3025 1334 3082 1386 δὲ
3126 1334 3516 1405 ἀντιλάμπειν,
3575 1337 3673 1389 καὶ
3717 1339 3781 1407 τῷ

2188 1429 2375 1498 ἀγαθῷ
2396 1428 2489 1480 καὶ
2516 1426 2837 1497 γλυκυτάτω
2860 1427 3103 1499 Δεσπότῃ
3137 1428 3272 1496 μετά
3297 1429 3631 1499 παρρησίας
3648 1447 3777 1500 m9-

2193 1519 2444 1574 ίστασθαι
2471 1562 2485 1585 ,
2540 1517 2639 1581 τὰς
2670 1518 3001 1589 πικροτάτας
3033 1518 3088 1569 δὲ
3123 1518 3394 1588 τιμωρίας
3428 1520 3527 1573 καὶ
3564 1521 3779 1572 ἀτελευ-

2189 1613 2386 1682 τήτους
2414 1609 2511 1664 καὶ⁵
2538 1609 2634 1681 τὴν
2661 1608 2928 1679 ὀδυνηρὰν
2957 1610 3173 1680 ἐκείνην
3199 1612 3465 1681 ἐκφυγεῖν
3489 1611 3774 1681 αἰσχύνην,

2190 1704 2331 1756 πόσα
2382 1702 2483 1757 οὑκ
2520 1703 2669 1768 ἄξιον
2717 1702 2980 1769 προέσθαι
3034 1703 3131 1755 καὶ
3176 1704 3435 1774 χρήματα
3492 1704 3667 1775 232
3696 1710 3778 1757 καὶ

2193 1796 2439 1865 σώματα,
2474 1795 2671 1866 μᾶλλον
2705 1795 2762 1848 δὲ
2793 1796 2887 1849 καὶ
2918 1796 3090 1858 αὐτὰς
3112 1795 3210 1856 τὰς
3236 1795 3451 1865 ψυχάςς
3485 1796 3593 1859 Τίς
3618 1798 3777 1859 οὕτως

504 1884 690 1946 (Ιιιειιι,
722 1892 778 1935 ιιι
806 1898 836 1936 a
865 1882 1185 1949 sempiterna
1215 1891 1267 1937 et
1300 1881 1420 1935 linis
1449 1883 1622 1935 omnis
1653 1892 1874 1948 experte
1902 1891 2071 1937 morte

2188 1862 2451 1958 ἀγεννὴς,
2474 1862 2584 1951 *τίς
2628 1885 2803 1950 οὕτως
2832 1885 3123 1950 ἀσύνετος,
3156 1862 3346 1956 ὡς
3374 1862 3623 1955 μυρίους
3658 1890 3777 1940 ὑπο-

505 1974 780 2031 liberetur.
813 1972 1126 2039 beatamque
1155 1981 1207 2025 et
1249 1971 1316 2024 ab
1364 1972 1508 2025 omni
1557 1970 1772 2023 interitu
1813 1980 2069 2024 remotam

504 2063 661 2113 vitam
693 2063 1025 2114 bmreditario
1056 2059 1355 2129 possideat,
1395 2074 1457 2112 ac
1503 2068 1701 2114 sanctae
1738 2068 1793 2114 et
1821 2061 1942 2114 vita:
1972 2061 2070 2114 ini-

498 2154 632 2204 tium
666 2152 931 2206 offerentis
964 2151 1236 2205 Trinitatis
1263 2152 1460 2207 lumine
1484 2152 1863 2207 collustretur?

577 2451 706 2505 CAP.
751 2450 939 2505 XXVI.
981 2452 1195 2507 ——ll:nc
1218 2453 1373 2507 verba
1416 2468 1533 2508 cum
1568 2469 1657 2507 rex
1700 2452 1973 2513 andiisset,
2023 2451 2074 2502 li-

511 2544 674 2610 lique
728 2544 1031 2596 ﬁrmitatem
1101 2554 1259 2611 atque
1308 2547 1659 2597 constantiam
1697 2544 2072 2611 perspexisset,

510 2648 608 2685 nec
640 2632 929 2697 blanditiis,
960 2646 1056 2687 nec
1086 2647 1390 2687 sermonum
1415 2633 1697 2695 lenocinio,
1724 2648 1819 2685 nec
1845 2630 2076 2693 denique

506 2722 884 2789 suppliciorum
917 2722 1074 2775 minis
1104 2722 1363 2785 cedentis,
1399 2722 1655 2795 orationis
1693 2720 1901 2789 quidem
1936 2720 2073 2772 illius

507 2812 957 2877 probabilitatem,
989 2827 1048 2865 ac
1068 2827 1324 2880 responsa
1352 2828 1470 2882 qua:
1501 2812 1671 2867 refelli
1705 2828 1805 2866 non
1834 2820 2070 2880 possent,

504 2902 883 2963 admirabatur,
908 2910 1065 2969 atque
1094 2904 1252 2956 etiam
1282 2916 1309 2954 a
1338 2902 1547 2970 propria
1577 2901 1922 2966 conscientia,
1955 2915 2072 2967 qua)

496 2992 675 3059 ipsum
698 3006 821 3045 vera
842 3000 896 3047 et
920 2992 1057 3060 iusta
1098 2993 1274 3048 dicere
1304 2993 1724 3057 demonstrabat,
1751 2991 2073 3061 coargueba-

497 3103 612 3160 tur;
633 3107 815 3147 verum
846 3107 875 3145 a
910 3104 1068 3159 prava
1091 3089 1479 3145 consuetudine
1508 3096 1666 3154 atque
1706 3099 1733 3135 a
1767 3083 1971 3135 vitiosis
1991 3080 2068 3131 al-

2189 1980 2381 2049 στῆναι
2410 1978 2781 2049 προσκαίρους
2804 1978 3088 2042 θανάτους,
3120 1977 3206 2030 ῖνα
3232 1977 3325 2029 τοῦ
3353 1979 3586 2031 αἰωνίου
3623 1980 3777 2033 ἀπαλ-

2174 2072 2323 2143 λαγῇ
2359 2074 2454 2126 καὶ
2501 2072 2856 2143 ἀτελευτήτου
2899 2071 3153 2134 θανάτου,
3184 2072 3284 2142 τὴν
3312 2071 3461 2145 ζωὴν
3487 2075 3547 2127 δὲ
3582 2076 3775 2146 κληροο

2185 2167 2399 2237 νομήσῃ
2422 2165 2520 2237 τὴν
2547 2165 2823 2236 μακαρίαν
2846 2182 2904 2217 τε
2928 2166 3027 2218 καὶ
3052 2164 3381 2237 ἀνώλεθρον,
3407 2167 3509 2219 καὶ
3532 2168 3621 2237 τῷ
3648 2169 3779 2237 φωτὶ

2187 2256 2543 2327 περιλαμφθῇ
2597 2256 2697 2325 τῆς
2752 2256 3033 2327 μακαρίας
3094 2256 3189 2313 καὶ
3239 2257 3566 2329 ζωαρχικῆς
3627 2261 3780 2330 Ὑριέα

2184 2348 2273 2411 δος
2310 2347 2421 2415 (94)
2445 2364 2458 2411 ;

2258 2440 2430 2492 ΚΕΨ.
2472 2440 2599 2493 KA'.
2648 2441 2868 2493 Τούτων
2908 2439 3152 2501 ἀκοῦσας
3180 2441 3208 2493 ὁ
3241 2439 3503 2509 βασιλεὺς
3537 2444 3658 2495 τῶν
3688 2446 3777 2514 pr,-

2190 2530 2396 2600 μάτων,
2437 2530 2530 2583 καὶ
2567 2531 2628 2583 τὸ
2672 2531 2992 2601 στερέμνιον
3033 2530 3127 2583 καὶ
3173 2531 3461 2584 ἀνένδοτον
3515 2532 3652 2585 ἰδὼν
3690 2534 3775 2586 τοῦ

2187 2622 2379 2683 παιδὸς
2431 2622 2570 2692 μήτε
2625 2621 2941 2687 κολακείαις
2983 2623 3229 2685 εἴκοντος
3262 2623 3374 2693 (25)
3409 2624 3555 2694 μήτε
3609 2626 3777 2693 λόγων

2186 2713 2398 2777 πειθοῖ,
2436 2714 2509 2785 μὴ
2550 2714 2836 2785 τιμωριῶν
2884 2714 3170 2780 ἀπειλαῖς,
3217 2715 3501 2786 ἐθαύμαζε
3551 2718 3660 2786 μὲν
3694 2719 3777 2769 ἐπὶ

2184 2809 2250 2877 τῇ
2276 2806 2589 2875 πιθανότητι
2618 2806 2714 2858 τοῦ
2746 2804 2906 2872 λόγου
2925 2806 3018 2858 καὶ
3048 2807 3169 2869 ταῖς
3189 2805 3619 2877 άναντιρρήτοις
3649 2810 3776 2861 ἀπο-

2186 2897 2454 2968 κρίσεσιν,
2504 2896 2770 2966 ἠλέγχετο
2814 2896 2870 2951 δὲ
2921 2896 3027 2949 ὑπὸ
3072 2896 3167 2950 τοῦ
3215 2897 3544 2961 συνειδότος.
3606 2899 3775 2969 ἀληθῆ

2185 2988 2361 3056 λέγειν
2401 2988 2563 3042 αὑτὸν
2597 2989 2688 3041 καὶ
2718 2988 2903 3042 δίκαια
2953 2988 3398 3052 ὑποδεικνύοντος
3422 3006 3436 3019 ·
3495 2991 3622 3044 ἀλλ’
3658 2993 3775 3045 ἀνθ-

2187 3081 2400 3133 είλκετο
2452 3080 2557 3133 ὑπὸ
2588 3080 2690 3149 τῆς
2740 3082 2987 3152 πονηρᾶς
3041 3081 3333 3151 συνηθείας
3386 3083 3486 3134 καὶ
3560 3083 3675 3135 τῶν
3723 3085 3777 3134 ἐν

500 3181 839 3245 lectionibus,
881 3195 1104 3249 quarum
1162 3179 1397 3233 habitum
1451 3185 1808 3241 contraxerat,
1859 3184 1913 3227 et
1959 3187 2071 3240 qum

2188 3172 2295 3239 ἕξει
2332 3171 2740 3241 βεδαιωθέντων
2788 3173 2848 3226 ἐν
2893 3172 3042 3243 αὑτῷ
3094 3174 3303 3237 παθῶν,
3338 3173 3431 3241 ὑφ’
3480 3170 3558 3227 ὧν
3591 3175 3671 3237 ὡς
3720 3177 3773 3227 ἐν

500 3290 626 3328 cum
660 3273 805 3326 velut
852 3288 1005 3325 camo
1047 3280 1102 3327 et
1148 3270 1298 3325 freno
1346 3270 1647 3334 coercebat,
1696 3281 1796 3321 nec
1839 3266 2077 3318 veritatis

500 3366 681 3417 lumen
724 3362 1028 3430 perspicere
1077 3361 1307 3427 sinebat,
1364 3362 1414 3413 in
1448 3360 1715 3413 diversum
1747 3354 2073 3409 trahebatur.

505 3456 580 3507 Ac
611 3463 889 3523 propterea
924 3453 1121 3506 nnllnm
1146 3468 1247 3505 non
1277 3452 1526 3520 lapidem,
1563 3458 1621 3503 ut
1648 3448 1750 3502 dici
1780 3448 1935 3511 solet,
1968 3461 2076 3498 mo-

504 3550 656 3604 vens,
701 3544 752 3595 in
808 3556 873 3596 eo
906 3543 1047 3611 quod
1103 3543 1252 3611 prius
1292 3541 1391 3595 sibi
1440 3549 1788 3608 proposuerat
1818 3539 2071 3600 b-rrebat,

502 3635 783 3687 consilium
816 3634 1078 3699 nimirum,
1129 3632 1269 3700 quod
1324 3645 1443 3685 cum
1488 3629 1692 3682 Arache
1739 3635 1972 3697 ceperat,
2023 3629 2074 3681 in

499 3738 633 3789 opus
667 3723 957 3789 perducere
981 3723 1220 3790 cupiens.
1256 3720 1433 3787 Itaque
1476 3719 1539 3772 ad
1572 3718 1732 3771 ﬁlium
1763 3720 1869 3771 ait:
1900 3717 2073 3785 Opor-

500 3815 641 3868 tebat
663 3814 896 3881 quidem,
933 3813 1025 3876 Illi,
1055 3821 1107 3865 te
1138 3811 1271 3865 meis
1301 3809 1534 3879 imperiis
1562 3807 1810 3864 omnibus
1833 3809 1887 3862 in
1915 3808 2073 3862 rebus

480 3907 824 3973 “simpliciter
847 3904 1089 3973 obsequi.
1122 3904 1379 3969 Quoniam
1401 3913 1576 3958 autem
1607 3917 1705 3971 pro
1751 3912 1836 3956 tua
1877 3901 2072 3956 duritia

502 4008 660 4067 atque
709 3997 1039 4051 contumacia
1102 3994 1229 4050 mibi
1277 3995 1347 4049 ita
1404 3994 1752 4050 vehementer
1794 3992 2067 4059 restitisti,

500 4090 601 4143 hoc
631 4106 794 4145 unum
824 4088 1169 4154 contendens,
1197 4097 1253 4142 ut
1280 4096 1367 4141 tua
1396 4088 1657 4142 sententia
1696 4086 1910 4154 majoris
1932 4086 2071 4155 apud

501 4192 571 4246 te,
596 4196 750 4250 quam
775 4181 949 4234 omnia
973 4180 1094 4244 alia,
1121 4179 1369 4248 ponderis
1385 4187 1539 4245 atque
1562 4177 1889 4231 auctoritatis
1904 4186 2066 4244 esset,

496 4285 610 4339 age,
662 4269 803 4324 inani
848 4269 1188 4322 contentione
1237 4267 1415 4320 valere
1452 4266 1618 4333 iussa,
1665 4264 1959 4319 rationibus
2003 4265 2070 4319 ad

504 4355 929 4426 persuadendum
952 4355 1091 4423 aptis
1143 4370 1380 4424 agamus.
1430 4355 1505 4410 Ac
1554 4355 1675 4422 quia
1728 4355 1988 4422 Barlaam,
2038 4373 2066 4410 a

495 4467 601 4519 quo
626 4450 719 4503 tibi
752 4449 901 4503 fucus
923 4449 1094 4504 factus
1122 4459 1224 4517 est,
1276 4450 1484 4506 vinctus
1508 4466 1538 4505 a
1575 4467 1660 4506 me
1687 4460 1917 4519 tenetur,
1950 4469 2059 4507 am-

496 4540 733 4608 plissimo
774 4550 913 4596 metu
956 4542 1168 4606 habito,
1215 4550 1372 4612 atque
1419 4542 1665 4598 omnibus
1706 4552 1814 4597 tum
1868 4546 2063 4598 nostris

488 4644 603 4687 tum
635 4633 864 4689 Galilmis
889 4635 941 4689 in
970 4652 1131 4689 unttm
1158 4637 1354 4691 coactis
1384 4637 1822 4708 praeconibusque
1848 4638 2063 4695 disertis

484 4723 673 4797 verbis
720 4724 930 4780 edicere
968 4725 1152 4794 jussis,
1198 4739 1264 4780 ne
1309 4728 1586 4797 quisquam
1641 4729 2062 4784 Christianorum

498 4814 655 4869 ullius
688 4814 910 4883 periculi
959 4827 1104 4870 metu
1146 4815 1427 4882 aﬂiciatur,
1481 4834 1667 4874 verum
1705 4834 1889 4875 omnes
1919 4820 2061 4874 omni

475 4912 639 4957 .metu
686 4904 838 4958 vacui
891 4918 985 4972 per
1029 4904 1272 4959 sodalitia
1318 4916 1372 4960 et
1422 4909 1760 4977 cognationes
1813 4909 1867 4964 in
1897 4925 2059 4965 unum

491 5002 704 5058 coeant,
725 4994 994 5049 communi
1038 4996 1262 5050 consilio
1284 5012 1393 5051 rem
1436 4998 1858 5054 consideremus.
1890 5003 2063 5064 Atque

480 5090 588 5155 aut
614 5097 709 5137 vos
738 5094 792 5139 et
819 5093 995 5140 vester
1032 5085 1292 5153 Barlaam,
1327 5088 1478 5142 nobis
1526 5088 1579 5143 in
1625 5091 1941 5145 sententiam
1974 5105 2062 5145 ve-

2186 3265 2349 3335 κημῴ
2391 3264 2669 3335 κατείχετο
2700 3263 2795 3317 καὶ
2821 3263 3024 3335 χαλινῷ
3053 3264 3185 3335 (25),
3230 3266 3307 3334 τῷ
3342 3266 3483 3334 φωτὶ
3521 3267 3601 3337 μὴ
3645 3285 3769 3335 συγς

2184 3358 2532 3428 χωρούμενος
2573 3355 2917 3428 προσϐλέψαι
2953 3356 3055 3426 τῆς
3083 3356 3367 3427 ἀληθείας.
3399 3358 3572 3410 Ὅθεν
3604 3360 3772 3411 πάντα

2185 3448 2353 3513 λίθον,
2403 3448 2465 3499 τὸ
2507 3446 2603 3499 τοῦ
2646 3447 2839 3514 λόγου,
2874 3446 3043 3499 κινῶν
3074 3447 3210 3516 (ΞἹ),
3260 3449 3441 3517 εἴχετο
3475 3448 3576 3500 τοῦ
3616 3452 3772 3503 mihi

2186 3539 2412 3605 σκοποῦ,
2439 3540 2537 3609 τὴν
2562 3537 3065 3609 προμελετηθεῖσαν
3087 3539 3237 3609 αὑτῷ
3262 3539 3401 3609 μετά
3432 3540 3533 3593 τοῦ
3573 3542 3768 3613 ’ᾼραχῆ

2187 3631 2385 3701 σκῆψιν
2418 3632 2497 3693 είς
2523 3631 2684 3702 ἔργον
2728 3632 2955 3701 ἀγαγεῖν
2987 3631 3331 3701 βουλόμενος.
3365 3631 3476 3684 Καί
3518 3650 3658 3703 φησι
3702 3635 3775 3701 τιῖι

2185 3723 2338 3777 παιδί
2362 3739 2375 3755 ι
2418 3723 2567 3775 Ἔδει
2608 3722 2707 3792 μέν
2748 3739 2843 3787 σε,
2883 3717 2929 3776 ὧ
2970 3723 3183 3786 τέκνον,
3234 3726 3346 3786 τοῖς
3378 3725 3538 3793 ἐμοῖς
3592 3726 3772 3788 ἁπλῶς

2184 3813 2355 3865 εἴκειν
2400 3814 2459 3866 ἐν
2492 3814 2628 3867 πᾶσι
2669 3814 3134 3885 προστάγμασιν*
3184 3814 3300 3869 ἀλλ’
3346 3816 3495 3879 ἐπεὶ,
3536 3818 3771 3890 σκληρὸς

2185 3902 2260 3956 ὢν
2296 3904 2388 3957 καὶ
2426 3904 2677 3976 ἀπειθὴς,
2728 3904 2966 3976 ἰσχυρῶς
2998 3900 3476 3976 οὕτωςάντὲστης
3513 3927 3630 3978 μοι,
3679 3910 3771 3978 τὴν

2187 3992 2322 4046 ίδίαν
2353 3993 2700 4063 ἐνιστάμενος
2730 3992 2957 4064 γνώμην
2984 3993 3323 4064 κυριωτέραν
3357 3996 3584 4049 πάντων
3622 3998 3772 4067 ποιῆ-

2187 4085 2384 4138 σασθαι
2423 4127 2437 4150 ,
2475 4084 2636 4157 δεῦρο
2668 4085 2731 4157 δὴ
2752 4086 2818 4157 τῇ
2848 4086 3055 4156 ματαίᾳ
3088 4086 3340 4141 ἐνστάσει
3361 4087 3581 4157 χαίρειν
3608 4091 3772 4159 ἀμερω

2185 4176 2461 4241 εἰπόντες,
2523 4176 2704 4229 πειθοῖ
2752 4176 3226 4247 πολιτευσώμεθα.
3285 4177 3399 4231 Καὶ
3454 4179 3581 4231 ἐπεὶ
3636 4183 3665 4234 ό
3716 4182 3770 4232 σὲ

2186 4268 2474 4339 ἀπατήσας
2519 4267 2681 4338 233
2720 4268 2986 4341 Βαρλαάμ
3019 4269 3432 4341 σιδηροδέσμιος
3470 4274 3608 4343 παρ’
3650 4272 3768 4342 ἐμοὶ

2185 4360 2474 4429 τυγχάνει,
2537 4360 2914 4431 ἐκκλησιάσας
2968 4359 3271 4432 ἐκκλησίαν
3331 4362 3616 4432 μεγάλην,
3681 4366 3767 4417 καὶ

2187 4450 2396 4511 πάντας
2443 4449 2750 4519 ἡμετέρους
2795 4467 2855 4502 τε
2907 4450 3003 4511 καὶ
3051 4450 3368 4513 Γαλιλαίους
3392 4452 3486 4503 ἐπὶ
3535 4453 3599 4504 τὸ
3642 4454 3769 4506 αὑτό

2115 4543 2155 4596 D
2188 4540 2530 4607 συγκαλέσας
2550 4580 2567 4605 ,
2617 4540 2865 4611 κήρυκάς
2898 4557 2959 4592 τε
2998 4539 3292 4612 διαρρήδην
3320 4540 3450 4612 βοᾷν
3498 4541 3767 4604 θεσπίσας

2184 4630 2281 4682 τοῦ
2317 4630 2522 4700 μηδένα
2551 4629 2658 4683 τῶν
2685 4630 3028 4700 Χριστιανῶν
3053 4630 3371 4696 δεδοικέναι,
3400 4632 3517 4684 ἀλλ’
3548 4634 3767 4700 ἀφόϐως

2188 4722 2397 4784 πάντας
2436 4719 2821 4783 συνεισελθεῖν,
2861 4723 3015 4791 κοινῇ
3067 4720 3496 4792 διασκεψώμεθα
3549 4724 3763 4796 γνώμη.

2189 4813 2295 4864 Καὶ
2317 4812 2709 4883 ἧζπείσαντες.
2738 4812 2896 4882 ὑμεῖς
2915 4814 3052 4881 μετὰ
3080 4812 3175 4866 τοῦ
3206 4814 3479 4886 ὑμετέρου
3504 4817 3766 4889 Βαρλαάμ

2186 4902 2444 4968 τεύξεσθε
2484 4896 2560 4956 ὧν
2585 4902 2959 4957 ἐσπουδάκατε
2980 4919 2992 4932 ⁸
3026 4904 3453 4974 ἢ,⁷πεισθέντες,
3487 4908 3589 4960 σὺν
3612 4908 3764 4961 ἑκού-

2189 4996 2279 5065 σίᾳ
2309 4998 2375 5066 τῇ
2401 4995 2593 5067 γνώμῃ
2608 4995 2723 5059 τοῖς
2748 4996 3133 5067 προστάγμασι
3160 5014 3262 5067 μου
3284 4999 3534 5052 ὑπείκειν
3563 4999 3763 5070 προθυ-

2188 5087 2471 5158 μηθείητε.
3794 5084 3799 5093 ’

508 5171 677 5219 stt-am
704 5164 974 5231 adductis,
999 5181 1062 5221 ea
1094 5182 1216 5237 qua}
1246 5167 1449 5236 aptatis
1471 5168 1908 5235 consequimini;
1935 5182 2026 5225 aut
2056 5182 2249 5228 contra
2282 5188 2380 5230 vos
2422 5176 2477 5231 in
2505 5178 2833 5235 sententiam
2870 5188 3118 5237 nostram
3146 5180 3396 5248 adducti,
3424 5184 3608 5253 jussis
3632 5185 3764 5239 meis

507 5268 706 5326 sponte
738 5272 803 5315 ac
832 5270 1086 5332 prompto
1117 5264 1304 5318 animo
1339 5264 1628 5335 parebitis.

571 5383 683 5463 (ἓὲ)
713 5386 866 5463 (ἐοηῑο
900 5405 953 5459 ρ·
986 5391 1112 5463 21⁷»
1147 5410 1198 5448 n-
1232 5394 1321 5463 66.

568 5455 681 5589 (23;
712 5457 867 5511 Conf.
901 5455 953 5527 p.
987 5461 1076 5515 66.

568 5524 657 5589 (ΞΛ
713 5526 865 5583 Conf.
898 5544 951 5589 ι).
984 5530 1053 5585 60

567 5524 679 5595 (ᾗ)
713 5526 865 5583 Conf.
898 5524 951 5595 ᾖ).
984 5530 1053 5585 60
1081 5541 1223 5587 extr.

568 5592 681 5661 (‘25)
715 5596 821 5657 At},
851 5592 1085 5654 εἴκοντα.
1110 5600 1264 5657 Fors.
1296 5613 1344 5657 el
1377 5598 1541 5659 εἶκον.

570 5661 683 5729 (26)
714 5664 795 5717 Cf.
832 5666 973 5720 Psal.
1010 5686 1159 5731 xxxt.
1192 5672 1242 5726 9.

568 5732 2313 5842 i3.fl."‘:."‘32.W2§:?I"¥::":'§.9.221:2§_-_W1¢ssmtmh;
2344 5757 2402 5813 ⁸⁸⁸
2439 5757 2671 5840 "Imm"-
2694 5764 2863 5825 θυίαν·
2903 5778 2936 5824 t-
2976 5770 3010 5838 ί.
3047 5788 3169 5842 ras.
3210 5775 3308 5833 160
3343 5799 3354 5833 :
3392 5782 3575 5839 Πάντα
3612 5787 3688 5840 γει

498 5790 738 5869 “(mem
769 5804 827 5851 τὴ
860 5790 1139 5871 τοῦπλόγου
1192 5811 1284 5873 τὴν
1316 5790 1843 5881 ὲξσέροεῖἓάν.
2903 5790 2936 5824 ι.
2976 5790 3010 5838 t,
3047 5790 3169 5845 [ηδε.
3210 5790 3308 5833 IbU
3343 5799 3354 5833 :
3393 5790 3575 5839 "aut:
3620 5790 3749 5842 ιὲἲον
