3888 6344
737 365 813 379 "vv.-
856 364 861 367 ‘
911 362 953 368 "'

187 416 328 484 IIOI

174 628 280 683 τοῦ
314 627 500 681 θεόθεν
538 625 688 693 αὐτῷ
730 625 840 696 (28)
886 624 1315 695 ἐμφανισθέντος
1357 625 1628 696 ὁράματος
1663 624 1760 691 τὴν

175 718 280 772 τοῦ
319 717 586 781 βασιλέως
630 716 1116 787 προδεδιδαγμένος
1160 716 1483 788 σκαιωρίαν,
1516 715 1656 786 ἔφη·
1690 715 1762 767 Τὸ

168 810 395 881 θέλημα
428 807 524 861 τοῦ
563 808 768 879 Κυρίου
793 808 1057 876 γενέσθω,
1087 808 1182 862 καὶ
1216 808 1357 862 ἔστω
1406 806 1593 871 καθὼς
1642 806 1762 859 ἐκέ-

166 902 402 966 λευσας’
431 900 594 965 auiti);
622 901 730 973 γὰρ
759 903 787 955 ό
810 901 1015 970 ἀγαθὸς
1043 901 1178 965 Θεὸς
1209 902 1305 955 καὶ
1348 900 1461 971 (29)
1493 898 1760 968 δεσπότης

165 993 287 1064 δῴη
336 993 439 1063 τῆς
484 993 701 1056 εὐθείας
750 993 826 1064 μὴ
872 993 1211 1064 πλανηθῆναι
1258 993 1440 1063 ἡμᾶς·
1493 990 1581 1043 ἐπ’
1614 989 1763 1060 αὐτῷ

168 1083 285 1154 γὰρ
318 1082 628 1154 πέποιθενή
653 1082 800 1155 ψυχή
825 1100 947 1154 μου,
976 1084 1073 1137 καὶ
1102 1081 1504 1153 αὑτδςτέλεήσει
1529 1098 1597 1151 με
1623 1079 1758 1150 (50).

168 1174 317 1226 Τότε
340 1174 404 1243 δὴ
439 1174 559 1227 τότε
593 1174 807 1229 κελεύει
829 1177 856 1228 ό
892 1175 1148 1245 βασιλεὺς
1171 1176 1382 1239 πάντας
1411 1173 1761 1245 ἀθροίζεσθαι

171 1263 582 1335 είδωλολάτρσς
616 1281 673 1317 τε
708 1265 804 1319 καὶ
847 1266 1228 1336 Χριστιανοὺς,
1274 1266 1619 1337 γραμμάτων
1662 1265 1761 1334 μὲν

173 1356 459 1426 πανταχοῦ
486 1357 988 1427 διαπεφοιτηκότων
1006 1398 1021 1423 ,
1048 1356 1304 1429 κηρύκων
1344 1373 1403 1409 τε
1433 1357 1536 1410 ἀνὰ
1584 1354 1762 1418 πάσας

176 1445 282 1508 τὰς
324 1445 668 1515 κωμοπόλεις
703 1444 953 1516 βοώντων
982 1446 1077 1499 τοῦ
1114 1446 1319 1516 μηδένα
1350 1444 1459 1498 τῶν
1500 1446 1763 1515 Χριστια-

176 1536 293 1589 νῶν
342 1536 637 1592 δεδοικέναι
682 1536 824 1592 ὥστε
876 1538 1138 1609 ἀδόκητόν
1188 1556 1243 1591 τι
1289 1537 1620 1607 ὑποστῆναι,
1645 1536 1760 1589 ἀλλ’

176 1628 357 1692 ἀδεῶς
394 1627 604 1691 πάντας
639 1627 761 1681 καθ’
799 1629 1078 1700 ἑταιρείαν
1113 1628 1205 1681 καὶ
1232 1627 1551 1696 συγγένειαν
1580 1626 1674 1679 ἐπὶ
1699 1625 1761 1678 τὸ

177 1720 317 1773 αὐτὸ
344 1720 621 1775 συνελθεῖν
643 1721 736 1773 ἐπὶ
764 1720 1051 1792 φιλαλήθει
1078 1720 1190 1793 (51)
1217 1720 1312 1774 καὶ
1342 1721 1404 1774 ού
1432 1718 1762 1792 βεϐιασμένη

179 1812 507 1881 συζητήσει,
554 1811 692 1881 μετὰ
724 1811 817 1875 τοῦ
845 1810 1077 1883 ἐξάρχου
1124 1812 1219 1866 καὶ
1245 1810 1620 1882 καθηγεμόνος
1659 1794 1760 1863 αύὲ

1300 423 1473 487 VlTA
1517 418 1869 479 BARLAAM
1912 418 2005 478 ET
2044 419 2393 487 JOASAPH.

259 538 329 590 '0
356 536 415 590 δὲ
456 535 716 605 φρόνιμος
744 533 824 604 τῷ
868 534 980 587 ὖντι
1016 534 1113 587 καὶ
1143 534 1391 605 ἐχέφρων
1415 533 1653 595 νεανίας,
1680 530 1769 584 διὰ
1800 533 1842 589 Λ

3311 443 3442 505 1102

1968 540 2205 598 Prudens
2242 552 2415 601 autem
2444 558 2625 602 revera
2659 556 2711 602 et
2744 550 2997 605 cordatus
3020 552 3230 621 juvenis
3260 570 3358 625 per
3378 559 3459 609 vi-

1891 644 2007 685 sum
2032 634 2171 701 quod
2197 633 2447 690 divinitus
2479 637 2579 705 ipsi
2601 640 2913 710 contigerat,
2947 642 3088 712 regis
3112 644 3338 700 versutia
3368 661 3459 701 co-

1887 725 2055 791 gnita,
2083 726 2158 781 ait
2184 743 2197 779 :
2246 727 2454 783 Domini
2485 731 2730 787 voluntas
2773 731 2883 804 ﬁat,
2912 734 3086 803 sitque
3111 737 3455 804 quemadmo-

1885 814 2010 869 dum
2035 812 2265 884 jussisti.
2299 818 2417 887 Ipse
2442 830 2635 876 autem,
2661 822 2830 878 bonus
2860 823 3000 879 Deus
3028 839 3092 881 ac
3110 826 3322 883 divinus
3355 828 3458 885 hoc

1886 903 2037 959 nobis
2066 906 2343 970 concedat,
2375 922 2441 963 nc
2476 923 2507 962 a
2536 920 2680 965 recta
2711 912 2791 965 via
2838 912 3177 983 aberremus;
3223 932 3344 972 nam
3399 919 3451 973 in

1887 990 2003 1061 ipso
2041 994 2261 1050 conlidit
2305 998 2479 1053 anima
2529 1013 2669 1065 mea,
2700 1009 2754 1055 et
2782 1002 2897 1070 ipse
2939 1005 3043 1059 mei
3092 1006 3454 1063 miserebitur.

1886 1082 2035 1139 'I‘unc
2056 1084 2214 1155 igitur
2239 1101 2360 1154 rex,
2392 1102 2579 1147 omnes
2604 1099 2711 1146 tam
2740 1092 3000 1150 idolorum
3030 1097 3261 1154 cultores
3294 1114 3452 1168 quam

1882 1176 2211 1233 Christianos
2233 1179 2284 1234 in
2314 1195 2476 1237 unum
2505 1185 2962 1254 convenirejubet,
2985 1189 3176 1247 litteris
3199 1191 3450 1247 nimirum

1881 1282 2301 1337 quaquaversum
2316 1272 2510 1340 missis,
2533 1287 2595 1327 ac
2609 1275 2938 1342 praeconibus
2956 1277 3043 1346 qui
3063 1293 3155 1346 per
3176 1280 3354 1334 omnia
3369 1294 3452 1350 0p-

1882 1357 2449 1429 pidarproclamarent,
2481 1377 2548 1418 ne
2577 1364 2694 1433 quis
2716 1363 3165 1432 Christianorum,
3199 1377 3447 1438 tauquam

1884 1445 2139 1515 inopinati
2155 1449 2348 1517 aliquid
2370 1465 2743 1520 perpessurus,
2763 1454 2817 1511 in
2831 1464 2974 1511 metu
2993 1465 3326 1525 versaretur;
3353 1476 3448 1515 ve-

1882 1551 1998 1591 rum
2046 1553 2231 1595 omnes
2275 1556 2370 1610 per
2415 1542 2661 1598 sodalitia
2710 1551 2764 1598 et
2801 1545 3144 1615 cognationes
3188 1546 3240 1601 in
3286 1563 3445 1601 unum

1879 1627 2101 1696 coirent,
2153 1634 2294 1702 quod
2347 1635 2586 1690 veritatis
2631 1636 2892 1701 studiosa,
2944 1652 3008 1694 ac
3052 1654 3156 1695 non
3184 1650 3366 1697 coacta
3395 1656 3450 1695 et

1879 1716 2108 1773 violenta
2132 1719 2400 1790 inquisitio
2428 1737 2529 1778 una
2552 1737 2672 1777 cum
2703 1738 2887 1779 eorum
2927 1726 3063 1787 duce
3103 1736 3262 1797 atque
3300 1737 3448 1783 ante-

1877 1807 2101 1875 signano
2128 1809 2403 1867 Barlaamo
2431 1812 2602 1868 futura
2624 1821 2787 1868 esset.
2818 1813 3128 1883 Eodemque
3149 1816 3308 1871 modo
3333 1816 3446 1870 ideo

176 1902 292 1954 τῶν
322 1901 596 1974 μελλούσῃ
639 1902 891 1970 γενέσθαι
936 1903 1224 1974 Βαρλαάμ.
1284 1900 1646 1977 Ὢσαύτωςτδὲ
1672 1900 1765 1954 καὶ

1884 1898 2049 1953 lorum
2071 1901 2233 1956 etiam
2263 1905 2493 1960 cultores
2526 1919 2589 1960 ac
2616 1905 2939 1971 sacerdotes,
2970 1904 3448 1978 Chaldaeorumqne

175 1997 309 2058 τοὺς
344 1995 557 2064 μύστας
587 1995 680 2049 καὶ
708 1997 1009 2066 νεωκόρους
1035 1996 1143 2050 τῶν
1186 1994 1420 2048 εἰδώλων
1446 1994 1539 2047 καὶ
1569 1995 1767 2063 σοφοὺς

175 2086 291 2138 τῶν
342 2086 627 2145 Χαλδαίων
678 2088 774 2141 καὶ
822 2085 1017 2151 Ἰνδῶν,
1071 2089 1199 2151 τοὺς
1241 2087 1383 2141 κατὰ
1437 2087 1619 2140 πᾶσαν
1666 2086 1767 2157 τὴν

177 2179 275 2232 ὑπ’
298 2178 458 2232 αὐτὸν
482 2179 654 2251 ἀρχὴν
675 2179 858 2244 ὄντας,
883 2179 1305 2243 συνεκαλέσατο,
1326 2177 1488 2253 234
1507 2178 1600 2232 καί
1614 2194 1766 2241 τινας

174 2271 579 2335 οἰωνοσκόπους
607 2273 703 2326 καλ⁸
726 2272 930 2343 γόητας
960 2272 1058 2328 καὶ
1092 2272 1336 2344 μάντεις,
1361 2272 1509 2335 ὅπως
1539 2270 1605 2325 ἂν
1639 2272 1767 2342 Χρι-

179 2359 418 2413 στιανῶν
449 2361 848 2433 περιγένοιντο.

252 2452 367 2504 Καὶ
399 2451 464 2522 δὴ
503 2453 765 2524 συνῆλθον
804 2453 941 2524 πρὸς
987 2456 1080 2508 τὸν
1124 2451 1349 2523 βασιλέα
1392 2450 1596 2521 πλῆθος
1629 2450 1763 2505 πολὺ

177 2543 281 2610 τῆς
328 2544 581 2613 μυσαρᾶς
627 2543 796 2598 αὐτοῦ
843 2544 1170 2615 θρησκείαςο
1206 2542 1551 2617 Χριστιανῶν
1587 2543 1644 2595 δὲ
1684 2536 1765 2604 εἷς

177 2632 381 2705 εὑρέθη
422 2635 581 2705 μόνος
623 2636 703 2698 εἰς
755 2634 1009 2705 βοήθειαν
1053 2634 1223 2689 ἐλθὼν
1263 2635 1357 2690 τοῦ
1405 2632 1761 2705 νομιζομένου

178 2724 467 2796 Βαρλαὰμ,
511 2726 738 2795 ὀνόματι
789 2726 1069 2799 Βαραχίας
1101 2726 1235 2797 (52).
1281 2727 1343 2779 Οί
1392 2726 1489 2797 μὲν
1517 2724 1626 2795 γὰρ
1655 2723 1764 2778 τῶν

178 2817 394 2881 πιστῶν
430 2818 685 2882 θανόντες
718 2814 859 2889 ἦσαν
894 2819 1002 2871 ὑπὸ
1025 2819 1126 2889 τῆς
1167 2817 1277 2871 τῶν
1300 2816 1447 2871 κατὰ
1481 2816 1635 2870 πόλιν
1663 2816 1762 2883 ἅρ-

178 2908 390 2979 χόντων
422 2909 619 2980 μανίας
656 2911 1139 2981 κατασφαγέντες·
1175 2911 1225 2963 οἱ
1259 2910 1318 2964 δὲ
1346 2910 1403 2963 ἐν
1442 2910 1625 2981 δρεσιν
1652 2909 1762 2961 ἀπ·-

173 3001 516 3072 εκρύπτοντο
546 3003 639 3057 καὶ
663 3002 951 3073 σπηλαίοις
977 3002 1055 3072 τῷ
1087 3002 1238 3073 φόϐῳ
1262 3002 1370 3055 τῶν
1402 2988 1765 3071 ἐπικειμένων

174 3092 392 3148 δεινῶν.
432 3094 617 3148 Ἀλλοι
647 3095 706 3147 δέ
735 3093 1097 3147 ἐδεδοίκεισαν
1139 3093 1238 3163 τὴν
1268 3094 1502 3165 ἀπειλὴν
1526 3095 1619 3148 τοῦ
1667 3095 1764 3165 βας

1873 1999 1929 2047 et
1960 1991 2209 2047 Indorum
2238 1995 2529 2063 sapientes,
2579 1996 2670 2064 qui
2718 1997 2769 2049 in
2800 1995 3053 2053 universo
3080 1997 3246 2064 ipsius
3272 1995 3443 2065 impe-

1873 2081 1953 2137 rio
1975 2091 2147 2149 erant,
2178 2084 2541 2155 quosdamque
2589 2088 2749 2139 etiam
2796 2100 3046 2155 augures,
3072 2094 3127 2141 et
3155 2087 3447 2156 praestigia-

1874 2180 2041 2237 tores,
2069 2187 2133 2227 ac
2161 2183 2310 2228 vates
2355 2175 2708 2243 convocavit,
2743 2181 2803 2229 ut
2830 2174 3085 2230 adversus
3110 2173 3444 2233 Christianos

1872 2263 2144 2320 victoriam
2169 2265 2486 2321 obtinerent.

1955 2480 2021 2535 Et
2045 2481 2257 2552 quidem
2286 2481 2474 2550 ingens
2502 2479 2567 2533 ad
2598 2493 2778 2547 regem
2803 2474 3143 2532 exsecranda:
3172 2473 3340 2545 ipsius
3360 2486 3450 2529 re-

1883 2571 2094 2641 ligionis
2143 2572 2424 2626 multitudo
2467 2569 2767 2626 conﬂuxit:
2812 2565 3234 2623 Christianorum
3272 2571 3448 2620 autem

1881 2676 2019 2716 unus
2070 2669 2289 2729 tantum,
2325 2660 2609 2716 Barachias
2639 2660 2871 2725 nomine,
2927 2657 3173 2712 inventus
3209 2664 3311 2719 est,
3359 2655 3449 2725 qui

1885 2751 2158 2806 Barlaamo
2181 2752 2263 2823 (ut
2287 2750 2501 2822 quidem
2528 2748 2948 2813 existimabatur)
2968 2747 3236 2816 suppetias
3263 2745 3443 2810 ferret.

1882 2842 2012 2899 Nam
2043 2841 2112 2910 pii
2139 2843 2235 2896 viri
2266 2844 2457 2911 partim
2482 2849 2722 2900 extremo
2753 2841 2874 2894 vitae
2902 2826 3178 2893 die't‘uncti
3213 2837 3445 2899 fuerant,

1879 2947 1907 2984 a
1964 2932 2174 2985 furiosis
2214 2931 2418 2985 scilicet
2478 2928 2685 2984 urbium
2738 2927 3051 2997 praetoribus
3090 2926 3439 2984 obtruncati;

1883 3020 2071 3091 partim
2103 3020 2519 3089 impendentium
2550 3020 2903 3088 periculorum
2926 3030 3069 3075 metu
3098 3018 3152 3072 in
3181 3018 3447 3073 montibus

1881 3130 1944 3169 ac
1970 3113 2236 3183 speluncis
2264 3111 2678 3178 delitescebant;
2708 3112 2903 3183 partim
2924 3110 3153 3181 denique
3178 3111 3322 3180 regis
3350 3111 3449 3165 mir-

178 3186 399 3249 σιλέως,
431 3187 525 3241 καὶ
573 3185 674 3241 οὐκ
715 3184 959 3254 ἐτόλμων
996 3185 1223 3249 ἑαυτοὺς
1249 3186 1329 3248 εις
1359 3185 1476 3254 φῶς
1500 3187 1762 3256 ἀγαγεῑνσ

645 3272 734 3292 ,τ
887 3276 912 3292 ,ι
1046 3276 1229 3292 -..
1338 3276 1593 3292 -..μ
1727 3280 1752 3292 -

1884 3219 1976 3259 nas
2028 3203 2461 3272 pertimescentes
2486 3202 2540 3258 in
2570 3202 2742 3258 lucem
2773 3200 2985 3272 prodire
3021 3201 3240 3261 minime
3285 3199 3448 3255 aude-

178 3278 323 3332 ἀλλὰ
358 3278 669 3348 νυκτερινοὶ
706 3272 847 3347 ἦσαν
886 3276 1179 3342 θεοσεϐεῖς,
1210 3278 1268 3330 ἐν
1295 3276 1373 3347 τῷ
1402 3277 1647 3349 λεληθότι
1685 3280 1764 3350 τῷ

176 3369 403 3441 Χριστῷ
429 3366 788 3439 λατρεύοντες
814 3368 906 3423 καὶ
939 3366 1206 3438 μηδαμῶς
1237 3367 1761 3440 παρρησιαζόμενοι.

191 3462 434 3522 Ἐκεῖνος
479 3458 536 3511 δὲ
565 3456 751 3527 μόνος,
794 3459 1039 3527 γενναῖος
1072 3456 1149 3512 ὣν
1178 3458 1279 3529 τὴν
1305 3458 1508 3529 ψυχὴν,
1538 3460 1618 3522 είς
1646 3476 1765 3513 συν-

176 3552 495 3624 αγωνισμὺν
518 3546 650 3622 ἦλθε
674 3551 772 3622 τῆς
793 3549 1072 3623 ἀληθείας.

256 3644 599 3717 Προκαθίσας
635 3644 749 3714 (55)
805 3644 985 3697 τοίνυν
1018 3644 1046 3696 ό
1090 3642 1341 3713 βασιλεὺς
1380 3643 1473 3697 énl.
1519 3645 1763 3716 βήματος

180 3735 388 3809 ὑψηλοῦ
417 3754 477 3790 τε
502 3736 596 3790 καὶ
628 3735 923 3808 μετεώρου,
953 3737 1328 3806 συνεδριάζειν
1355 3736 1505 3807 αὑτῷ
1533 3737 1624 3791 τὸν
1650 3738 1763 3791 υἱὸν

180 3830 487 3887 ἐκέλευσεν.
530 3830 588 3882 ⁸0
612 3828 667 3881 δὲ
687 3870 700 3892 ,
737 3830 802 3899 τῇ
835 3828 973 3900 πρὸς
1002 3827 1093 3882 τὸν
1145 3827 1361 3898 πατέρα
1380 3828 1637 3900 εὐλαϐείᾳ
1670 3831 1765 3884 καὶ

181 3925 319 3993 τιμῇ
343 3921 499 3976 τοῦτο
525 3920 600 3992 μὴ
629 3920 863 3992 θελήσας
892 3920 1135 3991 ποιῆσαι,
1162 3921 1255 3973 ἐπὶ
1281 3920 1379 3990 τῆς
1405 3921 1508 3989 γῆς
1537 3920 1764 3990 πλησίον

180 4015 352 4071 αὐτοῦ
387 4013 635 4069 ἐκάθισε.
678 4013 1041 4085 Παρέστησαν
1082 4011 1263 4067 τοίνυν
1300 4012 1350 4064 oi
1402 4011 1765 4081 ἐπιστήμονες

181 4109 284 4177 τῆς
339 4105 722 4176 μωρανθείσης
774 4104 926 4175 παρὰ
951 4103 1047 4156 τοῦ
1087 4101 1224 4155 Θεοῦ
1270 4101 1462 4170 σοφίας
1502 4100 1638 4173 (54),
1690 4096 1766 4155 ὧν

180 4198 464 4268 ἐπλανήθη
498 4200 532 4269 ἡ
578 4197 838 4261 ἀσύνετος
877 4195 1074 4266 καρδία
1122 4194 1257 4266 (55).
1299 4193 1481 4257 καθώς
1531 4212 1695 4265 φησιν
1728 4198 1767 4249 ό

196 4287 555 4352 ’Δπόστολοςο
606 4288 765 4359 235
819 4287 1111 4351 Δοκοῦντες
1161 4286 1272 4359 γὰρ
1306 4286 1417 4358 (56)
1444 4282 1584 4341 εἶναι
1613 4289 1768 4357 σοφοὶ

182 4378 607 4451 ἐμωράνθησαν,
638 4381 732 4433 καὶ
767 4379 1003 4450 ἤλλαξαν
1039 4379 1140 4449 τὴν
1172 4378 1330 4443 δόξαν
1363 4377 1458 4432 τοῦ
1485 4378 1767 4449 ἀφθάρτου

178 4470 324 4525 θεοῦ
377 4472 435 4525 ἐν
487 4470 795 4543 ὁμοιώματι
841 4470 1052 4541 θνητῶν
1086 4470 1392 4542 ἀνθρώπων
1425 4470 1521 4524 καὶ
1570 4462 1761 4541 τετρα-

1881 3294 2219 3363 bant,verum
2234 3292 2474 3349 nocturni
2496 3292 2709 3362 pietatis
2728 3293 2956 3348 cultores
2978 3300 3150 3358 erant,
3170 3292 3222 3346 in
3237 3291 3447 3346 occulto

1879 3386 2138 3441 duntaxat
2162 3383 2431 3440 Christum
2459 3384 2715 3448 colentes,
2745 3398 2849 3438 non
2880 3391 3056 3436 autem
3084 3382 3250 3436 libere
3282 3377 3447 3448 ipsius

1882 3476 2040 3529 Iidem
2066 3473 2391 3543 proﬁtentes.
2423 3473 2516 3529 Ille
2546 3482 2720 3528 autem
2743 3472 2912 3539 solus,
2958 3477 3145 3539 utpote
3183 3483 3446 3539 generoso

1874 3563 2060 3618 animo
2072 3561 2335 3632 praeditus
2352 3559 2880 3631 ad‘propuguandam
2897 3560 3179 3615 veritatem
3194 3555 3449 3623 accessit,

1934 3652 2075 3709 Cum
2106 3656 2275 3727 igitur
2312 3669 2407 3709 rex
2446 3652 2502 3709 in
2539 3655 2651 3708 a'lto
2686 3662 2851 3723 atque
2889 3652 3040 3708 edito
3086 3650 3226 3707 solio
3259 3664 3454 3707 conss.-

1866 3746 2062 3812 disset,
2096 3747 2264 3803 tilium
2292 3762 2398 3801 una
2423 3746 2615 3802 sedere
2634 3745 2824 3815 jussit.
2860 3747 2924 3799 At
2952 3745 3042 3800 ille
3067 3759 3167 3814 pro
3193 3759 3294 3799 suo
3324 3758 3453 3812 erga

1870 3846 2079 3908 patrem
2109 3838 2318 3892 honore
2341 3851 2404 3890 ac
2426 3837 2735 3891 reverentia
2760 3834 2822 3901 id
2843 3834 3024 3889 facere
3050 3834 3344 3897 recusavit,
3373 3842 3456 3886 at?

1868 3941 1976 3995 que
2001 3926 2056 3978 in
2087 3932 2234 3980 terra
2258 3939 2366 3981 non
2398 3926 2557 3994 longe
2579 3923 2647 3983 ah
2674 3937 2740 3977 eo
2766 3922 2925 3977 sedit.
2952 3921 3263 3975 Astiterunt
3288 3920 3457 3990 igitur

1871 4015 1973 4069 viri
2006 4013 2291 4068 infatuatae
2325 4028 2355 4067 a
2399 4014 2508 4068 Deo
2546 4012 2826 4081 sapientiae
2869 4012 3052 4082 periti,
3098 4027 3361 4080 quorum,
3399 4025 3460 4064 nt

1870 4103 2116 4173 Apostoli
2147 4102 2329 4158 verbis
2356 4113 2500 4171 utar,
2520 4100 2788 4170 insipiens
2814 4116 2911 4156 cor
2931 4100 3136 4156 erravit
3162 4098 3214 4170 (I
3237 4098 3366 4156 Cor.
3394 4104 3457 4170 ι).

1872 4195 2136 4257 Putantes
2162 4196 2309 4250 enim
2337 4210 2396 4250 se
2418 4208 2541 4250 esse
2567 4192 2864 4264 sapientes,
2888 4192 3044 4249 stulti
3069 4191 3199 4248 lacti
3228 4200 3378 4259 sunt,
3404 4200 3460 4246 et

1872 4294 2227 4342 mutaverunt
2258 4286 2489 4358 gloriam
2542 4284 2981 4353 incorruptibilis
3024 4282 3126 4339 Dei
3168 4284 3225 4339 in
3260 4283 3461 4340 simili-

1874 4380 2118 4435 tudinem
2144 4377 2590 4448 corruptibilium
2619 4376 2924 4442 hominum,
2943 4384 2997 4431 et
3021 4374 3459 4446 quadrupedum,

1873 4481 1926 4526 et
1952 4472 2285 4542 serpentium
2320 4469 2494 4541 (Rom.
2526 4468 2587 4541 ι).
2613 4466 2702 4535 Hi,
2730 4477 2790 4522 ut
2815 4483 2939 4523 cum
2965 4468 3106 4539 regis
3139 4468 3272 4532 lilio,
3298 4474 3463 4537 atque

185 4564 365 4618 πόδων
405 4563 499 4617 καὶ
543 4562 807 4635 ἑρπετῶν.
839 4556 1001 4616 Οὗτοι
1041 4560 1303 4632 συνῆλθον
1343 4563 1574 4633 συνᾶραι
1609 4561 1765 4630 λόγον

1884 4564 1943 4619 iis
1970 4564 2063 4632 qui
2105 4563 2173 4616 ab
2212 4563 2390 4633 ipsius
2431 4560 2681 4631 partibus
2711 4560 2952 4626 stabant,
2989 4574 3297 4614 sermonem
3331 4573 3467 4613 con-

184 4653 325 4720 πρὸς
345 4652 435 4706 τὸν
462 4651 556 4707 τοῦ
585 4652 851 4722 βασιλέως
880 4652 993 4705 υἱὸν
1019 4652 1115 4706 καὶ
1144 4653 1268 4715 τοὺς
1297 4654 1424 4724 περὶ
1452 4653 1635 4713 αὐτὸν.
1673 4654 1765 4705 καὶ

184 4743 492 4815 ἐπληροῦτο
536 4745 622 4797 ἐπ’
666 4745 853 4806 αὐτοῖς
902 4744 961 4795 τὸ
988 4746 1087 4814 τῆς
1146 4745 1466 4813 παροιμίας,
1506 4746 1587 4797 ὅτι
1629 4744 1764 4813 πρὸς

182 4837 375 4889 λέοντα
405 4835 603 4906 δορκὰς
647 4835 827 4906 μάχης
864 4836 1088 4905 ἥπτετο.
1130 4836 1187 4886 '0
1216 4836 1314 4905 μὲν
1342 4835 1450 4905 γὰρ
1480 4836 1571 4889 τὸν
1600 4836 1762 4905 ’Ὑψι-

258 4993 373 5061 (23)
406 4992 445 5045 Α
480 4992 597 5046 sine
633 4991 800 5061 αὐτῷ.

286 5064 373 5123 29)
407 5064 449 5115 A
479 5066 595 5115 sine
624 5062 755 5125 Θεὸς
781 5063 892 5117 καί.

1877 4661 2143 4720 sererent,
2178 4655 2231 4707 in
2263 4667 2433 4707 unum
2459 4658 2863 4707 convenerunt.
2898 4651 3079 4719 Atque
3114 4650 3169 4703 in
3211 4650 3293 4704 eis
3326 4650 3462 4703 illud

1878 4747 2133 4818 adagium
2175 4744 2508 4815 implebatur
2547 4761 2561 4798 :
2594 4741 2803 4813 Caprea
2842 4756 2969 4797 cum
3017 4740 3177 4796 leone
3226 4754 3462 4809 pugnam

1891 4841 2034 4900 iniit.
2081 4838 2291 4894 Etenim
2332 4836 2453 4906 ipse
2494 4834 2834 4899 Altissimum
2881 4839 3140 4907 posuerat
3193 4830 3464 4902 refugium

286 5133 375 5205 50)
406 5131 695 5205 ιῖειιιηινι,
714 5132 752 5205 Δί
790 5148 808 5186 :
847 5132 1099 5205 Ἐλέησόν
1128 5149 1217 5205 με,
1245 5133 1326 5186 ὅτι
1356 5133 1449 5186 ἐπὶ
1474 5132 1562 5205 σοὶ(
1596 5131 1853 5187 πέποιθεν
1881 5134 1914 5204 ἡ
1938 5133 2086 5205 ψυχή
2121 5150 2243 5205 μου.

263 5202 375 5274 (51)
412 5202 479 5265 Α,
507 5200 808 5274 φιλαλήθω.
842 5203 905 5268 C,
944 5200 1254 5274 φιλαλήθει,
1285 5219 1315 5259 e
1338 5203 1694 5274 correctione.

261 5272 377 5341 (5‘2)
412 5272 558 5344 A‘ad
585 5273 913 5344 marginem,
946 5269 1108 5327 manu
1131 5269 1306 5344 altera
1336 5292 1357 5344 τί
1392 5274 1488 5326 Ὃν
1521 5272 1616 5326 καὶ
1643 5274 1765 5344 ,κληι

1886 5291 1986 5344 μον
2020 5274 2120 5343 τῆς
2152 5272 2432 5344 βασιλείας
2467 5271 2632 5344 αὐτοῦ
2661 5272 2723 5344 ἐς
2756 5270 2983 5344 ὕστερον
3005 5272 3042 5344 κό
3087 5269 3450 5344 ,καλοςῌξῐωά-

190 5339 650 5415 oaeneon];th
683 5339 779 5396 καὶ
810 5344 1043 5415 οἰκείαις
1072 5342 1232 5414 χερσὶ
1269 5343 1476 5415 στέφει,
1505 5344 1600 5397 καὶ
1635 5339 1925 5415 διαδῆματι
1953 5339 2192 5415 τιμήσας
2226 5343 2364 5415 πρὸς
2388 5343 2480 5396 τὸν
2512 5340 2847 5412 ποθούμενον

2933 5340 3156 5413 αρλαὰμ
3183 5339 3446 5409 ἀπῆλθεν.

185 5412 411 5483 Conjeci
440 5410 705 5480 ἀπῆλθεν,
738 5428 859 5467 cum
893 5410 1226 5483 bibliopegtns
1255 5410 1529 5483 reliquerit
1563 5423 1765 5483 tantum

1884 5454 1887 5466 .
1924 5410 2119 5469 νειέπ.

261 5481 376 5554 (55)
405 5484 473 5547 A,
506 5479 881 5554 πρρκαθήσας.
931 5479 1265 5554 Permutatio
1313 5479 1548 5539 solennis
1594 5493 1698 5538 est.
1744 5482 1765 5536 ῐ

1884 5484 2049 5540 etrins
2103 5482 2255 5536 Phal.
2286 5481 2313 5554 ᾗ
2341 5482 2438 5554 SOI
2476 5479 2819 5554 exd0ralore
2846 5482 3052 5554 recitat
3099 5481 3445 5554 sententiam.

187 5549 863 5625 cnjns'verhajlquvrtov
901 5552 1278 5623 ὲπολιόρκισεν
1301 5567 1368 5607 ne
1396 5563 1677 5609 sumantur
1706 5554 1759 5608 in

1884 5555 2092 5621 nnplum
2126 5549 2658 5624 γει-Μ’πολιορκίζω,
2685 5552 2910 5608 monebo
2940 5568 3059 5607 esse
3090 5552 3444 5623 ἐπολιόρκησε

189 5627 244 5680 in
262 5621 463 5677 't‘vodice
500 5622 627 5675 ΠΗ
642 5660 658 5675 .

269 5692 380 5763 (54)
410 5692 631 5765 LEpist.
666 5692 1007 5765 ailCorinth.
1040 5707 1079 5757 I,
1104 5693 1220 5765 207:
1255 5691 1703 5765 Οὐχὶᾼὲμώρανεν
1734 5695 1761 5747 ὁ

1884 5710 1922 5755 ις
1946 5691 2044 5765 τὴν
2085 5692 2279 5765 σοφίαν
2308 5692 2402 5745 τοῦ
2434 5692 2640 5760 κόσμου
2673 5694 2861 5746 τούτου

271 5761 384 5831 (55)
416 5761 588 5834 Epist.
620 5764 682 5834 ad
718 5762 871 5817 Iiom.
908 5778 945 5834 ι.
982 5763 1046 5834 2i
1082 5782 1094 5816 :
1141 5761 1463 5834 Ἐσκοτίσθη
1495 5761 1760 5834 η⁷ἁσύνετ

1886 5761 2027 5816 ὑτῶν
2052 5762 2269 5831 καρδία.

267 5830 379 5906 (56)
549 5834 613 5886 ad
647 5830 800 5886 Rom.
838 5849 871 5900 t,
904 5833 992 5898 2'2,
1022 5831 1111 5893 Ξῖ).
