3902 6358
491 381 623 445 ilb’i

1942 363 2315 425 ADDENDA.

3618 359 3769 422 1108

476 496 625 552 asina"
654 494 889 559 Balaam,
909 492 1224 561 aperuisset,
1248 500 1309 544 ea
1337 503 1454 559 qua:
1482 488 1661 543 dicere
1714 486 1931 540 minime
1958 488 2040 540 in-

2175 492 2316 545 .ηκε·
2363 474 2457 529 καί
2502 491 2638 545 φησι
2687 474 2822 543 πρὸς
2856 474 2949 527 τὸν
2994 472 3248 543 βασιλέα·
3298 471 3467 540 Ἐγὼ,
3512 472 3781 541 βασιλεῦ,

479 589 726 644 stituerat
755 585 1061 655 prolocutus
1089 592 1190 647 est,
1221 583 1401 651 aitque
1420 580 1487 635 ad
1512 594 1690 650 regem
1722 597 1735 632 :
1767 579 1899 648 Ego,
1928 594 2042 647 rex,

480 677 576 735 Dei
605 673 934 745 providentia
959 673 1012 727 in
1056 673 1311 728 mundum
1335 671 1493 737 veni;
1520 678 1913 740 conspectoque
1941 684 2051 724 cm-

480 765 555 833 lo,
602 774 766 831 terra,
818 764 976 831 mari,
1037 763 1174 828 sole,
1224 776 1287 817 ac
1335 763 1479 829 luna,
1542 760 1867 830 reliquisque
1907 760 2052 828 ejus-

476 856 623 915 modi
654 856 836 921 rebus,
868 869 1050 911 earum
1077 864 1321 909 ornatum
1370 852 1662 907 admiratus
1710 864 1847 905 sum.
1899 849 2049 903 blun-

368 976 375 983 -
478 948 605 1002 dum
633 955 830 1011 autem,
860 953 1029 1014 eaque
1056 945 1234 999 omnia
1263 957 1382 1012 quze
1409 941 1573 1011 ipsius
1597 940 1876 1008 complexu
1921 953 2051 994 con-

478 1035 741 1100 tinentur,
765 1034 1068 1090 necessario
1097 1032 1304 1087 moveri
1330 1029 1688 1099 conspiciens,
1722 1043 1843 1082 eum
1872 1042 1901 1080 a
1945 1042 2053 1096 quo

479 1129 722 1178 movetur
744 1130 799 1176 et
825 1131 1169 1177 conservatur
1190 1120 1357 1175 Deum
1383 1132 1502 1174 esse
1538 1117 1797 1172 intellexi.
1839 1116 2051 1172 Etenim

480 1213 735 1283 quidquid
752 1223 933 1272 movet
962 1230 1027 1272 eo
1042 1216 1181 1285 quod
1206 1224 1445 1270 movetur
1466 1214 1656 1269 fortius
1677 1220 1759 1268 est
1780 1227 1797 1277 ;
1817 1220 1875 1268 et
1909 1212 2050 1283 quod

482 1304 722 1358 continet
747 1312 906 1373 atque
934 1312 1215 1359 conservat
1240 1304 1428 1358 fortius
1453 1311 1535 1357 est
1578 1316 1645 1357 eo
1692 1302 1833 1371 quod
1881 1302 2051 1356 cunti-

481 1406 638 1449 netur
673 1402 728 1450 et
777 1405 1148 1451 conservatur.
1181 1395 1439 1462 Quocirca
1485 1394 1655 1463 ipsum
1713 1392 1877 1446 Deum
1928 1407 2050 1447 esse

482 1481 604 1538 dico
685 1481 779 1552 qui
879 1482 1061 1537 omnia
1158 1482 1463 1553 procreavit
1550 1493 1707 1550 atque
1750 1490 2047 1545 conservat,

485 1576 683 1644 quique
712 1575 985 1645 principiis
1012 1589 1206 1645 expers
1234 1583 1334 1638 est,
1368 1581 1420 1628 et
1455 1572 1805 1639 sempiternus
1853 1578 1909 1625 ct
1947 1570 2047 1624 im-

481 1666 746 1732 mortalis,
774 1676 829 1721 et
855 1666 998 1719 nulla
1024 1680 1082 1719 re
1129 1664 1393 1732 indigens,
1439 1661 1789 1727 omnibusque
1837 1669 2047 1728 pertur-

480 1754 785 1809 bationibus
832 1768 893 1809 ac
939 1753 1233 1809 defectibus
1275 1750 1575 1815 subILmior,
1605 1750 1707 1803 hoc
1746 1759 1827 1803 est
1875 1750 1953 1803 ira
1995 1754 2051 1802 et

2155 568 2384 639 προνοίᾳ
2425 565 2563 620 Θεοῦ
2601 562 2767 636 ἦλθον
2811 565 2893 627 είς
2935 565 3029 616 τὸν
3060 565 3299 634 κόσμων
3332 565 3433 617 καὶ
3464 564 3785 635 θεωρήσας

2152 660 2245 715 τὸν
2276 650 2504 732 οὐρανὸν
2538 659 2633 711 καὶ
2659 660 2765 728 γῆν
2793 658 2887 710 καὶ
2920 655 3218 719 θάλασσαν,
3238 656 3402 735 ἥλιόν
3434 673 3500 709 τε
3544 658 3653 709 καὶ
3690 674 3780 709 σε-

2154 755 2324 826 λήνην
2356 754 2450 807 καὶ
2473 751 2543 806 τὰ
2570 750 2758 814 λοιπὰ,
2787 749 3078 820 ἐθαύμασα
3097 749 3198 819 τὴν
3220 748 3617 817 διακόσμησιν
3650 750 3771 801 τού-

2154 866 2282 903 των.
2326 844 2474 900 Ίδὼν
2497 845 2555 899 δὲ
2582 844 2677 898 τὸν
2702 844 2905 912 κόσμον
2930 842 3027 895 καὶ
3054 843 3123 894 τὰ
3151 843 3209 894 ἐν
3236 840 3390 909 αὐτῷ
3432 840 3658 901 πάντα,
3692 842 3774 892 ὅτι

2157 939 2300 995 κατὰ
2340 937 2591 1008 ἀνάγκην
2620 936 2873 998 κινεῖται,
2936 932 3147 1002 συνῆκα
3190 932 3285 985 τὸν
3331 932 3617 985 κινοῦντα
3678 934 3769 985 καὶ

2156 1030 2551 1101 διακρατοῦντα
2580 1023 2720 1081 εἶναι
2751 1026 2883 1079 Θεόν
2903 1042 2917 1056 ο
2970 1027 3079 1079 πᾶν
3110 1025 3222 1096 γὰρ
3248 1026 3311 1078 τὸ
3354 1026 3561 1080 κινοῦν
3619 1028 3771 1095 ἰσχυ-

2161 1124 2380 1194 ρότερον
2415 1120 2509 1175 τοῦ
2554 1118 2896 1189 κινουμένου,
2938 1117 3033 1172 καὶ
3064 1116 3124 1171 τὸ
3149 1117 3481 1188 διακρατοῦν
3540 1120 3765 1189 ἰσχυρό-

2157 1228 2315 1283 τερον
2360 1209 2455 1263 τοῦ
2510 1207 2976 1279 διακρατουμὲνου
3047 1207 3215 1262 ἐστίν.
3264 1207 3446 1261 Αὐτὸν
3473 1204 3584 1261 οὗν
3633 1210 3771 1276 λέγω

2159 1296 2299 1357 εἶναι
2326 1299 2461 1355 Θεὸν
2495 1299 2585 1355 τὸν
2623 1298 3033 1370 συστησάμενον
3067 1299 3136 1353 τὰ
3171 1299 3350 1352 πάντα
3390 1299 3489 1352 καὶ
3528 1299 3769 1370 διακρα-

2157 1394 2355 1448 τοῦντα
2375 1435 2391 1461 ,
2440 1393 2678 1464 ἄναρχον
2719 1392 2815 1447 καὶ
2839 1391 3032 1455 ἁῖδιον,
3080 1391 3350 1445 ἀθάνατον
3401 1392 3507 1444 καὶ
3556 1393 3767 1463 ἀπροσ-

2157 1485 2252 1555 δεῆ
2284 1484 2420 1556 (54),
2446 1483 2720 1555 ἀνώτερον
2753 1482 2973 1536 πάντων
3012 1479 3121 1535 τῶν
3163 1480 3357 1535 παθῶν
3381 1482 3485 1534 καὶ
3522 1481 3763 1534 ἐλαττω-

2165 1578 2371 1649 μάτων,
2399 1577 2571 1645 ὀργῆς
2595 1592 2655 1629 τε
2683 1574 2779 1628 καὶ
2799 1573 2972 1644 λήθης
3003 1572 3097 1627 καὶ
3126 1572 3351 1638 ἀγνοίας
3378 1573 3484 1625 καὶ
3503 1573 3631 1625 τῶν
3657 1574 3761 1625 λοι-

2164 1668 2302 1723 πῶν.
2339 1668 2419 1719 Δι’
2460 1664 2626 1722 αὐτοῦ
2655 1665 2710 1718 δὲ
2746 1663 2816 1717 τὰ
2842 1663 3021 1717 πάντα
3063 1662 3423 1734 συνέστηκεν.
3462 1664 3547 1717 Οὐ
3571 1662 3766 1733 χρῄζει

2146 1760 2355 1823 θυσίας
2384 1758 2479 1813 καὶ
2510 1758 2770 1828 σπονδῆς,
2803 1756 2924 1810 οὐδὲ
2957 1755 3179 1810 πάντων
3202 1754 3313 1809 τῶν
3365 1756 3733 1826 φαινομένων
3752 1771 3765 1785 ·

481 1840 749 1896 oblivione
769 1850 927 1911 atque
947 1842 1264 1911 ignorantia,
1286 1839 1610 1908 reliquisque
1631 1838 1875 1892 omnibus
1891 1838 2049 1892 rebus

2175 1853 2366 1914 πάντες
2393 1851 2451 1903 δὲ
2478 1849 2644 1903 αὑτοῦ
2674 1848 2958 1919 χρῄζουσι.

489 1934 706 2005 generis
740 1933 1006 2003 ejusdem.
1044 1932 1145 1988 l’er
1180 1934 1355 2001 ipsum
1388 1941 1568 1988 autem
1619 1932 1798 1986 omnia
1841 1942 2219 2002 coagmentata
2248 1945 2302 1990 et
2346 1944 2602 1993 concreta
2650 1944 2780 1995 sunt
2805 1938 2978 2009 (Psal.
3008 1939 3120 2008 xv).
3157 1938 3268 1994 Nec
3301 1952 3433 1997 vero
3466 1946 3765 2000 sacriﬁciis

488 2033 583 2078 aut
615 2023 986 2088 libaminibus,
1019 2029 1111 2076 aut
1142 2022 1251 2077 ulla
1282 2021 1386 2074 alia
1414 2036 1471 2074 re
1504 2021 1556 2073 in
1587 2022 1868 2089 aspectum
1895 2020 2124 2079 cadente
2162 2037 2299 2094 opus
2327 2024 2485 2082 habet
2513 2026 2654 2097 (Act.
2683 2026 2843 2097 xvn),
2867 2042 3057 2083 verum
3089 2038 3281 2084 contra
3303 2044 3502 2087 omnes
3533 2048 3610 2089 eo
3636 2050 3771 2105 opus

487 2113 713 2169 habent.

556 2210 690 2268 Car.
734 2209 1040 2268 XXVll.--
1070 2210 1165 2265 llis
1206 2209 1276 2263 ita
1324 2210 1392 2264 de
1441 2210 1548 2263 Deo
1592 2207 2057 2272 commemoratis,

486 2299 932 2370 quemadmodum
976 2301 1146 2370 ipsius
1198 2301 1456 2355 beneﬁcio
1501 2298 1632 2354 mihi
1660 2298 1728 2353 de
1772 2301 1887 2367 ipso
1919 2299 2060 2367 loqui

486 2407 800 2449 concessum
854 2401 974 2459 est,
1004 2392 1071 2447 ad
1121 2393 1409 2446 humanum
1455 2405 1623 2461 genus
1676 2389 1972 2454 veniamus,
2003 2397 2062 2444 ut

486 2483 702 2550 quinam
732 2482 965 2550 ipsorum
1000 2481 1258 2546 veritatis,
1290 2482 1505 2550 quinam
1534 2479 1733 2534 erroris
1774 2478 2061 2548 participes

485 2571 596 2625 sint
624 2571 1033 2639 conspiciamus.
1066 2571 1195 2625 illud
1226 2585 1389 2639 enim,
1418 2584 1453 2626 ο
1481 2585 1594 2636 rex,
1626 2569 1766 2623 inter
1804 2584 1902 2625 nos
1927 2582 2055 2624 con-

484 2669 610 2728 stat,
643 2660 745 2715 tria
773 2662 825 2716 in
870 2662 1069 2718 mundo
1097 2663 1368 2717 hominum
1410 2676 1604 2733 genera
1632 2676 1772 2726 esse,
1804 2662 2051 2716 nimirum

485 2766 583 2807 eos
608 2752 697 2821 qui
728 2751 868 2821 apud
898 2766 992 2807 vos
1024 2752 1244 2808 deorum
1286 2751 1518 2807 cultores
1559 2751 1808 2807 dicuntur
1828 2789 1846 2818 ,
1872 2760 1927 2808 et
1966 2750 2060 2804 .lu-

484 2844 652 2910 dicos,
679 2854 734 2898 et
773 2844 1128 2900 Christianos.
1174 2848 1253 2900 Ac
1280 2858 1489 2900 rursum
1518 2860 1702 2901 eorum
1731 2846 1823 2914 qui
1861 2845 2057 2899 multos

485 2935 614 2993 deos
658 2935 839 2991 colunt
891 2938 1080 3006 triplex
1120 2951 1288 3008 genus
1330 2950 1485 3001 esse,
1516 2950 1710 3006 nempe
1757 2935 2056 3002 Chaldaeos,

485 3026 701 3081 Graecos
722 3035 777 3082 et
805 3025 1111 3097 Egyptios.
1138 3026 1269 3082 Nam
1291 3024 1345 3079 lii
1369 3024 1587 3094 reliquis
1614 3026 1917 3082 nationibus
1942 3024 2059 3095 plu-

486 3117 624 3171 rium
654 3115 875 3172 deorum
906 3119 1080 3172 cultus
1109 3126 1164 3173 et
1190 3115 1514 3171 adorationis
1544 3115 1704 3171 duces
1732 3129 1793 3170 ac
1818 3114 2057 3185 magistri
2097 3099 2142 3162 ο

486 3207 723 3261 fuerunt.
768 3207 1028 3273 Quocirca
1074 3207 1287 3277 quinam
1326 3207 1560 3274 ipsorum
1590 3206 1644 3261 in
1671 3205 1916 3272 veritate,
1938 3220 2060 3276 qur-

488 3310 610 3350 nam
641 3297 694 3350 in
716 3311 899 3353 errore
924 3306 1222 3364 versentur,
1249 3297 1540 3352 videamus.
1569 3297 1647 3352 Ac
1670 3294 1909 3351 Chaldaei
1939 3298 2058 3366 qui-

490 3386 616 3440 dem
660 3387 825 3441 Deum
857 3388 1182 3457 ignorantes,
1215 3396 1333 3455 post
1361 3387 1630 3443 elementa
1660 3387 2058 3452 aberraverunt,

487 3481 681 3544 resque
701 3476 943 3531 conditas
964 3477 1234 3532 Creatoris
1257 3476 1373 3531 loco
1393 3476 1569 3531 colere
1589 3485 1865 3544 creperum
1888 3492 1901 3527 :
1928 3490 2055 3544 qna-

491 3582 612 3621 rum
638 3567 799 3620 etiam
822 3580 941 3620 cum
966 3566 1163 3621 formas
1186 3566 1437 3635 quasdam
1460 3566 1778 3628 ellecissent,
1799 3578 1890 3618 eas
1916 3564 2060 3630 cteli,

489 3666 544 3711 et
570 3665 751 3721 terrae,
782 3665 838 3711 et
866 3658 1049 3724 maris,
1075 3666 1129 3711 et
1156 3656 1308 3723 solis,
1339 3670 1402 3710 ac
1432 3657 1568 3709 luna:
1588 3696 1605 3722 ,
1634 3654 2063 3724 reliquorumque

497 3747 884 3803 elementorum
907 3758 960 3803 et
980 3748 1214 3802 siderum
1247 3747 1467 3817 ﬁguram
1495 3746 2064 3817 appellarunt,easquo

489 3854 579 3896 res
608 3839 662 3895 in
694 3840 904 3908 templis
936 3839 1215 3895 conclusas
1244 3840 1489 3906 adorant,
1518 3854 1582 3894 ac
1608 3839 1742 3893 deos
1771 3838 2061 3907 appellant.

490 3931 637 3998 Quos
670 3931 827 3986 etiam
857 3930 1136 4000 diligenter
1164 3944 1227 3986 ac
1253 3936 1493 3985 studiose
1519 3937 1736 3984 servant
1782 3943 1850 3983 ne
1874 3944 1904 3982 a
1931 3926 2064 3981 luri-

489 4022 592 4077 bus
618 4022 1002 4091 subripiantur.
1030 4020 1140 4076 Nec
1180 4021 1310 4075 illud
1355 4020 1481 4090 ipsis
1528 4022 1579 4073 in
1623 4029 1854 4074 mentem
1900 4026 2065 4087 vemt,

490 4113 744 4184 quidquid
766 4124 947 4169 servat
975 4128 1041 4169 eo
1062 4112 1202 4182 quod
1228 4121 1471 4166 servatur
1494 4109 1666 4179 majus
1688 4124 1830 4177 esse,
1855 4117 1908 4163 et
1938 4109 2065 4163 item

492 4220 613 4261 eum
643 4206 732 4275 qui
760 4205 959 4274 aliquid
998 4204 1163 4259 efficit
1191 4219 1256 4258 eo
1299 4203 1441 4272 quod
1470 4203 1700 4257 efﬁcitur
1729 4202 2065 4270 praistantio-

490 4310 610 4351 rem
634 4311 776 4350 esse.
824 4296 955 4349 Nam
990 4296 1032 4348 si
1058 4296 1290 4363 ipsorum
1319 4293 1391 4347 dii
1422 4307 1486 4348 ea
1531 4292 1897 4347 imbecillitate
1923 4300 2067 4357 sunt,

492 4394 552 4441 ut
578 4385 736 4440 saluti
784 4398 895 4438 sum
939 4383 1223 4438 consulere
1267 4392 1564 4452 nequeant,
1592 4397 1821 4452 quonam
1855 4382 2066 4437 tandem

493 4484 657 4542 pacto
677 4474 794 4529 aliis
841 4474 1066 4529 salutem
1111 4472 1369 4529 all‘erent?
1416 4476 1596 4545 Itaque
1642 4488 1834 4545 magno
1878 4489 2065 4531 errore
2112 4475 2159 4532 D

493 4563 729 4619 Chaldaei
779 4564 914 4635 lapsi
958 4574 1123 4635 sunt,
1154 4577 1393 4622 mortuas
1440 4577 1495 4623 et
1540 4568 1781 4623 utilitatis
1827 4576 2069 4637 expertes

494 4664 696 4712 statuas
735 4667 1069 4712 venerantes.
1099 4659 1274 4726 Atque
1323 4659 1481 4714 etiam
1520 4658 1653 4714 mihi
1697 4660 1876 4714 mirari
1906 4660 2071 4723 subit,

494 4763 527 4801 ο
552 4761 677 4815 rex,
697 4762 929 4818 quonam
960 4749 1118 4803 modo
1143 4749 1182 4803 ii
1212 4749 1303 4818 qui
1332 4750 1470 4819 apud
1498 4765 1592 4805 eos
1637 4750 2071 4821 philosOpborum

498 4855 695 4896 nomen
716 4840 984 4906 obtinent,
1008 4839 1138 4895 illud
1162 4842 1567 4914 haudquaquam
1584 4844 2071 4911 animadverterint,

496 4934 761 4988 elementa
787 4947 1001 5003 quoque
1028 4934 1268 4988 interitui
1298 4936 1527 4991 obnoxia
1548 4950 1689 4992 esse.
1714 4936 1867 5002 Quod
1888 4936 1933 4990 si
1962 4936 2072 4992 elc-

494 5034 679 5080 menta
704 5024 941 5079 interitui
969 5024 1188 5079 omnino
1209 5026 1435 5081 obnoxia
1465 5041 1527 5083 ac
1547 5028 1783 5098 subjecta
1814 5037 1957 5093 sunt,
1980 5027 2071 5096 qui

495 5113 707 5170 tandem
753 5112 828 5169 dii
874 5127 997 5169 esse
1046 5115 1278 5185 queant?
1308 5116 1457 5183 Quod
1501 5118 1547 5171 si
1577 5118 1838 5172 elementa
1868 5117 1939 5172 dii
1969 5130 2078 5171 non

498 5208 626 5270 sint,
656 5220 887 5276 quonam
918 5208 1077 5263 modo
1105 5216 1315 5278 statuae,
1345 5224 1460 5279 qua:
1500 5225 1684 5267 eorum
1711 5212 1923 5265 nomine
1951 5223 2074 5265 car.-

499 5308 799 5365 struuntur,
832 5298 906 5354 dii
936 5300 1125 5355 erunt?

2241 2211 2401 2269 KE‘I'.
2429 2215 2558 2268 KZ'.
2599 2211 2818 2266 Τούτων
2855 2210 3031 2275 οὕτως
3077 2213 3199 2284 είρη
3209 2204 3388 2283 μένων
3423 2217 3566 2286 περὶ
3614 2217 3773 2270 Θεοῦ.

2172 2294 2354 2369 καθὼς
2380 2305 2479 2375 ἐμὲ
2515 2302 2762 2375 ἐχώρησε
2790 2302 2921 2374 περὶ
2954 2303 3122 2358 αὑτοῦ
3149 2304 3350 2373 λέγειν,
3379 2298 3648 2378 ἔλθωμεν
3680 2312 3772 2361 καὶ

2172 2397 2265 2450 ἐπὶ
2290 2396 2354 2450 τὸ
2388 2394 2731 2467 ἀνθρώπινον
2777 2384 2954 2464 γένος,
2982 2396 3131 2459 ὅπως
3173 2396 3375 2467 ἴδωμεν
3395 2397 3551 2462 τίνες
3588 2400 3775 2452 αὐτῶν

2177 2488 2463 2559 μετέχουσι
2678 2487 2777 2557 τῆς
2809 2486 3070 2558 ἀληθείας
3100 2488 3193 2541 καὶ
3222 2488 3367 2552 τίνες
3394 2489 3500 2560 τῆς
3528 2491 3774 2563 πλάνης.

2172 2579 2410 2651 Φανερὸν
2452 2579 2561 2650 γάρ
2608 2581 2756 2633 ἐστιν
2796 2581 2950 2651 ἡμῖν,
2996 2572 3043 2634 ὦ
3071 2566 3311 2651 βασιλεῦ,
3344 2570 3426 2635 ὅτι
3463 2583 3608 2655 τρία
3642 2588 3775 2654 γένη

2174 2672 2312 2727 εἰσὶν
2338 2669 2644 2743 ἀνθρώπων
2672 2672 2733 2725 ὲν
2763 2669 2902 2743 τῷδε
2932 2670 3013 2742 τῷ
3042 2672 3261 2743 adsum"
3296 2666 3373 2727 ὧν
3406 2675 3556 2727 είσιν
3585 2677 3641 2729 οί
3668 2677 3777 2729 τῶν

2175 2765 2305 2836 παρ’
2340 2764 2495 2836 ὑμῶν
2531 2763 2841 2835 λεγομένων
2883 2762 3023 2817 θεῶν
3052 2766 3456 2836 προσκυνηταὶ,
3491 2770 3597 2819 καὶ
3648 2768 3780 2820 Ἰου-

2175 2856 2334 2923 δαῖοι,
2380 2856 2476 2910 καί¹
2502 2853 2854 2927 Χριστιανοίο
2889 2854 3046 2909 αὐτοὶ
3075 2852 3133 2909 δὲ
3179 2855 3362 2921 πάλιν,
3391 2858 3445 2909 oi
3476 2859 3612 2921 τοὺς
3648 2858 3780 2912 πολι

2174 2948 2300 3011 λοὺς
2348 2946 2633 3015 σεϐόμενοι
2681 2944 2869 3011 θεοὺς,
2906 2946 2984 3010 είς
3031 2945 3160 3016 τρία
3204 2946 3551 3018 διαιροῦνται
3616 2949 3777 3020 γένη,

2176 3038 2480 3102 Χαλδαίους
2522 3054 2585 3091 τε
2629 3038 2725 3091 καὶ
2763 3036 3035 3109 Ἕλληνας
3085 3038 3182 3091 καὶ
3209 3036 3549 3106 Αἰγυπτίους
3574 3056 3593 3069 ·
3627 3034 3778 3095 οὗτοι

2173 3130 2281 3201 γὰρ
2321 3129 2611 3198 γεγόνασιν
2645 3129 2883 3199 ἀρχηγοὶ
2922 3129 3017 3183 καὶ
3048 3128 3365 3185 διδάσκαλοι
3397 3134 3516 3195 τοῖς
3554 3132 3780 3195 λοιποῖς

2172 3220 2354 3275 ἔθνεσι
2398 3221 2500 3291 τῆς
2551 3221 2660 3273 τῶν
2724 3219 3099 3291 πολνωνύμων
3154 3220 3295 3276 θεῶν
3343 3222 3617 3294 λατρείας
3682 3226 3781 3278 καὶ

2175 3313 2617 3385 προσκυνήσεως.
2653 3310 2881 3382 Ἰδωμεν
2911 3307 3003 3366 οὖν
3040 3313 3188 3378 τίνες
3228 3313 3439 3367 τούτων
3475 3316 3781 3386 μετέχουσι

2173 3404 2276 3474 τῆς
2306 3402 2564 3474 ἀληθείας
2589 3403 2684 3456 καὶ
2704 3403 2851 3466 τίνες
2877 3404 2977 3473 τῆς
3003 3403 3233 3476 πλάνης.
3266 3405 3327 3458 Oi
3360 3404 3461 3473 μὲν
3491 3404 3611 3476 γὰρ
3637 3407 3782 3460 Xal-

2174 3497 2335 3563 δαϊοι,
2386 3497 2437 3550 οἱ
2474 3486 2548 3568 μὴ
2588 3497 2790 3560 εἰδότες
2821 3496 2978 3561 Θεὸν,
3022 3496 3410 3569 ἐπλανήθησαν
3444 3497 3636 3553 ὀπίσω
3670 3500 3780 3554 τῶν

2179 3589 2461 3659 στοιχείων
2494 3589 2588 3643 καὶ
2636 3588 2873 3660 ἤρξαντο
2914 3588 3173 3668 σέϐεσθαι
3221 3588 3321 3660 τὴν
3377 3589 3564 3644 κτίσιν
3623 3593 3777 3662 παρὰ

2176 3681 2268 3736 τὸν
2299 3681 2577 3737 Κτίσαντα
2611 3682 2808 3747 αὐτούς
2839 3674 2974 3754 (55)‘
3002 3677 3078 3738 ὧν
3114 3685 3208 3738 καὶ
3246 3683 3608 3756 μὸρφὼματά
3659 3704 3782 3741 τινα

2180 3776 2506 3846 ποιήσαντες
2534 3775 2825 3845 ὠνόμασαν
2870 3773 3245 3845 ὲκτυπὼματα
3275 3775 3371 3829 τοῦ
3406 3774 3652 3848 οὐρανοῦ
3687 3779 3779 3832 καὶ

2179 3864 2283 3935 τῆς
2305 3865 2404 3936 γῆς
2450 3865 2546 3920 καὶ
2593 3867 2693 3937 τῆς
2743 3865 3041 3936 θαλάσσης,
3080 3865 3235 3937 ἡλίου
3285 3883 3347 3920 τε
3382 3868 3484 3921 καὶ
3518 3869 3778 3940 σελήνης,

2180 3956 2277 4011 καὶ
2322 3954 2433 4011 τῶν
2471 3957 2673 4011 λοιπῶν
2722 3956 3007 4027 στοιχείων
3041 3956 3074 4027 ἢ
3112 3958 3438 4028 φωστήρων,
3490 3961 3625 4027 καὶ,
3662 3978 3781 4029 συγ-

2182 4044 2494 4109 κλείσαντες
2519 4048 2686 4112 ναοῖς,
2729 4045 3097 4117 προσκυνοῦσι
3154 4046 3310 4110 θεοὺς
3334 4048 3659 4115 καλοῦντες,
3689 4049 3780 4114 οὓς

2182 4136 2279 4190 καὶ
2327 4136 2590 4207 τηροῦσιν
2634 4135 2894 4206 ἀσφαλῶς
2941 4137 3031 4191 ἵνα
3091 4136 3166 4209 μὴ
3216 4137 3505 4191 κλαπῶσιν
3536 4141 3648 4193 ὑπὸ
3696 4141 3781 4211 λῃο

2186 4230 2327 4283 στῶν
2355 4230 2490 4300 (56).
2522 4228 2634 4284 Καὶ
2666 4230 2728 4283 οὐ
2762 4228 3008 4300 συνῆκαν
3051 4230 3133 4283 ὃτι
3170 4232 3278 4284 πᾶν
3308 4230 3368 4284 τὸ
3411 4232 3622 4303 τηροῦν
3658 4238 3773 4302 μεῖο

2186 4318 2278 4384 ζον
2316 4318 2410 4373 τοῦ
2457 4319 2799 4391 τηρουμένου
2847 4319 2987 4384 ἐστὶ,
3022 4318 3117 4373 καὶ
3146 4321 3175 4373 ό
3208 4320 3377 4373 ποιῶν
3419 4321 3630 4391 μείζων
3661 4324 3775 4376 ἑατί

2184 4410 2280 4464 τοῦ
2318 4409 2673 4482 ποιουμένου·
2727 4413 2775 4464 εί
2807 4411 2917 4483 γὰρ
2961 4409 3317 4466 ἀδυνατοῦσιν
3353 4414 3403 4465 oi
3446 4411 3567 4466 Osci
3595 4414 3774 4467 αὐτῶν

2184 4502 2313 4573 περὶ
2339 4503 2438 4573 τῆς
2470 4502 2607 4566 ίδίας
2638 4504 2936 4575 σωτηρίας,
2982 4503 3101 4567 πῶς
3132 4503 3315 4567 ἄλλοις
3347 4505 3634 4576 σωτηρίαν
3678 4524 3776 4577 χα·

2190 4594 2461 4668 ρίσονταις
2493 4596 2708 4669 [Ιλάνην
2735 4592 2829 4650 οὖν
2861 4596 3107 4669 μεγάλην
3134 4596 3529 4669 ἐπλανήθησαν
3558 4601 3608 4652 οί
3637 4600 3777 4654 Χαλ-

2186 4688 2357 4752 δαῖοι,
2413 4688 2696 4760 σεϐόμενοι
2743 4688 3037 4759 ἀγάλματα
3106 4686 3275 4760 νεκρὰ
3335 4689 3431 4742 καὶ
3486 4690 3774 4761 ἀνωφελῆ.

2166 4781 2300 4843 ,Καὶ
2329 4780 2631 4852 θαυμάζειν
2666 4798 2756 4853 μοι
2808 4782 3129 4853 ἐπέρχεται,
3186 4776 3231 4836 ὦ
3266 4781 3516 4852 βασιλεῦ,
3572 4784 3694 4849 πῶς
3733 4785 3777 4837 oi

2189 4864 2474 4944 λεγόμενοι
2503 4874 2785 4945 φιλόσοφοι
2814 4875 2995 4929 αὐτῶν
3026 4874 3258 4938 οὐδόλως
3292 4876 3543 4946 συνῆκαν
3572 4878 3659 4931 ὅτι
3690 4877 3779 4930 καὶ

2196 4965 2337 5021 αὐτὰ
2369 4967 2436 5019 τὰ
2470 4969 2708 5038 στοιχεῖα
2762 4966 2979 5039 φθαρτᾶ
3011 4968 3182 5021 ἐστιν.
3224 4968 3289 5020 ΕΞ
3318 4967 3375 5020 δὲ
3410 4967 3480 5021 τὰ
3540 4974 3781 5041 στοιχεῖα

2195 5058 2408 5130 φθαρτά
2444 5059 2560 5111 ἑστι
2605 5057 2701 5111 καὶ
2745 5058 3161 5129 ὑποτασσόμενα
3191 5059 3331 5113 κατὰ
3364 5059 3641 5131 ἀνάγκην,
3674 5062 3781 5123 πῶς

2194 5153 2299 5206 εἱσι
2357 5151 2503 5217 θεοί;
2541 5150 2699 5224 241
2751 5152 2801 5204 εἰ
2848 5151 2906 5204 δὲ
2952 5151 3022 5203 τὰ
3055 5154 3299 5222 στοιχεῖα
3335 5152 3437 5206 οὐκ
3486 5156 3601 5207 εἰσὶ
3652 5153 3780 5214 θεοὶ,

2194 5242 2313 5306 πῶς
2337 5243 2406 5297 τὰ
2436 5242 2751 5315 ἀγάλματα,
2782 5242 2818 5298 ὃ.
2849 5241 3077 5311 γέγονεν
3110 5242 3192 5306 είς
3222 5242 3388 5314 τιμὴν
3423 5244 3637 5311 αὐτῶν,
3673 5243 3780 5299 θεοὶ

2196 5332 2533 5403 ὑπάρχουσιν
2550 5348 2565 5397 ;

579 5504 693 5580 (56)
710 5508 850 5580 -Αρι,
874 5506 973 5576 Ap.
997 5523 1127 5580 xvtt,
1153 5507 1245 5580 25,
1274 5507 1473 5580 ἀορεο
1503 5527 1530 5580 εν
1554 5508 1690 5563 Οὐδὲ
1715 5509 2059 5580 προσδεόμενι

2175 5507 2650 5580 wo;.Plutarclnts
2700 5509 2872 5564 Arist.
2906 5518 2960 5564 et
2988 5509 3109 5565 Cat.
3138 5508 3453 5580 Compsa}
3484 5528 3498 5563 :
3548 5509 3777 5580 Ἀπροστ

508 5575 634 5645 δεῆς
669 5578 767 5652 μὲν
795 5575 963 5652 γὰρ-δ
992 5579 1135 5652 θᾼεός.
1170 5577 1554 5652 VitleNodell.
1592 5580 1644 5635 in
1692 5575 1920 5638 classico
1949 5575 2059 5637 Dial

2195 5589 2231 5636 t.
2267 5578 2331 5648 Χ,
2379 5594 2431 5652 p.
2470 5580 2590 5649 l62,
2624 5590 2677 5637 et
2707 5595 2828 5651 quae
2861 5580 3100 5652 apposui
3136 5575 3295 5648 supra
3332 5588 3367 5634 t.
3400 5578 3441 5645 l,
3481 5596 3535 5650 p.
3572 5575 3690 5645 127,
3720 5579 3779 5632 ad

513 5647 863 5714 sententiam,
909 5646 973 5700 '0
1003 5647 1135 5711 Θεὸς
1162 5648 1377 5714 οὐδενὸς
1406 5650 1600 5704 δεῖται.

583 5713 697 5782 (55)
724 5713 808 5767 Cf.
845 5731 896 5784 p.
930 5716 1017 5779 i8,
1045 5734 1095 5770 ιι.
1131 5718 1181 5773 5.

586 5785 698 5855 556)
726 5784 809 5839 Gl.
841 5801 896 5855 p.
927 5786 1015 5839 διε
