3888 6344
116 364 135 425 l
159 365 299 428 109.
1237 360 1409 418 \'l'l‘.-\
1452 361 1536 417 BA
1548 359 1804 421 RLAAM
1844 359 1953 418 ET,
1976 357 2325 417 J0.\S.\Pll.
3280 360 3409 423 11m

186 464 507 533 Ἕλθωμεν
540 462 650 530 οἷν,
691 462 735 520 ὦ
770 467 1011 537 βασιλεῦ.
1046 473 1130 525 ἐπ’
1163 472 1302 525 αύτά
1333 473 1400 525 τὰ
1450 477 1717 542 στοιχεῖα,

1902 470 1984 525 Ad
2010 471 2119 537 ipsa
2169 470 2325 541 igitur
2355 472 2640 539 elementa,
2676 491 2707 528 ο
2736 492 2847 543 rex,
2882 481 3222 546 accedamus,
3248 493 3303 536 ut
3346 500 3419 540 ca.

89 558 285 620 ὅπως
348 558 722 626 ἀποδείξωμεν
755 562 881 632 περὶ
914 564 1101 616 αὐτῶν
1146 565 1229 617 ὅτι
1268 567 1368 618 οὐκ
1427 566 1531 617 εἰσὶ
1580 566 1717 630 θεοί,

1834 562 1962 616 deos
1988 578 2092 615 non
2118 577 2240 617 esse
2267 564 2715 631 demonstremus,
2741 569 2831 623 scd
2854 573 3181 638 corruptioni
3205 590 3265 627 ac
3293 592 3407 628 mu-

91 643 270 697 ὀιλλὰ
308 644 530 714 φθαρτὰ
562 648 651 699 καὶ
680 648 1054 720 ἀλλοιούμενα,
1088 654 1151 705 ἐκ
1169 653 1262 706 τοῦ
1304 654 1377 724 μὴ
1402 656 1551 717 Cum;
1584 673 1717 724 παρ-

1836 652 2021 705 tationi
2050 654 2310 723 subjecta,
2360 665 2520 725 atque
2566 672 2630 711 ex
2671 659 2838 715 nihilo
2864 662 2915 715 in
2956 671 3132 717 ortum
3179 667 3286 719 veri
3319 667 3411 725 Dei

92 734 383 802 αχθὲντα
430 738 812 807 προστάγματι
858 741 951 795 τοῦ
1024 744 1195 807 ὅντως
1236 745 1374 797 Θεοῦ
1402 787 1415 809 ,
1469 747 1528 807 ὃς
1580 748 1717 798 ἐστιν

1834 740 1979 810 jussu
2013 743 2265 810 producta
2294 759 2432 809 esse,
2464 747 2551 815 qui
2582 749 2797 817 quidem
2839 754 3195 822 corruptionis
3225 765 3279 809 et
3309 756 3410 808 im-

94 826 425 895 ἄφθαρτός
460 845 518 879 τε
550 830 643 881 καὶ
686 832 1042 898 ἀναλλοίωτος
1071 837 1163 888 καὶ
1192 837 1441 906 ἀόρατος·
1477 838 1638 900 αὐτὸς
1670 837 1717 891 δὲ

1835 832 2144 886 mutationis
2185 848 2378 902 expers
2409 845 2511 895 est.
2545 847 2598 892 et
2641 839 2939 906 invisibilis,
2972 852 3265 913 contraque
3301 847 3410 912 ipse

98 917 319 969 πάντα
351 920 487 988 ὁρᾷ,
528 920 644 986 καὶ,
682 922 861 987 καθὼς
901 924 1170 995 βούλεται,
1200 926 1401 980 ἀλλοιοῖ
1435 928 1526 980 καὶ
1555 945 1717 997 μετα‹

1834 922 2009 974 omnia
2033 922 2221 987 cernit,
2250 932 2302 976 et
2331 925 2590 980 arbitratu
2617 944 2714 983 suo
2742 931 2983 988 immutat
3006 942 3167 1004 atque
3186 949 3412 989 conver-

97 1004 345 1059 ὄέιλλει.
381 1008 444 1059 Τί
475 1004 567 1061 οὖν
597 1010 738 1078 λέγω
767 1014 891 1087 περὶ
926 1015 1033 1068 τῶν
1061 1018 1371 1087 στοιχείων;
1837 1009 1917 1065 tit.
1951 1010 2086 1083 Quid
2115 1013 2275 1081 igitur
2304 1014 2371 1067 de
2400 1015 2681 1072 elementis
2703 1020 2857 1074 dico?

188 1099 263 1149 Οἱ
302 1100 623 1170 νομίζοντες
664 1106 754 1158 τὸν
783 1108 1012 1178 οὐρανὸν
1051 1105 1190 1164 εἶναι
1234 1111 1352 1166 θεὸν
1389 1112 1716 1167 πλανῶνται.

115 1189 405 1262 Ὀρῶμεν
442 1195 551 1266 γὰρ
595 1198 756 1252 αὑτὸν
786 1201 1122 1273 τρεπόμενον
1163 1204 1256 1256 καὶ
1302 1204 1442 1257 κατὰ
1475 1203 1724 1275 ἀνάγκην

103 1282 485 1354 κινούμενον,
526 1290 619 1342 καὶ
652 1292 718 1344 ὲκ
755 1292 965 1345 πολλῶν
1011 1294 1344 1349 συνεστῶτω
1379 1293 1460 1348 διὸ
1506 1296 1599 1350 καὶ
1633 1296 1724 1348 κό-

108 1391 270 1440 σμος
311 1376 586 1445 καλεῖται,
621 1382 838 1453 Κόσμος
879 1383 934 1435 δὲ
966 1387 1274 1457 κατασκευή
1308 1385 1422 1438 ἐστί
1455 1404 1600 1449 τινος
1633 1403 1723 1439 τε-

104 1467 343 1536 χνίτου·
380 1468 439 1522 τὸ
489 1474 931 1528 κατασκευασθὲν
964 1476 1019 1529 δὲ
1056 1478 1230 1547 ἀρχὴν
1268 1479 1359 1532 καὶ
1404 1479 1554 1542 τέλος
1586 1479 1717 1548 ἔχει.

112 1559 391 1612 Κινεϊται
422 1561 477 1613 δὲ
509 1563 536 1614 ὁ
563 1564 790 1634 οὐρανὸς
823 1570 964 1622 κατὰ
993 1569 1240 1638 ἀνάγκην
1287 1571 1383 1622 σὺν
1413 1572 1522 1634 τοῖς
1555 1570 1718 1623 αὑτοῦ

109 1651 449 1721 φωστῆρσι·
482 1655 550 1707 τὰ
580 1656 687 1727 γὰρ
716 1658 890 1731 ἄστρα
917 1661 1068 1727 τάξει
1118 1663 1209 1714 καὶ
1258 1661 1583 1732 διαστήματι
1624 1682 1717 1732 φε-

119 1740 348 1811 ρόμενα
376 1744 482 1799 ἀπὸ
513 1751 760 1818 σημείου,
804 1754 882 1813 εἰς
917 1753 1249 1821 σημεῖον,ιοὶ
1282 1753 1381 1822 μὲν
1414 1753 1525 1822 (57)
1566 1752 1720 1806 δύου-

1905 1103 2004 1168 Qui
2050 1105 2243 1158 malum
2293 1105 2448 1161 deum
2495 1122 2613 1163 esse
2658 1112 3244 1181 arbitrantur,errant.
3274 1118 3408 1175 Nam

1834 1192 2006 1259 ipsum
2030 1194 2293 1260 converti,
2321 1210 2383 1249 ac
2407 1200 2712 1254 necessario
2739 1203 2965 1267 moveri,
2986 1214 3145 1275 atque
3174 1222 3241 1262 ex
3273 1190 3421 1261 mni-1

1834 1288 1901 1339 tis
1932 1285 2092 1341 rebus
2120 1298 2367 1343 constare
2409 1290 2989 1363 videmus;.propterea
3034 1300 3174 1354 enim
3215 1300 3402 1370 κόσμις

1831 1374 1881 1427 id
1909 1385 1991 1429 est
2019 1376 2249 1430 mundus
2287 1377 2599 1447 appellatur.
2630 1380 2854 1438 Mundus
2884 1401 3040 1454 porro
3068 1390 3286 1445 artificis
3312 1403 3409 1446 cu—

1834 1475 2040 1549 jusdam
2067 1478 2392 1532 constructio
2419 1488 2521 1533 est.
2539 1478 2692 1543 Quod
2714 1489 2892 1534 autem
2915 1490 3274 1536 constructum
3297 1491 3400 1546 est,

1836 1565 2149 1635 principium
2175 1580 2239 1619 ac
2264 1567 2423 1621 linem
2446 1568 2623 1622 habet.
2664 1572 2732 1624 At
2761 1571 2956 1626 caelum
2983 1586 3085 1626 una
3114 1586 3235 1626 cum
3261 1570 3401 1626 side-

1834 1656 1976 1710 ribus
2006 1654 2117 1709 suis
2146 1655 2448 1708 necessario
2485 1667 2759 1721 moretur;
2791 1659 3051 1727 siquidem
3082 1669 3226 1713 astra
3252 1669 3401 1715 certo

1832 1745 2018 1799 ordine
2044 1758 2106 1799 ac
2131 1744 2305 1811 spatio
2336 1744 2584 1812 impulsa,
2615 1761 2641 1797 a
2672 1756 2866 1813 puncto
2896 1748 2946 1799 in
2978 1758 3251 1816 punctum,
3285 1764 3406 1816 par-

115 1850 238 1899 σιν,
295 1836 348 1887 οξ
398 1837 453 1889 δὲ
486 1839 870 1904 ἀνατέλλουσι,
903 1842 998 1894 καὶ⁹
1038 1841 1179 1894 κατὰ
1220 1843 1445 1913 καιροὺς
1493 1842 1717 1912 πορείαν

1834 1837 1926 1889 tim
1974 1835 2242 1899 occidunt,
2274 1835 2465 1905 partim
2520 1837 2865 1902 exoriuntur,
2893 1838 3156 1907 certisque
3201 1848 3405 1905 tempo-

118 1926 424 1982 ποιοῦνται
455 1930 548 1983 τοῦ
599 1932 880 1986 ἀποτελεῖν
923 1933 1055 2004 θέρη
1098 1934 1192 1987 καὶ
1247 1933 1545 2004 χειμῶνας,
1578 1934 1720 1987 καθὰ

119 2020 496 2075 ἐπιτέτακται
526 2024 710 2085 αὐτοῖς
752 2026 902 2095 παρὰ
930 2025 1021 2079 τοῦ
1050 2025 1207 2091 Θεοῦ,
1239 2026 1332 2078 καὶ
1361 2027 1420 2079 οὐ
1450 2027 1721 2097 παραϐαί-

117 2130 289 2165 νουσι
322 2115 450 2177 τοὺς
501 2116 662 2179 ἰδίους
695 2117 885 2187 ὅρους,
919 2118 1058 2171 κατὰ
1103 2118 1474 2189 ἀπαραίτητον
1506 2116 1720 2186 φύσεως

118 2204 409 2276 ἀνάγκην,
459 2207 556 2260 σὺν
600 2206 675 2278 τῷ
719 2209 956 2280 οὐρανίῳ
1006 2211 1214 2279 κόσμῳ.
1269 2209 1432 2262 Ὅθεν
1485 2206 1741 2278 φανερόφ

160 2312 247 2349 στι
288 2296 367 2368 μὴ
402 2293 539 2351 εἶναι
572 2298 662 2351 τὸν
687 2300 914 2372 οὐρανὸν
949 2299 1090 2366 θεὸν,
1122 2300 1237 2354 ἀλλ’
1267 2300 1427 2371 ἔργον
1453 2299 1615 2353 Θεοῦ.

199 2468 266 2520 Oi
301 2466 363 2519 δὲ
395 2468 705 2538 νομίζοντες
728 2469 828 2540 τὴν
861 2470 962 2539 γῆν
989 2467 1127 2523 εἶναι
1157 2469 1286 2522 θεὰν
1315 2467 1714 2537 ἐπλανήθησαν.

135 2552 397 2625 Ὁρῶμεν
427 2556 535 2627 γὰρ
561 2556 730 2627 αὐτὴν
759 2557 863 2609 ὑπὸ
886 2557 995 2611 τῶν
1019 2557 1322 2628 ἀνθρώπων
1351 2555 1715 2626 ύὸριζομένην

123 2648 225 2702 καὶ
258 2650 804 2720 κατακυριευομένην
829 2650 922 2703 καὶ
947 2649 1260 2721 φυρομένην
1287 2648 1396 2721 (58)
1429 2648 1523 2702 καὶ
1548 2649 1718 2719 ἄχρη-

123 2756 258 2793 στον
286 2741 599 2811 γινομένην.
645 2740 770 2795 Ἐὶν
801 2740 909 2811 γὰρ
934 2741 1167 2812 ὀπτηθῇ,
1196 2740 1404 2808 γίνεται
1430 2740 1615 2809 νεκρά·
1651 2741 1716 2792 ἐκ

126 2833 243 2902 γὰρ
269 2832 365 2886 τοῦ
399 2834 668 2905 ὀστράκου
701 2833 895 2902 φύεται
925 2833 1096 2888 οὐδέν.
1142 2834 1262 2886 Ἔτι
1295 2832 1349 2885 δὲ
1377 2832 1472 2885 καὶ
1503 2831 1596 2884 ἐὰν
1627 2832 1719 2885 ἐπὶ

125 2928 302 2983 πλέον
319 2927 482 3000 242
510 2929 708 3000 βραχῇ,
728 2929 1008 2999 φθείρεται
1036 2928 1131 2982 καὶ
1148 2928 1287 2998 αὐτὴ
1313 2929 1407 2981 καὶ
1433 2930 1482 2980 οἱ
1515 2927 1719 2998 καρποὶ

124 3019 326 3088 αὐτῆς.
357 3022 764 3073 Καταπατείται
780 3020 836 3072 δὲ
860 3018 965 3072 ὑπό
983 3036 1040 3071 τε
1059 3018 1362 3088 ἀνθρώπων
1382 3019 1476 3071 καὶ
1489 3017 1596 3071 τῶν
1609 3017 1719 3071 λοι-

1829 1942 1945 1981 rum
1979 1928 2164 1994 spatiis
2192 1928 2291 1982 iter
2324 1942 2479 1982 suum
2525 1928 2743 1995 obeunt,
2776 1938 2832 1983 ut
2857 1938 3068 1986 aestates
3096 1940 3147 1984 et
3180 1931 3400 1993 hiemes,

1829 2014 2277 2083 quemadmodum
2307 2015 2434 2083 ipsis
2456 2030 2483 2066 a
2518 2015 2625 2069 Deo
2662 2018 2976 2084 imperatqu
3007 2029 3119 2086 est,
3145 2019 3399 2072 efficiant.

1827 2104 1934 2158 Nec
1957 2105 2098 2173 leges
2118 2104 2217 2158 sibi
2237 2103 2387 2172 juxta
2411 2103 2773 2159 inevitabilem
2805 2116 3005 2160 natura:
3032 2108 3405 2163 necessitatem

1826 2198 2142 2252 Constitutas
2170 2180 2293 2250 cum
2339 2197 2546 2251 cmlesti
2594 2207 2781 2251 ornatu
2833 2198 3143 2267 infringunt.
3194 2202 3268 2254 Ex
3298 2217 3413 2273 quo“

1827 2288 2164 2358 perspicuum
2216 2297 2319 2355 est,
2349 2288 2542 2343 caelum
2600 2306 2705 2345 non
2754 2290 2934 2357 deum,
2981 2292 3074 2348 sed
3131 2293 3222 2347 Dei
3270 2310 3403 2362 opus

1826 2394 1968 2435 esse.

1896 2473 1997 2539 Qui
2029 2483 2209 2527 autem
2255 2481 2445 2527 terram
2480 2473 2632 2528 deam
2659 2489 2779 2529 esse
2808 2485 3046 2541 censent,
3076 2486 3275 2532 errant.
3317 2478 3403 2532 Vi-

1827 2564 2015 2618 demus
2060 2564 2201 2618 enim
2232 2579 2348 2618 eam
2380 2564 2448 2618 ab
2480 2565 2780 2619 hominibus
2811 2565 3001 2634 injuria
3036 2568 3198 2632 allici,
3231 2577 3285 2622 et
3312 2583 3403 2623 eo-

1822 2669 1938 2708 rum
1967 2654 2190 2722 imperio
2212 2653 2501 2722 subjectam
2527 2670 2669 2719 esse,
2690 2656 2848 2710 effodi
2871 2658 3030 2711 etiam
3061 2667 3113 2712 et
3136 2660 3400 2713 contami-

1822 2745 1970 2813 nari,
2000 2754 2158 2813 atque
2207 2745 2445 2799 inuti‘em
2496 2744 2631 2799 ﬁeri.
2686 2745 2817 2801 Nam
2854 2750 2901 2800 si
2930 2748 3048 2816 igne
3097 2756 3358 2803 torreatur
3381 2768 3411 2813 ,ί

1820 2836 2077 2890 emoritur
2104 2876 2119 2900 ,
2147 2835 2407 2903 siquidem
2449 2850 2513 2889 ex
2564 2844 2697 2890 testa
2738 2836 2868 2892 nihil
2907 2837 3037 2891 oriri
3083 2847 3275 2906 potest.
3326 2842 3413 2894 Ac.

1822 2934 2077 2993 praeterea
2106 2926 2152 2978 si
2182 2925 2439 2980 imbribus
2464 2926 2686 2980 nimium
2719 2928 3084 2995 perfundatur,
3120 2937 3230 2984 tum
3260 2931 3398 2999 ipsa,

1821 3027 1934 3073 tum
1965 3019 2129 3087 ipsius
2156 3018 2357 3073 fructus
2386 3028 2819 3088 corrumpuntur.
2849 3021 2987 3085 Quin
3006 3021 3074 3074 ab
3094 3020 3399 3077 hominibus
3434 3050 3435 3053 η

127 3112 253 3165 πῶν
284 3110 462 3176 ζώων,
511 3113 709 3183 αἵμασι
753 3112 1128 3181 φονευομένων
1163 3112 1472 3181 μιαίνεται,
1500 3111 1715 3182 διορύσ-

1834 3110 2150 3181 reliquisque
2196 3109 2558 3165 animantibus
2605 3112 2961 3179 proculcatur,
3003 3112 3400 3168 interfectorum

127 3219 288 3256 σεται
321 3204 454 3273 (59),
485 3204 696 3272 νεκρῶν
730 3204 873 3273 θήκη
926 3203 1135 3271 γίνεται
1182 3204 1467 3272 σωμάτων.
1501 3202 1718 3255 Τούτων

126 3293 310 3356 οὕτως
340 3294 531 3355 ὄντων,
558 3294 658 3346 οὐκ
682 3294 957 3362 ἐνδέχεται
992 3294 1090 3362 τὴν
1122 3294 1225 3363 γῆν
1254 3289 1393 3346 εἶναι
1426 3293 1573 3360 θεὰν,
1603 3296 1715 3348 ἀλλ’

126 3385 297 3457 ἔργον
326 3384 464 3438 Θεοῦ
498 3386 577 3447 εἰς
608 3383 801 3454 χρῆσιν
827 3382 1151 3455 ἀνθρώπων.

209 3562 276 3617 υἱ
303 3562 360 3615 δὲ
388 3560 699 3631 νομίζοντες
728 3561 788 3614 τὸ
815 3560 963 3630 ὕδωρ
991 3555 1128 3613 εἶναι
1157 3560 1277 3614 θεὸν
1312 3560 1713 3631 ἐπλανήθησαν.

131 3657 252 3710 Καὶ
285 3653 413 3709 αὐτὸ
441 3654 548 3724 γὰρ
582 3654 660 3715 εἰς
691 3655 887 3723 χρῆσιν
921 3652 1028 3705 τῶν
1055 3651 1358 3723 ἀνθρώπων
1386 3652 1598 3720 γέγονε,
1624 3654 1718 3707 καὶ

138 3746 598 3814 κατακυριεύεται
626 3746 719 3798 ὑπ’
749 3744 951 3809 αὐτῶν,
980 3745 1250 3815 μιαίνεται
1282 3746 1377 3797 καὶ
1411 3744 1714 3815 φθείρεται,

138 3840 239 3897 καὶ
268 3839 570 3893 ἀλλοιοῦται
592 3838 858 3908 ἑψόμενον
886 3838 982 3891 καὶ
1008 3837 1411 3908 ἀλλασσόμενον
1442 3836 1714 3909 χρώμασι,

141 3932 238 3987 καὶ
267 3931 367 3983 ὑπὸ
390 3928 483 3983 τοῦ
507 3928 706 3998 κρύους
731 3926 1097 3997 πηγνύμενον,
1127 3927 1221 3979 καὶ
1253 3928 1333 3990 εἰς
1366 3926 1586 3979 πάντων
1611 3927 1717 3978 τῶν

144 4022 464 4090 ἀκαθάρτων
495 4019 687 4073 πλύσιν
721 4020 1009 4089 ἀγόμενον.
1058 4018 1148 4071 Διδ
1186 4017 1447 4073 ἀδύνατον
1482 4017 1542 4069 τὸ
1576 4016 1718 4088 ὕδωρ

147 4109 286 4169 εἶναι
313 4112 452 4179 θεὸν,
489 4112 606 4167 ἀλλ’
635 4112 794 4183 ἔργον
828 4110 985 4166 Θεοῦ.

224 4380 285 4434 οι
317 4379 371 4432 δὲ
406 4377 717 4451 νομίζοντες
767 4378 827 4431 τὺ
876 4376 986 4447 πῦρ
1034 4373 1173 4430 εἶναι
1217 4377 1338 4430 θεὸν
1388 4376 1716 4430 πλανῶνται.

1819 3201 2073 3270 sanguine
2094 3200 2425 3267 inquinatur,
2440 3200 2713 3269 effoditur,
2735 3203 3054 3273 completur,
3075 3203 3405 3258 cadat-erum

1821 3291 1971 3346 theca
2000 3290 2249 3346 efficitur.
2273 3292 2404 3355 Qua:
2430 3306 2549 3343 cum
2582 3291 2649 3344 ita
2680 3292 2809 3356 sint,
2850 3293 2964 3346 fieri
2996 3308 3097 3346 non
3135 3302 3309 3361 potet
3345 3305 3439 3348 ιιι-ν.

1822 3392 1963 3449 terra
1993 3382 2092 3438 dea
2120 3382 2221 3449 sit,
2254 3382 2348 3437 sed
2376 3395 2465 3435 res
2492 3396 2521 3435 a
2555 3382 2663 3437 Deo
2707 3384 2772 3436 ad
2814 3383 3089 3437 hominum
3136 3399 3287 3438 usum
3318 3385 3401 3437 ρι’-

1818 3474 1979 3529 fecta.

1888 3564 2090 3619 Eodem
2120 3563 2299 3628 modo,
2327 3563 2415 3631 qui
2435 3577 2623 3633 aquam
2646 3563 2798 3617 dcam
2821 3580 2943 3620 esse
2972 3574 3175 3632 putant,
3192 3575 3409 3621 errant-

1821 3652 1948 3707 Nam
1979 3668 2039 3708 ea
2071 3668 2284 3723 quoque
2322 3653 2387 3707 ad
2441 3655 2713 3711 hominum
2768 3669 2923 3709 usum
2974 3666 3249 3723 procreata
3277 3665 3396 3718 est,

1820 3758 2104 3813 eorumque
2147 3744 2500 3798 dominationi
2552 3745 2758 3799 subest.
2805 3746 3209 3800 Cuntamiuatur
3236 3746 3397 3799 etiam

1817 3850 1870 3890 et
1896 3836 2265 3900 labefactatur,
2285 3847 2338 3889 et
2386 3850 2504 3890 cum
2538 3836 2658 3903 igne
2685 3844 2867 3889 coacta
2915 3845 3018 3901 est,
3050 3838 3394 3889 immittatur:

1820 3928 1957 3981 alios
1999 3934 2160 3995 atque
2187 3926 2322 3978 alios
2351 3924 2576 3979 subinde
2607 3924 2814 3977 colores
2855 3924 3036 3988 sumit,
3070 3933 3247 3991 utpote
3276 3939 3396 3992 qua:

1821 4026 1874 4069 et
1898 4013 2100 4082 frigore
2144 4019 2488 4076 concrescat,
2521 4020 2577 4067 et
2603 4025 2667 4067 ex
2700 4024 2892 4066 cruore
2917 4013 3223 4078 Spureitiem
3264 4028 3396 4067 con-

1824 4104 2018 4169 trahat,
2049 4111 2104 4157 et
2131 4102 2195 4156 ad
2227 4101 2553 4169 impurarum
2584 4103 2823 4155 omnium
2862 4116 3038 4155 rerum
3070 4101 3415 4158 ablutionem

1823 4193 2157 4247 adhibeatur.
2190 4192 2264 4246 Ex
2290 4205 2397 4261 quo
2417 4191 2618 4261 liquido
2647 4199 2861 4246 constat
2886 4206 3073 4261 aquam
3097 4192 3250 4249 deam
3270 4209 3415 4251 esse;

1824 4300 1926 4337 non
1959 4297 2136 4352 posse,
2164 4282 2257 4338 sed
2291 4283 2380 4336 Dei
2413 4297 2565 4352 opus.

1893 4376 2009 4429 Jam
2043 4392 2171 4431 vero
2213 4375 2300 4445 qui
2350 4377 2521 4444 ignem
2551 4375 2711 4432 deum
2757 4391 2880 4435 esse
2922 4377 3268 4445 arbitrantur,
3294 4380 3397 4448 ipsi

157 4473 264 4527 Καὶ
292 4472 417 4524 αὐτὸ
455 4471 563 4541 γὰρ
608 4473 686 4533 εἰς
739 4471 932 4540 χρῆσιν
982 4469 1200 4538 ἐγένετο
1248 4468 1573 4539 ἀνθρώπων.
1610 4469 1717 4520 Καὶ

1834 4487 2031 4541 ,ειιοῳιο
2050 4481 2251 4528 errant.
2284 4472 2492 4526 Etenim
2521 4472 2657 4541 ignis
2677 4472 2742 4526 ad
2770 4471 3044 4528 hominum
3073 4488 3226 4528 usum
3249 4487 3399 4528 crea-

157 4560 599 4630 κατακυριεύεται
629 4559 720 4612 ὑπ’
752 4557 953 4622 αὐτῶν,
987 4559 1416 4628 περιφερόμενον
1454 4557 1516 4609 ἐκ
1552 4557 1714 4609 τόπου

156 4654 235 4716 εἰς
254 4654 404 4704 τόπον
429 4654 509 4715 εἰς
536 4650 730 4720 ἕψησιν
755 4651 850 4703 καὶ
869 4650 1099 4719 ὄπτησιν
1127 4648 1481 4703 παντοδαπῶν
1515 4666 1546 4701 κ
1556 4648 1714 4720 ρεῶν,

160 4744 236 4796 ἔτι
264 4744 315 4797 δὲ
342 4743 435 4795 καὶ
475 4742 687 4813 νεκρῶν
732 4742 1023 4813 σωμάτων.
1052 4740 1339 4811 Φθεῑρεται
1368 4741 1424 4793 δὲ
1455 4741 1549 4793 καὶ
1578 4740 1717 4796 κατά

163 4835 370 4900 πολλοὺς
404 4835 639 4906 τρόπους
670 4876 684 4900 ,
720 4835 824 4888 ὑπὸ
855 4834 961 4887 τῶν
991 4833 1295 4905 ἀνθρώπων
1333 4831 1713 4901 σϐεννύμενον.

165 4929 248 4985 Διὸ
282 4928 371 4982 οὐκ
428 4928 704 4999 ἐνδέχεται
755 4927 815 4981 τὸ
864 4926 977 4997 πῦρ
1024 4920 1166 4979 εἶναι
1197 4924 1338 4988 θεὸν,
1393 4923 1504 4976 ἀλλ’
1559 4922 1717 4993 ἔργον

165 5020 306 5075 Θεοῦ.

232 5201 287 5251 Οἱ
321 5200 373 5252 δὲ
392 5198 706 5270 νομίζοντες
738 5198 835 5268 τὴν
858 5198 965 5251 τῶν
990 5198 1207 5268 ἀνέμων
1232 5198 1399 5266 πνοὴν
1428 5194 1564 5249 εἶναι
1594 5196 1722 5248 θεᾶν

173 5287 475 5344 πλανῶνται.
533 5287 771 5358 Φανερδν
821 5289 929 5357 γάρ
984 5290 1130 5339 ἐστιν
1180 5289 1261 5341 ὅτι
1313 5287 1554 5339 δουλεύει
1607 5288 1721 5339 ὲτέ-

178 5398 247 5451 ρῳ
283 5380 402 5451 (60),
439 5380 533 5434 καὶ
571 5381 731 5450 χάριν
782 5378 889 5431 τῶν
942 5379 1244 5451 ἀνθρώπων
1293 5380 1722 5433 κατεσκεύασται

1826 4573 1907 4618 tus
1936 4572 2037 4627 est,
2073 4564 2415 4631 ipsorumque
2457 4564 2806 4617 dominationi
2839 4565 3056 4629 subest,
3090 4573 3144 4619 et
3169 4565 3238 4619 ab
3269 4566 3400 4634 ipsis

1824 4656 1887 4709 ad
1918 4655 2090 4709 omnis
2120 4654 2334 4722 generis
2370 4667 2561 4708 carnes
2585 4693 2600 4717 ,
2635 4653 2828 4721 partim
2861 4653 3164 4720 elixandas,
3206 4658 3415 4721 partim

1823 4744 2101 4807 assandas,
2130 4752 2289 4812 atque
2338 4743 2500 4797 etiam
2547 4744 2613 4798 ad
2663 4751 2871 4798 mortua
2901 4758 3125 4813 corpora
3174 4760 3400 4801 concre-

1825 4832 2037 4898 manda,
2066 4848 2096 4886 e
2126 4832 2242 4886 loco
2270 4832 2321 4885 in
2353 4833 2528 4887 locum
2559 4831 2971 4899 circumfertur;
3000 4845 3160 4903 atque
3182 4835 3400 4903 insuper

1825 4922 2006 4978 multis
2044 4923 2215 4977 modis
2242 4924 2619 4993 corrumpitur,
2652 4932 2705 4978 et
2748 4925 2815 4980 ab
2862 4926 3167 4981 hominibus
3193 4926 3400 4981 exstin-

1824 5013 2032 5082 gui’ur;
2066 5026 2127 5067 ac
2176 5012 2401 5081 proinde
2450 5012 2584 5081 ignis
2628 5014 2758 5069 deus
2789 5030 2909 5071 esse
2940 5031 3047 5071 non
3078 5025 3272 5085 potest,
3301 5019 3396 5071 sed

1825 5102 1915 5157 Dei
1947 5117 2101 5170 Opus.

1896 5193 1973 5248 Ad
1990 5192 2235 5248 eumdem
2248 5194 2408 5248 etiam
2424 5194 2636 5250 modum
2651 5194 2737 5262 qui
2753 5205 3024 5250 ventorum
3043 5196 3222 5251 flatum
3240 5198 3397 5253 deum

1823 5300 1942 5341 esse
1991 5285 2318 5350 existimant,
2348 5295 2548 5342 errant.
2587 5287 2928 5353 Perspicuum
2960 5287 3101 5341 enim
3143 5298 3225 5342 est
3263 5304 3391 5345 ven-

1827 5382 1934 5429 tum
1997 5372 2155 5427 alteri
2230 5369 2535 5439 inservirc,
2611 5382 2773 5442 atque
2841 5376 3109 5432 hominum
3142 5393 3298 5434 causa
3330 5382 3393 5435 ad

241 5556 336 5625 (57)
365 5559 457 5611 Sic
488 5556 595 5620 AC,
628 5556 782 5625 quasi
810 5570 915 5608 nou
950 5555 1125 5625 ἄστρα
1159 5556 1417 5621 scriptum
1450 5559 1606 5617 foret,
1640 5570 1717 5611 set

1839 5555 2011 5625 τέρες.

243 5629 338 5698 (58)
365 5629 426 5689 (Σ,
458 5628 583 5698 ύ6ρ.
618 5626 1000 5698 σκαπτομένην
1033 5626 1124 5677 καὶ
1159 5626 1588 5695 φρουρουμένην.

242 5697 336 5762 (59)
361 5699 420 5760 C,
456 5697 593 5766 διορ.
626 5697 930 5766 γεμίζεται.

243 5767 338 5839 (60)
368 5767 429 5835 C,
462 5765 699 5821 δουλεύει
732 5765 856 5835 θεῷ.
