3888 6344
408 327 573 394 illi

425 534 707 603 liquosque
752 527 984 595 ipsorum
1033 532 1161 572 usus
1188 531 1217 569 a
1249 516 1355 568 Deo
1382 510 1515 603 cond

428 600 654 685 accedit,
683 617 823 690 quod
854 628 951 685 pro
983 612 1073 666 Dei
1108 610 1261 679 jussu
1291 616 1450 674 atque
1496 600 1721 670 imperio
1749 608 1860 653 tum
1907 611 1999 651 au-

426 716 592 788 gescit
640 723 752 767 tum
780 709 852 763 im

430 815 616 862 ventus
643 802 775 857 deus
806 800 893 861 sit,
924 808 1109 849 verum
1143 791 1232 844 Dei
1262 802 1413 856 opus.

499 899 665 953 Porro
706 892 796 962 qui
845 888 1013 942 solem
1043 884 1200 937 deum
1250 894 1370 932 esse
1418 883 1623 945 putant,
1654 870 1751 943 ipsi
1796 883 2006 940 quoque

427 979 920 1051 errant.Siquidem
945 990 1065 1029 cum
1090 972 1391 1026 necessario
1410 966 1608 1020 moveri
1635 962 2003 1033 perspicimus,

427 1090 589 1150 atque
616 1092 645 1131 a
672 1082 868 1145 puncto
901 1070 953 1124 in
977 1073 1228 1135 punctum
1260 1062 1490 1131 migrare
1517 1068 1566 1112 et
1589 1054 2004 1150 cottttnutari,_et

435 1144 685 1225 occidere
727 1172 781 1218 et
822 1158 1047 1225 exoriri,
1078 1165 1134 1208 ut
1162 1152 1228 1208 ad
1260 1152 1529 1206 hominum
1577 1146 1854 1201 utilitatem
1886 1144 2010 1198 stir-

431 1274 531 1331 νινε
555 1267 607 1313 et
638 1256 847 1326 plantas
876 1251 1053 1305 calore
1082 1245 1278 1299 afficiat
1303 1287 1317 1311 ,
1346 1252 1504 1309 atque
1534 1240 1753 1308 insuper
1780 1250 1901 1291 eum
1923 1233 2012 1331 di-

431 1326 693 1405 visionem
745 1358 868 1401 cum
919 1337 1137 1407 reliquis
1176 1332 1441 1389 sideribus
1487 1330 1702 1395 habere,
1736 1342 1798 1382 ac
1828 1326 2008 1381 multis

432 1441 671 1512 partibus
691 1437 827 1493 cmlo
851 1434 1109 1487 minorem
1139 1440 1283 1490 esse,
1300 1424 1521 1490 luceque
1541 1419 1821 1512 interdum
1830 1414 2011 1512 defici,

435 1506 537 1588 nec
561 1531 724 1585 ullum
753 1522 1035 1594 imperium
1056 1528 1105 1573 et
1132 1515 1484 1585 principatum
1514 1510 1775 1564 oblinere.
1805 1506 1882 1559 Ex
1906 1520 2012 1574 quo

1864 286 2242 349 ADDENDA.

425 435 851 499 transvehendas
883 443 1044 487 naves
1076 442 1137 481 ac
1169 426 1430 479 frumenta
1476 415 1878 489 comportanda,
1911 429 1999 471 ro-

2144 398 2213 453 πὺ
2242 396 2336 450 τοῦ
2367 395 2504 450 Θεοῦ
2538 394 2674 459 πρὸς
2703 394 3027 463 μεταγωγὴν
3065 394 3271 442 πλοίων
3308 394 3412 440 καὶ
3446 400 3698 454 onyx->3:

2139 491 2145 503 I
2262 493 2287 503 ει-
2459 489 2471 503 υ
2677 488 2689 502 ι
2780 488 2792 503 ι
2870 486 2919 503 ς.
3008 485 3059 503 1,
3112 480 3698 503 _0_‘,,,.__!_-__'2

1522 485 1653 564 itum
1703 522 1839 563 esse.
1886 505 1999 559 iluc

2139 491 2189 555 ἃς
2220 493 2331 545 τῶν
2364 489 2573 557 σιτίων,
2604 488 2701 541 καὶ
2746 488 2827 550 είς
2870 485 3062 548 λοιπὰς
3102 485 3287 538 αὐτῶν
3322 485 3557 552 χρείας
3588 485 3745 542 αὔξει

2096 602 2155 638 τε
2189 586 2284 639 καὶ
2333 585 2540 651 λήγει,
2578 583 2698 635 κατ’
2734 578 3001 650 ἐπιταγὴν
3039 577 3200 632 Θεοῦ.
3251 578 3353 629 Διὸ
3383 576 3458 628 οὑ
3516 575 3743 640 93%;:-

857 666 1133 760 ininuitur:
1191 698 1369 765 Quare
1416 694 1526 748 ﬁeri
1578 706 1681 747 non
1734 697 1907 760 potest
1947 696 2004 741 ut

2139 690 2225 728 ται
2257 674 2357 747 τὴν
2385 672 2494 729 τῶν
2542 672 2763 743 ἀνέμων
2815 670 2987 741 πνοὴν
3019 666 3158 724 εἶναι
3199 667 3363 731 θεὰν,
3398 666 3541 720 ἀλλ’
3579 666 3746 734 ἔργον

2099 766 2256 820 Θεοῦ.

2177 881 2239 932 Οί
2277 879 2333 932 δὲ
2365 864 2679 950 νομίζοντες
2708 877 2803 931 τὸν
2834 876 2987 947 ἥλιον
3017 873 3155 929 εἶναι
3196 871 3324 927 θεὸν
3374 872 3735 926 πλανιῖιντει.

2117 972 2368 1043 Ὀρῶμεν
2418 972 2527 1042 γὰρ
2568 970 2729 1025 αὐτὸν
2778 968 3095 1039 κινούμενον
3143 967 3285 1021 κατὰ
3320 967 3603 1036 ἀνάγκην
3642 966 3735 1016 καὶ

2107 1066 2469 1137 τρεπόμενον,
2501 1064 2596 1117 κοιλ⁵
2633 1060 3030 1135 μεταϐαίνοντα
3059 1059 3168 1114 ἀπὸ
3212 1057 3461 1129 σημείου
3510 1058 3600 1119 εἰς
3638 1073 3733 1124 σξ-

2112 1160 2286 1226 μεῖον,
2326 1155 2487 1227 243
2515 1153 2743 1208 δύνοντα
2774 1153 2869 1207 καὶ
2900 1151 3258 1206 ἀνατέλλοντα
3284 1190 3298 1213 ,
3344 1148 3449 1202 τοῦ
3490 1148 3731 1219 θερμαίο

2106 1266 2220 1302 νειν
2249 1245 2315 1300 τὰ
2351 1246 2495 1315 φυτὰ
2530 1246 2624 1299 καὶ
2660 1244 2866 1315 βλαστὰ
2896 1246 2975 1307 εἰς
3005 1242 3201 1315 χρῆσιν
3230 1241 3346 1295 τὼν
3380 1240 3725 1311 ἀνθρώπω,

2109 1337 2188 1390 ἔτι
2215 1336 2270 1389 δὲ
2296 1336 2390 1389 καὶ
2437 1334 2745 1405 μερισμοῦς
2776 1332 2966 1403 ἔχοντα
2995 1333 3131 1402 μετὰ
3167 1330 3281 1383 τῶν
3308 1330 3540 1383 λοιπῶν
3572 1330 3726 1383 ἀστέ-

2116 1446 2246 1500 ρων,
2278 1429 2373 1481 καὶ
2398 1426 2657 1481 ἐλάττονα
2681 1424 2811 1479 ὄντα
2840 1425 2933 1478 τοῦ
2958 1423 3188 1494 οὐρανοῦ
3218 1423 3386 1487 πολὺ,
3415 1423 3524 1476 καὶ
3554 1424 3725 1477 ἐκλεί-

2112 1542 2284 1579 ποντα
2298 1522 2393 1578 τοῦ
2416 1524 2614 1592 φωτὸς,
2640 1521 2735 1575 καὶ
2767 1520 3040 1591 μηδεμίαν
3064 1519 3475 1589 αὑτοκράτειαν
3506 1518 3719 1589 ἔχοντα.

436 1626 571 1680 illud
602 1624 815 1694 planum
847 1627 930 1675 est
958 1614 1073 1669 fieri
1106 1627 1209 1666 non
1240 1624 1396 1679 posse
1447 1617 1501 1659 ut
1529 1605 1605 1659 soi
1636 1605 1766 1659 deus
1794 1601 1884 1666 sit,
1917 1601 2009 1655 sed

2139 1616 2204 1668 ιιδ
2249 1615 2310 1668 οὐ
2352 1614 2669 1685 νενόμισται
2702 1610 2792 1666 τὸν
2832 1610 2985 1681 ἥλιον
3017 1605 3156 1664 εἶναι
3191 1608 3337 1674 θεὸν,
3384 1608 3519 1661 ἀλλ’
3568 1610 3722 1680 ἔργον

441 1716 536 1773 Dei
560 1729 711 1786 opus.

2113 1706 2271 1761 Θεοῦ.

2184 1821 2244 1874 Οί
2283 1819 2339 1873 δὲ
2370 1819 2683 1891 νομίζοντες
2717 1819 2817 1888 τὴν
2848 1817 3081 1889 σελήνην
3110 1808 3251 1869 εἶναι
3287 1813 3427 1867 θεὰν
3463 1814 3723 1868 πλανῶν.

518 1894 794 1950 Cousimili
822 1895 982 1949 etiam
1011 1895 1168 1950 modo
1198 1894 1231 1948 ii
1254 1892 1343 1962 qui
1371 1891 1547 1945 lunam
1570 1888 1726 1944 deam
1754 1903 1874 1946 esse
1901 1888 2020 1961 opi-

2139 1930 2225 1969 ἀι.
2273 1888 2523 1984 Ὀρῶμεν
2563 1912 2669 1984 γὰρ
2707 1910 2877 1981 αὐτὴν
2904 1888 3233 1978 κινουμένην
3272 1907 3423 1961 κατὰ
3469 1908 3727 1977 ἀνάγκην

448 1992 666 2052 utantur,
695 1995 893 2041 errant.
928 1985 1056 2040 Nam
1081 1986 1246 2054 ipsam
1272 1981 1572 2038 necessario
1599 1981 1802 2038 moveri
1831 1990 1885 2037 et
1913 1981 2017 2037 itu-

443 2078 639 2130 mutari
670 2076 927 2141 videmus,
948 2085 1105 2144 atque
1130 2089 1158 2128 a
1186 2081 1383 2144 puncto
1404 2073 1455 2126 in
1478 2082 1727 2142 punctum
1758 2072 2013 2143 migrare,

444 2177 499 2223 et
513 2167 578 2222 ad
601 2168 867 2223 hominum
887 2166 1166 2222 utilitatem
1184 2181 1325 2221 nunc
1348 2164 1568 2232 exoriri,
1587 2179 1727 2219 nunc
1745 2162 2013 2232 occidere,

444 2272 509 2313 ac
536 2259 648 2314 sole
678 2259 936 2314 minorem
981 2272 1131 2324 esse;
1164 2258 1343 2327 augeri
1372 2258 1533 2313 etiam
1563 2265 1722 2325 atque
1752 2257 2018 2325 imminui,

446 2364 510 2404 ac
536 2348 766 2419 deliquia
796 2349 1062 2405 interdum
1090 2348 1217 2418 pati.
1262 2349 1438 2414 Quare
1485 2347 1599 2403 lieri
1628 2364 1731 2403 non
1764 2358 1934 2418 potest
1962 2358 2023 2404 ut

445 2440 574 2496 luna
596 2440 695 2499 dea
723 2442 814 2512 sit,
845 2456 1030 2499 verum
1057 2441 1152 2497 Dei
1181 2455 1336 2512 Opus.

523 2591 765 2662 Denique
788 2592 877 2662 qui
908 2593 1175 2648 hominem
1216 2594 1374 2649 deum
1402 2607 1524 2651 esse
1554 2595 1879 2652 arbitrantur
1938 2612 2023 2652 er-

449 2690 588 2736 rant.
616 2681 747 2737 Nam
787 2697 909 2738 eum
937 2684 1238 2740 necessario
1265 2685 1488 2756 moveri,
1519 2694 1573 2741 et
1600 2687 1692 2754 ali,
1722 2696 1777 2743 et
1797 2689 2016 2743 invitum

450 2773 611 2827 etiam
637 2786 920 2829 senescere
962 2774 1225 2843 videmus,
1253 2784 1414 2846 atque
1455 2776 1716 2834 interdum
1747 2778 2021 2849 delectari,

2115 2004 2210 2058 καὶ
2238 2005 2603 2075 τρεπομένην,
2635 2002 2730 2057 καὶ
2761 2000 3196 2073 μεταϐαίνουσαν
3224 1998 3335 2051 ἀπὸ
3366 1999 3621 2070 σημείου
3650 2001 3723 2061 εἰς

2118 2096 2366 2167 σημεῖον,
2415 2094 2679 2148 δύνουσάν
2707 2111 2767 2147 τε
2809 2093 2903 2146 καὶ
2949 2089 3349 2145 ἀνατέλλουσαν
3392 2092 3477 2153 είς
3530 2092 3725 2159 χρείαν

2116 2186 2227 2241 τῶν
2254 2187 2579 2259 ἀνθρώπων,
2624 2186 2719 2238 καὶ
2753 2184 3015 2238 ἐλάττονα.
3060 2182 3227 2236 οὖσαν
3261 2180 3355 2234 τοῦ
3391 2181 3555 2244 ἡλίου
3576 2222 3595 2246 ,
3630 2182 3725 2234 aito

2119 2276 2349 2349 ξομένην
2411 2296 2471 2332 τε
2502 2278 2595 2331 καὶ
2628 2276 2978 2348 μειουμένην,
3013 2274 3110 2329 καὶ
3137 2273 3415 2344 ἐκλείψεις
3453 2272 3721 2343 ἔχουσαν.

2118 2366 2211 2419 Διὸ
2236 2366 2296 2420 οὐ
2320 2366 2632 2437 νενόμισται
2660 2364 2762 2437 τὴν
2794 2364 3027 2436 σελήνην
3054 2359 3198 2418 εἶναι
3221 2362 3374 2429 θεὰν,
3412 2362 3536 2417 ἀλλ’
3562 2363 3724 2435 ἔργον

2120 2457 2279 2513 Θεοῦ.

2194 2576 2255 2629 Oi
2282 2574 2338 2628 δὲ
2372 2573 2687 2646 νομίζοντες
2715 2572 2807 2625 τὸν
2834 2571 3121 2643 ἄνθρωπον
3150 2565 3291 2623 εἶναι
3316 2568 3445 2623 θεὸν
3474 2568 3726 2623 πλανῶν

2120 2686 2231 2723 ται.
2280 2667 2530 2738 Ὀρῶμεν
2562 2666 2671 2737 γὰρ
2710 2664 2874 2719 αὑτὸν
2906 2663 3224 2735 κινούμενον
3266 2660 3412 2715 κατὰ
3447 2661 3723 2731 ἀνάγκην,

2125 2760 2216 2814 καὶ
2263 2759 2599 2829 τρεφόμενον
2643 2759 2738 2812 καὶ
2777 2756 3169 2828 γηράσκοντα,
3217 2753 3312 2808 καὶ
3356 2755 3435 2825 μὴ
3473 2753 3723 2817 θέλοντος

448 2861 717 2918 interdum
769 2878 1002 2920 mwrore
1048 2866 1208 2930 affici,
1236 2867 1461 2939 ciboque
1500 2883 1565 2925 ac
1609 2880 1733 2940 potu
1783 2880 1838 2927 et
1880 2846 2023 2928 veste

2139 2851 2312 2907 κὺτοῦ.
2342 2853 2453 2905 Καὶ
2496 2850 2626 2903 ποτὲ
2676 2849 2776 2917 μὲν
2802 2848 3004 2920 χαίρει,
3037 2847 3168 2901 ποτὲ
3211 2847 3267 2899 δὲ
3297 2846 3583 2909 λυπεῖται,
3613 2846 3726 2899 6:5-

450 2952 712 3021 indigere.
765 2955 1081 3010 Iracundnm
1131 2958 1291 3013 etiam
1342 2967 1501 3029 atque
1546 2960 1782 3017 invidum
1809 2946 1948 3029 esse,
1973 2975 2029 3020 et

450 3042 673 3101 libidine
697 3046 927 3114 incitari,
950 3055 1005 3102 et
1033 3047 1342 3116 poenitentia
1364 3050 1509 3119 duci,
1526 3066 1589 3106 ac
1611 3053 1788 3109 multis
1808 3054 2031 3110 defecti-

2128 2963 2290 3018 μενος
2320 2944 2625 3017 βρωμάτων
2648 2943 2741 2995 καὶ
2766 2940 2931 2996 ποτοῦ
2951 2941 3046 2994 καὶ
3070 2939 3314 3011 ἐσθῆτος.
3338 2934 3502 2991 Εἶναι
3529 2939 3592 2991 δὲ
3616 2938 3727 3007 (6|)

2127 3038 2289 3092 αὐτὸν
2320 3036 2539 3108 ὀργίλον
2564 3035 2659 3087 καὶ
2692 3033 2938 3105 ζηλωτὴν
2967 3032 3062 3085 καὶ
3093 3029 3469 3100 ἐπιθυμητὴν,
3506 3031 3608 3082 καὶ
3635 3046 3727 3098 μεε

454 3134 556 3189 bus
571 3134 848 3192 iaborare.
880 3137 1076 3193 Verum
1107 3140 1289 3195 multis
1327 3140 1486 3197 etiam
1517 3143 1689 3198 modis
1731 3146 2023 3214 corrumpi-

2139 3128 2522 3200 ιαμελόμενον,
2558 3126 2655 3179 καὶ
2695 3124 2869 3178 πολλὰ
2908 3123 3268 3194 ἐλαττώματα
3313 3121 3535 3191 ἔχοντα.
3572 3121 3726 3174 Φθεί-

456 3232 565 3287 tur,
596 3224 847 3280 nimirum
891 3225 961 3282 ab
1009 3228 1309 3296 elementis,
1338 3239 1393 3286 et
1436 3231 1816 3299 animantibus,
1839 3250 1901 3289 ac
1930 3251 2029 3305 po-

457 3323 658 3367 stremo
681 3327 713 3367 a
744 3323 917 3369 morte
962 3315 1064 3384 ipsi
1102 3317 1433 3373 imminente.
1485 3320 1561 3375 Ex
1587 3336 1693 3390 quo
1719 3322 1951 3379 efﬁcitur
1977 3333 2031 3379 ut

458 3402 622 3459 homo
643 3404 776 3460 deus
802 3419 923 3461 esse
951 3417 1197 3475 nequeat,
1228 3409 1322 3463 sed
1355 3410 1449 3465 Dei
1474 3424 1628 3480 opus.
1660 3413 1919 3480 Quocirca
1951 3416 2032 3469 in-

455 3494 605 3562 genti
655 3508 842 3550 errore
895 3494 1131 3551 Chaldaei
1188 3496 1323 3566 lapsi
1368 3508 1510 3565 sunt,
1544 3499 1670 3555 dum
1720 3504 2029 3574 opinionum

455 3597 676 3639 suarum
695 3595 995 3641 commenta
1023 3597 1337 3656 sequuntur.
1359 3589 1634 3646 Elementa
1656 3593 1817 3660 enim,
1836 3594 1887 3649 in
1911 3610 2030 3664 qure

455 3674 701 3731 interitus
725 3676 889 3743 cadit,
915 3692 980 3733 ac
1006 3670 1244 3733 moriuas
1263 3688 1467 3735 statuas
1489 3693 1829 3752 venerantur,
1852 3700 1950 3742 nec
1970 3701 2030 3741 se

453 3771 509 3824 in
535 3769 753 3825 deorum
776 3787 1055 3829 numerum
1085 3788 1150 3830 ea
1178 3775 1380 3831 referre
1407 3778 1661 3832 sentiunt.

527 3865 608 3918 Ad
636 3862 852 3920 Graecos
878 3864 987 3935 jam
1014 3864 1311 3933 veniamus,
1342 3876 1397 3921 ut
1426 3868 1471 3922 si
1504 3867 1632 3938 quid
1663 3868 1801 3925 forte
1826 3869 1895 3924 de
1919 3869 2033 3925 Deo

455 3965 600 4012 recte
627 3957 860 4011 sentiant
886 3955 1178 4012 videamus.
1219 3957 1394 4013 Graeci
1425 3958 1582 4028 igitur
1611 3959 1888 4028 sapientia:
1916 3959 2032 4013 lau-

453 4045 582 4100 dem
626 4045 730 4101 sibi
776 4055 1127 4116 arrogantes,
1156 4048 1429 4104 stultiores
1467 4049 1626 4103 etiam
1668 4049 1928 4104 Chaldaeis
1973 4063 2035 4106 se

455 4135 797 4204 praebuerunt
821 4176 837 4202 ,
867 4137 1168 4207 complures
1208 4136 1455 4193 videlicet
1502 4138 1633 4193 deos
1681 4139 1989 4195 inducentes
2015 4180 2033 4205 ,

455 4225 649 4295 partim
680 4227 963 4288 masculos,
1004 4226 1193 4293 partim
1242 4227 1489 4293 feminas,
1522 4227 1831 4283 vitiosarum
1859 4230 2033 4285 omnis

454 4316 678 4384 generis
708 4314 1073 4380 aﬂectionum,
1095 4329 1158 4368 ac
1173 4317 1432 4371 scelerum
1456 4317 1795 4373 architectos.
1819 4320 2029 4375 Etenim

456 4403 707 4469 ridicula,
730 4412 785 4457 et
811 4402 991 4467 stulta,
1014 4394 1068 4457 et
1085 4402 1265 4473 impia,
1290 4418 1323 4460 o
1344 4418 1460 4469 rex,
1491 4404 1660 4461 Graeci
1688 4407 2030 4477 induxerunt,

456 4507 552 4547 eos
597 4493 691 4564 qui
740 4509 845 4548 non
892 4503 1018 4549 sunt
1050 4494 1199 4564 juxta
1250 4510 1529 4566 perversos
1558 4513 1683 4555 suas
1709 4500 2032 4571 cupiditates

456 4582 588 4641 deos
629 4585 980 4657 appellantes,
1007 4596 1065 4641 ut
1107 4588 1358 4643 nimirum
1407 4592 1645 4649 eosvitii
1692 4602 1945 4662 patronos
1971 4607 2034 4648 ac

453 4673 766 4731 defensores
814 4676 1073 4732 habentes
1097 4719 1112 4744 ,
1140 4678 1401 4735 adulteria
1451 4690 1779 4751 perpetrent,
1808 4684 2035 4752 rapiant,

460 4768 749 4832 trucident,
768 4776 925 4835 atque
946 4769 1280 4824 atrocissima
1312 4785 1535 4842 quaeque
1560 4774 1764 4829 scelera
1789 4777 2036 4832 commit-

459 4868 595 4914 tant.
624 4858 755 4913 Nam
783 4873 905 4914 cum
952 4860 1189 4930 ipsorum
1230 4861 1304 4915 dii
1334 4862 1637 4933 huiusmodi
1665 4864 1858 4935 ﬂagitia
1888 4866 2035 4921 desi-

458 4952 691 5020 gnarint,
722 4966 954 5022 quonam
986 4962 1141 5023 pacto
1169 4953 1270 5023 ipsi
1302 4969 1517 5025 quoque
1551 4971 1655 5011 non
1685 4958 1869 5014 eadem
1915 4975 2036 5029 per-

460 5043 779 5111 petrabunt?
804 5044 880 5099 Ex
921 5042 1008 5099 his
1050 5043 1211 5116 igitur
1236 5047 1437 5101 erroris
1461 5047 1649 5102 studiis
1674 5056 1729 5103 et
1761 5049 2033 5116 institutis,

350 5166 371 5173 -
459 5134 766 5190 hominibus
790 5135 924 5190 bella
956 5144 1013 5191 et
1036 5136 1232 5205 caedes,
1261 5146 1421 5206 atque
1449 5139 1668 5193 acerbas
1699 5140 2035 5208 captivitates

457 5227 648 5283 crebro
674 5228 1177 5300 experiri-contigit.
1228 5230 1366 5298 Quin
1396 5232 1554 5287 etiam
1580 5270 1595 5298 ,
1625 5232 1668 5286 si
1699 5231 1766 5288 de
1799 5232 2035 5302 ipsorum

2132 3238 2283 3291 ρεται
2315 3220 2373 3273 δέ
2406 3219 2549 3273 κατὰ
2578 3217 2807 3281 πολλοὺς
2832 3216 3071 3289 τρόπους
3097 3256 3112 3279 ,
3163 3214 3272 3268 ὑπὸ
3304 3214 3599 3283 στοιχείων
3635 3214 3729 3265 καὶ

2129 3312 2305 3379 ζώων,
2344 3313 2440 3366 καὶ
2465 3310 2559 3365 τοῦ
2596 3309 2951 3379 ἐπικειμένου
2997 3306 3148 3379 αὑτῷ
3187 3307 3447 3361 θανάτου.
3499 3306 3620 3359 Οὐκ
3646 3308 3727 3358 ὲν-

2128 3405 2343 3475 δέχεται
2396 3403 2489 3457 οῦν
2539 3398 2678 3456 εἶναι
2725 3402 2816 3455 τὸν
2866 3399 3155 3471 ἄνθρωπον
3201 3397 3346 3461 θεὸν,
3398 3398 3516 3451 ἀλλ’
3567 3398 3724 3467 ἔργον

2130 3496 2288 3551 Θεοῦ.
2314 3496 2531 3567 Πλάνην
2562 3495 2655 3548 οῦν
2681 3495 2925 3567 μεγάλην
2954 3492 3342 3564 ἐπλανήθησαν
3371 3493 3419 3544 οἱ
3442 3491 3721 3555 Χαλδαῖοι,

2131 3591 2308 3644 ὀπίσω
2334 3590 2442 3644 τῶν
2482 3588 2918 3659 ἐπιθυμημάτων
2947 3586 3129 3641 αὐτῶν
3166 3584 3300 3655 (ϐἓ).
3335 3584 3597 3638 Σέεἷονται
3622 3585 3723 3653 γὰρ

2132 3682 2202 3736 τὰ
2238 3682 2455 3752 φθαρτὰ
2507 3683 2747 3751 στοιχεῖα
2800 3680 2896 3733 καὶ
2945 3677 3013 3732 τὰ
3052 3677 3224 3745 νεκρὰ
3269 3676 3606 3746 ἀγάλματα,
3639 3676 3724 3729 καὶ

2133 3774 2297 3847 244.
2322 3775 2423 3828 οὐκ
2448 3773 2796 3827 αἰσθάνονται
2828 3771 3004 3825 ταῦτα
3038 3768 3477 3840 θεοποιούμενοι.

2209 3865 2492 3935 Ἔλθωμεν
2529 3864 2622 3919 οὖν
2668 3865 2761 3919 ἐπὶ
2799 3866 2926 3927 τοὺς
2968 3862 3278 3932 Ἕλληνας,
3311 3861 3402 3913 ἴνα
3450 3860 3652 3930 ἴδωμεν
3676 3859 3726 3911 εί

2134 3975 2186 4011 τι
2220 3957 2477 4028 φρονοῦσι
2528 3955 2658 4027 περὶ
2704 3954 2863 4008 Θεοῦ.
2898 3956 2961 4007 0i
2994 3953 3089 4007 οῦν
3128 3952 3394 4022 Ἕλληνες
3441 3950 3596 4019 σοφοὶ
3642 3950 3723 4002 λέ-

2135 4066 2325 4119 γοντες
2348 4043 2488 4101 εἶναι
2516 4046 2918 4119 ἐμωράνθησαν
2941 4045 3052 4114 (63)
3080 4046 3261 4116 χεῖρον
3283 4043 3394 4097 τῶν
3422 4041 3717 4104 Χαλδαίων,

2138 4139 2569 4212 παρεισάγοντες
2605 4137 2833 4201 πολλοὺς
2865 4137 3020 4201 θεοὺς
3050 4135 3385 4205 γεγενῆσθαι
3412 4175 3428 4199 ,
3454 4135 3579 4196 τοὺς
3624 4133 3715 4202 μὲν

2141 4230 2376 4303 ἄρρενας
2401 4270 2415 4293 ,
2449 4229 2579 4291 τοὺς
2605 4228 2662 4281 δέ
2690 4227 2910 4299 θηλείας
2940 4226 3076 4297 (64),
3112 4226 3388 4280 παντοίων
3424 4224 3610 4278 παθῶν
3634 4224 3716 4276 καὶ

2140 4321 2495 4377 παντοδαπῶν
2523 4321 2891 4392 δημιουργοὺς
2918 4319 3320 4390 ἀνομημάτων.
3354 4316 3523 4371 Ὅθεν
3548 4316 3715 4384 γελοία

2143 4414 2236 4467 καὶ
2265 4410 2426 4485 μωρὰ
2455 4411 2548 4464 καὶ
2580 4410 2752 4480 ὰσεὸῆ
2786 4410 3198 4482 παρεισήγαγον
3237 4410 3286 4462 οί
3319 4407 3603 4478 Ἕλληνες,
3632 4406 3718 4475 βα·

2145 4503 2331 4571 σιλεῦ,
2385 4504 2647 4574 ῥήματα,
2700 4501 2827 4565 τοὺς
2874 4502 2951 4574 μὴ
3010 4501 3173 4565 ὄντας
3229 4499 3717 4572 προσαγορεύοντες

2144 4596 2321 4661 θεοὺς,
2359 4593 2501 4648 κατὰ
2529 4592 2628 4657 τὰς
2652 4592 2951 4665 ἐπιθυμίας
2984 4594 3163 4646 αὐτῶν
3190 4593 3290 4655 τὰς
3322 4591 3587 4663 πονηρὰς,
3622 4589 3715 4653 ἵνα,

2143 4688 2368 4750 τούτους
2393 4687 2728 4757 συνηγόρους
2758 4685 2975 4756 ἔχοντες
2996 4688 3096 4758 τῆς
3120 4684 3346 4750 κακίας,
3385 4684 3712 4754 μοιχεύωσιν,

2144 4778 2433 4853 ἁρπάζωσι
2454 4821 2467 4843 ,
2510 4777 2778 4849 φονεύωσι
2799 4817 2814 4841 ,
2846 4777 2943 4831 καὶ
2988 4777 3059 4830 τὰ
3088 4777 3351 4831 πάνδεινα
3384 4775 3630 4829 ποιῶσιν.
3664 4772 3714 4826 Εἰ

2147 4872 2256 4941 γὰρ
2288 4870 2338 4923 οἱ
2370 4866 2481 4922 θεοὶ
2514 4866 2693 4921 αὐτῶν
2720 4868 2949 4922 τοιαῦτα
2989 4868 3273 4937 ἐποίησαν,
3310 4866 3434 4930 πῶς
3464 4866 3557 4918 καὶ
3582 4864 3712 4918 αὐτοι

2152 4966 2214 5019 οὐ
2244 4964 2473 5019 τοιαῦτα
2513 4962 2850 5034 “mpii/auom;
2906 4960 3002 5013 Ἐκ
3034 4959 3240 5013 τούτων
3282 4958 3379 5011 οὖν
3406 4958 3516 5011 τῶν
3544 4958 3711 5023 ἐπιτη‹

2151 5057 2435 5129 δευμάτων
2465 5056 2564 5127 τῆς
2597 5053 2806 5123 πλάνης
2834 5050 3032 5121 συνέϐη
3064 5052 3193 5114 τοὺς
3233 5048 3555 5121 ἀνθρώπους
3581 5048 3714 5101 πολέ-

2156 5166 2290 5218 μους
2342 5148 2483 5219 ἕχειν
2531 5145 2779 5216 συχνοὺς,
2825 5144 2919 5196 καὶ
2963 5144 3180 5212 σφαγὰς
3225 5142 3320 5195 καὶ
3364 5140 3712 5213 αίχμαλωσὲι,

2160 5242 2386 5313 πικράς.
2436 5239 2599 5293 Ἀλλὰ
2647 5238 2742 5292 καὶ
2768 5235 2891 5289 καθ’
2925 5236 3154 5291 ἕκαστον
3180 5235 3287 5289 τῶν
3316 5234 3456 5288 θεῶν
3479 5235 3643 5288 αὐτῶν
3676 5232 3714 5285 εί

533 5392 647 5463 (Gl)
684 5392 777 5467 Sic
803 5393 1120 5467 A,7syntaxi
1155 5392 1454 5450 laborante.
1482 5407 1587 5467 nec
1625 5392 1785 5467 aliter
1814 5393 1982 5467 codex
2011 5394 2135 5457 907,
2170 5411 2329 5467 quem
2366 5395 2407 5449 D
2434 5396 2639 5467 vocabo
2667 5394 3006 5467 deinceps,_si
3040 5391 3200 5467 fuerit
3233 5391 3298 5445 ad
3332 5403 3516 5467 partes
3543 5406 3714 5467 vocnt-

464 5460 673 5537 dus._ln
702 5464 744 5537 ο
770 5476 854 5519 est
886 5460 1076 5535 ingens
1106 5464 1354 5537 lacunae
1389 5461 1563 5518 verbis
1592 5465 1958 5534 superioribus
1985 5484 2018 5519 κ

2139 5460 2238 5519 mea
2270 5466 2369 5536 μὲν
2392 5466 2597 5537 χαίρει,
2633 5465 2699 5522 ad
2728 5466 2824 5521 καὶ
2856 5460 2965 5519 εἰσὶ
3002 5463 3311 5534 παράνομοι
3342 5464 3388 5515 οἱ
3423 5461 3533 5516 τῶν
3566 5460 3716 5515 ἐθνῶν

466 5533 860 5604 καὶιέγγίζειν,
899 5533 1037 5590 illita
1076 5550 1196 5604 pag.
1224 5534 1349 5589 252.

537 5600 654 5678 (ῥὲ)
680 5600 1033 5678 inserendum
1069 5600 1428 5678 πορευόμενοι
1466 5605 1697 5663 videtur.
1728 5606 1809 5663 Cf.
1848 5615 1883 5662 l.
1919 5605 1976 5673 ll,
2007 5624 2023 5678 [

2139 5607 2215 5674 24,
2249 5623 2301 5662 ιι.
2336 5608 2383 5661 1.

538 5672 651 5736 (65)
681 5670 765 5723 Cf.
799 5686 850 5734 ιι.
877 5673 1006 5730 εει.
1040 5690 1093 5728 ιι.
1126 5670 1213 5727 δι.

542 5741 653 5812 (δι)
684 5737 841 5794 (ὶοιιῐ.
876 5756 928 5809 p.
960 5741 1050 5795 «i‘J.

3585 267 3741 331 111;?

2703 389 3027 463 μεταγωγὴν
3065 388 3271 442 πλοίων
3308 385 3412 440 καὶ
3446 400 3751 454 συγκομι-
