3902 6358
462 382 593 443 illi)

1871 372 1910 427 Α
1923 370 2218 429 υῑηιΝω
2233 419 2245 430 .

3596 376 3747 440 112:)

445 486 745 556 σκομένους
775 486 877 540 ὑπὸ
906 486 1110 557 ἐτέρων
1135 484 1441 557 ἀνθρώπων
1468 484 1561 538 καὶ
1590 480 1915 553 καιομένους
1976 483 2070 534 καὶ
2111 481 2516 553 σφαττομένους
2542 524 2555 547 ,
2604 486 2699 539 καὶ
2739 485 3116 558 σηπομένους,
3189 488 3251 540 οὺ
3299 487 3562 557 συνῆκαν
3618 491 3753 559 περί

441 576 625 629 αὐτῶν
656 577 737 629 ὅτι
771 577 871 628 οὐκ
902 576 1012 627 εἰσί
1043 574 1177 629 θεοί.

521 688 774 751 ραι-τίεις»
820 701 1009 751 magno
1054 702 1233 737 errore
1278 695 1387 747 tum
1423 683 1687 749 .~’Eg_vptii,
1724 692 1830 734 tum
1861 676 1999 732 Chai

2207 662 2423 733 Πλάνην
2449 659 2540 717 οὖν
2572 665 2816 735 μεγάλην
2843 666 3233 740 ἐπλανήθησαν
3263 672 3317 724 οἴ
3340 690 3399 727 τε
3428 676 3752 745 Αἰγύπτιοι

448 784 580 846 dan,
613 789 721 838 tum
762 784 931 837 Grrci
983 786 1114 854 lapsi
1158 799 1308 855 sunt,
1341 790 1469 845 deos
1514 787 1812 855 hujusmodi
1860 786 2013 841 indu-

444 883 658 938 centi-s,
700 884 856 941 atque
894 877 1125 943 ipsorum
1166 889 1364 932 statuas
1394 881 1711 947 efﬁcientes,
1743 878 2009 946 surdaque

445 974 499 1018 et
526 971 967 1032 sensusexpertia
1027 963 1311 1020 simulacra
1385 978 1484 1038 pro
1558 963 1662 1018 diis
1730 970 2006 1023 habentes.

447 1055 524 1106 Ac
554 1051 787 1106 demiror
816 1068 919 1121 quo
955 1063 1129 1121 pacto,
1161 1070 1279 1108 cum
1318 1057 1445 1111 deos
1477 1073 1600 1113 suos
1629 1063 1695 1113 ab
1722 1061 2010 1113 artificibus

443 1144 636 1206 secari,
661 1152 714 1197 et
743 1144 942 1212 dolari,
967 1160 1029 1199 ac
1058 1149 1312 1211 truncari,
1335 1158 1492 1217 atque
1520 1152 1774 1218 temporis
1807 1152 2013 1221 loogin-

336 1241 378 1283 ,'
442 1236 649 1304 quitate
694 1236 1084 1293 inveterascere
1115 1248 1169 1293 et
1212 1240 1512 1307 immutari,
1541 1250 1697 1312 atque
1730 1244 1847 1311 igne
1884 1257 2013 1296 eon-

448 1326 562 1378 tlari
594 1337 906 1392 cernerent,
940 1328 1060 1383 hinc
1090 1345 1181 1384 eos
1211 1330 1425 1385 minime
1466 1334 1593 1387 deos
1621 1348 1737 1387 esse
1768 1349 1870 1387 non
1898 1333 2012 1386 ani-

448 1416 845 1470 madVerterint.
876 1418 1006 1471 Nam
1032 1420 1119 1486 qui
1144 1419 1195 1472 in
1223 1435 1332 1474 suae
1363 1421 1549 1475 salutis
1576 1424 1784 1489 negotio
1814 1421 2009 1475 nullam

448 1507 552 1558 vim
587 1507 814 1574 habent,
848 1523 1073 1577 quonam
1104 1511 1313 1564 tandem
1347 1513 1502 1565 moio
1534 1512 1806 1566 hominum
1849 1513 2007 1566 saluti

447 1595 769 1649 consulenti
812 1600 879 1650 At
923 1612 1050 1651 vero
1089 1608 1256 1667 poeta:
1311 1601 1574 1667 ipsorum,
1611 1611 1665 1655 et
1714 1600 2011 1669 pltiittSttpiti

451 1693 556 1738 tam
597 1685 964 1740 Chaldworum
1008 1703 1163 1755 quam
1195 1688 1592 1758 AZgyptiorum,
1625 1707 1743 1744 cum
1775 1691 2015 1746 versibus

449 1774 561 1827 suis
598 1789 662 1828 ac
701 1775 994 1829 litterarum
1035 1778 1393 1831 monumentis
1436 1780 1564 1833 deos
1594 1795 1717 1834 suos
1758 1796 2015 1835 exornare

448 1863 796 1929 studuerunt,
840 1878 1022 1917 eorum
1070 1866 1408 1933 ignominiam
1448 1872 1615 1937 magis
1664 1871 2011 1938 detexcrunt,

454 1951 754 2018 nudamque
796 1953 1028 2006 omnium
1074 1958 1240 2009 oculis
1290 1968 1692 2026 proposuerunt.
1725 1960 1855 2013 Nam
1893 1974 2011 2014 cum

452 2040 682 2093 hominis
734 2055 958 2105 corpus,
1009 2044 1246 2109 quamvis
1297 2045 1489 2112 alioqui
1548 2046 1728 2100 multis
1778 2048 2013 2117 partibus

450 2137 689 2191 (Dllelel,
720 2127 917 2180 nullum
956 2138 1129 2182 tamen
1171 2132 1524 2184 membrorum
1567 2147 1783 2186 suorum
1807 2135 2014 2204 abjicit,

450 2232 629 2270 verum
674 2216 1024 2271 ﬁrmissimam
1054 2233 1174 2273 eum
1224 2221 1351 2289 ipsis
1396 2220 1642 2277 omnibus
1686 2225 2014 2292 conjunctio-

449 2326 567 2365 nem
629 2310 860 2378 habens,
913 2326 1094 2365 secum
1154 2313 1322 2382 ipsum
1379 2314 1700 2379 concordat,
1749 2316 1838 2385 qui
1892 2326 2011 2370 tan-

448 2402 572 2455 dem
604 2401 654 2454 in
686 2402 776 2456 Dei
816 2413 1000 2455 natura
1046 2412 1187 2457 tanta
1230 2419 1399 2473 pugna
1438 2413 1492 2459 et
1537 2406 1799 2460 discordia
1839 2407 2011 2461 futura

447 2491 568 2545 est?
596 2491 725 2544 Nam
757 2492 801 2545 si
832 2507 932 2545 una
977 2491 1199 2547 deorum
1248 2506 1433 2547 natura
1481 2504 1653 2559 esset,
1685 2497 1815 2550 deus
1854 2496 2012 2550 deum

452 2583 701 2635 insectari
722 2621 740 2649 ,
771 2592 860 2635 aut
898 2583 1241 2648 obtruncare,
1274 2594 1361 2637 ant
1392 2583 1530 2637 malo
1557 2585 1731 2653 aliquo
1759 2586 2015 2639 mulctare

453 2675 669 2727 minime
699 2674 943 2728 debebat.
977 2675 1125 2740 Quod
1156 2675 1199 2727 si
1239 2674 1308 2729 dii
1350 2690 1377 2729 a
1410 2675 1509 2728 diis
1541 2676 1735 2739 vexati,
1767 2684 1821 2729 et
1847 2675 2014 2730 inter-

452 2764 645 2834 empti,
697 2774 751 2819 ct
789 2767 1030 2832 spoliati,
1066 2779 1134 2825 ac
1170 2766 1388 2821 fulmine
1435 2766 1670 2834 percussi
1715 2776 1871 2833 sunt,
1907 2782 2011 2821 non

449 2860 556 2925 jam
589 2871 690 2910 una
720 2871 902 2910 eorum
930 2865 1119 2910 natura
1144 2868 1255 2923 est,
1283 2858 1377 2912 sed
1425 2858 1684 2913 diStincta:
1712 2858 2027 2921 voluntates,

430 2952 590 3008 atque
621 2958 812 2999 omnes
844 2946 1088 3003 exitiosa:
1122 2965 1186 3011 ac
1219 2952 1507 3020 pestiferae.
1545 2954 1621 3009 Ex
1650 2972 1759 3026 quo
1789 2958 2015 3011 conclu-

428 3028 661 3083 dendum
686 3043 767 3087 est
787 3037 1055 3092 neminem
1080 3055 1266 3094 eorum
1300 3041 1457 3097 deum
1490 3060 1628 3099 esse.
1657 3045 2011 3116 Perspicuum

428 3130 513 3173 est
549 3124 731 3194 igitur,
765 3143 797 3180 ο
830 3144 943 3195 rex,
974 3147 1190 3188 omnem
1224 3151 1414 3191 eorum
1447 3137 1513 3192 de
1547 3140 1775 3194 deorum
1813 3149 2013 3197 natura

426 3214 849 3285 disputationem
878 3225 1090 3279 erroris
1120 3228 1336 3295 plenant
1366 3246 1512 3286 esse.

499 3306 744 3371 Quonam
767 3322 948 3369 autem
971 3327 1131 3387 pacto
1155 3321 1187 3373 ii
1206 3322 1297 3391 qui
1321 3326 1464 3392 apud
1487 3324 1705 3382 Graecos
1727 3330 2006 3399 sapientiae

443 3405 598 3461 atque
625 3399 878 3454 doctrina:
906 3402 1040 3455 fama
1073 3408 1301 3462 llut'Uet‘u
1327 3426 1390 3475 ιι,
1423 3415 1545 3468 iliud
1576 3418 1794 3475 minime
1843 3424 2000 3480 intel-

443 3483 716 3550 lexezunt,
745 3503 837 3540 eos
869 3494 956 3557 qui
991 3494 1132 3562 leges
1178 3500 1407 3555 tulerunt
1436 3507 1655 3560 suismet
1692 3510 1890 3577 legibus
1914 3516 2003 3583 ju-

440 3576 643 3629 dicari?
670 3576 797 3630 Nam
833 3580 875 3632 si
916 3580 1056 3649 leges
1087 3585 1244 3652 jnsta:
1281 3599 1435 3656 sunt,
1468 3593 1644 3661 injusti
1676 3576 1891 3654 omnino
1914 3576 2000 3675 ip-

437 3678 617 3719 soium
648 3668 717 3721 dii
762 3680 914 3736 sunt,
945 3675 1029 3739 qui
1060 3685 1241 3730 contra
1276 3679 1445 3748 legum
1479 3688 1785 3756 prmseiipta
1815 3668 1999 3750 mutuo

434 3768 557 3811 sese
600 3757 994 3829 interfecerint,
1028 3778 1186 3834 atque
1230 3770 1280 3822 in
1322 3775 1592 3839 veneticia,
1625 3786 1679 3830 et
1715 3781 1994 3852 adulteria,

434 3855 489 3899 et
533 3846 692 3916 furta,
734 3862 789 3904 et
836 3866 1185 3923 prteposteras
1238 3860 1480 3919 libidines
1540 3871 1856 3935 proruerint.
1903 3846 1994 3931 Sin

430 3948 604 3992 autem
634 3952 776 3997 recte
807 3943 1064 4013 fecerunt,
1097 3951 1237 4021 leges
1259 3966 1402 4010 eerte
1428 3957 1627 4028 iniquae
1646 3975 1786 4034 sunt,
1814 3975 1995 4036 utpote

428 4029 681 4086 adversus
704 4032 831 4089 deos
850 4044 1164 4095 constitutae.
1186 4042 1334 4098 Nunc
1359 4057 1534 4105 autem
1559 4052 1703 4120 leges
1724 4029 1992 4125 prmciara:

425 4134 486 4172 ac
511 4122 663 4188 just-.c
694 4135 843 4193 sunt,
881 4137 937 4183 ut
980 4146 1095 4199 quae
1125 4143 1178 4187 et
1215 4139 1436 4193 virtutes
1484 4122 1739 4214 laudent,
1764 4159 1817 4204 et
1861 4156 1986 4208 v.tia

432 4211 781 4281 prohibeant;
832 4217 1051 4274 deorum
1091 4233 1302 4291 autem,
1346 4243 1478 4296 quos
1522 4233 1617 4298 ipsi
1648 4251 1677 4288 c
1702 4238 1856 4307 alunt,
1890 4243 1988 4297 ini-

422 4315 525 4366 qua
547 4313 670 4357 sunt
695 4319 856 4373 opera
887 4324 901 4360 :
927 4325 1088 4376 quare
1116 4312 1277 4381 iniqui
1298 4318 1455 4371 etiam
1485 4322 1717 4389 ipsorum
1740 4329 1812 4401 dii
1833 4344 1983 4402 sunt,

422 4405 712 4461 omnesque
754 4395 898 4463 impii
947 4412 1009 4451 ac
1059 4412 1228 4456 morte
1273 4409 1556 4477 multandi,
1590 4415 1678 4482 qui
1726 4395 1983 4485 eju:modi

424 4484 555 4536 deos
602 4484 876 4543 inducunt.
909 4491 1037 4546 Nam
1068 4495 1112 4548 si
1150 4511 1209 4549 ea
1254 4515 1368 4569 qu.e
1413 4502 1479 4558 de
1527 4506 1655 4574 ipsis
1691 4484 1981 4570 litterarum

418 4578 775 4634 monumentis
824 4585 1031 4651 prodita
1084 4599 1232 4656 sunt,
1277 4593 1394 4647 ticta
1441 4606 1492 4650 et
1543 4597 1775 4657 fabulosa
1824 4615 1978 4673 sunt,

414 4665 542 4719 nihil
569 4667 711 4721 aliud
740 4682 861 4726 sunt
905 4689 1061 4743 quam
1093 4681 1226 4734 meri
1253 4696 1559 4750 sermones;
1593 4689 1637 4742 si
1670 4700 1845 4747 autem
1879 4665 1976 4749 na;

413 4759 621 4823 turalia,
644 4776 746 4815 non
768 4764 877 4832 jam
902 4768 970 4819 dii
1000 4777 1125 4822 sunt
1148 4773 1235 4839 qui
1264 4772 1373 4827 tunc
1397 4776 1635 4834 fecerunt
1655 4797 1714 4835 ac
1737 4788 1974 4853 perpessi

408 4857 561 4914 sunt;
589 4851 727 4919 quod
758 4854 803 4907 si
844 4855 1129 4925 altegorico
1174 4876 1331 4917 sensu
1371 4880 1433 4920 ea
1479 4851 1751 4940 dicuntur,
1781 4851 1972 4932 fabula:

406 4949 563 5008 sunt,
587 4956 649 4995 ac
680 4943 806 4997 nihil
837 4957 1114 5014 praeterea.
1150 4952 1576 5014 Demonstratum
1601 4973 1683 5016 est
1712 4965 1907 5035 itaque,
1936 4984 1970 5024 ο

407 5045 521 5096 rex,
551 5033 648 5086 hos
672 5048 857 5091 omnes
879 5038 1074 5109 cultus,
1098 5042 1185 5111 qui
1214 5044 1392 5101 multis
1414 5048 1515 5104 diis
1542 5033 1860 5123 tribuuntur,
1888 5074 1970 5115 ero

2130 751 2223 803 καὶ
2266 752 2316 803 οἰ
2355 751 2610 806 Χαλδαῖοι
2658 755 2752 808 καὶ
2782 756 2832 807 οἱ
2881 756 3141 828 Ἕλληνες
3177 761 3459 828 τοιούτους
3494 784 3748 837 παρεισ-

2129 840 2352 909 άγοντες
2381 844 2555 908 θεοὺς,
2594 846 2688 900 καὶ
2725 847 3019 918 ἀγάλματα
3053 850 3233 906 αὐτῶν
3268 855 3566 921 ποιοῦντες
3587 902 3606 925 ,
3654 862 3747 915 καὶ

2129 932 2537 1004 θεοποιούμενοι
2576 936 2645 1019 τᾷι
2677 938 2836 1007 κωφὰ
2871 941 2964 992 καὶ
3002 942 3310 1013 ἀναίσθητα
3341 946 3583 1002 εἴδωλα.
3634 952 3745 1004 Καὶ

2129 1025 2396 1096 θαυμάζω
2434 1028 2554 1092 πῶς
2583 1028 2818 1100 ὁρῶντες
2864 1034 2993 1096 τοὺς
3030 1035 3187 1098 θεοὺς
3235 1036 3418 1091 αὐτῶν
3456 1038 3577 1093 ὑπὸ
3632 1045 3745 1097 τῶν

2126 1120 2474 1193 δημιουργῶν
2498 1125 2861 1195 πριζομένους
2877 1129 2971 1181 καὶ
2991 1130 3204 1183 πελεκω
3212 1131 3429 1200 μένους,
3456 1136 3745 1190 παλαιουο

2130 1214 2324 1282 μένους
2359 1233 2418 1267 τε
2475 1216 2578 1269 ὑπὸ
2608 1218 2704 1271 τοῦ
2753 1218 2946 1289 χρόνου
2989 1221 3083 1274 καὶ
3132 1222 3545 1295 ἁναλυομένους
3573 1270 3589 1293 ,
3643 1235 3741 1285 καὶ

2128 1307 2530 1375 χωνευομένους
2555 1349 2568 1369 ,
2610 1310 2711 1362 οὐκ
2744 1310 3056 1380 ἐφρόνησαν
3091 1314 3223 1386 περὶ
3269 1316 3457 1369 αὐτῶν
3484 1320 3578 1372 ὅτι
3636 1325 3741 1375 οὐκ

2127 1398 2235 1450 εἰσί
2278 1398 2410 1453 θεοί.
2452 1400 2582 1454 Ὅτε
2630 1402 2740 1473 γὰρ
2772 1404 3029 1475 περὶτῆς
3067 1406 3201 1471 ἰδίας
3249 1412 3538 1481 σωτηρίας
3576 1415 3739 1467 οῦδὲν

2132 1490 2394 1559 ἰσχύουσι,
2428 1492 2546 1555 πῶς
2574 1493 2683 1547 τῶν
2714 1494 3019 1566 ἀνθρώπων
3054 1498 3317 1567 πρόνοιαν
3352 1504 3733 1573 ποιήσονται;

2141 1582 2278 1633 Ἀλλ’
2314 1585 2363 1635 οἰ
2397 1584 2616 1654 ποιηταὶ
2650 1585 2829 1637 αὐτῶν
2859 1586 2952 1638 καὶ
2986 1586 3288 1657 φιλόσοφοι,
3323 1591 3433 1644 τῶν
3470 1610 3529 1644 τε
3576 1596 3736 1645 Χαλ-

2126 1669 2292 1722 δαίων
2320 1671 2417 1724 καὶ
2457 1671 2730 1743 Ἑλλήνων
2762 1675 2855 1727 καὶ
2879 1676 3216 1744 Αἰγυπτίων,
3247 1680 3589 1751 θελήσαντες
3618 1687 3737 1748 τοῖς

2128 1764 2430 1833 ποιήμασιν
2490 1766 2673 1820 αὐτῶν
2724 1768 2819 1821 καί
2868 1774 3217 1841 συγγραφαῖς
3268 1776 3540 1843 σεμνῦναι
3599 1780 3738 1843 τοὺς

2128 1856 2257 1924 παρ’
2295 1856 2480 1919 αὐτοῖς
2515 1856 2707 1924 θεοὺς,
2762 1860 3027 1926 μειζόνως
3070 1862 3172 1933 τὴν
3221 1866 3489 1936 αἰσχύνην
3536 1871 3740 1922 αὐτῶν

2127 1945 2468 2017 ὲξεκάλυψαν
2494 1951 2588 2002 καὶ
2625 1952 2841 2023 γυμνὴν
2873 1955 3009 2006 πᾶσι
3041 1954 3382 2027 προῦθηκαν.
3420 1960 3485 2012 Εἰ
3516 1963 3647 2032 γὰρ
3678 1965 3741 2016 τὸ

2053 2026 2096 2081 Β
2128 2039 2290 2107 σῶμα
2320 2038 2415 2092 τοῦ
2446 2040 2738 2111 ἀνθρώπου
2785 2044 3098 2116 πολυμερὲς
3124 2026 3276 2117 25]
3331 2049 3391 2102 ὃν
3440 2026 3549 2105 οὐκ
3586 2026 3737 2108 απο-

2124 2130 2379 2185 6άλλεταί
2425 2150 2477 2185 τι
2511 2133 2621 2187 τῶν
2658 2133 2802 2187 ἰδίων
2843 2135 3041 2206 μελῶν,
3072 2139 3229 2204 ἀλλὰ,
3262 2142 3398 2211 πρὸς
3431 2144 3630 2197 πάντα
3666 2150 3740 2201 τὰ

2126 2222 2265 2292 μέλη
2301 2223 2669 2294 ἁδιάρῤηκτον
2690 2226 2903 2280 ’ἕνωσιν
2942 2228 3086 2298 ἔχον,
3114 2232 3293 2303 ἑαυτῴ
3326 2235 3443 2287 ἐστι
3484 2236 3742 2307 σύμφω-

2122 2331 2232 2379 νον,
2271 2315 2388 2378 πῶς
2432 2317 2489 2367 ὲν
2529 2316 2689 2383 φύσει
2745 2316 2870 2370 θεοῦ
2903 2319 3053 2390 μάχη
3102 2322 3200 2375 καὶ
3246 2323 3515 2393 διαφωνία
3562 2330 3740 2384 ἔσται

2121 2402 2358 2479 τοσαύτη
2387 2427 2400 2475 ;
2437 2410 2485 2462 εἰ
2520 2412 2629 2480 γὰρ
2672 2411 2769 2480 μία
2799 2411 2962 2481 φύσις
2994 2416 3103 2467 τῶν
3136 2414 3273 2468 θεῶν
3300 2418 3580 2490 ὑπῆρχεν,
3624 2427 3741 2478 οὐκ

2120 2499 2352 2570 ὤφειλεν
2397 2503 2519 2567 θεὸς
2552 2503 2674 2557 θεὸν
2705 2504 2945 2572 διώκειν,
2987 2504 3109 2561 οὕτε
3142 2509 3389 2577 σφάζειν,
3432 2512 3563 2565 οὔτε
3623 2535 3737 2569 κα-

2121 2598 2391 2650 κοποιεῖν·
2430 2586 2478 2649 εἰ
2529 2596 2586 2649 δὲ
2634 2599 2683 2650 οἱ
2720 2596 2832 2650 θεοὶ
2877 2598 2985 2651 ὑπὸ
3033 2599 3174 2653 θεῶν
3221 2602 3576 2673 ἐδιώχθησαν
3629 2612 3737 2661 καὶ

2121 2688 2458 2760 ἐσφάγησαν,
2485 2692 2579 2743 καὶ
2608 2689 2939 2761 ἡρπάγησαν
2971 2692 3065 2744 καὶ
3092 2694 3583 2766 ὲκεραυνώθησαν,
3624 2702 3738 2753 οὐκ

2120 2778 2199 2833 ἔτι
2231 2779 2328 2849 μία
2356 2780 2519 2849 φύσις
2563 2782 2733 2848 ἐστὶν,
2775 2782 2911 2834 ἀλλὰ
2945 2784 3163 2853 γνῶμαι
3193 2785 3523 2856 διῃρημέναι
3554 2828 3573 2851 ,
3618 2794 3738 2844 πᾶ.-

2122 2889 2210 2925 σαι
2239 2874 2525 2925 κακοποιοὶ
2550 2914 2564 2938 ,
2595 2873 2736 2925 ὥστε
2781 2874 2957 2937 οὐδεὶς
2989 2874 3049 2938 ἐξ
3070 2875 3249 2929 αὐτῶν
3278 2880 3391 2930 ἐστι
3423 2878 3575 2942 θεός.
3616 2884 3738 2934 Φα-

2119 2964 2272 3035 νερὸν
2302 2963 2395 3017 οὖν
2426 2965 2595 3030 ἐστιν,
2619 2959 2664 3017 ὦ
2688 2963 2914 3034 βασιλεῦ
2933 3009 2948 3033 ,
2981 2967 3189 3039 πλάνην
3218 2964 3358 3023 εἶναι
3392 2973 3591 3025 πᾶσαν
3626 2975 3735 3043 τὴν

2119 3055 2380 3125 περὶτῶν
2411 3054 2549 3109 θεῶν
2581 3055 2952 3126 φυσιολογίαν.

2190 3317 2315 3382 Πῶς
2340 3319 2395 3372 δὲ
2414 3319 2475 3373 ού
2507 3321 2746 3392 συνῆκαν
2773 3323 2823 3375 οἱ
2856 3323 3009 3391 σοφοὶ
3039 3324 3133 3376 καὶ
3163 3324 3332 3394 λόγιοι
3362 3327 3469 3381 τῶν
3510 3328 3735 3401 Ἐλλή-

2117 3428 2221 3463 νων
2239 3412 2322 3464 ὄτι
2340 3413 2434 3465 καὶ
2458 3413 2507 3464 οἱ
2530 3412 2725 3483 νόμους
2751 3415 2884 3485 (79')
2910 3415 3129 3484 θέμενοι
3152 3418 3427 3488 κρίνονται
3457 3420 3571 3473 ὑπὸ
3604 3424 3731 3476 τῶν

2118 3502 2261 3555 ἰδίων
2292 3504 2508 3574 νόμων;
2554 3506 2751 3577 Εἰλγαρ
2794 3509 2842 3560 οἰ
2896 3507 3053 3577 νόμοι
3080 3509 3278 3563 δίκαιοί
3328 3515 3487 3578 εἰσιν,
3522 3515 3728 3571 ἄδικοι

2113 3595 2329 3657 πάντως
2350 3596 2399 3647 οἰ
2419 3594 2532 3647 θεοὶ
2555 3597 2738 3650 αὐτῶν
2760 3600 2891 3665 εἰσι,
2908 3602 3205 3671 παράνομα
3229 3604 3590 3673 ποιήσαντες,
3622 3609 3729 3661 ἀλ-

2110 3684 2457 3755 ληλοκτονίας
2485 3689 2576 3742 καὶ
2598 3707 2669 3759 φα
2680 3692 2939 3761 ρμακίας,
2960 3695 3054 3746 καὶ
3080 3696 3325 3764 μοιχείας
3346 3699 3440 3749 καὶ
3462 3698 3720 3765 κλοπὰς,

2109 3779 2204 3831 καὶ
2248 3780 2680 3849 ἁρσενοκοιτίας.
2727 3784 2790 3835 Εἰ
2831 3783 2889 3835 δὲ
2920 3784 3103 3848 καλῶς
3144 3786 3387 3857 ἔπραξαν
3414 3787 3633 3855 ταῦτα,
3669 3796 3721 3845 οἱ

2107 3872 2260 3941 νόμοι
2293 3872 2401 3943 ἄρα
2441 3873 2616 3927 ἄδικοί
2649 3878 2755 3928 εἰσι
2778 3918 2792 3941 ,
2829 3876 2969 3930 κατὰ
3003 3878 3112 3932 τῶν
3144 3879 3281 3933 θεῶν
3319 3884 3715 3950 συντεθέντες.

2104 3958 2242 4011 Νυνὶ
2290 3959 2347 4012 δὲ
2401 3963 2450 4013 οἰ
2502 3963 2658 4032 νόμοι
2701 3965 2854 4017 καλοί
2893 3969 3000 4019 εἰσι
3040 3970 3136 4021 καὶ
3171 3969 3402 4037 δίκαιοι,
3439 3975 3719 4030 τακαίιᾴ

2104 4049 2455 4115 ἐπαινοῦντες
2484 4053 2577 4106 καί
2607 4054 2677 4106 τὰ
2708 4055 2852 4109 κακὰ
2879 4058 3335 4128 ἀπαγορεύοντες·
3367 4062 3434 4113 τὰ
3459 4062 3520 4115 δὲ
3552 4065 3715 4135 ἔργα

2101 4142 2208 4195 τῶν
2241 4142 2378 4196 θεῶν
2410 4144 2590 4197 αὐτῶν
2622 4148 2914 4219 παράνομα
2935 4166 2950 4181 ο
2984 4151 3293 4223 παράνομοι
3340 4153 3446 4225 ἄρα
3478 4157 3529 4207 οἱ
3583 4158 3713 4213 θεοὶ

2102 4230 2304 4297 αὐτῶν,
2345 4234 2440 4286 καὶ
2474 4234 2649 4305 ἔνοχοι
2701 4236 2904 4301 πάντες
2948 4238 3182 4294 θανάτου
3231 4244 3326 4295 καὶ
3371 4244 3607 4308 ἀσεϐεῖς
3655 4251 3709 4300 οἱ

2098 4324 2370 4387 τοιούτους
2409 4325 2563 4389 θεοὺς
2590 4332 3039 4400 παρεισάγοντες.
3083 4336 3144 4387 Εἰ
3182 4335 3282 4405 μὲν
3311 4336 3417 4407 γὰρ
3451 4339 3710 4408 μυθικαὶ

2098 4415 2155 4467 αἰ
2181 4416 2309 4487 περί
2334 4417 2511 4470 αὐτῶν
2547 4419 2810 4492 ἱστορίαι,
2838 4423 2990 4477 οὐδέν
3024 4428 3182 4490 εἰσιν,
3213 4429 3259 4479 εἰ
3292 4431 3365 4498 μὴ
3396 4431 3568 4499 μόνον
3606 4435 3709 4488 λδ-

2096 4522 2202 4574 γοι·
2240 4509 2289 4559 εἰ
2320 4506 2375 4560 δὲ
2404 4512 2665 4577 φυσικαὶ,
2698 4513 2797 4565 οὐκ
2824 4513 2907 4567 ἔτι
2944 4515 3054 4569 θεοί
3084 4518 3220 4571 εἰσιν
3248 4520 3297 4571 οἱ
3325 4520 3503 4573 ταῦτα
3534 4530 3709 4598 ποιή-

2096 4615 2290 4663 σαντες
2307 4602 2399 4653 κα“ι
2422 4604 2706 4668 παθόντες·
2724 4606 2844 4658 εἰδὲ
2868 4608 3245 4679 ἀλληγορικαὶ,
3271 4610 3426 4679 μῦθοί
3456 4616 3568 4665 εἱσι
3600 4634 3703 4670 και

2024 4726 2069 4781 D
2095 4691 2195 4744 οὐκ
2226 4692 2353 4746 ἄλλο
2385 4712 2459 4747 τι.
2499 4696 2660 4767 252
2691 4698 3090 4754 Ἀποδὲδεικται
3118 4703 3315 4766 τοίνυν,
3345 4698 3389 4757 ὦ
3418 4704 3698 4773 βασιλεῦ,

2095 4784 2268 4838 ταῦτα
2297 4786 2477 4840 πάντα
2513 4790 2583 4842 τὰ
2628 4788 2864 4843 πολύθεα
2914 4792 3235 4863 σεϐάσματα
3288 4795 3500 4866 πλάνης
3540 4799 3700 4869 ἔργα

2091 4877 2183 4930 καὶ
2212 4878 2491 4942 ἀπωλείας
2520 4880 2809 4950 ὑπάρχειν.
2842 4883 2917 4934 Οὐ
2941 4883 3047 4954 χρὴ
3074 4882 3171 4937 οὖν
3199 4885 3353 4949 θεοὺς
3383 4887 3699 4956 ὀνομάζειν

2088 4970 2318 5040 ὁρατοὺς
2348 4972 2540 5043 καὶμὴ
2565 4972 2827 5043 ὁρῶνταςο
2856 4974 2993 5028 ἀλλὰ
3026 4977 3115 5029 τὸν
3152 4979 3385 5049 ἀόρατον
3415 4980 3513 5034 καὶ
3543 4986 3697 5038 πάν-

2089 5081 2187 5128 τας
2219 5063 2703 5136 δημιουργήσαντα
2731 5065 2811 5118 δεῖ
2848 5067 3105 5122 σέϐεσθαι
3137 5070 3291 5125 Θεόν.

402 5129 544 5182 roris
579 5140 743 5200 atque
772 5133 922 5186 exitii
954 5150 1118 5205 opera
1152 5155 1275 5194 esse
1301 5144 1502 5211 (neque
1533 5144 1680 5198 enim
1707 5146 1838 5201 deos
1862 5150 2137 5218 appellare
2167 5156 2417 5207 convenit
2449 5156 2539 5224 qui
2575 5156 2825 5213 videntur
2847 5175 2911 5217 ac
2940 5178 3049 5218 non
3074 5164 3289 5230 vident;
3327 5183 3511 5222 verum
3549 5186 3689 5228 eum

401 5223 514 5291 qui,
550 5238 673 5278 cum
712 5226 826 5296 ipse
861 5228 1010 5282 cerni
1038 5238 1289 5298 nequeat,
1318 5234 1498 5288 omnia
1531 5237 1748 5307 cernit),
1776 5237 2054 5311 Deumque
2084 5245 2175 5313 qui
2206 5246 2387 5300 omnia
2423 5249 2687 5315 condidit,
2713 5252 3004 5307 colendum
3034 5269 3179 5309 esse.

481 5322 769 5380 Veniamus
798 5325 979 5394 igitur,
1007 5343 1039 5382 ο
1060 5329 1361 5394 rex,'etiam
1393 5331 1459 5410 ad
1480 5331 1721 5401 Judatos,
1750 5344 1807 5390 nt
1832 5337 1979 5406 quid.

402 5427 527 5465 nam
551 5413 652 5481 ipsi
679 5431 895 5486 quoque
916 5418 983 5473 de
1005 5417 1115 5474 Deo
1137 5420 1376 5475 sentiant
1395 5423 1699 5480 videamus.
1722 5426 1853 5481 Nam
1881 5430 1980 5500 ipsi

401 5503 471 5556 ab
494 5505 785 5575 Abraham,
817 5508 985 5577 Isaac,
1017 5523 1069 5569 et
1097 5512 1267 5570 Jacob
1302 5516 1537 5583 oriundi,
1566 5518 1861 5591 [Egyptum
1893 5527 1979 5577 itt-

398 5595 706 5653 coluerunt.
739 5600 891 5657 Illinc
916 5616 1101 5661 autem
1133 5606 1271 5664 Deus
1297 5623 1394 5664 eos
1422 5608 1479 5664 in
1505 5626 1667 5666 manu
1699 5615 1907 5682 potenti
1927 5625 1980 5671 et

2164 5335 2447 5407 Ἔλθωμεν
2475 5332 2589 5403 οὖν,
2612 5332 2657 5391 ὦ
2686 5339 2930 5410 βασιλεῦ,
2956 5345 3052 5397 καί.
3083 5348 3175 5400 ὲπ).
3197 5351 3323 5414 τοὺς
3362 5352 3681 5427 Ἰουδαίους,ρ

2084 5430 2233 5493 ὅπως
2268 5428 2468 5496 ἴδωμεν
2496 5431 2549 5482 τί
2580 5432 2837 5501 φρονοῦσι
2868 5436 2961 5488 καὶ
2987 5439 3139 5492 αὐτοὶ
3172 5444 3297 5514 περὶ
3321 5444 3474 5498 Θεοῦ.
3504 5446 3681 5505 Οὗτοι

2083 5520 2214 5591 γὰρ,
2245 5521 2351 5577 τοῦ
2376 5521 2631 5594 Ἀϐραὰμ
2663 5524 2816 5591 ὄντες
2843 5530 3099 5599 ἀπόγονοι
3133 5537 3227 5589 καὶ
3264 5537 3450 5594 Ἰσαάκ
3482 5560 3545 5597 τε
3574 5552 3679 5602 καὶ

2095 5612 2327 5677 Ἰακὼϐ,
2367 5615 2706 5687 παρῴκησαν
2745 5621 2824 5685 εἰς
2869 5624 3162 5692 Αἴγυπτον.
3214 5630 3453 5688 Ἐκεῖθεν
3488 5636 3547 5691 δὲ
3585 5641 3676 5707 ἐξ-

434 5719 594 5797 ν(79“)
630 5722 694 5787 Α,
726 5726 807 5778 ὅτι
844 5730 1058 5800 νόμους.
1094 5733 1153 5796 D,
1183 5735 1277 5787 καὶ
1308 5736 1526 5807 νόμους.
1554 5741 1770 5811 Sumpsi
1809 5754 1999 5797 utramt

434 5796 698 5844 ldCbaiUI'.
743 5797 818 5844 All
857 5802 996 5844 κηιέν-
1035 5806 1194 5844 ρςΙΊη
1228 5806 1258 5844 Δ
1293 5808 1466 5844 θιιὶςιτι
1524 5813 1607 5844 rnl
1642 5814 1872 5844 “'|I-;.Iluu
1941 5818 1999 5844 3.-

2130 5762 2393 5833 νο(·ειιι,ιξι
2429 5753 2604 5810 addidi
2640 5759 2705 5821 οἱ,
2741 5778 2848 5830 quo
2892 5764 3066 5821 oratio
3109 5779 3293 5824 carere
3339 5787 3445 5825 non
3503 5790 3672 5844 posse

396 5796 698 5849 videbatur.
742 5797 818 5852 Ad
857 5796 997 5869 κρέν.
1035 5806 1195 5861 cst'in
1221 5806 1262 5859 A
1292 5796 1499 5880 glossa,
1523 5813 1609 5867 τοι
1642 5796 1999 5887 Υἰῖΐίυιὶίδχῆἲ

2117 5821 2538 5892 εατακρέιόνῖαι.
