3888 6344
213 368 359 432 1121

1311 377 1484 437 VITA
1522 374 1873 436 BARLAAM
1915 375 2006 434 ET
2045 377 2394 442 JliASAl‘lI.

3308 405 3443 468 11:29.

188 486 419 555 ήγαγεν
457 483 650 546 αὐτοὺς
695 485 722 537 ὁ
755 484 886 548 Θεὸς
921 487 977 540 ἐν
1009 486 1151 558 χειρὶ
1183 489 1418 558 κραταιᾷ
1446 488 1536 540 καὶ
1566 489 1622 540 ἐν
1659 486 1779 557 βρα-

1901 488 2118 546 brachio
2159 496 2394 562 excelso,
2437 511 2530 564 per
2565 498 2775 569 Moysen
2823 502 3050 569 ipsorum
3102 506 3452 576 legis'atmeu:

189 576 352 644 χίονι
381 574 575 646 ὑψηλῷ,
594 574 704 645 (80)
732 576 818 628 διὰ
859 577 1104 640 Μωσέως
1137 577 1230 630 τοῦ
1265 577 1554 648 νομοθέτου
1579 578 1777 643 αὐτῶν,

189 669 308 721 καὶ
344 668 533 739 τέρασι
571 668 786 730 πολλοῖς
816 670 906 721 καὶ
933 662 1179 740 σημείοις
1214 669 1326 740 (81)
1363 669 1659 740 ἐγνώρισεν
1689 669 1782 722 αύ-

185 763 322 822 τοῖς
341 760 437 830 τὴν
471 759 664 812 ἐαυτοῦ
691 759 942 830 δύναμιν.
979 761 1140 824 Ἀλλ’,
1165 760 1479 831 ἀγνώμονες
1506 761 1600 814 καὶ
1625 761 1781 815 αὐτοὶ

188 851 470 918 φανέντες
512 851 608 902 καὶ
649 849 947 921 ἄχρηστοι,
980 850 1241 914 πολλάκις
1289 851 1623 924 ἐλάτρευσαν
1667 854 1780 914 τοῖς

184 945 316 996 τῶν
341 943 510 996 ἐθνῶν
533 942 862 1012 σεδάσμασι,
894 946 987 997 καὶ
1017 945 1142 1003 τοὺς
1179 944 1621 1013 ἀπεσταλμένους
1645 943 1780 1013 πρὸς

188 1037 408 1098 αὐτοὺς
461 1036 744 1108 προφήτας
797 1035 893 1089 καὶ
938 1035 1180 1098 δικαίους
1235 1035 1584 1089 ἀπέκτειναν.
1647 1029 1778 1088 Εἶτα

191 1129 286 1190 ὡς
318 1127 608 1197 εὐδόκησεν
643 1128 670 1178 ὁ
710 1126 833 1190 Υίδς
870 1127 963 1180 τοῦ
1003 1126 1144 1180 Θεοῦ
1177 1125 1352 1180 ἐλθεῖν
1379 1128 1475 1180 ἐπὶ
1499 1127 1599 1196 τῆς
1637 1127 1776 1195 γῆς,

192 1220 709 1288 ἐμπαροινήσαντες
757 1219 836 1280 είς
877 1219 1059 1281 αὑτὸν,
1105 1219 1424 1288 προέδωκαν
1453 1218 1667 1289 Πιλάτῳ
1703 1216 1780 1286 τῷ

194 1312 437 1382 ἡγεμόνι
485 1309 592 1364 τῶν
653 1310 941 1380 Ῥωμαίων
990 1311 1085 1362 καὶ
1125 1309 1341 1381 σταυρῷ
1398 1308 1778 1370 κατεδίκασαν,

197 1403 289 1472 μὴ
317 1401 651 1463 αἰδεσθέντες
681 1401 780 1462 τὰς
803 1401 1122 1472 εὐεργεσίας
1154 1401 1339 1463 αὑτοῦ,
1369 1401 1462 1453 καὶ
1496 1399 1563 1452 τὰ
1590 1399 1782 1468 ἀναρί-

195 1495 392 1564 θμητα
420 1494 672 1562 θαύματα
717 1492 860 1562 άπερ
894 1493 952 1543 ἐν
1000 1491 1183 1554 αὐτοῖς
1216 1491 1528 1560 εἰργάσατο.
1561 1489 1650 1542 Διὸ
1679 1491 1780 1542 ἀπ-

195 1585 409 1638 ώλοντο
424 1587 488 1655 τῇ
515 1583 622 1655 ἰδίᾳ
647 1583 986 1653 παρανομίᾳ.
1004 1583 1260 1635 Σέὸονται
1282 1581 1389 1652 γάρ
1408 1582 1500 1634 καὶ
1530 1581 1624 1635 νῦν
1649 1580 1781 1634 Θεὸν

194 1677 301 1729 τὸν
325 1675 482 1745 μόνον
511 1674 946 1744 παντοκράτορα,
977 1673 1092 1726 ἀλλ’
1118 1674 1179 1726 οὐ
1205 1673 1325 1726 κατ’
1349 1674 1662 1740 ἐπίγνωσινο
1690 1672 1782 1726 τὸν

197 1766 320 1835 ⁴γάρ
359 1765 916 1836 Χριστὸνίάρνοῦνται
944 1764 1034 1817 τὸν
1057 1763 1183 1818 Υίὸν
1221 1763 1316 1816 τοῦ
1345 1763 1480 1817 Θεοῦ
1500 1807 1514 1830 ,
1544 1763 1639 1816 καὶ
1676 1763 1784 1816 είσὶ

200 1858 504 1928 παρόμοιοι
536 1861 649 1918 τοῖς
677 1857 876 1922 ἔθνεσι,
915 1857 1016 1912 κᾶν
1049 1857 1291 1926 ἐγγίζειν
1321 1874 1436 1920 πως
1462 1859 1528 1926 τῇ
1559 1855 1783 1926 ἀληθείᾳ

199 1949 460 2011 δοκῶσιν,
508 1945 574 2021 ἧς
621 1948 846 2010 ἑαυτοὺς
892 1949 1226 2020 ἐμάκρυναν.
1273 1949 1458 2001 Ταῦτα
1502 1949 1630 2018 περὶ
1675 1947 1784 1999 τῶν

201 2036 503 2091 Ἰουδαίων.

285 2129 344 2180 ΟΞ
380 2128 436 2180 δὲ
467 2129 779 2199 Χριστιανοὶ
807 2128 1252 2198 γενεαλογοῦνται
1298 2129 1405 2183 ἀπὸ
1447 2129 1540 2182 τοῦ
1579 2128 1780 2197 Κυρίου

211 2219 400 2288 Ἰησοῦ
433 2219 689 2288 Χριστοῦ.
730 2215 899 2282 Οὗτος
929 2219 984 2274 δὲ
1017 2221 1046 2272 ὁ
1093 2220 1216 2283 Υἱὸς
1250 2219 1343 2272 τοῦ
1378 2219 1509 2273 Θεοῦ
1541 2219 1633 2273 τοῦ
1660 2220 1782 2287 ὑψί-

203 2327 341 2361 στου
389 2311 768 2379 ὁμολογεῖται,
799 2312 854 2362 ἐν
903 2310 1181 2381 ΙΙνεύματι
1232 2311 1369 2380 ἁγίῳ
1413 2311 1506 2362 ἀπ’
1555 2308 1782 2376 ούρανοῦ

202 2390 456 2464 καταϐάς
499 2401 656 2471 253
703 2402 790 2454 διά
828 2402 926 2471 τὴν
976 2402 1251 2472 σωτηρίαν
1297 2401 1406 2453 τῶν
1459 2400 1774 2470 ἀνθρώπων

203 2492 310 2545 καὶ
335 2534 348 2554 ,
393 2493 456 2544 ἐκ
487 2493 758 2563 Παρθένου
798 2493 958 2560 ἁγίας
989 2493 1268 2562 γεννηθεὶς
1317 2493 1580 2562 ἁσπὸρως,
1602 2509 1658 2542 τε
1689 2491 1783 2542 sui.

203 2582 484 2652 ἀφθὸρως,
523 2585 699 2654 σάρκα
729 2583 957 2637 ἀνέλαϐε
979 2623 994 2648 ,
1027 2583 1118 2636 καὶ
1149 2582 1393 2652 ἀνεφάνη
1444 2578 1744 2650 ἀνθρώποις
1765 2620 1780 2648 ,

203 2675 362 2736 ὅπως
387 2677 449 2727 ἐκ
473 2675 570 2743 τῆς
599 2673 858 2727 πολυθέου
889 2675 1096 2744 πλάνης
1129 2675 1327 2735 αὐτοὺς
1353 2672 1780 2742 ἀνακαλὲσηται.

201 2767 324 2819 Καὶ
345 2804 359 2829 ,
390 2766 610 2830 τελέσας
641 2766 738 2838 τὴν
767 2767 1086 2837 θαυμαστὴν
1133 2765 1299 2818 αὑτοῦ
1334 2764 1666 2834 οίκονομίαν,
1699 2765 1786 2818 διὰ

207 2857 451 2927 σταυροῦ
479 2859 706 2912 θανάτου
736 2844 997 2927 ἐγεύσατο
1028 2857 1251 2927 ἑκουσίᾳ
1295 2855 1454 2926 βουλῇ
1485 2855 1606 2908 κατ’
1639 2857 1785 2910 οἰκο-

205 2951 407 3019 νομίαν
438 2952 702 3022 μεγάλην·
751 2949 889 3021 μετά
931 2949 987 3003 δὲ
1016 2953 1165 3020 τρεῖς
1209 2949 1424 3019 ἡμέρας
1459 2947 1656 3001 ἀνεϐίω
1694 2949 1786 3002 καὶ

203 3043 295 3102 εἰς
329 3041 592 3111 οὐρανοὺς
635 3041 886 3110 ἀνῆλθεν.
934 3032 1008 3092 Οἵ)
1053 3039 1113 3092 τὸ
1142 3039 1299 3103 κλέος
1332 3042 1432 3110 τῆς
1466 3039 1784 3110 ,παρουσίας

1892 577 2104 646 eduxit,
2135 597 2196 636 ac
2226 599 2320 650 per
2357 585 2514 640 multa
2566 591 2797 657 ιιι-υιιιείςι
2835 603 2885 645 οι
2928 597 3075 662 signa
3123 612 3275 652 suam
3327 600 3456 669 ip~is

1893 670 2182 748 potentiam
2231 674 2540 730 declaravit.
2577 677 2769 732 Verum
2819 681 2918 749 ipsi
2969 698 3180 753 quoque
3228 691 3456 754 perlidus

1905 777 2064 837 atque
2094 770 2326 842 ingratos
2365 790 2486 832 sese
2516 779 2830 848 prarbentcs,
2862 786 3092 853 gentium
3133 793 3260 843 deos
3289 808 3461 862 saepe-

1898 857 2116 918 numero
2163 864 2480 934 adorarunt,
2527 872 2913 943 prnplretasque
2955 878 3019 930 ad
3061 893 3118 934 se
3169 882 3358 936 missos
3400 901 3461 937 ae

1891 948 2063 1018 justos
2087 954 2228 1009 viros
2258 967 2428 1011 morte
2450 957 2756 1014 affecerunt.
2779 962 2852 1016 Ac
2880 964 3087 1029 demite,
3120 978 3459 1040 posteaquam

1896 1041 1964 1093 ita
1998 1041 2090 1095 Dei
2121 1039 2360 1100 voluntas
2391 1048 2535 1112 tulit.
2569 1061 2622 1103 ut
2669 1051 2834 1124 Filius
2879 1067 3004 1109 suus
3044 1057 3093 1110 ii
3143 1039 3333 1113 terram
3366 1077 3458 1115 ve-

1895 1131 2060 1198 niret,
2089 1147 2208 1188 eum
2250 1139 2568 1193 contumelia
2608 1141 2883 1208 affectum,
2917 1144 3103 1198 Pontio
3151 1149 3315 1204 Pilato
3347 1151 3456 1204 Ru-

1895 1233 2164 1276 mannrnm
2190 1223 2306 1281 duci
2339 1227 2694 1290 tradiderunt.
2724 1234 2998 1302 crucisque
3027 1238 3287 1304 supplicio
3316 1255 3448 1292 cou-

1896 1308 2210 1366 demnarunt
2229 1355 2244 1380 ,
2270 1316 2408 1369 nulla
2439 1316 2680 1372 videlicet
2705 1318 2870 1388 ipsius
2899 1323 3273 1383 beneficiorum
3303 1341 3458 1398 atque

1897 1398 2366 1457 innumerabilium
2398 1407 2801 1471 miraculorum.
2844 1427 2961 1482 qua:
3000 1414 3138 1471 inter
3182 1419 3324 1484 ipSns
3364 1423 3457 1474 de-

1899 1484 2160 1555 signarat.
2207 1491 2385 1546 habita
2433 1481 2658 1554 ratione.
2693 1481 2890 1568 suoque
2921 1505 3123 1559 scelere
3168 1508 3456 1572 perierunt.

1899 1574 2030 1628 Nam
2090 1594 2231 1633 nunc
2287 1597 2494 1652 quoque
2554 1587 2724 1640 solum
2781 1590 2992 1657 quidem
3047 1595 3457 1666 omnipotentem

1897 1667 2061 1722 Deum
2091 1671 2301 1736 colunt,
2343 1674 2437 1727 sed
2482 1691 2585 1730 non
2634 1679 2918 1734 secundum
2950 1686 3248 1752 scientiam,
3291 1690 3454 1758 siqni-

1893 1753 2012 1808 dent
2047 1756 2308 1811 Christum
2341 1759 2528 1814 Filium
2575 1763 2666 1818 Dei
2698 1776 2890 1835 negant
2927 1769 3108 1842 (Rom.
3135 1773 3214 1842 ιι),
3244 1753 3455 1844 gentili-

1896 1843 2098 1912 husque
2123 1847 2322 1901 sim'les
2349 1858 2490 1914 sunt,
2518 1852 2724 1909 etiamsi
2747 1857 2811 1909 ad
2842 1859 3141 1930 veritatem,
3169 1879 3198 1916 a
3220 1843 3320 1932 qua
3343 1881 3456 1934 pro-

1892 1934 1974 1986 cul
2006 1949 2062 1988 se
2108 1949 2480 2004 removerunt,
2514 1945 2731 2011 propius
2777 1946 3047 2018 aliquanto
3087 1953 3344 2010 accedere
3373 1953 3451 2010 vi-

1892 2019 2132 2075 deantur.
2161 2026 2234 2076 Ac
2257 2024 2323 2078 de
2351 2025 2547 2081 Judacis
2575 2029 2848 2089 haetcnus.

1966 2130 2034 2184 At
2075 2130 2418 2190 Christiania
2451 2137 2672 2194 Domino
2716 2154 2908 2200 nostro
2941 2147 3062 2208 Jesu
3106 2151 3318 2210 Christo
3357 2155 3454 2241 dq-

1843 2251 1854 2258 -
1887 2223 2070 2276 ctrina:
2096 2239 2204 2278 sua:
2228 2227 2482 2295 originem
2510 2231 2730 2287 ducunt.
2762 2234 2856 2289 llic
2882 2249 3054 2292 autem
3087 2241 3177 2295 Dei
3208 2223 3450 2299 aitissinii

1890 2311 2046 2363 Filius
2073 2312 2124 2364 in
2151 2314 2343 2382 Spiritu
2371 2329 2554 2372 sancto
2577 2321 2746 2376 credit
2767 2340 2826 2376 .r.
2851 2325 2950 2391 Qui
2975 2328 3182 2396 quidem
3210 2330 3451 2386 hum:th

1885 2403 1996 2457 salu
2026 2405 2068 2458 is
2109 2421 2263 2459 causa
2307 2407 2373 2462 de
2421 2411 2558 2465 coelo
2607 2413 2918 2478 descendit.
2951 2430 3106 2487 atque
3153 2437 3214 2474 ex
3267 2433 3449 2478 saucia

1887 2493 2100 2564 Virgine
2129 2498 2334 2565 genitus
2365 2510 2478 2566 est,
2510 2519 2571 2556 ac
2615 2503 2728 2558 sine
2773 2521 2831 2560 se
2855 2509 2974 2562 nine
3013 2519 3067 2562 et
3110 2514 3448 2579 corruptione

1884 2600 2100 2641 carnem
2129 2591 2396 2659 suscepit,
2429 2592 2836 2665 hominibusque
2877 2600 3148 2666 apparuit,
3181 2610 3232 2653 ut
3277 2616 3371 2656 ous
3415 2618 3446 2654 ιι

1880 2673 2014 2728 falso
2061 2677 2341 2732 multorum
2391 2679 2614 2735 deorum
2647 2685 2790 2737 cultu
2824 2697 3110 2741 revocaret.
3147 2691 3317 2756 Atque
3345 2691 3445 2744 ad-

1882 2766 2118 2821 miranda
2167 2770 2544 2826 incarnationis
2573 2787 2683 2827 sure
2710 2774 3102 2844 dispensatione
3143 2779 3443 2844 perfunctus

1884 2868 2111 2912 mortem
2141 2872 2352 2928 sponte,
2381 2870 2540 2932 atque
2571 2864 2766 2934 ingenti
2803 2865 3031 2933 quodam
3075 2868 3318 2933 consilio,
3351 2883 3444 2936 per

1877 2948 2448 3016 crucemdcgustavit.
2495 2949 2692 3018 Triduo
2735 2963 2911 3007 autem
2959 2963 3078 3023 post
3125 2958 3444 3023 resurrexit.

1880 3045 2039 3106 atque
2067 3037 2118 3090 in
2147 3039 2316 3093 caelus
2342 3042 2599 3096 ascendit.
2629 3042 2789 3112 Cujus
2820 3045 3112 3112 praesentia:
3135 3047 3352 3115 gloriam
3377 3063 3441 3103 ex

202 3135 278 3184 ἐκ
317 3134 411 3202 τῆς
440 3131 570 3202 παρ’
620 3131 802 3193 αὐτοῖς
847 3130 1184 3201 καλουμένης
1222 3130 1585 3202 εύαγγελικῆς
1621 3132 1779 3200 ἁγίας

1883 3125 2168 3194 Scriptura.
2209 3143 2326 3195 quae
2348 3129 2486 3197 apud
2519 3145 2613 3185 eos
2644 3133 2954 3202 Evangelica
2986 3146 3222 3204 vocatur,
3253 3138 3296 3192 si
3325 3152 3442 3194 eam

203 3223 436 3293 Γραφῆς
476 3221 652 3286 ἔξεστί
703 3239 786 3275 σοι
823 3221 1064 3289 γνῶναι,
1111 3221 1365 3291 βασιλεῦ,
1407 3221 1503 3276 ἐὰν
1533 3221 1779 3294 ἐντύχῃς.

1883 3215 2050 3284 legere
2075 3216 2130 3270 in
2161 3218 2392 3274 animum
2437 3220 2728 3286 induxeris,
2759 3223 3059 3292 perspicere
3089 3225 3240 3292 licet,
3269 3241 3301 3280 ο
3326 3241 3440 3282 rex.

202 3308 379 3374 Οὗτος
411 3311 622 3364 δώδεκα
654 3311 777 3382 έσχε
811 3311 1056 3382 μαθητὰς
1076 3351 1092 3377 ,
1133 3313 1214 3379 οῖ,
1249 3312 1384 3382 μετὰ
1407 3312 1505 3385 τὴν
1536 3313 1593 3367 ἐν
1621 3314 1779 3385 ούρα-

1883 3306 1972 3362 llic
2001 3306 2278 3364 duodecim
2311 3309 2598 3381 discipulos
2639 3312 2849 3382 habuit,
2891 3317 2979 3386 qui
3021 3325 3140 3386 post
3179 3317 3343 3386 ipsius
3387 3317 3441 3374 in

205 3407 321 3468 νοῖς
375 3403 563 3457 ἄιοδον
596 3403 796 3468 αὑτοῦ,
839 3403 1060 3475 ἐξῆλθον
1093 3406 1174 3468 είς
1225 3405 1325 3468 τὰς
1372 3405 1644 3476 ἐπαρχίας
1688 3407 1779 3478 τῆς

1883 3401 2067 3457 cinluzn
2095 3418 2369 3459 ast-ensum
2399 3405 2452 3460 in
2480 3405 2622 3462 orbis
2651 3416 2804 3462 terrae
2830 3411 3128 3478 provincias
3149 3411 3425 3476 exierunt,

201 3494 559 3564 οἰκουμένης,
591 3495 683 3548 καὶ
713 3496 957 3564 ἐδίδαξαν
991 3495 1087 3567 τὴν
1133 3498 1340 3551 ἐκείνου
1370 3497 1779 3570 μεγαλωσύνην·

1883 3492 2148 3560 ipsiusque
2201 3505 2480 3566 augustam
2533 3499 2930 3567 amplitudinem
2989 3502 3390 3573 promulgarunt
3421 3519 3458 3557 :-

208 3585 464 3654 καθάπερ
493 3580 574 3648 εἷς
607 3587 664 3652 ἐξ
693 3588 872 3642 αὐτῶν
901 3589 1000 3652 τὰς
1039 3589 1161 3645 καθ’
1193 3591 1341 3661 ἡμᾶς
1374 3589 1639 3662 περιῆλθε
1675 3589 1779 3662 χὼ-

1883 3583 2316 3652 quemadmodum
2342 3586 2503 3640 etiam
2532 3602 2668 3644 unus
2696 3605 2760 3643 ex
2795 3591 2922 3659 ipsis
2944 3592 3184 3660 regiones
3231 3604 3442 3649 nostras

209 3691 346 3748 ρας,
390 3674 451 3727 τὸ
485 3674 662 3744 δόγμα
709 3675 993 3747 κηρύττων
1040 3679 1138 3749 τῆς
1189 3678 1472 3748 ἀληθείας.
1523 3679 1687 3732 Ὅθεν
1733 3680 1780 3732 οἱ

206 3766 380 3818 εἰσέτι
410 3764 783 3830 διακονοῦντες
826 3770 894 3839 τῇ
922 3768 1242 3843 δικαιοσύνη
1289 3770 1385 3824 τοῦ
1430 3770 1782 3843 κηρύγματος

204 3857 413 3922 αὐτῶν,
463 3857 752 3912 καλοῦνται
798 3861 1135 3929 Χριστιανοί.
1193 3863 1301 3915 Καὶ
1349 3855 1496 3916 οὗτοι
1551 3864 1689 3915 είσιν
1732 3863 1781 3914 οῖ

205 3949 348 4017 ὑπὲρ
373 3948 548 4002 πάντα
575 3950 641 4002 τά
671 3949 798 4020 ἔθνη
829 3950 929 4020 τῆς
949 3952 1050 4021 γῆς
1079 3951 1332 4022 εὑρόντες
1363 3951 1460 4021 τὴν
1496 3951 1778 4021 ἀλήθειαν·

205 4042 539 4107 γινώσκουσι
585 4041 694 4112 γὰρ
735 4042 825 4094 τὸν
864 4043 1017 4108 Θεὸν,
1061 4043 1283 4112 κτίστην
1314 4041 1409 4094 καὶ¹
1451 4042 1781 4116 δημιουργὸν

203 4133 316 4184 τῶν
345 4133 596 4186 ἁπάντων
621 4136 678 4186 ἐν
718 4133 832 4204 Υίῴ
871 4135 1155 4203 μονογενεῖ
1179 4134 1272 4186 καὶ
1310 4133 1589 4203 Πνεύματι
1614 4135 1776 4204 ἁγίῳ,

205 4223 302 4276 καί
326 4222 482 4276 ἄλλον
507 4223 626 4276 θεὸν
657 4224 794 4295 πλὴν
822 4223 1011 4277 τούτου
1041 4225 1102 4276 οὐ
1128 4224 1399 4277 σέῦονται.
1435 4225 1656 4295 Ἔχουσι
1681 4225 1778 4288 τὰς

207 4313 428 4380 ἐντολάς
468 4307 629 4369 αὑτοῦ
668 4317 761 4367 τοῦ
807 4316 1011 4386 Κυρίου
1075 4314 1251 4385 Ἰησοῦ
1293 4315 1531 4387 Χριστοῦ
1573 4318 1630 4370 ἐν
1659 4319 1776 4380 ταῖς

205 4405 461 4478 καρδίαις
507 4407 962 4479 κεχαραγμένας,
1009 4408 1103 4462 καὶ
1149 4409 1353 4472 ταύτας
1408 4408 1770 4476 φυλάττουσι,

1877 3675 2201 3742 peragravit,
2235 3684 2291 3727 ut
2319 3677 2558 3731 veritatis
2585 3678 2836 3749 dogmata
2861 3683 3176 3751 praedicaret
3202 3685 3439 3758 (Supra,

1873 3779 1920 3816 ε.
1951 3764 2032 3834 1);
2078 3766 2215 3820 unde
2265 3767 2552 3822 etiamnum
2602 3769 2638 3822 ii
2685 3772 2774 3840 qui
2824 3773 3214 3840 praedicationis
3259 3792 3442 3834 eorum

1867 3851 2089 3920 iustitia:
2118 3854 2482 3908 administrant
2510 3870 2724 3923 operam
2756 3869 2982 3931 navant,
3013 3862 3300 3918 Christiani
3343 3879 3442 3934 ap-

1874 3941 2155 4008 pellantur.
2186 3943 2358 4010 Atque
2388 3943 2438 3994 hi
2485 3954 2606 3997 sunt
2635 3947 2723 4014 qui
2753 3946 3030 4002 veritatem
3064 3964 3222 4019 supra
3253 3967 3441 4010 omnes

1874 4037 2029 4084 terra:
2072 4030 2316 4083 nationes
2361 4031 2700 4090 invenerunt.
2738 4035 3009 4104 Siquidem
3055 4038 3218 4094 Deum
3258 4056 3436 4097 rerum

1873 4119 2106 4173 omnium
2137 4119 2466 4176 conditorem
2497 4131 2654 4192 atque
2679 4125 3026 4181 architectum
3054 4128 3108 4182 in
3154 4128 3289 4184 Filio
3320 4133 3436 4186 uni-

1869 4211 2050 4280 genito
2071 4218 2124 4264 et
2152 4209 2350 4278 Spiritu
2393 4222 2576 4266 sancto
2601 4225 2920 4282 agnoscunt,
2951 4231 3048 4272 nec
3095 4228 3286 4286 preter
3312 4237 3435 4276 eunt

1873 4300 2037 4354 ullum
2086 4301 2245 4354 alium
2289 4303 2450 4358 Deum
2482 4317 2819 4378 venerantur.
2863 4309 3069 4367 Habent
3108 4321 3285 4373 autem
3334 4314 3436 4370 Do-

1871 4394 1996 4448 mini
2061 4391 2187 4447 Jcsu
2282 4391 2483 4451 Christi
2574 4399 2824 4458 mandata
2892 4401 3141 4458 cordibus
3184 4406 3298 4460 su's
3341 4407 3432 4469 in-

204 4497 618 4569 προσδοκῶντες
647 4500 942 4553 ἀνάστασιν
979 4497 1187 4570 νεκρῶν
1219 4501 1310 4552 καὶ
1352 4501 1497 4570 ζωὴν
1521 4501 1615 4554 τοῦ
1649 4501 1774 4572 μέλ-

1883 4485 2106 4554 sculpta,
2139 4500 2305 4555 eaque
2348 4486 2681 4554 custodiunt,
2715 4498 3040 4546 mortuorum
3087 4499 3431 4552 resurrectio-

202 4590 390 4652 λοντος
425 4589 640 4654 αἰῶνος.
672 4591 746 4643 Οὐ
782 4589 1154 4660 μοιχεύουσιν,
1205 4591 1264 4645 ού
1309 4591 1682 4663 πορνεύουσιν,
1716 4592 1777 4645 οῦ

201 4679 771 4750 ψευδομαρτυροῦσιν,
825 4682 925 4734 οὐκ
973 4681 1304 4752 ἐπιθυμοῦσι
1361 4682 1429 4735 τά
1484 4683 1775 4754 ἀλλότρια,

199 4769 406 4839 τιμῶσι
449 4771 660 4842 πατέρα
709 4772 804 4824 καὶ
849 4771 1062 4846 μητέρα
1086 4813 1102 4838 ,
1134 4775 1227 4826 καὶ
1262 4775 1387 4838 τοὺς
1419 4773 1647 4844 πλησίον
1688 4793 1777 4843 φιο

201 4861 354 4914 λοῦσι
377 4901 390 4924 ,
419 4862 600 4916 δίκαια
642 4863 940 4936 κρίνουσιν,
970 4865 1068 4917 ὅσα
1106 4866 1166 4918 οὐ
1205 4865 1450 4919 θέλουσιν
1477 4867 1658 4930 αὑτοῖς
1695 4867 1780 4937 γί-

206 4953 394 5008 νεσθαι
437 4956 611 5028 ἑτέρῳ
661 4957 722 5008 οὐ
765 4956 1016 5022 ποιοῦσι,
1059 4957 1185 5022 τοὺς
1221 4957 1542 5022 ἀδικοῦντας
1581 4961 1779 5024 αὐτοὺς

207 5045 586 5115 παρακαλοῦσι
617 5047 711 5100 καὶ
734 5048 1049 5118 προσφιλεῖς
1077 5047 1275 5112 αὐτοὺς
1305 5050 1515 5114 ἑαυτοῖς
1545 5049 1778 5116 ποιοῦσι,

204 5137 331 5198 τοὺς
380 5135 604 5208 ἐχθροὺς
643 5139 949 5209 εὐεργετεῖν
997 5139 1388 5204 σπουδάζουσι,
1432 5144 1626 5210 πραεῖς
1673 5144 1780 5195 εἰσι

204 5227 300 5281 καὶ
327 5229 591 5290 ἐπιεικεῖς
612 5271 626 5295 ,
656 5230 760 5282 ἀπὸ
782 5231 961 5301 πάσης
989 5231 1273 5294 συνουσίας
1303 5230 1504 5302 ἀνόμου
1533 5233 1624 5286 καὶ
1671 5233 1780 5288 ἀπὸ

203 5317 385 5388 πάσης
423 5317 586 5391 25hI
627 5321 966 5390 ἀκαθαρσίας
992 5321 1450 5392 ἐγκρατεύονται,
1481 5324 1655 5394 χήραν
1682 5325 1779 5394 οὐχ

203 5410 570 5482 ὑπερορῶσιν,
619 5414 854 5484 ὀρφανὸν
901 5415 962 5466 ού
997 5413 1283 5468 λυποῦσιν·
1331 5415 1360 5468 ὀ
1400 5415 1539 5485 ἔχων
1583 5415 1660 5487 τῷ
1699 5419 1774 5487 μὴ

204 5502 380 5565 ἔχοντι
419 5505 662 5572 ἀφθόνως
707 5508 1044 5576 ἐπ.χορηγεῖ·
1085 5504 1234 5570 ξένον
1277 5506 1372 5562 ἐὰν
1422 5506 1626 5571 ἴδωσιν,
1670 5507 1776 5560 ὑπὸ

274 5701 385 5769 (80)
421 5703 562 5758 Psal.
604 5721 801 5768 cum,
836 5708 922 5762 1‘2.

279 5775 390 5838 {81)
425 5773 504 5826 lli.
550 5794 598 5840 ιι.
628 5777 715 5843 533,
752 5795 800 5829 II.
855 5779 934 5831 ιο.

1869 4589 1990 4628 nem
2024 4589 2085 4628 ac
2115 4575 2274 4628 futuri
2305 4576 2485 4648 szeculi
2519 4576 2676 4629 \itarn
2707 4589 3098 4648 exspectantes.
3128 4583 3241 4640 Nun
3285 4588 3435 4642 adul-

1872 4663 1985 4714 terii
2007 4704 2022 4726 ,
2056 4677 2157 4716 non
2191 4647 2550 4717 fornicationis
2573 4665 2794 4720 crimine
2817 4681 2934 4722 sese
2962 4669 3290 4737 devinciunt,
3319 4691 3429 4730 non

1871 4753 2058 4806 falsum
2091 4754 2448 4810 testimonium
2474 4755 2674 4820 dicunt.
2697 4756 2866 4812 aliena
2893 4775 2994 4815 non
3015 4765 3432 4838 concupiscunt,

1873 4843 2006 4912 patri
2035 4853 2088 4897 et
2118 4845 2271 4899 matri
2319 4845 2571 4902 honorem
2603 4849 2872 4914 tribuunt,
2905 4855 3174 4920 proximos
3217 4868 3427 4924 amant,

1866 4934 2064 5003 justum
2090 4934 2345 5004 judicium
2365 4936 2578 5016 ferunt;
2607 4955 2724 5010 quae
2749 4942 2849 4996 sibi
2894 4943 3024 5012 ipsis
3053 4947 3166 5000 tieri
3213 4949 3431 5016 nolunt,

1871 5025 1990 5080 aliis
2019 5041 2123 5080 nun
2156 5025 2385 5092 faciunt;
2415 5043 2506 5102 eos
2533 5044 2564 5083 a
2591 5031 2776 5098 quibus
2805 5033 3068 5088 laeduntur
3110 5035 3420 5104 obsecrant,

1872 5129 1934 5168 ac
1963 5115 2061 5169 sibi
2085 5129 2268 5170 eorum
2299 5119 2584 5176 amicitiam
2613 5123 2913 5177 conciliant.
2949 5121 3192 5179 Inimicus
3235 5127 3430 5182 benefi-

1870 5207 1968 5259 ciis
2016 5204 2232 5261 afﬁcere
2269 5209 2510 5275 student,
2557 5211 2700 5267 lenes
2742 5219 2796 5265 et
2845 5212 3024 5268 faciles
3051 5229 3110 5268 se
3155 5217 3429 5284 praebent.

1870 5298 1935 5349 ab
1965 5298 2110 5351 omni
2152 5297 2331 5368 iniquo
2363 5300 2646 5354 concubitu
2671 5310 2826 5370 atque
2853 5301 2920 5357 ab
2946 5305 3088 5358 omni
3122 5305 3426 5376 impuritate

1873 5386 2172 5455 abstinent,
2197 5389 2404 5443 viduam
2447 5407 2551 5444 non
2590 5399 2965 5458 contemnunt,
2995 5396 3194 5466 pupillo
3232 5413 3430 5453 ιιιωι-υ-

1874 5495 1984 5534 rem
2029 5494 2132 5535 non
2179 5478 2440 5548 inferunt,
2489 5481 2578 5551 qui
2629 5480 2783 5536 habet
2821 5497 2925 5538 uon
2972 5485 3180 5542 habenti
3227 5489 3431 5556 proiise
