3888 6344
492 401 624 465 ill”!

1905 397 2279 457 ADDENIM.

3584 400 3725 463 112i

477 526 866 578 subministrat.
915 523 1249 591 Peregrinum
1288 521 1329 574 si
1376 522 1626 585 viderint,
1677 531 1815 577 tecto
1843 523 2005 575 admit

2129 506 2325 573 στέγην
2374 503 2681 573 εἰσάγουσι,
2715 503 2805 556 καὶ
2845 503 3127 574 χαίρουσιν
3169 505 3258 558 ἐπ’
3298 503 3457 575 αἰετῷ
3507 504 3597 567 ὡς
3644 510 3734 559 ἐπὶ

480 625 626 678 lunt,
656 613 869 680 ejusque
908 628 1009 665 non
1051 629 1203 667 secus
1240 630 1300 666 ac
1340 615 1446 666 veri
1487 623 1539 666 et
1578 613 1809 681 genuini
1852 612 2030 667 fratris

478 704 703 754 adventu
732 700 1077 755 delectantur.
1109 702 1219 756 Non
1244 704 1383 756 cnim
1412 702 1603 766 carnis,
1634 702 1724 754 sed
1743 700 1910 753 animi
1944 715 2025 752 ra-

480 792 621 843 tione
666 788 854 843 fratres
893 807 952 845 se
997 804 1202 849 vocant.
1241 793 1407 845 Vitam
1452 806 1598 845 suam
1648 791 1841 845 Chr'isti
1870 805 2027 845 causa

406 863 410 866 ’
479 879 794 945 profundere
828 883 990 949 parati
1021 892 1179 935 sunt:
1216 899 1334 937 nam
1369 884 1533 951 ipsius
1579 891 1839 951 praicepta
1880 880 2031 934 ﬁrme

476 969 796 1035 observant,
832 984 1011 1026 sancte
1042 974 1283 1028 videlicet
1312 989 1372 1027 ac
1400 975 1556 1043 iuste,
1587 972 2026 1044 quemadmodum

480 1069 734 1127 Dominus
763 1068 897 1120 Deus
927 1069 1052 1135 ipsis
1084 1071 1386 1137 imperavit,
1417 1073 1688 1126 viventes:
1720 1075 1912 1140 gratias
1936 1075 2031 1139 ipsr

474 1158 618 1213 omni
666 1157 791 1211 hora
837 1158 886 1210 in
918 1159 1058 1212 omni
1105 1160 1223 1211 cibo
1262 1174 1313 1212 et
1345 1171 1499 1227 potu,
1527 1175 1587 1213 ac
1628 1160 1843 1230 reliquis
1883 1163 2033 1217 bonis

474 1256 689 1318 agentes
715 1248 929 1319 (Ephes.
956 1249 1031 1318 v).
1068 1249 1200 1301 Vere
1229 1250 1367 1302 enim
1400 1249 1513 1305 lucc
1554 1251 1783 1304 veritatis
1811 1252 1890 1303 via
1918 1264 1999 1306 εει
2018 1294 2031 1317 ,

472 1358 589 1409 qua:
612 1341 823 1408 quidem
854 1355 945 1393 eos
976 1340 1063 1409 qui
1093 1356 1208 1391 eam
1247 1341 1627 1408 ingrediuntur,
1660 1341 1723 1393 ad
1755 1342 2034 1408 sempiter-

474 1445 596 1483 nmu
630 1445 872 1496 regnum,
906 1430 1043 1497 quod
1077 1445 1105 1482 a
1131 1429 1340 1482 Christo
1369 1430 1420 1484 in
1450 1431 1619 1483 futura
1658 1432 1760 1484 vita
1803 1432 2031 1500 promis-

472 1535 586 1572 sum
612 1528 721 1581 est,
756 1529 998 1587 tanquam
1030 1528 1270 1586 porrecta
1301 1534 1456 1573 manu
1484 1519 1645 1574 ducit.
1916 1520 1921 1521 ⁷

546 1610 715 1677 Atque
780 1619 834 1663 ut
871 1610 1163 1678 intelligas,
1205 1624 1237 1664 ο
1276 1625 1400 1675 rex,
1442 1624 1525 1663 me
1564 1609 1674 1663 haec
1711 1625 1773 1663 ex
1813 1611 2032 1663 cerebro

472 1718 591 1758 meo
630 1703 843 1756 minime
886 1704 1119 1770 lingere,
1157 1702 1201 1755 si
1242 1702 1307 1755 ad
1345 1701 1762 1755 Christianorum
1795 1700 2031 1769 Scriptu-

468 1808 556 1847 ras
595 1796 778 1846 oculos
835 1792 1123 1859 adieceris,
1167 1807 1249 1847 me
1289 1792 1414 1845 nihil
1454 1807 1483 1845 a
1522 1793 1741 1846 veritate
1799 1793 2026 1845 alienum

466 1882 612 1950 loqui
646 1881 899 1948 reperies.
934 1881 1105 1946 Quare
1137 1882 1387 1947 prmclare
1419 1881 1554 1935 ﬁlius
1596 1891 1715 1935 tuus
1746 1880 2025 1945 intellexit,

465 1970 771 2039 optimoque
803 1969 924 2038 jure
950 1969 1058 2023 Deo
1087 1970 1204 2023 vivo
1230 1972 1427 2024 cultum
1458 1971 1710 2025 adhibere
1739 1971 1938 2036 didicit,
1974 1980 2028 2024 ut

465 2060 519 2113 in
552 2060 725 2113 futuro
754 2073 869 2112 :cvo
898 2059 1119 2113 salutem
1152 2061 1405 2113 obtineat.
1438 2062 1618 2128 Magna
1644 2062 1837 2114 etenim
1870 2072 2025 2126 atque

462 2149 768 2203 admiranda
798 2158 921 2203 sunt
947 2164 1064 2218 quae
1093 2165 1122 2203 a
1151 2150 1465 2204 Chrisdauis
1496 2161 1603 2205 tum
1639 2150 1885 2205 dicuntur
1916 2161 2023 2202 tum

459 2246 732 2305 geruntur.
797 2236 974 2305 Neque
1036 2238 1177 2292 enim
1242 2239 1536 2304 hominum,
1600 2241 1692 2292 sed
1736 2240 1824 2293 Dei
1865 2239 2021 2293 verba

459 2327 861 2395 proloquuntur,
892 2328 1110 2397 reliquae
1131 2342 1303 2383 autem
1336 2331 1571 2383 nationes
1600 2341 1799 2395 errant,
1833 2345 1893 2383 ac
1920 2330 2018 2383 sibi

454 2415 583 2483 Ipsis
620 2416 959 2483 imposturam
996 2415 1213 2479 faciunt,
1254 2418 1510 2485 siquidem
1552 2419 1603 2472 in
1646 2418 1874 2473 tenebris
1912 2432 2021 2471 am-

456 2503 721 2569 bulantes,
745 2504 1009 2557 ebriorum
1034 2503 1198 2559 instar
1220 2508 1269 2559 in
1292 2505 1492 2573 seipsos
1519 2509 1829 2578 impingunt.
1852 2509 2020 2577 Atque

454 2591 539 2645 hic
565 2592 655 2653 sit,
698 2605 731 2644 ο
766 2606 881 2656 rex,
914 2607 1046 2645 trem
1083 2593 1148 2645 ad
1181 2602 1232 2647 te
1260 2593 1513 2649 orationis
1542 2596 1679 2661 linis,
1714 2611 1868 2666 quam
1900 2598 2016 2664 qui-

452 2679 574 2734 dem
601 2680 797 2733 veritas
840 2681 891 2732 in
924 2689 1102 2734 mente
1134 2697 1250 2736 mea
1278 2682 1513 2738 dictavit.
1549 2685 1800 2739 Desinant
1844 2688 2017 2756 itaque

450 2768 722 2823 vmcordes
760 2770 831 2822 tui
872 2769 1139 2838 sapientes
1175 2771 1429 2826 adversus
1469 2774 1748 2828 Dominum
1807 2777 2011 2845 nugari.

449 2859 578 2914 Nam
618 2860 769 2914 vobis
812 2860 975 2914 Deum
1014 2870 1306 2916 creatorem
1349 2865 1609 2931 venerari,
1650 2873 1815 2935 atque
1853 2867 2015 2935 ipsius

448 2950 623 3006 verbis
645 2950 711 3004 ab
729 2950 940 3005 interitu
964 2951 1151 3004 alienis
1171 2967 1349 3007 aurem
1371 2953 2011 3023 accommodareexpedit,

448 3050 500 3095 ut
532 3040 1026 3095 condemnationem
1051 3054 1114 3097 ac
1138 3042 1454 3110 supplicium
1485 3043 1818 3113 effugientes,
1849 3045 2010 3101 vitam

448 3133 689 3187 interitus
719 3143 990 3201 expertem
1024 3135 1358 3191 hmreditario
1389 3138 1723 3205 possidentis.

515 3224 641 3276 Car.
687 3221 917 3277 XXVIII.
960 3250 1028 3264 -ι
1088 3223 1215 3281 Ηωο
1278 3234 1618 3296 posteaquam
1679 3242 1707 3279 a
1771 3229 2009 3284 Nachore

444 3321 851 3365 commemorata
881 3322 1026 3376 sunt,
1063 3330 1153 3367 rex
1188 3313 1455 3369 iracundia
1492 3318 1780 3381 mstuabat;
1826 3321 2005 3375 rheto.

447 3415 531 3453 res
570 3413 745 3454 autem
784 3402 950 3469 ipsius
986 3413 1037 3457 et
1068 3406 1371 3462 sacerdotes
1409 3408 1541 3462 muti
1573 3410 1803 3477 stabant,
1833 3419 1889 3465 ut
1917 3411 2006 3479 qui

414 3483 572 3543 'nihil
612 3500 793 3544 contra
821 3532 837 3558 ,
887 3501 1079 3561 praeter
1118 3494 1356 3552 inﬁrmos
1401 3500 1655 3567 quosdam
1697 3516 1758 3555 ac
1810 3503 2006 3557 nullius

443 3582 694 3639 momenti
721 3585 1105 3651 sermunculos,
1134 3586 1321 3643 afferre
1352 3600 1586 3659 possent.
1613 3594 1681 3647 At
1712 3608 1839 3648 vero
1867 3596 2003 3664 regis

444 3673 581 3725 ﬁlius
613 3671 799 3740 spiritu
826 3672 1144 3740 exsultabat,
1176 3688 1333 3745 atque
1365 3680 1516 3733 hilari
1542 3682 1688 3736 vulm
1719 3682 1998 3737 Dominum

441 3761 767 3829 celebrabat,
790 3763 879 3835 qui
919 3763 984 3822 iis
1005 3781 1223 3837 quorum
1254 3768 1438 3825 ﬁducia
1489 3771 1540 3825 in
1570 3770 1625 3843 ip
1644 3787 1687 3827 .o
1709 3776 1873 3844 posita
1897 3783 1995 3839 est,

441 3851 495 3903 in
533 3853 691 3907 rebus
730 3854 994 3922 perplexis
1030 3864 1084 3910 et
1121 3858 1386 3927 impeditis
1428 3863 1625 3915 exitum
1665 3863 1776 3929 dat,
1806 3866 2001 3933 quique

438 3944 597 3996 etiam
630 3958 726 4012 per
753 3945 1021 3999 inimicum
1060 3958 1114 4001 et
1154 3947 1359 4004 hostem
1398 3952 1671 4006 veritatem
1710 3954 1998 4008 conﬁrma-

436 4032 546 4097 bat,
569 4033 930 4105 efﬁciebatque
955 4047 1011 4090 ut
1039 4045 1093 4092 et
1114 4039 1201 4106 qui
1231 4042 1427 4094 erroris
1456 4045 1828 4113 antesignanus
1858 4055 1995 4112 erat,

437 4131 597 4177 recta:
625 4123 879 4179 doctrinae
904 4135 1180 4195 patronum
1208 4142 1269 4183 se
1297 4130 1576 4197 praeberet.

511 4220 625 4274 Rex
669 4236 854 4289 porro,
895 4226 1135 4293 quamvis
1173 4227 1613 4293 alioqniNachori
1657 4234 2001 4291 vehementer

437 4309 778 4372 Irasceretur,
814 4310 960 4362 nullo
1000 4319 1175 4364 tamen
1215 4327 1334 4366 eum
1376 4318 1511 4369 man
1550 4317 1764 4375 afﬁcere
1805 4326 1995 4390 potuit,

438 4404 715 4461 propterea
754 4396 892 4463 quod
932 4396 1047 4466 lege
1087 4413 1266 4454 coram
1307 4405 1550 4460 omnibus
1589 4419 1710 4464 ante
1768 4416 1995 4478 promul-

434 4490 577 4548 gata,
609 4481 656 4534 ei
686 4496 781 4547 pro
808 4481 1119 4541 Christianis
1149 4486 1315 4545 libere
1344 4492 1501 4548 verba
1530 4493 1701 4552 facere
1731 4504 1997 4568 permisis-

433 4583 532 4629 set.
565 4575 826 4632 Caeterum
866 4579 978 4648 Ipse
1008 4595 1245 4653 persarpe
1286 4588 1621 4645 sermonibus
1652 4593 1816 4661 ipsius
1844 4596 1995 4652 oblu-

432 4678 607 4737 etans,
639 4684 757 4724 eum
798 4685 893 4740 per
930 4675 1076 4741 signa
1116 4677 1354 4746 quasdam
1392 4682 1728 4749 admonebat,
1759 4698 1813 4740 ut
1852 4690 1991 4744 illam

430 4761 695 4832 pugnandi
750 4763 1091 4819 acrimoniam
1150 4771 1471 4836 remitteret,
1513 4781 1667 4843 atque
1721 4778 1989 4834 rhetorum

427 4852 771 4923 dfsputationi
804 4871 988 4911 manus
1015 4859 1184 4914 daret.
1218 4861 1285 4917 At
1318 4862 1403 4918 ille
1431 4866 1799 4923 vehementius
1846 4874 1989 4925 inva-

425 4943 680 5007 le:ccl)at,
722 4958 905 4999 omnes
942 4944 1175 5014 ipsorum
1220 4953 1605 5021 propositioitcs
1645 4966 1802 5027 atque
1833 4976 1987 5029 argu-

424 5046 601 5089 menta
624 5035 881 5101 refutans,
909 5039 1230 5108 errorisque,
1257 5056 1362 5110 quo
1392 5044 1725 5114 tenebantur,
1751 5049 1983 5106 fraudem

423 5138 485 5177 nc
514 5126 769 5182 fallaciam
796 5128 1069 5199 detegens.
1101 5129 1229 5184 Cum
1266 5143 1439 5188 autem
1468 5149 1598 5204 pene
1622 5138 1688 5191 ad
1714 5153 1985 5209 veSperam

421 5235 587 5288 usque
630 5223 916 5291 disputatio
962 5224 1213 5294 producta
1262 5225 1479 5292 fuisset,
1534 5246 1624 5285 rex
1674 5235 1982 5293 concionem

420 5310 551 5365 solvi
570 5309 751 5381 jussit,
780 5322 1026 5384 tanquam
1053 5316 1257 5373 scilicet
1283 5321 1535 5386 postridie
1566 5337 1773 5377 rursum
1797 5325 1861 5381 de
1884 5326 1983 5382 bac

418 5414 475 5455 re
505 5402 687 5471 agitari
717 5405 891 5460 vellet.

493 5490 659 5548 Filius
751 5508 928 5553 autem
953 5516 1126 5571 regem
1149 5502 1219 5555 ita
1242 5510 1321 5557 est
1338 5503 1627 5561 allocutus:
1651 5506 1981 5580 Utprimoju-

413 5590 496 5639 rte
518 5585 694 5635 numia
719 5587 826 5653 geri
846 5588 1066 5655 jussisti,
1089 5604 1121 5643 o
1143 5606 1256 5653 rex,
1276 5590 1346 5644 ita
1364 5592 1578 5660 justitize
1601 5610 1806 5666 quoque
1822 5599 1975 5654 ﬁnem

415 5671 657 5733 impone,
687 5673 908 5727 duorum
940 5678 1163 5731 alterum
1198 5680 1427 5747 faciens,
1457 5697 1647 5753 nempe
1673 5695 1729 5739 ut
1757 5688 1836 5742 vel
1865 5705 1976 5754 ma-

412 5761 634 5827 gistrum
667 5773 839 5811 meum
873 5763 965 5815 hac
1005 5780 1157 5819 nocte
1188 5785 1394 5825 mecum
1428 5789 1640 5830 manere
1681 5779 1972 5846 permittas,

2130 592 2344 661 ἀδελφῷ
2379 592 2635 664 ἀληθινῷ·
2663 596 2722 647 οὐ
2748 596 2854 667 γὰρ
2896 596 3037 649 κατὰ
3074 596 3253 666 σάρκα
3293 598 3585 669 ἀδελφοὺς
3618 602 3737 654 ἐαυ-

2130 692 2254 753 τοὺς
2305 689 2583 755 καλοῦσιν,
2637 692 2774 745 ἀλλὰ
2824 691 2965 748 κατά
3006 691 3243 762 πνεῦμα.
3275 692 3544 766 Ἐτοιμοί
3596 699 3735 750 εἰσιν

2131 782 2270 852 ὑπὲρ
2302 782 2539 852 Χριστοῦ
2578 781 2675 846 τὰς
2718 782 2898 853 ψυχὰς
2937 782 3115 836 αὐτῶν
3161 784 3457 850 προέσθαι·
3495 786 3575 837 τὰ
3628 788 3736 856 γὰρ

2130 872 2531 942 προστάγματα
2576 873 2741 926 αὑτοῦ
2797 874 3055 953 ἀσφαλῶς
3115 876 3513 944 φυλάττουσιν,
3566 877 3733 939 ὁσίως

2129 964 2224 1016 καὶ
2269 963 2490 1026 δικαίως
2522 963 2754 1029 ζῶντες,
2800 965 2983 1030 καθὼς
3031 965 3238 1037 Κύριος
3280 967 3309 1017 ό
3348 967 3491 1030 Θεὸς
3541 969 3731 1029 a’mi;

2129 1054 2480 1124 προσέταξεν,
2511 1055 2960 1126 εὐχαριστοῦντες
2988 1057 3136 1127 αὐτῷ
3167 1057 3310 1111 κατά
3345 1061 3545 1112 πᾶσαν
3579 1058 3728 1128 ὤραν

2128 1144 2187 1195 ἐν
2219 1143 2381 1196 παντὶ
2406 1143 2657 1215 βρώματι
2680 1147 2772 1198 καὶ
2795 1148 2945 1217 ποτῷ
2966 1150 3060 1201 καὶ
3080 1151 3194 1212 τοῖς
3220 1149 3438 1212 λοιποῖς
3465 1149 3720 1217 ἀγαθοὲς.

2133 1236 2340 1298 Ὄντως
2388 1232 2481 1288 οὖν
2522 1237 2661 1307 αῦτη
2701 1240 2849 1292 ἐστὶν
2893 1242 2925 1312 ἡ
2966 1240 3084 1303 δδὺς
3112 1242 3212 1310 τῆς
3254 1241 3529 1313 ἀληθείας
3556 1284 3573 1309 ,
3604 1244 3723 1312 ἣτις

2126 1327 2256 1389 τοὺς
2303 1327 2589 1393 ὁδεύοντας
2635 1331 2805 1403 αὐτὴν
2857 1334 2939 1395 είς
2982 1333 3081 1405 τὴν
3120 1333 3341 1388 αίὼνιον
3378 1340 3724 1407 χειραγωγεῖ

2130 1414 2429 1483 βασιλείαν,
2472 1419 2569 1489 τὴν
2605 1420 3027 1493 ἐπηγγελμένην
3072 1424 3225 1493 παρά
3253 1425 3506 1497 Χριστοῦ
3558 1430 3622 1480 ἐν
3657 1430 3717 1499 τῇ

2135 1507 2405 1579 μελλούσῃ
2441 1509 2573 1581 ζωῇ.

2198 1599 2304 1651 Καὶ
2349 1601 2435 1655 ἵνα
2454 1604 2618 1673 γνῷς,
2648 1602 2888 1673 βασιλεῦ,
2916 1606 2997 1659 ὅτι
3025 1607 3124 1661 οὐκ
3153 1608 3248 1661 ἀπ’
3271 1609 3524 1680 ἐμαυτοῦ
3548 1612 3713 1666 ταῦτα

2126 1689 2287 1759 λέγω,
2317 1695 2435 1753 ταῖς
2467 1694 2710 1763 Γραφατς
2741 1695 2987 1765 ἐγκύψας
3013 1698 3120 1755 τῶν
3148 1700 3522 1770 Χριστιανῶν,
3550 1704 3712 1774 εὑρή-

2127 1795 2241 1841 σεις
2277 1781 2427 1833 οὐδὲν
2470 1782 2575 1846 ἔξω
2620 1787 2719 1855 τῆς
2766 1786 3023 1856 ἀληθείας
3055 1806 3121 1859 με
3151 1789 3347 1858 λέγειν.
3385 1793 3595 1856 Καλῶς
3629 1792 3713 1848 οὖν

2056 1847 2096 1902 Β
2128 1868 2359 1938 συνῆκεν
2384 1871 2412 1922 ὁ
2452 1871 2563 1934 υἱός
2591 1847 2717 1938 σοῦ,
2750 1847 3095 1941 καὶδικαίιῦς
3121 1847 3375 1951 ἐδιδάχθη
3421 1847 3714 1954 λατρεύειν

2125 1959 2289 2024 ζῶντι
2314 1960 2436 2031 Θεῷ
2460 1963 2553 2016 καὶ
2577 1963 2815 2033 σωθῆναι
2840 1969 2919 2031 είς
2947 1968 3038 2022 τὸν
3068 1969 3334 2039 μέλλοντα
3364 1972 3711 2043 ἐπέρχεσθαι

2123 2053 2317 2106 αἰῶνα.
2347 2056 2577 2123 Μεγάλα
2600 2059 2709 2128 γὰρ
2740 2061 2833 2112 καὶ
2868 2060 3159 2131 θαυμαστά
3189 2062 3257 2115 τὰ
3287 2064 3395 2116 ὑπὸ
3426 2065 3541 2116 τῶν
3572 2068 3710 2137 Χρι-

2122 2145 2354 2199 στιανῶν
2394 2146 2662 2218 λεγόμενα
2702 2150 2797 2203 καὶ
2824 2153 3193 2223 πραττόμενα’
3231 2155 3293 2207 οὐ
3339 2156 3452 2227 γὰρ
3492 2158 3711 2229 ἀνθρώ·

2122 2252 2240 2288 πων
2265 2237 2485 2308 ῥήματα
2507 2238 2783 2306 λαλοῦσιν,
2810 2242 2946 2297 ἀλλᾶ
2972 2244 3040 2297 τὰ
3060 2244 3153 2298 τοῦ
3176 2245 3331 2298 Θεοῦ.
3359 2248 3445 2299 Τὰ
3464 2248 3523 2301 δέ
3547 2249 3712 2302 λοιπὰ

2123 2325 2251 2398 ἔθνη
2294 2329 2639 2399 πλανῶνται,
2690 2336 2784 2388 καὶ
2827 2334 3103 2389 πλανῶσιν
3138 2338 3385 2403 ἑαυτούς’
3428 2341 3713 2405 ὁδεύοντες

2120 2415 2228 2487 γὰρ
2256 2418 2312 2470 ἐν
2345 2419 2526 2473 σκότει
2556 2424 2993 2494 προσρήσσονται
3026 2426 3239 2490 ἑαυτοῖς
3279 2427 3357 2491 ὡς
3383 2428 3708 2498 μεθύοντες.

2124 2506 2270 2575 Ἕως
2305 2505 2406 2566 ὧδε
2439 2516 2467 2567 ὁ
2497 2515 2638 2587 πρὸς
2667 2516 2726 2571 σέ
2757 2535 2860 2589 μου
2908 2519 3083 2588 λόγος,
3117 2518 3341 2591 βασιλεῦ
3361 2561 3377 2585 ,
3404 2523 3435 2574 ὁ
3466 2522 3580 2575 ὑπὸ
3612 2527 3710 2593 τῆς

2119 2601 2374 2671 ἀληθείας
2416 2604 2474 2658 ἐν
2527 2606 2603 2677 τῷ
2640 2608 2723 2661 νοῖ
2762 2626 2863 2678 μου
2912 2611 3326 2682 ὑπαγορευθείς.
3359 2614 3453 2667 Διὸ
3493 2617 3709 2669 παυσα-

2121 2691 2337 2747 σθωσαν
2379 2696 2427 2747 οί
2461 2696 2680 2767 ἀνόητοί
2710 2715 2803 2752 σου
2836 2702 2989 2769 σοφοὶ
3024 2702 3514 2771 ματαιολογοῦντες
3565 2707 3708 2761 κατὰ

2116 2784 2211 2837 τοῦ
2240 2784 2465 2856 Κυρίου·
2507 2790 2777 2861 συμφέρει
2812 2792 2920 2862 γὰρ
2964 2793 3093 2862 ὑμῖν
3130 2793 3263 2849 Θεὸν
3291 2795 3520 2868 κτίστην
3548 2798 3710 2851 σέϐε-

2120 2875 2243 2928 σθαι
2291 2876 2452 2948 255
2498 2881 2593 2932 καὶ
2631 2882 2698 2935 τά
2728 2882 2983 2956 ἄφθαρτα
3013 2885 3173 2939 αὐτοῦ
3205 2889 3565 2953 ἐνωτίζεσθαι
3608 2893 3706 2963 ῥὴτ

2119 2984 2283 3037 ματα,
2318 2969 2426 3037 ἵνα,
2473 2971 2655 3041 κρίσιν
2704 2975 3034 3044 ἐκφυγόντες
3078 2977 3172 3031 καὶ
3215 2981 3508 3050 τιμωρίαν,
3554 2981 3706 3054 ζωῆς

2116 3059 2423 3132 ἀνωλέθρου
2459 3062 2759 3137 δειχθείητε
2792 3066 3139 3141 κληρονόμοι.

2184 3241 2343 3296 ΚΕΦ.
2385 3240 2520 3301 KH'.
2560 3243 2748 3297 Ταῦτα
2778 3245 2853 3309 ὡς
2884 3245 3160 3316 διεξῆλθεν
3197 3250 3225 3301 ὁ
3266 3249 3496 3321 Ναχὼρ,
3526 3251 3555 3303 ό
3603 3256 3702 3324 μὲν

2114 3330 2367 3402 βασιλεὺς
2411 3334 2486 3405 τῷ
2517 3334 2672 3405 θυμῷ
2705 3336 3019 3406 ἡλλοιοῦτον
3066 3340 3114 3391 οι
3155 3339 3211 3392 δὲ
3247 3342 3482 3412 ῥήτορες
3527 3342 3699 3397 αὐτοῦ

2111 3423 2205 3476 καὶ
2242 3424 2499 3495 νεωκόροι
2538 3426 2745 3500 ἄφωνοι
2787 3428 3036 3495 ἵσταντο,
3094 3430 3170 3500 μὴ
3216 3416 3507 3502 δυνάμενοι
3542 3435 3698 3486 ἀντι-

2110 3514 2311 3582 λέγειν,
2346 3515 2461 3569 ἀλλ’
2508 3517 2540 3589 ἣ
2583 3517 2761 3589 σαθρά
2807 3537 2930 3574 τινα
2981 3521 3076 3575 καὶ
3111 3523 3378 3592 οὐδαμινά
3419 3523 3694 3597 λογίδρια.

2120 3604 2181 3657 '0
2209 3604 2267 3657 δέ
2291 3606 2384 3658 τοῦ
2411 3605 2676 3676 βασιλέως
2698 3608 2812 3673 υίὸς
2839 3610 3136 3679 ἠγαλλιᾶτο
3162 3614 3241 3681 τῷ
3268 3613 3565 3684 πνεύματι,
3603 3619 3696 3670 καὶ

2110 3696 2321 3768 φαιδρῷ
2362 3697 2441 3766 τῷ
2488 3699 2765 3771 προσώπῳ
2811 3702 3030 3768 ἐδόξαζε
3077 3705 3169 3756 τὸν
3224 3705 3452 3776 Κύριον,
3493 3709 3591 3761 τὸν
3639 3710 3697 3777 ἐξ

2107 3785 2314 3857 ἀπόρου
2344 3789 2511 3858 πόρον
2545 3788 2759 3843 διδόντα
2788 3795 2900 3854 τοῖς
2936 3794 3251 3848 πεποιθόσιν
3293 3798 3382 3849 ἐπ’
3418 3799 3608 3865 αὐτὸν,
3640 3801 3697 3869 ὂς

2111 3880 2206 3930 καὶ
2243 3877 2332 3930 διὰ
2358 3879 2450 3932 τοῦ
2476 3872 2737 3950 πολεμίου
2761 3883 2853 3935 καὶ
2888 3884 3083 3955 ἐχθροῦ
3115 3885 3214 3957 τὴν
3244 3888 3505 3958 ἀλήθειαν
3539 3892 3694 3960 ἐκρά-

2111 3987 2258 4023 τυνε·
2286 3971 2379 4025 καὶ
2402 3972 2431 4023 ὁ
2459 3973 2558 4042 τῆς
2587 3973 2795 4043 πλάνης
2827 3974 3052 4046 ἔξαρχος
3085 3979 3385 4051 συνήγορος
3409 3980 3504 4033 τοῦ
3532 3981 3694 4052 ὀρθοῦ

2111 4060 2271 4131 λόγου
2308 4063 2597 4125 ἐδείκνυτο,

2189 4260 2249 4313 '0
2279 4261 2461 4332 μέντοι
2493 4260 2764 4332 βασιλεὺς,
2799 4266 3001 4339 καίπερ
3023 4267 3210 4332 δεινῶς
3234 4270 3589 4341 ὀργιζόμενος
3614 4274 3691 4342 τῷ

2106 4350 2341 4425 Ναχὼρ,
2395 4354 2544 4407 οὐδὲν
2582 4355 2730 4422 ὅμως
2782 4357 3120 4427 ἐργάσασθαι
3172 4361 3342 4414 κακὸν
3399 4365 3480 4426 είς
3528 4365 3690 4421 αὐτὸν

2105 4440 2367 4509 ἠδύνατο,
2402 4441 2492 4495 διὰ
2532 4443 2591 4496 τὸ
2632 4446 2930 4516 προλεχθέν
2974 4449 3067 4501 ἐπὶ
3107 4435 3326 4503 πάντων
3377 4452 3687 4524 θέσπισμα,

2030 4545 2073 4600 ι)
2106 4533 2278 4596 ἀδεῶς
2316 4535 2477 4588 αὑτὸν
2507 4535 2684 4607 λέγειν
2711 4537 2850 4608 ὑπὲρ
2876 4538 2984 4593 τῶν
3018 4542 3359 4612 Χριστιανῶν
3383 4547 3690 4616 730079373}-

2109 4640 2290 4692 μενονο
2338 4626 2508 4678 πολλά
2538 4625 2595 4679 δὲ
2631 4627 2793 4692 αὐτὸς
2841 4630 3138 4699 ἀντιλέγων
3192 4633 3580 4704 ὑπεμίμνησκε
3619 4636 3686 4689 δι’

2103 4713 2439 4782 αἰνιγμάτων
2467 4715 2785 4773 ὑπενδοῦναι
2809 4716 2906 4785 τῆς
2936 4718 3238 4781 Eva-edicam;
3266 4721 3361 4772 καὶ
3384 4722 3683 4791 ἡττηθῆναι

2102 4806 2167 4875 τῇ
2202 4803 2433 4869 διαλέξει
2459 4806 2567 4859 τῶν
2594 4807 2860 4878 ρητόρων.
2896 4809 2955 4862 ὐ
2979 4808 3036 4862 δέ
3065 4812 3331 4879 μειζόνως
3353 4812 3678 4885 ῦπερίσχυε,

2100 4894 2332 4950 διαλύων
2381 4897 2559 4960 πάσας
2589 4898 2769 4951 αὐτῶν
2814 4900 2913 4963 τὰς
2955 4901 3247 4969 προτάσεις
3293 4904 3389 4956 καὶ
3440 4905 3685 4974 συλλογι·

2101 4988 2296 5057 σμοῦς,
2342 4989 2438 5042 καὶ
2469 4989 2707 5059 ἐλέγχων
2742 4991 2800 5044 τὸ
2842 4993 3116 5063 ἀπατηλὸν
3151 4994 3250 5065 τῆς
3282 4997 3516 5068 πλάνης.
3553 4997 3681 5069 Σχε-

2096 5078 2186 5132 δὸν
2211 5079 2264 5131 δὲ
2296 5080 2489 5152 μέχρις
2528 5083 2767 5151 ἑσπέρας
2797 5086 3207 5156 παραταθείσης
3235 5088 3335 5159 τῆς
3364 5090 3675 5156 διαλέξεως,

2096 5172 2380 5225 ἐκέλευσεν
2426 5177 2454 5228 ὁ
2494 5174 2748 5244 βασιλεὺς
2793 5174 3107 5248 διαλυθῆναι
3158 5179 3218 5232 τὸ
3265 5180 3561 5251 συνέδριον,
3602 5181 3680 5243 ὡς

2094 5264 2160 5333 τῇ
2193 5264 2423 5337 ἐπιούσῃ
2452 5264 2772 5336 βουλόμενος
2800 5262 2957 5330 αὖθις
2992 5270 3120 5339 περὶ
3157 5269 3346 5325 τούτου
3380 5270 3677 5340 διασκέψα-

2095 5354 2239 5408 σθαι.

2171 5532 2228 5585 ⁹0
2258 5534 2315 5589 δέ
2354 5536 2468 5602 υἱὸς
2499 5536 2603 5607 ἔφη
2634 5537 2709 5609 τῷ
2758 5537 2986 5607 βασιλεῖ·
3037 5536 3123 5600 Ὣς
3168 5538 3227 5590 ὲν
3270 5536 3413 5608 ἀρχῇ
3457 5535 3674 5593 δικαίαν

2087 5625 2381 5691 ἐκέλευσας
2425 5629 2609 5701 κρίσιν
2666 5628 2953 5697 γενέσθαι,
3001 5628 3264 5694 δέσποτα,
3317 5628 3671 5699 δικαιοσύνην

2089 5719 2181 5768 καὶ
2208 5719 2286 5788 τῷ
2307 5720 2449 5774 τέλει
2475 5721 2662 5784 ἐπίθες
2684 5761 2699 5783 ,
2726 5722 2835 5774 τῶν
2865 5721 2957 5774 δύο
2985 5721 3046 5773 τὸ
3076 5722 3261 5792 ἓτερον
3290 5721 3478 5775 ποιῶν·
3512 5722 3545 5792 ἢ
3577 5721 3667 5773 τὸν

2090 5805 2220 5873 ἐμὸν
2243 5805 2561 5863 διδάτκαλον
2585 5815 2876 5885 ἐπίτρεψον
2908 5818 3084 5887 μεῖναι
3111 5816 3228 5885 μετ’
3252 5814 3387 5881 ἐμοῦ
3412 5817 3478 5884 τῇ
3506 5815 3663 5879 νυκτὶ
