3888 6344
188 365 325 428 1125

1284 356 1461 421 ΥΙΤᾹ
1501 360 1856 419 BARLAAM
1900 359 1991 417 ET
2029 356 2376 416 JOASAPII.

3298 363 3433 426 1126

184 481 357 553 256
384 482 573 554 ταύτῃ,
600 482 671 545 ὡς
694 480 826 551 ὁμοῦ
849 475 1273 547 διασκεψώμεθα
1298 478 1427 546 περὶ
1450 469 1525 529 ὧν
1549 476 1652 546 χρὴ
1676 475 1773 544 τὴν

1894 494 1932 535 ιιι
1959 484 2023 536 de
2048 484 2128 538 his
2151 484 2308 536 rebus
2331 483 2397 536 de
2418 482 2610 550 quilms
2636 482 2864 536 crastina
2889 482 2974 536 die
2999 498 3118 537 cum
3149 484 3210 539 iis
3231 488 3315 553 qui
3344 502 3441 540 nos

182 572 382 642 αὔριον
420 573 646 641 λαλῆσαι
681 574 791 635 τοῖς
824 570 1151 639 πολεμοῦσιν
1180 569 1328 637 ἡμᾶς
1349 606 1363 630 ,
1400 568 1528 630 τοὺς
1556 568 1683 628 σοὺς
1709 565 1765 618 δὲ

182 663 354 716 πάλιν
395 666 458 716 σὺ
489 664 604 733 μεθ’
640 662 834 715 ἑαυτοῦ
874 662 1056 716 λαϐὼν
1100 660 1170 714 τὰ
1207 661 1394 713 εἰκότα
1432 658 1765 729 μελετήσατε

182 753 372 815 καθὼς
402 752 673 823 βούλεσθε·
701 754 757 821 ἣ,
785 752 912 815 τοὺς
946 752 1071 815 σοὺς
1106 751 1230 822 ἐμοὶ
1261 750 1670 820 παραχωρήσας
1699 749 1765 817 τῇ

185 847 346 897 νυκτὶ
379 844 582 915 ταύτῃ,
613 844 742 897 λάϐε
775 843 866 896 τὸν
898 842 1030 913 ἐμὸν
1075 842 1212 911 πρὸς
1242 842 1453 894 ἑαυτόν.
1482 840 1546 893 El
1579 838 1634 891 δὲ
1661 840 1768 908 ἀμ-

184 931 523 1006 φότεροιῶσι
547 937 698 1006 παρὰ
726 936 829 1001 σοὶ,
854 936 882 988 6
911 936 1008 1005 μὲν
1031 934 1162 1004 ἐμὸς
1190 935 1245 987 ὲν
1272 932 1446 1003 θλίψει
1477 932 1571 984 καὶ
1594 930 1764 1001 φόϐῳ,

186 1026 240 1078 οἱ
267 1024 324 1077 δὲ
352 1025 433 1077 σοὶ
468 1025 527 1077 ὲν
575 1026 720 1095 χαρᾷ
759 1026 855 1077 κα)⁸
881 1024 1063 1077 ἀνέσει
1086 1065 1098 1089 ,
1131 1022 1191 1077 οὔ
1238 1040 1327 1093 μοι
1370 1023 1518 1075 δοκεῖ
1549 1021 1768 1075 δικαίαν

188 1113 334 1168 εἶναι
363 1114 564 1186 κρίσιν,
609 1116 743 1169 ἀλλὰ
772 1116 1090 1171 δυναστείαν
1127 1117 1225 1187 τῆς
1256 1114 1503 1180 ἐξουσίας
1537 1114 1635 1168 καὶ
1661 1131 1767 1168 ποι-ν

192 1204 422 1270 ράϐασιν
445 1205 555 1260 τῶν
588 1206 893 1277 συνθηκῶν.
937 1205 1223 1277 Ἥττηθεὶς
1256 1205 1313 1259 δὲ
1343 1208 1370 1259 6
1412 1204 1667 1274 βασιλεὺς
1690 1203 1767 1275 τῷ

184 1296 395 1367 ἀστείῳ
423 1297 516 1350 τοῦ
550 1300 825 1369 ῥήματος,
863 1300 989 1364 τοὺς
1032 1299 1228 1367 σοφοὺς
1271 1297 1436 1350 αὑτοῦ
1472 1296 1566 1350 καὶ
1605 1297 1769 1364 ἱερεῖς

185 1388 332 1458 πρὸς
362 1390 554 1443 ἑαυτὸν
595 1391 895 1461 λαϐόμενος
914 1433 927 1457 ,
971 1392 1063 1444 τὸν
1095 1391 1299 1461 Ναχὼρ
1341 1392 1663 1459 παραχωρεί
1694 1387 1771 1460 τῷ

186 1480 315 1549 υἱῷ,
347 1480 569 1543 ἐλπίδας
593 1482 671 1535 ἐτι
703 1483 1039 1553 κεκτημένος
1070 1483 1157 1535 ἐπ’
1177 1483 1339 1535 αὐτὸν
1366 1482 1461 1538 καὶ
1483 1480 1769 1550 φυλάττειν

179 1567 262 1621 τὰ
291 1568 689 1641 ὡμολογημένα
726 1571 921 1625 δοκῶν.

277 1659 603 1732 Ἀπέρχεται
630 1662 814 1715 τοίνυν
847 1664 875 1715 ὁ
901 1662 996 1719 τοῦ
1030 1662 1296 1733 βασιλέως
1320 1664 1433 1728 υἱὸς
1463 1665 1544 1728 εἰς
1566 1665 1626 1717 τὸ
1653 1666 1771 1718 ἐαυ-

177 1753 283 1807 τοῦ
316 1754 600 1819 παλάτιον,
635 1753 826 1826 ὥσπερ
871 1771 957 1817 τις
1000 1756 1423 1826 Ὀλυμπιονίκης
1467 1760 1577 1811 τῶν
1617 1759 1767 1811 ἀντι-

180 1845 379 1899 πάλων
410 1846 712 1917 κρατήσας,
744 1824 883 1916 ἔχων
908 1846 1028 1916 μεθ’
1055 1824 1248 1902 ἑαυτοῦ
1278 1824 1623 1921 τὸνῗΝαχὼρ.
1657 1850 1768 1906 Καὶ
1804 1824 1845 1878 Β

180 1938 333 1991 κατὰ
365 1938 536 2008 μόνας
564 1938 801 2001 καλέσας
825 1938 986 1993 αὐτὸν
1020 1938 1144 2009 ἐφη·
1192 1938 1284 2010 Μὴ
1313 1940 1541 2012 νομίσῃς
1573 1941 1773 1995 λανθάν

180 2046 304 2083 νειν
329 2030 427 2100 ἐμὲ
462 2030 530 2083 τὰ
569 2028 709 2083 κατὰ
739 2030 828 2082 σέ·
858 2026 976 2085 οἴδα
1013 2030 1122 2101 γάρ
1171 2047 1231 2084 σε
1272 2030 1517 2102 ἀκριϐῶς
1563 2032 1637 2103 μὴ
1681 2032 1771 2086 τὸν

185 2118 469 2173 θειότατον
498 2117 634 2174 εἶναι
683 2121 980 2191 Βαρλαὰμ,
1025 2121 1165 2175 ἀλλὰ
1194 2122 1400 2194 Ναχὼρ
1436 2122 1528 2175 τον
1573 2124 1774 2195 ἀστρο-

184 2210 371 2279 λόγον.
403 2212 513 2265 Καὶ
542 2211 806 2282 θαυμάζω
837 2213 954 2276 πῶς
987 2213 1166 2280 ἔδοξεν
1200 2215 1330 2285 ὑμῖν
1355 2214 1612 2286 τοιαύτην
1635 2217 1772 2269 ὑπο-ν

184 2303 449 2375 κριθῆναι
481 2304 771 2376 ὑπόκρισιν
800 2307 894 2360 καὶ
918 2305 1159 2377 τοσαύτῃ
1192 2306 1525 2379 ἁμϐλυωπίᾳ
1555 2308 1772 2378 νομίσαι

190 2395 509 2466 περιϐαλεῖν
554 2413 620 2467 με
673 2396 848 2467 μέσης
894 2399 1149 2471 ήμέρας,
1196 2398 1284 2454 ἵνα
1325 2399 1489 2453 λύκον
1535 2400 1773 2471 δέεωμαι

190 2488 316 2547 ἀντὶ
343 2489 635 2560 προϐάτου.
704 2490 867 2543 Ἀλλὰ
916 2490 1099 2554 καλῶς
1144 2492 1173 2543 6
1227 2492 1387 2560 λόγος
1418 2492 1604 2563 ᾄδεται
1631 2533 1645 2556 ,
1692 2494 1773 2547 ὅτι

194 2578 410 2649 Καρδία
438 2580 623 2650 μωροῦ
665 2581 870 2651 μάταια
896 2583 1079 2652 νοήσει
1105 2581 1240 2653 (82).
1274 2583 1348 2636 Τὸ
1378 2585 1478 2652 μὲν
1498 2582 1591 2638 οὖν
1615 2584 1773 2638 ὲνθύ-

198 2689 359 2742 μημα
382 2671 540 2726 τοῦτο
565 2673 657 2726 καὶ
687 2673 963 2745 βούλευμα
991 2675 1020 2727 ὐ
1029 2673 1145 2742 μῶν
1187 2675 1353 2729 ἕωλον
1379 2672 1446 2749 ἦν
1481 2678 1573 2730 καὶ
1599 2677 1775 2749 πάντη

194 2763 428 2834 ἀνόητον
447 2780 462 2796 ο
489 2766 549 2818 τὸ
570 2765 629 2818 δὲ
655 2765 815 2836 ἔργον
839 2765 866 2818 ὂ
890 2765 1133 2837 εἰργάσω
1162 2767 1340 2837 πάσης
1367 2768 1483 2820 ἐστὶ
1509 2768 1775 2833 συνέσεως

194 2854 651 2925 πεπληρωμένον.
702 2855 793 2909 Διὸ
848 2858 1044 2926 χαῖρε,
1093 2855 1335 2927 Ναχὼρ,
1380 2858 1476 2913 καὶ
1514 2858 1773 2926 ἀγαλλιῶ’

195 2946 403 3010 πολλὰς
430 2947 539 3018 γάρ
566 2964 648 3000 σοι
677 2948 906 3019 χάριτας
930 2947 1198 3018 ὁμολογῶ,
1232 2947 1393 3023 257
1436 2950 1518 3002 ὅτι
1550 2951 1778 3020 συνήγο-

200 3056 298 3111 ρος
321 3039 559 3110 σήμερον
598 3039 697 3110 τῆς
722 3039 980 3110 ἀληθείας
1006 3040 1266 3110 γέγονας,
1297 3041 1391 3094 καὶ
1418 3042 1519 3095 οὐκ
1548 3041 1778 3111 ὲμίανας

197 3132 270 3184 τὰ
301 3130 453 3201 χείλη
492 3147 583 3186 σου
630 3130 807 3199 λόγοις
854 3133 1071 3203 μιαροῖς
1113 3133 1208 3185 καὶ
1255 3131 1545 3203 ὑποκρίσει
1591 3132 1775 3203 δολία,

197 3221 339 3279 ἀλλὰ
374 3223 481 3274 τῶν
524 3223 732 3275 πολλῶν
782 3223 982 3293 μᾶλλον
1017 3223 1359 3296 ὲξεκάθαρας
1394 3223 1778 3295 μολυσμάτων,

200 3314 304 3385 τὴν
336 3314 545 3383 πλάνην
564 3313 673 3367 τῶν
699 3314 1070 3385 ψευδωνύμων
1100 3314 1381 3384 διελέγξας
1406 3315 1544 3369 θεῶν
1570 3316 1664 3371 καὶ
1684 3317 1783 3387 τὴν

201 3406 466 3475 ἀλήθειαν
520 3406 626 3460 τῶν
677 3407 1082 3477 Χριστιανικῶν
1133 3406 1420 3478 δογμάτων
1488 3408 1779 3480 κρατύνας.

218 3494 363 3563 Ἐγὼ
376 3496 433 3554 δὲ
459 3496 763 3551 ἐσπούδασα
786 3497 1014 3563 ἀγαγεῖν
1039 3513 1098 3549 σε
1124 3496 1244 3567 μετ’
1267 3496 1401 3567 ἐμοῦ
1427 3496 1572 3550 δυοῖν
1598 3499 1780 3551 ’ένεκω

206 3586 296 3640 ἵνα
328 3585 436 3656 μὴ,
469 3587 609 3647 κατὰ
642 3586 810 3657 μόνας
846 3589 875 3640 6
908 3587 1163 3657 βασιλεὺς
1210 3587 1392 3642 λαϐών
1421 3605 1501 3651 σε,
1533 3590 1784 3659 τιμωρή-

208 3695 374 3749 σηται
414 3678 499 3747 ἐφ’
543 3672 586 3746 ᾧ
614 3678 677 3731 ού
723 3679 793 3731 τὰ
827 3678 1140 3749 καταθύμια
1174 3678 1322 3749 αὐτῷ
1371 3679 1653 3749 ἐφθέγξω,
1690 3680 1786 3734 καὶ

206 3771 297 3823 ἵνα
347 3771 449 3839 τὴν
488 3769 645 3839 χάριν
674 3768 899 3840 ταύτην,
943 3770 1026 3839 ἣνΙ
1060 3770 1303 3842 σήμερον
1343 3770 1620 3841 εἰργάσω,
1663 3771 1787 3823 ἀντ-

205 3860 559 3933 αμεξψωμαι.
590 3859 682 3923 Τίς
730 3860 787 3914 δὲ
827 3863 861 3931 ή
889 3860 1247 3931 ἀντάμειψις;
1279 3859 1353 3914 Τὸ
1381 3860 1662 3926 ὑποδεῖξαί
1705 3877 1786 3913 σοι

206 3953 458 4007 ἐκκλῖναι
485 3951 583 4021 τῆς
620 3953 863 4023 πονηρᾶς
893 3951 1014 4006 ὀδοῦ
1054 3952 1149 4007 καὶ
1185 3952 1481 4027 ὀλισθηρᾶς
1507 3955 1574 4025 ἢν
1615 3953 1787 4006 ὥδευ-

210 4061 314 4107 σας
344 4042 450 4106 ἕως
480 4042 597 4108 νῦν,
632 4043 967 4115 πορευθῆναι
1002 4044 1062 4097 δὲ
1092 4044 1191 4116 τὴν
1222 4044 1441 4097 εὐθεῖαν
1479 4044 1574 4097 καὶ
1610 4046 1789 4115 σωτή-

194 4153 331 4207 ριον
363 4136 566 4208 τρίϐον,
600 4138 667 4208 ἣν
700 4138 802 4192 οὐκ
833 4137 1066 4207 ἀγνοῶν,
1098 4136 1217 4191 ἀλλ’
1266 4136 1508 4191 ἐθελοντὶ
1554 4153 1791 4208 κακουρ-

210 4227 347 4299 γῶν,
398 4229 698 4298 ὲξέφυγες,
753 4228 1051 4300 βαράθροις
1098 4227 1193 4282 καὶ
1243 4230 1512 4300 κρημνοῖς
1555 4228 1790 4298 ἀνομίας

213 4321 444 4376 σεαυτὸν
470 4323 943 4394 κατακρημνίσας.
980 4321 1144 4386 Σύνες
1174 4318 1291 4385 οὖν,
1322 4316 1366 4375 ὧ
1400 4319 1625 4393 Ναχὼρ,
1662 4338 1791 4374 συνο

209 4413 334 4476 ετὸς
361 4413 456 4480 ὢν,
485 4414 580 4466 καὶ
601 4414 987 4486 προθυμήθητι
1007 4414 1098 4467 τὸν
1119 4414 1354 4486 Χριστὸν
1388 4414 1548 4484 μόνον
1578 4415 1674 4467 καὶ
1695 4412 1792 4485 τήν

212 4506 345 4576 παρ’
380 4505 531 4576 αὐτῷ
572 4505 960 4577 κρυπτομένην
1001 4505 1147 4577 ζωὴν
1184 4506 1466 4578 κερδᾶναι,
1496 4506 1606 4559 τῶν
1641 4507 1791 4577 ρεόν-
1826 4505 1867 4560 D

210 4614 324 4658 των
355 4598 563 4651 τούτων
593 4598 688 4651 καὶ
725 4597 1097 4670 φθειρομένων
1128 4595 1420 4668 ὑπεριδών.
1457 4598 1533 4653 Οὐ
1567 4598 1676 4668 γὰρ
1700 4597 1790 4651 τὸν

212 4688 399 4767 πάντα
422 4690 566 4763 ζήσῃ
595 4691 785 4744 αἰῶνα·
819 4688 956 4744 ἀλλὰ
975 4730 991 4755 ,
1022 4689 1213 4759 θνητὸς
1239 4688 1337 4757 ὢν,
1361 4689 1641 4762 ἁπελεύσῃ
1669 4691 1792 4743 ὅσον

212 4779 404 4846 οὔπω,
435 4780 617 4844 καθὼς
645 4783 741 4835 καὶ
769 4783 819 4834 οι
860 4781 969 4853 πρὸ
995 4782 1090 4835 σοῦ
1124 4783 1343 4846 πάντες.
1384 4782 1494 4835 Καὶ
1530 4783 1653 4835 οὐαί
1685 4798 1789 4843 σοι,

210 4874 268 4927 εἰ
304 4873 397 4926 τὸν
454 4872 627 4943 βαρὺν
674 4875 869 4944 φόρτον
914 4875 1015 4944 τῆς
1064 4872 1340 4946 ἁμαρτίας
1398 4873 1793 4942 ὲπιφερόμενις

215 4964 498 5035 ἁπελεύσῃ
550 4966 667 5018 ἐκεῖ
698 4966 833 5019 ὃπου
867 4966 1049 5037 κρίσις
1084 4965 1270 5019 δικαία
1300 4965 1395 5017 καὶ
1440 4964 1793 5027 ἀνταπόδοσις

215 5056 326 5109 τῶν
376 5055 554 5127 ἔργων
588 5058 724 5121 ἐστὶ,
767 5058 860 5111 καὶ
898 5056 971 5129 μὴ
1004 5057 1316 5130 ἀπορρἱῃς
1360 5057 1569 5122 τοῦτον,
1605 5055 1795 5127 ῥᾳδίας

217 5144 386 5215 οὔσης
411 5148 508 5216 τῆς
532 5148 865 5212 ἀποθέσεως.

312 5392 375 5482 Ὅ
402 5427 606 5499 Ναχὼρ
648 5428 847 5493 τοίνυν,
878 5429 1205 5497 κατανυγεὶς
1245 5430 1342 5500 τὴν
1370 5431 1548 5503 ψυχὴν
1578 5435 1669 5487 ἐπὶ
1700 5439 1813 5501 τοῖς

1885 577 2021 628 bello
2052 576 2313 629 lacessent
2342 574 2496 627 verba
2529 574 2763 627 facienda
2794 582 2921 625 sunt
2947 589 3049 627 una
3075 576 3436 643 dispiciamus,

1884 678 1944 718 ac
1972 675 2024 717 tu
2053 666 2177 719 item
2206 676 2321 718 tuos
2350 679 2645 725 assumens,
2692 663 2950 717 arbitratu
2981 674 3069 717 tuo
3096 680 3214 717 cum
3248 668 3352 720 illis
3378 683 3440 722 ea

1884 770 2001 823 quae
2037 755 2090 809 in
2129 770 2239 808 rem
2279 754 2450 807 futura
2491 753 2805 808 videbuntur
2846 753 3155 816 mediteris;
3194 762 3284 806 aut
3323 766 3440 811 tuos

1884 845 2010 901 mihi
2053 847 2151 900 hac
2189 854 2342 900 nocte
2378 846 2707 911 concedens,
2749 861 2923 900 meum
2966 844 3173 912 accipe.
3210 845 3359 912 Quod
3399 850 3442 900 si

1882 936 2088 1006 utrique
2114 935 2250 998 apud
2281 946 2329 989 te
2360 936 2485 997 sint,
2514 951 2664 990 meus
2692 936 2938 989 nimirum
2986 936 3038 989 in
3069 936 3360 989 alﬂictione
3390 949 3445 989 et

1880 1046 2046 1100 metu,
2111 1036 2182 1090 tui
2240 1044 2415 1088 autem
2470 1034 2521 1085 in
2567 1031 2744 1085 lzetitia
2793 1040 2844 1082 et
2889 1028 3047 1080 animi
3102 1028 3436 1095 remissione,

1880 1144 2103 1195 aequum
2136 1126 2262 1181 milii
2305 1125 2559 1194 judicium
2606 1122 2740 1176 istud
2783 1134 2901 1175 esse
2950 1136 3052 1173 non
3083 1119 3306 1181 videtur,
3344 1123 3439 1175 sed

1880 1221 2203 1289 principatus
2228 1216 2461 1279 licentia,
2483 1224 2534 1269 et
2565 1221 2832 1276 pactorum
2864 1208 3101 1262 violatio.
3129 1209 3237 1263 Rex
3262 1210 3437 1277 itaque

1881 1310 2038 1379 hujus
2068 1309 2323 1363 orationis
2353 1308 2529 1373 lepore
2558 1303 2759 1366 victus,
2792 1301 3073 1363 assumptis
3112 1299 3442 1367 sapientibus

1882 1408 1937 1452 et
1972 1397 2337 1452 sacerdmibns
2374 1394 2504 1455 suis,
2545 1391 2835 1445 Nachorem
2875 1389 2985 1443 lilio
3019 1390 3301 1453 concessit,
3346 1391 3441 1444 hac

1882 1490 2135 1543 nimirum
2177 1502 2271 1556 spe
2301 1487 2481 1549 fretus,
2512 1483 2624 1536 fore
2664 1488 2808 1534 utea
2840 1494 2957 1549 quin
2984 1480 3247 1549 pollicitus
3275 1479 3443 1536 fuerat

1920 1587 2176 1633 ratstaret.

1920 1594 2176 1633 rchtaret.

1883 1594 1915 1648 Ρ
1955 1669 2112 1737 Regis
2158 1668 2332 1734 itaque
2359 1665 2495 1718 ﬁlius
2522 1662 2573 1716 in
2606 1660 2854 1729 palatium
2884 1672 3035 1712 suum
3066 1658 3439 1727 proﬁciscitur,

1886 1764 1990 1817 non
2020 1776 2172 1817 secus
2201 1769 2357 1826 atque
2386 1755 2690 1825 Olympicus
2720 1752 2930 1820 quidam
2958 1753 3149 1812 victor,
3177 1750 3441 1818 superatis

1883 1854 2233 1914 adversariis,
2272 1863 2452 1902 secum
2494 1846 2783 1900 Nacliorem
2823 1842 3043 1896 habens.
3095 1841 3258 1908 Quem
3298 1855 3441 1901 cum,

1874 1941 2103 1996 remetis
2139 1937 2373 1999 arbitris,
2413 1934 2706 1998 accivisset,
2738 1934 2816 1986 his
2839 1933 2902 1987 ad
2944 1946 3064 1986 eum
3106 1932 3280 1986 verbis
3319 1945 3444 1985 usus

1885 2039 1964 2085 est
1989 2046 2001 2082 :
2028 2029 2102 2083 Ne
2132 2042 2235 2092 me,
2263 2025 2351 2095 qui
2378 2024 2470 2089 sis,
2498 2022 2737 2093 ignorare
2764 2023 3047 2075 existimes.
3084 2021 3442 2074 Certissimum

1886 2121 2024 2176 enim
2055 2119 2222 2172 habeo
2271 2126 2320 2171 te
2346 2113 2727 2169 divinissimnm
2759 2112 3088 2165 Barlaamum
3136 2109 3271 2163 haud
3316 2123 3447 2177 qua-

1886 2224 2045 2277 quam
2085 2221 2223 2272 esse,
2255 2220 2438 2259 verum
2469 2203 2761 2257 Nacliorcm
2810 2202 3151 2268 astrOIOgum.
3184 2200 3260 2252 Ac
3286 2199 3447 2251 miror

1888 2300 2013 2369 quid
2037 2298 2185 2353 vobis
2211 2296 2264 2349 in
2296 2303 2524 2348 mentem
2553 2292 2776 2353 venerit,
2805 2297 2864 2347 ut
2890 2288 3186 2356 hujusmodi
3217 2286 3449 2340 fabulam

1892 2391 2179 2461 ﬁngeretis,
2226 2396 2384 2456 atque
2429 2384 2528 2438 hoc
2563 2383 2712 2437 vobis
2761 2380 3174 2450 persuaderctis,
3221 2392 3315 2431 vos
3354 2392 3456 2436 eas,
3526 2388 3531 2392 '

1896 2479 2194 2535 clarissima
2232 2478 2319 2530 die
2349 2475 2514 2528 oculis
2542 2472 2673 2526 meis
2711 2471 2953 2524 tenebras
2978 2470 3279 2537 obiecturus
3308 2479 3449 2531 esse,

1890 2580 1948 2625 ut
1974 2585 2070 2638 pro
2096 2584 2195 2622 ove
2222 2568 2400 2634 lupum
2426 2564 2740 2631 acciperem.
2771 2560 2962 2614 Verum
2994 2574 3098 2612 non
3129 2558 3223 2612 abs
3250 2570 3307 2610 re
3332 2570 3447 2624 pro-

1889 2660 2071 2715 verbio
2099 2659 2281 2719 fertur,
2310 2655 2414 2709 Cor
2454 2654 2597 2707 stulti
2636 2666 2768 2705 vana
2813 2650 3063 2719 cogitare.
3115 2651 3287 2715 Atque
3333 2645 3448 2700 haec

1888 2751 2098 2822 quidem
2162 2748 2405 2816 cogitatio
2460 2754 2513 2799 et
2551 2743 2827 2798 consilium
2884 2750 3117 2795 vestrum
3178 2737 3451 2792 rancidum

1888 2856 2016 2898 sane
2044 2854 2105 2891 ac
2136 2850 2349 2906 prorsus
2376 2833 2623 2889 stolidum
2649 2840 2784 2900 erat,
2811 2844 2944 2900 opus
2963 2837 3138 2882 autem
3163 2828 3300 2897 quod
3335 2826 3448 2894 ipse

1889 2929 2081 2997 egisti,
2130 2927 2275 2981 omni
2327 2924 2598 2993 prudentia
2647 2931 2701 2976 et
2745 2918 3027 2989 sagacitate
3075 2918 3437 2997 plenitatem.

1886 2993 1950 3077 ae
2006 2993 2291 3075 propterea
2343 3001 2541 3071 gaude,
2592 2998 2831 3061 Nachor,
2882 3005 2938 3051 et
2980 2996 3215 3051 exsulta.
3270 2993 3468 3048 Multas

1886 3098 2033 3154 enim
2068 3097 2167 3151 tibi
2214 3096 2319 3149 hoc
2364 3091 2587 3151 nomine
2629 3088 2833 3161 gratias
2878 3087 3075 3151 habeo,
3129 3083 3279 3155 quod
3323 3084 3461 3137 veri-

1805 3166 1850 3225 (ἶ
1890 3189 2018 3244 tatis
2069 3184 2439 3257 patrocinium
2492 3179 2764 3235 hodierno
2826 3177 2917 3233 die
2976 3173 3305 3243 suscepisti,
3365 3185 3467 3225 nec

1899 3273 2173 3324 sceleratis
2219 3272 2397 3324 verbis
2442 3283 2505 3323 ac
2548 3275 2763 3322 versuta
2807 3264 3146 3320 simulatione
3192 3264 3328 3318 labia
3377 3272 3463 3316 llH

1903 3360 2304 3423 contaminasti;
2338 3364 2462 3428 quin
2494 3360 2664 3427 porius
2690 3372 2751 3411 ea
2795 3356 2975 3409 multis
3000 3354 3247 3409 sordibus
3273 3368 3465 3421 expur-

1897 3451 2064 3520 gasti,
2107 3451 2355 3503 falsorum
2397 3449 2643 3502 nimirum
2683 3446 2902 3500 deorum
2944 3459 3126 3500 errore
3164 3443 3460 3505 confutatu,

1898 3558 2054 3613 atque
2081 3542 2499 3598 Christianorum
2540 3540 2841 3609 dogmatum
2872 3539 3099 3593 veritate
3129 3536 3462 3589 conﬁrmata.

1902 3636 2008 3704 Ego
2033 3650 2156 3689 vero
2182 3633 2381 3701 duplici
2408 3634 2472 3686 de
2510 3646 2686 3698 causa,
2722 3640 2777 3684 ut
2807 3638 2857 3683 te
2887 3644 3090 3684 mecum
3121 3628 3461 3683 adducerem.

1898 3738 2110 3791 cperam
2140 3722 2291 3786 dedi;
2320 3722 2508 3787 altera,
2542 3736 2608 3774 ne
2632 3729 2684 3773 te
2712 3734 2799 3771 rex
2831 3719 3076 3785 privatim
3106 3725 3312 3779 tenens,
3342 3730 3465 3779 sup-

1899 3815 2055 3886 plicio
2078 3814 2333 3880 afﬁceret,
2360 3820 2636 3883 propterea
2662 3810 2798 3880 quod
2829 3824 2930 3861 uou
2952 3822 3012 3863 ea
3039 3821 3096 3860 cs
3120 3807 3323 3860 locutus
3345 3819 3463 3874 quia

1901 3909 1998 3975 ipsi
2035 3916 2180 3973 grata
2221 3913 2439 3964 essent;
2479 3903 2644 3954 altera
2684 3909 2738 3951 ut
2778 3899 2880 3951 hod
2905 3912 3035 3951 erno
3075 3904 3163 3948 tuo
3204 3896 3464 3948 beneﬁt-io

1898 3997 2119 4062 gratiam
2150 3991 2241 4045 tibi
2270 3989 2575 4057 rependam.
2604 3988 2840 4053 Quonam
2865 3995 3039 4039 autem
3071 3984 3282 4037 tandem
3313 3995 3464 4052 pacto

1901 4086 2082 4141 istud?
2126 4082 2379 4137 Nimirum
2421 4091 2472 4134 te
2498 4064 2809 4140 admonens,
2844 4085 2900 4130 ut
2927 4090 2957 4128 a
2984 4089 3141 4144 prava
3170 4084 3223 4128 et
3253 4078 3463 4143 pericu-

1902 4178 2013 4231 losa
2043 4174 2138 4228 hic
2163 4174 2266 4238 via,
2295 4186 2451 4240 quam
2482 4171 2546 4222 ad
2578 4169 2718 4222 hunc
2744 4181 2910 4237 usque
2938 4166 3080 4221 diem
3112 4166 3344 4226 tenuisti.
3375 4167 3465 4221 de-

1904 4267 2181 4327 ﬂectas,ac
2198 4273 2391 4320 rectam
2424 4271 2476 4318 ct
2505 4263 2790 4316 salutarem
2834 4260 3079 4314 semitam
3119 4257 3463 4327 ingrediaris:

1902 4371 2057 4425 quam
2097 4354 2307 4425 quidem
2340 4368 2445 4407 non
2475 4352 2745 4421 ignorans,
2780 4348 2872 4405 sed
2911 4357 3099 4418 sponte
3128 4348 3321 4402 malum
3352 4362 3467 4400 am-

1904 4448 2156 4514 plectens,
2186 4444 2435 4515 ell'ugisti,
2480 4445 2534 4499 in
2577 4443 2869 4512 iniquitatis
2909 4442 3151 4496 baratlira
3192 4448 3245 4495 et
3274 4443 3467 4509 princi-

1904 4538 2029 4605 pitia
2062 4536 2285 4604 teipsum
2317 4535 2613 4602 impellens.
2661 4531 2894 4598 lntellige
2945 4531 3146 4599 itaque,
3180 4545 3211 4582 ο
3236 4528 3468 4592 Naclior,

1904 4643 2021 4682 cum
2053 4625 2282 4695 prudens
2312 4632 2365 4676 et
2393 4637 2549 4692 sagax
2582 4623 2678 4683 sis,
2708 4634 2769 4672 ac
2796 4619 3064 4672 Christum
3092 4619 3285 4682 solum,
3314 4632 3361 4671 et
3397 4617 3470 4670 vi.

1906 4729 2011 4773 tam
2042 4716 2177 4786 apud
2210 4716 2377 4783 ipsum
2407 4715 2702 4767 abstrusam
2732 4710 2960 4765 elucrari
3006 4709 3179 4773 stude,
3209 4708 3361 4761 ﬂuxis
3389 4709 3469 4762 his

1906 4818 1958 4864 et
1984 4808 2198 4861 caducis
2226 4802 2539 4871 contemptis
2567 4815 2627 4854 ac
2651 4815 2744 4869 pro
2768 4798 2931 4853 nihilo
2955 4798 3166 4852 habitis.
3192 4796 3303 4851 Non
3327 4796 3470 4850 enim

1906 4902 1957 4955 in
1981 4908 2234 4954 :eternum
2260 4896 2409 4949 vives
2429 4910 2443 4959 ;
2466 4892 2579 4957 sed,
2603 4906 2721 4946 cum
2748 4890 2981 4944 mortalis
3004 4889 3098 4955 sia,
3123 4888 3229 4957 jam
3255 4885 3473 4957 jamque

1907 4989 2029 5043 hinc
2058 4987 2292 5042 abiturus
2320 4998 2399 5049 es,
2430 4981 2872 5052 quemadmodum
2912 4988 2965 5034 et
2994 4994 3200 5041 omnes,
3229 4977 3316 5047 qui
3349 4989 3473 5029 ante

1915 5089 1965 5134 te
1994 5079 2327 5133 exstiterunt.
2370 5077 2562 5143 Atque,
2592 5088 2625 5125 ο
2654 5082 2702 5127 te
2732 5071 3017 5125 miserum!
3049 5068 3114 5135 si,
3143 5068 3231 5121 ubi
3269 5066 3471 5134 justum

1903 5172 2158 5244 judicium
2178 5212 2191 5232 ,
2225 5184 2287 5223 ac
2316 5172 2454 5236 justa
2486 5181 2705 5233 operum
2739 5176 2942 5217 merces
2971 5167 3071 5224 est,
3102 5172 3312 5228 gravem
3346 5171 3471 5225 pec-

1907 5266 2008 5321 cati
2041 5261 2298 5319 sarcinam
2333 5270 2503 5316 tecum
2531 5259 2706 5313 ferens
2733 5256 2917 5319 abeas,
2941 5264 3036 5305 nec
3064 5264 3179 5305 eam
3209 5250 3351 5319 prius
3378 5250 3471 5301 ab:

1908 5358 2124 5427 ieceris,
2154 5370 2273 5409 cum
2301 5353 2531 5423 abjicere
2560 5346 2792 5417 proclive
2817 5345 2908 5401 sit.

1981 5446 2187 5511 Nachor
2252 5442 2427 5510 itaque
2485 5440 2554 5493 ob
2605 5433 2904 5505 hujusmodi
2962 5444 3237 5487 sermones
3292 5429 3470 5482 animo

198 5564 207 5569 -
228 5520 412 5592 λόγοις
449 5521 683 5584 τούτοις,
718 5520 852 5591 ἔφη·
907 5521 1103 5584 Καλῶς
1158 5519 1335 5589 εἴπας,
1371 5519 1415 5578 ὦ
1448 5526 1684 5595 βασιλεῦ,
1710 5547 1778 5582 κα

1912 5544 2278 5606 compunctus,
2323 5534 2402 5587 his
2441 5529 2614 5585 verbis
2660 5541 2783 5581 usus
2823 5533 2947 5580 est:
2989 5522 3151 5577 Recte
3201 5518 3396 5583 dixisti,
3438 5538 3469 5571 «ι

302 5726 417 5795 (89.)
448 5723 552 5779 lsa.
592 5741 762 5787 xuii,
800 5727 850 5780 6.
1346 5760 1381 5765 ε
