3902 6358
460 396 587 462 1127

1905 368 2276 427 ADDENDA.

3576 357 3734 419 1123

455 520 568 567 rex,
612 498 757 554 recte
797 497 1026 562 inquam.
1070 489 1199 544 Num
1241 488 1353 555 ipse
1394 497 1599 553 quoque
1642 494 1823 535 verum
1865 489 1917 532 et
1949 481 2014 530 ah

2146 479 2248 539 ,ι’ῖις,
2279 471 2409 528 Οἶδα
2443 473 2551 544 γὰρ
2582 471 2739 540 κάγὼ
2773 469 2863 524 τὸν
2894 468 3146 540 ἀληθινὸν
3184 467 3279 522 καὶ
3311 463 3526 536 ἀψευδῆ
3565 464 3743 523 Θεὸν.

456 595 594 647 omni
644 588 918 644 mendacio
972 588 1199 638 alienum
1242 584 1445 643 Deum,
1504 594 1599 648 per
1638 593 1793 647 quem
1836 576 2012 627 0ttt:;i:t

455 686 590 735 facta
615 690 757 741 sunt,
790 679 944 742 novi;
974 684 1130 743 atque
1177 676 1301 727 item
1344 672 1569 724 futurum
1598 668 1851 737 judicium
1880 664 2014 724 scio,

454 789 513 827 ex
540 771 716 825 multis
739 769 981 822 videlicet
1001 767 1284 831 Scriptura:
1306 778 1473 817 saera:
1497 760 1672 814 verbis
1694 757 1742 811 id
1764 757 1983 811 edoctus
2000 791 2013 817 ,

455 879 641 916 verum
685 862 923 930 improba
963 856 1309 919 consuetudo,
1346 866 1501 921 atque
1540 851 1739 920 antiqui
1770 846 2012 915 supplauo

456 952 889 1008 tatorisversutia
914 948 1088 1003 cordis
1120 949 1219 1002 mei
1249 948 1425 999 oculos
1453 943 1686 1002 Ca-eavit,
1718 940 2017 1005 densasque

456 1045 635 1102 animo
665 1058 785 1097 meo
813 1042 1060 1095 tenebras
1088 1039 1290 1092 oﬂ‘ndit.
1322 1037 1469 1089 Nunc
1497 1042 1675 1088 autem
1705 1030 1770 1084 ad
1800 1027 2016 1082 verbum

458 1146 602 1190 tuum
629 1135 835 1200 abiecto
858 1132 1142 1187 tenebroso
1169 1127 1446 1186 velamine,
1471 1125 1534 1177 ad
1564 1123 1738 1174 vultus
1760 1117 2021 1176 nominici

470 1227 641 1283 lucem
689 1239 998 1281 occurram;
1048 1220 1272 1275 fortasse
1328 1219 1469 1271 enim
1518 1215 1622 1270 mei
1667 1209 2022 1270 miserebitur,

470 1318 897 1388 pmniteutimque
916 1314 1131 1384 ianuam
1158 1312 1282 1365 mihi
1309 1310 1549 1377 improbo
1576 1322 1637 1361 ac
1666 1304 1847 1359 rebelli
1870 1314 2026 1356 servo

469 1409 690 1475 aperiet.
737 1406 1042 1473 Quanquam
1082 1403 1207 1455 mihi
1252 1402 1360 1453 fieri
1404 1414 1506 1452 non
1553 1410 1709 1465 posse
1738 1394 1946 1447 videtur
1973 1397 2031 1442 ut

473 1510 804 1565 peccatorum
857 1509 1114 1557 meorum,
1161 1508 1277 1562 ane
1324 1506 1486 1544 arena
1523 1486 1765 1557 graviora
1806 1490 1947 1545 sunt,
1977 1490 2032 1534 et

471 1604 654 1640 eorum
687 1603 802 1656 qua:
833 1597 940 1638 tum
973 1586 1143 1639 sciens
1170 1594 1278 1636 tum
1312 1583 1558 1649 ignorans
1591 1575 1910 1646 perpetravi,
1942 1587 2032 1627 ve-

472 1680 611 1731 niam
639 1679 923 1731 obtineam.

547 1770 652 1821 llac
691 1772 927 1821 oratione
967 1766 1162 1830 audita,
1208 1762 1346 1833 regis
1386 1764 1521 1815 flius
1559 1760 1734 1814 statim
1768 1755 2028 1825 exsurgit,

2124 570 2192 622 δι’
2222 564 2281 621 οὗ
2310 568 2377 621 τὰ
2424 566 2602 619 πάντα
2648 564 2861 632 γέγονε,
2904 562 2998 614 καὶ
3034 561 3132 631 τὴν
3177 560 3480 630 μέλλουσαν
3536 555 3747 624 κρίσιν

2127 661 2449 727 ἐπίσταμαι,
2494 655 2601 709 ἀπὸ
2633 652 2846 705 πολλῶν
2880 650 3175 722 ῐῖραφικῶν
3216 649 3480 720 ῥημάτων
3508 645 3745 711 ταύτην

2124 749 2378 821 ἀκηκοώς
2398 766 2413 782 ο
2445 746 2560 802 ἀλλ’
2584 746 2617 817 ἡ
2645 742 2862 815 πονηρὰ
2892 741 3149 811 συνήθεια
3171 740 3265 793 καὶ
3287 740 3320 808 ἡ
3354 737 3449 791 τοῦ
3477 734 3742 789 παλαιοῦ

2128 844 2293 914 258
2318 842 2551 911 ἐπήρεια
2581 834 2905 907 πτερνιστοῦ
2935 833 3061 896 τοὺς
3092 831 3403 900 ὀφθαλμοὺς
3433 828 3737 895 ἐτύφλωσε

2127 936 2224 1003 τῆς
2245 931 2471 1001 καρδίας
2505 946 2628 999 μου,
2659 926 2756 977 καὶ
2784 924 2973 987 σκότος
2996 922 3131 990 βαθὺ
3162 918 3463 991 περιέχυσὲ
3509 935 3629 988 μου
3658 918 3739 987 τῷ

2128 1019 2397 1091 λογισμῷ.
2428 1018 2566 1071 Novi.
2594 1016 2652 1070 δὲ
2681 1015 2772 1067 ἐπὶ
2801 1014 2877 1084 τῷ
2903 1010 3107 1084 ματί
3131 1028 3247 1072 σου,
3272 1011 3331 1062 τὸ
3364 1009 3653 1079 κάλυμμα
3675 1009 3737 1061 τὸ

2131 1109 2370 1179 ζοφῶδες
2419 1104 2769 1177 ἀπορρίψας,
2815 1103 2892 1171 τῷ
2940 1101 3079 1170 φωτὶ
3118 1098 3592 1171 προσδραμοῦμαι
3636 1098 3734 1151 τοῦ

2134 1200 2428 1274 προσώπου
2483 1196 2712 1268 Κυρίου.
2767 1197 2926 1257 Ἴσως
2982 1193 3198 1263 ἐλεήσει
3246 1208 3343 1262 με,
3397 1193 3498 1244 καὶ
3551 1189 3734 1261 θύραν

2133 1289 2332 1355 ἀνοίξει
2355 1287 2643 1360 μετανοίας
2667 1285 2747 1356 τῷ
2774 1284 2997 1356 πονηρῷ
3016 1283 3188 1354 δούλῳ
3218 1284 3311 1337 καὶ
3335 1282 3658 1353 ἀποστάτῃ,
3684 1282 3733 1334 εί

2133 1380 2230 1435 καὶ
2257 1378 2517 1434 ἀδύνατον
2540 1378 2688 1431 δοκεῖ
2719 1391 2810 1446 μοι
2838 1373 3032 1443 ἄφεσιν
3064 1371 3321 1440 γενέσθαι
3352 1368 3465 1422 τῶν
3488 1369 3733 1439 ψάμμου

2136 1472 2450 1545 βαρυτέρων
2478 1487 2579 1539 μου
2605 1467 2980 1537 πταισμάτων,
3004 1459 3081 1519 ὧν
3102 1465 3159 1517 ὲν
3179 1460 3384 1532 γνώσει
3405 1461 3504 1513 καὶ
3528 1458 3734 1530 ἀγνοίᾳ

2134 1568 2382 1637 ἥμαρτον
2407 1562 2662 1635 νηπιόθεν
2691 1561 2790 1615 καὶ
2822 1560 2985 1631 μέχρι
3010 1555 3218 1626 ταύτης
3248 1552 3477 1625 μουμτῆς
3506 1550 3735 1622 ἡλικίας

2136 1661 2231 1713 καὶ
2265 1658 2478 1718 πολιᾶς.

2208 1749 2393 1803 Ταῦτα
2440 1748 2516 1810 ὼς
2562 1746 2795 1817 ἤκουσεν
2844 1742 2873 1794 ὁ
2918 1739 3012 1794 τοῦ
3056 1737 3322 1810 βασιλέως
3369 1735 3512 1799 υίὸς,
3568 1733 3731 1793 εὐθὺς

476 1874 632 1925 atque
668 1859 841 1911 animo
872 1857 1161 1919 incalescit,
1195 1856 1536 1921 animumque
1563 1850 1821 1904 Nachoris
1850 1849 1913 1900 ad
1941 1848 2035 1903 de-

2146 1838 2471 1894 Βιανίσταται
2505 1835 2601 1889 καὶ
2640 1831 2969 1905 θερμότερος
3001 1827 3100 1899 τὴν
3139 1826 3325 1897 ψυχὴν
3342 1825 3583 1894 γίνεται.
3624 1824 3734 1925 καὶ

475 1948 829 2012 sperationem
865 1946 1276 2015 propendentcm
1309 1956 1623 2009 recuperare
1649 1950 1806 2009 atque
1830 1941 2037 2006 cr'gere

477 2037 677 2105 incipit.
710 2032 862 2088 Nulla
892 2036 1056 2099 enim,
1105 2049 1136 2087 ο
1164 2033 1391 2095 Nachor,
1422 2031 1608 2100 inquit,
1641 2031 1780 2084 nulla
1825 2029 1890 2083 de
1940 2029 2037 2082 hac

476 2139 534 2177 re
577 2124 833 2177 dubitatio
892 2124 1125 2176 animum
1186 2132 1328 2174 tuum
1380 2122 1587 2175 subeat.
1650 2119 1914 2188 Scriptum
1958 2129 2040 2175 est

475 2215 614 2267 enim
648 2214 820 2280 (Joan.
851 2216 964 2283 vn)
1000 2228 1153 2281 posse
1182 2214 1345 2267 Deum
1375 2216 1533 2267 etiam
1556 2229 1629 2268 ex
1662 2213 1743 2267 his
1782 2212 2039 2280 lapidibus

475 2305 707 2357 excitare
739 2304 870 2356 lilios
895 2303 1137 2356 Abrahae.
1171 2302 1318 2368 Quod
1343 2303 1575 2371 quidem,
1609 2314 1664 2355 ut
1690 2303 1867 2356 aiebat
1892 2311 2039 2370 pater

477 2392 739 2454 llarlaam,
770 2392 896 2461 quid
927 2392 1067 2446 aliud
1098 2401 1197 2456 est,
1232 2408 1388 2462 quam
1416 2392 1555 2461 quod
1590 2393 1829 2446 homines
1858 2392 2039 2460 deplo-

477 2490 604 2533 rata:
635 2481 986 2545 improbitatis
1015 2492 1172 2550 atque
1197 2480 1339 2535 omni
1372 2482 1660 2550 iniquitatis
1688 2496 1884 2551 genere
1911 2497 2044 2537 con—

477 2571 713 2624 taminati
760 2571 981 2625 salutem
1025 2572 1275 2640 consequi
1326 2572 1558 2638 possint,
1605 2571 1906 2641 Christique
1953 2570 2043 2625 lilii

478 2661 647 2722 efliei,
676 2662 762 2728 qui
794 2674 889 2727 pro
916 2674 1010 2712 sua
1042 2674 1246 2713 summa
1286 2669 1335 2714 et
1378 2660 1670 2715 incredibili
1715 2660 2041 2714 humanitate

478 2751 721 2803 omnibus
750 2765 869 2804 sese
906 2751 969 2802 ad
999 2751 1269 2803 meliorem
1307 2749 1507 2818 frugem
1539 2748 1912 2817 recipientibus
1937 2764 2045 2804 caa-

479 2839 637 2893 lestcs
668 2851 845 2907 portas
869 2838 1147 2908 patefecit?
1173 2840 1353 2908 Neque
1382 2840 1520 2893 enim
1551 2840 1797 2909 cuiquam
1826 2839 2045 2893 omnino

480 2929 665 2985 salutis
710 2929 909 2983 aditum
952 2928 1240 2997 przeclusit,
1274 2942 1457 2983 verum
1498 2943 1591 2983 eos
1620 2943 1751 2997 quos
1780 2928 2043 2983 scelerum

482 3020 702 3085 ιιωηὶιοι
723 3005 1058 3073 misericordi
1089 3018 1267 3073 animo
1289 3020 1540 3087 suscipit;
1573 3020 1644 3073 ob
1672 3032 2046 3088 eamquecau-

480 3124 591 3164 sam
628 3112 691 3164 iis
717 3111 808 3179 qui
839 3110 968 3164 hora
999 3111 1198 3178 prima,
1231 3119 1286 3165 et
1314 3110 1486 3177 tertia,
1516 3120 1570 3166 et
1598 3121 1770 3176 sexta,
1803 3118 1857 3164 et
1882 3124 2043 3177 nona,

2136 1931 2228 1984 τὸν
2258 1927 2519 1998 λογισμὸν
2554 1923 2651 1978 τοῦ
2703 1921 2910 1993 Ναχὼρ
2962 1920 3100 1991 πρὸς
3149 1918 3466 1985 ἀπόγνωσιν
3515 1916 3733 1983 συγκὺ-

2137 2039 2342 2077 πτοντα
2372 2017 2775 2089 ἀναλαμὸἀνειν
2799 2016 3051 2085 ἄρχεται,
3090 2011 3186 2065 καὶ
3214 2009 3581 2081 στερῤότερον
3607 2010 3734 2079 περὶ

2135 2114 2234 2185 τὴν
2272 2111 2510 2185 Χριστοῦ
2541 2110 2727 2165 πίστιν
2771 2102 3091 2168 διατιθέναι,
3137 2101 3366 2174 Μηδεὶς,
3412 2095 3460 2154 ῶ
3497 2100 3732 2172 Ναχὼρ,

2136 2206 2332 2273 λέγων,
2368 2203 2555 2275 μηδεὶς
2583 2202 2725 2254 ἔστω
2753 2217 2836 2253 σοι
2876 2198 3006 2267 περὶ
3048 2196 3240 2249 τούτου
3272 2194 3606 2263 δισταγμὸς.
3641 2194 3734 2246 Γέ-

2137 2314 2379 2367 γραπται
2412 2294 2523 2365 γὰρ
2553 2291 2665 2363 (85)
2699 2290 2921 2343 δυνατὸν
2956 2283 3099 2341 εἶναι
3132 2287 3210 2356 τῷ
3235 2284 3355 2355 θεῷ
3392 2286 3491 2337 καὶ
3516 2286 3589 2337 ὲκ
3626 2284 3737 2336 τῶν

2139 2388 2302 2441 λίθων
2340 2387 2547 2439 τούτων
2580 2386 2794 2457 ἐγείραι
2832 2382 3000 2435 τέκνα
3042 2378 3123 2449 τῷ
3169 2378 3453 2449 Ἀϐραάμ*
3495 2377 3645 2447 ὅπερ
3681 2377 3735 2430 τί

2140 2479 2269 2534 ἄλλο
2300 2479 2334 2549 ἢ
2360 2477 2517 2531 τοῦτό
2541 2478 2713 2541 ἐστιν,
2739 2475 2816 2536 ὡς
2844 2476 2871 2527 ὁ
2902 2471 3085 2542 πατὴρ
3111 2470 3217 2541 ἔφη
3240 2469 3534 2540 Βαρλαὰμ,
3577 2470 3649 2522 τὸν
3676 2470 3733 2535 ἐξ

2140 2573 2479 2628 ἀνελπίστων
2532 2568 2627 2639 καὶ
2674 2568 2879 2630 πάσαις
2929 2563 3418 2635 κατακρανθέντων
3470 2561 3733 2632 ἀνομίαις

2140 2662 2401 2718 δύνασθαι
2429 2661 2692 2730 σωθῆναι,
2721 2658 2817 2711 καὶ
2853 2656 3074 2718 δούλους
3102 2651 3355 2722 γενέσθαι
3381 2652 3653 2724 Χριστοῦ,
3676 2652 3733 2715 ὃς

2140 2755 2207 2809 δι’
2242 2756 2416 2826 ἄκραν
2464 2749 2875 2821 φιλανθρωπίας
2923 2746 3230 2818 ὑπερϐολὴν
3276 2747 3411 2800 πᾶσι
3447 2748 3566 2808 τοῖς
3614 2748 3735 2799 ἑπι-

2144 2848 2435 2918 στρέφουσι
2464 2844 2565 2907 τὰς
2598 2841 2885 2913 οὐρανίους
2913 2837 3149 2909 διήνοιξε
3178 2836 3372 2901 πύλας,
3409 2836 3597 2889 οὐδενὶ
3625 2837 3735 2889 τῶν

2144 2942 2360 2995 πάντων
2406 2938 2505 3010 τὴν
2532 2936 2649 3007 τῆς
2693 2933 2969 3005 σωτηρίας
3019 2931 3353 2995 ἀποκλείσας
3391 2930 3545 2997 ὁδὸν,
3596 2931 3737 2985 ἀλλὰ

2144 3028 2447 3102 συμπαθῶς
2481 3027 2611 3089 τοὺς
2642 3024 3040 3097 μετανοοῦντας
3060 3023 3386 3094 δεχόμενοςς
3428 3021 3531 3074 Διὰ
3556 3021 3735 3078 ταῦτα

2081 3171 2118 3191 ._
2148 3120 2256 3191 γὰρ
2285 3120 2515 3181 καὶτοῖς
2553 3116 2683 3185 περὶ
2715 3113 2941 3186 πρώτην
2972 3114 3070 3167 καὶ
3112 3113 3337 3184 τρίτην,
3352 3110 3523 3182 ἕκτην
3550 3127 3615 3164 τε
3642 3111 3736 3165 καὶ

482 3212 536 3254 et
565 3203 842 3257 irridecima
874 3203 940 3257 ad
987 3204 1198 3257 vineam
1244 3212 1614 3273 accesserunt,
1668 3218 1815 3273 requa
1847 3216 2043 3259 merces

2150 3180 2397 3281 ἐννάτην,
2433 3180 2526 3262 καὶ
2556 3180 2851 3276 ἑνδεκάτην
2876 3180 3027 3275 ῶραν
3050 3180 3411 3275 προσελθοῦσι
3436 3180 3518 3274 τῷ
3546 3204 3734 3274 ἀμπε-

480 3291 808 3355 attribuitur,
843 3292 1286 3361 quemadmodum
1320 3292 1653 3362 Evangelicis
1681 3294 1891 3363 scriptis
1922 3309 2048 3364 pro-

484 3381 647 3430 ditmn
689 3380 1009 3446 estUIatth.
1035 3381 1145 3449 xx).
1187 3384 1262 3436 Ac
1303 3384 1525 3451 proinde
1558 3385 1767 3439 etiamsi
1805 3385 1872 3440 ad
1910 3386 2050 3441 hunc

485 3483 651 3536 usque
688 3469 827 3522 diem
871 3469 921 3522 in
965 3473 1195 3537 peccatis
1236 3476 1598 3539 consenueris,
1642 3486 1813 3532 tamen
1857 3476 1905 3531 si
1948 3476 2051 3531 fer-

485 3561 625 3610 venti
670 3559 847 3612 animo
886 3562 1132 3624 accedas,
1178 3561 1363 3616 eadem
1404 3579 1520 3632 quae
1560 3560 1594 3618 ii
1634 3566 1721 3634 qui
1761 3567 1828 3620 ab
1872 3568 2050 3622 adole-

485 3650 685 3702 scentia
751 3657 1022 3704 certamen
1086 3651 1365 3706 subierunt
1415 3656 1630 3723 pra-mia
1683 3658 2045 3725 consequeris.

544 3742 668 3797 lla-c
696 3753 747 3797 et
780 3745 949 3798 multa
1000 3745 1103 3798 alia
1147 3761 1271 3799 cum
1320 3747 1700 3802 divinissimus
1725 3747 1943 3817 juvenis
1979 3746 2049 3801 ad

470 3831 771 3888 Nachorcm
809 3835 860 3888 in
911 3834 1069 3889 malis
1121 3835 1481 3891 inveteratum
1526 3837 1593 3893 de
1619 3838 1940 3909 paenitentia
1971 3834 2055 3893 lo-

474 3935 634 3978 cutus
668 3923 883 3990 fuisset,
932 3925 1141 3996 ipsique
1185 3928 1399 3982 veniam
1445 3920 2053 3999 spopondisset,Chri-

473 4021 727 4081 stumque
755 4014 967 4070 facilem
1001 4032 1064 4070 ac
1090 4018 1384 4088 prepitium
1419 4019 1517 4089 ipsi
1552 4019 1667 4075 fore
1689 4021 2055 4091 promisisset,

455 4094 714 4178 illudque
742 4094 842 4179 pro
874 4117 1023 4163 certo
1046 4109 1385 4177 afﬁrmasset,
1413 4126 1537 4166 eum
1567 4126 1666 4181 pro
1693 4128 1792 4167 sua
1820 4110 2059 4168 bonitate

473 4211 690 4269 semper
718 4201 1020 4269 peccatoris
1064 4201 1441 4269 paenitentiam
1490 4202 1772 4272 suscipere
1808 4212 2057 4273 paratum

471 4304 614 4353 esse,
646 4307 845 4362 argi-am
874 4294 1046 4362 ipsius
1076 4294 1336 4357 animam,
1363 4303 1619 4365 tanquam
1648 4296 2058 4355 medicamentis

474 4380 802 4448 quibusdam
841 4382 1146 4447 emolliens,
1194 4385 1373 4452 ipsum
1421 4402 1653 4455 prorsus
1685 4389 1738 4441 in
1768 4389 2055 4445 sanitatem

476 4471 732 4523 asseruit.
780 4468 975 4526 Statim
1024 4474 1168 4528 enim
1220 4477 1285 4531 ad
1331 4493 1455 4532 eum
1507 4476 1723 4534 Nachor
1760 4481 1898 4535 dixit
1928 4500 1940 4537 :
1976 4480 2057 4537 Tu

472 4564 715 4632 quidem.
749 4579 783 4619 ο
812 4564 996 4620 animo
1029 4568 1192 4623 etiam
1224 4586 1384 4640 quam
1415 4588 1647 4642 corpore
1673 4576 1929 4643 nobilior,
1965 4579 2058 4649 qui

476 4656 887 4713 admirabilibus
919 4658 1003 4715 his
1032 4662 1308 4733 mysteriis
1338 4666 1596 4734 prmclare
1625 4666 1862 4725 imbutus
1884 4685 1962 4735 es,
1991 4671 2058 4725 ad

474 4755 777 4801 extremum
838 4764 1010 4820 usque
1074 4752 1127 4805 in
1196 4755 1456 4822 praeclara
1503 4758 1850 4816 confessione
1899 4759 2057 4816 velim

477 4854 722 4903 maneas,
756 4858 856 4897 nec
890 4858 1010 4898 eam
1042 4855 1135 4899 aut
1166 4847 1334 4901 ullum
1376 4858 1612 4920 tempus,
1641 4860 1734 4905 aut
1761 4854 1904 4910 ullus
1938 4870 2059 4911 mo-

472 4930 575 4984 dus
604 4947 633 4985 e
664 4940 758 4986 tuo
788 4943 1007 5003 pectore
1046 4939 1259 4994 evellat.
1295 4939 1405 5011 Ege
1436 4950 1618 4997 autem
1662 4945 1763 4999 hac
1786 4946 1901 5017 ipsa
1928 4946 2061 5011 hora

478 5024 832 5093 proficiscar,
886 5036 945 5085 ut
990 5030 1222 5088 salutem
1276 5050 1452 5089 meam
1505 5052 1772 5107 quaeram,
1822 5039 2065 5111 mihique

474 5112 667 5186 Deum,
699 5136 861 5190 quem
898 5121 966 5177 ad
1016 5124 1155 5179 iram
1200 5128 1519 5195 provocavi,
1553 5144 1651 5199 per
1684 5132 2065 5200 paenitentiam

476 5210 772 5280 propitium
809 5228 873 5269 ac
922 5214 1137 5273 facilem
1184 5218 1429 5276 reddam.
1467 5220 1585 5275 Non
1635 5223 1778 5277 enim
1814 5224 2064 5293 posthac,

477 5304 580 5356 nisi
613 5305 708 5360 tibi
744 5306 903 5363 aliter
950 5308 1221 5375 videatur,
1274 5311 1418 5381 regis
1470 5310 2065 5385 faciemreonspiciam.

474 5393 679 5466 lugenti
731 5408 911 5455 autem
952 5402 1120 5457 animi
1171 5402 1359 5460 Itetilia
1417 5403 1642 5460 affectus
1690 5406 1835 5478 regis
1885 5408 2061 5475 lilius,

2147 3302 2277 3356 λῶνι
2302 3302 2423 3354 κατ’
2452 3302 2566 3355 ἴσον
2592 3297 2909 3370 ἀφορίζεται
2944 3298 2973 3349 ὁ
2996 3295 3212 3365 μισθὸς,
3241 3293 3318 3357 ὡς
3352 3294 3413 3347 τὸ
3440 3294 3604 3363 ἅγιόν
3630 3312 3735 3365 φη-

2150 3410 2238 3447 σιν
2284 3392 2611 3461 Εὑαγγέλιον
2651 3390 2783 3458 (84)·
2825 3388 2989 3454 ὥστε,
3036 3386 3138 3441 κᾶν
3194 3386 3357 3458 μέχρι
3398 3385 3498 3439 τοῦ
3540 3384 3643 3440 νῦν
3680 3388 3735 3439 ὲν

2149 3483 2447 3555 ἁμαρτίαις
2471 3481 2637 3553 259
2666 3480 3075 3549 κατεγήρασας,
3099 3476 3196 3532 ἐὰν
3231 3476 3453 3547 θερμῶς
3499 3479 3732 3548 προσέλ-

2150 3576 2271 3649 θῃς,
2319 3576 2427 3629 τῶν
2479 3574 2661 3627 αὑτῶν
2702 3575 2815 3636 τοῖς
2868 3572 2937 3625 ὲκ
2986 3570 3237 3640 νεότητος
3299 3569 3734 3640 ἀγωνισάμενος

2150 3669 2433 3741 ἀξιωθήσῃ
2452 3666 2657 3738 γερῶν.
3454 3704 3463 3709 -

2222 3760 2400 3814 Πολλὰ
2436 3758 2497 3812 δὲ
2548 3758 2643 3811 καὶ
2686 3757 2853 3828 ἕτερα
2904 3757 3036 3828 περὶ
3079 3756 3372 3826 μετανοίας
3410 3753 3664 3826 λαλήσας
3706 3754 3733 3805 6

2150 3852 2430 3915 θειότατος
2450 3844 2670 3911 νεανίας
2701 3850 2780 3921 τῷ
2812 3847 3174 3903 παλαιωθέντι
3199 3849 3258 3901 ὲν
3286 3849 3482 3910 κακοῖς
3510 3847 3730 3919 Ναχὼρ,

2152 3945 2248 3999 καὶ
2285 3944 2444 3998 ῖλεων
2489 3942 2745 4013 γενέσθαι
2800 3942 2890 3995 τὸν
2935 3940 3173 4012 Χριστὸν
3218 3939 3597 4010 ὑποσχόμενος
3644 3940 3733 3993 καὶ

2150 4036 2566 4108 ἐγγυησάμενος
2593 4033 2693 4105 τὴν
2731 4034 2947 4102 ἄφεσιν,
2986 4032 3084 4085 καὶ
3114 4030 3542 4103 πληῳφορήσας
3576 4031 3732 4086 αὐτὸν

2151 4128 2227 4191 ὡς
2248 4126 2466 4198 ἕτοιμός
2485 4127 2633 4179 ἐστιν
2655 4127 2684 4178 ό
2703 4124 2907 4193 ἀγαθὸς
2934 4124 3023 4178 ἀεὶ
3046 4123 3141 4177 τοῦ
3163 4121 3417 4193 δέχεσθαι
3442 4122 3544 4192 τὴν
3573 4121 3735 4192 μετὰ-

2153 4236 2323 4280 νοιαν,
2351 4218 2451 4289 τὴν
2479 4219 2834 4286 νενοσηκυῖαν
2857 4216 3038 4286 ψυχὴν
3062 4213 3242 4281 αὐτοῦ,
3263 4207 3352 4269 οἷά
3374 4230 3490 4267 τισι
3514 4213 3732 4284 φαρμά-

2154 4328 2269 4374 κοις
2303 4308 2721 4379 καταμαλάξας,
2751 4308 2999 4377 καθαρὰν
3034 4306 3329 4377 ἐχαρίσατο
3361 4306 3464 4375 τὴν
3500 4306 3729 4373 ὑγίειαν.

2157 4398 2303 4466 Ἔφη
2347 4396 2457 4466 γὰρ
2490 4396 2656 4459 εὐθὺς
2688 4398 2718 4452 ὁ
2751 4395 2955 4467 Ναχὼρ
3004 4396 3140 4467 πρὸς
3182 4396 3380 4449 αὐτόν’
3428 4396 3502 4448 Σὺ
3539 4396 3663 4465 μὲν,
3693 4390 3735 4449 ὦ

2086 4522 2126 4575 D
2154 4488 2511 4557 εὐγενέστατε
2551 4488 2650 4558 τὴν
2689 4486 2870 4558 ψυχὴν
2919 4487 3121 4558 μᾶλλον
3162 4487 3196 4557 ἢ
3245 4486 3307 4540 τὸ
3341 4486 3526 4557 σῶμα.
3558 4488 3733 4551 καλῶς

2156 4580 2508 4651 μεμυημένος
2546 4579 2615 4633 τὰ
2652 4577 2944 4649 Θαυμαστὰ
2978 4579 3257 4649 μυστήρια
3301 4575 3510 4641 ταῦτα,
3560 4578 3735 4646 μένοις

2153 4673 2212 4724 ὲν
2233 4674 2300 4743 τῇ
2337 4671 2478 4742 καλῇ
2517 4670 2779 4742 ὁμολογία
2819 4669 2983 4741 μέχρι
3016 4668 3221 4735 τέλους,
3259 4668 3356 4722 καὶ
3382 4669 3576 4741 μηδεὶς
3608 4669 3735 4723 ταύ-

2151 4780 2251 4832 την
2281 4764 2472 4833 χρόνος
2504 4763 2536 4833 ἢ
2577 4762 2778 4829 τρόπος
2807 4762 2903 4832 τῆς
2932 4762 3035 4831 σῆς
3067 4762 3294 4831 ἐκτέμοι
3329 4761 3600 4831 καρδίας
3632 4760 3736 4830 ἐγὼ

2153 4854 2208 4907 δὲ
2243 4854 2583 4926 πορεύσομαι
2616 4854 2674 4920 ἐξ
2714 4854 2885 4922 αὐτῆς
2911 4854 3012 4923 τὴν
3046 4852 3187 4923 ἐμὴν
3216 4850 3400 4921 ζητῶν
3430 4852 3731 4922 σωτηρίαν.

2153 4948 2248 5002 καὶ
2272 4947 2359 5000 διὰ
2391 4946 2680 5016 μετανοίας
2700 4946 2790 4999 τὸν
2813 4943 2944 4999 Θεὸν
2970 4943 3393 5013 ἑξιλεωσὸμενος
3420 4943 3485 4995 ὃν
3506 4944 3735 5015 παρώρ-

2152 5057 2302 5109 γισα.
2328 5041 2441 5093 Οὐκ
2464 5039 2544 5092 ἔτι
2565 5038 2675 5110 γὰρ
2694 5037 2755 5091 τὸ
2779 5036 2872 5091 τοῦ
2894 5036 3160 5107 βασιλέως
3184 5036 3390 5106 ὄψομαι
3416 5037 3732 5107 πρόσωπον,

2155 5134 2203 5185 εἰ
2227 5132 2291 5185 σὺ
2328 5131 2487 5201 μόνον
2516 5129 2819 5201 θελήσειας.
2850 5127 3160 5199 Περιχαρὴς
3185 5128 3244 5181 δὲ
3269 5128 3565 5199 γενόμενος
3590 5130 3621 5181 ὁ
3645 5126 3735 5180 τιῦ

2158 5221 2421 5292 βασιλέως
2462 5220 2578 5285 υἱὸς
2625 5221 2720 5273 καὶ
2759 5219 3013 5291 ἀσμένως
3056 5218 3150 5273 τὸν
3195 5219 3355 5288 λόγον
3403 5218 3729 5289 δεξάμενος,

2156 5312 2465 5385 περιλαϐὼν
2496 5314 2659 5366 αὐτὸν
2694 5312 3005 5381 καταφιλεί,
3050 5314 3167 5376 καὶ,
3201 5311 3439 5376 ἐκτενῶς
3470 5312 3611 5383 πρὸς
3652 5310 3733 5363 τὸν
3834 5314 3837 5317 ’

2155 5403 2289 5457 Θεὸν
2325 5403 2644 5475 εὐξάμενος,
2666 5403 2944 5474 ἐκπέμπει
2966 5402 3061 5456 τοῦ
3088 5402 3376 5457 παλατίου.

473 5501 637 5558 atque
667 5493 809 5548 hunc
844 5510 1150 5553 sermonem
1182 5495 1415 5553 libenter
1450 5497 1751 5567 excipiens,
1790 5498 1964 5569 ipsum
2011 5504 2390 5575 complectitur
2416 5518 2470 5564 et
2502 5507 2873 5571 exosculatur,
2908 5506 3243 5576 attentisque
3284 5503 3352 5560 ad
3402 5502 3575 5561 Deum
3609 5506 3735 5562 fusis

475 5583 747 5649 precibus,
784 5601 908 5638 eum
942 5603 972 5639 e
1006 5587 1209 5656 palatio
1237 5587 1458 5641 emittit.

546 5698 658 5759 (83)
699 5701 850 5772 iipttcl
881 5700 1071 5758 Matth.
1108 5722 1186 5772 ttt,
1217 5708 1268 5761 9.

547 5771 656 5835 (.l)
700 5770 886 5825 Matth.
927 5791 1014 5826 xx.
