3888 6344
200 419 342 489 1129

174 627 272 679 ἐπὶ
307 627 407 697 τὴν
443 625 751 697 βαθυτάτην
786 626 1005 681 ἅλλεται
1050 628 1126 691 ὡς
1164 629 1362 698 ἔλαφος
1394 630 1620 703 ἔρημον,
1657 633 1753 687 καὶ

177 715 419 787 μοναχοῦ
448 733 611 779 τινος,
636 718 678 770 ίε
690 716 935 787 ρωσύνης
966 718 1353 789 περικειμένου
1387 716 1566 787 ἀξίαν,
1592 740 1755 777 κατα·

171 809 445 879 λαμϐάνει
478 809 759 880 σπήλαιον,
784 809 911 864 ἔνθα
952 810 1260 882 ἐκέκρυπτο
1290 811 1499 877 ἐκεῖνος
1527 812 1617 867 διὰ
1659 813 1753 866 τὸν

172 903 528 970 ἐπικείμενον
550 902 734 971 φόϐον.
756 896 942 975 Τούτῳ
972 902 1029 957 δὲ
1063 902 1370 974 θερμότατά
1391 904 1751 975 προσπίπτει,

175 993 369 1047 πλύνει
410 995 537 1057 τοὺς
573 993 739 1055 πόδας
784 994 1037 1066 δάκρυσι,
1086 994 1190 1065 τήν
1238 1008 1368 1048 ποτε
1417 994 1756 1066 μιμούμενος

179 1087 388 1156 πόρνην
407 1086 514 1156 (85)
525 1127 537 1145 .
555 1087 646 1139 καὶ
661 1086 721 1139 τὸ
736 1086 879 1139 θεῖον
896 1086 1187 1154 ἐξαιτεῐται
1208 1086 1507 1157 βάπτισμα.
1520 1088 1684 1160 260
1695 1088 1756 1141 '0

178 1177 361 1230 τοίνυν
384 1164 592 1249 ίερεὺς,
621 1178 771 1244 Θείας
798 1179 873 1232 ῶν
893 1180 1114 1251 χάριτος
1141 1179 1589 1250 πεπληρωμένος,
1612 1181 1757 1251 ἥσθη

179 1284 241 1321 τε
269 1266 408 1330 λίαν,
452 1269 565 1334 καὶ,
600 1269 962 1341 παραχρῆμα,
986 1267 1175 1341 ὥσπερ
1205 1270 1322 1331 ἔθος
1346 1269 1480 1340 (86),
1509 1272 1757 1342 κατηχή-

185 1376 286 1423 σας
314 1358 498 1425 αὐτόν,
527 1360 595 1413 δι’
617 1360 839 1432 ἡμερῶν
870 1362 971 1414 οὐκ
996 1360 1191 1431 ὀλίγων
1216 1361 1412 1415 τελειοῖ
1443 1359 1520 1430 τῷ
1559 1360 1758 1432 βαπτί-

186 1467 353 1520 σματι
382 1452 461 1514 είς
495 1450 666 1522 ὄνομα
702 1451 797 1505 τοῦ
844 1452 1058 1524 Πατρδς
1097 1452 1191 1507 καὶ
1224 1452 1319 1506 τοῦ
1350 1451 1481 1506 Υίοῦ
1525 1453 1621 1506 καὶ
1661 1452 1756 1507 τοῦ

184 1541 341 1610 ἁγίου
398 1539 734 1611 ῐΙνεύματος.
792 1542 1018 1613 Ἔμεινε
1071 1543 1127 1596 δὲ
1168 1541 1371 1613 Ναχὼρ
1427 1542 1544 1615 μετ’
1592 1542 1757 1597 αὐτοῦ

185 1632 465 1702 μετανοῶν
493 1633 580 1687 ἀεὶ
610 1634 694 1703 ἐφ’
720 1628 801 1699 οἷς
832 1635 1070 1707 ἥμαρτε,
1098 1634 1193 1689 καὶ
1229 1635 1467 1705 εὐλογῶν
1499 1630 1593 1689 τὸν
1626 1636 1761 1690 Θεὸν

182 1722 278 1776 τὸν
300 1722 375 1795 μὴ
408 1722 728 1796 βουλόμενον
758 1726 1051 1779 ἀπολέσθαι
1081 1726 1221 1789 τινὰ,
1256 1726 1393 1781 ἀλλά
1419 1725 1638 1781 πάντων
1658 1726 1758 1799 τὴν

184 1815 523 1886 ἐπιστροφὴν
564 1816 918 1889 ἐκδεχόμενον
959 1818 1073 1891 (87)
1100 1820 1194 1875 καὶ
1224 1818 1621 1891 μετανοοῦντας
1669 1836 1760 1890 φι-

183 1905 316 1959 λανθ
325 1905 524 1978 ρώπως
545 1907 858 1979 δεχόμενον.

1280 432 1453 492 VITA
1495 433 1851 494 BARLAAM
1892 433 1985 493 ET
2023 434 2371 495 JOASAPII.

263 532 528 601 Ἐξελθὼν
550 533 603 587 δέ
632 536 660 588 ὁ
691 533 894 607 Ναχὼρ
920 537 1387 608 κατανενυγμένος
1425 539 1525 610 τὴν
1555 540 1755 612 ψυχὴν,
1791 545 1835 603 Α

3278 440 3421 509 1130

1963 561 2218 632 Egressus
2262 570 2439 616 autem
2484 560 2711 628 Nachor,
2765 565 2939 617 auituo
2986 576 3330 633 compunctus
3378 568 3431 623 in

1873 651 2240 706 densissimam
2268 651 2606 708 solitudinem
2633 654 2773 710 cervi
2803 654 2967 708 instar
2997 655 3243 723 prosilit,
3274 668 3433 725 atque

1876 741 1928 794 in
1956 739 2202 796 monachi
2228 739 2522 810 cujusdam,
2553 745 2641 811 qui
2670 744 2952 799 sacerdotii
2980 746 3239 814 dignitate
3266 762 3431 801 orna-

1876 838 1960 885 tus
2000 839 2135 896 erat,
2179 831 2483 899 Speluncam
2521 847 2579 889 se
2620 834 2826 889 confert
2864 836 2919 891 in
2961 851 3064 906 qua
3098 837 3186 892 ille
3220 848 3434 906 propter

1877 920 2239 976 imminentem
2262 933 2458 977 metum
2483 923 2843 979 delitescebat.
2886 926 3057 996 Atque
3096 936 3221 981 ante
3261 929 3433 998 ipsum

1876 1007 2266 1066 ferventissimo
2295 1026 2506 1082 pectore
2534 1015 2677 1069 humi
2710 1031 2831 1072 sese
2860 1019 3137 1085 provolvit,
3168 1021 3437 1089 ipsiusque

1878 1098 2057 1168 pedes,
2093 1100 2256 1155 instar
2276 1103 2518 1159 videlicet
2557 1107 2748 1162 veteris
2779 1107 2919 1160 illius
2947 1110 3441 1177 meretricis(Lucw

1878 1183 1995 1254 vn),
2048 1184 2293 1260 lacrymis
2358 1189 2652 1257 perfundit,
2708 1205 2772 1244 ac
2834 1192 3066 1245 divinum
3122 1195 3438 1259 bztplts‘tttuttl

1872 1282 2132 1357 exposcit.
2201 1288 2461 1344 Sacerdos
2514 1288 2727 1356 itaque,
2800 1294 2979 1354 utpote
3034 1282 3213 1340 divina
3264 1290 3439 1359 gratia

1878 1378 2100 1446 plenus,
2139 1376 2403 1447 ingentem
2454 1375 2631 1429 animo
2671 1376 2991 1444 voluptatem
3028 1376 3185 1445 cepit,
3214 1391 3441 1446 eumque

1876 1463 2191 1530 confestim,
2232 1473 2289 1517 ut
2341 1478 2457 1517 mos
2497 1462 2737 1530 ferebat,
2782 1479 2873 1530 per
2914 1463 3026 1519 dies
3074 1464 3213 1519 haud
3244 1481 3439 1533 paucos

1877 1551 2191 1607 Christiana:
2264 1553 2365 1608 (ide
2449 1553 2762 1610 rudimentis
2841 1554 3182 1619 institutum,
3258 1556 3437 1610 divino

1864 1637 2188 1710 baptismate
2284 1642 2495 1711 perficit
2596 1640 2651 1698 in
2799 1644 3010 1699 nomine
3039 1645 3207 1699 Patris
3262 1653 3316 1701 et
3347 1649 3435 1701 Fi-

1878 1732 1932 1788 lii
1962 1743 2015 1789 et
2041 1733 2274 1803 Spiritus
2303 1733 2474 1788 sancti
2500 1732 2691 1805 (Marc.
2721 1735 2862 1802 ult.).
2896 1736 3085 1790 Mansit
3112 1745 3292 1792 autem
3319 1753 3437 1793 cum

1880 1822 1971 1877 illo
1998 1822 2230 1889 Nachor,
2264 1835 2514 1893 perpetua
2542 1824 2612 1878 ob
2638 1838 2701 1880 ea
2731 1836 2940 1892 peccata
2968 1840 3087 1894 qua:
3112 1836 3447 1895 perpetraret

1797 1905 1838 1957 Β
1882 1912 2209 1979 paenitudine
2235 1913 2449 1981 ductus,
2483 1913 2751 1983 Deumque
2780 1914 3116 1972 benedicens.
3143 1917 3234 1985 qui
3275 1921 3446 1971 nemi-

173 2011 301 2054 nem
350 1996 533 2067 perire
565 1995 706 2057 vult,
754 2009 947 2048 verum
985 2006 1234 2050 omnium
1268 1990 1708 2063 rcsipiscentiam
1753 2004 2062 2065 exspectat,
2110 2004 2275 2064 atque
2320 2012 2415 2053 eos
2449 1998 2545 2068 qui
2573 1999 2959 2069 paenitentiam
2993 2012 3162 2073 agunt
3199 2003 3444 2064 humane

173 2105 237 2144 ac
274 2089 506 2159 benigne
551 2088 757 2157 excipit
803 2087 882 2159 (II
926 2086 1072 2144 Petr.
1106 2102 1200 2151 tu;
1251 2086 1438 2142 Ezech.
1484 2086 1659 2157 xvut).

264 2187 475 2243 Ἕωθεν
496 2187 553 2243 δὲ
578 2188 769 2261 μαθὼν
796 2189 865 2245 τά
892 2191 1034 2247 κατὰ
1069 2192 1161 2246 τὸν
1185 2188 1390 2263 Ναχὼρ
1422 2191 1452 2243 ὁ
1492 2186 1767 2260 βασιλεὺς.

189 2281 288 2337 καὶ
316 2283 585 2352 ἀπογνοὺς
615 2278 686 2357 ἦς
718 2280 863 2356 εἶχεν
887 2284 1099 2349 ἐλπίδος
1126 2283 1213 2339 ἐπ’
1244 2283 1415 2355 αὐτῷ,
1438 2282 1560 2337 ἰδὼν
1588 2280 1645 2335 δὲ
1671 2280 1768 2335 καὶ¹

190 2374 321 2438 τοὺς
345 2376 544 2444 σοφοὺς
586 2375 753 2430 αὑτοῦ
794 2375 891 2431 καὶ
931 2376 1288 2448 παράφρονας
1323 2376 1559 2447 ῥήτορας
1594 2374 1769 2439 οὕτως

189 2464 296 2518 ἀνά
324 2466 525 2536 κράτος
553 2465 906 2536 ἡττηθέντας,
933 2466 999 2539 ἐν¹
1018 2465 1300 2537 ἀμηχανίᾳ
1334 2458 1423 2536 ἦν.
1467 2463 1579 2519 Καὶ
1625 2462 1767 2517 ὲκεί-

192 2573 315 2620 νους
348 2555 448 2627 μὲν
477 2555 668 2624 ὕϐρεσι
696 2556 898 2621 δειναῖς
939 2558 1034 2611 καὶ
1072 2557 1322 2627 ἀτιμίαις
1358 2554 1555 2628 βαλὼν,
1588 2554 1683 2619 οὓς
1710 2554 1769 2610 δὲ

189 2649 289 2703 καὶ
351 2648 661 2722 βουνεύροις
707 2650 953 2722 σφοδρῶς
1006 2648 1362 2721 μαστιγώσας
1415 2648 1508 2704 καὶ
1560 2648 1768 2723 ἀσϐόλῃ

187 2740 291 2806 τὰς
312 2739 466 2810 ὄψεις
498 2742 844 2813 περιχρίσας,
876 2739 1101 2807 ἐξέϐαλε
1131 2741 1227 2797 τοῦ
1269 2742 1400 2797 ίδίου
1438 2741 1762 2813 προσώπου’

188 2833 352 2897 αὐτὸς
378 2833 437 2889 δὲ
466 2834 896 2904 καταγινώσκειν
922 2834 1124 2907 ἧρξατο
1146 2835 1247 2909 τῆς
1270 2835 1377 2890 τῶν
1400 2834 1768 2907 ψευδωνύμων

189 2924 329 2979 θεῶν
356 2925 637 2991 ἀσθενείας
658 2966 674 2993 ,
702 2928 751 2980 εί
780 2926 875 2981 καὶ
901 2927 977 3000 μὴ
1009 2927 1229 2992 τελείως
1258 2927 1338 3000 τῷ
1363 2928 1503 2999 φωτὶ
1529 2928 1767 2999 Χριστοῦ

189 3017 531 3089 προσϐλέψαι
560 3019 698 3084 τέως
717 3019 976 3091 ἠθέλησε.
1012 3018 1087 3073 Τὸ
1113 3019 1223 3090 γὰρ
1248 3020 1347 3090 τῆς
1381 3019 1770 3093 περικειμένης

188 3108 340 3180 αὐτῷ
368 3110 565 3181 ἀχλύος
601 3112 747 3182 παχὺ
792 3111 953 3180 νέφος
998 3114 1246 3181 κατεῖχεν
1295 3110 1375 3164 ἔτι
1421 3112 1519 3175 τάς
1551 3110 1770 3184 ὁράσεις

1941 2192 2051 2248 Rex
2078 2202 2276 2259 autem,
2309 2207 2429 2249 cum
2455 2194 2523 2249 de
2559 2193 2812 2250 Nachoris
2848 2193 3005 2250 rebus
3044 2210 3200 2251 mane
3224 2197 3421 2251 certior

1869 2282 2040 2339 factus
2086 2283 2293 2352 fuisset,
2321 2299 2386 2341 ac
2422 2299 2519 2355 spe
2547 2299 2642 2340 sua
2664 2285 2982 2341 ,escidisset
3004 2325 3021 2351 ,
3070 2294 3127 2342 et
3174 2297 3432 2357 praterea

1870 2376 2138 2445 sapientes
2182 2390 2309 2432 suos
2352 2390 2414 2433 ac
2460 2375 2686 2433 stolidos
2727 2386 2969 2432 oratores
3021 2377 3167 2432 nullo
3222 2379 3433 2448 negotio

1874 2476 2156 2537 superatos
2184 2470 2348 2527 fuisse
2371 2469 2757 2539 conspexisset.
2781 2469 2834 2524 in
2854 2482 3044 2538 magna
3075 2469 3239 2524 animi
3259 2470 3435 2525 anxie

1872 2567 1982 2614 tate
2013 2559 2356 2623 versabatur;
2381 2572 2605 2628 eosque,
2633 2572 2753 2614 cum
2778 2572 2968 2628 graves
2990 2560 3138 2627 prius
3158 2569 3432 2616 contume-

1876 2648 1978 2705 lias
2001 2664 2065 2704 ac
2093 2649 2360 2705 dedecora
2390 2650 2516 2721 ipsis
2545 2650 2838 2715 intulisset,
2866 2666 2928 2705 ac
2956 2653 3239 2708 nonnullos
3272 2654 3432 2708 etiam

1877 2739 2089 2796 bubulis
2126 2739 2309 2796 nervis
2355 2749 2590 2796 atrocem
2622 2740 2674 2795 in
2703 2742 2918 2795 modum
2949 2741 3260 2807 lacerasset,
3292 2743 3436 2810 ipso-

1873 2843 2094 2899 rumque
2112 2830 2296 2886 oculos
2314 2828 2534 2900 fuligine
2552 2829 2829 2897 illevisset,
2857 2846 2885 2884 a
2920 2846 2982 2887 se
3008 2831 3291 2900 ablegavit.
3319 2832 3435 2902 ipse

1834 2952 1837 2955 -
1870 2924 2047 2971 autem
2084 2917 2334 2972 falsorum
2363 2919 2586 2974 deorum
2622 2920 3040 2975 imbecillitatem
3071 2924 3323 2977 damnare
3352 2924 3435 2978 in-

1870 3010 2055 3078 coepit,
2069 3010 2275 3064 etiamsi
2299 3006 2495 3081 alloqui
2523 3010 2755 3067 nondum
2782 3008 2847 3067 ad
2870 3012 3063 3067 Christi
3091 3012 3261 3068 lucem
3281 3012 3435 3083 plene

1879 3110 1943 3154 ac
1974 3097 2208 3169 perfecte
2236 3100 2421 3155 oculos
2462 3099 2731 3171 cenjicere
2772 3101 2824 3156 in
2865 3102 3100 3156 animum
3132 3102 3431 3159 induceret.

188 3200 359 3256 αὐτοῦ
388 3202 490 3273 τῆς
512 3201 757 3274 καρδίας.
800 3201 940 3256 Ἀλλ’
964 3197 1058 3257 οὖν
1079 3202 1179 3256 οὐκ
1209 3200 1291 3256 ἔτι
1320 3203 1445 3267 τοὺς
1466 3204 1762 3275 νεωκόρους

1875 3188 2085 3245 Etenim
2134 3190 2298 3245 densa
2342 3191 2581 3262 caliginis
2614 3192 2783 3247 nubes
2833 3192 2934 3262 ipsi
2982 3193 3215 3264 undique
3270 3195 3436 3250 affusa

186 3294 375 3365 ἐτίμα,
410 3292 535 3347 οὔτε
581 3294 687 3365 μὴν
730 3294 926 3365 ὲορτάς
964 3288 1069 3365 ἦγε
1111 3294 1207 3348 καὶ
1252 3295 1486 3359 σπονδὰς
1523 3294 1769 3349 ἐπετέλει

186 3387 303 3448 τοῖς
328 3366 603 3446 ἐἰδώλοιςι
640 3382 779 3439 ἀλλά
816 3384 1185 3456 σαλευομένην
1224 3382 1337 3456 εἶχε
1383 3385 1483 3457 τὴν
1530 3386 1769 3441 διάνοιαν

187 3474 605 3548 ἀμφοτέρωθεν,
625 3475 777 3529 ἐνθεν
802 3476 901 3546 μὲν
922 3477 1021 3547 τῆς
1037 3476 1321 3542 ἀσθενείας
1342 3478 1769 3546 καταγινώσκων

187 3569 301 3622 τῶν
334 3566 474 3622 θεῶν
506 3566 697 3635 αὑτοῦ,
729 3568 939 3623 ἐκεῖθεν
960 3568 1017 3623 δὲ
1053 3567 1153 3641 τὴν
1187 3569 1478 3643 ἀκρίϐειαν
1512 3568 1769 3634 δεδοικὼς

187 3663 291 3731 τῆς
323 3660 686 3733 εὐαγγελικῆς
733 3662 1007 3729 πολιτείας
1034 3664 1128 3717 καὶ
1158 3662 1626 3728 δυσαποσπάστως
1657 3663 1767 3717 τῶν

188 3751 352 3822 261
385 3751 638 3826 πονηρῶν
668 3752 807 3824 ἔχων
838 3753 979 3808 ἐθῶν
1010 3752 1144 3823 (88).
1173 3753 1322 3809 Πάνυ
1355 3755 1462 3826 γὰρ
1488 3755 1609 3819 ταῖς
1642 3754 1768 3827 ἡδο-

192 3843 312 3905 ναῖς
342 3841 727 3895 κατεδουλοῦτο
763 3843 858 3897 τοῦ
898 3843 1171 3916 σώματος,
1224 3845 1320 3898 καὶ
1360 3844 1482 3909 ὅλος
1526 3839 1595 3916 ἦν
1632 3843 1770 3916 πρὸς

193 3934 263 3987 τὰ
296 3934 445 4005 πάθη
476 3935 824 4005 αἰχμαλώτου
845 3935 1001 4006 δίκην
1034 3936 1323 4007 ἀγόμενος,
1348 3936 1443 3990 κοιλ⁹
1481 3934 1721 4007 μεθύων,
1744 3936 1773 3989 ὅ

192 4042 365 4095 φησιν
405 4024 635 4090 Ἠσαίας
668 4027 804 4096 (89),
835 4027 963 4081 ἄνευ
994 4027 1169 4090 οἴνου,
1206 4029 1301 4081 καὶ
1320 4027 1511 4098 ὥσπερ
1534 4027 1639 4080 ὑπὸ
1668 4043 1771 4099 κη-

197 4118 303 4191 μοῦ
336 4119 434 4191 τῆς
456 4121 699 4191 πονηρᾶς
721 4119 1011 4189 συνηθείας
1039 4117 1354 4188 ἑλκόμενος.

1845 3281 2046 3337 -rordls
2098 3280 2262 3350 ipsius
2309 3284 2494 3339 oculos
2546 3283 2720 3340 adhuc
2750 3286 2986 3342 tenebat.
3028 3284 3294 3344 Caeterum
3335 3302 3435 3343 non

1866 3371 1976 3443 jam
2027 3372 2333 3429 sacerdotes
2364 3388 2490 3430 suos
2521 3374 2574 3430 in
2606 3375 2861 3432 honorem
2894 3376 3145 3445 habebat,
3175 3392 3273 3435 nec
3302 3378 3437 3439 festa

1869 3474 1922 3519 et
1952 3465 2205 3523 libamina
2234 3464 2536 3525 simulacris
2561 3471 2672 3525 suis
2700 3471 3010 3541 peragebat,
3041 3488 3226 3529 verum
3256 3475 3437 3529 animo

1867 3555 1924 3609 in
1968 3564 2250 3629 utramque
2293 3566 2498 3629 partem
2536 3561 2854 3617 vacillabat:
2882 3562 3003 3619 hinc
3026 3563 3279 3619 nimirum
3304 3565 3435 3621 deo-

1870 3656 1986 3700 rum
2017 3660 2239 3704 suorum
2272 3644 2689 3708 imbecillitatem
2716 3653 3045 3724 improbans,
3077 3655 3222 3710 illinc
3250 3666 3434 3711 autem

1868 3730 2203 3806 Evangelicm
2226 3737 2346 3794 vita:
2368 3741 2729 3798 sinceritatem
2758 3743 3136 3813 reformidans,
3169 3759 3436 3815 pravaque

1868 3829 2261 3885 consuetudine
2282 3829 2355 3884 ita
2392 3832 2734 3897 constrictus,
2762 3842 2819 3888 ut
2841 3832 2908 3887 ab
2931 3848 2994 3888 ea
3023 3832 3108 3887 vix
3135 3835 3291 3887 avelli
3318 3851 3436 3902 pos-

1869 3927 1970 3969 set.
2004 3916 2280 3986 Siquidem
2306 3932 2685 3986 corporearum
2708 3923 3033 3990 voluptatum
3057 3923 3301 3978 servituti
3325 3940 3435 3979 ma-

1865 4004 2033 4070 jorem
2064 4005 2118 4058 in
2161 4005 2374 4061 modum
2403 4007 2650 4063 addictus
2679 4018 2817 4078 erat,
2849 4009 3161 4080 vitiosisque
3188 4011 3433 4069 all‘ectio-

1869 4090 2025 4149 nibus
2051 4108 2273 4164 prorsus
2295 4111 2511 4166 operam
2555 4100 2737 4166 dabat,
2770 4101 2967 4170 captivi
3008 4101 3176 4157 instar
3212 4103 3427 4166 ductus,

178 4226 348 4286 atque
383 4218 589 4288 absque
618 4216 771 4281 vino,
808 4224 872 4272 ut
898 4213 1054 4272 Isaia
1083 4212 1269 4269 verbis
1299 4222 1423 4270 utar
1461 4212 1641 4285 (Isaiw
1678 4213 1773 4282 ιι),
1807 4209 2001 4267 ebrius
2022 4250 2038 4278 ,
2080 4216 2137 4265 et
2165 4204 2235 4262 ab
2274 4200 2527 4274 improba
2557 4195 2963 4255 consuetudine
3004 4205 3266 4267 tauquam
3300 4199 3458 4256 freno

175 4306 421 4379 quodam
452 4317 744 4365 retractus.

253 4410 443 4476 Οὕτως
488 4406 582 4465 οὖν
627 4410 720 4464 τοῦ
761 4408 1027 4481 βασιλέως
1065 4408 1188 4463 δυσὶ
1233 4408 1556 4472 παλαίοντος
1598 4410 1747 4479 λογιι

1939 4407 2072 4463 Cum
2099 4406 2259 4477 igitur
2288 4420 2384 4462 rex
2414 4419 2533 4461 cum
2565 4404 2769 4477 duplici
2802 4405 3128 4475 cogitatione
3174 4404 3242 4457 ad
3290 4401 3434 4457 hunc

183 4506 365 4575 σμοῖς,
392 4505 422 4557 ό
457 4503 841 4572 εὐγενέστατος
877 4501 1043 4556 αὐτοῦ
1081 4501 1218 4573 υιὸς,
1262 4501 1356 4554 καὶ
1396 4500 1473 4572 τῷ
1515 4499 1629 4556 ὄντι
1668 4501 1762 4573 βα-

1875 4498 2089 4552 modum
2125 4498 2418 4553 luctaretur
2444 4538 2460 4563 ,
2510 4497 2874 4552 nobilissimus
2928 4496 3098 4567 ipsius
3146 4494 3286 4550 filius
3315 4535 3331 4560 ,
3369 4510 3434 4550 ac

182 4594 553 4664 σιλικωτάτην
597 4591 936 4663 κεκτημένος
972 4589 1174 4662 ψυχὴν,
1218 4589 1442 4663 ἠρεμῶν
1484 4586 1553 4664 ἦν
1596 4593 1655 4646 ἐν
1686 4591 1762 4663 τῷ

1875 4601 1994 4643 vere
2041 4588 2188 4657 regio
2232 4587 2413 4641 animo
2458 4586 2731 4655 pratditus,
2764 4586 2816 4639 in
2863 4599 2963 4640 suo
3003 4585 3437 4655 palatio.quietus

182 4686 439 4757 παλατίῳ
465 4685 653 4748 αὑτοῦ,
694 4686 756 4738 τὸ
790 4684 890 4754 τῆς
928 4683 1144 4753 φύσεως
1176 4683 1344 4738 αὑτοῦ
1386 4686 1635 4753 γενναῖον
1679 4685 1762 4738 κό-

1875 4678 2117 4749 degebat,
2151 4687 2355 4733 natura:
2383 4691 2495 4732 sua:
2522 4677 2934 4747 generositatem
2963 4716 2981 4744 ,
3014 4677 3439 4744 mudestiamque

183 4775 348 4847 σμιόν
377 4792 437 4828 τε
464 4779 557 4828 καλ⁸
584 4772 815 4844 βεϐηκὸς
841 4773 931 4827 διά
959 4773 1070 4827 τῶν
1088 4774 1266 4845 ἔργων
1291 4774 1428 4828 πᾶσι
1464 4774 1761 4846 παριστῶν.

180 4869 406 4937 Θέατρα
440 4868 549 4939 γὰρ
588 4865 685 4920 καὶ
720 4864 930 4934 ἀγῶνες
957 4865 1140 4919 ἵππων
1169 4865 1261 4919 καὶ
1293 4863 1634 4935 κυνηγεσίων
1670 4880 1766 4933 με·

182 4961 339 5032 λέτη,
380 4960 474 5014 καὶ
516 4961 689 5013 πᾶσαι
724 4958 781 5012 αί
814 4958 913 5027 τῆς
955 4957 1206 5026 νεότητος
1245 4955 1401 5009 κεναὶ
1441 4955 1630 5025 σχολαὶ
1670 4954 1766 5008 καὶ

183 5054 423 5119 ἀπάται,
460 5054 530 5106 τὰ
570 5052 680 5106 τῶν
715 5051 966 5122 ἀφρόνων
1010 5048 1196 5119 ψυχῶν
1232 5042 1591 5117 δελεάσματα,
1632 5048 1764 5117 παρ’

183 5145 343 5199 οὒδὲν
382 5143 688 5215 ἐλογίζοντο
724 5141 901 5213 αὐτῷ·
949 5139 1062 5193 ἀλλ’
1096 5141 1214 5202 ὅλος
1250 5137 1359 5191 τῶν
1395 5138 1490 5191 τοῦ
1525 5137 1760 5208 Χριστοῦ

186 5238 459 5308 ἐξήρτητο
516 5233 767 5300 ἐντολῶν,
817 5234 913 5287 καὶ¹
955 5231 1117 5286 αὐτὸν
1155 5229 1340 5283 ἐπόθει
1375 5229 1606 5301 τρωθεὶς
1658 5229 1758 5300 τὴν

184 5330 370 5400 ψυχὴν
402 5328 568 5399 ἔρωτι
600 5325 730 5397 θείῳ
749 5343 763 5357 ·
802 5324 964 5380 αὐτὸν
986 5324 1173 5378 ἐπόθει
1198 5322 1290 5378 τὸν
1312 5321 1481 5386 ὅντως
1506 5320 1763 5391 ποοητὸν,

1872 4777 1930 4826 et
1963 4768 2318 4823 constantiam
2376 4783 2468 4839 per
2506 4780 2671 4838 opera
2713 4768 2918 4823 cunctis
2967 4766 3262 4821 declarans.
3304 4767 3437 4820 Nam

1875 4861 2083 4916 theatra
2114 4870 2166 4914 et
2193 4875 2451 4928 equorum
2481 4861 2805 4929 certamina,
2836 4867 2890 4914 et
2920 4860 3256 4914 venationem
3283 4873 3440 4913 exer-

1875 4951 2180 5021 citationes,
2207 4958 2262 5005 et
2281 4951 2457 5006 inania
2478 4952 2658 5006 omnia
2684 4952 2937 5022 juvenilis
2966 4953 3137 5006 aetatis
3163 4949 3359 5016 studia,
3384 4956 3441 5003 et

1877 5044 2202 5112 imposturas
2229 5044 2419 5112 quibus
2449 5044 2597 5099 stulti
2648 5046 2812 5099 animi
2856 5044 3185 5099 deliniuutur
3210 5052 3266 5097 et
3293 5043 3440 5096 ines-

1878 5147 2105 5207 cantur,
2158 5141 2310 5195 nihili
2355 5142 2572 5196 omuino
2599 5141 2858 5201 ducebat;
2897 5155 3086 5194 verum
3129 5154 3192 5193 ex
3241 5138 3439 5193 Christi

1877 5229 2142 5287 mandatis
2168 5232 2386 5286 omnino
2416 5233 2701 5300 pendebat,
2730 5246 2793 5286 ac
2817 5232 2999 5285 divino
3027 5245 3211 5284 amore
3237 5231 3445 5283 saucia-

1879 5328 1986 5389 tus,
2012 5330 2136 5376 eum
2165 5320 2447 5391 expetebat
2473 5360 2487 5386 ,
2518 5320 2608 5389 qui
2640 5335 2764 5375 vere
2791 5320 3120 5388 expetendus
3157 5327 3257 5382 est,
3301 5324 3444 5371 lotus
3473 5341 3481 5350 -

262 5464 379 5527 (85)
405 5462 538 5518 Luc.
569 5478 667 5528 vn,
703 5462 793 5526 57,
825 5459 895 5515 58
923 5474 937 5513 :
980 5457 1118 5530 Γυνὴ
1160 5457 1217 5509 ὲν
1258 5459 1324 5528 τῇ
1357 5457 1531 5522 πόλει,
1580 5455 1700 5525 ἥτις
1724 5449 1792 5527 ἦν
1822 5455 2215 5529 ἁμαρτωλὸς...
2246 5446 2450 5525 ἤρξατο
2496 5450 2711 5524 βρέχειν
2750 5449 2876 5513 τοὺς
2925 5447 3091 5512 πόδας
3124 5446 3292 5500 αὐτοῦ
3333 5448 3446 5511 τοῖς

185 5535 443 5672 Μῗὲἕῖϊ

319 5603 375 5672 6)
408 5605 448 5657 A
484 5604 601 5658 sine
633 5602 823 5671 ὥσπερ
856 5599 996 5663 ἔθος.

411 5676 604 5754 Patet-i1.
624 5657 806 5754 _xvitt:
831 5672 901 5725 23
933 5657 1067 5754 εᾊθῐὴ
1093 5668 1546 5754 θελὴισειῇθεξήσω
1575 5669 1666 5722 τὸν
1694 5667 1762 5722 Οά

1875 5684 1924 5721 av
1957 5666 2049 5719 τοῦ
2077 5665 2300 5737 ἀνόμου,
2330 5664 2479 5733 λέγει
2516 5664 2740 5734 Κύριος,
2782 5661 2855 5726 ὡς
2886 5659 2945 5713 τὸ
2978 5657 3316 5730 ἀποστρέψαι
3339 5660 3442 5712 aii-

183 5739 281 5797 τὸν
312 5747 378 5797 ἐκ
404 5744 505 5813 τῆς
532 5746 652 5799 ὁδοῦ
675 5743 774 5808 τῆς
806 5739 1086 5812 πονηρίας.
1116 5771 1185 5781 —-
1213 5739 1276 5805 C,
1300 5739 1605 5811 δεχόμενον.

261 5815 380 5882 (88)
406 5818 468 5879 C,
492 5815 630 5884 ἔχων
664 5813 821 5867 θεῶν.

264 5879 379 5957 (89)
407 5879 623 5948 Ιειι.”ι.ι,
651 5885 712 5937 ‘21
753 5902 766 5938 :
810 5881 1099 5939 Μεθύουσα
1131 5883 1230 5935 οὐκ
1262 5881 1368 5935 ἀπὸ
1402 5879 1564 5935 οἴνου.

501 5988 776 6050 ΡΑτιιοι..
822 5989 938 6051 Gn.
992 5988 1217 6052 XCVI.

2380 5906 2421 5939 Ψ,

3060 5966 3140 6026 3ὓ
