3902 6358
293 403 426 467 1135

1753 378 2102 439 ΛΒΒΕΝΒΑ
2117 425 2129 438 .

3415 367 3559 434 1136

297 518 508 582 pinubat
539 506 760 579 (Habac.
793 504 892 570 ιι),
937 496 1293 567 improborum
1340 493 1617 562 spirituum
1643 532 1656 556 ,
1717 505 1844 559 quos

2007 487 2410 544 ταντάπασιτῶν
2447 484 2579 557 πρὸς
2603 481 2877 554 σωτηρίαν
2910 475 3442 548 ὑπομιμνησκόντων
3462 476 3565 527 λο-

298 609 410 671 ipse
437 603 659 656 Comites
683 596 925 658 habebat,
953 606 1052 660 ope
1091 600 1248 658 atque
1274 586 1580 655 adiumento
1606 582 1847 651 perfecit,

304 707 359 746 ut
392 710 480 746 rex
511 688 854 757 cogitationes
901 697 991 736 eas
1034 695 1148 750 quae
1179 681 1347 748 ipsum
1395 675 1580 730 salutis
1631 673 1844 727 submo-

303 789 494 838 nebant
540 790 755 847 prorsus
798 789 829 829 ο
886 773 1139 827 memoria
1192 769 1445 836 ejiceret,
1497 764 1805 831 eisdemque
1837 801 1849 821 .

301 875 492 944 quibus
528 867 732 924 solebat
757 862 947 920 studiis
999 859 1182 918 scdulo
1229 859 1471 914 let-reret.
1530 857 1603 909 Ac
1635 853 1850 922 proinde

305 943 427 1022 cum
457 963 614 1031 regia:
642 960 832 1013 littera:
861 967 1276 1025 quaquaversum
1305 955 1710 1010 commeasseut,
1742 943 1852 1014 qui-

309 1059 408 1112 bus
455 1067 641 1107 omnes
670 1049 736 1104 ad
765 1045 1146 1103 exsecrandum
1183 1043 1404 1096 deorum
1436 1038 1624 1093 festum
1668 1049 1855 1090 come.

1978 580 2193 651 γισμῶν
2224 578 2490 647 πεποίηκε
2526 576 2619 628 καὶ
2649 575 2756 627 τῶν
2788 571 3036 641 συνήθων
3082 569 3243 622 πάλιν
3273 565 3561 636 ἐπιμελῶς

1972 671 2209 741 ἔχεσθαι.
2248 668 2440 723 Ἔνθεν
2468 685 2550 719 τοι
2583 665 2677 718 καὶ
2708 661 3056 735 γραμμάτων
3085 657 3379 730 βασιλικῶν
3414 674 3560 709 παν-

1971 762 2136 831 ταχοῦ
2169 757 2673 829 διαπεφοιτηκότων
2704 754 2798 808 τοῦ
2841 752 3115 806 συνελθεῖν
3151 749 3360 812 πάντας
3393 750 3451 801 ἐν
3488 751 3560 818 τῇ

1974 854 2192 924 μυσαρᾷ
2232 849 2542 922 πανηγύρει
2585 847 2800 911 αὐτῶν,
2845 841 2914 916 ἦν
2965 844 3094 896 ίδεῖν
3137 842 3441 913 συρρέοντα
3489 841 3562 892 τὰ

1970 946 2172 1018 πλήθη,
2214 943 2459 1016 πρόϐατά
2487 959 2546 996 τε
2577 941 2672 995 καὶ
2706 939 2834 1010 βόας
2860 937 2953 990 καὶ
2983 935 3215 1003 διάφορα
3242 932 3378 1001 γένη
3400 929 3564 992 ζώων

1968 1038 2235 1108 ἀγόμενα.

307 1150 430 1205 nire
473 1150 832 1220 jubebantur,
878 1163 1108 1202 cernere
1163 1155 1283 1200 erat
1335 1146 1615 1216 ingentem
1665 1146 1953 1202 hominum
2001 1141 2414 1199 multitudinem
2448 1139 2843 1200 conﬂuentem,
2893 1145 3061 1206 atque
3109 1147 3244 1190 oves
3294 1138 3351 1185 et
3386 1129 3566 1185 boves

311 1247 573 1312 variaque
612 1243 869 1296 animalia
918 1256 1104 1295 secum
1148 1239 1537 1293 adducentem.

404 1331 534 1382 Cum
567 1328 721 1394 igitur
741 1337 923 1376 omnes
952 1323 1218 1384 coiisscnl,
1249 1333 1468 1386 surgens
1492 1331 1602 1378 rex,
1633 1327 1736 1368 una
1765 1327 1881 1366 cum

333 1421 620 1487 impostore
641 1415 852 1468 Theuda
881 1413 942 1464 ad
969 1411 1217 1474 templum
1251 1407 1516 1473 profectus
1541 1414 1642 1467 est,
1673 1413 1729 1456 ut
1755 1410 1869 1454 tau—

330 1525 423 1562 ros
453 1522 515 1560 ac
547 1506 798 1572 permulta
822 1501 1103 1555 animantia
1138 1497 1486 1551 immolarent.
1512 1492 1881 1560 Sicque,nel‘a—

334 1600 471 1650 rium
518 1605 570 1649 et
609 1594 974 1648 exsecratione
1014 1590 1227 1660 dignum
1287 1587 1473 1640 festum
1507 1581 1883 1642 celebrabant;

333 1689 468 1743 adeo
497 1697 552 1741 ut
582 1695 635 1740 et
664 1687 934 1738 brutomm
959 1679 1298 1734 animantium
1331 1675 1611 1744 mugitibus
1635 1679 1741 1725 tota
1765 1671 1885 1723 urbs

2067 1311 2295 1366 Πάντων
2321 1311 2501 1366 τοίνυν
2533 1308 2989 1380 συνεληλυθότων,
3014 1307 3254 1370 ἀναστὰς
3274 1308 3302 1360 ό
3325 1305 3590 1378 βασιλεὺς

2003 1403 2140 1474 μετὰ
2168 1403 2261 1457 τοῦ
2298 1403 2615 1465 ἀπατεῶνος
2647 1402 2843 1466 Θευδᾶ,
2883 1400 3020 1472 πρὸς
3062 1401 3154 1453 τὸν
3189 1400 3316 1453 ναὸν
3359 1401 3589 1472 ἐχώρει,

2003 1492 2238 1562 ταύρους
2284 1491 2587 1545 καταθῦσαι
2639 1491 2820 1562 φέρων
2863 1491 3056 1544 ἑκατὸν
3109 1489 3283 1543 εἴκοσι
3329 1492 3425 1545 καὶ
3468 1491 3592 1555 ζῶα

1997 1585 2187 1639 πολλά.
2220 1585 2328 1638 Καὶ
2362 1584 2577 1636 ἐτέλουν
2607 1585 2706 1653 τὴν
2733 1585 3007 1653 ἐπάρατον
3062 1582 3242 1636 αὐτῶν
3268 1584 3488 1654 ἑορτὴν,
3513 1583 3593 1644 ὡς

2002 1675 2382 1748 περιηχεῖσθαι
2432 1677 2534 1746 μὲν
2575 1675 2674 1746 τὴν
2716 1676 2874 1730 πόλιν
2917 1677 3020 1729 ὑπὸ
3064 1680 3160 1746 τῆς
3205 1677 3314 1728 τῶν
3367 1676 3592 1741 ἀλόγων

339 1784 664 1845 personaret,
708 1784 761 1826 et
798 1774 1126 1825 victimarum
1169 1769 1353 1820 nidore
1391 1767 1503 1832 ipse
1549 1777 1760 1832 quoque
1799 1776 1886 1814 aer

2007 1765 2158 1831 ζώων
2195 1766 2401 1836 φωνῆς,
2441 1767 2506 1836 τῇ
2542 1765 2600 1818 δὲ
2636 1766 2747 1819 τῶν
2795 1765 2998 1818 θυσιῶν
3052 1767 3246 1836 κνίσσῃ
3281 1766 3376 1818 καὶ
3419 1765 3593 1818 αὑτὸν

337 1868 668 1920 iniiceretur.
713 1864 804 1916 His
837 1862 901 1914 ad
936 1861 1072 1914 hunc
1103 1858 1313 1912 modum
1343 1854 1616 1917 coniectis,
1638 1867 1755 1906 cum
1786 1851 1885 1904 im-

338 1957 486 2030 probi
515 1953 729 2022 spiritus
776 1953 841 2005 de
886 1949 1116 2004 Theudae
1160 1947 1376 2000 victoria
1408 1943 1663 2013 majorem
1694 1945 1745 1993 in
1776 1954 1887 1993 mo-

336 2050 461 2098 dum
485 2046 865 2114 gloriarentur,
895 2041 1301 2106 sacerdotesque
1327 2037 1524 2105 gratias
1553 2032 1650 2102 ipsi
1680 2032 1890 2086 habuis-

336 2147 475 2201 sent,
512 2150 602 2190 rex
635 2149 841 2188 rursum
887 2131 950 2184 ad
995 2130 1242 2200 palatium
1291 2143 1347 2181 se
1373 2125 1592 2195 recepit,
1625 2124 1802 2192 aitque
1830 2122 1891 2175 ad

336 2227 606 2280 Theudam
645 2243 658 2278 :
689 2225 765 2277 En
787 2220 1232 2292 qucn'iadmodum
1256 2217 1483 2286 jussisti,
1517 2215 1648 2270 nihil
1677 2214 1893 2268 omnino

335 2315 496 2370 studii
523 2329 552 2368 a
584 2329 667 2367 me
699 2313 1114 2381 prmtermissnm
1143 2318 1245 2372 est,
1275 2307 1412 2376 quod
1443 2304 1654 2374 quidem
1678 2301 1742 2354 ad
1777 2299 1890 2354 festi

335 2406 675 2475 splendorem
701 2445 717 2468 ,
749 2413 801 2457 et
830 2403 1208 2456 sacriﬁciorum
1260 2396 1703 2467 magnilicentiam
1736 2392 1897 2461 perti-

335 2506 504 2549 neret.
527 2496 644 2550 Jam
677 2497 854 2562 itaque
886 2503 1091 2560 tempus
1119 2500 1200 2544 est
1220 2501 1277 2544 ιιι
1298 2504 1415 2558 qua:
1445 2487 1571 2541 mihi
1607 2483 1893 2554 promisisti

320 2593 569 2664 expleas,
595 2592 863 2656 liliumque
885 2600 1085 2651 meum,
1108 2583 1198 2653 qui
1227 2597 1256 2636 a
1273 2575 1901 2649 religionenostradesct-

333 2688 428 2750 vit,
457 2699 485 2737 a
508 2683 926 2737 Christianorum
951 2691 1132 2732 errore
1161 2673 1416 2737 vindices,
1441 2685 1502 2724 ac
1518 2683 1638 2723 cum
1668 2664 1903 2734 benignis

332 2780 434 2833 diis
465 2779 514 2831 in
539 2775 759 2845 gratiam
786 2773 1026 2824 reducas.
1059 2768 1189 2822 Nam
1217 2781 1316 2835 ego
1337 2779 1456 2819 cum
1496 2771 1664 2815 artem
1692 2772 1904 2812 omnem

337 2868 687 2931 adhibuerim,
714 2872 872 2932 atque
900 2875 1110 2914 omnem
1144 2857 1370 2926 lapidem
1405 2855 1679 2918 moverim,
1707 2851 1905 2904 nullam

335 2971 513 3014 tamen
536 2954 707 3010 morbi
730 2951 1044 3006 medicinam
1058 2945 1350 3015 reperi,sed
1366 2945 1530 3013 ipsius
1548 2954 1778 2996 mentem
1793 2955 1907 2992 om-

329 3051 491 3104 nibus
521 3049 678 3102 rebus
712 3041 1040 3112 superiorem
1057 3054 1177 3095 esse
1202 3036 1464 3106 perSpexi.
1484 3034 1612 3087 Nam
1641 3033 1682 3085 si
1716 3029 1905 3085 blande

2008 1857 2332 1927 μολύνεσθαι
2353 1858 2444 1910 τὸν
2477 1857 2638 1928 ἀέρα.
2665 1858 2883 1912 Τούτων
2912 1857 3054 1912 οὕτω
3080 1856 3467 1920 τελεσθέντων,
3492 1856 3592 1909 καὶ

2004 1953 2110 2005 τῶν
2144 1954 2244 2022 τῆς
2269 1953 2533 2024 πονηρίας
2572 1952 2898 2022 πνευμάτων
2933 1951 3054 2005 λίαν
3082 1951 3592 2020 ἐγκαυχησαμένων

2005 2046 2097 2098 ἐπὶ
2126 2047 2190 2116 τῇ
2226 2045 2354 2117 νίκῃ
2384 2045 2479 2099 τοῦ
2514 2045 2713 2109 Θευδᾶ,
2745 2045 2838 2098 καὶ
2867 2043 3098 2114 χάριτας
3128 2043 3278 2112 αὐτῷ
3313 2044 3594 2113 ὁμολογη-

2007 2137 2214 2191 σάντων
2245 2138 2354 2190 τῶν
2388 2137 2692 2208 νεωκόρων,
2726 2138 2803 2197 είς
2841 2137 2902 2188 τὸ
2932 2135 3194 2190 παλάτιον
3231 2131 3389 2198 αὖθις
3419 2136 3594 2187 ἐπαν-

2005 2232 2140 2302 ῆκεν
2175 2231 2204 2283 ό
2241 2228 2516 2302 βασιλεύς.
2548 2230 2712 2301 266
2750 2230 2858 2283 Καί
2897 2246 3030 2299 φησι
3068 2228 3148 2298 τῷ
3195 2227 3405 2297 Θευδᾷ·
3455 2228 3594 2282 Ἰδοὺ

2006 2322 2092 2393 δὴ,
2138 2322 2280 2377 καθά
2329 2322 2657 2387 ἐκέλευσας,
2699 2322 2955 2391 οὐδεμίαν
2989 2320 3310 2389 ἐνελίπομεν
3348 2320 3595 2389 σπουδὴν

2007 2414 2100 2468 ἐπὶ
2126 2418 2191 2486 τῇ
2236 2415 2627 2486 λαμπροφορία
2657 2417 2757 2484 τῆς
2797 2413 3160 2484 πανηγύρεως
3208 2413 3302 2466 καὶ
3339 2411 3596 2481 δαψιλείᾳ,

2007 2508 2116 2561 τῶν
2152 2507 2370 2562 θυσιῶν.
2423 2507 2630 2579 Καιρὺς
2667 2503 2759 2560 οὗν
2807 2507 2906 2577 ἤδη
2941 2505 3009 2558 τὰ
3039 2504 3421 2575 ἐπηγγελμένα
3449 2503 3595 2572 πλη-

2011 2598 2182 2669 ρῶσαι
2217 2599 2310 2652 καὶ
2349 2599 2442 2651 τὸν
2480 2600 2933 2670 ἀποστατήσαντα
2969 2599 3080 2651 τῶν
3116 2598 3402 2670 ἡμετέρων
3429 2596 3596 2649 656a-

2011 2693 2230 2763 σμάτων
2262 2693 2374 2747 υἱόν
2399 2711 2501 2764 μου
2527 2694 2627 2764 τῆς
2648 2694 2854 2762 πλάνης
2876 2693 3289 2765 ἁναρῤύσασθαι
3315 2692 3423 2744 τῶν
3452 2693 3596 2762 Χρι-

2013 2783 2264 2848 στιανῶν,
2298 2785 2392 2837 καὶ
2435 2787 2544 2846 τοῖς
2585 2785 2842 2855 εὐμενέσι
2882 2785 3213 2850 καταλλάξναι
3243 2783 3408 2846 θεοῖς.
3445 2785 3596 2852 Ἐγὼ

2009 2877 2120 2947 γὰρ
2159 2878 2352 2947 τέχνην
2379 2879 2563 2931 πᾶσαν
2604 2877 2698 2930 καὶ
2736 2883 2892 2948 χεῖρα
2930 2880 3179 2947 κινήσας,
3213 2877 3470 2948 οὐδεμίαν
3500 2871 3594 2929 εὗ-

2013 2986 2106 3040 ρον
2142 2969 2235 3022 τοῦ
2283 2969 2456 3023 κακοῦ
2498 2969 2827 3042 θεραπείαν·
2871 2971 3006 3024 ἁλλά
3046 2973 3264 3025 πάντων
3302 2971 3596 3042 κρείττονα

2011 3061 2110 3130 τὴν
2153 3059 2320 3113 αὑτοῦ
2355 3060 2582 3133 γνώμην
2625 3062 2956 3132 ἐθεασάμην.
2999 3064 3060 3116 Εἰ
3097 3063 3288 3134 πράως
3322 3061 3472 3131 αὐτῷ
3509 3064 3597 3115 ἐν-

335 3156 396 3196 ac
425 3141 610 3194 leniter
655 3153 774 3190 cum
806 3150 870 3190 eo
901 3148 1058 3202 agere
1087 3130 1310 3194 institui,
1339 3142 1407 3182 ne
1435 3126 1516 3180 sic
1543 3124 1754 3193 quidem
1785 3136 1890 3175 eun

2007 3124 2198 3221 ἐτυχον
2226 3151 2319 3204 καὶ
2340 3124 2679 3221 ηπίως,ὀύδέ
2704 3154 2793 3206 τὸν
2816 3124 2942 3207 νούν
2972 3171 3061 3224 μοι
3088 3124 3594 3224 προσέχοντα-ὅλως

338 3232 463 3285 ιιιίιιί
499 3231 608 3282 ullo
626 3228 784 3281 modo
809 3225 1044 3278 animum
1072 3223 1302 3291 adjicere
1324 3217 1583 3286 comperi.
1609 3214 1839 3267 Rursum
1860 3212 1904 3264 si

337 3339 525 3378 severe
538 3332 695 3390 atque
723 3318 914 3373 acerbe
941 3332 1060 3370 eum
1087 3311 1345 3380 accepi,in
1362 3307 1707 3376 pervicaciam
1732 3305 1907 3373 potius

331 3417 460 3471 inde
489 3417 662 3482 ipsum
684 3411 850 3464 attolli
879 3407 1149 3475 conspexi.
1176 3403 1531 3471 Quamobrem
1553 3398 1904 3453 calamitatem

337 3525 454 3562 eam
515 3521 632 3575 qua:
681 3502 810 3556 mihi
836 3501 1048 3564 accidit,
1080 3496 1351 3565 sapientia:
1379 3503 1480 3547 tua:
1501 3491 1798 3546 committo.
1833 3490 1908 3542 Ac

339 3597 600 3666 siquidem
626 3608 710 3652 ea.
732 3606 832 3660 ope
853 3602 941 3644 tua
969 3598 1022 3644 et
1044 3587 1242 3640 auxilio
1269 3582 1714 3648 liberatus,ﬁlium
1731 3593 1903 3632 meum

340 3703 546 3743 tuecutn
582 3697 767 3739 rursus
789 3683 916 3736 deos
954 3693 1104 3734 meos
1130 3678 1391 3732 colentem
1413 3719 1427 3744 ,
1453 3684 1612 3744 atque
1641 3672 1908 3740 voluptua-

334 3783 431 3835 ria:
483 3776 638 3846 hujus
689 3777 812 3829 vita:
859 3771 1233 3842 cupiditatibus
1270 3783 1333 3822 ac
1374 3767 1523 3836 regni
1554 3761 1906 3833 voluptatibus

345 3872 606 3924 fruentem
627 3867 810 3930 video,
842 3877 1059 3918 auream
1102 3861 1196 3915 tibi
1241 3866 1469 3914 statuam
1512 3857 1710 3926 erigam
1738 3897 1752 3921 ,
1787 3851 1906 3907 efﬂ-

336 3965 584 4027 c'amque
617 3968 674 4012 ut
714 3957 935 4027 posthac
978 3955 1029 4008 in
1075 3953 1458 4021 sempiternum
1490 3947 1630 4002 idem
1675 3945 1766 4002 tibi
1806 3943 1910 3999 diis

337 4056 512 4109 honor
536 4068 564 4106 a
595 4050 800 4106 cunctis
830 4049 1108 4104 tribuatur.

409 4181 659 4234 'l‘heudas
690 4181 847 4250 igitur
870 4188 1121 4232 attentam
1145 4191 1328 4230 aurem
1351 4173 1564 4228 diabolo
1590 4171 1900 4238 subiiciens,

338 4281 496 4341 atque
546 4272 613 4326 ab
667 4272 759 4326 illo
813 4271 1110 4340 improbum
1162 4283 1223 4322 ac
1276 4267 1583 4336 pestiferum
1625 4263 1903 4319 consilium

339 4362 582 4427 edoctus,
611 4363 815 4430 ipsique
842 4362 1039 4428 linguae.
1071 4369 1231 4425 atque
1266 4359 1373 4410 oris
1403 4368 1619 4424 Operam
1647 4369 1852 4408 navans
1885 4398 1899 4422 ,

337 4452 404 4504 ad
436 4466 614 4518 regem
648 4451 722 4503 ait
755 4467 766 4502 :
795 4449 849 4503 Si
883 4447 1046 4502 lilium
1096 4457 1241 4502 tuum
1291 4447 1342 4501 in
1396 4454 1713 4516 potestatem
1762 4453 1900 4498 tuam

338 4541 598 4611 redigere,
630 4541 898 4610 ipsiusque
924 4542 975 4594 in
1005 4539 1286 4609 pugnando
1309 4536 1658 4607 pervicaciam
1691 4537 1899 4591 inanem

337 4633 563 4688 reddere
593 4633 762 4700 cupis,
791 4647 878 4686 ars
900 4648 927 4684 a
953 4647 1037 4685 me
1065 4630 1366 4698 excogitata
1393 4637 1494 4692 est,
1527 4629 1609 4682 cui
1641 4627 1901 4682 obluctari

335 4725 484 4779 nullo
530 4723 687 4779 modo
734 4723 949 4794 poterit,
983 4738 1166 4778 verum
1198 4723 1358 4776 durus
1389 4719 1552 4790 ipsius
1577 4719 1788 4774 animus
1826 4717 1903 4773 fa-

332 4817 486 4870 cilius
517 4817 842 4882 emollietur,
889 4831 1044 4887 quam
1091 4830 1211 4869 cera
1257 4814 1453 4884 ingenti
1503 4827 1632 4884 rogo
1659 4812 1895 4867 admota.

333 4907 444 4962 Rex
489 4909 665 4978 itaque
704 4922 896 4961 vanum
931 4907 1200 4960 hominem
1240 4907 1380 4960 inani
1416 4917 1625 4961 tumore
1659 4905 1898 4959 inﬂatum

335 4999 542 5064 videns,
570 5001 633 5052 ad
661 5000 980 5066 voluptatein
1006 5001 1182 5052 statim
1204 4998 1473 5068 animique
1504 4997 1740 5052 laetitiam
1782 5013 1901 5053 sese

331 5089 636 5156 convertit,
712 5102 935 5156 sperans
1007 5083 1290 5154 videlicet,
1382 5093 1708 5160 petulantem
1744 5091 1888 5144 illam

325 5192 382 5237 et
413 5183 669 5238 audacem
699 5182 930 5251 linguam
962 5183 1196 5236 animum
1237 5183 1491 5238 divinitus
1536 5184 1788 5239 edoctum
1827 5198 1890 5238 ac

2007 3243 2289 3315 εὕρισκον·
2329 3245 2378 3296 εἰ
2404 3244 2693 3315 αὐστηρῶς
2721 3246 3042 3316 ἐχρησάμην
3063 3246 3156 3299 καὶ
3183 3245 3482 3316 ἐμϐριθῶς,
3517 3247 3596 3307 εἰς

2006 3336 2264 3390 ἀπόνοιαν
2299 3337 2500 3407 μᾶλλον
2531 3338 2820 3407 αἰρόμενον
2849 3337 3143 3410 ἐθεώρουν.
3182 3341 3261 3410 Τῇ
3303 3341 3368 3409 σῇ
3404 3339 3595 3393 λοιπον

2009 3429 2169 3499 σοφία
2199 3431 2268 3484 τὰ
2297 3431 2396 3499 τῆς
2435 3430 2772 3501 ἐπελθούσης
2815 3450 2906 3501 μοι
2957 3434 3242 3504 συμφορᾶς
3273 3432 3592 3502 ἀνατίθημι.

2009 3524 2070 3576 Εί
2100 3518 2215 3590 οὖν,
2241 3522 2446 3594 ταύτης
2483 3523 2822 3591 ἀπαλλαγεὶς
2850 3525 2938 3578 διὰ
2980 3523 3095 3591 σοῦ,
3136 3524 3226 3578 τὸν
3266 3524 3400 3594 ἐμὸν
3434 3521 3596 3586 αὖθις

2006 3615 2208 3685 ὅψομαι
2241 3613 2355 3668 υἱὸν
2385 3615 2482 3668 σὺν
2514 3613 2640 3684 ἐμοὶ
2671 3616 2783 3678 τοῖς
2817 3615 2959 3678 θεοῖς
2995 3634 3097 3686 μου
3132 3615 3465 3687 λατρεύοντα
3501 3618 3598 3668 καὶ

2005 3707 2117 3762 τῶν
2146 3707 2453 3776 ἐπιθυμιῶν
2477 3708 2573 3778 τῆς
2605 3707 2855 3775 ἐνηδόνου
2899 3707 3042 3778 ζωῆς
3075 3707 3281 3778 ταύτης
3312 3707 3407 3759 καὶ
3434 3705 3592 3774 βασι-

2007 3799 2153 3864 λείας
2197 3798 2561 3864 ἀπολαύοντα,
2602 3799 2804 3869 στήλην
2864 3815 2945 3852 σοι
2998 3797 3288 3867 ἀνεγείρας
3345 3796 3596 3867 χρυσῆν,

2006 3893 2099 3946 ἶσα
2125 3891 2269 3955 θεοῖς
2309 3891 2546 3963 θήσομαι
2587 3890 2741 3961 παρά
2786 3890 3006 3959 πάντων
3053 3888 3320 3961 τιμᾶσθαι
3367 3890 3449 3953 είς
3503 3889 3598 3940 τὸν

2009 3984 2230 4040 ἐπιόντα
2263 3983 2618 4054 ἀτελεύτητον
2647 3982 2860 4054 χρόνον.

2090 4183 2150 4235 '0
2184 4181 2391 4244 Θευδᾶς
2432 4180 2610 4233 τοίνυν
2641 4174 2734 4244 οἷς
2774 4179 3000 4251 εὐήκοον
3048 4179 3344 4244 ὑποκλίνας
3389 4179 3466 4251 τῷ
3499 4198 3598 4233 που

2008 4273 2180 4346 νηρῷ,
2204 4273 2299 4327 καὶ
2330 4272 2459 4344 παρ’
2487 4271 2694 4324 ἐκείνου
2721 4271 2951 4342 μυηθεὶς
2976 4271 3084 4341 (98)
3132 4269 3325 4342 βουλὴν
3349 4272 3598 4342 πονηρὰν

2011 4369 2102 4422 καὶ
2141 4366 2409 4438 ὀλέθριον,
2455 4364 2679 4432 γλῶσσά
2727 4380 2786 4415 τε
2829 4365 2925 4415 καὶ
2969 4363 3143 4432 στόμα
3181 4361 3328 4431 αὐτῷ
3366 4363 3600 4430 γενόμε-

1938 4494 1984 4550 D
2011 4480 2100 4525 νος
2128 4461 2260 4530 (99),
2291 4459 2420 4530 φησὶ
2454 4457 2614 4528 267
2647 4456 2783 4528 πρὸς
2808 4455 2899 4510 τὸν
2931 4456 3184 4526 βασιλέα’
3221 4455 3283 4507 Εί
3324 4454 3586 4525 χειρώσαο

2014 4555 2137 4608 σθαι
2169 4554 2260 4605 τὸν
2284 4553 2373 4604 σὸν
2409 4551 2586 4621 βούλει
2615 4550 2749 4614 υἱὸν,
2774 4549 2868 4602 καὶ
2893 4550 3058 4619 κενὴν
3091 4546 3241 4618 αὐτῷ
3263 4547 3361 4618 τὴν
3398 4546 3596 4600 Even.-

2014 4666 2097 4701 σιν
2125 4647 2316 4709 θεῖναι,
2350 4644 2579 4714 εὕρηταί
2611 4659 2700 4713 μοι
2721 4643 2884 4712 τέχνη
2920 4642 3056 4711 πρὸς
3087 4641 3152 4710 ἢν
3191 4641 3312 4693 οὐδὲ
3345 4638 3599 4709 ἀντέχειν

2012 4740 2236 4803 δυνατὸς
2265 4739 2439 4803 ἔσται,
2469 4736 2605 4791 ἀλλά
2636 4737 2766 4807 ῥᾷον
2802 4733 3212 4804 μαλαχθήσεται
3240 4734 3268 4784 ὁ
3300 4734 3599 4802 ἀτεράμων

2015 4835 2108 4888 καὶ
2133 4832 2447 4903 ἀμείλικτος
2475 4828 2642 4883 αὐτοῦ
2666 4827 2926 4896 λογισμὸς
2949 4825 2982 4897 ἢ
3008 4826 3173 4897 κηρὸς
3205 4826 3451 4896 πυρκαῐᾷ
3474 4843 3601 4895 σφο-

2013 4925 2245 4998 δροτάτῃ
2266 4924 2555 4994 ὁμιλήσας.
2596 4921 2653 4974 Ὀ
2675 4920 2732 4973 δὲ
2760 4919 3029 4990 βασιλεὺς,
3065 4918 3156 4971 τὸν
3195 4917 3422 4988 μάταιον
3452 4916 3601 4970 οὕτω

2013 5017 2265 5087 διακενῆς
2289 5016 2546 5087 φυσῶντα
2585 5011 2731 5075 ἰδὼν,
2768 5011 2904 5083 πρὸς
2937 5010 3131 5080 ἡδονὴν
3163 5010 3325 5073 εὐθὺς
3351 5011 3445 5063 καὶ
3473 5028 3604 5078 φαι-

2013 5107 2246 5180 δρότητα
2277 5103 2653 5175 μετεϐάλλετο,
2683 5100 2909 5164 ἐλπίσας
2933 5100 3032 5170 τὴν
3056 5099 3357 5153 ἀκόλαστον
3383 5102 3604 5168 ἐκείνην

2015 5199 2110 5253 καὶ
2140 5197 2400 5269 θρασεῖαν
2435 5194 2688 5264 γλῶσσαν
2727 5193 2826 5263 τῆς
2873 5192 3212 5245 θεοδιδάκτου
3249 5194 3345 5245 κα¹ι
3377 5193 3604 5262 φιλοσο-

405 5329 516 5400 (98)
550 5329 612 5403 β,
649 5330 928 5403 μνησθείς.
965 5329 1418 5403 Permutatioucm
1472 5307 1873 5388 eauttractavi'

2013 5336 2255 5390 Nicetatn
2289 5349 2340 5403 p.
2388 5333 2510 5387 145.
2552 5333 2674 5403 Viti.
2713 5340 2768 5386 et
2812 5329 3045 5402 Xylantl.
3092 5332 3158 5383 ad
3193 5330 3334 5403 l’lut.
3392 5331 3464 5384 De
3512 5346 3605 5384 sua

553 5400 707 5476 ςιδ.
761 5402 1048 5476 t‘iuuc___est
1100 5400 1337 5476 μυηθεὶς
1391 5418 1488 5476 pro
1541 5402 1840 5472 διδαχθεὶς,

2007 5405 2102 5469 ὼν,
2150 5415 2206 5460 ιιι
2263 5400 2314 5474 ρ’.
2344 5402 2794 5476 ’155η1ιιιιιιςὶιιε
2867 5400 3136 5476 Porphyr.
3167 5402 3273 5476 _lle
3321 5410 3596 5476 prmt-erm.

336 5485 389 5558 [ις
415 5471 520 5558 ἓῖἓ
556 5473 673 5558 :‘ZO
697 5472 874 5558 toivyv
917 5471 1707 5558 'llpaxlﬁg,'atspxops‘voiei;
1741 5476 1840 5558 τὴν
1871 5471 2072 5558 Τροίαν
2099 5478 2192 5558 καὶ
2225 5471 2551 5558 μυηθεὶς.τά
2586 5472 2871 5556 γινόμενα,
2916 5472 3102 5558 ἠρώτα
3131 5471 3221 5523 τὸν
3251 5472 3605 5538 Λαομέδοντα

333 5538 867 5630 ’ἕξειν
897 5543 1088 5630 τοῦτον
1120 5543 1354 5630 ποιησει,
1382 5545 1428 5595 εί
1468 5543 1528 5627 τὸ
1556 5543 1717 5611 κῆτος
1752 5538 2038 5617 ἀναιρῆσει
2089 5548 2184 5600 καὶ
2225 5538 2335 5615 ’τὴν
2376 5544 2541 5596 παῖδα
2577 5538 2676 5610 τῆς
2712 5538 2919 5595 ’τούτου
2943 5538 3120 5626 βορᾶς
3162 5541 3601 5610 ἐκλυτρώσηται.

345 5581 387 5590 ..
415 5581 477 5591 ,η
511 5581 672 5595 mm...
732 5581 763 5594 ..
804 5581 856 5604 υ,
907 5581 1085 5595 ,νυν
1125 5581 1228 5594 ην..
1256 5581 1333 5594 ν...
1382 5581 1428 5595 -.
1478 5581 1528 5594 η.
1557 5581 1607 5593 τ..
1640 5581 1688 5596 ,ν
1798 5581 1814 5596 π
1860 5581 1873 5597 .

340 5609 526 5685 Melius
558 5615 723 5685 codex
765 5581 867 5685 gl"!
902 5630 914 5664 :
943 5581 1890 5685 mmsn‘et‘éxiiu'rptbcstotfliclihui

2007 5581 2038 5671 ’ἐ
2067 5581 2333 5685 ίὲἷῖιειῖὅῖ
2352 5581 2556 5675 ιὶζἘῙἸ
2587 5581 3608 5685 '1”;saga.aisaiggzzgggg;

335 5677 621 5760 “Laxata
648 5680 744 5748 τὴν
777 5682 946 5760 κόρην
964 5677 1067 5760 ἐἰς’
1099 5677 1288 5753 αὔριον
1318 5677 1598 5754 μυηθήσῃ.
1647 5686 1826 5741 Codex
1874 5685 1890 5724 ‘

2007 5698 2106 5743 :tus
2141 5677 2274 5755 409;
2312 5685 2553 5756 μαθήσῃ,
2605 5684 2746 5753 quod
2784 5677 3077 5739 'lleliodori
3132 5677 3315 5751 probaé
3361 5677 3600 5738 orationi

337 5749 532 5803 melius
569 5751 856 5804 convenire
891 5752 1122 5806 videtur.

408 5819 523 5891 (99)
555 5819 711 5876 Conr.
743 5836 794 5888 p.
832 5820 957 5875 275.
