3888 6344
322 384 454 455 ll}?

1403 389 1579 449 VITA
1624 386 1975 448 BARLAAM
2014 387 2108 446 ET
2148 386 2502 448 JOASAPH.

3434 396 3571 460 il3'i

314 503 444 572 φίας
488 497 764 570 γεμούσης
791 462 1175 570 περιγενέσθαι
1223 496 1300 567 (1)
1338 497 1537 568 ψυχῆς.
1588 496 1697 550 Καὶ
1744 494 1889 582 τίςῆ

2010 507 2351 581 philosophiae
2372 507 2587 579 plenum
2610 512 2977 576 superaturam
3000 518 3143 561 esse.
3163 505 3401 572 Cumque
3425 521 3572 574 qna-

313 594 476 664 τέχνη
514 591 705 663 μαθεῖν
733 591 915 662 ῆρετο.
946 589 1079 644 Τότε
1107 588 1313 653 Θευδᾶς
1346 589 1479 642 ὡσεὶ
1501 586 1662 660 ξυρὸν
1689 578 1889 659 ἡκονηζ

318 686 478 755 μένον
520 682 595 755 (2)
621 682 836 751 ὑφαίνει
872 681 928 736 τὸ
961 682 1331 753 κακούργημα
1353 683 1448 736 καὶ
1478 681 1669 744 δεινῶς
1696 680 1889 751 ἀρτύει

315 778 383 832 τά
407 775 693 848 φάρμακα.
728 775 840 830 Καὶ
861 776 963 847 ὅρα
986 776 1228 846 σόφισμα
1263 775 1592 845 κακότεχνον
1626 774 1725 829 καὶ
1756 774 1890 826 ὑπο-

316 866 478 939 ϐολήν
510 866 605 921 τοῦ
638 866 897 940 πονηροῦ.
938 868 1174 935 Πάντας,
1201 867 1387 938 φησιν,
1414 860 1460 922 ὦ
1489 866 1733 939 βασιλεῦ,
1764 867 1893 931 τοὺς

316 957 756 1030 παρισταμένους
797 958 875 1028 τῷ
916 957 1017 1027 υἱῷ
1052 974 1144 1010 σου
1190 957 1285 1013 καὶ
1327 954 1737 1027 ὑπηρετοῦντας
1784 973 1892 1027 μα-

317 1048 520 1120 κρύνας
549 1048 645 1102 ἀπ’
678 1046 868 1114 αὐτοῦ,
895 1050 1161 1116 γυναῖκας
1182 1047 1407 1113 εὐειδεῖς
1444 1048 1537 1102 καὶ
1575 1046 1698 1102 λίαν
1736 1064 1892 1116 περι-

316 1140 556 1207 καλλεῖς,
605 1142 699 1195 καὶ
752 1141 1172 1212 κεκοσμημένας
1210 1140 1292 1204 είς
1337 1139 1400 1194 τὸ
1454 1139 1892 1211 ὲπαγωγότερον,

319 1232 554 1284 συνεῖναι
581 1228 730 1301 αὐτῷ
762 1229 1024 1298 διηνεκῶς
1053 1229 1148 1284 καὶ
1187 1229 1608 1300 καθυπηρετεῖν,
1654 1228 1892 1283 συνδιαι-

317 1321 512 1375 τᾶσθαί
548 1338 607 1375 τε
651 1323 744 1376 καὶ
782 1321 1221 1387 συναυλίζεσθαι,
1260 1320 1585 1391 πρόσταξον.
1640 1319 1781 1389 Ἐγὼ
1809 1320 1891 1387 δὲ,

316 1416 425 1469 τῶν
448 1415 773 1485 πνευμάτων
800 1414 858 1470 ἐν
884 1415 992 1469 τῶν
1021 1416 1101 1478 είς
1135 1413 1204 1469 τά
1234 1412 1458 1469 τοιαῦτά
1490 1430 1582 1485 μοι
1622 1412 1893 1483 τεταγμέ-

316 1523 425 1561 νων
452 1507 846 1570 ἐπαποστείλας
887 1507 1056 1577 αύτῷ,
1101 1507 1400 1578 βιαιότερον
1451 1508 1513 1559 τὸ
1552 1507 1653 1579 τῆς
1699 1506 1893 1577 ἡδονῆς

319 1600 432 1672 πῦρ
464 1599 672 1669 ἀνάψω.
700 1600 808 1653 Καὶ
834 1601 949 1670 ἅμα
986 1598 1066 1670 τῷ
1101 1598 1459 1668 συγγενέσθαι
1483 1599 1646 1653 αὐτὸν
1674 1601 1773 1670 μιᾷ
1798 1599 1893 1653 καὶ

321 1692 457 1762 μόνῃ
483 1692 589 1761 τῶν
617 1693 873 1746 τοιούτων
909 1690 1206 1760 γυναικῶν,
1246 1691 1296 1744 εί
1334 1689 1410 1762 μὴ
1446 1691 1622 1745 πάντα
1659 1690 1769 1755 ἕξει
1811 1705 1893 1743 σοι

321 1784 463 1837 κατὰ
482 1783 725 1855 γνώμην,
751 1784 1058 1853 παροπτέος
1082 1782 1191 1850 ἐγὼ
1216 1783 1276 1836 τὺ
1294 1783 1483 1838 λοιπόν
1506 1800 1587 1839 σοι
1610 1784 1705 1837 καὶ
1723 1784 1890 1854 ἀχρη-

320 1891 466 1942 στος,
496 1849 1063 1949 καὶ-Βδετιμωριῶν
1087 1876 1381 1945 μεγίστων,
1402 1876 1464 1930 οὐ
1494 1875 1690 1948 τιμῶν,
1716 1849 1887 1940 ἀεὶὸξ.
1918 1849 1962 1909 Β

317 1967 482 2020 οὐδὲν
510 1966 618 2038 γάρ
653 1967 729 2031 ὼς
753 1967 873 2036 δψις
897 1968 1170 2036 γυναικῶν
1209 1965 1509 2035 ἐπάγεσθαι
1541 1967 1634 2021 καὶ
1678 1965 1890 2035 θέλγειν

316 2059 445 2124 τοὺς
493 2058 738 2131 ἀρρένων
782 2059 1077 2128 λογισμοὺς
1114 2059 1347 2143 πέφυκε.
1396 2058 1507 2115 Καὶ
1541 2058 1772 2114 ἄκουσον
1814 2058 1891 2112 δι-

288 2152 564 2225 ιηγήσεως
586 2151 663 2222 τῷ
690 2150 808 2224 ὲμῷ
839 2153 1341 2224 συμμαρτυρούσης
1379 2153 1604 2224 ῥήματι.

384 2438 542 2492 ΚΕΦ.
575 2437 652 2491 Λ’.
686 2464 751 2477 --
777 2434 1037 2501 Βασιλεύς
1057 2453 1141 2500 τις
1170 2436 1357 2501 παιδὸς
1387 2434 1635 2507 ἀμοιρῶν
1663 2436 1890 2509 ἄρρενος

316 2529 523 2598 ἠνιᾶτο,
574 2528 698 2583 λίαν
739 2526 839 2598 τὴν
883 2527 1063 2600 ψυχὴν
1100 2528 1431 2601 ἀχθόμενος,
1489 2529 1587 2583 καὶ
1634 2528 1893 2599 ἀτύχημα

315 2620 472 2674 τοῦτο
502 2619 563 2673 οὐ
611 2620 807 2692 μικρὸν
838 2619 1210 2691 λογιζόμενος.
1264 2622 1352 2676 Ἐν
1388 2618 1602 2686 τούτοις
1626 2615 1720 2675 οὖν
1743 2620 1893 2692 αὐτῷ

315 2713 429 2768 δντι
450 2716 705 2782 γεννᾶται
732 2715 845 2782 υίός
866 2732 879 2745 ·
906 2716 1000 2769 καὶ
1022 2718 1196 2787 χαρᾶς
1218 2716 1312 2769 ἐπὶ
1336 2714 1512 2786 τούτῳ
1538 2714 1638 2785 τὴν
1666 2714 1893 2785 καρδίαν

315 2805 672 2877 ἐπεπλήρωτο
690 2808 719 2859 ὁ
746 2806 1017 2877 βασιλεύς.
1041 2805 1207 2862 Εἶπον
1226 2808 1284 2861 δὲ
1304 2806 1454 2879 αὐτῷ
1482 2808 1531 2861 ot
1557 2806 1666 2862 τῶν
1693 2806 1893 2876 ἰατρῶν

315 2899 698 2969 ἐπιστήμονες,
743 2899 839 2967 ὼς,
884 2902 933 2953 εί
978 2900 1129 2965 ἐντὸς
1161 2900 1268 2955 τῶν
1310 2900 1520 2955 δώδεκα
1562 2900 1640 2971 (3)
1687 2900 1894 2970 χρόνων

315 2992 468 3062 ἥλιον
516 2991 551 3064 ἢ
602 2992 715 3064 πῦρ
756 2992 817 3047 τὸ
864 2992 1079 3048 παιδίον
1118 2991 1277 3046 τοῦτο
1328 2993 1449 3056 ῐδοι,
1493 2991 1894 3063 στερηθήσεται

316 3085 644 3140 παντάπασι
686 3084 783 3139 τοῦ
829 3084 1042 3154 φωτόςο
1084 3082 1243 3138 retire
1281 3085 1392 3155 γὰρ
1424 3085 1458 3155 ἡ
1485 3083 1594 3139 τῶν
1631 3083 1896 3155 ὀμμάτων

315 3175 483 3231 αὐτοῦ
513 3176 665 3239 θέσις
686 3174 858 3245 δηλοῖ.
888 3172 1075 3230 Ταῦτα
1106 3175 1198 3228 τὸν
1226 3174 1451 3245 βασιλέα
1480 3173 1794 3229 ἀκούσαντα
1815 3173 1895 3226 λέ·
1922 3185 1965 3244 c

315 3286 478 3338 γεται
508 3267 750 3322 οίκίσκον
786 3267 1060 3339 άντρῶδες
1090 3268 1165 3338 (4)
1199 3270 1262 3321 ἐκ
1292 3268 1498 3339 πέτρας
1533 3267 1679 3331 τινὸς
1699 3265 1896 3334 λαξεῦ-

317 3380 435 3426 σαι,
475 3362 703 3417 κάκεῖσε
731 3361 824 3417 τὸν
853 3362 1019 3416 παῖδα
1050 3361 1187 3433 μετά
1213 3361 1324 3416 τῶν
1349 3358 1709 3431 τιθηνούντων
1733 3360 1897 3414 αὑτὸν

317 3452 783 3518 κατακλείσαντα,
823 3454 1089 3525 μηδόλως,
1118 3454 1281 3525 μέχρι
1312 3452 1761 3524 συμπληρώσεως
1785 3450 1899 3504 τῶν

318 3546 531 3600 δώδεκα
572 3545 859 3611 ἐνιαυτῶν,
887 3545 1066 3615 φωτὸς
1105 3544 1380 3611 ὑποδεῖξαι
1420 3543 1797 3616 μαρμαριιγὴν
1835 3543 1900 3596 τὸ

318 3638 608 3711 παράπαν.
633 3637 789 3693 Μετὰ
803 3637 860 3692 δὲ
878 3638 980 3708 τὴν
997 3637 1389 3709 συμπλήρωσιν
1409 3637 1517 3691 τῶν
1534 3637 1741 3691 δώδεκα
1760 3635 1899 3689 ἐτῶν

319 3728 506 3799 ἐξάγει
532 3728 627 3783 τοῦ
669 3728 916 3784 οίκίσκου
944 3727 1037 3782 τὸν
1077 3727 1242 3783 παῖδα
1278 3727 1443 3798 μηδὲν
1486 3728 1623 3793 ὅλως
1660 3728 1756 3783 τοῦ
1808 3727 1900 3781 κό-

322 3837 463 3892 σμου
495 3820 852 3891 θεασάμενον,
881 3820 977 3873 καὶ
1003 3819 1213 3875 κελεύει
1235 3821 1264 3874 ὁ
1285 3820 1538 3892 βασιλεὺς
1562 3821 1741 3875 πάντα
1759 3820 1902 3873 κατὰ

320 3912 478 3980 γένος
516 3913 979 3984 παραστήσαντας
1017 3912 1295 3977 ὑποδεῖξαι
1337 3912 1509 3982 αὐτῷ,
1552 3911 1751 3981 ἄνδρας
1801 3912 1901 3981 μὲν

319 4007 379 4059 ἐν
406 4006 486 4059 ἐνὶ
512 4006 685 4075 τόπῳ,
718 4005 952 4078 ἀλλαχοῦ
989 4006 1046 4060 δὲ
1087 4008 1372 4075 γυναῖκας,
1416 4004 1646 4075 ἑτέρωθι
1679 4003 1900 4073 χρυσὸν,

318 4099 583 4170 ἄργυρον,
623 4098 919 4170 ἀλλαχόθεν
953 4096 1301 4169 μαργαρίτας
1333 4112 1393 4149 τε
1438 4094 1535 4148 καὶ
1571 4093 1752 4158 λίθους
1806 4110 1905 4147 πο·-

322 4190 581 4254 λυτελείς,
618 4190 809 4260 ἱμάτια
846 4188 1079 4260 λαμπρά
1108 4188 1204 4241 καὶ
1229 4186 1453 4256 κόσμια,
1481 4185 1704 4257 ἃρματα
1737 4201 1900 4255 περι-

324 4280 498 4351 καλλῆ
534 4280 675 4353 μετὰ
713 4282 895 4336 ἵππων
926 4279 1220 4351 βασιλικῶν
1249 4279 1651 4351 χρυσοχαλίνων
1679 4278 1777 4332 σὺν
1803 4278 1903 4333 τά·-

324 4387 495 4443 πησιν
527 4370 837 4443 ἁλουργοῖς,
876 4371 971 4424 καὶ
993 4369 1269 4433 ἀναϐάτας
1317 4370 1407 4422 ἐπ’
1450 4369 1633 4432 αὐτοῖς
1674 4368 1904 4439 ὁπλοφόο

326 4479 474 4535 ρους,
507 4462 761 4534 βουκόλιά
787 4479 847 4516 τε
877 4460 1015 4533 βοῶν
1049 4462 1143 4516 καὶ
1177 4460 1403 4531 ποίμνια
1426 4461 1737 4532 προϐάτων.
1770 4463 1901 4528 Καὶ,

322 4555 512 4618 ἁπλῶς
534 4556 729 4620 είπείν,
757 4554 933 4608 πάντα
958 4552 1236 4623 στοιχηδὸν
1258 4552 1289 4605 ὑ

323 4645 741 4717 Πυνθανομένου
766 4647 826 4701 δὲ
852 4644 1019 4701 αὐτοῦ
1048 4644 1212 4716 269
1238 4644 1293 4697 τί
1316 4645 1524 4699 τούτων
1551 4645 1783 4700 ἕκαστον
1812 4663 1906 4698 κα-

323 4740 524 4807 λείται,
577 4741 629 4792 οἱ
664 4738 761 4795 τοῦ
799 4738 1068 4810 βασιλέως
1109 4738 1452 4792 ὑπασπισταὶ
1484 4738 1579 4791 καὶ
1608 4737 1902 4809 δορυφόροι

324 4832 424 4905 τὴν
454 4833 683 4887 ἑκάστου
722 4834 917 4903 κλῆσιν
950 4833 1193 4904 ἐδήλουν.
1233 4832 1322 4896 Ὠς
1350 4832 1408 4884 δὲ
1436 4832 1537 4902 τὴν
1569 4830 1762 4901 κλῆσιν
1792 4830 1903 4884 τῶν

326 4924 604 4994 γυναικῶν
651 4924 819 4995 ῆρετο
871 4924 1087 4995 μαθεῖν,
1130 4924 1222 4977 τὸν
1270 4921 1575 4993 σπαθάριον
1614 4921 1708 4975 τοῦ
1753 4921 1906 4992 βασι-

326 5018 466 5081 λέως
501 5018 579 5085 (5)
618 5017 920 5089 χαριέντως
967 5018 1167 5080 εἰπεῖν,
1205 5014 1466 5086 δαίμονας
1514 5013 1684 5077 αὐτὰς
1727 5013 1909 5067 καλεῖ-

331 5112 481 5177 σθαι,
513 5112 570 5167 αῖ
604 5112 728 5175 τοὺς
763 5110 1087 5183 ἀνθρώπους
1115 5108 1413 5164 πλανῶσιν.
1456 5106 1518 5160 'H
1552 5106 1609 5160 δὲ
1637 5105 1734 5161 τοῦ
1778 5122 1908 5159 παι-

328 5205 420 5269 δὸς
444 5205 640 5278 καρδία
659 5204 736 5275 τῷ
765 5204 994 5258 ἐκείνων
1024 5202 1175 5273 πόθῳ
1201 5202 1362 5256 πλέον
1391 5202 1500 5256 τῶν
1525 5198 1733 5254 λοιπῶν
1757 5197 1908 5252 ὲθέλ-

2006 616 2128 656 nam
2162 600 2251 657 illa
2278 615 2366 655 ars
2394 608 2536 656 esset
2555 614 2622 654 ex
2643 594 2709 655 eo
2739 598 3120 661 sciscitaretur,
3151 606 3260 651 tum
3293 595 3566 658 Theudas,

2010 702 2258 761 tanquam
2282 689 2541 745 novacula
2566 698 2719 743 acuta
2737 687 2915 742 dolum
2938 684 3575 757 contexit(Psal.r.xxn),_

2006 780 2299 849 callideque
2344 780 2627 849 pharmace
2686 788 2983 846 comparat.
3047 780 3221 845 Atque
3269 776 3567 843 improbam

2007 871 2251 927 technam
2276 909 2294 936 ,
2346 870 2651 940 diabolique
2693 870 2974 925 consilium
3005 910 3019 933 ,
3048 883 3230 939 quaeso
3254 908 3275 933 ,
3305 866 3567 936 perspice.

2008 964 2285 1029 Omnibus,
2317 964 2506 1034 inquit,
2534 978 2567 1017 o
2596 978 2711 1029 rex,
2764 963 2851 1032 qui
2887 962 2995 1017 tilio
3022 968 3194 1016 astant
3217 970 3374 1031 atque
3401 960 3571 1021 inser-

2006 1054 2157 1110 viunt
2178 1097 2195 1123 ,
2221 1055 2290 1110 ab
2316 1070 2383 1110 eo
2412 1054 2598 1125 procul
2627 1053 2905 1123 disjunctis
2929 1091 2946 1119 ,
2992 1053 3207 1122 pulchra
3234 1060 3288 1107 et
3315 1065 3571 1121 perquam

2006 1148 2232 1219 eleganti
2286 1147 2456 1203 forma
2511 1146 2761 1217 pra-ditas
2790 1146 3060 1209 mulieres,
3097 1154 3255 1215 atque
3297 1145 3363 1199 ad
3420 1145 3572 1214 pelli‘

2005 1239 2224 1296 ciendos
2243 1240 2457 1311 animos
2478 1239 2784 1304 adornatas,
2817 1254 2939 1294 cum
2969 1253 3033 1293 eo
3063 1246 3320 1307 perpetuo
3345 1237 3569 1299 versari,

2007 1332 2214 1402 ipsique
2256 1333 2562 1388 ministrare
2586 1371 2602 1398 ,
2632 1334 2864 1402 vitatque
2903 1332 3339 1387 consuetudinem
3360 1340 3414 1385 et
3442 1344 3573 1385 con-

2008 1425 2308 1480 tuhernium
2336 1440 2458 1482 cum
2485 1440 2550 1482 eo
2579 1424 2778 1481 habere
2805 1424 2958 1495 juhe.
3009 1424 3117 1494 Ego
3161 1433 3337 1478 autem
3371 1437 3479 1477 uno
3505 1438 3572 1477 ex

2008 1515 2073 1569 iis
2101 1516 2393 1584 spiritibus,
2440 1529 2574 1586 quos
2615 1516 2681 1572 ad
2709 1532 2798 1573 res
2825 1515 3129 1586 hujusmodi
3154 1514 3482 1583 comparavi,
3506 1515 3572 1569 ad

2006 1621 2126 1663 eum
2149 1614 2333 1675 postea
2361 1605 2654 1673 submisso,
2681 1608 2940 1663 acriorem
2966 1610 3250 1677 voluptatis
3281 1608 3456 1677 ignem
3481 1621 3575 1661 ex-

2005 1696 2196 1756 citabo.
2225 1696 2302 1753 Ae
2321 1696 2479 1752 simul
2502 1705 2663 1767 atque
2686 1698 2771 1752 vel
2800 1713 2920 1753 cum
2963 1714 3067 1753 una
3111 1698 3223 1753 sola
3269 1698 3575 1767 hujusmodi

2006 1787 2313 1844 muliercula
2360 1802 2472 1844 rem
2511 1788 2801 1855 habuerit,
2846 1789 2946 1844 nisi
2981 1788 3075 1843 tibi
3107 1789 3283 1843 omnia
3312 1802 3378 1842 ex
3409 1788 3577 1842 animi

2005 1878 2267 1934 sententia
2297 1877 2500 1944 ﬂuant,
2531 1879 2630 1933 erit
2652 1877 2765 1948 jam
2797 1893 2893 1935 cur
2920 1895 3004 1935 tne
3031 1889 3345 1935 contemnas
3370 1918 3386 1943 ,
3416 1887 3579 1948 atque

2007 1976 2066 2024 ut
2092 1968 2293 2025 nullius
2318 1983 2444 2025 usus
2473 1969 2765 2035 hominem,
2797 1985 2902 2024 non
2945 1969 3258 2034 honoribus,
3291 1968 3384 2023 sed
3408 1970 3574 2023 maxi-

2006 2059 2107 2113 mis
2134 2057 2410 2127 suppliciis
2436 2056 2775 2113 ai‘liciendum
2813 2058 2998 2113 ducas.
3021 2059 3164 2113 Nihil
3195 2059 3338 2113 enim
3368 2072 3573 2112 mascu-

2007 2149 2180 2205 lorum
2220 2150 2427 2204 animos
2463 2148 2681 2219 perinde
2712 2149 2929 2204 allicere
2949 2163 3012 2205 ac
3054 2148 3360 2203 demulcere
3414 2150 3571 2211 solet,

1919 2250 1933 2258 '
2007 2251 2061 2293 ut
2090 2238 2401 2294 feminarum
2432 2246 2768 2308 conspectus.
2800 2239 2973 2308 Atque
2997 2246 3055 2293 ut
3077 2240 3416 2293 sermonibus
3440 2241 3579 2293 meis

2007 2329 2163 2386 [idem
2192 2329 2467 2393 adhibeas,
2493 2328 2770 2384 historiam
2804 2329 2941 2384 hanc
2966 2330 3125 2384 velint
3155 2329 3359 2384 audias.

2074 2419 2200 2475 Car.
2243 2419 2411 2475 XXX.
2450 2450 2522 2464 —-
2560 2420 2670 2475 Rex
2718 2420 2930 2491 quidam
2978 2435 3097 2475 cum
3151 2419 3385 2474 mascula
3427 2420 3576 2489 prole

2007 2519 2214 2565 careret
2243 2510 2588 2566 vehementer
2614 2510 2791 2565 animo
2820 2510 3133 2582 angebatur,
3185 2524 3411 2579 eamque
3437 2511 3578 2564 cala-

2006 2602 2242 2655 mitztcm
2273 2599 2410 2655 haud
2455 2614 2672 2669 parvam
2718 2600 3078 2656 existimabat.
3115 2600 3225 2655 Hoc
3256 2600 3413 2669 igitur
3459 2615 3577 2654 cum

1966 2698 1969 2703 '
2006 2699 2149 2746 statu
2192 2699 2357 2760 esset,
2405 2690 2572 2747 tilium
2621 2692 2675 2747 in
2727 2693 2896 2748 lucem
2939 2692 3127 2758 edidit,
3166 2707 3336 2762 eoque
3367 2694 3580 2748 nomine

2006 2796 2217 2838 summa
2260 2784 2530 2853 voluptate
2558 2782 2804 2853 perfusus
2836 2793 2940 2839 est.
2974 2784 3238 2838 Dixerunt
3288 2793 3465 2838 autem
3511 2784 3579 2838 ad

2005 2890 2128 2933 eum
2173 2876 2366 2931 eruditi
2404 2876 2620 2946 quidam
2670 2876 2883 2944 medici,
2937 2862 3055 2931 fore
3103 2886 3161 2932 ut
3206 2878 3250 2933 si
3280 2892 3411 2945 pucr
3437 2877 3578 2931 intra

2004 2964 2285 3021 duodecim
2337 2980 2505 3022 annos
2546 2966 2712 3022 solem
2759 2976 2852 3023 aut
2878 2967 3052 3037 ignem
3100 2967 3325 3032 videret,
3377 2968 3575 3021 lumine

2007 3069 2225 3125 prorsus
2266 3056 2566 3123 orbaretur,
2613 3056 2664 3111 id
2701 3057 2844 3113 enim
2882 3073 2947 3111 ex
2973 3057 3245 3114 oculorum
3274 3057 3442 3125 ipsius
3470 3058 3575 3110 situ

2007 3146 2292 3216 designari.
2318 3146 2446 3215 Qum
2475 3160 2594 3200 cum
2625 3155 2773 3214 pater
2791 3145 3045 3216 audisset,
3077 3146 3379 3201 cubiculum
3404 3146 3574 3213 quod-

2011 3241 2135 3299 dam
2172 3244 2457 3302 obscurum
2500 3260 2564 3302 ex
2596 3260 2728 3315 rupe
2754 3246 2979 3314 quadam
3009 3243 3341 3306 condidisse,
3395 3241 3587 3294 tilium-

2011 3349 2115 3404 que
2158 3335 2270 3392 illic
2298 3352 2401 3391 una
2430 3351 2552 3393 cum
2605 3337 2898 3393 nutricibus
2927 3336 3206 3393 inclusisse
3255 3331 3444 3398 fertur,
3490 3347 3588 3387 nec

2010 3435 2135 3483 ante
2163 3428 2442 3485 duodecim
2473 3444 2644 3485 annos
2670 3438 2889 3485 exactos
2915 3430 3076 3482 ullum
3107 3428 3325 3481 omnino
3369 3424 3466 3493 ipsi
3503 3426 3587 3477 lu-

2010 3518 2087 3573 cis
2128 3517 2466 3586 Splendorem
2515 3519 2834 3575 ostendisse.
2878 3517 3142 3574 Confecto
3180 3526 3362 3572 autem
3406 3515 3589 3581 hujus-

2009 3609 2152 3664 modi
2177 3611 2432 3679 temporis
2455 3611 2743 3675 curriculo,
2775 3611 2969 3676 tilium,
2996 3612 3085 3680 qui
3119 3609 3249 3664 nihil
3267 3608 3491 3662 omnino
3513 3620 3589 3665 re-

2009 3713 2126 3754 rum
2157 3701 2542 3755 mundanarum
2574 3701 2639 3756 ad
2686 3700 2828 3756 hunc
2855 3714 3020 3767 Imque
3049 3700 3191 3753 diem
3223 3704 3589 3767 perspexerat,

2007 3803 2072 3844 ex
2125 3788 2226 3845 hoc
2273 3790 2515 3845 cubiculo
2564 3790 2771 3854 educit;
2808 3804 2871 3843 ac
2919 3798 3028 3842 tum
3056 3788 3155 3855 ipsi
3198 3786 3407 3848 omnia,
3437 3786 3590 3854 juxta

2008 3894 2162 3935 suum
2193 3880 2437 3949 quodque
2466 3894 2635 3947 genus
2663 3876 2901 3935 exhiberi
2929 3893 2993 3933 ac
3022 3875 3380 3932 demonstrari
3399 3875 3551 3945 jubet
3571 3916 3586 3941 ,

2008 3971 2154 4022 viros
2184 3969 2431 4023 nimirum
2475 3969 2527 4023 in
2558 3982 2664 4021 uno
2693 3968 2831 4030 loco,
2872 3969 2923 4021 in
2952 3968 3059 4023 alio
3088 3967 3336 4034 feminas,
3377 3967 3593 4022 aliunde

2009 4074 2228 4125 aurum,
2258 4059 2359 4114 alia
2404 4075 2467 4115 ex
2499 4070 2649 4130 parte
2676 4070 2986 4127 argentum,
3018 4060 3244 4115 uniones
3274 4071 3327 4116 et
3374 4060 3581 4129 lapides

2008 4151 2256 4221 exquisiti
2287 4152 2463 4220 pretii,
2496 4160 2671 4208 vestes
2700 4152 2998 4207 luculentas
3026 4163 3079 4207 et
3106 4152 3400 4221 elegantes,
3450 4167 3578 4206 cur.

2010 4257 2102 4297 rus
2122 4243 2314 4315 insigni
2343 4243 2731 4312 pulchritudine
2758 4244 2917 4300 simul
2948 4260 3067 4299 cum
3108 4244 3268 4313 regiis
3291 4246 3442 4313 equis
3485 4260 3582 4297 au-

2009 4347 2103 4389 reo
2130 4331 2282 4390 freno
2306 4335 2597 4401 instructis,
2620 4349 2741 4391 cum
2769 4335 2952 4391 aulaeis
2979 4336 3281 4405 purpureis,
3312 4350 3374 4390 ac
3404 4349 3586 4390 sesso-

2010 4427 2157 4483 ribus
2184 4428 2423 4494 armatis,
2456 4429 2612 4484 boum
2645 4431 2770 4483 item
2799 4439 3063 4494 armenta,
3094 4438 3148 4484 et
3179 4427 3440 4496 pecudum
3462 4442 3589 4497 grc-

1293 4517 1608 4607 πεδείκνυον
1629 4551 1707 4624 τῷ
1728 4517 1896 4609 παιδί

2010 4531 2135 4586 ges;
2164 4526 2347 4587 atque,
2381 4527 2438 4572 ut
2462 4518 2764 4573 summatim
2793 4518 2986 4581 dicam,
3016 4519 3195 4572 omnia
3223 4527 3371 4573 certo
3400 4517 3586 4572 ordine

2019 4621 2184 4675 puero
2211 4608 2628 4663 demonstrabat.
2666 4609 3022 4663 Percoittante
3046 4619 3222 4662 autem
3265 4624 3332 4663 eu
3357 4624 3587 4677 quonam

2014 4696 2237 4766 singulm
2268 4710 2356 4751 res
2383 4698 2598 4752 nomine
2624 4698 3039 4767 appellarentur,
3070 4700 3212 4765 regis
3242 4697 3504 4750 sntellites
3530 4710 3588 4749 ac

2014 4787 2299 4855 stipatores
2347 4786 2765 4858 uniuscujusque
2809 4802 2999 4842 nomen
3044 4786 3406 4856 exponebant.
3453 4787 3587 4839 Cum

2016 4889 2191 4935 autem
2220 4881 2501 4937 mulierum
2532 4897 2726 4937 nomen
2752 4884 2890 4937 scire
2920 4890 3163 4951 cuperet,
3199 4891 3308 4934 tum
3342 4879 3480 4947 regis
3498 4893 3585 4931 ar-

2016 4973 2183 5043 miger
2206 4972 2383 5041 lepide
2409 4986 2473 5027 ac
2502 4972 2713 5038 festive,
2734 4972 3007 5028 daemones
3027 4987 3117 5043 eas
3144 4970 3407 5040 appellari
3428 4970 3583 5030 dixit,

2016 5078 2044 5117 a
2075 5063 2268 5132 quibus
2298 5063 2568 5118 hominum
2602 5073 2806 5119 mentes
2843 5066 2895 5118 in
2942 5078 3179 5118 errorem
3226 5064 3585 5115 traherentur.

2016 5155 2171 5211 Pueri
2201 5165 2377 5210 autem
2426 5166 2609 5225 pectus
2652 5170 2835 5210 earum
2883 5170 3063 5209 amore
3090 5164 3250 5223 atque
3296 5151 3590 5219 cupiditate

404 5410 482 5481 (l)
511 5410 769 5481 Syntaxis
800 5408 949 5464 verbi
1004 5406 1403 5481 sinitsrgctt‘m
1444 5406 1656 5481 pristis
1687 5412 1780 5481 est
1816 5417 1847 5457 e
1881 5394 2371 5481 frequentissimis,
2393 5379 3587 5481 ~eamqueAtract'arlentnein-iniad(imitari:

335 5499 388 5550 ν.
405 5452 971 5550 Ὶόοῖδιξιςβῑειῑιηξιῑί,
1000 5452 1785 5550 irrisapassages}
1808 5452 1896 5550 έοί

2010 5452 2077 5523 ¹πι
2116 5468 2227 5521 τῶν
2257 5452 2460 5519 στενῶν
2507 5452 2809 5531 βιάσεσθαι.
2850 5458 2924 5512 ibi
2960 5469 3244 5537 monemur
3287 5452 3353 5508 ab
3379 5452 3589 5505 edituro

337 5534 930 5613 ἷιιιιζιιίιιιηᾞιάσασθαι
957 5534 1202 5601 ἰιιιιιξιεεο
1234 5560 1294 5600 se
1323 5534 1785 5613 cutnvMusgravio
1808 5545 1860 5596 in

2010 5538 2177 5592 ιεσθαι
2200 5553 2215 5567 ·
2264 5537 2357 5592 sed
2392 5534 2678 5589 mutandus
2715 5545 2819 5584 non
2854 5537 2969 5583 erat
3000 5534 3251 5580 auristus.

405 5609 485 5693 (ξ)
520 5609 661 5693 Psai'.
697 5634 770 5683 LI,
795 5621 871 5674 ‘2:
917 5618 1060 5693 ἀπε).
1091 5615 1251 5685 ξυρὸν
1288 5609 1624 5685 ἠκονημένον
1658 5609 1918 5683 ἐποίησας
1949 5609 2121 5663 δόλον.

418 5688 486 5758 ’5)
515 5693 579 5754 C,
609 5690 761 5756 δέκα,
792 5701 850 5745 ut
879 5696 931 5745 et
962 5688 1121 5743 infra.

408 5696 488 5832 (ι)
521 5763 613 5816 Sic
645 5760 753 5815 AC.
786 5762 1070 5832 lgnoratur
1092 5774 1121 5810 n

432 5740 488 5831 λ)
786 5740 1338 5831 ΙῙέγηδτιιινυιξίιιειιιτιιιιι
1373 5755 1432 5808 τὸ
1462 5754 1723 5810 οἰκίσκον.
1752 5753 1886 5810 Puto

2011 5766 2039 5806 e
2075 5747 2324 5819 ἁντρώδη
2352 5746 2417 5801 ab
2451 5751 2670 5800 auctore
2699 5741 2813 5813 ipso
2845 5740 3126 5808 scriptum.

410 5826 483 5903 (5)
516 5835 579 5901 Α,
612 5826 1013 5899 ecorrectionc,
1046 5827 1222 5901 βασιλ.
1265 5826 1498 5896 λέγεται.
