3902 6358
460 375 595 441 1147

1897 373 2148 433 ADDEN
2156 374 2273 432 DA.

3583 369 3760 436 1H8

457 486 594 551 Quid
626 487 783 555 igitur
822 495 870 542 te
903 486 1138 556 adduxit,
1165 496 1218 541 ut
1244 504 1352 543 rem
1385 489 1680 559 hujusmodi
1711 489 2010 556 spurcitiem

2141 480 2281 533 Πάνυ
2321 496 2409 548 μοι
2441 478 2649 542 δοκεῖς,
2684 477 2916 530 δέσποτα
2943 517 2956 540 ,
3002 477 3100 546 τῆς
3147 475 3406 545 ἀληθείας
3440 473 3560 527 τῶν
3599 476 3750 542 δογ-

458 576 785 642 appellares?
814 573 1129 645 Magnopere
1152 592 1277 632 sane
1298 579 1423 632 mihi
1449 596 1475 632 a
1497 579 1794 648 dogmatum
1812 587 2013 632 vestro-

457 675 574 716 rum
602 665 820 717 veritate
842 665 1090 719 aberrare
1119 667 1331 721 videris.

525 750 621 804 Cui
669 752 759 806 ille
805 755 1074 822 respondit
1116 771 1130 810 :
1175 755 1245 809 Ita
1291 754 1544 823 profecto,
1580 757 1787 820 mulier,
1819 757 1929 811 liwc
1956 771 2014 812 se

460 839 677 904 habent,
704 843 1144 910 quemadmodum
1168 844 1259 899 abs
1284 854 1335 900 te
1356 847 1548 900 dictum
1572 857 1671 901 est.
1704 847 1850 901 Licet
1872 849 2010 900 cnim

458 933 780 998 quibuslibet
809 937 1146 990 matrimonio
1173 939 1427 1006 copulari,
1477 940 1706 1005 exceptis
1737 947 1910 991 tamen
1949 937 2014 991 iis

459 1024 546 1089 qui
572 1024 925 1089 virginitatem
947 1025 1156 1078 Christo
1178 1027 1341 1080 semel
1366 1027 1715 1094 premiserint.
1744 1027 1849 1094 Ego
1873 1027 2013 1078 enim

459 1115 522 1167 ab
548 1128 612 1168 eo
641 1113 723 1167 die
752 1130 856 1184 quo
886 1130 975 1182 per
1005 1116 1165 1170 divini
1205 1117 1444 1184 baptismi
1487 1116 1750 1169 lavacrum
1777 1130 1804 1168 ο
1829 1114 2015 1184 juven-

462 1205 650 1258 tutiset
669 1207 978 1275 ignorantia:
997 1223 1126 1262 mea:
1149 1210 1372 1275 peccatis
1396 1219 1642 1276 purgatus
1664 1224 1802 1270 sum,
1829 1225 2012 1276 purum

462 1296 716 1366 nieipsum
761 1299 971 1354 Christo
1000 1301 1249 1357 exhibere
1291 1302 1550 1370 pollicitus
1596 1316 1732 1354 sum.
1779 1303 2016 1368 Quonam

463 1387 623 1454 igitur
654 1391 809 1442 modo
841 1401 987 1459 pacta
1019 1406 1076 1447 ea
1106 1407 1219 1462 qua:
1249 1407 1367 1448 cum
1414 1392 1519 1446 Deo
1551 1391 1698 1447 salui
1729 1391 2018 1450 dissolvere

464 1484 618 1542 atque
642 1476 928 1546 infringere
946 1481 1184 1535 audebo?

533 1565 757 1623 Rursum
785 1582 955 1625 autem
988 1575 1050 1626 ad
1095 1590 1213 1629 eum
1242 1577 1431 1632 mulier
1462 1578 1542 1632 his
1566 1581 1742 1636 verbis
1772 1597 1863 1636 usa
1890 1597 1972 1641 est
2001 1600 2015 1636 :

463 1654 545 1710 Sit
573 1672 698 1711 sane
741 1659 806 1714 de
845 1660 940 1715 hac
969 1678 1024 1717 re
1054 1674 1110 1718 ut
1137 1666 1248 1732 ipse
1279 1668 1373 1721 vis.
1405 1671 1471 1722 At
1501 1671 1742 1739 exiguam
1774 1673 2016 1737 alteram,

464 1761 524 1800 ac
547 1748 742 1803 nullius
772 1753 1018 1806 momenti
1047 1756 1381 1823 cupiditatem
1425 1776 1591 1816 meam
1621 1765 1794 1832 exple,
1823 1766 1866 1818 si
1896 1765 2013 1834 qui-

464 1837 582 1890 dem
625 1840 816 1894 animae
857 1858 987 1897 mea:
1027 1847 1247 1901 salutem
1275 1849 1462 1904 afferre
1486 1852 1575 1907 tibi
1603 1854 1749 1908 cordi
1777 1866 1875 1910 est.
1909 1857 2016 1911 Hac

464 1927 720 1982 duntaxat
757 1941 910 1985 nocte
941 1949 1142 1988 mecum
1173 1952 1282 1992 rem
1316 1939 1470 2007 habe,
1511 1952 1668 2012 atque
1707 1945 1856 2000 effice
1884 1956 1940 2001 ut
1963 1959 2018 2003 et

464 2032 564 2084 ego
611 2029 697 2072 tua
748 2022 1136 2088 pulchritudine
1186 2025 1348 2092 fruar,
1390 2044 1451 2084 ac
1504 2040 1556 2084 tu
1595 2048 1800 2088 rursum
1835 2035 2017 2091 formze

463 2121 597 2162 mea:
624 2109 879 2178 elegantia
925 2115 1206 2181 explearis.
1257 2119 1407 2184 Quod
1455 2121 1500 2174 si
1552 2121 1760 2188 feceris,
1793 2125 1895 2180 hoc
1925 2127 2015 2181 tibi

464 2199 738 2266 polliceor,
771 2217 856 2258 me
879 2205 1032 2258 simul
1063 2215 1216 2275 atque
1244 2211 1354 2265 dies
1385 2212 1634 2280 illuxerit,
1666 2215 2016 2272 Christianam

464 2291 768 2359 religionem
799 2306 1182 2366 suscepturum,
1215 2309 1369 2369 atque
1395 2317 1601 2358 omnem
1625 2305 1842 2360 deorum
1875 2323 2020 2362 meo-

461 2393 577 2433 rum
596 2382 790 2436 cultum
812 2383 927 2454 fuga
952 2387 1247 2442 relicturam
1273 2405 1408 2446 esse.
1439 2394 1610 2462 Atque
1630 2395 1697 2449 ob
1719 2395 2013 2464 hujusmodi

461 2472 761 2540 consilium,
802 2491 902 2528 non
934 2479 1088 2534 modo
1119 2482 1343 2547 veniam,
1389 2485 1482 2538 sed
1537 2487 1695 2539 etiam
1739 2488 2015 2558 beneficia,

461 2563 646 2616 salutis
686 2580 817 2618 meae
857 2581 1036 2632 causa,
1062 2585 1090 2623 a
1124 2571 1228 2625 Deo
1253 2581 1342 2626 tuo
1369 2576 1725 2644 consequeris.
1757 2575 2014 2632 Gaudium

462 2649 625 2713 enim,
659 2651 825 2719 inquit
863 2653 1130 2724 Scriptura
1173 2669 1280 2725 tua,
1330 2673 1410 2716 est
1450 2665 1498 2716 in
1530 2664 1665 2717 caelo
1713 2681 1872 2733 super
1911 2683 2017 2722 uno

462 2749 739 2806 peccatore
763 2745 1118 2806 i-aanitentiam
1156 2759 1342 2818 agente
1365 2753 1538 2822 (Luce
1565 2758 1696 2824 nx).
1717 2757 1845 2811 Nam
1876 2759 1918 2812 si
1949 2761 2018 2814 ob

461 2829 700 2884 scelerati
728 2831 956 2888 hominis
987 2838 1398 2906 resipiscentiam
1431 2844 1611 2900 hetitia
1634 2848 1685 2901 in
1716 2849 1853 2904 ccelo
1872 2853 2016 2906 exci-

450 2938 614 2992 tatur,
653 2929 785 2998 quid
832 2931 1015 2985 all‘erri
1052 2940 1231 3001 potest
1259 2932 1393 3002 quin
1435 2933 1600 3003 hujus
1640 2935 2033 3005 resipiscentize

447 3023 660 3076 auctori
697 3039 952 3093 magnum
1001 3025 1287 3094 praemium
1315 3026 1626 3081 debeatur?
1651 3029 1728 3082 lta
1769 3037 1918 3084 certe
1947 3045 2033 3083 res

447 3127 506 3167 se
539 3111 722 3173 habet.
761 3129 862 3168 nec
886 3126 970 3169 est
1002 3116 1147 3183 quod
1175 3116 1413 3171 dubites.
1445 3117 1631 3183 Quid?
1663 3118 1860 3174 Annon
1899 3134 2033 3189 apo-

446 3201 573 3256 stoli
624 3218 865 3272 quoque,
913 3205 1195 3275 religionis
1249 3217 1448 3262 vestra:
1499 3209 1690 3274 duces,
1750 3210 2034 3280 complura

447 3301 598 3345 certo
631 3295 864 3348 consilio
911 3295 1205 3361 faciebant,
1257 3299 1509 3353 divinum
1547 3311 1884 3371 praeceptum
1918 3317 2035 3357 ma-

443 3381 582 3450 joris
627 3384 885 3452 prreeepti
931 3401 1094 3440 causa
1142 3388 1423 3441 interdum
1489 3389 1797 3444 violantes?
1839 3392 2034 3447 Annon

449 3471 652 3526 Paulus
703 3473 1082 3537 Timotheum,
1131 3480 1534 3547 praestantioris
1582 3483 1796 3536 consilii
1848 3498 2034 3548 causa,

446 3563 867 3619 circumcidisse
905 3567 1109 3621 dicitur
1146 3568 1279 3639 (Act.
1310 3572 1456 3640 xw)?
1487 3573 1652 3641 Atqui
1683 3574 2035 3630 circumcisio

446 3657 592 3726 apud
640 3656 988 3716 Christianos
1024 3661 1076 3714 in
1120 3663 1353 3718 crimine
1382 3673 1674 3732 censetur;
1708 3682 1813 3721 nec
1852 3676 2034 3724 tamen

450 3747 539 3802 ille
581 3748 689 3804 hoc
738 3749 921 3805 facere
973 3751 1269 3808 dubitavit.
1329 3756 1510 3824 Atque
1555 3758 1660 3812 alia
1716 3759 2034 3829 hujusmodi

447 3842 718 3910 permulta
751 3842 807 3896 in
850 3843 1154 3914 Scripturis
1193 3847 1301 3901 tuis
1344 3849 1611 3917 reperies.
1660 3849 1955 3917 Quocirca,
1988 3854 2034 3908 si

446 3934 596 3989 serio
635 3935 833 3992 animae
865 3953 999 3992 mea:
1038 3939 1272 3994 salutem
1315 3940 1512 3996 afferre
1562 3945 1741 4012 cupis,
1779 3943 2032 4013 exiguam

448 4025 590 4083 hanc
621 4043 797 4083 meam
831 4030 1191 4099 cupiditatem
1241 4035 1429 4103 exple;
1465 4044 1521 4090 et
1552 4051 1674 4106 ego,
1719 4053 2034 4107 quanquam

444 4117 653 4186 alioqui
684 4119 933 4188 perfecto
977 4121 1318 4177 matrimonii
1359 4139 1502 4178 nexu
1551 4133 1735 4179 tecum
1785 4128 2032 4195 copulari

445 4207 695 4278 cupiens,
743 4217 925 4266 tamen
975 4209 1237 4278 quoniam
1290 4211 1344 4264 id
1398 4213 1499 4267 tibi
1546 4214 1772 4269 minime
1814 4225 2029 4284 gratum

443 4307 552 4362 est,
599 4316 709 4352 non
763 4301 874 4368 jam
929 4299 1027 4353 tibi
1067 4301 1179 4353 vim
1235 4302 1484 4367 afferam,
1521 4320 1710 4358 verum
1759 4307 2029 4376 quidquid

445 4391 632 4443 animo
672 4400 766 4442 tuo
798 4391 1090 4457 insederit,
1123 4393 1354 4461 posthac
1399 4394 1617 4449 faciam.
1655 4397 1735 4451 Tu
1765 4398 1931 4469 igitur
1959 4415 2028 4456 ne

449 4496 536 4534 me
585 4496 806 4551 quoque
864 4498 1094 4552 prorsus
1125 4484 1357 4556 abjicias
1385 4495 1440 4541 et
1474 4491 1801 4556 exsecreris,
1835 4507 2026 4546 verum

2131 575 2317 644 μάτων
2347 573 2498 642 ὐμῶν
2524 569 2963 624 ἀποπλανᾶσθαι.

2212 748 2270 801 '0
2308 747 2385 812 δὲ,
2433 747 2570 810 Ναὶ,
2606 746 2794 815 φησὶν,
2839 740 2883 799 ὦ
2918 745 3098 812 γύναι·
3150 746 3323 811 οὕτως
3375 745 3494 814 ἔχει
3543 745 3748 798 ταῦτα

2136 839 2314 892 πάντα
2355 837 2534 900 καθὼς
2575 836 2822 906 εἴρηκας.
2872 836 3111 904 Ἐφεῖται
3149 838 3257 906 γὰρ
3291 838 3406 899 τοῖς
3449 835 3750 905 βουλομέο

2130 949 2240 994 νοις
2273 931 2433 1000 γάμῳ
2471 932 2770 982 κοινωνεῖν·
2805 928 2918 984 ἀλλ’
2948 931 3007 982 ού
3040 932 3150 991 τοῖς
3188 929 3333 994 ἅπαξ
3366 927 3747 995 amr-(auo-

2135 1022 2314 1090 μένοις
2340 1021 2418 1091 τῷ
2448 1021 2667 1092 Χριστῷ
2699 1021 3076 1089 παρθενεύειν.
3118 1021 3258 1088 Ἐγὼ
3290 1021 3422 1091 γὰρ,
3460 1021 3629 1084 ἐξότε
3661 1021 3746 1087 τῷ

2130 1111 2336 1182 λουτρῷ
2368 1112 2734 1182 ἐκαθαρίσθην
2757 1112 2848 1165 τοῦ
2873 1111 3016 1165 θείου
3043 1111 3443 1182 βαπτίσματος,
3478 1112 3601 1162 τῶν
3635 1116 3744 1181 τῆς

2131 1204 2379 1272 νεότητος
2402 1205 2495 1257 καὶ
2519 1205 2742 1272 ἀγνοίας
2765 1221 2865 1273 μου
2890 1206 3246 1275 πταισμάτων
3271 1204 3522 1274 καθαρὸν
3549 1206 3744 1271 tyana

2131 1294 2221 1345 τὸν
2254 1293 2601 1362 παραστῆσαι
2632 1293 2708 1363 τῷ
2747 1293 2968 1363 Χριστῷ
3002 1293 3406 1362 συνεταξάμην·
3449 1293 3556 1344 καὶ
3609 1292 3744 1353 πιῖις

2131 1385 2199 1438 τὰ
2228 1384 2624 1454 ὡμολογημένα
2657 1383 2775 1454 Θεῷ
2803 1383 3052 1436 διαλῦσαι
3090 1384 3386 1455 colit-hate;

2208 1563 2353 1632 Ἔφη
2389 1563 2444 1615 δὲ
2479 1561 2634 1625 αὐθις
2675 1565 2706 1632 η
2756 1564 2918 1632 γυνή’
2959 1563 3141 1614 Ἔστω
3193 1562 3290 1614 καὶ
3319 1559 3488 1614 τοῦτό
3526 1578 3632 1613 σου
3673 1564 3735 1613 τὸ

2135 1651 2364 1723 θέλημα,
2399 1652 2580 1714 καθὼς
2612 1652 2840 1721 βούλοιο.
2877 1651 3079 1721 Ἀλλην
3122 1652 3178 1704 δὲ
3214 1651 3422 1720 μικράν
3453 1667 3591 1703 τινα
3635 1651 3738 1703 καὶ

2132 1742 2426 1812 οὐδαμινὴν
2453 1742 2740 1814 πλήρωσον
2771 1742 3066 1810 ἐπιθυμίαν
3097 1759 3220 1812 μου,
3249 1741 3414 1810 εἴπερ
3455 1741 3648 1804 ὅντως
3677 1744 3740 1794 ἐν

2061 1841 2103 1896 Β
2133 1833 2361 1903 ἀληθείᾳ
2393 1833 2489 1903 τὴν
2516 1833 2693 1903 ψυχήν
2729 1849 2828 1902 μου
2865 1831 3039 1895 Θέλεις
3078 1831 3270 1884 σῶσαι.
3307 1831 3602 1901 Συγγενοῦ
3643 1850 3737 1901 μοι

2130 1925 2301 1994 ταύτῃ
2328 1927 2393 1994 τῇ
2420 1925 2576 1976 νυκτὶ
2598 1925 2693 1976 καὶ
2721 1923 2904 1993 μόνον,
2931 1922 3140 1976 καὶτοῦ
3169 1922 3264 1975 σοῦ
3291 1924 3736 1996 κατατρυφῆσαξ

2135 2032 2202 2084 με
2235 2014 2465 2077 κάλλους
2498 2014 2743 2084 ποίησον,
2771 2014 2872 2083 τῆς
2896 2015 3038 2084 ὲμῆς
3077 2031 3138 2067 τε
3173 2014 3335 2079 αὐτὸς
3365 2015 3741 2086 ἐμπλήσθητε

2133 2106 2487 2175 ὡραιότητος.
2521 2107 2630 2158 Καὶ
2660 2106 2817 2174 λόγον
2859 2121 2942 2157 σοι
2979 2105 3206 2176 δίδωμι,
3239 2105 3356 2175 ἅμα
3389 2105 3546 2175 πρωῒ
3587 2107 3734 2178 Χρι-

2133 2196 2352 2268 στιανὴν
2380 2196 2634 2265 γενέσθαι
2665 2198 2761 2250 καὶ
2794 2197 2974 2250 πᾶσαν
3009 2198 3268 2264 ἐκφυγεῖν
3298 2196 3398 2266 τὴν
3432 2197 3555 2253 τῶν
3584 2198 3731 2251 θεῶν

2135 2307 2234 2362 μου
2277 2289 2553 2361 λατρείαν.
2603 2291 2713 2343 Καὶ
2756 2288 2907 2341 ἔσται
2964 2305 3048 2341 σοι
3091 2289 3152 2340 οὐ
3199 2289 3360 2372 μονον
3408 2290 3730 2361 συγγνώμη

2131 2381 2316 2436 ἕνεκεν
2349 2381 2448 2452 τῆς
2477 2379 2781 2451 οἰκονομίας
2814 2379 3036 2449 ταύτης,
3057 2379 3192 2435 ἀλλὰ
3223 2381 3317 2436 καὶ
3339 2380 3569 2453 δωρεῶν
3594 2384 3736 2438 ἀντ-

2132 2473 2356 2542 άμειψις
2391 2472 2540 2541 παρά
2598 2471 2675 2542 τῷ
2712 2471 2833 2542 Θεῷ
2886 2488 2979 2524 σου
3023 2472 3185 2525 ἕνεκα
3211 2473 3308 2542 τῆς
3338 2474 3481 2542 ἐμῆς
3539 2492 3730 2545 σωτη-

2133 2565 2277 2635 ρίας·
2317 2563 2473 2633 Χαρά
2522 2563 2630 2632 γὰρ
2654 2605 2668 2626 ,
2704 2565 2864 2634 φησὶν
2903 2566 2935 2634 ἡ
2970 2564 3156 2635 Γραφή
3197 2580 3291 2617 σου
3328 2565 3481 2635 (50),
3511 2565 3732 2634 γίνεται

2324 2656 2380 2708 ὲν
2408 2654 2623 2724 οὐρανῷ
2653 2655 2738 2723 ἐφ’
2778 2655 2861 2707 ἑνὶ
2890 2654 3200 2724 ἁμαρτωλῷ
3229 2655 3620 2726 μετανοοῦντι.
3667 2659 3729 2710 Εἰ

2131 2745 2224 2798 οὐν
2260 2745 2406 2816 χαρά
2432 2745 2638 2814 γίνεται
2677 2747 2736 2796 ὲν
2765 2745 2980 2817 οὐρανῷ
3000 2747 3066 2799 δι’
3093 2748 3430 2817 ἐπιστροφὴν
3455 2749 3734 2817 ἁμαρτω-

2131 2837 2224 2892 λοῦ
2248 2876 2265 2903 ,
2294 2837 2373 2908 τῷ
2407 2837 2653 2908 προξένῳ
2675 2838 2773 2908 τῆς
2803 2839 3141 2910 ἐπιστροφῆς
3173 2840 3236 2892 οὐ
3270 2841 3444 2909 μέγας
3488 2841 3726 2908 ἑποφείο

2131 2930 2282 2984 λεται
2326 2929 2549 3000 μισθός;
2582 2930 2721 2995 Ναὶ,
2757 2931 2929 2994 οὕτως
2958 2931 3073 3001 ἔχει
3095 2973 3110 2998 ,
3147 2932 3242 2984 καὶ
3275 2933 3347 3001 μὴ
3381 2933 3724 3001 ἀμφίϐαλλε.

2134 3024 2208 3075 Οὐ
2259 3023 2429 3075 πολλά
2475 3022 2532 3074 δὲ
2581 3022 2674 3075 καὶ
2721 3023 2770 3075 oi
2805 3023 3040 3092 ἀρχηγοὶ
3079 3023 3179 3092 τῆς
3221 3023 3524 3094 θρησκείας
3568 3025 3726 3094 ὐμῶν

2132 3113 2419 3166 ἀπόστολοι
2474 3114 2591 3166 κατ’
2630 3114 2942 3183 οἰκονομίαν
2987 3115 3228 3178 ἐποίουν,
3277 3115 3723 3184 παραῦαίνοντες

2059 3185 2099 3242 C
2133 3202 2245 3255 ἔσθ’
2283 3204 2371 3256 ὅτε
2417 3204 2655 3273 ἐντολὴν,
2703 3203 2866 3256 ἕνεκα
2914 3205 3163 3274 μείζονος
3205 3205 3459 3275 ὲντολῆς;
3507 3208 3584 3259 Οὐ
3633 3209 3722 3260 τὸν

2136 3294 2347 3347 Παῦλον
2377 3294 2594 3362 λέγεται
2624 3297 2942 3366 περιτεμεῖν
2972 3296 3062 3348 τὸν
3084 3297 3350 3365 Τιμόθεον
3382 3299 3522 3367 (5i),
3556 3300 3725 3354 ἕνεκα

2136 3387 2444 3460 κρείττονος
2484 3388 2834 3458 οίκονομίας;
2875 3387 3053 3440 καίτοι
3097 3388 3416 3459 παράνομον
3453 3391 3724 3459 Χριστιαο

2136 3480 2243 3538 νοῖς
2286 3479 2319 3547 ἡ
2369 3478 2638 3547 περιτομὴ
2686 3477 3016 3546 λελόγισταιο
3071 3478 3185 3530 ἀλλ’
3233 3480 3384 3548 ὅμως
3415 3481 3630 3544 ἐκεῖνος
3660 3483 3718 3534 οὐ

2135 3570 2490 3639 παρῃτήσατο
2536 3568 2694 3622 τοῦτο
2739 3569 2984 3641 ποιῆσαι.
3033 3571 3139 3624 Καὶ
3181 3570 3350 3624 πολλά
3396 3572 3632 3626 τοιαῦτα
3666 3575 3719 3626 ἐν

2137 3660 2255 3722 ταῖς
2291 3661 2532 3732 Γραφαῖς
2577 3678 2670 3712 σου
2702 3663 2978 3732 εὑρήσεις.
3013 3663 3074 3714 El
3117 3659 3212 3716 οὖν
3249 3663 3392 3717 κατά
3430 3663 3715 3734 ἀλήθειαν,

2139 3751 2321 3815 καθὼς
2347 3753 2544 3821 λέγεις,
2577 3753 2749 3806 σῷσαί
2785 3772 2884 3824 μου
2908 3753 3007 3825 τὴν
3033 3755 3212 3825 ψυχὴν
3241 3755 3424 3825 ζητεῖς
3445 3799 3460 3821 ,
3493 3757 3596 3828 τὴν
3634 3777 3720 3827 μι-

2140 3844 2276 3914 κράν
2305 3860 2407 3913 μου
2433 3844 2636 3916 ταύτην
2661 3844 2960 3915 ἐπιθυμίαν
2994 3846 3300 3916 πλήρωσον.
3332 3848 3443 3900 Καὶ
3472 3847 3589 3915 ἐγὼ
3622 3850 3718 3918 μὲν

2137 3934 2318 4005 τελεία
2348 3951 2432 3986 σοι
2458 3935 2711 4004 κοινωνίᾳ
2731 3935 2909 4006 γάμου
2937 3936 3274 4008 συναφθῆναι
3297 3937 3565 4008 ζητοῦσα,
3599 3941 3717 3992 ἐπεί

2141 4043 2221 4079 σοι
2249 4026 2309 4078 οὐ
2339 4026 2675 4096 καταθύμιόν
2712 4027 2828 4082 ἐστι
2871 4027 3050 4096 τοῦτο,
3091 4029 3296 4082 οὐκέτι
3331 4046 3389 4082 σε
3437 4047 3714 4099 καταναγο

2143 4117 2331 4180 κάζω,
2365 4116 2433 4169 τὰ
2476 4118 2682 4186 ἀρεστά
2725 4135 2807 4171 σοι
2854 4120 3033 4172 πάντα
3088 4119 3338 4175 ποιοῦσα·
3400 4121 3590 4175 λοιπον
3627 4125 3716 4176 καὶ

2141 4208 2303 4270 αὐτὸς
2335 4207 2412 4277 μὴ
2446 4207 2620 4276 πάντη
2664 4207 2908 4281 βδελύξξγ
2956 4210 3093 4273 ἀλλ’,
3143 4211 3462 4275 ὑπακούσας
3514 4232 3616 4284 μου
3659 4216 3716 4266 τὸ

2141 4299 2286 4365 ἅπαξ
2319 4298 2478 4353 τοῦτο
2501 4339 2516 4363 ,
2567 4299 2762 4363 σώσεις
2795 4318 2860 4369 με
2881 4343 2894 4366 ,
2927 4302 3028 4371 τῆς
3073 4303 3467 4374 δεισιδαίμονος
3511 4305 3714 4375 πλάνης

2141 4390 2443 4458 ῥυσάμενος
2463 4429 2479 4456 ,
2510 4388 2578 4442 τὰ
2611 4389 2905 4460 δεδογμένα
2935 4392 2992 4445 δέ
3018 4410 3097 4445 σοι
3123 4395 3202 4457 είς
3227 4396 3286 4446 τδ
3317 4395 3445 4467 ἑξῆς
3472 4401 3714 4465 ποιήσεις

2139 4479 2228 4531 διὰ
2261 4480 2377 4550 βίου
2418 4481 2638 4544 παντός.

446 4575 504 4630 in
543 4575 647 4632 hac
685 4593 790 4632 una
837 4595 897 4634 re
931 4581 1065 4634 mihi
1104 4582 1416 4652 obsequens
1465 4586 1698 4642 salutem
1732 4589 1870 4644 mihi
1901 4589 2058 4655 aﬂ‘er,
2106 4599 2272 4660 atque
2321 4606 2352 4644 a
2394 4588 2782 4660 superstitioso
2815 4605 3005 4644 errore
3052 4606 3136 4644 me
3167 4591 3370 4655 libera,
3423 4602 3478 4646 tu
3525 4605 3704 4648 autem

444 4668 707 4742 deinceps
743 4689 840 4743 per
886 4688 1107 4730 onmem
1136 4677 1261 4731 vitm
1301 4695 1527 4734 cursum
1568 4698 1689 4751 qua:
1736 4683 1835 4737 tibi
1876 4685 1990 4738 visa
2027 4684 2232 4740 fuerint
2268 4683 2438 4739 facias
2468 4684 2676 4739 licebit.

520 4761 618 4816 His
641 4764 825 4819 verbis
853 4774 1017 4821 utens
1041 4773 1188 4838 (nam
1207 4778 1264 4824 et
1283 4771 1521 4826 habebat
1537 4775 1630 4842 qui
1649 4777 1752 4844 ipsi
1774 4792 2033 4846 suggere-

2213 4775 2370 4827 Οὕτω
2391 4775 2623 4843 λέγουσα
2657 4779 2789 4845 (καὶ
2815 4779 2924 4850 γὰρ
2953 4774 3065 4850 εἶχε
3108 4781 3197 4834 τὸν
3231 4784 3646 4854 εἰσηγούμενον,
3673 4783 3711 4856 ᾧ

448 4861 553 4920 ret,
580 4855 668 4909 cui
691 4857 861 4910 etiam
882 4872 1045 4911 aures
1065 4859 1203 4913 clam
1225 4852 1578 4928 admovebat,
1604 4875 1767 4935 atque
1786 4867 2023 4938 Scriptu-

2141 4866 2233 4920 καὶ
2285 4866 2350 4918 τὰ
2401 4860 2517 4920 ὦτα
2565 4868 2786 4937 ὑπεῖχεν
2834 4869 2970 4941 αὐτη
3016 4871 3292 4942 κρυφίως·
3344 4873 3437 4926 καὶ
3485 4875 3711 4945 Γραφῶν

446 4960 632 4999 rarum
652 4946 863 5014 peritus
886 4948 1079 5003 estille
1107 4949 1226 5004 vitii
1251 4951 1447 5006 artifex
1474 4954 1777 5025 diabolus),
1812 4956 1917 5022 his,
1948 4958 2030 5010 in-

443 5050 634 5104 quam,
667 5037 851 5092 verbis
885 5049 1066 5103 utens,
1097 5055 1335 5110 eumque
1358 5041 1701 5110 demulcens,
1725 5061 1788 5099 ac
1817 5047 1954 5100 retia
1976 5057 2030 5101 et

442 5128 673 5197 laqueos
699 5129 800 5198 ipsi
823 5139 938 5184 tum
982 5148 1012 5185 a
1051 5131 1281 5197 dextris,
1309 5143 1424 5189 tum
1455 5151 1484 5189 a
1511 5137 1752 5194 sinistris
1781 5139 2025 5209 undique

443 5228 694 5285 nectens,
709 5223 875 5276 animi
895 5223 1067 5292 ipsius
1086 5226 1282 5279 turrim
1300 5227 1652 5295 labefactare,
1674 5231 2026 5303 institutique

444 5310 617 5378 ipsius
630 5327 830 5366 nervos
847 5312 1160 5378 debilitare,
1183 5331 1246 5370 ac
1269 5317 1610 5374 voluntatem
1626 5329 1681 5374 et
1697 5323 2024 5378 sententiam

441 5401 695 5456 emollire
720 5403 1191 5473 incipiebat.Vitii
1224 5415 1406 5462 autem
1438 5418 1605 5475 sator,
1636 5427 1699 5466 ac
1727 5413 2022 5482 proborum

447 5491 691 5548 virorum
708 5496 902 5559 hostis.
921 5498 1197 5553 labantem
1213 5500 1387 5571 ipsius
1398 5501 1640 5556 animum
1657 5505 2024 5574 conspiciens,

536 5615 645 5680 (50)
679 5615 808 5671 Luc.
842 5633 930 5681 xv,
963 5617 1018 5669 7.

537 5685 648 5752 (5i)
686 5687 802 5739 Act.
837 5704 922 5751 ap.
959 5702 1065 5749 ur,
1097 5685 1151 5747 5,

2141 4958 2403 5028 ἔμπειρος
2432 4961 2459 5012 ὁ
2493 4959 2693 5031 λῃστὴς
2727 4956 2816 5031 ἦν,
2852 4964 2879 5015 ὁ
2905 4964 3001 5034 τῆς
3023 4963 3414 5029 κακίαςδντως
3453 4967 3708 5041 δημιουρο

2141 5050 2235 5118 γὸς
2260 5051 2354 5102 καὶ
2377 5050 2730 5121 διδάσκαλος)
2751 5093 2764 5116 ,
2789 5054 3017 5109 τοιαῦτα
3046 5056 3335 5129 τοιγαροῦν
3359 5057 3596 5125 λέγουσα
3626 5064 3711 5113 καί

2144 5140 2550 5204 ὐποσαίνουσα,
2599 5142 2793 5198 δίκτυά
2831 5163 2889 5197 τε
2924 5148 3018 5200 καὶ
3060 5148 3298 5217 παγίδας
3341 5151 3405 5203 ὲκ
3435 5151 3623 5217 δεξιῶν
3655 5171 3708 5205 τε

2143 5235 2239 5287 καὶ
2285 5233 2345 5300 ἐξ
2374 5236 2670 5306 εὐωνύμων
2712 5236 2859 5308 αὐτῷ
2903 5241 3310 5310 περιπλέκουσα
3335 5281 3349 5305 ,
3386 5242 3478 5294 τὸν
3511 5242 3710 5313 πύργον

2144 5327 2310 5380 αὐτοῦ
2343 5328 2439 5398 τῆς
2467 5328 2644 5398 ψυχῆς
2677 5329 3015 5384 διασαλεύειν
3055 5333 3250 5403 ἤρχετο
3272 5372 3284 5396 ,
3327 5333 3418 5385 τὸν
3465 5336 3615 5388 τόνον
3656 5353 3707 5386 τε

2143 5419 2420 5490 ὑποχαλᾷν
2450 5421 2560 5491 (5'2)
2591 5421 2755 5477 αὐτοῦ
2802 5423 2902 5492 τῆς
2936 5424 3246 5492 προθέσεως
3270 5465 3282 5487 ,
3317 5425 3413 5477 καὶ
3448 5427 3547 5496 τὴν
3578 5427 3707 5495 γνὼ-

2143 5526 2252 5580 μην
2291 5511 2455 5582 279
2495 5513 2891 5584 μαλακωτέραν
2941 5517 3130 5568 ποιεῖν.
3177 5515 3235 5570 ’0
3264 5515 3321 5569 δὲ
3353 5519 3587 5587 σπορεῦς
3619 5520 3706 5586 τῆς

543 5754 655 5835 (.52)
686 5754 948 5824 Georgius
998 5755 1246 5824 Acropul.
1293 5754 1491 5810 Hister.
1544 5773 1593 5826 ιι.
1641 5757 1708 5812 55
1753 5776 1763 5811 :
1800 5758 1870 5813 Τὸ
1903 5759 2007 5812 τῶν

2141 5759 2336 5829 μάτων
2392 5760 2562 5832 χαλᾷν
2612 5761 2961 5833 εὐεπήϐοὶον.
3015 5762 3146 5820 Cod.
3207 5765 3338 5820 '50“
3371 5804 3385 5832 ,
3440 5763 3702 5835 ὑποχαλιὶν

468 5824 682 5878 melius.
