3902 6358
63 390 234 459 1153

1206 395 1380 451 νιίΛ
1426 396 1781 449 ιιΛιιιΛΑΜ
1821 398 1906 450 El
1953 398 2303 452 JUAbAl’ll.

3204 408 3337 476 1154

56 505 324 568 ἑαυτοὺς
369 503 417 555 οἱ
451 500 886 576 παροργίζοντες
915 501 1098 568 αὑτὸν,
1135 504 1260 558 οἵων
1312 505 1367 558 δὲ
1408 505 1678 559 κολάσεων

1783 513 2102 570 iracundiam
2134 528 2423 584 provocant
2469 519 2619 576 bonis
2656 536 2776 579 sese
2819 528 3062 594 privent,
3106 533 3351 598 quantis-

56 596 428 658 brreuOtivou;
459 595 807 665 εἰργάσαντο.

139 818 272 872 Καὶ
301 817 418 879 νῦν,
450 807 494 866 ὦ
538 817 737 887 πάτερ,
784 815 906 869 ἐπεί
951 833 1045 868 σου
1083 815 1153 867 τά
1193 808 1308 869 ὦτα
1342 815 1542 880 έδυσας
1578 815 1672 869 τοῦ

56 911 148 981 μὴ
203 909 440 964 ἀκοῦσαί
491 926 594 978 μου
631 909 730 978 τῆς
764 908 952 977 φωνῆς
991 907 1090 977 τῆς
1121 910 1190 961 τά
1221 908 1401 977 ἀγαθά
1442 927 1522 961 σοι
1576 911 1674 960 ἐπι

56 1001 341 1071 ᾳδούσης,
367 1001 530 1070 283
571 999 675 1053 κᾶν
711 1001 811 1071 ἐμὲ
851 999 925 1070 μὴ
958 999 1133 1052 κώλυε
1165 998 1260 1069 τὴν
1285 999 1499 1053 εὐθεῖαν
1529 999 1675 1070 βαδί-

56 1110 165 1145 σαι
197 1093 340 1146 ὀδόν.
375 1091 546 1144 Τοῦτο
581 1091 690 1162 γὰρ
717 1090 888 1156 ποθῶ,
917 1090 1108 1144 τούτου
1137 1092 1380 1162 ἐφίεμαι,
1409 1090 1503 1144 τοῦ
1538 1090 1674 1145 πάνυ

56 1203 187 1238 των
219 1185 628 1254 ἀπαλλαγῆναι,
662 1184 755 1236 καὶ
785 1182 986 1246 τόπους
1017 1182 1348 1236 καταλαϐεῖν
1373 1182 1502 1236 ἔνθα
1530 1183 1674 1251 Βαρ-

56 1279 240 1349 ὶ.αὰμ
278 1278 307 1328 ὁ
336 1277 431 1330 τοῦ
456 1275 698 1347 Χριστοῦ
729 1276 988 1346 θεράπων
1019 1275 1115 1339 τὰς
1149 1276 1390 1346 οἰκήσεις
1419 1274 1550 1344 ἔχει,
1579 1275 1676 1328 καὶ

56 1369 176 1419 σὺν
211 1367 362 1438 αὐτῷ
383 1368 443 1420 τὸ
463 1366 650 1420 λοιπὸν
672 1367 770 1436 τῆς
793 1366 1076 1437 παρούσης
1104 1383 1204 1436 μου
1229 1365 1476 1418 διανῦσαι
1494 1366 1664 1435 ζωῆς.

56 1460 128 1511 ΕΞ
162 1459 231 1512 δὲ
264 1459 355 1530 βία
378 1460 673 1528 κατασχεῖν
705 1474 773 1527 με
797 1456 1100 1527 θελήσειας,
1127 1456 1250 1526 ὄψει
1289 1474 1355 1526 με
1389 1456 1580 1510 θᾶττον
1611 1459 1674 1527 τῇ

54 1551 238 1625 λύπῃ
271 1551 366 1604 καὶ
415 1549 685 1619 ἀδημονίᾳ
723 1549 914 1619 νεκρόν
941 1565 955 1580 ο
987 1548 1082 1602 καὶ
1128 1548 1254 1601 οὔτε
1287 1550 1351 1603 σὺ
1391 1549 1452 1602 τὸ
1491 1549 1677 1602 λοιπὸν

54 1641 274 1712 πατὴρ
307 1642 576 1714 κληθήσῃ,
619 1639 740 1693 οὔτε
775 1640 891 1694 υἱόν
921 1657 989 1711 με
1021 1640 1099 1694 ἔτι
1129 1640 1294 1705 ἕξεις.

150 1841 321 1893 ΚΕΦ.
355 1840 481 1894 AA’.
512 1867 577 1881 -ο
622 1839 792 1893 Πάλιν
824 1832 916 1892 οὖν
950 1838 1158 1911 ἀθυμία
1189 1839 1422 1910 κατέσχε
1447 1839 1539 1892 τὸν
1573 1839 1673 1910 βαρ
1708 1870 1750 1927 Β

56 1933 244 1985 σιλέα
277 1931 418 1999 (m-
452 1931 615 1983 πάλιν
642 1931 941 1999 ἀπελέγετο
974 1933 1102 2003 ὅλην
1143 1932 1316 1986 αὑτοῦ
1360 1931 1460 2002 τὴν
1505 1931 1673 2003 ζωήνο

55 2026 204 2087 καὶ,
233 2023 381 2076 δεινά
410 2023 660 2092 στρέφων
694 2025 751 2075 ὲν
784 2022 964 2093 ἑαυτῷ
989 2063 1002 2082 .
1033 2025 1113 2086 είς
1135 2023 1195 2076 τὸ
1224 2023 1352 2075 ἴδιον
1375 2021 1540 2092 ἀπῄει
1570 2041 1679 2076 πα-

55 2118 296 2170 λάτιον.
359 2115 438 2167 Τά
480 2114 537 2167 δὲ
579 2114 731 2183 παρά
778 2113 872 2166 τοῦ
923 2113 1102 2167 Θευδᾶ
1149 2112 1530 2166 ἀποσταλέντα
1577 2116 1679 2183 τῆς

58 2206 360 2277 πονηρίας
392 2205 680 2274 πνεύματα
709 2204 849 2256 κατά
877 2205 971 2256 τοῦ
1004 2204 1147 2257 θείου
1183 2204 1375 2266 παιδος
1400 2205 1677 2270 ,.έπανελ-

59 2300 256 2351 θὸντα
319 2295 456 2366 πρὸς
510 2296 697 2362 αὐτὸν,
745 2297 1190 2368 κατῃσχυμμένα
1239 2297 1338 2368 τὴν
1376 2291 1546 2367 ἧτταν
1579 2298 1675 2350 άν-

58 2388 360 2460 ωμ.ολόγει
387 2386 518 2454 (45),
550 2386 724 2440 καίτοι
752 2387 1044 2457 φιλοψευδῆ
1082 2388 1210 2440 ὄντα
1230 2404 1244 2419 ⁸
1283 2388 1528 2458 σύμϐολα
1568 2389 1677 2460 γάρ

64 2477 243 2546 σαφῆ
259 2476 357 2544 τῆς
379 2477 546 2546 ἥττης
564 2476 760 2547 ἔφερον
783 2477 876 2529 ὲπὶ
892 2478 991 2546 τῆς
1015 2479 1258 2547 πονηρᾶς
1280 2477 1458 2530 αὐτῶν
1480 2477 1673 2547 ὅψεως.

74 2573 150 2624 Ὀ
185 2570 271 2637 δὲ,
309 2571 418 2622 Καὶ
462 2568 640 2632 οὕτω,
673 2570 858 2639 φησιν,
907 2569 1151 2632 ἀσθενεῖς
1187 2570 1342 2640 ὑμεῖς
1372 2571 1464 2623 καὶ
1487 2570 1677 2624 ταλαί-

62 2679 288 2731 πωροι,
313 2661 385 2725 ὡς
415 2661 532 2724 ἐνὸς
570 2661 856 2731 μειρακίου
893 2661 968 2731 μὴ
1003 2660 1421 2730 περιγενέσθαιί
1453 2663 1585 2714 Τότε
1611 2663 1679 2717 τά

63 2752 309 2823 πονηρά
349 2751 668 2821 πνεύματα,
707 2749 828 2821 θείᾳ
877 2750 1107 2820 δυνάμει
1147 2751 1571 2820 τιμωρούμενα,
1599 2753 1679 2816 είς

64 2847 206 2915 φῶς
248 2845 451 2899 ἄκοντα
493 2843 592 2914 τὴν
637 2842 896 2913 ἀλήθειαν
936 2837 1096 2912 ἦγεν,
1142 2841 1254 2911 Οὐχ
1300 2841 1674 2912 ὑπομένομεν,

65 2940 133 2990 λέ
149 2954 344 3006 γοντα,
378 2935 499 2988 οὐδὲ
533 2933 984 3004 ἀντοφθαλμῆσαι
1025 2935 1162 2997 ὅλως
1194 2936 1259 3003 τῇ
1303 2933 1398 2986 τοῦ
1439 2933 1677 3004 Χριστοῦ

66 3029 319 3101 δυνάμει
355 3028 451 3081 κα).
475 3026 554 3097 τῷ
578 3025 834 3097 συμϐόλῳ
855 3025 950 3078 τοῦ
981 3025 1187 3090 πάθους
1218 3024 1406 3091 αὐτοῦ,
1438 3025 1496 3078 ὃν
1524 3043 1680 3079 σταυ-

74 3125 187 3195 ρδν
235 3119 516 3174 καλοῦσιν.
583 3117 823 3171 Ἑκείνου
877 3118 986 3189 γάρ
1049 3120 1426 3189 τυπουμένου,
1486 3120 1680 3188 φθάνο-

1779 620 1882 673 que
1921 621 2127 662 rursum
2167 609 2440 664 tormentis
2469 612 2726 666 obnoxios
2770 629 2829 669 se
2859 618 3081 670 reddant
3118 621 3349 674 demou-

1779 701 1982 752 stravit.

1851 792 1917 842 At
1945 804 2102 856 nunc,
2126 806 2158 846 ο
2183 801 2346 859 pater,
2371 793 2618 862 quoniam
2644 806 2695 848 tu
2718 809 2872 851 aures
2896 806 3011 851 tuas
3042 799 3332 863 occlusisti,

1781 893 1846 932 ne
1873 894 2055 935 vocem
2089 897 2257 936 meam
2290 883 2426 938 bona
2470 895 2630 952 atque
2679 885 2822 940 utilia
2867 887 2959 942 tibi
3007 891 3344 946 occinentem

1777 973 2015 1038 audires,
2062 988 2128 1028 ne
2175 990 2258 1028 me
2286 975 2474 1030 saltem
2505 991 2610 1045 quo
2650 979 2824 1032 minus
2852 988 3050 1033 rectam
3085 982 3222 1035 viam
3252 995 3344 1036 ca-

1779 1077 1986 1130 pessam
2019 1062 2298 1132 impedias.
2333 1065 2441 1119 Hoc
2471 1070 2612 1122 enim
2645 1070 2800 1136 cupio
2824 1111 2838 1134 ,
2894 1069 2993 1123 hoc
3022 1083 3217 1138 expeto
3239 1113 3255 1138 ,
3291 1081 3348 1126 ut

1778 1153 2029 1207 omnibus
2058 1154 2214 1209 rebus
2245 1155 2532 1217 liberatus.
2564 1157 2630 1210 ad
2659 1173 2720 1212 ea
2754 1159 2871 1214 loca
2903 1161 3223 1215 contendam
3245 1202 3260 1228 ,
3295 1164 3346 1216 in

1779 1244 1969 1312 quibus
2000 1245 2240 1300 Barlaam
2262 1246 2459 1300 Christi
2509 1246 2738 1302 famulus
2770 1249 3006 1314 habitat,
3030 1266 3096 1306 ac
3124 1267 3241 1306 cum
3274 1267 3339 1307 eo

1779 1338 1917 1403 quod
1942 1338 2068 1391 mihi
2099 1339 2356 1407 reliquum
2387 1349 2468 1392 est
2495 1342 2619 1393 vita:
2656 1342 2953 1396 couficiam.
2985 1344 3135 1408 Quod
3186 1358 3230 1396 st
3263 1359 3349 1396 me

1782 1439 1875 1492 per
1901 1427 2001 1478 vim
2019 1425 2247 1480 retinere
2275 1429 2326 1480 in
2348 1428 2582 1482 animum
2612 1429 2903 1497 induxeris,
2937 1446 3090 1501 quam
3119 1434 3347 1500 primum

1783 1529 1869 1569 me
1896 1531 2125 1570 mmrore
2165 1533 2226 1571 ac
2271 1519 2427 1572 tmdio
2467 1520 2785 1574 exstinctum
2817 1521 3039 1577 videbis,
3072 1523 3141 1577 Ita
3176 1523 3264 1575 fiet
3293 1531 3349 1576 ut

1779 1620 1876 1659 nec
1906 1616 1957 1660 tu
1992 1618 2137 1675 pater
2163 1608 2273 1678 jam
2311 1612 2599 1678 appelleris
2627 1652 2643 1677 ,
2677 1629 2773 1670 nec
2815 1619 2900 1670 me
2929 1615 3091 1670 lilium
3131 1616 3351 1672 habitu.-

1779 1710 1868 1750 ιἰιε
1895 1709 1993 1750 SIS.

1846 1863 1974 1919 CAP.
2007 1863 2193 1918 XXXI.
2222 1894 2288 1904 -
2312 1864 2543 1920 Rursum
2588 1866 2750 1934 igitur
2776 1867 2960 1936 ingens
2989 1883 3166 1939 regem
3208 1884 3358 1924 mm--

1778 1955 1917 2008 stitia
1948 1954 2172 2019 invasit;
2202 1970 2411 2009 rursum
2435 1972 2647 2011 omnem
2675 1959 2794 2012 vita:
2817 1974 2928 2012 sum
2949 1973 3096 2028 spem
3117 1959 3347 2029 despon-

1778 2043 1904 2099 dere
1932 2043 2124 2112 cmpit;
2158 2053 2317 2112 atque
2347 2047 2541 2100 acerba
2567 2060 2748 2100 secum
2792 2049 2974 2102 animo
3019 2049 3258 2118 agitans,
3290 2053 3344 2106 in

1780 2132 2032 2201 palatium
2064 2146 2214 2186 suum
2259 2132 2408 2186 abiit.
2442 2133 2511 2186 At
2546 2147 2675 2187 vero
2705 2135 2930 2200 improbi
2981 2135 3056 2190 illi
3095 2139 3345 2206 spiritus,

1779 2223 1866 2290 qui
1896 2221 2149 2276 adversus
2179 2221 2411 2276 divinum
2448 2223 2697 2290 juvenem
2729 2240 2755 2276 a
2778 2221 2998 2278 Theuda
3047 2226 3197 2279 missi
3225 2225 3343 2281 fne-

1780 2319 1918 2377 rant,
1950 2311 2016 2365 ad
2046 2327 2166 2366 eum
2198 2313 2607 2381 pudore-suffusi
2641 2313 2897 2379 redeunt,
2926 2324 3085 2385 atque
3107 2319 3348 2385 quamvis

1779 2399 1973 2468 altoqui
2005 2400 2280 2454 mendacio
2301 2401 2592 2469 gaudeant,
2628 2412 2899 2470 acceptam
2934 2412 3110 2458 tamen
3132 2405 3344 2460 cladem

1777 2487 2118 2543 conﬁtentur.
2147 2488 2350 2556 Quippe
2380 2491 2654 2556 perspicua
2687 2490 2853 2544 cladis
2896 2492 3045 2562 signa
3085 2493 3134 2546 in
3167 2495 3340 2548 scele-

1779 2585 1894 2634 rato
1919 2593 2016 2633 suo
2044 2581 2188 2633 vultu
2217 2581 2493 2646 gerebant.
2519 2580 2611 2634 llle
2636 2591 2812 2635 autem
2840 2599 2852 2633 :
2880 2581 3058 2651 Usque
3099 2583 3304 2638 adeone
3327 2625 3343 2646 ,

1778 2667 1968 2736 inquit,
2000 2669 2292 2723 imbecilles
2339 2683 2401 2723 ac
2450 2669 2631 2724 miseri
2672 2671 2832 2735 estis,
2860 2679 2916 2723 ut
2947 2671 3344 2726 adolescentem

1777 2773 1938 2812 unum
1969 2760 2179 2813 vincere
2208 2760 2426 2814 minime
2456 2761 2774 2828 potueritis?
2799 2761 2945 2814 Tunc
2978 2762 3206 2830 improbi
3239 2764 3346 2834 spi-

1780 2849 1912 2904 ritus
1943 2847 2133 2900 virtute
2181 2848 2358 2901 divina
2409 2849 2723 2912 excruciati,
2775 2850 3052 2903 veritatem
3104 2851 3252 2904 inviti
3295 2852 3346 2908 in

1779 2941 1951 2997 bicetu
1981 2943 2328 3011 protulerunt,
2360 2943 2444 2998 his
2464 2943 2640 2998 verbis
2663 2952 2870 2997 utentes
2896 2960 2907 2994 :
2933 2941 3128 2997 Christi
3160 2951 3346 3009 poten-

1776 3035 1862 3089 tia:
1888 3049 1948 3088 ac
1975 3037 2231 3101 passionis
2255 3034 2418 3102 ipsius
2442 3035 2617 3103 signo,
2641 3035 2778 3104 quod
2807 3035 3030 3089 Crucem
3054 3034 3345 3102 appellant,

1778 3138 1841 3175 ne
1870 3124 2131 3177 tantillum
2162 3125 2373 3193 quidem
2407 3125 2665 3179 obluctari
2695 3139 3000 3192 possumus.
3049 3125 3178 3178 Nam
3221 3139 3342 3178 cum

77 3231 197 3285 μεν
224 3211 338 3281 (46)
373 3211 679 3281 ἀνακράτος
742 3211 1036 3280 φεύγοντές
1078 3227 1137 3262 τε
1181 3211 1276 3263 καὶ
1326 3211 1677 3281 διωθούμενοι

1783 3229 1836 3266 ea
1881 3214 2188 3282 effingitur,
2232 3215 2410 3269 statim
2461 3225 2724 3284 quotquot
2764 3217 2905 3268 acris
2955 3216 3228 3282 principes
3286 3230 3348 3269 ac

75 3304 262 3377 284
298 3304 500 3366 πάντες
528 3304 576 3356 oi
606 3301 700 3356 τοῦ
729 3302 889 3373 ἀέρος
922 3301 1186 3372 ἄρχοντες
1225 3301 1320 3354 καὶ
1360 3303 1674 3374 κοσμοκρά-

75 3415 253 3468 τορες
286 3395 380 3448 τοῦ
420 3395 648 3458 σκότους
675 3394 809 3464 (47),
855 3395 987 3464 πρὶν
1023 3393 1055 3464 ἢ
1088 3393 1310 3456 τελείως
1335 3393 1466 3446 αὐτὸ
1493 3411 1678 3446 τυπω-

81 3492 256 3560 θῆναι
293 3488 427 3559 (48).
465 3487 628 3540 Ὅθεν
660 3487 750 3540 καὶ
780 3484 855 3556 τῷ
881 3485 1151 3556 νεανίσκῳ
1179 3485 1354 3556 τούτῳ
1387 3485 1680 3538 ἐπιπεσόν-

81 3598 187 3644 τες
222 3578 408 3640 δεινῶς
438 3577 784 3648 ὲταράξαμεν
806 3593 819 3606 ο
851 3577 878 3629 ὁ
917 3577 994 3638 δὲ,
1023 3575 1113 3628 τὸν
1139 3575 1373 3644 Χριστὸν
1413 3575 1677 3628 ἐπικαλε-

83 3673 334 3742 σάμενος
362 3671 441 3733 είς
468 3669 786 3740 συμμαχίαν
824 3670 916 3724 καὶ
950 3668 1029 3739 τῷ
1058 3669 1271 3740 σημείῳ
1312 3668 1406 3721 τοῦ
1445 3666 1680 3738 σταυροῦ

83 3759 434 3822 καθοπλίσας
463 3760 676 3824 ἑαυτὸν,
706 3759 856 3828 ἡμᾶς
889 3775 948 3810 τε
979 3757 1212 3810 διώσατο
1240 3759 1358 3828 μετ’
1389 3757 1560 3828 ὀργῆς
1587 3758 1682 3812 καὶ

82 3853 402 3923 ἀσφάλειαν
438 3851 616 3921 ἐαυτῷ
653 3851 825 3903 ἔθετο.
861 3851 951 3920 Μὴ
996 3850 1364 3921 μελλήσαντες
1408 3850 1520 3919 (49)
1560 3845 1677 3914 οὖν,

85 3948 338 4017 εὕρομεν
359 3945 610 4015 ὄργανον,
644 3943 711 3996 δι’
755 3937 816 3997 οὗ
871 3943 966 3996 καὶ
1011 3943 1091 4012 τῷ
1123 3942 1534 4013 πρωτοπλάστῳ
1561 3943 1680 4011 ὁμιο

83 4041 270 4111 λήσας
308 4036 437 4091 ποτε
465 4040 493 4091 ὁ
527 4039 711 4107 ἄρχων
753 4035 932 4106 ἡμῶν,
963 4033 1154 4088 τοῦτον
1181 4033 1292 4104 (50)
1325 4031 1672 4104 ἐχειρώσατο.

86 4130 212 4185 Καὶ
243 4130 308 4200 δὴ
340 4128 467 4199 παρ’
501 4129 652 4182 οὐδὲν
687 4126 922 4197 ἐθέμεθα
946 4126 1012 4180 ἂν
1041 4127 1134 4178 καὶ
1160 4127 1321 4195 ἡμεῖς
1347 4124 1540 4194 καινὴν
1566 4123 1676 4194 (51)

83 4227 199 4296 τὴν
224 4223 417 4276 ἐλπίδα
438 4221 531 4275 τοῦ
556 4221 698 4273 νέου’
723 4221 837 4274 ἀλλ’
860 4219 1178 4289 ἐπικληθεὶς
1208 4213 1365 4280 αὖθις
1388 4219 1415 4270 ὁ
1443 4215 1678 4288 Χριστὸς

86 4321 175 4381 είς
209 4315 547 4386 συμμαχίαν,
577 4315 711 4385 πυρὶ
754 4313 855 4383 τῆς
884 4311 1090 4366 ἄνωθεν
1117 4310 1287 4381 ὀργῆς
1323 4310 1470 4379 ἡμᾶς
1512 4325 1680 4361 κατα-

87 4410 306 4481 φλέξας
329 4451 343 4472 ,
397 4408 644 4478 φυγάδας
685 4406 1003 4477 εἰργάσατο.
1050 4405 1160 4457 Καὶ
1198 4403 1446 4471 ἔγνωμεν
1481 4400 1680 4472 μηκέτι

87 4502 405 4576 πλησιάσαι
439 4500 610 4572 αὐτῷ.
666 4499 821 4553 υῢτω
873 4497 971 4569 μὲν
1007 4491 1102 4551 οὖν
1151 4495 1221 4550 τὰ
1255 4494 1470 4565 πονηρὰ
1513 4492 1680 4546 πνεύο

1778 3303 1958 3356 mundi
1988 3314 2217 3358 rectores
2243 3307 2580 3359 tenebrarum
2609 3319 2789 3360 sumus
2821 3305 3042 3374 (Epher.
3061 3305 3156 3373 vr),
3181 3319 3339 3371 quam

1777 3394 2054 3449 celerrime
2077 3396 2321 3464 fugimus,
2349 3410 2412 3449 ac
2442 3397 2587 3464 prius
2608 3395 2765 3450 etiam
2791 3411 2946 3464 quam
2992 3409 3052 3449 ea
3095 3396 3251 3462 plane
3288 3409 3350 3447 ac

1784 3485 2014 3553 perfecte
2042 3501 2292 3554 expressa
2322 3487 2413 3549 sit,
2446 3485 2838 3553 pr0pulsamur.
2870 3485 3225 3550 Quamobrem
3253 3498 3350 3536 nos

1781 3574 1995 3642 quidem
2022 3576 2073 3628 in
2108 3575 2247 3630 hunc
2270 3576 2518 3644 juvenem
2550 3577 2746 3644 impetu
2776 3575 2940 3638 facto,
2964 3574 3198 3643 graviter
3221 3588 3347 3627 eum

1781 3664 2231 3733 perturbavimus;
2263 3681 2450 3720 verum
2483 3666 2571 3720 ille
2597 3681 2716 3720 cum
2743 3663 2942 3719 Christi
2973 3679 3128 3733 opem
3163 3664 3352 3732 implu-

1793 3763 1991 3819 rasset,
2029 3768 2090 3809 ac
2115 3756 2288 3809 crucis
2311 3756 2462 3824 signo
2482 3757 2710 3822 seipsum
2736 3755 3069 3820 munivisset,
3098 3768 3195 3807 nos
3216 3753 3352 3806 irato

1781 3847 1958 3897 animo
1984 3845 2234 3912 propulit.
2267 3854 2424 3914 atque
2476 3845 2836 3897 firmissimum
2888 3843 2989 3896 sibi
3045 3843 3349 3910 praesidium

1781 3935 2124 3999 comparavit.
2157 3933 2233 3986 Ac
2285 3933 2505 3999 proinde
2553 3933 2699 3985 nulla
2745 3932 3055 4000 interposita
3088 3947 3234 3985 mora
3267 3932 3352 3984 in-

1782 4030 2127 4076 strumentum
2183 4022 2308 4075 illud
2353 4022 2712 4090 arripuimus,
2762 4022 2913 4089 cujus
2969 4033 3130 4088 opera
3188 4021 3351 4074 etiam

1784 4113 2028 4181 princeps
2074 4119 2255 4165 noster
2309 4112 2537 4180 primum
2584 4110 2852 4163 hominem
2903 4123 3183 4178 aggressus
3230 4119 3347 4176 est,

1783 4214 2010 4270 eumque
2053 4201 2302 4269 potestati
2348 4215 2458 4254 suae
2502 4199 2748 4268 subjecit.
2779 4199 2844 4252 Et
2871 4199 3082 4268 quidem
3112 4197 3351 4267 profecto

1785 4308 1881 4348 nos
1908 4307 2119 4362 quoque
2145 4307 2329 4345 vanam
2357 4290 2710 4346 adolescentis
2741 4305 2888 4358 spem
2921 4304 3015 4357 pro
3056 4289 3222 4342 nihilo
3255 4291 3353 4342 du-

1785 4387 2064 4451 cebamus;
2087 4401 2271 4440 verum
2293 4385 2636 4438 ad‘auxilium
2663 4398 2848 4437 rursus
2870 4382 3067 4436 accitus
3090 4379 3352 4447 Christus,

1786 4476 2018 4532 caelestis
2045 4476 2138 4529 ira:
2168 4475 2271 4544 igni
2314 4487 2413 4530 nos
2440 4482 2653 4528 exustos
2685 4473 2736 4526 in
2762 4472 2937 4538 fugam
2969 4471 3154 4525 vertit.
3179 4473 3355 4537 Quare

321 4721 574 4798 Philostr.
607 4721 736 4798 llcr.
763 4736 818 4790 p.
853 4720 921 4774 54
949 4735 962 4772 :
992 4717 1199 4798 ἀθυμία
1236 4717 1344 4798 μὲνΔ
1363 4709 1456 4798 οὖν
1486 4711 1678 4798 ⁹αὐτίκα

1783 4729 1809 4763 ν
1855 4709 2104 4798 άθλῃτῂνυ
2136 4708 2331 4798 ἐσχενἎ
2352 4707 2458 4789 §ed
2501 4706 2678 4776 potius
2711 4704 3033 4761 meminerat
3065 4707 3359 4762 monachus

88 4778 325 4854 Dsi‘vill’is
353 4794 455 4856 sui,
486 4792 574 4861 qui
607 4778 958 4854 Psal.'cxvt|t,
995 4790 1064 4844 55
1089 4778 1114 4852 ,’
1135 4790 1207 4841 ait
1236 4778 1253 4838 Ξ
1302 4785 1536 4908 Ἀθυμία
1563 4801 1678 4836 κατι

167 4867 288 4908 (AM
319 4865 380 4908 (ἶ-
413 4861 813 4908 ἀνωμολόγουν-
847 4861 936 4908 Sic
969 4875 1109 4908 mox.
1144 4858 1209 4908 A.
1247 4853 1403 4908 ἦγεν.
1455 4855 1494 4908 ’.
1523 4850 1678 4908 ἦγον.

1783 4798 1796 4832 ε
1845 4797 1911 4848 με
1944 4778 2056 4833 ἀπδ
2081 4778 2442 4850 ἁμαρτωλῶν.

1783 4852 1916 4904 ectio
1951 4862 2031 4903 est
2075 4850 2188 4903 fere
2221 4864 2440 4908 anceps.

167 4867 288 4939 (45)
319 4865 380 4927 C,
413 4853 1109 4939 ἀνῴμολόγουν.“8ἰςιιιοι,
1144 4858 1209 4939 Ai,
1247 4853 1403 4939 ἦγεν,

1480 4895 1494 4918 ,
1523 4850 1678 4924 ἦγον.
1704 4844 1916 4924 Electio
1951 4862 2032 4924 est
2075 4844 2440 4924 fe're'anceps.
2481 4847 2742 4924 Synesius
2769 4844 2844 4898 De
2875 4862 3143 4924 regno,_p.
3172 4847 3242 4924 _4,
3265 4848 3303 4924 2
3343 4863 3360 4902 :

83 4918 291 4994 Ta‘dci
320 4918 399 4986 σοι
427 4918 684 5002 καῖ’τταρς
725 4931 881 5002 ἡμῶν
908 4918 1145 4992 ἅπαντος
1167 4918 1233 4981 ἂν
1259 4918 1459 4998 μᾶλλον
1497 4918 1673 4994 ἀλῆθῆ

1783 4937 1963 4986 ποιντο.
1996 4920 2232 4974 Omnino
2264 4920 2457 4974 melius
2499 4929 2584 4974 est
2623 4918 2855 4984 λέγοιτο,
2889 4918 3029 4987 quod
3061 4918 3113 4971 iu
3153 4918 3361 4972 duobus

83 5010 384 5067 codicibus
417 5004 545 5056 vitii.

172 5078 289 5146 (46)
318 5074 383 5137 C,
413 5071 706 5146 φεύγομεν.

173 5141 289 5214 (ὁῖ)
321 5144 476 5214 (ξοιιί.
513 5161 563 5211 p.
595 5144 721 5206 218,
759 5157 826 5214 η.
845 5141 933 5214 7'2.

329 5193 994 5283 Signi)liliicﬁrttciswcvriﬁllo
1023 5211 1238 5283 dictum
1259 5215 1362 5283 est,
1393 5205 1617 5283 Galeclr.
1655 5221 1678 5283 at

1822 5200 2102 5283 pag-158,
2147 5199 2313 5283 φόϐρς
2349 5200 2639 5283 δαιμόγων.
2677 5196 2745 5283 Et
2776 5214 2829 5268 p.
2872 5195 3006 5283 μθ,
3047 5193 3228 5283 Eabae,
3253 5194 3362 5283 ait.

95 5274 286 5362 μέᾷίρί
303 5288 366 5355 σή
377 5274 541 5362 (ξειρον
560 5282 820 5362 δαίμονας
837 5274 1176 5362 ’ἀπελαύνειη
1206 5278 1532 5362 Prudentius
1563 5275 1678 5362 Cati

1783 5297 1808 5325 ι.
1859 5274 1962 5362 ibi
2122 5287 2135 5324 :

2175 5291 2192 5323 ι
2231 5265 2457 5325 Crucem
2504 5270 2713 5339 fugiunt
2746 5265 3012 5339 teueb_ra:._
3047 5265 3089 5319 Ο
3123 5275 3365 5339 tortuose

94 5334 614 5424 Egﬁféu's,"ba'scqué
635 5334 666 5416 ;’
683 5334 928 5424 Christus
953 5353 1039 5404 hic
1067 5359 1170 5405 est.
1205 5348 1454 5419 Signum,
1485 5347 1628 5415 quod
1673 5344 1785 5412 ipse
1823 5345 1986 5409 nosti,
2025 5334 2253 5397 Damnat
2285 5351 2428 5395 tuam
2459 5334 2758 5396 catervam.
2794 5357 2812 5390 ι
2848 5337 2966 5390 Alia
3000 5334 3114 5389 loca
3156 5336 3365 5389 indica-

95 5421 436 5495 bit-Billyus.
479 5421 758 5495 Cf._supra
789 5421 997 5495 p._7167.

175 5475 434 5568 Gallic,
465 5475 818 5563 μελήσέντεξ.
853 5490 1305 5544 Permutationem
1339 5485 1565 5541 similem
1601 5484 1678 5567 viil

183 5584 271 5600 rue
301 5565 469 5600 Drnnlr
525 5563 734 5600 'I‘ntruet
806 5577 904 5600 una
958 5560 1025 5600 '76
1059 5579 1072 5590 ο
1115 5561 1226 5600 'l‘dw
1253 5556 1520 5600 παρθένον
1550 5555 1678 5600 ἢίτιδι

1783 5524 1786 5534 .
1817 5482 1856 5542 l.
1885 5498 1936 5549 p.
1969 5483 2094 5548 551,
2117 5501 2170 5539 n.
2206 5483 2262 5536 2.
2300 5480 2429 5536 Rem
2466 5478 2614 5600 attigi
2649 5478 2714 5530 ad
2746 5475 2921 5530 Nicet.
2953 5491 2986 5544 p

1783 5553 2002 5600 ιελῆσαε
2043 5554 2121 5600 τῶ
2152 5553 2260 5600 θεῶ
2306 5550 2528 5600 σφάζων
2603 5548 2736 5600 istc.
2772 5546 2986 5600 Rescrit

96 5550 491 5624 du‘ru's'Prot'lr:
525 5550 923 5631 Τὲιιεςιειίμδε.
958 5560 1025 5614 76
1059 5579 1072 5613 :
1115 5561 1226 5629 Τὴν
1253 5556 1520 5631 παρθένον

1783 5553 2002 5631 ιελῂσας
2043 5554 2121 5624 τῷ
2306 5550 2528 5631 σφάζων

2993 5515 3006 5528 .
3031 5473 3155 5528 28L
3184 5473 3365 5528 Theo—

2603 5548 2736 5611 ύεις.
2772 5546 3077 5610 Rescripto,
3107 5546 3248 5613 quod
3279 5554 3361 5597 est

99 5611 760 5707 iégﬁfnitiﬂi;gemat;
805 5611 1194 5707 vagus-paulo.
1225 5611 1377 5707 pejor
1409 5629 1520 5707 tiet_.
1557 5611 1662 5678 Sed
1702 5611 2059 5707 quantitatem
2093 5611 2526 5707 'tiritlittieticaiii,
2559 5635 2663 5707 non
2711 5617 3015 5684 metricam,
3053 5611 3364 5687 ili—syllabis

96 5689 346 5796 8.152515
354 5689 973 5796 .Tliéodorbsfl’arilem
1002 5689 1372 5796 eitls‘cir't'jt'id
1398 5696 1619 5752 verbum
1649 5689 2028 5766 negligentiam
2053 5695 2233 5750 notavi
2264 5693 2330 5748 ad
2365 5689 2540 5796 lficet.
2571 5690 2608 5745 l.
2639 5692 2672 5744 Ι.

177 5778 292 5847 (50)
324 5775 391 5836 (ἐ,
421 5772 754 5847 ὡμίλησεΔπ.
948 5768 1157 5847 ﬁngat
1185 5768 1394 5824 τοῦτον.

173 5840 293 5922 (Si)
325 5847 391 5908 (Σ.
425 5840 608 5926 κενήν.
635 5841 716 5897 Cf.
749 5858 801 5912 p.
835 5841 924 5911 Η,
960 5840 1014 5896 n.
1043 5840 1138 5929 54.
