3888 6344
167 331 351 400 1157
1312 353 1485 415 VITA
1528 354 1882 419 BARLAAM
1920 360 2014 420 ET
2053 362 2403 428 JOASAPII.
3333 361 3475 431 “58

160 453 405 523 μάτων
436 454 530 510 καὶ
556 455 819 527 οὗρανίων
837 457 969 531 (6|),
990 460 1086 514 καὶ
1110 461 1325 536 πλήρης
1350 468 1378 519 6
1397 467 1621 539 οὐρανὸς
1643 470 1736 523 καὶ
1758 473 1772 523 1'

1907 482 2190 554 imperium
2226 498 2291 540 ac
2318 485 2482 541 robur
2514 488 2822 560 conjectura
2871 495 3107 565 percipi,
3164 512 3263 556 nec
3305 500 3479 568 gloria

157 545 256 615 γῆ
304 545 426 615 τῆς
451 546 606 617 δόξης
630 547 818 615 αὐτοῦ,
846 550 916 604 δι’
946 544 1007 605 οὗ
1031 553 1100 606 τὰ
1132 555 1309 609 πάντα
1337 558 1401 610 ὲκ
1425 559 1516 611 τοῦ
1542 560 1615 631 μὴ
1640 559 1772 613 ὄντος

164 637 468 659 ,μᾼηιιφ
540 634 679 659 ...τ
886 644 907 659 .
1080 644 1091 659 .
1184 649 1211 659 -
1337 649 1349 659 .
1500 652 1511 659 .
1768 653 1772 659 ,

1988 544 2001 554 ,
2615 544 2633 560 σ
2682 544 2822 547 πίε-π
2872 544 3107 565 τν---ν--υ
3164 544 3263 556 "vv
3305 544 3479 568 ο·ν····

1908 583 2088 631 mente
2116 576 2495 645 comprehendi
2531 590 2723 649 potest,
2760 586 2843 640 cui
2884 589 3240 659 angelicorum
3271 607 3333 648 ac
3371 608 3481 651 cm-

162 637 472 709 παρήχθη
494 678 509 701 ,
535 640 601 692 δι’
623 634 684 694 οὗ
714 644 997 713 κρατεῖται
1036 644 1099 698 τό
1136 649 1244 701 πᾶν
1266 649 1359 702 καὶ
1387 652 1670 721 συνέχεται
1697 653 1772 706 κα⁴

2241 634 2253 645 _
2531 634 2547 649 ,
2704 634 2723 649 ,
2766 634 2842 640 __-
2885 634 3240 659 _--,,-..--......
3271 634 3333 648 ..ν
3371 634 3477 651 -..π

1907 665 2117 721 lestium
2142 668 2392 723 ordinum
2423 671 2586 726 millia
2653 672 2904 742 millium,
2975 686 3031 732 et
3103 682 3285 741 decies
3363 686 3482 740 mil-

159 727 250 795 τῇ
286 729 532 801 προνοίᾳ
550 730 712 784 αὐτοῦ
729 732 1034 801 διοικεῖται,
1063 737 1235 807 τούτῳ
1255 739 1461 809 βέλτιον
1484 743 1766 814 λατρεύειν

162 814 203 842 .a
244 817 486 842 2_!---__
526 821 716 842 n_n,r,
882 826 894 842 ι
936 827 1031 842 ..ι
1221 831 1330 842 .-.ι
1505 826 1533 842 ο
1618 837 1630 842 -
1669 835 1753 842 -.-

1902 754 1972 810 lia
2002 757 2225 811 millium
2248 770 2443 826 astant,
2474 761 2627 829 cujus
2649 766 2814 833 gloria
2844 769 3035 822 cmlum
3063 779 3118 825 et
3142 779 3280 827 terra
3311 775 3465 842 plena

162 814 206 886 ἦ
241 817 491 889 δαίμοσι
519 821 781 894 ὀλεθρίοις
811 826 903 879 καὶ
924 827 1157 899 ἀψύχοις
1187 831 1427 897 εἰδώλοις
1448 873 1462 895 ,
1498 826 1573 887 ὧν
1608 837 1640 905 ἡ
1665 835 1772 901 δόξα

1904 855 2050 909 sunt,
2081 860 2175 914 per
2216 861 2374 916 quem
2418 852 2598 905 omnia
2627 866 2696 906 ex
2728 856 2897 910 nihilo
2934 859 2984 911 in
3012 868 3188 913 ortum
3220 814 3481 930 protducta

162 909 286 962 καὶ
333 912 366 963 6
412 910 634 976 ἔπαινος
671 917 889 987 μοιχεία
931 919 1049 973 ἐστὶ
1079 923 1172 975 καὶ
1211 923 1570 994 παιδοφθορία
1596 927 1687 979 καὶ
1722 926 1772 981 τὲ

164 994 370 1026 Ἱ-..-λ.
398 1002 500 1026 -3-
534 1004 758 1026 ;-_-__,___
799 1007 851 1026 .,
998 1008 1020 1026 .
1173 1011 1186 1026 .
1262 1014 1288 1026 ..
1362 1015 1375 1026 .
1510 1016 1521 1026 .
1676 1018 1688 1026 .

2082 909 2096 914 _
2233 909 2251 916 _
2878 909 2881 910 ν
2936 909 2983 911 η
3220 909 3475 930 Γπ----

1902 943 2061 1003 sunt,
2092 952 2187 1006 per
2214 953 2372 1007 quem
2403 941 2631 997 mundus
2659 946 2966 1004 continetur
3006 966 3070 1005 ac
3099 964 3475 1026 conservatur,

164 994 371 1055 λοιπὰ
397 1002 500 1073 τῆς
528 1004 759 1076 ἀνομίας
797 1007 956 1079 ἔργα,
995 1008 1031 1064 ἃ
1067 1011 1196 1083 περὶ
1220 1014 1329 1067 τῶν
1354 1015 1639 1087 ὑμετέρων
1665 1018 1772 1070 ἀναε

2046 994 2059 1003 ,
2092 994 2108 1006 _
2231 994 2244 1007 _
2516 994 2627 997 κη-
2666 994 2953 1004 -_-_---.--_.
3006 994 3070 1005 ..ν
3100 994 3280 1007 ......-...
3307 994 3475 1026 .......,

1904 1024 2177 1097 ipsiusque
2199 1029 2524 1096 providentia
2546 1033 2891 1102 gubernatur,
2917 1041 3099 1096 colere
3121 1056 3183 1096 ac
3209 1049 3475 1113 venerari;

164 1094 523 1166 γέγραπται
560 1096 697 1150 θεῶν
726 1099 785 1152 ὲν
811 1103 924 1164 τοῖς
956 1104 1296 1174 συντάγμασι
1323 1110 1423 1179 τῆς
1462 1108 1772 1181 δεισιδαιμο·

1903 1131 1970 1172 an
1990 1135 2115 1175 vero
2135 1122 2411 1189 pestiferos
2433 1123 2703 1182 daemones
2722 1139 2877 1198 atque
2898 1130 3128 1188 inanima
3157 1134 3467 1204 simulacra,

167 1184 316 1250 νίας
352 1186 549 1256 ὐμῶν;
584 1188 699 1242 οὐκ
732 1189 965 1245 αἰδεῖσθε
987 1232 1003 1257 ,
1037 1193 1412 1267 ταλαίπωροι,
1444 1199 1614 1270 πυρὸς
1638 1202 1772 1254 ἀκοι-

2135 1184 2153 1189 -
2792 1184 2809 1198 .
3158 1184 3467 1204 —-—-—-—--—.

1902 1226 2123 1281 quorum
2156 1212 2270 1268 laus
2304 1222 2359 1268 et
2397 1216 2563 1283 gloria
2602 1217 2923 1275 adulterium
2953 1233 3058 1287 est,
3084 1238 3149 1279 ac
3182 1240 3470 1293 puerorum

176 1278 382 1349 μήτου
422 1278 579 1350 βορὰ,
605 1281 862 1352 ὁμοίωμα
882 1284 1076 1351 γένους
1104 1285 1433 1353 Χαλδαῖκοῦ,
1469 1292 1570 1343 οὐκ
1598 1291 1772 1362 αίσχύ-

1900 1278 2264 1371 constupratio
2289 1344 2307 1368 ,
2333 1278 2633 1376 ceteraque
2661 1308 2857 1378 ﬂagitia
2884 1328 3004 1380 qua:
3044 1278 3113 1369 de
3130 1278 3472 1374 diis

173 1367 360 1421 νεσθε
388 1367 560 1438 νεκρὰ
590 1370 751 1435 ξόανα
782 1372 1250 1442 προσκυνοῦντες,
1288 1377 1453 1448 287
1493 1379 1675 1451 χειρὸς
1700 1382 1772 1435 ἀν·

1902 1394 1956 1449 in
1985 1395 2377 1464 superstitionis
2400 1409 2590 1453 vestrae
2615 1401 2967 1459 voluminibus
2988 1408 3287 1475 conscripta
3306 1411 3474 1466 sunt?

176 1458 491 1541 θρωπίνης
516 1461 680 1532 ἐργα;
721 1463 881 1517 Λίθον
912 1468 1020 1538 γὰρ
1046 1465 1408 1535 λαξεύσαντες
1438 1471 1472 1541 ἢ
1508 1470 1666 1539 ξύλον
1698 1490 1772 1527 τε·

1891 1479 2010 1536 Νοη
2052 1495 2146 1535 vos
2180 1479 2371 1549 pudet,
2452 1484 2655 1551 miseri,
2688 1496 2848 1556 atque
2885 1490 3021 1558 ignis
3051 1494 3358 1560 sempiterni
3389 1496 3468 1549 ci-

179 1550 597 1616 κτονεύσαντες
616 1592 630 1614 ,
661 1552 782 1607 θεὸν
812 1558 1327 1629 προσηγορεύσατεσ
1376 1557 1495 1615 εἶτα
1524 1565 1615 1618 τὸν
1647 1564 1772 1617 κάλ-

1902 1566 2019 1631 bus,
2033 1567 2406 1640 Cbaldaicique
2425 1550 3046 1642 generissimi-litudinem
3062 1550 3307 1651 gerentes
3332 1600 3347 1648 ;
3363 1600 3469 1639 non

177 1641 385 1694 λιστον
416 1643 479 1695 ἐκ
510 1642 805 1714 βουκολίων
832 1646 1033 1719 ταῦρον
1059 1647 1347 1716 λαϐόντες,
1377 1653 1408 1724 ἢ
1457 1654 1586 1708 ἄλλο
1622 1657 1772 1726 τυχὸι

1902 1670 2018 1723 vos,
2046 1657 2281 1725 inquam,
2313 1641 2554 1715 mortuas
2579 1670 2782 1718 statuas
2825 1641 3246 1723 bumanavmanu
3288 1641 3472 1725 estm-

176 1733 305 1785 τῶν
348 1735 807 1805 εὐπρεπεστάτων
857 1737 1033 1806 ζώων,
1075 1742 1257 1812 νεκρῷ
1294 1744 1596 1816 σεδάσματι
1625 1747 1772 1803 θύετε

1902 1756 2012 1801 ctas
2035 1746 2256 1803 adorare
2290 1748 2702 1818 pudet?Ca:sum
2726 1755 2866 1808 enim
2890 1754 3117 1822 lapidem
3147 1769 3237 1813 aut
3261 1760 3469 1830 lignum

181 1823 442 1892 ἀνόητοι.
488 1826 821 1899 Τιμιώτερόν
878 1831 996 1884 ὲστί
1050 1850 1146 1886 σου
1191 1833 1284 1889 τοῦ
1338 1836 1681 1908 σεϐάσματος
1723 1840 1772 1894 τί

1900 1854 1963 1895 ac
1988 1839 2159 1895 fabrili
2187 1851 2300 1896 arte
2328 1843 2570 1911 politum,
2599 1844 2757 1900 deum
2784 1849 3102 1918 nuncupatis
3127 1865 3142 1902 :
3168 1865 3231 1905 ac
3272 1823 3470 1908 deinde

184 1915 374 1986 θῦμα·
408 1917 470 1970 τὸ
507 1918 607 1989 μὲν
640 1920 747 1991 γὰρ
779 1921 968 1988 ξόανον
1007 1923 1293 1997 ἄνθρωπος
1328 1928 1586 1999 εποίησε,
1622 1931 1681 1983 τὸ
1727 1932 1784 1985 δὲ

187 2006 342 2071 ζῶον
388 2009 418 2061 6
450 2009 583 2076 Θεὸς
621 2012 1047 2087 ἐδημιούργησε.
1090 2018 1200 2071 Καὶ
1233 2019 1396 2072 πόσον
1444 2020 1536 2073 σοῦ
1585 2022 1785 2091 μᾶλλον

185 2098 293 2152 τοῦ
345 2099 570 2170 λογικοῦ
618 2104 985 2177 συνετώτερόν
1031 2109 1147 2161 ἐστι
1181 2109 1241 2162 τὸ
1284 2109 1479 2180 ἄλογον
1511 2111 1678 2179 (dicit;
1722 2114 1783 2167 τὸ

193 2191 301 2260 μὲν
331 2192 442 2262 γὰρ
475 2186 583 2245 οῐδε
630 2193 721 2246 τὸν
768 2195 1041 2266 τρέφοντα
1062 2214 1076 2229 ·
1120 2198 1184 2251 σὺ
1216 2198 1273 2252 δὲ
1304 2200 1395 2252 τὸν
1424 2200 1556 2254 Θεὸν
1583 2204 1783 2274 ἠγνόη-

194 2298 301 2344 σας
326 2281 464 2353 (62),
492 2282 560 2335 δι’
578 2278 637 2338 οῦ
661 2287 724 2338 ἐκ
747 2284 837 2339 τοῦ
868 2287 941 2357 μὴ
971 2286 1127 2348 ὄντος
1149 2291 1463 2363 παρήχθης,
1496 2294 1564 2347 δι’
1590 2290 1650 2349 οῦ
1681 2295 1782 2368 ζῇς

193 2375 300 2426 καὶ
335 2379 731 2448 συντετηρησαι
756 2418 772 2443 ,
806 2379 902 2432 καὶ
934 2380 1123 2445 καλεῖς
1158 2380 1300 2447 θεὸν,
1331 2383 1389 2437 ὃν
1439 2387 1547 2457 πρὸ
1583 2388 1778 2459 μικροῦ

195 2466 434 2531 ἔϐλεπες
465 2468 667 2540 σιδήρῳ
695 2471 1034 2541 τυπτόμενον
1085 2474 1179 2526 καὶ
1215 2475 1350 2545 πυρὶ
1394 2477 1680 2546 καιόμενόν
1721 2496 1780 2532 τε

196 2554 298 2608 καὶ
347 2558 741 2628 χωνευόμενον,
800 2560 897 2614 καὶ
947 2562 1184 2634 σφύραις
1237 2566 1600 2639 ἐλαυνόμενον
1629 2570 1777 2642 (65),

194 2646 261 2699 ὃν
296 2646 406 2717 (64)
438 2648 675 2721 ἄργυρον
702 2652 795 2704 καὶ
822 2654 1021 2724 χρυσὸν
1050 2656 1383 2729 περιέθηκας
1402 2662 1516 2726 καὶ,
1540 2662 1779 2732 χαμόθεν

197 2736 461 2807 ὑψώσας,
497 2742 582 2809 ἐφ’
616 2743 823 2813 ὑψηλοῦ
869 2746 1240 2818 μετεώρισας·
1270 2745 1389 2803 εἶτα
1411 2792 1426 2817 ,
1464 2751 1646 2807 πεσὼν
1684 2754 1779 2807 ἐπὶ

193 2831 302 2900 τῆς
347 2833 481 2903 γῆς,
524 2834 617 2887 τοῦ
656 2836 914 2891 ταπεινοῦ
957 2837 1105 2892 λίθου
1148 2842 1328 2896 κεῖσαι
1355 2845 1775 2915 ταπεινότερος,

196 2923 525 2991 προσκυνῶν
546 2926 606 2979 οὐ
630 2926 769 2991 θεὸν,
804 2928 940 2982 ἀλλὰ
966 2929 1035 2982 τὰ
1060 2930 1197 3002 ἔργα
1221 2933 1329 2985 τῶν
1362 2934 1560 3005 χειρῶν
1584 2953 1677 2989 σου
1705 2938 1774 2991 τὰ

1899 1929 2152 1986 eximium
2182 1941 2412 2004 taurum,
2445 1945 2535 1990 aut
2559 1937 2699 1992 aliud
2731 1938 2959 1994 fortasse
2988 1955 3054 1995 ex
3085 1941 3472 2007 pulcherrimis

1899 2020 2155 2092 cujusque
2196 2025 2408 2093 generis
2455 2026 2817 2082 animantibus
2848 2041 3185 2086 assumentes
3208 2073 3224 2097 ,
3257 2043 3471 2088 mortuo

1901 2114 2127 2176 numini,
2157 2128 2262 2181 qua
2293 2116 2558 2170 vaecordia
2584 2118 2734 2187 estis,
2769 2118 3077 2177 immolatis.
3113 2124 3282 2191 Atque
3310 2125 3469 2179 victi-

1902 2216 1986 2257 uta
2016 2202 2117 2256 deo
2140 2212 2230 2258 tuo
2257 2205 2595 2266 praestantior
2621 2216 2722 2262 est.
2756 2207 2885 2263 Nam
2918 2210 3064 2265 illum
3094 2211 3257 2267 homo
3282 2215 3471 2268 elabo-

1901 2293 2056 2358 ravit,
2082 2293 2221 2349 Deus
2242 2303 2417 2350 autem
2445 2296 2639 2351 animal
2682 2300 3003 2367 procreavit.
3050 2303 3127 2356 Ac
3178 2311 3466 2371 propterea

1903 2385 2061 2440 etiam
2109 2385 2321 2441 brutum
2368 2389 2561 2441 animal
2611 2398 2663 2443 te
2685 2424 2705 2452 ,
2740 2392 2831 2454 qui
2860 2392 3066 2445 ratione
3089 2390 3344 2453 praeditus
3371 2407 3464 2454 es.

1895 2477 2174 2542 prudentia
2204 2488 2260 2535 et
2288 2486 2575 2553 sagacitate
2611 2489 2902 2544 antecellit.
2932 2488 3066 2545 Illud
3103 2506 3245 2547 enim
3278 2506 3402 2548 eum
3435 2511 3466 2550 a

1889 2582 1995 2634 quo
2022 2570 2181 2624 alitur
2211 2573 2381 2636 novit,
2412 2584 2469 2630 tu
2514 2588 2697 2632 contra
2737 2580 2887 2647 ejus,
2939 2595 2969 2635 a
3022 2596 3128 2651 quo
3168 2598 3234 2637 ex
3278 2581 3452 2637 nihilo

1889 2657 2174 2724 productus
2203 2676 2280 2726 es,
2304 2664 2556 2735 cujusque
2576 2668 2839 2724 beneﬁcio
2861 2671 2993 2725 vivis
3015 2679 3070 2726 et
3090 2671 3449 2737 conservaris,

1887 2746 2217 2817 ignoratione
2254 2753 2486 2811 laboras.
2531 2757 2609 2813 Ac
2638 2757 2798 2814 deum
2837 2761 3074 2830 appellas
3104 2777 3258 2831 quem
3284 2764 3455 2839 paulo

1883 2848 2005 2895 ante
2035 2839 2176 2895 ferro
2206 2846 2498 2909 verberari,
2530 2858 2687 2916 atque
2721 2866 2839 2919 igne
2867 2853 3120 2913 conflari.
3145 2862 3199 2908 et
3238 2853 3449 2908 malleis

1884 2928 2032 2982 tundi
2081 2930 2332 3000 videbas,
2380 2951 2537 3002 quem
2590 2952 2812 3005 argento
2851 2950 3010 3005 atque
3047 2954 3178 2995 auro
3216 2941 3451 3005 cinxisti,

195 3010 367 3080 νεκρὰ
398 3012 492 3064 καὶ
521 3012 722 3083 ἄψυχα.
756 3017 970 3070 Μᾶλλον
992 3019 1159 3089 288
1174 3020 1227 3072 δὲ
1252 3022 1372 3075 οὐδὲ
1392 3024 1579 3095 νεκρὸν
1594 3024 1659 3077 ἂν
1687 3024 1772 3095 εἴη

1882 3025 2041 3088 atque
2068 3037 2096 3072 a
2128 3030 2265 3076 terra
2289 3024 2339 3077 in
2358 3027 2520 3079 altum
2540 3028 2836 3095 sustulisti;
2862 3039 3149 3100 posteaque
3175 3032 3227 3085 in
3253 3041 3450 3086 terram

195 3101 406 3156 δίκαιον
437 3105 719 3160 καλεῖσθαι
745 3108 805 3161 τὸ
834 3110 1082 3176 εἴδωλον;
1110 3113 1225 3176 πῶς
1246 3113 1355 3184 γὰρ
1382 3116 1446 3168 ἂν
1471 3118 1663 3187 νεκρὸν
1688 3119 1772 3187 εἴη

1882 3112 2113 3180 abiectus
2159 3116 2347 3185 abjecti
2396 3120 2584 3186 lapidis
2627 3122 2881 3191 abjectior
2927 3139 2985 3179 es
3032 3125 3300 3189 adorator,
3334 3139 3443 3179 non

195 3195 265 3247 τὸ
303 3197 568 3269 μηδέποτε
602 3197 803 3268 ζῆσανς
855 3202 993 3256 ἀλλά
1038 3221 1091 3256 τι
1148 3180 1337 3259 καινὸν
1384 3206 1489 3260 ἔδει
1522 3180 1772 3279 ὲφευρεῖν

1882 3205 2045 3259 Deum
2076 3206 2324 3273 adorans,
2369 3210 2464 3264 sed
2515 3222 2722 3268 mortua
2762 3223 2815 3268 et
2843 3215 3037 3270 animm
3067 3216 3306 3283 expertia
3340 3231 3454 3270 ma-

195 3288 350 3358 αὐτῷ
406 3289 581 3359 ὄνομα
613 3293 708 3345 καὶ
753 3293 851 3363 τῆς
896 3295 1167 3364 τοσαύτης
1209 3298 1632 3370 παραφροσύνης
1671 3302 1770 3353 ὲπ-

196 3378 369 3444 άξιον.
386 3379 446 3433 '0
474 3382 572 3451 μὲν
598 3382 707 3453 γὰρ
730 3383 929 3449 λίθινος
962 3385 1291 3458 θρύπτεται,
1322 3392 1350 3443 6
1376 3390 1433 3444 δὲ
1454 3392 1770 3463 ὀστράκινος

197 3472 554 3540 κατάγνυται,
580 3476 607 3526 6
636 3475 871 3545 χαλκοῦς
895 3477 1087 3542 ίοῦται,
1106 3482 1133 3533 6
1162 3481 1396 3551 χρυσοῦς
1425 3484 1517 3536 καὶ
1539 3485 1566 3536 6
1594 3485 1768 3554 ἀργυη

202 3562 332 3635 ροῦς
358 3565 675 3634 χωνεύεται.
716 3567 877 3622 Ἀλλὰ
901 3570 996 3623 καὶ
1018 3574 1421 3643 πιπράσκονται
1448 3577 1496 3627 οἱ
1521 3575 1629 3629 θεοί
1652 3594 1765 3643 σου,

200 3656 257 3708 oi
290 3655 380 3724 μὲν
408 3656 652 3725 εύὼνως,
681 3661 729 3712 ol
755 3660 810 3713 δὲ
835 3663 1001 3731 τιμῆς
1024 3663 1105 3717 ὅτι
1138 3665 1419 3736 πλείστης.
1448 3668 1561 3737 Οὐχ
1586 3670 1618 3739 ἡ
1650 3668 1768 3722 θεός

199 3764 304 3817 της
332 3748 433 3819 γὰρ
463 3751 645 3814 αὐτοῖς
669 3791 683 3814 ,
728 3752 845 3805 ἀλλ’
870 3755 901 3821 η
932 3753 1030 3827 ὕλη
1056 3755 1156 3825 τὴν
1181 3756 1531 3812 πολυτέλειαν
1558 3759 1764 3815 δίδωσι.

203 3841 333 3894 Θεὸν
363 3841 416 3895 δὲ
445 3841 529 3905 τίς
570 3844 863 3914 ἁγοράζει;
893 3844 1014 3898 θεὸν
1050 3847 1131 3909 τίς
1162 3849 1367 3914 πωλεῖ;
1398 3849 1531 3912 Θεὸς
1560 3850 1616 3903 δὲ
1649 3853 1769 3905 ἀκί-

204 3949 358 4002 νητος
387 3933 500 3997 πῶς
538 3934 869 4005 ὀνομάζεται
897 3933 1053 3999 θεός;
1100 3936 1132 4006 ἢ
1184 3938 1282 4007 οὐχ
1314 3939 1447 4008 ὁρᾷς
1476 3939 1557 3991 ὅτι
1593 3939 1621 3990 6
1669 3940 1766 4007 μὲν

206 4021 367 4084 ἑστὼς
386 4023 639 4077 οὐδέποτε
661 4024 968 4089 καθέζεται,
992 4026 1020 4077 6
1042 4025 1099 4078 δὲ
1123 4025 1489 4096 καθεζόμενος
1511 4026 1764 4081 οὐδέποτε

206 4113 503 4180 ἀνίσταται;

285 4380 589 4454 Λίσχύνθητι
609 4424 623 4447 ,
654 4385 849 4454 ἀνόητε
873 4426 887 4451 ,
933 4388 1090 4456 χεῖρα
1137 4387 1227 4450 θὲς
1252 4388 1345 4441 ἐπὶ
1388 4390 1616 4460 στόματι
1648 4388 1724 4461 σῷ
1746 4433 1761 4458 ,

215 4475 601 4545 μεμωραμένε,
648 4475 988 4551 τὰτοιαῦτα
1038 4479 1296 4533 ἐπαινῶν.
1339 4480 1449 4550 Τῆς
1504 4480 1762 4550 ἀληθείας

211 4564 312 4634 γὰρ
338 4564 711 4637 ἁλλοτριωθεὶς
731 4606 746 4631 ,
772 4566 992 4636 ψευδέσι
1016 4568 1208 4632 τύποις
1238 4570 1569 4643 ἐπλανήθης,
1595 4573 1765 4640 ἀγάλο

219 4674 347 4727 ματα
374 4656 643 4725 πλάττων,
678 4658 774 4711 καὶ
804 4661 918 4723 τοῖς
941 4658 1121 4731 ἔργοις
1149 4662 1259 4713 τῶν
1287 4663 1486 4734 χειρῶν
1513 4680 1607 4716 σου
1638 4664 1762 4718 θεοῦ

217 4747 493 4817 περιτιθεὶς
526 4748 717 4820 ὄνομα.
782 4749 1103 4820 ’Δνάνηψον,
1156 4751 1305 4805 ἄθλιε
1327 4795 1342 4820 ,
1378 4754 1472 4807 καὶ
1497 4753 1655 4818 σύνες
1683 4757 1764 4810 ὅτι

279 4902 374 4978 (lii)
403 4905 665 4978 Bespectu
696 4908 761 4961 ad
791 4906 1089 4978 Danielem.
1125 4907 1208 4961 Cf.
1244 4923 1363 4978 pag.
1389 4907 1515 4972 229,
1543 4924 1596 4963 n.
1629 4909 1681 4963 5.

1878 3312 2040 3352 unum
2069 3306 2274 3354 tuarum
2303 3316 2483 3369 opera.
2512 3303 2624 3358 lino
2647 3319 2797 3373 vero,
2834 3321 2902 3360 ne
2938 3315 3202 3360 mortuum
3235 3305 3449 3377 quidem

1875 3404 2087 3459 :equum
2130 3400 2213 3447 est
2257 3393 2601 3449 simulacrum
2673 3397 2975 3463 appellare,
3022 3411 3204 3451 verum
3254 3411 3448 3450 novum

1874 3484 2137 3551 quoddam
2166 3502 2229 3542 ac
2252 3497 2394 3542 tanta
2424 3489 2653 3544 amentia
2678 3488 2894 3559 dignum
2928 3505 3122 3545 nomen
3144 3490 3448 3558 echgitare

1876 3590 1970 3643 par
1997 3584 2099 3630 est.
2122 3576 2251 3630 Nam
2280 3577 2517 3645 lapideus
2559 3580 2968 3645 comminuitur,
3011 3590 3279 3636 testaceus
3320 3594 3449 3634 con-

1875 3666 2136 3738 fringitur.
2165 3668 2372 3738 ligneus
2398 3672 2778 3740 corrumpitur,
2809 3686 2979 3727 :ereus
3007 3672 3248 3739 rubigine
3274 3670 3446 3724 inlici-

1874 3767 1980 3826 tur,
2004 3776 2196 3815 aureus
2217 3771 2271 3816 et
2289 3773 2572 3831 argenteus
2600 3765 2704 3832 igni
2733 3764 3156 3830 conﬂatur.Quin
3181 3765 3341 3819 etiam
3368 3764 3444 3817 dii

1874 3851 1948 3904 tui
1975 3852 2165 3920 partim
2194 3852 2385 3919 exiguo
2408 3865 2470 3905 ac
2495 3854 2609 3918 vili,
2640 3848 2830 3919 partim
2861 3869 3073 3908 summo
3105 3853 3278 3921 pretio
3306 3867 3442 3906 ven-

1871 3939 2087 3993 duntur.
2119 3937 2299 4005 Neque
2326 3939 2468 3992 enim
2497 3940 2627 4006 ipsis
2651 3941 2921 4004 divinitas,
2944 3941 3037 3995 sed
3065 3941 3287 3996 materia
3316 3955 3441 4006 pre-

1871 4027 2002 4079 tium
2031 4026 2137 4079 dat.
2168 4025 2328 4095 Atqui
2362 4026 2527 4081 Deum
2574 4029 2818 4097 quisnam
2868 4043 3049 4084 emere
3081 4040 3170 4084 aut
3206 4031 3442 4085 vendere

1868 4117 2066 4187 queat?
2088 4116 2206 4172 Jam
2225 4131 2452 4186 quonam
2480 4128 2633 4185 pacto
2663 4118 2798 4173 Deus
2824 4119 3124 4188 appellatur
3149 4120 3237 4188 qui
3260 4128 3439 4173 motus

1867 4221 2060 4275 expers
2085 4207 2200 4262 est?
2242 4211 2321 4262 An
2366 4222 2471 4262 non
2514 4208 2644 4262 illud
2676 4208 2854 4264 cernis
2878 4249 2892 4273 ,
2926 4224 3023 4265 nec
3058 4224 3179 4265 eum
3210 4210 3301 4279 qui
3332 4217 3438 4265 stat

1866 4315 2095 4368 unquam
2122 4300 2312 4354 sedere
2340 4314 2442 4355 nec
2470 4316 2591 4355 eum
2614 4300 2703 4370 qui
2726 4301 2895 4364 sedet,
2930 4317 3158 4371 unquam
3187 4300 3366 4357 stare?

1936 4390 2138 4444 Pudeat
2165 4402 2234 4459 te,
2264 4404 2298 4444 ο
2328 4406 2548 4447 vecors:
2576 4407 2790 4447 manum
2821 4393 2900 4447 ori
2930 4408 3161 4462 appone,
3193 4408 3227 4448 ο
3248 4393 3430 4458 stulte,

1864 4480 1954 4548 qui
1987 4495 2073 4535 res
2099 4481 2398 4549 hujusmodi
2422 4483 2625 4536 laudas.
2654 4483 2861 4538 Etenim
2884 4498 2913 4536 a
2941 4485 3158 4540 veritate
3186 4499 3429 4551 aversus,

1865 4567 2015 4624 falsis
2039 4570 2257 4639 picturis
2285 4571 2549 4638 deciperis
2580 4584 2739 4641 atque
2773 4573 2824 4627 in
2856 4572 3097 4628 fraudem
3125 4574 3430 4642 induceris,

1864 4672 2065 4717 statuas
2094 4661 2344 4716 videlicet
2368 4662 2655 4730 efﬁngens,
2684 4664 2948 4732 rebusque
2978 4679 3137 4719 manu
3173 4677 3258 4719 tua
3294 4667 3426 4743 elle-

1865 4753 1965 4809 ctis
1997 4753 2086 4809 Dei
2112 4768 2315 4809 nomen
2355 4755 2670 4811 attribueus.
2702 4752 3005 4825 Resipisce,
3049 4758 3231 4819 miser.
3275 4768 3434 4827 atque

279 4974 375 5041 (62)
404 4976 668 5064 llespectu
697 4978 763 5030 ad
788 4975 890 5031 lsa.
927 4992 964 5045 l,
996 4977 1030 5030 5
1063 4993 1079 5031 :
1116 4974 1298 5045 Ἔγνω
1316 4974 1454 5049 βοῦς
1491 4978 1582 5032 τὸν
1616 4994 1772 5049 κτησι

1882 4996 1959 5034 δον
1989 4981 2085 5035 καὶ
2112 4980 2232 5045 ὄνος
2259 4981 2358 5053 τὴν
2394 4984 2601 5055 φάτνην
2633 4987 2727 5041 τοῦ
2764 4987 2955 5059 κυρίου
2990 4990 3177 5043 αὐτοῦ·
3225 4989 3437 5064 Ἰσραὴλ

215 5043 265 5096 δέ
295 5060 352 5113 με
386 5045 484 5099 οὐκ
513 5046 672 5114 ἔγνω.

281 5115 377 5182 (67))
403 5114 478 5193 C,_
494 5116 831 5193 τυπτόμενον
859 5116 953 5171 καὶ
982 5134 1073 5187 σφ.
1107 5115 1299 5193 ὲλριυν.
1324 5118 1390 5181 Α,
1421 5119 1658 5193 τυπτόμ.
1688 5117 1772 5171 κα)

1904 5121 2209 5193 καιόμενον.
2239 5121 2344 5178 Sed
2376 5128 2427 5183 in
2458 5133 2503 5184 Α
2530 5141 2808 5187 corrector
2854 5130 3053 5184 omissa
3084 5129 3325 5184 inseruit.
3356 5132 3434 5190 Es

219 5186 611 5272 homoeoteleuto
655 5186 1126 5272 lacuna‘ortanest.
1163 5187 1389 5272 Pselltts,
1436 5189 1513 5243 De
1552 5186 1772 5272 memon.

1920 5192 1982 5245 ’Π
2021 5186 2044 5245 τ’
2072 5193 2489 5272 Καθάπερ-γὰρ
2532 5186 2689 5272 ἡμῶν
2738 5199 3066 5270 φοϐηθέντες
3109 5196 3263 5263 αὖθις
3311 5186 3437 5271 ὲρύ-

216 5255 408 5351 θημαγ.
439 5255 584 5336 κατὰ
607 5255 945 5351 ταῦταβὴζτ.
989 5258 1085 5351 Esvt
1125 5256 1450 5351 φοσηθίντες
1470 5261 1772 5351 piendum-1

1882 5277 2155 5351 ll'lllllhpl‘o
2189 5255 2928 5351 φοῦηθέντὶυνθιιιξοιιξιιιεὺέι
2969 5255 3140 5351 codex
3178 5255 3434 5351 _15’19‘,'ln

216 5275 408 5326 aqua...
439 5275 584 5309 κατα
607 5275 779 5309 ταυτα
810 5275 945 5329 οη...
990 5275 1085 5312 rust
1125 5275 1450 5380 ξοοηυεντες
1483 5275 1733 5313 ιιιεηαυιη
1768 5275 1772 5306 1

216 5339 309 5406 quo
336 5326 537 5411 plenior
563 5337 647 5411 est
691 5330 956 5411 sententia
992 5345 1008 5411 ξ
1041 5329 1128 5382 Κα
1169 5331 1359 5411 .,γ.”ή.
1398 5328 1743 5411 φοϐηθέντων

1882 5277 2015 5314 il'tltlt
2058 5279 2155 5332 pro
2189 5275 2554 5335 φοῠηυέντων,
2588 5275 2730 5340 quod
2767 5275 2928 5323 habet
2969 5275 3140 5323 codex
3186 5275 3341 5332 1510,
3380 5275 3434 5326 lu

1882 5349 1959 5411 νος
1991 5329 2104 5386 εἷλε
2134 5337 2389 5411 ,παρειὰς
2431 5340 2527 5411 καὶ
2576 5338 2933 5411 αἰδεσθέντων
2976 5334 3133 5404 αὖθις
3174 5341 3256 5411 ἐρ.
3293 5341 3438 5398 Bene

219 5397 354 5479 etiam
380 5397 740 5479 ibi_s_criptum
768 5406 851 5479 est
879 5397 1021 5451 κατὰ
1053 5399 1245 5479 causa};
1275 5396 1665 5479 Et_notandum
1704 5415 1767 5479 ve

1902 5396 2079 5479 ὦχρος
2106 5398 2219 5479 εἷλε
2238 5396 2484 5477 ’παρειὰς
2507 5423 2628 5465 esse
2656 5424 2724 5464 ex
2756 5409 2919 5462 Iliade
2949 5396 3217 5479 sumpia.'
3272 5450 3281 5465 μ

279 5466 372 5537 (64)
420 5464 653 5549 ξῖἰιιειιιι·⁸
689 5467 740 5519 in
785 5468 830 5519 Α
852 5477 1135 5550 formetur
1196 5464 1243 5550 ᾧ
1279 5469 1522 5550 voluisse
1561 5470 1772 5550 rem-rit).

1915 5464 2032 5550 _|3§s_t
2059 5464 2292 5550 wquidem
2336 5464 2549 5550 ἀὐτοῦς
2594 5480 2960 5550 περιθήσομαι
3007 5464 3127 5549 pa},
3178 5479 3298 5547 160,
3338 5498 3437 5539 nec

219 5605 244 5658 θ

221 5535 369 5590 tamen
401 5538 516 5590 sine
541 5538 825 5591 varietate.
852 5535 988 5590 Nam
1020 5538 1180 5593 habet
1208 5535 1275 5604 Ᾱ,
1311 5538 1436 5600 Πῶς
1466 5540 1646 5602 αὐτοῖς
1662 5542 1771 5595 πάλ

221 5605 421 5674 θήσομαι
453 5606 818 5674 περιϐόλαιον.
846 5607 887 5660 C
919 5618 1122 5672 autem,
1153 5610 1277 5672 Πῶς
1316 5609 1513 5671 αὐτοὺς
1543 5626 1603 5661 π.
1634 5626 1684 5664 τ.
1714 5611 1763 5667 δ.

1882 5542 1975 5604 οὺς
2000 5535 2357 5615 δερματίνους
2387 5535 2622 5619 χιτῶνας
2655 5535 2749 5603 καὶ
2776 5535 2836 5601 τὸ
2861 5535 2957 5619 τῆς
2988 5535 3249 5620 αἰσχύνης
3283 5535 3435 5622 impii

1883 5613 2141 5674 φιάσαιμι
2172 5632 2280 5674 χιτ.
2324 5621 2418 5671 καὶ
2462 5620 2524 5672 τὸ
2554 5637 2604 5673 τ.
2648 5621 2796 5674 αἱσγ.
2849 5620 3209 5674 περιθήσαιιιι
3248 5622 3434 5674 πεοιὸ.

220 5606 421 5730 θησομαι
453 5606 818 5675 περιϐόλαιον.
846 5607 887 5660 C
919 5618 1122 5672 autem,
1153 5610 1277 5672 Πῶς
1316 5609 1513 5671 αὐτοὺς
1543 5626 1603 5661 π.
1634 5626 1684 5664 τ.
1714 5611 1763 5667 δ.
1800 5606 2141 5694 ἁμφιᾲσαίμι
2172 5632 2280 5685 χιτ.
2324 5606 2421 5671 καί
2462 5620 2524 5672 τὸ
2554 5606 2619 5673 τί
2648 5621 2796 5689 αἰσχ.
2849 5606 3434 5699 πε’ριθήσὲιμι”περῖ6.

220 5679 255 5731 Α
281 5680 338 5730 ibi
353 5676 716 5758 περιτιθέναι.
733 5680 911 5758 dativo
939 5679 1138 5758 jungit,
1171 5679 1319 5733 verbi
1350 5692 1534 5758 causa,
1567 5694 1622 5747 p.
1655 5680 1779 5737 288.
1804 5686 1932 5758 ΔΝεε
1965 5687 2016 5736 td
2051 5687 2223 5758 ipsum
2248 5689 2576 5757 exeniplum,
2601 5695 2740 5758 quod
2772 5689 2965 5758 adtuli,
3002 5707 3112 5744 rem
3142 5692 3436 5749 decernere

222 5748 424 5818 poterit;
456 5762 621 5817 quum
660 5749 856 5812 αὐτοὺς
880 5751 1052 5821 possit
1076 5753 1142 5804 ad
1170 5765 1335 5805 unum
1364 5749 1707 5820 ἀμφιάσαιμι
1738 5768 1772 5805 τι

1886 5754 1951 5820 ri,
1977 5764 2031 5810 et
2054 5748 2326 5812 subaudiri
2360 5748 2540 5819 αύτοῖς
2562 5748 2693 5815 ante
2722 5748 3114 5835 περιθήσομαι.
