3902 6358
154 384 288 449 nm

1224 384 1397 444 VlTA
1436 381 1794 441 umnam.
1827 380 1919 439 ET
1958 350 2331 439 JOASAPH:

3256 401 3389 465 1170

146 502 295 563 ἀξιον
322 494 769 578 ἐπιδειξαμένους
808 496 1053 567 ἀνδριάσι
1087 498 1306 566 λέγεται
1357 497 1452 549 καὶ
1493 493 1715 565 στήλαις

1837 504 1912 553 lus
1935 496 2016 552 vel
2038 499 2242 554 strenui
2265 498 2446 565 animi,
2480 501 2569 557 vel
2587 501 2855 569 amicitiae,
2889 505 2979 560 vel
2998 507 3288 577 cnjusptam
3315 511 3390 564 al-

144 592 397 659 τιμῆσαι.
448 574 509 642 σί
536 574 593 642 δέ
636 590 773 659 μετά
806 588 979 643 ταῦτα
1009 588 1109 660 τὴν
1145 589 1253 642 τῶν
1296 587 1576 660 προγόνων
1613 588 1716 655 ἀγ-

145 684 441 753 νοήσαντες
473 680 721 753 γνώμην,
764 684 858 737 καὶ
887 683 970 735 ὅτι
995 721 1009 747 ,
1058 684 1282 754 μνήμης
1315 683 1482 737 ἕνεκα
1533 681 1715 751 μόνον,

144 777 262 837 τοῖς
296 774 581 827 ἐπαινετόν
625 791 679 827 τι
715 775 1009 844 ποιήσασιν
1042 775 1367 847 ἀνδριάντας
1396 775 1491 828 καὶ
1520 774 1720 840 στήλας

146 866 477 937 ἀνέστησαν,
525 864 669 920 κατά
706 866 901 937 μικρὸν
941 865 1286 937 πλανώμενοι
1323 868 1390 937 τῇ
1428 866 1521 920 τοῦ
1558 866 1721 936 ἀρχε-

151 958 326 1011 κάκου
365 957 620 1028 δαίμονος
652 957 932 1028 ἐνεργείᾳ,
967 958 1044 1021 ὡς
1095 952 1387 1020 ἀθανάτοις
1432 956 1574 1019 Θεοῖς
1608 959 1722 1023 τοῖς

146 1048 506 1120 ὁμοιοπαθέσι
532 1049 625 1101 καὶ
660 1048 920 1119 φθαρτοῖς
948 1044 1257 1119 ἀνθρώποις
1291 1046 1721 1117 προσετέθησαν,

150 1142 248 1194 καὶ
292 1140 484 1203 Θυσίας
533 1140 718 1203 αὐτοῖς
751 1141 846 1193 καὶ
890 1140 1125 1204 σπονδάς
1167 1140 1569 1211 ἐπενοήσαντο,
1616 1138 1725 1192 τῶν

149 1231 421 1301 δαιμόνων
458 1229 705 1301 δηλονότι
734 1234 849 1294 τοῖς
892 1231 1104 1297 ξοάνοις
1157 1232 1580 1303 ὲνοικησάντων,
1632 1232 1727 1286 καὶ

151 1323 293 1395 πρὸς
326 1322 554 1386 ἑαυτοὺς
592 1321 700 1393 τήν
731 1321 898 1394 τιμὴν
945 1324 1038 1376 καὶ
1081 1323 1183 1388 τὰς
1213 1323 1406 1388 θυσίας
1456 1322 1726 1395 μεθελκυ-

156 1411 387 1466 σάντων.
434 1411 663 1465 Ἐκεῖνοι
693 1412 873 1465 τοίνυν
914 1413 1039 1474 τοὺς
1076 1414 1151 1484 μὴ
1200 1414 1598 1485 δοκιμάζοντας
1634 1414 1726 1468 τὸν

153 1502 290 1556 Θεὸν
317 1501 458 1572 ἔχειν
487 1504 544 1555 ἐν
571 1502 864 1570 ἐπιγνώσει
894 1503 1143 1558 πείθουσι
1171 1504 1329 1569 θεοὺς
1350 1505 1549 1569 αὐτοὺς
1573 1507 1725 1575 ήγεῐ-

158 1592 308 1657 σθαι,
343 1593 486 1647 δυοῖν
514 1593 675 1663 χάριν
698 1609 710 1623 ’
742 1594 806 1647 ἵν’
835 1595 989 1648 αὐτοὶ
1029 1597 1129 1666 μὲν
1157 1599 1222 1669 τῇ
1266 1598 1611 1669 προσηγορίᾳ
1639 1597 1728 1651 δο-

160 1684 407 1748 ξάζοιντο
429 1684 601 1755 ταύτῃ
621 1684 856 1755 (ἥδονται
887 1687 1016 1757 γὰρ,
1039 1686 1134 1740 ἆτε
1165 1688 1392 1759 πλήρεις
1415 1689 1729 1753 ἀλαζονείας

155 1779 331 1839 ὄντες,
361 1775 437 1839 ῶς
472 1774 586 1829 θεοὶ
623 1776 928 1847 τιμᾶσθαι)
954 1817 969 1843 ,
1002 1779 1199 1842 αὐτοὺς
1228 1778 1285 1832 δὲ
1321 1778 1416 1843 οὒς
1443 1781 1730 1851 ήπατήκα-

1833 589 1999 643 terius
2025 588 2243 644 virtutis
2260 605 2394 659 opus
2421 592 2675 647 memoria
2710 594 2925 663 dignum
2954 596 3260 663 edidissent,
3286 609 3390 652 sta-

1832 679 1937 736 tuis
1957 695 2179 737 ornasse
2207 681 2423 736 dicitur.
2454 682 2658 738 Posteri
2690 693 2888 755 autem,
2935 686 3195 755 majorum
3241 704 3389 743 tuen-

1826 780 1930 827 tem
1978 772 2284 842 ignorantes
2312 811 2329 839 ,
2372 787 2569 841 nempe
2623 775 2762 843 quod
2818 778 3090 831 memoriae
3136 777 3390 833 duntaxat

1826 875 1986 916 causa
2028 860 2093 914 iis
2123 861 2210 928 qui
2243 860 2397 915 laude
2424 860 2641 931 dignum
2685 865 2882 933 aliquid
2931 864 3230 921 eﬂ’ecissent
3281 878 3391 922 sta-

1825 962 1942 1006 tuas
1969 960 2023 1007 et
2049 954 2322 1007 columnas
2351 953 2670 1018 erexissent,
2722 956 2978 1012 daemonis
3007 957 3119 1012 vitii
3159 958 3391 1013 auctoris

1826 1057 1988 1111 opera
2017 1042 2267 1111 paulatim
2299 1043 2631 1112 aberrantes,
2690 1048 2935 1103 homines
2980 1048 3166 1103 iisdem
3194 1049 3391 1115 passio-

1825 1136 1978 1190 nibus
2005 1137 2267 1192 obnoxios
2296 1151 2360 1193 ac
2406 1141 2737 1208 corruptioni
2781 1143 3081 1208 subjectos,
3139 1151 3387 1210 tanquam

1824 1232 2153 1288 immortales
2193 1233 2322 1289 deos
2387 1234 2711 1305 adorarunt,
2768 1222 3137 1306 r'sacrillciaque
3174 1238 3303 1307 ipsis
3328 1253 3389 1292 ac

1836 1320 2088 1377 libamina
2146 1324 2509 1394 excogitarunt
2577 1344 2592 1383 :
2657 1327 2987 1383 daemonibus
3048 1326 3294 1383 videlicet
3336 1330 3387 1382 in

1830 1412 2018 1468 statuis
2064 1413 2442 1485 habitantibus,
2493 1426 2652 1489 atque
2702 1417 3007 1489 huiusmodi
3034 1418 3290 1475 honorem
3338 1429 3390 1474 ct

1824 1504 2083 1561 sacrificia
2112 1505 2177 1560 ad
2206 1521 2326 1562 sese
2349 1510 2802 1577 pertrahenlibus.
2860 1513 2931 1568 llli
2975 1514 3152 1583 itaque
3191 1528 3283 1569 eos
3304 1516 3390 1583 qui

1827 1595 1994 1650 Deum
2040 1595 2095 1650 in
2147 1597 2330 1653 notitia
2376 1599 2574 1658 habere
2621 1603 2839 1659 minime
2864 1606 3087 1675 probant
3118 1606 3294 1677 (llam.
3324 1608 3386 1675 ι),

1824 1684 2018 1755 duplici
2064 1686 2131 1741 de
2179 1703 2337 1743 causa
2384 1700 2440 1745 ut
2488 1706 2546 1746 se
2592 1692 2720 1748 deos
2775 1708 2894 1749 esse
2936 1696 3245 1751 existiment
3287 1698 3387 1751 ad-

1830 1776 2026 1833 ducunt
2071 1795 2083 1830 :
2134 1766 2330 1847 altera,
2376 1790 2433 1835 ut
2481 1782 2582 1853 ipsi
2635 1782 2737 1839 hoc
2778 1784 2991 1839 nomine
3020 1787 3387 1852 celebrentur,

158 1884 246 1921 σιν
287 1868 367 1931 είς
404 1866 467 1920 τὸ
505 1868 908 1939 ἡτοιμασμένον
946 1869 1133 1933 αὐτοῖς
1171 1869 1432 1925 ἄσϐεστον
1457 1870 1727 1927 ἐλκύσωσι

1837 1867 2056 1938 gaudent
2074 1869 2216 1925 enim
2244 1870 2366 1940 ipsi,
2391 1880 2574 1941 utpote
2603 1872 2740 1927 fastu
2766 1883 2925 1943 atque
2945 1877 3243 1945 arrogantia
3270 1878 3382 1946 ple-

158 1958 276 2031 πῦρ
309 1960 412 2030 (2).
449 1958 617 2014 Ὅθεν
666 1961 846 2014 πᾶσαν
868 1961 1066 2025 αὐτοὺς
1096 1961 1340 2026 ἐδίδαξαν
1383 1964 1730 2035 παρανομίαν

158 2050 259 2101 καὶ
285 2049 619 2121 αἰσχρότητα
641 2090 656 2115 ,
688 2052 765 2115 ὡς
805 2051 954 2117 ἅπαξ
990 2052 1364 2121 ὑποταγέντας
1394 2056 1459 2125 τῇ
1508 2056 1732 2110 ἐκείνων

156 2139 364 2211 ἀπάτῃ.
420 2141 541 2195 Ἐπὶ
571 2142 761 2197 τοῦτον
795 2142 889 2199 οὖν
932 2145 1025 2197 τὸν
1065 2144 1349 2215 κολοφῶνα
1388 2144 1497 2199 τῶν
1546 2146 1733 2200 κακῶν

157 2229 408 2294 ἐλθόντες
444 2232 494 2283 οἱ
528 2232 626 2286 ἄνθ
636 2249 809 2303 ρωποι
830 2272 846 2297 ,
877 2234 1256 2304 ἐσκοτισμένοι
1286 2234 1439 2297 ὄντες
1458 2274 1473 2299 ,
1503 2235 1734 2300 ἕκαστος

156 2318 255 2373 τοῦ
288 2320 418 2374 ἰδίου
458 2320 665 2385 πάθους
714 2325 811 2377 καὶ
860 2322 963 2393 τῆς
1014 2323 1150 2386 ἰδίας
1196 2322 1493 2394 ἐπιθυμίας
1535 2322 1732 2394 ἔστησε

162 2411 369 2481 στήλην
397 2454 411 2479 ,
444 2413 539 2466 καὶ
592 2413 713 2467 θεὸν
770 2414 952 2485 299
989 2413 1275 2485 ὠνόμασε,
1314 2415 1593 2486 βδελυκτοὶ
1631 2415 1735 2486 τῆς

162 2502 389 2575 πλάνης,
421 2505 825 2578 βδελυκτότεροι
868 2508 969 2577 τῆς
997 2508 1229 2573 ἀτοπίας
1255 2508 1363 2562 τῶν
1394 2525 1734 2580 προσκυνου-

161 2599 341 2667 μένων
363 2599 815 2669 γενόμενοι.Ἕως
846 2599 1015 2652 ἐλθὼν
1039 2600 1067 2651 6
1100 2600 1303 2672 Κύριος
1333 2601 1423 2655 διὰ
1454 2600 1735 2672 σπλάγχνα

158 2688 346 2752 ἐλέους
371 2690 449 2757 (5)
476 2684 640 2745 αὑτοῦ
677 2688 1020 2761 ἐλυτρώσατο
1048 2691 1197 2761 ἡμᾶς
1221 2691 1350 2755 τοὺς
1379 2692 1736 2757 πιστεύοντας

160 2780 315 2851 αὖτῷ
343 2781 441 2851 τῆς
476 2783 719 2853 πονηρᾶς
746 2782 949 2853 ταύτης
981 2784 1075 2836 καὶ
1102 2783 1351 2851 ὀλεθρίου
1381 2782 1611 2854 πλάνης,
1641 2785 1737 2838 καί

159 2875 369 2941 ἐδίδαξε
399 2875 496 2947 τὴν
529 2874 707 2946 ἀληθῆ
740 2875 1091 2943 θεογνωσίαν.
1123 2877 1237 2930 Οὐκ
1271 2875 1387 2929 ἔστι
1424 2877 1533 2949 γὰρ
1565 2894 1736 2949 σωτη-

160 2970 281 3040 ρία,
322 2973 371 3025 εἰ
413 2971 488 3042 μὴ
522 2973 580 3025 ἐν
608 2971 759 3041 αὐτῷ
801 2971 874 3042 (4)
904 3012 917 3036 ,
961 2973 1056 3025 καὶ
1086 2973 1185 3026 οὐκ
1228 2972 1377 3027 ἔστιν
1419 2973 1578 3037 ἄλλος
1615 2972 1737 3036 θεὸς

158 3062 289 3116 οὔτε
320 3065 378 3116 ἐν
403 3062 619 3135 οὐρανῷ
640 3102 652 3125 ,
689 3061 813 3115 οὔτε
847 3064 938 3115 ἐπὶ
972 3064 1096 3134 γῆς,
1131 3068 1178 3118 εἰ
1223 3065 1296 3136 μὴ
1354 3066 1517 3130 αὐτὸς
1580 3068 1739 3137 μόνος

159 3159 190 3210 6
238 3157 335 3210 τοῦ
381 3156 583 3219 παντὸς
620 3156 869 3227 ποιητὴς,
919 3158 946 3209 6
981 3156 1158 3210 πάντα
1194 3156 1374 3228 φέρων
1420 3158 1497 3229 τῷ
1532 3160 1738 3230 ῥήματι

158 3248 268 3317 τῆς
317 3246 599 3317 δυνάμεως
648 3246 815 3299 αὐτοῦ
850 3246 950 3318 (5).
1006 3246 1099 3317 Τῷ
1126 3246 1267 3316 λόγῳ
1300 3248 1432 3317 γὰρ,
1463 3252 1600 3318 φησὶ
1629 3252 1730 3321 (6),

164 3336 377 3407 Κυρίου
404 3338 454 3389 οἱ
472 3337 704 3408 υοῦρανοὶ
732 3335 1171 3408 ἐστερεώθησαν,
1219 3338 1310 3393 καὶ
1335 3339 1411 3409 τῷ
1463 3340 1735 3409 πνεύματι

162 3428 265 3481 τοῦ
319 3428 587 3498 στόματος
631 3428 795 3482 αὐτοῦ
845 3430 997 3483 πᾶσα
1038 3431 1070 3499 ή
1105 3428 1336 3501 δύναμις
1369 3431 1577 3485 αὐτῶν·
1618 3435 1733 3499 καὶ,

164 3517 347 3570 πάντα
377 3516 540 3589 (7).δι’
558 3516 725 3571 αὐτοῦ
759 3517 999 3587 ἐγένετο,
1029 3519 1122 3571 καὶ
1144 3519 1314 3590 χωρὶς
1335 3519 1499 3573 αὑτοῦ
1520 3520 1736 3589 ἐγένετο

161 3612 288 3665 οὐδὲ
314 3612 372 3664 ἓν
398 3612 427 3665 ὂ
449 3608 694 3682 γέγονεν.

1828 1959 1911 2025 ni,
1966 1974 2089 2015 cum
2116 1960 2246 2029 ipsis
2276 1969 2521 2032 tanquam
2549 1963 2649 2017 diis
2674 1963 2847 2019 honor
2868 1964 3144 2031 tribuitur;
3202 1966 3387 2032 altera,

1825 2058 1893 2106 ut
1957 2063 2051 2105 eos
2121 2065 2257 2123 quos
2326 2051 2378 2106 in
2454 2049 2707 2105 fraudem
2762 2055 3064 2111 induxerint
3092 2058 3155 2111 ad
3190 2072 3391 2127 praepa-

1829 2149 1998 2195 ratum
2025 2140 2541 2210 sibisempitcrnum
2566 2143 2740 2213 ignem
2784 2145 3015 2201 trahant.
3071 2147 3250 2215 quue
3293 2162 3391 2201 no-

1829 2230 1973 2287 mine
1999 2232 2143 2287 omni
2173 2233 2354 2302 ﬂagitii
2384 2249 2447 2288 ac
2489 2234 2826 2303 turpitudinis
2849 2250 3047 2305 genere
3096 2235 3240 2305 ipsos
3268 2251 3390 2292 eru-

1829 2322 2058 2388 dierunt,
2088 2323 2223 2380 adeo
2243 2334 2300 2380 ut
2321 2339 2502 2381 eorum
2532 2324 2701 2381 fraudi
2723 2329 2868 2397 atqui
2897 2328 3202 2397 imposturm
3223 2330 3390 2384 semel

1829 2412 2023 2467 addicti
2053 2413 2316 2481 homines,
2373 2416 2567 2470 nzentis
2591 2417 2824 2472 tenebris
2869 2416 3193 2485 circumfusi,
3235 2426 3394 2487 atque

1831 2508 1898 2558 ad
1930 2506 2188 2560 malorum
2214 2506 2564 2575 colophonem
2588 2504 2885 2575 venientes,
2932 2508 3010 2563 sui
3038 2510 3257 2579 quisque
3287 2509 3395 2565 vitii

1831 2609 1895 2650 ac
1921 2611 2031 2651 sum
2065 2597 2370 2666 cupiditatis
2397 2606 2624 2652 statuam
2653 2598 2885 2662 lixerint,
2936 2600 3197 2668 deumque
3228 2600 3395 2653 nomi~

1832 2690 2027 2746 narint.
2058 2690 2169 2759 Qua
2200 2691 2412 2760 quidem
2461 2692 2512 2745 in
2542 2706 2601 2747 re
2622 2733 2637 2758 ,
2695 2706 2817 2747 cum
2845 2694 3045 2747 erroris
3070 2693 3151 2747 sui
3184 2696 3396 2747 nomine

1832 2784 2141 2837 exsecrandi
2169 2783 2296 2849 sint,
2328 2791 2440 2837 tum
2468 2797 2595 2838 vero
2610 2785 2679 2839 ob
2704 2798 2885 2838 earum
2918 2798 3094 2839 rerum
3118 2798 3250 2853 quas
3271 2783 3395 2837 ado-

1833 2882 1953 2926 rant
1998 2872 2376 2928 absurditatcm
2429 2873 2614 2942 majori
2669 2875 3034 2929 exswratione
3100 2874 3290 2945 dignos
3337 2889 3396 2929 se

1834 2967 2192 3033 praebuerunt.
2242 2963 2297 3018 ld
2342 2973 2517 3019 autem
2558 2964 2737 3019 tandiu
2765 2965 2939 3020 locum
2966 2965 3168 3034 habuit,
3222 2967 3396 3035 quoad

1838 3056 2088 3110 Dominus
2118 3071 2211 3124 per
2228 3055 2430 3110 viscera
2459 3055 2832 3110 misericordia:
2854 3071 2963 3111 sure
2985 3071 3080 3111 nos
3108 3057 3197 3125 qui
3230 3058 3396 3123 ipsius

1835 3148 1936 3203 [ide
1964 3147 2168 3217 praediti
2200 3162 2405 3212 sumus,
2436 3162 2499 3201 ex
2548 3147 2789 3215 improbo
2817 3162 2878 3201 ac
2924 3148 3175 3216 pesdl‘ero
3220 3147 3397 3217 hnj'ns-

1836 3239 1977 3293 modi
2002 3254 2187 3293 errore
2212 3238 2475 3304 liberavit,
2499 3252 2726 3307 veraque
2748 3238 2840 3293 Dei
2864 3240 3161 3308 cognitione
3182 3239 3392 3293 imbuit.

1834 3329 2015 3398 Neque
2039 3329 2179 3383 enim
2216 3329 2268 3382 in
2298 3327 2402 3381 alio
2421 3327 2527 3380 ullo
2547 3329 2688 3382 salus
2721 3337 2823 3393 est,
2846 3342 2943 3382 nec
2985 3339 3181 3400 prmter
3225 3331 3395 3398 ipsum

1829 3419 2005 3474 solum
2055 3421 2142 3487 qui
2174 3416 2427 3472 mundum
2453 3416 2647 3483 eilecit,
2710 3433 2773 3473 ac
2814 3418 3025 3473 virtutis
3078 3433 3187 3474 suae
3234 3421 3398 3475 verbo

1831 3512 2007 3567 omnia
2027 3519 2199 3578 portat
2229 3510 2411 3581 (Hebr.
2448 3514 2513 3579 ι),
2543 3510 2677 3565 alius
2708 3510 2838 3566 deus
2866 3521 2955 3565 aut
2990 3512 3040 3565 in
3070 3513 3207 3567 cmlo
3229 3524 3316 3567 aut
3345 3514 3397 3566 in

1836 3614 1979 3659 terra
2032 3611 2136 3658 est.
2193 3601 2367 3657 Verbo
2427 3604 2567 3658 enim
2618 3603 2850 3670 Domini,
2893 3604 3064 3673 inquit
3108 3606 3218 3671 ille,
3277 3605 3396 3661 εωιί

144 3708 355 3762 ﬁrmati
382 3718 532 3773 sunt,
565 3719 622 3765 et
658 3709 859 3779 spiritu
895 3709 1010 3765 oris
1039 3711 1161 3779 ejus
1191 3714 1374 3767 omnis
1404 3714 1581 3770 virtus
1618 3734 1811 3773 corium
1861 3717 2032 3781 (Psal.
2078 3722 2241 3787 xxxii)
2270 3736 2283 3783 ;
2320 3729 2482 3788 atque
2525 3723 2710 3776 omnia
2738 3738 2838 3790 per
2870 3722 3050 3791 ipsum
3089 3723 3233 3776 facta
3265 3731 3418 3787 sunt,

140 3811 201 3859 et
229 3804 353 3859 sine
393 3807 513 3875 ipso
549 3806 751 3861 factum
788 3816 871 3861 est
904 3808 1043 3862 nihil
1094 3810 1241 3880 quod
1277 3807 1483 3864 factum
1512 3824 1593 3866 cst
1630 3814 1814 3880 (Joan.
1847 3815 1904 3881 τ).

255 3914 314 3967 't)
342 3912 397 3965 δέ
429 3911 653 3976 Θευδᾶς,
686 3910 893 3965 τούτων
924 3909 1166 3973 ἀκούσας
1194 3910 1304 3962 τῶν
1331 3908 1615 3980 ῥημάτων,
1648 3908 1744 3960 καὶ

166 4010 254 4061 ὃτι
286 4006 500 4076 πλήρης
532 4006 560 4057 6
592 4004 751 4072 λόγος
800 4000 1144 4055 θεοδιδάκτου
1192 4000 1387 4068 σοφίας
1421 3997 1741 4068 ἐτύγχανεν,

166 4092 262 4151 οἷα
306 4096 539 4168 βροντῆς
576 4095 693 4165 ἤχῳ
727 4094 1135 4161 καταπλαγεὶς,
1191 4091 1405 4162 ἀφωνία
1446 4090 1743 4160 συνείχετο.

180 4186 315 4255 Ὀψὲ
365 4186 422 4238 δὲ
467 4184 561 4237 καὶ
594 4184 745 4254 μόλις
778 4186 857 4248 εἰς
899 4182 1152 4253 αἴσθησιν
1193 4181 1362 4235 ἐλθὼν
1406 4181 1506 4250 τῆς
1549 4180 1744 4233 ἑαυτοῦ

166 4275 490 4345 ἀθλιότητος
517 4273 714 4344 (ἥψατο
746 4273 855 4344 γάρ
891 4273 999 4325 τῶν
1025 4272 1424 4343 ἐσκοτισμένων
1451 4269 1747 4341 ὀφθαλμῶν

168 4368 275 4438 τῆς
303 4365 534 4436 καρδίας
560 4365 723 4418 αὐτοῦ
755 4367 783 4419 6
811 4365 1078 4435 σωτήριος
1109 4365 1287 4433 λόγος,
1316 4363 1407 4417 καὶ
1440 4363 1607 4426 πολὺς
1638 4361 1747 4415 τῶν

167 4456 461 4527 προτέρων
505 4454 667 4507 αὑτοῦ
707 4455 883 4525 εἰσῄει
932 4453 1308 4524 μετάμελος),
1356 4452 1447 4505 καὶ
1493 4451 1595 4521 τῆς
1637 4450 1746 4504 τῶν

1919 3900 2163 3954 Theudas
2194 3910 2366 3954 autem
2396 3916 2515 3955 cum
2557 3901 2669 3955 brec
2699 3901 2855 3956 verba
2886 3901 3195 3967 audivisset,
3245 3910 3401 3972 atque

1849 3989 2153 4059 huiusmodi
2182 4004 2483 4043 sermonem
2512 3989 2763 4045 divinitus
2793 3988 2963 4043 infusa
3008 3991 3266 4058 sapientia
3297 3992 3402 4060 ple-

1848 4097 1971 4135 num
2002 4096 2120 4136 esse
2140 4089 2401 4147 cerneret,
2433 4091 2680 4150 tanquam
2704 4082 2920 4137 tonitrui
2943 4098 3078 4137 sono
3101 4081 3398 4152 perculsus,

1847 4172 2059 4227 silentio
2090 4172 2387 4227 tenebatur.
2420 4172 2659 4227 Tandem
2691 4182 2866 4229 autem
2914 4173 3197 4244 aliquando
3240 4176 3406 4229 mise-

1850 4264 1984 4316 riam
2040 4278 2190 4316 suam
2245 4276 2539 4333 agnoscens
2585 4265 2997 4333 (obtenebratos
3044 4267 3185 4319 enim
3237 4267 3412 4322 cordis

1853 4354 2022 4422 ipsius
2049 4354 2233 4407 oculos
2258 4353 2501 4407 salutaris
2531 4354 2765 4409 doctrina
2799 4355 3064 4423 tetigerat)
3099 4357 3295 4423 ingenti
3318 4373 3416 4408 at:-

1848 4456 2032 4502 tcactae
2055 4444 2178 4499 vita
2208 4446 2539 4513 pmnitudine
2568 4447 2786 4500 allectus
2816 4452 2927 4508 est;
2956 4453 3114 4511 atque
3160 4436 3422 4494 condem-

167 4547 411 4603 εἰδώλων
444 4548 648 4615 πλάνης
674 4546 1000 4615 καταγνοὺς,
1023 4545 1101 4615 τῷ
1123 4544 1318 4613 φέγγει
1342 4545 1439 4614 τῆς
1465 4543 1734 4606 εὐσεϐείας

1850 4544 1970 4591 nato
1996 4535 2258 4591 idolorum
2283 4550 2489 4600 errore,
2520 4536 2597 4590 ad
2616 4537 2829 4606 pietatis
2861 4537 3032 4590 lucem
3063 4534 3321 4598 accurrit,
3357 4544 3420 4582 ac

167 4641 541 4713 προσέδραμε.
590 4641 699 4693 Καὶ
732 4639 790 4691 τὸ
826 4640 918 4692 ἀπ’
961 4640 1169 4692 ἐκείνου
1214 4635 1360 4691 οὕτω
1404 4637 1505 4707 τῆς
1541 4637 1749 4707 μοχθη-

170 4736 276 4803 ρᾶς
330 4734 553 4802 ἀγωγῆς
596 4731 811 4802 ἀπέστη
844 4733 938 4785 καὶ
970 4730 1224 4783 τοσοῦτον
1266 4729 1458 4784 ἐαυτὸν
1484 4732 1597 4792 τοῖς
1634 4728 1751 4782 ἀτί-

170 4843 299 4896 μοις
352 4824 730 4894 ἐξεπολέμωσε
771 4823 969 4878 πάθεσι
1016 4823 1108 4875 καὶ
1149 4822 1438 4893 μαγείαις,
1467 4822 1600 4892 ὅσην
1643 4821 1752 4894 ἀρα

168 4917 283 4988 πρὸ
308 4915 501 4968 τούτου
534 4915 634 4985 τὴν
667 4915 801 4984 πρὸς
837 4913 976 4967 αὑτά
1015 4912 1196 4981 φιλίαν
1240 4912 1554 4965 ἐσπείσατο.
1602 4909 1735 4963 Τότε

171 5008 277 5078 μὲν
308 5008 418 5076 γὰρ
445 5006 688 5076 ἐνμέσῳ
711 5005 802 5058 τοῦ
832 5005 1107 5074 συνεδρίου
1138 5002 1327 5066 ἑστὼς,
1350 5000 1444 5054 τοῦ
1487 5000 1751 5071 βασιλέως

167 5097 655 5171 προκαθεζομένου
680 5140 693 5162 ,
748 5096 959 5167 μεγάλῃ
992 5098 1058 5166 τῇ
1094 5098 1242 5165 φωνῇ
1283 5093 1509 5163 ἐϐόησεν
1538 5110 1550 5123 .
1588 5092 1751 5162 300

181 5188 461 5262 Ἀληθῶς,
492 5183 537 5243 ὣ
576 5189 831 5258 βασιλεῦ,
871 5187 1088 5257 πνεῦμα
1125 5186 1260 5239 Θεοῦ
1299 5187 1439 5238 οἰκεῖ
1465 5186 1520 5238 ὲν
1553 5185 1631 5254 τῷ
1676 5184 1750 5253 (8)

1849 4627 2101 4695 deinceps
2124 4640 2153 4679 a
2180 4626 2438 4681 scelerata
2466 4636 2519 4680 ct
2548 4624 2869 4679 exsecranda
2887 4622 3009 4679 vitm
3029 4623 3237 4677 ratione
3255 4636 3423 4690 usque

1850 4716 1986 4769 adeo
2030 4728 2150 4770 sese
2181 4715 2437 4779 removit,
2474 4722 2782 4781 tantumque
2829 4726 2951 4766 cum
2984 4710 3228 4780 turpibus
3257 4710 3421 4764 animi

1850 4805 2215 4862 adiectionibus
2247 4806 2570 4876 magicisque
2593 4804 2795 4858 artibus
2819 4803 3013 4859 bellum
3036 4802 3225 4873 gessit,
3256 4816 3421 4870 quan-

1852 4911 1960 4954 tum
1993 4908 2116 4954 ante
2144 4898 2341 4952 amoris
2373 4897 2544 4952 l'mdus
2571 4911 2690 4951 cum
2724 4896 2855 4965 ipsis
2884 4894 3122 4950 feriet-at.
3154 4894 3284 4947 Nam
3312 4902 3421 4943 tum

1851 4991 1902 5044 in
1922 4989 2097 5045 medio
2117 4989 2344 5044 concilio
2362 4997 2531 5053 stans,
2561 4988 2880 5057 prmsidcnte
2902 5002 3050 5056 rege,
3073 4999 3263 5053 magna
3294 4997 3424 5035 voce
3524 5018 3529 5021 ι

1853 5080 2171 5135 exclamavit
2202 5097 2214 5131 :
2247 5078 2403 5146 Vere,
2429 5093 2462 5132 θ
2485 5094 2598 5143 rex,
2629 5077 2847 5144 Spiritus
2877 5076 2966 5128 Dei
2991 5075 3043 5127 in
3073 5074 3179 5126 lilio
3211 5083 3302 5125 tuo
3329 5070 3424 5123 lia-

1855 5170 2004 5237 bitat,
2035 5185 2159 5225 vere
2180 5171 2332 5224 fracti
2358 5185 2419 5223 ac
2440 5169 2671 5238 superati
2700 5182 2904 5229 sumus,
2931 5178 3029 5217 nec
3052 5163 3421 5216 defensionem

245 5307 323 5376 (Ξ)
360 5306 548 5360 Matth.
586 5319 707 5367 xxv,
761 5304 817 5355 fil
857 5323 868 5356 :
928 5302 1234 5372 Πορεύεσθε
1280 5303 1373 5354 ἀπ’
1410 5301 1543 5371 ἐμοῦ
1581 5302 1642 5376 oi
1680 5298 2052 5376 κατηραμένοι
2084 5298 2165 5361 εἰς
2196 5296 2254 5349 τὸ
2304 5294 2414 5364 πῦρ
2457 5290 2517 5344 τό
2559 5286 2794 5349 αἰώνιον,
2826 5281 2887 5333 τὸ
2922 5269 3321 5349 ἡτοιμασμένον
3351 5287 3428 5340 τῳ

173 5370 423 5441 Διαὸὁλῳ
452 5378 546 5428 καὶ
578 5378 687 5431 τοῖς
720 5375 969 5441 ἀγγέλοις
1000 5370 1187 5426 αὑτοῦ.
1235 5373 1392 5428 Conl'.
1422 5389 1544 5440 pag.
1578 5370 1665 5436 66,
1711 5389 1764 5424 ιι.
1798 5371 1898 5425 78.

243 5446 323 5513 is)
365 5430 490 5500 ιὶιιο.
527 5463 562 5507 l,
591 5445 678 5499 τε.

244 5505 321 5585 (4)
355 5518 475 5570 Act.
500 5505 695 5585 Apost.
724 5530 796 5575 tv,
839 5515 898 5567 l9.
926 5534 938 5566 ι
973 5513 1083 5567 Καὶ
1118 5513 1217 5567 οὐκ
1252 5512 1395 5567 ἔστιν
1419 5514 1475 5566 ἐν
1507 5512 1651 5582 ἄλλῳ
1680 5512 1734 5565 οὐ

1837 5510 1855 5562 ".
1882 5514 1912 5580 ἡ
1950 5505 2207 5576 σωτηρία.

243 5584 323 5655 (5)
358 5586 526 5651 Epist.
560 5589 624 5637 ad
662 5584 819 5637 ΙΙ‹·Ι›ι·.
855 5602 889 5645 ι,
919 5586 971 5638 5.

242 5658 321 5723 (,6)
355 5658 498 5709 IPsal.
533 5671 701 5717 xxx“,
733 5657 781 5707 li.

240 5730 319 5792 (7)
355 5726 509 5779 Jnan.
549 5743 583 5787 ι,
626 5726 678 5777 5.

2932 5775 2940 5785 ﬁ
3162 5774 3173 5783 Π
3338 5758 3385 5780 d’

367 5796 454 5848 l'3~l
486 5778 719 5849 νηιίὶιξιιιδ
752 5796 953 5847 ἐνοικεῖ
980 5794 1070 5865 τῷ.
1111 5793 1278 5852 llahcl
1322 5791 1538 5864 πνεῦμα
1582 5792 1721 5845 οἰκεῖ

1839 5788 1988 5845 Paul.
2024 5785 2087 5842 ad
2121 5783 2276 5839 Rom.
2326 5796 2441 5845 vnt,
2480 5780 2531 5845 9,
2570 5778 2623 5833 ll
2662 5796 2677 5846 ;
2715 5787 2769 5832 ct
2815 5778 3119 5849 πνεύματος
3159 5778 3429 5825 ἐνοικοῦν-

171 5888 263 5934 τος
294 5872 351 5920 ἐν
386 5865 425 5921 ll
460 5872 524 5920 ad
553 5866 691 5921 'I'itn.
729 5882 764 5933 ι,
806 5865 884 5933 M,
