3902 6358
142 336 291 400 1173

1250 333 1420 391 VITA
1466 330 1815 389 BARLAAM
1857 330 1948 388 ET
1988 329 2338 389 JOASAPII.

3258 320 3389 385 1174

149 442 333 515 ῥύπου
394 441 631 511 καθαρὸς
672 441 912 513 ἀνέρχῃ,
970 442 1173 512 μηδένα
1223 443 1413 495 σπίλον
1463 443 1494 511 ἢ
1545 440 1736 512 ῥυτίδα
1769 452 1807 502 Α
1864 448 2599 501 ευιιιτιιριιιιηιιιεητίε-ηοιιειιθ
2627 454 2929 495 mmervcs.

150 513 433 605 άμαρτίας
469 531 897 602 ἐπιφερόμενος,
932 533 1027 585 καὶ
1065 532 1249 585 λοιπον
1280 533 1373 584 ἐπὶ
1404 532 1487 584 σοί
1558 534 1678 583 ἐστι
1708 529 1768 581 τὸ
1804 528 2127 596 διαφυλάξαι
2181 530 2359 598 ἐαυτῷ
2412 526 2511 597 τὴν
2582 522 2789 577 ἐκεῖθέν
2839 536 2922 573 σοι
2968 513 3407 586 προσγινομένην

154 626 428 698 κάθαρσιν
456 626 544 678 διὰ
578 624 864 696 σπλάγχνα
897 626 1081 690 ἐλέους
1102 626 1239 680 Θεοῦ
1273 627 1430 698 ἡμῶν
1462 627 1599 696 (18).

244 717 303 772 '0
340 718 439 789 μὲν
469 714 564 771 οὖν
593 718 797 782 Θευδᾶς
824 760 839 785 ,
871 719 1083 783 τούτοις
1122 720 1459 791 κατηχηθεὶς
1491 722 1603 783 τοῖς
1636 718 1739 789 ῥή-

161 825 350 878 μασιν,
381 807 576 872 ἔξεισιν
592 808 813 872 εὐθέως,
846 810 940 861 καὶ
980 808 1040 862 τὸ
1092 808 1325 879 πονηρὸν
1358 810 1532 861 ἐκεῖνο
1571 823 1737 862 καταο

157 897 342 953 λαόὼν
373 898 597 970 ἄντρον,
636 898 729 951 καὶ
773 898 871 963 τὰς
906 899 1102 952 ἑαυτοῦ
1152 898 1331 952 λαϐὼν
1374 898 1615 968 μαγικὰς
1651 897 1733 968 βί-

160 988 343 1055 ϐλους,
360 988 437 1051 ὠς
463 988 657 1052 κακίας
681 989 862 1061 πάσης
888 989 1159 1061 ἀπαρχὰς,
1181 991 1251 1054 ὡς
1272 988 1472 1060 ὀργίων
1496 989 1740 1059 δαιμονι-

161 1080 275 1133 κῶν
303 1078 632 1150 θησαυροὺς,
660 1080 794 1151 πυρὶ
814 1080 1173 1134 κατέκαυσεν.
1215 1078 1385 1142 Αύτδς
1418 1078 1476 1131 δὲ
1497 1079 1559 1131 τὸ
1593 1078 1735 1150 σπή-

160 1169 314 1223 λαιον
346 1169 755 1241 καταλαμϐάνει
789 1170 884 1224 τοῦ
920 1169 1062 1242 ἱεροῦ
1096 1170 1286 1241 ἀνδρὸς
1325 1168 1533 1223 ἐκείνου
1559 1211 1574 1236 ,
1599 1169 1735 1240 πρὸς

164 1260 223 1311 ὃν
260 1259 351 1313 καὶ
380 1260 409 1313 6
440 1259 644 1331 Ναχὼρ
666 1259 991 1332 ἀπεληλύθει
1028 1260 1158 1330 (l9),
1189 1261 1282 1314 καὶ
1310 1260 1380 1314 τὰ
1409 1263 1527 1315 κατ’
1573 1258 1735 1314 αὐτὸν

163 1352 428 1423 διηγεῖται
458 1352 659 1417 πάντα,
683 1353 831 1407 κόνιν
858 1354 956 1424 μὲν
983 1354 1074 1408 ἐπὶ
1108 1352 1350 1423 κεφαλῆς
1387 1352 1734 1424 καταχεάμε-

164 1461 274 1510 νος,
307 1443 493 1514 βαρεῖς
524 1461 581 1497 τε
608 1444 897 1514 ἀναφέρων
938 1446 1279 1514 στεναγμοὺς
1308 1444 1400 1498 καὶ
1426 1444 1597 1498 λούων
1621 1447 1735 1510 τοῖς

162 1533 423 1604 δάκρυσιν
449 1533 659 1599 ἐαυτὸν,
690 1533 926 1606 καθεξῆς
945 1536 1001 1589 δὲ
1024 1536 1100 1607 τῷ
1125 1536 1338 1606 γέροντι
1365 1537 1461 1599 τὰς
1489 1535 1739 1608 μυσαρὰς

166 1624 331 1678 αὑτοῦ
380 1625 739 1697 διηγούμενος
796 1626 1047 1698 πράξεις.
1090 1629 1326 1691 Ἐκεῖνος
1372 1627 1427 1681 δὲ
1454 1669 1469 1694 ,
1514 1628 1640 1697 περλ⁸
1678 1627 1740 1680 τὸ

1907 722 2156 777 Theudas
2201 726 2364 793 igitur
2401 722 2482 777 his
2525 723 2701 777 verbis
2751 723 3058 789 institutus,
3108 724 3288 780 statim
3342 742 3414 782 ex

1835 813 1955 868 aula
1987 816 2230 881 excedit,
2255 827 2419 885 atque
2446 812 2513 867 ad
2556 814 2871 869 sceletatam
2913 813 3223 881 speluncam
3254 830 3405 870 suam

1834 909 2127 977 profectus,
2164 908 2403 977 magicos
2433 904 2602 961 libros
2629 920 2755 959 suos
2783 915 3032 974 tanquam
3055 906 3279 961 sceleris
3301 922 3412 963 om-

1839 1000 1921 1051 nis
1942 998 2206 1067 primitias
2223 1038 2238 1063 ,
2268 1013 2331 1052 ac
2354 996 2744 1052 diabolicorum
2769 1010 3085 1050 arcanorum
3111 997 3411 1061 thesauros,

1839 1088 2060 1161 exussit.
2124 1090 2239 1159 Ipse
2284 1100 2460 1144 autem
2505 1088 2571 1144 ad
2621 1088 2954 1143 sacrosancti
3004 1089 3148 1143 illius
3178 1089 3313 1151 viri,
3347 1091 3411 1142 ad

1837 1194 1994 1246 quem
2023 1180 2182 1234 etiam
2205 1180 2415 1235 Nacbor
2439 1188 2771 1247 perrexerat,
2795 1187 3005 1233 antrum
3031 1192 3151 1233 sese
3177 1180 3407 1242 confert,

1838 1283 2125 1338 rerumque
2154 1284 2373 1324 suarum
2403 1270 2643 1323 omnium
2673 1276 2871 1323 statum
2899 1268 3001 1336 ipsi
3048 1269 3287 1337 exponit,
3316 1284 3407 1323 ea-

1839 1356 1930 1424 piti
1960 1372 2058 1412 suo
2085 1367 2278 1413 terram
2306 1372 2620 1427 aspergens,
2641 1371 2936 1427 gravesque
2965 1358 3196 1427 gemitus
3220 1357 3408 1422 edens,

1835 1464 1900 1505 ac
1932 1451 2165 1519 seipsum
2198 1452 2452 1522 lacrymis
2482 1451 2828 1519 perfundens,
2855 1449 3165 1519 nefariaque
3194 1464 3288 1504 sua
3317 1450 3412 1504 ila-

1836 1542 1964 1612 gitia
1993 1542 2109 1597 seni
2137 1542 2329 1597 ordine
2374 1557 2825 1598 commemorans.
2876 1541 2973 1597 llle
3001 1549 3202 1608 autem,
3234 1552 3291 1596 ut
3320 1544 3410 1608 qui

1838 1631 2024 1686 salutis
2050 1632 2246 1686 animae
2276 1632 2561 1686 afferenda:
2582 1675 2597 1699 ,
2628 1640 2786 1700 atque
2809 1647 2874 1688 ex
2898 1631 3196 1701 versipellis
3218 1633 3411 1686 draco-

166 1719 337 1772 σῶσαι
365 1720 542 1791 ψυχὴν
590 1720 683 1774 καὶ
714 1722 812 1791 τῆς
844 1720 937 1775 τοῦ
968 1721 1145 1775 δολίου
1173 1722 1465 1793 δράκοντος
1500 1722 1740 1792 ἐξαρπά-

1846 1722 1921 1775 nis
1945 1721 2190 1777 faucibus
2211 1722 2506 1786 eripienda:
2530 1722 2885 1791 peritissimus
2900 1730 3065 1788 esset,
3086 1723 3410 1778 salutaribus

166 1828 257 1864 σαι
308 1810 591 1881 φάρυγγος
637 1810 1022 1881 εὐτεχνὸτατος
1075 1809 1171 1875 ὢν,
1221 1812 1516 1882 κατεπᾴδει
1576 1810 1740 1866 αὑτὸν

165 1902 374 1971 ῥήμασι
430 1900 759 1972 σωτηρίοις,
820 1902 1089 1970 ἐγγυᾶται
1140 1900 1239 1972 τὴν
1299 1900 1515 1968 ἄφεσιν,
1580 1901 1745 1957 ἵλεων

165 1993 505 2061 ὑπισχνεῖται
535 1990 626 2045 τὸν
665 1992 945 2063 δικαστήν.
979 1988 1111 2045 Εἶτα
1147 1994 1459 2063 κατηχήσας
1498 1993 1591 2045 καὶ
1643 2010 1741 2065 νη⁹

166 2078 376 2132 στεύειν
406 2079 498 2133 ἐπὶ
551 2080 756 2144 πολλὰς
799 2080 1178 2150 ἐντειλάμενος
1221 2079 1430 2151 ἡμέρας
1456 2120 1471 2145 ,
1503 2079 1580 2151 τῷ
1610 2079 1737 2152 θείῳ

166 2168 416 2239 καθαίρει
454 2168 811 2239 βαπτίσματι.
856 2171 965 2224 Kal.
986 2166 1054 2242 ἦν
1082 2170 1109 2222 6
1138 2169 1426 2242 ἄνθρωπος
1462 2170 1743 2241 μετανοῶν.

164 2261 407 2333 γνησίως
435 2263 614 2327 πάσας
658 2262 824 2317 αὑτοῦ
868 2263 968 2327 τὰς
1000 2263 1212 2335 ἡμέρας
1233 2304 1249 2330 ,
1288 2265 1373 2332 ἐφ’
1406 2257 1487 2327 οἷς
1522 2263 1739 2335 ἐπλημ-

167 2354 392 2426 μέλησε,
417 2354 650 2427 δάκρυσί
676 2372 736 2409 τε
764 2354 859 2409 καὶ
889 2357 1213 2426 στεναγμοῖς
1234 2356 1323 2410 τὸν
1348 2356 1477 2410 θεὸν
1506 2355 1741 2433 ἐξιλεού-

168 2463 348 2518 μενος.
627 2509 630 2513 ,

239 2540 393 2592 ΚΕΦ.
424 2539 546 2595 AI".
599 2540 659 2593 Ὀ
691 2540 747 2593 δέ
779 2558 841 2609 γε
868 2538 1136 2611 βασιλεὺς,
1162 2540 1366 2594 τούτων
1397 2540 1567 2604 οὕτως
1600 2542 1739 2595 ἀπο-

166 2631 400 2695 ϐάν-των,
447 2631 717 2685 πάντοθεν
756 2631 1118 2703 ἐξαπορηθεὶς
1143 2672 1157 2696 ,
1204 2630 1360 2701 δῆλος
1395 2627 1464 2703 ἦν
1503 2631 1737 2703 ἰσχυρῶς

166 2719 468 2791 ἀνιώμενος
500 2722 597 2776 καὶ
628 2722 796 2776 πολὺν
845 2721 938 2776 τὸν
970 2722 1133 2776 σάλον
1175 2722 1355 2793 φέρων
1387 2724 1443 2775 ἐν
1471 2725 1535 2794 τῇ
1565 2722 1733 2794 ψυχῇ.

169 2810 517 2875 Συγκαλέσας
560 2811 617 2865 δὲ
667 2808 822 2876 αὖθις
873 2812 988 2865 ὅσοι
1028 2812 1126 2882 τῆς
1184 2811 1489 2883 συγκλήτου
1542 2812 1738 2882 βουλῆς

166 2901 485 2971 ἐτύγχανον,
526 2903 821 2956 ἐσκέπτετο
1027 2903 1077 2956 τί
1109 2903 1293 2957 λοιπὸν
1321 2902 1399 2973 τῷ
1431 2903 1544 2974 ἰδίῳ
1576 2905 1738 2975 ποιή-

166 3008 315 3046 σειεν
340 2993 460 3062 υἱῷ.
503 2993 712 3057 Πολλὰς
751 2992 808 3046 δέ
841 2992 1035 3063 βουλὰς
1076 2993 1186 3048 τῶν
1220 2992 1434 3047 πολλῶν
1464 2994 1739 3064 ὑποθεμέ-

1836 1812 2017 1867 verbis
2079 1828 2205 1872 emn
2261 1809 2579 1878 demulcet,
2616 1824 2678 1864 ac
2747 1811 2894 1866 velut
2915 1821 3182 1879 excantat,
3201 1813 3409 1869 veniam

1837 1903 2084 1972 spondet,
2114 1918 2175 1958 ac
2221 1902 2504 1973 prapitium
2534 1911 2590 1957 et
2627 1901 2838 1958 facilem
2867 1902 2969 1972 ipsi
2994 1902 3233 1972 iudicem
3285 1904 3397 1959 fore

1840 1994 2139 2061 pollicetur.
2175 1995 2251 2048 Ac
2282 2000 2464 2062 postea
2509 2008 2630 2047 cum
2662 2008 2784 2048 eum
2812 1993 3130 2048 Christiana:
3160 1994 3285 2050 fidei
3317 2011 3408 2049 ru-

1838 2084 2087 2139 dimentis
2131 2084 2442 2147 imbuisset,
2474 2085 2866 2153 multorumque
2896 2083 3108 2139 dierum
3145 2085 3407 2156 jejunium

1843 2174 1945 2242 ipsi
1977 2174 2285 2241 indixisset,
2333 2188 2453 2228 eum
2499 2172 2682 2227 divino
2726 2172 2991 2242 baptismo
3036 2174 3302 2229 lustravit.
3335 2178 3409 2230 Ac

1839 2265 2090 2334 deinceps
2118 2280 2211 2334 per
2237 2278 2451 2320 omnem
2482 2265 2603 2319 vita)
2634 2278 2851 2319 cursum
2877 2264 2966 2319 ille
2988 2265 3203 2320 sincero
3231 2266 3411 2319 animo

1839 2352 1907 2408 de
1930 2353 2178 2408 admissis
2218 2354 2514 2409 sceleribus
2556 2353 2924 2421 paenitentiam
2956 2353 3095 2422 egit,
3128 2354 3405 2424 lacrymis-

1840 2459 1942 2515 que
1971 2460 2033 2499 ac
2061 2445 2347 2514 gemitibus
2371 2445 2539 2501 Deum
2571 2446 2783 2515 placare
2811 2446 3041 2501 studuit.

1912 2532 2039 2588 Car.
2066 2535 2505 2601 XXXlll.—Qute
2531 2550 2653 2590 cum
2680 2535 2744 2589 ad
2777 2534 2917 2589 hunc
2958 2535 3179 2589 modum
3201 2536 3413 2590 eveniso

1842 2632 1983 2690 sent,
2020 2641 2110 2679 rex
2139 2626 2346 2680 consilii
2379 2627 2554 2696 inepia
2580 2628 2811 2697 undique
2838 2626 3142 2691 destitutus,
3180 2628 3231 2681 in
3262 2626 3409 2698 gravi

1843 2715 1997 2784 plane
2026 2730 2256 2771 mmrore
2282 2717 2616 2783 versabatur,
2667 2719 2947 2788 animoque
2976 2733 3293 2787 magnOpere
3330 2720 3411 2789 ja-

1842 2808 2108 2861 ctabatur.
2154 2809 2350 2863 Coaeto
2378 2817 2553 2863 autem
2586 2824 2796 2864 rursum
2827 2820 3035 2875 senatu,
3067 2810 3316 2879 quidnam
3345 2813 3412 2865 de

1842 2896 1953 2950 lilio
1983 2911 2080 2951 suo
2110 2894 2310 2953 faceret
2334 2899 2665 2969 diSpiciehat.
2693 2898 2820 2954 Cum
2845 2908 3019 2955 autem
3043 2900 3191 2954 multi
3220 2900 3412 2953 multas

1842 2992 2132 3046 sententias
2163 2993 2213 3045 in
2262 2992 2489 3047 medium
2526 2993 2898 3061 protulissent,
2926 2990 3163 3047 Arachcs
3197 2992 3306 3055 ille,
3339 2993 3408 3046 de

171 3101 304 3147 νων,
330 3084 358 3135 6
384 3085 643 3155 ἀνωτέρω
666 3084 1062 3154 μνημονευθεὶς
1100 3085 1336 3157 Ἀραχὴς
1363 3087 1569 3150 ἐκεῖνος
1602 3086 1737 3156 (20),

1846 3097 1948 3150 quo
1977 3082 2219 3149 sutzerius
2248 3084 2573 3138 mentionem
2598 3083 2840 3150 fecimus,
2869 3084 2959 3155 qui
2984 3092 3038 3138 et
3074 3084 3268 3139 ducum
3299 3099 3424 3141 om-

165 3175 593 3248 ἐπιφανέστερος
628 3177 727 3247 τὴν
768 3176 1064 3247 ἡγεμονίαν
1100 3178 1192 3231 καὶ
1234 3178 1449 3248 πρῶτος
1484 3178 1581 3249 τῆς
1612 3177 1737 3247 βου·

161 3266 267 3337 λῆς
292 3267 570 3337 ὑπάρχων,
622 3267 723 3338 ἔφη
768 3267 847 3338 τῷ
900 3266 1141 3338 βασιλεῖ’
1189 3268 1254 3320 Τί
1298 3269 1441 3334 ἔδει,
1494 3267 1739 3338 βασιλεῦ,

164 3356 390 3426 ποιῆσαι
424 3356 499 3426 τῷ
531 3356 634 3427 υίῷ
666 3373 760 3436 σου
784 3358 876 3410 καὶ
910 3358 970 3409 ού
1006 3358 1411 3428 πεποιήκαμεν,
1436 3358 1529 3411 τοῦ
1557 3361 1740 3413 πεῖσαι

167 3446 336 3502 αὐτὸν
364 3450 475 3511 τοῖς
496 3448 788 3519 ἡμετέροις
818 3447 1049 3501 ἕπεσθαι
1078 3449 1310 3520 δόγμασι
1338 3449 1434 3502 καὶ
1460 3453 1573 3514 τοῖς
1595 3450 1739 3516 Θεοῖς

168 3539 330 3609 ἡμῶν
362 3538 680 3611 λατρεύειν,
727 3539 890 3605 Ἀλλ’,
928 3539 1003 3604 ὡς
1037 3540 1180 3611 ὁρῶ,
1214 3541 1500 3611 ἀνηνύτοις
1538 3542 1748 3613 ἐπιχει-

167 3632 407 3705 ροῦμεν
445 3634 508 3686 ἐκ
540 3632 752 3701 φύσεως
778 3632 886 3704 γὰρ
931 3632 1107 3703 αὐτῷ,
1155 3632 1188 3702 ἦ
1229 3632 1329 3702 τῆς
1369 3632 1536 3703 τύχης
1588 3632 1740 3701 ἴσως,

163 3728 226 3779 τὸ
261 3725 559 3793 φιλόνεικον
581 3741 639 3778 τε
672 3727 765 3778 καὶ
792 3725 1130 3795 ἀμείλικτον.
1153 3724 1215 3779 Ei
1248 3726 1346 3796 μὲν
1365 3722 1457 3779 οὖν
1488 3726 1745 3796 βασάνοις

165 3817 334 3872 αὐτὸν
365 3816 610 3869 ἐκδοῦναι
646 3816 931 3885 θελήσειας
971 3818 1066 3870 καὶ
1089 3817 1419 3889 τιμωρίαις,
1454 3818 1517 3871 σύ
1549 3835 1606 3871 τε
1645 3835 1743 3872 πο-

163 3911 355 3980 λέμιοις
412 3909 509 3979 ἔσῃ
544 3908 644 3978 τῆς
678 3908 895 3978 φύσεως
930 3909 1022 3961 καὶ
1053 3909 1112 3961 ού
1149 3909 1330 3979 πατὴρ
1362 3908 1441 3962 ἔτι
1473 3909 1740 3981 κληθήσῃ,

168 4003 437 4057 κάκεῖνον
459 4000 783 4071 ξημιωθήσῃ
822 4000 1053 4070 ἐτοίμως
1096 3998 1288 4069 ἔχοντα
1322 4000 1463 4071 ὑπὲρ
1505 3999 1743 4071 Χριστοῦ

164 4092 480 4147 ἀποθανεῖ-ν.
522 4091 783 4145 Λείπεται
811 4091 939 4161 γοῦν
982 4091 1139 4144 τοῦτο
1176 4091 1333 4162 μόνον
1364 4094 1616 4162 ποιῆσαν
1667 4094 1742 4146 δι·

165 4186 312 4237 ελεῖν
334 4182 481 4253 αὐτῷ
509 4182 606 4253 τὴν
633 4181 925 4251 βασιλείαν,
954 4183 1049 4235 καὶ
1082 4184 1160 4245 εἰς
1189 4181 1249 4235 τὸ
1277 4182 1564 4235 ἐπιϐάλλον
1593 4182 1742 4252 αύτῷ

170 4278 343 4348 μέρος
397 4275 701 4346 βασιλεύειν
748 4275 1059 4347 ἐπιτρέψαι.
1120 4274 1269 4339 Καὶ,
1327 4276 1374 4327 εί
1424 4275 1521 4345 μὲν
1560 4275 1593 4345 ἡ
1637 4272 1746 4327 τῶν

164 4366 517 4439 πραγμάτων
545 4364 705 4435 φύσις
733 4366 827 4419 καὶ
858 4367 891 4435 ή
926 4365 1171 4435 μέριμνα
1207 4363 1317 4415 τῶν
1348 4361 1616 4432 βιωτικῶν
1654 4360 1744 4413 ἐλ-

1820 4087 1954 4131 ηιυηι
2016 4077 2180 4146 ipsius
2227 4077 2485 4149 jacturam
2544 4079 2749 4147 facies,

1845 3172 1993 3226 nium
2022 3173 2353 3227 clarissimus
2383 3183 2516 3240 crat,
2557 3183 2609 3229 et
2638 3175 2930 3243 principem
2957 3176 3007 3229 in
3033 3183 3219 3230 senatu
3241 3174 3413 3230 locum

1844 3264 2152 3329 obtinebat,
2184 3264 2268 3319 his
2293 3264 2356 3319 ad
2392 3280 2569 3335 regem
2604 3266 2781 3320 verbis
2818 3281 2942 3321 usus
2967 3275 3047 3320 est
3077 3284 3089 3318 :
3115 3265 3375 3333 Quidnam
3396 3305 3415 3334 ,

1846 3367 1879 3408 o
1908 3369 2023 3419 rex,
2058 3355 2165 3409 filio
2193 3363 2285 3409 tuo
2320 3354 2498 3410 facere
2538 3359 2772 3424 Oportuit
2803 3356 2942 3424 quod
2974 3371 3080 3410 non
3111 3355 3415 3420 fecerimus,

1849 3455 1903 3499 ut
1934 3444 1998 3499 ad
2026 3445 2296 3514 sequenda
2329 3456 2506 3500 nostra
2539 3447 2804 3517 dogmata,
2835 3447 3072 3516 deosque
3098 3456 3306 3502 nostros
3328 3462 3417 3501 co.

1849 3537 2035 3591 lendos
2060 3552 2179 3592 eum
2211 3537 2624 3594 induceremus?
2655 3538 2875 3606 Verum,
2919 3548 2976 3594 ut
3005 3540 3179 3607 video,
3224 3541 3418 3609 impos-

1847 3628 2017 3680 sibilia
2049 3627 2385 3699 aggredimur
2410 3646 2424 3683 :
2452 3630 2712 3699 siquidem
2736 3645 2764 3683 a
2791 3639 2974 3685 natura
3001 3630 3124 3700 ipsi,
3148 3640 3237 3683 aut
3262 3632 3418 3685 etiam

1849 3718 2073 3771 fortasse
2101 3732 2128 3770 a
2161 3717 2400 3785 fortuna,
2457 3720 2753 3788 pervicacia
2798 3727 2853 3774 et
2896 3722 3055 3773 animi
3090 3720 3309 3774 durities
3342 3722 3418 3773 in-

1847 3807 1946 3858 sita
1976 3815 2078 3859 est.
2130 3806 2309 3876 Itaque
2340 3807 2386 3861 si
2438 3808 2608 3876 ipsum
2665 3809 2939 3877 suppliciis
2987 3825 3049 3863 ac
3100 3811 3420 3863 cruciatibus

1845 3895 2059 3951 afficere
2100 3898 2153 3950 in
2210 3900 2445 3951 animum
2505 3898 2814 3964 induxeris,
2887 3908 2994 3953 tnnt
3055 3903 3165 3969 ipse
3222 3911 3419 3957 natura:

1848 3985 2051 4039 hostem
2106 3994 2158 4041 te
2229 3987 2532 4056 praebebis,
2600 3988 2868 4057 patris;uc
2918 4004 3110 4043 nomen
3173 3992 3419 4055 amittes,

2827 4089 2884 4136 ut
2937 4083 3025 4151 qui
3071 4099 3166 4153 pro
3212 4083 3420 4139 Christo

1847 4176 2075 4221 mortem
2125 4178 2376 4237 appetere
2437 4176 2651 4239 paratus
2720 4169 2809 4223 sit.
2865 4170 3142 4240 Reliquum
3189 4180 3276 4227 est
3323 4174 3418 4242 igi-

1848 4268 1934 4314 tur
1981 4266 2039 4313 ut
2112 4258 2250 4313 hanc
2297 4258 2558 4315 rationem
2609 4261 2793 4328 ineas,
2839 4276 3030 4330 nempe
3090 4273 3145 4318 ut
3202 4278 3422 4333 regnum

1846 4367 1968 4407 cum
1999 4366 2063 4406 eo
2096 4353 2362 4421 partiaris,
2419 4353 2576 4422 eique
2608 4352 2662 4407 in
2718 4367 2780 4408 ea
2832 4364 2980 4423 parte
3022 4370 3139 4425 quae
3187 4357 3253 4410 ad
3299 4370 3421 4411 eum

164 4460 411 4515 κύσωσιν
438 4459 601 4511 αὑτὸν
634 4458 725 4512 τὸν
762 4458 1033 4527 ἡμέτερον
1066 4452 1417 4507 ἀσπάσασθαι
1451 4452 1654 4506 σκοπόν
1683 4469 1740 4505 τε

1848 4444 2124 4498 attinuerit
2191 4444 2321 4512 regii
2392 4446 2631 4499 muneris
2701 4444 3211 4502 administrationem
3278 4463 3424 4504 com-

165 4550 268 4601 καὶ
308 4547 443 4618 βίον,
483 4547 637 4600 ἔσται
689 4548 819 4617 ἡμῖν
851 4544 994 4599 κατὰ
1039 4543 1238 4598 σκοπὸν
1268 4543 1329 4595 τὸ
1364 4545 1624 4612 πρᾶγμα·
1674 4541 1744 4595 τὰ

163 4642 283 4712 γὰρ
312 4638 547 4711 ἰσχυρῶς
571 4637 939 4708 βεϐαιωθέντα
964 4638 1029 4706 τῇ
1052 4636 1198 4706 ψυχῇ
1230 4634 1323 4705 ἐθη
1352 4632 1753 4699 δυσεξάλειπτά

163 4733 279 4783 εἰσι
305 4730 401 4782 καὶ
427 4728 607 4781 πειθοῖ
651 4726 847 4797 μᾶλλον
885 4724 917 4794 ἣ
961 4723 1052 4795 βίᾳ
1082 4723 1480 4794 μεταϐάλλεται
1513 4722 1645 4793 (21).
1682 4724 1745 4776 Εί

161 4822 224 4876 δὲ
281 4820 347 4888 τῇ
394 4817 662 4888 θρησκείᾳ
712 4817 1024 4886 παραμενεῖ
1065 4815 1175 4884 (29.)
1220 4812 1328 4867 τῶν
1380 4812 1742 4884 Χριστιανῶν,

158 4912 304 4967 αὐτὸ
331 4910 394 4981 δὴ
428 4908 587 4962 τοῦτο
607 4950 621 4971 ,
648 4908 709 4959 τὸ
742 4907 816 4978 μὴ
845 4904 1190 4976 ζημιωθῆναί
1222 4922 1281 4957 σε
1324 4903 1434 4975 (25)
1476 4906 1569 4957 τὸν
1606 4903 1749 4968 υίὺν,

155 5009 325 5059 ἔσται
381 5019 461 5054 σοι
503 5003 602 5071 τῆς
645 4997 885 5069 ἀθυμίας
914 4996 1097 5058 ποσῶς
1142 4993 1508 5065 παραμύθιον.
1561 4991 1744 5046 Ταῦτα

154 5097 266 5153 τοῦ
302 5095 505 5165 ’Ᾱραχῆ
536 5092 807 5153 εἰπόντος,
840 5089 1041 5151 πάντες
1069 5085 1517 5157 συνεμαρτύρουν
1547 5083 1742 5137 61:063-

156 5191 394 5261 χόμενοι
424 5185 523 5255 τὴν
564 5182 819 5253 γνώμην.
860 5180 1175 5233 Συντίθεται
1207 5178 1383 5231 τοίνυν
1411 5177 1505 5231 καὶ
1541 5178 1569 5229 6
1598 5174 1746 5245 βασι-

154 5283 297 5343 λεὺς
318 5277 461 5333 οὕτω
494 5275 666 5329 ταῦτα
696 5273 1028 5342 διατεθῆναι.

239 5392 358 5463 (18)
392 5391 521 5463 an.
557 5406 595 5454 1,
629 5388 715 5443 78.

239 5458 355 5533 (l9)
388 5462 542 5533 Qonf.
576 5476 696 5527 pag.

236 5528 355 5603 (20)
386 5530 545 5603 ῼθιιί.
579 5528 856 5603 βαρ-192.

235 5598 356 5672 (2|)
387 5601 449 5664 C,
489 5598 955 5672 μεταϐαλλόμενα.

236 5670 354 5741 (2‘!)
388 5674 451 5734 Α,
490 5670 816 5741 παραμένει.

239 5745 358 5806 (i3)
394 5743 595 5797 Forsan
629 5756 733 5792 σοι.

1852 4534 2051 4589 mittas.
2093 4536 2167 4588 Ac
2195 4534 2239 4587 si
2279 4534 2493 4603 quidem
2525 4534 2858 4604 negotiorum
2892 4544 3097 4599 natura,
3141 4552 3426 4607 rerumque

1852 4623 2235 4677 mundanarum
2264 4636 2390 4677 cura
2418 4639 2536 4678 eum
2565 4624 2630 4677 ad
2665 4623 2965 4677 institutum
2999 4635 3235 4679 nostrum
3268 4630 3423 4681 vita:-

1851 4728 1953 4782 que
1983 4727 2150 4784 genus
2180 4713 2609 4781 amplectendam
2640 4722 3015 4783 pertraxertnt,
3048 4729 3135 4768 res
3165 4715 3319 4770 nobis
3347 4732 3414 4771 ex

1851 4806 2109 4859 sententia
2158 4802 2426 4859 succedet.
2476 4804 2651 4859 Mures
2694 4803 2889 4858 etenim
2942 4804 2992 4858 in
3032 4803 3209 4858 animo
3260 4805 3424 4860 vehe-

1852 4904 2061 4948 menter
2106 4892 2439 4948 corroborati
2486 4908 2626 4965 a‘gre
2656 4894 2885 4963 expungi
2934 4902 3090 4963 atque
3134 4894 3423 4949 oblitterari

1851 4996 2096 5055 possunt,
2120 4985 2513 5056 verborumque
2538 4987 2710 5056 potius
2734 4987 3006 5041 blanditiis
3028 5002 3184 5053 quam
3208 4986 3258 5040 vi
3279 5001 3423 5040 com-

1853 5086 2145 5132 mutantur.
2200 5077 2291 5131 Sin
2344 5086 2518 5132 antem
2563 5078 2614 5131 in
2676 5078 3097 5132 Christianorum
3165 5077 3420 5146 religione

1854 5170 2167 5238 perstiterit,
2197 5170 2324 5225 illud
2358 5169 2527 5240 ipsum
2580 5181 2747 5237 certe,
2779 5169 2915 5241 quod
2962 5169 3072 5225 filio
3098 5186 3200 5223 non
3232 5172 3305 5226 sis
3334 5186 3423 5224 or-
