3902 6358
480 350 615 413 Ῑῖ75
1919 350 2292 411 ΑΠΒΕΝΟᾹ.
3630 326 3779 392 ῙῙἸΕ

480 465 660 530 hatus,
694 480 985 521 maerorem
1021 475 1173 518 tuum
1210 466 1390 535 aliqua
1416 482 1478 519 ex
1516 473 1665 535 parte
1702 464 1990 534 mitigabit.
2024 464 2172 517 Ilanc
2199 462 2501 517 orationem
2539 474 2662 513 cum
2695 455 2938 511 Araches
2983 453 3288 514 habuisset,
3322 461 3536 502 omnes
3589 444 3775 513 ipsius

476 558 804 613 sententiam
836 556 1285 625 comprobarunt,
1313 573 1379 611 ac
1415 556 1645 627 proinde
1682 573 1776 611 rex
1806 573 1864 611 se
1894 558 1972 610 ita
1996 565 2246 611 acturum
2280 552 2531 609 assensit.

563 663 742 728 Itaque
765 658 1020 726 posuidie
1040 672 1159 711 cum
1182 655 1461 717 illuxisset,
1490 653 1653 706 ﬁlium
1677 653 1885 715 accivit,
1904 667 2027 706 eum

2219 647 2327 699 Kal
2352 647 2415 719 δὴ
2443 636 2955 719 προσκαλεσάμενος
2973 649 3161 712 ἕωθεν,
3193 650 3297 720 ἔφη
3319 650 3402 721 τῷ
3430 652 3574 722 υἱῷ·
3600 652 3774 725 305

489 767 593 820 que
620 754 687 805 ita
725 759 805 804 est
849 749 1110 804 allocutus
1140 766 1152 800 :
1185 749 1281 801 llic
1309 746 1457 808 mihi,
1492 760 1525 798 ο
1553 757 1693 806 nate,
1743 754 2044 813 postremus

2157 731 2321 802 Οὗτός
2350 756 2441 809 μοι
2473 740 2780 804 τελευταῖος
2806 740 2905 810 ἤδη
2926 740 3062 811 πρὸς
3093 741 3151 794 σέ
3180 740 3370 810 λόγος,
3406 744 3502 795 υἱέ
3536 761 3554 775 ο
3590 739 3773 815 οὗπερ

485 845 550 897 ad
585 852 636 897 te
667 855 845 896 sermo
872 850 972 905 est,
1018 839 1109 895 cui
1134 838 1235 893 nisi
1259 837 1647 908 quamprimum
1683 835 1945 902 parueris,
1976 843 2055 887 at-

2157 834 2201 887 εῐ
2241 833 2317 905 μὴ
2352 835 2514 899 εὐθὺς
2550 837 2820 906 κατήκοος
2861 837 2994 906 γένῃ
3026 835 3122 890 καὶ
3168 836 3273 889 κᾶν
3312 838 3374 889 ἐν
3413 837 3619 905 τούτῳ
3674 838 3775 904 τὴν

486 952 588 1005 que
620 934 672 989 in
707 936 805 989 hac
833 935 1022 988 saltem
1049 948 1110 989 re
1130 933 1357 1002 pectoris
1380 928 1490 985 mei
1516 930 1751 983 dolorem
1778 926 2055 992 leniveris,

2157 925 2292 996 ἐμὴν
2331 925 2681 997 θεραπεύσῃς
2720 927 2980 997 καρδίαν,
3025 927 3125 979 οὒκ
3173 925 3254 980 ἔτι
3310 944 3432 992 σου,
3485 927 3563 980 εὖ
3614 928 3769 987 ἴσθι,

489 1044 594 1080 non
626 1027 787 1090 ultra,
826 1027 954 1080 mihi
984 1026 1163 1086 crede.
1190 1025 1524 1091 indulgenter
1538 1034 1709 1077 tecum
1723 1034 1899 1090 agam.
1922 1018 2055 1075 Per-

2157 1016 2430 1087 ιρείσομαι.
2471 1016 2579 1071 Τοῦ
2624 1018 2682 1071 δέ
2726 1017 2842 1071 υἱοῦ
2886 1017 3193 1087 πυθομένου
3242 1017 3325 1082 τίς
3359 1020 3396 1089 ἡ
3432 1017 3543 1071 τοῦ
3601 1019 3768 1086 λόγου

488 1128 735 1169 cantante
762 1124 938 1170 autem
987 1116 1076 1169 illo
1121 1115 1245 1179 quid
1292 1114 1390 1169 sibi
1440 1117 1543 1166 hoc
1586 1126 1833 1167 sermone
1858 1107 2049 1167 veilet:

2157 1106 2398 1178 δύναμις,
2450 1108 2732 1179 Ἐπείπερ,
2762 1110 2917 1179 φησὶ,
2947 1109 3119 1162 πολλά
3146 1110 3424 1180 μογήσας,
3457 1109 3766 1163 άνένδοτόν

498 1201 782 1265 Quoniam,
838 1202 1005 1270 inquit
1053 1201 1177 1265 ille,
1237 1202 1415 1257 multis
1456 1206 1716 1274 susceptis
1784 1204 2057 1259 laboribus

498 1293 815 1357 perfractum
859 1302 912 1346 et
966 1304 1331 1351 contumacem
1382 1308 1434 1352 te
1486 1301 1552 1352 ad
1606 1314 1793 1355 omnes
1847 1297 2058 1368 reperi,

494 1396 551 1434 ut
600 1384 689 1450 qui
723 1386 881 1437 nullis
928 1401 1159 1451 unquam
1206 1389 1543 1443 sermonibus
1590 1391 1723 1445 meis
1768 1390 2062 1455 parendum

494 1475 587 1527 tibi
621 1476 853 1539 duxeris,
895 1491 1009 1542 age,
1041 1477 1208 1531 diviso
1238 1479 1457 1545 imperio
1499 1495 1618 1534 tneo
1650 1481 1700 1534 id
1751 1481 1965 1545 faciam,
2005 1490 2064 1534 ut

492 1579 549 1619 tu
575 1568 855 1634 separatim
887 1569 1047 1637 degas
1069 1608 1082 1633 ,
1108 1585 1171 1623 ac
1204 1585 1423 1639 regnum
1449 1587 1621 1640 geras.
1656 1571 1730 1625 Ita
1777 1572 1891 1641 jam
1942 1572 2058 1636 tibi,

488 1674 648 1728 quam
678 1662 846 1727 cupis,
874 1662 1010 1714 viam
1045 1660 1253 1729 ingredi
1280 1671 1393 1715 tuto
1422 1663 1621 1717 licebit.
1655 1663 1846 1716 Divina
1878 1673 2053 1716 autem

489 1746 579 1799 illa
621 1753 817 1810 anima,
847 1762 1148 1816 quanquam
1181 1750 1376 1818 alioqui
1409 1767 1587 1820 regem
1632 1752 1732 1806 hoc
1760 1752 1861 1806 sibi
1910 1752 2057 1807 labe-

496 1837 725 1889 factandi
778 1834 863 1889 sui
908 1838 1137 1890 instituti
1176 1854 1332 1893 causa
1385 1855 1683 1909 proponere
1728 1852 2055 1909 compertum

491 1924 738 1989 haberet,
767 1926 1238 1994 obtemperantium
1288 1939 1462 1985 tamen
1493 1930 1663 1993 duxit,
1715 1930 1815 1984 hoc
1845 1930 2057 1984 scilicet

485 2020 685 2082 animo,
707 2028 841 2071 utex
857 2017 1021 2086 ipsius
1035 2019 1278 2073 manibus
1294 2021 1524 2088 elapsus,
1550 2022 1687 2074 viam
1708 2035 1861 2090 quam
1884 2035 2051 2090 expe-
2087 1989 2128 2043 Β

484 2110 627 2162 tcbat
647 2108 1029 2178 ingrederetur.
1055 2109 1365 2164 Sermonem
1383 2111 1540 2179 igitur
1556 2113 1847 2179 excipiens.
1877 2113 1941 2164 ad
1970 2127 2054 2166 rc-

479 2215 599 2266 gem
613 2199 685 2253 ait
709 2216 723 2254 :
752 2198 1008 2268 Equidem
1047 2200 1165 2268 ipse
1190 2201 1425 2254 divinum
1451 2201 1595 2255 illum
1611 2202 1779 2255 virum
1810 2201 1901 2271 qui
1924 2202 2052 2255 mihi

479 2291 661 2345 salutis
683 2289 782 2345 iter
796 2291 1486 2360 commonstravitquterere
1522 2291 1835 2361 geSticbam,
1863 2292 2050 2347 rebus-

478 2396 580 2448 que
596 2380 844 2435 omnibus
867 2381 1043 2435 valere
1055 2382 1217 2450 jussis
1235 2423 1249 2448 ,
1269 2395 1388 2436 cum
1409 2396 1475 2438 eo
1497 2384 1751 2454 quidquid
1776 2384 1903 2437 mihi
1928 2385 2048 2438 vita:

478 2470 735 2536 reliquum
749 2481 829 2526 est
842 2471 1134 2526 traducere.
1174 2472 1364 2527 Verum
1397 2476 1643 2542 quoniam
1686 2486 1867 2545 perte,
1893 2494 1925 2533 ο
1957 2496 2046 2551 pa-

478 2570 578 2626 ter,
599 2562 730 2615 mibi
749 2576 811 2617 ea
830 2574 950 2631 quae
964 2562 1113 2616 cordi
1139 2570 1283 2628 sunt,
1323 2562 1499 2618 facere
1529 2565 1745 2620 minime
1778 2567 1919 2633 licet,
1953 2568 2048 2623 hac

2156 1213 2215 1249 σε
2248 1197 2385 1267 πρὸς
2413 1198 2593 1251 πάντα
2625 1193 2783 1270 εὗρον
2810 1198 2903 1252 τοῦ
2929 1199 3222 1268 πεισθῆναί
3251 1217 3355 1270 μου
3389 1202 3515 1262 τοῖς
3549 1199 3762 1268 λόγοις,

2151 1286 2311 1357 δεῦρο
2354 1286 2418 1358 δὴ
2459 1288 2666 1355 λοιπὸν,
2708 1290 2809 1361 τὴν
2861 1289 3138 1360 βασιλείαν
3168 1290 3386 1355 διελὼν,
3423 1291 3547 1344 ἀνὰ
3594 1293 3761 1361 μέρος

2154 1377 2292 1436 εἷναί
2331 1400 2388 1435 σε
2416 1382 2511 1436 καὶ
2535 1382 2841 1454 βασιλεύειν
2874 1387 3104 1458 ποιήσω·
3131 1387 3229 1440 καὶ
3255 1386 3415 1441 ἔσται
3446 1405 3543 1440 σοι
3569 1388 3762 1440 λοιπον

2154 1472 2240 1528 ἐπ’
2270 1474 2453 1539 ἀδείας
2477 1477 2542 1546 ἢν
2568 1476 2635 1530 ἂν
2658 1477 2828 1549 ποθῇς
2866 1478 3003 1532 ίέναι
3033 1477 3172 1532 ὁδόν.
3211 1478 3428 1532 Γνοῦσα
3455 1480 3520 1531 δὲ
3564 1482 3603 1550 ἡ
3650 1481 3761 1532 θεία

2153 1567 2300 1639 ψυχὴ
2332 1568 2513 1638 ἐκείνη
2543 1568 2640 1621 καὶ
2668 1569 2825 1622 τοῦτο
2857 1569 2943 1622 ἐπ’
2974 1568 3174 1641 όλίσθῳ
3204 1571 3306 1640 τῆς
3338 1570 3527 1624 αὑτοῦ
3562 1589 3757 1642 7:901:-

2159 1658 2361 1730 ρέσεως
2389 1660 2678 1732 προϐαλεῖν
2702 1661 2794 1714 τὸν
2818 1661 3061 1731 βασιλέα,
3092 1662 3240 1733 ὅμως
3264 1660 3601 1717 ἐπακοῦσαι
3633 1680 3760 1716 cur.

2156 1752 2318 1817 εἶδεν,
2365 1752 2454 1807 ἵνα
2479 1793 2494 1819 ,
2528 1752 2629 1816 τὰς
2685 1753 2851 1807 αὐτοῦ
2896 1754 3119 1826 διαδρὰς
3160 1757 3371 1826 χεῖρας,
3416 1755 3532 1825 τὴν
3568 1756 3759 1808 ἐπιθυ-

2160 1842 2438 1914 μουμένην
2479 1843 2627 1914 αὐτῷ
2672 1844 3010 1915 πορεύσηται
3054 1848 3191 1900 ὁδόν.
3248 1846 3600 1899 ’Υπολαϐὼν
3654 1844 3761 1907 οὖν,

2157 1934 2233 2005 τῷ
2266 1934 2480 2004 βασιλεῖ
2512 1934 2618 2004 ἐφη
2639 1950 2653 1965 ⁸
2689 1934 2833 2004 Ἐγὼ
2867 1936 2966 2006 μὲν
2986 1935 3215 1989 ἐπόθουν
3239 1935 3330 1989 τὸν
3363 1936 3523 1988 θεῖον
3549 1936 3761 1988 ἐκεῖνον

2160 2025 2396 2097 ζητῆσαι
2448 2027 2640 2098 ἄνδρα,
2684 2028 2774 2083 τὸν
2805 2028 3165 2096 ὑποδείξαντά
3215 2047 3307 2100 μοι
3349 2028 3458 2099 τὴν
3504 2029 3639 2082 ὁδὸν
3668 2029 3760 2096 τῆς

2162 2117 2458 2190 σωτηρίας,
2482 2119 2596 2183 καὶ,
2631 2120 2766 2173 πάσι
2795 2120 3009 2190 χαίρειν
3039 2120 3265 2173 είπόντα
3287 2162 3304 2187 ,
3331 2120 3458 2189 μετ’
3488 2119 3677 2173 αὐτοῦ
3706 2120 3762 2170 τὺ

2160 2206 2346 2264 λοιπὸν
2366 2210 2468 2280 τῆς
2500 2210 2646 2283 ζωῆς
2674 2230 2775 2282 μου
2801 2210 3074 2267 διανύσαι·
3110 2213 3227 2265 ἀλλ’
3258 2213 3383 2268 ἐπεί
3420 2230 3522 2282 με,
3558 2214 3760 2280 πάτερ,

2159 2299 2219 2352 οὐ
2250 2303 2552 2371 συγχωρεῖς
2584 2301 2655 2356 τά
2692 2300 3007 2371 καταθύμια
3046 2301 3331 2372 πράττειν,
3372 2302 3661 2371 πείθομαί
3686 2318 3761 2354 σοι

2160 2389 2219 2442 ἐν
2244 2389 2438 2459 τούτῳ.
2487 2390 2575 2443 Ἐν
2608 2383 2692 2453 οἷς
2721 2390 2829 2460 γάρ
2885 2391 2945 2443 ού
2979 2391 3265 2461 πρόκειται
3308 2391 3619 2460 προφανὴς
3663 2391 3759 2441 άπ-

2160 2467 2327 2536 ὧλεια
2364 2483 2459 2537 καὶ
2481 2482 2617 2536 Θεοῦ
2645 2482 3001 2554 ἁλλοτρίωσις
3020 2523 3035 2544 ,
3065 2482 3228 2537 καλὸν
3254 2482 3334 2551 τῷ
3364 2482 3551 2551 πατρὶ
3581 2480 3760 2534 πείθε-

2166 2568 2315 2629 σθαι.

467 2675 525 2730 in
563 2689 629 2728 re
664 2672 764 2727 tibi
794 2685 1006 2727 morem
1037 2684 1191 2740 gero,
1234 2667 1507 2739 siquidem
1552 2667 1608 2721 in
1643 2667 1730 2722 his
1769 2668 1935 2722 rebus
1975 2670 2030 2722 in
2064 2667 2269 2738 quibus
2303 2666 2657 2738 perSpicuum
2701 2667 2932 2723 exitium
2977 2673 3143 2736 atque
3179 2663 3528 2719 abalienatio
3572 2679 3607 2719 a
3658 2663 3765 2718 Dm

468 2786 577 2825 non
618 2769 972 2840 preponitur,
1004 2764 1149 2835 patri
1178 2763 1563 2835 obtemperare
1602 2766 1894 2835 pulchrum
1926 2775 2030 2820 est.

555 2868 666 2923 [lex
690 2868 867 2936 itaque
896 2878 1102 2918 summa
1131 2860 1313 2916 laetitia
1347 2859 1611 2929 perfusus,
1645 2864 1917 2926 regionem
1937 2875 2051 2910 om-

483 2973 608 3012 nem
649 2956 874 3023 imperio
894 2969 989 3009 suo
1011 2968 1072 3009 ac
1099 2951 1285 3007 ditioni
1316 2949 1607 3018 subjectam
1639 2948 1690 3002 in
1718 2946 1849 3002 duas
1879 2958 2054 3016 partes

484 3047 690 3113 dividit,
722 3048 992 3115 liliumque
1014 3058 1191 3113 regem
1216 3048 1384 3105 creat,
1408 3056 1469 3094 ac
1491 3039 1788 3094 diademate
1809 3046 2052 3097 exornat,

488 3140 746 3210 regiaque
778 3135 920 3189 omni
951 3134 1117 3204 gloria
1168 3129 1479 3199 insignitum
1523 3129 1574 3182 in
1605 3143 1722 3181 eam
1756 3124 1902 3195 regni
1938 3140 2056 3191 par-

486 3242 595 3283 tem
628 3242 745 3298 qua:
772 3225 871 3295 ipsi
900 3225 1151 3278 attributa
1178 3234 1290 3275 erat
1317 3235 1440 3275 cum
1467 3218 1734 3272 luculenta
1766 3213 2051 3268 satellitum

486 3336 645 3375 ma:.tt
674 3318 865 3373 emittit
890 3333 905 3381 ;
937 3315 1262 3384 principibus
1291 3323 1469 3368 autem
1500 3327 1562 3365 ac
1591 3309 1835 3371 ducibus,
1869 3305 2049 3373 reique

486 3410 734 3464 militaris
779 3406 1043 3476 praefectis
1072 3417 1126 3459 et
1157 3405 1410 3473 satrapis,
1446 3403 1493 3456 si
1539 3416 1763 3470 quorum
1810 3397 2054 3450 voluntas

488 3511 561 3555 ita
590 3502 812 3565 tulisset,
844 3514 964 3553 cum
999 3497 1107 3550 ﬁlio
1146 3510 1242 3549 suo
1272 3510 1333 3549 ac
1381 3508 1505 3565 rege
1556 3488 1925 3561 proficiscendi
1960 3502 2052 3554 po-

488 3603 741 3650 testatem
766 3592 909 3645 facit.
942 3591 1114 3659 Atque
1146 3587 1413 3656 ingentem
1445 3584 1731 3653 quamdam
1762 3596 1823 3635 ac
1856 3596 2051 3633 nume-

489 3686 817 3738 rusissimam
849 3682 1055 3744 urbem,
1105 3680 1156 3732 in
1200 3696 1297 3746 qua
1345 3677 1542 3744 regiam
1593 3674 1775 3728 sedem
1808 3672 2052 3735 haberet,

488 3774 740 3847 asiguat,
767 3771 1050 3840 omniaque
1082 3785 1142 3823 ea
1172 3784 1288 3838 qua:
1330 3767 1542 3837 regibus
1583 3764 1907 3820 conveniunt
1953 3762 2051 3830 ipsr

488 3866 738 3933 impertit.
770 3862 902 3917 Tum
938 3861 1095 3930 igitur
1140 3852 1337 3929 rt-giam
1384 3857 1759 3910 auctoritatem
1791 3869 1854 3908 ac
1902 3863 2052 3922 pote-

488 3969 676 4011 statum
709 3964 894 4008 nactus
923 3952 1204 4020 Josapltat,
1240 3964 1357 4002 ('lliil
1384 3949 1447 4002 ad
1480 3961 1598 4001 eam
1631 3945 1817 3999 urbem
1857 3944 1911 3997 itt
1945 3960 2050 4012 qua

489 4063 551 4103 ca
590 4061 711 4115 quae
762 4045 828 4097 ad
878 4059 1099 4115 regnum
1150 4041 1438 4111 gerendum
1489 4038 1824 4106 pertinebant
1875 4048 2056 4104 parata

489 4147 639 4191 erant
672 4136 921 4195 venisset.
947 4132 1227 4187 dominicre
1250 4130 1513 4199 passionis
1554 4131 1784 4197 signum,
1818 4130 1919 4181 hoc
1949 4137 2051 4194 est,

488 4220 843 4275 venerandam
858 4216 1051 4270 Christi
1076 4230 1290 4272 crucem
1316 4215 1367 4266 in
1386 4213 1611 4281 singulis
1640 4213 1786 4265 urbis
1821 4213 2056 4265 turribus

490 4309 793 4367 collocavit.
826 4309 1089 4362 ldolorum
1112 4316 1288 4359 autem
1321 4303 1542 4357 delubra
1585 4314 1635 4357 et
1681 4318 1798 4356 aras
1829 4304 2019 4373 dejecit
2040 4346 2052 4368 ,

492 4415 652 4471 atque
684 4419 712 4455 a
740 4398 1095 4453 fundamentis
1139 4397 1267 4464 ipsis
1296 4396 1453 4461 eruit,
1485 4395 1660 4448 nullas
1688 4395 1932 4449 videlicet
1962 4397 2059 4449 im-

495 4494 703 4563 pietatis
732 4492 983 4560 reliquias
1012 4489 1279 4559 linquens.

2172 2848 2183 2859 ’
2218 2854 2407 2923 Χαρᾶς
2433 2851 2526 2905 οῦν
2548 2851 2630 2905 ’ότι
2657 2851 2920 2920 πλείστης
2950 2851 2979 2904 ό
3013 2846 3265 2921 βασιλεὺς
3296 2847 3578 2919 πλησθεὶς
3602 2849 3743 2902 διαι-

2153 2949 2235 3017 ρεῖ
2267 2946 2365 3016 μὲν
2416 2945 2515 3016 τὴν
2556 2943 2791 3014 ὑποτελῆ
2826 2942 2977 3015 αὐτῷ
3019 2942 3207 3014 χώραν
3255 2943 3439 2995 πᾶσαν
3486 2944 3577 3005 είς
3614 2943 3740 3003 δύο,

2149 3040 2447 3111 χειροτονεῖ
2485 3038 2540 3091 δέ
2579 3037 2670 3091 τὸν
2717 3036 2833 3090 υἱὸν
2877 3035 3100 3106 βασιλέα
3125 3075 3140 3099 ,
3190 3036 3388 3106 κοσμεῖ
3437 3034 3522 3104 τῷ
3553 3035 3740 3104 διαδή·

2154 3147 2282 3200 ματι
2308 3169 2323 3196 ,
2363 3131 2489 3196 καὶ,
2531 3130 2679 3201 πάσῃ
2714 3127 2905 3181 τοῦτον
2960 3126 3216 3197 βασιλικῇ
3254 3125 3742 3197 καταλαμπρύνας

2150 3222 2296 3294 δόξῃ,
2333 3223 2412 3287 είς
2435 3221 2533 3294 τὴν
2561 3220 2946 3291 ἀφορισθείσαν
2969 3218 3116 3290 αὐτῷ
3144 3218 3425 3287 ἐκπέμπει
3455 3218 3743 3287 βασιλείαν

2154 3314 2292 3383 μετᾶ
2325 3312 2586 3383 λαμπρᾶς
2608 3311 2956 3383 δορυφορίας.
2981 3310 3106 3372 Τοῖς
3135 3310 3365 3379 ἄρχουσι
3389 3308 3449 3361 δὲ
3482 3310 3583 3360 καὶ
3620 3311 3743 3379 ἠγεο

2152 3404 2300 3475 μὸσι,
2338 3403 2669 3476 στρατηγοῖς
2696 3418 2754 3454 τε
2795 3402 2891 3454 καὶ
2924 3399 3236 3470 σατράπαις
3276 3398 3495 3451 κελεύει
3521 3442 3538 3461 ,
3575 3401 3739 3451 παντὶ

2147 3495 2225 3567 τῷ
2259 3493 2598 3565 βουλομένῳ,
2632 3493 2891 3547 ἀπελθεῖν
2924 3492 3067 3562 μετὰ
3110 3490 3206 3545 τοῦ
3252 3490 3369 3543 υἱοῦ
3421 3490 3597 3544 αὑτοῦ
3646 3494 3739 3544 καὶ

2152 3585 2434 3657 βασιλέως.
2456 3585 2567 3638 Καὶ
2588 3583 2744 3638 πόλιν
2765 3584 2888 3637 τινὰ
2911 3583 3155 3655 μεγάλην
3181 3584 3277 3637 καὶ
3302 3582 3738 3653 πολυάνθρωπον

2151 3679 2403 3751 ἀφορίζει
2432 3678 2592 3749 305
2628 3676 2792 3732 αὐτοῦ
2818 3679 2887 3748 τῇ
2921 3675 3195 3746 βασιλείᾳ,
3221 3676 3320 3729 καὶ
3346 3675 3532 3728 πάντα
3557 3675 3738 3729 δίδωσι

2151 3773 2218 3826 τά
2256 3773 2541 3843 πρέποντα
2577 3771 2910 3842 βασιλεῦσιν.
2934 3769 3071 3823 Τότε
3107 3769 3171 3839 δὴ
3203 3770 3327 3822 τότε
3358 3767 3462 3839 τὴν
3488 3768 3739 3833 ἐξουσίαν

2152 3865 2483 3939 παραλαϐὼν
2505 3869 2533 3919 ὁ
2569 3866 2806 3935 Ἱωάσαφ
2837 3864 2935 3934 τῆς
2966 3862 3247 3932 βασιλείας
3270 3900 3286 3925 ,
3312 3862 3484 3932 ἡνίκα
3513 3862 3620 3932 τὴν
3649 3863 3737 3915 πόα

2153 3959 2235 4012 λιν
2279 3957 2578 4011 κατέλαϐεν
2634 3956 2765 4010 ἔνθα
2805 3957 2876 4010 τά
2923 3956 3024 4025 τῆς
3072 3952 3352 4024 βασιλείας
3396 3954 3739 4023 ηὐτρέπιστο

2154 4050 2337 4122 αὐτῷ,
2369 4050 2431 4103 τὺ
2476 4050 2570 4103 τοῦ
2609 4046 2935 4103 δεσποτικοῦ
2974 4048 3073 4118 μὲν
3100 4046 3307 4111 πάθους
3345 4050 3608 4116 σημεῖον,
3650 4046 3734 4099 τὸν

2158 4144 2452 4214 σεϐάσμιον
2492 4142 2722 4213 σταυρὸν
2762 4140 2859 4195 τοῦ
2908 4138 3184 4211 Χριστοῦ,
3221 4138 3441 4209 ἑκάστῳ
3488 4140 3739 4207 ἐφίστησι

2156 4237 2256 4306 τῆς
2290 4236 2498 4298 πόλεως
2529 4233 2727 4305 πύργῳ
2751 4251 2766 4265 ’
2816 4234 2942 4297 τοὺς
2982 4233 3041 4287 δὲ
3085 4232 3401 4292 είδωλικοὺς
3445 4232 3617 4294 ναοὺς
3649 4230 3737 4282 καὶ

2160 4329 2378 4401 βωμοὺς
2410 4328 2674 4398 περιστὰς
2720 4325 3065 4397 ἐπολιόρκει,
3103 4324 3412 4387 κατέσειεν,
3466 4324 3738 4394 ἀνώρυττε

2157 4423 2219 4477 τὸ
2244 4422 2461 4489 ἔδαφος,
2492 4419 2831 4485 ἐξεκάλυπτε
2850 4418 2977 4481 τοὺς
3002 4416 3311 4489 θεμελίους,
3352 4416 3529 4487 μηδὲν
3556 4417 3739 4484 λείψα-

2158 4531 2247 4569 νον
2279 4513 2379 4582 τῆς
2406 4511 2663 4573 ἀσεϐείας
2687 4509 3024 4563 καταλιπών.

565 4587 739 4652 Atque
772 4581 822 4635 in
866 4583 1034 4636 media
1070 4587 1201 4635 urbe
1248 4580 1434 4650 ingens
1462 4595 1522 4633 ac
1554 4582 1864 4661 prata-larum
1916 4590 2055 4634 tem-

2230 4580 2388 4659 Κατὰ
2434 4604 2491 4657 δὲ
2529 4604 2701 4675 μέσης
2746 4603 2845 4672 τῆς
2887 4602 3096 4664 πόλεως
3140 4600 3266 4655 ναδν
3325 4600 3507 4669 μέγαν
3554 4616 3616 4651 τε
3657 4598 3743 4650 καὶ

497 4676 638 4741 plum
670 4673 878 4729 Christo
910 4673 1134 4727 Domino
1171 4674 1441 4737 excitavit,
1472 4672 1713 4741 plebique
1743 4671 2057 4740 imperavit,

495 4779 552 4821 nt
581 4769 651 4821 ad
685 4785 805 4823 eum
839 4768 1013 4821 locum
1046 4766 1238 4820 crebro
1268 4780 1594 4831 commeans,
1630 4764 1738 4817 Deo
1767 4779 1859 4833 per
1886 4779 2061 4817 crucis

494 4863 857 4917 adorationum
907 4860 1108 4912 cultum
1166 4858 1461 4912 adhiberet.
1509 4860 1577 4911 At
1626 4867 1747 4910 tunc
1778 4856 1892 4923 ipse
1941 4864 2063 4908 ante

493 4969 682 5007 omnes
713 4951 763 5004 in
794 4949 1024 5003 medium
1056 4948 1324 5017 prodiens,
1361 4948 1715 5001 intentisxitno
1738 4950 1914 5000 animo
1947 4961 2063 5012 pre-

497 5060 587 5099 ccs
620 5043 894 5106 fundebat,
928 5055 1220 5107 omnesque
1250 5055 1341 5093 eos
1372 5040 1457 5105 qui
1484 5041 1581 5093 sub
1607 5040 1771 5106 ipsius
1800 5048 2064 5103 ροιυδιειιο

495 5154 559 5193 ac
582 5138 781 5191 ditione
826 5144 981 5194 erant
1007 5135 1275 5199 monebat,
1308 5132 1638 5196 obsecrabat,
1674 5134 1799 5185 nihil
1831 5133 2062 5201 denique

498 5228 957 5293 prxtermittebat,
991 5240 1094 5295 quo
1119 5225 1259 5292 ipsos
1279 5240 1305 5276 a
1329 5224 1707 5292 superstitioso
1731 5239 1913 5276 errore
1938 5224 2062 5275 abs-

498 5320 756 5385 traheret,
789 5327 947 5386 atque
990 5317 1053 5368 ad
1104 5314 1376 5369 Christum
1426 5314 2062 5383 adjungeretﬂdolornm

496 5409 669 5463 cultus
716 5409 955 5462 fraudem
986 5418 1146 5476 atque
1192 5407 1537 5473 imposturam
1573 5404 1859 5471 indicabat,
1899 5406 2068 5456 Evan—

498 5499 617 5564 gelii
656 5497 1087 5565 ιπωιὶίίιίιιίοηοιιι
1150 5495 1492 5566 exponebat,
1572 5491 1661 5546 Dei
1736 5494 1883 5549 verbi
1948 5494 2066 5560 plc-

501 5602 621 5640 nam
654 5587 998 5656 indulgentiae
1026 5586 1407 5639 demissionem
1444 5586 1927 5649 Commemorabat,
1974 5586 2065 5637 ad-

500 5685 693 5729 ventus
710 5674 873 5743 ipsius
895 5676 1149 5729 miracula
1175 5676 1515 5742 prmdicabat,
1541 5677 1711 5727 πυρί»
1730 5677 2063 5743 supplicium,

508 5783 599 5839 per
630 5768 768 5838 quod
800 5770 1024 5824 salutem
1057 5770 1327 5824 consecuti
1374 5783 1577 5837 sumus,
1614 5767 1940 5835 declarabat,
1979 5784 2065 5824 rc~

2159 4697 2462 4770 περικαλλῆ
2478 4692 2560 4763 τῷ
2577 4696 2824 4768 Δεσπότῃ
2846 4694 3117 4765 ἀνεγείρει
3133 4690 3377 4762 Χριστῷ.
3396 4691 3514 4744 Καὶ
3534 4689 3741 4743 κελεύει

2156 4790 2219 4843 τὸ
2240 4788 2444 4859 πλῆθος
2471 4791 2589 4842 ἐκεῖ
2613 4787 2831 4857 συνεχὲς
2851 4784 3315 4857 ἐπιχωριάζοντας
3338 4782 3650 4851 προσάγειν
3674 4779 3744 4847 τῷ

2158 4882 2278 4953 Θεῷ
2317 4882 2379 4934 τὸ
2408 4880 2571 4944 σέϐας
2608 4880 2697 4932 διὰ
2739 4880 2842 4948 τῆς
2890 4877 2983 4931 τοῦ
3018 4874 3252 4946 σταυροῦ
3289 4876 3738 4944 προσκυνήσεως,

2158 4976 2240 5037 εἰς
2286 4974 2449 5044 μέσον
2481 4972 2589 5042 πρὸ
2631 4971 2848 5023 πάντων
2876 4969 3040 5030 αὐτὸς
3070 4964 3356 5036 παρελθὼν
3387 4964 3486 5016 καὶ
3532 4965 3741 5016 ἐκτενε·

2162 5066 2333 5138 στάτῃ
2366 5063 2544 5126 διδοὺς
2575 5061 2766 5115 ἐαυτὸν
2789 5060 2993 5130 δεήσει.
3045 5058 3260 5119 Πάντας
3283 5055 3340 5108 δὲ
3364 5054 3497 5118 τοὺς
3523 5055 3633 5107 ὑπὸ
3656 5053 3742 5124 τὴν

2165 5158 2330 5213 αὑτοῦ
2357 5159 2516 5227 χεῖρα
2536 5152 2863 5224 γενομένους
2888 5151 3183 5212 ἐνουθέτει,
3214 5147 3547 5220 παρεκάλει,
3574 5148 3741 5201 πάντα

2165 5250 2337 5302 ἐποίει
2368 5248 2461 5301 τοῦ
2490 5244 2809 5300 ἀποσπάσαι
2848 5245 2949 5314 τῆς
2979 5242 3375 5312 δεισιδαίμονος
3409 5241 3627 5310 πλάνης
3659 5242 3744 5290 καὶ

2164 5336 2241 5407 τῷ
2273 5335 2493 5408 Χριστῷ
2522 5334 2834 5388 οἰκειῶσαι·
2868 5332 2967 5403 τὴν
3003 5331 3218 5400 ἀπάτην
3246 5330 3301 5382 δέ
3331 5329 3629 5382 ύπεδείκνυ
3659 5329 3745 5394 τῆς

2168 5428 2559 5498 εἰδωλομανίας
2583 5428 2677 5480 καὶ
2703 5426 2764 5478 τὸ
2795 5427 3056 5497 κήρυγμα
3086 5421 3421 5490 κατήγγελλε
3456 5420 3555 5472 τοῦ
3577 5421 3743 5487 Εὐαγ-

2168 5523 2375 5593 γελίου,
2407 5522 2475 5575 τὰ
2508 5521 2637 5591 περὶ
2664 5519 2766 5589 τῆς
2798 5518 2889 5571 τοῦ
2922 5516 3058 5571 Θεοῦ
3095 5516 3270 5583 Λόγου
3303 5513 3511 5583 διεξῄει
3550 5528 3745 5579 συγκα-

2170 5618 2473 5679 ταϐάσεως,
2505 5614 2573 5666 τὰ
2610 5612 2893 5683 θαυμάσια
2922 5612 3188 5680 ἐκήρυττε
3218 5609 3318 5674 τῆς
3348 5606 3522 5660 αὑτοῦ
3552 5623 3746 5677 παρου·

2090 5734 2095 5741 “
2176 5711 2315 5774 σίας,
2350 5709 2411 5761 τδ
2444 5706 2612 5768 πάθος
2659 5703 2919 5775 ἐγνώριζε
2957 5702 3051 5755 τοῦ
3098 5697 3329 5770 σταυροῦ
3360 5699 3429 5751 δι’
3479 5693 3544 5753 οὗ
3588 5695 3744 5749 σεσώ-

2180 5802 2380 5875 σμεθα.
2431 5798 2525 5866 τὴν
2557 5798 2654 5867 τῆς
2694 5795 3036 5858 ἀναστάσεως
3068 5792 3296 5863 δύναμιν
3344 5791 3439 5844 καὶ
3484 5789 3581 5861 τὴν
3626 5786 3747 5858 πρὸς
