3902 6358
409 272 543 338 1179

1836 249 2210 309 ADDENDA.

3569 237 3740 305 1180

400 392 542 443 smn,
565 386 685 447 post
712 387 888 432 autem
918 376 1003 445 qui
1054 374 1295 428 militaris
1335 372 1534 425 ordinis
1580 378 1749 431 erant,
1781 382 1843 422 ac
1875 384 1957 420 re-

2084 360 2305 432 ,ιυχικὴν
2336 358 2723 429 ἀπελάμϐανον
2754 357 2963 427 ὐγείαψ
3003 356 3138 411 ἀλλά
3176 356 3241 428 δὴ
3274 357 3377 409 καὶ
3420 356 3575 409 ὅσοι
3635 357 3744 409 νό-

403 475 604 539 liquum
637 469 839 537 vulgus.
877 471 950 521 Ac
979 469 1063 533 qui
1120 464 1428 530 baptismum
1459 460 1831 527 suscipiebant,
1860 473 1962 509 nou

403 560 560 615 modo
596 561 892 613 animarum
946 558 1224 610 sanitatem
1266 551 1748 619 consequebantur,
1781 562 1963 600 vermn

404 654 563 705 etiam
594 652 892 719 quicunque
915 645 1150 715 corporis
1188 644 1385 698 morbis
1416 652 1468 695 et
1503 638 1733 693 febribus
1759 635 1966 688 labora-

401 743 554 807 bant,
595 741 799 808 abjecta
830 739 978 792 omni
1008 737 1224 790 adversa
1269 731 1602 798 valetudine,
1638 740 1747 781 tum
1789 724 1966 777 animo

417 829 580 883 puro,
621 823 739 868 tum
772 818 989 884 integro
1018 825 1253 881 corpore
1286 826 1316 865 e
1356 810 1569 879 piscina
1619 813 2065 881 revertebantur,

418 906 681 962 sanitate.

487 995 566 1049 Ob
590 1010 813 1065 eamque
833 1010 1044 1052 causam
1079 996 1261 1068 ingens
1283 999 1556 1056 hominum
1592 1004 1874 1057 multitudo
1914 1003 1979 1059 ad

417 1103 599 1158 regem
653 1088 911 1158 Josaphat
966 1089 1317 1161 undecunque
1371 1095 1719 1160 conﬂuebat,
1772 1096 1980 1164 pictatis

414 1178 654 1232 doctrina
676 1179 743 1231 ab
772 1194 836 1234 eo
864 1178 1027 1233 imbui
1059 1196 1347 1249 exposcens
1374 1224 1389 1247 ,
1416 1193 1574 1253 atque
1606 1187 1782 1240 omnia
1812 1184 1981 1239 idolo-

414 1284 531 1322 rum
563 1270 759 1338 templa
814 1271 1214 1337 evertebantur,
1244 1288 1535 1342 omnesque
1576 1289 1707 1343 opes
1734 1289 1795 1327 ac
1825 1290 1981 1343 ρεσυ-

414 1361 517 1411 uiae
572 1359 627 1412 in
676 1359 810 1414 fanis
856 1361 1142 1415 recondita:
1185 1361 1646 1427 abstrahebantur,
1691 1378 1980 1433 eorumque

415 1449 533 1504 loco
585 1460 919 1503 sacrosancta
955 1451 1149 1521 templa
1183 1452 1290 1507 Deo
1317 1452 1798 1518 exaediﬁcabantur,
1824 1467 1975 1521 opes-

413 1560 517 1612 que
545 1544 663 1597 illas
710 1544 1045 1613 ingentisque
1085 1546 1240 1613 pretii
1266 1554 1445 1599 vestes
1473 1560 1534 1598 ac
1576 1554 1850 1599 tnesauros
1880 1560 1973 1600 rex

2076 471 2186 516 σοις
2224 448 2363 523 ἦσαν
2406 452 2749 521 σωματικαῖς
2807 449 2903 502 καὶ
2957 448 3241 520 πηρώσεσι
3302 448 3690 518 πιεζόμενοι
3722 490 3737 509 .

2078 543 2253 598 πάντα
2279 542 2644 613 ἀποθέμενοι,
2673 540 2904 613 καθαροὶ
2934 540 3033 605 τάς
3059 540 3259 610 ψυχάς,
3292 541 3491 611 ἄρτιοι
3547 540 3625 593 δὲ
3659 543 3735 593 τὰ

2077 636 2341 707 σώματα,
2376 636 2475 703 τῆς
2509 633 2662 697 θείας
2709 634 3011 705 ἀνήρχοντο
3046 632 3211 703 308
3251 632 3733 704 κολυμϐήθρας,

2079 728 2374 799 θεραπείαν
2397 727 2775 797 τρυγήσαντες
2797 723 2986 795 ψυχῶν
3007 740 3067 776 τε
3095 722 3231 794 ὁμοῦ
3254 725 3350 777 καὶ
3374 723 3732 793 σωμάτων.

2098 825 2362 884 percepta
2390 814 2650 868 videlicet
2692 826 2807 867 tum
2859 814 3175 867 animorum
3223 820 3338 866 tum
3384 828 3749 883 corporum

2152 992 2344 1045 Ἔνθεν
2373 1009 2455 1045 τοι
2484 991 2578 1044 καὶ
2603 992 2854 1063 συνέρρει
2888 992 3025 1062 πρὸς
3049 992 3397 1062 τὸνβασιλέα
3439 994 3727 1064 Ίωάσαφ

2078 1082 2415 1154 πανταχόθεν
2437 1082 2508 1137 τὰ
2544 1082 2761 1154 πλήθη,
2811 1083 3085 1155 μυηθῆναι
3118 1085 3218 1155 τὴν
3257 1084 3583 1139 εὐσέϐειαν
3622 1087 3724 1140 ὐπ’

2077 1173 2243 1227 αὐτοῦ
2279 1173 2591 1243 ζητοῦντες.
2626 1174 2738 1228 Καὶ
2773 1174 2953 1227 πάντα
2988 1174 3091 1243 μὲν
3132 1175 3590 1229 κατεσκάπτετο
3638 1180 3722 1230 εξ-

2076 1264 2278 1320 δωλικά
2306 1264 2647 1337 σεϐάσματα,
2698 1265 2949 1336 ἀφῄρητο
2978 1264 3035 1317 δέ
3071 1267 3180 1328 πᾶς
3222 1267 3251 1318 ό
3290 1265 3553 1329 πλοῦτος
3588 1266 3715 1337 (50)

2078 1357 2173 1410 καὶ
2201 1357 2270 1410 τά
2297 1356 2642 1427 ἀποκείμενα
2662 1358 2773 1419 τοῖς
2799 1355 3091 1419 είδωλείοις
3113 1357 3407 1427 χρήματασ
3431 1360 3541 1410 καὶ
3578 1359 3716 1429 ἱερά

2078 1449 2278 1520 τεμένη
2310 1448 2387 1520 τῷ
2409 1449 2527 1520 Θεῷ
2556 1448 2989 1520 ἀντῳκοδομεῖτο
3020 1448 3154 1517 (51).
3180 1450 3291 1502 Καὶ
3320 1448 3422 1502 τδν
3454 1450 3715 1504 ἐκείνων

2081 1541 2309 1595 πλοῦτον
2342 1542 2526 1604 αὐτοῖς
2568 1541 2665 1593 καὶ
2709 1540 2806 1603 τάς
2840 1540 3155 1605 πολυτελεῖς
3182 1540 3425 1611 ἐσθῆτας
3456 1544 3487 1595 ό
3540 1544 3714 1614 βασι-

413 1633 670 1700 Jnsapbat
720 1633 849 1701 ipsis
906 1633 1253 1703 assignabat,
1283 1634 1443 1689 vilem
1472 1634 1678 1688 scilicet
1704 1648 1764 1687 ac
1789 1649 1974 1704 super-

2084 1635 2197 1697 lab;
2240 1633 2473 1701 Ἰωάσαφ
2506 1633 2599 1686 καὶ
2633 1633 2758 1697 τοὺς
2788 1632 3098 1705 θησαυροὺς
3131 1633 3369 1686 ἀνετίθει
3411 1636 3567 1706 (52),
3605 1636 3713 1708 τὴν

414 1736 700 1777 vacaneam
728 1723 868 1775 illam
899 1724 1176 1776 materiam
1210 1724 1306 1777 hac
1337 1724 1537 1778 ratione
1565 1723 1748 1778 utilem
1779 1740 1840 1779 ac
1866 1725 1978 1780 fru-

414 1824 654 1867 ctuosam
679 1812 940 1867 efficiens.
971 1812 1295 1868 Exsecrandi
1315 1830 1476 1883 porro
1502 1817 1896 1885 dmmones,qni
1925 1816 1981 1872 in

415 1901 553 1955 fanis
581 1901 683 1956 illis
716 1911 769 1955 et
799 1902 1057 1956 altaribus
1084 1905 1571 1969 commorahantur,
1590 1907 1980 1962 atrocissimum

415 1996 468 2049 in
525 1995 740 2049 modum
770 1996 1115 2061 vexabantur,
1148 2010 1211 2050 ac
1259 1994 1599 2066 fugabantnr,
1640 2009 1983 2069 coortamque

414 2088 515 2141 sibi
533 2089 885 2141 calamitatem
914 2088 1250 2143 audientibus
1270 2089 1448 2143 multis
1470 2089 1787 2145 clamabant.
1814 2093 1984 2161 Atque

415 2180 633 2234 linitima
665 2180 753 2234 illa
778 2182 1017 2235 universa
1050 2182 1198 2250 regio
1226 2183 1503 2235 tenebrosa
1537 2183 1768 2250 ipsorum
1795 2181 1983 2238 fraude

412 2280 575 2339 atque
606 2271 899 2336 impostura
937 2270 1285 2337 liberabatur,
1312 2287 1375 2325 at:
1404 2272 1825 2328 Christianorum
1860 2274 1982 2329 ﬁdei

411 2362 480 2415 ab
507 2364 650 2415 omni
682 2361 802 2417 labe
840 2376 901 2416 ac
931 2362 1348 2431 reprehensione
1368 2363 1546 2418 liberae
1567 2364 1679 2419 luce
1704 2366 1985 2420 eollustra-o

411 2452 474 2506 ha
484 2462 587 2507 tur.

483 2542 887 2610 Siquidemipse
916 2558 1123 2611 qucque
1168 2560 1255 2596 rex
1288 2547 1531 2601 omnibus
1551 2549 1759 2603 virtutis
1788 2563 1975 2605 exera-

415 2645 529 2712 plar
564 2644 781 2705 erat,ac
835 2639 1127 2707 permultos
1169 2637 1237 2692 ad
1284 2635 1526 2690 eamdem
1569 2634 1890 2689 voluntatem
1922 2639 1977 2685 et

413 2732 730 2786 sententiam
788 2727 1053 2784 excitabat
1119 2737 1174 2783 et
1219 2724 1602 2781 inflammabat.
1661 2718 1977 2790 llujusmodi

414 2824 609 2892 quippe
637 2821 960 2890 principatus
992 2828 1148 2889 atque
1176 2817 1385 2887 imperii
1417 2826 1604 2870 natura
1632 2823 1743 2877 est;
1765 2826 1978 2878 semper

415 2912 554 2965 enim
584 2911 780 2966 subditi
803 2910 870 2964 ad
903 2924 1026 2965 eum
1055 2909 1144 2978 qui
1173 2921 1353 2962 rerum
1383 2906 1580 2973 potitur
1603 2916 1723 2957 sese
1759 2914 1979 2969 compo-

415 3015 568 3071 nunt,
595 3019 763 3075 eaque
793 3018 972 3057 amare
990 3016 1053 3057 ac
1076 3000 1372 3056 consectari
1395 2996 1587 3059 solent,
1614 2994 1804 3066 quibus
1828 2992 1976 3061 prin-

416 3095 1129 3165 cipemdelectarisentiunt.
1155 3091 1311 3158 Hinc,
1340 3090 1450 3144 Deo
1479 3088 1783 3158 adjuvante,
1808 3084 1978 3153 pietas

417 3190 544 3256 ipsis
557 3189 868 3257 augebatur.
885 3200 1156 3254 novosque
1172 3186 1225 3238 in
1245 3184 1360 3238 dies
1385 3193 1700 3251 progressus
1729 3175 1973 3239 faciebat,

412 3294 475 3333 ac
503 3293 592 3331 rex
623 3281 672 3331 in
718 3278 914 3332 Christi
955 3276 1324 3330 mandatorum
1364 3270 1792 3328 observationem
1831 3274 1973 3320 totus

420 3368 980 3436 incumbebat,atque
1032 3382 1099 3421 ex
1148 3367 1317 3434 ipsius
1374 3362 1629 3419 cbaritate
1686 3357 1971 3431 pendebat.

414 3460 645 3526 Eratque
678 3458 821 3511 verbi
849 3457 1031 3527 gratia:
1060 3457 1417 3524 dispensator,
1456 3467 1518 3507 ac
1543 3451 1829 3506 multarum
1859 3447 1975 3501 ani-

415 3566 623 3604 marum
676 3549 1016 3618 gubernator,
1042 3548 1109 3601 ad
1159 3547 1252 3600 Dei
1293 3554 1499 3615 portum
1531 3558 1624 3599 eas
1676 3539 1970 3610 appellens.

422 3642 625 3694 Etenim
656 3638 785 3693 illud
809 3654 869 3692 ex
878 3638 1135 3707 ploratum
1158 3635 1405 3697 habebat,
1433 3634 1669 3687 omnium
1696 3630 1971 3700 regiorum

419 3744 697 3785 munerum
728 3730 829 3783 hoc
880 3729 1187 3798 primarium
1218 3738 1270 3782 et
1300 3724 1796 3795 praestantissimum
1827 3736 1969 3790 esse,

413 3830 469 3873 nt
498 3820 737 3874 homines
752 3818 817 3873 ad
844 3819 933 3873 Dei
966 3828 1160 3874 metum
1179 3833 1241 3873 ac
1255 3816 1474 3887 justitiaa
1500 3816 1698 3870 cultum
1725 3813 1968 3869 erudiat:

409 3913 547 3980 quod
578 3914 737 3967 etiam
764 3914 875 3982 ipse
903 3910 1154 3979 faciebat,
1178 3914 1414 3982 seipsum
1439 3910 1686 3966 videlicet
1716 3909 1783 3964 ad
1805 3909 1973 3978 impe-

408 4004 489 4057 rio
519 4004 770 4057 tenendas
801 4004 959 4056 animi
984 4004 1404 4071 perturbationes
1432 4016 1764 4069 comparans,
1784 3999 1969 4057 subdi-

406 4102 592 4161 toSque
617 4109 739 4148 suos
770 4096 1090 4158 admonens,
1121 4103 1279 4162 atque
1302 4093 1487 4160 optimi
1517 4088 1755 4145 naucleii
1804 4087 1971 4143 instar

409 4185 625 4250 iustitiae.
665 4185 869 4238 clavum
921 4184 1107 4238 sedulo
1173 4192 1377 4236 tenens.
1417 4182 1550 4236 Nam
1596 4180 1711 4235 haac
1756 4179 1969 4234 demum

408 4273 521 4327 veri
571 4276 715 4342 regni
774 4274 853 4326 lex
913 4288 975 4326 ac
1036 4287 1217 4324 norma
1274 4279 1387 4335 est,
1437 4270 1683 4324 nimirum
1731 4270 1972 4339 volupta-

417 4365 556 4418 tibus
627 4364 889 4432 imperare
918 4407 931 4430 ,
983 4364 1148 4431 iisque
1192 4363 1475 4425 dominari,
1520 4362 1966 4431 quemadmodum

408 4454 522 4521 ipse
581 4455 737 4508 etiam
809 4453 1058 4509 faciebat.
1118 4452 1321 4521 Quippe
1388 4468 1486 4507 nec
1567 4455 1633 4507 de
1704 4457 1965 4521 majorum

410 4544 706 4611 nobilitate,
731 4559 827 4598 nec
870 4544 935 4598 de
969 4544 1106 4613 regia
1143 4545 1333 4613 gloria,
1367 4544 1418 4597 in
1466 4559 1567 4612 qua
1630 4544 1961 4609 versabatur,

406 4630 516 4686 ullo
583 4632 740 4687 modo
791 4648 912 4688 sese
969 4633 1196 4688 efferens
1237 4631 1688 4702 (quandoquidem
1768 4633 1963 4688 luteum

2003 2965 2046 3022 C

2076 1722 2270 1792 ἄτιμον
2302 1722 2517 1792 ἐκείνην
2558 1721 2653 1774 καὶ
2693 1720 2957 1794 περιττὴν
2987 1721 3121 1792 ὓλην
3147 1723 3374 1793 ἐνεργὸν
3420 1724 3719 1780 ἐντεῦθεν

2079 1814 2251 1867 ποιῶν
2289 1813 2383 1866 καὶ
2407 1812 2703 1885 ὠφέλιμον.
2738 1815 2801 1867 Oi
2834 1812 2891 1866 δὲ
2931 1815 3044 1877 τοῖς
3075 1812 3281 1884 βωμοῖς
3311 1814 3575 1881 ἐκείνοις
3609 1821 3713 1871 καὶ

2076 1907 2224 1968 ναοῖς
2273 1904 2386 1974 (⁸55)
2443 1904 2818 1976 διατρίϐοντες
2878 1904 3070 1975 μιαροὶ
3126 1904 3389 1975 δαίμονες
3446 1907 3707 1980 διωγμῷ

2076 1994 2447 2067 χαλεπωτάτῳ
2479 1995 2802 2066 ἠλαύνοντο,
2836 1996 2931 2050 καὶ
2965 1994 3063 2067 τὴν
3097 1996 3446 2052 ἐπελθοῦσαν
3494 2002 3709 2064 αὐτοῖς

2078 2088 2366 2159 συμφοράν
2421 2088 2503 2151 είς
2544 2087 2757 2142 πολλῶν
2813 2089 3047 2159 ἐπήκοον
3094 2088 3336 2143 ἀνεϐόων
3379 2091 3531 2161 (δι).
3584 2094 3707 2146 Καὶ

2076 2178 2437 2251 ἠλευθεροῦτο
2476 2181 2510 2251 ἡ
2550 2180 2859 2253 περίχωρος
2894 2181 3046 2234 πᾶσα
3076 2181 3261 2253 ἐκείνη
3294 2182 3398 2253 τῆς
3438 2184 3702 2255 ζοφερᾶς

2079 2271 2260 2325 αὐτῶν
2292 2271 2527 2339 ἀπάτης,
2559 2271 2637 2343 τῷ
2672 2271 2810 2341 φωτί
2839 2288 2899 2324 τε
2940 2272 3349 2345 περιελάμπετο
3382 2274 3496 2345 τῆς
3526 2278 3701 2346 ἀμω-

2080 2365 2251 2434 μήτου
2286 2363 2393 2417 τῶν
2425 2361 2768 2435 Χριστιανῶν
2803 2362 3063 2427 πίστεως.

2160 2541 2378 2613 Ἀμέλει
2409 2541 2505 2596 καὶ
2533 2542 2561 2595 ό
2610 2542 2866 2613 βασιλεὺς
2910 2541 3115 2612 ἀγαθὸν
3148 2544 3313 2598 πᾶσιν
3360 2544 3697 2617 ὑπόδειγμα

2075 2627 2163 2704 ἧν,
2213 2633 2306 2687 καὶ
2339 2633 2565 2698 πολλοὺς
2605 2635 2696 2687 ἐπὶ
2751 2634 2852 2705 τὴν
2896 2636 3087 2706 ὁμοίαν
3128 2635 3356 2708 γνώμην
3404 2638 3689 2708 ἀνέσλεγε

2078 2725 2171 2777 καὶ
2210 2724 2437 2795 ἐξῆπτε.
2473 2725 2729 2779 Τοιοῦτον
2758 2728 2867 2797 γάρ
2898 2728 2931 2797 ὴ
2959 2725 3208 2791 ἐξουσίαι
3239 2730 3687 2803 συμμορφοῦται

2076 2814 2249 2887 ταύτῃ
2287 2816 2375 2869 ἀεὶ
2414 2816 2474 2870 τὸ
2503 2816 2818 2889 ὑποχείριον
2842 2859 2855 2883 ,
2888 2817 2999 2871 τῶν
3026 2819 3206 2873 αὐτῶν
3236 2837 3295 2873 τε
3332 2819 3489 2889 φιλεῖ
3520 2824 3683 2895 ὲρᾷν,

2079 2905 2307 2959 κάκεῖνα
2333 2905 2675 2975 ἐπιτηδεύειν
2701 2900 2858 2960 οἷσπε
2867 2926 2899 2977 ρ
2926 2907 2992 2961 ἃν
3024 2909 3117 2962 τὸν
3145 2910 3386 2981 ἄρχοντα
3412 2912 3682 2984 αἴσθηται

2080 2997 2343 3069 χαίροντα
2364 2998 2498 3069 (55).
2526 2999 2692 3069 309
2726 2999 3032 3065 Ἐντεῦθεν,
3063 3001 3155 3054 τοῦ
3183 3002 3319 3055 Θεοῦ
3347 3007 3681 3075 συνεργοῦν-

2079 3104 2191 3151 τος,
2216 3090 2249 3157 ή
2277 3086 2527 3142 εὐσέϐεια
2558 3089 2823 3160 ηὐξάνετο
2848 3091 2905 3143 ἐν
2933 3091 3118 3152 abaci;
3146 3094 3241 3146 καὶ
3262 3094 3537 3149 ἐπεδίδου.
3566 3098 3678 3150 Καὶ

2078 3180 2216 3245 ὅλως
2264 3175 2332 3253 ἦν
2378 3180 2486 3233 τῶν
2533 3181 2629 3235 τοῦ
2666 3183 2907 3254 Χριστοῦ
2951 3184 3184 3239 ἐντολῶν
3228 3188 3323 3240 καὶ
3361 3188 3465 3259 τῆς
3503 3191 3681 3244 αὐτοῦ

2078 3272 2301 3345 ἀγάπης
2341 3273 2714 3347 ἐξηρτημένος
2760 3278 2787 3329 ό
2828 3275 3117 3348 βασιλεὺς,
3154 3279 3444 3350 οίκονόμος
3476 3300 3534 3335 τε
3578 3284 3671 3336 τοῦ

2080 3362 2239 3431 λόγου
2272 3364 2371 3435 τῆς
2403 3364 2661 3437 χάριτος,
2696 3367 2792 3420 καὶ
2830 3366 3021 3438 ψυχῶν
3053 3368 3399 3441 κυϐερνήτης
3431 3373 3665 3437 πολλῶν,

2078 3457 2160 3519 εἰς
2190 3455 2282 3509 τὸν
2316 3455 2513 3527 λιμένα
2540 3457 2635 3511 τοῦ
2666 3458 2801 3512 Θεοῦ
2844 3459 3045 3525 ταύτας
3088 3462 3463 3534 καθορμίζων.
3514 3470 3667 3539 ᾜδει

2078 3547 2187 3618 γὰρ
2219 3546 2376 3601 τοῦτο
2418 3543 2558 3603 εἶναι
2598 3551 2706 3621 πρὸ
2755 3553 2973 3608 πάντων
3023 3552 3290 3623 βασιλέως
3330 3556 3495 3629 ἔργον
3519 3604 3533 3625 ,
3580 3564 3665 3617 ἵνα

2076 3639 2203 3702 τοὺς
2249 3639 2572 3712 ἀνθρώπους
2613 3642 2801 3716 διδάξῃ
2839 3644 2932 3699 τὸν
2959 3645 3094 3701 Θεὸν
3124 3647 3406 3718 φοϐεῖσθαι
3457 3654 3553 3706 καὶ
3606 3656 3665 3706 τδ

2077 3729 2286 3785 δίκαιον
2322 3736 2531 3805 τηρεῖν.
2571 3736 2637 3788 Ὃ
2669 3734 2733 3806 δὴ
2779 3738 2874 3791 καὶ
2917 3739 3111 3793 ἐποίει’
3144 3741 3338 3795 ἑαυτόν
3382 3760 3442 3796 τε
3485 3747 3565 3808 είς
3605 3749 3663 3800 τὸ

2079 3819 2399 3891 βασιλεῦσαι
2423 3824 2535 3879 τῶν
2566 3825 2753 3881 παθῶν
2782 3831 3147 3902 καταρτίζων,
3182 3832 3279 3885 καὶ
3308 3837 3420 3897 τοῖς
3448 3836 3543 3889 ὐπ’
3567 3840 3661 3890 αύ-

2078 3914 2168 3968 τδν
2194 3914 2271 3978 ὡς
2296 3916 2429 3969 κυὸε
2440 3917 2641 3989 ρνήτης
2666 3918 2889 3991 ἄριστος
2915 3921 3253 3994 διακατέχων
3289 3923 3535 3994 ἀκριδῶς
3560 3928 3658 3998 τῆς

2080 4005 2341 4076 εὐνομίας
2374 4007 2502 4071 τοὺς
2525 4008 2740 4073 οἴακας.
2766 4011 2937 4065 Τοῦτο
2962 4012 3071 4086 γὰρ
3104 4015 3227 4084 ὅρος
3266 4015 3529 4088 ἀληθινῆς
3559 4020 3654 4090 βα.

2078 4096 2302 4161 σιλείας,
2334 4097 2396 4151 τὸ
2430 4096 2737 4167 βασιλεύειν
2764 4103 2859 4155 καὶ
2889 4106 3112 4175 κρατεῖν
3136 4106 3245 4159 τῶν
3273 4108 3499 4177 ἡδονῶν·
3522 4112 3659 4181 ὅπερ

2077 4189 2284 4254 ἐκεῖνος
2336 4191 2531 4245 ἐποίει.
2582 4191 2706 4247 Ἐπὶ
2743 4195 3024 4264 προγόνων
3074 4197 3257 4269 μέντοι
3289 4202 3535 4274 εὐγενείᾳ
3562 4207 3651 4257 καὶ

2000 4324 2048 4383 D
2076 4283 2141 4383 τῇ
2171 4282 2301 4354 περὶ
2332 4282 2496 4383 αὐτόν
2523 4282 2658 4358 οὐσῃ
2690 4284 2944 4360 βασιλικῇ
2982 4288 3110 4363 δόξῃ
3142 4291 3390 4361 μηδόλως
3422 4296 3649 4367 ἐναϐρυ-

2077 4374 2322 4444 νόμενος,
2350 4374 2508 4440 εἰδὼς
2540 4377 2622 4431 ὅτι
2650 4378 2874 4450 πήλινον
2900 4379 3096 4452 ἔχομεν
3125 4382 3327 4447 πάντες
3346 4385 3440 4438 τοῦ
3471 4389 3649 4456 γένους

2076 4464 2397 4536 προπάτορα
2443 4466 2591 4537 (56),
2636 4470 2730 4522 καὶ
2776 4469 2871 4524 τοῦ
2920 4470 3083 4525 αὐτοῦ
3124 4475 3445 4546 φυράματος
3489 4480 3647 4548 ἐσμὲν

2075 4557 2323 4610 πλούσιοί
2359 4575 2417 4611 τε
2449 4559 2545 4613 καὶ
2576 4560 2838 4633 πένητες,
2871 4564 2930 4617 ἐν
2958 4563 3182 4636 άϐύσσῳ
3215 4566 3272 4619 δέ
3300 4585 3650 4641 ταπεινοφρο-

2077 4646 2243 4719 σύνης
2271 4650 2360 4704 ἀεὶ
2383 4650 2474 4704 τὸν
2500 4650 2626 4708 νοῦν
2657 4652 2963 4725 ἐμϐάλλων,
2988 4656 3083 4711 καὶ
3106 4657 3208 4728 τῆς
3235 4659 3449 4713 ἐκεῖθεν
3481 4680 3646 4733 pax:-

602 4804 671 4890 ρ,
758 4808 872 4890 πᾶς
910 4806 1003 4889 πλ.
1022 4807 1206 4890 §ttpra
1243 4810 1384 4890 idem
1414 4796 1641 4890 ἀστεῖοι,
1677 4830 1775 4885 pro
1795 4816 1972 4889 ἄρτιοι

2088 4819 2190 4875 uod
2222 4837 2326 4877 non
2356 4824 2735 4882 omittendum.

599 4873 661 4957 ρ,
687 4875 808 4957 ἱερά
828 4877 884 4929 δὲ
914 4878 991 4957 τῷ
1107 4873 1231 4957 ego.
1259 4873 1692 4957 ἀντῳκοδόμητοῖ

609 4943 671 5022 ς,
702 4943 817 5022 sep,
856 4943 1096 5022 καὶτοὺς
1126 4943 1249 5021 θήσ.
1270 4952 1309 5022 ό
1342 4943 1394 5022 β.
1439 4953 1498 5007 Ί.
1533 4943 1684 5011 ἀνέτ.

602 5016 662 5103 (ξ,
692 5017 741 5103 οἱ
765 5016 820 5071 δὲ
845 5020 960 5103 τοῖς
990 5022 1137 5083 ναοῖς
1162 5014 1393 5103 ἐκείνοις
1416 5024 1517 5103 καὶ
1544 5024 1769 5097 βωμοῖς.
1794 5057 1863 5069 --
1903 5026 1974 5093 Sit

2084 5044 2111 5083 a
2136 5028 2206 5085 cf.
2235 5047 2287 5102 p.
2313 5032 2436 5089 39.0.
2469 5035 2731 5095 Minucius
2761 5040 2875 5096 Fel.
2908 5058 2958 5099 c.
2989 5044 3090 5097 27:
3133 5065 3152 5095 ι
3185 5047 3523 5102 ἀωιιιοιιρεη.
3547 5051 3641 5103 sub

388 5084 584 5158 stat_n_i_s
610 5095 668 5158 et
706 5086 1032 5158 imaginibus
1065 5084 1743 5151 consecratidelitescunt.
1784 5116 1803 5150 ι

459 5154 570 5222 (54)
599 5155 660 5239 (ξ,
690 5154 881 5239 ἐϐόων.
916 5158 1175 5239 Libanius
1196 5162 1368 5239 epist.
1397 5162 1467 5239 29
1497 5166 1617 5239 :_Tb
1662 5167 1771 5239 γὰρ
1799 5167 2024 5239 χρυσίον
2055 5171 2183 5223 είσπ

385 5227 565 5308 πότων
591 5224 689 5308 τὴν
716 5227 888 5293 τάξιν,
914 5231 1008 5284 καὶ
1038 5224 1263 5308 προσέτί
1303 5232 1498 5308 γεμτῶν
1520 5224 1904 5308 ἠπατηκότῖὁν.
1932 5239 1973 5295 C

2084 5256 2112 5293 κ
2143 5224 2519 5304 adsimilata".

458 5293 569 5362 (55)
604 5293 680 5349 Ad
715 5312 872 5365 quam
907 5293 1231 5353 sententiam
1259 5293 1407 5356 conf.
1439 5293 1572 5359 tom'.
1607 5306 1643 5371 I,
1674 5293 1738 5376 pa
1781 5346 1796 5359 .
1823 5293 2110 5373 ὖόιξιιξί.

458 5380 546 5415 ντα
582 5365 827 5431 θεωρῶσι
860 5370 1002 5431 (cod.
1032 5370 1162 5426 2991
1192 5371 1258 5431 Α.
1294 5373 1506 5431 ὁρῶσι).
1538 5375 1607 5428 τά
1632 5325 1777 5431 αὐτὲ
1794 5379 1889 5430 καὶ
1914 5379 2069 5431 αὐτοὶ
2094 5381 2355 5431 πράττειν
2383 5401 2538 5431 συνεν

384 5379 546 5415 τοντα
582 5365 827 5443 θεωρῷσι
851 5370 1011 5443 (cod.
1032 5370 1162 5443 299i
1192 5371 1258 5433 A,
1294 5373 1506 5443 ὁρῶσι),
1538 5375 1607 5428 τά
1630 5365 1731 5429 αὐτ

2190 5173 2457 5254 ραττέτωη
2482 5177 2605 5247 μὲν,
2637 5181 3017 5251 είσπραττέτω
3040 5184 3095 5238 δέ
3140 5188 3290 5254 παρά
3336 5189 3443 5240 τῶν
3485 5189 3636 5241 λελοι-

2613 5254 2953 5329 raqmsitione
2969 5271 3008 5329 _:
3041 5256 3161 5329 Τῶν
3204 5258 3635 5329 ἐξηπατηκότων.

2624 5336 2746 5401 rage.
2778 5338 2895 5401 cap.
2930 5325 2992 5380 19
3025 5344 3037 5379 :
3071 5328 3134 5401 "_A
3156 5328 3263 5397 γὰρ
3292 5325 3358 5380 ἄν
3392 5325 3452 5381 σε
3484 5330 3635 5401 πράτ-

1867 5379 1879 5392 ‘
1962 5379 1973 5393 .
2189 5381 2199 5393 '
2652 5388 2676 5400 ~
2845 5379 2858 5391 ι
2971 5379 2975 5380 ⁷
3166 5379 3182 5394 r
3232 5379 3243 5397 ι
3342 5379 3345 5380 ⁷
3435 5379 3448 5381 ⁷
3490 5379 3541 5401 ”“Γ
3557 5379 3580 5382 ν

1794 5381 2069 5471 κιαι,
2094 5388 2763 5471 πραίξτεινισυνενεχθωσιθ
2790 5393 3001 5471 πέφυκε
3036 5396 3287 5471 γάρ-πως
3318 5403 3441 5461 ταῖς
3461 5402 3634 5471 ἀρχαῖς

387 5436 935 5535 σ;)ειμεταϐάλλεσθαι
966 5440 1026 5522 τὸ
1046 5436 1339 5535 ὐιπήκορνί
1361 5436 1502 5535 Vide
1521 5444 1743 5535 llttp'et't.
1776 5448 1843 5502 ad

2115 5436 2152 5516 ι,
2195 5451 2257 5505 ﬁt
2290 5469 2303 5516 ;
2340 5462 2413 5518 ct,
2448 5462 2538 5523 qui
2574 5436 2914 5516 'senteutiain
2949 5436 3206 5535 exemplis
3239 5436 3629 5525 iianﬁKiI‘iif

384 5504 931 5587 διιορςξῇιεεὶϐᾳξιιιιωῃ.
968 5511 1017 5564 in
1042 5504 1193 5587 ἀεὶδὲ.
1230 5511 1379 5587 Lips.
1408 5523 1552 5587 Διυηι.
1584 5504 1672 5587 Ill,
1703 5534 1823 5587 pag.
1868 5520 1994 5575 290.

432 5572 569 5651 ⁸(36)
600 5574 830 5651 Basilius
882 5580 1016 5635 illac.
1056 5580 1222 5638 l’t'wc.
1268 5572 1315 5639 ρ’.
1364 5583 1426 5638 ιιι
1469 5602 1480 5637 ;
1525 5586 1625 5651 1Ιηῖ

384 5643 503 5707 χόες
534 5643 849 5709 φυτώμεθα.

1595 5587 1701 5657 fab;
1743 5587 1898 5657 ἡμῶν
1934 5588 2026 5642 τοῦ
2068 5589 2255 5659 γένους
2288 5588 2367 5659 εἷς
2400 5595 2635 5669 ὑπάρχει
2683 5604 3004 5674 προπάτωρ,
3044 5607 3147 5660 κᾶν
3177 5609 3301 5661 κατ’
3330 5608 3567 5681 ἀλλήλων
3584 5616 3626 5667 ol
