3888 6344
126 408 280 472 1185

1246 409 1417 470 ἰἸΤΑ
1458 404 1812 466 BARLAAM
1852 403 1947 462 ET
1983 402 2331 462 JOASAPII.

3270 412 3410 476 1186

139 516 481 575 Δεσποτικοῦ
520 516 890 589 χαρακτῆρος,
922 515 1152 588 δάκρυσι
1191 517 1290 588 τὴν
1320 518 1425 586 γῆν
1458 516 1721 587 κατέϐρε-

1836 536 1887 584 et
1903 537 2025 581 ante
2041 527 2369 581 Dominicam
2394 524 2619 594 efﬁgiem
2651 524 2703 578 in
2734 526 2918 582 faciem
2942 529 3181 598 abjectus
3210 537 3404 585 terram

140 629 274 683 χεν,
307 610 646 681 εὐχαριστῶν
676 607 812 678 ὁμοῦ
848 607 931 678 τῷ
969 607 1202 679 δεσπότῃ
1245 610 1340 662 καὶ
1373 607 1724 679 ἐξομολογού-

144 723 332 776 μενος,
369 704 464 758 κα¹ι
491 703 641 775 χείλη
672 702 1046 772 ἀγαλλιάσεως
1076 704 1239 757 κινῶν
1267 702 1401 775 πρὸς
1427 701 1721 773 ὑμνῳδίαν.

228 905 460 975 Ύψώσω
505 922 585 968 σε,
610 904 803 972 λέγων,
831 906 859 958 6
885 903 1017 968 Θεός
1054 922 1156 975 μου
1186 905 1280 957 καὶ
1308 902 1559 974 βασιλεύς
1595 920 1720 973 μου,

139 999 243 1053 καὶ
266 998 547 1067 εὐλογήσω
569 998 630 1049 τὸ
658 996 831 1067 ὄνομά
861 1013 954 1049 σου
984 998 1062 1059 είς
1084 995 1174 1049 τὸν
1206 996 1377 1048 αίῶνα
1404 994 1496 1049 καὶ
1524 995 1604 1056 είς
1634 994 1724 1047 τὸν

137 1089 316 1142 αἰῶνα
357 1087 454 1141 τοῦ
493 1088 689 1151 αἰῶνος
716 1101 731 1116 ·
785 1088 959 1158 μέγας
1003 1082 1075 1152 εἴ,
1122 1086 1334 1156 Κύριε,
1376 1087 1470 1139 καὶ
1512 1084 1721 1148 αίνετὸς

138 1182 375 1251 σφόδρα,
394 1181 490 1233 καὶ
509 1181 608 1249 τῆς
629 1179 1020 1249 μεγαλωσύνης
1036 1195 1128 1231 σου
1146 1178 1244 1232 οὐκ
1263 1176 1379 1229 ἔστι
1395 1177 1570 1247 πέρας
1587 1175 1719 1247 (49).

136 1273 256 1324 Καὶ
284 1271 367 1333 τίς
389 1270 611 1338 λαλήσει
641 1270 739 1332 τὰς
764 1269 1078 1332 δυναστείας
1115 1285 1230 1331 σου,
1261 1266 1531 1328 ἀκουστὰς
1564 1266 1723 1336 ποιή-

138 1380 229 1415 σει
272 1362 450 1425 πάσας
478 1361 577 1424 τὰς
602 1362 836 1425 αἰνέσεις
861 1377 954 1413 σου
990 1360 1124 1430 (50),
1153 1358 1245 1413 τοῦ
1277 1358 1603 1429 στρέψαντος
1624 1356 1721 1426 τὴν

135 1454 354 1521 πέτραν
398 1454 478 1516 εἰς
518 1452 712 1522 λίμνας
752 1452 958 1505 ὑδάτων
999 1453 1094 1505 καὶ
1146 1449 1244 1520 τὴν
1297 1448 1600 1518 ἀκρότομον
1644 1446 1723 1507 εἰς

133 1543 308 1615 314
341 1542 525 1613 πηγὰς
575 1542 779 1596 ὑδάτων
817 1543 964 1614 (51);
1022 1541 1152 1594 Ἰδοὺ
1187 1539 1296 1610 γὰρ
1334 1540 1367 1607 ἡ
1417 1536 1722 1608 ἀκρότομος

132 1635 286 1705 αῦτη
326 1635 419 1687 καὶ
454 1633 660 1704 πέτρας
690 1633 1032 1705 σκληροτέρα
1062 1631 1258 1703 καρδία
1303 1628 1396 1682 τοῦ
1439 1627 1573 1698 ἐμοῦ
1616 1642 1721 1679 πα-

132 1727 291 1797 τρδς,
317 1725 409 1779 σοῦ
439 1725 791 1796 θηλησαντος,
811 1725 946 1777 ὼσεὶ
965 1724 1132 1795 κηρὸς
1154 1721 1459 1793 ἐμαλάχθη.
1486 1717 1722 1773 Δυνατὸν

131 1818 254 1888 γάρ
282 1835 361 1871 σοι
401 1817 494 1870 κοιλ⁵
537 1818 602 1869 ἐκ
630 1816 739 1870 τῶν
777 1815 939 1869 λίθων
970 1815 1173 1868 τούτων
1208 1816 1417 1884 ἐγεῖραι
1449 1813 1613 1866 τέκνα
1641 1809 1720 1879 τῷ

149 1909 410 1981 Ἀδραάμ
432 1908 568 1979 (52).
600 1907 922 1979 Εὑχαριστῶ
946 1924 1050 1970 σοι,
1078 1906 1323 1959 Δέσποτα
1348 1904 1715 1974 φιλάνθρωπε,

131 2000 245 2054 Θεὲ
266 1999 360 2052 τοῦ
385 1998 591 2062 ἐλέους,
613 1999 695 2051 ὅτι
726 1996 1192 2068 ἐμακροθύμησας
1221 1996 1313 2048 καὶ
1346 1992 1721 2065 μακροθυμεῖς

132 2096 255 2157 τοῖς
283 2092 724 2163 παραπτώμασιν
751 2092 783 2161 ἡ
792 2090 930 2161 μῶν,
953 2091 1046 2143 καὶ
1068 2090 1171 2153 ἕως
1194 2087 1288 2141 τοῦ
1318 2088 1412 2141 νῦν
1437 2084 1720 2156 ἀτιμωρή-

130 2200 271 2245 τους
305 2185 452 2254 ἡμᾶς
497 2183 692 2246 εἴασας
723 2178 883 2236 εἶναι.
932 2182 1124 2250 Ἡμεῖς
1153 2180 1251 2251 μὲν
1275 2180 1382 2249 γὰρ
1408 2176 1549 2242 ἄξιοι
1575 2171 1719 2246 ἦμεν

136 2276 313 2331 πάλαι
344 2276 716 2348 ἀπορῤιφῆναι
762 2274 870 2328 ἀπὸ
893 2273 987 2327 τοῦ
1029 2270 1321 2343 προσώπου
1365 2286 1459 2323 σου
1491 2269 1583 2322 καὶ
1616 2283 1719 2319 πα-

137 2368 666 2439 ραδειγματισθῆναι
697 2369 755 2422 ὲν
798 2366 877 2438 τῷ
912 2366 1011 2436 βίῳ
1037 2365 1230 2435 τούτῳ,
1262 2363 1337 2428 ὼς
1366 2365 1414 2415 οί
1444 2361 1542 2432 τὴν
1583 2360 1719 2412 Πεν-

132 2461 370 2515 τάπολιν
414 2461 690 2524 οἰκοῦντες
730 2460 842 2532 (55)
886 2460 1192 2531 παράνομοι
1216 2497 1232 2523 ,
1273 2457 1406 2527 πυρὶ
1439 2454 1534 2509 καὶ
1590 2451 1718 2522 θείῳ

138 2552 614 2616 κατακαυθέντες·
662 2553 695 2623 ἡ
743 2552 800 2606 δὲ
846 2551 1166 2613 ἀνείκαστός
1215 2565 1309 2601 σου
1366 2544 1718 2618 μακροθυμία

133 2643 694 2716 ὲςιλανθρωπεύσατο
716 2645 794 2707 είς
812 2644 982 2713 ἡμᾶς.
1004 2641 1325 2713 Εὐχαριστῶ
1345 2657 1426 2697 σοι
1445 2641 1473 2693 6
1495 2637 1719 2710 εὐτελὴς

134 2735 257 2805 ἐγὼ
283 2736 378 2789 καὶ
407 2734 646 2800 ἀνάξιος,
682 2736 730 2788 εί
760 2736 856 2788 καὶ
890 2733 964 2805 μὴ
994 2734 1222 2803 ὑπάρχω
1256 2730 1536 2811 αὐτάρκης
1580 2729 1719 2801 πρὸς

131 2827 453 2896 δοξολογίαν
511 2828 610 2897 τῆς
658 2826 761 2897 σῆς
816 2826 1171 2895 ἀγαθότητος.
1218 2823 1327 2877 Καὶ
1372 2822 1560 2893 δέομαι
1608 2820 1717 2873 τῶν

130 2922 471 2991 ἀμετρήτων
515 2938 607 2974 σου
653 2918 979 2989 οἰκτιρμῶν,
1034 2918 1209 2988 Κύριε
1272 2915 1445 2987 Ἰησοῦ
1490 2916 1716 2987 Χριστὲ,

140 3013 242 3064 Υἱὲ
282 3013 375 3066 καὶ
418 3011 558 3080 Λόγε
595 3009 688 3064 τοῦ
722 3008 957 3080 ἀοράτου
996 3007 1247 3079 Πατρδς,
1280 3008 1308 3061 6
1348 3006 1529 3061 πάντα
1577 3005 1718 3073 λόγῳ

130 3102 484 3174 παραγαγὼν
512 3103 605 3156 καὶ
634 3101 899 3171 θελήματι
927 3099 1006 3171 τῷ
1034 3098 1114 3169 σῷ
1142 3098 1401 3169 συνέχων,
1426 3099 1454 3150 ὁ
1477 3096 1720 3168 ῥυσάμε-

131 3213 231 3256 νος
260 3195 411 3263 ἡμᾶς
440 3193 567 3256 τοὺς
608 3189 859 3254 ἀναξίους
899 3189 1122 3252 δούλους
1155 3204 1248 3241 σου
1290 3187 1392 3257 τῆς
1431 3186 1526 3240 τοῦ
1554 3186 1720 3258 ἀρχε⁶

133 3288 315 3340 κάκου
350 3285 548 3356 ἐχθροῦ
574 3284 838 3349 δουλείας,
864 3285 893 3338 6
913 3282 1102 3347 ταθεὶς
1132 3282 1225 3336 ἐπὶ
1254 3280 1411 3347 ξύλου
1437 3282 1530 3335 καὶ
1557 3281 1724 3352 δήσας

131 3380 231 3432 τὸν
270 3377 494 3447 ἰσχυρὸν
517 3417 532 3444 ,
573 3377 667 3431 καὶ
700 3379 812 3440 τοῖς
858 3375 950 3429 ὑπ’
987 3375 1199 3428 ἐκείνου
1237 3374 1468 3429 δεθεῖσιν
1507 3372 1724 3428 αἰώνιον

134 3469 548 3540 ἐπιῲαὸεύσας
582 3468 914 3539 ἐλευθερίαν·
946 3465 1109 3532 αὐτὸς
1146 3466 1242 3520 καὶ
1266 3466 1336 3520 τὰ
1365 3464 1459 3520 νῦν
1484 3463 1724 3519 ἔκτεινόν

139 3578 241 3614 σου
268 3560 367 3632 τὴν
388 3561 618 3631 ἀόρατον
646 3562 804 3631 χεῖρα
825 3558 921 3613 καὶ
950 3557 1316 3629 παντουργὸν,
1346 3556 1443 3612 καὶ
1461 3558 1542 3620 είς
1570 3555 1724 3621 τέλος

135 3653 508 3725 ἐλευθέρωσον
558 3652 650 3707 τὸν
698 3651 885 3707 δοῦλόν
940 3668 1033 3704 σου
1082 3651 1176 3705 καὶ
1219 3651 1430 3720 πατέρα
1478 3665 1579 3721 μου
1623 3647 1723 3719 τῆς

136 3747 392 3818 χαλεπῆς
442 3746 662 3815 ἐκείνης
715 3744 1099 3816 αἰχμαλωσίας
1143 3742 1237 3796 τοῦ
1285 3741 1569 3795 διαϐόλου·
1625 3741 1721 3794 καὶ

139 3838 427 3903 ὑπόδειξον
471 3838 622 3908 αὑτῷ
671 3838 1067 3909 ἐναργέστατα,
1102 3836 1184 3890 ὃτι
1230 3836 1294 3890 σὺ
1340 3832 1391 3888 εἷ
1420 3836 1449 3888 ὁ
1493 3834 1580 3888 ἀεὶ
1614 3833 1722 3897 ζῶν

133 3931 281 3994 Θεὸς
310 3929 546 4001 ἀψευδὴς
578 3930 673 3984 καὶ
702 3929 955 4000 βασιλεὺς
984 3928 1142 3999 μόνος
1165 3926 1380 3990 αἰώνιος
1405 3925 1497 3978 καὶ
1517 3925 1721 3979 ἀθάνα-

140 4038 260 4084 τος.
293 4019 395 4074 Ἴδε
440 4037 565 4090 μου,
598 4018 864 4083 Δέσποτα,
906 4017 1007 4087 τὴν
1037 4016 1331 4087 συπριὸὴν
1364 4015 1463 4085 τῆς
1494 4013 1724 4081 καρδίας

146 4112 279 4178 ίλέῳ
299 4112 394 4165 καὶ
416 4111 576 4183 315
600 4112 818 4182 εὐμενεῖ
836 4110 1069 4180 ὄμματι·
1092 4109 1209 4171 καὶ,
1239 4106 1382 4160 κατά
1401 4105 1501 4177 τὴν
1517 4103 1722 4175 ἀψευδῆ

148 4220 247 4256 σου
287 4203 620 4271 ἐπαγγελίαν
641 4244 658 4270 ,
705 4200 864 4270 γενοῦ
909 4200 1026 4272 μετ’
1060 4197 1193 4271 ἐμοῦ
1234 4196 1329 4252 τοῦ
1363 4197 1723 4268 γινώσκοντος

144 4296 247 4349 καὶ
277 4293 663 4367 ὁμολογοῦντός
702 4312 760 4348 σε
801 4293 1033 4365 ποιητὴν
1068 4292 1163 4346 καὶ
1189 4288 1493 4363 προνοητὴν
1540 4289 1722 4358 πάσης

146 4385 401 4449 κτίσεως.
470 4384 783 4454 Πηγασάτω
845 4385 903 4436 ὲν
963 4383 1087 4454 ἐμοὶ
1145 4381 1208 4435 τὸ
1280 4381 1371 4433 σὺν
1430 4378 1723 4449 ἁλλόμενον

149 4474 296 4546 ὕδωρ
321 4472 455 4544 (51)·
479 4475 574 4527 καὶ
597 4473 806 4543 δοθήτω
839 4489 929 4544 μοι
956 4471 1114 4541 λόγος
1154 4473 1213 4524 ἐν
1242 4468 1443 4534 ἀνοίξει
1471 4467 1564 4521 τοῦ
1598 4467 1722 4521 στό-

149 4581 320 4635 ματος
494 4602 510 4627 ,
544 4564 639 4618 καὶ
675 4563 801 4626 νοῦς
840 4562 1021 4626 καλῶς
1053 4561 1388 4632 ἡδρασμένος
1437 4560 1495 4612 ἐν
1528 4558 1612 4613 σοὶ
1642 4559 1719 4630 τῷ

144 4656 532 4726 ἀκρογωνιαίῳ
566 4655 699 4727 λίθῳ
727 4654 862 4726 (56),
888 4656 975 4708 ἵνα
1004 4654 1307 4725 δυνήσομαι
1342 4654 1371 4706 6
1396 4652 1614 4722 ἀχρεῖος
1641 4652 1720 4705 οί-

147 4749 315 4818 κέτης
345 4764 440 4800 σου
467 4746 824 4816 καταγγεῖλαι
848 4744 925 4815 τῷ
949 4744 1067 4815 ἐμῷ
1092 4745 1398 4814 γεννήτορι,
1428 4742 1504 4806 ὼς
1535 4743 1635 4807 δεῖ,
1660 4744 1721 4795 τὸ

151 4839 454 4909 μυστήριον
485 4838 585 4910 τῆς
615 4841 714 4909 σῆς
737 4837 1069 4907 οἰκονομίας,
1100 4837 1196 4890 καὶ
1223 4835 1527 4905 ἀποστῆσαι
1557 4834 1721 4886 αὑτὸν

148 4933 215 5000 τῇ
252 4931 318 5000 σῇ
363 4927 589 4999 δυνάμει
631 4926 731 4996 τῆς
771 4926 1005 4997 ματαίας
1055 4924 1263 4995 πλάνης
1311 4923 1419 4977 τῶν
1470 4921 1723 4994 πονηρῶν

146 5020 443 5090 δαιμόνων,
472 5021 568 5074 καὶ
596 5020 963 5090 προσαγαγεῖν
996 5035 1078 5071 σοι
1102 5016 1180 5086 τῷ
1203 5015 1323 5087 Θεῷ
1350 5014 1444 5069 καὶ
1464 5015 1721 5088 δεσπότῃ,

158 5113 226 5185 τῷ
255 5112 332 5184 μὴ
360 5112 667 5184 βουλομένῳ
690 5112 781 5165 τὸν
812 5112 1041 5166 θάνατον
1059 5113 1091 5183 ἡ
1100 5111 1217 5182 μῶν
1237 5110 1345 5163 τῶν
1364 5107 1723 5181 ἁμαρτωλῶν,

222 5337 332 5405 (49)
362 5337 506 5393 Psal.
538 5352 716 5401 chiv,
743 5336 795 5400 l,
821 5337 874 5397 ’5.

222 5410 336 5471 (ὅθ’)
369 5410 509 5463 Psal.
537 5424 623 5472 cv,
652 5408 705 5460 2.

222 5479 334 5545 (5|)
368 5480 507 5532 Psal.
540 5494 707 5542 cmi.
739 5479 792 5533 8.

223 5548 338 5618 (52)
370 5548 558 5603 Matth.
594 5565 676 5613 ιιι,
704 5550 757 5604 9.

368 5618 525 5697 (junf.
557 5635 688 5697 pag.
713 5617 862 5697 $86“;
889 5615 1063 5697 meS,
1097 5615 1285 5697 {in'de
1317 5616 1417 5697 liae
1450 5615 1753 5697 Pentapoli.

1836 620 2083 686 iacrymis
2108 617 2475 687 perfundebat,
2495 616 2649 669 simul
2678 625 2731 670 et
2765 617 2984 672 Domino
3001 622 3393 692 gratiasageus,

1835 719 1887 774 et
1912 709 1977 761 ad
2010 709 2175 776 ipsius
2209 706 2566 759 laudationem
2595 706 2965 762 exsultationis
2990 708 3125 764 labia
3155 726 3397 776 movens,

1837 801 2025 867 bisque
2051 798 2227 851 verbis
2253 806 2405 850 utens
2434 813 2446 846 :

1908 888 2165 942 Exaltabo
2190 897 2261 953 te,
2287 887 2424 941 Deus
2445 900 2593 941 meus
2618 887 2751 952 Rex,
2776 898 2829 943 et
2852 887 3159 942 benedicam
3191 891 3392 945 nomini
3476 926 3481 931 -

1837 986 1926 1031 tuo
1961 977 2010 1031 in
2042 977 2314 1039 saeculum,
2348 985 2398 1030 et
2431 975 2485 1029 in
2525 976 2778 1030 smeulum
2827 978 3027 1030 saeculi.
3058 976 3275 1045 Magnus
3323 993 3401 1039 es,

1837 1067 2080 1131 Domine,
2106 1075 2161 1120 et
2187 1066 2464 1120 laudabilis
2485 1065 2659 1130 valde,
2688 1075 2739 1120 et
2770 1067 3144 1135 magnitudinis
3170 1076 3271 1121 tua:
3298 1083 3401 1122 non

1836 1170 1915 1213 est
1945 1158 2064 1211 finis
2108 1156 2281 1226 (Psal.
2309 1158 2509 1226 σείων).
2568 1157 2633 1210 Et
2690 1155 2811 1225 quis
2857 1156 3099 1225 loquetur
3140 1160 3405 1225 potentias

1835 1256 1953 1300 tuas
1978 1287 1993 1313 ,
2031 1246 2240 1300 auditas
2278 1247 2435 1299 facet
2474 1259 2657 1299 omnes
2692 1245 2873 1299 laudes
2913 1254 3028 1298 tuas
3073 1245 3242 1317 (Psal.
3275 1246 3404 1315 ev)?

1835 1341 1930 1408 Qui
1954 1339 2265 1394 convertisti
2292 1349 2498 1406 petram
2530 1338 2581 1391 in
2602 1348 2788 1407 stagna
2811 1351 3092 1406 aquarum,
3118 1345 3173 1390 et
3216 1352 3403 1406 rupem

1835 1430 1884 1483 in
1914 1429 2084 1483 fontes
2104 1443 2357 1497 aquarum
2387 1426 2561 1493 (Psal.
2594 1426 2768 1496 cxnt).
2795 1427 2871 1481 En
2896 1427 3035 1480 enim
3058 1427 3216 1481 etiam
3244 1442 3403 1495 rupes

1835 1517 1969 1580 lucc,
2001 1531 2063 1570 ac
2088 1531 2217 1584 rupe
2240 1516 2422 1570 durius
2450 1516 2617 1584 patris
2642 1517 2744 1570 mei
2774 1527 2975 1584 pectus,
3011 1524 3097 1569 tua
3129 1516 3404 1571 voluntate

1834 1622 1969 1662 cera:
1999 1607 2168 1660 instar
2192 1606 2482 1660 emollitum
2507 1615 2607 1661 est.
2636 1606 2790 1661 Potes
2817 1607 2957 1659 enim
2988 1606 3147 1660 etiam
3169 1619 3231 1659 ex
3266 1604 3401 1672 lapi-

1835 1698 1989 1751 dibus
2008 1698 2242 1750 excitare
2266 1697 2403 1750 filios
2434 1696 2663 1751 Abraba:
2686 1697 2899 1765 (Matth.
2934 1696 3037 1765 ιιι).
3064 1697 3272 1751 Gratias
3303 1696 3400 1748 tibi

1835 1801 1955 1855 ago,
1982 1787 2207 1854 benigne
2232 1785 2450 1840 Domine
2470 1799 2533 1839 ae
2559 1786 2694 1840 Deus
2723 1787 3120 1853 misericordiae,
3150 1785 3399 1854 quoniam

1754 1866 1792 1918 Β
1839 1875 1891 1928 in
1925 1875 2151 1944 peccatis
2183 1876 2379 1928 nostris
2413 1874 2439 1928 ι.
2466 1874 2630 1929 nitate
2659 1888 2788 1929 usus
2813 1889 2893 1940 es,
2926 1883 3084 1943 atque
3112 1874 3402 1928 etiamnum

1836 1968 2021 2028 uteris,
2054 1976 2106 2020 et
2129 1969 2193 2020 ad
2225 1966 2363 2020 hunc
2387 1981 2552 2035 usque
2581 1966 2721 2021 diem
2749 1966 3034 2035 impunitos
3058 1980 3154 2021 nos
3187 1966 3402 2035 reliqui-

1835 2061 1899 2114 sti
1934 2058 2145 2126 (Basil.,
2197 2058 2286 2111 lib.
2334 2057 2509 2111 Const.
2542 2073 2587 2108 c.
2616 2056 2693 2126 l).
2727 2057 2857 2110 Nam
2907 2071 3003 2111 nos
3038 2056 3248 2125 quidem
3291 2056 3401 2124 jam

1835 2150 2038 2218 pridem
2078 2163 2105 2201 a
2139 2158 2224 2201 tua
2256 2146 2391 2202 facie
2429 2147 2587 2216 abjici
2616 2147 2971 2210 merebamur,
3016 2154 3175 2215 atque
3219 2146 3271 2201 in
3304 2148 3402 2201 hac

1836 2241 1940 2293 vita
1978 2238 2188 2307 publica
2219 2236 2432 2291 infamia
2464 2236 2655 2301 notari,
2681 2235 3126 2305 quemadmodum
3157 2237 3400 2289 scelerati

1835 2330 1910 2387 illi
1939 2330 2306 2399 Pentapolitte,
2338 2330 2425 2399 qui
2460 2330 2563 2397 igni
2609 2343 2671 2383 ac
2719 2328 2975 2396 sulphure
3003 2325 3399 2396 conﬂagrarunt

1836 2422 1987 2493 (Gen.
2010 2422 2142 2493 xu).
2168 2424 2235 2476 At
2272 2422 2529 2491 patientia
2560 2429 2616 2475 et
2640 2418 3067 2487 incomparabilis
3095 2418 3280 2473 lenitas
3312 2428 3399 2473 tua

1835 2513 2061 2583 benigne
2090 2513 2366 2568 nobiscum
2402 2511 2526 2581 egit.
2557 2509 2766 2567 Gratias
2794 2509 2888 2563 tibi
2914 2523 3010 2579 ago
3035 2509 3282 2577 indignus
3302 2525 3402 2578 ego

1835 2617 1896 2658 ac
1924 2602 2280 2669 desiiicabilis,
2321 2600 2527 2657 etiamsi
2556 2600 2865 2671 benignitati
2894 2611 2998 2654 tua:
3038 2599 3311 2653 laudanda:
3340 2613 3402 2652 ae

1835 2691 2163 2746 celebrandae
2193 2693 2360 2760 impar
2385 2705 2523 2744 sum.
2553 2689 2628 2743 Ac
2660 2697 2732 2752 te,
2768 2689 2987 2743 Domine
3010 2689 3135 2743 Jesu
3162 2686 3397 2753 Christe,

1835 2780 2112 2835 invisibilis
2155 2779 2327 2834 Patris
2368 2780 2464 2833 Fili
2509 2794 2570 2832 ac
2593 2777 2849 2842 Verbum,
2888 2778 2975 2847 qui
3014 2779 3188 2831 omnia
3239 2778 3401 2832 verbo

1836 2871 2151 2942 produxisti,
2201 2885 2263 2925 ac
2291 2871 2562 2925 voluntate
2604 2878 2689 2923 tua
2733 2870 2973 2923 contines
3004 2878 3058 2923 et
3098 2870 3280 2934 tueris,
3311 2872 3399 2938 qui

1838 2964 1893 3017 in
1921 2964 2061 3029 ligno
2079 2972 2331 3016 extensus
2357 2974 2436 3026 es,
2475 2975 2537 3014 ac
2567 2960 2755 3015 fortem
2784 2960 2994 3013 vinxisti
3027 2958 3237 3029 (Matth.
3274 2960 3397 3030 ιιι),

1838 3051 2009 3118 iisque
2032 3050 2121 3119 qui
2149 3050 2215 3104 ab
2247 3064 2312 3103 eo
2355 3049 2514 3103 vincti
2546 3050 2885 3116 tenebantur,
2914 3049 3294 3118 sempiternam
3337 3048 3401 3103 li-

1836 3139 2092 3195 bertatem
2136 3141 2390 3206 attulisti;
2427 3151 2477 3195 te
2508 3140 2721 3210 inquam
2751 3156 2844 3210 per
2883 3142 3251 3197 miserationes
3283 3151 3401 3196 tuas

1750 3219 1794 3277 C
1834 3229 2091 3293 obtestor,
2125 3240 2184 3284 ut
2205 3245 2345 3285 nunc
2374 3245 2586 3300 quoque
2626 3230 2942 3285 invisibilem
2969 3239 3023 3285 et
3051 3232 3286 3286 omnium
3316 3246 3401 3285 re-

1832 3335 1950 3377 rum
1995 3321 2314 3376 ell'ectricem
2366 3336 2579 3376 manum
2611 3330 2751 3375 tuam
2782 3322 3057 3387 extendas,
3091 3337 3153 3377 ac
3186 3336 3396 3376 servum

1833 3420 1981 3468 tuum
2011 3420 2066 3467 et
2103 3422 2305 3481 patrem
2335 3426 2510 3466 meum
2542 3427 2608 3467 ex
2634 3413 2782 3481 gravi
2824 3412 2911 3465 illa
2948 3411 3143 3467 diaboli
3174 3412 3398 3482 captivi-

1814 3508 1942 3556 ‘tate
1970 3515 2194 3571 prorsus
2244 3502 2462 3568 liberes,
2506 3512 2663 3570 teque
2702 3501 3023 3570 sempiterna
3067 3503 3175 3556 vita
3207 3503 3398 3571 praedi-

1837 3600 1969 3654 tum,
2011 3600 2064 3646 et
2087 3606 2270 3647 verum
2304 3592 2468 3647 Deum
2500 3606 2561 3646 ac
2581 3592 2751 3647 solum
2783 3592 3136 3648 immortalem
3167 3602 3223 3648 et
3244 3603 3400 3649 teter-

1828 3700 1953 3739 num
1987 3684 2184 3756 Regem
2216 3700 2334 3740 esse
2375 3685 2708 3754 apertissime
2735 3687 2831 3754 ipsi
2880 3686 3154 3741 ostendas.
3181 3682 3399 3739 Contri-

1828 3777 2025 3832 tioncm
2065 3791 2247 3846 qureso
2282 3777 2446 3830 animi
2491 3776 2592 3830 mei
2635 3777 2863 3845 prOpitio
2893 3791 2955 3829 ac
2997 3774 3202 3843 placido
3242 3776 3399 3829 oculo

1828 3866 2027 3934 aspice,
2066 3880 2131 3921 ac
2160 3881 2258 3936 pro
2286 3880 2346 3919 ea
2371 3876 2459 3918 tua
2487 3866 2889 3933 pollicitatione,
2914 3866 2963 3917 in
2986 3878 3143 3933 quam
3178 3865 3397 3918 menda-

1828 3956 1970 4008 cium
2000 3969 2107 4009 uon
2154 3955 2318 4019 cadit,
2368 3968 2397 4007 a
2429 3956 2562 4007 meis
2593 3953 2830 4020 partibus
2860 3960 2963 4017 sta,
3000 3953 3087 4021 qui
3133 3964 3183 4006 te
3221 3967 3398 4007 rerum

1829 4047 2064 4101 omnium
2115 4046 2442 4112 effectorem,
2492 4046 2845 4108 conditorem,
2898 4053 2953 4099 et
2991 4044 3398 4116 gubernatorem

1831 4136 2091 4192 confiteor
2127 4148 2181 4192 et
2209 4151 2461 4207 agnosco.
2495 4134 2533 4190 F
2541 4135 2651 4190 luat
2695 4135 2746 4189 iu
2793 4150 2878 4188 me
2907 4135 3103 4188 saliens
3146 4146 3279 4202 aqua
3311 4141 3399 4187 tua

1830 4232 2015 4301 (Joan.
2059 4234 2160 4297 ivi,
2202 4232 2463 4301 deturque
2507 4230 2634 4284 milii
2670 4244 2849 4284 sermo
2899 4227 2949 4282 in
2982 4226 3255 4294 apertione
3293 4227 3404 4279 oris

1831 4322 2045 4394 (Ep/tes.
2072 4326 2169 4391 vr),
2193 4336 2254 4375 ac
2294 4334 2446 4375 mens
2474 4320 2526 4374 in
2558 4329 2609 4374 te
2651 4318 2888 4385 angulari
2929 4315 3102 4385 lapide
3134 4322 3279 4368 recte
3308 4313 3401 4366 de-

1825 4417 1959 4482 fixa,
1980 4425 2037 4468 ut
2057 4430 2178 4484 ego,
2202 4413 2402 4467 inutilis
2421 4427 2607 4466 servus
2625 4422 2767 4473 tuus,
2787 4409 2921 4478 patri
2945 4421 3064 4462 meo
3085 4405 3405 4461 incarnatio-

1828 4505 1916 4557 nis
1954 4516 2053 4558 tua:
2086 4504 2419 4573 mysterium,
2467 4504 2541 4555 uti
2579 4516 2673 4569 par
2708 4510 2811 4565 est,
2838 4512 3147 4566 ,exponere,
3187 4506 3346 4563 atque
3370 4509 3401 4548 a

1754 4583 1797 4639 Ῑ)
1832 4611 1970 4651 vano
1999 4597 2372 4665 pestiferorum
2419 4593 2719 4646 dtemonum
2750 4604 2932 4645 errore
2971 4604 3065 4656 per
3109 4589 3398 4655 potentiam

1832 4699 1979 4743 tuam
2019 4686 2191 4754 ipsum
2220 4684 2507 4744 abducere,
2558 4682 2757 4749 tibique
2789 4680 2899 4732 Deo
2929 4692 2992 4730 ac
3033 4676 3275 4739 Domino,
3309 4678 3399 4741 qui

1832 4792 1939 4831 non
1962 4776 2042 4830 vis
2074 4783 2299 4829 mortem
2333 4781 2697 4844 peccatorum,
2730 4770 2821 4821 sed
2870 4780 3052 4821 eorum
3084 4765 3398 4832 resipiscen-

1832 4865 1959 4917 tiaiu
1990 4878 2052 4917 ac
2076 4864 2440 4919 omtizteutiam
2471 4870 2749 4923 exsnectas
2780 4857 2992 4926 (ΕερεΙι.
3020 4852 3195 4921 xviri),
3221 4855 3401 4906 conci-

1846 4965 1973 5017 lzare
2019 4977 2229 5030 queam.
2288 4958 2547 5025 Quoniam
2596 4966 2649 5012 tu
2703 4957 2963 5026 gloriosus
3015 4970 3073 5009 es
3120 4953 3170 5009 in
3210 4956 3402 5009 smcula

1842 5058 2178 5114 saeculorum.
2204 5062 2391 5107 Anien.

223 5679 337 5758 (bi)
368 5688 525 5743 Joan.
558 5679 653 5751 iv:
672 5688 735 5742 14
761 5706 775 5741 :
805 5688 876 5740 Τὸ
903 5679 1068 5757 ὓδωρ,
1095 5687 1123 5737 ὃ
1155 5686 1312 5758 δῲσω
1352 5686 1521 5758 αὐτῷ,
1554 5679 1842 5758 γενήσεται
1876 5682 2114 5758 ὲνλαὺτῷ
2136 5684 2309 5758 ’πηγὴ
2345 5682 2531 5758 ὓδατος
2559 5680 2854 5758 ἁλλομένου
2878 5682 2955 5758 εἰς
2993 5680 3135 5753 ζωὴν
3169 5679 3399 5738 αἰώνιον.

374 5760 542 5828 Epist.
582 5765 646 5811 all
688 5758 882 5827 Epltes.
912 5772 983 5821 τι,
1017 5752 1081 5811 i9
1114 5772 1127 5807 :
1166 5755 1280 5811 ’Ὶνα
1313 5774 1400 5828 μοι
1426 5752 1721 5827 δοθῇλόγο.

1847 5755 2045 5820 ἀνοίξει
2068 5752 2161 5806 τοῦ
2193 5752 2456 5824 στόματός
2485 5770 2586 5824 μου
2617 5755 2674 5807 ἐν
2712 5753 3017 5827 παρρησίᾳ.

223 5829 525 5903 (56)-Conf.
563 5836 603 5882 ι.
635 5829 700 5896 ll,
728 5847 777 5899 ιι.
814 5830 930 5897 115,
971 5846 1022 5883 ιι.
1055 5828 1106 5885 4.
