3888 6344
127 424 258 491 1189

1122 424 1123 427 “
1213 426 1382 485 VlTA
1424 426 1772 485 BARLAAM
1809 423 1903 483 ET
1942 423 2296 486 JOASAPH.

3232 430 3371 498 1190

115 556 206 591 σιν
243 534 377 609 (δυ’
417 533 555 597 ὅθεν,
592 533 688 602 τῆς
728 534 862 605 πρὸς
901 535 1064 591 αὐτὸν
1104 537 1435 609 οίκειότητος
1463 538 1683 607 ὀλισθῆ-

1809 532 1891 602 psi
1923 532 2246 597 interdicto,
2285 534 2389 589 hoc
2418 546 2503 591 est
2536 536 2668 607 ligni
2705 537 2970 594 scientiae.
2999 540 3119 608 Quo
3145 542 3372 614 quidem

116 645 236 690 σιν,
264 628 343 687 είς
370 624 467 687 τὰς
497 622 692 686 πολλὰς
722 624 925 688 ταύτας
958 626 1344 696 περιπέπτωκε
1380 627 1587 692 πλάνας
1623 629 1685 681 τὸ

108 714 453 787 ἀνθρώπινον
503 714 691 782 γένος,
753 714 1018 769 δουλωθὲν
1070 719 1192 782 ταῖς
1248 718 1541 788 ἁμαρτίαις
1593 719 1685 770 καὶ

118 807 386 862 ὑποπεσὸν
416 805 494 876 τῷ
529 805 745 876 Θανάτῳ
778 806 867 859 διὰ
906 807 1006 876 τῆς
1038 807 1351 879 τυραννίδος
1381 808 1475 862 τοῦ
1509 809 1686 862 διαϐό-

118 904 229 952 λουο
273 898 351 962 ὃς,
386 898 734 968 ὑποχειρίους
764 896 911 961 ἅπαξ
942 900 1067 963 τοὺς
1103 898 1423 971 ἀνθρώπους
1466 900 1644 954 λαϐὼν
1669 940 1684 964 ,

120 990 397 1053 παντελῶς
419 989 771 1043 ἐπιλαθέσθαι
799 992 1068 1062 πεποίηκε
1090 992 1187 1047 τοῦ
1216 993 1351 1046 Θεοῦ
1378 994 1471 1047 καὶ
1496 994 1688 1047 δεσπό-

120 1100 227 1147 του,
262 1082 358 1135 ita).
392 1080 538 1151 αὑτῷ
571 1080 824 1134 ἀνέπεισε
863 1083 1145 1155 λατρεύειν
1179 1084 1267 1137 διὰ
1311 1086 1411 1155 τῆς
1455 1084 1563 1138 τῶν
1612 1087 1688 1139 εί-

120 1172 300 1227 δώλων
343 1174 592 1243 μυσαρᾶς
631 1176 1078 1245 προσκυνήσεως.
1124 1174 1553 1246 Σπλαγχνισθεὶς
1596 1172 1689 1231 οὖν

120 1267 147 1317 ὸ
177 1266 389 1328 πλάσας
417 1266 567 1335 ἡμᾶς
605 1262 756 1328 Θεὸς,
793 1265 1014 1337 εὐδοκίᾳ
1042 1265 1136 1318 τοῦ
1174 1267 1385 1336 Πατρὸς
1421 1268 1517 1320 καὶ
1560 1284 1687 1321 συν-

121 1358 277 1429 εργίᾳ
343 1356 437 1410 τοῦ
496 1358 654 1425 ἁγίου
711 1355 1028 1426 Πνεύματος
1088 1357 1224 1428 (65),
1275 1359 1565 1431 εὐδόκησεν
1625 1360 1689 1413 ἐκ

121 1451 397 1523 Παρθένου
437 1451 599 1519 ἁγίας
622 1488 637 1513 ,
674 1450 773 1520 τῆς
812 1449 1074 1503 Θεοτόκου
1107 1451 1354 1521 Μαρίας,
1389 1451 1509 1505 καθ’
1543 1454 1689 1523 ἡμᾶς

1786 625 2045 679 mandato
2062 627 2287 692 violato,
2310 643 2437 683 eum
2457 644 2488 683 e
2511 629 2768 699 paradiso
2783 633 3190 688 exterminavit.
3215 635 3373 691 Unde

1786 722 1842 768 et
1872 715 2013 784 ipse,
2054 725 2109 769 et
2143 733 2303 781 uxor,
2329 733 2394 772 ea
2423 734 2589 788 quam
2643 736 2769 775 cum
2806 736 2874 776 eo
2916 722 3200 779 habebant
3242 740 3377 781 con-

1783 806 2074 876 junctione
2104 807 2265 877 lapsi,
2304 809 2358 862 in
2395 803 2498 885 hos
2535 812 2742 867 multos
2769 827 2991 869 errores
3033 814 3373 881 inciderunt,

1788 908 2017 967 peccato
2058 898 2315 954 videlicet
2350 901 2405 955 in
2455 902 2784 958 servitutem
2831 904 3059 972 addicti,
3095 908 3375 978 mortique

1787 1004 1888 1058 per
1910 990 2116 1045 diaboli
2144 992 2492 1063 tyrannidem
2523 994 2748 1051 obnoxii
2771 996 2977 1053 eﬂ'ecti.
3004 997 3106 1065 Qui
3127 1000 3375 1069 quidem,

1788 1080 2112 1138 hominibus
2137 1086 2306 1140 semel
2336 1085 2391 1139 in
2418 1097 2747 1157 potestatem
2783 1104 2939 1145 suam
2968 1092 3231 1157 redactis,
3271 1092 3379 1150 hoc

1788 1175 1922 1245 egit,
1952 1185 2014 1230 ut
2046 1176 2142 1231 Dei
2179 1192 2243 1232 ac
2274 1178 2493 1233 Domini
2526 1180 2806 1238 oblivione
2844 1198 3075 1253 prorsus
3106 1200 3377 1256 caperen-

1790 1275 1901 1333 tur,
1918 1267 2163 1339 ipsisque
2182 1271 2457 1339 persuasit
2482 1281 2538 1328 ut
2562 1288 2661 1344 per
2684 1276 3077 1331 exsecrandam
3103 1278 3378 1334 idolorum

1790 1358 2173 1416 adorationem
2198 1364 2304 1417 sibi
2341 1365 2554 1419 cultum
2582 1366 2937 1424 adhiberent.
2971 1369 3042 1425 At
3072 1386 3205 1431 vero
3233 1373 3383 1428 Deus

1792 1463 2007 1509 creator
2027 1463 2238 1523 noster,
2272 1459 2632 1516 miseratione
2662 1472 2989 1528 commotus,
3012 1464 3251 1536 benigna
3275 1464 3381 1521 Pa-

123 1543 376 1614 τεχθῆναι
402 1560 418 1575 ·
450 1543 565 1605 καὶ,
598 1543 829 1596 πάθεσιν
856 1544 1122 1615 ὁμιλήσας
1147 1545 1176 1598 ὁ
1199 1545 1437 1614 ἀπαθὴς,
1463 1544 1549 1598 διὰ
1578 1545 1691 1614 τρί-

1804 1546 1897 1602 tris
1936 1548 2219 1604 voluntate
2248 1565 2313 1605 ac
2340 1550 2582 1622 Spiritus
2605 1556 2778 1610 sancti
2810 1555 3067 1625 adjuncta
3097 1572 3285 1626 opera,
3313 1572 3381 1611 ex

128 1652 217 1706 της
244 1651 301 1688 τε
329 1634 549 1706 ἡμέρας
575 1635 639 1687 ἐκ
670 1633 880 1703 νεκρῶν
900 1633 1157 1698 ἀναστὰς,
1181 1633 1519 1704 ἐλυτρώσατο
1544 1634 1690 1705 ἡμᾶς

1804 1638 2021 1709 Virgine
2063 1650 2253 1696 sancta
2283 1644 2462 1697 nostri
2500 1646 2679 1701 instar
2729 1646 2783 1701 in
2825 1648 3006 1703 lucem
3043 1648 3133 1703 edi
3168 1649 3378 1716 voluit;

123 1726 211 1779 τοῦ
242 1724 514 1797 προτέρου
538 1724 811 1794 ἐπιτιμίου
838 1723 950 1793 (66)
976 1725 1071 1778 καὶ
1096 1724 1284 1788 κλέους
1307 1724 1399 1777 τοῦ
1423 1725 1688 1797 προτέρου

1804 1746 2035 1802 cumque
2082 1734 2331 1789 cruciatu
2377 1734 2611 1791 aﬂ‘ectus
2642 1736 2839 1793 fuisset
2886 1738 2933 1793 is
2962 1740 3113 1809 quia
3151 1755 3380 1811 perpes-

122 1816 334 1887 ήξίωσε.
372 1816 727 1885 Συνανήγαγε
757 1814 865 1885 γὰρ
892 1816 1041 1885 ἡμᾶς
1068 1817 1147 1879 εἰς
1177 1815 1440 1885 οὐρανοὺς
1465 1815 1687 1885 ἀνερχό-

1804 1822 1953 1877 sione
2004 1823 2269 1880 immunis
2316 1834 2458 1893 erat,
2507 1826 2694 1883 triduo
2740 1836 2867 1898 post
2915 1844 2947 1884 a
2987 1840 3166 1886 morte
3198 1830 3266 1886 ad
3294 1830 3381 1885 vi—

126 1925 301 1980 μενος,
348 1908 474 1961 ὅθεν
522 1907 784 1979 ἐτύγχανε
831 1906 1242 1975 καταϐεϐηκώς·
1295 1907 1354 1960 ὃν
1396 1907 1489 1961 καὶ
1530 1902 1685 1970 αὖθις

1804 1921 1909 1968 tam
1937 1916 2233 1982 excitatus,
2265 1932 2368 1973 nos
2392 1934 2422 1973 a
2444 1920 2615 1989 priori
2644 1922 2817 1976 multa
2844 1930 2899 1977 ct
2921 1922 3383 1979 condemnatione

124 2002 270 2071 ἥξειν
298 2000 467 2071 318
514 1998 865 2070 πιστεύομεν,
907 2000 990 2052 ἵνα
1028 1999 1090 2052 τὸ
1140 1998 1364 2068 πλάσμα
1406 1998 1467 2051 τὸ
1502 1998 1694 2053 ἑαυτοῦ

1804 2006 2081 2073 liberavit,
2110 2009 2593 2080 praestantiorique
2615 2011 2789 2082 gloria
2822 2012 3069 2068 donavit.
3095 2013 3383 2084 Siquidem

125 2094 421 2163 ἀναστήσῃ.
473 2089 769 2144 Ἀποδώσει
807 2090 863 2144 δὲ
912 2088 1127 2160 ἑκάστῳ
1155 2090 1297 2143 κατὰ
1325 2090 1392 2142 τὰ
1422 2089 1559 2161 ἔργα
1599 2091 1696 2144 αὑ-

1804 2099 1857 2155 in
1888 2099 2090 2155 coelum
2120 2100 2446 2166 ascendens,
2474 2103 2638 2157 simul
2668 2119 2771 2159 nos
2802 2119 2870 2159 eo
2893 2105 3042 2159 unde
3082 2106 3385 2163 descende—

126 2182 215 2237 τοῦ
244 2183 375 2256 (67).
428 2183 553 2237 Ἐπὶ
578 2182 789 2244 τούτοις
828 2180 924 2251 τὴν
959 2181 1322 2251 ἐκδεχομένην
1348 2180 1475 2243 τοὺς
1518 2179 1696 2245 ἀξίους

1804 2199 1902 2255 rat,
1924 2190 2130 2247 evexit.
2153 2188 2328 2256 Quem
2350 2190 2517 2245 etiam
2541 2207 2737 2247 rursus
2756 2202 3056 2248 venturum
3082 2194 3384 2260 credimus,

125 2275 228 2327 τῶν
270 2272 519 2345 οὐρανῶν
579 2270 961 2342 ἐμυσταγώγει
1011 2270 1286 2342 βασιλείαν
1337 2272 1447 2343 (68)
1485 2274 1579 2325 καὶ
1632 2272 1696 2326 τὰ

1804 2293 1859 2340 ιιι
1906 2284 2229 2356 ﬁgmentum
2253 2298 2414 2340 suum
2446 2284 2514 2339 ad
2541 2285 2710 2341 vitam
2754 2296 2999 2353 revocet,
3042 2295 3211 2357 atque
3255 2287 3386 2342 uni-

128 2369 414 2438 ἀπόρρητα
463 2365 663 2434 ἀγαθά.
720 2364 831 2434 Τὴν
884 2364 1255 2435 ἀποκειμένην
1311 2367 1425 2428 τοῖς
1474 2365 1697 2436 φαύλοις

128 2460 437 2531 προσετίθει
472 2458 703 2527 βάσανον
726 2500 741 2523 ,
770 2458 832 2511 τὸ
860 2456 1125 2512 ἄσϐεστον
1163 2459 1275 2527 πῦρ
1298 2499 1311 2522 ,
1344 2459 1404 2512 τὸ
1432 2458 1695 2532 ἐξώτερον

131 2554 344 2618 σκότος,
396 2550 491 2604 τὸν
528 2549 882 2621 ἀτελεύτητον
932 2549 1190 2619 σκώληκα
1242 2549 1376 2620 (69),
1429 2552 1523 2604 καὶ
1566 2551 1696 2621 ὅσην

130 2643 287 2716 ἄλλην
314 2647 361 2698 οἱ
390 2643 490 2713 τῆς
524 2641 798 2713 ἁμαρτίας
841 2639 1017 2695 δοῦλοι
1062 2640 1284 2695 κόλασιν
1318 2642 1531 2705 ἑαυτοῖς
1568 2642 1694 2715 ἐθη-

131 2735 415 2811 σαύρισαν.

1800 2375 2003 2445 cuique
2037 2373 2343 2430 secundum
2375 2374 2554 2445 ipsius
2601 2389 2770 2445 opera
2796 2374 3014 2430 reddat.
3056 2375 3256 2431 Postea
3315 2375 3386 2431 de

1802 2470 1897 2524 illo
1938 2469 2207 2524 caelorum
2248 2483 2441 2539 regno,
2486 2468 2634 2539 quod
2663 2482 2760 2523 eos
2788 2466 2883 2538 qui
2917 2468 2970 2523 id
3000 2476 3386 2539 promerentur

1801 2570 2014 2626 manet,
2050 2560 2225 2615 verba
2281 2558 2436 2625 iecit,
2473 2568 2639 2630 atque
2686 2576 2887 2616 arcana
2924 2561 3020 2616 illa
3069 2560 3244 2625 bona,
3297 2575 3388 2615 rc-

1803 2652 2194 2723 conditamque
2230 2652 2362 2708 item
2387 2652 2656 2723 improbis
2685 2667 2903 2723 poenam
2946 2653 3259 2723 proposuit,
3296 2652 3385 2706 ni«

1805 2745 2007 2799 mirum
2054 2744 2235 2815 ignem
2274 2760 2557 2818 nunquam
2590 2745 3047 2815 extinguendum,
3082 2743 3387 2801 exteriores

120 2837 388 2903 tenebras,
434 2836 798 2893 immortalem
850 2854 1115 2908 vermcm,
1180 2852 1488 2912 cmtcraque
1531 2846 1932 2893 tormentorum
1978 2852 2205 2908 genera,
2248 2853 2369 2907 quae
2413 2838 2624 2906 peccati
2659 2840 2805 2892 servi
2848 2837 2954 2892 sibi
3011 2838 3149 2908 ipsis
3185 2852 3382 2893 recon-

117 2928 402 2989 uiderunt.

191 3027 373 3080 Ταῦτα
409 3027 587 3080 πάντα
614 3026 791 3095 λόγοις
824 3028 1119 3089 πλειστοις,
1163 3029 1255 3078 καὶ
1280 3023 1518 3093 δαψιλῶς
1546 3024 1694 3092 αύτῳ

1875 3013 2003 3072 Haec
2045 3023 2231 3073 omnia
2269 3020 2696 3089 quamplurimts
2744 3021 3123 3087 sermonibus,
3159 3035 3224 3076 ac
3262 3020 3384 3091 Spi-

126 3120 535 3188 ἐνυπάρχουσαν
557 3118 656 3187 τὴν
680 3117 773 3170 τοῦ
799 3118 941 3170 Πνεύ
951 3134 1120 3187 ματος
1152 3116 1487 3187 μαρτυροῦσι
1511 3114 1691 3184 χάριν,

1804 3108 1951 3164 ritus
1990 3111 2169 3165 sancti
2226 3112 2455 3183 gratiam
2498 3112 2718 3169 abunde
2767 3114 2868 3183 ipsi
2916 3114 3097 3169 inesse
3135 3114 3385 3168 testanti-

124 3209 410 3275 διεξελθὼν
445 3208 556 3279 (70)
581 3249 594 3269 .
633 3205 752 3262 εἶτα
798 3209 980 3263 καὶτὸ
1023 3207 1426 3277 ἀνεξιχνίαστον
1460 3204 1697 3273 πέλαγος

126 3304 216 3372 τῆς
257 3302 352 3354 τοῦ
414 3299 550 3352 Θεοῦ
594 3298 946 3370 διηγούμενος
989 3298 1399 3371 φιλανθρωπίας
1446 3298 1540 3351 καὶ
1586 3291 1699 3360 οἷός

128 3394 266 3446 ἐστιν
300 3393 525 3460 ἕτοιμος
554 3390 802 3460 δέχεσθαι
829 3392 927 3460 τὴν
961 3392 1248 3461 μετάνοιαν
1284 3392 1393 3445 τῶν
1430 3392 1565 3463 πρὸς
1603 3391 1699 3444 αύ-

126 3484 211 3537 τὸν
231 3483 700 3554 ἐπιστρεφόντων,
724 3482 819 3535 καὶ
837 3483 912 3546 ὡς
936 3484 1034 3535 ούκ
1061 3483 1207 3536 ἔστιν
1230 3484 1472 3553 ἁμαρτία
1491 3482 1698 3538 νικῶσα

130 3575 222 3645 τὴν
250 3574 417 3628 αὑτοῦ
448 3574 853 3643 εύσπλαγχνίαν
873 3616 886 3634 ,
921 3576 1077 3645 εἴπερ
1110 3575 1404 3645 θελήσομεν
1435 3574 1699 3645 μετανοῆ-

135 3682 221 3718 σαι
261 3665 396 3734 (70),
443 3667 510 3717 ὲκ
543 3664 754 3717 πολλῶν
796 3664 853 3717 δὲ
892 3664 1050 3717 τοῦτο
1098 3665 1558 3735 παραδειγμάτων
1605 3663 1700 3717 καὶ

133 3757 411 3827 γραφικῶν
455 3758 810 3828 παραστήσας
860 3757 1188 3829 μαρτυριῶν,
1223 3760 1250 3811 ὁ
1292 3758 1390 3828 μὲν
1423 3756 1572 3820 τέλος
1604 3758 1703 3809 ἐπ-

134 3849 293 3917 έθηκε
324 3847 403 3918 τῷ
435 3847 600 3917 λόγῳ.

202 3938 359 3991 ΚΕΦ.
392 3937 517 3991 ΛΕ’.
545 3936 883 4004 Κατανυγεὶς
907 3936 962 3988 δέ
988 3937 1015 3990 ὀ
1045 3935 1293 4006 βασιλεὺς
1328 3933 1584 4003 ’Λϐεννὴρ
1613 3932 1703 3984 ἐπὶ

137 4030 198 4098 τῇ
222 4027 549 4097 θεοδιδάκτῳ
574 4026 733 4096 σοφία
760 4025 951 4098 ταύτῃ,
977 4029 1126 4095 φωνῇ
1151 4024 1359 4095 μεγάλῃ
1385 4025 1479 4077 καὶ
1504 4023 1702 4093 θερμο-

137 4119 271 4191 τάτῃ
320 4117 468 4190 ψυχῇ
514 4116 604 4169 τὸν
644 4118 866 4185 σωτῆρα
919 4115 1152 4185 Χριστὸν
1188 4113 1489 4183 ὡμολόγει,
1526 4111 1706 4180 πάσης

140 4209 378 4271 ἀποστὰς
414 4207 809 4276 δεισιδαίμονος
850 4204 1054 4272 πλάνης
1105 4203 1236 4274 (72).
1292 4202 1455 4273 319
1503 4198 1573 4253 Τὸ
1617 4216 1707 4270 ση-

144 4298 289 4367 μεῖόν
324 4314 384 4350 τε
420 4297 717 4367 προσκυνεῖ
765 4292 858 4345 τοῦ
916 4291 1178 4355 ζωοποιοῦ
1228 4290 1466 4362 σταυροῦ
1500 4288 1604 4341 ὑπὸ
1639 4290 1704 4357 τῇ

142 4393 355 4445 πάντων
408 4391 533 4460 δψει
578 4388 689 4458 (75)
738 4386 830 4440 καὶ
875 4388 953 4450 είς
992 4388 1225 4456 ἐπήκοον
1279 4383 1529 4436 ἁπάντων
1576 4379 1708 4431 Θεὸν

1807 3200 1928 3266 bus,
1957 3208 2292 3270 prosecutus,
2325 3208 2436 3256 tum
2476 3201 2689 3258 demum
2720 3201 3206 3272 impervestigabile
3235 3201 3375 3257 divi-

1794 3306 1891 3348 :ne
1939 3292 2276 3363 benignitatis
2337 3293 2557 3362 pelagus
2607 3292 2906 3355 enarravit,
2966 3306 3229 3362 quamque
3281 3290 3374 3346 ille

1805 3398 1991 3440 eorum
2032 3385 2122 3455 qui
2172 3385 2238 3439 ad
2296 3400 2417 3440 eum
2472 3398 2591 3440 sese
2646 3393 2962 3439 convertunt
3008 3382 3373 3451 paanitentiam

1808 3472 2040 3528 libenter
2067 3483 2363 3543 exspectet,
2394 3474 2639 3544 quodque
2668 3473 2871 3528 nullum
2920 3473 3096 3529 scelus
3134 3475 3203 3529 sit
3230 3474 3375 3544 quod

1806 3563 1973 3632 ipsius
2000 3564 2398 3621 misericordam
2422 3576 2655 3634 superet,
2686 3566 2730 3619 si
2754 3564 2966 3635 quidem
2995 3566 3061 3621 ad
3093 3565 3373 3621 meliorem

1806 3652 2009 3723 frugem
2061 3655 2237 3712 redire
2285 3654 2339 3710 in
2393 3657 2625 3711 animum
2667 3657 3004 3713 inducamus.
3049 3657 3201 3723 Quod
3253 3671 3373 3711 cum

1808 3747 1989 3801 multis
2035 3748 2295 3815 exemplis
2324 3761 2387 3801 ac
2434 3749 2721 3815 Scriptura:
2752 3747 3069 3802 testimoniis
3103 3748 3375 3802 declaras-

1812 3844 1915 3899 set,
1945 3837 2172 3890 orationi
2204 3836 2361 3889 tinem
2395 3837 2661 3903 imposuit.

1877 3924 2000 3977 (ΣΑΡ.
2054 3924 2357 3977 XXXV.-—-
2388 3925 2499 3977 ltex
2542 3935 2717 3977 autem
2755 3925 3005 3978 divinitus
3038 3924 3226 3980 tradita
3270 3928 3373 3983 hac

1808 4012 2062 4082 sapienzia
2103 4022 2475 4081 compunctus,
2508 4014 2706 4083 ingenti
2733 4028 2862 4068 voce
2892 4030 2957 4068 ac
2981 4011 3376 4070 ferventissimo

1811 4107 1992 4159 animo
2045 4106 2312 4159 Christum
2361 4104 2690 4160 Salvatorem
2738 4106 3053 4171 conﬁtetur,
3106 4118 3262 4177 atque
3307 4108 3375 4162 ab

1812 4197 1954 4250 omni
1980 4197 2349 4265 superstitioso
2379 4212 2562 4251 errore
2588 4197 2828 4251 abscedit
2858 4214 2872 4250 :
2906 4196 3230 4268 vivilicrequc
3255 4214 3377 4254 cru-

1810 4288 1889 4343 ris
1931 4286 2140 4359 signum
2186 4288 2601 4357 inspectantibus
2641 4290 2889 4343 omnibus
2928 4289 3134 4359 adurat,
3184 4300 3239 4346 et
3278 4307 3377 4345 au-

1811 4381 2080 4437 dientibus
2128 4381 2373 4435 omnibus
2406 4379 2571 4434 Deum
2616 4395 2801 4434 verum
2848 4395 2909 4434 ac
2955 4380 3235 4435 Dominum
3284 4398 3376 4436 no-

142 4482 398 4553 κηρύττει
421 4479 675 4550 ἀληθινὸν
696 4477 788 4531 τὸν
812 4478 1013 4549 Κύριον
1038 4479 1068 4545 ἡ
1079 4478 1191 4545 μῶν
1225 4476 1430 4545 Ἰησοῦν
1454 4471 1696 4542 Χριστόν·

1810 4483 1979 4529 strum
2009 4473 2192 4528 Jesum
2237 4472 2502 4526 Christum
2535 4474 2812 4541 praadicat.
2846 4473 3018 4543 Atque
3055 4488 3383 4529 commemo-

141 4576 237 4644 τήν
267 4590 327 4626 τε
362 4572 635 4645 προτέραν
673 4569 925 4623 ἀσέϐειαν
958 4565 1257 4634 διεξελθὼν,
1291 4565 1386 4635 τὴν
1418 4562 1621 4617 οἰκείαν
1649 4577 1706 4613 τε

145 4665 283 4718 κατὰ
314 4665 424 4718 τῶν
448 4663 786 4735 Χριστιανῶν
819 4661 1075 4732 ὠμότητα
1104 4659 1198 4711 καὶ
1228 4656 1533 4729 μιαιφονίαν
1560 4655 1709 4723 ἐλέγο

217 4799 325 4870 (64)
359 4802 520 4856 Conf.
554 4817 676 4871 pag.
708 4801 795 4864 47,
830 4815 881 4853 n.
916 4799 967 4852 1.

218 4873 324 4942 (65)
356 4873 510 4926 Conf.
547 4870 697 4941 pagg.
732 4873 819 4937 5|,
853 4870 939 4925 52.

221 4944 330 5007 (66)
362 4942 515 4995 (Συιιΐ.
552 4959 670 5008 pag.

224 5013 331 5080 (67)
360 5012 515 5064 Curii".
549 5029 666 5078 pag.
700 5013 786 5075 55,
818 5028 871 5064 ιι.
907 5009 992 5064 ἓὸ.

224 5084 330 5149 (68)
363 5081 518 5134 Conf.
552 5096 672 5149 pag.
710 5082 797 5144 60,
834 5099 886 5134 tl.
919 5081 1007 5134 49.

224 5152 332 5221 (69)
364 5150 517 5221 Until.
556 5165 675 5219 pug.
703 5152 791 5216 66,
818 5168 871 5204 η.
904 5151 988 5215 77,
1024 5148 1113 5201 78.

226 5219 335 5290 (70)
370 5219 523 5290 (gout.
568 5236 655 5290 pp.
687 5221 775 5282 94,
802 5222 891 5276 οδ.

230 5287 338 5359 (71)
371 5287 431 5347 C.
464 5287 769 5353 διεξελθεῖν.

1812 4576 1925 4620 rata
1958 4566 2120 4633 priori
2168 4578 2263 4618 sua
2310 4563 2606 4632 impietate,
2655 4574 2710 4617 et
2760 4564 3015 4618 adversus
3046 4562 3382 4618 Christianos

1814 4656 2124 4711 crudelitate
2173 4665 2227 4710 et
2274 4654 2605 4708 immanitate
2644 4653 3015 4715 condemnata,
3071 4653 3258 4722 ingens
3314 4655 3380 4705 ad

234 5344 572 5430 (72)}5logsa'
594 5361 646 5413 in
677 5362 717 5412 Λ
750 5344 767 5414 ἐ
798 5360 977 5429 στίχος
1006 5358 1297 5429 ἔμμετρος.
1328 5358 1479 5430 Quod
1506 5366 1588 5430 est
1617 5367 1744 5430 vere
1767 5351 2224 5430 animadversum.
2255 5348 2501 5430 Similem
2539 5346 2826 5430 habuimus
2866 5344 3391 5430 anitnadvcrsioneiir

313 5414 438 5484 Q37.
474 5426 625 5483 Fecit
652 5414 1297 5497 monachus'iinprmiens
1331 5414 1692 5490 \Tersiculum;
1724 5424 1901 5497 facere
1948 5424 2035 5491 qui
2073 5419 2409 5497 voluit_,_npt_i
2460 5420 2583 5472 fecit
2616 5416 2883 5497 '[heodon
2928 5415 3279 5497 Ijrodrom-us,
3314 5414 3398 5497 vel

212 5485 362 5565 biles,
388 5499 448 5569 i_n
483 5500 719 5553 editione
760 5500 948 5554 saltem
978 5485 1333 5552 Thorlaciana
1366 5485 1692 5569 (Prolussat

1804 5485 2024 5569 lupa-3.
2066 5489 2155 5569 65)
2186 5507 2198 5541 :
2247 5488 2541 5569 1&5}?va
2570 5488 2824 5569 πέλαγος,
2867 5485 3139 5569 πελαγοῦς
3170 5486 3399 5569 θίγαίου

174 5557 685 5637 βάθος.Ἐιιε.οι)ιιιιι
730 5570 817 5623 isti
856 5569 1247 5622 versificatores
1300 5557 1460 5636 pedes
1501 5566 1696 5637 trisyjla

1804 5557 2008 5637 ,Βειῲ
2046 5563 2215 5637 codex
2252 5557 2393 5637 2851
2431 5574 2443 5607 ι
2499 5557 2841 5637 [Ατλαγτικογ
2885 5557 3151 5637 πέλαγος,
3179 5557 3400 5637 Αἰγαῖον

176 5623 351 5707 βάθος.
383 5623 495 5689 Νοέ
517 5641 825 5710 agnoscitur
857 5647 1025 5706 pocla:
1060 5651 1269 5699 manus,
1302 5623 1356 5704 Ῑ).
1393 5650 1506 5703 seq.
1542 5623 1688 5688 v.35

177 5708 328 5753 υΙμΙιιι
368 5706 526 5753 lectio
557 5709 755 5753 milii-is
786 5724 798 5753 :
832 5705 902 5753 Ὦ
928 5705 1120 5753 vaga;
1148 5706 1240 5753 καὶ
1274 5704 1433 5753 πάλιν
1462 5705 1655 5753 γραῦς-
1692 5723 1696 5753 1

1804 5634 1825 5685 1
1854 5630 2026 5751 γραῦς
2060 5630 2152 5680 καὶ
2196 5628 2356 5680 πάλιν
2384 5626 2557 5696 γραῦς
2586 5626 2680 5679 καὶ
2728 5625 2910 5678 πάλιν.
2948 5623 3255 5680 Mensuram
3301 5631 3405 5680 im-

1811 5702 1888 5753 πά
1925 5718 1971 5753 ιν
2000 5697 2172 5753 γοαῦς
2195 5738 2209 5753 .
2239 5698 2421 5750 πάλιν.

177 5703 330 5774 pleni:
368 5706 526 5777 lectio
553 5703 755 5762 iudicis
786 5724 798 5760 :
832 5703 902 5759 Ὦ
928 5705 1120 5777 γραῦς,
1148 5706 1240 5758 καὶ
1274 5704 1655 5777 πάλινγραῦς,
1692 5703 1783 5755 καὶ
1811 5720 1850 5777 π

243 5776 348 5844 (73)
372 5774 574 5857 ⁸υιριιιιι
604 5780 769 5857 εμπ
799 5770 947 5857 όψςιξ
968 5770 1290 5832 Theodorus
1318 5770 1515 5831 Prodr.
1540 5775 1781 5829 Galeam.
1830 5770 1934 5826 505
1958 5786 1970 5820 :

179 5844 337 5915 ligen.
369 5845 452 5898 ἐπ’
474 5861 595 5903 ante
622 5848 763 5916 ὄψει.

1925 5718 1971 5753 ιν
2000 5697 2172 5767 γραῦς
2195 5738 2209 5762 ,
2239 5698 2421 5767 πάλιν.
2569 5764 2591 5767 _
2676 5765 2699 5767 μ
3227 5763 3246 5767 Α
3322 5762 3347 5767 ᾗ,

2069 5768 2125 5822 αὶ
2154 5766 2304 5820 ταῦτ’
2352 5765 2471 5835 ὄψει
2502 5764 2596 5819 τοῦ
2627 5765 2780 5835 φίλου
2817 5768 3182 5838 φυτοσπόρου.
3213 5763 3409 5822 Omisit
