  <div class='ocr_page' id='page_1' title='image "/cluster/home/n/w/nwhite01/storage/ocr_20150623/96/hvd.32044073502114/610.png"; bbox 0 0 3888 6344; ppageno 0'>
   <div class='ocr_carea' id='block_1_1' title="bbox 184 368 427 432">
    <p class='ocr_par' dir='ltr' id='par_1_1' title="bbox 184 368 427 432">
     <span class='ocr_line' id='line_1_1' title="bbox 184 368 427 432; baseline 0 -1"><span class='ocrx_word' id='word_1_1' title='bbox 184 368 313 432; x_wconf 73' lang='grc' dir='ltr'><strong>Η93</strong></span> <span class='ocrx_word' id='word_1_2' title='bbox 424 400 427 401; x_wconf 52' lang='grc' dir='ltr'><strong>ν</strong></span> 
     </span>
    </p>
   </div>
   <div class='ocr_carea' id='block_1_2' title="bbox 1264 329 2363 431">
    <p class='ocr_par' dir='ltr' id='par_1_2' title="bbox 1264 329 2363 431">
     <span class='ocr_line' id='line_1_2' title="bbox 1264 329 2363 431; baseline 0.002 -2"><span class='ocrx_word' id='word_1_3' title='bbox 1264 369 1442 429; x_wconf 75' lang='lat' dir='ltr'><strong>VITA</strong></span> <span class='ocrx_word' id='word_1_4' title='bbox 1479 368 1835 430; x_wconf 73' lang='lat' dir='ltr'><strong>BARLAAM</strong></span> <span class='ocrx_word' id='word_1_5' title='bbox 1875 370 1969 429; x_wconf 87' lang='lat' dir='ltr'><strong>ET</strong></span> <span class='ocrx_word' id='word_1_6' title='bbox 2005 329 2363 431; x_wconf 68' lang='lat' dir='ltr'><strong>JOASAPH.</strong></span> 
     </span>
    </p>
   </div>
   <div class='ocr_carea' id='block_1_3' title="bbox 3298 359 3429 431">
    <p class='ocr_par' dir='ltr' id='par_1_3' title="bbox 3298 359 3429 431">
     <span class='ocr_line' id='line_1_3' title="bbox 3298 359 3429 431; baseline 0.061 -8"><span class='ocrx_word' id='word_1_7' title='bbox 3298 359 3429 431; x_wconf 66' lang='grc'><strong>1194</strong></span> 
     </span>
    </p>
   </div>
   <div class='ocr_carea' id='block_1_4' title="bbox 176 474 1761 561">
    <p class='ocr_par' dir='ltr' id='par_1_4' title="bbox 176 474 1755 561">
     <span class='ocr_line' id='line_1_4' title="bbox 176 474 1755 561; baseline -0.002 -28"><span class='ocrx_word' id='word_1_8' title='bbox 176 480 300 543; x_wconf 77' lang='grc' dir='ltr'>Υἱὸς</span> <span class='ocrx_word' id='word_1_9' title='bbox 328 477 438 548; x_wconf 72' lang='grc' dir='ltr'><strong>γὰρ</strong></span> <span class='ocrx_word' id='word_1_10' title='bbox 478 474 545 549; x_wconf 82' lang='grc' dir='ltr'>ἦν</span> <span class='ocrx_word' id='word_1_11' title='bbox 570 477 668 561; x_wconf 58' lang='grc' dir='ltr'><strong>τοῦ</strong></span> <span class='ocrx_word' id='word_1_12' title='bbox 698 477 948 548; x_wconf 79' lang='grc' dir='ltr'>οὐρανίου</span> <span class='ocrx_word' id='word_1_13' title='bbox 988 476 1197 548; x_wconf 82' lang='grc' dir='ltr'>Πατρὸς</span> <span class='ocrx_word' id='word_1_14' title='bbox 1236 476 1369 547; x_wconf 72' lang='grc'>(82),</span> <span class='ocrx_word' id='word_1_15' title='bbox 1404 478 1497 531; x_wconf 69' lang='grc' dir='ltr'>καὶ</span> <span class='ocrx_word' id='word_1_16' title='bbox 1546 478 1755 549; x_wconf 62' lang='grc' dir='ltr'>καρπός</span> 
     </span>
    </p>
   </div>
   <div class='ocr_carea' id='block_1_5' title="bbox 1858 474 3420 561">
    <p class='ocr_par' dir='ltr' id='par_1_5' title="bbox 1860 476 3420 547">
     <span class='ocr_line' id='line_1_5' title="bbox 1860 476 3420 547; baseline 0.003 -19"><span class='ocrx_word' id='word_1_17' title='bbox 1860 491 2044 544; x_wconf 70' lang='lat' dir='ltr'><strong>nmque</strong></span> <span class='ocrx_word' id='word_1_18' title='bbox 2075 477 2313 544; x_wconf 79' lang='lat' dir='ltr'><strong>proiecto</strong></span> <span class='ocrx_word' id='word_1_19' title='bbox 2342 476 2535 533; x_wconf 84' lang='lat' dir='ltr'><strong>radicis</strong></span> <span class='ocrx_word' id='word_1_20' title='bbox 2561 478 2922 534; x_wconf 77' lang='lat' dir='ltr'><strong>divinissimus</strong></span> <span class='ocrx_word' id='word_1_21' title='bbox 2943 479 3146 535; x_wconf 71' lang='lat' dir='ltr'><strong>(ructus</strong></span> <span class='ocrx_word' id='word_1_22' title='bbox 3171 496 3185 547; x_wconf 92' lang='lat'><strong>;</strong></span> <span class='ocrx_word' id='word_1_23' title='bbox 3208 480 3420 544; x_wconf 72' lang='lat' dir='ltr'><strong>radids,</strong></span> 
     </span>
    </p>
   </div>
   <div class='ocr_carea' id='block_1_6' title="bbox 175 568 1751 641">
    <p class='ocr_par' dir='ltr' id='par_1_6' title="bbox 175 568 1751 641">
     <span class='ocr_line' id='line_1_6' title="bbox 175 568 1751 641; baseline -0.001 -17"><span class='ocrx_word' id='word_1_24' title='bbox 175 573 339 634; x_wconf 73' lang='grc' dir='ltr'>ὅντως</span> <span class='ocrx_word' id='word_1_25' title='bbox 369 571 469 641; x_wconf 74' lang='grc' dir='ltr'>τῆς</span> <span class='ocrx_word' id='word_1_26' title='bbox 496 570 647 633; x_wconf 81' lang='grc' dir='ltr'>Θείας</span> <span class='ocrx_word' id='word_1_27' title='bbox 691 570 847 640; x_wconf 76' lang='grc' dir='ltr'>ῥίζης</span> <span class='ocrx_word' id='word_1_28' title='bbox 876 568 1150 633; x_wconf 81' lang='grc' dir='ltr'>θειότατος</span> <span class='ocrx_word' id='word_1_29' title='bbox 1169 612 1185 634; x_wconf 90' lang='grc'>,</span> <span class='ocrx_word' id='word_1_30' title='bbox 1223 569 1378 639; x_wconf 74' lang='grc' dir='ltr'>ῥίζης</span> <span class='ocrx_word' id='word_1_31' title='bbox 1408 570 1623 640; x_wconf 81' lang='grc' dir='ltr'><strong>ἐκείνης</strong></span> <span class='ocrx_word' id='word_1_32' title='bbox 1654 569 1751 638; x_wconf 76' lang='grc' dir='ltr'>τῆς</span> 
     </span>
    </p>
   </div>
   <div class='ocr_carea' id='block_1_7' title="bbox 180 660 1754 734">
    <p class='ocr_par' dir='ltr' id='par_1_7' title="bbox 180 660 1754 734">
     <span class='ocr_line' id='line_1_7' title="bbox 180 660 1754 734; baseline -0.003 -18"><span class='ocrx_word' id='word_1_33' title='bbox 180 663 385 734; x_wconf 74' lang='grc' dir='ltr'>βοώσης</span> <span class='ocrx_word' id='word_1_34' title='bbox 425 661 558 732; x_wconf 75' lang='lat'><strong>(85)&#39;</strong></span> <span class='ocrx_word' id='word_1_35' title='bbox 615 661 757 730; x_wconf 85' lang='grc' dir='ltr'>Ἐγώ</span> <span class='ocrx_word' id='word_1_36' title='bbox 793 663 911 733; x_wconf 86' lang='grc' dir='ltr'>είμι</span> <span class='ocrx_word' id='word_1_37' title='bbox 952 662 983 733; x_wconf 77' lang='grc' dir='ltr'>ἠ</span> <span class='ocrx_word' id='word_1_38' title='bbox 1024 660 1287 732; x_wconf 84' lang='grc' dir='ltr'><strong>ἄμπελος,</strong></span> <span class='ocrx_word' id='word_1_39' title='bbox 1339 662 1496 731; x_wconf 83' lang='grc' dir='ltr'>ὑμεῖς</span> <span class='ocrx_word' id='word_1_40' title='bbox 1526 660 1593 714; x_wconf 75' lang='grc' dir='ltr'><strong>τὰ</strong></span> <span class='ocrx_word' id='word_1_41' title='bbox 1624 661 1754 730; x_wconf 80' lang='grc' dir='ltr'>κλή-</span> 
     </span>
    </p>
   </div>
   <div class='ocr_carea' id='block_1_8' title="bbox 87 772 339 835">
    <p class='ocr_par' dir='ltr' id='par_1_8' title="bbox 87 772 339 835">
     <span class='ocr_line' id='line_1_8' title="bbox 87 772 339 835; baseline 0 -28"><span class='ocrx_word' id='word_1_42' title='bbox 87 792 116 835; x_wconf 37' lang='grc' dir='ltr'>,ι</span> <span class='ocrx_word' id='word_1_43' title='bbox 179 772 339 824; x_wconf 92' lang='grc' dir='ltr'>ματα.</span> 
     </span>
    </p>
   </div>
   <div class='ocr_carea' id='block_1_9' title="bbox 244 843 1754 919">
    <p class='ocr_par' dir='ltr' id='par_1_9' title="bbox 244 843 1754 919">
     <span class='ocr_line' id='line_1_9' title="bbox 244 843 1754 919; baseline 0 -21"><span class='ocrx_word' id='word_1_44' title='bbox 244 843 425 908; x_wconf 78' lang='grc' dir='ltr'>Οὕτως</span> <span class='ocrx_word' id='word_1_45' title='bbox 448 845 835 916; x_wconf 73' lang='grc' dir='ltr'>ἀναγεννηθεὶς</span> <span class='ocrx_word' id='word_1_46' title='bbox 857 847 885 899; x_wconf 84' lang='grc' dir='ltr'><strong>ό</strong></span> <span class='ocrx_word' id='word_1_47' title='bbox 911 846 1161 917; x_wconf 77' lang='grc' dir='ltr'>βασιλεὺς</span> <span class='ocrx_word' id='word_1_48' title='bbox 1195 845 1454 919; x_wconf 77' lang='grc' dir='ltr'>’Δϐεννὴρ</span> <span class='ocrx_word' id='word_1_49' title='bbox 1474 847 1539 900; x_wconf 83' lang='grc' dir='ltr'>δι’</span> <span class='ocrx_word' id='word_1_50' title='bbox 1564 846 1754 907; x_wconf 81' lang='grc' dir='ltr'>ὓδατος</span> 
     </span>
    </p>
   </div>
   <div class='ocr_carea' id='block_1_10' title="bbox 176 935 1754 1009">
    <p class='ocr_par' dir='ltr' id='par_1_10' title="bbox 176 935 1754 1009">
     <span class='ocr_line' id='line_1_10' title="bbox 176 935 1754 1009; baseline 0.002 -21"><span class='ocrx_word' id='word_1_51' title='bbox 176 936 264 988; x_wconf 77' lang='grc' dir='ltr'><strong>καὶ</strong></span> <span class='ocrx_word' id='word_1_52' title='bbox 324 935 643 1006; x_wconf 87' lang='grc' dir='ltr'>Πνεύματος</span> <span class='ocrx_word' id='word_1_53' title='bbox 681 936 867 1007; x_wconf 78' lang='grc' dir='ltr'>ἔχαιρε</span> <span class='ocrx_word' id='word_1_54' title='bbox 918 939 1064 1008; x_wconf 80' lang='grc' dir='ltr'>χαρᾷ</span> <span class='ocrx_word' id='word_1_55' title='bbox 1108 936 1459 1009; x_wconf 83' lang='grc' dir='ltr'>ἀνεκλαλήτῳ</span> <span class='ocrx_word' id='word_1_56' title='bbox 1484 938 1619 1006; x_wconf 72' lang='grc'>(84)·</span> <span class='ocrx_word' id='word_1_57' title='bbox 1656 939 1754 991; x_wconf 84' lang='grc' dir='ltr'><strong>σὺν</strong></span> 
     </span>
    </p>
   </div>
   <div class='ocr_carea' id='block_1_11' title="bbox 175 1024 1751 1099">
    <p class='ocr_par' dir='ltr' id='par_1_11' title="bbox 175 1024 1751 1099">
     <span class='ocr_line' id='line_1_11' title="bbox 175 1024 1751 1099; baseline 0.001 -23"><span class='ocrx_word' id='word_1_58' title='bbox 175 1024 318 1094; x_wconf 82' lang='grc' dir='ltr'>αὐτῷ</span> <span class='ocrx_word' id='word_1_59' title='bbox 344 1024 400 1077; x_wconf 82' lang='grc' dir='ltr'><strong>δὲ</strong></span> <span class='ocrx_word' id='word_1_60' title='bbox 428 1025 520 1078; x_wconf 72' lang='grc' dir='ltr'><strong>καὶ</strong></span> <span class='ocrx_word' id='word_1_61' title='bbox 544 1027 695 1079; x_wconf 82' lang='grc' dir='ltr'>πᾶσα</span> <span class='ocrx_word' id='word_1_62' title='bbox 725 1027 756 1096; x_wconf 76' lang='grc' dir='ltr'>ἡ</span> <span class='ocrx_word' id='word_1_63' title='bbox 783 1025 937 1089; x_wconf 87' lang='grc' dir='ltr'>πόλις</span> <span class='ocrx_word' id='word_1_64' title='bbox 979 1028 1072 1080; x_wconf 73' lang='grc' dir='ltr'><strong>καὶ</strong></span> <span class='ocrx_word' id='word_1_65' title='bbox 1095 1029 1128 1097; x_wconf 80' lang='grc' dir='ltr'>ἡ</span> <span class='ocrx_word' id='word_1_66' title='bbox 1153 1027 1457 1099; x_wconf 82' lang='grc' dir='ltr'>περίχωρος</span> <span class='ocrx_word' id='word_1_67' title='bbox 1485 1026 1580 1079; x_wconf 85' lang='grc' dir='ltr'><strong>τοῦ</strong></span> <span class='ocrx_word' id='word_1_68' title='bbox 1605 1026 1751 1080; x_wconf 91' lang='grc' dir='ltr'>θείου</span> 
     </span>
    </p>
   </div>
   <div class='ocr_carea' id='block_1_12' title="bbox 175 1114 1755 1189">
    <p class='ocr_par' dir='ltr' id='par_1_12' title="bbox 175 1114 1755 1189">
     <span class='ocr_line' id='line_1_12' title="bbox 175 1114 1755 1189; baseline 0.004 -23"><span class='ocrx_word' id='word_1_69' title='bbox 175 1114 386 1184; x_wconf 74' lang='grc' dir='ltr'>ἠξιοῦτο</span> <span class='ocrx_word' id='word_1_70' title='bbox 408 1115 804 1186; x_wconf 76' lang='grc' dir='ltr'><strong>βαπτίσματος,</strong></span> <span class='ocrx_word' id='word_1_71' title='bbox 823 1118 916 1170; x_wconf 72' lang='grc' dir='ltr'><strong>καὶ</strong></span> <span class='ocrx_word' id='word_1_72' title='bbox 938 1118 1114 1186; x_wconf 67' lang='grc' dir='ltr'>φωτὸς</span> <span class='ocrx_word' id='word_1_73' title='bbox 1132 1118 1238 1171; x_wconf 68' lang='grc' dir='ltr'>υἱοὶ</span> <span class='ocrx_word' id='word_1_74' title='bbox 1254 1119 1364 1189; x_wconf 80' lang='lat'><strong>(85)</strong></span> <span class='ocrx_word' id='word_1_75' title='bbox 1379 1118 1755 1172; x_wconf 77' lang='grc' dir='ltr'><strong>ἀνεδείκνυντο</strong></span> 
     </span>
    </p>
   </div>
   <div class='ocr_carea' id='block_1_13' title="bbox 174 1207 1754 1277">
    <p class='ocr_par' dir='ltr' id='par_1_13' title="bbox 174 1207 1754 1277">
     <span class='ocr_line' id='line_1_13' title="bbox 174 1207 1754 1277; baseline 0.003 -19"><span class='ocrx_word' id='word_1_76' title='bbox 174 1208 220 1258; x_wconf 86' lang='grc' dir='ltr'>οί</span> <span class='ocrx_word' id='word_1_77' title='bbox 249 1207 377 1276; x_wconf 79' lang='grc' dir='ltr'>πρὶν</span> <span class='ocrx_word' id='word_1_78' title='bbox 404 1207 797 1277; x_wconf 84' lang='grc' dir='ltr'>ὲσκοτισμένοι.</span> <span class='ocrx_word' id='word_1_79' title='bbox 849 1209 1007 1261; x_wconf 79' lang='grc' dir='ltr'>Πᾶσα</span> <span class='ocrx_word' id='word_1_80' title='bbox 1060 1208 1116 1260; x_wconf 80' lang='grc' dir='ltr'><strong>δὲ</strong></span> <span class='ocrx_word' id='word_1_81' title='bbox 1141 1209 1295 1272; x_wconf 83' lang='grc' dir='ltr'>νόσος</span> <span class='ocrx_word' id='word_1_82' title='bbox 1324 1210 1419 1262; x_wconf 76' lang='grc' dir='ltr'><strong>καὶ</strong></span> <span class='ocrx_word' id='word_1_83' title='bbox 1462 1210 1610 1262; x_wconf 76' lang='grc' dir='ltr'>πᾶσα</span> <span class='ocrx_word' id='word_1_84' title='bbox 1638 1210 1754 1263; x_wconf 89' lang='grc' dir='ltr'>δαι-</span> 
     </span>
    </p>
   </div>
   <div class='ocr_carea' id='block_1_14' title="bbox 177 1298 1742 1370">
    <p class='ocr_par' dir='ltr' id='par_1_14' title="bbox 177 1298 1742 1370">
     <span class='ocr_line' id='line_1_14' title="bbox 177 1298 1742 1370; baseline 0.003 -21"><span class='ocrx_word' id='word_1_85' title='bbox 177 1298 368 1367; x_wconf 82' lang='grc' dir='ltr'>μονικὴ</span> <span class='ocrx_word' id='word_1_86' title='bbox 399 1298 639 1368; x_wconf 66' lang='grc' dir='ltr'>ἐπιφορὰ</span> <span class='ocrx_word' id='word_1_87' title='bbox 674 1298 864 1369; x_wconf 77' lang='grc' dir='ltr'>πόρρω</span> <span class='ocrx_word' id='word_1_88' title='bbox 888 1298 998 1352; x_wconf 89' lang='grc' dir='ltr'><strong>τῶν</strong></span> <span class='ocrx_word' id='word_1_89' title='bbox 1048 1300 1416 1352; x_wconf 82' lang='grc' dir='ltr'><strong>πιστευόντων</strong></span> <span class='ocrx_word' id='word_1_90' title='bbox 1449 1299 1742 1370; x_wconf 76' lang='grc' dir='ltr'>ὴλαύνετο’</span> 
     </span>
    </p>
   </div>
   <div class='ocr_carea' id='block_1_15' title="bbox 175 1386 1756 1462">
    <p class='ocr_par' dir='ltr' id='par_1_15' title="bbox 175 1386 1756 1462">
     <span class='ocr_line' id='line_1_15' title="bbox 175 1386 1756 1462; baseline 0.001 -22"><span class='ocrx_word' id='word_1_91' title='bbox 175 1386 348 1452; x_wconf 81' lang='grc' dir='ltr'>ἄρτιοι</span> <span class='ocrx_word' id='word_1_92' title='bbox 375 1388 430 1440; x_wconf 82' lang='grc' dir='ltr'><strong>δὲ</strong></span> <span class='ocrx_word' id='word_1_93' title='bbox 454 1390 548 1441; x_wconf 65' lang='grc' dir='ltr'><strong>κα)⁵</strong></span> <span class='ocrx_word' id='word_1_94' title='bbox 576 1389 748 1456; x_wconf 80' lang='grc' dir='ltr'>ὑγιεῖς</span> <span class='ocrx_word' id='word_1_95' title='bbox 767 1389 968 1453; x_wconf 72' lang='grc' dir='ltr'>πάντες</span> <span class='ocrx_word' id='word_1_96' title='bbox 984 1389 1085 1454; x_wconf 82' lang='grc' dir='ltr'>τὰς</span> <span class='ocrx_word' id='word_1_97' title='bbox 1100 1389 1278 1460; x_wconf 76' lang='grc' dir='ltr'>ψυχὰς</span> <span class='ocrx_word' id='word_1_98' title='bbox 1304 1391 1400 1443; x_wconf 78' lang='grc' dir='ltr'><strong>καὶ</strong></span> <span class='ocrx_word' id='word_1_99' title='bbox 1429 1389 1497 1444; x_wconf 88' lang='grc' dir='ltr'>τὰ</span> <span class='ocrx_word' id='word_1_100' title='bbox 1527 1390 1756 1462; x_wconf 83' lang='grc' dir='ltr'>σώματα</span> 
     </span>
    </p>
   </div>
   <div class='ocr_carea' id='block_1_16' title="bbox 174 1473 1754 1552">
    <p class='ocr_par' dir='ltr' id='par_1_16' title="bbox 174 1473 1754 1552">
     <span class='ocr_line' id='line_1_16' title="bbox 174 1473 1754 1552; baseline 0.005 -24"><span class='ocrx_word' id='word_1_101' title='bbox 174 1473 305 1547; x_wconf 80' lang='grc' dir='ltr'>ἦσαν</span> <span class='ocrx_word' id='word_1_102' title='bbox 339 1479 473 1548; x_wconf 81' lang='lat'><strong>(86).</strong></span> <span class='ocrx_word' id='word_1_103' title='bbox 505 1480 617 1533; x_wconf 79' lang='grc' dir='ltr'>Καὶ</span> <span class='ocrx_word' id='word_1_104' title='bbox 646 1479 818 1533; x_wconf 77' lang='grc' dir='ltr'>πολλὰ</span> <span class='ocrx_word' id='word_1_105' title='bbox 845 1480 1012 1551; x_wconf 80' lang='grc' dir='ltr'>’ἐτερα</span> <span class='ocrx_word' id='word_1_106' title='bbox 1044 1481 1327 1551; x_wconf 85' lang='grc' dir='ltr'>θαυμάσια</span> <span class='ocrx_word' id='word_1_107' title='bbox 1356 1483 1436 1546; x_wconf 85' lang='grc' dir='ltr'><strong>είς</strong></span> <span class='ocrx_word' id='word_1_108' title='bbox 1467 1481 1754 1552; x_wconf 86' lang='grc' dir='ltr'>βεϐαίωσιν</span> 
     </span>
    </p>
   </div>
   <div class='ocr_carea' id='block_1_17' title="bbox 174 1568 1750 1643">
    <p class='ocr_par' dir='ltr' id='par_1_17' title="bbox 174 1568 1750 1643">
     <span class='ocr_line' id='line_1_17' title="bbox 174 1568 1750 1643; baseline 0.005 -24"><span class='ocrx_word' id='word_1_109' title='bbox 174 1568 267 1635; x_wconf 78' lang='grc' dir='ltr'>τῆς</span> <span class='ocrx_word' id='word_1_110' title='bbox 290 1569 531 1634; x_wconf 87' lang='grc' dir='ltr'>πίστεως</span> <span class='ocrx_word' id='word_1_111' title='bbox 551 1568 851 1624; x_wconf 80' lang='grc' dir='ltr'>ἐτελοῦντο.</span> <span class='ocrx_word' id='word_1_112' title='bbox 884 1570 1201 1641; x_wconf 85' lang='grc' dir='ltr'>Ἐκκλησίαι</span> <span class='ocrx_word' id='word_1_113' title='bbox 1215 1588 1274 1624; x_wconf 90' lang='grc' dir='ltr'><strong>τε</strong></span> <span class='ocrx_word' id='word_1_114' title='bbox 1288 1571 1750 1643; x_wconf 83' lang='grc' dir='ltr'>ἀνῳκοδομοῦντο,</span> 
     </span>
    </p>
   </div>
   <div class='ocr_carea' id='block_1_18' title="bbox 174 1658 1757 1733">
    <p class='ocr_par' dir='ltr' id='par_1_18' title="bbox 174 1658 1757 1733">
     <span class='ocr_line' id='line_1_18' title="bbox 174 1658 1757 1733; baseline 0.004 -22"><span class='ocrx_word' id='word_1_115' title='bbox 174 1658 266 1711; x_wconf 77' lang='grc' dir='ltr'><strong>καὶ</strong></span> <span class='ocrx_word' id='word_1_116' title='bbox 294 1659 607 1725; x_wconf 81' lang='grc' dir='ltr'>ἐπίσκοποι,</span> <span class='ocrx_word' id='word_1_117' title='bbox 632 1661 766 1714; x_wconf 79' lang='grc' dir='ltr'>οἵτε</span> <span class='ocrx_word' id='word_1_118' title='bbox 803 1662 1178 1733; x_wconf 79' lang='grc' dir='ltr'><strong>κεκρυμμένοι</strong></span> <span class='ocrx_word' id='word_1_119' title='bbox 1207 1662 1295 1716; x_wconf 82' lang='grc' dir='ltr'><strong>διὰ</strong></span> <span class='ocrx_word' id='word_1_120' title='bbox 1314 1663 1403 1717; x_wconf 79' lang='grc' dir='ltr'><strong>τὸν</strong></span> <span class='ocrx_word' id='word_1_121' title='bbox 1434 1663 1598 1732; x_wconf 88' lang='grc' dir='ltr'>φόϐον</span> <span class='ocrx_word' id='word_1_122' title='bbox 1624 1664 1757 1732; x_wconf 75' lang='grc' dir='ltr'>ἐφα-</span> 
     </span>
    </p>
   </div>
   <div class='ocr_carea' id='block_1_19' title="bbox 174 1750 1755 1824">
    <p class='ocr_par' dir='ltr' id='par_1_19' title="bbox 174 1750 1755 1824">
     <span class='ocr_line' id='line_1_19' title="bbox 174 1750 1755 1824; baseline 0.003 -22"><span class='ocrx_word' id='word_1_123' title='bbox 174 1750 428 1820; x_wconf 89' lang='grc' dir='ltr'>νεροῦντο</span> <span class='ocrx_word' id='word_1_124' title='bbox 461 1752 556 1804; x_wconf 70' lang='grc' dir='ltr'><strong>καὶ</strong></span> <span class='ocrx_word' id='word_1_125' title='bbox 585 1752 683 1815; x_wconf 79' lang='grc' dir='ltr'>τὰς</span> <span class='ocrx_word' id='word_1_126' title='bbox 723 1752 859 1815; x_wconf 79' lang='grc' dir='ltr'>ιδίας</span> <span class='ocrx_word' id='word_1_127' title='bbox 883 1752 1272 1822; x_wconf 84' lang='grc' dir='ltr'>ἀπελάμϐανον</span> <span class='ocrx_word' id='word_1_128' title='bbox 1308 1753 1627 1824; x_wconf 72' lang='grc' dir='ltr'>ἐκκλησίας,</span> <span class='ocrx_word' id='word_1_129' title='bbox 1660 1754 1755 1808; x_wconf 81' lang='grc' dir='ltr'>καὶ</span> 
     </span>
    </p>
   </div>
   <div class='ocr_carea' id='block_1_20' title="bbox 174 1842 1759 1916">
    <p class='ocr_par' dir='ltr' id='par_1_20' title="bbox 174 1842 1759 1916">
     <span class='ocr_line' id='line_1_20' title="bbox 174 1842 1759 1916; baseline 0.001 -19"><span class='ocrx_word' id='word_1_130' title='bbox 174 1842 329 1912; x_wconf 79' lang='grc'><strong>322</strong></span> <span class='ocrx_word' id='word_1_131' title='bbox 362 1843 510 1895; x_wconf 85' lang='grc' dir='ltr'>ἄλλοι</span> <span class='ocrx_word' id='word_1_132' title='bbox 558 1842 621 1895; x_wconf 81' lang='grc' dir='ltr'>ἔκ</span> <span class='ocrx_word' id='word_1_133' title='bbox 654 1861 714 1897; x_wconf 86' lang='grc' dir='ltr'><strong>τε</strong></span> <span class='ocrx_word' id='word_1_134' title='bbox 743 1843 853 1897; x_wconf 88' lang='grc' dir='ltr'><strong>τῶν</strong></span> <span class='ocrx_word' id='word_1_135' title='bbox 910 1844 1098 1916; x_wconf 81' lang='grc' dir='ltr'>ἱερέων</span> <span class='ocrx_word' id='word_1_136' title='bbox 1147 1845 1243 1898; x_wconf 78' lang='grc' dir='ltr'>καὶ</span> <span class='ocrx_word' id='word_1_137' title='bbox 1273 1844 1383 1899; x_wconf 89' lang='grc' dir='ltr'><strong>τῶν</strong></span> <span class='ocrx_word' id='word_1_138' title='bbox 1411 1845 1759 1916; x_wconf 80' lang='grc' dir='ltr'>μοναζόντων</span> 
     </span>
    </p>
   </div>
   <div class='ocr_carea' id='block_1_21' title="bbox 175 1933 1759 2007">
    <p class='ocr_par' dir='ltr' id='par_1_21' title="bbox 175 1933 1759 2007">
     <span class='ocr_line' id='line_1_21' title="bbox 175 1933 1759 2007; baseline 0.003 -22"><span class='ocrx_word' id='word_1_139' title='bbox 175 1933 620 2005; x_wconf 78' lang='grc' dir='ltr'>προεχειρίζοντο</span> <span class='ocrx_word' id='word_1_140' title='bbox 639 1936 719 1999; x_wconf 85' lang='grc' dir='ltr'><strong>είς</strong></span> <span class='ocrx_word' id='word_1_141' title='bbox 746 1935 858 2005; x_wconf 85' lang='grc'>(87)</span> <span class='ocrx_word' id='word_1_142' title='bbox 884 1935 946 1989; x_wconf 82' lang='grc' dir='ltr'>τὸ</span> <span class='ocrx_word' id='word_1_143' title='bbox 974 1936 1286 2006; x_wconf 82' lang='grc' dir='ltr'>ποιμαίνειν</span> <span class='ocrx_word' id='word_1_144' title='bbox 1311 1936 1373 1989; x_wconf 82' lang='grc' dir='ltr'><strong>τὸ</strong></span> <span class='ocrx_word' id='word_1_145' title='bbox 1396 1936 1489 1990; x_wconf 87' lang='grc' dir='ltr'><strong>τοῦ</strong></span> <span class='ocrx_word' id='word_1_146' title='bbox 1518 1936 1759 2007; x_wconf 79' lang='grc' dir='ltr'>Χριστοῦ</span> 
     </span>
    </p>
   </div>
   <div class='ocr_carea' id='block_1_22' title="bbox 1860 568 3423 640">
    <p class='ocr_par' dir='ltr' id='par_1_22' title="bbox 1860 568 3423 640">
     <span class='ocr_line' id='line_1_22' title="bbox 1860 568 3423 640; baseline 0.003 -21"><span class='ocrx_word' id='word_1_147' title='bbox 1860 570 2094 636; x_wconf 88' lang='lat' dir='ltr'><strong>inquam,</strong></span> <span class='ocrx_word' id='word_1_148' title='bbox 2128 568 2271 624; x_wconf 91' lang='lat' dir='ltr'><strong>illius</strong></span> <span class='ocrx_word' id='word_1_149' title='bbox 2301 584 2418 638; x_wconf 68' lang='lat' dir='ltr'><strong>quae</strong></span> <span class='ocrx_word' id='word_1_150' title='bbox 2446 572 2637 626; x_wconf 89' lang='lat' dir='ltr'><strong>clamat</strong></span> <span class='ocrx_word' id='word_1_151' title='bbox 2673 589 2684 624; x_wconf 90' lang='lat'>:</span> <span class='ocrx_word' id='word_1_152' title='bbox 2716 572 2824 638; x_wconf 71' lang='lat' dir='ltr'><strong>Ego</strong></span> <span class='ocrx_word' id='word_1_153' title='bbox 2862 586 2980 626; x_wconf 86' lang='lat' dir='ltr'><strong>sum</strong></span> <span class='ocrx_word' id='word_1_154' title='bbox 3020 571 3163 637; x_wconf 77' lang='lat' dir='ltr'><strong>ritis,</strong></span> <span class='ocrx_word' id='word_1_155' title='bbox 3190 587 3282 626; x_wconf 85' lang='lat' dir='ltr'><strong>vos</strong></span> <span class='ocrx_word' id='word_1_156' title='bbox 3313 571 3423 640; x_wconf 67' lang='grc' dir='ltr'>ρει.</span> 
     </span>
    </p>
   </div>
   <div class='ocr_carea' id='block_1_23' title="bbox 1859 659 2360 723">
    <p class='ocr_par' dir='ltr' id='par_1_23' title="bbox 1859 659 2360 723">
     <span class='ocr_line' id='line_1_23' title="bbox 1859 659 2360 723; baseline 0 -13"><span class='ocrx_word' id='word_1_157' title='bbox 1859 660 2012 713; x_wconf 87' lang='lat' dir='ltr'><strong>mites</strong></span> <span class='ocrx_word' id='word_1_158' title='bbox 2035 659 2214 723; x_wconf 84' lang='lat' dir='ltr'><strong>(Joan.</strong></span> <span class='ocrx_word' id='word_1_159' title='bbox 2250 660 2360 721; x_wconf 78' lang='lat' dir='ltr'><strong>xv).</strong></span> 
     </span>
    </p>
   </div>
   <div class='ocr_carea' id='block_1_24' title="bbox 1920 839 3413 919">
    <p class='ocr_par' dir='ltr' id='par_1_24' title="bbox 1920 839 3413 919">
     <span class='ocr_line' id='line_1_24' title="bbox 1920 839 3413 919; baseline 0.005 -25"><span class='ocrx_word' id='word_1_160' title='bbox 1920 839 1999 895; x_wconf 80' lang='lat' dir='ltr'><strong>Ad</strong></span> <span class='ocrx_word' id='word_1_161' title='bbox 2028 839 2166 896; x_wconf 86' lang='lat' dir='ltr'><strong>hunc</strong></span> <span class='ocrx_word' id='word_1_162' title='bbox 2186 841 2400 896; x_wconf 86' lang='lat' dir='ltr'><strong>modum</strong></span> <span class='ocrx_word' id='word_1_163' title='bbox 2434 858 2523 898; x_wconf 79' lang='lat' dir='ltr'><strong>rex</strong></span> <span class='ocrx_word' id='word_1_164' title='bbox 2558 858 2651 912; x_wconf 89' lang='lat' dir='ltr'><strong>per</strong></span> <span class='ocrx_word' id='word_1_165' title='bbox 2679 860 2867 916; x_wconf 86' lang='lat' dir='ltr'><strong>aquam</strong></span> <span class='ocrx_word' id='word_1_166' title='bbox 2895 860 2959 901; x_wconf 80' lang='lat' dir='ltr'><strong>ac</strong></span> <span class='ocrx_word' id='word_1_167' title='bbox 2986 846 3237 916; x_wconf 74' lang='lat' dir='ltr'><strong>Spiritum</strong></span> <span class='ocrx_word' id='word_1_168' title='bbox 3267 864 3413 919; x_wconf 75' lang='lat' dir='ltr'><strong>rege-</strong></span> 
     </span>
    </p>
   </div>
   <div class='ocr_carea' id='block_1_25' title="bbox 1851 933 3418 1007">
    <p class='ocr_par' dir='ltr' id='par_1_25' title="bbox 1851 933 3418 1007">
     <span class='ocr_line' id='line_1_25' title="bbox 1851 933 3418 1007; baseline 0.006 -22"><span class='ocrx_word' id='word_1_169' title='bbox 1851 941 2086 1001; x_wconf 85' lang='lat' dir='ltr'><strong>neratus,</strong></span> <span class='ocrx_word' id='word_1_170' title='bbox 2132 933 2392 1002; x_wconf 88' lang='lat' dir='ltr'><strong>ejusmodi</strong></span> <span class='ocrx_word' id='word_1_171' title='bbox 2432 935 2696 1004; x_wconf 84' lang='lat' dir='ltr'><strong>voluptate</strong></span> <span class='ocrx_word' id='word_1_172' title='bbox 2734 946 2851 1007; x_wconf 75' lang='lat' dir='ltr'><strong>qna:</strong></span> <span class='ocrx_word' id='word_1_173' title='bbox 2881 939 3023 993; x_wconf 89' lang='lat' dir='ltr'><strong>nulla</strong></span> <span class='ocrx_word' id='word_1_174' title='bbox 3059 939 3297 995; x_wconf 87' lang='lat' dir='ltr'><strong>oratione</strong></span> <span class='ocrx_word' id='word_1_175' title='bbox 3321 956 3418 995; x_wconf 76' lang='lat' dir='ltr'><strong>ex-</strong></span> 
     </span>
    </p>
   </div>
   <div class='ocr_carea' id='block_1_26' title="bbox 1850 1022 3419 1099">
    <p class='ocr_par' dir='ltr' id='par_1_26' title="bbox 1850 1022 3419 1099">
     <span class='ocr_line' id='line_1_26' title="bbox 1850 1022 3419 1099; baseline 0.006 -24"><span class='ocrx_word' id='word_1_176' title='bbox 1850 1022 2034 1090; x_wconf 89' lang='lat' dir='ltr'><strong>plicari</strong></span> <span class='ocrx_word' id='word_1_177' title='bbox 2069 1032 2244 1091; x_wconf 88' lang='lat' dir='ltr'><strong>potest</strong></span> <span class='ocrx_word' id='word_1_178' title='bbox 2271 1023 2633 1092; x_wconf 81' lang='lat' dir='ltr'><strong>afﬁciebatur;</strong></span> <span class='ocrx_word' id='word_1_179' title='bbox 2667 1028 2927 1098; x_wconf 87' lang='lat' dir='ltr'><strong>simulque</strong></span> <span class='ocrx_word' id='word_1_180' title='bbox 2956 1029 3117 1084; x_wconf 87' lang='lat' dir='ltr'><strong>etiam</strong></span> <span class='ocrx_word' id='word_1_181' title='bbox 3154 1045 3274 1084; x_wconf 90' lang='lat' dir='ltr'><strong>cum</strong></span> <span class='ocrx_word' id='word_1_182' title='bbox 3304 1031 3419 1099; x_wconf 89' lang='lat' dir='ltr'><strong>ipso</strong></span> 
     </span>
    </p>
   </div>
   <div class='ocr_carea' id='block_1_27' title="bbox 1848 1113 3420 1195">
    <p class='ocr_par' dir='ltr' id='par_1_27' title="bbox 1848 1113 3420 1195">
     <span class='ocr_line' id='line_1_27' title="bbox 1848 1113 3420 1195; baseline 0.008 -29"><span class='ocrx_word' id='word_1_183' title='bbox 1848 1113 2096 1169; x_wconf 84' lang='lat' dir='ltr'><strong>universa</strong></span> <span class='ocrx_word' id='word_1_184' title='bbox 2136 1115 2321 1170; x_wconf 80' lang='lat' dir='ltr'><strong>civitas</strong></span> <span class='ocrx_word' id='word_1_185' title='bbox 2359 1131 2420 1170; x_wconf 88' lang='lat' dir='ltr'><strong>ac</strong></span> <span class='ocrx_word' id='word_1_186' title='bbox 2459 1118 2678 1172; x_wconf 89' lang='lat' dir='ltr'><strong>ﬁnitima</strong></span> <span class='ocrx_word' id='word_1_187' title='bbox 2718 1120 2863 1189; x_wconf 74' lang='lat' dir='ltr'><strong>regio</strong></span> <span class='ocrx_word' id='word_1_188' title='bbox 2893 1120 3069 1174; x_wconf 80' lang='lat' dir='ltr'><strong>divino</strong></span> <span class='ocrx_word' id='word_1_189' title='bbox 3107 1123 3420 1195; x_wconf 69' lang='lat' dir='ltr'><strong>baptismate</strong></span> 
     </span>
    </p>
   </div>
   <div class='ocr_carea' id='block_1_28' title="bbox 1848 1205 3420 1281">
    <p class='ocr_par' dir='ltr' id='par_1_28' title="bbox 1848 1205 3420 1281">
     <span class='ocr_line' id='line_1_28' title="bbox 1848 1205 3420 1281; baseline 0.006 -22"><span class='ocrx_word' id='word_1_190' title='bbox 1848 1205 2166 1272; x_wconf 84' lang='lat' dir='ltr'><strong>donabatur,</strong></span> <span class='ocrx_word' id='word_1_191' title='bbox 2199 1207 2438 1279; x_wconf 84' lang='lat' dir='ltr'><strong>lucisque</strong></span> <span class='ocrx_word' id='word_1_192' title='bbox 2468 1209 2559 1263; x_wconf 88' lang='lat' dir='ltr'><strong>ﬁlii</strong></span> <span class='ocrx_word' id='word_1_193' title='bbox 2590 1210 2886 1266; x_wconf 77' lang='lat' dir='ltr'><strong>existebant</strong></span> <span class='ocrx_word' id='word_1_194' title='bbox 2911 1215 2995 1281; x_wconf 88' lang='lat' dir='ltr'><strong>qui</strong></span> <span class='ocrx_word' id='word_1_195' title='bbox 3020 1213 3168 1280; x_wconf 87' lang='lat' dir='ltr'><strong>prius</strong></span> <span class='ocrx_word' id='word_1_196' title='bbox 3190 1212 3241 1267; x_wconf 89' lang='lat' dir='ltr'><strong>in</strong></span> <span class='ocrx_word' id='word_1_197' title='bbox 3274 1225 3420 1270; x_wconf 82' lang='lat' dir='ltr'><strong>tene-</strong></span> 
     </span>
    </p>
   </div>
   <div class='ocr_carea' id='block_1_29' title="bbox 1844 1293 3420 1368">
    <p class='ocr_par' dir='ltr' id='par_1_29' title="bbox 1844 1293 3420 1368">
     <span class='ocr_line' id='line_1_29' title="bbox 1844 1293 3420 1368; baseline 0.006 -20"><span class='ocrx_word' id='word_1_198' title='bbox 1844 1293 1959 1351; x_wconf 81' lang='lat' dir='ltr'><strong>bris</strong></span> <span class='ocrx_word' id='word_1_199' title='bbox 1987 1298 2358 1352; x_wconf 86' lang='lat' dir='ltr'><strong>versabantur.</strong></span> <span class='ocrx_word' id='word_1_200' title='bbox 2401 1302 2573 1368; x_wconf 81' lang='lat' dir='ltr'><strong>Atque</strong></span> <span class='ocrx_word' id='word_1_201' title='bbox 2618 1302 2791 1355; x_wconf 85' lang='lat' dir='ltr'><strong>omnis</strong></span> <span class='ocrx_word' id='word_1_202' title='bbox 2838 1302 3055 1356; x_wconf 81' lang='lat' dir='ltr'><strong>morbus</strong></span> <span class='ocrx_word' id='word_1_203' title='bbox 3091 1312 3145 1357; x_wconf 88' lang='lat' dir='ltr'><strong>et</strong></span> <span class='ocrx_word' id='word_1_204' title='bbox 3189 1305 3363 1359; x_wconf 83' lang='lat' dir='ltr'><strong>omnis</strong></span> <span class='ocrx_word' id='word_1_205' title='bbox 3391 1322 3420 1358; x_wconf 65' lang='grc' dir='ltr'><strong>δ</strong></span> 
     </span>
    </p>
   </div>
   <div class='ocr_carea' id='block_1_30' title="bbox 1847 1388 3417 1461">
    <p class='ocr_par' dir='ltr' id='par_1_30' title="bbox 1847 1388 3417 1461">
     <span class='ocr_line' id='line_1_30' title="bbox 1847 1388 3417 1461; baseline 0.003 -21"><span class='ocrx_word' id='word_1_206' title='bbox 1847 1388 2176 1443; x_wconf 64' lang='lat' dir='ltr'><strong>dmmonihus</strong></span> <span class='ocrx_word' id='word_1_207' title='bbox 2217 1388 2420 1444; x_wconf 78' lang='lat' dir='ltr'><strong>invecta</strong></span> <span class='ocrx_word' id='word_1_208' title='bbox 2463 1389 2737 1446; x_wconf 81' lang='lat' dir='ltr'><strong>calamitas</strong></span> <span class='ocrx_word' id='word_1_209' title='bbox 2774 1392 2958 1460; x_wconf 85' lang='lat' dir='ltr'><strong>procul</strong></span> <span class='ocrx_word' id='word_1_210' title='bbox 3039 1390 3108 1444; x_wconf 89' lang='lat' dir='ltr'><strong>ab</strong></span> <span class='ocrx_word' id='word_1_211' title='bbox 3181 1389 3250 1444; x_wconf 85' lang='lat' dir='ltr'><strong>iis</strong></span> <span class='ocrx_word' id='word_1_212' title='bbox 3321 1407 3417 1461; x_wconf 80' lang='lat' dir='ltr'><strong>qui</strong></span> 
     </span>
    </p>
   </div>
   <div class='ocr_carea' id='block_1_31' title="bbox 1854 1474 3417 1559">
    <p class='ocr_par' dir='ltr' id='par_1_31' title="bbox 1854 1474 3417 1559">
     <span class='ocr_line' id='line_1_31' title="bbox 1854 1474 3417 1559; baseline 0.005 -31"><span class='ocrx_word' id='word_1_213' title='bbox 1854 1474 1960 1530; x_wconf 90' lang='lat' dir='ltr'><strong>ﬁde</strong></span> <span class='ocrx_word' id='word_1_214' title='bbox 2026 1477 2245 1559; x_wconf 59' lang='lat' dir='ltr'><strong>praediti</strong></span> <span class='ocrx_word' id='word_1_215' title='bbox 2305 1488 2457 1534; x_wconf 87' lang='lat' dir='ltr'><strong>erant</strong></span> <span class='ocrx_word' id='word_1_216' title='bbox 2508 1482 2916 1549; x_wconf 85' lang='lat' dir='ltr'><strong>propellehatur,</strong></span> <span class='ocrx_word' id='word_1_217' title='bbox 2966 1497 3257 1552; x_wconf 84' lang='lat' dir='ltr'><strong>omnesque</strong></span> <span class='ocrx_word' id='word_1_218' title='bbox 3308 1496 3417 1537; x_wconf 81' lang='lat' dir='ltr'><strong>tum</strong></span> 
     </span>
    </p>
   </div>
   <div class='ocr_carea' id='block_1_32' title="bbox 1845 1565 3416 1641">
    <p class='ocr_par' dir='ltr' id='par_1_32' title="bbox 1845 1565 3416 1641">
     <span class='ocr_line' id='line_1_32' title="bbox 1845 1565 3416 1641; baseline 0.004 -21"><span class='ocrx_word' id='word_1_219' title='bbox 1845 1565 2039 1621; x_wconf 83' lang='lat' dir='ltr'><strong>animis</strong></span> <span class='ocrx_word' id='word_1_220' title='bbox 2061 1574 2170 1622; x_wconf 92' lang='lat' dir='ltr'><strong>tum</strong></span> <span class='ocrx_word' id='word_1_221' title='bbox 2190 1570 2501 1638; x_wconf 82' lang='lat' dir='ltr'><strong>corporibus</strong></span> <span class='ocrx_word' id='word_1_222' title='bbox 2523 1571 2710 1639; x_wconf 73' lang='lat' dir='ltr'><strong>integri</strong></span> <span class='ocrx_word' id='word_1_223' title='bbox 2733 1580 2889 1641; x_wconf 89' lang='lat' dir='ltr'><strong>atque</strong></span> <span class='ocrx_word' id='word_1_224' title='bbox 2916 1570 3212 1627; x_wconf 83' lang='lat' dir='ltr'><strong>incolumes</strong></span> <span class='ocrx_word' id='word_1_225' title='bbox 3239 1584 3416 1627; x_wconf 84' lang='lat' dir='ltr'><strong>erant.</strong></span> 
     </span>
    </p>
   </div>
   <div class='ocr_carea' id='block_1_33' title="bbox 1847 1656 3420 1726">
    <p class='ocr_par' dir='ltr' id='par_1_33' title="bbox 1847 1656 3420 1726">
     <span class='ocr_line' id='line_1_33' title="bbox 1847 1656 3420 1726; baseline 0.004 -14"><span class='ocrx_word' id='word_1_226' title='bbox 1847 1656 2116 1726; x_wconf 79' lang='lat' dir='ltr'><strong>Multaque</strong></span> <span class='ocrx_word' id='word_1_227' title='bbox 2144 1658 2270 1713; x_wconf 83' lang='lat' dir='ltr'><strong>item</strong></span> <span class='ocrx_word' id='word_1_228' title='bbox 2294 1660 2395 1715; x_wconf 84' lang='lat' dir='ltr'><strong>alia</strong></span> <span class='ocrx_word' id='word_1_229' title='bbox 2420 1662 2681 1716; x_wconf 84' lang='lat' dir='ltr'><strong>miracula</strong></span> <span class='ocrx_word' id='word_1_230' title='bbox 2711 1662 2830 1717; x_wconf 87' lang='lat' dir='ltr'><strong>ﬁdei</strong></span> <span class='ocrx_word' id='word_1_231' title='bbox 2859 1663 3236 1717; x_wconf 65' lang='lat' dir='ltr'><strong>conﬁrmandae</strong></span> <span class='ocrx_word' id='word_1_232' title='bbox 3260 1678 3420 1718; x_wconf 83' lang='lat' dir='ltr'><strong>causa</strong></span> 
     </span>
    </p>
   </div>
   <div class='ocr_carea' id='block_1_34' title="bbox 1846 1748 3421 1823">
    <p class='ocr_par' dir='ltr' id='par_1_34' title="bbox 1846 1748 3421 1823">
     <span class='ocr_line' id='line_1_34' title="bbox 1846 1748 3421 1823; baseline 0.002 -19"><span class='ocrx_word' id='word_1_233' title='bbox 1846 1748 2160 1811; x_wconf 83' lang='lat' dir='ltr'><strong>edebantur.</strong></span> <span class='ocrx_word' id='word_1_234' title='bbox 2188 1750 2430 1806; x_wconf 78' lang='lat' dir='ltr'><strong>ecclesiae</strong></span> <span class='ocrx_word' id='word_1_235' title='bbox 2469 1752 2627 1806; x_wconf 86' lang='lat' dir='ltr'><strong>etiam</strong></span> <span class='ocrx_word' id='word_1_236' title='bbox 2660 1753 3073 1818; x_wconf 83' lang='lat' dir='ltr'><strong>aedili‘eahautur,</strong></span> <span class='ocrx_word' id='word_1_237' title='bbox 3107 1764 3158 1809; x_wconf 85' lang='lat' dir='ltr'><strong>et</strong></span> <span class='ocrx_word' id='word_1_238' title='bbox 3186 1756 3421 1823; x_wconf 83' lang='lat' dir='ltr'><strong>episcopi</strong></span> 
     </span>
    </p>
   </div>
   <div class='ocr_carea' id='block_1_35' title="bbox 1847 1843 3423 1916">
    <p class='ocr_par' dir='ltr' id='par_1_35' title="bbox 1847 1843 3423 1916">
     <span class='ocr_line' id='line_1_35' title="bbox 1847 1843 3423 1916; baseline 0.003 -19"><span class='ocrx_word' id='word_1_239' title='bbox 1847 1843 1936 1912; x_wconf 89' lang='lat' dir='ltr'><strong>qui</strong></span> <span class='ocrx_word' id='word_1_240' title='bbox 1972 1853 2117 1899; x_wconf 87' lang='lat' dir='ltr'><strong>metu</strong></span> <span class='ocrx_word' id='word_1_241' title='bbox 2144 1844 2546 1909; x_wconf 85' lang='lat' dir='ltr'><strong>delitescebant,</strong></span> <span class='ocrx_word' id='word_1_242' title='bbox 2575 1844 2627 1898; x_wconf 91' lang='lat' dir='ltr'><strong>iu</strong></span> <span class='ocrx_word' id='word_1_243' title='bbox 2657 1845 2826 1900; x_wconf 84' lang='lat' dir='ltr'><strong>lucem</strong></span> <span class='ocrx_word' id='word_1_244' title='bbox 2850 1846 3164 1914; x_wconf 80' lang='lat' dir='ltr'><strong>prodibant,</strong></span> <span class='ocrx_word' id='word_1_245' title='bbox 3195 1860 3423 1916; x_wconf 83' lang='lat' dir='ltr'><strong>suasque</strong></span> 
     </span>
    </p>
   </div>
   <div class='ocr_carea' id='block_1_36' title="bbox 1852 1935 3423 2005">
    <p class='ocr_par' dir='ltr' id='par_1_36' title="bbox 1852 1935 3423 2005">
     <span class='ocr_line' id='line_1_36' title="bbox 1852 1935 3423 2005; baseline 0.002 -16"><span class='ocrx_word' id='word_1_246' title='bbox 1852 1935 2107 1990; x_wconf 79' lang='lat' dir='ltr'><strong>ecclesias</strong></span> <span class='ocrx_word' id='word_1_247' title='bbox 2127 1936 2476 2005; x_wconf 80' lang='lat' dir='ltr'><strong>recipiebant.</strong></span> <span class='ocrx_word' id='word_1_248' title='bbox 2508 1939 2581 1991; x_wconf 81' lang='lat' dir='ltr'><strong>Ac</strong></span> <span class='ocrx_word' id='word_1_249' title='bbox 2602 1946 2859 2005; x_wconf 65' lang='lat' dir='ltr'><strong>praeterea</strong></span> <span class='ocrx_word' id='word_1_250' title='bbox 2888 1938 3001 2003; x_wconf 83' lang='lat' dir='ltr'><strong>alii,</strong></span> <span class='ocrx_word' id='word_1_251' title='bbox 3031 1947 3139 1991; x_wconf 84' lang='lat' dir='ltr'><strong>tum</strong></span> <span class='ocrx_word' id='word_1_252' title='bbox 3160 1953 3223 1992; x_wconf 81' lang='lat' dir='ltr'><strong>ex</strong></span> <span class='ocrx_word' id='word_1_253' title='bbox 3249 1952 3423 1992; x_wconf 78' lang='lat' dir='ltr'><strong>sacer-</strong></span> 
     </span>
    </p>
   </div>
   <div class='ocr_carea' id='block_1_37' title="bbox 178 2024 1761 2099">
    <p class='ocr_par' dir='ltr' id='par_1_37' title="bbox 178 2025 1761 2099">
     <span class='ocr_line' id='line_1_37' title="bbox 178 2025 1761 2099; baseline 0.005 -24"><span class='ocrx_word' id='word_1_254' title='bbox 178 2025 452 2095; x_wconf 85' lang='grc' dir='ltr'>ποίμνιον.</span> <span class='ocrx_word' id='word_1_255' title='bbox 519 2025 576 2079; x_wconf 88' lang='lat'><strong>&#39;0</strong></span> <span class='ocrx_word' id='word_1_256' title='bbox 620 2026 801 2096; x_wconf 75' lang='grc' dir='ltr'>μέντοι</span> <span class='ocrx_word' id='word_1_257' title='bbox 831 2027 1085 2097; x_wconf 86' lang='grc' dir='ltr'>βασιλεὺς</span> <span class='ocrx_word' id='word_1_258' title='bbox 1149 2027 1434 2099; x_wconf 76' lang='grc' dir='ltr'>’Δϐεννὴρ,</span> <span class='ocrx_word' id='word_1_259' title='bbox 1481 2027 1626 2082; x_wconf 76' lang='grc' dir='ltr'>οὕτω</span> <span class='ocrx_word' id='word_1_260' title='bbox 1662 2029 1761 2098; x_wconf 78' lang='grc' dir='ltr'>τῆς</span> 
     </span>
    </p>
   </div>
   <div class='ocr_carea' id='block_1_38' title="bbox 1858 2024 3423 2099">
    <p class='ocr_par' dir='ltr' id='par_1_38' title="bbox 1858 2024 3423 2096">
     <span class='ocr_line' id='line_1_38' title="bbox 1858 2024 3423 2096; baseline 0.001 -17"><span class='ocrx_word' id='word_1_261' title='bbox 1858 2024 2033 2080; x_wconf 89' lang='lat' dir='ltr'><strong>dotum</strong></span> <span class='ocrx_word' id='word_1_262' title='bbox 2075 2028 2188 2080; x_wconf 89' lang='lat' dir='ltr'><strong>tum</strong></span> <span class='ocrx_word' id='word_1_263' title='bbox 2231 2040 2298 2081; x_wconf 81' lang='lat' dir='ltr'><strong>ex</strong></span> <span class='ocrx_word' id='word_1_264' title='bbox 2339 2025 2720 2081; x_wconf 79' lang='lat' dir='ltr'><strong>monachorum</strong></span> <span class='ocrx_word' id='word_1_265' title='bbox 2749 2027 2963 2094; x_wconf 88' lang='lat' dir='ltr'><strong>ordine,</strong></span> <span class='ocrx_word' id='word_1_266' title='bbox 3005 2027 3071 2081; x_wconf 87' lang='lat' dir='ltr'><strong>ad</strong></span> <span class='ocrx_word' id='word_1_267' title='bbox 3100 2027 3423 2096; x_wconf 83' lang='lat' dir='ltr'><strong>pascendum</strong></span> 
     </span>
    </p>
   </div>
   <div class='ocr_carea' id='block_1_39' title="bbox 179 2114 1761 2190">
    <p class='ocr_par' dir='ltr' id='par_1_39' title="bbox 179 2116 1761 2190">
     <span class='ocr_line' id='line_1_39' title="bbox 179 2116 1761 2190; baseline 0.003 -22"><span class='ocrx_word' id='word_1_268' title='bbox 179 2116 453 2187; x_wconf 80' lang='grc' dir='ltr'>προτέρας</span> <span class='ocrx_word' id='word_1_269' title='bbox 504 2117 721 2187; x_wconf 78' lang='grc' dir='ltr'>ἐκείνης</span> <span class='ocrx_word' id='word_1_270' title='bbox 774 2119 1059 2189; x_wconf 80' lang='grc' dir='ltr'>μοχθηρᾶς</span> <span class='ocrx_word' id='word_1_271' title='bbox 1110 2119 1340 2190; x_wconf 83' lang='grc' dir='ltr'><strong>ἀγωγῆς</strong></span> <span class='ocrx_word' id='word_1_272' title='bbox 1390 2120 1634 2184; x_wconf 83' lang='grc' dir='ltr'>ἀποστὰς</span> <span class='ocrx_word' id='word_1_273' title='bbox 1667 2121 1761 2174; x_wconf 78' lang='grc' dir='ltr'><strong>καὶ</strong></span> 
     </span>
    </p>
   </div>
   <div class='ocr_carea' id='block_1_40' title="bbox 1858 2114 3424 2190">
    <p class='ocr_par' dir='ltr' id='par_1_40' title="bbox 1858 2114 3424 2185">
     <span class='ocr_line' id='line_1_40' title="bbox 1858 2114 3424 2185; baseline 0.002 -15"><span class='ocrx_word' id='word_1_274' title='bbox 1858 2114 2050 2172; x_wconf 79' lang='lat' dir='ltr'><strong>Christi</strong></span> <span class='ocrx_word' id='word_1_275' title='bbox 2078 2129 2294 2185; x_wconf 75' lang='lat' dir='ltr'><strong>gregem</strong></span> <span class='ocrx_word' id='word_1_276' title='bbox 2327 2114 2756 2172; x_wconf 81' lang='lat' dir='ltr'><strong>instituebantur.</strong></span> <span class='ocrx_word' id='word_1_277' title='bbox 2787 2117 2953 2171; x_wconf 86' lang='lat' dir='ltr'><strong>Porro</strong></span> <span class='ocrx_word' id='word_1_278' title='bbox 2974 2132 3065 2171; x_wconf 81' lang='lat' dir='ltr'><strong>rex</strong></span> <span class='ocrx_word' id='word_1_279' title='bbox 3092 2118 3339 2174; x_wconf 82' lang='lat' dir='ltr'><strong>Abeuner</strong></span> <span class='ocrx_word' id='word_1_280' title='bbox 3359 2121 3424 2173; x_wconf 83' lang='lat' dir='ltr'><strong>ad</strong></span> 
     </span>
    </p>
   </div>
   <div class='ocr_carea' id='block_1_41' title="bbox 181 2205 1761 2295">
    <p class='ocr_par' dir='ltr' id='par_1_41' title="bbox 181 2205 1760 2295">
     <span class='ocr_line' id='line_1_41' title="bbox 181 2205 1760 2295; baseline 0.006 -36"><span class='ocrx_word' id='word_1_281' title='bbox 181 2208 490 2279; x_wconf 81' lang='grc' dir='ltr'>μετάμελος</span> <span class='ocrx_word' id='word_1_282' title='bbox 514 2208 595 2263; x_wconf 86' lang='grc' dir='ltr'>ὣν</span> <span class='ocrx_word' id='word_1_283' title='bbox 625 2211 711 2279; x_wconf 78' lang='grc' dir='ltr'><strong>ἐφ’</strong></span> <span class='ocrx_word' id='word_1_284' title='bbox 745 2205 827 2295; x_wconf 76' lang='grc' dir='ltr'><strong>οἷς</strong></span> <span class='ocrx_word' id='word_1_285' title='bbox 871 2210 1098 2281; x_wconf 75' lang='grc' dir='ltr'>ἔπραξε,</span> <span class='ocrx_word' id='word_1_286' title='bbox 1137 2214 1320 2266; x_wconf 83' lang='grc' dir='ltr'>πᾶσαν</span> <span class='ocrx_word' id='word_1_287' title='bbox 1351 2214 1450 2283; x_wconf 85' lang='grc' dir='ltr'><strong>μὲν</strong></span> <span class='ocrx_word' id='word_1_288' title='bbox 1479 2214 1578 2286; x_wconf 81' lang='grc' dir='ltr'>τὴν</span> <span class='ocrx_word' id='word_1_289' title='bbox 1605 2214 1760 2285; x_wconf 88' lang='grc' dir='ltr'>βασί-</span> 
     </span>
    </p>
   </div>
   <div class='ocr_carea' id='block_1_42' title="bbox 1858 2205 3425 2295">
    <p class='ocr_par' dir='ltr' id='par_1_42' title="bbox 1858 2208 3425 2279">
     <span class='ocr_line' id='line_1_42' title="bbox 1858 2208 3425 2279; baseline 0 -13"><span class='ocrx_word' id='word_1_290' title='bbox 1858 2211 1993 2266; x_wconf 85' lang='lat' dir='ltr'><strong>hunc</strong></span> <span class='ocrx_word' id='word_1_291' title='bbox 2033 2210 2247 2266; x_wconf 90' lang='lat' dir='ltr'><strong>modum</strong></span> <span class='ocrx_word' id='word_1_292' title='bbox 2295 2208 2361 2264; x_wconf 84' lang='lat' dir='ltr'><strong>ab</strong></span> <span class='ocrx_word' id='word_1_293' title='bbox 2401 2210 2640 2279; x_wconf 90' lang='lat' dir='ltr'><strong>improba</strong></span> <span class='ocrx_word' id='word_1_294' title='bbox 2680 2217 2733 2263; x_wconf 89' lang='lat' dir='ltr'><strong>et</strong></span> <span class='ocrx_word' id='word_1_295' title='bbox 2771 2209 3029 2279; x_wconf 79' lang='lat' dir='ltr'><strong>ﬂagitiosa</strong></span> <span class='ocrx_word' id='word_1_296' title='bbox 3066 2210 3190 2276; x_wconf 75' lang='lat' dir='ltr'><strong>yitre</strong></span> <span class='ocrx_word' id='word_1_297' title='bbox 3218 2212 3425 2266; x_wconf 82' lang='lat' dir='ltr'><strong>ratione</strong></span> 
     </span>
    </p>
   </div>
   <div class='ocr_carea' id='block_1_43' title="bbox 178 2288 1762 2372">
    <p class='ocr_par' dir='ltr' id='par_1_43' title="bbox 178 2288 1762 2372">
     <span class='ocr_line' id='line_1_43' title="bbox 178 2288 1762 2372; baseline 0.004 -22"><span class='ocrx_word' id='word_1_298' title='bbox 178 2298 317 2351; x_wconf 77' lang='grc' dir='ltr'>λειον</span> <span class='ocrx_word' id='word_1_299' title='bbox 366 2300 549 2371; x_wconf 80' lang='grc' dir='ltr'>ἀρχὴν</span> <span class='ocrx_word' id='word_1_300' title='bbox 600 2299 677 2371; x_wconf 80' lang='grc' dir='ltr'>τῷ</span> <span class='ocrx_word' id='word_1_301' title='bbox 730 2288 830 2371; x_wconf 78' lang='grc' dir='ltr'>υίῷ</span> <span class='ocrx_word' id='word_1_302' title='bbox 875 2301 1277 2372; x_wconf 83' lang='grc' dir='ltr'>παραδίδωσιν·</span> <span class='ocrx_word' id='word_1_303' title='bbox 1309 2303 1474 2368; x_wconf 84' lang='grc' dir='ltr'>αὐτὸς</span> <span class='ocrx_word' id='word_1_304' title='bbox 1528 2304 1587 2358; x_wconf 86' lang='grc' dir='ltr'><strong>δὲ</strong></span> <span class='ocrx_word' id='word_1_305' title='bbox 1638 2301 1762 2359; x_wconf 83' lang='grc' dir='ltr'>καθ’</span> 
     </span>
    </p>
   </div>
   <div class='ocr_carea' id='block_1_44' title="bbox 179 2390 1762 2465">
    <p class='ocr_par' dir='ltr' id='par_1_44' title="bbox 179 2390 1762 2465">
     <span class='ocr_line' id='line_1_44' title="bbox 179 2390 1762 2465; baseline 0.002 -20"><span class='ocrx_word' id='word_1_306' title='bbox 179 2390 371 2445; x_wconf 79' lang='grc' dir='ltr'>ἑαυτὸν</span> <span class='ocrx_word' id='word_1_307' title='bbox 445 2390 694 2463; x_wconf 72' lang='grc' dir='ltr'>ἠρεμῶν,</span> <span class='ocrx_word' id='word_1_308' title='bbox 762 2391 913 2446; x_wconf 85' lang='grc' dir='ltr'>κόνιν</span> <span class='ocrx_word' id='word_1_309' title='bbox 982 2392 1070 2446; x_wconf 76' lang='grc' dir='ltr'><strong>ἀεὶ</strong></span> <span class='ocrx_word' id='word_1_310' title='bbox 1131 2392 1234 2463; x_wconf 78' lang='grc' dir='ltr'>τῆς</span> <span class='ocrx_word' id='word_1_311' title='bbox 1287 2394 1534 2465; x_wconf 81' lang='grc' dir='ltr'>κεφαλῆς</span> <span class='ocrx_word' id='word_1_312' title='bbox 1587 2411 1762 2448; x_wconf 88' lang='grc' dir='ltr'>κατα-</span> 
     </span>
    </p>
   </div>
   <div class='ocr_carea' id='block_1_45' title="bbox 179 2481 1764 2556">
    <p class='ocr_par' dir='ltr' id='par_1_45' title="bbox 179 2481 1764 2556">
     <span class='ocr_line' id='line_1_45' title="bbox 179 2481 1764 2556; baseline 0.005 -23"><span class='ocrx_word' id='word_1_313' title='bbox 179 2481 340 2551; x_wconf 88' lang='grc' dir='ltr'>χέων,</span> <span class='ocrx_word' id='word_1_314' title='bbox 378 2481 569 2552; x_wconf 82' lang='grc' dir='ltr'>βαρεῖς</span> <span class='ocrx_word' id='word_1_315' title='bbox 608 2500 668 2536; x_wconf 88' lang='grc' dir='ltr'><strong>τε</strong></span> <span class='ocrx_word' id='word_1_316' title='bbox 719 2482 1008 2556; x_wconf 81' lang='grc' dir='ltr'>ἀναφέρων</span> <span class='ocrx_word' id='word_1_317' title='bbox 1064 2485 1402 2555; x_wconf 75' lang='grc' dir='ltr'>στεναγμοὺς</span> <span class='ocrx_word' id='word_1_318' title='bbox 1451 2485 1548 2539; x_wconf 77' lang='grc' dir='ltr'>καὶ</span> <span class='ocrx_word' id='word_1_319' title='bbox 1588 2484 1764 2541; x_wconf 83' lang='grc' dir='ltr'>λούων</span> 
     </span>
    </p>
   </div>
   <div class='ocr_carea' id='block_1_46' title="bbox 178 2575 1765 2647">
    <p class='ocr_par' dir='ltr' id='par_1_46' title="bbox 178 2575 1765 2647">
     <span class='ocr_line' id='line_1_46' title="bbox 178 2575 1765 2647; baseline 0.002 -21"><span class='ocrx_word' id='word_1_320' title='bbox 178 2576 286 2637; x_wconf 78' lang='grc' dir='ltr'>τοῖς</span> <span class='ocrx_word' id='word_1_321' title='bbox 307 2576 573 2645; x_wconf 71' lang='grc' dir='ltr'>δάκρυσιν</span> <span class='ocrx_word' id='word_1_322' title='bbox 596 2575 807 2642; x_wconf 80' lang='grc' dir='ltr'>ἑαυτὸν,</span> <span class='ocrx_word' id='word_1_323' title='bbox 843 2576 1003 2647; x_wconf 83' lang='grc' dir='ltr'>μόνος</span> <span class='ocrx_word' id='word_1_324' title='bbox 1031 2576 1178 2647; x_wconf 86' lang='grc' dir='ltr'>μόνῳ</span> <span class='ocrx_word' id='word_1_325' title='bbox 1205 2576 1283 2647; x_wconf 82' lang='grc' dir='ltr'><strong>τῷ</strong></span> <span class='ocrx_word' id='word_1_326' title='bbox 1316 2576 1591 2646; x_wconf 77' lang='grc' dir='ltr'>πανταχοῦ</span> <span class='ocrx_word' id='word_1_327' title='bbox 1623 2591 1765 2647; x_wconf 87' lang='grc' dir='ltr'>παρ-</span> 
     </span>
    </p>
   </div>
   <div class='ocr_carea' id='block_1_47' title="bbox 178 2666 1765 2738">
    <p class='ocr_par' dir='ltr' id='par_1_47' title="bbox 178 2666 1765 2738">
     <span class='ocr_line' id='line_1_47' title="bbox 178 2666 1765 2738; baseline 0.002 -19"><span class='ocrx_word' id='word_1_328' title='bbox 178 2667 289 2719; x_wconf 87' lang='grc' dir='ltr'>όντι</span> <span class='ocrx_word' id='word_1_329' title='bbox 330 2666 555 2737; x_wconf 80' lang='grc' dir='ltr'>ὡμίλει,</span> <span class='ocrx_word' id='word_1_330' title='bbox 594 2666 931 2738; x_wconf 83' lang='grc' dir='ltr'>συγγνώμην</span> <span class='ocrx_word' id='word_1_331' title='bbox 983 2666 1133 2738; x_wconf 82' lang='grc' dir='ltr'>αὐτῷ</span> <span class='ocrx_word' id='word_1_332' title='bbox 1171 2669 1280 2722; x_wconf 89' lang='grc' dir='ltr'><strong>τῶν</strong></span> <span class='ocrx_word' id='word_1_333' title='bbox 1324 2668 1542 2722; x_wconf 78' lang='grc' dir='ltr'>οίκείων</span> <span class='ocrx_word' id='word_1_334' title='bbox 1602 2685 1765 2722; x_wconf 90' lang='grc' dir='ltr'>πται-</span> 
     </span>
    </p>
   </div>
   <div class='ocr_carea' id='block_1_48' title="bbox 180 2755 1769 2828">
    <p class='ocr_par' dir='ltr' id='par_1_48' title="bbox 180 2755 1769 2828">
     <span class='ocr_line' id='line_1_48' title="bbox 180 2755 1769 2828; baseline 0.002 -20"><span class='ocrx_word' id='word_1_335' title='bbox 180 2757 406 2825; x_wconf 83' lang='grc' dir='ltr'>σμάτων</span> <span class='ocrx_word' id='word_1_336' title='bbox 439 2755 840 2825; x_wconf 77' lang='grc' dir='ltr'>ἐξαιτούμενος.</span> <span class='ocrx_word' id='word_1_337' title='bbox 892 2757 988 2819; x_wconf 66' lang='lat' dir='ltr'><strong>Et;</strong></span> <span class='ocrx_word' id='word_1_338' title='bbox 1027 2756 1298 2828; x_wconf 77' lang='grc' dir='ltr'>τοσαύτην</span> <span class='ocrx_word' id='word_1_339' title='bbox 1330 2757 1386 2811; x_wconf 81' lang='grc' dir='ltr'>δὲ</span> <span class='ocrx_word' id='word_1_340' title='bbox 1419 2757 1769 2823; x_wconf 77' lang='grc' dir='ltr'>κατανύξεως</span> 
     </span>
    </p>
   </div>
   <div class='ocr_carea' id='block_1_49' title="bbox 178 2837 1767 2917">
    <p class='ocr_par' dir='ltr' id='par_1_49' title="bbox 178 2837 1767 2917">
     <span class='ocr_line' id='line_1_49' title="bbox 178 2837 1767 2917; baseline 0.003 -20"><span class='ocrx_word' id='word_1_341' title='bbox 178 2845 273 2897; x_wconf 72' lang='grc' dir='ltr'>καὶ</span> <span class='ocrx_word' id='word_1_342' title='bbox 311 2844 821 2917; x_wconf 79' lang='grc' dir='ltr'>ταπεινοφροσύνης</span> <span class='ocrx_word' id='word_1_343' title='bbox 872 2845 1113 2900; x_wconf 83' lang='grc' dir='ltr'>ἄϐυσσον</span> <span class='ocrx_word' id='word_1_344' title='bbox 1156 2837 1349 2900; x_wconf 71' lang='grc' dir='ltr'>ἑαυτὸν</span> <span class='ocrx_word' id='word_1_345' title='bbox 1386 2846 1651 2917; x_wconf 81' lang='grc' dir='ltr'>καθῆκεν,</span> <span class='ocrx_word' id='word_1_346' title='bbox 1690 2847 1767 2911; x_wconf 78' lang='grc' dir='ltr'>ὡς</span> 
     </span>
    </p>
   </div>
   <div class='ocr_carea' id='block_1_50' title="bbox 177 2937 1767 3009">
    <p class='ocr_par' dir='ltr' id='par_1_50' title="bbox 177 2937 1767 3009">
     <span class='ocr_line' id='line_1_50' title="bbox 177 2937 1767 3009; baseline 0.003 -20"><span class='ocrx_word' id='word_1_347' title='bbox 177 2939 571 3008; x_wconf 81' lang='grc' dir='ltr'>παραιτεῖσθαι</span> <span class='ocrx_word' id='word_1_348' title='bbox 620 2938 714 2991; x_wconf 62' lang='grc' dir='ltr'><strong>καί¹</strong></span> <span class='ocrx_word' id='word_1_349' title='bbox 753 2937 815 2991; x_wconf 81' lang='grc' dir='ltr'><strong>τὸ</strong></span> <span class='ocrx_word' id='word_1_350' title='bbox 847 2937 943 2990; x_wconf 86' lang='grc' dir='ltr'><strong>τοῦ</strong></span> <span class='ocrx_word' id='word_1_351' title='bbox 994 2937 1132 2992; x_wconf 82' lang='grc' dir='ltr'><strong>Θεοῦ</strong></span> <span class='ocrx_word' id='word_1_352' title='bbox 1178 2939 1349 3009; x_wconf 74' lang='grc' dir='ltr'>ὄνομα</span> <span class='ocrx_word' id='word_1_353' title='bbox 1388 2941 1504 3003; x_wconf 87' lang='grc' dir='ltr'>τοῖς</span> <span class='ocrx_word' id='word_1_354' title='bbox 1570 2940 1767 2993; x_wconf 77' lang='grc' dir='ltr'>ἑαυτοῦ</span> 
     </span>
    </p>
   </div>
   <div class='ocr_carea' id='block_1_51' title="bbox 173 3028 1769 3101">
    <p class='ocr_par' dir='ltr' id='par_1_51' title="bbox 173 3028 1769 3101">
     <span class='ocr_line' id='line_1_51' title="bbox 173 3028 1769 3101; baseline 0.002 -21"><span class='ocrx_word' id='word_1_355' title='bbox 173 3028 466 3098; x_wconf 81' lang='grc' dir='ltr'>ὀνομάζειν</span> <span class='ocrx_word' id='word_1_356' title='bbox 494 3029 722 3100; x_wconf 86' lang='grc' dir='ltr'>χείλεσι.</span> <span class='ocrx_word' id='word_1_357' title='bbox 764 3028 917 3099; x_wconf 87' lang='grc' dir='ltr'>μόλις</span> <span class='ocrx_word' id='word_1_358' title='bbox 958 3029 1017 3082; x_wconf 82' lang='grc' dir='ltr'><strong>δὲ</strong></span> <span class='ocrx_word' id='word_1_359' title='bbox 1050 3031 1240 3083; x_wconf 84' lang='grc' dir='ltr'>τούτου</span> <span class='ocrx_word' id='word_1_360' title='bbox 1268 3033 1333 3101; x_wconf 82' lang='grc' dir='ltr'>τῇ</span> <span class='ocrx_word' id='word_1_361' title='bbox 1370 3030 1466 3083; x_wconf 81' lang='grc' dir='ltr'><strong>τοῦ</strong></span> <span class='ocrx_word' id='word_1_362' title='bbox 1498 3030 1615 3083; x_wconf 83' lang='grc' dir='ltr'>υἱοῦ</span> <span class='ocrx_word' id='word_1_363' title='bbox 1648 3049 1769 3084; x_wconf 89' lang='grc' dir='ltr'>νου-</span> 
     </span>
    </p>
   </div>
   <div class='ocr_carea' id='block_1_52' title="bbox 177 3118 1769 3193">
    <p class='ocr_par' dir='ltr' id='par_1_52' title="bbox 177 3118 1769 3193">
     <span class='ocr_line' id='line_1_52' title="bbox 177 3118 1769 3193; baseline 0.004 -20"><span class='ocrx_word' id='word_1_364' title='bbox 177 3120 335 3192; x_wconf 80' lang='grc' dir='ltr'>θεσίᾳ</span> <span class='ocrx_word' id='word_1_365' title='bbox 368 3120 806 3191; x_wconf 81' lang='grc' dir='ltr'>κατατολμῆσαι.</span> <span class='ocrx_word' id='word_1_366' title='bbox 844 3118 1002 3173; x_wconf 78' lang='grc' dir='ltr'>Οὕτω</span> <span class='ocrx_word' id='word_1_367' title='bbox 1041 3120 1099 3174; x_wconf 84' lang='grc' dir='ltr'><strong>δὲ</strong></span> <span class='ocrx_word' id='word_1_368' title='bbox 1146 3121 1245 3192; x_wconf 82' lang='grc' dir='ltr'><strong>τὴν</strong></span> <span class='ocrx_word' id='word_1_369' title='bbox 1271 3122 1445 3193; x_wconf 81' lang='grc' dir='ltr'>καλὴν</span> <span class='ocrx_word' id='word_1_370' title='bbox 1478 3123 1769 3179; x_wconf 84' lang='grc' dir='ltr'>ἀλλοίωσιν</span> 
     </span>
    </p>
   </div>
   <div class='ocr_carea' id='block_1_53' title="bbox 175 3209 1768 3283">
    <p class='ocr_par' dir='ltr' id='par_1_53' title="bbox 175 3209 1768 3283">
     <span class='ocr_line' id='line_1_53' title="bbox 175 3209 1768 3283; baseline 0.001 -18"><span class='ocrx_word' id='word_1_371' title='bbox 175 3212 453 3282; x_wconf 54' lang='lat' dir='ltr'><strong>quouqu</strong></span> <span class='ocrx_word' id='word_1_372' title='bbox 484 3212 581 3266; x_wconf 78' lang='grc' dir='ltr'>καὶ</span> <span class='ocrx_word' id='word_1_373' title='bbox 624 3211 723 3283; x_wconf 85' lang='grc' dir='ltr'>τὴν</span> <span class='ocrx_word' id='word_1_374' title='bbox 759 3211 897 3282; x_wconf 81' lang='grc' dir='ltr'>πρὸς</span> <span class='ocrx_word' id='word_1_375' title='bbox 943 3209 1146 3281; x_wconf 82' lang='grc' dir='ltr'>ἀρετὴν</span> <span class='ocrx_word' id='word_1_376' title='bbox 1190 3212 1512 3279; x_wconf 82' lang='grc' dir='ltr'>ἁπάγουσαν</span> <span class='ocrx_word' id='word_1_377' title='bbox 1563 3213 1768 3267; x_wconf 78' lang='grc' dir='ltr'>ὥδευσε</span> 
     </span>
    </p>
   </div>
   <div class='ocr_carea' id='block_1_54' title="bbox 173 3302 1767 3376">
    <p class='ocr_par' dir='ltr' id='par_1_54' title="bbox 173 3302 1767 3376">
     <span class='ocr_line' id='line_1_54' title="bbox 173 3302 1767 3376; baseline 0.003 -21"><span class='ocrx_word' id='word_1_378' title='bbox 173 3305 387 3374; x_wconf 85' lang='grc' dir='ltr'>τρίϐον,</span> <span class='ocrx_word' id='word_1_379' title='bbox 421 3303 498 3365; x_wconf 84' lang='grc' dir='ltr'>ὡς</span> <span class='ocrx_word' id='word_1_380' title='bbox 534 3303 840 3374; x_wconf 81' lang='grc' dir='ltr'>ὑπερϐῆναι</span> <span class='ocrx_word' id='word_1_381' title='bbox 875 3302 1038 3356; x_wconf 84' lang='grc' dir='ltr'>αὐτὸν</span> <span class='ocrx_word' id='word_1_382' title='bbox 1062 3305 1129 3373; x_wconf 81' lang='grc' dir='ltr'>τῇ</span> <span class='ocrx_word' id='word_1_383' title='bbox 1185 3303 1444 3375; x_wconf 79' lang='grc' dir='ltr'>εὐσεϐείᾳ</span> <span class='ocrx_word' id='word_1_384' title='bbox 1496 3305 1604 3358; x_wconf 88' lang='grc' dir='ltr'><strong>τῶν</strong></span> <span class='ocrx_word' id='word_1_385' title='bbox 1633 3323 1767 3376; x_wconf 79' lang='grc' dir='ltr'>προ-</span> 
     </span>
    </p>
   </div>
   <div class='ocr_carea' id='block_1_55' title="bbox 173 3390 1768 3465">
    <p class='ocr_par' dir='ltr' id='par_1_55' title="bbox 173 3390 1768 3465">
     <span class='ocr_line' id='line_1_55' title="bbox 173 3390 1768 3465; baseline 0.002 -21"><span class='ocrx_word' id='word_1_386' title='bbox 173 3394 349 3464; x_wconf 84' lang='grc' dir='ltr'>τέρων</span> <span class='ocrx_word' id='word_1_387' title='bbox 381 3392 627 3461; x_wconf 81' lang='grc' dir='ltr'>ἀνομιῶν</span> <span class='ocrx_word' id='word_1_388' title='bbox 677 3392 736 3444; x_wconf 77' lang='grc' dir='ltr'><strong>τὸ</strong></span> <span class='ocrx_word' id='word_1_389' title='bbox 765 3390 1043 3463; x_wconf 84' lang='grc' dir='ltr'>ἀγνόημα.</span> <span class='ocrx_word' id='word_1_390' title='bbox 1086 3391 1210 3445; x_wconf 79' lang='grc' dir='ltr'><strong>Ἐπὶ</strong></span> <span class='ocrx_word' id='word_1_391' title='bbox 1240 3391 1511 3463; x_wconf 87' lang='grc' dir='ltr'>τέσσαρας</span> <span class='ocrx_word' id='word_1_392' title='bbox 1551 3393 1605 3446; x_wconf 82' lang='grc' dir='ltr'>δὲ</span> <span class='ocrx_word' id='word_1_393' title='bbox 1640 3395 1768 3465; x_wconf 86' lang='grc' dir='ltr'>χρό-</span> 
     </span>
    </p>
   </div>
   <div class='ocr_carea' id='block_1_56' title="bbox 174 3481 1765 3555">
    <p class='ocr_par' dir='ltr' id='par_1_56' title="bbox 174 3481 1765 3555">
     <span class='ocr_line' id='line_1_56' title="bbox 174 3481 1765 3555; baseline 0 -19"><span class='ocrx_word' id='word_1_394' title='bbox 174 3500 297 3547; x_wconf 87' lang='grc' dir='ltr'>νους</span> <span class='ocrx_word' id='word_1_395' title='bbox 346 3482 497 3536; x_wconf 78' lang='grc' dir='ltr'>οὕτω</span> <span class='ocrx_word' id='word_1_396' title='bbox 522 3482 672 3551; x_wconf 80' lang='grc' dir='ltr'>βιοὺς</span> <span class='ocrx_word' id='word_1_397' title='bbox 702 3482 761 3535; x_wconf 81' lang='grc' dir='ltr'>ὲν</span> <span class='ocrx_word' id='word_1_398' title='bbox 795 3481 1056 3553; x_wconf 76' lang='grc' dir='ltr'>μετανοίᾳ</span> <span class='ocrx_word' id='word_1_399' title='bbox 1083 3482 1180 3535; x_wconf 75' lang='grc' dir='ltr'>καὶ</span> <span class='ocrx_word' id='word_1_400' title='bbox 1216 3482 1449 3553; x_wconf 82' lang='grc' dir='ltr'>δάκρυσι</span> <span class='ocrx_word' id='word_1_401' title='bbox 1479 3484 1572 3536; x_wconf 80' lang='grc' dir='ltr'>καὶ</span> <span class='ocrx_word' id='word_1_402' title='bbox 1597 3486 1765 3555; x_wconf 83' lang='grc' dir='ltr'>ἀρετῇ</span> 
     </span>
    </p>
   </div>
   <div class='ocr_carea' id='block_1_57' title="bbox 179 3566 1768 3647">
    <p class='ocr_par' dir='ltr' id='par_1_57' title="bbox 179 3566 1768 3647">
     <span class='ocr_line' id='line_1_57' title="bbox 179 3566 1768 3647; baseline 0.001 -22"><span class='ocrx_word' id='word_1_403' title='bbox 179 3574 349 3644; x_wconf 71' lang='grc' dir='ltr'>πάσῃ,</span> <span class='ocrx_word' id='word_1_404' title='bbox 389 3571 684 3643; x_wconf 69' lang='grc' dir='ltr'>ἀρρωστίᾳ</span> <span class='ocrx_word' id='word_1_405' title='bbox 715 3572 1064 3643; x_wconf 78' lang='grc' dir='ltr'>περιέπεσεν,</span> <span class='ocrx_word' id='word_1_406' title='bbox 1089 3566 1201 3647; x_wconf 80' lang='grc' dir='ltr'><strong>ὲνῇ</strong></span> <span class='ocrx_word' id='word_1_407' title='bbox 1231 3572 1325 3625; x_wconf 70' lang='grc' dir='ltr'><strong>καὶ</strong></span> <span class='ocrx_word' id='word_1_408' title='bbox 1349 3572 1595 3643; x_wconf 78' lang='grc' dir='ltr'>τελευτᾷ.</span> <span class='ocrx_word' id='word_1_409' title='bbox 1633 3575 1768 3627; x_wconf 87' lang='grc' dir='ltr'>Ὅτε</span> 
     </span>
    </p>
   </div>
   <div class='ocr_carea' id='block_1_58' title="bbox 174 3663 1765 3736">
    <p class='ocr_par' dir='ltr' id='par_1_58' title="bbox 174 3663 1765 3736">
     <span class='ocr_line' id='line_1_58' title="bbox 174 3663 1765 3736; baseline 0.002 -20"><span class='ocrx_word' id='word_1_410' title='bbox 174 3665 227 3717; x_wconf 81' lang='grc' dir='ltr'><strong>δὲ</strong></span> <span class='ocrx_word' id='word_1_411' title='bbox 260 3667 321 3717; x_wconf 86' lang='grc' dir='ltr'><strong>τὸ</strong></span> <span class='ocrx_word' id='word_1_412' title='bbox 345 3666 505 3728; x_wconf 80' lang='grc' dir='ltr'>τέλος</span> <span class='ocrx_word' id='word_1_413' title='bbox 534 3665 784 3736; x_wconf 72' lang='grc' dir='ltr'>ἤγγισεν,</span> <span class='ocrx_word' id='word_1_414' title='bbox 832 3663 1040 3735; x_wconf 71' lang='grc' dir='ltr'>ἤρξατο</span> <span class='ocrx_word' id='word_1_415' title='bbox 1088 3663 1373 3733; x_wconf 85' lang='grc' dir='ltr'>φοϐεῖσθαι</span> <span class='ocrx_word' id='word_1_416' title='bbox 1410 3667 1505 3719; x_wconf 78' lang='grc' dir='ltr'><strong>καὶ</strong></span> <span class='ocrx_word' id='word_1_417' title='bbox 1557 3665 1765 3736; x_wconf 73' lang='grc' dir='ltr'>ἀδημοο</span> 
     </span>
    </p>
   </div>
   <div class='ocr_carea' id='block_1_59' title="bbox 175 3754 1766 3827">
    <p class='ocr_par' dir='ltr' id='par_1_59' title="bbox 175 3754 1766 3827">
     <span class='ocr_line' id='line_1_59' title="bbox 175 3754 1766 3827; baseline 0.001 -19"><span class='ocrx_word' id='word_1_418' title='bbox 175 3758 304 3821; x_wconf 85' lang='grc' dir='ltr'>νεῖν,</span> <span class='ocrx_word' id='word_1_419' title='bbox 370 3756 568 3827; x_wconf 84' lang='grc' dir='ltr'>μνείαν</span> <span class='ocrx_word' id='word_1_420' title='bbox 622 3754 950 3823; x_wconf 85' lang='grc' dir='ltr'>ποιούμενος</span> <span class='ocrx_word' id='word_1_421' title='bbox 1002 3754 1111 3807; x_wconf 82' lang='grc' dir='ltr'><strong>τῶν</strong></span> <span class='ocrx_word' id='word_1_422' title='bbox 1153 3754 1301 3824; x_wconf 77' lang='grc' dir='ltr'>αὑτῴ</span> <span class='ocrx_word' id='word_1_423' title='bbox 1357 3756 1766 3827; x_wconf 82' lang='grc' dir='ltr'>πεπραγμένων</span> 
     </span>
    </p>
   </div>
   <div class='ocr_carea' id='block_1_60' title="bbox 178 3847 1767 3918">
    <p class='ocr_par' dir='ltr' id='par_1_60' title="bbox 178 3847 1767 3918">
     <span class='ocr_line' id='line_1_60' title="bbox 178 3847 1767 3918; baseline 0.001 -18"><span class='ocrx_word' id='word_1_424' title='bbox 178 3849 384 3902; x_wconf 78' lang='grc' dir='ltr'>κακῶν.</span> <span class='ocrx_word' id='word_1_425' title='bbox 456 3849 513 3901; x_wconf 84' lang='lat'><strong>&#39;0</strong></span> <span class='ocrx_word' id='word_1_426' title='bbox 560 3848 617 3900; x_wconf 80' lang='grc' dir='ltr'>δὲ</span> <span class='ocrx_word' id='word_1_427' title='bbox 666 3847 899 3916; x_wconf 75' lang='grc' dir='ltr'>Ἱωάσαφ</span> <span class='ocrx_word' id='word_1_428' title='bbox 966 3848 1176 3918; x_wconf 78' lang='grc' dir='ltr'>ῥήμασι</span> <span class='ocrx_word' id='word_1_429' title='bbox 1232 3848 1666 3918; x_wconf 85' lang='grc' dir='ltr'>παρακλητικοῖς</span> <span class='ocrx_word' id='word_1_430' title='bbox 1706 3848 1767 3901; x_wconf 87' lang='grc' dir='ltr'><strong>τὸ</strong></span> 
     </span>
    </p>
   </div>
   <div class='ocr_carea' id='block_1_61' title="bbox 178 3938 1768 4010">
    <p class='ocr_par' dir='ltr' id='par_1_61' title="bbox 178 3938 1768 4010">
     <span class='ocr_line' id='line_1_61' title="bbox 178 3938 1768 4010; baseline 0.001 -20"><span class='ocrx_word' id='word_1_431' title='bbox 178 3941 445 3993; x_wconf 68' lang='grc' dir='ltr'>ὲπιπεσδν</span> <span class='ocrx_word' id='word_1_432' title='bbox 472 3939 620 4010; x_wconf 78' lang='grc' dir='ltr'>αὐτῷ</span> <span class='ocrx_word' id='word_1_433' title='bbox 655 3938 995 4007; x_wconf 76' lang='grc' dir='ltr'>διεκούφιξεν</span> <span class='ocrx_word' id='word_1_434' title='bbox 1023 3938 1207 4007; x_wconf 82' lang='grc' dir='ltr'>ἄχθος,</span> <span class='ocrx_word' id='word_1_435' title='bbox 1246 3938 1419 3991; x_wconf 80' lang='grc' dir='ltr'>Ὶνατί</span> <span class='ocrx_word' id='word_1_436' title='bbox 1463 3939 1768 4009; x_wconf 85' lang='grc' dir='ltr'>περίλυπος</span> 
     </span>
    </p>
   </div>
   <div class='ocr_carea' id='block_1_62' title="bbox 180 4027 1764 4103">
    <p class='ocr_par' dir='ltr' id='par_1_62' title="bbox 180 4027 1764 4103">
     <span class='ocr_line' id='line_1_62' title="bbox 180 4027 1764 4103; baseline -0.003 -18"><span class='ocrx_word' id='word_1_437' title='bbox 180 4027 247 4095; x_wconf 82' lang='grc' dir='ltr'>εἷ,</span> <span class='ocrx_word' id='word_1_438' title='bbox 280 4033 485 4101; x_wconf 83' lang='grc' dir='ltr'>λέγων,</span> <span class='ocrx_word' id='word_1_439' title='bbox 517 4028 562 4089; x_wconf 76' lang='grc' dir='ltr'>ὦ</span> <span class='ocrx_word' id='word_1_440' title='bbox 590 4032 788 4103; x_wconf 76' lang='grc' dir='ltr'>πάτερ,</span> <span class='ocrx_word' id='word_1_441' title='bbox 818 4032 912 4084; x_wconf 75' lang='grc' dir='ltr'><strong>καὶ</strong></span> <span class='ocrx_word' id='word_1_442' title='bbox 943 4030 1081 4082; x_wconf 87' lang='grc' dir='ltr'>ίνατί</span> <span class='ocrx_word' id='word_1_443' title='bbox 1110 4030 1501 4100; x_wconf 70' lang='grc' dir='ltr'>συνταράττεις</span> <span class='ocrx_word' id='word_1_444' title='bbox 1530 4031 1723 4083; x_wconf 79' lang='grc' dir='ltr'>ἑαυτόν</span> <span class='ocrx_word' id='word_1_445' title='bbox 1750 4048 1764 4095; x_wconf 89' lang='lat'>;</span> 
     </span>
    </p>
   </div>
   <div class='ocr_carea' id='block_1_63' title="bbox 180 4121 1769 4193">
    <p class='ocr_par' dir='ltr' id='par_1_63' title="bbox 180 4121 1769 4193">
     <span class='ocr_line' id='line_1_63' title="bbox 180 4121 1769 4193; baseline 0 -18"><span class='ocrx_word' id='word_1_446' title='bbox 180 4124 399 4178; x_wconf 79' lang='grc' dir='ltr'>ἑλπισον</span> <span class='ocrx_word' id='word_1_447' title='bbox 437 4127 531 4178; x_wconf 72' lang='grc' dir='ltr'>ἐπὶ</span> <span class='ocrx_word' id='word_1_448' title='bbox 559 4127 649 4179; x_wconf 78' lang='grc' dir='ltr'><strong>τὸν</strong></span> <span class='ocrx_word' id='word_1_449' title='bbox 680 4125 835 4189; x_wconf 82' lang='grc' dir='ltr'>Θεὸν,</span> <span class='ocrx_word' id='word_1_450' title='bbox 874 4125 969 4177; x_wconf 72' lang='grc' dir='ltr'>καὶ</span> <span class='ocrx_word' id='word_1_451' title='bbox 1001 4121 1314 4191; x_wconf 78' lang='grc' dir='ltr'>ὲξομολόγει</span> <span class='ocrx_word' id='word_1_452' title='bbox 1344 4122 1493 4193; x_wconf 78' lang='grc' dir='ltr'>αὐτῷ</span> <span class='ocrx_word' id='word_1_453' title='bbox 1548 4122 1679 4193; x_wconf 82' lang='lat'>(88),</span> <span class='ocrx_word' id='word_1_454' title='bbox 1712 4124 1769 4187; x_wconf 84' lang='grc' dir='ltr'>ὃς</span> 
     </span>
    </p>
   </div>
   <div class='ocr_carea' id='block_1_64' title="bbox 181 4213 1770 4285">
    <p class='ocr_par' dir='ltr' id='par_1_64' title="bbox 181 4213 1770 4285">
     <span class='ocr_line' id='line_1_64' title="bbox 181 4213 1770 4285; baseline -0.001 -17"><span class='ocrx_word' id='word_1_455' title='bbox 181 4217 327 4270; x_wconf 79' lang='grc' dir='ltr'>ἐστιν</span> <span class='ocrx_word' id='word_1_456' title='bbox 364 4218 525 4279; x_wconf 80' lang='grc' dir='ltr'>ἐλπὶς</span> <span class='ocrx_word' id='word_1_457' title='bbox 552 4217 771 4269; x_wconf 74' lang='grc' dir='ltr'>πάντων</span> <span class='ocrx_word' id='word_1_458' title='bbox 804 4215 914 4268; x_wconf 82' lang='grc' dir='ltr'><strong>τῶν</strong></span> <span class='ocrx_word' id='word_1_459' title='bbox 964 4214 1222 4285; x_wconf 84' lang='grc' dir='ltr'>περάτων</span> <span class='ocrx_word' id='word_1_460' title='bbox 1256 4214 1355 4284; x_wconf 83' lang='grc' dir='ltr'><strong>τῆς</strong></span> <span class='ocrx_word' id='word_1_461' title='bbox 1402 4215 1506 4285; x_wconf 79' lang='grc' dir='ltr'><strong>γῆς</strong></span> <span class='ocrx_word' id='word_1_462' title='bbox 1533 4214 1627 4267; x_wconf 75' lang='grc' dir='ltr'><strong>καὶ</strong></span> <span class='ocrx_word' id='word_1_463' title='bbox 1662 4213 1770 4267; x_wconf 86' lang='grc' dir='ltr'><strong>τῶν</strong></span> 
     </span>
    </p>
   </div>
   <div class='ocr_carea' id='block_1_65' title="bbox 182 4305 1765 4380">
    <p class='ocr_par' dir='ltr' id='par_1_65' title="bbox 182 4305 1765 4380">
     <span class='ocr_line' id='line_1_65' title="bbox 182 4305 1765 4380; baseline -0.002 -20"><span class='ocrx_word' id='word_1_464' title='bbox 182 4308 239 4361; x_wconf 83' lang='grc' dir='ltr'>ὲν</span> <span class='ocrx_word' id='word_1_465' title='bbox 270 4308 522 4379; x_wconf 80' lang='grc' dir='ltr'>θαλάσσῃ</span> <span class='ocrx_word' id='word_1_466' title='bbox 562 4307 779 4378; x_wconf 72' lang='grc' dir='ltr'>μακρὰν</span> <span class='ocrx_word' id='word_1_467' title='bbox 805 4306 941 4378; x_wconf 87' lang='lat'><strong>(89),</strong></span> <span class='ocrx_word' id='word_1_468' title='bbox 974 4307 1035 4369; x_wconf 81' lang='grc' dir='ltr'><strong>ὃς</strong></span> <span class='ocrx_word' id='word_1_469' title='bbox 1068 4305 1309 4377; x_wconf 87' lang='grc' dir='ltr'>κέκραγε</span> <span class='ocrx_word' id='word_1_470' title='bbox 1347 4305 1508 4380; x_wconf 78' lang='lat'><strong>323</strong></span> <span class='ocrx_word' id='word_1_471' title='bbox 1548 4305 1637 4358; x_wconf 74' lang='grc' dir='ltr'>διὰ</span> <span class='ocrx_word' id='word_1_472' title='bbox 1671 4306 1765 4358; x_wconf 86' lang='grc' dir='ltr'><strong>τοῦ</strong></span> 
     </span>
    </p>
   </div>
   <div class='ocr_carea' id='block_1_66' title="bbox 183 4397 1765 4473">
    <p class='ocr_par' dir='ltr' id='par_1_66' title="bbox 183 4397 1765 4473">
     <span class='ocr_line' id='line_1_66' title="bbox 183 4397 1765 4473; baseline -0.001 -21"><span class='ocrx_word' id='word_1_473' title='bbox 183 4404 470 4473; x_wconf 80' lang='grc' dir='ltr'>προφήτου</span> <span class='ocrx_word' id='word_1_474' title='bbox 510 4400 648 4471; x_wconf 84' lang='grc' dir='ltr'>βοῶν</span> <span class='ocrx_word' id='word_1_475' title='bbox 675 4416 689 4432; x_wconf 79' lang='grc' dir='ltr'><strong><em>ο</em></strong></span> <span class='ocrx_word' id='word_1_476' title='bbox 735 4398 1016 4453; x_wconf 85' lang='grc' dir='ltr'>Λούσασθε</span> <span class='ocrx_word' id='word_1_477' title='bbox 1048 4397 1185 4469; x_wconf 81' lang='lat'><strong>(90),</strong></span> <span class='ocrx_word' id='word_1_478' title='bbox 1237 4398 1473 4469; x_wconf 78' lang='grc' dir='ltr'>καθαροὶ</span> <span class='ocrx_word' id='word_1_479' title='bbox 1505 4398 1729 4467; x_wconf 86' lang='grc' dir='ltr'>γένεσθε</span> <span class='ocrx_word' id='word_1_480' title='bbox 1754 4417 1765 4427; x_wconf 89' lang='grc'><strong>·</strong></span> 
     </span>
    </p>
   </div>
   <div class='ocr_carea' id='block_1_67' title="bbox 1852 2299 3427 2370">
    <p class='ocr_par' dir='ltr' id='par_1_67' title="bbox 1852 2299 3427 2370">
     <span class='ocr_line' id='line_1_67' title="bbox 1852 2299 3427 2370; baseline -0.003 -13"><span class='ocrx_word' id='word_1_481' title='bbox 1852 2317 1974 2358; x_wconf 89' lang='lat' dir='ltr'><strong>sese</strong></span> <span class='ocrx_word' id='word_1_482' title='bbox 2002 2315 2309 2367; x_wconf 83' lang='lat' dir='ltr'><strong>removens,</strong></span> <span class='ocrx_word' id='word_1_483' title='bbox 2359 2313 2424 2355; x_wconf 88' lang='lat' dir='ltr'><strong>ae</strong></span> <span class='ocrx_word' id='word_1_484' title='bbox 2450 2299 2519 2354; x_wconf 89' lang='lat' dir='ltr'><strong>de</strong></span> <span class='ocrx_word' id='word_1_485' title='bbox 2557 2301 2875 2370; x_wconf 80' lang='lat' dir='ltr'><strong>perpetratis</strong></span> <span class='ocrx_word' id='word_1_486' title='bbox 2920 2299 3212 2355; x_wconf 82' lang='lat' dir='ltr'><strong>sceleribus</strong></span> <span class='ocrx_word' id='word_1_487' title='bbox 3256 2301 3427 2369; x_wconf 64' lang='lat' dir='ltr'><strong>poeni-</strong></span> 
     </span>
    </p>
   </div>
   <div class='ocr_carea' id='block_1_68' title="bbox 1853 2389 3426 2460">
    <p class='ocr_par' dir='ltr' id='par_1_68' title="bbox 1853 2389 3426 2460">
     <span class='ocr_line' id='line_1_68' title="bbox 1853 2389 3426 2460; baseline -0.003 -14"><span class='ocrx_word' id='word_1_488' title='bbox 1853 2393 2072 2447; x_wconf 83' lang='lat' dir='ltr'><strong>tentiam</strong></span> <span class='ocrx_word' id='word_1_489' title='bbox 2103 2404 2285 2460; x_wconf 77' lang='lat' dir='ltr'><strong>agens,</strong></span> <span class='ocrx_word' id='word_1_490' title='bbox 2335 2390 2539 2459; x_wconf 71' lang='lat' dir='ltr'><strong>regium</strong></span> <span class='ocrx_word' id='word_1_491' title='bbox 2583 2404 2741 2445; x_wconf 83' lang='lat' dir='ltr'><strong>omne</strong></span> <span class='ocrx_word' id='word_1_492' title='bbox 2781 2390 3061 2457; x_wconf 83' lang='lat' dir='ltr'><strong>imperium</strong></span> <span class='ocrx_word' id='word_1_493' title='bbox 3106 2389 3215 2443; x_wconf 87' lang='lat' dir='ltr'><strong>ﬁlio</strong></span> <span class='ocrx_word' id='word_1_494' title='bbox 3245 2389 3426 2452; x_wconf 85' lang='lat' dir='ltr'><strong>tradit,</strong></span> 
     </span>
    </p>
   </div>
   <div class='ocr_carea' id='block_1_69' title="bbox 1854 2482 3427 2555">
    <p class='ocr_par' dir='ltr' id='par_1_69' title="bbox 1854 2482 3427 2555">
     <span class='ocr_line' id='line_1_69' title="bbox 1854 2482 3427 2555; baseline -0.003 -15"><span class='ocrx_word' id='word_1_495' title='bbox 1854 2486 1968 2555; x_wconf 86' lang='lat' dir='ltr'><strong>ipse</strong></span> <span class='ocrx_word' id='word_1_496' title='bbox 1996 2493 2169 2539; x_wconf 80' lang='lat' dir='ltr'><strong>autem</strong></span> <span class='ocrx_word' id='word_1_497' title='bbox 2193 2483 2243 2536; x_wconf 92' lang='lat' dir='ltr'><strong>in</strong></span> <span class='ocrx_word' id='word_1_498' title='bbox 2268 2482 2551 2538; x_wconf 87' lang='lat' dir='ltr'><strong>solitudine</strong></span> <span class='ocrx_word' id='word_1_499' title='bbox 2571 2482 2790 2552; x_wconf 79' lang='lat' dir='ltr'><strong>degens,</strong></span> <span class='ocrx_word' id='word_1_500' title='bbox 2814 2490 3076 2552; x_wconf 82' lang='lat' dir='ltr'><strong>caputque</strong></span> <span class='ocrx_word' id='word_1_501' title='bbox 3105 2484 3285 2537; x_wconf 86' lang='lat' dir='ltr'><strong>cinere</strong></span> <span class='ocrx_word' id='word_1_502' title='bbox 3312 2486 3427 2536; x_wconf 85' lang='lat' dir='ltr'><strong>siue</strong></span> 
     </span>
    </p>
   </div>
   <div class='ocr_carea' id='block_1_70' title="bbox 1855 2573 3424 2644">
    <p class='ocr_par' dir='ltr' id='par_1_70' title="bbox 1855 2573 3424 2644">
     <span class='ocr_line' id='line_1_70' title="bbox 1855 2573 3424 2644; baseline -0.002 -14"><span class='ocrx_word' id='word_1_503' title='bbox 1855 2576 1958 2631; x_wconf 87' lang='lat' dir='ltr'><strong>ulla</strong></span> <span class='ocrx_word' id='word_1_504' title='bbox 1982 2573 2373 2631; x_wconf 79' lang='lat' dir='ltr'><strong>intermissione</strong></span> <span class='ocrx_word' id='word_1_505' title='bbox 2391 2588 2696 2644; x_wconf 73' lang='lat' dir='ltr'><strong>aspergens,</strong></span> <span class='ocrx_word' id='word_1_506' title='bbox 2716 2582 2770 2628; x_wconf 90' lang='lat' dir='ltr'><strong>et</strong></span> <span class='ocrx_word' id='word_1_507' title='bbox 2785 2588 2973 2644; x_wconf 75' lang='lat' dir='ltr'><strong>graves</strong></span> <span class='ocrx_word' id='word_1_508' title='bbox 2993 2575 3217 2644; x_wconf 78' lang='lat' dir='ltr'><strong>gemitus</strong></span> <span class='ocrx_word' id='word_1_509' title='bbox 3238 2574 3424 2639; x_wconf 71' lang='lat' dir='ltr'><strong>edens,</strong></span> 
     </span>
    </p>
   </div>
   <div class='ocr_carea' id='block_1_71' title="bbox 1856 2664 3427 2735">
    <p class='ocr_par' dir='ltr' id='par_1_71' title="bbox 1856 2664 3427 2735">
     <span class='ocr_line' id='line_1_71' title="bbox 1856 2664 3427 2735; baseline -0.001 -14"><span class='ocrx_word' id='word_1_510' title='bbox 1856 2680 1917 2721; x_wconf 81' lang='lat' dir='ltr'><strong>ac</strong></span> <span class='ocrx_word' id='word_1_511' title='bbox 1944 2679 2065 2720; x_wconf 86' lang='lat' dir='ltr'><strong>sese</strong></span> <span class='ocrx_word' id='word_1_512' title='bbox 2092 2664 2345 2735; x_wconf 84' lang='lat' dir='ltr'><strong>lacrymis</strong></span> <span class='ocrx_word' id='word_1_513' title='bbox 2370 2664 2613 2730; x_wconf 86' lang='lat' dir='ltr'><strong>abluens,</strong></span> <span class='ocrx_word' id='word_1_514' title='bbox 2641 2665 2784 2721; x_wconf 86' lang='lat' dir='ltr'><strong>solus</strong></span> <span class='ocrx_word' id='word_1_515' title='bbox 2808 2680 2928 2720; x_wconf 90' lang='lat' dir='ltr'><strong>eum</strong></span> <span class='ocrx_word' id='word_1_516' title='bbox 2956 2680 3021 2720; x_wconf 89' lang='lat' dir='ltr'><strong>eo</strong></span> <span class='ocrx_word' id='word_1_517' title='bbox 3051 2666 3166 2720; x_wconf 89' lang='lat' dir='ltr'><strong>solo</strong></span> <span class='ocrx_word' id='word_1_518' title='bbox 3194 2668 3281 2735; x_wconf 88' lang='lat' dir='ltr'><strong>qui</strong></span> <span class='ocrx_word' id='word_1_519' title='bbox 3312 2669 3427 2720; x_wconf 82' lang='lat' dir='ltr'><strong>ubi-</strong></span> 
     </span>
    </p>
   </div>
   <div class='ocr_carea' id='block_1_72' title="bbox 1856 2756 3429 2826">
    <p class='ocr_par' dir='ltr' id='par_1_72' title="bbox 1856 2756 3429 2826">
     <span class='ocr_line' id='line_1_72' title="bbox 1856 2756 3429 2826; baseline 0.001 -15"><span class='ocrx_word' id='word_1_520' title='bbox 1856 2771 1961 2825; x_wconf 89' lang='lat' dir='ltr'><strong>que</strong></span> <span class='ocrx_word' id='word_1_521' title='bbox 1989 2770 2228 2825; x_wconf 73' lang='lat' dir='ltr'><strong>przesens</strong></span> <span class='ocrx_word' id='word_1_522' title='bbox 2256 2765 2338 2811; x_wconf 85' lang='lat' dir='ltr'><strong>est</strong></span> <span class='ocrx_word' id='word_1_523' title='bbox 2363 2756 2786 2826; x_wconf 82' lang='lat' dir='ltr'><strong>colloquebatur,</strong></span> <span class='ocrx_word' id='word_1_524' title='bbox 2811 2771 3070 2811; x_wconf 80' lang='lat' dir='ltr'><strong>noxarum</strong></span> <span class='ocrx_word' id='word_1_525' title='bbox 3097 2772 3309 2812; x_wconf 85' lang='lat' dir='ltr'><strong>suarum</strong></span> <span class='ocrx_word' id='word_1_526' title='bbox 3336 2773 3429 2812; x_wconf 77' lang='lat' dir='ltr'><strong>ve-</strong></span> 
     </span>
    </p>
   </div>
   <div class='ocr_carea' id='block_1_73' title="bbox 1857 2846 3429 2916">
    <p class='ocr_par' dir='ltr' id='par_1_73' title="bbox 1857 2846 3429 2916">
     <span class='ocr_line' id='line_1_73' title="bbox 1857 2846 3429 2916; baseline -0.001 -14"><span class='ocrx_word' id='word_1_527' title='bbox 1857 2848 1998 2902; x_wconf 84' lang='lat' dir='ltr'><strong>niam</strong></span> <span class='ocrx_word' id='word_1_528' title='bbox 2034 2846 2104 2901; x_wconf 92' lang='lat' dir='ltr'><strong>ab</strong></span> <span class='ocrx_word' id='word_1_529' title='bbox 2141 2861 2207 2902; x_wconf 84' lang='lat' dir='ltr'><strong>eo</strong></span> <span class='ocrx_word' id='word_1_530' title='bbox 2243 2855 2451 2916; x_wconf 83' lang='lat' dir='ltr'><strong>petens.</strong></span> <span class='ocrx_word' id='word_1_531' title='bbox 2492 2846 2628 2912; x_wconf 83' lang='lat' dir='ltr'><strong>Quin</strong></span> <span class='ocrx_word' id='word_1_532' title='bbox 2665 2846 2719 2900; x_wconf 88' lang='lat' dir='ltr'><strong>in</strong></span> <span class='ocrx_word' id='word_1_533' title='bbox 2771 2856 2968 2900; x_wconf 82' lang='lat' dir='ltr'><strong>tantam</strong></span> <span class='ocrx_word' id='word_1_534' title='bbox 3008 2847 3429 2915; x_wconf 85' lang='lat' dir='ltr'><strong>compunctionis</strong></span> 
     </span>
    </p>
   </div>
   <div class='ocr_carea' id='block_1_74' title="bbox 1857 2936 3426 3008">
    <p class='ocr_par' dir='ltr' id='par_1_74' title="bbox 1857 2936 3426 3008">
     <span class='ocr_line' id='line_1_74' title="bbox 1857 2936 3426 3008; baseline -0.001 -15"><span class='ocrx_word' id='word_1_535' title='bbox 1857 2947 2015 3008; x_wconf 88' lang='lat' dir='ltr'><strong>atque</strong></span> <span class='ocrx_word' id='word_1_536' title='bbox 2058 2937 2371 2992; x_wconf 80' lang='lat' dir='ltr'><strong>humilitatis</strong></span> <span class='ocrx_word' id='word_1_537' title='bbox 2412 2938 2661 3007; x_wconf 76' lang='lat' dir='ltr'><strong>abyssum</strong></span> <span class='ocrx_word' id='word_1_538' title='bbox 2702 2950 2822 2992; x_wconf 86' lang='lat' dir='ltr'><strong>sese</strong></span> <span class='ocrx_word' id='word_1_539' title='bbox 2873 2936 3104 3001; x_wconf 79' lang='lat' dir='ltr'><strong>demisit,</strong></span> <span class='ocrx_word' id='word_1_540' title='bbox 3162 2946 3216 2991; x_wconf 91' lang='lat' dir='ltr'><strong>ut</strong></span> <span class='ocrx_word' id='word_1_541' title='bbox 3254 2936 3426 3008; x_wconf 86' lang='lat' dir='ltr'><strong>ipsum</strong></span> 
     </span>
    </p>
   </div>
   <div class='ocr_carea' id='block_1_75' title="bbox 1857 3026 3429 3099">
    <p class='ocr_par' dir='ltr' id='par_1_75' title="bbox 1857 3026 3429 3099">
     <span class='ocr_line' id='line_1_75' title="bbox 1857 3026 3429 3099; baseline -0.002 -15"><span class='ocrx_word' id='word_1_542' title='bbox 1857 3043 2067 3099; x_wconf 86' lang='lat' dir='ltr'><strong>quoque</strong></span> <span class='ocrx_word' id='word_1_543' title='bbox 2105 3028 2194 3083; x_wconf 89' lang='lat' dir='ltr'><strong>Dei</strong></span> <span class='ocrx_word' id='word_1_544' title='bbox 2238 3041 2431 3082; x_wconf 89' lang='lat' dir='ltr'><strong>nomen</strong></span> <span class='ocrx_word' id='word_1_545' title='bbox 2460 3026 2612 3081; x_wconf 89' lang='lat' dir='ltr'><strong>labiis</strong></span> <span class='ocrx_word' id='word_1_546' title='bbox 2642 3040 2899 3095; x_wconf 87' lang='lat' dir='ltr'><strong>usurpare</strong></span> <span class='ocrx_word' id='word_1_547' title='bbox 2929 3035 3220 3094; x_wconf 88' lang='lat' dir='ltr'><strong>recusaret,</strong></span> <span class='ocrx_word' id='word_1_548' title='bbox 3250 3042 3310 3083; x_wconf 90' lang='lat' dir='ltr'><strong>ac</strong></span> <span class='ocrx_word' id='word_1_549' title='bbox 3338 3030 3429 3082; x_wconf 79' lang='lat' dir='ltr'><strong>vix</strong></span> 
     </span>
    </p>
   </div>
   <div class='ocr_carea' id='block_1_76' title="bbox 1859 3116 3427 3185">
    <p class='ocr_par' dir='ltr' id='par_1_76' title="bbox 1859 3116 3427 3185">
     <span class='ocr_line' id='line_1_76' title="bbox 1859 3116 3427 3185; baseline -0.004 -10"><span class='ocrx_word' id='word_1_550' title='bbox 1859 3120 2075 3175; x_wconf 82' lang='lat' dir='ltr'><strong>tandem</strong></span> <span class='ocrx_word' id='word_1_551' title='bbox 2100 3134 2130 3172; x_wconf 88' lang='lat' dir='ltr'><strong>a</strong></span> <span class='ocrx_word' id='word_1_552' title='bbox 2162 3117 2269 3172; x_wconf 91' lang='lat' dir='ltr'><strong>ﬁlio</strong></span> <span class='ocrx_word' id='word_1_553' title='bbox 2288 3117 2615 3184; x_wconf 79' lang='lat' dir='ltr'><strong>admonitus,</strong></span> <span class='ocrx_word' id='word_1_554' title='bbox 2647 3116 2771 3171; x_wconf 80' lang='lat' dir='ltr'><strong>illud</strong></span> <span class='ocrx_word' id='word_1_555' title='bbox 2803 3118 3157 3185; x_wconf 87' lang='lat' dir='ltr'><strong>pronunciare</strong></span> <span class='ocrx_word' id='word_1_556' title='bbox 3182 3117 3427 3173; x_wconf 86' lang='lat' dir='ltr'><strong>auderet.</strong></span> 
     </span>
    </p>
   </div>
   <div class='ocr_carea' id='block_1_77' title="bbox 1859 3206 3431 3276">
    <p class='ocr_par' dir='ltr' id='par_1_77' title="bbox 1859 3206 3431 3276">
     <span class='ocr_line' id='line_1_77' title="bbox 1859 3206 3431 3276; baseline -0.003 -10"><span class='ocrx_word' id='word_1_557' title='bbox 1859 3210 2029 3267; x_wconf 83' lang='lat' dir='ltr'><strong>Tanta</strong></span> <span class='ocrx_word' id='word_1_558' title='bbox 2050 3217 2228 3264; x_wconf 85' lang='lat' dir='ltr'><strong>autem</strong></span> <span class='ocrx_word' id='word_1_559' title='bbox 2257 3223 2319 3263; x_wconf 89' lang='lat' dir='ltr'><strong>ac</strong></span> <span class='ocrx_word' id='word_1_560' title='bbox 2350 3216 2458 3262; x_wconf 83' lang='lat' dir='ltr'><strong>tam</strong></span> <span class='ocrx_word' id='word_1_561' title='bbox 2488 3206 2742 3276; x_wconf 62' lang='lat' dir='ltr'><strong>prati-lam</strong></span> <span class='ocrx_word' id='word_1_562' title='bbox 2772 3207 2824 3262; x_wconf 90' lang='lat' dir='ltr'><strong>in</strong></span> <span class='ocrx_word' id='word_1_563' title='bbox 2850 3222 2914 3262; x_wconf 86' lang='lat' dir='ltr'><strong>eo</strong></span> <span class='ocrx_word' id='word_1_564' title='bbox 2942 3208 3065 3263; x_wconf 73' lang='lat' dir='ltr'><strong>vita:</strong></span> <span class='ocrx_word' id='word_1_565' title='bbox 3090 3210 3431 3262; x_wconf 80' lang='lat' dir='ltr'><strong>commutatio</strong></span> 
     </span>
    </p>
   </div>
   <div class='ocr_carea' id='block_1_78' title="bbox 1862 3302 3432 3373">
    <p class='ocr_par' dir='ltr' id='par_1_78' title="bbox 1862 3302 3432 3373">
     <span class='ocr_line' id='line_1_78' title="bbox 1862 3302 3432 3373; baseline -0.001 -15"><span class='ocrx_word' id='word_1_566' title='bbox 1862 3303 1982 3369; x_wconf 88' lang='lat' dir='ltr'><strong>fuit,</strong></span> <span class='ocrx_word' id='word_1_567' title='bbox 2014 3319 2078 3359; x_wconf 87' lang='lat' dir='ltr'><strong>ae</strong></span> <span class='ocrx_word' id='word_1_568' title='bbox 2101 3312 2246 3357; x_wconf 88' lang='lat' dir='ltr'><strong>tanta</strong></span> <span class='ocrx_word' id='word_1_569' title='bbox 2276 3317 2398 3358; x_wconf 80' lang='lat' dir='ltr'><strong>eam</strong></span> <span class='ocrx_word' id='word_1_570' title='bbox 2426 3303 2582 3358; x_wconf 77' lang='lat' dir='ltr'><strong>laude</strong></span> <span class='ocrx_word' id='word_1_571' title='bbox 2618 3302 2825 3357; x_wconf 83' lang='lat' dir='ltr'><strong>virtutis</strong></span> <span class='ocrx_word' id='word_1_572' title='bbox 2854 3304 2954 3358; x_wconf 87' lang='lat' dir='ltr'><strong>iter</strong></span> <span class='ocrx_word' id='word_1_573' title='bbox 2985 3305 3174 3368; x_wconf 85' lang='lat' dir='ltr'><strong>tenuit,</strong></span> <span class='ocrx_word' id='word_1_574' title='bbox 3207 3312 3262 3357; x_wconf 87' lang='grc' dir='ltr'><strong>ιιι</strong></span> <span class='ocrx_word' id='word_1_575' title='bbox 3290 3305 3432 3373; x_wconf 83' lang='lat' dir='ltr'><strong>prin-</strong></span> 
     </span>
    </p>
   </div>
   <div class='ocr_carea' id='block_1_79' title="bbox 1863 3398 3434 3468">
    <p class='ocr_par' dir='ltr' id='par_1_79' title="bbox 1863 3398 3434 3468">
     <span class='ocr_line' id='line_1_79' title="bbox 1863 3398 3434 3468; baseline -0.002 -14"><span class='ocrx_word' id='word_1_576' title='bbox 1863 3414 1983 3454; x_wconf 82' lang='lat' dir='ltr'><strong>rum</strong></span> <span class='ocrx_word' id='word_1_577' title='bbox 2034 3399 2370 3467; x_wconf 77' lang='lat' dir='ltr'><strong>iniquitatem</strong></span> <span class='ocrx_word' id='word_1_578' title='bbox 2417 3398 2766 3468; x_wconf 82' lang='lat' dir='ltr'><strong>ignorantiam</strong></span> <span class='ocrx_word' id='word_1_579' title='bbox 2809 3398 3022 3466; x_wconf 87' lang='lat' dir='ltr'><strong>pietatis</strong></span> <span class='ocrx_word' id='word_1_580' title='bbox 3075 3398 3434 3467; x_wconf 81' lang='lat' dir='ltr'><strong>magnitudine</strong></span> 
     </span>
    </p>
   </div>
   <div class='ocr_carea' id='block_1_80' title="bbox 1863 3489 3432 3559">
    <p class='ocr_par' dir='ltr' id='par_1_80' title="bbox 1863 3489 3432 3559">
     <span class='ocr_line' id='line_1_80' title="bbox 1863 3489 3432 3559; baseline 0 -15"><span class='ocrx_word' id='word_1_581' title='bbox 1863 3497 2161 3559; x_wconf 83' lang='lat' dir='ltr'><strong>superarat.</strong></span> <span class='ocrx_word' id='word_1_582' title='bbox 2187 3489 2317 3543; x_wconf 79' lang='lat' dir='ltr'><strong>Cum</strong></span> <span class='ocrx_word' id='word_1_583' title='bbox 2346 3498 2522 3543; x_wconf 79' lang='lat' dir='ltr'><strong>autem</strong></span> <span class='ocrx_word' id='word_1_584' title='bbox 2571 3498 2797 3558; x_wconf 88' lang='lat' dir='ltr'><strong>quatuor</strong></span> <span class='ocrx_word' id='word_1_585' title='bbox 2839 3503 3011 3544; x_wconf 87' lang='lat' dir='ltr'><strong>annos</strong></span> <span class='ocrx_word' id='word_1_586' title='bbox 3040 3492 3140 3544; x_wconf 83' lang='lat' dir='ltr'><strong>hoc</strong></span> <span class='ocrx_word' id='word_1_587' title='bbox 3186 3500 3339 3559; x_wconf 82' lang='lat' dir='ltr'><strong>pacto</strong></span> <span class='ocrx_word' id='word_1_588' title='bbox 3380 3491 3432 3544; x_wconf 88' lang='lat' dir='ltr'><strong>in</strong></span> 
     </span>
    </p>
   </div>
   <div class='ocr_carea' id='block_1_81' title="bbox 1864 3577 3434 3651">
    <p class='ocr_par' dir='ltr' id='par_1_81' title="bbox 1864 3577 3434 3651">
     <span class='ocr_line' id='line_1_81' title="bbox 1864 3577 3434 3651; baseline 0.003 -19"><span class='ocrx_word' id='word_1_589' title='bbox 1864 3577 2171 3649; x_wconf 61' lang='lat' dir='ltr'><strong>pauitantia</strong></span> <span class='ocrx_word' id='word_1_590' title='bbox 2214 3586 2272 3634; x_wconf 89' lang='lat' dir='ltr'><strong>et</strong></span> <span class='ocrx_word' id='word_1_591' title='bbox 2314 3578 2562 3649; x_wconf 86' lang='lat' dir='ltr'><strong>laerymis</strong></span> <span class='ocrx_word' id='word_1_592' title='bbox 2609 3588 2769 3648; x_wconf 91' lang='lat' dir='ltr'><strong>atque</strong></span> <span class='ocrx_word' id='word_1_593' title='bbox 2812 3580 2954 3634; x_wconf 85' lang='lat' dir='ltr'><strong>omni</strong></span> <span class='ocrx_word' id='word_1_594' title='bbox 2986 3580 3195 3635; x_wconf 83' lang='lat' dir='ltr'><strong>virtutis</strong></span> <span class='ocrx_word' id='word_1_595' title='bbox 3239 3596 3434 3651; x_wconf 77' lang='lat' dir='ltr'><strong>genere</strong></span> 
     </span>
    </p>
   </div>
   <div class='ocr_carea' id='block_1_82' title="bbox 1863 3670 3432 3742">
    <p class='ocr_par' dir='ltr' id='par_1_82' title="bbox 1863 3670 3432 3742">
     <span class='ocr_line' id='line_1_82' title="bbox 1863 3670 3432 3742; baseline -0.001 -16"><span class='ocrx_word' id='word_1_596' title='bbox 1863 3673 2228 3742; x_wconf 74' lang='lat' dir='ltr'><strong>transegisset,</strong></span> <span class='ocrx_word' id='word_1_597' title='bbox 2256 3670 2308 3725; x_wconf 91' lang='lat' dir='ltr'><strong>in</strong></span> <span class='ocrx_word' id='word_1_598' title='bbox 2333 3670 2596 3726; x_wconf 23' lang='lat' dir='ltr'><strong>lethalem‘</strong></span> <span class='ocrx_word' id='word_1_599' title='bbox 2607 3672 2848 3725; x_wconf 84' lang='lat' dir='ltr'><strong>morbum</strong></span> <span class='ocrx_word' id='word_1_600' title='bbox 2869 3672 3076 3727; x_wconf 87' lang='lat' dir='ltr'><strong>incidit.</strong></span> <span class='ocrx_word' id='word_1_601' title='bbox 3099 3674 3232 3728; x_wconf 87' lang='lat' dir='ltr'><strong>Cum</strong></span> <span class='ocrx_word' id='word_1_602' title='bbox 3257 3685 3432 3729; x_wconf 85' lang='lat' dir='ltr'><strong>autem</strong></span> 
     </span>
    </p>
   </div>
   <div class='ocr_carea' id='block_1_83' title="bbox 1864 3762 3436 3831">
    <p class='ocr_par' dir='ltr' id='par_1_83' title="bbox 1864 3762 3436 3831">
     <span class='ocr_line' id='line_1_83' title="bbox 1864 3762 3436 3831; baseline 0.002 -16"><span class='ocrx_word' id='word_1_603' title='bbox 1864 3762 1964 3830; x_wconf 81' lang='lat' dir='ltr'><strong>ipsi</strong></span> <span class='ocrx_word' id='word_1_604' title='bbox 1984 3763 2105 3816; x_wconf 60' lang='lat' dir='ltr'><strong>vita</strong></span> <span class='ocrx_word' id='word_1_605' title='bbox 2130 3762 2251 3815; x_wconf 83' lang='lat' dir='ltr'><strong>ﬁnis</strong></span> <span class='ocrx_word' id='word_1_606' title='bbox 2278 3762 2600 3827; x_wconf 85' lang='lat' dir='ltr'><strong>immineret,</strong></span> <span class='ocrx_word' id='word_1_607' title='bbox 2629 3762 2682 3815; x_wconf 89' lang='lat' dir='ltr'><strong>in</strong></span> <span class='ocrx_word' id='word_1_608' title='bbox 2704 3772 2846 3816; x_wconf 89' lang='lat' dir='ltr'><strong>metu</strong></span> <span class='ocrx_word' id='word_1_609' title='bbox 2872 3763 3138 3831; x_wconf 84' lang='lat' dir='ltr'><strong>animique</strong></span> <span class='ocrx_word' id='word_1_610' title='bbox 3166 3766 3436 3818; x_wconf 82' lang='lat' dir='ltr'><strong>anxietate</strong></span> 
     </span>
    </p>
   </div>
   <div class='ocr_carea' id='block_1_84' title="bbox 1864 3852 3437 3921">
    <p class='ocr_par' dir='ltr' id='par_1_84' title="bbox 1864 3852 3437 3921">
     <span class='ocr_line' id='line_1_84' title="bbox 1864 3852 3437 3921; baseline 0.002 -18"><span class='ocrx_word' id='word_1_611' title='bbox 1864 3853 2073 3906; x_wconf 74' lang='lat' dir='ltr'><strong>versari</strong></span> <span class='ocrx_word' id='word_1_612' title='bbox 2109 3853 2291 3920; x_wconf 70' lang='lat' dir='ltr'><strong>capit,</strong></span> <span class='ocrx_word' id='word_1_613' title='bbox 2336 3852 2472 3904; x_wconf 84' lang='lat' dir='ltr'><strong>mala</strong></span> <span class='ocrx_word' id='word_1_614' title='bbox 2519 3866 2581 3905; x_wconf 84' lang='lat' dir='ltr'><strong>ea</strong></span> <span class='ocrx_word' id='word_1_615' title='bbox 2612 3866 2729 3919; x_wconf 63' lang='lat' dir='ltr'><strong>quae</strong></span> <span class='ocrx_word' id='word_1_616' title='bbox 2755 3867 2784 3904; x_wconf 90' lang='lat' dir='ltr'><strong>a</strong></span> <span class='ocrx_word' id='word_1_617' title='bbox 2813 3866 2871 3905; x_wconf 88' lang='lat' dir='ltr'><strong>se</strong></span> <span class='ocrx_word' id='word_1_618' title='bbox 2900 3860 3197 3921; x_wconf 85' lang='lat' dir='ltr'><strong>perpetrata</strong></span> <span class='ocrx_word' id='word_1_619' title='bbox 3228 3852 3437 3907; x_wconf 80' lang='lat' dir='ltr'><strong>fuerant</strong></span> 
     </span>
    </p>
   </div>
   <div class='ocr_carea' id='block_1_85' title="bbox 1866 3939 3432 4007">
    <p class='ocr_par' dir='ltr' id='par_1_85' title="bbox 1866 3939 3432 4007">
     <span class='ocr_line' id='line_1_85' title="bbox 1866 3939 3432 4007; baseline 0.001 -13"><span class='ocrx_word' id='word_1_620' title='bbox 1866 3942 1919 3995; x_wconf 90' lang='lat' dir='ltr'><strong>in</strong></span> <span class='ocrx_word' id='word_1_621' title='bbox 1968 3944 2282 3997; x_wconf 84' lang='lat' dir='ltr'><strong>memoriam</strong></span> <span class='ocrx_word' id='word_1_622' title='bbox 2331 3954 2606 3993; x_wconf 89' lang='lat' dir='ltr'><strong>revocans.</strong></span> <span class='ocrx_word' id='word_1_623' title='bbox 2665 3943 2734 3992; x_wconf 87' lang='lat' dir='ltr'><strong>At</strong></span> <span class='ocrx_word' id='word_1_624' title='bbox 2780 3939 3035 4007; x_wconf 78' lang='lat' dir='ltr'><strong>Josaphat</strong></span> <span class='ocrx_word' id='word_1_625' title='bbox 3082 3940 3432 3995; x_wconf 70' lang='lat' dir='ltr'><strong>consolatorie</strong></span> 
     </span>
    </p>
   </div>
   <div class='ocr_carea' id='block_1_86' title="bbox 1865 4027 3437 4099">
    <p class='ocr_par' dir='ltr' id='par_1_86' title="bbox 1865 4027 3437 4099">
     <span class='ocr_line' id='line_1_86' title="bbox 1865 4027 3437 4099; baseline 0.002 -15"><span class='ocrx_word' id='word_1_626' title='bbox 1865 4031 2110 4085; x_wconf 82' lang='lat' dir='ltr'><strong>oratione</strong></span> <span class='ocrx_word' id='word_1_627' title='bbox 2158 4037 2399 4082; x_wconf 90' lang='lat' dir='ltr'><strong>coortum</strong></span> <span class='ocrx_word' id='word_1_628' title='bbox 2446 4027 2495 4081; x_wconf 91' lang='lat' dir='ltr'><strong>ei</strong></span> <span class='ocrx_word' id='word_1_629' title='bbox 2534 4032 2781 4082; x_wconf 72' lang='lat' dir='ltr'><strong>mmroris</strong></span> <span class='ocrx_word' id='word_1_630' title='bbox 2831 4043 2967 4083; x_wconf 82' lang='lat' dir='ltr'><strong>unus</strong></span> <span class='ocrx_word' id='word_1_631' title='bbox 3006 4031 3318 4099; x_wconf 74' lang='lat' dir='ltr'><strong>sublevavit,</strong></span> <span class='ocrx_word' id='word_1_632' title='bbox 3354 4034 3437 4087; x_wconf 84' lang='lat' dir='ltr'><strong>his</strong></span> 
     </span>
    </p>
   </div>
   <div class='ocr_carea' id='block_1_87' title="bbox 1866 4119 3435 4192">
    <p class='ocr_par' dir='ltr' id='par_1_87' title="bbox 1866 4119 3435 4192">
     <span class='ocr_line' id='line_1_87' title="bbox 1866 4119 3435 4192; baseline 0.001 -16"><span class='ocrx_word' id='word_1_633' title='bbox 1866 4123 2043 4178; x_wconf 86' lang='lat' dir='ltr'><strong>verbis</strong></span> <span class='ocrx_word' id='word_1_634' title='bbox 2066 4129 2252 4175; x_wconf 89' lang='lat' dir='ltr'><strong>utens:</strong></span> <span class='ocrx_word' id='word_1_635' title='bbox 2282 4120 2455 4185; x_wconf 78' lang='lat' dir='ltr'><strong>Quare</strong></span> <span class='ocrx_word' id='word_1_636' title='bbox 2488 4119 2650 4173; x_wconf 90' lang='lat' dir='ltr'><strong>tristis</strong></span> <span class='ocrx_word' id='word_1_637' title='bbox 2677 4134 2752 4184; x_wconf 89' lang='lat' dir='ltr'><strong>es,</strong></span> <span class='ocrx_word' id='word_1_638' title='bbox 2780 4134 2813 4173; x_wconf 94' lang='grc' dir='ltr'>ο</span> <span class='ocrx_word' id='word_1_639' title='bbox 2841 4129 3010 4189; x_wconf 85' lang='lat' dir='ltr'><strong>pater,</strong></span> <span class='ocrx_word' id='word_1_640' title='bbox 3035 4130 3090 4175; x_wconf 90' lang='lat' dir='ltr'><strong>et</strong></span> <span class='ocrx_word' id='word_1_641' title='bbox 3112 4136 3273 4192; x_wconf 87' lang='lat' dir='ltr'><strong>quare</strong></span> <span class='ocrx_word' id='word_1_642' title='bbox 3303 4125 3435 4192; x_wconf 87' lang='lat' dir='ltr'><strong>teip-</strong></span> 
     </span>
    </p>
   </div>
   <div class='ocr_carea' id='block_1_88' title="bbox 1868 4208 3436 4280">
    <p class='ocr_par' dir='ltr' id='par_1_88' title="bbox 1868 4208 3436 4280">
     <span class='ocr_line' id='line_1_88' title="bbox 1868 4208 3436 4280; baseline -0.001 -10"><span class='ocrx_word' id='word_1_643' title='bbox 1868 4229 1986 4270; x_wconf 87' lang='lat' dir='ltr'><strong>sutn</strong></span> <span class='ocrx_word' id='word_1_644' title='bbox 2012 4210 2300 4267; x_wconf 86' lang='lat' dir='ltr'><strong>conturbas</strong></span> <span class='ocrx_word' id='word_1_645' title='bbox 2324 4208 2501 4277; x_wconf 76' lang='grc' dir='ltr'><strong>(Ρεαι.</strong></span> <span class='ocrx_word' id='word_1_646' title='bbox 2531 4209 2686 4277; x_wconf 80' lang='lat' dir='ltr'><strong>xu)?</strong></span> <span class='ocrx_word' id='word_1_647' title='bbox 2718 4210 2882 4277; x_wconf 86' lang='lat' dir='ltr'><strong>Spera</strong></span> <span class='ocrx_word' id='word_1_648' title='bbox 2925 4211 2977 4265; x_wconf 84' lang='lat' dir='ltr'><strong>in</strong></span> <span class='ocrx_word' id='word_1_649' title='bbox 3022 4213 3151 4280; x_wconf 82' lang='lat' dir='ltr'><strong>Deo,</strong></span> <span class='ocrx_word' id='word_1_650' title='bbox 3184 4221 3235 4267; x_wconf 86' lang='lat' dir='ltr'><strong>et</strong></span> <span class='ocrx_word' id='word_1_651' title='bbox 3259 4216 3436 4268; x_wconf 83' lang='lat' dir='ltr'><strong>conﬁ-</strong></span> 
     </span>
    </p>
   </div>
   <div class='ocr_carea' id='block_1_89' title="bbox 1870 4301 3431 4375">
    <p class='ocr_par' dir='ltr' id='par_1_89' title="bbox 1870 4301 3431 4375">
     <span class='ocr_line' id='line_1_89' title="bbox 1870 4301 3431 4375; baseline -0.001 -14"><span class='ocrx_word' id='word_1_652' title='bbox 1870 4315 1985 4361; x_wconf 85' lang='lat' dir='ltr'><strong>tere</strong></span> <span class='ocrx_word' id='word_1_653' title='bbox 2011 4303 2133 4375; x_wconf 86' lang='lat' dir='ltr'><strong>ipsi,</strong></span> <span class='ocrx_word' id='word_1_654' title='bbox 2177 4301 2267 4371; x_wconf 92' lang='lat' dir='ltr'><strong>qui</strong></span> <span class='ocrx_word' id='word_1_655' title='bbox 2308 4309 2388 4356; x_wconf 88' lang='lat' dir='ltr'><strong>est</strong></span> <span class='ocrx_word' id='word_1_656' title='bbox 2423 4315 2546 4369; x_wconf 82' lang='lat' dir='ltr'><strong>spes</strong></span> <span class='ocrx_word' id='word_1_657' title='bbox 2587 4302 2825 4356; x_wconf 87' lang='lat' dir='ltr'><strong>omnium</strong></span> <span class='ocrx_word' id='word_1_658' title='bbox 2866 4304 3053 4358; x_wconf 88' lang='lat' dir='ltr'><strong>ﬁnium</strong></span> <span class='ocrx_word' id='word_1_659' title='bbox 3079 4315 3253 4371; x_wconf 60' lang='lat' dir='ltr'><strong>terra,</strong></span> <span class='ocrx_word' id='word_1_660' title='bbox 3288 4315 3341 4362; x_wconf 90' lang='lat' dir='ltr'><strong>et</strong></span> <span class='ocrx_word' id='word_1_661' title='bbox 3380 4309 3431 4360; x_wconf 93' lang='lat' dir='ltr'><strong>in</strong></span> 
     </span>
    </p>
   </div>
   <div class='ocr_carea' id='block_1_90' title="bbox 1871 4392 3431 4465">
    <p class='ocr_par' dir='ltr' id='par_1_90' title="bbox 1871 4392 3431 4465">
     <span class='ocr_line' id='line_1_90' title="bbox 1871 4392 3431 4465; baseline 0.002 -16"><span class='ocrx_word' id='word_1_662' title='bbox 1871 4397 2003 4449; x_wconf 90' lang='lat' dir='ltr'><strong>mari</strong></span> <span class='ocrx_word' id='word_1_663' title='bbox 2037 4395 2193 4463; x_wconf 81' lang='lat' dir='ltr'><strong>longe</strong></span> <span class='ocrx_word' id='word_1_664' title='bbox 2223 4392 2392 4461; x_wconf 68' lang='lat' dir='ltr'><strong>(Paul.</strong></span> <span class='ocrx_word' id='word_1_665' title='bbox 2439 4392 2603 4461; x_wconf 80' lang='lat' dir='ltr'><strong>um),</strong></span> <span class='ocrx_word' id='word_1_666' title='bbox 2646 4394 2734 4461; x_wconf 91' lang='lat' dir='ltr'><strong>qui</strong></span> <span class='ocrx_word' id='word_1_667' title='bbox 2769 4408 2873 4462; x_wconf 81' lang='lat' dir='ltr'><strong>per</strong></span> <span class='ocrx_word' id='word_1_668' title='bbox 2900 4396 3204 4465; x_wconf 88' lang='lat' dir='ltr'><strong>prophetam</strong></span> <span class='ocrx_word' id='word_1_669' title='bbox 3233 4398 3431 4453; x_wconf 48' lang='lat' dir='ltr'><strong>clamar</strong></span> 
     </span>
    </p>
   </div>
   <div class='ocr_carea' id='block_1_91' title="bbox 181 4487 1761 4576">
    <p class='ocr_par' dir='ltr' id='par_1_91' title="bbox 181 4488 1761 4560">
     <span class='ocr_line' id='line_1_91' title="bbox 181 4488 1761 4560; baseline -0.002 -16"><span class='ocrx_word' id='word_1_670' title='bbox 181 4491 413 4560; x_wconf 81' lang='grc' dir='ltr'>ἀφέλετε</span> <span class='ocrx_word' id='word_1_671' title='bbox 430 4492 530 4554; x_wconf 76' lang='grc' dir='ltr'>τὰς</span> <span class='ocrx_word' id='word_1_672' title='bbox 546 4489 811 4560; x_wconf 87' lang='grc' dir='ltr'>πονηρίας</span> <span class='ocrx_word' id='word_1_673' title='bbox 835 4489 944 4543; x_wconf 78' lang='grc' dir='ltr'>ἀπὸ</span> <span class='ocrx_word' id='word_1_674' title='bbox 969 4489 1077 4541; x_wconf 88' lang='grc' dir='ltr'><strong>τῶν</strong></span> <span class='ocrx_word' id='word_1_675' title='bbox 1097 4488 1286 4559; x_wconf 77' lang='grc' dir='ltr'>ψυχῶν</span> <span class='ocrx_word' id='word_1_676' title='bbox 1314 4489 1468 4557; x_wconf 83' lang='grc' dir='ltr'>ὑμῶν</span> <span class='ocrx_word' id='word_1_677' title='bbox 1498 4489 1761 4542; x_wconf 69' lang='grc' dir='ltr'>ἀπέναντι</span> 
     </span>
    </p>
   </div>
   <div class='ocr_carea' id='block_1_92' title="bbox 1858 4487 3439 4576">
    <p class='ocr_par' dir='ltr' id='par_1_92' title="bbox 1865 4487 3439 4558">
     <span class='ocr_line' id='line_1_92' title="bbox 1865 4487 3439 4558; baseline -0.001 -15"><span class='ocrx_word' id='word_1_678' title='bbox 1865 4488 1945 4543; x_wconf 87' lang='lat' dir='ltr'><strong>vit</strong></span> <span class='ocrx_word' id='word_1_679' title='bbox 1972 4506 1984 4541; x_wconf 92' lang='lat'><strong>:</strong></span> <span class='ocrx_word' id='word_1_680' title='bbox 2010 4488 2315 4552; x_wconf 88' lang='lat' dir='ltr'><strong>Lavamini,</strong></span> <span class='ocrx_word' id='word_1_681' title='bbox 2345 4489 2537 4544; x_wconf 90' lang='lat' dir='ltr'><strong>mundi</strong></span> <span class='ocrx_word' id='word_1_682' title='bbox 2558 4494 2757 4553; x_wconf 90' lang='lat' dir='ltr'><strong>estote,</strong></span> <span class='ocrx_word' id='word_1_683' title='bbox 2782 4487 2996 4544; x_wconf 80' lang='lat' dir='ltr'><strong>auferte</strong></span> <span class='ocrx_word' id='word_1_684' title='bbox 3015 4489 3215 4543; x_wconf 90' lang='lat' dir='ltr'><strong>malum</strong></span> <span class='ocrx_word' id='word_1_685' title='bbox 3242 4488 3439 4558; x_wconf 75' lang='lat' dir='ltr'><strong>cogita-</strong></span> 
     </span>
    </p>
   </div>
   <div class='ocr_carea' id='block_1_93' title="bbox 182 4579 1761 4653">
    <p class='ocr_par' dir='ltr' id='par_1_93' title="bbox 182 4579 1761 4653">
     <span class='ocr_line' id='line_1_93' title="bbox 182 4579 1761 4653; baseline -0.001 -19"><span class='ocrx_word' id='word_1_686' title='bbox 182 4584 290 4635; x_wconf 87' lang='grc' dir='ltr'><strong>τῶν</strong></span> <span class='ocrx_word' id='word_1_687' title='bbox 325 4581 626 4653; x_wconf 76' lang='grc' dir='ltr'>ὀφθαλμῶν</span> <span class='ocrx_word' id='word_1_688' title='bbox 662 4598 763 4651; x_wconf 88' lang='grc' dir='ltr'><strong>μου</strong></span> <span class='ocrx_word' id='word_1_689' title='bbox 786 4596 801 4611; x_wconf 86' lang='grc'><strong>·</strong></span> <span class='ocrx_word' id='word_1_690' title='bbox 842 4579 1044 4648; x_wconf 82' lang='grc' dir='ltr'>μάθετε</span> <span class='ocrx_word' id='word_1_691' title='bbox 1101 4579 1266 4633; x_wconf 84' lang='grc' dir='ltr'>καλὸν</span> <span class='ocrx_word' id='word_1_692' title='bbox 1305 4582 1508 4632; x_wconf 82' lang='grc' dir='ltr'>ποιεῖν’</span> <span class='ocrx_word' id='word_1_693' title='bbox 1542 4580 1638 4633; x_wconf 79' lang='grc' dir='ltr'><strong>καὶ</strong></span> <span class='ocrx_word' id='word_1_694' title='bbox 1669 4580 1761 4634; x_wconf 80' lang='grc' dir='ltr'><strong>ἐὰν</strong></span> 
     </span>
    </p>
   </div>
   <div class='ocr_carea' id='block_1_94' title="bbox 1858 4579 3440 4653">
    <p class='ocr_par' dir='ltr' id='par_1_94' title="bbox 1865 4579 3440 4645">
     <span class='ocr_line' id='line_1_94' title="bbox 1865 4579 3440 4645; baseline 0.001 -11"><span class='ocrx_word' id='word_1_695' title='bbox 1865 4579 2077 4634; x_wconf 90' lang='lat' dir='ltr'><strong>tionum</strong></span> <span class='ocrx_word' id='word_1_696' title='bbox 2095 4589 2399 4635; x_wconf 89' lang='lat' dir='ltr'><strong>vestrarum</strong></span> <span class='ocrx_word' id='word_1_697' title='bbox 2418 4580 2488 4634; x_wconf 89' lang='lat' dir='ltr'><strong>ab</strong></span> <span class='ocrx_word' id='word_1_698' title='bbox 2502 4580 2677 4634; x_wconf 90' lang='lat' dir='ltr'><strong>oculis</strong></span> <span class='ocrx_word' id='word_1_699' title='bbox 2693 4579 2861 4645; x_wconf 90' lang='lat' dir='ltr'><strong>meis;</strong></span> <span class='ocrx_word' id='word_1_700' title='bbox 2884 4579 3079 4634; x_wconf 83' lang='lat' dir='ltr'><strong>discite</strong></span> <span class='ocrx_word' id='word_1_701' title='bbox 3100 4580 3440 4635; x_wconf 82' lang='lat' dir='ltr'><strong>benefacere.</strong></span> 
     </span>
    </p>
   </div>
   <div class='ocr_carea' id='block_1_95' title="bbox 182 4666 1764 4745">
    <p class='ocr_par' dir='ltr' id='par_1_95' title="bbox 182 4666 1764 4745">
     <span class='ocr_line' id='line_1_95' title="bbox 182 4666 1764 4745; baseline -0.002 -17"><span class='ocrx_word' id='word_1_702' title='bbox 182 4666 327 4728; x_wconf 71' lang='grc' dir='ltr'>ὦσιν.</span> <span class='ocrx_word' id='word_1_703' title='bbox 352 4676 407 4727; x_wconf 91' lang='grc' dir='ltr'>αἱ</span> <span class='ocrx_word' id='word_1_704' title='bbox 465 4672 734 4745; x_wconf 83' lang='grc' dir='ltr'>ἁμαρτίαι</span> <span class='ocrx_word' id='word_1_705' title='bbox 782 4670 937 4741; x_wconf 83' lang='grc' dir='ltr'>ὑμῶν</span> <span class='ocrx_word' id='word_1_706' title='bbox 984 4671 1058 4734; x_wconf 83' lang='grc' dir='ltr'>ὡς</span> <span class='ocrx_word' id='word_1_707' title='bbox 1115 4672 1414 4740; x_wconf 88' lang='grc' dir='ltr'>φοινικοῦν,</span> <span class='ocrx_word' id='word_1_708' title='bbox 1475 4672 1551 4734; x_wconf 83' lang='grc' dir='ltr'>ὡς</span> <span class='ocrx_word' id='word_1_709' title='bbox 1608 4671 1764 4741; x_wconf 87' lang='grc' dir='ltr'>χιόνα</span> 
     </span>
    </p>
   </div>
   <div class='ocr_carea' id='block_1_96' title="bbox 1866 4671 3444 4743">
    <p class='ocr_par' dir='ltr' id='par_1_96' title="bbox 1866 4671 3444 4743">
     <span class='ocr_line' id='line_1_96' title="bbox 1866 4671 3444 4743; baseline 0 -19"><span class='ocrx_word' id='word_1_710' title='bbox 1866 4672 1931 4725; x_wconf 83' lang='grc' dir='ltr'>Ει</span> <span class='ocrx_word' id='word_1_711' title='bbox 1953 4671 1999 4725; x_wconf 91' lang='lat' dir='ltr'><strong>si</strong></span> <span class='ocrx_word' id='word_1_712' title='bbox 2022 4672 2227 4727; x_wconf 79' lang='lat' dir='ltr'><strong>fuerint</strong></span> <span class='ocrx_word' id='word_1_713' title='bbox 2242 4680 2465 4743; x_wconf 90' lang='lat' dir='ltr'><strong>peccata</strong></span> <span class='ocrx_word' id='word_1_714' title='bbox 2488 4681 2670 4727; x_wconf 86' lang='lat' dir='ltr'><strong>vestra</strong></span> <span class='ocrx_word' id='word_1_715' title='bbox 2699 4672 2843 4726; x_wconf 88' lang='lat' dir='ltr'><strong>sicut</strong></span> <span class='ocrx_word' id='word_1_716' title='bbox 2858 4671 3168 4737; x_wconf 88' lang='lat' dir='ltr'><strong>coccinum,</strong></span> <span class='ocrx_word' id='word_1_717' title='bbox 3190 4681 3444 4740; x_wconf 87' lang='lat' dir='ltr'><strong>tanquam</strong></span> 
     </span>
    </p>
   </div>
   <div class='ocr_carea' id='block_1_97' title="bbox 182 4865 3450 4940">
    <p class='ocr_par' dir='ltr' id='par_1_97' title="bbox 182 4865 3450 4940">
     <span class='ocr_line' id='line_1_97' title="bbox 182 4865 3450 4940; baseline -0.002 -18"><span class='ocrx_word' id='word_1_718' title='bbox 182 4888 237 4923; x_wconf 83' lang='grc' dir='ltr'><strong>τι</strong></span> <span class='ocrx_word' id='word_1_719' title='bbox 258 4869 470 4940; x_wconf 4' lang='grc' dir='ltr'>,δυνήσῃ</span> <span class='ocrx_word' id='word_1_720' title='bbox 502 4868 729 4940; x_wconf 84' lang='grc' dir='ltr'>χάριτας</span> <span class='ocrx_word' id='word_1_721' title='bbox 768 4868 937 4940; x_wconf 60' lang='grc' dir='ltr'>πατρὶ</span> <span class='ocrx_word' id='word_1_722' title='bbox 965 4869 1143 4940; x_wconf 67' lang='grc' dir='ltr'><strong>⁸τίνειν</strong></span> <span class='ocrx_word' id='word_1_723' title='bbox 1377 4883 1418 4940; x_wconf 89' lang='lat'><strong>;_</strong></span> <span class='ocrx_word' id='word_1_724' title='bbox 1447 4868 1522 4940; x_wconf 13' lang='lat' dir='ltr'><strong>Eii</strong></span> <span class='ocrx_word' id='word_1_725' title='bbox 1550 4871 1657 4939; x_wconf 82' lang='grc' dir='ltr'>γὰρ</span> <span class='ocrx_word' id='word_1_726' title='bbox 1699 4869 1793 4922; x_wconf 68' lang='grc' dir='ltr'><strong>κα)¹</strong></span> <span class='ocrx_word' id='word_1_727' title='bbox 1832 4866 2129 4940; x_wconf 62' lang='grc' dir='ltr'><strong>χρήμασινΔ</strong></span> <span class='ocrx_word' id='word_1_728' title='bbox 2156 4866 2321 4919; x_wconf 80' lang='grc' dir='ltr'>αὐτὸν</span> <span class='ocrx_word' id='word_1_729' title='bbox 2334 4866 2563 4940; x_wconf 33' lang='grc' dir='ltr'>Αάμείψῃ</span> <span class='ocrx_word' id='word_1_730' title='bbox 2615 4866 2936 4940; x_wconf 72' lang='grc' dir='ltr'>φιλοτίμως,</span> <span class='ocrx_word' id='word_1_731' title='bbox 2973 4866 3081 4940; x_wconf 68' lang='grc' dir='ltr'><strong>καὶ</strong></span> <span class='ocrx_word' id='word_1_732' title='bbox 3108 4865 3450 4940; x_wconf 61' lang='grc' dir='ltr'>νουθετῂσεις</span> 
     </span>
    </p>
   </div>
   <div class='ocr_carea' id='block_1_98' title="bbox 187 4934 1761 5012">
    <p class='ocr_par' dir='ltr' id='par_1_98' title="bbox 187 4934 1761 5011">
     <span class='ocr_line' id='line_1_98' title="bbox 187 4934 1761 5011; baseline 0.001 -19"><span class='ocrx_word' id='word_1_733' title='bbox 187 4939 315 4992; x_wconf 73' lang='grc' dir='ltr'>ἔνθα</span> <span class='ocrx_word' id='word_1_734' title='bbox 353 4934 470 5004; x_wconf 57' lang='grc' dir='ltr'>δεῖξ’</span> <span class='ocrx_word' id='word_1_735' title='bbox 493 4934 590 4991; x_wconf 70' lang='grc' dir='ltr'><strong>καῖ</strong></span> <span class='ocrx_word' id='word_1_736' title='bbox 614 4939 809 5008; x_wconf 76' lang='grc' dir='ltr'>τέχνας</span> <span class='ocrx_word' id='word_1_737' title='bbox 840 4934 1155 5004; x_wconf 77' lang='grc' dir='ltr'>ἐκδιδάξεις,</span> <span class='ocrx_word' id='word_1_738' title='bbox 1200 4937 1337 4989; x_wconf 82' lang='grc' dir='ltr'>Ἀλλ’</span> <span class='ocrx_word' id='word_1_739' title='bbox 1368 4938 1470 4989; x_wconf 82' lang='grc' dir='ltr'>οὐκ</span> <span class='ocrx_word' id='word_1_740' title='bbox 1502 4934 1761 5011; x_wconf 49' lang='grc' dir='ltr'>ἀντιγεννη</span> 
     </span>
    </p>
   </div>
   <div class='ocr_carea' id='block_1_99' title="bbox 1858 4934 3449 5012">
    <p class='ocr_par' dir='ltr' id='par_1_99' title="bbox 1858 4934 3449 5008">
     <span class='ocr_line' id='line_1_99' title="bbox 1858 4934 3449 5008; baseline 0 -16"><span class='ocrx_word' id='word_1_741' title='bbox 1858 4934 1888 4993; x_wconf 70' lang='lat' dir='ltr'><strong>ii</strong></span> <span class='ocrx_word' id='word_1_742' title='bbox 1920 4934 1982 5005; x_wconf 71' lang='grc' dir='ltr'><strong>γε</strong></span> <span class='ocrx_word' id='word_1_743' title='bbox 2011 4937 2214 5008; x_wconf 84' lang='grc' dir='ltr'>δυνήσῃ</span> <span class='ocrx_word' id='word_1_744' title='bbox 2265 4934 2455 4990; x_wconf 83' lang='grc' dir='ltr'>τοῦτον</span> <span class='ocrx_word' id='word_1_745' title='bbox 2494 4934 2650 5001; x_wconf 66' lang='grc' dir='ltr'>ὅλως.</span> <span class='ocrx_word' id='word_1_746' title='bbox 2705 4936 2770 4993; x_wconf 83' lang='grc' dir='ltr'>Ει</span> <span class='ocrx_word' id='word_1_747' title='bbox 2798 4934 2878 4993; x_wconf 69' lang='lat' dir='ltr'><strong>Sic</strong></span> <span class='ocrx_word' id='word_1_748' title='bbox 2913 4939 3075 4993; x_wconf 76' lang='lat' dir='ltr'><strong>etiam</strong></span> <span class='ocrx_word' id='word_1_749' title='bbox 3122 4936 3250 4991; x_wconf 85' lang='lat' dir='ltr'><strong>alibi</strong></span> <span class='ocrx_word' id='word_1_750' title='bbox 3280 4934 3449 4992; x_wconf 75' lang='lat' dir='ltr'><strong>Geni&quot;</strong></span> 
     </span>
    </p>
   </div>
   <div class='ocr_carea' id='block_1_100' title="bbox 185 5025 731 5148">
    <p class='ocr_par' dir='ltr' id='par_1_100' title="bbox 185 5025 731 5148">
     <span class='ocr_line' id='line_1_100' title="bbox 185 5025 324 5080; baseline 0.029 -21"><span class='ocrx_word' id='word_1_751' title='bbox 185 5025 324 5080; x_wconf 72' lang='lat' dir='ltr'><strong>gius.</strong></span> 
     </span>
     <span class='ocr_line' id='line_1_101' title="bbox 261 5079 731 5148; baseline -0.004 -14"><span class='ocrx_word' id='word_1_752' title='bbox 261 5080 372 5148; x_wconf 71' lang='grc' dir='ltr'>(δε)</span> <span class='ocrx_word' id='word_1_753' title='bbox 403 5079 488 5134; x_wconf 83' lang='lat' dir='ltr'><strong>cr.</strong></span> <span class='ocrx_word' id='word_1_754' title='bbox 523 5094 573 5148; x_wconf 92' lang='lat' dir='ltr'><strong>p.</strong></span> <span class='ocrx_word' id='word_1_755' title='bbox 606 5079 731 5133; x_wconf 72' lang='lat'><strong>525.</strong></span> 
     </span>
    </p>
   </div>
   <div class='ocr_carea' id='block_1_101' title="bbox 260 5149 995 5217">
    <p class='ocr_par' dir='ltr' id='par_1_101' title="bbox 260 5149 995 5217">
     <span class='ocr_line' id='line_1_102' title="bbox 260 5149 995 5217; baseline 0.003 -17"><span class='ocrx_word' id='word_1_756' title='bbox 260 5150 374 5217; x_wconf 78' lang='grc'>(85)</span> <span class='ocrx_word' id='word_1_757' title='bbox 406 5150 559 5217; x_wconf 85' lang='lat' dir='ltr'><strong>Apud</strong></span> <span class='ocrx_word' id='word_1_758' title='bbox 589 5149 784 5203; x_wconf 81' lang='lat' dir='ltr'><strong>Joann.</strong></span> <span class='ocrx_word' id='word_1_759' title='bbox 821 5164 908 5214; x_wconf 83' lang='lat' dir='ltr'><strong>xv,</strong></span> <span class='ocrx_word' id='word_1_760' title='bbox 944 5150 995 5204; x_wconf 84' lang='grc'><strong>5.</strong></span> 
     </span>
    </p>
   </div>
   <div class='ocr_carea' id='block_1_102' title="bbox 260 5218 1940 5293">
    <p class='ocr_par' dir='ltr' id='par_1_102' title="bbox 260 5218 1940 5293">
     <span class='ocr_line' id='line_1_103' title="bbox 260 5218 1940 5293; baseline -0.001 -20"><span class='ocrx_word' id='word_1_761' title='bbox 260 5219 374 5293; x_wconf 48' lang='grc' dir='ltr'>(δέ)</span> <span class='ocrx_word' id='word_1_762' title='bbox 400 5218 547 5293; x_wconf 66' lang='lat' dir='ltr'><strong>Pe_tr._</strong></span> <span class='ocrx_word' id='word_1_763' title='bbox 580 5220 601 5273; x_wconf 88' lang='grc' dir='ltr'>Ι</span> <span class='ocrx_word' id='word_1_764' title='bbox 636 5220 817 5293; x_wconf 44' lang='lat' dir='ltr'><strong>Epist</strong></span> <span class='ocrx_word' id='word_1_765' title='bbox 841 5236 879 5280; x_wconf 89' lang='grc' dir='ltr'>ι,</span> <span class='ocrx_word' id='word_1_766' title='bbox 916 5222 948 5273; x_wconf 88' lang='lat'>8</span> <span class='ocrx_word' id='word_1_767' title='bbox 984 5238 996 5273; x_wconf 92' lang='lat'><strong>:</strong></span> <span class='ocrx_word' id='word_1_768' title='bbox 1031 5219 1364 5293; x_wconf 69' lang='grc' dir='ltr'>ἀγαλλιᾶσθε</span> <span class='ocrx_word' id='word_1_769' title='bbox 1393 5223 1540 5293; x_wconf 85' lang='grc' dir='ltr'>χαρᾷ</span> <span class='ocrx_word' id='word_1_770' title='bbox 1566 5220 1940 5293; x_wconf 76' lang='grc' dir='ltr'>ἀνεκλαλήτῳ.</span> 
     </span>
    </p>
   </div>
   <div class='ocr_carea' id='block_1_103' title="bbox 260 5283 1761 5363">
    <p class='ocr_par' dir='ltr' id='par_1_103' title="bbox 260 5283 1742 5363">
     <span class='ocr_line' id='line_1_104' title="bbox 260 5283 1742 5363; baseline 0.003 -22"><span class='ocrx_word' id='word_1_771' title='bbox 260 5283 375 5363; x_wconf 15' lang='grc'>(8⁵5)</span> <span class='ocrx_word' id='word_1_772' title='bbox 409 5289 425 5342; x_wconf 96' lang='lat' dir='ltr'><strong>l</strong></span> <span class='ocrx_word' id='word_1_773' title='bbox 457 5288 625 5356; x_wconf 83' lang='lat' dir='ltr'><strong>Epist.</strong></span> <span class='ocrx_word' id='word_1_774' title='bbox 659 5283 724 5363; x_wconf 75' lang='lat' dir='ltr'><strong>ad</strong></span> <span class='ocrx_word' id='word_1_775' title='bbox 777 5287 970 5344; x_wconf 81' lang='lat' dir='ltr'><strong>Thess.</strong></span> <span class='ocrx_word' id='word_1_776' title='bbox 1005 5309 1056 5357; x_wconf 91' lang='lat' dir='ltr'><strong>v,</strong></span> <span class='ocrx_word' id='word_1_777' title='bbox 1081 5283 1122 5348; x_wconf 62' lang='grc'><strong>’5</strong></span> <span class='ocrx_word' id='word_1_778' title='bbox 1154 5310 1168 5347; x_wconf 82' lang='grc' dir='ltr'><strong>ι</strong></span> <span class='ocrx_word' id='word_1_779' title='bbox 1206 5283 1551 5363; x_wconf 62' lang='grc' dir='ltr'>Πάντες</span> <span class='ocrx_word' id='word_1_780' title='bbox 1582 5293 1742 5363; x_wconf 79' lang='grc' dir='ltr'>ὑμεῖς</span> 
     </span>
    </p>
   </div>
   <div class='ocr_carea' id='block_1_104' title="bbox 1858 5283 3447 5363">
    <p class='ocr_par' dir='ltr' id='par_1_104' title="bbox 1858 5283 3447 5361">
     <span class='ocr_line' id='line_1_105' title="bbox 1858 5283 3447 5361; baseline -0.004 -18"><span class='ocrx_word' id='word_1_781' title='bbox 1858 5283 1902 5343; x_wconf 61' lang='lat' dir='ltr'><strong>9i:</strong></span> <span class='ocrx_word' id='word_1_782' title='bbox 1944 5291 2119 5361; x_wconf 87' lang='grc' dir='ltr'>φωτός</span> <span class='ocrx_word' id='word_1_783' title='bbox 2178 5290 2321 5343; x_wconf 79' lang='grc' dir='ltr'>ὲττε.</span> <span class='ocrx_word' id='word_1_784' title='bbox 2378 5289 2546 5359; x_wconf 80' lang='lat' dir='ltr'><strong>Epist.</strong></span> <span class='ocrx_word' id='word_1_785' title='bbox 2582 5288 2646 5343; x_wconf 90' lang='lat' dir='ltr'><strong>ad</strong></span> <span class='ocrx_word' id='word_1_786' title='bbox 2694 5288 2894 5358; x_wconf 84' lang='lat' dir='ltr'><strong>Epltcs.</strong></span> <span class='ocrx_word' id='word_1_787' title='bbox 2932 5302 2983 5353; x_wconf 87' lang='lat' dir='ltr'><strong>v,</strong></span> <span class='ocrx_word' id='word_1_788' title='bbox 3016 5286 3094 5340; x_wconf 89' lang='lat'><strong>8:</strong></span> <span class='ocrx_word' id='word_1_789' title='bbox 3140 5284 3225 5349; x_wconf 85' lang='grc' dir='ltr'>Ὠς</span> <span class='ocrx_word' id='word_1_790' title='bbox 3280 5283 3447 5339; x_wconf 80' lang='grc' dir='ltr'>τέκνα</span> 
     </span>
    </p>
   </div>
   <div class='ocr_carea' id='block_1_105' title="bbox 192 5360 779 5427">
    <p class='ocr_par' dir='ltr' id='par_1_105' title="bbox 192 5360 779 5427">
     <span class='ocr_line' id='line_1_106' title="bbox 192 5360 779 5427; baseline 0.003 -17"><span class='ocrx_word' id='word_1_791' title='bbox 192 5360 369 5427; x_wconf 77' lang='grc' dir='ltr'>φωτὸς</span> <span class='ocrx_word' id='word_1_792' title='bbox 403 5362 779 5427; x_wconf 81' lang='grc' dir='ltr'>περιπατεῖτε.</span> 
     </span>
    </p>
   </div>
   <div class='ocr_carea' id='block_1_106' title="bbox 285 5426 958 5497">
    <p class='ocr_par' dir='ltr' id='par_1_106' title="bbox 285 5426 958 5497">
     <span class='ocr_line' id='line_1_107' title="bbox 285 5426 958 5497; baseline 0 -15"><span class='ocrx_word' id='word_1_793' title='bbox 285 5426 375 5497; x_wconf 83' lang='grc'>86)</span> <span class='ocrx_word' id='word_1_794' title='bbox 411 5428 493 5483; x_wconf 81' lang='lat' dir='ltr'><strong>Cf.</strong></span> <span class='ocrx_word' id='word_1_795' title='bbox 523 5430 719 5483; x_wconf 79' lang='lat' dir='ltr'><strong>similia</strong></span> <span class='ocrx_word' id='word_1_796' title='bbox 751 5445 802 5497; x_wconf 90' lang='lat' dir='ltr'><strong>p.</strong></span> <span class='ocrx_word' id='word_1_797' title='bbox 836 5428 958 5483; x_wconf 83' lang='lat'><strong>507.</strong></span> 
     </span>
    </p>
   </div>
   <div class='ocr_carea' id='block_1_107' title="bbox 286 5496 1119 5569">
    <p class='ocr_par' dir='ltr' id='par_1_107' title="bbox 286 5496 1119 5569">
     <span class='ocr_line' id='line_1_108' title="bbox 286 5496 1119 5569; baseline 0.004 -18"><span class='ocrx_word' id='word_1_798' title='bbox 286 5496 378 5569; x_wconf 66' lang='grc'><strong>87)</strong></span> <span class='ocrx_word' id='word_1_799' title='bbox 410 5498 477 5569; x_wconf 70' lang='lat'><strong>(3,</strong></span> <span class='ocrx_word' id='word_1_800' title='bbox 511 5500 606 5552; x_wconf 68' lang='grc' dir='ltr'><strong>κα)⁴</strong></span> <span class='ocrx_word' id='word_1_801' title='bbox 639 5496 984 5569; x_wconf 67' lang='grc' dir='ltr'>μονάζὸντων</span> <span class='ocrx_word' id='word_1_802' title='bbox 1019 5504 1119 5564; x_wconf 84' lang='grc' dir='ltr'>είς.</span> 
     </span>
    </p>
   </div>
   <div class='ocr_carea' id='block_1_108' title="bbox 290 5564 3456 5642">
    <p class='ocr_par' dir='ltr' id='par_1_108' title="bbox 290 5564 3456 5642">
     <span class='ocr_line' id='line_1_109' title="bbox 290 5564 3456 5642; baseline 0 -19"><span class='ocrx_word' id='word_1_803' title='bbox 290 5567 381 5642; x_wconf 76' lang='lat'>88)</span> <span class='ocrx_word' id='word_1_804' title='bbox 416 5568 558 5621; x_wconf 75' lang='lat' dir='ltr'><strong>l’sal.</strong></span> <span class='ocrx_word' id='word_1_805' title='bbox 593 5564 701 5642; x_wconf 65' lang='grc' dir='ltr'>ιιιζι,</span> <span class='ocrx_word' id='word_1_806' title='bbox 735 5569 767 5622; x_wconf 80' lang='grc'>5</span> <span class='ocrx_word' id='word_1_807' title='bbox 802 5587 813 5622; x_wconf 91' lang='lat'>:</span> <span class='ocrx_word' id='word_1_808' title='bbox 858 5569 1021 5623; x_wconf 81' lang='grc' dir='ltr'>ἰνατί</span> <span class='ocrx_word' id='word_1_809' title='bbox 1044 5570 1349 5641; x_wconf 80' lang='grc' dir='ltr'>περίλυπος</span> <span class='ocrx_word' id='word_1_810' title='bbox 1376 5568 1444 5640; x_wconf 76' lang='grc' dir='ltr'>εἴ,</span> <span class='ocrx_word' id='word_1_811' title='bbox 1474 5572 1506 5642; x_wconf 86' lang='grc' dir='ltr'>ή</span> <span class='ocrx_word' id='word_1_812' title='bbox 1539 5570 1684 5642; x_wconf 77' lang='grc' dir='ltr'>ψυχή</span> <span class='ocrx_word' id='word_1_813' title='bbox 1723 5586 1848 5642; x_wconf 86' lang='grc' dir='ltr'>μου,</span> <span class='ocrx_word' id='word_1_814' title='bbox 1869 5567 1965 5623; x_wconf 68' lang='grc' dir='ltr'>καὶ</span> <span class='ocrx_word' id='word_1_815' title='bbox 1995 5568 2134 5623; x_wconf 88' lang='grc' dir='ltr'>ἱνατί</span> <span class='ocrx_word' id='word_1_816' title='bbox 2161 5570 2554 5640; x_wconf 83' lang='grc' dir='ltr'>συνταράσσεις</span> <span class='ocrx_word' id='word_1_817' title='bbox 2595 5583 2691 5639; x_wconf 68' lang='lat' dir='ltr'><strong>pc;</strong></span> <span class='ocrx_word' id='word_1_818' title='bbox 2718 5567 2840 5621; x_wconf 81' lang='grc' dir='ltr'>ὲλπ.</span> <span class='ocrx_word' id='word_1_819' title='bbox 2866 5569 2912 5621; x_wconf 77' lang='grc' dir='ltr'><strong>ὲ.</strong></span> <span class='ocrx_word' id='word_1_820' title='bbox 2946 5584 2996 5623; x_wconf 89' lang='grc' dir='ltr'><strong>τ.</strong></span> <span class='ocrx_word' id='word_1_821' title='bbox 3029 5565 3105 5632; x_wconf 77' lang='lat'><strong>0.,</strong></span> <span class='ocrx_word' id='word_1_822' title='bbox 3140 5568 3233 5621; x_wconf 70' lang='grc' dir='ltr'>καὶ</span> <span class='ocrx_word' id='word_1_823' title='bbox 3260 5564 3456 5638; x_wconf 65' lang='grc' dir='ltr'><strong>ἐξομοι-</strong></span> 
     </span>
    </p>
   </div>
   <div class='ocr_carea' id='block_1_109' title="bbox 195 5634 715 5707">
    <p class='ocr_par' dir='ltr' id='par_1_109' title="bbox 195 5634 715 5707">
     <span class='ocr_line' id='line_1_110' title="bbox 195 5634 715 5707; baseline 0.004 -17"><span class='ocrx_word' id='word_1_824' title='bbox 195 5634 328 5707; x_wconf 81' lang='grc' dir='ltr'>λογή</span> <span class='ocrx_word' id='word_1_825' title='bbox 337 5634 505 5705; x_wconf 69' lang='grc' dir='ltr'>σομαι</span> <span class='ocrx_word' id='word_1_826' title='bbox 546 5639 715 5707; x_wconf 76' lang='grc' dir='ltr'>αὐτῷ.</span> 
     </span>
    </p>
   </div>
   <div class='ocr_carea' id='block_1_110' title="bbox 268 5707 833 5773">
    <p class='ocr_par' dir='ltr' id='par_1_110' title="bbox 268 5707 833 5773">
     <span class='ocr_line' id='line_1_111' title="bbox 268 5707 833 5773; baseline -0.005 -13"><span class='ocrx_word' id='word_1_827' title='bbox 268 5710 384 5773; x_wconf 61' lang='grc' dir='ltr'>(8ὲῦ</span> <span class='ocrx_word' id='word_1_828' title='bbox 418 5707 561 5761; x_wconf 69' lang='lat' dir='ltr'><strong>Paul.</strong></span> <span class='ocrx_word' id='word_1_829' title='bbox 596 5725 740 5773; x_wconf 72' lang='grc' dir='ltr'>ωιιν,</span> <span class='ocrx_word' id='word_1_830' title='bbox 775 5710 833 5762; x_wconf 66' lang='grc' dir='ltr'><strong>ἐξ.</strong></span> 
     </span>
    </p>
   </div>
   <div class='ocr_carea' id='block_1_111' title="bbox 265 5775 757 5843">
    <p class='ocr_par' dir='ltr' id='par_1_111' title="bbox 265 5775 757 5843">
     <span class='ocr_line' id='line_1_112' title="bbox 265 5775 757 5843; baseline 0.01 -14"><span class='ocrx_word' id='word_1_831' title='bbox 265 5776 383 5838; x_wconf 82' lang='lat'><strong>(90)</strong></span> <span class='ocrx_word' id='word_1_832' title='bbox 417 5775 522 5833; x_wconf 87' lang='lat' dir='ltr'><strong>lsa.</strong></span> <span class='ocrx_word' id='word_1_833' title='bbox 552 5793 589 5843; x_wconf 91' lang='grc' dir='ltr'>ι,</span> <span class='ocrx_word' id='word_1_834' title='bbox 624 5779 757 5834; x_wconf 77' lang='grc'><strong>16...</strong></span> 
     </span>
    </p>
   </div>
   <div class='ocr_carea' id='block_1_112' title="bbox 517 5862 1225 5926">
    <p class='ocr_par' dir='ltr' id='par_1_112' title="bbox 517 5862 1225 5926">
     <span class='ocr_line' id='line_1_113' title="bbox 517 5862 1225 5926; baseline -0.001 -1"><span class='ocrx_word' id='word_1_835' title='bbox 517 5865 791 5925; x_wconf 52' lang='lat' dir='ltr'><strong>Parnm“</strong></span> <span class='ocrx_word' id='word_1_836' title='bbox 840 5864 955 5926; x_wconf 79' lang='lat' dir='ltr'><strong>Gn.</strong></span> <span class='ocrx_word' id='word_1_837' title='bbox 1006 5862 1225 5926; x_wconf 80' lang='lat' dir='ltr'><strong>XCVI.</strong></span> 
     </span>
    </p>
   </div>
   <div class='ocr_carea' id='block_1_113' title="bbox 3065 5855 3145 5917">
    <p class='ocr_par' dir='ltr' id='par_1_113' title="bbox 3065 5855 3145 5917">
     <span class='ocr_line' id='line_1_114' title="bbox 3065 5855 3145 5917; baseline -0.025 0"><span class='ocrx_word' id='word_1_838' title='bbox 3065 5855 3145 5917; x_wconf 88' lang='lat'>38</span> 
     </span>
    </p>
   </div>
  </div>
