3882 6356
1271 5 1844 22 .___.______....._.__-----_—=—-w

1372 426 1549 488 VITA
1585 415 1944 482 BARLAAM
1996 418 2090 478 ET
2129 411 2486 478 JOASAPH.
3419 418 3556 482 1393

305 447 436 510 1297

293 551 355 603 τὸ
381 547 748 618 χειρόγραφον
776 542 888 613 (96)
918 542 1028 596 τῶν
1055 539 1221 596 αὑτοῦ
1257 538 1634 608 πταισμάτων,
1671 536 1767 591 καὶ
1793 533 1865 587 τὰ

1991 529 2143 598 psius
2165 527 2386 583 chartas
2425 541 2718 598 concerpe,
2762 538 3090 598 sav‘ctosque
3123 539 3269 594 tuos,
3323 545 3463 600 quos
3502 541 3558 586 ct

294 638 648 711 γραμματεῖα
681 634 974 708 διάρρηξον
1023 632 1135 686 τῶν
1174 630 1339 688 αὑτοῦ
1371 625 1742 702 δςρλημιίιτων,¹
1770 627 1869 682 καὶ

1993 640 2094 694 gne
2127 632 2183 678 et
2205 623 2383 694 gladio
2413 624 2482 678 de
2507 623 2690 679 medio
2721 624 2943 680 sustulit
2967 623 3137 692 (Psal.
3167 622 3405 694 LXXVIII),
3432 641 3558 680 cum

293 729 425 790 τοὺς
457 725 646 794 ἁγίους
693 740 787 784 σου
831 720 1165 787 κατάλλαξον
1215 721 1362 790 αὐτῷ
1390 719 1485 784 οὓς
1529 719 1664 792 πυρί
1691 734 1751 770 τε
1774 717 1870 770 καὶ

1995 733 2094 788 pso
2124 719 2177 771 in
2213 717 2445 787 gratiam
2481 718 2675 782 reduc,
2723 719 2935 788 eisque,
2965 733 3036 772 ne
3081 717 3184 788 ipsi
3217 717 3464 774 infensos
3503 729 3560 774 et

195 847 231 884 δ,
301 816 443 884 ξίφει
470 815 700 869 ἀνείλενο
727 812 984 878 ἐπίταξον
1012 814 1209 876 αὐτοὺς
1250 811 1327 883 μὴ
1354 812 1475 864 κατ’
1513 809 1679 864 αὐτοῦ
1713 810 1868 882 ὀργί-

1995 819 2142 864 ratos
2174 826 2294 866 sese
2348 811 2635 881 praebeant
2667 811 2898 881 impera.
2952 808 3149 864 Omnia
3200 811 3404 881 quippe
3457 811 3557 867 tibi

300 907 514 972 ζεσθαι.
549 907 734 960 Πάντα
773 904 880 974 γὰρ
907 904 1108 959 δυνατά
1137 921 1219 958 σοι
1245 903 1325 973 τῷ
1355 903 1571 956 πάντων
1598 901 1867 971 Δεσπότῃ,

301 999 417 1053 ἀλλ’
453 998 485 1068 ἢ
521 997 679 1068 μόνον
701 995 765 1050 τδ
807 995 880 1064 μὴ
917 995 1088 1048 ἐλεεῖν
1131 995 1258 1057 τοὺς
1314 992 1388 1064 μὴ
1443 991 1872 1062 ἐπιστρέφοντας

303 1089 440 1158 πρὸς
470 1091 528 1140 σέ
551 1103 566 1117 ο
605 1086 765 1140 τοῦτο
795 1084 1076 1139 ἀδύνατον.
1115 1085 1187 1137 Τὸ
1208 1084 1316 1154 γὰρ
1337 1083 1487 1147 έλεός
1515 1100 1609 1136 σου
1643 1082 1874 1151 ἐκκέχυ-

301 1195 391 1230 ται
416 1178 505 1228 ἐπὶ
537 1177 767 1239 πάντας,
797 1177 892 1228 καὶ
925 1174 1119 1240 σώζεις
1139 1175 1268 1238 τοὺς
1295 1173 1758 1243 ἐπικαλουμένους
1787 1189 1870 1234 σε,

304 1267 477 1338 Κύριε
519 1265 695 1336 Ἰησοῦ
728 1265 950 1336 Χριστὲ,
975 1266 1072 1320 ¹ὅτι
1123 1264 1324 1334 πρέπει
1355 1280 1439 1316 σοι
1465 1262 1592 1327 δόξα
1630 1266 1711 1326 είς
1745 1264 1874 1326 τοὺς

303 1357 531 1420 αἰῶνας.
569 1358 766 1427 Ἀμήν.

377 1451 648 1512 Τοιαύτας
679 1448 844 1519 εὐχὰς
873 1451 967 1504 καὶ
993 1452 1208 1520 δεήσεις
1239 1437 1546 1523 προσέφερε
1567 1449 1644 1521 τῷ
1670 1449 1790 1518 Θεῷ
1817 1452 1876 1502 έν

307 1540 455 1603 ὅλαις
478 1539 617 1592 ἑπτὰ
635 1539 888 1610 ἡμέραις,
916 1542 1161 1612 μηδόλως
1181 1542 1277 1596 τοῦ
1307 1544 1589 1615 μνήματος
1609 1541 1872 1604 ἀποστὰς,

320 1632 395 1701 μὴ
443 1630 700 1702 βρώσεως
751 1632 784 1701 ἢ
823 1632 1031 1696 πόσεως
1065 1634 1396 1704 τοπαράπαν
1448 1633 1708 1706 μνησθεὶς
1738 1633 1876 1703 (97),

313 1721 451 1791 μήτε
494 1721 600 1792 μὴν
638 1722 999 1785 ἀναπαύσεως
1033 1722 1202 1776 ὕπνου
1251 1724 1536 1795 μετασχών
1560 1741 1574 1755 ·
1621 1724 1759 1778 ἀλλὰ
1784 1723 1880 1777 δά·

1970 902 2218 957 omnium
2250 902 2486 957 Domino
2515 903 2803 974 possibilia
2835 909 2982 966 sunt,
3028 901 3134 956 hoc
3161 918 3274 957 uno
3303 910 3558 973 excepto,

1969 993 2118 1065 quod
2153 995 2288 1064 quin
2319 1003 2372 1050 te
2401 1010 2591 1051 eorum
2628 995 2723 1064 qui
2765 1011 2886 1050 sese
2913 994 2980 1049 ad
3017 1003 3069 1050 te
3099 1003 3428 1050 convertunt
3453 997 3560 1054 Ini-

1967 1094 2171 1153 sereat,
2199 1087 2376 1141 facere
2410 1102 2519 1141 non
2559 1097 2740 1156 potes.
2773 1085 3157 1142 Misericordia
3199 1086 3348 1141 enim
3377 1095 3468 1141 tua
3503 1085 3559 1140 in

1969 1192 2164 1232 omnes
2211 1175 2413 1231 diffusa
2466 1185 2570 1244 est,
2606 1185 2771 1246 atque
2813 1177 2882 1231 iis
2938 1192 2966 1230 a
3005 1176 3214 1247 quibus
3263 1177 3558 1243 invocaris,

1971 1268 2203 1324 salutem
2231 1268 2418 1332 affers,
2441 1268 2673 1323 Domine
2695 1267 2824 1323 Jesu
2845 1267 3088 1335 Christe,
3112 1267 3375 1338 quoniam
3401 1268 3562 1325 decet

1951 1372 2016 1420 ια
2050 1362 2223 1433 gloria
2256 1362 2311 1416 in
2340 1362 2558 1417 saecula.
2597 1361 2795 1416 Amen.

2043 1453 2374 1525 llujusmodi
2419 1468 2616 1523 preces
2671 1461 2728 1508 et
2776 1452 3060 1508 orationes
3105 1453 3218 1508 Deo
3265 1453 3554 1522 offerebat,

1971 1556 2180 1615 septem
2211 1547 2330 1601 dies
2363 1563 2393 1601 a
2430 1548 2686 1617 sepulcro
2710 1548 2937 1601 omnino
2967 1563 3078 1602 non
3106 1546 3420 1612 discedens,
3455 1562 3558 1602 nec

1970 1637 2081 1692 cibi
2125 1637 2428 1710 quidquam
2489 1645 2583 1691 aut
2626 1646 2794 1708 potus
2843 1638 3164 1704 admittens,
3212 1653 3317 1692 nec
3361 1653 3556 1694 rursus

1970 1741 2164 1781 somno
2199 1742 2403 1795 corpus
2449 1741 2729 1788 recreans,
2762 1743 2958 1782 verum
2986 1737 3042 1782 et
3084 1728 3341 1800 lacrymis
3381 1728 3561 1784 solum

311 1830 474 1882 κρυσι
515 1816 613 1882 μὲν
641 1814 701 1866 τὸ
731 1815 928 1882 ἔδαφος
968 1817 1184 1888 ἐϐρεχε,
1241 1820 1567 1888 στεναγμοῖς
1593 1817 1652 1871 δὲ
1677 1817 1879 1887 ἀσιγή-α

1988 1819 2158 1890 'igans
2193 1819 2368 1890 (Psal.
2399 1818 2565 1889 CXLI),
2592 1826 2649 1874 et
2681 1835 2806 1874 cum
2839 1820 3083 1874 luctibus
3109 1835 3330 1875 omnem
3357 1821 3564 1876 oratio-

310 1921 424 1967 τοις
449 1904 739 1974 εὐχόμενος
764 1907 1010 1960 διετέλει.
1038 1908 1115 1979 Τῇ
1145 1907 1307 1980 ὀγδόῃ
1330 1909 1387 1961 δὲ
1414 1910 1495 1972 είς
1527 1908 1589 1962 τὸ
1617 1908 1880 1963 παλάτιον

1988 1914 2060 1968 Iis
2097 1912 2417 1967 facultatem
2447 1911 2846 1979 superantibus
2883 1911 2940 1965 in
2985 1911 3236 1966 oratione
3284 1921 3560 1981 perstans.

313 1994 646 2061 ἐπανελθὼν,
678 1996 858 2049 πάντα
887 1995 978 2051 τὸν
1006 1998 1233 2055 πλοῦτον
1258 1999 1354 2053 καὶ
1383 1998 1452 2052 τὰ
1481 2000 1742 2069 χρήματα
1765 2001 1881 2061 τοῖς

315 2084 509 2153 πένησι
531 2085 823 2156 διένειμεν,
864 2087 942 2151 ὡς
975 2088 1173 2160 μηκέτι
1203 2088 1594 2161 ὑπολειφθῆναί
1622 2105 1741 2142 τινα
1771 2088 1882 2142 τῶν

313 2176 501 2245 χρείαν
531 2177 785 2246 ἐχόντων.

385 2269 540 2322 ΚΕΦ.
569 2271 707 2336 AG".
754 2271 840 2323 Ἐν
869 2269 1162 2340 ὀλίγαιςδὲ
1202 2273 1442 2345 ἡμέραις
1489 2272 1588 2344 τὴν
1625 2273 1884 2344 τοιαύτην

314 2357 536 2422 τελέσας
562 2359 836 2416 διακονίαν
867 2361 959 2416 καὶ
985 2363 1194 2428 πάντας
1220 2365 1348 2429 τοὺς
1382 2364 1695 2436 θησαυροὺς
1724 2381 1886 2418 κατα-

317 2447 582 2514 κενὼσας,
621 2452 770 2514 ὅπως
817 2452 1063 2522 μέλλοντι
1103 2454 1203 2526 τὴν
1260 2455 1453 2527 στενὴν
1504 2455 1732 2508 εἰσιέναι
1779 2454 1886 2508 πύ-

316 2537 414 2604 λην
442 2539 552 2608 (98)
590 2540 757 2610 μηδὲν
793 2543 942 2614 αὐτῷ
997 2547 1340 2616 ὲμποδίσειεν
1367 2550 1396 2602 ὁ
1435 2548 1546 2601 τῶν
1587 2549 1886 2619 χρημάτων

313 2628 478 2695 ὄγκος
507 2631 642 2699 (99),
669 2635 735 2704 τῇ
769 2640 1182 2710 τεσσαρακοστῇ
1217 2639 1402 2710 ἡμέρᾳ
1428 2639 1525 2709 τῆς
1549 2639 1647 2692 τοῦ
1683 2639 1889 2712 πατρὸς

313 2722 596 2795 τελευτῆς,
642 2727 864 2797 μνήμην
908 2729 1058 2799 αύτῷ
1111 2730 1306 2796 τελῶν,
1359 2733 1621 2800 συγκαλεῖ
1678 2734 1889 2797 πάντας

313 2816 443 2878 τοὺς
471 2817 528 2869 έν
557 2817 701 2874 τέλει
732 2818 828 2872 καί¹
858 2821 983 2884 τοὺς
1011 2823 1380 2892 στρατιωτικὰ
1420 2825 1890 2896 περιεζωσμένους

317 2908 412 2960 καὶ
466 2907 562 2962 τοῦ
604 2909 885 2964 πολιτικοῦ
948 2912 1078 2966 λαοῦ
1135 2915 1240 2967 οὐκ
1295 2915 1460 2990 326
1497 2917 1732 2984 ὀλίγους.
1780 2918 1890 2971 Καὶ⁸

317 3000 680 3074 προκαθίσας,
729 3003 804 3067 ὠς
851 3004 994 3069 ἔθος,
1049 3009 1214 3078 φησὶν
1263 3011 1342 3072 είς
1376 3011 1610 3078 ἐπήκοον
1650 3012 1886 3064 πάντων·

327 3094 480 3156 Ἰδοὺ,
511 3095 694 3157 καθὼς
721 3097 906 3166 ὁρᾶτε,
955 3098 1222 3170 ’Δὸηννὴρ
1261 3102 1442 3172 πατήρ
1475 3119 1576 3172 μου
1622 3103 1715 3155 καὶ
1747 3103 1893 3173 βασις

1965 2006 2176 2062 Octavo
2193 2013 2376 2060 autem
2395 2005 2635 2076 denique
2653 2005 2740 2061 die
2764 2006 2819 2060 in
2838 2005 3104 2074 palatium
3123 2020 3404 2073 reversus,
3429 2021 3564 2075 opes

1969 2114 2163 2154 omnes
2197 2114 2262 2154 ac
2289 2099 2552 2168 pecunias
2581 2098 2925 2167 pauperibus
2969 2098 3288 2164 distribuit;
3336 2099 3476 2154 adeo
3504 2107 3564 2158 υι

1967 2191 2155 2244 nullus
2168 2191 2277 2261 jam
2296 2188 2391 2258 qui
2417 2203 2602 2244 rerum
2627 2187 2814 2258 inopia
2832 2197 3202 2260 premeretur,
3219 2198 3558 2258 superesset,

2036 2283 2164 2338 CAP.
2206 2281 2864 2350 XXXVl.—Paucisque
2895 2278 3097 2335 diebus
3143 2279 3200 2333 in
3238 2280 3559 2351 hujusmodi

1969 2373 2282 2429 ministerio
2326 2373 2558 2438 exactis,
2594 2387 2790 2428 omnes
2827 2371 3136 2428 'thesauros
3175 2371 3434 2428 exhausit
3463 2390 3474 2426 :
3504 2371 3562 2428 id

1967 2467 2232 2524 videlicet
2277 2481 2468 2538 agens,
2506 2481 2576 2520 ne
2607 2475 2895 2536 angustam
2946 2473 3164 2535 portam
3202 2465 3432 2520 introire
3466 2480 3562 2535 pa-

1969 2559 2118 2614 ranzi
2166 2560 2532 2630 pecuniarum
2591 2558 2766 2612 moles
2799 2555 3261 2626 impedimentum
3309 2555 3554 2619 aﬂ'erret,

1967 2651 2040 2706 At
2091 2666 2225 2706 vero
2258 2649 2687 2721 quadragesimo
2733 2664 2764 2704 a
2809 2647 3028 2718 paterni
3082 2647 3271 2704 obitus
3317 2647 3407 2702 die
3443 2662 3561 2702 me-

1968 2741 2203 2801 moriam
2252 2742 2429 2816 ipsius
2483 2741 2794 2807 celebrans,
2849 2740 3210 2812 magistratus
3262 2755 3455 2794 omnes
3494 2755 3558 2795 ac

1968 2833 2231 2889 militaris
2267 2834 2460 2890 classis
2517 2843 2575 2890 et
2621 2833 2828 2904 plebeii
2875 2831 3092 2888 ordinis
3145 2831 3296 2887 haud
3347 2847 3557 2902 paucos

1965 2934 2275 2994 convocat;
2321 2937 2487 2998 atque
2533 2926 2588 2982 in
2640 2926 2795 2998 regio
2837 2925 3042 2982 throno
3082 2925 3303 2990 sedens,
3340 2926 3558 2980 cunctis

1993 3003 2327 3058 audientibus
2357 3004 2494 3058 hanc
2520 3004 2811 3059 orationem
2839 3003 3051 3058 habuit:
3078 3003 3179 3068 En,
3211 3013 3267 3059 ut
3293 3006 3391 3075 ipsi
3421 3021 3552 3062 cer.

1993 3094 2135 3160 nitis,
2157 3094 2404 3148 Abenner
2425 3109 2512 3148 rex
2535 3108 2598 3148 ac
2631 3103 2778 3163 pater
2799 3107 2968 3160 meus,
2991 3093 3129 3148 haud
3159 3109 3314 3150 secus
3333 3111 3395 3150 ac
3425 3112 3550 3165 pau-

312 3187 442 3248 λείως
464 3185 726 3257 τέθνηκεν
771 3187 850 3250 ὡς
875 3183 956 3251 εἷς
981 3191 1091 3242 τῶν
1114 3192 1378 3261 πενήτων,
1417 3193 1508 3245 καὶ
1549 3194 1702 3247 οὐδὲν
1742 3196 1891 3266 αὐτῷ
1919 3198 1962 3253 C
1995 3198 2178 3253 Ρθτωη
2199 3183 2372 3254 (ἰυῖνίε
2397 3193 2616 3239 mortem
2639 3184 2788 3238 Obm-
2820 3186 2896 3238 Αθ
2917 3200 3014 3240 nec
3035 3185 3254 3252 ἀίνίιῖὶθν
3281 3201 3378 3242 nec
3400 3200 3548 3256 οβεε.

315 3276 443 3330 οὔτε
475 3280 503 3330 ό
529 3277 756 3342 πλοῦτος
775 3278 899 3332 οὕτε
931 3281 964 3350 ἠ
1003 3281 1258 3354 βασιλικὴ
1307 3283 1455 3350 δόξα.
1490 3284 1613 3338 οὔτε
1641 3287 1746 3357 μὴν
1778 3288 1888 3358 ἐγὼ

311 3371 344 3422 ὁ
389 3369 706 3442 φιλοπάτωρ
731 3372 866 3435 υίὸς,
895 3371 1020 3426 οὔτε
1047 3390 1132 3436 τις
1160 3373 1269 3427 τῶν
1289 3374 1494 3429 λοιπῶν
1519 3378 1684 3431 αὑτοῦ
1717 3380 1888 3449 φίλων

319 3463 415 3518 καὶ
446 3463 747 3530 συγγενῶν,
773 3463 1037 3535 βοηθῆσαι
1061 3466 1280 3537 ἴσχυσεν
1305 3468 1453 3538 αὐτῷ
1475 3470 1684 3539 καὶτῆς
1709 3470 1889 3541 ἀπαρ-

317 3553 544 3622 αιτήτου
598 3553 780 3624 ψήφου
838 3554 1136 3621 ἐξελέσθαι.
1201 3557 1341 3614 Ἀλλ’
1391 3559 1593 3626 ὑπάγει
1652 3561 1788 3630 πρὸς
1825 3561 1893 3614 τὰ

319 3643 534 3696 ἐκεῖθεν
578 3645 960 3718 ὁικαιωτήρια,
1006 3646 1164 3716 λόγον
1219 3648 1429 3717 ὑφέξων
1471 3651 1571 3720 τῆς
1617 3652 1894 3716 πολιτείας

317 3735 414 3788 τοῦ
445 3738 713 3806 παρόντος
756 3728 894 3808 βίου,
932 3740 1138 3810 μηδένα
1183 3741 1293 3794 τῶν
1341 3742 1600 3797 ἁπάντων
1630 3743 1893 3814 συνεργὸν

319 3830 682 3898 ἐπαγόμενος,
736 3831 851 3884 ἀλλ’
897 3832 928 3902 ἢ
990 3833 1127 3902 μόνα
1181 3833 1249 3890 τὰ
1306 3833 1456 3904 αὐτῷ
1517 3835 1890 3906 πεπραγμένα

318 3925 478 3976 ὁποῖα
508 3922 573 3977 ἂν
688 3924 759 3976 Τὸ
786 3924 919 3978 αὐτὸ
939 3924 994 3978 δὲ
1026 3925 1187 3978 τοῦτο
1216 3927 1311 3979 καὶ
1335 3927 1466 3980 πᾶσι
1495 3929 1610 3989 τοῖς
1637 3926 1735 3998 τὴν
1767 3926 1892 3996 βρό-

318 4029 464 4068 τειον
496 4013 719 4082 λαχοῦσι
755 4013 914 4084 φύσιν
947 4015 1266 4084 συμϐαίνειν
1297 4017 1531 4084 πέφυκε,
1587 4017 1680 4070 καὶ
1721 4017 1895 4080 ἄλλως

317 4104 422 4154 οὐκ
447 4103 586 4156 ἔστι.
613 4103 721 4156 Νῦν
759 4101 850 4156 οὖν
885 4104 1156 4158 ἀκούσατέ
1188 4123 1314 4176 μου,
1349 4106 1496 4173 φίλοι
1529 4106 1624 4158 καὶ
1650 4105 1891 4174 ἀδελφοὶ,

319 4194 450 4255 λαὸς
469 4195 674 4266 Κυρίου
697 4196 790 4249 καὶ
805 4196 1003 4267 κλῆρος
1026 4196 1201 4266 ἅγιος,
1226 4196 1319 4259 οὓς
1343 4197 1643 4267 ὲξηγόρασε
1667 4199 1896 4268 Χριστὸς

317 4285 351 4338 ὁ
379 4283 510 4346 Θεὸς
545 4283 702 4354 ἡμῶν
726 4284 803 4355 τῷ
845 4285 1012 4356 τιμίῳ
1059 4285 1222 4339 αὑτοῦ
1253 4287 1448 4357 αἵματι
1481 4288 1575 4340 καὶ
1625 4287 1895 4358 ἐρρύσατο

317 4376 422 4446 τῆς
457 4375 693 4439 παλαιᾶς
721 4377 931 4447 πλάνης
962 4379 1058 4431 καὶ
1086 4378 1332 4441 δουλείας
1364 4379 1460 4432 τοῦ
1492 4379 1892 4450 ἀντικειμένου.

318 4469 488 4523 Αὐτοὶ
517 4468 694 4521 οίδατε
723 4467 820 4540 τὴν
859 4471 916 4522 ὲν
945 4469 1073 4540 ὑμῖν
1096 4472 1446 4543 ἀναστροφήν
1489 4489 1610 4542 μου,
1638 4473 1712 4537 ὡς
1745 4472 1895 4538 ἐξότε

1995 3289 2095 3330 nec
2116 3275 2254 3343 regia
2277 3274 2464 3343 gloria,
2495 3290 2592 3328 nec
2619 3289 2826 3330 rursum
2857 3288 2954 3344 ego
2977 3275 3136 3343 patris
3157 3277 3554 3332 amantissimus

1996 3365 2154 3435 filius,
2199 3380 2299 3421 nec
2345 3365 2668 3434 reliquorum
2709 3367 2874 3434 ipsius
2901 3366 3188 3421 amicorum
3219 3380 3280 3420 ac
3308 3375 3554 3436 cognato-

1995 3472 2110 3512 rum
2143 3458 2416 3527 quisquam
2451 3471 2602 3525 Opcm
2633 3456 2731 3525 ipsi
2771 3468 2821 3512 et
2867 3457 3116 3511 auxilium
3149 3455 3359 3524 afferre,
3392 3465 3551 3527 atque

1995 3549 2060 3603 ab
2083 3548 2366 3603 inevitabili
2395 3547 2652 3602 sententia
2684 3548 2852 3616 ipsum
2875 3550 3108 3604 eximere
3132 3550 3294 3616 potuit
3319 3567 3333 3616 ;
3362 3565 3544 3605 verum

2001 3637 2066 3691 ad
2089 3637 2221 3692 illud
2253 3638 2506 3702 tribunal,
2541 3645 2596 3691 ut
2623 3639 2895 3706 praesentis
2916 3637 3035 3693 vitae
3063 3640 3318 3694 rationem
3347 3641 3552 3706 reddat.

1995 3727 2367 3795 proﬁciscitur,
2415 3729 2681 3782 neminem
2728 3727 2944 3781 omnino
2997 3728 3083 3796 qui
3132 3728 3228 3795 ipsi
3268 3726 3554 3797 opituletur

1996 3831 2178 3870 secum
2227 3817 2462 3880 ducens,
2511 3817 2577 3869 iis
2623 3816 2875 3870 duntaxat
2921 3817 3155 3881 exceptis
3203 3817 3552 3886 (quascunque

1999 3907 2211 3960 tandem
2244 3906 2331 3959 illa
2359 3903 2578 3973 fuerint)
2619 3919 2734 3972 qua:
2777 3905 2844 3958 ab
2878 3917 2943 3958 eo
2971 3912 3114 3972 gesta
3145 3911 3286 3956 sunt.
3319 3904 3429 3958 lloc
3457 3919 3554 3960 au-

1995 4006 2101 4050 tem
2133 3997 2306 4064 ipsum
2345 4007 2553 4062 quoque
2581 3993 2826 4048 omnibus
2867 3995 2955 4062 qui
2996 3993 3268 4047 mortalem
3315 4005 3555 4052 naturam

1995 4087 2136 4141 nacti
2168 4096 2291 4141 sunt
2315 4085 2628 4152 contingere
2655 4093 2840 4139 natura
2865 4093 3225 4154 comparatum
3254 4097 3354 4152 est,
3385 4103 3555 4156 neque

1996 4180 2148 4233 aliter
2175 4177 2285 4233 ﬁeri
2336 4185 2528 4246 potest.
2577 4175 2726 4230 Nunc
2769 4176 2925 4245 igitur
2965 4176 3143 4230 audite
3183 4191 3288 4243 me,
3317 4192 3351 4231 ο
3377 4178 3469 4232 filii
3495 4193 3557 4234 ac

1999 4272 2205 4333 fratres,
2251 4269 2404 4339 plebs
2454 4267 2682 4332 Domini,
2739 4275 2793 4321 et
2834 4274 3014 4322 sancta
3070 4265 3369 4332 hereditas,
3421 4281 3556 4337 quos

1996 4361 2243 4417 Christus
2274 4359 2413 4414 Deus
2443 4366 2622 4414 noster
2647 4358 2882 4426 pretioso
2911 4357 3166 4428 sanguine
3189 4370 3284 4411 suo
3311 4357 3560 4426 redemit,

1998 4462 2154 4521 atque
2176 4467 2204 4504 α
2225 4450 2394 4505 veteri
2421 4463 2602 4504 errore
2627 4459 2679 4504 et
2723 4449 3010 4504 adversarii
3041 4449 3289 4503 servitute
3314 4448 3365 4503 in
3399 4449 3559 4504 Iiber-

319 4558 416 4614 τὸν
447 4558 679 4630 Χριστὸν
725 4559 896 4627 ,ξγνων
923 4561 1018 4612 καὶ¹
1057 4559 1243 4623 δοῦλος
1273 4541 1437 4614 αὑτοῦ
1465 4541 1703 4632 ἠξιώθην
1741 4561 1888 4630 γενέ-

1998 4551 2163 4598 tatem
2194 4543 2498 4596 vindicavit.
2529 4541 2637 4594 Vos
2669 4555 2839 4595 meam
2871 4541 3010 4596 inter
3037 4556 3128 4596 vos
3158 4543 3279 4596 vitae
3302 4543 3560 4597 rationem

325 4650 472 4712 σθαι,
517 4649 693 4703 πάντα
749 4654 1010 4722 μισήσας,
1040 4652 1202 4706 αὐτὸν
1233 4654 1552 4722 ὲπεπόθησα
1585 4655 1768 4724 μόνον,
1804 4654 1900 4707 καὶ

320 4741 485 4798 τοῦτό
519 4760 610 4813 μοι
637 4739 704 4814 ἦν
745 4743 1108 4814 καταθύμιον,
1147 4747 1245 4816 τῆς
1293 4744 1464 4814 ζάλης
1513 4746 1610 4799 τοῦ
1641 4745 1758 4816 βίου
1805 4747 1900 4800 καὶ

323 4835 566 4906 ματαίας
616 4833 824 4907 τύρϐης
875 4836 1260 4901 ὑπεξελθόντα,
1333 4839 1494 4908 μόνον
1554 4839 1700 4907 μόνῳ
1750 4837 1900 4906 αὐτῷ

321 4930 571 4983 συνεῖναι
595 4931 687 4981 καὶ
716 4930 772 4982 ὲν
790 4931 1052 5001 ἁταράχῳ
1077 4931 1286 5003 γαλήνῃ
1312 4931 1491 5002 ψυχῆς
1511 4931 1796 4984 δουλεῦσαι
1821 4930 1936 5000 sciri

319 5018 448 5088 Θεῷ
477 5035 582 5087 μου
601 5020 695 5072 καὶ
724 5019 980 5094 δεσπότῃ.
1031 5021 1192 5077 ’Λλλά
1219 5039 1285 5091 με
1313 5023 1576 5092 κατέσχεν
1602 5023 1634 5092 ἡ
1663 5021 1757 5077 τοῦ
1793 5038 1897 5074 πα-

321 5108 454 5177 τρός
505 5125 607 5178 μου
631 5111 900 5174 ἔνστασις,
945 5111 1040 5163 καὶ
1076 5111 1265 5180 ἐντολὴ
1297 5112 1516 5182 ἡτιμᾷν
1547 5111 1672 5172 τοὺς
1705 5112 1900 5181 γεννή-

322 5217 494 5270 τορας
524 5201 821 5255 κελεύουσα
847 5201 946 5274 (ί).
987 5202 1172 5265 Ὅθεν,
1197 5202 1332 5256 Θεοῦ
1368 5202 1550 5274 χάριτι
1581 5203 1676 5255 κα)⁵
1704 5219 1899 5274 συνερ-

323 5291 474 5361 γείᾳ,
504 5292 604 5344 ούκ
655 5295 734 5356 είς
770 5294 948 5364 μάτην
995 5295 1282 5360 ἐκοπίασα,
1335 5293 1442 5346 οὐδ’
1493 5295 1572 5357 είς
1623 5293 1778 5346 κενὸν
1801 5292 1901 5358 τὰς

323 5381 586 5444 τοιαύτας
615 5383 873 5440 ἁνάλωσα
901 5385 1118 5457 ἡμέρας
1137 5400 1152 5414 ⁸
1184 5385 1298 5439 ἀλλ’
1323 5386 1531 5440 ἐκεῖνόν
1563 5403 1624 5439 τε
1650 5385 1904 5460 ᾠκείωσα

297 5596 304 5600 -
399 5561 512 5637 ea
542 5562 626 5637 ετ.
658 5578 710 5632 ρ.
744 5561 919 5637 δεεη.
955 5561 1038 5637 τε.

401 5634 514 5700 (97)
546 5634 628 5687 cr.
664 5651 714 5701 p.
749 5633 871 5694 104.
904 5650 958 5686 η.
991 5634 1079 5688 56.

402 5702 518 5773 (98)
548 5704 702 5757 COIIf.
737 5721 787 5773 p.
824 5703 944 5767 1'29,
979 5719 1031 5758 II.
1063 5705 1114 5759 ξ’).

402 5775 512 5843 (99)
543 5773 699 5827 Cunf.
733 5791 784 5843 p.
822 5773 940 5826 128.

2000 4635 2197 4690 nostis:
2231 4647 2420 4701 nempe
2458 4631 2596 4699 quod
2644 4646 2708 4685 ex
2753 4645 2858 4700 quo
2885 4640 3119 4699 tempore
3147 4631 3338 4686 Christi
3381 4632 3564 4700 Cogni-

2003 4723 2195 4776 tionem
2220 4729 2558 4784 consecutus,
2592 4719 2878 4788 divinoque
2906 4718 3163 4773 beneﬁcio
3189 4719 3351 4786 ipsius
3377 4735 3564 4775 servus

2003 4811 2224 4867 eﬂ'ectus
2252 4824 2394 4875 sum,
2425 4809 2671 4864 omnibus
2697 4808 2814 4862 aliis
2849 4808 3006 4864 rebus
3046 4810 3363 4877 contemptis
3406 4817 3564 4878 atque

2004 4901 2127 4956 odio
2155 4901 2370 4966 habitis,
2416 4900 2578 4975 ipsius
2612 4901 2864 4953 duntaxat
2889 4899 3174 4969 cupiditate
3208 4898 3446 4969 flagravi,
3487 4900 3564 4953 id.

2005 5005 2110 5060 que
2149 5005 2309 5043 unum
2340 4988 2466 5043 mihi
2508 4991 2562 5042 in
2595 4990 2728 5042 votis
2756 4989 2872 5054 fuit,
2907 4999 2963 5044 ut
3001 5005 3065 5045 ex
3094 4990 3247 5058 hujus
3280 4990 3397 5043 vita:
3427 4999 3564 5043 tem-

2010 5089 2232 5151 pestate,
2259 5089 2416 5150 atque
2448 5081 2590 5134 inani
2620 5081 3018 5150 perturbatione
3045 5095 3108 5134 ac
3135 5079 3354 5134 tumultu
3381 5094 3567 5148 egres-

2009 5171 2296 5234 sus,‘solus
2339 5184 2458 5224 cum
2489 5169 2604 5236 ipso
2649 5169 2765 5224 solo
2809 5167 3242 5224 consuetudinem
3291 5167 3566 5232 haberem,
3614 5163 3620 5169 ’

2012 5271 2170 5330 atque
2195 5261 2250 5316 in
2279 5274 2486 5316 summa
2512 5260 2675 5314 animi
2707 5259 3074 5329 tranquillitate
3096 5258 3204 5313 Deo
3233 5273 3349 5311 meo
3376 5271 3440 5312 ac
3467 5258 3560 5310 Do-

2012 5352 2156 5408 mino
2180 5351 2454 5408 servirem.
2484 5350 2672 5406 Verum
2702 5365 2787 5406 me
2808 5350 2971 5420 patris
2999 5349 3102 5405 mei
3125 5349 3176 5404 in
3203 5349 3471 5406 diversum
3494 5351 3570 5402 ni.

403 5841 682 5912 (‘1)Exod.
719 5841 808 5910 ix,
844 5843 908 5896 1'2
937 5863 950 5898 :
985 5845 1131 5915 Τίμα
1156 5843 1245 5896 τὸν
1275 5843 1490 5914 Πατέρα
1525 5861 1614 5909 σου
1646 5843 1738 5896 καὶ
1766 5843 1865 5914 τὴν

1988 5843 2108 5920 τέρα
2151 5863 2264 5910 σου,
2301 5845 2384 5902 ἕνα
2416 5841 2474 5900 εὖ
2514 5861 2594 5898 σοι
2631 5844 2916 5915 γένηται...
2950 5843 3108 5904 Conf.
3145 5844 3358 5901 Dcutcr.
3394 5860 3442 5912 ν,
3479 5841 3565 5905 ιβ,
