3888 6344
372 369 515 432 1199

1790 370 2165 437 ΛΟΒΕΝΠᾹ.

3526 376 3655 437 tam

368 496 528 547 tentis
570 490 810 544 voluntas
854 485 1085 548 retinuit,
1120 490 1544 553 prmceptumque
1589 479 1735 543 illud,
1786 480 1924 549 quod

2066 485 2256 556 ἱριστῷ
2278 485 2438 555 327
2480 485 2574 538 καὶ
2628 485 2834 546 πάντας
2875 482 3020 551 ὑμᾶς
3046 476 3239 532 τοῦτον
3274 476 3456 547 μόνον
3480 474 3653 542 γινὼο

371 584 604 652 patribus
646 580 897 633 honorem
932 575 1107 629 haberi
1146 573 1297 642 jubet
1324 572 1501 642 (Deut.
1527 570 1599 639 ν).
1643 568 1792 623 Unde
1839 568 1929 620 Dei

371 674 538 741 gratia
571 681 624 726 et
661 671 968 738 odjumento
1010 668 1272 720 incassum
1300 662 1517 717 minime
1545 661 1799 724 laborm,
1833 675 1928 713 nec

377 759 677 829 liujusmodi
723 758 839 811 dies
877 754 1072 809 fruStra
1101 753 1439 821 consumpsi;
1471 766 1650 805 verum
1679 759 1733 804 et
1762 751 1928 815 illum,

374 863 424 905 et
448 866 540 905 vos
567 864 773 916 omnes,
815 848 926 902 Deo
964 845 1266 909 conciliavi,
1316 857 1541 912 eumque
1568 842 1736 896 solum
1768 841 1929 895 Deum

373 960 580 1009 verum,
613 957 675 997 ac
706 956 880 996 rerum
907 940 1142 993 omnium
1175 936 1452 990 Dominum
1483 946 1803 1003 cognoscere
1842 931 1937 983 do-

375 1042 479 1107 cui,
534 1053 637 1093 non
677 1035 888 1105 quidem
938 1048 1033 1099 ego
1076 1030 1213 1085 istud
1245 1030 1459 1092 faciens,
1508 1027 1598 1079 sed
1646 1024 1810 1093 gratia
1845 1022 1936 1076 Dei

374 1144 606 1193 mecum,
651 1128 738 1194 qui
785 1138 869 1178 me
915 1122 1072 1177 etiam
1104 1135 1133 1174 e
1161 1118 1527 1187 superstitioso
1566 1129 1747 1169 errore
1781 1121 1938 1180 atque

374 1222 634 1275 idolorum
664 1216 806 1271 cultu
837 1215 1049 1282 eripuit,
1074 1227 1135 1267 ac
1167 1225 1278 1275 vos,
1307 1225 1340 1265 ο
1372 1210 1520 1278 plebs
1549 1223 1687 1272 mea,
1710 1206 1855 1273 gravi
1886 1214 1943 1258 et

377 1310 563 1364 acerba
602 1305 906 1375 captivitate
936 1303 1196 1357 liberavit.
1222 1301 1335 1354 Jam
1360 1300 1514 1369 igitur
1544 1307 1752 1366 tempus
1779 1303 1945 1350 estut

380 1415 440 1454 ea
457 1416 571 1469 qua:
594 1398 701 1452 Deo
719 1395 1111 1464 pollicitus-sum
1133 1394 1393 1461 expleam.
1418 1390 1674 1457 Tempus,
1700 1388 1939 1456 inquam,

382 1501 464 1545 est
488 1499 544 1543 ut
572 1503 678 1557 quo
707 1488 819 1554 ipse
847 1501 932 1539 me
962 1486 1117 1538 ducet
1147 1482 1466 1558 proficiscar,
1491 1494 1659 1547 eaque
1679 1484 1800 1532 vota
1826 1476 1932 1544 qui-

385 1584 482 1637 bus
515 1596 598 1634 me
619 1582 732 1648 ipso
759 1576 1016 1631 obstrinxi
1048 1576 1363 1641 perstattl.
1397 1572 1540 1625 Nunc
1570 1573 1745 1637 itaque
1774 1565 1947 1620 vobis-

380 1685 498 1726 cum
526 1668 625 1737 ipsi
653 1665 985 1721 considerate
1010 1673 1167 1730 quem
1186 1655 1343 1711 vobis
1372 1664 1599 1721 praeesse
1625 1663 1686 1701 ac
1716 1662 1930 1716 regnum

381 1760 623 1815 obtinere
644 1755 838 1811 velitis.
883 1750 998 1806 Jani
1028 1750 1169 1802 enim
1200 1745 1251 1798 in
1279 1740 1487 1797 Domini
1525 1738 1789 1792 voluntate
1819 1751 1940 1807 per-

2039 596 2190 631 σκειν
2223 578 2358 632 Θεὸν
2391 578 2645 648 ἀληθινὸν
2673 576 2768 630 καὶ
2791 575 2996 645 Κύριον
3025 571 3120 625 τοῦ
3148 570 3361 632 παντὸς
3395 568 3554 620 ἐδίξα
3570 566 3652 629 Ξα.

2038 671 2138 723 οὐκ
2172 669 2283 737 ἐγὼ
2332 668 2490 722 τοῦτο
2522 669 2778 738 ποιήσας,
2815 665 2928 719 ἀλλ’
2979 667 3011 735 ή
3063 664 3227 732 χάρις
3252 658 3441 713 αύτοῦ
3483 660 3519 726 ή
3561 660 3655 707 silv

2040 761 2166 829 ἐμοὶ
2197 760 2298 831 (2),
2347 760 2468 829 ἥτις
2521 760 2667 829 κάμὲ
2716 758 2816 827 τῆς
2858 755 3258 824 δεισιδαίμονος
3293 751 3525 819 πλάνης
3558 750 3656 800 καὶ

2040 851 2297 923 λατρείας
2324 851 2433 904 τῶν
2455 849 2690 903 εἰδώλων
2722 848 2978 915 ἐξείλετο,
3012 846 3109 899 καὶ
3134 845 3309 915 ὑμᾶς,
3334 842 3481 903 λαός
3517 857 3654 910 μου,

2040 945 2139 1013 τῆς
2169 941 2412 1013 χαλεπῆς
2444 940 2813 1010 ἠλευθέρωσεν
2852 935 3256 1009 αἰχμαλωσίας.
3298 933 3527 1004 Καιρὸς
3559 927 3656 982 οὖν

2042 1035 2143 1105 ἤδη
2170 1033 2357 1087 λοιπὸν
2376 1032 2446 1085 τὰ
2472 1031 2862 1101 ἐπηγγελμένα
2883 1030 2961 1099 τῷ
2988 1028 3108 1099 Θεῷ
3140 1029 3283 1097 ἔργα
3305 1024 3646 1095 πληρῶσαι·

2046 1125 2240 1196 καιρὸς
2294 1124 2552 1177 ἀπελθεῖν
2592 1124 2730 1176 ὅπου
2789 1122 2856 1175 ἆν
2900 1121 3062 1184 αὐτὸς
3116 1119 3369 1191 ὁδηγήσῃ
3440 1134 3517 1187 με
3560 1116 3657 1168 καὶ

2046 1217 2337 1271 ἀποδοῦναι
2374 1216 2473 1279 τὰς
2519 1214 2684 1287 εύχάς
2727 1231 2829 1285 μου
2871 1214 2939 1277 ἃς
2985 1212 3240 1283 ηὐξάμην
3297 1208 3486 1278 αὐτῷ.
3536 1208 3658 1259 Νῦν

2048 1302 2141 1360 οὖν
2182 1305 2459 1375 σκέψασθε
2515 1307 2676 1375 ὑμεῖς
2723 1305 2782 1359 ὃν
2844 1305 2910 1359 ἂν
2967 1303 3244 1375 βούλοισθε
3297 1301 3657 1371 ἀφηγεῖσθαι

2051 1399 2206 1467 ὑμῶν
2239 1399 2334 1451 καὶ
2364 1398 2672 1468 βασιλεύειν
2702 1414 2716 1427 ·
2749 1397 2849 1467 ήδη
2883 1396 2992 1467 γὰρ
3037 1394 3495 1467 κατηρτισμένοι
3530 1391 3659 1444 ἐστὲ

2051 1493 2131 1554 είς
2161 1490 2220 1544 τὸ
2242 1489 2455 1561 θέλημα
2492 1489 2588 1544 τοῦ
2623 1488 2854 1558 Κυρίου,
2889 1488 2985 1540 καὶ
3016 1486 3171 1539 οὐδὲν
3206 1484 3659 1554 ἀποκέκρυπται

2053 1583 2183 1652 ὑμῖν
2213 1581 2320 1635 τῶν
2351 1580 2517 1634 αὑτοῦ
2543 1578 3004 1651 προσταγμάτων.
3038 1577 3127 1629 Ἐν
3154 1574 3372 1637 τούτοις
3404 1572 3659 1642 πορεύε-

2055 1672 2149 1726 σθε
2171 1689 2187 1705 ο
2223 1671 2298 1743 μὴ
2325 1670 2609 1741 ἑκκλίνητε
2657 1668 2807 1733 δεξιὰ
2837 1668 2870 1739 ἢ
2894 1670 3158 1738 ἀριστερά
3187 1665 3290 1734 (5)·
3320 1664 3427 1718 καὶ
3453 1665 3486 1715 6
3518 1662 3659 1723 Θεὸς

2053 1764 2155 1834 τῆς
2176 1764 2403 1835 εἰρήνης
2433 1762 2519 1833 εἴη
2549 1761 2687 1832 μετὰ
2711 1760 2929 1813 πάντων
2956 1756 3109 1829 ὑμῶν
3138 1757 3237 1826 (4).

398 1872 528 1925 fecti
557 1869 713 1933 estis,
738 1882 841 1921 nec
868 1864 1168 1935 quidquam
1199 1876 1267 1916 ex
1303 1859 1476 1930 ipsius
1510 1857 1811 1926 praeceptis
1840 1855 1999 1910 vobis
2039 1855 2318 1910 occultum
2356 1861 2461 1908 est.
2490 1854 2549 1908 In
2582 1852 2671 1907 bis
2699 1850 2998 1914 ambulate,
3025 1862 3128 1902 nec
3158 1851 3243 1900 vel
3271 1846 3344 1899 ad
3380 1846 3687 1900 dexteram

400 1961 486 2016 vel
520 1960 588 2014 ad
614 1959 891 2015 sinistram
923 1956 1217 2011 declinato.
1250 1953 1330 2007 Ac
1361 1952 1505 2004 Deus
1541 1949 1693 2018 pacis
1726 1948 1890 2002 velim
1920 1948 1993 2002 sit
2021 1963 2146 2002 cum
2172 1946 2434 2001 omnibus
2467 1944 2645 1998 vobis.

475 2043 595 2094 time
620 2050 676 2093 ut
698 2042 845 2109 plebs
864 2041 1085 2105 audivit,
1121 2040 1379 2093 tumultus
1399 2040 1574 2092 statim
1601 2053 1663 2091 ac
1688 2037 1952 2105 strepitus1

2136 2028 2323 2083 Ταῦτα
2343 2032 2420 2095 ὡς
2445 2032 2679 2102 ήκουσεν
2702 2033 2731 2085 6
2758 2030 2884 2095 λαὸς
2914 2032 3121 2094 ἐκεῖνος
3135 2031 3232 2086 καὶ
3256 2030 3463 2103 δῆμος,
3500 2032 3672 2104 δόρυ.

400 2130 693 2198 ingensque
718 2129 920 2183 clamor
941 2138 994 2184 et
1021 2129 1263 2183 confusio
1290 2136 1474 2182 exorta
1504 2137 1605 2194 est,
1638 2128 1964 2195 plorantibus

401 2220 669 2286 omnibus,
699 2228 857 2289 atque
887 2220 1169 2274 orbitatem
1195 2232 1346 2273 suam
1377 2217 1792 2287 deplorantibus.
1823 2217 1963 2281 Quin

405 2310 563 2363 etiam
582 2319 774 2379 praeter
796 2310 966 2364 luctus
987 2317 1041 2364 et
1057 2309 1284 2378 ejulatus
1303 2307 1431 2362 illud
1446 2309 1603 2362 etiam
1621 2308 1965 2377 jurejurando

400 2400 750 2464 affirmabant,
793 2415 913 2455 sese
941 2400 1088 2454 illum
1133 2400 1349 2454 minime
1377 2400 1708 2463 dimissuros,
1753 2400 1844 2452 sed
1877 2414 1962 2452 re-

399 2500 659 2557 tenturos,
696 2505 794 2546 nec
836 2489 1119 2545 secedendi
1164 2500 1480 2559 potestatem
1522 2490 1629 2544 ullo
1669 2490 1825 2544 modo
1865 2491 1965 2557 ipsi

400 2584 643 2638 facturos.
674 2581 763 2637 Sic
789 2584 1046 2636 clamante
1073 2581 1287 2651 populo,
1311 2590 1468 2651 atque
1490 2581 1741 2635 oznnibus
1764 2584 1960 2648 magis-

400 2671 641 2741 tratibus,
698 2672 970 2739 excipiens
1007 2687 1101 2727 rex
1135 2676 1415 2741 populares
1463 2673 1769 2738 compescit,
1805 2672 1965 2725 silen-

400 2768 636 2835 tiumque
665 2766 792 2833 ipsis
823 2765 1068 2833 imperat,
1097 2779 1261 2834 seque
1292 2765 1497 2820 illorum
1527 2766 1847 2819 contentioni
1876 2781 1963 2820 ce-

400 2859 525 2911 dere
554 2870 711 2928 atque
738 2859 1107 2924 obtemperare
1134 2871 1398 2923 asserens,
1430 2871 1541 2925 eos,
1575 2860 1815 2926 quamvis
1837 2857 1961 2910 alio-

400 2950 486 3016 qui
515 2956 797 3005 maerentes
822 2958 984 3019 atque
1010 2944 1237 3019 ejulatus
1271 2949 1416 3019 signa
1446 2948 1499 3002 in
1528 2949 1678 3018 genis
1715 2949 1962 3012 ferentes,

402 3041 614 3095 domum
655 3042 895 3096 remittit.
945 3041 1061 3111 Ipse
1092 3050 1265 3097 autem
1302 3056 1464 3097 unum
1503 3055 1568 3096 ex
1617 3040 1965 3109 principibus,

400 3143 550 3195 quem
578 3129 690 3200 ipse
719 3140 825 3185 tum
867 3132 1097 3201 pietatis,
1138 3140 1245 3186 tum
1278 3132 1397 3187 vitae
1430 3130 1725 3187 sanctitatis
1756 3131 1967 3184 nomine

400 3222 562 3286 pluris
584 3222 833 3277 omnibus
855 3221 1099 3288 faciebat,
1129 3208 1585 3293 admiratidueque
1610 3222 1965 3292 prosequeba—

400 3315 507 3372 tur,
549 3311 649 3363 hoc
691 3322 771 3364 est
804 3312 1135 3376 Baracliiam,
1176 3311 1330 3380 cujus
1364 3313 1522 3366 etiam
1552 3311 1815 3379 superius,
1844 3324 1964 3364 cum

2065 2120 2159 2184 ϐος
2182 2119 2343 2184 εὐθὺς
2367 2122 2460 2175 καὶ
2491 2122 2735 2190 πάταγος
2765 2123 2857 2178 καὶ
2888 2123 2985 2194 βοὴ
3010 2123 3238 2194 πλείστη
3262 2124 3362 2178 καὶ
3386 2124 3670 2195 σύγχυσις

2062 2205 2153 2280 ἦν,
2184 2210 2478 2265 κλαιόντων
2500 2212 2719 2267 πάντων
2749 2212 2844 2268 καὶ
2866 2214 3207 2285 ὀδυρομένων
3225 2215 3329 2284 τὴν
3358 2215 3666 2286 ὀρφανίαν.

2065 2300 2303 2356 Τοιαῦτα
2345 2302 2690 2374 θρηνοῦντες,
2726 2304 2865 2375 πρὸς
2905 2309 3020 2368 τοῖς
3069 2305 3289 2377 θρήνοις
3323 2307 3419 2361 καὶ⁵
3469 2309 3667 2378 ὄρχεις

2065 2392 2351 2447 ἐϐεϐαίουν
2386 2394 2463 2466 μὴ
2503 2394 2763 2467 μεθήσειν
2803 2395 2960 2463 ὅλως,
3009 2395 3126 2449 ἀλλ’
3161 2397 3517 2463 ἀνθέξεσθαι,
3561 2401 3664 2450 καὶ

2063 2482 2161 2553 τὴν
2190 2481 2538 2554 ὑποχώρησιν
2563 2484 2713 2555 αὐτῷ
2751 2484 2825 2557 μὴ
2858 2486 3183 2557 τοπαράπαν
3218 2490 3661 2560 παραχωρῆσαι.

2065 2572 2222 2627 Οὕτω
2250 2574 2481 2644 βοῶντος
2523 2576 2618 2628 τοῦ
2644 2576 2817 2647 δήμου
2845 2577 2941 2630 καὶ
2971 2578 3081 2631 τῶν
3124 2581 3184 2631 ἐν
3230 2578 3376 2632 τέλει
3410 2582 3662 2643 πάντων,

2066 2666 2353 2721 ὑπολαϐὼν
2382 2669 2411 2721 6
2441 2668 2698 2738 βασιλεὺς
2727 2671 3011 2724 κατασείει
3038 2671 3129 2724 τὸν
3155 2671 3331 2741 ὄχλον,
3362 2672 3468 2725 καὶ
3498 2676 3661 2743 σιγᾷν

2066 2758 2251 2821 αὐτοῖς
2290 2758 2661 2813 διακελεύεται
2720 2760 2820 2831 (5).
2888 2762 3000 2816 Καὶ
3067 2761 3236 2815 εἴκειν
3292 2765 3363 2833 τῇ
3426 2764 3663 2817 ἐκείνων

2068 2848 2320 2904 ἐνστάσει
2340 2850 2535 2918 εἰπὼν,
2554 2851 2927 2922 λυπουμένους
2957 2853 3105 2922 ὅμως
3131 2854 3225 2907 καὶ
3253 2853 3319 2906 τὰ
3350 2855 3457 2924 τῆς
3486 2857 3663 2925 οἰμω-

2067 2941 2168 3010 γῆς
2203 2942 2403 3010 σημεῖα
2424 2942 2515 2994 ἐπὶ
2543 2940 2653 2994 τῶν
2677 2942 2918 3012 παρειῶν
2941 2942 3206 3013 φέροντας
3227 2943 3413 2996 οἴκαδε
3441 2946 3661 3015 ὲκπέμ-

2068 3048 2180 3088 πει.
2221 3030 2395 3095 Αὐτὸς
2435 3032 2492 3085 δὲ
2522 3031 2623 3086 ἕνα
2655 3032 2763 3087 τῶν
2813 3033 3129 3105 ἀρχόντων,·
3154 3035 3212 3098 δς
3248 3030 3317 3106 ἦν
3350 3037 3661 3107 πρόκριτος

2066 3122 2233 3193 328
2245 3122 2412 3194 αὐτῷ,
2433 3123 2519 3177 ἐπ’
2541 3124 2797 3196 εὐσεϐείᾳ
2812 3126 2906 3179 καὶ
2924 3125 3216 3196 σεμνότητι
3232 3126 3351 3196 βίου
3373 3127 3480 3180 θαυ
3490 3128 3661 3197 μαζό-

2073 3231 2252 3284 μενος,
2283 3215 2554 3287 Βαραχίας
2578 3215 2816 3287 τοῦνομα
2836 3218 3025 3289 (ὅνπερ
3046 3220 3142 3271 καὶ
3160 3220 3429 3290 ἀνωτέρω
3449 3221 3657 3291 ἐδήλω-

2071 3323 2161 3361 σεν
2177 3309 2204 3362 ὁ
2228 3307 2382 3377 λόγος
2406 3308 2503 3379 (6),
2533 3309 2694 3380 ἡνίκα
2721 3310 2926 3382 Ναχὼρ
2945 3311 3038 3365 τὸν
3063 3311 3329 3383 Βαρλαὰμ
3356 3313 3661 3383 ὐποκρινό-

400 3398 608 3452 Naclior
644 3383 989 3453 'Bartuamum
1019 3416 1077 3455 se
1122 3415 1241 3454 esse
1270 3401 1525 3455 simulans
1570 3415 1689 3455 cum
1720 3400 1952 3469 philoso-

2074 3416 2233 3469 μενος
2243 3402 2356 3464 τοῖς
2378 3378 2689 3471 φιλοσόφοις
2710 3378 3002 3471 διελέγετο,
3034 3404 3129 3458 καὶ
3147 3378 3309 3474 μόνος
3324 3404 3353 3456 6
3376 3378 3664 3474 Βαραχίας

399 3490 517 3558 phis
553 3489 857 3558 disputavit,
886 3491 1042 3544 verba
1075 3489 1312 3556 fecimus,
1346 3506 1609 3560 quemque
1638 3492 1815 3545 solum
1848 3491 1965 3545 zelo

400 3586 578 3639 divino
600 3581 807 3652 penitus
837 3584 1141 3652 ﬂagrantem
1172 3584 1237 3636 ab
1272 3584 1433 3651 ipsius
1458 3583 1696 3652 partibus
1730 3586 1960 3649 stetisse,

399 3687 555 3742 atque
583 3674 647 3726 ad
678 3673 1080 3742 disputationem
1111 3674 1367 3728 adversus
1398 3673 1515 3727 illos
1548 3672 1828 3727 ineundum
1876 3686 1965 3740 pa-

399 3775 566 3819 ratum
605 3758 767 3818 fuisse
809 3763 1058 3829 diximus,
1087 3762 1254 3827 hunc,
1285 3754 1522 3833 inquam,
1571 3764 1788 3818 remotis
1826 3764 1965 3818 arbi-

396 3856 521 3923 tris,
568 3865 925 3924 assumptum,
977 3854 1167 3909 blande
1214 3868 1277 3909 ac
1324 3853 1514 3910 leniter
1560 3852 1823 3909 allocutus
1860 3863 1960 3919 est,

399 3947 712 4018 nbuixisque
749 3946 1016 4017 precibis,
1059 3954 1118 4001 ut
1146 3961 1364 4017 regnum
1393 3947 1677 4015 acciperet,
1720 3956 1876 4016 atque
1910 3945 1963 3999 in

399 4040 586 4092 timore
614 4038 706 4093 Dei
737 4038 941 4107 plebem
972 4052 1118 4091 suam
1147 4046 1357 4107 regeret
1381 4037 1694 4093 obsecrabat
1720 4052 1826 4108 quo
1849 4036 1963 4106 ipse

404 4128 467 4185 ad
499 4130 783 4198 expetitum
815 4130 914 4185 iter
938 4143 997 4184 se
1027 4129 1348 4196 accingeret.

475 4216 539 4276 Ut
559 4229 731 4274 autem
758 4233 876 4274 eum
903 4226 1235 4281 renuentem,
1278 4226 1437 4285 atque
1464 4215 1604 4270 istud
1634 4216 1852 4270 omnino
1880 4230 1963 4271 re-

404 4311 702 4378 pudiantem
721 4310 868 4376 vidit,
901 4309 1088 4375 hisque
1119 4307 1291 4360 verbis
1312 4314 1577 4361 utentem:
1599 4307 1642 4360 Ο
1664 4321 1780 4369 rex,
1805 4319 1960 4374 quam

402 4404 540 4460 ἱειυά
575 4412 719 4456 tuum
744 4398 998 4467 judicium
1035 4397 1270 4465 iniquum
1299 4406 1400 4462 est,
1440 4411 1596 4466 quam
1637 4405 1755 4452 tuus
1789 4410 1963 4451 sermo

402 4492 579 4547 divino
610 4489 857 4544 mandato
887 4503 1068 4557 parum
1094 4497 1510 4554 consentaneus;
1543 4501 1663 4542 nam
1697 4501 1815 4541 cum
1839 4501 1962 4555 pro-

403 4587 598 4640 ximum
641 4598 750 4637 non
787 4595 941 4637 secus
980 4597 1041 4638 ac
1085 4582 1311 4652 teipsum
1346 4596 1525 4636 amare
1560 4580 1818 4643 docearis,
1862 4593 1964 4648 qua

402 4677 608 4731 tandem
639 4676 842 4731 ratione
873 4677 1135 4730 sarcinam
1164 4690 1304 4739 eam,
1337 4689 1490 4742 quam
1519 4682 1573 4727 tu
1599 4672 1834 4740 obiicere
1853 4682 1965 4725 stu-

404 4771 515 4832 des.
549 4770 675 4825 mihi
707 4768 979 4839 imponere
1026 4769 1282 4825 festinas?
1329 4783 1449 4822 nam
1478 4767 1521 4821 si
1564 4766 1709 4837 regio
1747 4778 1965 4820 munere

465 4989 543 5061 (2)
575 4991 594 5044 I
625 4990 795 5058 Epist.
829 4990 896 5044 ad
925 4989 1049 5045 Cor.
1084 5008 1169 5056 xv,
1207 4994 1291 5050 10.

487 5062 541 5129 3)
574 5062 803 5116 Locutio
832 5071 916 5115 est
947 5062 1165 5116 lnililica.

2070 3491 2375 3563 ήτοιμάσθη
2407 3494 2871 3565 συμπαραστῆναι
2916 3495 3066 3567 αύτῷ
3116 3496 3213 3550 καὶ
3272 3500 3660 3567 συναγωνίσα-

2072 3581 2197 3637 σθαι
2253 3584 2399 3656 ζήλῳ
2456 3584 2586 3655 θείῳ
2639 3586 2932 3650 ὲκκαυθεὶς
2983 3587 3083 3656 τὴν
3136 3587 3415 3658 καρδίαν)·
3468 3588 3666 3642 τοῦτον

2070 3673 2385 3743 καταμόνας
2419 3673 2599 3729 λαϐὼν
2637 3676 2665 3727 6
2692 3675 2971 3746 βασιλεὺς,
3009 3678 3303 3749 προσηνῶς
3354 3679 3663 3747 διελέγετο,

2070 3765 2164 3817 καὶ
2196 3765 2507 3836 θερμότατα
2537 3767 2708 3822 ἐδεῖτο
2737 3769 3077 3839 παραλαϐεῖν
3100 3771 3201 3841 τὴν
3236 3771 3544 3841 βασιλείαν,
3572 3775 3669 3826 καὶ

2068 3858 2126 3909 ὲν
2156 3858 2307 3929 φόϐῳ
2335 3858 2470 3912 Θεοῦ
2502 3859 2592 3914 τὸν
2618 3860 2746 3915 λαὸν
2775 3862 2942 3917 αὐτοῦ
2982 3866 3269 3933 ποιμᾶναι,
3291 3864 3368 3927 ὡς
3406 3865 3477 3920 ἂν
3498 3866 3671 3931 αύτὲς

2068 3951 2166 4021 τὴν
2194 3952 2534 4024 ποθουμένην
2557 3953 2708 4025 αύτῷ
2738 3955 3072 4027 πορεύσηται
3099 3957 3238 4012 ὁδόν.

2154 4245 2241 4309 Ὧς
2287 4244 2343 4297 δὲ
2374 4243 2537 4299 αὐτὸν
2580 4246 3017 4316 ἀπαναινόμενον
3050 4242 3159 4300 εῖδε
3196 4252 3293 4301 καὶ
3326 4249 3507 4320 πάντη
3555 4250 3667 4304 ἀπ-

2069 4336 2420 4408 αγορεύοντα,
2443 4337 2538 4392 καὶ
2551 4332 2622 4389 Ὦ
2646 4337 2886 4407 βασιλεῦ,
2910 4338 3157 4407 λέγοντα,
3179 4340 3254 4403 ὡς
3280 4340 3471 4405 ἄδικός
3502 4360 3601 4395 σου
3630 4346 3663 4414 ή

2068 4434 2285 4503 κρίσιςί
2340 4432 2414 4497 ὡς
2461 4432 2523 4487 ού
2582 4435 2704 4487 κατ’
2751 4434 2970 4502 ἐντολὴν
3005 4433 3152 4487 σοῦὀ
3193 4434 3386 4502 λόγοςί
3453 4437 3503 4488 εί
3549 4438 3664 4509 γὰρ

2070 4525 2359 4596 ἀγαπῆσαι
2400 4524 2489 4577 τὸν
2514 4523 2740 4594 πλησίον
2774 4524 2850 4587 ὡς
2885 4524 3077 4578 ἑαυτὸν
3105 4524 3393 4595 ἐδιδάχθης
3420 4526 3522 4597 (7),
3552 4528 3663 4580 τίνι

2073 4614 2215 4683 λόγῳ
2248 4614 2384 4684 ὅπερ
2417 4613 2581 4678 αὐτὸς
2613 4613 2917 4684 exceptum
2946 4613 3113 4684 βάρος
3150 4614 3500 4680 σπουδάζεις,
3532 4617 3665 4686 ἐμοὶ

2008 4743 2048 4797 D
2077 4705 2345 4759 ἐπιθεῖναι
2377 4705 2452 4775 (8)
2477 4705 2708 4777 ὲπείγῃ;
2739 4706 2787 4758 εί
2808 4704 2908 4775 μὲν
2930 4707 3041 4777 γὰρ
3057 4705 3221 4760 καλὸν
3238 4705 3299 4759 τὸ
3318 4705 3662 4776 βασιλεύειν,

2079 4798 2238 4860 αὐτὸς
2273 4797 2335 4851 τὸ
2394 4796 2558 4851 καλὸν
2618 4797 2850 4868 κάτεχεο
2912 4798 2961 4850 εί
3003 4797 3061 4850 δὲ
3110 4798 3450 4869 πρόσκομμα
3498 4798 3664 4853 τοῦτο

576 5132 613 5210 LI
646 5131 816 5210 Epist.
849 5131 1072 5210 ἔρροι.
1095 5149 1226 5210 __X_I:l,
1262 5135 1322 5188 il
1363 5153 1375 5188 :
1423 5136 1479 5189 Ὀ
1509 5136 1629 5199 θεὸς
1665 5138 1762 5207 τῆς
1795 5136 1950 5205 ὰγάπ

2066 5138 2135 5191 tati.
2159 5139 2382 5210 εἰρήνης
2414 5139 2567 5193 ἔσται
2596 5139 2713 5210 μεθ’
2744 5138 2922 5209 ὑμῶν.

488 5202 541 5273 5)
573 5202 729 5273 Conf.
764 5218 816 5273 p.
846 5202 972 5266 259,
1006 5219 1059 5258 n.
1091 5203 1178 5258 55.

465 5272 543 5341 (6)
574 5270 731 5327 Conf.
765 5270 819 5340 it.
843 5273 968 5327 ‘234.

464 5342 540 5421 (ἶ)
574 5343 765 5421 Matth.
799 5359 933 5421 xxiii,
965 5344 1066 5411 39;
1101 5342 1267 5400 Marc.
1303 5360 1401 5410 xu,
1434 5347 1494 5401 5l
1523 5365 1537 5414 ;
1572 5345 1741 5417 Epist.
1794 5348 1860 5401 ad
1891 5347 1952 5402 Rt

2086 5365 2207 5417 xm,
2240 5349 2273 5405 9
2307 5350 2673 5421 εἈγαπήσεις
2723 5349 2816 5403 τὸν
2864 5349 3092 5419 πλησίον
3124 5365 3220 5403 σου
3274 5352 3350 5415 ὡς
3400 5356 3657 5412 σεαυτέν.

392 5410 481 5465 ιεκ
503 5410 671 5467 Levii.
707 5428 815 5476 xu,
849 5413 935 5466 18.

464 5482 635 5565 (8)45,
669 5482 1171 5565 ὲπι.οῆναι,“ιιιεριιο
1201 5485 1382 5565 solito.
1414 5484 1944 5565 Τιιιιοόηῐδτοιιιχςιιιιιι

2066 5497 2248 5565 etrast.
2290 5504 2345 5559 p.
2377 5486 2446 5542 46
2477 5505 2493 5541 :
2527 5491 2653 5565 ς’ᾼν,
2694 5490 3037 5565 συλλαλήσας
3066 5492 3143 5565 τῷ
3173 5492 3280 5565 θεῷ
3312 5493 3523 5565 Μωσῆς
3555 5496 3655 5563 11'3-

392 5566 501 5613 νον,
535 5550 709 5634 Τότσην
738 5550 983 5634 ύπανθεῖ
1014 5554 1103 5634 Et?)
1138 5557 1431 5634 προσώπῳ.
1444 5557 1541 5625 τὴν
1563 5556 1749 5634 χάρΞΥν
1782 5558 1878 5634 ,Ὡς

393 5574 501 5613 νυν,
549 5574 709 5634 ιοτσην
751 5574 980 5606 υπανυει
1025 5574 1103 5624 τῳ
1138 5574 1415 5626 προσωπῳ
1444 5574 1541 5625 την
1606 5574 1620 5607 c

392 5637 539 5671 ωπον
566 5637 676 5672 οιον
705 5621 823 5672 είπὲ
856 5641 965 5691 μοι.
1014 5624 1155 5677 Bene
1186 5628 1377 5691 codex,
1412 5574 1620 5691 ύπανόῇ

394 5692 610 5762 fuerunt
641 5700 972 5762 permutata}.
1005 5694 1291 5748 Clioricins
1325 5698 1373 5749 in
1425 5692 1650 5762 l‘rocop.

1932 5558 2056 5628 μηδ’
2105 5558 2813 5635 ὁρᾶθαιᾼσυγκαλύμματος
2868 5558 3011 5635 δίχα,
3061 5558 3135 5616 T6
3167 5558 3263 5616 τού
3301 5564 3438 5615 Θεοῦ
3477 5558 3659 5635 ῑπρδτ-

1593 5628 1646 5695 ᾗ.
1682 5626 1850 5700 Yeliin
1900 5626 1950 5693 qi

2066 5645 2114 5682 te
2141 5626 2392 5699 ἐπανθῇ.
2427 5626 2860 5699 Ῥι-αξρὸέἰιίοηρε
2891 5626 2984 5685 ἐπὶ
3036 5644 3088 5687 et
3120 5635 3227 5686 ὑπὸ
3270 5626 3651 5700 nonnusquam

1689 5697 1715 5766 §
1758 5697 1952 5767 15:71

2068 5701 2202 5767 γορᾷ
2237 5697 2586 5767 φαινομένου,
2622 5703 2728 5762 πᾶς
2778 5701 2937 5763 εὐθὺς
2983 5704 3327 5758 ἐπανίστατο.
3382 5697 3526 5757 Βοιιό
3567 5717 3652 5757 est

394 5758 745 5813 ὑπανίστατο.
786 5759 837 5809 in
868 5762 986 5813 cod.
1025 5763 1202 5831 regiis.
1240 5764 1369 5819 Vide
1400 5767 1463 5819 ad
1496 5756 1807 5822 Ρίιιίοηῖηιι.
1847 5766 1952 5821 lla):

2066 5756 2229 5826 $.63.
2250 5756 2330 5825 'dc
2360 5756 2527 5826 verbo
2561 5756 2981 5827 ύπανίστασθαι.
