3888 6344
395 385 527 448 1203

1811 355 2190 416 ADDENDA.

3549 359 3576 420 1
3589 361 3708 424 Et}!

392 478 653 536 sententia
683 478 1033 534 deducebant.
1065 478 1194 534 Tum
1226 485 1404 535 autem
1433 493 1525 534 rex
1557 479 1864 535 Baracbiam
1892 481 1952 535 il-

2071 471 2328 542 3apaxiav
2366 472 2597 535 ἐκεῖνον,
2632 469 2692 524 ὃν
2725 469 2819 525 καὶ
2864 469 3079 539 φθάσας
3109 473 3138 524 6
3181 471 3346 539 λόγος
3393 471 3707 541 ἐδήλωσε,

390 572 536 638 lum,
585 571 652 626 de
695 585 800 640 quo
843 585 1000 638 supra
1046 570 1208 626 locuti
1256 586 1472 638 sumus,
1523 584 1682 624 manu
1721 579 1952 643 tenens:

389 665 574 730 llunc,
604 665 800 733 inquit,
842 677 874 719 ο
917 663 1140 730 fratres,
1203 663 1342 719 hunc
1389 663 1543 718 vobis
1585 677 1760 732 regem
1809 677 1952 718 creo.

392 753 629 823 Cumque
671 753 763 808 ille
807 753 1064 821 ejusmodi
1097 753 1170 806 rei
1203 751 1548 808 vehementer
1574 750 1954 818 obluctaretur,

391 845 612 898 invitum
642 858 765 898 eum
794 858 856 897 ac
885 852 1266 913 repugnantem
1296 843 1348 896 in
1379 842 1526 912 regio
1567 841 1758 896 throno
1790 841 1952 897 collo-

387 947 499 1002 cat,
531 937 802 1006 ipsiusque
835 937 993 1005 capiti
1019 938 1262 990 diadema
1304 936 1561 1005 imponit,
1591 944 1747 1006 atque
1786 951 1953 990 annu-

392 1027 497 1079 lum
529 1025 733 1094 regium
761 1025 859 1094 ipsi
891 1027 942 1080 in
972 1041 1182 1080 manum
1213 1026 1428 1093 prabet.
1475 1025 1649 1095 Atque
1679 1025 1743 1078 ad
1771 1026 1968 1080 Orien-

398 1123 503 1168 tem
535 1124 716 1183 stans,
747 1129 842 1185 pro
871 1131 992 1184 rege
1035 1130 1221 1183 preces
1273 1115 1438 1180 fudit,
1487 1115 1588 1170 hoc
1634 1115 1882 1170 videlicet
1927 1129 1956 1169 ιι

392 1206 500 1259 Deo
545 1205 848 1273 postulans,
899 1212 956 1258 ut
1001 1203 1093 1258 Dei
1151 1203 1309 1257 ﬁdem
1360 1213 1667 1259 constanter
1719 1211 1956 1268 teneret,
1999 1256 2007 1291 ,

390 1308 452 1348 ac
480 1293 675 1348 Christi
703 1294 1071 1348 mandatorum
1115 1295 1215 1347 iter
1253 1293 1318 1346 ab
1357 1295 1497 1348 omni
1541 1295 1682 1350 flexu
1727 1295 1955 1349 alienum

391 1385 670 1439 inveniret.
712 1383 911 1440 Adbaac
955 1397 1048 1454 pro
1091 1384 1234 1438 clero
1273 1385 1430 1438 etiam
1487 1393 1645 1454 atque
1707 1387 1955 1440 universo

387 1494 547 1549 grege
585 1491 828 1548 precatus
870 1485 986 1547 est,
1023 1493 1175 1546 opem
1221 1478 1467 1532 videlicet
1511 1488 1565 1533 et
1605 1479 1856 1532 auxilium
1897 1493 1957 1533 ac

393 1572 620 1628 salutem
650 1571 781 1641 ipsis
809 1585 836 1625 a
867 1570 978 1624 Deo
1015 1579 1236 1640 petens,
1279 1577 1438 1637 atque
1475 1577 1536 1623 ut
1571 1567 1822 1638 quidquid
1860 1568 1956 1637 ipsi

390 1663 721 1734 postularent
748 1662 812 1717 ad
846 1661 1122 1715 utilitatem
1152 1658 1533 1712 moderaretur.

461 1755 572 1809 [lae
609 1756 850 1808 oratione
896 1750 1107 1814 habita,
1161 1761 1447 1802 conversus
1497 1745 1562 1800 ad
1609 1745 1953 1813 Barachiam,

389 1846 464 1898 ait
493 1861 505 1897 :
539 1844 618 1898 En
649 1843 782 1906 tibi,
818 1841 996 1893 frater.
1034 1837 1136 1892 hoc
1174 1837 1474 1906 praecipiam
1505 1835 1645 1904 quod
1676 1837 1956 1905 Apostolus

392 1943 616 1990 testatus
644 1941 726 1986 est
756 1947 768 1984 :
802 1929 1033 1985 Attende
1066 1927 1160 1983 tibi
1192 1927 1327 1997 ipsi,
1356 1937 1408 1983 et
1438 1929 1682 1982 universo
1723 1927 1864 1996 gregi
1905 1928 1956 1982 in

391 2041 494 2095 quo
524 2034 576 2079 te
599 2021 826 2092 Spiritus
853 2028 1070 2074 sanctus
1101 2033 1275 2088 regem
1307 2018 1507 2087 posuit,
1542 2024 1601 2071 ut
1624 2016 1824 2072 Christi
1865 2033 1958 2086 po.

391 2117 609 2185 pulum,
659 2129 815 2185 quem
866 2112 1079 2182 proprio
1125 2112 1386 2181 sanguine
1439 2109 1756 2180 acquisivit,
1804 2125 1959 2180 regas

391 2211 408 2276 (
427 2208 536 2262 Act.
569 2222 640 2260 xx
660 2205 700 2276 ).
733 2205 796 2259 Et
826 2200 1267 2274 quemadmodum
1299 2200 1462 2255 Deum
1493 2208 1614 2254 ante
1644 2213 1729 2254 me
1757 2213 1955 2269 cogno-

387 2275 552 2363 visti,
581 2275 808 2364 eumque
854 2307 986 2363 puro
1027 2293 1204 2346 animo
1249 2301 1302 2345 et
1341 2289 1667 2344 conscientia
1715 2275 1977 2358 coluisti,‘

391 2390 463 2442 ita
493 2403 634 2442 nunc
662 2400 872 2456 quoque
900 2383 1091 2453 majori
1123 2382 1298 2438 studio
1329 2382 1381 2436 in
1421 2382 1522 2436 hoc
1560 2382 1809 2437 incumbe
1833 2423 1848 2450 ,
1901 2390 1958 2436 ut

386 2477 488 2545 ipsi
517 2477 640 2532 vita:
665 2483 769 2530 tuae
807 2475 1038 2529 rationes
1086 2472 1300 2538 probes.
1350 2471 1465 2537 Quo
1515 2471 1655 2524 enim
1705 2471 1878 2539 majus
1925 2486 1956 2526 a

388 2565 498 2619 Deo
529 2564 812 2630 imperium
834 2568 1151 2615 consecutus
1179 2574 1267 2624 es,
1297 2573 1363 2612 eo
1393 2573 1598 2627 quoque
1630 2559 1830 2629 majora
1859 2559 1958 2628 ipsi

389 2652 656 2722 rependas
684 2657 912 2719 oportet.
959 2651 1034 2702 Ac
1084 2647 1304 2717 proinde
1343 2646 1682 2715 gratitudiuis
1719 2648 1956 2703 debitutn

391 2744 440 2798 ci
469 2741 622 2811 cujus
647 2738 922 2795 beneﬁciis
950 2745 1136 2792 auctus
1163 2752 1220 2792 es
1254 2737 1498 2806 persolve
1519 2777 1534 2801 ,
1571 2748 1752 2792 sancta
1793 2739 1957 2807 ipsius

393 2842 654 2900 pracepta
679 2827 1014 2896 custodiens,
1045 2836 1204 2897 atque
1234 2827 1302 2882 ab
1333 2827 1476 2882 omni
1521 2829 1605 2882 via
1645 2828 1699 2882 in
1737 2827 1953 2882 exitium

388 2927 616 2982 ducente
641 2924 952 2980 deflectens.
980 2922 1050 2980 Ut
1077 2924 1216 2978 enim
1239 2923 1292 2978 in
1325 2923 1390 2978 iis
1419 2923 1504 2992 qui
1535 2924 1806 2994 navigant,
1835 2938 1954 2979 cum

386 3026 545 3074 nauta
576 3017 838 3087 quispiam
872 3026 1095 3086 peccat,
1126 3017 1374 3086 exiguum
1407 3015 1472 3069 iis
1497 3014 1585 3085 qui
1613 3015 1771 3070 simul
1810 3016 1955 3072 navi-

387 3117 512 3180 gant
549 3108 922 3164 detrimentum
962 3106 1151 3172 affert;
1209 3121 1332 3163 eum
1387 3115 1563 3161 autem
1615 3107 1954 3176 gubernator,

389 3200 654 3255 universae
681 3198 800 3254 navi
830 3199 1052 3253 exitium
1084 3197 1310 3251 accersit
1334 3241 1349 3265 ,
1382 3198 1452 3253 ita
1495 3197 1654 3251 etiam
1699 3197 1750 3251 in
1793 3209 1960 3265 regno

391 3307 491 3346 usu
530 3290 709 3355 venit,
759 3299 817 3343 ut
863 3305 983 3346 cum
1027 3289 1288 3357 quispiam
1329 3304 1548 3353 eorum,
1597 3288 1686 3356 qui
1732 3288 1958 3342 subsunt

391 3380 612 3438 peccat,
651 3385 758 3424 non
807 3379 913 3424 tam
957 3373 1121 3426 alium
1168 3387 1325 3439 quam
1370 3373 1603 3442 seipsum
1647 3374 1842 3438 laedat;
1884 3373 1967 3428 sin

392 3471 569 3514 autem
596 3451 708 3515 "rex
753 3463 868 3528 ipse
897 3470 1114 3528 peccet,
1147 3469 1311 3514 totum
1343 3475 1564 3530 regnum
1594 3458 1877 3516 labefactat
1905 3473 1968 3515 ac

404 3553 728 3606 detrimento
760 3551 944 3606 afﬁcit.
974 3551 1324 3620 Quapropter,
1366 3560 1423 3604 ut
1459 3552 1702 3622 ingentes
1731 3552 1968 3605 rationes

395 3641 724 3704 redditurus,
754 3642 800 3695 si
832 3641 960 3710 quid
988 3654 1171 3694 eorum
1202 3655 1317 3709 qua:
1345 3653 1479 3709 Opus
1517 3641 1623 3694 sint
1664 3640 1968 3708 praetermi-

401 3745 558 3797 serts,
587 3746 781 3800 magno
805 3729 982 3785 studio
1011 3743 1306 3800 magnaque
1333 3744 1458 3785 cura
1490 3731 1714 3800 teipsum
1746 3730 1800 3784 in
1830 3731 1969 3786 bono

396 3822 637 3888 custodi,
667 3821 990 3890 voluptatem
1018 3833 1229 3875 omnem
1259 3820 1325 3875 ad
1354 3830 1628 3890 peccatum
1672 3831 1723 3875 te
1763 3827 1968 3886 pertra-

397 3916 610 3971 hentem
640 3915 764 3971 odio
793 3915 1081 3973 insectare.
1109 3913 1200 3968 Ait
1231 3915 1370 3969 enim
1401 3914 1688 3984 Apostolus
1714 3930 1730 3970 :
1775 3913 1967 3968 Pacem

396 4008 673 4063 sectamini
711 4021 832 4062 cum
874 4007 1158 4071 omnibus,
1199 4015 1253 4061 et
1291 4006 1765 4062 sanctiﬁcationem
1796 4049 1810 4074 ,
1850 4007 1969 4063 sine

405 4111 508 4164 qua
538 4111 695 4152 nemo
721 4096 920 4151 videbit
950 4097 1114 4152 Deum
1148 4096 1303 4168 (Heb.
1333 4097 1456 4166 xu).
1491 4097 1684 4152 Rerum
1718 4098 1971 4152 humana-

398 4201 516 4240 rum
556 4186 815 4242 circulum
854 4186 1251 4248 animadverte,
1292 4200 1398 4253 quo
1436 4195 1590 4252 pacto
1627 4186 1876 4240 videlicet
1915 4189 1968 4239 in

400 4277 586 4331 urbem
639 4277 904 4341 volvatur,
957 4273 1090 4327 alias
1131 4281 1289 4341 atque
1335 4273 1468 4326 alias
1515 4274 1617 4327 alio
1666 4284 1824 4343 atque
1869 4274 1977 4328 alio-

398 4366 555 4420 modo
584 4379 679 4420 eas
706 4363 883 4418 ferens
913 4375 976 4415 ae
1008 4371 1298 4430 torquens;
1335 4363 1571 4432 illudque
1602 4365 1782 4430 stude,
1827 4375 1884 4420 ut
1918 4367 1970 4421 in

404 4455 550 4508 varia
582 4466 764 4507 earum
797 4451 1090 4506 mutatione
1119 4451 1262 4520 pium
1293 4453 1524 4508 animum
1555 4463 1859 4510 constanter
1888 4472 1972 4512 re-
1997 4479 2040 4534 ι)
2073 4451 2111 4564 1;

404 4547 567 4564 ..μη
642 4541 912 4564 διημιω
948 4558 1050 4564 -___
1087 4559 1199 4564 ---μ
1232 4545 1386 4564 --ιω
1719 4549 1732 4559 .
1816 4548 1829 4564 .
1875 4549 1922 4564 .-

399 4547 592 4598 tineas.
641 4541 915 4610 Siquidem
948 4558 1054 4597 una
1083 4559 1200 4598 cum
1231 4545 1391 4600 rebus
1421 4549 1767 4613 commutari,
1799 4548 1973 4605 dubiae

403 4642 564 4705 atque
594 4633 856 4690 instabilis
886 4636 1080 4691 mentis
1107 4649 1471 4706 argumentum
1499 4648 1600 4694 est.

401 4725 458 4781 in
486 4725 683 4781 virtute
713 4725 897 4782 firmus
927 4727 1032 4795 sis,
1065 4742 1128 4783 ac
1157 4744 1375 4798 prorsus
1402 4731 1685 4787 stabilltus.
1723 4731 1804 4788 Ob
1843 4741 1976 4789 tem-

398 4819 669 4888 porariam
698 4828 754 4874 et
786 4818 1035 4874 caducam
1066 4820 1290 4890 gloriam
1335 4823 1478 4877 inani
1524 4833 1728 4880 tumore
1757 4825 1975 4880 minime

407 4910 714 4974 insolesce;
761 4922 984 4976 verum,
1037 4919 1318 4980 repurgato
1364 4912 1574 4982 animo,
1625 4923 1826 4970 natura:
1874 4924 1974 4968 tute

449 5130 565 5268 (14)
595 5130 797 5188 Paulus
813 5115 876 5187 in
908 5132 1060 5188 Actis
1091 5134 1387 5202 apostolor.
1416 5152 1505 5202 xx,
1536 5139 1628 5192 28.

475 5201 564 5268 15)
596 5203 662 5268 Α,
709 5203 910 5268 σφάλη.
939 5203 1002 5266 C,
1034 5204 1236 5268 σφαλῆ.
1296 5204 1390 5260 Est
1421 5216 1474 5261 et
1518 5225 1628 5268 σφα

2054 564 2366 635 κατασχὼν,
2398 564 2620 628 Τοῦτον,
2649 553 2830 630 εἶπεν,
2866 564 3110 632 ἀδελφοὶ,
3142 565 3276 634 ὑμῖν
3299 564 3715 634 προχειρίζοο

2058 672 2152 724 μαι
2183 653 2430 725 βασιλέα.
2462 651 2569 705 Τοῦ
2607 653 2664 705 δὲ
2701 652 2941 726 ἰσχυρῶς
2964 653 3103 726 πρὸς
3133 653 3194 706 τὸ
3223 655 3484 724 πρᾶγμα
3515 655 3716 704 ἀπει-

2056 745 2300 808 οοῦντος,
2355 743 2557 798 ἄκοντα
2596 744 2692 798 καὶ
2749 743 2826 816 μὴ
2881 743 3207 815 βουλόμενον
3257 749 3329 814 τῇ
3399 744 3699 814 βασιλικῇ

2057 836 2201 905 ἀρχῇ
2237 833 2617 904 ὲγκαϐίστησι,
2642 833 2737 886 καὶ
2767 835 2834 902 τῇ
2876 833 3088 902 κεφαλῇ
3107 833 3277 886 αὐτοῦ
3310 834 3376 884 τὸ
3420 834 3698 900 διάδημα

2058 925 2393 999 περιτίθησι,
2447 925 2538 978 τὸν
2573 924 2857 994 βασιλικόν
2903 941 2960 977 τε
2993 924 3288 977 δακτύλιον
3316 925 3562 976 δίδωσιν
3605 924 3695 983 εἰς

2057 1018 2157 1090 τὴν
2188 1019 2364 1088 χεῖρα.
2398 1018 2530 1081 Καὶ,
2568 1017 2699 1080 στάς
2726 1016 2869 1069 κατά
2906 1016 3194 1080 ἀνατολὰς,
3242 1014 3470 1086 ηὔξατο
3505 1015 3694 1080 εὐχὴν

2059 1109 2137 1179 τῷ
2195 1108 2404 1179 βασιλεί
2451 1107 2730 1179 Βαραχίᾳ·
2785 1107 3193 1178 ἀπερίτρεπτον
3244 1107 3411 1177 αὐτῷ
3451 1107 3558 1178 τὴν
3605 1108 3692 1167 εἰς

2059 1199 2192 1254 Θεὸν
2223 1199 2564 1270 φυλαχθῆναι
2592 1198 2749 1270 331
2779 1199 2962 1251 πίστιν
2998 1199 3093 1252 καὶ
3133 1199 3337 1269 ἀκλινῆ
3376 1199 3495 1266 τὴν
3534 1199 3692 1249 κατᾶ

2060 1294 2160 1356 τάς
2199 1291 2418 1354 ἐντολὰς
2444 1291 2536 1344 τοῦ
2569 1290 2807 1360 Χριστοῦ
2832 1291 3014 1361 εὑρεῖν
3036 1291 3289 1361 πορείαν.
3334 1291 3458 1342 Σὺν
3496 1288 3690 1358 τούτῳ

2062 1384 2118 1438 δὲ
2149 1383 2492 1455 ὑπερηύχετο
2516 1381 2611 1435 τού
2643 1382 2847 1453 κλήρου
2879 1379 3094 1437 καὶτοῦ
3127 1381 3400 1452 ποιμνίου
3437 1381 3688 1443 παντὸς,

2062 1475 2381 1544 αἰτούμενος
2405 1471 2690 1542 ἀντίληψιν
2729 1473 2915 1536 αὐτοῖς
2966 1473 3118 1543 παρὰ
3163 1472 3386 1542 Κυρίου
3437 1472 3545 1524 καὶ
3581 1488 3692 1522 σω-

2061 1565 2276 1636 τηρίαν,
2306 1563 2402 1617 καὶ
2424 1564 2533 1618 πᾶν
2554 1566 2746 1634 ὅτιπερ
2775 1563 2841 1616 ἂν
2872 1562 3056 1626 αὐτοῖς
3087 1564 3166 1627 είς
3202 1563 3442 1632 αἴτησιν
3541 1563 3688 1632 πρηὴ

2063 1658 2124 1711 τὸ
2150 1657 2431 1729 συμφέρον
2465 1657 2642 1710 οίκονο
2649 1655 2750 1727 μού
2759 1673 2942 1726 μενον.
3283 1718 3286 1721 _

2133 1748 2319 1813 Οὕτως
2344 1748 2644 1819 εὐξάμενος
2673 1747 3032 1817 ὲπιστραῳὶς
3055 1745 3204 1814 λέγει
3241 1745 3326 1817 τῷ
3355 1747 3443 1802 Ba
3456 1748 3640 1818 ραχίᾳ
3667 1764 3682 1776 ·

2076 1841 2205 1895 Ἰδού
2247 1858 2350 1905 σοι,
2386 1839 2604 1908 ἀδελφὲ,
2647 1840 2966 1910 ἐντέλλομαι
3009 1839 3194 1902 καθὼς
3245 1839 3386 1892 ποτὲ
3417 1843 3454 1893 6
3505 1839 3684 1892 Ἀπό-

2067 1934 2252 1998 στολος
2314 1932 2424 2004 (Η)
2492 1931 2919 2003 διεμαρτύρατο.
2970 1932 3214 2002 Πρόσεχε
3291 1932 3536 2001 σεαυτῷ
3583 1933 3684 1984 καὶ

2066 2026 2230 2079 παντὶ
2257 2023 2335 2094 τῷ
2359 2025 2612 2094 ποιμνίῳ,
2642 2025 2700 2075 ὲν
2719 2016 2764 2090 ᾧ
2795 2041 2852 2076 σε
2885 2023 2947 2076 τὺ
2977 2022 3205 2093 Πνεῦμα
3234 2023 3294 2075 τὸ
3317 2023 3494 2091 ἅγιον
3521 2023 3683 2076 ἔθετο

2067 2114 2310 2188 βασῦιέα,
2343 2114 2658 2184 ποιμαίνειν
2695 2114 2786 2168 τὸν
2838 2114 2966 2166 λαὸν
3002 2115 3099 2167 τοῦ
3153 2115 3368 2184 Κυρίου
3407 2113 3476 2167 ὃν
3517 2131 3684 2184 περι-

2064 2209 2358 2279 εποιήσατο
2379 2207 2468 2260 διά
2505 2205 2598 2260 τοῦ
2632 2207 2864 2277 αἵματος
2888 2206 2982 2259 τοῦ
3011 2207 3164 2260 ἰδίου.
3198 2208 3310 2260 Καὶ
3341 2206 3544 2269 καθὼς
3570 2205 3682 2277 πρὸ

2067 2300 2202 2370 ἐμοῦ
2226 2299 2398 2369 ἔγνως
2413 2299 2504 2353 τὸν
2529 2298 2661 2352 Θεὸν
2685 2299 2781 2352 καὶ
2810 2298 3144 2366 ὲλάτρευσας
3168 2297 3321 2368 αὐτῷ
3344 2301 3406 2351 ἐν
3435 2296 3680 2368 καθαρῷ

2069 2389 2348 2456 συνειδότι,
2379 2390 2522 2443 οὕτω
2551 2391 2646 2443 καὶ
2675 2389 2770 2443 νῦν
2803 2389 3028 2444 πλείονα
3058 2389 3296 2459 σπουδὴν
3333 2390 3671 2443 ἐνδείκνυσπο

2065 2483 2431 2555 εὐαρεστῆσαι
2465 2482 2637 2553 αὐτῷ.
2683 2482 2774 2545 Ὠς
2822 2482 2930 2552 γάρ
2968 2483 3065 2535 καὶ
3115 2483 3364 2553 μεγάλης
3418 2482 3672 2551 ἡξιιὶιῦης

2067 2576 2218 2648 παρὰ
2262 2573 2358 2628 τοῦ
2420 2574 2556 2628 Θεοῦ
2606 2575 2804 2645 ἀρχῆς,
2849 2577 3089 2645 τοσούτῳ
3129 2575 3383 2646 μείζονος
3419 2575 3673 2646 ἀμοιϐῆς

2065 2668 2348 2738 ὀφειλέτης
2376 2667 2662 2736 ὑπάρχεις.
2690 2665 2906 2720 Οὐκοῦν
2929 2667 3128 2729 ἀπόδος
3173 2665 3250 2734 τῷ
3283 2667 3570 2737 εὐεργέτῃ
3609 2668 3672 2720 τὸ

2067 2759 2227 2830 χρέος
2257 2757 2358 2826 τῆς
2395 2757 2768 2826 εὐχαριστίας,
2823 2755 2922 2819 τὰς
2953 2757 3115 2824 ἁγίας
3139 2756 3305 2809 αὐτοῦ
3359 2756 3672 2823 φυλάσσων

2068 2848 2290 2912 ἐντολὰς
2329 2849 2424 2901 καί
2472 2849 2655 2917 πάσης
2696 2847 2957 2900 ἐκκλίνων
2984 2847 3104 2899 ὀδοῦ
3133 2849 3210 2910 είς
3240 2844 3536 2899 ἀπώλειαν
3569 2865 3668 2916 φε-

2071 2940 2289 3012 ρούσης.
2351 2937 2561 3010 ’Ὥσπερ
2594 2940 2702 3010 γὰρ
2749 2940 2842 2992 ἐπὶ
2891 2940 3001 2992 τῶν
3042 2940 3333 3003 πλεόντων,
3379 2941 3519 2992 ὅταν
3569 2941 3669 3008 μὲν

2069 3033 2270 3101 ναύτης
2299 3031 2478 3102 σφαλῇ
2515 3030 2651 3102 (15),
2695 3031 2901 3102 μικράν
2927 3031 3084 3102 φέρει
3113 3033 3225 3093 τοῖς
3261 3030 3498 3083 πλέουσι
3539 3031 3668 3100 βλά-

1995 3147 2037 3207 C
2069 3124 2202 3196 6ην⁶
2226 3124 2354 3177 ὅταν
2385 3123 2442 3176 δὲ
2497 3125 2526 3175 6
2562 3123 2925 3194 κυϐερνήτης,
2985 3123 3187 3186 παντὸς
3222 3123 3536 3191 ἐργάζεται
3573 3123 3662 3176 τοῦ

2071 3215 2258 3269 πλοίου
2288 3213 2564 3272 ἀπώλειαν
2585 3232 2598 3246 ο
2630 3213 2773 3268 οὕτω
2803 3217 2895 3269 καὶ
2916 3217 2972 3268 ἐν
2999 3214 3310 3286 βασιλείοις,
3338 3213 3412 3267 ἂν
3444 3215 3553 3284 μέν
3579 3232 3662 3276 τις

2069 3305 2181 3358 τῶν
2211 3305 2530 3376 ἀρχομένων
2568 3305 2794 3376 ἁμάρτῃ
2824 3303 2958 3375 (16),
2984 3305 3045 3358 οὐ
3076 3303 3332 3356 τοσοῦτον
3375 3304 3442 3356 τὸ
3481 3304 3662 3357 κοινὸν

2266 3399 2389 3452 ὅσον
2417 3399 2610 3452 ἑαυτὸν
2661 3399 2856 3461 ἀδικεῖ,
2907 3398 2974 3452 ἂν
3017 3398 3072 3450 δὲ
3119 3399 3283 3461 αὐτὸς
3309 3399 3339 3449 6
3371 3397 3656 3468 βασιλεὺς,

2071 3490 2250 3560 πάσης
2270 3488 2561 3559 ἐργάζεται
2584 3489 2684 3558 τῆς
2711 3488 2987 3552 πολιτείας
3017 3489 3245 3560 βλάδην.
3287 3490 3380 3552 Ὠς
3410 3490 3661 3559 μεγάλας

2069 3576 2164 3634 οὖν
2205 3581 2420 3650 ὑφέξων
2468 3582 2720 3645 εὐθύνας,
2761 3582 2894 3634 εἴτι
2959 3583 3205 3647 παρίδοις
3243 3584 3354 3636 τῶν
3399 3585 3659 3646 δεόντων,

2073 3670 2211 3742 μετά
2242 3671 2443 3742 πολλῆς
2475 3673 2763 3743 ἀκριϐείας
2803 3675 3040 3741 φύλαττε
3073 3675 3300 3728 σεαυτὸν
3333 3677 3392 3726 ἐν
3417 3675 3497 3744 τῷ
3523 3676 3661 3743 dy:-

2070 3763 2170 3834 θῷ.
2193 3763 2440 3834 Μίσησον
2467 3766 2649 3818 πᾶσαν
2679 3765 2870 3837 ἡδονὴν
2896 3767 3034 3838 πρὸς
3055 3765 3336 3838 ἁμαρτίαν
3361 3767 3658 3821 ἕλκουσαν

2069 3856 2203 3926 φησι
2229 3854 2387 3926 γάρό
2425 3855 2748 3920 Ἀπόστολος
2784 3858 2917 3928 (17)·
2955 3859 3198 3929 Εἰρήνην
3245 3857 3479 3912 διώκετε
3517 3861 3657 3926 μετὶ

2070 3947 2309 4011 πάντων,
2335 3945 2430 4000 καὶ
2463 3946 2556 3999 τὸν
2609 3948 2902 4019 ἀγιασμδν,
2951 3943 3013 4003 οὗ
3049 3950 3218 4020 χωρὶς
3258 3950 3438 4014 οὐδεὶς
3463 3952 3658 4022 ὄψεται

2066 4039 2158 4092 τὸν
2181 4038 2404 4110 Κύριον.
2446 4031 2553 4092 Τὸν
2599 4039 2798 4092 κύκλον
2839 4040 3094 4112 πρόσεχε,
3129 4039 3277 4106 ὅστις
3331 4045 3656 4112 περιτρέχει

2066 4131 2175 4186 τῶν
2208 4129 2562 4200 ἀνθρωπίνων
2597 4131 2964 4202 πραγμάτων,
3007 4133 3193 4186 ἄλλοτε
3244 4133 3425 4195 άλλως
3473 4135 3656 4204 φέρων

2067 4223 2205 4277 αὐτά
2237 4224 2330 4277 καὶ
2363 4223 2676 4294 περιφέρων
2702 4240 2716 4252 ·
2747 4225 2842 4278 καὶ
2871 4226 2930 4277 ὲν
2959 4227 3024 4295 τῇ
3054 4224 3258 4278 τούτων
3298 4225 3656 4295 ἀγχιστρόφῳ

2072 4313 2342 4386 μεταϐολῇ
2369 4313 2745 4386 ἀμετάϐλητον
2764 4315 2854 4386 ἔχε
2883 4315 2974 4369 τὴν
2997 4315 3194 4384 εὐσεϐῆ
3215 4315 3484 4384 λογισμόν
3518 4316 3651 4383 (18).

2068 4403 2141 4456 Τὸ
2189 4404 2296 4475 γὰρ
2356 4404 2908 4475 συμμεταϐάλλεσοαι
2969 4409 3089 4469 ταῖς
3141 4405 3250 4459 τῶν
3300 4409 3653 4476 πραγμάτων

2115 4495 2418 4560 εταϐολακ,
2449 4496 2686 4560 διανοίας
2707 4496 2966 4549 ἀϐεὗαίου
2997 4498 3321 4568 τεκμήριον.
3358 4500 3428 4550 Σὺ
3463 4501 3519 4551 δὲ
3543 4503 3648 4553 πά-

2061 4601 2180 4652 γιος
2213 4582 2324 4649 ἔσο,
2351 4585 2407 4637 ὲν
2442 4583 2520 4655 τῷ
2554 4585 2745 4656 ἁγαθῷ
2793 4585 2928 4649 ὅλως
2973 4587 3522 4657 ἐρηρεισμένος(19).
3557 4589 3647 4660 Μὴ

1629 4639 1973 4750 Τυλξπίξῖδθ
2061 4675 2292 4748 ἐπαίρου
2334 4676 2423 4728 διὰ
2467 4675 2570 4746 τῆς
2611 4677 2948 4750 προσκαίρου
3001 4678 3160 4750 δόξης
3222 4679 3360 4748 πρὸς
3419 4681 3650 4749 μάταιον

2061 4771 2322 4840 φύσημα·
2364 4769 2502 4823 ἀλλὰ
2540 4769 2938 4841 κεκαθαρμὲνῳ
2981 4770 3232 4841 λογισμῷ
3271 4771 3332 4824 τὸ
3367 4773 3646 4826 οὐτιδανὸν

2057 4862 2158 4932 τῆς
2183 4860 2379 4914 ἑαυτοῦ
2414 4861 2524 4914 νόει
2571 4861 2805 4930 φύσεως,
2838 4861 2898 4915 τὸ
2935 4862 3111 4933 βραχύ
3139 4879 3200 4916 τε
3233 4865 3328 4918 καὶ
3353 4864 3645 4934 ὠκύμορον

2063 4955 2162 5027 τῆς
2194 4953 2428 5008 ἐνταῦθα
2455 4952 2600 5026 ζωῆς
2626 4954 2718 5007 καὶ
2759 4953 2849 5008 τὸν
2898 4953 3332 5026 συνεζευγμένον
3372 4960 3438 5028 τῇ
3486 4958 3642 5029 σαρκὶ

475 5201 564 5270 15)
596 5203 662 5268 Α,
705 5203 910 5280 σφάλη.
939 5203 1002 5280 ς),
1034 5201 1236 5280 σφαλῆ.
1265 5204 1390 5280 ,Εδι
1421 5201 1696 5280 οινσφαλῇ
1741 5208 1880 5277 apud
1910 5207 1961 5271 Ag

2071 5215 2206 5280 enim
2243 5222 2290 5261 c.
2328 5206 2621 5280 l0,7quem
2679 5215 2866 5264 noster
2916 5208 3231 5279 descripsit.
3280 5207 3358 5263 lbi
3411 5208 3636 5279 diligens

381 5271 673 5348 adnotatpr
699 5271 1040 5348 pamkenius
1064 5271 1231 5348 nostri
1264 5276 1440 5348 locum
1473 5271 1722 5348 apposuit
1751 5271 2062 5333 eversione
2092 5275 2461 5347 Trapezuntii.

453 5339 564 5417 (l6)
593 5339 658 5404 Α,
689 5342 956 5417 ἁμάρτοι.
987 5344 1224 5417 Pramo”
1275 5339 1601 5417 scripturam
1633 5349 1835 5402 codicis
1881 5349 1945 5412 C,

2071 5339 2225 5399 1111οῖ
2273 5351 2548 5416 Agapetus
2607 5347 2786 5402 habet.
2848 5348 3058 5417 Ubique
3105 5366 3140 5414 η
3182 5360 3235 5402 et
3285 5367 3337 5401 οι
3400 5349 3632 5417 confudit

382 5408 1086 5488 lotaciSmus_.'Theophilus
1132 5415 1298 5488 Alex.
1322 5408 1516 5472 llotnil.
1565 5416 1732 5488 Cujus
1766 5422 1841 5471 rei
1869 5408 1961 5471 lion

2075 5418 2285 5488 similis,
2432 5418 2520 5488 22:
2561 5417 2679 5470 Οὐκ
2722 5419 2884 5488 οἵδειν
2928 5408 3034 5480 ἕως
3091 5408 3186 5472 τοῦ
3227 5419 3324 5471 νῦν
3363 5420 3446 5472 ὅτι
3486 5415 3632 5484 οὗτος

378 5475 498 5550 ἐστὶ
556 5480 755 5550 πικρὸς
807 5485 836 5536 6
882 5475 1134 5548 θάνατος.

377 5547 574 5619 Aget!»
591 5547 842 5619 ,πάρίδομ

449 5617 564 5690 (l‘l)
589 5617 762 5690 Epist.
797 5625 862 5677 ad
895 5623 1058 5680 Hebr.
1089 5641 1188 5685 xu.
1224 5627 1312 5681 l4.

448 5687 562 5760 (Ιδ)
599 5688 856 5760 §cqt_titur
881 5694 1105 5760 Agapcl.
1142 5711 1191 5747 (τ.
1227 5697 1311 5749 ll.

451 5754 566 5824 (l9)
595 5755 752 5810 Conf.
783 5754 1016 5827 Agapcti
1042 5776 1090 5814 c.
1127 5765 1210 5819 15.

1189 5486 1369 5542 Codex
1406 5489 1542 5543 1015
1575 5485 1721 5545 ιριὶρι
1749 5489 1908 5543 οίδειν
1938 5503 1961 5543 e

2071 5486 2208 5550 ύτος.
2265 5485 2407 5556 Lege
2465 5487 2612 5558 ᾔδειν
2661 5496 2716 5544 ct
2764 5485 3056 5552 οὐτως.--
3098 5488 3216 5545 M‘ox
3269 5490 3332 5557 Ο,
3384 5489 3626 5562 παρίδῃς.
