3888 6344
163 399 308 463 1200

1266 387 1444 446 ἨΤΑ
1482 388 1837 448 ΒὶῖἶιΑΑΜ
1887 389 1973 447 ET
2011 390 2364 457 JUASAPII.

3291 403 3421 466 12Ῑο

72 500 83 529 ⁵
152 502 263 571 τὴν
296 499 643 570 ὑποστροφὴν
673 497 1018 569 ἀπηγόρευον
1044 515 1057 530 ο
1088 497 1184 570 τὴν
1218 499 1394 565 πόλιν,
1435 500 1513 564 ὡς
1549 502 1746 571 μηκέτι

1856 506 1980 560 fore.
2019 507 2126 561 lloc
2167 523 2417 561 settnone
2456 509 2662 573 habito,
2706 513 3063 578 spcctzntibus
3103 514 3344 568 omnibus
3382 533 3412 568 e

72 616 75 619 ν
151 593 395 648 δυνατδν
415 593 657 663 ὄμμασιν
677 592 908 662 ὀφθῆναι
935 594 1046 655 τοῖς
1069 592 1301 658 ἑαυτῶν,
1327 590 1739 654 ἀπεδίδρασκον,

72 686 79 691 “
167 684 265 747 Ὧς
311 684 369 738 δὲ
398 684 499 753 τῆς
548 682 757 746 πόλεως
811 682 915 749 ἔξω
967 683 1243 752 γεγόνασι,
1294 684 1444 754 μόλις
1493 684 1644 749 ποτὲ,
1676 686 1742 755 τῇ

150 780 309 848 τομῇ
335 776 427 829 τοῦ
474 774 634 844 λόγου
659 777 1051 846 παραινοῦντος
1084 775 1249 831 αὐτοῦ
1285 776 1377 829 καὶ
1410 775 1744 846 δριμυτέραν

68 874 71 881 “
152 884 270 919 που
307 866 405 938 τὴν
441 866 763 937 ἐπιτίμησιν
794 865 1167 938 ἐπιφέροντος,
1196 868 1292 920 ἀπ’
1320 867 1485 921 αὑτοῦ
1526 868 1744 938 διερρά-

151 975 364 1026 γησαν,
424 958 520 1010 καὶ
571 956 798 1021 ἄκοντες
838 959 1227 1031 ἐπανήρχοντο,
1291 959 1517 1022 πυκνῶς
1562 960 1745 1024 αὐτοῖς

148 1050 272 1101 τῶν
324 1047 621 1119 ὀφθαλμῶν
678 1050 1181 1121 ἐπιστρεφομένων,
1233 1050 1327 1105 καὶ
1372 1051 1473 1120 τὴν
1519 1050 1743 1121 πορείαν

163 1143 276 1204 κοῖς
310 1140 466 1193 ποσὶν
512 1141 890 1208 ἐγκοπτόντων
918 1141 1048 1211 (58).
1080 1141 1237 1205 Τινὲς
1259 1141 1314 1194 δὲ
1343 1140 1451 1194 τῶν
1479 1140 1742 1212 θερμοτέ-

153 1249 279 1302 ρων
326 1230 419 1284 καὶ
483 1230 795 1302 ὀδυρόμενοι
848 1231 1008 1302 337
1073 1232 1344 1303 μακρόθεν
1415 1231 1743 1301 ἠκολούθουν

157 1321 340 1391 αὐτῷ,
400 1319 507 1383 ἕως
582 1322 615 1392 ή
683 1320 780 1384 νὺξ
837 1320 1137 1375 ἐπελθοῦσα
1211 1320 1491 1392 διέστησεν
1548 1320 1745 1384 αὐτοὺς

156 1410 268 1465 ἀπ’
298 1409 561 1481 ἀλλήλων.

239 1586 397 1641 ΚΕΦ.
440 1586 560 1640 ΛΖ⁹.
614 1582 871 1654 Ἐξῆλθεν
915 1583 1009 1637 οῦν
1058 1581 1165 1635 τῶν
1219 1581 1504 1653 βασιλείων
1548 1583 1578 1634 6
1625 1598 1745 1650 γεν-

149 1683 314 1742 ναῖος
343 1680 550 1741 ἐκεῖνος
569 1676 795 1748 χαίρων,
829 1675 903 1738 ὼς
930 1678 1059 1729 ὅταν
1090 1678 1152 1728 ἐκ
1186 1676 1404 1745 μακρᾶς
1423 1674 1639 1746 ἑξορίας
1667 1675 1746 1739 είς

147 1770 267 1838 τὴν
312 1767 447 1823 ἰδίαν
490 1782 573 1828 τις
620 1764 1053 1835 ἐπανερχόμενος
1092 1763 1406 1833 γηθοσύνως
1438 1763 1742 1835 πορεύοιτο.

152 1860 281 1914 Καὶ
321 1854 389 1932 ἦν
420 1857 787 1927 ἐνδεδυμένος,
813 1854 1011 1921 ἔξωθεν
1047 1858 1146 1926 μὲν
1178 1857 1246 1909 τά
1276 1857 1333 1921 ἐξ
1356 1856 1509 1920 ἔθους
1534 1857 1747 1927 ίμάτια,

154 1950 374 2003 ἔσωθεν
401 1948 457 2002 δὲ
486 1946 546 1999 τὸ
572 1946 812 2016 τρίχινον
846 1946 1011 2015 ῥάκος
1043 1948 1219 1998 ἐκεῖνο
1248 1947 1383 2017 ὅπερ
1416 1950 1444 1999 ὁ
1477 1946 1745 2017 Βαρλαὰμ

156 2042 321 2112 αύτῷ
365 2038 586 2093 δεδώκει
620 2038 754 2109 (59).
806 2036 884 2109 Τῇ
935 2037 990 2090 δὲ
1044 2038 1202 2091 νυκτὶ
1248 2038 1431 2109 ἐκείνῃ
1479 2039 1558 2101 είς
1604 2038 1745 2091 οίκί-

162 2149 306 2186 σκον
336 2130 445 2200 (40)
498 2127 729 2199 πένητός
775 2144 919 2188 τινος
954 2129 1338 2199 καταντήσας,
1384 2127 1454 2181 τὰ
1508 2128 1749 2199 περικεί-

166 2244 313 2299 μενα
356 2223 505 2295 αύτῷ
551 2223 731 2293 ἄμφια
764 2222 1031 2289 ἐκϐαλὼν,
1061 2223 1381 2278 τελευταίαν
1408 2222 1613 2297 ταύτην
1657 2225 1747 2279 εύ-

162 2317 357 2371 στοιῒαν
391 2315 468 2387 τῷ
502 2315 694 2385 πένητι
721 2314 940 2368 δίδωσι⁶
981 2314 1078 2368 καὶ
1120 2315 1265 2371 οὕτω
1294 2318 1414 2379 ταῖς
1440 2316 1653 2369 ἐκείνου
1686 2333 1746 2370 τε

160 2409 270 2461 καὶ
300 2406 505 2461 πολλῶν
531 2406 731 2477 ἐτέρων
762 2405 1010 2477 πενήτων
1035 2406 1222 2478 εὐχαῖς
1239 2407 1528 2478 ἐπίκουρον
1551 2407 1745 2462 ἑαυτοῦ

161 2499 266 2551 τὸν
288 2498 419 2550 Θεὸν
448 2498 696 2568 θέμενος,
732 2497 827 2551 καὶ
851 2498 950 2570 τὴν
976 2498 1144 2552 αὐτοῦ
1175 2500 1334 2571 χάριν
1366 2501 1459 2553 καὶ
1489 2499 1748 2571 βοήθειαν

163 2590 252 2652 ὡς
302 2591 515 2661 ἱμάτιον
563 2589 830 2661 σωτηρίου
866 2589 976 2661 (41)
1030 2590 1123 2645 καὶ
1156 2591 1360 2661 χιτῶνα
1407 2592 1749 2662 εὐφροσύνης

168 2681 354 2751 ἐαυτῷ
406 2669 898 2751 περιϐαλλόμενος,
963 2682 1056 2733 ἐπὶ
1110 2681 1201 2733 τὸν
1240 2681 1505 2752 ἐρημικὸν
1553 2680 1746 2751 ἐξῆλθε

171 2773 312 2843 βίον,
357 2772 432 2843 μὴ
466 2772 629 2843 ἄρτον
672 2771 1095 2842 ἐπιφερόμενος,
1133 2771 1208 2844 μὴ
1240 2771 1407 2843 ὓδωρ,
1455 2772 1577 2843 μηδ’
1621 2772 1750 2827 ἄλλο

168 2883 231 2918 τι
259 2864 368 2918 τῶν
396 2865 532 2934 πρὸς
560 2864 765 2936 τροφὴν
795 2864 1114 2936 ἐπιτηδείων
1138 2904 1153 2929 ,
1186 2864 1260 2935 μὴ
1299 2864 1513 2935 ἱμάτιον
1546 2865 1751 2918 ἐνδεδυ-

175 2956 360 3028 μένος,
395 2956 508 3009 ἀλλ’
540 2956 572 3026 ἢ
606 2955 666 3007 τὸ
692 2954 926 3026 σκληρὸν
954 2958 1131 3009 ἐκεῖνο
1166 2956 1333 3027 ῥάκος
1364 2957 1546 3026 μόνον,
1576 2951 1748 3028 οὗπερ

170 3045 285 3116 πρὸ
319 3045 517 3115 μικροῦ
559 3045 935 3117 ἐμνήσθημεν.
980 3045 1135 3114 Πόοῳ
1180 3045 1287 3115 γάρ
1328 3062 1434 3099 τινι
1481 3047 1753 3117 ὑπερφυεῖ

172 3135 272 3189 καὶ
320 3135 482 3206 ἔρωτι
540 3135 669 3208 θείῳ
702 3135 933 3206 τρωθεὶς
973 3134 1070 3205 τὴν
1114 3135 1291 3204 ψυχὴν
1340 3135 1434 3188 τοῦ
1481 3137 1749 3190 ἀθανάτου

1849 600 2040 665 palatio
2066 600 2318 663 excedit;
2367 614 2431 655 ac
2473 603 2651 655 S'atiin
2692 618 2878 657 omnes
2919 605 3197 669 desperato
3241 605 3349 659 redi
3381 622 3412 658 u

1846 703 1968 741 cum
2000 689 2381 757 sequebamur,
2415 700 2572 759 atque
2600 708 2663 747 ex
2696 695 2826 749 urbe
2846 736 2860 758 ,
2891 705 2947 748 ut
2974 712 3126 764 quam
3155 697 3259 765 jam
3288 711 3413 751 con~

1847 778 2056 846 spicere
2086 780 2304 834 minime
2336 790 2557 849 passcnt
2580 824 2592 846 ,
2628 784 3017 854 profugiebant.
3068 787 3414 855 Posteaquam

1847 879 2022 924 autem
2049 885 2078 924 e
2104 869 2316 926 civitate
2342 873 2544 945 egressi
2571 885 2722 941 sunt,
2751 877 2836 931 vix
2861 878 3070 931 tmdem
3098 888 3254 946 atque
3280 895 3418 945 agre

1848 959 2030 1034 acrius
2054 972 2145 1012 eos
2177 958 2297 1034 ipso
2335 960 2688 1027 admonente.
2718 974 2875 1032 atque
2905 968 3063 1020 etiam
3093 969 3419 1034 asperiorem

1857 1031 2123 1087 interdum
2161 1032 2577 1101 obiurgationem
2609 1031 2925 1107 adjungente
2947 1078 2960 1102 ,
2992 1043 3058 1092 ab
3086 1031 3415 1094 eo'distracti

1855 1131 2013 1187 sunt,
2050 1132 2209 1191 atque
2251 1124 2399 1179 inviti
2436 1128 2863 1195 revertebantur,
2911 1130 3192 1184 identidem
3233 1133 3415 1185 oculos

1855 1212 2190 1267 reflectentes
2236 1245 2253 1273 ,
2328 1227 2392 1268 ac
2462 1212 2697 1282 pedibus
2778 1216 2913 1270 inter
2938 1218 3305 1271 ambulandum
3336 1221 3415 1272 or-

1854 1300 2155 1355 leudcntes.
2183 1299 2433 1354 Nonnulli
2462 1311 2637 1355 autem
2669 1318 2732 1357 ex
2763 1304 2828 1358 iis
2857 1305 2943 1372 qui
2974 1306 3273 1360 ferventiori
3302 1309 3415 1360 ani-

1853 1404 1942 1445 mo
1970 1390 2173 1459 praediti
2202 1396 2382 1456 erant,
2413 1390 2651 1458 lugentes
2681 1392 2886 1446 eminus
2916 1393 3087 1462 ipsum
3118 1396 3414 1464 sequeban-

1853 1490 1957 1545 tur,
1988 1480 2333 1550 quoadusque
2365 1494 2471 1533 nox
2503 1480 2687 1534 oborta
2716 1496 2810 1536 eos
2837 1482 2973 1537 inter
3002 1497 3061 1537 se
3085 1484 3357 1553 disjunxit.

1930 1569 2055 1624 CAP.
2098 1568 2359 1623 XXXVII.
2396 1597 2464 1611 --
2494 1571 2794 1627 Generosus
2819 1573 2971 1641 igitur
2994 1572 3080 1626 ille
3103 1576 3184 1627 vir
3202 1590 3266 1627 ex
3297 1575 3410 1626 aula

1851 1672 2095 1729 egressus
2142 1665 2247 1723 est,
2277 1656 2497 1725 perinde
2538 1659 2689 1714 lactus
2729 1668 2886 1728 atque
2915 1661 3124 1727 alacris,
3185 1671 3241 1715 ut
3289 1677 3411 1715 cum

1852 1746 2113 1816 quispiam
2139 1759 2172 1800 e
2194 1745 2480 1815 longinquo
2509 1760 2569 1800 ac
2597 1747 2848 1801 diuturno
2876 1748 3073 1801 exsilio
3106 1750 3158 1802 in
3189 1751 3408 1816 patriam

1785 1859 1825 1913 Β
1856 1851 1914 1892 se
1946 1838 2128 1892 refert.
2153 1836 2327 1905 Atque
2349 1844 2567 1890 externa
2591 1837 2800 1904 quidem
2829 1851 2919 1891 eas
2949 1839 3137 1907 quibus
3165 1842 3237 1892 uti
3265 1841 3409 1894 sole-

1851 1927 1959 1993 bat,
1988 1935 2166 1979 veSIes
2186 1924 2424 1993 gerebat,
2448 1925 2652 1979 interne
2671 1936 2845 1979 autem
2868 1927 3095 1980 cilicium
3120 1928 3246 1981 illud
3268 1930 3407 1995 quod

1852 2017 2093 2071 Barlaam
2112 2016 2213 2082 ipsi
2235 2016 2377 2069 dono
2391 2016 2626 2070 dederat.
2649 2016 2813 2070 l‘orro
2842 2028 2995 2071 nocte
3018 2020 3106 2072 illa
3137 2022 3187 2073 in
3211 2035 3407 2087 paupe-

1851 2107 1924 2162 ris
1940 2104 2215 2176 cujusdam
2233 2105 2331 2158 viri
2348 2105 2716 2159 domuncularu
2729 2121 2788 2161 se
2802 2106 3103 2173 conferens,
3124 2121 3296 2164 vestes
3319 2124 3412 2164 eas

1851 2202 2043 2274 quibus
2069 2202 2284 2256 indutus
2321 2209 2436 2254 erat
2465 2200 2664 2268 abjicit,
2705 2208 3138 2271 postremumque
3165 2203 3291 2257 illud
3320 2204 3411 2258 be-

1852 2295 2095 2351 neﬁcium
2117 2292 2291 2363 egenti
2315 2291 2512 2345 tribuit.
2543 2291 2776 2360 Cumque
2797 2292 2862 2345 ad
2891 2293 3029 2345 hunc
3054 2294 3265 2346 modum
3297 2301 3411 2347 tum

1852 2387 1991 2442 illius
2016 2393 2128 2440 tum
2165 2383 2453 2438 multorum
2479 2382 2702 2437 aliorum
2732 2398 3022 2453 pauperum
3047 2385 3285 2453 precibus
3318 2385 3408 2438 Dei

1852 2492 2005 2547 Opem
2033 2488 2193 2549 atque
2233 2474 2493 2529 auxilium
2521 2474 2621 2528 sibi
2665 2474 2963 2540 accivisset,
2998 2475 3216 2542 ejusque
3244 2475 3410 2541 gratia

1853 2580 1901 2625 et
1932 2566 2176 2639 priesidio
2222 2576 2471 2637 tanquam
2512 2566 2698 2621 salutis
2744 2566 3062 2620 vestimento
3110 2579 3173 2619 ac
3212 2566 3412 2619 laetitia:

1853 2664 2009 2735 pallio
2036 2675 2153 2717 sese
2192 2662 2473 2727 induisset,
2525 2660 2591 2713 ad
2643 2658 2932 2713 solitariam
2963 2658 3119 2711 vitam
3161 2658 3410 2721 excessit,

1854 2770 1953 2810 non
1987 2768 2195 2823 panem,
2228 2769 2331 2806 non
2360 2766 2575 2822 aquam,
2606 2765 2709 2806 non
2760 2749 3044 2820 quidquam
3090 2749 3227 2802 aliud
3257 2764 3320 2801 ex
3350 2750 3414 2802 iis

1853 2861 1969 2914 qua:
2008 2846 2074 2899 ad
2108 2845 2300 2898 victum
2333 2842 2628 2897 necessaria
2676 2851 2797 2895 sunt
2826 2856 3003 2895 secum
3052 2840 3246 2905 ferens,
3299 2839 3413 2892 nul-

1855 2936 2066 3000 Ianique
2088 2932 2227 2987 aliud
2259 2931 2623 2986 indumentum
2674 2943 2889 2999 gerens,
2925 2938 3116 2997 prmter
3166 2942 3413 2996 asperum

1851 3021 1982 3080 illud
2013 3025 2265 3088 cilicium,
2297 3023 2363 3077 de
2392 3036 2499 3090 quo
2542 3021 2700 3089 paulo
2740 3028 2863 3075 ante
2914 3022 3235 3074 mentionem
3292 3020 3411 3072 feci.

1855 3114 2063 3169 Etenim
2094 3112 2349 3182 singulari
2370 3111 2596 3182 quodam
2621 3109 2904 3173 desiderio,
2935 3124 2994 3162 ac
3017 3107 3193 3161 dl\ill0
3215 3110 3417 3160 immor.

175 3224 444 3294 βασιλέως
477 3224 733 3295 Χριστοῦ,
773 3224 909 3286 ὅλως
937 3220 1003 3294 ἦν
1035 3224 1126 3276 τοῦ
1164 3224 1501 3295 ποθουμένου
1532 3226 1747 3296 ἐξεστη-

1856 3206 1971 3260 talis
2002 3205 2138 3272 regis
2163 3201 2362 3256 Christi
2408 3214 2588 3253 amore
2630 3199 2860 3264 saucius,
2896 3208 3004 3251 toto
3055 3197 3231 3250 animo
3260 3197 3311 3249 in
3363 3197 3415 3249 id

174 3314 311 3381 κὼς,
358 3314 495 3378 ὅλως
550 3313 912 3384 ἠλλοιωμένος
963 3314 1103 3384 Θεῷ,
1156 3315 1386 3385 κάτοχος
1441 3318 1506 3387 τῇ
1561 3316 1752 3371 τούτου

174 3407 403 3476 ἀγάπῃσ
460 3404 698 3476 κραταιὰ
743 3404 870 3475 γὰρ,
903 3404 1066 3475 φησὶν
1099 3402 1235 3475 (42),
1266 3404 1341 3468 ὡς
1386 3404 1718 3475 πῦράγάπη
1738 3421 1753 3435 ·

174 3496 439 3566 τοιαύτην
458 3496 623 3560 αὐτὸς
645 3496 754 3551 άπὸ
780 3498 879 3567 τῆς
902 3496 1050 3562 θείας
1072 3497 1293 3566 ἀγάπης
1322 3496 1538 3564 ἐδέξατο
1564 3498 1755 3569 μέθην,

176 3592 277 3643 καὶ
310 3587 474 3659 338
515 3587 689 3650 οὕτως
740 3587 1008 3657 ἐξεκαύθη
1044 3587 1121 3658 τῷ
1167 3588 1329 3657 δίψει,
1372 3588 1511 3643 κατὰ
1557 3589 1648 3642 τὸν
1682 3591 1758 3642 εί-

180 3683 353 3735 πόντα
381 3682 491 3752 (45)
516 3697 528 3709 ·
566 3682 663 3733 Ὃν
705 3680 905 3749 τρόπον
952 3680 1206 3733 ἐπιποθεῖ
1234 3682 1266 3752 ή
1294 3681 1494 3753 ἔλαφος
1536 3683 1630 3736 ἐπὶ
1656 3683 1755 3748 τὰς

180 3775 366 3845 πηγὰς
402 3772 508 3825 τῶν
560 3771 793 3837 ὑδάτων,
847 3770 1022 3834 οὓτως
1083 3772 1336 3826 ἐπιποθεί
1383 3776 1415 3844 ή
1462 3774 1607 3845 ψυχή
1650 3791 1753 3845 μου

181 3864 324 3935 πρὸς
351 3864 435 3929 σὲ,
485 3864 514 3917 6
566 3862 732 3925 Θεός·
770 3862 1021 3934 ἐδίψησεν
1074 3865 1107 3933 ή
1137 3864 1283 3935 ψυχή
1334 3881 1437 3933 μου
1478 3866 1615 3934 πρὸς
1662 3865 1758 3918 τὸν

180 3959 317 4013 Θεὸν
354 3958 443 4011 τον
486 3957 724 4029 ἰσχυρὸν,
759 3958 850 4010 τὸν
884 3958 1092 4022 ζῶνταο
1124 3958 1217 4012 καὶ
1265 3958 1447 4021 καθὼς
1479 3960 1513 4028 ή
1551 3975 1757 4029 τετρω-

186 4050 328 4121 μένη
358 4048 459 4118 τῆς
502 4048 760 4118 τοιαύτης
809 4049 1034 4119 ἀγάπης
1068 4048 1178 4118 (44)
1225 4048 1370 4118 ψυχὴ
1427 4046 1523 4116 βοᾷ
1571 4049 1629 4100 ἐν
1680 4049 1761 4117 τῷ

186 4144 428 4213 ’ᾼσματι
468 4140 574 4192 τῶν
605 4140 891 4212 ᾀσμάτων·
950 4139 1322 4210 Ἐκαρδίωσας
1356 4139 1468 4209 (45)
1502 4141 1651 4210 ἡμᾶς
1681 4141 1760 4211 τῷ

187 4234 338 4303 πόθῳ
386 4250 505 4299 σου,
538 4232 877 4303 ἐκαρδίωσας
910 4233 1089 4302 ἡμᾶς’
1124 4232 1247 4286 καίο
1293 4232 1476 4297 Δεῖξόν
1520 4234 1633 4305 (46)
1671 4252 1761 4306 μοι

182 4326 284 4394 τὴν
329 4324 449 4393 όψιν
491 4341 605 4388 σου,
638 4323 731 4376 καὶ
754 4322 1040 4376 ἀκούτιοόν
1074 4340 1165 4393 μοι
1214 4322 1309 4393 τὴν
1343 4325 1527 4395 φωνήν
1568 4342 1695 4378 σου·
1728 4327 1761 4397 ὴ

183 4415 295 4485 γὰρ
331 4413 480 4483 φωνή
514 4430 607 4465 σου
641 4413 791 4485 φωνή
816 4411 969 4482 ήδεῖα
998 4410 1093 4465 καὶ
1120 4410 1293 4482 ἡδψις
1334 4429 1427 4465 σου
1457 4412 1655 4486 ὡραία.

1852 3294 1990 3365 quod
2008 3291 2221 3347 amabat
2241 3289 2596 3355 incumbebat,
2617 3281 2756 3343 totus
2778 3297 2931 3342 extra
2953 3301 3010 3342 se
3031 3295 3232 3355 raptus,
3248 3298 3308 3339 ac
3336 3284 3417 3338 di-

1856 3386 2049 3441 vinitus
2082 3387 2404 3445 immutatus,
2431 3382 2626 3448 Deique
2670 3380 2928 3433 cltaritate
2976 3380 3118 3432 omni
3150 3394 3215 3432 ex
3269 3387 3416 3446 parte

1856 3485 2152 3545 correptus.
2182 3473 2354 3526 Fortis
2401 3471 2565 3536 enim,
2613 3469 2782 3538 inquit
2810 3469 2918 3534 ille,
2965 3468 3100 3522 sicut
3155 3482 3297 3521 mors
3338 3466 3415 3520 di-

1856 3567 2009 3626 lecdo
2038 3565 2213 3637 (Cant.
2242 3565 2375 3631 vni).
2405 3562 2627 3615 Tantam
2678 3560 2918 3613 videlicet
2948 3558 3061 3626 ipse
3115 3572 3179 3611 ex
3235 3556 3416 3610 divino

1858 3675 2039 3716 amore
2069 3657 2424 3714 temulentiam
2452 3661 2812 3717 contraxerat,
2845 3660 3096 3719 tantaque
3120 3649 3206 3703 siti
3230 3658 3421 3703 aestua-

1857 3753 1962 3815 bat,
1995 3751 2159 3803 instar
2190 3746 2388 3800 scilicet
2406 3744 2544 3797 illius
2564 3740 2651 3811 qui
2678 3742 2883 3796 diccbat
2914 3757 2927 3792 :
2961 3740 3413 3804 Quemadmodum

1860 3840 2128 3895 desiderat
2166 3850 2351 3889 cervus
2382 3833 2448 3886 ad
2481 3832 2653 3884 fontes
2703 3844 2977 3897 aquarum,
3032 3829 3102 3881 ita
3154 3828 3417 3880 desiderat

1860 3931 2032 3984 anima
2066 3941 2181 3980 mea
2208 3925 2271 3977 ad
2304 3932 2353 3976 te
2378 3923 2537 3975 Deus.
2576 3920 2753 3974 Sitivit
2779 3918 2953 3970 anima
2995 3931 3111 3970 mea
3164 3916 3228 3968 ad
3256 3917 3421 3969 Deum

1863 4021 2060 4072 fontem
2085 4015 2255 4067 vivum
2291 4009 2461 4079 (l’sal.
2498 4009 2631 4074 xu).
2674 4006 2739 4059 Et
2768 4004 3207 4074 quemadmodum
3244 4006 3417 4058 anima

1864 4110 1974 4176 illa,
2028 4119 2146 4174 qua:
2192 4098 2491 4171 huiusmodi
2541 4096 2802 4151 citaritate
2853 4096 3122 4149 vulnerata
3178 4103 3310 4162 erat,
3366 4094 3421 4147 in

1864 4197 2083 4253 Canlico
2099 4192 2422 4248 canticorum
2453 4188 2562 4242 ait:
2597 4185 2877 4240 Vulnerata
2899 4185 3158 4238 cltaritate
3185 4198 3282 4251 ego
3300 4197 3417 4237 sunt

1868 4291 2038 4362 (Cant.
2072 4285 2153 4354 ιι).
2187 4288 2261 4338 Ac
2286 4296 2491 4336 rursum
2525 4296 2539 4333 :
2571 4277 2804 4334 Ostende
2857 4276 2985 4331 milii
3039 4276 3223 4330 faciem
3254 4285 3417 4341 tuam,

1864 4394 1918 4439 et
1944 4377 2029 4434 (ac
2060 4392 2142 4431 me
2170 4374 2351 4428 audire
2381 4385 2565 4425 vocent
2595 4377 2734 4423 tuam
2761 4384 2775 4436 ;
2813 4381 2913 4423 vos
2943 4365 3084 4423 enim
3116 4376 3202 4421 tua
3229 4366 3419 4431 dulcis,

1866 4480 1921 4530 et
1944 4471 2107 4527 facies
2137 4478 2224 4523 tua
2254 4466 2463 4521 decora.

188 4624 555 4709 ἰιειέιιηδόξεις
586 4632 639 4676 et
670 4618 942 4693 διαφύγῃς
981 4621 1184 4709 optime
1214 4620 1498 4709 quadrent.
1529 4618 1667 4703 Vide
1698 4638 1747 4676 ιι(

1856 4624 1911 4709 ιὰ
1945 4622 2525 4709 ᾼιίειαξιι.ιροε.ξξ8;
2552 4622 2791 4709 Dasium,
2810 4620 3054 4709 adby‘dl.
3083 4620 3440 4709 Re‘osteulis,

187 4713 244 4765 p.
268 4692 400 4765 75l6.
433 4694 639 4765 Addam
673 4689 1182 4765 noxiam't'erborutn
1218 4691 1399 4765 [Basilii
1454 4693 1747 4765 proximort

1863 4694 2174 4765 lectionem.
2211 4689 2322 4765 εἰς’
2347 4694 2518 4765 οιιίιειΔ
2544 4702 2671 4765 sunt
2702 4709 2717 4745 :
2750 4692 2861 4743 Καὶ
2887 4692 2937 4741 oi
2982 4691 3049 4742 τὰ
3071 4689 3145 4765 σὰ
3175 4690 3442 4765 λογοπρᾼα-

186 4757 412 4834 γοῦντες
440 4760 697 4835 οὐδεμίαν
726 4760 908 4835 ἕξουσι
958 4760 1139 4835 λαϐὴν
1160 4760 1253 4813 τοῦ
1288 4757 1601 4831 μέμφεσθαι
1634 4763 1704 4817 τὰ
1754 4763 2190 4835 προσπίπτοντα.
2225 4763 2370 4818 ldetn
2423 4761 2616 4827 codex,
2644 4757 3242 4831 λογοπραγμονοῦντες,
3280 4757 3444 4816 vcibo

186 4832 497 4906 perrarmct
531 4834 635 4893 hic,
672 4841 725 4883 ul
760 4832 995 4906 ridetur,
1029 4833 1256 4899 Optimo.

265 4902 376 4974 (38)
406 4901 683 4974 Glossator
714 4897 1108 4974 admargineni
1144 4898 1396 4974 [στίχος.
1432 4900 1634 4958 Versus
1671 4912 1754 4957 est
1784 4903 2023 4973 quidem,
2076 4904 2172 4959 sed
2204 4901 2473 4974 politicns,
2508 4915 2605 4955 nec
2638 4897 3189 4974 notatidus.‘Eten_im
3221 4900 3264 4954 si
3304 4901 3444 4974 iam-

189 4969 324 5049 biei,
351 4969 494 5049 iique
527 4971 760 5049 maxime
794 4970 1040 5049 legitimi,
1081 4969 1441 5049 scriptoribinis
1490 4974 1753 5049 prosa_icis
1784 4969 2037 5030 excidere
2075 4969 2506 5043 iittprttdetttibus
2548 4980 2813 5040 possunt,
2870 4969 2999 5039 quid
3047 4970 3248 5024 mirum
3295 4969 3450 5025 iacil-

190 5046 352 5100 limos
386 5039 505 5095 illos
528 5041 723 5110 sacpius
748 5044 1050 5110 orationem
1078 5039 1339 5110 ingredi?
1369 5039 1524 5094 Conf.
1560 5058 1611 5110 p.
1640 5043 1765 5097 518.

604 5109 814 5183 p.__l85.
845 5109 1000 5162 —C.
1033 5109 1313 5183 ἐδεδιὶικμ.
1362 5109 1576 5183 l’ractuli
1629 5113 1854 5167 formam
1908 5121 2200 5183 augmento
2236 5120 2546 5183 carentem,
2597 5118 2656 5163 ut
2706 5119 2760 5162 et

269 5114 381 5178 (δυ)
414 5111 548 5165 Vide

2803 5124 2924 5177 pag.
2960 5108 3080 5177 192,
3109 5124 3144 5161 ι.
3174 5106 3449 5165 Lucianos

190 5176 468 5247 Αεὶιιζῖὃ,
510 5176 910 5250 άπέλέλειπτοᾲξ
945 5181 1112 5250 codex
1158 5181 1313 5250 1510,
1356 5181 1735 5237 ἀπολέλειπτο.

1856 5183 1923 5238 id.
1962 5176 2053 5250 Ξῖι,
2083 5182 2360 5250 ἐγεγόνειν
2392 5199 2405 5234 :
2440 5182 2630 5240 codex,
2662 5176 2926 5246 γεγόνειν.
2950 5176 3169 5250 Joseplt.
3206 5177 3445 5235 Maccab.

190 5255 225 5308 6
262 5270 277 5307 :
308 5252 369 5304 Li
396 5251 600 5323 yapfr‘a
630 5250 777 5319 πάθη
818 5248 910 5302 τοῦ
964 5248 1223 5323 λογισμοῦ
1272 5252 1657 5323 ἐκεκρατήκει,
1711 5255 1921 5317 τούτοις
1952 5249 2048 5307 οῦν
2102 5247 2383 5323 ἀπεδόμην
2429 5251 2530 5320 τὴν
2569 5250 2667 5318 τῆς
2702 5247 3057 5319 ἐπικρατείας
3121 5249 3443 5320 μαρτυρίαν.

190 5325 376 5379 Codex
407 5318 566 5389 30H),
602 5318 786 5388 κεκρ.,
827 5330 879 5373 et
912 5335 1007 5388 pro
1034 5318 1149 5383 οὖν,
1181 5321 1385 5389 optime
1410 5318 1499 5374 ἄν.

266 5391 379 5463 (40)
409 5392 472 5463 (ᾇ,
496 5387 663 5463 οἷκον.

268 5457 379 5532 (41)
404 5462 487 5516 Cf.
524 5461 693 5529 Epist.
723 5458 788 5511 ad
823 5457 1018 5532 Eplies.
1055 5458 1257 5532 _\’_l,_17._

267 5527 379 5603 (42)
409 5527 578 5603 (lant.—
599 5539 753 5603 cant.
779 5542 894 5593 vm,
929 5530 982 5592 6,
1016 5528 1101 5580 ubi
1134 5527 1207 5591 ὡς
1240 5530 1487 5595 θάνατος.

267 5599 379 5674 (45)
409 5601 552 5674 Psal.
587 5616 695 5654 xu.
735 5599 832 5652 1...

268 5667 382 5742 (46)
410 5673 571 5742 Cant.
603 5680 750 5742 cant.
782 5683 842 5731 ιι,
873 5667 906 5720 5
940 5684 951 5720 :
989 5667 1316 5742 Τετρωμένη
1346 5671 1557 5740 ἀγάπης
1594 5669 1722 5739 ἐγώ.

269 5676 360 5742 (Η
410 5676 571 5728 Cant.
603 5680 750 5725 cant.
782 5683 842 5731 ιι,
873 5676 906 5720 ὃ
940 5684 951 5720 :
989 5676 1215 5738 ἰἐτρωμ

269 5676 386 5813 μὴ)
418 5740 552 5813 Ibid.
587 5741 748 5813 n59,
782 5754 902 5794 cum
936 5741 1215 5793 varietate.

270 5810 379 5877 (46)
414 5812 544 5867 Ibid.
574 5826 636 5877 ιι,
666 5810 749 5864 14.
