3882 6356
508 368 641 430 τίὲὶὲ
1892 345 2269 406 ΑΒΒΕΝΒΑ-
3658 343 3791 406 nisi

507 457 762 515 inveniri.
802 457 952 525 Quod
1002 456 1212 526 quidem
1257 467 1545 524 generosus
1576 454 1663 508 ille
1694 462 1749 509 et
1794 454 2074 521 expeditus

2185 458 2273 513 ἀπ’
2304 458 2479 528 ἀρχῆς
2517 456 2681 527 μέχρι
2729 454 2937 518 τέλους,
2983 452 3278 515 ἀναϐάσεις
3325 449 3416 503 ἀεὶ
3474 447 3539 501 ὲν
3586 449 3793 519 καρδίᾳ

506 553 742 609 caelestis
764 550 966 605 itineris
988 563 1173 602 cursor
1192 548 1400 617 egregie
1421 546 1687 616 praestitit,
1718 557 1874 615 atque
1914 546 2074 600 animi

2185 550 2482 620 τιθέμενος,
2520 548 2615 601 καὶ
2663 548 2728 600 ἐκ
2778 547 3058 616 δυνάμεως
3104 546 3183 606 είς
3212 541 3573 612 ὑψηλοτέραν
3619 557 3789 609 μετα-

507 646 586 696 sui
618 642 861 695 ardorem
891 641 957 695 ab
988 640 1136 693 initio
1174 638 1238 693 ad
1276 652 1569 693 extremum
1601 653 1769 707 usque
1820 645 2074 707 perpetuo

2185 640 2383 692 ϐαίνων
2424 639 2675 708 δύναμιν,
2737 637 2901 707 πόθῳ,
2941 635 3108 689 πόθον
3140 634 3236 687 καὶ
3274 631 3526 702 σπουδὴν
3572 631 3789 735 σπουδῇ

505 738 858 799 conservavit,
892 735 1233 788 ascensiones
1265 733 1319 786 in
1349 732 1511 788 corde
1538 746 1750 801 semper
1795 732 2074 800 disponens

2185 730 2443 801 διηνεκῶς
2472 730 2808 802 προστιθεὶς,
2837 729 2943 791 ἕως
2968 726 3203 796 ἔφθασεν
3230 726 3307 790 είς
3339 723 3440 795 τῆν
3473 719 3788 793 ἐλπιζομέ-

509 826 679 888 (Psnl.
715 825 962 895 ιιιιιιιιι),
996 840 1056 879 ac
1084 825 1152 879 de
1189 825 1383 879 virtute
1412 824 1477 879 ad
1507 823 1870 879 sublimiorem
1921 824 2074 877 virtu-

2185 841 2278 896 νην
2307 826 2401 879 καὶ
2434 823 2771 897 ποθουμένην
2799 821 3195 896 μακαριότητα.

511 907 622 955 lem
653 904 989 967 transiliens,
1022 907 1474 980 desideriumque
1514 908 1812 976 desiderio,
1845 927 1911 967 ac
1953 912 2198 970 studium
2233 911 2416 971 studio
2459 910 2840 969 indesinenter
2861 912 3190 985 adiungens,
3226 912 3407 983 quoad
3456 913 3708 969 tandem
3747 916 3803 970 ad

508 996 788 1060 Speratam
823 999 879 1045 et
912 994 1227 1061 expeditam
1274 998 1675 1054 beatitudinem
1709 1003 1981 1071 pervenit.

586 1075 712 1128 CAP.
738 1079 1194 1137 XXXIX—Cum
1228 1080 1404 1148 itaque
1433 1081 1534 1137 hoc
1565 1092 1718 1152 pacto
1749 1086 1987 1141 Barlaatn
2037 1099 2091 1144 et

512 1164 772 1233 Josaphat
802 1182 902 1218 una
934 1179 1290 1235 versarentur,
1323 1184 1383 1224 ac
1413 1172 1630 1239 pulchro
1666 1174 1801 1228 inter
1831 1190 1888 1229 se
1913 1186 2086 1230 certa.

514 1256 659 1309 mine
687 1256 1093 1323 contenderent,
1127 1260 1193 1312 ab
1222 1260 1368 1313 omni
1414 1275 1538 1314 cura
1593 1272 1645 1317 et
1690 1263 1910 1333 hujusce
1963 1267 2087 1322 vita)

514 1346 920 1415 perturbatione
951 1349 1209 1403 immunes
1231 1392 1245 1416 ,
1272 1363 1609 1421 mentemque
1633 1353 1699 1407 ab
1726 1357 1871 1408 omni
1904 1356 2091 1409 confu-

514 1441 667 1494 sione
698 1454 883 1509 puram
917 1454 977 1494 ac
1005 1441 1299 1508 seiunctam
1329 1442 1584 1497 habentes
1604 1484 1618 1510 ,
1647 1452 1769 1513 post
1799 1448 1992 1509 multos
2022 1448 2090 1503 ab

520 1530 651 1598 ipsis
698 1530 908 1599 pietatis
946 1545 1102 1585 causa
1132 1541 1404 1600 susceptos
1433 1532 1667 1599 labores,
1722 1535 1951 1602 quodam
2002 1536 2089 1591 die

519 1638 682 1678 senex
716 1625 972 1679 accersito
999 1624 1255 1692 spirituali
1285 1625 1414 1690 ﬁlio,
1448 1640 1602 1694 quem
1631 1640 1724 1694 per
1747 1627 2086 1697 Evangeltum

2265 1090 2427 1160 350
2482 1093 2639 1147 ΚΕΦ.
2687 1093 2815 1151 ΛΘ’.
2853 1095 3040 1157 Οῦτως
3092 1090 3185 1145 οῦν
3216 1091 3481 1161 ἀλλήλοις
3534 1093 3797 1155 συνόντες

2195 1182 2465 1253 Βαρλαάμ
2514 1201 2574 1237 τε
2622 1188 2717 1237 καὶ
2773 1177 3033 1254 Ἰωάσαφ,
3066 1183 3160 1238 καὶ
3192 1184 3291 1257 τὴν
3334 1185 3519 1255 καλὴν
3552 1185 3792 1255 igitur:

2194 1272 2584 1343 ἁμιλλώμενοι,
2637 1273 2796 1338 ἐκτὸς
2852 1275 3033 1345 πάσης
3102 1274 3375 1346 μερίμνης
3436 1278 3540 1328 καὶ
3614 1276 3791 1343 πάπά

2195 1364 2455 1435 βιωτικῆς
2496 1365 2650 1429 ὄντες
2689 1366 2958 1438 ταραχῆς,
2994 1364 3392 1420 ἀνεπιθόλωτόν
3427 1383 3500 1419 τε
3535 1365 3640 1420 τὸν
3675 1367 3786 1419 νσέν

2193 1460 2520 1531 κεκτημένοι
2562 1461 2656 1515 καὶ
2691 1461 2866 1531 ἀμιγῆ
2899 1461 3076 1530 πάσης
3101 1459 3446 1531 συγχύσεως,
3487 1457 3645 1529 μετά
3674 1463 3786 1521 τοὶς

2192 1551 2421 1617 πολλοὺς
2444 1551 2500 1606 δὲ
2532 1553 2713 1607 αὐτῶν
2752 1553 2894 1624 ὑπὲρ
2932 1553 3216 1616 εὐσεϐείας
3241 1551 3560 1621 καμάτους,
3612 1551 3675 1604 ὲν
3702 1554 3787 1622 μιᾷ

2192 1642 2302 1697 τῶν
2325 1642 2549 1715 ἡμερῶν
2571 1642 3081 1714 προσκαλεσάμενος
3106 1642 3196 1696 τὸν
3231 1642 3627 1711 πνευματικὸν
3658 1643 3782 1707 υἱόν,

517 1725 789 1782 genuerat,
814 1713 1114 1782 huiusmodi
1134 1715 1465 1783 spiritualem
1488 1730 1787 1773 sermonem
1808 1734 2074 1789 aggressus

2188 1732 2248 1787 ὃν
2278 1711 2491 1787 διάῖτοῦ
2541 1711 2874 1802 Εὐαγγελίου
2914 1711 3172 1802 ἐγέννησε
3203 1732 3339 1801 (81),
3373 1733 3550 1800 λόγου
3587 1733 3783 1803 ἥπτετο

494 1796 1218 1869 est:Jampridem,0amice
1257 1804 1533 1874 Josaphat,
1567 1814 1618 1861 te
1648 1809 1699 1860 in
1751 1807 1849 1862 hac
1896 1808 2082 1863 solitu-

508 1887 634 1941 dine
664 1888 905 1943 habitare
935 1892 1236 1959 oportebat,
1269 1905 1426 1963 atque
1456 1896 1555 1950 hoc
1583 1897 1708 1950 mihi
1735 1900 1903 1953 oranti
1931 1896 2082 1955 Chri-

504 1988 621 2033 stus
651 1979 717 2032 de
754 1986 806 2034 te
833 1980 1099 2048 pollicitus
1128 1982 1297 2037 fuerat
1326 1984 1441 2040 fore
1466 1995 1524 2041 ιιι
1550 1996 1601 2042 te
1630 1998 1752 2043 ante
1779 1997 2080 2048 extremum

504 2068 627 2122 vitae
658 2067 798 2122 diem
840 2070 1100 2125 viderem.
1132 2072 1249 2126 Vidi
1291 2074 1467 2145 itaque
1512 2078 1954 2145 quemadmodum
1984 2096 2078 2137 cu-

504 2156 741 2224 piebam;
773 2156 914 2223 vidi,
948 2158 1191 2228 inquam,
1223 2170 1276 2218 te
1321 2178 1349 2217 a
1382 2166 1581 2220 mundo
1607 2176 1660 2222 et
1702 2170 1886 2224 mundi
1915 2172 2079 2237 rebus

502 2244 767 2310 avulsum,
791 2259 852 2299 ac
877 2246 1087 2302 Christo
1105 2250 1323 2306 minime
1344 2253 1503 2309 dubio
1525 2269 1587 2309 ac
1608 2258 1871 2312 vacillanti
1897 2260 2077 2314 animo

504 2336 871 2404 conjunctum,
902 2347 1060 2405 atque
1089 2339 1154 2392 ad
1206 2342 1491 2409 perfectam
1524 2346 1860 2413 plenitudinis
1905 2348 2077 2418 ipsius
2160 2358 2163 2359 ⁷

503 2438 809 2478 mensuram
842 2440 1198 2495 progressum.
1246 2430 1393 2486 Nunc
1420 2433 1608 2503 igitur,
1648 2439 2072 2510 quandoquidem

506 2515 697 2567 mortis
723 2531 853 2567 mem
883 2526 1092 2584 tempus
1124 2519 1305 2586 instat,
1338 2535 1495 2591 atque
1517 2528 1837 2584 collactanea
1864 2542 1917 2586 et
1942 2534 2072 2589 mihi

513 2593 730 2658 aequalis
758 2609 821 2649 ea
866 2599 1158 2667 cupiditas,
1202 2618 1327 2672 quae
1358 2614 1413 2658 ut
1459 2620 1578 2660 cum
1622 2605 1837 2660 Christo
1875 2618 2047 2661 essem
2071 2638 2088 2665 υ

512 2694 725 2751 semper
760 2699 847 2740 me
878 2688 1067 2753 tenuit,
1096 2690 1203 2760 jam
1245 2695 1509 2762 expletur,
1542 2706 1598 2750 tu
1647 2699 1858 2766 quidem
1890 2713 2085 2768 corpus

510 2786 687 2827 meum
717 2784 855 2830 terra
884 2779 1074 2846 conde,
1107 2782 1418 2852 pulverique
1444 2788 1715 2856 pulverem
1745 2788 1926 2843 redde.
1959 2789 2086 2844 Post

510 2872 685 2917 autem
728 2866 841 2935 ipse
872 2868 922 2922 in
955 2870 1055 2925 hoc
1102 2872 1221 2928 loco
1252 2874 1417 2941 haere,
1450 2888 1756 2945 susceptum
1792 2881 2084 2948 Spiritualis

512 2954 631 3008 vita:
652 2971 820 3025 genus
844 2974 1185 3031 persequens,
1217 2981 1455 3037 meaeque
1478 2969 1745 3025 tenuitatis
1770 2964 2081 3026 memoriam

507 3046 763 3103 retinens.
820 3049 1022 3106 Vereor
1072 3055 1213 3109 enim
1269 3073 1334 3111 ne
1386 3058 1726 3115 tenebrosum
1777 3060 2145 3118 daemonumC

507 3151 693 3204 agmen
726 3142 903 3195 animo
948 3160 1068 3199 meo
1114 3156 1329 3215 propter
1372 3150 1790 3219 ignorantiarum
1837 3167 2075 3209 mearum

507 3228 892 3285 multitudinem
923 3232 1359 3303 impedimentum
1390 3239 1595 3296 aderat.

579 3377 657 3430 Tu
687 3392 833 3444 vero,
885 3380 980 3449 (ili,
1014 3396 1081 3436 ne
1109 3383 1373 3453 religiosas
1419 3388 1815 3443 exercitationis
1844 3389 2076 3443 laborem

507 3474 732 3531 metuas,
761 3484 930 3538 neque
959 3472 1024 3524 ad
1056 3476 1311 3541 temporis
1359 3476 1744 3545 longitudinem
1790 3494 1852 3535 ac
1880 3480 2081 3534 daemo-

504 3570 630 3608 num
660 3556 877 3612 insidias
898 3559 1273 3630 eianguescas;
1301 3565 1425 3634 quin
1456 3568 1629 3635 potius
1648 3570 1882 3638 ipsorum
1912 3570 2079 3625 imbe-

505 3645 798 3714 cillitatem,
826 3645 1026 3704 Christi
1052 3652 1244 3707 virtute
1272 3657 1648 3724 communitus,
1671 3658 1844 3712 audax
1883 3659 2077 3725 irride;

503 3732 571 3786 ad
598 3733 836 3790 laborum
866 3749 1044 3794 autem
1073 3741 1339 3809 duritiam,
1374 3758 1436 3799 ac
1466 3746 1723 3815 temporis
1759 3747 2080 3803 diuturnita-

507 3830 612 3877 tem
650 3828 831 3883 auimo
857 3830 929 3883 ita
955 3844 1261 3901 comparato
1285 3845 1422 3903 esto,
1456 3845 1704 3907 tanquam
1736 3840 1971 3909 quotidie
1997 3841 2077 3895 di-

500 3929 734 3972 scessum
758 3936 788 3974 c
816 3921 920 3976 vita
951 3933 1286 3993 exspectans,
1316 3936 1475 3996 atque
1516 3930 1763 3985 eumdem
1793 3931 1931 3985 diem
1984 3933 2074 3987 tibi

499 4004 620 4059 vita:
662 4012 990 4075 tnonasticat,
1021 4023 1130 4068 tum
1163 4016 1390 4081 initium,
1428 4026 1534 4073 tum
1564 4020 1720 4075 linem
1747 4036 1866 4075 esse
1892 4021 2077 4077 existi-

499 4109 672 4151 mans.
702 4097 790 4153 Sic
817 4114 1028 4170 semper
1069 4118 1129 4157 ea
1161 4120 1281 4174 qua:
1310 4120 1340 4156 a
1390 4117 1538 4174 tergo
1579 4120 1704 4163 sunt
1731 4111 2072 4177 Oblivisceris,

497 4194 657 4255 atque
683 4188 749 4243 ad
780 4205 843 4244 ea
869 4179 1044 4259 quze‘a
1070 4193 1245 4248 fronte
1266 4204 1392 4249 sunt
1420 4197 1646 4265 teipsum
1669 4200 1979 4269 extendens,
2006 4202 2072 4255 ad

497 4276 815 4334 destinatum
843 4295 1180 4351 persequere,
1214 4286 1282 4338 ab
1310 4285 1548 4341 bravium
1573 4303 1816 4357 supernas
1847 4294 2075 4348 vocatio-

2188 1826 2286 1881 καὶ
2315 1826 2531 1897 ὁμιλίας
2562 1824 2965 1896 πνευματικῆς,
3002 1825 3205 1891 Πάλαι,
3240 1824 3445 1894 λέγων,
3480 1819 3530 1879 ὦ
3564 1824 3783 1894 φίλτατε

2200 1916 2458 1985 Ἶωάσαφ,
2487 1917 2544 1969 ὲν
2576 1916 2747 1987 ταύτῃ
2783 1933 2842 1969 σε
2883 1918 2948 1986 τῇ
2975 1916 3170 1987 ἐρήμῳ
3200 1918 3485 1971 κατοικεῖν
3522 1916 3642 1970 ἔδει
3664 1934 3678 1947 ·
3703 1918 3784 1969 1:".

2186 2007 2344 2061 τοῦτό
2377 2024 2466 2078 μοι
2496 2009 2525 2060 ό
2566 2007 2801 2078 Χριστὸς
2842 2008 3267 2080 προσευχομένῳ
3300 2008 3436 2076 περὶ
3470 2009 3576 2061 σοῦ
3620 2009 3783 2077 ἐπηγ-

2186 2096 2406 2168 γείλατο
2436 2097 2545 2168 πρὸ
2603 2098 2702 2169 τῆς
2746 2096 2840 2151 τοῦ
2871 2097 2985 2169 βίου
3029 2098 3290 2168 τελευτῆς
3331 2096 3606 2168 ὄψεσθαι.
3639 2095 3783 2152 Εἶδον

2185 2184 2279 2243 οῦν
2298 2187 2374 2251 ὼς
2398 2187 2726 2259 ἐπεθύμουν·
2758 2182 2900 2241 εἶδόν
2932 2206 2991 2241 σε
3012 2188 3400 2260 ἀπορραγέντα
3436 2189 3549 2259 μὲν
3576 2189 3779 2258 κόσμου

2185 2280 2416 2335 καὶτῶν
2450 2282 2508 2334 ὲν
2544 2280 2753 2352 κόσμῳ,
2802 2280 3141 2350 συναφθέντα
3184 2280 3243 2334 δὲ
3279 2280 3358 2350 τῷ
3396 2280 3645 2351 Χριστῷ
3677 2282 3780 2333 ἀδι-

2188 2366 2403 2438 στάκτῳ
2444 2370 2509 2439 τῇ
2534 2369 2753 2439 γνώμῃ,
2787 2369 2880 2423 καὶ
2901 2370 2982 2432 εἰς
3015 2369 3211 2439 μέτρον
3237 2368 3475 2421 ἐλθόντα
3506 2370 3779 2437 τελειότη-

2184 2475 2276 2522 τος
2303 2458 2396 2513 τοῦ
2418 2457 2781 2530 πληρώματος
2804 2459 2990 2515 αὑτοῦ.
3017 2459 3132 2515 Νῦν
3156 2459 3249 2513 οὖν
3270 2459 3467 2531 ἐπειδὴ
3506 2478 3605 2530 μοι
3636 2462 3665 2512 ὁ
3691 2462 3779 2531 τῆς

2184 2550 2493 2616 ἀναλύσεως
2530 2552 2720 2625 καιρὸς
2749 2552 2844 2606 ἐπὶ
2874 2551 3088 2624 θύραις,
3120 2551 3215 2605 καὶ
3257 2552 3291 2622 ἡ
3336 2552 3660 2623 σύντροφος
3694 2553 3777 2604 καὶ

2182 2643 2466 2714 ἡλικιῶτις
2513 2643 2778 2715 ἐπιθυμία
2824 2643 2919 2697 τοῦ
2971 2646 3209 2697 συνεῖναι
3268 2643 3349 2714 τῷ
3393 2643 3641 2714 Χριστῷ
3700 2642 3777 2694 6:”:

2183 2734 2383 2799 παντὸς
2417 2734 2518 2806 ἤδη
2543 2734 2877 2806 πληροῦται,
2919 2734 2978 2788 σὲ
3014 2734 3112 2805 μὲν
3156 2734 3237 2787 δεῖ
3276 2731 3531 2803 καλῦψαί
3582 2751 3693 2803 μου
3725 2732 3778 2787 τὸ

2184 2819 2345 2891 σῶμα
2396 2824 2463 2893 τῇ
2510 2823 2579 2892 γῇ
2618 2822 2712 2876 καὶ
2759 2822 2851 2876 τὸν
2878 2820 3006 2893 χοῦν
3049 2821 3339 2876 ἀποδοῦναι
3379 2822 3466 2893 τῷ
3508 2822 3599 2893 χοῖ
3646 2822 3773 2894 (89d,

2183 2915 2365 2983 μεῖναι
2392 2912 2449 2965 δὲ
2494 2910 2586 2965 τοῦ
2627 2912 2815 2966 λοιποῦ
2842 2915 2898 2966 ὲν
2923 2912 3055 2984 τῷδε
3088 2913 3164 2984 τῷ
3194 2914 3347 2985 τόπῳ
3378 2914 3491 2984 τῆς
3523 2933 3772 2985 πνευμα-

2178 3004 2337 3073 τικῆς
2368 3003 2626 3074 ἐχόμενον
2651 3004 2925 3069 πολιτείας
2951 3005 3044 3058 καὶ
3065 3006 3165 3075 τῆς
3188 3005 3330 3076 ἐμῆς
3354 3007 3562 3077 μνείαν
3594 3008 3774 3060 noto-3o

2185 3112 2342 3166 μενον
2379 3096 2750 3167 μετριότητος.
2800 3096 3025 3152 Δὲδοικα
3065 3097 3172 3169 γὰρ
3222 3099 3296 3168 μή
3328 3115 3469 3151 ποτε
3503 3102 3539 3169 ἡ
3567 3099 3772 3171 ζοφερέι

2177 3188 2286 3241 τῶν
2317 3187 2587 3259 δαιμόνων
2610 3188 2819 3258 πληθὺς
2843 3193 2909 3261 τῇ
2933 3189 3077 3261 ψυχῇ
3102 3207 3199 3261 μου
3230 3191 3498 3259 ἐμποδὼν
3524 3195 3768 3261 καταστῇ

2176 3280 2263 3333 διά
2294 3280 2354 3333 τὸ
2390 3279 2587 3351 πλῆθος
2617 3281 2723 3334 τῶν
2753 3281 2902 3353 ἐμῶν
2934 3283 3319 3353 ἀγνοημάτων.

2251 3394 2322 3448 Σὺ
2366 3394 2480 3461 οῦν,
2528 3395 2740 3460 τέκνον,
2777 3394 2851 3466 μὴ
2895 3395 3236 3469 ὀλιγωρήσῃς
3266 3395 3330 3450 τὸ
3373 3398 3649 3453 ἐπίπονον
3676 3401 3768 3467 τῆς

2177 3488 2486 3557 ἀσκήσεως,
2522 3487 2654 3557 μηδὲ
2697 3487 2973 3561 δειλιάσῃς
3010 3487 3071 3540 τὸ
3098 3487 3274 3556 μῆκος
3302 3486 3402 3540 τοῦ
3436 3491 3643 3560 χρόνου
3679 3492 3765 3543 καὶ

2174 3579 2273 3641 τάς
2302 3577 2592 3641 ἐπιϐουλὰς
2621 3577 2728 3632 τῶν
2758 3578 3029 3649 δαιμόνων
3066 3596 3079 3610 ο
3122 3577 3257 3631 ἀλλά
3288 3579 3503 3633 τούτων
3537 3582 3642 3650 μὲν
3672 3581 3763 3651 τῆς

2177 3669 2478 3735 ἀσθενείας,
2523 3672 2589 3741 τῇ
2616 3669 2709 3723 τοῦ
2741 3670 2980 3741 Χριστοῦ
3023 3669 3366 3740 ῥωννύμενος
3396 3673 3616 3742 χάριτι,
3645 3674 3759 3726 τολ-

2179 3759 2370 3831 μηρῶς
2397 3760 2695 3827 καταγέλα,
2720 3760 2856 3830 πρὸς
2881 3758 2941 3813 δὲ
2957 3760 3055 3830 τὴν
3083 3759 3429 3831 σκληρότητα
3454 3762 3569 3815 τῶν
3591 3764 3760 3816 πόνων

2177 3850 2360 3904 καὶτὸ
2394 3850 2551 3923 351
2607 3849 2701 3903 τοῦ
2744 3850 2939 3920 χρόνου
2990 3850 3265 3921 διάστημα
3312 3852 3495 3915 οῦτως
3542 3854 3657 3917 ἔσο,

2176 3941 2297 3995 καθ’
2354 3942 2571 4014 ἡμέραν
2624 3942 2722 4012 τὴν
2779 3942 3027 3996 ἐντεῦθεν
3093 3943 3351 3997 ἀνάλυσιν
3412 3946 3753 4011 προσδοκῶν,

2174 4032 2269 4086 καὶ
2310 4032 2384 4095 ὡς
2431 4033 2604 4105 ἀρχὴν
2649 4029 2789 4087 εἷναί
2836 4051 2918 4089 σοι
2964 4035 3063 4103 τῆς
3104 4035 3390 4104 ἀσκήσεως
3442 4036 3547 4106 τὴν
3593 4040 3755 4106 αὐτὴν

2174 4124 2387 4194 ἡμέραν
2419 4125 2515 4179 καὶ
2534 4125 2705 4187 τέλος.
2738 4123 2927 4189 Οῦτως
2954 4126 3041 4179 ἀεὶ
3070 4126 3177 4179 τῶν
3210 4127 3307 4195 μὲν
3333 4127 3518 4180 ὀπίσω
3546 4130 3755 4181 ἐπιλαν-

2173 4217 2499 4287 θανόμενος,
2530 4218 2664 4289 πρὸς
2695 4220 2805 4281 τοῖς
2827 4218 2885 4271 δὲ
2916 4217 3225 4290 ἔμπροσθεν
3272 4219 3749 4290 ἐπεκτεινόμενος,

2170 4309 2534 4362 κατασκοπῶν
2564 4310 2726 4362 δίωκε
2747 4309 2810 4362 τὸ
2834 4308 3085 4380 βραϐεῖον
3117 4310 3218 4379 τῆς
3244 4310 3357 4364 ἀνω
3384 4310 3642 4381 κλήσεως
3665 4312 3749 4365 τοῦ

498 4366 579 4419 nis
609 4367 700 4421 Dei
744 4370 794 4422 in
823 4370 1033 4425 Christo
1063 4372 1188 4426 Jesu
1220 4373 1444 4445 (Philip.
1473 4375 1592 4447 ιιι),
1623 4382 2069 4447 quemadmodum

2185 4399 2306 4453 θεοῦ
2336 4402 2393 4453 ἐν
2423 4400 2649 4472 Χριστῷ
2682 4366 2882 4473 Ἰησοῦ,⁸
2905 4402 3152 4472 καθάπερ
3174 4366 3376 4465 θεῖος
3429 4366 3753 4467 ’Ᾰπόστολςρς

497 4465 716 4508 sanctus
745 4456 1029 4525 Apostolus
1060 4460 1143 4514 his
1170 4464 1345 4517 verbis
1397 4465 1639 4521 hortatur
1664 4487 1679 4522 :
1709 4469 1821 4525 Non
1848 4472 2070 4531 deﬁcia-

498 4560 643 4611 mus;
672 4547 764 4601 sed
794 4548 913 4604 licet
945 4552 988 4605 is
1027 4553 1115 4621 qui
1147 4553 1273 4609 foris
1301 4567 1380 4611 εει
1412 4558 1570 4613 Ιιοηιο
1600 4571 1784 4617 noster
1825 4579 2070 4621 corrum-

496 4641 668 4703 patur,
696 4647 868 4694 tamen
892 4655 937 4694 ts
952 4644 1041 4713 qui
1066 4644 1209 4699 intus
1230 4654 1312 4700 est
1332 4659 1618 4705 renovatur
1637 4652 1705 4707 de
1726 4653 1811 4709 die
1828 4657 1877 4709 in
1900 4657 2065 4712 diem.

494 4727 623 4783 Nam
668 4732 808 4799 quod
840 4746 1271 4792 momentaneum
1320 4748 1405 4794 est
1451 4750 1505 4795 et
1550 4743 1664 4797 leve
1716 4745 2068 4805 tribulationis

494 4831 709 4887 nostrae,
740 4840 897 4892 supra
927 4828 1138 4881 modum
1171 4830 1223 4883 in
1245 4831 1571 4889 sublimitate
1597 4844 1854 4892 aeternum
1880 4839 2066 4909 gloriae

492 4918 701 4981 pondus
728 4927 978 4984 operatur
998 4918 1049 4973 in
1075 4920 1247 4986 nobis,
1272 4938 1376 4978 non
1398 4928 1882 4995 contemplantibus
1911 4931 2065 4986 nobis

489 5018 607 5074 qua:
650 5006 912 5074 videntur,
947 5010 1042 5064 sed
1070 5027 1185 5079 qua:
1216 5029 1322 5068 non
1348 5015 1615 5073 videntur.
1648 5019 1776 5085 Quae
1807 5021 1947 5076 enim
1979 5022 2061 5076 vi-

488 5093 681 5151 dentur
720 5101 1025 5169 temporalia
1074 5112 1216 5169 sunt,
1266 5120 1383 5175 qua:
1426 5118 1602 5164 autem
1648 5125 1751 5164 non
1798 5113 2059 5181 videntur,

489 5195 683 5241 aeterna
714 5186 808 5259 (ΙΙ
837 5187 954 5243 Cor.
990 5192 1082 5261 tv).

557 5275 681 5331 Haec
709 5293 827 5332 cum
859 5281 1035 5336 animo
1064 5291 1152 5337 tuo
1184 5297 1431 5352 reputans
1454 5329 1468 5355 ,
1502 5289 1583 5342 vir
1609 5290 1939 5361 chariss'me,
1976 5297 2055 5349 vi-

488 5366 652 5421 riliter
679 5383 779 5436 age
807 5383 860 5425 et
890 5374 1191 5430 confortare
1224 5376 1392 5447 (Psal.
1430 5383 1598 5450 xm),
1632 5393 1789 5454 atque
1823 5397 1876 5441 ιιι
1907 5403 2057 5459 θεῖοι

576 5543 666 5615 ει)
695 5546 849 5600 Conf.
875 5528 1081 5615 p.185,
1114 5569 1163 5604 ιι.
1196 5553 1249 5608 8.

577 5613 647 5665 3‘2
700 5616 853 5669 Conf.
876 5613 927 5669 ῆι.
955 5619 994 5683 Ι,
1022 5613 1074 5687 p.
1108 5622 1196 5685 95,
1232 5640 1282 5676 ιι.
1326 5624 1379 5676 9..

580 5619 667 5755 83;
695 5682 734 5737 ll
766 5684 932 5753 Epist.
962 5692 1026 5745 ad
1054 5690 1177 5747 Cor.
1207 5708 1279 5755 iv,
1310 5694 1373 5749 i6

557 5682 666 5755 (83)
695 5682 734 5737 ll
766 5684 932 5753 Epist.
962 5682 1034 5745 ad
1054 5682 1279 5761 Con-(iv,
1310 5694 1393 5750 i6.

2169 4488 2628 4559 παρακελεύεται,
2657 4490 2748 4561 Μὴ
2786 4492 3131 4561 ὲκκακῶμεν,
3162 4492 3337 4561 λέγων
3372 4492 3491 4563 (83)
3512 4510 3527 4523 ·
3563 4494 3683 4549 ἀλλ’
3708 4494 3751 4545 εί

2170 4581 2265 4633 καὶ
2292 4583 2319 4633 ὁ
2348 4578 2452 4644 ἔξω
2478 4580 2633 4651 ἡμῶν
2662 4581 2948 4652 ἄνθρωπος
2976 4582 3352 4653 διαφθείρεται
3372 4623 3388 4647 ,
3422 4583 3546 4636 ἀλλ’
3584 4586 3616 4637 ό
3652 4584 3751 4638 ἔσω

2169 4670 2558 4725 ἀνακαινοῦται
2593 4673 2777 4744 ἡμέρᾳ
2810 4674 2905 4726 καὶ
2940 4674 3150 4745 ἡμέρᾳη
3188 4674 3250 4726 τὸ
3290 4675 3404 4745 γὰρ
3435 4677 3750 4748 παραυτίκα

2168 4760 2403 4832 ἐλαφρὸν
2431 4762 2530 4832 τῆς
2557 4763 2783 4832 θλίψεως
2811 4766 2969 4836 ἡμῶν
2994 4765 3118 4819 καθ’
3145 4766 3456 4837 ὑπερϐολὴν
3484 4769 3567 4831 εἰς
3596 4769 3749 4837 ὕπερ-

2168 4852 2330 4922 ϐολὴν
2360 4855 2578 4909 αἰώνιον
2619 4856 2782 4926 βάρος
2824 4857 2983 4928 δόξης
3033 4858 3439 4929 κατεργάζεται
3489 4860 3647 4928 ἡμῖν,
3679 4860 3747 4928 μὴ

2166 4944 2511 4999 σκοπούντων
2545 4946 2699 5017 ἡμῶν
2737 4948 2804 5001 τὰ
2859 4948 3186 5019 βλεπόμενα,
3232 4949 3375 5004 ἀλλά
3418 4950 3495 5004 τὰ
3528 4951 3607 5022 μὴ
3633 4950 3745 5020 βλε-

2163 5036 2407 5107 πόμενα³
2463 5038 2532 5091 τά
2576 5039 2683 5111 γὰρ
2731 5040 3038 5112 βλεπόμενα
3078 5042 3417 5113 πρόσκαιρα,
3452 5043 3528 5096 τὰ
3577 5043 3633 5095 δὲ
3673 5044 3741 5113 μὴ

2164 5126 2474 5199 βλεπόμενα
2497 5128 2709 5185 αἰώνια.
3108 5158 3111 5161 λ

2236 5309 2423 5363 Ταῦτα
2451 5310 2816 5380 λογιζόμενος.
2848 5313 3117 5382 ἀγαπητὲ,
3150 5310 3402 5382 ἀνδρίζου
3433 5315 3534 5366 καὶ
3571 5312 3734 5381 ἴσχυε,

2166 5398 2260 5454 καὶ
2291 5398 2367 5463 ὡς
2398 5398 2560 5464 καλὸς
2604 5400 2947 5473 στρατιώτης
2984 5399 3253 5464 σπούδαξε
3304 5400 3388 5472 τῷ
3434 5402 3735 5474 στρατολοο
