3888 6344
233 467 369 530 12ἒὸ

1333 468 1507 531 VITA
1545 458 1900 525 BARLAAM
1938 457 2030 517 ET
2068 456 2418 521 JOASAPH.

3338 457 3470 521 19.26

226 578 456 649 γήσαντι
480 579 672 650 ἀρέσαι
700 563 834 652 (84).
868 581 986 639 Κᾶν
1017 581 1313 655 λογισμούς
1346 598 1427 635 σοι
1452 578 1746 651 ὀλιγωρίας
1772 578 1800 630 6

1910 586 2010 658 gius
2031 586 2205 653 miles,
2233 583 2285 640 id
2314 584 2381 638 da
2403 595 2640 653 operam,
2665 590 2723 635 ιιι
2748 578 2797 635 ei
2824 577 2913 649 qui
2938 586 2987 634 te
3007 575 3231 633 militem
3254 574 3468 648 scripsit

227 673 464 743 πονηρὸς
510 673 652 747 φέρῃ
681 676 776 729 καὶ⁴
804 675 896 729 τὸν
928 676 1080 730 τόνον
1122 674 1398 745 ὑποχαλᾷν
1450 672 1548 742 τῆς
1602 668 1798 742 προθέ-

227 779 367 827 σεως
387 764 610 838 σπεύδῃ,
650 767 726 838 μὴ
752 767 920 836 φοϐοῦ
950 768 1117 824 αὑτοῦ
1146 767 1245 831 τὰς
1273 764 1585 828 επιϐουλὰς,
1618 762 1681 815 τὸ
1707 762 1805 813 Δε-

230 856 489 909 σποτικὸν
520 858 718 913 ἐννοῶν
751 860 1104 931 πρόσταγμα,
1159 861 1248 914 Ἐν
1274 858 1352 930 τῷ
1384 858 1575 928 κόσμῳ
1625 854 1804 925 θλίψιν

224 944 376 1010 ’ἑξετε
396 987 411 1011 ,
444 946 698 1015 λέγοντος
729 944 840 1018 (85)
864 966 879 980 ’
916 950 1051 1003 ἀλλὰ
1076 950 1328 1020 Θαρσεῖτε
1350 964 1364 979 ο
1396 944 1507 1016 ἐγὼ
1540 944 1805 1014 νενίκηκα

225 1036 317 1088 τὸν
349 1036 576 1107 κόσμον.
610 1039 703 1092 Διὸ
747 1042 903 1111 χαῖρε
931 1039 1041 1109 (86)
1075 1042 1133 1094 ὲν
1178 1039 1367 1111 Κυρίῳ
1421 1038 1685 1099 πάντοτε,
1719 1035 1805 1090 ὅτι

226 1128 511 1195 ἐξελέξατο
539 1147 597 1183 σε
632 1132 728 1185 καὶ
756 1132 1072 1205 διεχώρισεν
1099 1133 1211 1204 (87)
1239 1128 1303 1185 ὲκ
1329 1130 1425 1186 τοῦ
1454 1131 1685 1202 κόσμου,
1709 1127 1805 1184 καὶ

225 1219 378 1273 ἔθετο
398 1221 474 1284 ώς
496 1224 553 1275 ὲν
575 1222 851 1293 προσώπῳ
880 1220 1065 1280 αὑτοῦ.
1098 1223 1267 1287 Αὐτὸς
1299 1222 1355 1277 δὲ
1373 1263 1388 1289 ,
1414 1223 1443 1275 6
1472 1222 1712 1286 καλέσας
1742 1238 1801 1275 σε

227 1310 421 1383 κλήσει
448 1312 603 1385 ἁγίᾳ,
633 1315 801 1383 ἐγγύς
837 1317 983 1369 ἐστιν
1016 1314 1124 1369 ἀεί.
1159 1315 1346 1386 Μηδὲν
1380 1314 1492 1385 (88)
1526 1312 1800 1383 μερίμνα’

225 1399 344 1453 ἀλλ’
371 1402 430 1454 ὲν
450 1403 615 1456 παντὶ
645 1406 711 1474 τῇ
743 1404 1019 1475 προσευχῇ
1052 1402 1147 1458 καὶ
1170 1406 1236 1475 τῇ
1265 1403 1447 1473 δεήσει
1468 1400 1629 1472 352
1667 1399 1806 1471 μετὰ

228 1491 582 1563 εὐχαριστίας
610 1493 679 1547 τὰ
721 1495 1001 1565 αἰτήματά
1035 1511 1129 1548 σου
1160 1493 1517 1569 γνωριζέσθω
1547 1494 1684 1565 πρὸς
1713 1491 1806 1545 τδν

227 1581 379 1636 Θεόν.
422 1582 594 1647 Αὐτὸς
619 1583 729 1655 (89)
766 1585 876 1656 γὰρ
907 1586 1131 1656 εἴρηκεν
1153 1602 1167 1617 ’
1212 1585 1291 1640 Οὐ
1322 1585 1396 1655 μή
1433 1601 1493 1638 σε
1526 1584 1660 1650 ἀνῶ,
1697 1582 1806 1636 οὐδ’

225 1674 289 1727 ού
327 1674 400 1744 μή
439 1690 497 1728 σε
545 1675 917 1743 ἐγκαταλίπω.
958 1675 1147 1739 Οὕτως
1177 1676 1277 1746 μὲν
1305 1673 1398 1730 οὖν
1427 1676 1486 1729 ἐν
1533 1678 1601 1747 τῇ
1638 1674 1804 1746 σκλη-

229 1763 557 1834 ρότητιοτῆς
596 1764 821 1835 ἀγωγῆς
862 1766 957 1819 καὶ
985 1768 1053 1837 τῇ
1083 1765 1344 1837 ὀλιγωρίᾳ
1376 1764 1481 1835 τῆς
1517 1765 1807 1835 ἀσκήσεως

1896 680 2107 749 placeas
2137 675 2219 751 (Il
2253 674 2388 731 Tim.
2423 674 2515 747 tt);
2557 686 2658 729 nec
2687 672 2927 743 quamvis
2975 668 3357 726 lmbecillltatis
3405 686 3468 725 ac

1896 767 2163 840 languoris
2186 766 2535 838 cogitationes
2559 761 2833 835 improbus
2860 760 2950 817 ille
2975 762 3193 832 spiritus
3225 760 3318 815 tibi
3360 760 3467 816 im-

1897 860 2092 929 mittat,
2120 859 2453 929 institutique
2482 856 2554 913 tui
2582 869 2774 912 nervos
2811 854 3057 925 frangere
3083 869 3145 910 ac
3192 853 3471 910 debilitare

1898 954 2123 1018 studeat,
2175 951 2341 1021 Ipsius
2387 949 2608 1005 insidias
2656 944 3039 1018 pertimescas,
3085 942 3213 1000 illud
3261 945 3472 1001 Domini

1898 1054 2221 1115 praeceptum
2299 1040 2584 1112 cogitans,
2678 1039 2734 1093 in
2810 1037 3010 1093 mundo
3040 1051 3344 1106 pressuram
3378 1037 3473 1091 ha-

1898 1132 2120 1199 bebitis;
2151 1132 2242 1188 sed
2271 1131 2543 1197 conﬁdite,
2575 1142 2673 1198 ego
2702 1126 2801 1182 vici
2829 1124 3084 1181 mundum
3126 1123 3305 1197 (Joan.
3334 1124 3469 1195 xvi).

1899 1227 2158 1293 Quocirca
2189 1224 2359 1296 gaude
2384 1228 2436 1279 in
2462 1221 2690 1279 Domino
2716 1234 2930 1291 semper
2951 1262 2966 1286 ,
2994 1220 3247 1291 quoniam
3277 1220 3393 1290 ipse
3422 1227 3475 1273 te

1900 1316 2080 1387 elegit,
2110 1327 2271 1386 atque
2298 1329 2329 1369 a
2374 1313 2571 1369 mundo
2618 1312 2929 1382 sejunctum‘
2948 1319 3072 1366 ante
3102 1310 3290 1367 faciem
3323 1325 3471 1367 suam

1899 1407 2091 1475 posuit.
2123 1405 2240 1475 Ipse
2265 1414 2461 1471 autem,
2483 1403 2575 1473 qui
2603 1411 2657 1458 te
2680 1402 2958 1457 vocatione
2984 1414 3078 1456 sua
3106 1407 3289 1455 sancta
3315 1415 3475 1455 voca-

1900 1497 1995 1564 vit,
2026 1510 2191 1565 prope
2217 1505 2298 1550 est
2326 1506 2557 1563 semper.
2590 1491 2727 1547 Nihil
2755 1492 2934 1562 itaque
2961 1491 3223 1548 sollicitus
3254 1491 3351 1555 sis,
3380 1491 3474 1544 sed

1899 1589 1952 1644 in
1982 1589 2127 1643 omni
2168 1587 2409 1641 oratione
2446 1594 2604 1655 atque
2632 1585 3003 1642 obsecratione
3030 1598 3150 1640 cum
3187 1584 3473 1654 gratiarum

1902 1678 2109 1736 actione
2133 1677 2419 1747 petitiones
2447 1684 2550 1730 tua:
2583 1681 2919 1731 innotescant
2946 1675 3086 1745 apud
3118 1675 3285 1730 Deum
3317 1673 3473 1746 (Phi-

1901 1771 1994 1840 lip.
2029 1768 2127 1841 tv).
2161 1769 2278 1838 ipse
2304 1768 2445 1824 enim
2473 1766 2607 1822 dixit
2636 1784 2649 1819 :
2678 1766 2795 1821 Non
2825 1775 2877 1821 te
2904 1766 3170 1833 deseram,
3195 1780 3294 1821 nec
3325 1766 3480 1820 dere-

225 1856 510 1920 τοιούτους
541 1858 819 1926 κτώμενος
840 1857 1155 1929 λογισμοὺς,
1190 1857 1505 1928 εὐφραίνου,
1534 1856 1807 1928 μεμνημέ-

1910 1861 2158 1931 linquam.
2206 1860 2331 1914 Hac
2376 1860 2553 1928 itaque
2601 1858 2653 1913 in
2704 1858 2824 1912 vita:
2866 1857 3060 1912 duritia
3110 1856 3480 1926 ac‘religioste

227 1963 321 2010 νος
333 1949 539 2018 Κυρίου
560 1922 1012 2018 τοῦ-Θεοῦήμιῖινί
1038 1922 1345 2021 Ἐμνήσθτξν
1359 1922 1499 2020 γὰρ.
1669 1922 1801 2020 (θὼν

1910 1950 2297 2006 exercitationis
2327 1949 2526 2004 vilitate
2556 1959 2729 2004 tecum
2759 1950 2873 2016 ipse
2911 1957 3183 2018 reputans,
3218 1946 3273 2003 in
3312 1946 3476 2001 animi

226 2033 326 2089 τοῦ
351 2035 506 2102 Θεοῦ,
542 2036 638 2089 καὶ
662 2035 995 2108 εύφράνθην.

305 2300 470 2355 Ὅταν
510 2301 569 2355 δὲ
607 2302 771 2357 πάλιν
820 2304 850 2357 6
882 2305 941 2373 ἐξ
990 2307 1237 2368 ἐναντίας
1284 2305 1444 2361 ἄλλον
1484 2322 1568 2361 σοι
1604 2304 1807 2377 τρόπον

225 2391 416 2463 ἐπινοῇ
441 2392 716 2463 πολέμων,
743 2393 1124 2467 ὑψηλόφρονας
1145 2394 1467 2467 προσάλλων
1490 2396 1805 2466 λογισμοὺς,

226 2482 327 2535 καὶ
354 2483 455 2554 τὴν
477 2483 636 2548 δόξαν
655 2485 1025 2540 ὑποδεικνύων
1048 2489 1147 2558 τῆς
1173 2487 1269 2541 τοῦ
1299 2488 1506 2559 κόσμου
1530 2486 1807 2557 βασιλείας

226 2567 301 2645 ἧς
334 2574 629 2640 κατέλιπες
658 2577 792 2648 (91),
823 2579 918 2632 καὶ
959 2578 1033 2633 τὰ
1080 2578 1244 2632 λοιπὰ
1272 2579 1340 2634 τὰ
1385 2581 1446 2632 ὲν
1472 2580 1552 2642 τῷ
1594 2579 1806 2649 κόσμῳ,

226 2666 324 2720 τὸν
366 2669 635 2740 σωτήριον
678 2670 954 2742 προϐαλοῦ
1005 2671 1185 2741 λόγον,
1228 2671 1306 2735 ὡς
1348 2671 1545 2743 θυρεὸν
1577 2672 1690 2743 (92)
1716 2671 1809 2724 τὸν

226 2757 511 2827 φάσκοντα
538 2775 554 2789 ·
612 2761 780 2814 Ὅταν
812 2762 921 2833 (95)
980 2765 1244 2835 ποιήσητε
1290 2764 1470 2818 πάντα
1507 2763 1579 2816 τὰ
1627 2764 1810 2817 διατα-

225 2851 430 2921 χθέντα
457 2857 605 2925 ὑμῖν,
628 2854 837 2925 λέγετε,
864 2857 944 2909 ὅτι
984 2855 1219 2927 Ἀχρεῖοι
1243 2856 1419 2911 δοῦλοί
1451 2858 1637 2927 ἐσμεν,
1668 2857 1750 2910 ὅτι
1779 2856 1809 2910 δ

226 2944 520 3017 ὀφείλομεν
563 2950 787 3018 ποιῆσαι
834 2949 1235 3018 πεποιήκαμεν.
1293 2948 1452 3001 Ἀλλὰ
1503 2948 1596 3001 καὶ
1627 2948 1713 3011 τίς
1750 2948 1809 3015 ἐξ

226 3036 264 3103 ἡ
276 3034 393 3104 μῶν
423 3035 645 3090 δύναται
676 3038 775 3108 τὴν
806 3037 1029 3107 ὀφειλὴν
1061 3038 1274 3091 ἐκτῖσαι
1308 3038 1376 3108 ἢν
1410 3038 1700 3108 ὀφείλομεν
1730 3039 1810 3108 τῷ

225 3122 501 3197 Δεσπότῃ,
534 3126 675 3195 ὑπὲρ
694 3123 769 3178 ὧν
798 3124 864 3177 δι’
891 3126 1039 3195 ἡμᾶς
1061 3124 1173 3195 (9i)
1200 3123 1533 3194 ἐπτώχευσε,
1555 3122 1811 3187 πλούσιος

1905 2043 2175 2111 voluptate
2199 2054 2433 2105 versare,
2465 2039 2672 2093 Domini
2706 2038 2799 2092 Dei
2830 2040 2997 2092 nostri
3027 2038 3338 2093 memoriam
3386 2052 3475 2092 re—

1906 2134 2101 2188 tinens.
2146 2130 2337 2186 Memor
2390 2131 2564 2199 enim,
2595 2128 2794 2198 inquit,
2826 2128 2900 2183 fui
2930 2127 3059 2193 Dei,
3093 2136 3145 2184 et
3186 2129 3478 2184 delectatus

1904 2242 2021 2281 sum
2060 2223 2230 2297 (Paul.
2261 2225 2460 2293 Lxxvt).

1977 2316 2109 2371 Cum
2158 2322 2335 2369 autem
2372 2327 2582 2367 rursum
2612 2312 2950 2368 adversarius
2995 2311 3135 2367 aliud
3187 2314 3239 2367 in
3271 2321 3322 2368 te
3350 2312 3478 2369 belli

1906 2422 2071 2477 genus
2120 2405 2522 2475 excogitaverit,
2568 2402 2821 2458 sublimes
2868 2416 3062 2471 nempe
3126 2411 3285 2473 atque
3331 2418 3481 2457 arro-

1909 2506 2093 2568 gantes
2115 2494 2468 2563 c0gitationes
2498 2506 2820 2563 proponens,
2853 2492 3110 2563 regnique
3134 2493 3332 2549 terreni
3361 2496 3481 2565 glo-

1908 2588 2040 2641 riam
2072 2600 2229 2656 quam
2262 2584 2542 2653 reliquisti,
2568 2592 2871 2652 ceteraque
2891 2597 3010 2651 qute
3038 2582 3091 2635 in
3123 2583 3322 2638 mundo
3359 2594 3484 2638 sunt

1911 2680 2006 2734 tibi
2037 2680 2089 2733 in
2120 2677 2291 2732 oculis
2317 2675 2611 2741 collocans,
2632 2674 2960 2729 salutiferam
2986 2673 3283 2728 doctrinam
3306 2673 3482 2745 clypei

1912 2769 2082 2824 instar
2106 2768 2357 2835 obtende,
2385 2767 2649 2822 dicentem
2678 2782 2693 2820 :
2721 2766 2853 2821 Cum
2885 2765 3119 2821 feceritis
3155 2767 3332 2827 omnia
3364 2783 3481 2837 quae

1914 2856 2178 2930 priecepta
2207 2868 2330 2915 sunt
2354 2858 2526 2922 vobis,
2558 2856 2760 2911 dicite:
2808 2856 2965 2911 Servi
3012 2857 3228 2911 inutiles
3276 2872 3482 2918 sumus.

1915 2953 2164 3024 quoniam
2219 2950 2273 3006 id
2319 2949 2458 3018 quod
2482 2947 2655 3002 facere
2683 2946 2985 3014 debuimus,
3038 2948 3260 3010 fecimus
3311 2949 3488 3021 (Lacte

1919 3045 2075 3106 xvn).
2134 3044 2197 3096 Et
2222 3042 2434 3109 quidem
2487 3038 2604 3107 quis
2645 3045 2884 3092 nostrum
2914 3036 3148 3092 debitum
3177 3039 3329 3104 illud,
3376 3054 3485 3106 quo

1914 3152 2031 3194 eam
2062 3139 2131 3192 ob
2159 3150 2374 3193 causam
2418 3139 2646 3194 Domino
2673 3136 2910 3193 obstricti
2933 3151 3140 3198 sumus.
3194 3134 3336 3204 quod
3366 3149 3486 3190 cum

221 3213 340 3275 ὢν,
386 3213 475 3267 ἵνα
518 3215 681 3285 ἡμεῖς
728 3217 796 3286 τῇ
840 3214 1052 3267 ἐκείνου
1098 3215 1345 3286 πτωχείᾳ
1391 3215 1805 3286 πλουτήσωμεν,

1911 3228 2059 3284 dives
2090 3238 2253 3295 esset,
2304 3239 2524 3299 propter
2570 3243 2668 3283 nos
2714 3242 2912 3297 egenus
2952 3226 3127 3281 factus
3149 3235 3254 3291 est,
3302 3234 3361 3281 ut
3388 3239 3490 3283 nos

223 3305 330 3358 καὶ
355 3304 559 3359 ἔπαθεν
615 3308 643 3358 6
674 3305 912 3375 ἀπαθὴς,
962 3306 1053 3359 ἵνα
1084 3306 1193 3358 τῶν
1241 3306 1431 3360 παθῶν
1466 3308 1614 3378 ἡμᾶς
1656 3306 1810 3360 ἐλευ-

223 3396 489 3469 θερώσῃς
518 3397 648 3451 ποία
696 3397 805 3469 γὰρ
838 3399 997 3468 χάρις
1028 3398 1201 3469 δούλῳ
1230 3398 1392 3471 ὅμοια
1440 3400 1519 3470 τῷ
1564 3399 1807 3470 Δεσπότῃ

224 3488 465 3555 παθεῖν;
499 3490 660 3560 ἡμεῖς
684 3489 740 3543 δὲ
770 3489 942 3542 πολλὰ
965 3488 1075 3543 τῶν
1103 3490 1271 3544 αὑτοῦ
1302 3490 1680 3562 ὑστερούμεθα
1707 3510 1809 3544 πα-

219 3582 520 3652 θημάτων.
554 3580 715 3651 353
764 3580 949 3635 Ταῦτα
997 3572 1190 3648 ἐννόει,
1237 3581 1532 3653 λογισμοὺς
1562 3584 1675 3655 (95)
1711 3600 1809 3637 κα-

214 3668 441 3742 θαίρων
492 3673 587 3726 καὶ
645 3674 753 3725 πᾶν
816 3672 1020 3744 ὕψωμα
1076 3675 1441 3745 ιπαιρόμενον
1503 3674 1646 3729 κατὰ
1705 3676 1808 3745 τῆς

215 3764 491 3837 γνώσεως
530 3765 625 3817 τοῦ
673 3765 839 3832 Θεοῦ,
881 3767 976 3819 καὶ
1019 3766 1440 3837 αίχμαλωτίζων
1486 3769 1598 3821 πᾶν
1631 3768 1810 3837 νόημα

220 3861 321 3918 είς
346 3856 442 3928 τὴν
473 3858 718 3929 ὑπακοὴν
739 3858 834 3911 τοῦ
856 3859 901 3911 Χ
912 3859 1127 3929 ριστοῦο
1160 3862 1255 3913 καὶ
1284 3861 1317 3931 ἡ
1344 3861 1537 3931 είρήνη
1566 3860 1679 3931 (96)
1714 3860 1810 3913 τοῦ

1908 3324 2023 3393 ejus
2049 3332 2362 3393 paupertate
2390 3323 2581 3378 divites
2594 3336 2859 3387 essemus,
2894 3330 2948 3377 et
2963 3324 3051 3391 qui
3081 3335 3109 3375 a
3144 3321 3489 3390 perpessione

1910 3417 2163 3470 immunis
2193 3425 2330 3481 erat,
2360 3424 2417 3470 ut
2444 3414 2652 3469 vitiosis
2675 3412 3043 3469 affectionibus
3073 3426 3170 3466 nos
3210 3410 3486 3477 liberaret,

1908 3510 2176 3563 cruciatus
2216 3508 2378 3564 subiit
2428 3505 2518 3579 (if
2549 3507 2669 3562 Cor.
2715 3508 2856 3577 vni),
2906 3504 3212 3576 persolvere
3266 3504 3489 3574 potest?

1909 3600 2058 3667 Quod
2106 3599 2248 3654 enim
2287 3599 2605 3655 beneficium
2638 3606 2720 3655 est
2756 3612 2967 3653 servum
3020 3595 3206 3652 eadem
3282 3594 3490 3666 perpeti

1908 3706 2028 3761 qua:
2058 3690 2314 3745 Dominus
2342 3703 2625 3759 perpessus
2671 3687 2783 3742 sit?
2830 3686 2988 3756 Atqui
3030 3690 3137 3740 'nos
3166 3683 3489 3753 permultum

1910 3782 1975 3835 ab
2003 3780 2169 3849 ipsius
2190 3778 2509 3833 cruciatibus
2540 3776 2731 3831 remoti
2772 3789 2978 3830 sumus.
3012 3774 3136 3828 Haec
3191 3781 3371 3827 tecum
3403 3787 3486 3826 re-

1912 3879 2058 3938 puta,
2087 3869 2436 3938 cogitationes
2462 3866 2763 3927 destruens,
2812 3872 2863 3918 et
2895 3878 3108 3918 omnem
3153 3860 3487 3917 altitudinem

220 3947 398 4014 Θεοῦ,
420 3952 453 4020 ἠ
480 3950 818 4022 ὑπερέχουσα
847 3951 1026 4006 πάντα
1052 3952 1198 4017 νοῦν,
1226 3954 1526 4025 φρουρήσει
1556 3954 1657 4023 τὴν
1685 3969 1807 4025 καρ⁴

1912 3957 2263 4012 extollente‘m‘
2283 3970 2342 4011 se
2364 3954 2618 4009 adversus
2645 3953 2922 4009 scientiam
2948 3953 3058 4018 Dei,
3090 3961 3145 4008 et
3173 3952 3228 4005 in
3252 3952 3482 4022 captivi-

220 4042 359 4096 δίαν
388 4043 481 4095 καὶ
503 4043 569 4097 τὰ
593 4045 840 4114 νοήματὰ
864 4061 957 4097 σου
984 4046 1043 4097 ὲν
1070 4044 1292 4114 Χριστῷ
1330 4044 1527 4113 Ἰησοῦ.

1916 4055 2081 4101 tatem
2137 4046 2386 4114 redigens
2454 4058 2667 4099 omnem
2744 4057 2962 4099 sensum
3014 4043 3067 4097 in
3132 4042 3494 4098 obedientiam

210 4125 441 4185 Christi
470 4126 550 4197 (II
577 4125 700 4182 Cor.
740 4130 818 4198 χ).
851 4128 921 4181 Ει
951 4143 1059 4197 pax
1092 4129 1210 4195 Dei,
1238 4144 1362 4199 qua:
1390 4139 1687 4201 exsuperat
1713 4143 1935 4185 omnem
1962 4142 2210 4195 sensum,
2238 4126 2518 4183 custodiat
2553 4140 2651 4182 cor
2686 4135 2865 4190 tuum,
2895 4134 2950 4179 et
2976 4123 3344 4195 cogitationes
3377 4134 3500 4179 tuas

211 4221 289 4275 iu
323 4216 549 4275 Christo
575 4219 704 4275 Jesu
734 4218 956 4291 (Phitip.
988 4217 1084 4289 μ’).

311 4302 530 4356 Τούτων
571 4302 675 4357 ὑπὸ
708 4303 804 4357 τοῦ
851 4301 1127 4375 μακαρίου
1177 4302 1447 4374 Βαρλαὰμ
1491 4302 1818 4373 λεχθέντων,

223 4400 267 4471 ἡ
302 4395 402 4470 ῥοὴ
428 4394 538 4450 τῶν
570 4396 819 4469 δακρύων
848 4395 944 4450 τοῦ
988 4395 1223 4466 ἰωάσαφ
1261 4396 1458 4466 μέτρον
1491 4396 1590 4449 οὐκ
1632 4390 1776 4467 εἶχεν
1798 4437 1813 4461 ,

1982 4315 2097 4372 Hac
2129 4314 2379 4371 oratione
2409 4326 2439 4366 a
2470 4312 2758 4368 Barlaamo
2788 4311 3001 4380 habita,
3034 4311 3297 4385 Josaphat
3319 4312 3499 4369 inlini-

1915 4417 2025 4462 tam
2062 4408 2170 4462 vim
2207 4407 2572 4479 Iacrymarum
2612 4405 2878 4476 profudit,
2921 4406 3003 4463 sic
3037 4421 3262 4478 nempe,
3294 4416 3353 4461 ut
3383 4418 3501 4462 tarv-

314 4595 426 4666 (84)
458 4596 501 4651 ll
534 4598 705 4668 Epist.
732 4599 798 4653 ad
831 4597 970 4668 Tim.
1004 4614 1066 4663 ll,
1098 4598 1132 4653 5
1276 4595 1682 4668 Κακοπάθησογ
1716 4595 1793 4658 ὡς
1834 4592 2000 4668 καλὸς
2020 4589 2377 4668 Δστριιιτιώτης
2417 4586 2590 4661 Ἰησοῦ
2622 4582 2858 4657 Χριστοῦ
2881 4598 2896 4614 ο
2937 4581 3110 4646 οὐδεὶς
3157 4581 3494 4649 στρατιώτης

170 4702 171 4709 ι
226 4661 594 4741 ἐμπλέκεται
607 4672 727 4732 ταῖς
754 4668 850 4741 τοῦ
876 4667 990 4737 βίου
1012 4661 1441 4741 πραγματείαις,
1482 4661 1582 4720 ἵνα
1596 4664 1674 4737 τῷ
1708 4662 2197 4735 στρατολογήσαντι
2225 4661 2419 4732 ἀρέσῃ.

313 4739 427 4807 (85)
458 4736 617 4792 Joan.
642 4753 751 4803 xvn,
787 4739 874 4792 35.

314 4808 427 4877 (86)
466 4809 637 4877 Epist.
666 4813 730 4863 ad
767 4807 996 4876 Philipp.
1032 4823 1103 4872 tv,
1128 4809 1183 4863 4.

317 4880 431 4949 t8?)
460 4878 524 4941 (ἔν
551 4878 900 4949 διεχώρησεν
1156 4904 1159 4909 λ

315 4947 429 5016 (88)
460 4948 593 5001 Ibid.
623 4947 696 5010 tv,
720 4947 784 5003 'u.

316 5017 427 5087 (89)
461 5018 628 5086 Epist.
660 5017 727 5071 ad
757 5016 922 5087 Heli].
954 5031 1027 5081 tv,
1060 5016 1114 5071 5.

318 5084 428 5157 (90)
459 5084 599 5142 PSal.
633 5102 817 5152 Lxxvr,
855 5084 908 5138 5.

636 5138 967 5221 κατέλιπας.
1004 5155 1230 5210 Praestat
1260 5156 1315 5210 in
1357 5157 1554 5210 talibus
1607 5157 1807 5226 relativi

1910 5170 2002 5209 tam
2055 5154 2241 5226 dicunt
2283 5142 2852 5226 attractio._Li_blalnliu_s
2896 5147 2944 5226 lg.
2974 5140 3018 5206 1ο
3053 5156 3111 5226 P;
3141 5138 3292 5226 232”:
3328 5139 3494 5226 ειςρᾲ

236 5204 616 5298 τοὸῶιῖἒῶἑ
647 5204 1564 5298 Ematz’ta'magis}.
1595 5204 1807 5298 ὀοῇὶξέι

1910 5204 2376 5289 ίζιὶὶιιῐξῖιάἱᾱρειεὶ
2648 5213 2787 5270 tooo
2822 5204 3012 5279 lectio,
3045 5204 3156 5275 αἶς.
3204 5209 3289 5266 cr.
3324 5204 3493 5265 Notit.

236 5299 377 5354 Mss.
417 5308 455 5353 ι.
488 5296 582 5360 XI,
618 5315 679 5363 tt,
706 5313 759 5366 p.
790 5297 874 5352 76.

320 5368 434 5439 (92)
465 5366 549 5439 (If.
580 5369 753 5437 Epist.
787 5370 853 5423 ad
885 5367 1083 5439 Ephes.
1108 5383 1182 5439 vt,
1208 5367 1299 5423 16.

464 5437 596 5518 Luc.
628 5424 788 5518 in",
843 5424 1090 5518 militum
1127 5424 1331 5518 (ﬁnisti
1382 5437 1873 5518 verba‘supcrbife
1928 5437 2227 5518 remedium
2279 5436 2517 5491 adhiberi
2553 5434 2721 5518 jubet
2752 5444 2807 5488 et
2845 5431 3023 5518 Nilus.
3049 5432 3122 5486 De
3150 5437 3301 5518 octo

241 5527 305 5580 ρ.
329 5495 441 5561 ’2ιέ
469 5526 484 5561 :
511 5510 610 5562 Διὰ
630 5495 790 5561 τοῦτο
812 5510 906 5564 καὶ
929 5510 958 5560 6
984 5508 1220 5577 Χριστὸς
1245 5507 1447 5575 ἔλεγεν
1478 5527 1497 5559 ι
1528 5495 1694 5562 Ὅταῦ
1715 5508 2047 5578 ποιήσητε...
2078 5508 2245 5576 ἐσμεν
2265 5523 2278 5536 ο
2314 5525 2333 5557 ι
2363 5495 2644 5577 μονονουχὶ
2663 5505 2863 5573 λέγων’
2896 5504 2984 5557 ὅτε
3008 5501 3302 5555 ἐπεισιέναι
3333 5495 3502 5567 μέλλῃ

241 5579 313 5620 σεδ
348 5577 548 5620 θηρίου.
586 5578 709 5620 τότε
746 5578 832 5620 διὰ
865 5577 974 5620 τῶν
1023 5578 1282 5620 ἐνηλάτων
1307 5577 1512 5620 τούτων
1550 5576 1870 5620 ἀπωδείετε
1898 5577 1998 5620 τὰς
2024 5577 2194 5620 Θὺηαε
2221 5576 2385 5620 αὐτῶ-
2420 5576 2555 5620 Maia
2591 5576 2832 5620 iungitur
2873 5574 2961 5620 ετξ
3010 5587 3129 5620 cum
3165 5567 3349 5620 μέλλῃ.
3397 5564 3503 5619 Re-

240 5570 313 5633 τὸ
348 5577 553 5649 θηρίον,
586 5578 710 5633 τότε
746 5578 834 5633 διὰ
865 5577 974 5631 τῶν
1022 5570 1282 5648 ῥημάτων
1307 5570 1512 5631 τούτων
1550 5576 1806 5630 ἀποκ).είε

245 5647 641 5718 scribasiirav,
674 5660 734 5702 ut
760 5658 844 5703 est
873 5649 926 5718 in
960 5650 1076 5702 cod.
1111 5647 1201 5718 ὅθ,
1236 5648 1380 5716 quod
1424 5646 1725 5718 neglexisse
1765 5646 1807 5701 C

1910 5570 1998 5640 τὰς
2024 5570 2194 5648 θύρας
2221 5570 2386 5647 αύτῷ.
2420 5576 2555 5631 Male
2585 5570 2832 5644 jungitur
2873 5574 2961 5627 ὅτε
3010 5587 3129 5627 cum
3163 5570 3354 5693 μέλλει(3
3397 5570 3498 5619 Be-

1910 5647 2098 5706 let'itttu
2145 5649 2315 5704 miror
2347 5644 2587 5702 Monum.
2632 5656 2669 5701 t.
2714 5644 2800 5709 lll,
2835 5644 2926 5715 qui
2957 5660 3020 5699 co
3047 5642 3185 5697 libro
3228 5648 3316 5695 ute
3358 5643 3498 5691 atur.

332 5715 442 5786 (ει)
473 5717 515 5770 ll
544 5714 714 5786 EpiSt.
754 5719 822 5772 ad
856 5714 983 5772 Cor.
1016 5731 1127 5777 vm,
1158 5716 1209 5771 9.

328 5785 441 5925 (95)
480 5786 518 5839 II
555 5785 723 5857 Epist.
755 5789 820 5841 ad
854 5788 979 5843 Cor.
1017 5802 1070 5850 x,
1097 5786 1151 5841 5.

353 5855 445 5925 96)
477 5856 645 5925 Epist.
676 5860 744 5912 ad
781 5857 1007 5925 Philipp.
1038 5871 1112 5921 tv,
1148 5858 1151 5873 '

353 5855 445 5925 96)
477 5855 645 5927 Epist.
676 5860 744 5912 ad
781 5857 1007 5928 Philipp.
1038 5871 1112 5921 tv,
1148 5857 1199 5912 7.

577 5952 848 6015 1⁸Ατιιοι.
901 5956 994 6016 tiu
1066 5947 1285 6010 XCVI.

3108 5927 3185 5984 39
