3888 6344
285 428 415 491 122m
1395 421 1564 488 VlTA
1609 425 1963 486 BARLAAM
2004 427 2098 486 ET
2129 426 2480 488 JOASAPII.
3400 435 3532 498 123$

282 559 392 604 τος.
449 540 579 608 Kal,
637 539 969 612 θερμότερον
1021 540 1308 604 ἐκκαυθεὶς
1363 539 1464 610 τὴν
1513 540 1727 612 ψυχὴν,
1776 541 1855 602 εἰς

1968 552 2121 614 atque
2147 543 2212 597 ad
2243 543 2537 598 orationem
2569 539 2804 610 seipsum
2845 552 3002 610 quam
3032 540 3260 595 maxime
3309 549 3529 593 conten-

283 633 670 705 ἐκτενεστέραν
691 650 749 687 τε
783 634 1063 698 συντείνας
1092 633 1256 704 εὐχὴν
1281 633 1496 700 ἐαυτὸν,
1534 633 1636 704 ἐφη
1663 649 1676 662 ·

1968 635 2117 702 dens,
2150 634 2231 689 Itis
2259 635 2438 690 verbis
2464 644 2590 688 usus
2625 643 2708 687 est
2739 648 2751 686 :

355 724 546 796 Κύριε,
571 729 600 780 6
620 727 755 791 Θεός
786 745 908 798 μου,
941 726 1260 782 εἰσάκουσον
1283 727 1384 797 τῆς
1406 725 1593 795 φωνῆς
1619 742 1718 794 μου
1745 723 1856 794 (15)

2037 744 2260 800 Domine
2288 745 2427 801 Deus
2465 759 2637 811 meus,
2684 742 2880 799 exaudi
2904 743 3196 797 orationem
3227 754 3400 795 meam
3429 756 3525 808 qua

282 813 346 890 ἧς
379 818 685 887 ἐκέκραξα·
727 819 948 891 ἐλέησόν
1002 839 1070 892 με
1109 820 1204 875 καὶ
1237 818 1553 873 εἰσάκουσόν
1609 833 1708 888 μου
1732 856 1746 881 ,
1778 818 1859 869 ὅτι

1969 837 2190 892 clamavi
2215 838 2279 892 ad
2303 845 2375 907 te,
2399 837 2654 891 miserere
2685 836 2814 899 mei,
2840 843 2893 888 et
2922 832 3109 889 exaudi
3141 846 3246 899 me,
3280 833 3525 900 quoniam

283 927 342 962 σε
370 911 434 962 ἐκ
464 909 693 981 καρδίας
719 927 821 978 μου
851 911 1020 980 ζητῶ.
1060 910 1384 982 Ἐξεζήτησέ
1415 910 1525 981 (16)
1559 926 1619 962 σε
1651 910 1683 980 ή
1713 910 1858 980 ψυχή

1968 936 2019 982 te
2045 942 2109 982 ex
2136 929 2315 982 animo
2335 917 2547 997 quam):
2575 927 2861 997 exquisivit
2881 935 2933 980 te
2954 926 3123 980 anima
3147 939 3286 991 mea,
3302 938 3367 978 ne
3381 937 3530 978 aver-

284 1017 407 1072 μου’
438 1001 513 1073 μὴ
535 1001 886 1075 ἀποστρέψῃς
915 1002 1024 1072 (17)
1049 1003 1108 1055 τὸ
1138 1001 1430 1074 πρόσωπόν
1465 1017 1556 1054 σου
1583 1001 1677 1054 ἀπ’
1700 1001 1859 1071 ἐμοῦ,

1971 1026 2051 1072 tas
2079 1018 2264 1073 faciem
2284 1028 2426 1072 tuam
2459 1033 2486 1072 a
2527 1033 2632 1082 me,
2681 1026 2821 1072 etne
2848 1017 3081 1072 declines
3120 1017 3172 1071 in
3205 1017 3281 1070 ira
3312 1033 3340 1070 a
3371 1032 3526 1070 servo

281 1094 375 1148 καὶ
411 1092 486 1163 μὴ
511 1093 765 1163 ἐκκλίνῃς
788 1095 847 1146 ἐν
875 1094 1012 1165 ὀργῇ
1039 1093 1148 1148 ἀπὸ
1171 1093 1262 1148 τοῦ
1294 1093 1480 1146 δούλου
1510 1111 1623 1147 σου.
1659 1093 1861 1162 Βοηθός

1971 1116 2081 1163 tuo.
2111 1109 2332 1178 Adjutor
2361 1124 2511 1164 meus
2537 1117 2670 1173 esto,
2714 1123 2782 1163 ne
2812 1107 3159 1178 derelinquas
3180 1123 3264 1162 me
3283 1149 3298 1174 ,
3357 1121 3526 1175 neque

285 1202 386 1254 μου
421 1183 614 1252 γενοῦ·
653 1184 729 1254 μὴ
767 1183 1212 1256 ἀποσκορακίσῃς
1261 1201 1366 1254 με,
1423 1184 1519 1238 καὶ
1570 1183 1644 1254 μὴ
1694 1184 1861 1252 ὲγκα-

1969 1199 2234 1268 despicias
2257 1214 2362 1266 me,
2412 1199 2549 1254 Deus
2576 1199 2824 1254 salutaris
2872 1214 3039 1253 meus.
3083 1199 3341 1265 Quoniam
3379 1205 3529 1265 pater

280 1278 514 1348 ταλίπῃς
548 1295 638 1348 με,
667 1279 695 1330 6
721 1277 876 1340 Θεὸς,
910 1279 938 1330 6
969 1279 1156 1350 Σωτήρ
1189 1294 1313 1348 μου,
1375 1278 1455 1331 ὅτι
1488 1279 1516 1331 6
1545 1279 1726 1348 πατήρ
1765 1296 1861 1348 μου

1969 1305 2119 1346 meus
2146 1300 2200 1345 et
2228 1299 2398 1345 mater
2417 1305 2534 1345 mea
2564 1290 2956 1357 dereliquerunt
2981 1304 3084 1354 me,
3113 1300 3164 1342 tu
3189 1297 3387 1351 autem,
3422 1287 3528 1340 Do-

282 1370 375 1422 καὶ
413 1371 446 1438 ἡ
495 1371 677 1440 μήτηρ
726 1386 828 1439 μου
875 1369 1234 1437 ἐγκατέλιπον
1283 1384 1388 1439 με·
1440 1368 1504 1420 σὺ
1555 1368 1634 1434 δὲ,
1673 1368 1861 1440 Κύριε,

1971 1385 2132 1448 mine,
2163 1381 2490 1451 assumpsisti
2513 1396 2616 1436 me.
2648 1381 2837 1449 Legem
2868 1395 3004 1449 pone
3033 1380 3183 1445 mihi,
3204 1379 3444 1442 Domine,
3472 1377 3522 1428 in

281 1457 594 1529 προσλαϐοῦ
645 1475 711 1528 με
765 1458 897 1528 (18).
945 1458 1327 1528 Νομοθέτησόν
1369 1475 1436 1528 με
1477 1457 1628 1528 (19),
1672 1457 1861 1528 Κύριε,

1969 1475 2048 1526 via
2074 1482 2183 1538 tua,
2215 1482 2269 1527 et
2294 1473 2460 1540 dirige
2491 1486 2575 1525 me
2606 1471 2657 1525 in
2686 1472 2927 1525 semitam
2959 1481 3158 1524 rectam
3185 1477 3400 1538 propter
3431 1466 3526 1519 ini-

281 1553 341 1603 ἐν
371 1553 438 1621 τῇ
470 1550 573 1620 ὁδῷ
609 1565 725 1615 σου,
779 1550 876 1604 καὶ
907 1549 1174 1618 ὁδήγησόν
1225 1567 1292 1619 με
1342 1551 1399 1603 ἐν
1436 1549 1608 1621 τρίϐῳ
1658 1551 1861 1621 εὐθείᾳ,

1970 1562 2136 1616 nticos
2158 1577 2327 1616 meos.
2356 1561 2438 1616 Ne
2459 1561 2737 1615 tradideris
2754 1575 2838 1614 me
2864 1560 2915 1614 in
2939 1561 3141 1615 animas
3165 1555 3525 1612 tribulantium

278 1646 448 1698 ’ἑνεκα
477 1645 588 1699 τῶν
633 1645 846 1716 ἐχθρῶν
888 1664 1011 1716 μου.
1059 1646 1150 1716 Μὴ
1182 1645 1440 1718 παραδῷς
1481 1664 1547 1717 με
1583 1649 1662 1709 εἰς
1695 1646 1861 1717 ψυχὰς

1968 1667 2054 1708 me
2087 1650 2260 1722 (Psal.
2289 1650 2455 1721 xxvi),
2487 1652 2735 1718 quoniam
2802 1651 2856 1704 in
2935 1659 2984 1703 te
3058 1649 3336 1719 projectus
3410 1660 3526 1700 sum

281 1736 576 1790 θλιϐόντων
607 1754 694 1806 με,
724 1738 807 1790 ὅτι
838 1737 930 1790 ἐπὶ
967 1736 1025 1790 σὲ
1057 1737 1168 1807 (ρο)
1206 1737 1513 1808 ἐπερῤίφην
1540 1738 1603 1790 ἐκ
1637 1738 1852 1808 μήτρας

1969 1757 2032 1796 ex
2059 1751 2229 1794 utero.
2275 1740 2348 1795 De
2373 1747 2559 1793 ventre
2597 1739 2782 1791 matris
2824 1753 2956 1792 meae
2984 1737 3122 1789 Deus
3152 1750 3302 1790 tusus
3324 1748 3384 1789 es
3415 1749 3430 1787 :
3459 1749 3527 1788 ne

293 1826 428 1879 Ἀπὸ
458 1827 694 1897 γαστρὸς
733 1826 938 1898 μητρός
970 1844 1073 1897 μου
1110 1827 1243 1890 Θεός
1279 1845 1380 1897 μου
1425 1822 1476 1880 εἴ
1504 1826 1589 1880 σύ⁶
1635 1826 1708 1897 μὴ
1734 1827 1861 1880 ἀπο·

1968 1831 2279 1887 discesseris
2321 1845 2350 1884 a
2397 1844 2482 1886 me
2531 1829 2703 1900 (Psal.
2734 1833 2846 1898 xxi)
2919 1829 3176 1894 Quoniam
3235 1835 3426 1896 praeter
3477 1835 3538 1880 ιο

279 1921 414 1990 στῇς
435 1920 528 1971 ἀπ’
555 1918 710 1986 ἐμοῦ,
733 1920 817 1973 ὅτι
846 1919 985 1991 πλὴν
1023 1919 1118 1974 σοῦ
1156 1921 1257 1973 οὐκ
1284 1919 1433 1972 ἐστιν
1463 1919 1491 1971 6
1525 1920 1734 1990 βοηθῶν
1762 1936 1851 1988 μοι

1968 1938 2071 1976 non
2117 1930 2198 1976 est
2225 1919 2355 1973 mihi
2404 1919 2634 1988 adiutor.
2678 1920 2755 1973 En
2789 1921 2843 1974 in
2889 1919 3291 1974 miserationutn
3323 1927 3524 1972 tuarum

290 2011 423 2064 Ἰδοὺ
440 2011 548 2085 γὰρ
568 2013 647 2076 εἰς
667 2013 726 2065 τὸ
744 2012 976 2082 πέλαγος
999 2012 1106 2065 τῶν
1128 2013 1266 2066 οίκτι
1273 2032 1304 2084 ρ
1312 2011 1428 2081 μῶν
1449 2029 1542 2064 σου
1572 2012 1670 2082 τὴν
1689 2010 1861 2063 ἐλπίδι

1968 2013 2154 2082 abysso
2181 2023 2330 2078 spem
2351 2009 2539 2062 animm
2568 2007 2700 2060 mea:
2719 2007 2898 2060 deﬁxi.
2931 2007 3102 2059 Vitam
3133 2018 3306 2058 meam
3334 2002 3528 2070 guber-

275 2103 485 2174 ἐθέμην
512 2105 609 2176 τῆς
635 2104 813 2175 ψυχῆς
849 2122 950 2176 μου
975 2122 987 2135 ·
1026 2104 1361 2177 κυϐέρνησόν
1395 2121 1495 2174 μου
1518 2103 1618 2174 τὴν
1649 2102 1813 2173 ζωὴν,
1849 2103 1861 2154 ἰ

1968 2115 2056 2166 na,
2097 2100 2186 2168 qui
2216 2112 2302 2154 res
2341 2112 2526 2153 omnes
2546 2096 2786 2152 conditas
2847 2097 3120 2161 sapientia:
3169 2091 3526 2162 providentia.

277 2194 464 2246 πᾶσαν
487 2194 585 2265 τὴν
618 2194 813 2264 κτῆσιν
853 2194 1076 2265 ἀρρήτῳ
1099 2193 1289 2262 σοφίας
1311 2193 1539 2264 προνοίᾳ
1570 2190 1861 2262 κυϐερνῶν1

1968 2191 2107 2245 outni
2137 2203 2380 2244 sermone
2408 2187 2781 2258 praestantiori.
2808 2187 3119 2241 moderaris.
3148 2185 3220 2238 Et
3243 2193 3422 2237 notam
3449 2181 3531 2236 fac

278 2285 376 2336 καὶ
400 2285 665 2356 γνώρισόν
693 2302 783 2356 μοι
804 2285 916 2356 (21)
948 2285 1066 2338 ὁδὸν
1097 2286 1154 2338 ἐν
1245 2283 1602 2356 πορεύσομαι.
1628 2285 1738 2338 Kal
1769 2283 1861 2336 σῶ-

1968 2282 2096 2337 mihi
2121 2281 2284 2346 viam,
2314 2281 2365 2334 in
2407 2295 2509 2348 qua
2534 2278 2830 2338 ambulem;
2879 2287 3037 2345 atque
3066 2284 3123 2328 ut
3149 2275 3320 2328 bonus
3349 2286 3411 2326 ac
3437 2274 3531 2325 beo

277 2375 376 2428 σόν
410 2392 500 2444 με,
534 2375 608 2438 ὡς
637 2376 845 2445 ἀγαθὸς
867 2377 998 2439 Θεὸς
1032 2375 1127 2430 καὶ
1160 2376 1540 2446 φιλάνθρωπος
1569 2376 1754 2445 εὐχαῖς
1779 2371 1861 2428 καί

1970 2379 2158 2445 nignus
2191 2375 2468 2443 Deus,-per
2497 2374 2676 2426 famuli
2710 2373 2783 2425 tui
2814 2371 3053 2425 Bariaam
3084 2381 3274 2429 preces
3318 2380 3377 2419 ac
3405 2379 3531 2432 sup-

277 2466 603 2536 πρεσϐείαις
629 2467 722 2521 τοῦ
751 2468 1082 2538 θεράποντός
1119 2485 1211 2520 σου
1243 2467 1533 2539 Βαρλαὰμ,
1560 2467 1642 2520 ὅτι
1676 2467 1740 2520 σὺ
1771 2461 1861 2518 εῐέ

1971 2467 2281 2538 plicationes
2310 2482 2395 2520 me
2421 2480 2594 2530 serva,
2638 2467 2884 2533 quoniam
2925 2474 2976 2518 tu
3010 2464 3148 2516 Deus
3181 2474 3328 2516 meus
3357 2473 3438 2527 es,
3468 2472 3549 2512 ac-

274 2557 416 2621 Θεός
442 2576 544 2629 μου
570 2599 584 2624 ,
618 2560 712 2613 καὶ
741 2560 800 2613 σὲ
827 2558 1034 2624 δοξάζω
1061 2561 1153 2613 τὸν
1183 2559 1346 2630 360
1384 2559 1621 2630 Πατέρα,
1653 2558 1750 2611 καὶ
1780 2556 1871 2611 τὸν

275 2650 414 2704 Υἱδν
431 2653 525 2703 καὶ
539 2651 596 2704 τὸ
610 2651 763 2719 ἆγιον
785 2651 1009 2722 Πνεῦμα
1029 2652 1110 2714 εἰς
1129 2650 1252 2712 τοὺς
1271 2651 1476 2713 αἰῶνας
1496 2650 1604 2702 τῶν
1625 2649 1861 2704 αἰώνων.

1968 2653 2018 2706 in
2049 2652 2262 2706 smeula.
2293 2650 2483 2706 Amen.
2510 2651 2618 2706 Hac
2642 2651 2882 2704 oratione
2904 2651 3235 2718 perfunctus,
3260 2649 3412 2718 juxta
3441 2664 3531 2703 se-

285 2742 488 2813 ’Λμήν.
514 2742 698 2795 Ταῦτα
719 2743 1032 2813 εὐξάμενος,
1063 2744 1290 2813 πλησίον
1304 2744 1399 2797 τοῦ
1426 2745 1530 2814 μνή
1542 2739 1710 2813 ματος
1742 2741 1861 2797 ἐκά-

1968 2746 2205 2812 pulcrum
2235 2744 2368 2798 tiens
2393 2744 2650 2807 consedit,
2683 2759 2744 2798 ac
2770 2743 2962 2797 sedens
2983 2742 3323 2797 obdormivit.
3359 2742 3531 2809 Atque

272 2834 400 2886 Ome
423 2832 645 2889 κλαίων.
680 2835 786 2887 Kal
812 2835 1173 2906 καθεζόμενος
1209 2835 1448 2889 ὕπνωσε.
1482 2836 1592 2888 Καὶ
1617 2836 1719 2904 ὁρᾷ
1742 2833 1861 2897 τοὺς

1968 2834 2329 2889 formidandos
2369 2836 2489 2889 illos
2515 2836 2676 2897 viros,
2707 2849 2841 2903 quos
2871 2835 3014 2901 prius
3045 2842 3412 2902 conspexerat,
3463 2832 3529 2886 ad

273 2926 549 2997 φοϐεροὺς
583 2927 782 2999 ἄνδρας
813 2929 1076 2995 ἐκείνους,
1118 2929 1210 2992 οὒς
1241 2931 1335 2982 καὶ
1384 2929 1649 2999 πρότερον
1695 2927 1861 2996 ἐωρά-

1968 2938 2026 2979 se
2051 2925 2349 2991 venientes,
2376 2940 2540 2994 seque
2555 2924 2620 2980 ad
2651 2926 2938 2979 maximum
2969 2926 3115 2979 illum
3160 2933 3215 2980 et
3260 2925 3531 2979 admiran-

276 3033 368 3068 κει
417 3017 558 3087 (‘22),
590 3018 843 3082 ἐλθόντας
889 3019 1026 3089 πρὸς
1077 3019 1274 3085 αὐτὸν,
1324 3019 1420 3072 καὶ
1475 3017 1861 3084 ἀπαγαγόντας

1968 3012 2091 3066 dum
2143 3027 2389 3083 campum
2459 3016 2733 3080 ducentes,
2794 3021 2951 3084 atque
3004 3014 3057 3069 in
3111 3013 3529 3069 illustrissimam

277 3106 446 3161 αὑτὸν
483 3109 560 3171 εἰς
591 3109 689 3178 τὴν
729 3110 993 3179 μεγίστην
1026 3111 1123 3162 καὶ
1156 3109 1482 3179 θαυμαστὴν
1511 3109 1726 3176 ἐκείνην
1763 3122 1861 3158 πε-

1968 3102 2110 3158 illam
2168 3118 2232 3158 ac
2282 3105 2764 3173 splendidissimam
2837 3106 3106 3160 civitatem
3189 3105 3532 3160 introducen-

277 3199 460 3264 διάδα,
494 3200 590 3252 καὶ
627 3200 762 3271 πρὸς
788 3200 885 3270 τὴν
917 3200 1313 3271 δεδοξασμένην
1344 3201 1437 3253 καὶ
1468 3200 1861 3270 ὑπέρλαμπρον

1970 3201 2070 3257 tes,
2132 3194 2322 3249 intueri
2378 3195 2478 3250 sibi
2519 3197 2662 3250 visus
2691 3206 2790 3251 est.
2822 3195 2952 3251 Cum
2997 3203 3172 3250 autem
3228 3196 3343 3264 ipse
3407 3210 3531 3264 por-

278 3290 675 3358 εἰσαγαγόντες
695 3290 868 3344 πόλιν.
902 3293 1026 3344 Εἰσε
1037 3292 1282 3363 ρχομένῳ
1307 3293 1364 3346 δὲ
1388 3291 1538 3363 αὐτῷ
1560 3291 1658 3363 τὴν
1685 3291 1858 3362 πύλην

1971 3294 2076 3340 tam
2127 3285 2536 3355 ingrederetur,
2593 3289 2683 3343 alii
2746 3289 2845 3357 ipsi
2903 3288 3110 3342 obviam
3161 3285 3397 3351 fuerunt,
3449 3286 3531 3340 in-

277 3381 464 3451 ’ἑτεροι
499 3381 773 3451 ὑπήντουν
807 3381 986 3452 πολλῴ
1019 3383 1482 3454 κατηγλαῖσμένοι
1519 3384 1655 3453 φωτί
1676 3423 1691 3448 ,
1743 3401 1861 3437 στε-

1968 3378 2110 3447 genti
2141 3379 2342 3434 lumine
2375 3378 2594 3446 perfusi,
2625 3394 2956 3449 coronasque
3001 3378 3260 3448 ejusmodi
3293 3376 3530 3447 pulchri-

1970 2572 2020 2616 te
2043 2560 2284 2630 glorifico
2313 2559 2543 2623 Patrem,
2568 2566 2621 2612 et
2655 2557 2865 2623 Filium,
2903 2566 2957 2610 et
2976 2555 3228 2626 Spiritum
3284 2564 3527 2609 sanctum

279 3472 492 3540 φόνους
517 3471 730 3541 ἔχοντες
758 3473 816 3525 ἐν
839 3475 1026 3543 χερσὶν
1048 3476 1270 3546 ἀρρήτῳ
1295 3475 1701 3545 διαλάμποντας
1733 3474 1860 3527 κάλ-

279 3563 361 3615 λει
394 3562 492 3615 καὶ
518 3562 664 3626 οἴους
693 3563 959 3634 ὀφθαλμοί
984 3565 1238 3618 οὐδέποτε
1274 3565 1507 3636 βρότειοι
1540 3565 1854 3618 ἐθεάσαντο.

293 3648 590 3718 Ἐρομένου
638 3650 695 3702 δὲ
734 3650 826 3703 τοῦ
871 3652 1143 3720 Ἰωάσαφ,
1177 3654 1331 3717 Τίνος
1369 3657 1417 3707 οἰ
1463 3654 1716 3723 στέφανοι
1762 3655 1860 3724 τῆς

279 3737 444 3810 δόξης
470 3739 520 3792 οἱ
541 3739 949 3813 ὑπέρλαμπροι,
981 3743 1076 3806 οὓς
1106 3743 1214 3816 ὁρῶ
1239 3763 1254 3811 ;
1284 3745 1380 3809 Σὺς
1413 3746 1511 3817 μὲν
1538 3748 1566 3799 6
1595 3744 1696 3814 εἷς,
1723 3747 1856 3818 ἔφη·

285 3846 409 3896 σαν,
442 3829 581 3901 ὑπὲρ
610 3831 719 3884 τῶν
751 3832 962 3887 πολλῶν
999 3851 1081 3887 σοι
1109 3835 1296 3907 ψυχῶν
1326 3829 1401 3890 ὧν
1439 3839 1651 3902 ἔσωσας
1691 3857 1858 3893 κατα-

283 3919 630 3985 σκευασθεὶς,
665 3922 964 3993 κοσμηθεὶς
991 3923 1047 3975 δὲ
1077 3925 1193 3977 νυνί
1215 3925 1375 3977 πλέον
1406 3927 1546 3995 ὑπὲρ
1567 3927 1666 3994 τῆς
1686 3927 1858 3995 ἀσκή-

284 4028 423 4076 σεως
447 4007 514 4084 ἧς
545 4012 804 4085 μετέρχῃ,
833 4016 990 4086 εἰπερ
1018 4015 1279 4084 ἀνδρείως
1309 4015 1512 4086 ταύτην
1543 4016 1646 4078 ἕως
1670 4017 1859 4078 τέλους

281 4103 519 4175 διέλθῃς*
541 4105 640 4158 ὀδὲ
660 4106 846 4176 ἔτερος
869 4106 960 4167 σὸς
989 4105 1086 4174 μὲν
1110 4105 1202 4157 καὶ
1225 4105 1410 4168 αὐτός·
1436 4106 1572 4159 ἀλλὰ
1595 4105 1670 4176 τῷ
1693 4107 1860 4176 πατρί

287 4212 382 4249 σου
416 4195 500 4249 δεῖ
547 4212 606 4248 σε
647 4196 837 4250 τοῦτον
874 4199 1202 4269 παρασχεῖν,
1234 4196 1311 4268 τῷ
1358 4197 1445 4251 διὰ
1482 4197 1575 4252 σοῦ
1611 4200 1708 4269 τῆς
1741 4199 1860 4253 ὀδοῦ

283 4287 599 4341 ἑκκλίναντι
640 4288 739 4358 τῆς
788 4289 1034 4360 πονηρᾶς
1073 4289 1167 4341 καὶ
1203 4290 1598 4358 μετανοήσαντι
1623 4292 1862 4361 γνησίως

283 4378 363 4449 τῷ
390 4379 605 4449 Κυρίῳ.
649 4379 708 4431 Ὀ
727 4379 788 4432 δέ
826 4379 1062 4447 Ίωάσαφ
1083 4379 1484 4450 δυσχεραίνοντι
1515 4380 1674 4452 ἐῴκει
1697 4398 1710 4412 ο
1730 4382 1824 4434 καὶ
1844 4421 1859 4447 ,

287 4470 410 4533 Πῶς
433 4470 679 4534 δυνατὸν,
711 4472 894 4542 φησὶν,
933 4471 1060 4524 ἴσων
1095 4471 1250 4540 ἐμοῦ,
1279 4471 1371 4524 τοῦ
1400 4473 1642 4526 τοσαῦτα
1666 4475 1862 4527 κοπιά-

287 4574 486 4620 (uno;
507 4596 524 4622 ,
549 4562 730 4628 τυχεῖν
762 4558 854 4612 τὸν
885 4559 1095 4629 πατέρα
1141 4577 1242 4630 μου
1277 4560 1496 4632 δωρεῶν
1523 4563 1661 4634 ὑπὲρ
1694 4564 1861 4635 μόνης
1896 4604 1940 4660 D

285 4649 384 4719 τῆς
423 4651 744 4720 μετανοίας;
775 4645 910 4703 Εἷπε
950 4650 1142 4716 ταῦτα,
1175 4653 1268 4705 καὶ
1296 4653 1385 4705 τὸν
1416 4653 1677 4726 Βαρλαὰμ
1703 4656 1864 4721 εὐθὺς

285 4739 467 4794 ἐδόκει
498 4741 720 4808 βλέπειν
749 4741 1076 4806 ὀνειδίζοντα
1101 4745 1294 4810 οἱονεὶ,
1336 4747 1429 4799 καὶ
1459 4747 1687 4816 λέγοντα
1709 4765 1724 4781 '
1758 4744 1863 4804 Οὖ-

286 4845 368 4881 τοι
399 4830 452 4882 οἰ
476 4829 624 4900 λόγοι
653 4849 775 4902 μου,
813 4834 1066 4902 Ἰωὰσαφ,
1093 4833 1188 4898 οῦς
1215 4837 1345 4890 ποτέ
1374 4853 1476 4900 σοι,
1511 4838 1678 4892 Ὅταν
1701 4839 1868 4912 ὑπερ-

290 4920 632 4994 πλουτήσῃς,
676 4923 860 4992 ἔλεγον
890 4925 1000 4996 (25)
1023 4968 1036 4991 ,
1073 4927 1174 4980 οὐκ
1215 4928 1567 4998 εὖμετάδοτος
1611 4929 1739 5001 ἔσῃ·
1775 4931 1868 4984 καὶ

289 5014 452 5080 αὐτὸς
492 5017 718 5088 ἠπόρεις
747 5019 842 5071 ἐπὶ
870 5018 947 5089 τῷ
981 5019 1204 5090 ῥήματι.
1232 5020 1368 5074 Νυνὶ
1405 5021 1462 5074 δὲ
1493 5022 1609 5086 πῶς
1648 5023 1868 5094 ἐδυσχέ-

292 5121 460 5173 ρανας
493 5108 585 5160 ἐπὶ
616 5111 682 5179 τῇ
716 5109 957 5181 ἰσοτιμίᾳ
988 5109 1081 5162 τοῦ
1114 5111 1320 5182 πατρὸς
1350 5129 1464 5181 σου,
1505 5113 1596 5168 καὶ
1622 5114 1684 5168 οὐ
1731 5114 1867 5186 μᾶλρ

366 5262 476 5332 (15)
512 5263 658 5318 Psal.
693 5279 838 5325 xxw,
863 5266 913 5317 7.

1969 3469 2152 3524 tudine
2177 3470 2521 3535 collucentes,
2555 3485 2672 3538 quae
2693 3471 2835 3525 nulla
2867 3472 3107 3525 oratione
3143 3468 3369 3537 exprimi
3401 3481 3527 3535 pos-

1966 3563 2052 3628 sit,
2085 3572 2139 3617 et
2159 3563 2346 3633 quales
2363 3577 2625 3632 nunquam
2668 3563 2920 3618 mortales
2951 3561 3088 3616 oculi
3113 3567 3525 3628 conspexerunt,

1967 3652 2210 3707 manibus
2259 3661 2516 3707 tenentes.
2551 3653 2905 3708 Percontante
2935 3661 3112 3708 autem
3161 3652 3420 3721 Josaphat
3439 3665 3532 3704 cu-

1965 3742 2174 3812 jusnam
2205 3752 2388 3798 essent
2409 3743 2854 3811 splendidissima:
2885 3743 2990 3796 illae
3016 3756 3226 3797 coronae
3246 3756 3378 3810 quas
3409 3755 3534 3808 per-

1967 3835 2199 3900 spiceret
2239 3850 2254 3886 :
2298 3833 2407 3886 Tua
2437 3833 2652 3900 quidem
2705 3849 2806 3886 una
2837 3842 2920 3886 est
2959 3830 3374 3900 (responderunt
3428 3833 3530 3899 illi)

1970 3927 2060 3980 tibi
2089 3925 2157 3979 ob
2197 3923 2388 3976 multas
2431 3936 2522 3976 eas
2569 3924 2776 3977 animas
2825 3923 3012 3991 quibus
3043 3924 3268 3978 salutem
3311 3927 3531 3982 attulisti

1969 4014 2244 4076 confecta;
2302 4025 2440 4065 nunc
2487 4025 2613 4065 vero
2656 4011 2725 4065 ob
2751 4012 3012 4080 religiosa:
3049 4013 3170 4067 vita:
3193 4015 3532 4069 exercitatio-

1968 4121 2113 4174 nem,
2145 4105 2231 4160 cui
2259 4104 2354 4159 das
2374 4117 2608 4172 operam,
2664 4103 2952 4161 studiosius
2998 4115 3051 4161 et
3095 4108 3391 4162 accuratius
3440 4109 3533 4164 ad-

1969 4206 2180 4261 ornata,
2204 4195 2246 4248 si
2277 4194 2488 4264 quidem
2521 4203 2738 4250 strenuo
2785 4197 2963 4251 animo
2992 4212 3108 4253 eam
3139 4204 3203 4252 ad
3232 4208 3533 4255 extremum

1968 4307 2135 4362 usque
2160 4291 2474 4362 peragraris.
2506 4288 2686 4344 Altera
2713 4297 2890 4345 autem
2921 4299 3010 4345 tua
3041 4307 3253 4362 quoque
3282 4293 3393 4362 ipsa
3420 4303 3530 4356 est;

1967 4399 2147 4440 verum
2163 4383 2297 4453 patri
2323 4391 2430 4447 tuo,
2463 4382 2552 4451 qui
2576 4381 2642 4436 ab
2667 4381 2910 4450 improba
2941 4384 3154 4439 vivendi
3181 4385 3389 4439 ratione
3417 4400 3539 4455 ope«

1969 4490 2026 4532 ra
2051 4485 2135 4528 tua
2166 4473 2381 4528 deﬂexit
2401 4513 2416 4537 ,
2472 4472 2786 4542 sinceroque
2815 4477 2994 4529 animo
3026 4478 3265 4544 resipuit,
3325 4492 3389 4531 ac
3417 4493 3538 4533 sese

1969 4566 2033 4620 ad
2064 4565 2347 4621 Dominum
2378 4566 2660 4630 convertit,
2695 4579 2811 4619 eam
2845 4568 3084 4633 praebeas
3114 4577 3349 4634 oportet;
3382 4570 3535 4624 Josa-

1974 4656 2098 4725 pbat
2125 4663 2302 4709 autem
2338 4670 2454 4709 eam
2484 4668 2599 4708 rem
2650 4655 2870 4710 moleste
2923 4657 3063 4710 ferre
3121 4659 3413 4713 videbatur.
3468 4658 3535 4713 Et

1970 4747 2056 4815 qui
2081 4747 2190 4801 ﬁeri
2223 4755 2394 4814 potest
2422 4745 2738 4815 (inquiebat)
2783 4754 2838 4800 ut
2866 4755 3015 4814 pater
3039 4762 3191 4804 meus
3217 4751 3373 4804 unius
3401 4750 3536 4804 duu—

1969 4847 2115 4894 taxat
2143 4839 2469 4906 poenitentiae
2494 4839 2684 4908 gratia,
2710 4841 2852 4907 paria
2883 4841 3037 4912 mihi,
3062 4843 3151 4912 qui
3175 4851 3250 4898 tot
3270 4857 3332 4897 ac
3359 4851 3538 4897 tantos

1969 4931 2176 4986 labores
2221 4931 2526 4997 exantlavi,
2570 4929 2829 4986 beneficia
2880 4937 3268 5004 consequatur?
3325 4935 3534 4989 Haacut

1972 5022 2136 5089 dixit,
2170 5022 2502 5076 Bariaamum
2552 5022 2834 5078 confestim
2866 5025 2969 5080 sibi
3011 5027 3192 5080 videre
3244 5027 3382 5080 visus
3432 5036 3534 5089 est,

1971 5117 2114 5170 velut
2142 5114 2350 5184 probris
2384 5128 2441 5169 se
2463 5115 2830 5180 insectantem,
2873 5129 2932 5169 ac
2962 5115 3224 5171 dicentem
3254 5133 3267 5170 :
3299 5115 3361 5170 Hi
3393 5125 3535 5174 sunt.

674 5336 708 5416 ἓ
740 5350 755 5388 :
795 5334 886 5385 Σοὶ
925 5328 1077 5389 εἶπεν
1106 5336 1136 5407 ἡ
1171 5337 1368 5408 καρδία
1401 5356 1501 5411 μου
1527 5357 1540 5372 ·
1592 5341 1923 5414 Ἐξεζήτησα
1947 5344 2007 5397 τὸ
2042 5344 2329 5416 πρόσωπόν
2358 5361 2469 5399 σου.

366 5404 478 5472 (l7)
512 5402 642 5459 Ibid.
673 5404 773 5458 9...

365 5472 480 5542 (18)
519 5477 584 5538 Α.

365 5542 481 5610 (I9)
520 5542 652 5598 Ibid.
686 5546 812 5600 tt...

370 5613 480 5679 ('20)
511 5613 652 5668 Psal.
679 5631 790 5679 xu,
824 5616 908 5679 10,
947 5618 1022 5672 11.

366 5683 479 5750 (2i)
517 5685 658 5740 Psal.
701 5701 859 5749 cuti,
889 5689 938 5740 8.

369 5753 480 5820 (2‘2)
505 5755 659 5810 Conf.
695 5774 810 5822 pag.
854 5760 972 5810 280.

371 5823 481 5890 ('25)
504 5827 657 5882 Curti.
695 5843 812 5896 pug.
849 5829 962 5881 158.

620 5492 745 5560 pou:
776 5475 1001 5530 Praestat
1037 5479 1400 5560 accusativus.
1435 5479 1576 5539 Psal.
1608 5483 1738 5540 ibid.
1775 5485 1840 5539 10

1968 5486 1990 5537 )
2025 5486 2079 5538 δὲ
2114 5485 2319 5555 Κύριος
2351 5483 2718 5555 προσελάϐετό
2761 5502 2848 5557 με.
