3882 6356
313 338 331 399 1
343 335 446 398 237

1410 344 1585 404 VITA
1622 342 1979 403 BARLAAM
2008 338 2103 401 ET
2142 339 2493 401 JOASAPH.

3432 346 3568 411 1238

306 448 510 518 θυμίαν
558 448 624 500 ὲκ
664 447 934 519 νεωτέρας
972 449 1134 521 μέχρι
1182 451 1283 520 τῆς
1330 451 1597 521 τοσαύτης
1640 446 1880 522 ⁴ἡλικίας.

2003 449 2324 503 ωωιιιονὶι.
2372 448 2517 516 Quin
2553 449 2739 523 potius
2768 451 2838 508 ab
2868 452 3028 509 initio
3058 453 3124 508 ad
3161 453 3324 510 tinem
3366 471 3566 527 usque,

309 538 510 609 μᾶλλον
540 537 599 593 δὲ
629 538 723 595 καὶ
758 540 838 604 είς
872 538 1210 613 ὑψηλοτέραν
1248 542 1522 615 ὁσημέραι
1557 539 1881 613 προκόπτων

304 628 403 701 τὴν
426 627 630 700 ἀρετήν
663 631 759 683 καὶ
785 629 1177 705 καθαρωτέρας
1206 634 1525 708 ἀξιούμενος
1554 633 1807 707 θεωρίας.

1992 547 2157 613 atque
2176 541 2245 597 ab
2266 540 2492 597 ineunte
2510 549 2671 603 aetate
2694 559 2868 614 usque
2889 543 2958 599 ad
2980 552 3089 599 tam
3106 553 3425 615 provectam
3445 556 3573 603 aeta-

1993 639 2107 688 tem
2145 633 2396 690 eamdem
2437 635 2609 690 animi
2655 636 2996 697 alacritatem
3040 637 3304 704 retinuit;
3340 637 3476 703 imo,
3508 652 3579 700 ut

311 730 524 786 rectius
559 731 779 801 loquar,
809 728 879 783 ad
915 726 1302 784 sublimiorem
1327 727 1579 798 quotidie
1600 726 1862 782 virtutem
1894 725 2178 795 processit,
2210 741 2274 781 ac
2295 727 2578 796 puriorem
2614 727 2804 784 divino
2832 728 3105 786 beneﬁcio
3135 728 3566 800 contemplatio-

310 837 438 880 nem
464 833 799 880 consecutus
826 831 932 880 est.

394 907 610 979 Ἀμέλει
653 905 910 977 τοιαύτην
958 908 1416 981 πολιτευσάμενος
1473 910 1751 966 πολιτείαν
1798 906 1891 960 καὶ

313 1001 484 1064 οὔτως
509 999 668 1066 ἀξίαν
696 1000 797 1069 τῆς
828 1000 1025 1055 ἑαυτοῦ
1055 1001 1303 1072 κλήσεως
1332 1002 1595 1073 ἐργασίαν
1624 1003 1893 1059 ἀποδεδω-

315 1091 424 1155 κὼς
442 1090 521 1161 τῷ
536 1089 844 1158 καλέσαντι,
860 1090 1183 1163 σταυρώσας
1205 1092 1367 1165 363
1386 1093 1475 1148 τὸν
1491 1093 1694 1165 κόσμον
1718 1094 1894 1167 ἐαυτῷ

314 1185 410 1238 καὶ
436 1184 629 1238 ἑαυτὸν
666 1182 744 1254 τῷ
774 1184 966 1256 κόσμῳ
1005 1184 1142 1257 (28),
1178 1185 1236 1237 ὲν
1265 1186 1458 1259 εἰρήνῃ
1498 1185 1634 1258 πρὸς
1662 1187 1754 1241 τὸν
1794 1190 1895 1259 τῆς

315 1278 537 1347 εἰρήνης
568 1275 792 1329 ἀναλύει
826 1276 959 1330 Θεὸν
979 1316 994 1341 ,
1029 1278 1124 1331 καὶ
1154 1276 1291 1348 πρὸς
1326 1277 1419 1332 τὸν
1444 1279 1532 1331 ἀεὶ
1563 1279 1896 1351 ποθούμενον

316 1368 542 1440 έκδημεί
565 1367 841 1436 Δεσπότην
861 1408 876 1432 ,
907 1368 999 1421 καὶ
1031 1367 1109 1439 τῷ
1136 1368 1414 1441 προσώπῳ
1440 1370 1648 1442 Κυρίου
1672 1372 1898 1443 ἀμέσως

318 1459 410 1511 καὶ
437 1456 695 1527 καθαρῶς
739 1457 1119 1527 ἐμφανίζεται,
1150 1458 1229 1529 τῷ
1262 1460 1361 1531 τῆς
1390 1460 1602 1516 ἐκεῖθέν
1630 1478 1691 1515 τε
1737 1459 1899 1532 δόξης

317 1548 415 1620 ήδη
447 1550 981 1621 προηυτρεπισμένῳ
1006 1550 1155 1621 αὑτῷ
1180 1552 1429 1624 στεφάνῳ
1462 1555 1773 1623 κοσμεῖται,
1803 1554 1897 1606 καὶ

316 1641 551 1711 Χριστὸν
577 1640 796 1711 βλέπειν
821 1643 1196 1709 καταξιοῦται,
1229 1644 1449 1714 Χριστῷ
1474 1647 1730 1709 συνεῖναι,
1761 1644 1895 1717 Χριέ

2049 916 2296 987 Denique
2324 932 2447 973 cum
2471 919 2542 973 ad
2578 918 2726 975 hunc
2757 920 2980 976 modum
3008 921 3262 991 vixisset,
3295 930 3352 977 et
3398 938 3571 995 usque

1980 1008 2118 1065 adeo
2146 1010 2369 1082 dignam
2391 1013 2680 1069 vocatione
2698 1030 2798 1070 sua
2819 1030 3046 1084 operam
3070 1015 3121 1069 ei
3143 1031 3174 1070 a
3194 1032 3308 1087 quo
3336 1024 3571 1072 vocatus

1983 1100 2162 1158 fuerat
2194 1103 2545 1170 reddidisset,
2570 1106 2951 1178 mundumque
2973 1108 3082 1163 sibi
3106 1107 3211 1178 ipsi
3241 1123 3305 1163 ac
3326 1109 3571 1178 seipsum

1983 1191 2191 1247 mundo
2214 1193 2600 1260 cruciﬁxisset,
2632 1196 2699 1249 ad
2722 1196 2894 1251 Deum
2925 1197 3080 1267 pacis
3103 1198 3157 1251 in
3185 1211 3321 1267 pace
3346 1199 3569 1269 migrat,

1984 1291 2148 1354 atque
2177 1284 2246 1340 ad
2274 1285 2585 1352 Dominum,
2620 1289 2783 1358 cujus
2818 1298 3085 1359 perpetua
3119 1289 3398 1359 cupiditas
3442 1304 3571 1345 eum

1987 1382 2260 1443 tenuerat,
2298 1377 2691 1449 proficiscitur,
2742 1381 3033 1450 vultuiqne
3076 1380 3296 1435 Domini
3329 1397 3466 1452 pure
3508 1397 3573 1437 ac

1988 1469 2107 1525 sine
2136 1471 2305 1525 ullius
2345 1472 2426 1526 rei
2470 1472 2797 1543 interpositu
2830 1482 3079 1544 apparet,
3107 1490 3281 1544 eaque
3311 1475 3425 1546 jam
3461 1475 3569 1543 ipsi

1988 1572 2288 1632 prmparata
2313 1563 2498 1634 gloria:
2518 1580 2718 1621 corona
2745 1575 3068 1632 exornatur,
3102 1566 3272 1636 idque
3305 1566 3573 1622 divinitus

1988 1652 2368 1722 consequitur,
2404 1664 2465 1709 ut
2491 1655 2774 1711 Christum
2814 1667 3026 1723 cernat,
3067 1672 3191 1712 cum
3224 1655 3448 1712 Christo
3476 1656 3571 1721 sit,

317 1731 443 1786 στοῦ
476 1732 555 1803 τῷ
583 1732 771 1786 κάλλει
815 1733 900 1786 διά
937 1734 1135 1797 παντὸς
1167 1733 1576 1803 ὲναγάλλεσθαι,
1608 1730 1778 1806 οὗπερ
1816 1737 1894 1799 εἰς

2003 1743 2194 1800 Christi
2240 1746 2656 1814 pulchritudine
2700 1757 2972 1819 perpetuo
3012 1748 3268 1812 exsultet,
3315 1748 3371 1802 in
3411 1749 3570 1819 cujus

317 1824 505 1891 χεῖρας
558 1821 657 1890 τὴν
708 1821 901 1874 ἑαυτοῦ
931 1822 1109 1893 ψυχὴν
1142 1822 1524 1893 παραθέμενος
1563 1823 1677 1893 (29)
1697 1862 1711 1886 ,
1741 1824 1799 1877 ὲν
1830 1825 1899 1895 τῇ

315 1911 421 1964 τῶν
456 1911 673 1976 ζώντων
703 1913 1060 1985 μετεφοίτησε
1096 1911 1250 1986 χώρα
1274 1913 1385 1984 (30)
1408 1953 1423 1979 ,
1456 1914 1584 1970 ἔνθα
1616 1911 1750 1986 ἦχος
1781 1916 1902 1987 ἐορ-

315 2001 586 2067 ταζόντων
622 2003 770 2074 (51),
815 2003 943 2058 ἔνθα
989 2003 1099 2057 τῶν
1152 2003 1596 2077 εὐφραινομένων
1633 2008 1666 2077 ή
1715 2023 1900 2060 κατοι-

317 2094 410 2147 κία
452 2094 587 2165 (se).

387 2208 459 2262 Τὸ
490 2208 543 2261 δέ
574 2224 638 2277 γε
664 2208 847 2281 τίμιον
873 2209 1040 2266 αύτοῦ
1066 2210 1228 2283 σῶμα
1260 2214 1326 2267 ἑκ
1347 2214 1601 2282 γειτόνων
1622 2215 1772 2286 αύτῷ
1798 2216 1898 2280 τὰς

316 2298 561 2369 οἰκήσεις
593 2300 917 2371 ποιούμενός
942 2319 1029 2365 τις
1057 2302 1199 2376 ἀνὴρ
1234 2304 1409 2373 ἅγιος,
1431 2305 1491 2369 ὃς
1514 2306 1613 2359 καὶ
1636 2307 1740 2378 τήν
1768 2308 1904 2379 πρὸς

320 2388 589 2461 Βαρλαάμ
636 2391 865 2463 πορείαν
908 2392 1106 2465 ἐκείνῳ
1144 2393 1275 2447 ποτὲ
1308 2394 1559 2461 ὑπέδειξε
1596 2395 1729 2467 (55),
1783 2397 1905 2468 θείᾳ

319 2482 427 2534 τινὶ
463 2481 692 2552 μυηθεὶς
732 2484 1074 2556 ἀποκαλύψει
1109 2488 1231 2540 κατ’
1265 2486 1436 2558 αὑτήν
1466 2488 1566 2560 τὴν
1611 2488 1761 2559 ὥραν
1806 2489 1906 2559 τῆς

321 2570 656 2634 τελειώσεως
708 2573 872 2626 αὐτοῦ
926 2577 1324 2646 παραγίνεται,
1365 2579 1459 2631 καὶ
1495 2578 1684 2649 ὕμνοις
1741 2580 1906 2651 ἱεροῖς

322 2663 576 2733 τιμήσας,
603 2663 814 2736 δάκρυά
839 2683 900 2717 τε
931 2667 1325 2735 κατασπείσας,
1355 2668 1625 2740 σύμϐολον
1643 2669 1739 2725 τοῦ
1768 2672 1906 2743 πρὸς

323 2753 488 2807 αὐτὸν
515 2756 685 2810 πόθου
705 2797 722 2822 ,
761 2758 932 2812 τᾶλλα
958 2758 1025 2829 δὴ
1053 2759 1124 2814 τὰ
1157 2762 1523 2833 νενομισμένα
1559 2764 1907 2834 Χριστιανοῖς

322 2845 502 2901 πάντα
535 2848 781 2915 τελέσας,
826 2851 886 2903 ὲν
928 2850 1008 2922 τῷ
1057 2853 1151 2907 τοῦ
1197 2853 1410 2926 Πατρὸς
1448 2855 1619 2910 ἔθετο
1644 2858 1909 2929 Βαρλαάμ

327 2940 590 3011 μνήματι.
622 2942 869 2995 Συνεῖναι
908 2943 1018 3015 γὰρ
1045 2944 1153 2998 ἔδει
1186 2945 1256 2999 τά
1289 2945 1520 3018 σώματα
1545 2943 1621 3004 ὧν
1649 2951 1708 3004 αί
1735 2949 1908 3021 ψυχαὶ

324 3030 747 3098 συνδιαιωνίζειν
777 3033 1002 3105 ἔμελλον
1025 3035 1299 3108 ἀλλήλαις.

403 3290 793 3360 Προστάγματι
848 3288 909 3342 δέ
958 3307 1104 3354 τινος
1163 3290 1545 3364 φοϐερωτάτου
1604 3295 1725 3346 κατ’
1777 3292 1913 3364 ὄναρ

331 3382 498 3454 364
533 3382 815 3453 κραταιῶς
862 3384 1296 3455 ἐπισκήπτοντος
1334 3384 1615 3450 πεισθεὶς,
1653 3387 1681 3439 ὁ
1724 3384 1914 3441 τοῦτον

334 3472 602 3541 κηδεύσας
655 3474 1014 3546 ἀναχωρητής
1064 3475 1134 3529 τὰ
1192 3474 1439 3546 βασίλεια
1498 3477 1913 3547 καταλαμϐάνει

347 3564 554 3629 Ἰνδῶν,
585 3566 681 3619 καὶ
713 3565 791 3637 τῷ
836 3566 1047 3636 βασιλεῖ
1094 3565 1340 3638 Βαραχίᾳ
1386 3569 1701 3639 προσελθὼν
1738 3570 1916 3624 πάντα

333 3656 485 3728 αύτῷ
511 3658 649 3728 δῆλα
678 3658 745 3712 τὰ
776 3659 907 3730 περὶ
937 3658 1030 3712 τοῦ
1062 3659 1329 3731 Βαρλαάμ
1370 3661 1460 3714 καὶ
1492 3659 1587 3714 τοῦ
1637 3662 1914 3733 μακαρίου

333 3747 526 3802 τούτου
568 3749 786 3821 τίθησιν
838 3751 1095 3820 Ἰωάσαφ.
1159 3752 1218 3805 Ὀ
1266 3750 1347 3818 δὲ,
1405 3752 1571 3823 μηδὲν
1618 3753 1913 3825 μελλήσας,

335 3842 639 3913 ἀπέρχεται
664 3842 825 3906 αὐτὸς
857 3843 995 3912 μετά
1018 3841 1301 3912 δυνάμεως
1323 3842 1503 3914 ὄχλου,
1538 3843 1634 3897 καὶ
1668 3844 1746 3915 τῷ
1774 3861 1917 3914 σπη-

335 3935 475 4006 λαίῳ
512 3933 831 4003 ἐφίσταται,
869 3934 929 3988 τὸ
964 3935 1155 4006 μνῆμά
1202 3952 1263 3987 τε
1311 3934 1539 4005 θεωρεῖ,
1576 3936 1693 3999 καὶ,
1742 3936 1917 4005 τούτῳ

337 4024 650 4096 θερμότατα
679 4024 1074 4095 ἐπιδακρύσας,
1103 4024 1247 4096 αἴρει
1272 4024 1333 4077 τὸ
1362 4025 1649 4095 κάλυμμα.
1678 4024 1788 4079 Καὶ
1816 4026 1919 4096 ὁρᾷ

336 4117 432 4171 τόν
464 4134 525 4170 τε
563 4116 831 4188 Βαρλαὰμ
865 4117 960 4170 καὶ
1003 4116 1096 4170 τὸν
1138 4116 1375 4185 ’Ῑωάσαφ
1407 4115 1633 4187 ἔχοντας
1675 4117 1743 4171 τά
1781 4117 1916 4188 μέλη

339 4211 485 4269 κατὰ
519 4212 705 4283 σχῆμα
727 4210 979 4281 κείμενα,
1009 4212 1103 4266 καὶ
1134 4211 1202 4265 τά
1228 4211 1458 4282 σώματα
1484 4211 1638 4266 οὐδὲν
1660 4211 1753 4266 τοῦ
1781 4229 1918 4284 προ-

339 4305 503 4375 τέρου
533 4303 741 4375 χρωτὸς
766 4304 1229 4377 παραλλάττοντα,
1255 4304 1529 4376 ὁλόκληρα
1554 4304 1610 4358 δὲ
1639 4304 1735 4359 καὶ
1757 4306 1920 4376 ἀκρι-

1992 1851 2189 1892 manus
2219 1838 2601 1893 commendata
2651 1839 2854 1902 anima,
2892 1839 2960 1892 ad
2990 1838 3246 1891 vivorum
3291 1837 3579 1907 regionem

1993 1931 2234 1996 transiit,
2286 1930 2381 1984 ubi
2406 1929 2754 1999 epulantium
2788 1944 2983 1985 sonus.
3017 1928 3111 1983 ubi
3142 1928 3449 1982 laetantium
3476 1927 3574 1981 ha-

1993 2020 2188 2075 bitatio
2221 2029 2307 2076 est
2335 2020 2507 2091 (Psal.
2554 2019 2688 2090 xu).

2063 2202 2396 2259 Praeclarum
2424 2208 2610 2255 autem
2646 2200 2820 2272 ipsius
2849 2214 3056 2271 corpus
3083 2200 3168 2255 vir
3192 2181 3419 2270 quidam
3444 2214 3574 2255 san-

1995 2303 2117 2350 ctus
2159 2294 2276 2364 (qui
2315 2309 2424 2348 non
2462 2294 2622 2364 longe
2659 2292 2727 2348 ab
2768 2307 2836 2348 eo
2865 2291 3197 2363 habitabat),
3225 2291 3435 2361 quique
3474 2292 3579 2346 iter

1995 2387 2099 2458 ipsi
2144 2386 2213 2441 ad
2259 2386 2601 2440 Barlaamum
2640 2385 2795 2456 prius
2849 2392 3334 2449 commonstrarat,
3388 2382 3579 2438 divino

1995 2477 2234 2546 quodam
2265 2476 2573 2542 admonitu,
2598 2491 2662 2531 ea
2691 2475 2809 2546 ipsa
2834 2475 2993 2537 hora,
3015 2490 3122 2544 qua
3147 2483 3325 2530 morte
3356 2473 3583 2530 functus

2003 2579 2109 2637 est,
2142 2586 2388 2641 praesens
2419 2580 2623 2634 astans,
2656 2569 3022 2624 sacrosanctis
3059 2568 3317 2623 cantibus
3341 2569 3575 2635 ornavit,

1996 2660 2347 2733 profusisquc
2367 2661 2645 2731 lacrymis,
2663 2676 2787 2731 quae
2806 2661 2983 2731 ipsius
2998 2676 3127 2731 erga
3143 2661 3408 2731 Josaphat
3428 2676 3581 2716 amo-

1998 2754 2075 2809 ris
2100 2754 2312 2811 indices
2333 2762 2540 2816 essent,
2562 2753 2797 2823 aliisque
2817 2753 3079 2809 omnibus
3100 2752 3269 2808 rebus
3291 2768 3415 2822 quae
3433 2752 3580 2823 apud

1995 2844 2340 2901 Christianos
2359 2846 2416 2900 in
2436 2861 2588 2901 more
2619 2854 2783 2914 atque
2806 2846 3066 2900 instituto
3094 2845 3273 2915 posita
3295 2853 3425 2900 sunt
3449 2858 3582 2900 con-

1996 2937 2155 2993 fectis
2170 2946 2334 3008 atque
2349 2937 2636 3003 absolutis,
2655 2937 2712 2991 in
2729 2938 2903 3007 patris
2923 2937 3195 2992 Barlaami
3215 2944 3579 2992 monumento

1996 3026 2266 3083 condidit.
2298 3027 2404 3082 Par
2448 3026 2722 3097 siquidem
2760 3034 2883 3081 erat
2930 3034 2992 3083 ut
3028 3042 3262 3097 quorum
3296 3026 3496 3082 anima:
3525 3026 3583 3080 in

1999 3124 2329 3188 perpetuum
2356 3118 2523 3173 simul
2561 3116 2763 3174 futurae
2792 3126 2988 3175 erant.
3033 3131 3227 3172 eorum
3255 3116 3427 3171 etiam
3459 3130 3585 3172 cor—

1998 3226 2131 3280 pora
2171 3211 2658 3282 coniungerentur.

2067 3299 2364 3373 Cujusdam
2384 3309 2569 3357 autem
2589 3300 2925 3357 formidandi
2943 3299 3072 3366 viri,
3096 3298 3192 3369 qui
3219 3298 3274 3353 id
3296 3297 3353 3353 in
3376 3296 3587 3352 somnis

2008 3393 2155 3449 serio
2190 3392 2520 3463 imperabat,
2560 3392 2866 3448 monachus
2913 3392 3005 3447 ille
3034 3391 3131 3460 qui
3176 3392 3357 3463 ipsum
3393 3387 3587 3444 funere

2008 3483 2282 3540 extulerat
2325 3480 2586 3539 mandato
2633 3481 3047 3551 obtemperans,
3080 3480 3135 3535 in
3164 3478 3335 3535 India:
3359 3493 3587 3551 regnum

2010 3593 2069 3632 se
2111 3575 2349 3638 confert,
2392 3590 2695 3647 regemque
2730 3575 3057 3649 Barachiam
3104 3572 3465 3637 conveniens,
3520 3569 3589 3626 de

2007 3666 2269 3722 omnibus
2286 3666 2573 3735 Josaphati
2599 3665 2768 3721 rebus
2796 3665 3092 3720 certiorem
3119 3664 3296 3735 ipsum
3317 3662 3468 3717 facit.
3494 3660 3590 3715 llle

2009 3768 2194 3814 autem
2238 3758 2391 3825 nulla
2423 3757 2749 3827 interposita
2789 3772 2947 3812 mora
2989 3770 3114 3812 cum
3150 3754 3358 3825 ingenti
3401 3752 3590 3823 populi

2011 3849 2367 3904 multitudine
2398 3849 2507 3903 iter
2532 3848 2657 3912 init,
2692 3856 2858 3916 atque
2887 3847 2957 3901 ad
2990 3847 3313 3916 speluncam
3362 3843 3588 3898 tandem

2010 3941 2287 4011 pervenit,
2320 3955 2385 3994 ac
2409 3939 2726 4009 sepulcrum
2767 3939 3037 4001 intuetur,
3077 3936 3299 4005 illicque
3330 3934 3591 3989 calentis~

2012 4033 2167 4089 simis
2186 4032 2443 4104 lacrymis
2473 4030 2611 4085 fusis
2644 4031 3088 4101 integumentum
3118 4028 3279 4091 tollit,
3303 4026 3593 4096 cernitque

2012 4124 2359 4180 Barlaamum
2388 4131 2446 4178 et
2472 4123 2737 4192 Josaphat
2771 4121 3021 4176 membra
3048 4119 3358 4190 composito
3396 4117 3592 4173 habitu

2013 4218 2118 4272 sita
2154 4216 2447 4282 habentes,
2495 4228 2836 4284 corporaque
2876 4212 3017 4267 nihil
3066 4227 3097 4266 a
3136 4210 3374 4282 pristino
3408 4208 3594 4263 colore

2015 4308 2325 4374 immutata,
2352 4321 2547 4362 verum
2569 4306 2778 4377 integra
2799 4312 2856 4360 et
2883 4318 3115 4375 prorsus
3140 4301 3461 4364 incolumia,
3486 4316 3595 4355 una

260 4458 271 4465 ί
343 4396 452 4459 ϐὡς
482 4395 613 4467 ὑγιῆ
652 4396 750 4449 σὺν
777 4399 890 4460 τοῖς
919 4395 1200 4465 ἐνδύμασι.
1252 4395 1439 4451 Ταῦτα
1472 4396 1651 4450 τοίνυν
1692 4396 1761 4450 τὰ
1801 4397 1903 4470 ίερέ

2016 4415 2143 4455 cum
2167 4398 2527 4455 indumentis.
2552 4396 2680 4454 Haec
2703 4397 2869 4469 igitur
2890 4404 3365 4451 sacrosanctarum
3392 4393 3597 4448 anima-

340 4487 453 4541 τῶν
490 4488 659 4557 ἁγίων
706 4488 892 4559 ψυχῶν
927 4487 1259 4560 σκηνώματα
1280 4529 1294 4553 ,
1336 4488 1536 4561 πολλὴν
1568 4489 1923 4561 ἐκπέμποντα

343 4578 444 4649 τὴν
476 4579 705 4634 εὐωδίαν
743 4581 840 4634 καὶ
878 4580 1031 4635 οὐδὲν
1071 4581 1208 4647 ὅλως
1250 4581 1414 4653 ἀηδὲς
1454 4581 1877 4653 ἐπιδεικνύμενα
1901 4625 1915 4649 ,

346 4671 545 4742 θήκαις
590 4674 764 4737 ἐνθεὶς
801 4676 829 4728 ὁ
877 4674 1130 4745 βασιλεὺς
1175 4676 1401 4746 τιμίαις,
1452 4675 1535 4740 είς
1580 4674 1677 4745 τὴν
1731 4675 1922 4733 ζεαυτοῦ

348 4766 583 4838 πατρίδα
624 4768 1004 4839 μετακομίζει.

419 5030 532 5102 (28)
561 5028 717 5102 Conf.
750 5045 869 5102 pag.
903 5032 989 5095 10,
1020 5049 1071 5085 ιι.
1102 5033 1189 5089 51.

2019 4510 2141 4549 rum
2173 4492 2549 4554 tabernacula,
2588 4490 2979 4546 suavissimum
3014 4488 3242 4544 odorem
3264 4485 3595 4545 emittentia,

2017 4600 2119 4639 nec
2151 4582 2281 4639 t‘mdi
2324 4582 2625 4653 quidquam
2672 4580 3023 4641 exhibentia,
3077 4577 3359 4649 praeclaris
3400 4575 3598 4632 loculis

2019 4676 2297 4742 imposita,
2337 4691 2433 4730 rex
2477 4675 2530 4727 in
2567 4672 2805 4743 patriam
2830 4686 2985 4726 suam
3032 4670 3314 4731 transfert.

1020 5075 1130 5168 ἰξίςν
1143 5075 1330 5173 fama;
1362 5117 1455 5173 σου
1493 5101 1883 5173 παραθήσομαι

2035 5097 2253 5169 πνεύμά
2284 5115 2404 5173 μου.
2438 5093 2571 5173 llinc
2603 5090 2752 5173 color
2789 5082 3192 5173 epigram’mnatis

365 5144 587 5243 Ἐξιθάξε
2177 5144 2253 5222 Ἥ
2282 5144 2658 5237 Signia?
2678 5144 2789 5229 sip;
2822 5144 3196 5228 ποῗρεκάτθετο
3238 5145 3479 5219 Χριστῷ.
3516 5144 3601 5200 Cf.

351 5257 443 5310 pp.
471 5240 576 5294 524
606 5251 661 5294 et
688 5240 815 5296 555.

424 5285 815 5393 {bili-Diligis
835 5312 1100 5393 glossator
1146 5314 1211 5367 ad
1228 5312 1555 5393 ﬂaminem
1589 5311 1811 5381 scripsit
1843 5327 1903 5365 στ

2003 5327 2045 5374 ς.
2078 5309 2279 5365 Versus
2327 5314 2409 5361 est
2467 5303 2608 5359 enim
2647 5313 2827 5370 purus
2870 5302 3048 5367 putus,
3102 5290 3194 5348 sed
3238 5285 3513 5360 politicus,
3554 5292 3609 5339 et

354 5382 695 5452 idcircopon
733 5384 1005 5439 notabilis.
1030 5382 1116 5439 Cf.
1145 5399 1197 5452 p.
1228 5382 1353 5437 556.

428 5452 543 5541 Si!)
573 5449 718 5541 lis?!-
743 5455 953 5541 ξιςῑτὲξ
989 5454 1086 5541 ζΕν
1106 5440 1266 5541 amvi
1293 5452 1666 5541 ἀγαλλιέετεφς
1695 5448 2260 5541 ξξὶέξτξιεολφὲῥετίφξ
2287 5440 2842 5541 ᾔκοςὶιέορταεδντωνο

573 5519 717 5597 ξξιιι.
747 5535 963 5597 ux_x_\'t,
989 5525 1021 5577 7
1052 5541 1066 5577 :
1102 5516 1196 5597 :0;
1218 5516 1658 5597 εὐφραινομένων
1690 5521 1903 5597 πάντων

2003 5516 2250 5572 κατοικία
2267 5516 2345 5597 ἐγ
2375 5516 2477 5597 σ9ίο
2627 5579 2653 5592 ,,
2786 5572 3112 5597 ,,,,,,,,,,,ι.....
3162 5584 3279 5597 λη...
3310 5568 3331 5597 ι

428 5532 540 5661 ὶῦἳ)
573 5532 717 5575 Psal.
747 5535 963 5587 uxxvr,
989 5532 1021 5577 7
1052 5541 1066 5577 :
1106 5532 1196 5584 Ὠς
1218 5532 1658 5592 εὐφραινομένων
1690 5532 1903 5574 παντων

453 5592 543 5663 55)
571 5589 653 5646 Cf.
687 5605 813 5663 pag.
842 5591 966 5663 5M.
999 5621 1066 5633 —
1091 5593 1355 5648 Cancrum
1405 5592 1649 5661 syntaxis
1686 5591 1838 5663 valde
1871 5598 1903 5643 ιι

2003 5532 2250 5572 κατοικία
2286 5532 2345 5568 εν
2375 5532 2477 5569 σοι.

2003 5598 2081 5642 ata
2134 5600 2238 5641 est.
2267 5584 2343 5663 To
2374 5584 2552 5663 τίμιον
2586 5579 2746 5663 σώμςι
2782 5572 3280 5663 Ῑιιἠεοιιι]υιιι⁴ξιιιη
3309 5566 3607 5663 ἔθετο,-

399 5637 966 5734 ίιῖἶῆίιξῖιιῖειῖἱιῇιῆἶ
984 5637 1385 5734 "lett:
1405 5637 1878 5732 'éé'd’ﬁbssuiﬁn

2003 5637 2336 5725 linem'c'ogi.
2378 5637 2600 5710 Forsan.
2646 5637 2854 5720 θἐίᾳῖιέ
2885 5637 3003 5697 τινι
3034 5639 3246 5713 μυηθ...
3274 5666 3344 5679 —-
3365 5637 3438 5693 De
3464 5652 3610 5709 μυη-

400 5681 590 5718 IUI'lllla
627 5681 953 5716 llllCl’ClUllnl
984 5681 1101 5717 men

356 5681 472 5799 ἕεις
505 5748 665 5805 supra
688 5747 738 5802 p.
768 5730 895 5801 266,
926 5749 977 5787 ιι.
1011 5732 1101 5788 98.
