3882 6356
344 327 366 392 l
379 331 483 393 239

344 533 613 587 merabilis
641 533 920 587 multitudo
947 547 1013 586 ex
1051 532 1298 588 omnibus
1325 533 1544 589 urbibus
1585 548 1647 589 ac
1679 535 1917 592 ﬁnitimis

313 612 476 676 'locis
521 623 584 676 ad
619 622 888 677 beatorum
931 623 1139 678 illorum
1177 638 1462 695 corporum
1493 636 1832 696 conspectum
1863 639 1916 683 et

347 713 706 766 adorationem
731 712 998 768 conﬂuxit.
1028 714 1127 770 Ubi
1151 717 1311 771 etiam
1337 719 1688 771 sacrosanctis
1709 718 1918 790 hymnis

345 817 526 856 eorum
559 817 714 857 causa
743 803 1058 868 decantatis,
1092 807 1431 877 copiosisque
1467 809 1798 878 lampadibus
1828 825 1916 865 ac-

343 891 540 956 censis,
577 901 700 960 apte
727 893 833 948 illic
861 896 1121 964 quispiam
1150 911 1214 950 ac
1243 912 1495 967 perquam
1519 902 1919 958 accommodate

349 977 598 1046 dixisset,
650 979 872 1037 Lumina
924 985 1064 1040 circa
1115 986 1330 1041 luminis
1377 988 1510 1043 ﬁlios
1560 999 1615 1044 et
1659 990 1917 1046 htcredes.

357 1066 675 1121 Luculenter
703 1076 878 1122 autem
915 1071 1071 1123 simul
1109 1085 1171 1125 ac
1203 1074 1480 1142 magniﬁce
1519 1075 1570 1129 in
1603 1091 1664 1130 ea
1693 1077 1918 1133 ecclesia

355 1169 473 1221 qua:
502 1155 568 1209 ab
590 1155 717 1224 ipsis
740 1156 1094 1212 fundamentis
1119 1173 1146 1210 a
1169 1158 1419 1228 Josaphat
1439 1170 1707 1218 exstructa
1729 1165 1919 1233 fuerat,

354 1261 541 1301 eorum
574 1261 798 1316 corpora
831 1248 1044 1301 condita
1074 1258 1218 1304 sunt.
1266 1251 1423 1305 Multa
1456 1268 1612 1320 porro
1640 1255 1912 1319 miracula,

356 1337 768 1406 morborumque
804 1337 1164 1406 depulsiones,
1196 1347 1304 1394 tum
1335 1341 1389 1394 in
1421 1357 1702 1411 corporum
1741 1354 1912 1399 trans-

354 1427 616 1492 vectione,
669 1437 775 1482 tum
821 1429 874 1483 in
917 1443 1102 1484 eorum
1152 1431 1538 1500 inhumatione,
1597 1444 1708 1491 tum
1754 1439 1914 1493 etiam

355 1519 585 1586 posteris
610 1521 966 1587 temporibus,
997 1522 1248 1578 Dominus
1279 1539 1370 1592 per
1397 1527 1512 1594 pios
1548 1525 1771 1582 famulos
1796 1542 1920 1583 suos

355 1609 548 1664 effecit.
571 1609 813 1679 Viditque
834 1626 927 1667 rex
952 1627 1013 1668 ac
1034 1615 1222 1682 vulgus
1247 1629 1431 1669 omnes
1455 1617 1671 1672 virtutes
1695 1632 1786 1673 eas
1807 1634 1924 1687 quae

357 1713 449 1762 uer
478 1699 621 1767 ipsos
650 1700 960 1756 edebantur.
991 1704 1065 1758 Ac
1090 1704 1323 1772 plerique
1363 1720 1392 1758 e
1422 1705 1663 1762 ﬁnitimis
1694 1707 1920 1763 nationi-

356 1789 451 1844 bus
484 1791 804 1845 inﬁdelitatis
833 1807 896 1846 ac
925 1793 1269 1861 ignorationis
1298 1795 1388 1850 Dei
1412 1797 1598 1852 morbo
1621 1779 1984 1854 laborantesB

355 1897 450 1950 per
478 1898 539 1937 ea
580 1885 732 1952 signa
762 1899 880 1952 quae
928 1885 980 1937 in
1029 1895 1373 1942 monumento
1426 1889 1619 1942 ﬁebant
1667 1890 1732 1943 ad
1765 1890 1918 1945 ﬁdem

355 1982 716 2028 accesserunt.
759 1976 932 2044 Atque
960 1990 1143 2031 omnes
1167 1978 1258 2046 qui
1296 1979 1456 2047 ipsius
1483 1979 1738 2048 Josapnat
1762 1989 1918 2036 Vitam

354 2063 420 2116 ad
450 2064 756 2133 angelorum
790 2063 1135 2120 imitationem
1167 2081 1494 2135 expressam,
1527 2077 1683 2138 atque
1711 2069 1741 2123 a
1771 2079 1920 2126 teuc-

356 2153 432 2208 ris
479 2153 741 2221 unguibus
780 2155 1054 2209 ardentem
1102 2157 1268 2226 ipsius
1315 2173 1440 2228 erga
1473 2158 1636 2215 Deum
1685 2176 1920 2216 amorem

355 2250 635 2297 cernentes
675 2253 831 2313 atque
857 2244 1150 2309 audientes,
1182 2247 1535 2303 admiratione
1561 2249 1922 2318 corripieban-

356 2342 461 2399 tur,
489 2332 654 2388 Deum
686 2335 740 2390 in
767 2336 1013 2390 omnibus
1042 2337 1392 2405 celebrantes,
1421 2341 1510 2409 qui
1537 2354 1595 2395 se
1623 2341 1922 2396 amantibus

354 2437 508 2489 opem
557 2435 613 2479 et
659 2427 908 2482 auxilium
961 2443 1229 2497 nunquam
1277 2430 1418 2485 ferre
1459 2432 1675 2498 desinit,
1727 2449 1921 2504 eosque

359 2515 704 2585 amplissimis
735 2517 1005 2574 beneﬁciis
1032 2530 1424 2575 remuneratur.

423 2640 520 2695 Hic
558 2647 836 2711 praesentis
862 2648 981 2703 libri
1025 2651 1146 2706 ﬁnis
1177 2663 1279 2720 est,
1310 2671 1466 2725 quem
1494 2674 1590 2728 pro
1638 2677 1753 2718 mea
1779 2664 1916 2720 virili

352 2734 666 2802 conscripsi,
697 2738 1138 2804 quemadmodum
1167 2757 1195 2796 a
1228 2748 1493 2813 praeclaris
1521 2751 1643 2804 viris
1671 2752 1759 2820 qui
1785 2754 1914 2809 mihi

351 2821 629 2876 tuaacbaud
665 2823 800 2878 falso
849 2827 1177 2884 tradiderunt
1221 2836 1420 2901 accepi.
1476 2836 1684 2892 Utinam
1735 2851 1911 2896 autem

351 2924 465 2974 vos,
493 2912 583 2981 qui
614 2912 752 2969 hanc
786 2915 976 2971 animis
1020 2919 1199 2974 utilem
1229 2921 1504 2979 historiam
1552 2927 1723 2997 legitis
1753 2940 1914 3000 atque

345 3002 557 3066 auditis,
585 3005 650 3059 ad
683 3021 866 3062 eorum
896 3020 1098 3078 partem
1139 3013 1495 3087 asciscamini,
1530 3021 1618 3089 qui
1651 3023 1757 3079 Deo
1787 3027 1912 3084 vitae

342 3106 452 3147 sua;
478 3095 716 3150 rationes
753 3098 1126 3170 probaverunt,
1159 3117 1254 3172 per
1279 3109 1545 3166 orationes
1573 3119 1627 3166 et
1656 3113 1909 3172 interces-
1933 3147 1975 3205 ρ

343 3183 519 3205 ,τη-μ
565 3185 834 3205 L--._____
885 3190 930 3205 ,.
1150 3193 1187 3205 ..
1255 3195 1267 3205 .
1536 3200 1551 3205 -

340 3183 522 3238 siones
563 3185 840 3241 beatorum
884 3190 1115 3244 virorum
1149 3193 1388 3250 Barlaatn
1439 3211 1491 3253 et
1523 3200 1797 3271 Josaphat,
1843 3207 1909 3261 de

335 3275 530 3341 quibus
568 3277 681 3332 haec
710 3280 928 3335 historia
958 3293 1205 3340 contexta
1231 3298 1310 3342 est
1338 3291 1388 3344 in
1419 3292 1628 3348 Christo
1657 3296 1779 3352 Jesu
1806 3299 1907 3355 Do-

340 3367 485 3421 mino
510 3379 714 3438 nostro,
742 3387 899 3440 quem
930 3373 1085 3429 decet
1107 3376 1293 3444 honor,
1323 3381 1628 3454 imperium,
1655 3390 1906 3458 majestas

341 3468 396 3512 ct
437 3461 848 3529 magniﬁcentia,
881 3478 998 3519 cum
1026 3467 1178 3522 Patre
1218 3481 1270 3524 et
1296 3473 1493 3540 Spiritu
1536 3489 1737 3546 sancto,
1768 3498 1906 3538 nunc

339 3557 392 3600 cl
423 3562 634 3618 semper
665 3550 716 3602 in
748 3552 941 3607 saecula
971 3557 1308 3614 saeculorum.
1340 3563 1528 3616 Amen.

407 3724 520 3796 (54)
555 3725 614 3780 In
641 3746 749 3784 των
782 3731 962 3787 deﬁcit
984 3733 1049 3793 A.
1092 3735 1278 3793 avulso
1307 3736 1492 3794 ultimo
1518 3740 1662 3796 lolio.

549 3796 700 3871 geni.
730 3818 780 3871 ρ.
813 3802 937 3866 521,
967 3822 1021 3862 n.
1046 3805 1131 3862 85.

405 3863 517 3935 (ac)
548 3867 704 3926 Conl.
732 3863 786 3942 'p.
813 3863 942 3933 505'.

1808 322 2160 385 ADDENDA
2171 372 2183 387 .

422 440 489 494 Ut
526 447 704 496 autem
745 456 804 495 ca
846 455 930 497 res
967 440 1031 495 ad
1070 441 1238 509 plebis
1278 455 1435 497 aures
1477 442 1734 510 pervenit,
1771 441 1984 498 inuu-A

3461 336 3604 400 tam

2093 441 2180 505 Ὦς
2209 440 2263 495 δὲ
2297 441 2376 507 είς
2409 442 2506 507 τὰς
2537 444 2702 508 ἀκοὰς
2739 444 2934 499 ἔπιπτε
2970 447 3062 500 τοῦ
3092 448 3220 503 λαοῦ
3257 449 3318 503 τὸ
3346 455 3606 520 γεγονὸς,

2016 535 2218 606 πλῆθος
2257 536 2494 608 ἀριθμοῦ
2544 539 2793 609 κρεῖττον
2843 541 2908 592 ὲκ
2959 541 3178 596 πάντων
3221 559 3277 595 τε
3331 544 3444 598 τῶν
3487 547 3611 616 (54)

2013 630 2223 682 πόλεων
2250 631 2344 683 καὶ
2368 630 2474 684 τῶν
2505 631 2830 702 περιχώρων
2855 634 2931 696 εἰς
2952 635 3326 705 προσκύνησιν
3349 639 3449 690 καὶ
3471 639 3612 692 θέαν

2013 720 2303 792 συνέρρεον
2335 720 2445 774 τῶν
2481 721 2766 792 μακαρίων
2809 725 3077 793 σωμάτων
3109 725 3352 782 ἐκείνων.
3401 729 3614 782 Ἔνθεν

2011 829 2092 864 τοι
2122 813 2215 866 καὶ
2246 812 2449 883 ὕμνους
2486 814 2572 865 ἐπ’
2612 814 2797 877 αὐτοῖς
2824 815 2951 878 τοὺς
2981 816 3160 885 ἱεροὺς
3195 818 3431 888 ᾄσαντες
3451 860 3467 884 ,
3506 822 3613 873 καὶ

2011 903 2297 974 λαμπάδας
2333 904 2631 974 φιλοτίμως
2675 904 2978 974 ἀνάψαντες
3009 907 3375 977 (ἀκολούθως,
3413 911 3479 963 ἄν
3523 930 3615 976 τις

2011 993 2186 1062 εἶπεν,
2219 1001 2334 1052 ἐκεῖ
2367 999 2461 1052 καὶ
2499 999 2619 1052 λίαν
2647 999 2863 1063 οἰκείως
2893 1000 2961 1054 τὰ
2992 1001 3144 1070 φῶτα
3179 1002 3308 1072 περὶ
3337 1006 3470 1067 τοὺς
3505 1006 3612 1057 τοῦ

2011 1090 2188 1159 φωτὸς
2220 1090 2370 1154 υἱούς
2409 1091 2521 1160 ('55)
2549 1107 2609 1144 τε
2641 1093 2736 1145 καὶ
2776 1093 3204 1164 κληρονόμους),
3240 1094 3519 1165 λαμπρῶς
3551 1096 3615 1148 δὲ

2010 1185 2142 1256 ὁμοῦ
2177 1185 2274 1237 καὶ
2310 1185 2743 1256 μεγαλοπρεπῶς
2785 1188 2842 1239 ἐν
2876 1188 2941 1255 τῇ
2983 1186 3042 1250 ἐξ
3083 1187 3263 1240 αὐτῶν
3309 1189 3614 1258 κρηπίδων

2013 1279 2164 1350 παρὰ
2189 1279 2280 1332 τοῦ
2326 1280 2559 1347 Ἰωάσαφ
2587 1280 3004 1351 ἀνεγηγερμένῃ
3035 1280 3145 1350 (56)
3177 1281 3474 1336 κατέθεντο
3505 1284 3614 1336 Ex-

2012 1373 2226 1443 κλησίᾳ.
2263 1373 2438 1426 Πολλὰ
2458 1372 2514 1424 δὲ
2545 1372 2799 1442 θαύματα
2821 1374 2914 1426 καὶ
2942 1373 3113 1437 ίάσεις
3140 1374 3198 1426 ἔν
3232 1392 3290 1427 τε
3321 1378 3388 1446 τῇ
3428 1393 3616 1444 μεταο

2014 1465 2230 1536 κομιδῇ,
2259 1465 2316 1517 ἕν
2345 1482 2404 1517 τε
2432 1467 2498 1535 τῇ
2531 1465 2844 1530 καταθέσει,
2876 1466 2969 1519 καὶ
2993 1466 3050 1517 ὲν
3085 1468 3200 1529 τοῖς
3228 1466 3353 1536 ἑξῆς
3382 1467 3613 1537 χρόνοις

2011 1556 2172 1628 365
2204 1555 2292 1608 διὰ
2324 1557 2433 1608 τῶν
2462 1556 2625 1608 ὁσίων
2650 1555 2814 1609 αὑτοῦ
2844 1555 3190 1626 θεραπόντων
3220 1557 3447 1626 ἐποίησε
3480 1558 3613 1611 Κύ-

2014 1663 2148 1720 ριος.
2183 1647 2292 1700 Καὶ
2335 1641 2472 1700 εἶδεν
2501 1647 2526 1699 ὁ
2568 1646 2824 1716 βασιλεύς
2867 1665 2925 1700 τε
2955 1647 3229 1718 Βαραχίας
3273 1650 3366 1702 καὶ
3417 1652 3535 1713 πᾶς
3583 1653 3613 1704 ὁ

2013 1740 2168 1810 όχλος
2197 1739 2295 1802 τὰς
2328 1739 2394 1791 δι’
2427 1739 2607 1791 αὐτῶν
2641 1739 2942 1810 γενομένας
2967 1741 3243 1810 δυνάμεις,
3271 1743 3363 1794 καὶ
3408 1744 3612 1796 πολλοὶ

2009 1833 2120 1885 τῶν
2153 1830 2312 1901 πέριξ
2342 1829 2543 1893 ἐθνῶν,
2577 1831 2837 1883 ἀπιστίαν
2876 1829 3159 1894 νοσοῦντες
3191 1834 3282 1884 καὶ
3326 1832 3425 1884 τοῦ
3462 1833 3612 1885 Θεοῦ

2011 1924 2254 1992 ἄγνοιαν,
2286 1924 2372 1976 διὰ
2407 1923 2516 1975 τῶν
2540 1922 2839 1993 γινομένων
2872 1923 2931 1975 ὲν
2962 1923 3041 1992 τῷ
3073 1925 3317 1994 μνήματι
3348 1926 3613 1995 σημείων

2011 2017 2357 2071 ἐπίστευσαν.
2398 2013 2510 2069 Καὶ
2535 2016 2734 2078 πάντες
2760 2016 2809 2068 οἱ
2838 2014 3074 2085 ὁρῶντές
3098 2034 3156 2068 τε
3181 2017 3274 2068 καὶ
3302 2016 3610 2079 ἀκούοντες

2009 2109 2108 2180 τὴν
2145 2108 2586 2178 ἀγγελομίμητον
2619 2107 2712 2162 τοῦ
2768 2109 3002 2177 Ἰωάσαφ
3046 2110 3325 2162 πολιτείαν
3369 2111 3469 2164 καὶ
3504 2110 3610 2163 τὸν

2011 2203 2070 2266 ἐξ
2108 2199 2332 2255 ἁπαλῶν
2377 2201 2586 2271 ὀνύχων
2633 2201 2896 2271 διάπυρον
2931 2200 3095 2254 αὑτοῦ
3144 2203 3278 2272 πρὸς
3320 2203 3413 2254 τὸν
3461 2203 3609 2255 Θεὸν

2012 2294 2208 2359 πόθον,
2246 2292 2555 2364 ἐθαύμαζον
2584 2293 2897 2360 δοξάζοντες
2930 2297 2988 2348 ὲν
3031 2297 3165 2348 πᾶσι
3196 2296 3284 2348 τὸν
3314 2295 3474 2359 Θεὸν,
3503 2295 3609 2348 τὸν

2010 2386 2097 2440 ἀεὶ
2118 2385 2485 2457 συνεργοῦντα
2511 2387 2625 2449 τοῖς
2666 2384 2956 2454 ἀγαπῶσιν
2983 2385 3147 2440 αὑτὸν
3184 2386 3279 2439 καὶ
3310 2386 3610 2456 μεγίστοις

2010 2479 2233 2543 τούτους
2261 2478 2629 2549 ἀμειϐόμενον
2664 2478 2916 2548 δωρεαῖς.

2085 2660 2227 2724 Ἕως
2257 2653 2356 2713 ὦδε
2399 2661 2460 2713 τὸ
2490 2660 2664 2732 πέρας
2701 2659 2797 2714 τοῦ
2835 2659 3098 2731 παρόντος
3129 2661 3320 2729 λόγου,
3353 2659 3414 2713 δν
3449 2661 3603 2714 κατὰ

2007 2753 2235 2824 δύναμιν
2265 2753 2406 2825 ἐμὴν
2437 2753 2790 2825 γεγράφηκα,
2822 2751 3008 2815 καθὼς
3045 2753 3258 2821 ἀκήκοα
3295 2753 3446 2822 παρὰ
3480 2754 3604 2805 τῶν

2010 2843 2255 2914 ἀψευδῶς
2286 2844 2748 2914 παραδεδωκότων
2776 2861 2864 2914 μοι
2893 2843 3092 2913 τιμίων
3117 2843 3344 2913 ἀνδρῶν.
3369 2843 3605 2896 Γένοιτο

2009 2937 2064 2989 δὲ
2092 2937 2259 3007 ἡμᾶς,
2294 2935 2421 2998 τοὺς
2453 2933 2927 3001 ἀναγινώσκοντάς
2955 2950 3015 2986 τε
3045 2933 3138 2986 καὶ
3164 2933 3466 2996 ἀκούοντας
3489 2935 3603 3004 τὴν

2007 3025 2302 3098 ψυχωφελῆ
2332 3026 2583 3096 διήγησιν
2622 3025 2851 3095 ταύτην,
2897 3026 2998 3095 τῆς
3039 3025 3248 3096 μερίδος
3287 3025 3601 3096 ἀξιωθῆναι

2007 3121 2116 3172 τῶν
2182 3118 2670 3188 εύαρεστησάντων
2725 3117 2804 3188 τῷ
2855 3117 3045 3187 Κυρίῳ
3083 3117 3268 3187 εὐχαῖς
3311 3116 3406 3168 καὶ
3455 3133 3604 3186 πρε-

2011 3210 2217 3274 σϐείαις
2243 3211 2504 3281 Βαρλαάμ
2525 3227 2584 3263 τε
2613 3209 2706 3263 καὶ
2745 3209 2978 3279 ’ῐωάσαφ
3009 3209 3117 3262 τῶν
3135 3209 3443 3279 μακαρίων,
3464 3211 3604 3279 περὶ

2008 3297 2082 3356 ὧν
2114 3304 2147 3372 ἡ
2189 3302 2459 3373 διήγησις,
2491 3303 2548 3356 ὲν
2578 3301 2802 3374 Χριστῷ
2845 3301 3019 3372 Ἰησοῦ
3053 3301 3131 3372 τῷ
3176 3300 3365 3371 Κυρίῳ
3393 3301 3599 3371 ἡμῶν,

2007 3385 2050 3460 ᾧ
2079 3392 2278 3464 πρέπει
2306 3392 2459 3464 τιμὴ,
2490 3393 2712 3466 κράτος,
2745 3391 3102 3464 μεγαλωσύνη
3133 3409 3191 3443 τε
3225 3392 3320 3444 καὶ
3353 3390 3603 3460 μεγαλο-

2007 3483 2267 3554 πρέπεια,
2300 3483 2396 3537 σὺν
2442 3481 2518 3553 τῷ
2563 3483 2738 3554 Πατρὶ
2778 3482 2873 3536 καὶ
2903 3481 2979 3553 τῷ
3012 3483 3150 3552 ἁγίῳ
3179 3480 3462 3549 Πνεύματι
3499 3479 3604 3534 νῦν

2006 3577 2100 3629 καὶ
2129 3575 2233 3641 ἀεὶ,
2264 3578 2354 3630 καὶ
2385 3577 2461 3641 είς
2487 3579 2611 3642 τοὺς
2635 3565 2838 3642 αἰῶνας
2863 3575 2971 3631 τῶν
3002 3575 3231 3630 αἰώνων.
3269 3574 3464 3643 Ἀμήν.
