  <div class='ocr_page' id='page_1' title='image "/cluster/home/n/w/nwhite01/storage/ocr_20150623/96/hvd.32044073502114/634.png"; bbox 0 0 3882 6356; ppageno 0'>
   <div class='ocr_carea' id='block_1_1' title="bbox 160 360 279 427">
    <p class='ocr_par' dir='ltr' id='par_1_1' title="bbox 160 360 279 427">
     <span class='ocr_line' id='line_1_1' title="bbox 160 360 279 427; baseline -0.042 0"><span class='ocrx_word' id='word_1_1' title='bbox 160 360 279 427; x_wconf 67' lang='lat'><strong>1241</strong></span> 
     </span>
    </p>
   </div>
   <div class='ocr_carea' id='block_1_2' title="bbox 3279 373 3410 434">
    <p class='ocr_par' dir='ltr' id='par_1_2' title="bbox 3279 373 3410 434">
     <span class='ocr_line' id='line_1_2' title="bbox 3279 373 3410 434; baseline -0.008 0"><span class='ocrx_word' id='word_1_2' title='bbox 3279 373 3410 434; x_wconf 73' lang='lat' dir='ltr'><strong>12l2</strong></span> 
     </span>
    </p>
   </div>
   <div class='ocr_carea' id='block_1_3' title="bbox 529 731 3040 832">
    <p class='ocr_par' dir='ltr' id='par_1_3' title="bbox 529 731 3040 832">
     <span class='ocr_line' id='line_1_3' title="bbox 529 731 3040 832; baseline 0 -2"><span class='ocrx_word' id='word_1_3' title='bbox 529 738 889 832; x_wconf 65' lang='lat' dir='ltr'><strong>NOTIE</strong></span> <span class='ocrx_word' id='word_1_4' title='bbox 965 733 1112 824; x_wconf 87' lang='lat' dir='ltr'><strong>AD</strong></span> <span class='ocrx_word' id='word_1_5' title='bbox 1176 733 1556 824; x_wconf 88' lang='lat' dir='ltr'><strong>VITAM</strong></span> <span class='ocrx_word' id='word_1_6' title='bbox 1634 731 2180 823; x_wconf 80' lang='lat' dir='ltr'><strong>BARLAAM</strong></span> <span class='ocrx_word' id='word_1_7' title='bbox 2253 735 2406 827; x_wconf 87' lang='lat' dir='ltr'><strong>ET</strong></span> <span class='ocrx_word' id='word_1_8' title='bbox 2474 737 3040 832; x_wconf 82' lang='lat' dir='ltr'><strong>JOASAPH.</strong></span> 
     </span>
    </p>
   </div>
   <div class='ocr_carea' id='block_1_4' title="bbox 1743 1025 1816 1038">
    <p class='ocr_par' dir='ltr' id='par_1_4' title="bbox 1743 1025 1816 1038">
     <span class='ocr_line' id='line_1_4' title="bbox 1743 1025 1816 1038; baseline -0.014 0"><span class='ocrx_word' id='word_1_9' title='bbox 1743 1025 1816 1038; x_wconf 63' lang='grc'><strong>’-</strong></span> 
     </span>
    </p>
   </div>
   <div class='ocr_carea' id='block_1_5' title="bbox 214 1217 1732 1301">
    <p class='ocr_par' dir='ltr' id='par_1_5' title="bbox 214 1217 1732 1301">
     <span class='ocr_line' id='line_1_5' title="bbox 214 1217 1732 1301; baseline -0.01 -17"><span class='ocrx_word' id='word_1_10' title='bbox 214 1226 382 1301; x_wconf 61' lang='grc'><strong>4⁸14</strong></span> <span class='ocrx_word' id='word_1_11' title='bbox 412 1224 544 1296; x_wconf 80' lang='lat' dir='ltr'><strong>Pag.</strong></span> <span class='ocrx_word' id='word_1_12' title='bbox 583 1225 635 1293; x_wconf 89' lang='grc'><strong>1,</strong></span> <span class='ocrx_word' id='word_1_13' title='bbox 673 1223 726 1278; x_wconf 82' lang='lat'><strong>5.</strong></span> <span class='ocrx_word' id='word_1_14' title='bbox 779 1220 1096 1277; x_wconf 82' lang='lat' dir='ltr'><strong>Formulatn</strong></span> <span class='ocrx_word' id='word_1_15' title='bbox 1155 1217 1340 1283; x_wconf 83' lang='grc' dir='ltr'>καθὼς</span> <span class='ocrx_word' id='word_1_16' title='bbox 1395 1217 1732 1288; x_wconf 84' lang='grc' dir='ltr'>γέγραπται,</span> 
     </span>
    </p>
   </div>
   <div class='ocr_carea' id='block_1_6' title="bbox 148 1309 1733 1393">
    <p class='ocr_par' dir='ltr' id='par_1_6' title="bbox 148 1309 1733 1393">
     <span class='ocr_line' id='line_1_6' title="bbox 148 1309 1733 1393; baseline -0.009 -17"><span class='ocrx_word' id='word_1_17' title='bbox 148 1337 252 1393; x_wconf 86' lang='lat' dir='ltr'><strong>qua</strong></span> <span class='ocrx_word' id='word_1_18' title='bbox 276 1319 568 1391; x_wconf 72' lang='lat' dir='ltr'><strong>aliquoties</strong></span> <span class='ocrx_word' id='word_1_19' title='bbox 612 1317 786 1372; x_wconf 88' lang='lat' dir='ltr'><strong>utitur</strong></span> <span class='ocrx_word' id='word_1_20' title='bbox 824 1323 1038 1378; x_wconf 82' lang='lat' dir='ltr'><strong>auctor,</strong></span> <span class='ocrx_word' id='word_1_21' title='bbox 1070 1312 1261 1368; x_wconf 87' lang='lat' dir='ltr'><strong>debuit</strong></span> <span class='ocrx_word' id='word_1_22' title='bbox 1313 1310 1504 1366; x_wconf 80' lang='lat' dir='ltr'><strong>forsan</strong></span> <span class='ocrx_word' id='word_1_23' title='bbox 1537 1309 1733 1373; x_wconf 86' lang='lat' dir='ltr'><strong>Paulo,</strong></span> 
     </span>
    </p>
   </div>
   <div class='ocr_carea' id='block_1_7' title="bbox 149 1401 1730 1485">
    <p class='ocr_par' dir='ltr' id='par_1_7' title="bbox 149 1401 1730 1485">
     <span class='ocr_line' id='line_1_7' title="bbox 149 1401 1730 1485; baseline -0.009 -17"><span class='ocrx_word' id='word_1_24' title='bbox 149 1413 292 1485; x_wconf 85' lang='lat' dir='ltr'><strong>apud</strong></span> <span class='ocrx_word' id='word_1_25' title='bbox 315 1426 476 1482; x_wconf 85' lang='lat' dir='ltr'><strong>quem</strong></span> <span class='ocrx_word' id='word_1_26' title='bbox 503 1409 768 1480; x_wconf 62' lang='lat' dir='ltr'><strong>saepicule</strong></span> <span class='ocrx_word' id='word_1_27' title='bbox 797 1408 1039 1478; x_wconf 82' lang='lat' dir='ltr'><strong>legitur:</strong></span> <span class='ocrx_word' id='word_1_28' title='bbox 1063 1404 1213 1460; x_wconf 91' lang='lat' dir='ltr'><strong>conf.</strong></span> <span class='ocrx_word' id='word_1_29' title='bbox 1251 1403 1423 1474; x_wconf 88' lang='lat' dir='ltr'><strong>Epist.</strong></span> <span class='ocrx_word' id='word_1_30' title='bbox 1471 1403 1540 1458; x_wconf 89' lang='lat' dir='ltr'><strong>ad</strong></span> <span class='ocrx_word' id='word_1_31' title='bbox 1569 1401 1730 1456; x_wconf 79' lang='lat' dir='ltr'><strong>Rom.</strong></span> 
     </span>
    </p>
   </div>
   <div class='ocr_carea' id='block_1_8' title="bbox 146 1499 1034 1572">
    <p class='ocr_par' dir='ltr' id='par_1_8' title="bbox 146 1499 1034 1572">
     <span class='ocr_line' id='line_1_8' title="bbox 146 1499 1034 1572; baseline -0.009 -11"><span class='ocrx_word' id='word_1_32' title='bbox 146 1520 267 1572; x_wconf 83' lang='lat' dir='ltr'><strong>vm,</strong></span> <span class='ocrx_word' id='word_1_33' title='bbox 292 1505 390 1570; x_wconf 78' lang='lat'><strong>56;</strong></span> <span class='ocrx_word' id='word_1_34' title='bbox 417 1519 496 1567; x_wconf 81' lang='lat' dir='ltr'><strong>Ix,</strong></span> <span class='ocrx_word' id='word_1_35' title='bbox 527 1503 596 1557; x_wconf 83' lang='grc'><strong>55</strong></span> <span class='ocrx_word' id='word_1_36' title='bbox 620 1521 635 1569; x_wconf 86' lang='grc'>;</span> <span class='ocrx_word' id='word_1_37' title='bbox 660 1499 681 1553; x_wconf 91' lang='grc'><strong>1</strong></span> <span class='ocrx_word' id='word_1_38' title='bbox 709 1500 842 1555; x_wconf 90' lang='lat' dir='ltr'><strong>Cor.</strong></span> <span class='ocrx_word' id='word_1_39' title='bbox 874 1515 912 1565; x_wconf 91' lang='lat' dir='ltr'><strong>I,</strong></span> <span class='ocrx_word' id='word_1_40' title='bbox 944 1499 1034 1554; x_wconf 85' lang='grc'><strong>51.</strong></span> 
     </span>
    </p>
   </div>
   <div class='ocr_carea' id='block_1_9' title="bbox 212 1598 939 1673">
    <p class='ocr_par' dir='ltr' id='par_1_9' title="bbox 212 1598 939 1673">
     <span class='ocr_line' id='line_1_9' title="bbox 212 1598 939 1673; baseline -0.008 -16"><span class='ocrx_word' id='word_1_41' title='bbox 212 1601 349 1673; x_wconf 83' lang='lat' dir='ltr'><strong>Pag.</strong></span> <span class='ocrx_word' id='word_1_42' title='bbox 372 1602 426 1668; x_wconf 85' lang='lat'><strong>5,</strong></span> <span class='ocrx_word' id='word_1_43' title='bbox 459 1601 510 1654; x_wconf 93' lang='grc'><strong>1.</strong></span> <span class='ocrx_word' id='word_1_44' title='bbox 543 1598 678 1654; x_wconf 79' lang='lat' dir='ltr'><strong>Vide</strong></span> <span class='ocrx_word' id='word_1_45' title='bbox 706 1598 939 1667; x_wconf 71' lang='lat' dir='ltr'><strong>Prmloq.</strong></span> 
     </span>
    </p>
   </div>
   <div class='ocr_carea' id='block_1_10' title="bbox 211 1683 1735 1762">
    <p class='ocr_par' dir='ltr' id='par_1_10' title="bbox 211 1683 1735 1762">
     <span class='ocr_line' id='line_1_10' title="bbox 211 1683 1735 1762; baseline -0.003 -18"><span class='ocrx_word' id='word_1_46' title='bbox 211 1690 345 1762; x_wconf 80' lang='lat' dir='ltr'><strong>Pag.</strong></span> <span class='ocrx_word' id='word_1_47' title='bbox 409 1689 462 1755; x_wconf 73' lang='grc' dir='ltr'><strong>ι,</strong></span> <span class='ocrx_word' id='word_1_48' title='bbox 511 1690 570 1743; x_wconf 89' lang='lat'><strong>2.</strong></span> <span class='ocrx_word' id='word_1_49' title='bbox 617 1687 693 1743; x_wconf 85' lang='lat' dir='ltr'><strong>De</strong></span> <span class='ocrx_word' id='word_1_50' title='bbox 736 1686 1021 1758; x_wconf 78' lang='grc' dir='ltr'><strong>οἰκονομίᾳ</strong></span> <span class='ocrx_word' id='word_1_51' title='bbox 1057 1685 1196 1742; x_wconf 89' lang='lat' dir='ltr'><strong>adde</strong></span> <span class='ocrx_word' id='word_1_52' title='bbox 1257 1685 1446 1740; x_wconf 83' lang='lat' dir='ltr'><strong>Baluz.</strong></span> <span class='ocrx_word' id='word_1_53' title='bbox 1507 1684 1574 1739; x_wconf 88' lang='lat' dir='ltr'><strong>ad</strong></span> <span class='ocrx_word' id='word_1_54' title='bbox 1624 1683 1735 1739; x_wconf 89' lang='lat' dir='ltr'><strong>Lu-</strong></span> 
     </span>
    </p>
   </div>
   <div class='ocr_carea' id='block_1_11' title="bbox 144 1776 1732 1856">
    <p class='ocr_par' dir='ltr' id='par_1_11' title="bbox 144 1776 1732 1856">
     <span class='ocr_line' id='line_1_11' title="bbox 144 1776 1732 1856; baseline -0.006 -17"><span class='ocrx_word' id='word_1_55' title='bbox 144 1799 276 1856; x_wconf 86' lang='lat' dir='ltr'><strong>pum</strong></span> <span class='ocrx_word' id='word_1_56' title='bbox 309 1798 364 1852; x_wconf 93' lang='lat' dir='ltr'><strong>p.</strong></span> <span class='ocrx_word' id='word_1_57' title='bbox 401 1782 543 1848; x_wconf 66' lang='lat'><strong>474;</strong></span> <span class='ocrx_word' id='word_1_58' title='bbox 594 1780 916 1834; x_wconf 89' lang='lat' dir='ltr'><strong>Zimmerm.</strong></span> <span class='ocrx_word' id='word_1_59' title='bbox 972 1778 1212 1832; x_wconf 82' lang='lat' dir='ltr'><strong>Analect.</strong></span> <span class='ocrx_word' id='word_1_60' title='bbox 1257 1793 1314 1848; x_wconf 92' lang='lat' dir='ltr'><strong>p.</strong></span> <span class='ocrx_word' id='word_1_61' title='bbox 1365 1777 1452 1842; x_wconf 91' lang='grc'><strong>10,</strong></span> <span class='ocrx_word' id='word_1_62' title='bbox 1489 1776 1589 1840; x_wconf 73' lang='grc'><strong>14,</strong></span> <span class='ocrx_word' id='word_1_63' title='bbox 1622 1784 1732 1830; x_wconf 90' lang='lat' dir='ltr'><strong>etc.</strong></span> 
     </span>
    </p>
   </div>
   <div class='ocr_carea' id='block_1_12' title="bbox 211 1866 1731 1944">
    <p class='ocr_par' dir='ltr' id='par_1_12' title="bbox 211 1866 1731 1944">
     <span class='ocr_line' id='line_1_12' title="bbox 211 1866 1731 1944; baseline -0.004 -18"><span class='ocrx_word' id='word_1_64' title='bbox 211 1872 346 1944; x_wconf 80' lang='lat' dir='ltr'><strong>Pag.</strong></span> <span class='ocrx_word' id='word_1_65' title='bbox 405 1872 460 1939; x_wconf 84' lang='grc'><strong>5,</strong></span> <span class='ocrx_word' id='word_1_66' title='bbox 501 1871 589 1926; x_wconf 90' lang='grc'><strong>11.</strong></span> <span class='ocrx_word' id='word_1_67' title='bbox 626 1870 870 1925; x_wconf 84' lang='lat' dir='ltr'><strong>Joannes</strong></span> <span class='ocrx_word' id='word_1_68' title='bbox 896 1868 1151 1923; x_wconf 92' lang='lat' dir='ltr'><strong>Antioch.</strong></span> <span class='ocrx_word' id='word_1_69' title='bbox 1185 1868 1240 1922; x_wconf 89' lang='lat' dir='ltr'><strong>in</strong></span> <span class='ocrx_word' id='word_1_70' title='bbox 1271 1866 1513 1922; x_wconf 83' lang='lat' dir='ltr'><strong>Monum.</strong></span> <span class='ocrx_word' id='word_1_71' title='bbox 1555 1866 1731 1922; x_wconf 87' lang='lat' dir='ltr'><strong>Cotel.</strong></span> 
     </span>
    </p>
   </div>
   <div class='ocr_carea' id='block_1_13' title="bbox 149 1957 1733 2036">
    <p class='ocr_par' dir='ltr' id='par_1_13' title="bbox 149 1957 1733 2036">
     <span class='ocr_line' id='line_1_13' title="bbox 149 1957 1733 2036; baseline -0.005 -16"><span class='ocrx_word' id='word_1_72' title='bbox 149 1974 188 2022; x_wconf 89' lang='lat' dir='ltr'><strong>t.</strong></span> <span class='ocrx_word' id='word_1_73' title='bbox 216 1967 258 2034; x_wconf 87' lang='lat' dir='ltr'><strong>l,</strong></span> <span class='ocrx_word' id='word_1_74' title='bbox 285 1981 343 2036; x_wconf 89' lang='lat' dir='ltr'><strong>p.</strong></span> <span class='ocrx_word' id='word_1_75' title='bbox 381 1964 482 2020; x_wconf 78' lang='grc'><strong>164</strong></span> <span class='ocrx_word' id='word_1_76' title='bbox 510 1984 523 2017; x_wconf 93' lang='lat'><strong>:</strong></span> <span class='ocrx_word' id='word_1_77' title='bbox 567 1964 665 2018; x_wconf 84' lang='grc' dir='ltr'>Ἐκ</span> <span class='ocrx_word' id='word_1_78' title='bbox 702 1963 802 2034; x_wconf 83' lang='grc' dir='ltr'>τῆς</span> <span class='ocrx_word' id='word_1_79' title='bbox 828 1962 1109 2032; x_wconf 73' lang='grc' dir='ltr'><strong>Αἰγύπτου</strong></span> <span class='ocrx_word' id='word_1_80' title='bbox 1145 1961 1381 2033; x_wconf 87' lang='grc' dir='ltr'>μάλιστα</span> <span class='ocrx_word' id='word_1_81' title='bbox 1405 1959 1498 2013; x_wconf 82' lang='grc' dir='ltr'>τοῦ</span> <span class='ocrx_word' id='word_1_82' title='bbox 1525 1957 1733 2028; x_wconf 79' lang='grc' dir='ltr'>ἀγαθοῦ</span> 
     </span>
    </p>
   </div>
   <div class='ocr_carea' id='block_1_14' title="bbox 146 2052 1732 2125">
    <p class='ocr_par' dir='ltr' id='par_1_14' title="bbox 146 2052 1732 2125">
     <span class='ocr_line' id='line_1_14' title="bbox 146 2052 1732 2125; baseline -0.005 -13"><span class='ocrx_word' id='word_1_83' title='bbox 146 2060 336 2112; x_wconf 78' lang='grc' dir='ltr'>τούτου</span> <span class='ocrx_word' id='word_1_84' title='bbox 377 2056 867 2125; x_wconf 73' lang='lat' dir='ltr'><strong>(monasteriorum</strong></span> <span class='ocrx_word' id='word_1_85' title='bbox 900 2053 1296 2123; x_wconf 89' lang='lat' dir='ltr'><strong>institutionis)</strong></span> <span class='ocrx_word' id='word_1_86' title='bbox 1339 2052 1732 2123; x_wconf 83' lang='grc' dir='ltr'>ἀπαρξαμένου</span> 
     </span>
    </p>
   </div>
   <div class='ocr_carea' id='block_1_15' title="bbox 149 2143 1735 2220">
    <p class='ocr_par' dir='ltr' id='par_1_15' title="bbox 149 2143 1735 2220">
     <span class='ocr_line' id='line_1_15' title="bbox 149 2143 1735 2220; baseline -0.007 -14"><span class='ocrx_word' id='word_1_87' title='bbox 149 2153 240 2206; x_wconf 69' lang='grc' dir='ltr'>καὶ</span> <span class='ocrx_word' id='word_1_88' title='bbox 283 2147 565 2220; x_wconf 84' lang='grc' dir='ltr'>πανταχοῦ</span> <span class='ocrx_word' id='word_1_89' title='bbox 607 2147 707 2218; x_wconf 81' lang='grc' dir='ltr'>τῆς</span> <span class='ocrx_word' id='word_1_90' title='bbox 762 2145 1088 2218; x_wconf 79' lang='grc' dir='ltr'><strong>οἰκουμένης</strong></span> <span class='ocrx_word' id='word_1_91' title='bbox 1141 2143 1498 2209; x_wconf 82' lang='grc' dir='ltr'><strong>διαδοθέντος,</strong></span> <span class='ocrx_word' id='word_1_92' title='bbox 1551 2143 1735 2206; x_wconf 85' lang='grc' dir='ltr'>καθώς</span> 
     </span>
    </p>
   </div>
   <div class='ocr_carea' id='block_1_16' title="bbox 150 2240 958 2316">
    <p class='ocr_par' dir='ltr' id='par_1_16' title="bbox 150 2240 958 2316">
     <span class='ocr_line' id='line_1_16' title="bbox 150 2240 958 2316; baseline -0.007 -19"><span class='ocrx_word' id='word_1_93' title='bbox 150 2260 308 2316; x_wconf 80' lang='grc' dir='ltr'>φησιν</span> <span class='ocrx_word' id='word_1_94' title='bbox 337 2245 366 2296; x_wconf 85' lang='grc' dir='ltr'><em>ὁ</em></span> <span class='ocrx_word' id='word_1_95' title='bbox 402 2243 578 2313; x_wconf 85' lang='grc' dir='ltr'>μέγας</span> <span class='ocrx_word' id='word_1_96' title='bbox 612 2240 958 2303; x_wconf 82' lang='grc' dir='ltr'>Ἀθανάσιος.</span> 
     </span>
    </p>
   </div>
   <div class='ocr_carea' id='block_1_17' title="bbox 212 2332 1732 2408">
    <p class='ocr_par' dir='ltr' id='par_1_17' title="bbox 212 2332 1732 2408">
     <span class='ocr_line' id='line_1_17' title="bbox 212 2332 1732 2408; baseline -0.001 -18"><span class='ocrx_word' id='word_1_97' title='bbox 212 2336 346 2408; x_wconf 87' lang='lat' dir='ltr'><strong>Pag.</strong></span> <span class='ocrx_word' id='word_1_98' title='bbox 378 2335 434 2400; x_wconf 88' lang='lat'><strong>9,</strong></span> <span class='ocrx_word' id='word_1_99' title='bbox 474 2335 527 2389; x_wconf 97' lang='grc'><strong>1.</strong></span> <span class='ocrx_word' id='word_1_100' title='bbox 579 2333 942 2389; x_wconf 82' lang='lat' dir='ltr'><strong>Proverbium</strong></span> <span class='ocrx_word' id='word_1_101' title='bbox 998 2332 1179 2387; x_wconf 83' lang='grc' dir='ltr'>πάντα</span> <span class='ocrx_word' id='word_1_102' title='bbox 1227 2335 1399 2388; x_wconf 81' lang='grc' dir='ltr'>κινεῖν</span> <span class='ocrx_word' id='word_1_103' title='bbox 1425 2333 1572 2387; x_wconf 85' lang='grc' dir='ltr'>λίθον</span> <span class='ocrx_word' id='word_1_104' title='bbox 1634 2334 1732 2388; x_wconf 88' lang='lat' dir='ltr'><strong>ha-</strong></span> 
     </span>
    </p>
   </div>
   <div class='ocr_carea' id='block_1_18' title="bbox 151 2423 1730 2498">
    <p class='ocr_par' dir='ltr' id='par_1_18' title="bbox 151 2423 1730 2498">
     <span class='ocr_line' id='line_1_18' title="bbox 151 2423 1730 2498; baseline 0 -17"><span class='ocrx_word' id='word_1_105' title='bbox 151 2433 233 2486; x_wconf 84' lang='lat' dir='ltr'><strong>bet</strong></span> <span class='ocrx_word' id='word_1_106' title='bbox 279 2428 539 2484; x_wconf 85' lang='lat' dir='ltr'><strong>Julianus</strong></span> <span class='ocrx_word' id='word_1_107' title='bbox 584 2427 746 2498; x_wconf 86' lang='lat' dir='ltr'><strong>epist.</strong></span> <span class='ocrx_word' id='word_1_108' title='bbox 797 2426 889 2490; x_wconf 79' lang='lat'><strong>52,</strong></span> <span class='ocrx_word' id='word_1_109' title='bbox 952 2425 1045 2480; x_wconf 88' lang='lat' dir='ltr'><strong>ubi</strong></span> <span class='ocrx_word' id='word_1_110' title='bbox 1082 2425 1194 2479; x_wconf 88' lang='lat' dir='ltr'><strong>vid.</strong></span> <span class='ocrx_word' id='word_1_111' title='bbox 1252 2423 1470 2496; x_wconf 81' lang='lat' dir='ltr'><strong>Hcyler.</strong></span> <span class='ocrx_word' id='word_1_112' title='bbox 1515 2441 1568 2494; x_wconf 90' lang='lat' dir='ltr'><strong>p.</strong></span> <span class='ocrx_word' id='word_1_113' title='bbox 1603 2426 1730 2481; x_wconf 72' lang='lat'><strong>409.</strong></span> 
     </span>
    </p>
   </div>
   <div class='ocr_carea' id='block_1_19' title="bbox 149 2517 1733 2591">
    <p class='ocr_par' dir='ltr' id='par_1_19' title="bbox 149 2517 1733 2591">
     <span class='ocr_line' id='line_1_19' title="bbox 149 2517 1733 2591; baseline -0.003 -15"><span class='ocrx_word' id='word_1_114' title='bbox 149 2521 240 2576; x_wconf 85' lang='lat' dir='ltr'><strong>Cui</strong></span> <span class='ocrx_word' id='word_1_115' title='bbox 272 2521 522 2588; x_wconf 80' lang='lat' dir='ltr'><strong>epistolae</strong></span> <span class='ocrx_word' id='word_1_116' title='bbox 543 2521 722 2575; x_wconf 79' lang='lat' dir='ltr'><strong>obiter</strong></span> <span class='ocrx_word' id='word_1_117' title='bbox 751 2518 1009 2591; x_wconf 89' lang='lat' dir='ltr'><strong>prodero.</strong></span> <span class='ocrx_word' id='word_1_118' title='bbox 1036 2517 1266 2572; x_wconf 83' lang='lat' dir='ltr'><strong>Exhibet</strong></span> <span class='ocrx_word' id='word_1_119' title='bbox 1299 2517 1469 2572; x_wconf 89' lang='lat' dir='ltr'><strong>editio</strong></span> <span class='ocrx_word' id='word_1_120' title='bbox 1499 2533 1553 2587; x_wconf 91' lang='lat' dir='ltr'><strong>p.</strong></span> <span class='ocrx_word' id='word_1_121' title='bbox 1588 2519 1688 2574; x_wconf 87' lang='grc'><strong>100</strong></span> <span class='ocrx_word' id='word_1_122' title='bbox 1717 2535 1733 2572; x_wconf 91' lang='lat'><strong>:</strong></span> 
     </span>
    </p>
   </div>
   <div class='ocr_carea' id='block_1_20' title="bbox 151 2609 1738 2684">
    <p class='ocr_par' dir='ltr' id='par_1_20' title="bbox 151 2609 1738 2684">
     <span class='ocr_line' id='line_1_20' title="bbox 151 2609 1738 2684; baseline -0.002 -17"><span class='ocrx_word' id='word_1_123' title='bbox 151 2613 367 2678; x_wconf 75' lang='grc' dir='ltr'>Ἐδοξεν</span> <span class='ocrx_word' id='word_1_124' title='bbox 393 2613 486 2666; x_wconf 77' lang='grc' dir='ltr'><strong>οὖν</strong></span> <span class='ocrx_word' id='word_1_125' title='bbox 525 2629 615 2684; x_wconf 88' lang='grc' dir='ltr'><strong>μοι</strong></span> <span class='ocrx_word' id='word_1_126' title='bbox 643 2613 775 2665; x_wconf 79' lang='grc' dir='ltr'>πᾶσι</span> <span class='ocrx_word' id='word_1_127' title='bbox 800 2614 914 2672; x_wconf 79' lang='grc' dir='ltr'>τοῖς</span> <span class='ocrx_word' id='word_1_128' title='bbox 937 2610 1130 2680; x_wconf 79' lang='grc' dir='ltr'>δήμοις</span> <span class='ocrx_word' id='word_1_129' title='bbox 1182 2609 1589 2680; x_wconf 78' lang='grc' dir='ltr'><strong>προαγορεῦσαι</strong></span> <span class='ocrx_word' id='word_1_130' title='bbox 1649 2610 1738 2664; x_wconf 76' lang='grc' dir='ltr'>διὰ</span> 
     </span>
    </p>
   </div>
   <div class='ocr_carea' id='block_1_21' title="bbox 151 2697 1735 2772">
    <p class='ocr_par' dir='ltr' id='par_1_21' title="bbox 151 2697 1735 2772">
     <span class='ocr_line' id='line_1_21' title="bbox 151 2697 1735 2772; baseline -0.004 -15"><span class='ocrx_word' id='word_1_131' title='bbox 151 2705 291 2758; x_wconf 84' lang='grc' dir='ltr'>τοῦδε</span> <span class='ocrx_word' id='word_1_132' title='bbox 367 2704 754 2772; x_wconf 78' lang='grc' dir='ltr'>διατάγματος.</span> <span class='ocrx_word' id='word_1_133' title='bbox 823 2699 1011 2755; x_wconf 83' lang='lat' dir='ltr'><strong>Codex</strong></span> <span class='ocrx_word' id='word_1_134' title='bbox 1065 2698 1207 2754; x_wconf 65' lang='lat'><strong>2964</strong></span> <span class='ocrx_word' id='word_1_135' title='bbox 1271 2698 1372 2752; x_wconf 79' lang='grc' dir='ltr'>εδ.</span> <span class='ocrx_word' id='word_1_136' title='bbox 1433 2697 1588 2752; x_wconf 82' lang='grc' dir='ltr'>τοῦδε</span> <span class='ocrx_word' id='word_1_137' title='bbox 1640 2702 1735 2751; x_wconf 84' lang='grc' dir='ltr'>τοῦ</span> 
     </span>
    </p>
   </div>
   <div class='ocr_carea' id='block_1_22' title="bbox 151 2788 1735 2863">
    <p class='ocr_par' dir='ltr' id='par_1_22' title="bbox 151 2788 1735 2863">
     <span class='ocr_line' id='line_1_22' title="bbox 151 2788 1735 2863; baseline -0.007 -13"><span class='ocrx_word' id='word_1_138' title='bbox 151 2799 305 2863; x_wconf 83' lang='grc' dir='ltr'>διατ.,</span> <span class='ocrx_word' id='word_1_139' title='bbox 333 2795 548 2850; x_wconf 88' lang='lat' dir='ltr'><strong>melius.</strong></span> <span class='ocrx_word' id='word_1_140' title='bbox 589 2791 728 2848; x_wconf 83' lang='lat' dir='ltr'><strong>Ibid.</strong></span> <span class='ocrx_word' id='word_1_141' title='bbox 771 2791 812 2845; x_wconf 90' lang='grc' dir='ltr'><strong>Β</strong></span> <span class='ocrx_word' id='word_1_142' title='bbox 839 2791 926 2856; x_wconf 82' lang='grc'><strong>15,</strong></span> <span class='ocrx_word' id='word_1_143' title='bbox 977 2788 1040 2855; x_wconf 89' lang='lat' dir='ltr'><strong>C,</strong></span> <span class='ocrx_word' id='word_1_144' title='bbox 1083 2788 1637 2859; x_wconf 85' lang='grc' dir='ltr'>τεταλαιπωρημένον</span> <span class='ocrx_word' id='word_1_145' title='bbox 1667 2790 1735 2858; x_wconf 81' lang='grc' dir='ltr'>τῇ</span> 
     </span>
    </p>
   </div>
   <div class='ocr_carea' id='block_1_23' title="bbox 153 2881 1736 2960">
    <p class='ocr_par' dir='ltr' id='par_1_23' title="bbox 153 2881 1736 2960">
     <span class='ocr_line' id='line_1_23' title="bbox 153 2881 1736 2960; baseline -0.005 -17"><span class='ocrx_word' id='word_1_146' title='bbox 153 2890 378 2960; x_wconf 81' lang='grc' dir='ltr'>σκληρᾷ.</span> <span class='ocrx_word' id='word_1_147' title='bbox 433 2885 651 2941; x_wconf 71' lang='lat' dir='ltr'><strong>Pmtuli</strong></span> <span class='ocrx_word' id='word_1_148' title='bbox 715 2883 916 2939; x_wconf 88' lang='lat' dir='ltr'><strong>merito</strong></span> <span class='ocrx_word' id='word_1_149' title='bbox 980 2881 1459 2953; x_wconf 82' lang='grc' dir='ltr'>τεταριχευμένον,</span> <span class='ocrx_word' id='word_1_150' title='bbox 1525 2888 1736 2951; x_wconf 80' lang='lat' dir='ltr'><strong>quanto</strong></span> 
     </span>
    </p>
   </div>
   <div class='ocr_carea' id='block_1_24' title="bbox 153 2971 1732 3045">
    <p class='ocr_par' dir='ltr' id='par_1_24' title="bbox 153 2971 1732 3045">
     <span class='ocr_line' id='line_1_24' title="bbox 153 2971 1732 3045; baseline -0.004 -14"><span class='ocrx_word' id='word_1_151' title='bbox 153 2979 386 3034; x_wconf 82' lang='lat' dir='ltr'><strong>vividius</strong></span> <span class='ocrx_word' id='word_1_152' title='bbox 423 2984 480 3033; x_wconf 89' lang='lat' dir='ltr'><strong>et</strong></span> <span class='ocrx_word' id='word_1_153' title='bbox 509 2975 686 3045; x_wconf 84' lang='lat' dir='ltr'><strong>magis</strong></span> <span class='ocrx_word' id='word_1_154' title='bbox 711 2972 1056 3044; x_wconf 79' lang='lat' dir='ltr'><strong>graphicum.</strong></span> <span class='ocrx_word' id='word_1_155' title='bbox 1092 2973 1261 3041; x_wconf 87' lang='lat' dir='ltr'><strong>Nilus</strong></span> <span class='ocrx_word' id='word_1_156' title='bbox 1288 2971 1460 3042; x_wconf 86' lang='lat' dir='ltr'><strong>Epist.</strong></span> <span class='ocrx_word' id='word_1_157' title='bbox 1494 2988 1532 3038; x_wconf 91' lang='grc' dir='ltr'><strong>ι,</strong></span> <span class='ocrx_word' id='word_1_158' title='bbox 1562 2987 1613 3041; x_wconf 93' lang='lat' dir='ltr'><strong>p.</strong></span> <span class='ocrx_word' id='word_1_159' title='bbox 1650 2973 1683 3025; x_wconf 84' lang='lat'><strong>5</strong></span> <span class='ocrx_word' id='word_1_160' title='bbox 1720 2989 1732 3024; x_wconf 89' lang='lat'>:</span> 
     </span>
    </p>
   </div>
   <div class='ocr_carea' id='block_1_25' title="bbox 152 3063 1736 3142">
    <p class='ocr_par' dir='ltr' id='par_1_25' title="bbox 152 3063 1736 3142">
     <span class='ocr_line' id='line_1_25' title="bbox 152 3063 1736 3142; baseline -0.004 -20"><span class='ocrx_word' id='word_1_161' title='bbox 152 3070 236 3140; x_wconf 88' lang='grc' dir='ltr'>Τῷ</span> <span class='ocrx_word' id='word_1_162' title='bbox 263 3071 374 3142; x_wconf 73' lang='grc' dir='ltr'><strong>γὰρ</strong></span> <span class='ocrx_word' id='word_1_163' title='bbox 406 3065 580 3137; x_wconf 84' lang='grc' dir='ltr'>νοητῷ</span> <span class='ocrx_word' id='word_1_164' title='bbox 605 3065 768 3137; x_wconf 84' lang='grc' dir='ltr'>ἐλαίῳ</span> <span class='ocrx_word' id='word_1_165' title='bbox 809 3065 902 3118; x_wconf 81' lang='grc' dir='ltr'>τοῦ</span> <span class='ocrx_word' id='word_1_166' title='bbox 944 3064 1254 3134; x_wconf 86' lang='grc' dir='ltr'>κρείττονος</span> <span class='ocrx_word' id='word_1_167' title='bbox 1307 3063 1669 3133; x_wconf 83' lang='grc' dir='ltr'>πιανθήσεται</span> <span class='ocrx_word' id='word_1_168' title='bbox 1707 3063 1736 3116; x_wconf 84' lang='grc' dir='ltr'>ὁ</span> 
     </span>
    </p>
   </div>
   <div class='ocr_carea' id='block_1_26' title="bbox 154 3157 1738 3233">
    <p class='ocr_par' dir='ltr' id='par_1_26' title="bbox 154 3157 1738 3233">
     <span class='ocr_line' id='line_1_26' title="bbox 154 3157 1738 3233; baseline -0.007 -14"><span class='ocrx_word' id='word_1_169' title='bbox 154 3161 455 3233; x_wconf 84' lang='grc' dir='ltr'>ἀγωνιστὴς</span> <span class='ocrx_word' id='word_1_170' title='bbox 504 3159 812 3232; x_wconf 72' lang='grc' dir='ltr'>ἄνθρωπος,</span> <span class='ocrx_word' id='word_1_171' title='bbox 861 3160 890 3212; x_wconf 82' lang='grc' dir='ltr'><strong>δ</strong></span> <span class='ocrx_word' id='word_1_172' title='bbox 930 3159 990 3212; x_wconf 86' lang='grc' dir='ltr'><strong>τὸ</strong></span> <span class='ocrx_word' id='word_1_173' title='bbox 1029 3159 1160 3226; x_wconf 72' lang='grc' dir='ltr'>πρὶν</span> <span class='ocrx_word' id='word_1_174' title='bbox 1192 3157 1602 3227; x_wconf 69' lang='grc' dir='ltr'>καταπονηθεὶς</span> <span class='ocrx_word' id='word_1_175' title='bbox 1643 3157 1738 3209; x_wconf 71' lang='grc' dir='ltr'><strong>καὶ</strong></span> 
     </span>
    </p>
   </div>
   <div class='ocr_carea' id='block_1_27' title="bbox 159 3245 1732 3325">
    <p class='ocr_par' dir='ltr' id='par_1_27' title="bbox 159 3245 1732 3325">
     <span class='ocr_line' id='line_1_27' title="bbox 159 3245 1732 3325; baseline -0.002 -21"><span class='ocrx_word' id='word_1_176' title='bbox 159 3251 602 3325; x_wconf 81' lang='grc' dir='ltr'>τεταριχευμένος</span> <span class='ocrx_word' id='word_1_177' title='bbox 662 3252 730 3320; x_wconf 78' lang='grc' dir='ltr'>τῇ</span> <span class='ocrx_word' id='word_1_178' title='bbox 764 3250 1045 3320; x_wconf 77' lang='grc' dir='ltr'>ἐνοχλήσει</span> <span class='ocrx_word' id='word_1_179' title='bbox 1091 3248 1192 3317; x_wconf 83' lang='grc' dir='ltr'>τῆς</span> <span class='ocrx_word' id='word_1_180' title='bbox 1226 3245 1624 3310; x_wconf 83' lang='grc' dir='ltr'>πολυπαθείας.</span> <span class='ocrx_word' id='word_1_181' title='bbox 1649 3247 1732 3301; x_wconf 82' lang='lat' dir='ltr'><strong>Ad</strong></span> 
     </span>
    </p>
   </div>
   <div class='ocr_carea' id='block_1_28' title="bbox 154 3337 1731 3414">
    <p class='ocr_par' dir='ltr' id='par_1_28' title="bbox 154 3337 1731 3414">
     <span class='ocr_line' id='line_1_28' title="bbox 154 3337 1731 3414; baseline -0.004 -14"><span class='ocrx_word' id='word_1_182' title='bbox 154 3345 292 3414; x_wconf 83' lang='lat' dir='ltr'><strong>quod</strong></span> <span class='ocrx_word' id='word_1_183' title='bbox 358 3344 626 3400; x_wconf 83' lang='lat' dir='ltr'><strong>Possinus</strong></span> <span class='ocrx_word' id='word_1_184' title='bbox 681 3341 964 3397; x_wconf 78' lang='lat' dir='ltr'><strong>offendens</strong></span> <span class='ocrx_word' id='word_1_185' title='bbox 988 3381 1004 3406; x_wconf 95' lang='lat'><strong>,</strong></span> <span class='ocrx_word' id='word_1_186' title='bbox 1048 3348 1300 3394; x_wconf 90' lang='lat' dir='ltr'><strong>autumat</strong></span> <span class='ocrx_word' id='word_1_187' title='bbox 1331 3339 1508 3394; x_wconf 88' lang='lat' dir='ltr'><strong>fuisse</strong></span> <span class='ocrx_word' id='word_1_188' title='bbox 1541 3354 1572 3392; x_wconf 92' lang='lat' dir='ltr'><strong>a</strong></span> <span class='ocrx_word' id='word_1_189' title='bbox 1607 3337 1731 3394; x_wconf 86' lang='lat' dir='ltr'><strong>Nilo</strong></span> 
     </span>
    </p>
   </div>
   <div class='ocr_carea' id='block_1_29' title="bbox 157 3431 1733 3508">
    <p class='ocr_par' dir='ltr' id='par_1_29' title="bbox 157 3431 1733 3508">
     <span class='ocr_line' id='line_1_29' title="bbox 157 3431 1733 3508; baseline -0.003 -17"><span class='ocrx_word' id='word_1_190' title='bbox 157 3438 416 3508; x_wconf 86' lang='lat' dir='ltr'><strong>scriptum</strong></span> <span class='ocrx_word' id='word_1_191' title='bbox 451 3434 883 3506; x_wconf 80' lang='grc' dir='ltr'>τετρυχωμένος.</span> <span class='ocrx_word' id='word_1_192' title='bbox 931 3433 1040 3489; x_wconf 89' lang='lat' dir='ltr'><strong>Sed</strong></span> <span class='ocrx_word' id='word_1_193' title='bbox 1080 3433 1262 3503; x_wconf 90' lang='lat' dir='ltr'><strong>ipsum</strong></span> <span class='ocrx_word' id='word_1_194' title='bbox 1314 3447 1438 3501; x_wconf 67' lang='lat' dir='ltr'><strong>quae</strong></span> <span class='ocrx_word' id='word_1_195' title='bbox 1469 3431 1733 3501; x_wconf 61' lang='lat' dir='ltr'><strong>praecedit</strong></span> 
     </span>
    </p>
   </div>
   <div class='ocr_carea' id='block_1_30' title="bbox 158 3523 1732 3598">
    <p class='ocr_par' dir='ltr' id='par_1_30' title="bbox 158 3523 1732 3598">
     <span class='ocr_line' id='line_1_30' title="bbox 158 3523 1732 3598; baseline -0.002 -17"><span class='ocrx_word' id='word_1_196' title='bbox 158 3529 329 3582; x_wconf 78' lang='grc' dir='ltr'>ἐλαίου</span> <span class='ocrx_word' id='word_1_197' title='bbox 363 3527 680 3598; x_wconf 83' lang='lat' dir='ltr'><strong>metaphora</strong></span> <span class='ocrx_word' id='word_1_198' title='bbox 714 3528 955 3581; x_wconf 88' lang='lat' dir='ltr'><strong>retinere</strong></span> <span class='ocrx_word' id='word_1_199' title='bbox 987 3523 1396 3594; x_wconf 83' lang='lat' dir='ltr'><strong>poterat.Nilns</strong></span> <span class='ocrx_word' id='word_1_200' title='bbox 1431 3525 1594 3594; x_wconf 91' lang='lat' dir='ltr'><strong>epist.</strong></span> <span class='ocrx_word' id='word_1_201' title='bbox 1627 3525 1732 3580; x_wconf 65' lang='lat'><strong>46:</strong></span> 
     </span>
    </p>
   </div>
   <div class='ocr_carea' id='block_1_31' title="bbox 158 3613 1736 3688">
    <p class='ocr_par' dir='ltr' id='par_1_31' title="bbox 158 3613 1736 3688">
     <span class='ocr_line' id='line_1_31' title="bbox 158 3613 1736 3688; baseline -0.002 -17"><span class='ocrx_word' id='word_1_202' title='bbox 158 3618 305 3672; x_wconf 83' lang='grc' dir='ltr'><strong>Μετὰ</strong></span> <span class='ocrx_word' id='word_1_203' title='bbox 325 3618 386 3671; x_wconf 84' lang='grc' dir='ltr'><strong>τὸ</strong></span> <span class='ocrx_word' id='word_1_204' title='bbox 417 3618 558 3685; x_wconf 81' lang='grc' dir='ltr'>ἄγαν</span> <span class='ocrx_word' id='word_1_205' title='bbox 599 3616 936 3688; x_wconf 82' lang='grc' dir='ltr'>ξηρανθῆναι</span> <span class='ocrx_word' id='word_1_206' title='bbox 983 3615 1045 3667; x_wconf 84' lang='grc' dir='ltr'><strong>τὸ</strong></span> <span class='ocrx_word' id='word_1_207' title='bbox 1069 3614 1229 3686; x_wconf 83' lang='grc' dir='ltr'>σῶμα</span> <span class='ocrx_word' id='word_1_208' title='bbox 1261 3617 1328 3686; x_wconf 83' lang='grc' dir='ltr'>τῇ</span> <span class='ocrx_word' id='word_1_209' title='bbox 1354 3613 1600 3686; x_wconf 83' lang='grc' dir='ltr'>νηστείᾳ.</span> <span class='ocrx_word' id='word_1_210' title='bbox 1630 3614 1736 3669; x_wconf 88' lang='grc' dir='ltr'><strong>Ρο-</strong></span> 
     </span>
    </p>
   </div>
   <div class='ocr_carea' id='block_1_32' title="bbox 156 3703 1729 3776">
    <p class='ocr_par' dir='ltr' id='par_1_32' title="bbox 156 3703 1729 3776">
     <span class='ocr_line' id='line_1_32' title="bbox 156 3703 1729 3776; baseline 0 -16"><span class='ocrx_word' id='word_1_211' title='bbox 156 3707 347 3763; x_wconf 85' lang='lat' dir='ltr'><strong>tuisset</strong></span> <span class='ocrx_word' id='word_1_212' title='bbox 383 3717 440 3763; x_wconf 91' lang='lat' dir='ltr'><strong>et</strong></span> <span class='ocrx_word' id='word_1_213' title='bbox 469 3708 555 3761; x_wconf 81' lang='lat' dir='ltr'><strong>hic</strong></span> <span class='ocrx_word' id='word_1_214' title='bbox 584 3705 740 3762; x_wconf 84' lang='lat' dir='ltr'><strong>Nilus</strong></span> <span class='ocrx_word' id='word_1_215' title='bbox 776 3706 1042 3768; x_wconf 86' lang='lat' dir='ltr'><strong>scribere,</strong></span> <span class='ocrx_word' id='word_1_216' title='bbox 1093 3703 1537 3776; x_wconf 79' lang='grc' dir='ltr'>τεταριχεῦσθαι.</span> <span class='ocrx_word' id='word_1_217' title='bbox 1590 3705 1729 3760; x_wconf 89' lang='lat' dir='ltr'><strong>Ibid.</strong></span> 
     </span>
    </p>
   </div>
   <div class='ocr_carea' id='block_1_33' title="bbox 158 3793 1736 3867">
    <p class='ocr_par' dir='ltr' id='par_1_33' title="bbox 158 3793 1736 3867">
     <span class='ocr_line' id='line_1_33' title="bbox 158 3793 1736 3867; baseline -0.001 -17"><span class='ocrx_word' id='word_1_218' title='bbox 158 3811 210 3851; x_wconf 91' lang='lat' dir='ltr'><strong>n.</strong></span> <span class='ocrx_word' id='word_1_219' title='bbox 265 3796 353 3853; x_wconf 87' lang='lat'><strong>29.</strong></span> <span class='ocrx_word' id='word_1_220' title='bbox 393 3796 688 3867; x_wconf 87' lang='lat' dir='ltr'><strong>Displicuit</strong></span> <span class='ocrx_word' id='word_1_221' title='bbox 722 3793 1089 3863; x_wconf 79' lang='grc' dir='ltr'>ἐκλεξάμενον</span> <span class='ocrx_word' id='word_1_222' title='bbox 1137 3793 1208 3850; x_wconf 90' lang='lat' dir='ltr'><strong>ob</strong></span> <span class='ocrx_word' id='word_1_223' title='bbox 1245 3808 1474 3863; x_wconf 85' lang='lat' dir='ltr'><strong>pravum</strong></span> <span class='ocrx_word' id='word_1_224' title='bbox 1506 3795 1620 3848; x_wconf 90' lang='lat' dir='ltr'><strong>toni</strong></span> <span class='ocrx_word' id='word_1_225' title='bbox 1663 3795 1736 3848; x_wconf 85' lang='lat' dir='ltr'><strong>lo-</strong></span> 
     </span>
    </p>
   </div>
   <div class='ocr_carea' id='block_1_34' title="bbox 155 3886 1736 3960">
    <p class='ocr_par' dir='ltr' id='par_1_34' title="bbox 155 3886 1736 3960">
     <span class='ocr_line' id='line_1_34' title="bbox 155 3886 1736 3960; baseline -0.003 -18"><span class='ocrx_word' id='word_1_226' title='bbox 155 3902 296 3943; x_wconf 89' lang='lat' dir='ltr'><strong>cum.</strong></span> <span class='ocrx_word' id='word_1_227' title='bbox 345 3889 569 3944; x_wconf 88' lang='lat' dir='ltr'><strong>Simeon</strong></span> <span class='ocrx_word' id='word_1_228' title='bbox 634 3887 787 3942; x_wconf 85' lang='lat' dir='ltr'><strong>Sethi</strong></span> <span class='ocrx_word' id='word_1_229' title='bbox 838 3887 1073 3960; x_wconf 86' lang='lat' dir='ltr'><strong>lchnel.,</strong></span> <span class='ocrx_word' id='word_1_230' title='bbox 1097 3903 1152 3956; x_wconf 90' lang='lat' dir='ltr'><strong>p.</strong></span> <span class='ocrx_word' id='word_1_231' title='bbox 1182 3886 1289 3941; x_wconf 77' lang='lat'><strong>562</strong></span> <span class='ocrx_word' id='word_1_232' title='bbox 1327 3887 1511 3950; x_wconf 75' lang='grc' dir='ltr'>εΝοῢς</span> <span class='ocrx_word' id='word_1_233' title='bbox 1548 3889 1606 3939; x_wconf 87' lang='grc' dir='ltr'>ὲν</span> <span class='ocrx_word' id='word_1_234' title='bbox 1638 3904 1736 3956; x_wconf 87' lang='grc' dir='ltr'>με-</span> 
     </span>
    </p>
   </div>
   <div class='ocr_carea' id='block_1_35' title="bbox 159 3975 1737 4051">
    <p class='ocr_par' dir='ltr' id='par_1_35' title="bbox 159 3975 1737 4051">
     <span class='ocr_line' id='line_1_35' title="bbox 159 3975 1737 4051; baseline -0.003 -19"><span class='ocrx_word' id='word_1_235' title='bbox 159 3978 370 4049; x_wconf 82' lang='grc' dir='ltr'>ρίμναις</span> <span class='ocrx_word' id='word_1_236' title='bbox 392 3981 492 4051; x_wconf 82' lang='grc' dir='ltr'>σῆς</span> <span class='ocrx_word' id='word_1_237' title='bbox 528 3978 814 4051; x_wconf 79' lang='grc' dir='ltr'>βιὸρώσων</span> <span class='ocrx_word' id='word_1_238' title='bbox 855 3978 1042 4034; x_wconf 80' lang='grc' dir='ltr'>δστεα.</span> <span class='ocrx_word' id='word_1_239' title='bbox 1092 3978 1320 4048; x_wconf 78' lang='lat' dir='ltr'><strong>Repono</strong></span> <span class='ocrx_word' id='word_1_240' title='bbox 1349 3993 1361 4028; x_wconf 89' lang='lat'><strong>:</strong></span> <span class='ocrx_word' id='word_1_241' title='bbox 1392 3977 1494 4047; x_wconf 83' lang='grc' dir='ltr'><strong>σὴς</strong></span> <span class='ocrx_word' id='word_1_242' title='bbox 1535 3975 1737 4046; x_wconf 79' lang='grc' dir='ltr'>βιῦρώ-</span> 
     </span>
    </p>
   </div>
   <div class='ocr_carea' id='block_1_36' title="bbox 156 4071 498 4124">
    <p class='ocr_par' dir='ltr' id='par_1_36' title="bbox 156 4071 498 4124">
     <span class='ocr_line' id='line_1_36' title="bbox 156 4071 498 4124; baseline 0.006 -2"><span class='ocrx_word' id='word_1_243' title='bbox 156 4085 240 4124; x_wconf 78' lang='grc' dir='ltr'><strong>σκι</strong></span> <span class='ocrx_word' id='word_1_244' title='bbox 253 4089 296 4124; x_wconf 77' lang='grc' dir='ltr'><strong>ιν</strong></span> <span class='ocrx_word' id='word_1_245' title='bbox 313 4071 498 4124; x_wconf 82' lang='grc' dir='ltr'>ὀστέα.</span> 
     </span>
    </p>
   </div>
   <div class='ocr_carea' id='block_1_37' title="bbox 221 4158 1736 4234">
    <p class='ocr_par' dir='ltr' id='par_1_37' title="bbox 221 4158 1736 4234">
     <span class='ocr_line' id='line_1_37' title="bbox 221 4158 1736 4234; baseline -0.003 -17"><span class='ocrx_word' id='word_1_246' title='bbox 221 4163 349 4234; x_wconf 80' lang='lat' dir='ltr'><strong>Pag.</strong></span> <span class='ocrx_word' id='word_1_247' title='bbox 411 4162 496 4228; x_wconf 80' lang='lat' dir='ltr'><strong>l2,</strong></span> <span class='ocrx_word' id='word_1_248' title='bbox 533 4163 619 4218; x_wconf 84' lang='grc'><strong>19.</strong></span> <span class='ocrx_word' id='word_1_249' title='bbox 654 4161 834 4216; x_wconf 87' lang='lat' dir='ltr'><strong>Scrib.</strong></span> <span class='ocrx_word' id='word_1_250' title='bbox 873 4161 1016 4215; x_wconf 84' lang='grc' dir='ltr'>καθὰ</span> <span class='ocrx_word' id='word_1_251' title='bbox 1071 4177 1197 4212; x_wconf 88' lang='grc' dir='ltr'>που.</span> <span class='ocrx_word' id='word_1_252' title='bbox 1229 4159 1291 4223; x_wconf 90' lang='lat' dir='ltr'><strong>C,</strong></span> <span class='ocrx_word' id='word_1_253' title='bbox 1326 4159 1604 4229; x_wconf 77' lang='grc' dir='ltr'>καθάπερ.</span> <span class='ocrx_word' id='word_1_254' title='bbox 1644 4158 1736 4214; x_wconf 86' lang='lat' dir='ltr'><strong>Sic</strong></span> 
     </span>
    </p>
   </div>
   <div class='ocr_carea' id='block_1_38' title="bbox 155 4251 1735 4327">
    <p class='ocr_par' dir='ltr' id='par_1_38' title="bbox 155 4251 1735 4327">
     <span class='ocr_line' id='line_1_38' title="bbox 155 4251 1735 4327; baseline -0.002 -20"><span class='ocrx_word' id='word_1_255' title='bbox 155 4269 275 4324; x_wconf 83' lang='lat' dir='ltr'><strong>pag.</strong></span> <span class='ocrx_word' id='word_1_256' title='bbox 324 4257 451 4321; x_wconf 68' lang='grc'><strong>510,</strong></span> <span class='ocrx_word' id='word_1_257' title='bbox 494 4257 566 4310; x_wconf 88' lang='lat'><strong>25</strong></span> <span class='ocrx_word' id='word_1_258' title='bbox 594 4270 692 4327; x_wconf 87' lang='lat' dir='ltr'><strong>pro</strong></span> <span class='ocrx_word' id='word_1_259' title='bbox 732 4255 877 4309; x_wconf 85' lang='grc' dir='ltr'>καθὰ</span> <span class='ocrx_word' id='word_1_260' title='bbox 923 4271 1026 4306; x_wconf 84' lang='grc' dir='ltr'><strong>που</strong></span> <span class='ocrx_word' id='word_1_261' title='bbox 1060 4253 1164 4318; x_wconf 71' lang='grc' dir='ltr'><strong>καί.⁴</strong></span> <span class='ocrx_word' id='word_1_262' title='bbox 1197 4253 1346 4322; x_wconf 73' lang='grc' dir='ltr'>περὶ,</span> <span class='ocrx_word' id='word_1_263' title='bbox 1385 4251 1448 4316; x_wconf 88' lang='lat' dir='ltr'><strong>C,</strong></span> <span class='ocrx_word' id='word_1_264' title='bbox 1480 4252 1735 4321; x_wconf 81' lang='grc' dir='ltr'>καθάπερ</span> 
     </span>
    </p>
   </div>
   <div class='ocr_carea' id='block_1_39' title="bbox 155 4346 301 4415">
    <p class='ocr_par' dir='ltr' id='par_1_39' title="bbox 155 4346 301 4415">
     <span class='ocr_line' id='line_1_39' title="bbox 155 4346 301 4415; baseline 0.021 -19"><span class='ocrx_word' id='word_1_265' title='bbox 155 4346 301 4415; x_wconf 85' lang='grc' dir='ltr'>περί.</span> 
     </span>
    </p>
   </div>
   <div class='ocr_carea' id='block_1_40' title="bbox 220 4433 1732 4510">
    <p class='ocr_par' dir='ltr' id='par_1_40' title="bbox 220 4433 1732 4510">
     <span class='ocr_line' id='line_1_40' title="bbox 220 4433 1732 4510; baseline -0.001 -21"><span class='ocrx_word' id='word_1_266' title='bbox 220 4435 351 4508; x_wconf 85' lang='lat' dir='ltr'><strong>Pag.</strong></span> <span class='ocrx_word' id='word_1_267' title='bbox 383 4439 471 4502; x_wconf 86' lang='grc'><strong>16,</strong></span> <span class='ocrx_word' id='word_1_268' title='bbox 515 4439 563 4492; x_wconf 90' lang='grc'><strong>1,</strong></span> <span class='ocrx_word' id='word_1_269' title='bbox 619 4437 957 4510; x_wconf 86' lang='lat' dir='ltr'><strong>Theophilus</strong></span> <span class='ocrx_word' id='word_1_270' title='bbox 1019 4438 1177 4494; x_wconf 83' lang='lat' dir='ltr'><strong>Alex.</strong></span> <span class='ocrx_word' id='word_1_271' title='bbox 1224 4435 1460 4492; x_wconf 85' lang='lat' dir='ltr'><strong>l-lomilia</strong></span> <span class='ocrx_word' id='word_1_272' title='bbox 1501 4452 1514 4488; x_wconf 89' lang='lat'><strong>:</strong></span> <span class='ocrx_word' id='word_1_273' title='bbox 1563 4433 1732 4502; x_wconf 76' lang='lat' dir='ltr'><strong>Cujus</strong></span> 
     </span>
    </p>
   </div>
   <div class='ocr_carea' id='block_1_41' title="bbox 152 4527 1737 4600">
    <p class='ocr_par' dir='ltr' id='par_1_41' title="bbox 152 4527 1737 4600">
     <span class='ocr_line' id='line_1_41' title="bbox 152 4527 1737 4600; baseline -0.002 -20"><span class='ocrx_word' id='word_1_274' title='bbox 152 4529 224 4581; x_wconf 75' lang='lat' dir='ltr'><strong>rei</strong></span> <span class='ocrx_word' id='word_1_275' title='bbox 255 4527 409 4582; x_wconf 81' lang='lat' dir='ltr'><strong>homo</strong></span> <span class='ocrx_word' id='word_1_276' title='bbox 439 4530 653 4594; x_wconf 76' lang='lat' dir='ltr'><strong>similis,</strong></span> <span class='ocrx_word' id='word_1_277' title='bbox 706 4547 758 4600; x_wconf 89' lang='lat' dir='ltr'><strong>p.</strong></span> <span class='ocrx_word' id='word_1_278' title='bbox 794 4532 860 4584; x_wconf 73' lang='lat' dir='ltr'><strong>M</strong></span> <span class='ocrx_word' id='word_1_279' title='bbox 893 4549 906 4584; x_wconf 87' lang='lat'>:</span> <span class='ocrx_word' id='word_1_280' title='bbox 941 4531 1122 4594; x_wconf 83' lang='grc' dir='ltr'>’Ὀλως</span> <span class='ocrx_word' id='word_1_281' title='bbox 1174 4529 1282 4600; x_wconf 78' lang='grc' dir='ltr'>γὰρ</span> <span class='ocrx_word' id='word_1_282' title='bbox 1308 4531 1336 4582; x_wconf 86' lang='grc' dir='ltr'>ὁ</span> <span class='ocrx_word' id='word_1_283' title='bbox 1356 4529 1559 4598; x_wconf 83' lang='grc' dir='ltr'>κόσμος</span> <span class='ocrx_word' id='word_1_284' title='bbox 1587 4529 1644 4579; x_wconf 86' lang='grc' dir='ltr'><strong>ἐν</strong></span> <span class='ocrx_word' id='word_1_285' title='bbox 1661 4527 1737 4597; x_wconf 82' lang='grc' dir='ltr'><strong>τῷ</strong></span> 
     </span>
    </p>
   </div>
   <div class='ocr_carea' id='block_1_42' title="bbox 153 4620 1558 4690">
    <p class='ocr_par' dir='ltr' id='par_1_42' title="bbox 153 4620 1558 4690">
     <span class='ocr_line' id='line_1_42' title="bbox 153 4620 1558 4690; baseline 0.003 -17"><span class='ocrx_word' id='word_1_286' title='bbox 153 4620 373 4690; x_wconf 78' lang='grc' dir='ltr'>πονηρῷ</span> <span class='ocrx_word' id='word_1_287' title='bbox 394 4623 591 4676; x_wconf 82' lang='grc' dir='ltr'>κεῖται.</span> <span class='ocrx_word' id='word_1_288' title='bbox 625 4621 913 4678; x_wconf 85' lang='lat' dir='ltr'><strong>Consentit</strong></span> <span class='ocrx_word' id='word_1_289' title='bbox 945 4622 1001 4678; x_wconf 90' lang='lat' dir='ltr'><strong>in</strong></span> <span class='ocrx_word' id='word_1_290' title='bbox 1030 4622 1166 4685; x_wconf 82' lang='grc' dir='ltr'>ὅλως</span> <span class='ocrx_word' id='word_1_291' title='bbox 1191 4623 1360 4677; x_wconf 82' lang='lat' dir='ltr'><strong>codex</strong></span> <span class='ocrx_word' id='word_1_292' title='bbox 1398 4621 1558 4677; x_wconf 80' lang='grc'><strong>1015.</strong></span> 
     </span>
    </p>
   </div>
   <div class='ocr_carea' id='block_1_43' title="bbox 219 4711 1735 4786">
    <p class='ocr_par' dir='ltr' id='par_1_43' title="bbox 219 4711 1735 4786">
     <span class='ocr_line' id='line_1_43' title="bbox 219 4711 1735 4786; baseline 0.003 -22"><span class='ocrx_word' id='word_1_293' title='bbox 219 4711 348 4782; x_wconf 77' lang='lat' dir='ltr'><strong>Pag.</strong></span> <span class='ocrx_word' id='word_1_294' title='bbox 405 4714 494 4778; x_wconf 87' lang='grc'><strong>18,</strong></span> <span class='ocrx_word' id='word_1_295' title='bbox 537 4714 626 4769; x_wconf 88' lang='grc'><strong>11.</strong></span> <span class='ocrx_word' id='word_1_296' title='bbox 673 4714 762 4768; x_wconf 86' lang='lat' dir='ltr'><strong>AC</strong></span> <span class='ocrx_word' id='word_1_297' title='bbox 810 4715 971 4783; x_wconf 84' lang='lat' dir='ltr'><strong>(nihil</strong></span> <span class='ocrx_word' id='word_1_298' title='bbox 1048 4729 1114 4769; x_wconf 83' lang='lat' dir='ltr'><strong>ex</strong></span> <span class='ocrx_word' id='word_1_299' title='bbox 1149 4714 1190 4766; x_wconf 84' lang='grc' dir='ltr'><strong>Β</strong></span> <span class='ocrx_word' id='word_1_300' title='bbox 1237 4713 1501 4783; x_wconf 83' lang='lat' dir='ltr'><strong>enotavi),</strong></span> <span class='ocrx_word' id='word_1_301' title='bbox 1538 4715 1735 4786; x_wconf 78' lang='grc' dir='ltr'>εὐμορ-</span> 
     </span>
    </p>
   </div>
   <div class='ocr_carea' id='block_1_44' title="bbox 153 4803 1736 4878">
    <p class='ocr_par' dir='ltr' id='par_1_44' title="bbox 153 4803 1736 4878">
     <span class='ocr_line' id='line_1_44' title="bbox 153 4803 1736 4878; baseline 0.006 -23"><span class='ocrx_word' id='word_1_302' title='bbox 153 4803 419 4873; x_wconf 80' lang='grc' dir='ltr'>φὼτατος.</span> <span class='ocrx_word' id='word_1_303' title='bbox 455 4807 549 4862; x_wconf 89' lang='lat' dir='ltr'><strong>Sic</strong></span> <span class='ocrx_word' id='word_1_304' title='bbox 575 4823 627 4877; x_wconf 90' lang='lat' dir='ltr'><strong>p.</strong></span> <span class='ocrx_word' id='word_1_305' title='bbox 649 4807 778 4870; x_wconf 87' lang='lat'><strong>275,</strong></span> <span class='ocrx_word' id='word_1_306' title='bbox 796 4807 828 4860; x_wconf 89' lang='lat'><strong>8</strong></span> <span class='ocrx_word' id='word_1_307' title='bbox 852 4807 939 4861; x_wconf 84' lang='lat' dir='ltr'><strong>AC</strong></span> <span class='ocrx_word' id='word_1_308' title='bbox 960 4807 1383 4878; x_wconf 77' lang='grc' dir='ltr'>εὐμορφωτάτη.</span> <span class='ocrx_word' id='word_1_309' title='bbox 1406 4806 1576 4862; x_wconf 86' lang='lat' dir='ltr'><strong>Error</strong></span> <span class='ocrx_word' id='word_1_310' title='bbox 1607 4810 1736 4864; x_wconf 91' lang='lat' dir='ltr'><strong>olim</strong></span> 
     </span>
    </p>
   </div>
   <div class='ocr_carea' id='block_1_45' title="bbox 151 4895 1734 4969">
    <p class='ocr_par' dir='ltr' id='par_1_45' title="bbox 151 4895 1734 4969">
     <span class='ocr_line' id='line_1_45' title="bbox 151 4895 1734 4969; baseline 0.003 -21"><span class='ocrx_word' id='word_1_311' title='bbox 151 4895 290 4950; x_wconf 86' lang='lat' dir='ltr'><strong>idem</strong></span> <span class='ocrx_word' id='word_1_312' title='bbox 322 4897 376 4952; x_wconf 90' lang='lat' dir='ltr'><strong>in</strong></span> <span class='ocrx_word' id='word_1_313' title='bbox 407 4914 471 4955; x_wconf 87' lang='lat' dir='ltr'><strong>ea</strong></span> <span class='ocrx_word' id='word_1_314' title='bbox 499 4912 634 4954; x_wconf 82' lang='lat' dir='ltr'><strong>voce</strong></span> <span class='ocrx_word' id='word_1_315' title='bbox 665 4899 810 4969; x_wconf 81' lang='lat' dir='ltr'><strong>apud</strong></span> <span class='ocrx_word' id='word_1_316' title='bbox 853 4899 1121 4956; x_wconf 82' lang='lat' dir='ltr'><strong>Achillem</strong></span> <span class='ocrx_word' id='word_1_317' title='bbox 1172 4898 1293 4953; x_wconf 86' lang='lat' dir='ltr'><strong>Tat.</strong></span> <span class='ocrx_word' id='word_1_318' title='bbox 1324 4901 1531 4955; x_wconf 87' lang='lat' dir='ltr'><strong>exstitit</strong></span> <span class='ocrx_word' id='word_1_319' title='bbox 1569 4919 1580 4953; x_wconf 92' lang='lat'>:</span> <span class='ocrx_word' id='word_1_320' title='bbox 1614 4901 1734 4956; x_wconf 88' lang='lat' dir='ltr'><strong>vide</strong></span> 
     </span>
    </p>
   </div>
   <div class='ocr_carea' id='block_1_46' title="bbox 150 4982 620 5061">
    <p class='ocr_par' dir='ltr' id='par_1_46' title="bbox 150 4982 620 5061">
     <span class='ocr_line' id='line_1_46' title="bbox 150 4982 620 5061; baseline 0.019 -23"><span class='ocrx_word' id='word_1_321' title='bbox 150 4982 372 5044; x_wconf 80' lang='lat' dir='ltr'><strong>Jacobs.</strong></span> <span class='ocrx_word' id='word_1_322' title='bbox 405 5005 458 5061; x_wconf 88' lang='lat' dir='ltr'><strong>p.</strong></span> <span class='ocrx_word' id='word_1_323' title='bbox 495 4991 620 5047; x_wconf 86' lang='lat'><strong>856.</strong></span> 
     </span>
    </p>
   </div>
   <div class='ocr_carea' id='block_1_47' title="bbox 218 5079 1733 5154">
    <p class='ocr_par' dir='ltr' id='par_1_47' title="bbox 218 5079 1733 5154">
     <span class='ocr_line' id='line_1_47' title="bbox 218 5079 1733 5154; baseline 0.004 -20"><span class='ocrx_word' id='word_1_324' title='bbox 218 5079 351 5152; x_wconf 84' lang='lat' dir='ltr'><strong>Pag.</strong></span> <span class='ocrx_word' id='word_1_325' title='bbox 389 5083 479 5149; x_wconf 76' lang='lat' dir='ltr'><strong>2i,</strong></span> <span class='ocrx_word' id='word_1_326' title='bbox 503 5084 560 5138; x_wconf 95' lang='lat'><strong>2.</strong></span> <span class='ocrx_word' id='word_1_327' title='bbox 593 5084 668 5138; x_wconf 89' lang='lat' dir='ltr'><strong>De</strong></span> <span class='ocrx_word' id='word_1_328' title='bbox 696 5084 840 5138; x_wconf 73' lang='grc' dir='ltr'>οὕτω</span> <span class='ocrx_word' id='word_1_329' title='bbox 877 5084 1090 5154; x_wconf 74' lang='grc' dir='ltr'>συμϐὰν</span> <span class='ocrx_word' id='word_1_330' title='bbox 1140 5084 1280 5139; x_wconf 71' lang='grc'><strong>311118</strong></span> <span class='ocrx_word' id='word_1_331' title='bbox 1329 5092 1446 5140; x_wconf 86' lang='lat' dir='ltr'><strong>not.</strong></span> <span class='ocrx_word' id='word_1_332' title='bbox 1506 5086 1573 5140; x_wconf 86' lang='lat' dir='ltr'><strong>ad</strong></span> <span class='ocrx_word' id='word_1_333' title='bbox 1606 5086 1733 5141; x_wconf 79' lang='lat' dir='ltr'><strong>Ari-</strong></span> 
     </span>
    </p>
   </div>
   <div class='ocr_carea' id='block_1_48' title="bbox 154 5179 570 5247">
    <p class='ocr_par' dir='ltr' id='par_1_48' title="bbox 154 5179 570 5247">
     <span class='ocr_line' id='line_1_48' title="bbox 154 5179 570 5247; baseline 0.01 -20"><span class='ocrx_word' id='word_1_334' title='bbox 154 5181 310 5230; x_wconf 72' lang='lat' dir='ltr'><strong>staen.</strong></span> <span class='ocrx_word' id='word_1_335' title='bbox 343 5192 400 5247; x_wconf 88' lang='lat' dir='ltr'><strong>p.</strong></span> <span class='ocrx_word' id='word_1_336' title='bbox 448 5179 570 5233; x_wconf 82' lang='grc'><strong>756.</strong></span> 
     </span>
    </p>
   </div>
   <div class='ocr_carea' id='block_1_49' title="bbox 224 5269 1732 5343">
    <p class='ocr_par' dir='ltr' id='par_1_49' title="bbox 224 5269 1732 5343">
     <span class='ocr_line' id='line_1_49' title="bbox 224 5269 1732 5343; baseline 0.002 -20"><span class='ocrx_word' id='word_1_337' title='bbox 224 5269 352 5341; x_wconf 78' lang='lat' dir='ltr'><strong>Pag.</strong></span> <span class='ocrx_word' id='word_1_338' title='bbox 399 5272 490 5339; x_wconf 83' lang='lat'><strong>22,</strong></span> <span class='ocrx_word' id='word_1_339' title='bbox 536 5273 625 5327; x_wconf 93' lang='grc'><strong>10.</strong></span> <span class='ocrx_word' id='word_1_340' title='bbox 676 5273 962 5330; x_wconf 86' lang='lat' dir='ltr'><strong>Glossator</strong></span> <span class='ocrx_word' id='word_1_341' title='bbox 1026 5273 1080 5327; x_wconf 88' lang='lat' dir='ltr'><strong>in</strong></span> <span class='ocrx_word' id='word_1_342' title='bbox 1136 5273 1178 5325; x_wconf 83' lang='lat' dir='ltr'><strong>A</strong></span> <span class='ocrx_word' id='word_1_343' title='bbox 1230 5272 1490 5342; x_wconf 84' lang='lat' dir='ltr'><strong>ascripsit</strong></span> <span class='ocrx_word' id='word_1_344' title='bbox 1530 5273 1732 5343; x_wconf 80' lang='grc' dir='ltr'>στὶχος.</span> 
     </span>
    </p>
   </div>
   <div class='ocr_carea' id='block_1_50' title="bbox 157 5353 1738 5432">
    <p class='ocr_par' dir='ltr' id='par_1_50' title="bbox 157 5353 1738 5432">
     <span class='ocr_line' id='line_1_50' title="bbox 157 5353 1738 5432; baseline 0.001 -22"><span class='ocrx_word' id='word_1_345' title='bbox 157 5353 326 5412; x_wconf 80' lang='lat' dir='ltr'><strong>Verba</strong></span> <span class='ocrx_word' id='word_1_346' title='bbox 347 5361 588 5427; x_wconf 82' lang='lat' dir='ltr'><strong>scilicet,</strong></span> <span class='ocrx_word' id='word_1_347' title='bbox 647 5361 851 5432; x_wconf 79' lang='grc' dir='ltr'>ἄνθρ...</span> <span class='ocrx_word' id='word_1_348' title='bbox 895 5360 1176 5432; x_wconf 75' lang='grc' dir='ltr'>ῥημάτων,</span> <span class='ocrx_word' id='word_1_349' title='bbox 1227 5375 1448 5414; x_wconf 88' lang='lat' dir='ltr'><strong>versum</strong></span> <span class='ocrx_word' id='word_1_350' title='bbox 1493 5358 1738 5415; x_wconf 76' lang='lat' dir='ltr'><strong>efﬁciunt</strong></span> 
     </span>
    </p>
   </div>
   <div class='ocr_carea' id='block_1_51' title="bbox 157 5449 1378 5523">
    <p class='ocr_par' dir='ltr' id='par_1_51' title="bbox 157 5449 1378 5523">
     <span class='ocr_line' id='line_1_51' title="bbox 157 5449 1378 5523; baseline 0.005 -21"><span class='ocrx_word' id='word_1_351' title='bbox 157 5449 435 5516; x_wconf 87' lang='lat' dir='ltr'><strong>politicum</strong></span> <span class='ocrx_word' id='word_1_352' title='bbox 466 5453 976 5523; x_wconf 87' lang='lat' dir='ltr'><strong>dodecasyllabum,</strong></span> <span class='ocrx_word' id='word_1_353' title='bbox 999 5450 1122 5506; x_wconf 82' lang='lat' dir='ltr'><strong>vide</strong></span> <span class='ocrx_word' id='word_1_354' title='bbox 1148 5466 1202 5522; x_wconf 91' lang='lat' dir='ltr'><strong>p.</strong></span> <span class='ocrx_word' id='word_1_355' title='bbox 1253 5450 1378 5508; x_wconf 82' lang='grc'><strong>565.</strong></span> 
     </span>
    </p>
   </div>
   <div class='ocr_carea' id='block_1_52' title="bbox 225 5539 992 5616">
    <p class='ocr_par' dir='ltr' id='par_1_52' title="bbox 225 5539 992 5616">
     <span class='ocr_line' id='line_1_52' title="bbox 225 5539 992 5616; baseline 0.007 -22"><span class='ocrx_word' id='word_1_356' title='bbox 225 5539 357 5612; x_wconf 82' lang='lat' dir='ltr'><strong>Pag.</strong></span> <span class='ocrx_word' id='word_1_357' title='bbox 384 5545 480 5610; x_wconf 67' lang='lat'><strong>24,</strong></span> <span class='ocrx_word' id='word_1_358' title='bbox 517 5547 569 5600; x_wconf 92' lang='grc'><strong>1.</strong></span> <span class='ocrx_word' id='word_1_359' title='bbox 593 5547 752 5602; x_wconf 89' lang='lat' dir='ltr'><strong>Conf.</strong></span> <span class='ocrx_word' id='word_1_360' title='bbox 789 5562 843 5616; x_wconf 93' lang='lat' dir='ltr'><strong>p.</strong></span> <span class='ocrx_word' id='word_1_361' title='bbox 873 5547 992 5600; x_wconf 89' lang='grc'><strong>187.</strong></span> 
     </span>
    </p>
   </div>
   <div class='ocr_carea' id='block_1_53' title="bbox 228 5635 1010 5710">
    <p class='ocr_par' dir='ltr' id='par_1_53' title="bbox 228 5635 1010 5710">
     <span class='ocr_line' id='line_1_53' title="bbox 228 5635 1010 5710; baseline 0.006 -20"><span class='ocrx_word' id='word_1_362' title='bbox 228 5635 356 5706; x_wconf 80' lang='lat' dir='ltr'><strong>Pag.</strong></span> <span class='ocrx_word' id='word_1_363' title='bbox 387 5640 484 5704; x_wconf 84' lang='lat'><strong>27,</strong></span> <span class='ocrx_word' id='word_1_364' title='bbox 515 5640 568 5692; x_wconf 87' lang='lat'><strong>7.</strong></span> <span class='ocrx_word' id='word_1_365' title='bbox 600 5641 758 5697; x_wconf 80' lang='lat' dir='ltr'><strong>Conf.</strong></span> <span class='ocrx_word' id='word_1_366' title='bbox 791 5657 842 5710; x_wconf 78' lang='grc' dir='ltr'><strong>ρ.</strong></span> <span class='ocrx_word' id='word_1_367' title='bbox 885 5640 1010 5695; x_wconf 88' lang='lat'><strong>297.</strong></span> 
     </span>
    </p>
   </div>
   <div class='ocr_carea' id='block_1_54' title="bbox 228 5729 1742 5803">
    <p class='ocr_par' dir='ltr' id='par_1_54' title="bbox 228 5729 1742 5803">
     <span class='ocr_line' id='line_1_54' title="bbox 228 5729 1742 5803; baseline 0.004 -22"><span class='ocrx_word' id='word_1_368' title='bbox 228 5729 356 5800; x_wconf 82' lang='lat' dir='ltr'><strong>Pag.</strong></span> <span class='ocrx_word' id='word_1_369' title='bbox 393 5733 486 5786; x_wconf 84' lang='grc'><strong>51.</strong></span> <span class='ocrx_word' id='word_1_370' title='bbox 521 5733 755 5803; x_wconf 82' lang='lat' dir='ltr'><strong>Symcon</strong></span> <span class='ocrx_word' id='word_1_371' title='bbox 805 5734 957 5789; x_wconf 89' lang='lat' dir='ltr'><strong>Sethi</strong></span> <span class='ocrx_word' id='word_1_372' title='bbox 1003 5734 1069 5789; x_wconf 90' lang='lat' dir='ltr'><strong>de</strong></span> <span class='ocrx_word' id='word_1_373' title='bbox 1112 5734 1321 5788; x_wconf 87' lang='lat' dir='ltr'><strong>lchnel.</strong></span> <span class='ocrx_word' id='word_1_374' title='bbox 1347 5749 1399 5803; x_wconf 93' lang='lat' dir='ltr'><strong>p.</strong></span> <span class='ocrx_word' id='word_1_375' title='bbox 1436 5732 1542 5787; x_wconf 79' lang='lat'><strong>206</strong></span> <span class='ocrx_word' id='word_1_376' title='bbox 1581 5748 1592 5781; x_wconf 90' lang='lat'>:</span> <span class='ocrx_word' id='word_1_377' title='bbox 1627 5732 1742 5801; x_wconf 80' lang='grc' dir='ltr'><strong>Μιᾷ</strong></span> 
     </span>
    </p>
   </div>
   <div class='ocr_carea' id='block_1_55' title="bbox 158 5824 1743 5899">
    <p class='ocr_par' dir='ltr' id='par_1_55' title="bbox 158 5824 1743 5899">
     <span class='ocr_line' id='line_1_55' title="bbox 158 5824 1743 5899; baseline 0.003 -24"><span class='ocrx_word' id='word_1_378' title='bbox 158 5824 260 5876; x_wconf 62' lang='grc' dir='ltr'>τῶν</span> <span class='ocrx_word' id='word_1_379' title='bbox 294 5827 541 5897; x_wconf 75' lang='grc' dir='ltr'>ἡμερῶν.</span> <span class='ocrx_word' id='word_1_380' title='bbox 595 5827 658 5881; x_wconf 78' lang='lat' dir='ltr'><strong>Et</strong></span> <span class='ocrx_word' id='word_1_381' title='bbox 716 5828 792 5883; x_wconf 76' lang='lat' dir='ltr'><strong>sic</strong></span> <span class='ocrx_word' id='word_1_382' title='bbox 822 5844 909 5899; x_wconf 86' lang='lat' dir='ltr'><strong>pp.</strong></span> <span class='ocrx_word' id='word_1_383' title='bbox 950 5829 1075 5886; x_wconf 79' lang='grc'><strong>516.</strong></span> <span class='ocrx_word' id='word_1_384' title='bbox 1103 5827 1226 5883; x_wconf 80' lang='lat'><strong>582.</strong></span> <span class='ocrx_word' id='word_1_385' title='bbox 1267 5828 1396 5883; x_wconf 88' lang='lat' dir='ltr'><strong>Inde</strong></span> <span class='ocrx_word' id='word_1_386' title='bbox 1427 5827 1612 5891; x_wconf 76' lang='lat' dir='ltr'><strong>velim,</strong></span> <span class='ocrx_word' id='word_1_387' title='bbox 1645 5840 1743 5896; x_wconf 84' lang='lat' dir='ltr'><strong>pro</strong></span> 
     </span>
    </p>
   </div>
   <div class='ocr_carea' id='block_1_56' title="bbox 1841 1219 3418 1305">
    <p class='ocr_par' dir='ltr' id='par_1_56' title="bbox 1841 1219 3418 1305">
     <span class='ocr_line' id='line_1_56' title="bbox 1841 1219 3418 1305; baseline 0.011 -34"><span class='ocrx_word' id='word_1_388' title='bbox 1841 1219 1971 1289; x_wconf 81' lang='grc' dir='ltr'>μιᾶς</span> <span class='ocrx_word' id='word_1_389' title='bbox 1987 1220 2094 1273; x_wconf 81' lang='grc' dir='ltr'><strong>τῶν</strong></span> <span class='ocrx_word' id='word_1_390' title='bbox 2109 1221 2140 1292; x_wconf 78' lang='grc' dir='ltr'><strong>ἡ</strong></span> <span class='ocrx_word' id='word_1_391' title='bbox 2151 1238 2216 1291; x_wconf 91' lang='grc' dir='ltr'><strong>με</strong></span> <span class='ocrx_word' id='word_1_392' title='bbox 2227 1220 2507 1293; x_wconf 73' lang='grc' dir='ltr'><strong>ρῶν,ᾳοοά</strong></span> <span class='ocrx_word' id='word_1_393' title='bbox 2526 1223 2726 1291; x_wconf 82' lang='lat' dir='ltr'><strong>legitur</strong></span> <span class='ocrx_word' id='word_1_394' title='bbox 2742 1225 2940 1295; x_wconf 70' lang='grc' dir='ltr'><strong>ρ.104.</strong></span> <span class='ocrx_word' id='word_1_395' title='bbox 2960 1241 3228 1299; x_wconf 88' lang='lat' dir='ltr'><strong>reponere</strong></span> <span class='ocrx_word' id='word_1_396' title='bbox 3245 1233 3346 1305; x_wconf 83' lang='grc' dir='ltr'>μιᾷ</span> <span class='ocrx_word' id='word_1_397' title='bbox 3365 1252 3418 1288; x_wconf 81' lang='grc' dir='ltr'>τ.</span> 
     </span>
    </p>
   </div>
   <div class='ocr_carea' id='block_1_57' title="bbox 1837 1313 3418 1392">
    <p class='ocr_par' dir='ltr' id='par_1_57' title="bbox 1837 1313 3418 1392">
     <span class='ocr_line' id='line_1_57' title="bbox 1837 1313 3418 1392; baseline 0.01 -26"><span class='ocrx_word' id='word_1_398' title='bbox 1837 1314 1889 1383; x_wconf 82' lang='grc' dir='ltr'>ἡ.</span> <span class='ocrx_word' id='word_1_399' title='bbox 1927 1313 2038 1370; x_wconf 88' lang='lat' dir='ltr'><strong>Nec</strong></span> <span class='ocrx_word' id='word_1_400' title='bbox 2071 1316 2230 1371; x_wconf 83' lang='lat' dir='ltr'><strong>aliter</strong></span> <span class='ocrx_word' id='word_1_401' title='bbox 2258 1333 2311 1386; x_wconf 90' lang='lat' dir='ltr'><strong>p.</strong></span> <span class='ocrx_word' id='word_1_402' title='bbox 2343 1317 2470 1382; x_wconf 85' lang='lat'><strong>278,</strong></span> <span class='ocrx_word' id='word_1_403' title='bbox 2515 1320 2617 1389; x_wconf 86' lang='grc' dir='ltr'>μιᾷ</span> <span class='ocrx_word' id='word_1_404' title='bbox 2639 1319 2695 1372; x_wconf 85' lang='grc' dir='ltr'>δὲ</span> <span class='ocrx_word' id='word_1_405' title='bbox 2721 1320 2832 1373; x_wconf 85' lang='grc' dir='ltr'>τῶν</span> <span class='ocrx_word' id='word_1_406' title='bbox 2855 1321 3018 1392; x_wconf 68' lang='grc'><strong>475</strong></span> <span class='ocrx_word' id='word_1_407' title='bbox 3048 1324 3283 1382; x_wconf 85' lang='grc' dir='ltr'>νυκτῶν.</span> <span class='ocrx_word' id='word_1_408' title='bbox 3308 1329 3418 1382; x_wconf 83' lang='lat' dir='ltr'><strong>An-</strong></span> 
     </span>
    </p>
   </div>
   <div class='ocr_carea' id='block_1_58' title="bbox 1837 1406 3422 1488">
    <p class='ocr_par' dir='ltr' id='par_1_58' title="bbox 1837 1406 3422 1488">
     <span class='ocr_line' id='line_1_58' title="bbox 1837 1406 3422 1488; baseline 0.008 -28"><span class='ocrx_word' id='word_1_409' title='bbox 1837 1406 2139 1476; x_wconf 89' lang='lat' dir='ltr'><strong>dreopulus</strong></span> <span class='ocrx_word' id='word_1_410' title='bbox 2165 1409 2233 1464; x_wconf 93' lang='lat' dir='ltr'><strong>de</strong></span> <span class='ocrx_word' id='word_1_411' title='bbox 2263 1408 2489 1480; x_wconf 76' lang='lat' dir='ltr'><strong>Syntipa</strong></span> <span class='ocrx_word' id='word_1_412' title='bbox 2515 1426 2567 1481; x_wconf 93' lang='lat' dir='ltr'><strong>p.</strong></span> <span class='ocrx_word' id='word_1_413' title='bbox 2595 1411 2690 1466; x_wconf 86' lang='lat'><strong>75:</strong></span> <span class='ocrx_word' id='word_1_414' title='bbox 2723 1414 2810 1466; x_wconf 83' lang='grc' dir='ltr'>Ἐν</span> <span class='ocrx_word' id='word_1_415' title='bbox 2835 1416 2936 1485; x_wconf 87' lang='grc' dir='ltr'>μιᾷ</span> <span class='ocrx_word' id='word_1_416' title='bbox 2957 1415 3068 1469; x_wconf 87' lang='grc' dir='ltr'>τῶν</span> <span class='ocrx_word' id='word_1_417' title='bbox 3099 1416 3348 1488; x_wconf 80' lang='grc' dir='ltr'>ἡμερῶν,</span> <span class='ocrx_word' id='word_1_418' title='bbox 3366 1428 3422 1474; x_wconf 91' lang='lat' dir='ltr'><strong>et</strong></span> 
     </span>
    </p>
   </div>
   <div class='ocr_carea' id='block_1_59' title="bbox 1837 1500 3419 1578">
    <p class='ocr_par' dir='ltr' id='par_1_59' title="bbox 1837 1500 3419 1578">
     <span class='ocr_line' id='line_1_59' title="bbox 1837 1500 3419 1578; baseline 0.004 -22"><span class='ocrx_word' id='word_1_419' title='bbox 1837 1515 1894 1570; x_wconf 87' lang='lat' dir='ltr'><strong>p.</strong></span> <span class='ocrx_word' id='word_1_420' title='bbox 1916 1500 1982 1554; x_wconf 62' lang='lat'><strong>74</strong></span> <span class='ocrx_word' id='word_1_421' title='bbox 2013 1520 2026 1555; x_wconf 91' lang='lat'><strong>:</strong></span> <span class='ocrx_word' id='word_1_422' title='bbox 2057 1502 2175 1572; x_wconf 76' lang='grc' dir='ltr'><strong>Μιᾷ</strong></span> <span class='ocrx_word' id='word_1_423' title='bbox 2219 1503 2352 1570; x_wconf 71' lang='grc' dir='ltr'>γοῦν</span> <span class='ocrx_word' id='word_1_424' title='bbox 2397 1503 2504 1556; x_wconf 86' lang='grc' dir='ltr'>τῶν</span> <span class='ocrx_word' id='word_1_425' title='bbox 2545 1503 2787 1576; x_wconf 82' lang='grc' dir='ltr'>ἡμερῶν.</span> <span class='ocrx_word' id='word_1_426' title='bbox 2822 1505 2954 1572; x_wconf 68' lang='lat' dir='ltr'><strong>Quae</strong></span> <span class='ocrx_word' id='word_1_427' title='bbox 2983 1507 3096 1562; x_wconf 90' lang='lat' dir='ltr'><strong>duo</strong></span> <span class='ocrx_word' id='word_1_428' title='bbox 3139 1509 3258 1563; x_wconf 88' lang='lat' dir='ltr'><strong>loca</strong></span> <span class='ocrx_word' id='word_1_429' title='bbox 3289 1524 3419 1578; x_wconf 84' lang='lat' dir='ltr'><strong>pro-</strong></span> 
     </span>
    </p>
   </div>
   <div class='ocr_carea' id='block_1_60' title="bbox 1837 1589 3420 1664">
    <p class='ocr_par' dir='ltr' id='par_1_60' title="bbox 1837 1589 3420 1664">
     <span class='ocr_line' id='line_1_60' title="bbox 1837 1589 3420 1664; baseline 0.006 -20"><span class='ocrx_word' id='word_1_430' title='bbox 1837 1589 1974 1657; x_wconf 78' lang='lat' dir='ltr'><strong>fero,</strong></span> <span class='ocrx_word' id='word_1_431' title='bbox 2013 1598 2252 1645; x_wconf 88' lang='lat' dir='ltr'><strong>nontam</strong></span> <span class='ocrx_word' id='word_1_432' title='bbox 2286 1600 2511 1662; x_wconf 88' lang='lat' dir='ltr'><strong>propter</strong></span> <span class='ocrx_word' id='word_1_433' title='bbox 2560 1594 2699 1663; x_wconf 86' lang='lat' dir='ltr'><strong>ipsa,</strong></span> <span class='ocrx_word' id='word_1_434' title='bbox 2729 1610 2892 1664; x_wconf 87' lang='lat' dir='ltr'><strong>quam</strong></span> <span class='ocrx_word' id='word_1_435' title='bbox 2939 1596 3198 1652; x_wconf 89' lang='lat' dir='ltr'><strong>monendi</strong></span> <span class='ocrx_word' id='word_1_436' title='bbox 3251 1611 3420 1653; x_wconf 81' lang='lat' dir='ltr'><strong>causa</strong></span> 
     </span>
    </p>
   </div>
   <div class='ocr_carea' id='block_1_61' title="bbox 1837 1683 3418 1754">
    <p class='ocr_par' dir='ltr' id='par_1_61' title="bbox 1837 1683 3418 1754">
     <span class='ocr_line' id='line_1_61' title="bbox 1837 1683 3418 1754; baseline 0.005 -17"><span class='ocrx_word' id='word_1_437' title='bbox 1837 1684 2209 1739; x_wconf 87' lang='lat' dir='ltr'><strong>narrationem</strong></span> <span class='ocrx_word' id='word_1_438' title='bbox 2244 1683 2315 1739; x_wconf 86' lang='lat' dir='ltr'><strong>de</strong></span> <span class='ocrx_word' id='word_1_439' title='bbox 2381 1685 2677 1752; x_wconf 88' lang='lat' dir='ltr'><strong>columbis,</strong></span> <span class='ocrx_word' id='word_1_440' title='bbox 2716 1688 2804 1742; x_wconf 89' lang='lat' dir='ltr'><strong>cui</strong></span> <span class='ocrx_word' id='word_1_441' title='bbox 2832 1688 3046 1754; x_wconf 88' lang='lat' dir='ltr'><strong>insunt,</strong></span> <span class='ocrx_word' id='word_1_442' title='bbox 3075 1704 3200 1744; x_wconf 88' lang='lat' dir='ltr'><strong>esse</strong></span> <span class='ocrx_word' id='word_1_443' title='bbox 3223 1689 3418 1746; x_wconf 88' lang='lat' dir='ltr'><strong>confe-</strong></span> 
     </span>
    </p>
   </div>
   <div class='ocr_carea' id='block_1_62' title="bbox 1837 1775 3419 1850">
    <p class='ocr_par' dir='ltr' id='par_1_62' title="bbox 1837 1775 3419 1850">
     <span class='ocr_line' id='line_1_62' title="bbox 1837 1775 3419 1850; baseline 0.004 -20"><span class='ocrx_word' id='word_1_444' title='bbox 1837 1775 2065 1830; x_wconf 87' lang='lat' dir='ltr'><strong>rendam</strong></span> <span class='ocrx_word' id='word_1_445' title='bbox 2105 1790 2231 1831; x_wconf 89' lang='lat' dir='ltr'><strong>cum</strong></span> <span class='ocrx_word' id='word_1_446' title='bbox 2283 1776 2453 1832; x_wconf 89' lang='lat' dir='ltr'><strong>simili</strong></span> <span class='ocrx_word' id='word_1_447' title='bbox 2495 1776 2770 1834; x_wconf 90' lang='lat' dir='ltr'><strong>Simeonis</strong></span> <span class='ocrx_word' id='word_1_448' title='bbox 2821 1779 2974 1835; x_wconf 84' lang='lat' dir='ltr'><strong>Sethi</strong></span> <span class='ocrx_word' id='word_1_449' title='bbox 3028 1781 3237 1850; x_wconf 91' lang='lat' dir='ltr'><strong>fabula,</strong></span> <span class='ocrx_word' id='word_1_450' title='bbox 3281 1782 3419 1838; x_wconf 88' lang='lat' dir='ltr'><strong>ibid.</strong></span> 
     </span>
    </p>
   </div>
   <div class='ocr_carea' id='block_1_63' title="bbox 1838 1869 2052 1939">
    <p class='ocr_par' dir='ltr' id='par_1_63' title="bbox 1838 1869 2052 1939">
     <span class='ocr_line' id='line_1_63' title="bbox 1838 1869 2052 1939; baseline -0.005 -16"><span class='ocrx_word' id='word_1_451' title='bbox 1838 1885 1890 1939; x_wconf 93' lang='lat' dir='ltr'><strong>p.</strong></span> <span class='ocrx_word' id='word_1_452' title='bbox 1927 1869 2052 1923; x_wconf 85' lang='lat'><strong>562.</strong></span> 
     </span>
    </p>
   </div>
   <div class='ocr_carea' id='block_1_64' title="bbox 1909 1958 2644 2030">
    <p class='ocr_par' dir='ltr' id='par_1_64' title="bbox 1909 1958 2644 2030">
     <span class='ocr_line' id='line_1_64' title="bbox 1909 1958 2644 2030; baseline 0.001 -18"><span class='ocrx_word' id='word_1_453' title='bbox 1909 1958 2039 2030; x_wconf 85' lang='lat' dir='ltr'><strong>Pag.</strong></span> <span class='ocrx_word' id='word_1_454' title='bbox 2070 1958 2160 2020; x_wconf 63' lang='grc' dir='ltr'>σε.</span> <span class='ocrx_word' id='word_1_455' title='bbox 2195 1959 2281 2014; x_wconf 80' lang='lat' dir='ltr'><strong>l6.</strong></span> <span class='ocrx_word' id='word_1_456' title='bbox 2310 1959 2395 2014; x_wconf 78' lang='lat' dir='ltr'><strong>cr.</strong></span> <span class='ocrx_word' id='word_1_457' title='bbox 2428 1975 2478 2029; x_wconf 92' lang='lat' dir='ltr'><strong>p.</strong></span> <span class='ocrx_word' id='word_1_458' title='bbox 2518 1961 2644 2015; x_wconf 75' lang='lat'><strong>591.</strong></span> 
     </span>
    </p>
   </div>
   <div class='ocr_carea' id='block_1_65' title="bbox 1906 2048 3412 2127">
    <p class='ocr_par' dir='ltr' id='par_1_65' title="bbox 1906 2048 3412 2127">
     <span class='ocr_line' id='line_1_65' title="bbox 1906 2048 3412 2127; baseline 0.009 -26"><span class='ocrx_word' id='word_1_459' title='bbox 1906 2048 2036 2119; x_wconf 83' lang='lat' dir='ltr'><strong>Pag.</strong></span> <span class='ocrx_word' id='word_1_460' title='bbox 2076 2050 2165 2116; x_wconf 80' lang='lat'><strong>35,</strong></span> <span class='ocrx_word' id='word_1_461' title='bbox 2191 2049 2281 2104; x_wconf 79' lang='lat' dir='ltr'><strong>2i.</strong></span> <span class='ocrx_word' id='word_1_462' title='bbox 2307 2050 2386 2103; x_wconf 91' lang='lat' dir='ltr'><strong>Ad</strong></span> <span class='ocrx_word' id='word_1_463' title='bbox 2421 2052 2587 2105; x_wconf 87' lang='lat' dir='ltr'><strong>verba</strong></span> <span class='ocrx_word' id='word_1_464' title='bbox 2611 2052 2770 2105; x_wconf 80' lang='grc' dir='ltr'>τοῦτο</span> <span class='ocrx_word' id='word_1_465' title='bbox 2795 2054 3083 2124; x_wconf 83' lang='grc' dir='ltr'>πρόκειται</span> <span class='ocrx_word' id='word_1_466' title='bbox 3115 2065 3201 2111; x_wconf 89' lang='lat' dir='ltr'><strong>est</strong></span> <span class='ocrx_word' id='word_1_467' title='bbox 3228 2058 3412 2127; x_wconf 84' lang='lat' dir='ltr'><strong>glossa</strong></span> 
     </span>
    </p>
   </div>
   <div class='ocr_carea' id='block_1_66' title="bbox 1836 2139 3419 2221">
    <p class='ocr_par' dir='ltr' id='par_1_66' title="bbox 1836 2139 3419 2221">
     <span class='ocr_line' id='line_1_66' title="bbox 1836 2139 3419 2221; baseline 0.008 -27"><span class='ocrx_word' id='word_1_468' title='bbox 1836 2141 1892 2195; x_wconf 90' lang='lat' dir='ltr'><strong>in</strong></span> <span class='ocrx_word' id='word_1_469' title='bbox 1921 2142 1961 2194; x_wconf 87' lang='lat' dir='ltr'><strong>A</strong></span> <span class='ocrx_word' id='word_1_470' title='bbox 2002 2139 2130 2211; x_wconf 75' lang='grc' dir='ltr'><strong>εὴτ⁹</strong></span> <span class='ocrx_word' id='word_1_471' title='bbox 2181 2143 2242 2195; x_wconf 76' lang='grc' dir='ltr'><strong>τὸ</strong></span> <span class='ocrx_word' id='word_1_472' title='bbox 2292 2141 2618 2213; x_wconf 83' lang='grc' dir='ltr'>γηράσκειν.</span> <span class='ocrx_word' id='word_1_473' title='bbox 2662 2143 2759 2200; x_wconf 86' lang='lat' dir='ltr'><strong>Est</strong></span> <span class='ocrx_word' id='word_1_474' title='bbox 2817 2147 2991 2215; x_wconf 89' lang='lat' dir='ltr'><strong>prima</strong></span> <span class='ocrx_word' id='word_1_475' title='bbox 3048 2163 3152 2203; x_wconf 87' lang='lat' dir='ltr'><strong>vox</strong></span> <span class='ocrx_word' id='word_1_476' title='bbox 3189 2150 3419 2221; x_wconf 82' lang='lat' dir='ltr'><strong>legenda</strong></span> 
     </span>
    </p>
   </div>
   <div class='ocr_carea' id='block_1_67' title="bbox 1836 2232 3418 2308">
    <p class='ocr_par' dir='ltr' id='par_1_67' title="bbox 1836 2232 3418 2308">
     <span class='ocr_line' id='line_1_67' title="bbox 1836 2232 3418 2308; baseline 0.006 -22"><span class='ocrx_word' id='word_1_477' title='bbox 1836 2235 1976 2305; x_wconf 73' lang='grc' dir='ltr'>ἦτοι.</span> <span class='ocrx_word' id='word_1_478' title='bbox 2024 2232 2225 2289; x_wconf 89' lang='lat' dir='ltr'><strong>Notum</strong></span> <span class='ocrx_word' id='word_1_479' title='bbox 2283 2235 2562 2291; x_wconf 86' lang='lat' dir='ltr'><strong>adverbiis</strong></span> <span class='ocrx_word' id='word_1_480' title='bbox 2621 2237 2812 2307; x_wconf 76' lang='grc' dir='ltr'>ἦγουν,</span> <span class='ocrx_word' id='word_1_481' title='bbox 2869 2239 3010 2308; x_wconf 64' lang='grc' dir='ltr'><strong>1ἤτοι,</strong></span> <span class='ocrx_word' id='word_1_482' title='bbox 3075 2239 3278 2306; x_wconf 82' lang='grc' dir='ltr'>εἴτουν,</span> <span class='ocrx_word' id='word_1_483' title='bbox 3340 2244 3418 2296; x_wconf 90' lang='lat' dir='ltr'><strong>uti</strong></span> 
     </span>
    </p>
   </div>
   <div class='ocr_carea' id='block_1_68' title="bbox 1836 2327 3419 2402">
    <p class='ocr_par' dir='ltr' id='par_1_68' title="bbox 1836 2327 3419 2402">
     <span class='ocr_line' id='line_1_68' title="bbox 1836 2327 3419 2402; baseline 0.006 -24"><span class='ocrx_word' id='word_1_484' title='bbox 1836 2327 2222 2396; x_wconf 87' lang='lat' dir='ltr'><strong>grammaticos</strong></span> <span class='ocrx_word' id='word_1_485' title='bbox 2255 2327 2638 2396; x_wconf 79' lang='lat' dir='ltr'><strong>explicationis</strong></span> <span class='ocrx_word' id='word_1_486' title='bbox 2671 2343 2859 2386; x_wconf 88' lang='lat' dir='ltr'><strong>causa.</strong></span> <span class='ocrx_word' id='word_1_487' title='bbox 2913 2329 3017 2396; x_wconf 87' lang='lat' dir='ltr'><strong>Qui</strong></span> <span class='ocrx_word' id='word_1_488' title='bbox 3062 2347 3237 2402; x_wconf 87' lang='lat' dir='ltr'><strong>nuper</strong></span> <span class='ocrx_word' id='word_1_489' title='bbox 3282 2334 3419 2389; x_wconf 86' lang='lat' dir='ltr'><strong>alle-</strong></span> 
     </span>
    </p>
   </div>
   <div class='ocr_carea' id='block_1_69' title="bbox 1836 2417 3418 2490">
    <p class='ocr_par' dir='ltr' id='par_1_69' title="bbox 1836 2417 3418 2490">
     <span class='ocr_line' id='line_1_69' title="bbox 1836 2417 3418 2490; baseline 0.004 -21"><span class='ocrx_word' id='word_1_490' title='bbox 1836 2417 1984 2487; x_wconf 89' lang='lat' dir='ltr'><strong>gavit</strong></span> <span class='ocrx_word' id='word_1_491' title='bbox 2033 2417 2235 2472; x_wconf 89' lang='lat' dir='ltr'><strong>alicubi</strong></span> <span class='ocrx_word' id='word_1_492' title='bbox 2289 2417 2568 2472; x_wconf 86' lang='lat' dir='ltr'><strong>Eustathii</strong></span> <span class='ocrx_word' id='word_1_493' title='bbox 2618 2418 2804 2484; x_wconf 85' lang='lat' dir='ltr'><strong>verba,</strong></span> <span class='ocrx_word' id='word_1_494' title='bbox 2863 2417 2934 2472; x_wconf 78' lang='grc' dir='ltr'><strong>τὰ</strong></span> <span class='ocrx_word' id='word_1_495' title='bbox 2965 2418 3185 2490; x_wconf 79' lang='grc' dir='ltr'>λάφυρα</span> <span class='ocrx_word' id='word_1_496' title='bbox 3236 2421 3418 2475; x_wconf 83' lang='grc' dir='ltr'>εττουν</span> 
     </span>
    </p>
   </div>
   <div class='ocr_carea' id='block_1_70' title="bbox 1839 2508 3416 2584">
    <p class='ocr_par' dir='ltr' id='par_1_70' title="bbox 1839 2508 3416 2584">
     <span class='ocr_line' id='line_1_70' title="bbox 1839 2508 3416 2584; baseline 0.005 -22"><span class='ocrx_word' id='word_1_497' title='bbox 1839 2508 2030 2574; x_wconf 83' lang='grc' dir='ltr'>σκῦλα,</span> <span class='ocrx_word' id='word_1_498' title='bbox 2065 2509 2148 2562; x_wconf 83' lang='lat' dir='ltr'><strong>vir</strong></span> <span class='ocrx_word' id='word_1_499' title='bbox 2181 2509 2237 2564; x_wconf 93' lang='lat' dir='ltr'><strong>d.</strong></span> <span class='ocrx_word' id='word_1_500' title='bbox 2269 2509 2526 2579; x_wconf 83' lang='lat' dir='ltr'><strong>ascripsit</strong></span> <span class='ocrx_word' id='word_1_501' title='bbox 2563 2525 2575 2561; x_wconf 94' lang='lat'>:</span> <span class='ocrx_word' id='word_1_502' title='bbox 2613 2524 2760 2564; x_wconf 90' lang='lat' dir='ltr'><strong>corr.</strong></span> <span class='ocrx_word' id='word_1_503' title='bbox 2816 2511 3006 2581; x_wconf 72' lang='grc' dir='ltr'>ἤγουν.</span> <span class='ocrx_word' id='word_1_504' title='bbox 3035 2510 3125 2565; x_wconf 85' lang='lat' dir='ltr'><strong>Nil</strong></span> <span class='ocrx_word' id='word_1_505' title='bbox 3153 2514 3416 2584; x_wconf 77' lang='lat' dir='ltr'><strong>corrigat.</strong></span> 
     </span>
    </p>
   </div>
   <div class='ocr_carea' id='block_1_71' title="bbox 1839 2599 3411 2677">
    <p class='ocr_par' dir='ltr' id='par_1_71' title="bbox 1839 2599 3411 2677">
     <span class='ocr_line' id='line_1_71' title="bbox 1839 2599 3411 2677; baseline 0.005 -24"><span class='ocrx_word' id='word_1_506' title='bbox 1839 2599 2344 2670; x_wconf 85' lang='lat' dir='ltr'><strong>Frequentissimus</strong></span> <span class='ocrx_word' id='word_1_507' title='bbox 2363 2611 2448 2659; x_wconf 91' lang='lat' dir='ltr'><strong>est</strong></span> <span class='ocrx_word' id='word_1_508' title='bbox 2467 2601 2877 2672; x_wconf 78' lang='lat' dir='ltr'><strong>coniunctionis</strong></span> <span class='ocrx_word' id='word_1_509' title='bbox 2906 2603 3084 2658; x_wconf 82' lang='grc' dir='ltr'>εἰτουν</span> <span class='ocrx_word' id='word_1_510' title='bbox 3111 2620 3247 2660; x_wconf 88' lang='lat' dir='ltr'><strong>usus</strong></span> <span class='ocrx_word' id='word_1_511' title='bbox 3271 2607 3411 2677; x_wconf 89' lang='lat' dir='ltr'><strong>apud</strong></span> 
     </span>
    </p>
   </div>
   <div class='ocr_carea' id='block_1_72' title="bbox 1838 2693 3269 2766">
    <p class='ocr_par' dir='ltr' id='par_1_72' title="bbox 1838 2693 3269 2766">
     <span class='ocr_line' id='line_1_72' title="bbox 1838 2693 3269 2766; baseline 0.001 -18"><span class='ocrx_word' id='word_1_512' title='bbox 1838 2693 2190 2750; x_wconf 85' lang='lat' dir='ltr'><strong>scholiastas.</strong></span> <span class='ocrx_word' id='word_1_513' title='bbox 2221 2693 2356 2749; x_wconf 80' lang='lat' dir='ltr'><strong>Vide</strong></span> <span class='ocrx_word' id='word_1_514' title='bbox 2381 2694 2531 2749; x_wconf 89' lang='lat' dir='ltr'><strong>Bast.</strong></span> <span class='ocrx_word' id='word_1_515' title='bbox 2566 2695 2621 2748; x_wconf 93' lang='lat' dir='ltr'><strong>in</strong></span> <span class='ocrx_word' id='word_1_516' title='bbox 2661 2694 2797 2764; x_wconf 88' lang='lat' dir='ltr'><strong>Epp.</strong></span> <span class='ocrx_word' id='word_1_517' title='bbox 2832 2693 3042 2750; x_wconf 86' lang='lat' dir='ltr'><strong>Pariss.</strong></span> <span class='ocrx_word' id='word_1_518' title='bbox 3086 2712 3138 2766; x_wconf 92' lang='lat' dir='ltr'><strong>p.</strong></span> <span class='ocrx_word' id='word_1_519' title='bbox 3179 2697 3269 2752; x_wconf 85' lang='lat'><strong>56.</strong></span> 
     </span>
    </p>
   </div>
   <div class='ocr_carea' id='block_1_73' title="bbox 1908 2785 3418 2858">
    <p class='ocr_par' dir='ltr' id='par_1_73' title="bbox 1908 2785 3418 2858">
     <span class='ocr_line' id='line_1_73' title="bbox 1908 2785 3418 2858; baseline 0.003 -20"><span class='ocrx_word' id='word_1_520' title='bbox 1908 2785 2038 2857; x_wconf 84' lang='lat' dir='ltr'><strong>Pag.</strong></span> <span class='ocrx_word' id='word_1_521' title='bbox 2071 2786 2162 2842; x_wconf 86' lang='grc'><strong>58.</strong></span> <span class='ocrx_word' id='word_1_522' title='bbox 2194 2785 2270 2842; x_wconf 88' lang='lat' dir='ltr'><strong>De</strong></span> <span class='ocrx_word' id='word_1_523' title='bbox 2302 2786 2537 2841; x_wconf 81' lang='lat' dir='ltr'><strong>formula</strong></span> <span class='ocrx_word' id='word_1_524' title='bbox 2562 2787 2790 2858; x_wconf 76' lang='grc' dir='ltr'>εἰρήνην</span> <span class='ocrx_word' id='word_1_525' title='bbox 2817 2786 3000 2840; x_wconf 79' lang='grc' dir='ltr'>δοῦναι</span> <span class='ocrx_word' id='word_1_526' title='bbox 3029 2787 3167 2844; x_wconf 90' lang='lat' dir='ltr'><strong>adde</strong></span> <span class='ocrx_word' id='word_1_527' title='bbox 3183 2789 3418 2843; x_wconf 90' lang='lat' dir='ltr'><strong>Tollium</strong></span> 
     </span>
    </p>
   </div>
   <div class='ocr_carea' id='block_1_74' title="bbox 1837 2879 3419 2950">
    <p class='ocr_par' dir='ltr' id='par_1_74' title="bbox 1837 2879 3419 2950">
     <span class='ocr_line' id='line_1_74' title="bbox 1837 2879 3419 2950; baseline 0.001 -17"><span class='ocrx_word' id='word_1_528' title='bbox 1837 2879 2044 2950; x_wconf 85' lang='lat' dir='ltr'><strong>lnsign.</strong></span> <span class='ocrx_word' id='word_1_529' title='bbox 2077 2880 2200 2935; x_wconf 89' lang='lat' dir='ltr'><strong>itin.</strong></span> <span class='ocrx_word' id='word_1_530' title='bbox 2228 2895 2281 2950; x_wconf 90' lang='lat' dir='ltr'><strong>p.</strong></span> <span class='ocrx_word' id='word_1_531' title='bbox 2318 2881 2446 2949; x_wconf 68' lang='lat'><strong>169;</strong></span> <span class='ocrx_word' id='word_1_532' title='bbox 2487 2880 2744 2936; x_wconf 86' lang='lat' dir='ltr'><strong>Valcken.</strong></span> <span class='ocrx_word' id='word_1_533' title='bbox 2772 2880 2960 2936; x_wconf 86' lang='lat' dir='ltr'><strong>Schol.</strong></span> <span class='ocrx_word' id='word_1_534' title='bbox 2998 2881 3054 2935; x_wconf 91' lang='lat' dir='ltr'><strong>in</strong></span> <span class='ocrx_word' id='word_1_535' title='bbox 3084 2879 3149 2935; x_wconf 82' lang='lat' dir='ltr'><strong>N.</strong></span> <span class='ocrx_word' id='word_1_536' title='bbox 3180 2880 3243 2936; x_wconf 90' lang='grc' dir='ltr'><strong>Τ.</strong></span> <span class='ocrx_word' id='word_1_537' title='bbox 3277 2891 3319 2937; x_wconf 91' lang='lat' dir='ltr'><strong>t.</strong></span> <span class='ocrx_word' id='word_1_538' title='bbox 3353 2881 3419 2950; x_wconf 87' lang='grc'><strong>11,</strong></span> 
     </span>
    </p>
   </div>
   <div class='ocr_carea' id='block_1_75' title="bbox 1837 2973 2018 3043">
    <p class='ocr_par' dir='ltr' id='par_1_75' title="bbox 1837 2973 2018 3043">
     <span class='ocr_line' id='line_1_75' title="bbox 1837 2973 2018 3043; baseline 0 -16"><span class='ocrx_word' id='word_1_539' title='bbox 1837 2988 1892 3043; x_wconf 92' lang='lat' dir='ltr'><strong>p.</strong></span> <span class='ocrx_word' id='word_1_540' title='bbox 1931 2973 2018 3027; x_wconf 90' lang='grc'><strong>17.</strong></span> 
     </span>
    </p>
   </div>
   <div class='ocr_carea' id='block_1_76' title="bbox 1908 3063 2855 3136">
    <p class='ocr_par' dir='ltr' id='par_1_76' title="bbox 1908 3063 2855 3136">
     <span class='ocr_line' id='line_1_76' title="bbox 1908 3063 2855 3136; baseline 0.003 -19"><span class='ocrx_word' id='word_1_541' title='bbox 1908 3063 2040 3135; x_wconf 86' lang='lat' dir='ltr'><strong>Pag.</strong></span> <span class='ocrx_word' id='word_1_542' title='bbox 2072 3065 2162 3129; x_wconf 73' lang='grc'><strong>40,</strong></span> <span class='ocrx_word' id='word_1_543' title='bbox 2194 3065 2248 3120; x_wconf 90' lang='lat'><strong>2.</strong></span> <span class='ocrx_word' id='word_1_544' title='bbox 2284 3065 2444 3120; x_wconf 89' lang='lat' dir='ltr'><strong>Conf.</strong></span> <span class='ocrx_word' id='word_1_545' title='bbox 2479 3081 2532 3136; x_wconf 91' lang='lat' dir='ltr'><strong>p.</strong></span> <span class='ocrx_word' id='word_1_546' title='bbox 2559 3064 2687 3129; x_wconf 77' lang='grc'><strong>546,</strong></span> <span class='ocrx_word' id='word_1_547' title='bbox 2715 3082 2771 3120; x_wconf 91' lang='lat' dir='ltr'><strong>n.</strong></span> <span class='ocrx_word' id='word_1_548' title='bbox 2801 3067 2855 3121; x_wconf 87' lang='grc'><strong>5.</strong></span> 
     </span>
    </p>
   </div>
   <div class='ocr_carea' id='block_1_77' title="bbox 1908 3155 3423 3229">
    <p class='ocr_par' dir='ltr' id='par_1_77' title="bbox 1908 3155 3423 3229">
     <span class='ocr_line' id='line_1_77' title="bbox 1908 3155 3423 3229; baseline 0.003 -18"><span class='ocrx_word' id='word_1_549' title='bbox 1908 3155 2040 3229; x_wconf 83' lang='lat' dir='ltr'><strong>Pag.</strong></span> <span class='ocrx_word' id='word_1_550' title='bbox 2072 3156 2162 3224; x_wconf 74' lang='lat'><strong>46,</strong></span> <span class='ocrx_word' id='word_1_551' title='bbox 2189 3157 2238 3210; x_wconf 90' lang='grc'><strong>1.</strong></span> <span class='ocrx_word' id='word_1_552' title='bbox 2266 3156 2553 3213; x_wconf 80' lang='lat' dir='ltr'><strong>Recitatur</strong></span> <span class='ocrx_word' id='word_1_553' title='bbox 2580 3158 2696 3212; x_wconf 71' lang='lat' dir='ltr'><strong>haec</strong></span> <span class='ocrx_word' id='word_1_554' title='bbox 2729 3159 3022 3222; x_wconf 85' lang='lat' dir='ltr'><strong>sententia,</strong></span> <span class='ocrx_word' id='word_1_555' title='bbox 3050 3174 3150 3214; x_wconf 89' lang='lat' dir='ltr'><strong>nec</strong></span> <span class='ocrx_word' id='word_1_556' title='bbox 3177 3160 3298 3215; x_wconf 90' lang='lat' dir='ltr'><strong>sine</strong></span> <span class='ocrx_word' id='word_1_557' title='bbox 3325 3175 3423 3214; x_wconf 88' lang='lat' dir='ltr'><strong>va-</strong></span> 
     </span>
    </p>
   </div>
   <div class='ocr_carea' id='block_1_78' title="bbox 1839 3248 3426 3321">
    <p class='ocr_par' dir='ltr' id='par_1_78' title="bbox 1839 3248 3426 3321">
     <span class='ocr_line' id='line_1_78' title="bbox 1839 3248 3426 3321; baseline 0 -17"><span class='ocrx_word' id='word_1_558' title='bbox 1839 3249 2059 3314; x_wconf 87' lang='lat' dir='ltr'><strong>rietate,</strong></span> <span class='ocrx_word' id='word_1_559' title='bbox 2088 3264 2117 3303; x_wconf 90' lang='lat' dir='ltr'><strong>a</strong></span> <span class='ocrx_word' id='word_1_560' title='bbox 2155 3248 2418 3305; x_wconf 80' lang='lat' dir='ltr'><strong>Michaele</strong></span> <span class='ocrx_word' id='word_1_561' title='bbox 2447 3249 2615 3321; x_wconf 85' lang='lat' dir='ltr'><strong>Glyca</strong></span> <span class='ocrx_word' id='word_1_562' title='bbox 2650 3250 2813 3318; x_wconf 89' lang='lat' dir='ltr'><strong>epist.</strong></span> <span class='ocrx_word' id='word_1_563' title='bbox 2837 3252 2891 3314; x_wconf 84' lang='lat'><strong>2,</strong></span> <span class='ocrx_word' id='word_1_564' title='bbox 2927 3266 2978 3320; x_wconf 86' lang='lat' dir='ltr'><strong>p.</strong></span> <span class='ocrx_word' id='word_1_565' title='bbox 3013 3250 3116 3305; x_wconf 88' lang='grc'><strong>110</strong></span> <span class='ocrx_word' id='word_1_566' title='bbox 3146 3270 3160 3306; x_wconf 89' lang='lat'><strong>:</strong></span> <span class='ocrx_word' id='word_1_567' title='bbox 3207 3252 3264 3306; x_wconf 90' lang='lat'><strong>&#39;0</strong></span> <span class='ocrx_word' id='word_1_568' title='bbox 3287 3251 3426 3305; x_wconf 66' lang='grc' dir='ltr'>θειό-</span> 
     </span>
    </p>
   </div>
   <div class='ocr_carea' id='block_1_79' title="bbox 1836 3342 3426 3416">
    <p class='ocr_par' dir='ltr' id='par_1_79' title="bbox 1836 3342 3426 3416">
     <span class='ocr_line' id='line_1_79' title="bbox 1836 3342 3426 3416; baseline 0.003 -22"><span class='ocrx_word' id='word_1_569' title='bbox 1836 3359 1999 3404; x_wconf 87' lang='grc' dir='ltr'>τατος</span> <span class='ocrx_word' id='word_1_570' title='bbox 2049 3343 2318 3414; x_wconf 86' lang='grc' dir='ltr'>Βαρλαὰμ</span> <span class='ocrx_word' id='word_1_571' title='bbox 2363 3342 2507 3396; x_wconf 76' lang='grc' dir='ltr'>οὕτω</span> <span class='ocrx_word' id='word_1_572' title='bbox 2554 3345 2694 3416; x_wconf 82' lang='grc' dir='ltr'>πρὸς</span> <span class='ocrx_word' id='word_1_573' title='bbox 2743 3344 2979 3414; x_wconf 73' lang='grc' dir='ltr'>Ἰωάσαφ</span> <span class='ocrx_word' id='word_1_574' title='bbox 3028 3345 3222 3414; x_wconf 79' lang='grc' dir='ltr'>ἔλεγε·</span> <span class='ocrx_word' id='word_1_575' title='bbox 3265 3364 3284 3398; x_wconf 73' lang='grc' dir='ltr'><strong>ι</strong></span> <span class='ocrx_word' id='word_1_576' title='bbox 3321 3347 3426 3399; x_wconf 87' lang='grc' dir='ltr'><strong>Τδν</strong></span> 
     </span>
    </p>
   </div>
   <div class='ocr_carea' id='block_1_80' title="bbox 1839 3433 3428 3509">
    <p class='ocr_par' dir='ltr' id='par_1_80' title="bbox 1839 3433 3428 3509">
     <span class='ocr_line' id='line_1_80' title="bbox 1839 3433 3428 3509; baseline 0 -20"><span class='ocrx_word' id='word_1_577' title='bbox 1839 3433 2171 3506; x_wconf 68' lang='grc' dir='ltr'>ἷᾶνθρωπον]</span> <span class='ocrx_word' id='word_1_578' title='bbox 2204 3436 2300 3488; x_wconf 82' lang='grc' dir='ltr'><strong>ἀπ’</strong></span> <span class='ocrx_word' id='word_1_579' title='bbox 2324 3436 2504 3506; x_wconf 85' lang='grc' dir='ltr'>ἀρχῆς</span> <span class='ocrx_word' id='word_1_580' title='bbox 2524 3436 2968 3506; x_wconf 80' lang='grc' dir='ltr'>αὑτεξουσιότητι</span> <span class='ocrx_word' id='word_1_581' title='bbox 3010 3437 3106 3490; x_wconf 69' lang='grc' dir='ltr'><strong>καὶ</strong></span> <span class='ocrx_word' id='word_1_582' title='bbox 3154 3435 3428 3509; x_wconf 74' lang='grc' dir='ltr'>ἀθανασίᾳ</span> 
     </span>
    </p>
   </div>
   <div class='ocr_carea' id='block_1_81' title="bbox 1837 3526 3420 3600">
    <p class='ocr_par' dir='ltr' id='par_1_81' title="bbox 1837 3526 3420 3600">
     <span class='ocr_line' id='line_1_81' title="bbox 1837 3526 3420 3600; baseline 0.002 -22"><span class='ocrx_word' id='word_1_583' title='bbox 1837 3527 2075 3597; x_wconf 84' lang='grc' dir='ltr'>τιμήσας</span> <span class='ocrx_word' id='word_1_584' title='bbox 2107 3526 2333 3598; x_wconf 84' lang='grc' dir='ltr'>βασιλέα</span> <span class='ocrx_word' id='word_1_585' title='bbox 2359 3528 2576 3582; x_wconf 86' lang='grc' dir='ltr'>πάντων</span> <span class='ocrx_word' id='word_1_586' title='bbox 2600 3528 2708 3582; x_wconf 84' lang='grc' dir='ltr'><strong>τῶν</strong></span> <span class='ocrx_word' id='word_1_587' title='bbox 2731 3529 2992 3596; x_wconf 78' lang='grc' dir='ltr'>ἐπιγείων</span> <span class='ocrx_word' id='word_1_588' title='bbox 3014 3529 3367 3600; x_wconf 86' lang='grc' dir='ltr'>κατέστησεν.</span> <span class='ocrx_word' id='word_1_589' title='bbox 3402 3549 3420 3581; x_wconf 73' lang='grc' dir='ltr'><strong>ι</strong></span> 
     </span>
    </p>
   </div>
   <div class='ocr_carea' id='block_1_82' title="bbox 1837 3618 3421 3694">
    <p class='ocr_par' dir='ltr' id='par_1_82' title="bbox 1837 3618 3421 3694">
     <span class='ocr_line' id='line_1_82' title="bbox 1837 3618 3421 3694; baseline 0.003 -20"><span class='ocrx_word' id='word_1_590' title='bbox 1837 3618 1999 3676; x_wconf 89' lang='lat' dir='ltr'><strong>Conf.</strong></span> <span class='ocrx_word' id='word_1_591' title='bbox 2060 3620 2195 3676; x_wconf 88' lang='lat' dir='ltr'><strong>ibid.</strong></span> <span class='ocrx_word' id='word_1_592' title='bbox 2245 3635 2299 3691; x_wconf 92' lang='lat' dir='ltr'><strong>p.</strong></span> <span class='ocrx_word' id='word_1_593' title='bbox 2337 3620 2461 3675; x_wconf 73' lang='grc'><strong>127.</strong></span> <span class='ocrx_word' id='word_1_594' title='bbox 2494 3653 2563 3662; x_wconf 93' lang='lat'><strong>—-</strong></span> <span class='ocrx_word' id='word_1_595' title='bbox 2591 3621 2643 3676; x_wconf 85' lang='lat'><strong>5.</strong></span> <span class='ocrx_word' id='word_1_596' title='bbox 2693 3620 2936 3694; x_wconf 88' lang='lat' dir='ltr'><strong>Cyrillus</strong></span> <span class='ocrx_word' id='word_1_597' title='bbox 2985 3621 3216 3678; x_wconf 89' lang='lat' dir='ltr'><strong>Catech.</strong></span> <span class='ocrx_word' id='word_1_598' title='bbox 3247 3639 3298 3692; x_wconf 94' lang='lat' dir='ltr'><strong>p.</strong></span> <span class='ocrx_word' id='word_1_599' title='bbox 3334 3624 3367 3678; x_wconf 90' lang='lat'><strong>6</strong></span> <span class='ocrx_word' id='word_1_600' title='bbox 3407 3643 3421 3679; x_wconf 90' lang='lat'><strong>:</strong></span> 
     </span>
    </p>
   </div>
   <div class='ocr_carea' id='block_1_83' title="bbox 1853 3711 3426 3782">
    <p class='ocr_par' dir='ltr' id='par_1_83' title="bbox 1853 3711 3426 3782">
     <span class='ocr_line' id='line_1_83' title="bbox 1853 3711 3426 3782; baseline 0.003 -17"><span class='ocrx_word' id='word_1_601' title='bbox 1853 3711 2082 3780; x_wconf 82' lang='grc' dir='ltr'>Ἀγαθὺς</span> <span class='ocrx_word' id='word_1_602' title='bbox 2107 3714 2578 3777; x_wconf 75' lang='grc' dir='ltr'>κατασκευασθεὶς</span> <span class='ocrx_word' id='word_1_603' title='bbox 2602 3713 2850 3777; x_wconf 79' lang='grc' dir='ltr'>διάϐολος</span> <span class='ocrx_word' id='word_1_604' title='bbox 2875 3714 3103 3782; x_wconf 84' lang='grc' dir='ltr'>γέγονεν</span> <span class='ocrx_word' id='word_1_605' title='bbox 3133 3714 3193 3778; x_wconf 80' lang='grc' dir='ltr'><strong>ἐξ</strong></span> <span class='ocrx_word' id='word_1_606' title='bbox 3222 3715 3426 3780; x_wconf 76' lang='grc' dir='ltr'>οἰκείας</span> 
     </span>
    </p>
   </div>
   <div class='ocr_carea' id='block_1_84' title="bbox 1839 3805 3419 3877">
    <p class='ocr_par' dir='ltr' id='par_1_84' title="bbox 1839 3805 3419 3877">
     <span class='ocr_line' id='line_1_84' title="bbox 1839 3805 3419 3877; baseline 0.004 -20"><span class='ocrx_word' id='word_1_607' title='bbox 1839 3805 2236 3875; x_wconf 83' lang='grc' dir='ltr'>προαιρέσεως,</span> <span class='ocrx_word' id='word_1_608' title='bbox 2259 3806 2323 3858; x_wconf 89' lang='grc' dir='ltr'><strong>ἐκ</strong></span> <span class='ocrx_word' id='word_1_609' title='bbox 2351 3806 2453 3875; x_wconf 82' lang='grc' dir='ltr'>τῆς</span> <span class='ocrx_word' id='word_1_610' title='bbox 2483 3806 2738 3875; x_wconf 82' lang='grc' dir='ltr'>πράξεως</span> <span class='ocrx_word' id='word_1_611' title='bbox 2762 3805 2944 3858; x_wconf 76' lang='grc' dir='ltr'>λαϐὼν</span> <span class='ocrx_word' id='word_1_612' title='bbox 2977 3808 3419 3877; x_wconf 75' lang='grc' dir='ltr'>προσηγορίαν...</span> 
     </span>
    </p>
   </div>
   <div class='ocr_carea' id='block_1_85' title="bbox 1837 3895 2954 3967">
    <p class='ocr_par' dir='ltr' id='par_1_85' title="bbox 1837 3895 2954 3967">
     <span class='ocr_line' id='line_1_85' title="bbox 1837 3895 2954 3967; baseline 0.001 -18"><span class='ocrx_word' id='word_1_613' title='bbox 1837 3924 1906 3936; x_wconf 69' lang='grc' dir='ltr'>-ι</span> <span class='ocrx_word' id='word_1_614' title='bbox 1931 3897 2070 3952; x_wconf 89' lang='lat' dir='ltr'><strong>lbid.</strong></span> <span class='ocrx_word' id='word_1_615' title='bbox 2111 3897 2208 3949; x_wconf 88' lang='lat' dir='ltr'><strong>Est</strong></span> <span class='ocrx_word' id='word_1_616' title='bbox 2233 3897 2334 3967; x_wconf 81' lang='grc' dir='ltr'>δρᾷ</span> <span class='ocrx_word' id='word_1_617' title='bbox 2365 3897 2466 3966; x_wconf 84' lang='grc' dir='ltr'>τῆς</span> <span class='ocrx_word' id='word_1_618' title='bbox 2500 3905 2555 3949; x_wconf 88' lang='lat' dir='ltr'><strong>et</strong></span> <span class='ocrx_word' id='word_1_619' title='bbox 2589 3897 2642 3949; x_wconf 92' lang='lat' dir='ltr'><strong>in</strong></span> <span class='ocrx_word' id='word_1_620' title='bbox 2673 3896 2797 3950; x_wconf 93' lang='lat' dir='ltr'><strong>cod.</strong></span> <span class='ocrx_word' id='word_1_621' title='bbox 2832 3895 2954 3950; x_wconf 69' lang='grc'><strong>100.</strong></span> 
     </span>
    </p>
   </div>
   <div class='ocr_carea' id='block_1_86' title="bbox 1909 3986 3420 4059">
    <p class='ocr_par' dir='ltr' id='par_1_86' title="bbox 1909 3986 3420 4059">
     <span class='ocr_line' id='line_1_86' title="bbox 1909 3986 3420 4059; baseline 0.003 -20"><span class='ocrx_word' id='word_1_622' title='bbox 1909 3987 2038 4057; x_wconf 85' lang='lat' dir='ltr'><strong>Pag.</strong></span> <span class='ocrx_word' id='word_1_623' title='bbox 2070 3986 2162 4051; x_wconf 72' lang='grc'><strong>47,</strong></span> <span class='ocrx_word' id='word_1_624' title='bbox 2195 3987 2284 4042; x_wconf 90' lang='grc'><strong>10.</strong></span> <span class='ocrx_word' id='word_1_625' title='bbox 2324 3986 2776 4042; x_wconf 86' lang='lat' dir='ltr'><strong>Pseudo-Abdias</strong></span> <span class='ocrx_word' id='word_1_626' title='bbox 2831 4003 2932 4051; x_wconf 86' lang='lat' dir='ltr'><strong>vn,</strong></span> <span class='ocrx_word' id='word_1_627' title='bbox 2966 3987 2999 4040; x_wconf 91' lang='lat'><strong>6</strong></span> <span class='ocrx_word' id='word_1_628' title='bbox 3028 4005 3041 4042; x_wconf 90' lang='lat'><strong>:</strong></span> <span class='ocrx_word' id='word_1_629' title='bbox 3105 4005 3125 4039; x_wconf 73' lang='grc' dir='ltr'><strong>ι</strong></span> <span class='ocrx_word' id='word_1_630' title='bbox 3157 3989 3420 4059; x_wconf 85' lang='lat' dir='ltr'><strong>Angelus,</strong></span> 
     </span>
    </p>
   </div>
   <div class='ocr_carea' id='block_1_87' title="bbox 1828 4054 3422 4150">
    <p class='ocr_par' dir='ltr' id='par_1_87' title="bbox 1828 4054 3422 4150">
     <span class='ocr_line' id='line_1_87' title="bbox 1828 4054 3422 4150; baseline -0.001 -17"><span class='ocrx_word' id='word_1_631' title='bbox 1828 4054 1930 4150; x_wconf 35' lang='lat' dir='ltr'><strong>lqui</strong></span> <span class='ocrx_word' id='word_1_632' title='bbox 1953 4054 2016 4134; x_wconf 68' lang='lat' dir='ltr'><strong>ex</strong></span> <span class='ocrx_word' id='word_1_633' title='bbox 2050 4093 2110 4132; x_wconf 90' lang='lat' dir='ltr'><strong>se</strong></span> <span class='ocrx_word' id='word_1_634' title='bbox 2135 4077 2394 4148; x_wconf 91' lang='lat' dir='ltr'><strong>concepit</strong></span> <span class='ocrx_word' id='word_1_635' title='bbox 2432 4077 2720 4143; x_wconf 84' lang='lat' dir='ltr'><strong>invidiam,</strong></span> <span class='ocrx_word' id='word_1_636' title='bbox 2761 4092 2858 4147; x_wconf 90' lang='lat' dir='ltr'><strong>per</strong></span> <span class='ocrx_word' id='word_1_637' title='bbox 2882 4078 3184 4147; x_wconf 90' lang='lat' dir='ltr'><strong>potentiam</strong></span> <span class='ocrx_word' id='word_1_638' title='bbox 3216 4054 3422 4150; x_wconf 76' lang='lat' dir='ltr'><strong>angeli-</strong></span> 
     </span>
    </p>
   </div>
   <div class='ocr_carea' id='block_1_88' title="bbox 1837 4169 3421 4242">
    <p class='ocr_par' dir='ltr' id='par_1_88' title="bbox 1837 4169 3421 4242">
     <span class='ocr_line' id='line_1_88' title="bbox 1837 4169 3421 4242; baseline -0.003 -15"><span class='ocrx_word' id='word_1_639' title='bbox 1837 4187 1957 4227; x_wconf 90' lang='lat' dir='ltr'><strong>cam</strong></span> <span class='ocrx_word' id='word_1_640' title='bbox 2014 4179 2328 4242; x_wconf 88' lang='lat' dir='ltr'><strong>serpentem</strong></span> <span class='ocrx_word' id='word_1_641' title='bbox 2381 4170 2685 4242; x_wconf 81' lang='lat' dir='ltr'><strong>ingressus.</strong></span> <span class='ocrx_word' id='word_1_642' title='bbox 2728 4188 2746 4223; x_wconf 74' lang='grc' dir='ltr'><strong>ι</strong></span> <span class='ocrx_word' id='word_1_643' title='bbox 2777 4202 2847 4211; x_wconf 89' lang='grc'><strong>-</strong></span> <span class='ocrx_word' id='word_1_644' title='bbox 2875 4169 2940 4223; x_wconf 85' lang='grc' dir='ltr'><strong>Ν.</strong></span> <span class='ocrx_word' id='word_1_645' title='bbox 2980 4170 3032 4224; x_wconf 88' lang='grc'><strong>1.</strong></span> <span class='ocrx_word' id='word_1_646' title='bbox 3079 4169 3184 4225; x_wconf 90' lang='lat' dir='ltr'><strong>Pro</strong></span> <span class='ocrx_word' id='word_1_647' title='bbox 3209 4171 3254 4224; x_wconf 77' lang='grc' dir='ltr'>δ’</span> <span class='ocrx_word' id='word_1_648' title='bbox 3303 4169 3421 4224; x_wconf 81' lang='grc' dir='ltr'>ἀλλ’</span> 
     </span>
    </p>
   </div>
   <div class='ocr_carea' id='block_1_89' title="bbox 1837 4265 3421 4338">
    <p class='ocr_par' dir='ltr' id='par_1_89' title="bbox 1837 4265 3421 4338">
     <span class='ocr_line' id='line_1_89' title="bbox 1837 4265 3421 4338; baseline -0.002 -14"><span class='ocrx_word' id='word_1_649' title='bbox 1837 4265 2096 4324; x_wconf 71' lang='grc' dir='ltr'>οειΕῠαν</span> <span class='ocrx_word' id='word_1_650' title='bbox 2132 4267 2188 4322; x_wconf 89' lang='lat' dir='ltr'><strong>in</strong></span> <span class='ocrx_word' id='word_1_651' title='bbox 2230 4265 2355 4322; x_wconf 90' lang='lat' dir='ltr'><strong>cod.</strong></span> <span class='ocrx_word' id='word_1_652' title='bbox 2393 4265 2537 4333; x_wconf 68' lang='lat'><strong>400;</strong></span> <span class='ocrx_word' id='word_1_653' title='bbox 2586 4267 2733 4337; x_wconf 92' lang='lat' dir='ltr'><strong>quod</strong></span> <span class='ocrx_word' id='word_1_654' title='bbox 2765 4273 2850 4324; x_wconf 90' lang='lat' dir='ltr'><strong>est</strong></span> <span class='ocrx_word' id='word_1_655' title='bbox 2901 4266 3119 4324; x_wconf 80' lang='lat' dir='ltr'><strong>facilius</strong></span> <span class='ocrx_word' id='word_1_656' title='bbox 3172 4266 3421 4338; x_wconf 89' lang='lat' dir='ltr'><strong>quidem,</strong></span> 
     </span>
    </p>
   </div>
   <div class='ocr_carea' id='block_1_90' title="bbox 1839 4359 2332 4416">
    <p class='ocr_par' dir='ltr' id='par_1_90' title="bbox 1839 4359 2332 4416">
     <span class='ocr_line' id='line_1_90' title="bbox 1839 4359 2332 4416; baseline -0.008 0"><span class='ocrx_word' id='word_1_657' title='bbox 1839 4359 1935 4416; x_wconf 88' lang='lat' dir='ltr'><strong>sed</strong></span> <span class='ocrx_word' id='word_1_658' title='bbox 1978 4375 2084 4414; x_wconf 92' lang='lat' dir='ltr'><strong>non</strong></span> <span class='ocrx_word' id='word_1_659' title='bbox 2117 4359 2332 4415; x_wconf 86' lang='lat' dir='ltr'><strong>melius.</strong></span> 
     </span>
    </p>
   </div>
   <div class='ocr_carea' id='block_1_91' title="bbox 1909 4448 2965 4524">
    <p class='ocr_par' dir='ltr' id='par_1_91' title="bbox 1909 4448 2965 4524">
     <span class='ocr_line' id='line_1_91' title="bbox 1909 4448 2965 4524; baseline -0.001 -18"><span class='ocrx_word' id='word_1_660' title='bbox 1909 4449 2039 4524; x_wconf 85' lang='lat' dir='ltr'><strong>Pag.</strong></span> <span class='ocrx_word' id='word_1_661' title='bbox 2080 4452 2169 4518; x_wconf 70' lang='grc'><strong>18,</strong></span> <span class='ocrx_word' id='word_1_662' title='bbox 2206 4468 2260 4508; x_wconf 92' lang='lat' dir='ltr'><strong>n.</strong></span> <span class='ocrx_word' id='word_1_663' title='bbox 2299 4452 2355 4506; x_wconf 85' lang='lat'><strong>2.</strong></span> <span class='ocrx_word' id='word_1_664' title='bbox 2393 4448 2576 4506; x_wconf 89' lang='lat' dir='ltr'><strong>Scrib.</strong></span> <span class='ocrx_word' id='word_1_665' title='bbox 2611 4451 2793 4519; x_wconf 82' lang='lat' dir='ltr'><strong>potius</strong></span> <span class='ocrx_word' id='word_1_666' title='bbox 2829 4469 2965 4515; x_wconf 87' lang='grc' dir='ltr'>πως.</span> 
     </span>
    </p>
   </div>
   <div class='ocr_carea' id='block_1_92' title="bbox 1908 4540 3426 4612">
    <p class='ocr_par' dir='ltr' id='par_1_92' title="bbox 1908 4540 3426 4612">
     <span class='ocr_line' id='line_1_92' title="bbox 1908 4540 3426 4612; baseline 0.001 -17"><span class='ocrx_word' id='word_1_667' title='bbox 1908 4541 2039 4612; x_wconf 79' lang='lat' dir='ltr'><strong>Pag.</strong></span> <span class='ocrx_word' id='word_1_668' title='bbox 2072 4543 2161 4605; x_wconf 83' lang='lat'><strong>55,</strong></span> <span class='ocrx_word' id='word_1_669' title='bbox 2196 4557 2251 4595; x_wconf 92' lang='lat' dir='ltr'><strong>n.</strong></span> <span class='ocrx_word' id='word_1_670' title='bbox 2280 4541 2334 4594; x_wconf 86' lang='lat'><strong>2.</strong></span> <span class='ocrx_word' id='word_1_671' title='bbox 2357 4542 2433 4596; x_wconf 89' lang='lat' dir='ltr'><strong>De</strong></span> <span class='ocrx_word' id='word_1_672' title='bbox 2453 4541 2666 4610; x_wconf 83' lang='lat' dir='ltr'><strong>junctis</strong></span> <span class='ocrx_word' id='word_1_673' title='bbox 2695 4541 2945 4610; x_wconf 83' lang='grc' dir='ltr'>σημείοις</span> <span class='ocrx_word' id='word_1_674' title='bbox 2969 4541 3064 4595; x_wconf 77' lang='grc' dir='ltr'><strong>καί</strong></span> <span class='ocrx_word' id='word_1_675' title='bbox 3086 4540 3279 4610; x_wconf 80' lang='grc' dir='ltr'>τέρασι</span> <span class='ocrx_word' id='word_1_676' title='bbox 3301 4540 3426 4598; x_wconf 86' lang='lat' dir='ltr'><strong>vide</strong></span> 
     </span>
    </p>
   </div>
   <div class='ocr_carea' id='block_1_93' title="bbox 1840 4630 2738 4699">
    <p class='ocr_par' dir='ltr' id='par_1_93' title="bbox 1840 4630 2738 4699">
     <span class='ocr_line' id='line_1_93' title="bbox 1840 4630 2738 4699; baseline -0.002 -13"><span class='ocrx_word' id='word_1_677' title='bbox 1840 4634 2054 4689; x_wconf 85' lang='lat' dir='ltr'><strong>Albert.</strong></span> <span class='ocrx_word' id='word_1_678' title='bbox 2088 4630 2156 4685; x_wconf 85' lang='lat' dir='ltr'><strong>ad</strong></span> <span class='ocrx_word' id='word_1_679' title='bbox 2183 4630 2431 4686; x_wconf 84' lang='lat' dir='ltr'><strong>Glossar.</strong></span> <span class='ocrx_word' id='word_1_680' title='bbox 2459 4646 2581 4699; x_wconf 84' lang='lat' dir='ltr'><strong>pag.</strong></span> <span class='ocrx_word' id='word_1_681' title='bbox 2615 4631 2738 4684; x_wconf 84' lang='grc'><strong>115.</strong></span> 
     </span>
    </p>
   </div>
   <div class='ocr_carea' id='block_1_94' title="bbox 1911 4719 3384 4796">
    <p class='ocr_par' dir='ltr' id='par_1_94' title="bbox 1911 4719 3384 4796">
     <span class='ocr_line' id='line_1_94' title="bbox 1911 4719 3384 4796; baseline 0 -19"><span class='ocrx_word' id='word_1_682' title='bbox 1911 4725 2039 4796; x_wconf 84' lang='lat' dir='ltr'><strong>Pag.</strong></span> <span class='ocrx_word' id='word_1_683' title='bbox 2068 4722 2155 4776; x_wconf 88' lang='lat'><strong>56.</strong></span> <span class='ocrx_word' id='word_1_684' title='bbox 2190 4721 2284 4777; x_wconf 84' lang='lat' dir='ltr'><strong>Est</strong></span> <span class='ocrx_word' id='word_1_685' title='bbox 2318 4720 2614 4791; x_wconf 73' lang='grc' dir='ltr'>ἠδικῆσθαι</span> <span class='ocrx_word' id='word_1_686' title='bbox 2663 4721 2715 4774; x_wconf 94' lang='lat' dir='ltr'><strong>in</strong></span> <span class='ocrx_word' id='word_1_687' title='bbox 2753 4719 2968 4774; x_wconf 89' lang='lat' dir='ltr'><strong>Libanii</strong></span> <span class='ocrx_word' id='word_1_688' title='bbox 3010 4721 3202 4776; x_wconf 87' lang='lat' dir='ltr'><strong>codice</strong></span> <span class='ocrx_word' id='word_1_689' title='bbox 3223 4723 3384 4777; x_wconf 85' lang='grc'><strong>5017.</strong></span> 
     </span>
    </p>
   </div>
   <div class='ocr_carea' id='block_1_95' title="bbox 1912 4810 2949 4886">
    <p class='ocr_par' dir='ltr' id='par_1_95' title="bbox 1912 4810 2949 4886">
     <span class='ocr_line' id='line_1_95' title="bbox 1912 4810 2949 4886; baseline -0.006 -16"><span class='ocrx_word' id='word_1_690' title='bbox 1912 4817 2042 4886; x_wconf 85' lang='lat' dir='ltr'><strong>Pag.</strong></span> <span class='ocrx_word' id='word_1_691' title='bbox 2074 4814 2163 4880; x_wconf 88' lang='lat'><strong>65,</strong></span> <span class='ocrx_word' id='word_1_692' title='bbox 2195 4829 2252 4869; x_wconf 91' lang='lat' dir='ltr'><strong>n.</strong></span> <span class='ocrx_word' id='word_1_693' title='bbox 2278 4813 2330 4867; x_wconf 85' lang='lat'><strong>6.</strong></span> <span class='ocrx_word' id='word_1_694' title='bbox 2363 4810 2524 4868; x_wconf 90' lang='lat' dir='ltr'><strong>Conf.</strong></span> <span class='ocrx_word' id='word_1_695' title='bbox 2563 4828 2615 4882; x_wconf 89' lang='lat' dir='ltr'><strong>p.</strong></span> <span class='ocrx_word' id='word_1_696' title='bbox 2639 4813 2766 4876; x_wconf 82' lang='lat'><strong>229,</strong></span> <span class='ocrx_word' id='word_1_697' title='bbox 2797 4827 2856 4866; x_wconf 92' lang='lat' dir='ltr'><strong>n.</strong></span> <span class='ocrx_word' id='word_1_698' title='bbox 2894 4811 2949 4867; x_wconf 90' lang='lat'><strong>6.</strong></span> 
     </span>
    </p>
   </div>
   <div class='ocr_carea' id='block_1_96' title="bbox 1910 4903 3426 4979">
    <p class='ocr_par' dir='ltr' id='par_1_96' title="bbox 1910 4903 3426 4979">
     <span class='ocr_line' id='line_1_96' title="bbox 1910 4903 3426 4979; baseline -0.003 -18"><span class='ocrx_word' id='word_1_699' title='bbox 1910 4908 2040 4979; x_wconf 86' lang='lat' dir='ltr'><strong>Pag.</strong></span> <span class='ocrx_word' id='word_1_700' title='bbox 2074 4907 2163 4973; x_wconf 83' lang='lat'><strong>65,</strong></span> <span class='ocrx_word' id='word_1_701' title='bbox 2197 4923 2254 4959; x_wconf 85' lang='grc' dir='ltr'><strong>η.</strong></span> <span class='ocrx_word' id='word_1_702' title='bbox 2282 4906 2335 4960; x_wconf 89' lang='grc'><strong>5.</strong></span> <span class='ocrx_word' id='word_1_703' title='bbox 2367 4903 2527 4960; x_wconf 87' lang='lat' dir='ltr'><strong>Nilus</strong></span> <span class='ocrx_word' id='word_1_704' title='bbox 2554 4904 2719 4974; x_wconf 89' lang='lat' dir='ltr'><strong>epist.</strong></span> <span class='ocrx_word' id='word_1_705' title='bbox 2746 4903 2850 4958; x_wconf 88' lang='grc'><strong>150</strong></span> <span class='ocrx_word' id='word_1_706' title='bbox 2881 4923 2894 4958; x_wconf 88' lang='lat'><strong>:</strong></span> <span class='ocrx_word' id='word_1_707' title='bbox 2935 4905 3266 4972; x_wconf 83' lang='grc' dir='ltr'>Ἀναγκαῖον</span> <span class='ocrx_word' id='word_1_708' title='bbox 3287 4904 3426 4957; x_wconf 85' lang='grc' dir='ltr'>εἰδέ-</span> 
     </span>
    </p>
   </div>
   <div class='ocr_carea' id='block_1_97' title="bbox 1843 4992 3427 5066">
    <p class='ocr_par' dir='ltr' id='par_1_97' title="bbox 1843 4992 3427 5066">
     <span class='ocr_line' id='line_1_97' title="bbox 1843 4992 3427 5066; baseline -0.004 -13"><span class='ocrx_word' id='word_1_709' title='bbox 1843 5016 1932 5053; x_wconf 89' lang='grc' dir='ltr'><strong>ναι</strong></span> <span class='ocrx_word' id='word_1_710' title='bbox 1951 4999 2031 5052; x_wconf 81' lang='grc' dir='ltr'><strong>ὅτι</strong></span> <span class='ocrx_word' id='word_1_711' title='bbox 2086 4996 2305 5066; x_wconf 79' lang='grc' dir='ltr'>μέλλεις</span> <span class='ocrx_word' id='word_1_712' title='bbox 2339 4995 2546 5065; x_wconf 85' lang='grc' dir='ltr'>βήματι</span> <span class='ocrx_word' id='word_1_713' title='bbox 2592 4993 2968 5066; x_wconf 81' lang='grc' dir='ltr'>παρίστασθαι</span> <span class='ocrx_word' id='word_1_714' title='bbox 3019 4993 3264 5066; x_wconf 71' lang='grc' dir='ltr'>φοϐερῷ,</span> <span class='ocrx_word' id='word_1_715' title='bbox 3298 4992 3427 5046; x_wconf 79' lang='grc' dir='ltr'>ἔνθα</span> 
     </span>
    </p>
   </div>
   <div class='ocr_carea' id='block_1_98' title="bbox 1842 5085 3425 5158">
    <p class='ocr_par' dir='ltr' id='par_1_98' title="bbox 1842 5085 3425 5158">
     <span class='ocr_line' id='line_1_98' title="bbox 1842 5085 3425 5158; baseline -0.003 -15"><span class='ocrx_word' id='word_1_716' title='bbox 1842 5090 2022 5154; x_wconf 73' lang='grc' dir='ltr'>οὐδεὶς</span> <span class='ocrx_word' id='word_1_717' title='bbox 2053 5090 2400 5158; x_wconf 81' lang='grc' dir='ltr'>διαφανεῖται</span> <span class='ocrx_word' id='word_1_718' title='bbox 2425 5085 2738 5157; x_wconf 81' lang='grc' dir='ltr'>ἐπικουρῶν</span> <span class='ocrx_word' id='word_1_719' title='bbox 2773 5103 2854 5139; x_wconf 93' lang='grc' dir='ltr'><strong>σοι</strong></span> <span class='ocrx_word' id='word_1_720' title='bbox 2881 5087 2913 5155; x_wconf 86' lang='grc' dir='ltr'>ἢ</span> <span class='ocrx_word' id='word_1_721' title='bbox 2945 5085 3232 5148; x_wconf 78' lang='grc' dir='ltr'>ἐξελέσθαι</span> <span class='ocrx_word' id='word_1_722' title='bbox 3263 5085 3425 5139; x_wconf 87' lang='grc' dir='ltr'>δυνά-</span> 
     </span>
    </p>
   </div>
   <div class='ocr_carea' id='block_1_99' title="bbox 1848 5175 3429 5254">
    <p class='ocr_par' dir='ltr' id='par_1_99' title="bbox 1848 5175 3429 5254">
     <span class='ocr_line' id='line_1_99' title="bbox 1848 5175 3429 5254; baseline -0.004 -18"><span class='ocrx_word' id='word_1_723' title='bbox 1848 5199 2006 5254; x_wconf 89' lang='grc' dir='ltr'>μενος</span> <span class='ocrx_word' id='word_1_724' title='bbox 2032 5181 2134 5252; x_wconf 83' lang='grc' dir='ltr'>τῆς</span> <span class='ocrx_word' id='word_1_725' title='bbox 2159 5179 2342 5251; x_wconf 81' lang='grc' dir='ltr'>χειρὸς</span> <span class='ocrx_word' id='word_1_726' title='bbox 2363 5177 2457 5232; x_wconf 80' lang='grc' dir='ltr'>τοῦ</span> <span class='ocrx_word' id='word_1_727' title='bbox 2491 5177 2806 5242; x_wconf 76' lang='grc' dir='ltr'>δικάζοντος</span> <span class='ocrx_word' id='word_1_728' title='bbox 2829 5193 2843 5208; x_wconf 79' lang='grc' dir='ltr'><strong><em>ο</em></strong></span> <span class='ocrx_word' id='word_1_729' title='bbox 2882 5175 3012 5228; x_wconf 72' lang='grc' dir='ltr'>ἔνθα</span> <span class='ocrx_word' id='word_1_730' title='bbox 3053 5175 3299 5246; x_wconf 85' lang='grc' dir='ltr'>δεινότης</span> <span class='ocrx_word' id='word_1_731' title='bbox 3332 5177 3429 5229; x_wconf 75' lang='grc' dir='ltr'>καὶ</span> 
     </span>
    </p>
   </div>
   <div class='ocr_carea' id='block_1_100' title="bbox 1844 5266 3426 5342">
    <p class='ocr_par' dir='ltr' id='par_1_100' title="bbox 1844 5266 3426 5342">
     <span class='ocr_line' id='line_1_100' title="bbox 1844 5266 3426 5342; baseline -0.003 -18"><span class='ocrx_word' id='word_1_732' title='bbox 1844 5272 2141 5342; x_wconf 56' lang='grc' dir='ltr'>εὖστροφία</span> <span class='ocrx_word' id='word_1_733' title='bbox 2171 5270 2346 5338; x_wconf 85' lang='grc' dir='ltr'>λόγων</span> <span class='ocrx_word' id='word_1_734' title='bbox 2376 5268 2470 5323; x_wconf 78' lang='grc' dir='ltr'><strong>καὶ</strong></span> <span class='ocrx_word' id='word_1_735' title='bbox 2495 5269 2746 5340; x_wconf 83' lang='grc' dir='ltr'>γλώττης</span> <span class='ocrx_word' id='word_1_736' title='bbox 2771 5267 2922 5321; x_wconf 81' lang='grc' dir='ltr'>οὐδὲν</span> <span class='ocrx_word' id='word_1_737' title='bbox 2954 5266 3237 5332; x_wconf 86' lang='grc' dir='ltr'>παντελῶς</span> <span class='ocrx_word' id='word_1_738' title='bbox 3273 5267 3426 5338; x_wconf 77' lang='grc' dir='ltr'>ἰσχύ-</span> 
     </span>
    </p>
   </div>
   <div class='ocr_carea' id='block_1_101' title="bbox 1848 5364 2349 5435">
    <p class='ocr_par' dir='ltr' id='par_1_101' title="bbox 1848 5364 2349 5435">
     <span class='ocr_line' id='line_1_101' title="bbox 1848 5364 2349 5435; baseline 0 -17"><span class='ocrx_word' id='word_1_739' title='bbox 1848 5382 1936 5419; x_wconf 89' lang='grc' dir='ltr'><strong>σαι</strong></span> <span class='ocrx_word' id='word_1_740' title='bbox 1967 5364 2349 5435; x_wconf 60' lang='grc' dir='ltr'>δυνήσεται...</span> 
     </span>
    </p>
   </div>
   <div class='ocr_carea' id='block_1_102' title="bbox 1918 5451 3428 5528">
    <p class='ocr_par' dir='ltr' id='par_1_102' title="bbox 1918 5451 3428 5528">
     <span class='ocr_line' id='line_1_102' title="bbox 1918 5451 3428 5528; baseline -0.002 -18"><span class='ocrx_word' id='word_1_741' title='bbox 1918 5457 2052 5528; x_wconf 83' lang='lat' dir='ltr'><strong>Pag.</strong></span> <span class='ocrx_word' id='word_1_742' title='bbox 2084 5457 2172 5510; x_wconf 90' lang='grc'><strong>76.</strong></span> <span class='ocrx_word' id='word_1_743' title='bbox 2204 5455 2301 5511; x_wconf 87' lang='lat' dir='ltr'><strong>Est</strong></span> <span class='ocrx_word' id='word_1_744' title='bbox 2332 5464 2386 5512; x_wconf 88' lang='lat' dir='ltr'><strong>et</strong></span> <span class='ocrx_word' id='word_1_745' title='bbox 2419 5453 2564 5526; x_wconf 90' lang='lat' dir='ltr'><strong>apud</strong></span> <span class='ocrx_word' id='word_1_746' title='bbox 2610 5451 2714 5509; x_wconf 86' lang='lat' dir='ltr'><strong>lsa.</strong></span> <span class='ocrx_word' id='word_1_747' title='bbox 2765 5468 2821 5518; x_wconf 69' lang='grc' dir='ltr'><strong>κ,</strong></span> <span class='ocrx_word' id='word_1_748' title='bbox 2857 5451 2943 5518; x_wconf 89' lang='grc'><strong>18,</strong></span> <span class='ocrx_word' id='word_1_749' title='bbox 2969 5451 3168 5521; x_wconf 76' lang='grc' dir='ltr'>φλογὸς</span> <span class='ocrx_word' id='word_1_750' title='bbox 3207 5454 3428 5526; x_wconf 82' lang='grc' dir='ltr'>καιομέ-</span> 
     </span>
    </p>
   </div>
   <div class='ocr_carea' id='block_1_103' title="bbox 1844 5569 1962 5622">
    <p class='ocr_par' dir='ltr' id='par_1_103' title="bbox 1844 5569 1962 5622">
     <span class='ocr_line' id='line_1_103' title="bbox 1844 5569 1962 5622; baseline -0.008 -17"><span class='ocrx_word' id='word_1_751' title='bbox 1844 5569 1962 5622; x_wconf 84' lang='grc' dir='ltr'>νης.</span> 
     </span>
    </p>
   </div>
   <div class='ocr_carea' id='block_1_104' title="bbox 1918 5637 3429 5712">
    <p class='ocr_par' dir='ltr' id='par_1_104' title="bbox 1918 5637 3429 5712">
     <span class='ocr_line' id='line_1_104' title="bbox 1918 5637 3429 5712; baseline -0.005 -15"><span class='ocrx_word' id='word_1_752' title='bbox 1918 5643 2048 5712; x_wconf 81' lang='lat' dir='ltr'><strong>Pag.</strong></span> <span class='ocrx_word' id='word_1_753' title='bbox 2077 5642 2166 5705; x_wconf 83' lang='grc'><strong>91,</strong></span> <span class='ocrx_word' id='word_1_754' title='bbox 2219 5642 2303 5694; x_wconf 86' lang='grc'><strong>11.</strong></span> <span class='ocrx_word' id='word_1_755' title='bbox 2340 5639 2681 5711; x_wconf 81' lang='lat' dir='ltr'><strong>Theophilus</strong></span> <span class='ocrx_word' id='word_1_756' title='bbox 2709 5640 2866 5695; x_wconf 89' lang='lat' dir='ltr'><strong>Alcx.</strong></span> <span class='ocrx_word' id='word_1_757' title='bbox 2911 5637 3110 5694; x_wconf 84' lang='lat' dir='ltr'><strong>Homil.</strong></span> <span class='ocrx_word' id='word_1_758' title='bbox 3141 5638 3308 5709; x_wconf 79' lang='lat' dir='ltr'><strong>Cujus</strong></span> <span class='ocrx_word' id='word_1_759' title='bbox 3356 5641 3429 5693; x_wconf 78' lang='lat' dir='ltr'><strong>rei</strong></span> 
     </span>
    </p>
   </div>
   <div class='ocr_carea' id='block_1_105' title="bbox 1850 5731 3430 5803">
    <p class='ocr_par' dir='ltr' id='par_1_105' title="bbox 1850 5731 3430 5803">
     <span class='ocr_line' id='line_1_105' title="bbox 1850 5731 3430 5803; baseline -0.004 -16"><span class='ocrx_word' id='word_1_760' title='bbox 1850 5737 2004 5789; x_wconf 83' lang='lat' dir='ltr'><strong>homo</strong></span> <span class='ocrx_word' id='word_1_761' title='bbox 2034 5734 2250 5796; x_wconf 75' lang='lat' dir='ltr'><strong>similia,</strong></span> <span class='ocrx_word' id='word_1_762' title='bbox 2278 5749 2330 5803; x_wconf 74' lang='grc' dir='ltr'><strong>ῃ.</strong></span> <span class='ocrx_word' id='word_1_763' title='bbox 2364 5735 2396 5787; x_wconf 83' lang='lat'><strong>5</strong></span> <span class='ocrx_word' id='word_1_764' title='bbox 2433 5753 2444 5787; x_wconf 95' lang='lat'>:</span> <span class='ocrx_word' id='word_1_765' title='bbox 2489 5734 2612 5786; x_wconf 81' lang='grc' dir='ltr'><strong>Ἐάν</strong></span> <span class='ocrx_word' id='word_1_766' title='bbox 2657 5732 2739 5793; x_wconf 84' lang='grc' dir='ltr'><strong>τίς</strong></span> <span class='ocrx_word' id='word_1_767' title='bbox 2794 5750 2851 5784; x_wconf 89' lang='grc' dir='ltr'><strong>σε</strong></span> <span class='ocrx_word' id='word_1_768' title='bbox 2902 5733 3202 5802; x_wconf 82' lang='grc' dir='ltr'>ἁγκαρεύοι</span> <span class='ocrx_word' id='word_1_769' title='bbox 3253 5731 3430 5801; x_wconf 82' lang='grc' dir='ltr'>μίλιον</span> 
     </span>
    </p>
   </div>
   <div class='ocr_carea' id='block_1_106' title="bbox 1851 5826 3429 5900">
    <p class='ocr_par' dir='ltr' id='par_1_106' title="bbox 1851 5826 3429 5900">
     <span class='ocr_line' id='line_1_106' title="bbox 1851 5826 3429 5900; baseline 0.002 -20"><span class='ocrx_word' id='word_1_770' title='bbox 1851 5829 2132 5898; x_wconf 71' lang='grc' dir='ltr'>ἓν,ὒπαγε</span> <span class='ocrx_word' id='word_1_771' title='bbox 2169 5828 2279 5882; x_wconf 77' lang='grc' dir='ltr'>δύο.</span> <span class='ocrx_word' id='word_1_772' title='bbox 2337 5827 2469 5885; x_wconf 73' lang='lat' dir='ltr'><strong>Cod.</strong></span> <span class='ocrx_word' id='word_1_773' title='bbox 2529 5827 2683 5896; x_wconf 78' lang='lat' dir='ltr'><strong>l0l5,</strong></span> <span class='ocrx_word' id='word_1_774' title='bbox 2743 5827 3096 5900; x_wconf 71' lang='grc' dir='ltr'>ἁγκαρεύσει.</span> <span class='ocrx_word' id='word_1_775' title='bbox 3149 5826 3429 5896; x_wconf 71' lang='lat' dir='ltr'><strong>Rctmnam</strong></span> 
     </span>
    </p>
   </div>
  </div>
