3876 6336
62 358 211 423 245

26 468 214 523 Sunt
256 467 425 539 apud
479 464 839 522 Athanasium
893 464 1020 522 Vita
1047 467 1255 524 Anton.
1292 467 1320 540 ᾗ
1364 468 1453 535 59,
1487 467 1687 523 dzemo-

50 579 165 618 res
196 562 551 633 ψάλλοντες.

123 653 293 725 Pag.
348 654 480 720 279,
531 652 620 709 10.
683 651 1043 719 Athanasius,
1096 651 1242 722 apud
1279 651 1560 717 Gauhnin,
1605 650 1676 707 ad

22 742 250 799 Psell.
288 760 351 815 p.
404 743 504 798 116
536 762 551 798 :
601 744 660 797 '0
698 743 798 814 μὲν
838 738 934 798 οὖν
982 742 1177 814 ἐχθρὸς
1210 742 1500 817 (διάὁολος)
1544 742 1686 814 μετὰ

22 839 183 893 τῶν
255 836 465 891 ἑαυτοῦ
530 834 711 889 κυνῶν
765 833 1036 900 τοσαύτας
1097 834 1212 907 ἔχει
1263 835 1361 899 τὰς
1432 850 1674 906 πανουρ-

22 948 231 1000 γιας.
328 984 331 985 ν

143 1023 297 1095 Pag.
331 1020 465 1088 282,
504 1022 556 1076 7.
592 1019 685 1077 Sic
719 1038 771 1093 p.
797 1020 924 1087 521,
960 1022 1022 1077 11
1054 1038 1068 1077 :
1115 1022 1338 1093 Δάκρυα
1370 1021 1685 1094 ποταμηδὸν

24 1115 193 1169 τῶν
231 1116 515 1186 ὀμμάτων
549 1114 882 1177 καταδύσας.
916 1112 1075 1169 Conf.
1103 1129 1157 1183 p.
1188 1113 1315 1177 514,
1346 1114 1433 1168 11.

152 1207 301 1278 Pag.
336 1207 469 1261 284.
494 1205 650 1262 Conf.
675 1222 764 1276 pp.
792 1204 920 1270 296,
951 1221 1006 1258 ιι.
1048 1204 1115 1271 5;
1152 1204 1278 1268 542,
1310 1204 1396 1258 15.

151 1298 299 1370 Pag.
333 1298 467 1361 285,
504 1298 588 1353 14.
617 1297 1010 1368 Andreopulus
1036 1297 1105 1352 de
1142 1295 1303 1367 Synt.
1338 1312 1391 1366 p.
1419 1296 1453 1350 4
1482 1311 1495 1348 :
1533 1298 1686 1366 Παρ-

46 1391 286 1444 εκὰλει
316 1390 378 1444 τὸ
402 1382 556 1442 Θεῖον
590 1388 686 1443 τοῦ
724 1388 829 1458 τῆς
872 1388 1160 1455 ἁπαιδείας
1198 1388 1427 1460 λυθῆναι
1451 1387 1679 1460 δεσμοῦ.

52 1480 181 1539 Cf.
218 1478 472 1533 Monum.
498 1478 673 1533 Cotel.
707 1489 745 1533 t.
768 1476 833 1543 ll,
859 1494 915 1549 p.
948 1477 1055 1533 202
1077 1479 1143 1532 Α.

161 1571 304 1641 Pag.
336 1570 465 1625 288.
502 1568 721 1626 Nomini
751 1571 846 1625 isti
888 1570 1148 1643 φάρυγγα
1182 1569 1342 1640 quasi
1389 1569 1547 1625 clavo
1582 1584 1679 1641 ap-

65 1662 341 1733 pendam
375 1662 619 1719 notulam
663 1676 771 1732 qua
810 1660 1169 1717 Bachmanno
1196 1660 1495 1732 gratificer.
1534 1661 1671 1715 Cum

65 1771 281 1826 nuper
322 1757 378 1809 in
406 1754 528 1824 ejus
564 1753 987 1825 Lycophronem
1021 1754 1163 1810 bona
1194 1769 1313 1809 mea
1342 1752 1565 1808 fortuna
1595 1753 1683 1807 in-

66 1845 390 1907 cidissem,
428 1845 793 1914 volumenque
822 1845 1153 1906 evolverem,
1201 1844 1395 1899 oculos
1445 1844 1681 1899 advertit

72 1937 453 2008 longissima,
505 1952 607 1992 nec
656 1944 838 1993 tamen
895 1936 1054 2007 longa
1109 1936 1295 2000 nimis,
1324 1945 1455 1991 nota
1501 1950 1554 2006 p.
1590 1937 1680 1997 4‘5,

74 2030 257 2086 unde
282 2029 537 2086 intellexi
578 2044 741 2099 quam
777 2044 921 2102 aegre
970 2028 1172 2085 Meletii
1206 2028 1398 2083 inediti
1444 2029 1566 2082 loco
1592 2041 1687 2080 ca-

96 2123 326 2178 ruisset
353 2122 435 2176 vir
460 2121 692 2177 doctiss.
725 2162 740 2188 ,
763 2136 874 2193 quo
901 2120 1118 2192 φάρυγξ
1154 2120 1494 2176 describitur
1525 2122 1694 2190 [itque

79 2217 195 2273 sui
246 2214 624 2288 Lycollhronis
678 2215 913 2270 mentio.
972 2213 1179 2269 Meletii
1217 2213 1389 2284 igitur
1420 2212 1585 2268 verba
1623 2228 1693 2269 ex

92 2323 242 2365 meo
276 2308 613 2379 apographo,
644 2308 793 2377 quod
829 2306 962 2361 mihi
998 2321 1030 2361 e
1059 2297 1248 2360 codice
1279 2304 1421 2357 2227
1451 2303 1689 2371 confeci,

84 2400 228 2465 huc
259 2414 553 2469 apponam,
582 2398 639 2453 in
659 2397 781 2469 ejus
803 2412 964 2453 usum
989 2394 1199 2450 εΤοῦτο
1227 2395 1285 2448 δὲ
1315 2394 1377 2448 τὸ
1406 2394 1574 2465 μέρος
1599 2395 1694 2449 καὶ

91 2488 342 2559 φάρυγξ
387 2488 658 2555 καλεῖται,
693 2487 846 2557 παρὰ
880 2486 942 2540 τὸ
982 2485 1155 2557 φέρω,
1186 2484 1257 2538 δι’
1285 2479 1355 2557 ἦς
1382 2484 1606 2557 φέρεται
1632 2485 1695 2538 τὸ

92 2578 361 2651 πνεῦμα,
420 2581 517 2633 καὶ
566 2579 683 2632 ἔστι
746 2576 1114 2649 παρώνυμον·
1169 2577 1477 2648 Λυκόφρων
1526 2577 1693 2647 φησιν

92 2673 296 2739 (Alex.
322 2671 443 2742 154)
466 2687 479 2700 ⁸
518 2690 537 2722 ι
575 2669 948 2740 Ἐτύμὸευσεν
983 2667 1175 2739 φὰρω·
1208 2668 1286 2719 »⁸6
1326 2667 1383 2720 δὲ
1409 2665 1693 2737 Καλλίμα-

91 2783 213 2838 χος
269 2764 591 2835 (Fragmen.
640 2762 813 2833 185)·
863 2782 881 2814 ι
922 2763 1165 2833 ’Δφαρον
1214 2760 1482 2831 φαρόωσι,
1521 2779 1541 2813 ι
1591 2760 1694 2830 τὴν

96 2856 289 2927 μηδὲν
318 2855 586 2926 φέρουσαν
619 2853 901 2925 φάρυγγα.
935 2851 1014 2907 Ex
1043 2850 1419 2923 Etymologico
1453 2851 1523 2907 11.
1556 2866 1687 2923 pro-

88 2947 248 3003 fecit
273 2944 538 3001 Meletius.

190 3035 322 3108 Pag.
348 3036 474 3105 289,
503 3036 557 3090 7.
586 3033 695 3089 Pro
724 3033 979 3096 εἰκότως,
1012 3031 1200 3088 forsan
1238 3030 1404 3094 εἰκός.
1433 3030 1520 3097 0.,
1551 3030 1691 3100 μᾶλ-

88 3133 207 3185 λον
227 3129 263 3201 ἢ
292 3128 445 3183 πενθ.
477 3156 550 3168 -
579 3127 669 3181 22.
697 3126 759 3192 C,
790 3126 947 3197 δῆλα.

196 3222 325 3293 Pag.
354 3221 481 3277 296.
512 3219 672 3275 Conf.
698 3235 754 3289 p.
783 3217 909 3286 516,
947 3219 997 3273 1.

182 3313 313 3385 Pag.
334 3313 463 3369 297.
489 3312 565 3368 De
582 3313 677 3369 illo
698 3327 864 3369 sensu
893 3309 1136 3367 nominis
1158 3308 1293 3379 βίος,
1317 3308 1456 3365 adde
1474 3305 1692 3379 Heyler.

92 3407 184 3464 ad
212 3405 415 3462 Iuliani
452 3405 629 3476 Epist.
660 3406 751 3461 55.
772 3433 848 3445 --
876 3403 945 3460 N.
984 3404 1040 3460 6.
1073 3401 1171 3460 Est
1214 3403 1497 3474 ἱστόρηται
1546 3401 1692 3473 apud

106 3500 289 3556 Psell.
324 3499 400 3555 De
436 3500 595 3554 dwm.
631 3516 721 3572 pp.
763 3499 855 3563 26,
886 3498 977 3554 54.
1384 3498 1411 3559 ζ
1516 3506 1519 3509 ’

188 3592 315 3663 Pag.
344 3592 467 3657 500,
498 3592 590 3646 24.
619 3592 682 3658 C,
716 3582 806 3647 διὰ
833 3590 949 3645 τοῦ.
986 3589 1214 3647 Videtur
1238 3603 1363 3644 csse
1392 3587 1481 3641 διά
1511 3604 1605 3641 του
1633 3585 1690 3642 in

106 3687 183 3741 Α.
208 3685 336 3756 Pag.
363 3685 488 3749 501,
518 3684 609 3750 11,
635 3684 705 3739 δι’
740 3684 929 3755 ἑτέρου
961 3681 1245 3755 προφήτου
1266 3699 1280 3714 ο
1309 3681 1457 3752 quod
1487 3681 1683 3737 lectio-

103 3792 242 3835 nem
268 3793 355 3830 του
384 3776 605 3833 ﬁrmare
631 3776 870 3834 videtur.

1602 356 1862 421 INDEX.

3241 355 3373 420 1216

1860 465 1992 540 Pag.
2024 465 2153 531 su,
2185 465 2466 523 10.'Conf.
2493 467 2620 523 uo.

1859 554 1990 627 Pag.
2028 557 2155 625 515,
2189 556 2281 611 22.
2317 557 2477 614 Disco
2511 574 2577 613 ex
2606 555 2721 613 Jac.
2756 554 2951 621 Billio,
2989 557 3043 612 in
3079 558 3268 614 Allatii
3297 562 3368 615 ad

1788 647 2045 704 Damasc.
2080 645 2397 719 Prolegom.
2433 646 2460 719 §
2497 647 2597 714 44,
2635 646 2927 717 perspicue
2977 646 3235 703 hausisse
3269 663 3371 703 au-

1787 748 1999 796 ctorem
2029 753 2153 795 eam
2194 738 2459 821 Joasaphi
2484 739 2793 795 orationem
2824 754 2889 795 ex
2916 738 3159 797 Constit.
3185 738 3373 796 Basilii

1789 831 1920 887 c.1.

1862 922 1996 993 Pag.
2038 919 2167 976 516.
2214 918 2544 993 Lycophron
2594 919 2773 978 1455:
2820 918 2983 986 Βάζω
3033 921 3191 976 κενὸν
3237 919 3375 993 ψάλ-

1794 1014 1964 1066 λουσα
2002 1011 2283 1083 μάπακος
2316 1012 2532 1084 κρότον.
3338 1040 3348 1046 ~

1860 1100 1997 1173 Pag.
2027 1100 2151 1168 556,
2171 1102 2227 1156 2.
2257 1101 2530 1158 Maximus
2558 1102 2689 1175 Tyr.
2717 1103 2856 1160 diss.
2892 1119 2948 1175 p.
2970 1104 3180 1171 41,378
3214 1106 3374 1172 εΠῶς

1792 1194 2161 1268 φυλαξώμεθα
2206 1214 2221 1263 ;
2284 1197 2403 1261 πῶς
2457 1197 2733 1268 λάθωμεν.
2785 1199 3078 1255 Consentlt
3151 1200 3373 1271 quidem

1790 1286 1964 1343 codex
1998 1286 2178 1354 1962;
2214 1288 2401 1342 malim
2438 1295 2621 1343 tamen
2656 1288 3006 1363 φυλαξόμεθα
3032 1330 3049 1357 ,
3080 1296 3169 1348 cui
3201 1294 3377 1350 λάθω-

1796 1396 1895 1451 μεν
1946 1388 2071 1449 apte
2123 1380 2433 1436 conveniet.
2486 1381 2807 1439 Sexcenties
2862 1392 3184 1453 permutatae
3244 1397 3378 1443 sunt

1816 1470 2094 1544 47903
2122 1489 2188 1539 ω,
2216 1472 2368 1529 verbi
2404 1487 2593 1540 causa,
2618 1475 2673 1529 in
2701 1472 3011 1546 Equitibus,
3035 1493 3086 1533 v.
3108 1478 3214 1534 218
3235 1499 3247 1534 :
3270 1479 3378 1555 [Τὰ

1806 1563 1853 1618 δ’
1885 1564 2022 1618 ἄλλα
2074 1581 2156 1618 σοι
2189 1566 2449 1636 πρόσεστι
2501 1567 2904 1637 δημαγωγικά,
2944 1568 3121 1643 [Φωνὴ
3174 1572 3372 1644 μιαρὰ,

1796 1656 2027 1725 γέγονας
2041 1657 2233 1724 κακὸς,
2249 1659 2507 1730 ἀγοραῖος
2532 1651 2797 1715 εῐ.(]ο(ιθκ
2821 1657 2985 1727 2712,
3004 1664 3213 1731 κακῶς,
3229 1665 3377 1735 quod

1800 1760 2065 1821 praestare
2092 1750 2331 1806 videtur.
2361 1749 2682 1817 Quaestioni,
2718 1751 2836 1822 μῶν
2886 1754 2951 1806 ἐκ
2982 1755 3161 1809 καλῶν
3194 1753 3244 1810 si
3272 1758 3378 1811 κά-

1802 1840 2028 1910 γαθῶν;
2063 1842 2369 1915 Respondit
2399 1843 2682 1901 lsiciarius
2712 1862 2766 1901 v.
2800 1845 2902 1901 186
2925 1866 2938 1901 :
2965 1847 3076 1919 εἰμ’
3112 1849 3178 1902 ἐκ
3210 1867 3377 1921 πονη-

1800 1930 1911 2003 ρῶν
1936 1949 2022 2002 γε.
2053 1932 2181 1989 Fuit
2213 1936 2381 2005 igitur
2402 1936 2450 1990 is
2473 1936 2561 1990 cui
2582 1946 2770 2007 posset
2800 1938 2911 1993 dici
2938 1958 2952 1991 :
2984 1939 3217 2009 γέγονας
3278 1959 3379 1995 κα-

1797 2026 1928 2091 κῶς.
1966 2026 2354 2091 Locutionem,
2398 2024 2482 2094 εὖ,
2516 2029 2704 2092 κακῶς
2762 2030 3041 2098 γενέσθαι,
3104 2034 3378 2090 illustrari

1798 2120 1864 2175 ad
1886 2120 2142 2190 Eunap.;
2185 2119 2326 2175 adde
2352 2118 2573 2175 Herald.
2600 2121 2666 2175 ad
2695 2120 2904 2177 Arnob.
2942 2138 2998 2193 p.
3029 2124 3151 2178 110.
3185 2124 3385 2189 Obiter,

1796 2213 1967 2267 alium
2029 2211 2238 2269 Comici
2302 2212 2487 2267 locum
2538 2227 2569 2268 e
2625 2211 3161 2279 Concionatricibus,
3211 2228 3377 2286 quam

1806 2304 1970 2359 modo
2037 2304 2304 2375 legebam,
2373 2311 2615 2375 tangam,
2646 2298 2807 2359 οιιίὧ
2839 2306 3134 2361 restituere
3187 2305 3378 2362 velim.

1796 2395 1994 2452 Editus
2034 2404 2119 2452 est
2154 2396 2229 2450 ita
2268 2414 2321 2452 v.
2364 2396 2467 2452 166
2505 2415 2519 2452 :
2549 2398 2821 2463 Γυναῖκας
2858 2393 2948 2465 αὖ,
2972 2398 3223 2470 δύστηνε,
3250 2398 3380 2464 τοὺς

1805 2490 2006 2563 ἄνδρας
2078 2489 2279 2557 λέγεις.
2317 2488 2423 2546 Sed
2452 2490 2524 2546 αὖ
2556 2506 2665 2546 non
2720 2491 2860 2547 bene
2913 2490 3118 2546 habere
3136 2490 3378 2559 videtur,

1796 2595 1921 2633 cum
1968 2580 2141 2636 semel
2184 2587 2399 2635 tantum
2445 2583 2712 2650 γυναῖκας
2773 2581 3055 2637 vocaverit
3081 2581 3230 2638 viros
3247 2595 3377 2636 ora-

1796 2680 1884 2726 tor
1918 2670 2141 2728 femina.
2176 2671 2239 2727 In
2267 2688 2385 2728 mea
2418 2673 2685 2739 editione,
2708 2673 2754 2730 si
2778 2673 2857 2729 sic
2887 2687 3086 2728 vocare
3145 2680 3255 2727 tam
3290 2681 3379 2728 tu-

1801 2766 2161 2821 multuariam
2189 2781 2415 2839 operam
2451 2778 2704 2837 possum,
2771 2766 3058 2838 proposui,
3088 2766 3377 2834 γυναῖκας.

1801 2849 1846 2909 ὦ
1879 2855 2109 2926 δύστηνε
2143 2873 2158 2911 :
2187 2872 2352 2927 quam
2388 2858 2727 2928 scripturam
2759 2857 2895 2912 mihi
2930 2855 3098 2911 modo
3128 2853 3383 2912 exhibuit

1802 2949 1976 3004 codex
1996 2947 2159 3015 2712,
2186 2964 2239 3022 p.
2264 2948 2390 3003 519.

1871 3038 2002 3109 Pag.
2041 3039 2167 3106 342,
2221 3038 2276 3094 8.
2325 3038 2461 3095 Cum
2508 3039 2797 3112 ὁμοιοῦσαι
2846 3049 3081 3111 possunt
3121 3037 3381 3109 conferri

1804 3126 2019 3182 similes
2050 3126 2236 3183 forma
2271 3131 2554 3200 πειρᾶσαι,
2611 3132 2906 3201 καυχᾶσαι,
2938 3130 3083 3202 apud
3128 3129 3383 3186 Andrea-

1807 3217 1996 3289 pulum
2039 3218 2106 3275 de
2137 3218 2334 3288 Synt.:
2379 3221 2492 3276 vid.
2528 3222 2603 3277 ibi
2645 3231 2761 3277 not.
2800 3238 2854 3293 p.
2884 3222 3007 3277 195.
3062 3221 3139 3277 Ex
3198 3221 3382 3277 Theo-

1800 3311 1983 3382 phane
2055 3312 2351 3383 λυτροῦσαι
2415 3315 2599 3369 attulit
2655 3315 2927 3374 videndus
2991 3315 3252 3372 Reiskius
3309 3315 3380 3371 ad

1800 3401 1994 3457 Const.
2035 3402 2249 3460 Cerem.
2285 3420 2336 3475 p.
2374 3405 2464 3461 87.
3119 3430 3127 3437 '

1871 3493 2001 3565 Pag.
2032 3493 2159 3560 559,
2190 3493 2281 3551 25.
2308 3496 2367 3561 C,
2411 3496 2598 3568 εὐχαῖς
2656 3498 2753 3552 καὶ
2792 3498 3026 3563 ἱκεσίαις
3060 3495 3192 3555 :scd
3224 3496 3377 3558 conf.

1794 3598 1852 3654 p.
1882 3581 2007 3647 565,
2036 3582 2126 3636 17.
3208 3592 3209 3595 ‘

1863 3672 1995 3744 Pag.
2020 3674 2151 3730 565.
2186 3673 2269 3730 Ad
2319 3675 2549 3746 μυηθεὶς
2594 3678 2827 3734 admove
2856 3693 2910 3750 p.
2937 3680 3064 3741 595.
3122 3696 3210 3737 vv.
3228 3681 3376 3752 521,

1042 4331 1431 4422 INDEX
1531 4329 1680 4421 AN
1701 4327 2493 4428 NOTATIONIS.

120 4848 386 4905 Acccntus
408 4858 604 4900 versus
635 4842 870 4913 politici,
898 4842 990 4905 56,
1042 4840 1139 4910 qni
1216 4836 1471 4913 Andreas
1514 4841 1829 4913 apostolus,
1869 4839 1999 4913 215.

193 4925 251 4970 ut
277 4923 542 4975 servetur.
600 4905 719 4983 ipse
767 4905 1014 4983 mutatur
1045 4905 1141 4966 νο·
1211 4905 1601 4983 Andreopulus
1647 4910 1718 4967 de
1778 4910 2011 4983 Syntipa
2041 4948 2059 4977 ,
2113 4905 2257 4976 475,

191 5001 310 5042 cum
341 4982 634 5040 accentus.
940 4982 943 4983 ⁷
1287 4982 1417 5039 479.

121 5060 254 5111 Acta
286 5054 485 5110 inedita
512 5053 569 5109 S.
598 5054 840 5116 Arethae,
871 5052 926 5108 2.

123 5127 451 5194 Adjectivum
503 5136 763 5182 neutrum
788 5138 915 5179 cum
934 5121 1139 5193 ellipsi,

126 5269 385 5326 Adrianus
411 5270 624 5331 rhetor,
654 5267 783 5322 5M.

414 5354 643 5414 porcum
684 5351 798 5393 non
862 5334 1141 5400 colebant,
1216 5336 1355 5459 Αηῗῗ

1214 5050 1625 5105 Anccdotorum
1672 5048 1865 5115 editio,
1910 5049 1968 5115 2,
1992 5048 2084 5113 60,
2125 5044 2252 5105 479.

1216 5123 1439 5193 Angelis
1479 5138 1641 5192 pares
1692 5121 1947 5177 homines
2007 5121 2105 5192 pii,
2134 5118 2255 5193 108
2344 5118 2757 5193 ῖᾼϐυσσοτόκος,
2794 5121 2892 5178 50.

196 5190 279 5253 59.
1031 5190 1048 5193 “
1215 5190 1425 5247 Animae
1457 5190 1609 5248 mors
1639 5202 1723 5247 est
1752 5190 2043 5261 peccatum
2066 5230 2083 5255 ,
2122 5190 2248 5245 152.

1215 5266 1540 5389 Αηὸοὸηζηιιιε
1601 5260 1795 5319 orator
1860 5260 2247 5334 Byzantinus,

2338 4837 2706 4915 Augmentum
2750 4838 3049 4912 plusquam
3112 4840 3381 4915 perfecti,

2346 4908 2829 5053 ξΑὲΞέτερὼτερος,
2858 4980 2989 5038 249.

2346 5048 2746 5122 Ἇᾷελτότεροξ,
2781 5048 2912 5122 249.

2344 5190 2688 5259 Ἀγγαρεύω,
2713 5191 2841 5247 475.

2344 5260 2580 5331 ’Δθυμία
2602 5262 2856 5332 κατέχει,
2876 5262 3004 5318 285.

2331 5332 2398 5384 At
2422 5339 2476 5385 et
2508 5348 2558 5399 ε,
2590 5331 2794 5394 11,71.

1216 5404 1549 5475 Anthologia
1578 5402 1791 5475 Graeca,
1832 5400 2245 5470 191,556,565.
2330 5403 2535 5475 ᾼλίτξῐν,
2573 5402 2698 5457 180.

133 5479 324 5536 xﬁneas
366 5480 622 5547 Gazmus,
690 5476 816 5546 152,
853 5475 985 5542 208,
1010 5474 1139 5531 214.
1218 5476 1351 5544 Apis
1385 5474 1507 5540 bos,
1541 5474 1667 5547 4‘77.

134 5550 434 5616 Eschylus,
468 5552 556 5607 79.
608 5544 615 5547 ν
803 5544 807 5546 ν
1216 5546 1522 5616 Appianus,
1556 5544 1685 5598 267.

2332 5472 2585 5542 Ἄλληλοι
2606 5479 2661 5526 et
2690 5469 2860 5537 ἄλλοι,
2894 5472 3015 5529 197.

2328 5541 2614 5610 “Αμα“τοῦ,
2634 5542 2759 5597 185.

136 5612 489 5692 .‘Esculapius,
525 5620 766 5692 56,2219.
1216 5612 1558 5692 Aristoteles,
1596 5616 1720 5692 1:11:

139 5685 402 5763 Aithiopés
432 5691 685 5763 veilmli,
720 5690 773 5745 5.
1219 5687 1585 5763 ᾼιζιειιιθςὶιις,
1604 5685 1744 5763 Δ5-10ζ

140 5756 410 5833 Agapetus,
442 5761 597 5833 551.
728 5832 735 5833 7
1219 5759 1530 5833 Athcnzeus,
1568 5756 1690 5820 185,

146 5827 292 5890 Amor
318 5850 378 5891 cx
398 5827 818 5902 misericordia,
852 5831 976 5888 274.
1219 5828 1489 5883 Altraclio
1525 5842 1706 5896 casus,
1735 5827 1858 5881 552.

2342 5613 2396 5664 Ἀ
2406 5614 2772 5683 μπεχόμενος,
2796 5614 2818 5667 1
2833 5613 2918 5667 70.

2341 5682 2653 5755 ’Λνάλαὸος,
2683 5684 2984 5755 ςσαριςιανε,
3028 5687 3144 5743 161.

2338 5753 2719 5879 ’Δέῗῖλοίωτος
2751 5753 2845 5809 καὶ
2872 5757 3173 5830 ἄτρεπτος,
3246 5756 3379 5827 HG,
