3882 6356
174 418 324 484 125‘}

1504 426 1565 485 S.
1601 426 1927 489 ARTEMII
1957 428 2243 490 PASSIO.

3312 432 3447 496 1251.

166 539 198 590 ὁ
217 535 347 589 τότε
381 532 573 603 καιρὸς
595 533 817 605 ἀπῄτει,
845 533 938 588 καὶ
961 535 1037 599 ὡς
1070 528 1183 605 εἷχε
1202 536 1508 609 δυνάμεως,
1524 540 1756 611 ἔγραψε,

1876 557 2032 613 quam
2065 543 2302 598 maxime
2337 541 2614 609 confusis,
2641 552 2695 597 ct
2725 551 2888 613 prout
2916 542 3064 600 vires
3093 542 3141 599 ei
3181 557 3444 613 suppete—

164 627 359 699 πολλῷ
407 626 621 698 θορύδῳ
673 629 768 682 καὶ
808 632 1020 699 ταραχῇ
1069 629 1179 684 τῶν
1234 634 1355 687 τότε
1419 636 1765 706 πραγμάτων

165 720 577 791 συνεχομένων.
610 720 687 774 Οὐ
721 718 821 790 μὲν
849 716 943 775 οὖν
967 722 1088 775 οὐδὲ
1118 724 1284 790 αὐτός
1322 743 1407 791 τις
1436 722 1504 798 ἦν
1532 727 1640 781 τῶν
1669 745 1766 781 πε-

165 810 595 884 ριεσκεμμένων
631 828 693 865 τε
760 812 853 866 καὶ
900 814 1032 886 περὶ
1077 815 1269 885 λόγους
1330 818 1765 885 ἐσπουδακότων,

161 902 292 958 ἀλλ’
321 902 527 965 ἁπλοῦς
547 920 632 966 τις
667 902 763 957 καὶ
791 904 1084 976 ἀπέριττος
1135 908 1306 978 μόνης
1349 909 1453 978 τῆς
1506 909 1766 979 ἀληθείας

164 994 583 1067 πεφροντικὼς,
617 997 713 1050 καὶ
741 996 805 1051 τὸ
858 997 1040 1067 λέγειν
1069 1001 1219 1064 ὅπως
1276 997 1373 1055 οῦν
1434 1003 1767 1074 στοχαζόμε-

161 1105 261 1151 νος
286 1105 300 1118 ο
349 1090 447 1141 καὶ
494 1088 649 1144 κατά
681 1090 782 1161 τὴν
819 1092 1150 1162 παροιμίαν,
1193 1092 1351 1164 ἄκρῳ
1388 1092 1634 1167 δακτύλῳ
1665 1097 1767 1167 τῆς

168 1182 327 1253 ἱερᾶς
355 1180 469 1233 τῶν
506 1179 683 1251 λόγων
729 1182 987 1248 παιδείας
1017 1182 1322 1255 ἁψάμενος.

248 1316 316 1387 β’.
356 1318 569 1389 Ὥσπερ
603 1313 697 1372 οῦν
724 1318 846 1372 οῦδέ
876 1318 1036 1381 αὐτὸς
1068 1319 1179 1387 ἐγὼ
1203 1318 1518 1390 ἀρκούντως
1537 1318 1645 1389 ἔχω
1671 1319 1765 1374 καὶ

175 1410 386 1476 ίκανῶς
428 1410 568 1481 πρὸς
589 1410 689 1481 τὴν
719 1410 813 1465 τοῦ
860 1411 1024 1480 λόγου
1054 1413 1329 1484 διήγησιν,
1388 1412 1492 1467 κᾶν
1533 1414 1562 1465 ό
1602 1412 1767 1477 πόθος

166 1498 267 1554 τοῦ
296 1498 573 1572 μάρτυρος
598 1501 855 1556 καθέλκει
872 1503 968 1555 καὶ
991 1504 1249 1575 τυραννεῖ
1267 1520 1371 1572 μου
1395 1503 1487 1556 τὸν
1505 1504 1764 1574 λογισμὸν

167 1593 431 1662 καὶπρὸς
453 1592 515 1647 τὸ
539 1594 721 1662 λέγειν
769 1593 1035 1665 βιάζεται,
1086 1593 1372 1658 ἐπαινετὸς
1434 1595 1619 1665 μέντοι
1663 1594 1765 1664 τῆς

166 1684 487 1756 προθυμίας
523 1686 618 1739 καὶ
638 1685 736 1755 τῆς
767 1684 899 1755 περὶ
930 1684 1021 1737 τὸν
1057 1686 1313 1755 μάρτυρα
1359 1683 1618 1749 πίστεως,
1681 1685 1763 1738 ὅτι

164 1776 279 1829 κᾶν
302 1775 557 1829 ὁπωσοῦν
584 1775 888 1847 ἐτόλμησεν
924 1775 1168 1845 ἅψασθαι
1200 1776 1300 1846 τῆς
1330 1776 1459 1847 περὶ
1483 1776 1544 1828 τὸ
1563 1776 1765 1847 μαρτύ-

172 1882 292 1939 ριον
322 1866 491 1921 αὐτοῦ
514 1868 846 1938 διηγήσεως,
893 1867 1135 1938 μάλιστα
1165 1866 1262 1921 τοῦ
1306 1868 1618 1922 ἀποπάτου
1667 1869 1762 1923 καὶ

165 1957 406 2022 ἁσεὸοῦς
453 1958 745 2013 Ἰουλιανοῦ
785 1958 1263 2029 παραγγείλαντος
1305 1960 1418 2022 τοῖς
1468 1958 1765 2030 ἁλισκομέ-

166 2064 287 2111 νοις
311 2048 405 2101 ἐπὶ
430 2050 492 2102 τὸ
519 2048 614 2102 τοῦ
642 2047 882 2120 Χριστοῦ
918 2048 1221 2119 μαρτύριον
1258 2050 1398 2119 μήτε
1435 2050 1760 2121 ὑπόμνημα,

169 2137 327 2213 [542]
346 2140 485 2211 μήτε
508 2139 677 2210 ἀλλην
707 2138 806 2210 τὴν
844 2136 1063 2192 οίανοῦν
1106 2138 1373 2192 ποιεῖσθαι
1416 2139 1763 2211 ἀναγραφὴν,

170 2229 360 2294 καθὼς
397 2229 449 2281 oi.
467 2229 735 2300 πρότερον
755 2228 995 2300 βασιλεῖς
1023 2228 1446 2300 ἐνομοθέτησαν,
1474 2229 1610 2285 ἀλλά
1638 2232 1765 2287 τοὺς

170 2322 430 2385 πλείονας
458 2320 640 2375 αὐτῶν
666 2320 1109 2391 ἀναπολογήτους
1153 2320 1525 2375 ἀπόλλυσθαι·
1574 2322 1763 2377 τούτου

169 2413 271 2468 τοῦ
343 2414 812 2486 παραγγέλματος
871 2413 1179 2485 πανταχόσε
1237 2416 1764 2484 καταφοιτὴσαντος,

173 2506 501 2572 ἐκολάζοντο
539 2508 638 2580 μὲν
662 2510 714 2562 οἱ
738 2510 832 2563 τὸν
863 2510 1103 2581 Χριστὸν
1128 2510 1522 2581 ὁμολογοῦντες
1548 2528 1562 2541 ο
1625 2511 1766 2566 κατά

174 2601 232 2655 Et
252 2601 317 2654 τὸ
345 2601 583 2672 κρατοῦν
605 2601 747 2666 ἔθος,
779 2602 956 2668 οὐδεὶς
985 2603 1096 2658 τῶν
1128 2606 1193 2658 ἐκ
1241 2603 1337 2658 τοῦ
1372 2604 1547 2677 δήμου
1568 2622 1766 2677 κομεν-

174 2693 461 2764 ταρισίων,
489 2694 523 2764 ἢ
550 2694 661 2747 τῶν
707 2694 1017 2766 λεγομένων
1040 2696 1459 2767 ταχυγράςοων,
1509 2698 1766 2768 πρόνοιαν

174 2788 419 2840 ἐποιεῖτο
451 2786 607 2842 τοῦδε
636 2788 732 2841 τοῦ
756 2788 1244 2859 παραγγέλματος.
1288 2790 1628 2856 Ἐσπούδαζε
1657 2791 1768 2864 γὰρ

174 2877 207 2931 ὁ
239 2878 565 2951 παράνομος
619 2880 714 2933 καὶ
747 2879 916 2951 αὐτὴν
954 2880 1065 2933 τῶν
1104 2880 1402 2951 μαρτύρων
1442 2881 1767 2950 ἐξαφανίσαι

173 2964 283 3040 τὴν
314 2966 591 3023 εὔκλειαν.
647 2969 821 3032 Μόλις
850 2965 944 3022 οὖν
974 2985 1119 3032 τινες
1151 2971 1210 3024 ἐν
1242 2969 1493 3040 ζοφεροῖς
1527 2988 1638 3025 τισι
1675 2971 1769 3025 καὶ

176 3059 462 3132 ἀλαμπέσι
500 3061 691 3125 τόποις
733 3062 1285 3132 κατακρυπτόμενοι,
1342 3061 1606 3115 τοιούτων
1669 3063 1768 3131 ἐφ-

176 3152 453 3211 άπτεσθαι
477 3152 722 3226 ἐτόλμων
741 3154 1178 3225 ὑπομνημάτων,
1202 3152 1301 3223 τὴν
1321 3152 1415 3205 τοῦ
1437 3152 1770 3225 κρατοῦντος

1870 632 2023 697 bant,
2069 634 2201 689 illud
2242 634 2593 704 conscripsit.
2628 632 2818 705 Neque
2863 647 2996 689 vero
3033 634 3152 703 ipse
3197 642 3450 703 comptus

1867 724 2006 780 satis
2052 732 2151 779 aut
2204 725 2273 780 de
2334 724 2607 779 orationis
2647 724 2925 794 leporibus
2975 723 3254 779 sollicitus
3303 733 3447 787 erat,

1868 813 1967 867 sed
1998 812 2233 882 simplex
2252 820 2318 868 ἐι
2345 814 2662 877 inornatus,
2690 813 2865 868 solius
2897 811 3151 867 veritatis
3168 811 3447 877 curiosus,

1866 905 2004 961 satis
2035 904 2276 960 habebat
2332 919 2447 959 rem
2500 903 2737 960 candide
2782 917 3131 976 pr0ponere,
3188 910 3242 957 et
3292 902 3450 972 juxta

1865 994 2217 1064 proverbium
2238 1009 2458 1050 summo
2481 994 2654 1064 digito
2678 1009 2896 1051 sacram
2921 1008 3243 1050 sermonum
3265 993 3450 1049 erudi-

1868 1088 2076 1144 tionem
2106 1089 2401 1159 attingere.

1937 1320 1993 1376 2.
2031 1320 2507 1387 Quemadmodum
2542 1321 2712 1393 igitur
2736 1336 2916 1391 neque
2956 1336 3057 1393 ego
3088 1319 3366 1376 suﬂiciens
3394 1330 3449 1375 et

1867 1413 2102 1468 idoneus
2153 1428 2278 1469 sum
2338 1413 2588 1469 historiae
2640 1414 2804 1485 digne
2843 1415 3130 1481 texendae;
3185 1413 3313 1469 licet
3364 1429 3452 1468 me

1868 1514 2024 1554 meus
2055 1500 2109 1553 iu
2169 1509 2467 1572 martyrem
2506 1516 2662 1557 amor
2703 1502 2935 1569 alliciat,
2994 1504 3047 1558 in
3088 1503 3324 1559 consilio
3358 1516 3451 1557 ca-

1866 1590 2071 1660 piendo
2103 1592 2322 1662 subigat
2357 1599 2523 1662 atque
2565 1594 2634 1648 ad
2670 1593 2964 1650 dicendum
3002 1605 3186 1665 cogat,
3222 1594 3453 1649 laudan-

1865 1681 1968 1738 dus
2003 1690 2185 1739 tamen
2226 1692 2313 1738 est
2340 1693 2570 1754 propter
2592 1686 2839 1740 studium
2884 1696 2939 1742 et
2964 1686 3122 1742 [idem
3164 1687 3218 1741 in
3248 1694 3453 1755 marty-

1865 1789 1984 1829 rem
2017 1774 2279 1845 antiquus
2310 1776 2426 1840 ille,
2477 1775 2574 1846 qui
2628 1778 2990 1846 quantumvis
3039 1778 3235 1833 leviter
3285 1792 3452 1832 ausus

1866 1868 1939 1922 sit
1972 1869 2218 1940 martyrii
2273 1869 2397 1939 ejus
2448 1870 2737 1925 historiam
2775 1871 3085 1941 attingere;
3147 1872 3450 1941 praesertim

1866 1959 1997 2030 quia
2034 1968 2284 2029 apostata
2313 1970 2368 2017 et
2408 1961 2610 2034 impius
2634 1961 2894 2019 Julianus
2931 1963 3247 2020 sancivcrat
3287 1980 3358 2020 ne
3396 1965 3455 2020 in

1866 2051 2193 2105 memoriam
2231 2066 2421 2105 eorum
2445 2052 2541 2121 qui
2566 2067 2666 2121 pro
2696 2052 2922 2108 Christo
2953 2055 3281 2125 martyrium
3305 2056 3454 2123 passi

1865 2149 2073 2205 essent,
2108 2151 2533 2197 monumentum
2563 2143 2872 2214 erigeretur
2925 2153 3024 2198 aut
3055 2145 3455 2214 qualiscunque

1867 2232 2314 2287 conscriberetur
2341 2233 2574 2288 historia
2599 2274 2614 2300 ,
2654 2249 2821 2304 quam
2864 2234 3037 2305 legem
3069 2235 3185 2304 jam
3238 2245 3455 2291 veteres

1867 2321 2235 2393 imperatores
2280 2324 2543 2389 tulerant,
2584 2326 2682 2381 sed
2716 2326 2970 2381 voluerat
3023 2327 3325 2397 plerosque
3356 2342 3453 2382 eo-

1867 2429 1989 2469 rum
2035 2415 2302 2485 inglorios
2357 2417 2561 2487 perire.
2619 2417 2737 2483 Qua
2804 2418 3189 2488 prohibitione
3251 2419 3454 2490 ubique

1866 2508 2250 2582 promulgata,
2301 2511 2680 2578 puniebantur
2714 2510 2939 2582 quidem
2992 2511 3203 2568 Christi
3233 2512 3454 2569 confes.-

1868 2617 2066 2670 sores;
2104 2602 2200 2658 sed
2231 2603 2391 2673 juxta
2426 2603 2701 2673 vigentem
2737 2604 2965 2674 ,legem,
3006 2620 3169 2660 nemo
3205 2620 3237 2661 e
3274 2605 3455 2675 publi-

1869 2693 1949 2749 cis
1975 2694 2574 2750 commentariensibus
2605 2704 2699 2749 aut
2733 2695 2801 2751 iis
2847 2697 2943 2765 qui
2979 2696 3239 2752 dicuntur
3271 2696 3456 2766 tachy-

1867 2782 2077 2853 graphi,
2104 2784 2300 2839 horum
2330 2783 2577 2839 historiae
2620 2799 2810 2840 curam
2846 2785 3081 2841 habebat
3111 2786 3212 2858 (5).
3252 2787 3453 2842 Stude-

1869 2874 1962 2930 bat
1987 2875 2137 2931 enim
2177 2875 2476 2945 imperator
2512 2876 2790 2933 scelestus
2823 2887 3129 2950 martyrum
3157 2876 3243 2933 vel
3274 2875 3454 2948 ipsam

1869 2968 2100 3040 gloriam
2133 2968 2442 3025 eliminare.
2470 2966 2640 3041 Egre
2671 2969 2835 3040 igitur
2859 2970 3055 3041 aliqui,
3104 2986 3216 3041 pra:
3256 2969 3455 3025 timore

1871 3059 2074 3115 ferocis
2107 3060 2401 3131 principis,
2432 3061 2486 3114 iu
2527 3061 2842 3118 tenebrosis
2881 3060 3207 3131 quibusdam
3253 3061 3454 3115 obscu-

1869 3152 2057 3223 risque
2096 3151 2235 3207 locis
2269 3152 2687 3221 delitescentes,
2732 3152 3055 3223 huiusmodi
3103 3152 3454 3208 narrationes

176 3245 544 3316 δεδιττόμενοι
600 3245 927 3317 ἀγριότητα.
980 3246 1187 3301 Πολλαὶ
1223 3246 1323 3317 μὲν
1357 3241 1451 3301 οῦν
1504 3248 1765 3321 μυριάδες

1876 3246 2142 3316 attingere
2168 3247 2463 3301 audebant.
2491 3245 2664 3301 Multa
2696 3261 2829 3317 ergo
2857 3245 3306 3301 Christianorum
3333 3243 3454 3298 mil-

176 3337 290 3395 ἀνά
320 3340 505 3393 πᾶσαν
556 3337 659 3410 τὴν
712 3339 1044 3409 οἰκουμένην
1092 3337 1202 3392 τῶν
1246 3339 1592 3410 Χριστιανῶν
1642 3357 1771 3392 κατ-

181 3432 531 3502 εφθείροντο,
567 3431 705 3502 μηδὲ
747 3432 877 3502 μιᾶς
907 3448 1053 3495 τινος
1081 3430 1223 3483 κατά
1252 3430 1314 3484 τὸ
1360 3431 1601 3502 κρατοῦν
1650 3430 1771 3495 ἔθος

182 3520 497 3591 ἀξιούμενοι
531 3523 887 3594 ἐρωτήσεως·
915 3520 1054 3575 ἀλλὰ
1078 3521 1240 3574 τοῦτο
1274 3521 1372 3592 μὲν
1420 3522 1577 3575 οὐδὲν
1625 3539 1771 3593 παρ-

182 3614 387 3685 ἐϐλαψε
442 3615 568 3678 τοὺς
613 3612 855 3684 ἀθλητὰς
882 3611 978 3667 τοῦ
1026 3610 1286 3684 Χριστοῦ,
1349 3612 1410 3665 τὸ
1464 3613 1539 3684 μὴ
1586 3617 1773 3684 τυχεῖν

181 3704 601 3777 ὑπομνήματος·
630 3699 704 3760 ὧν
728 3705 837 3775 γάρ
858 3702 926 3757 τὰ
952 3703 1194 3773 ὀνόματα
1230 3705 1289 3757 ἐν
1332 3704 1582 3775 οὐρανοῖς
1638 3705 1769 3768 Θεὸς

180 3798 559 3868 ἀπεγράφετο,
591 3797 820 3868 οὐδεμία
845 3814 929 3859 τις
960 3791 1028 3867 ἦν
1051 3795 1207 3866 χρεία
1241 3797 1352 3850 τῶν
1388 3798 1520 3867 παρ’
1561 3796 1771 3868 ἀνθρώ-

181 3904 311 3954 ποις
359 3887 792 3960 ὑπομνημάτων.
841 3887 1010 3940 Ἀλλά
1055 3887 1185 3958 περὶ
1248 3886 1349 3958 μὲν
1390 3888 1598 3941 τούτων
1628 3888 1766 3952 ἅλις.

256 4008 328 4070 γ’.
358 3999 501 4071 Ἐγὼ
534 4001 611 4068 δέ,
645 3993 691 4055 ὧ
721 3999 842 4071 ίερά
871 4001 1200 4071 πανήγυρις,
1243 4000 1339 4054 καὶ
1374 3999 1611 4070 Χριστοῦ
1642 4000 1769 4064 λαὸς

185 4093 613 4157 θεοσύλλεκτος,
662 4093 839 4157 ἔθνος
884 4092 1059 4163 ἅγιον
1101 4092 1199 4145 καὶ
1247 4092 1575 4156 ,βασίλειον
1617 4091 1760 4160 [apd-

183 4200 395 4253 τευμιι,
415 4183 631 4246 πολλοῖς
649 4181 887 4251 ἐντυχὼν
911 4180 1333 4253 συγγράμμασι,
1377 4179 1474 4232 καῖ
1534 4178 1770 4251 μάλιστα

183 4274 300 4329 τῶν
328 4273 427 4337 τὰς
456 4273 697 4341 ἱστορίας
720 4272 813 4325 καὶ
852 4272 1080 4342 πράξεις
1105 4270 1216 4323 τῶν
1262 4269 1528 4340 βασιλέων
1579 4287 1772 4324 συντα-

186 4369 466 4440 ξαμένων,
503 4369 697 4422 ἔπειτα
723 4368 780 4421 δὲ
799 4368 894 4420 καὶ
923 4366 1031 4421 τῶν
1062 4366 1195 4436 περὶ
1226 4366 1328 4439 τὴν
1383 4366 1771 4436 ἐκκλησιαστι-

186 4462 295 4529 κὴν
339 4460 582 4531 ἱστορίαν
636 4458 1079 4522 σπουδασάντων,
1125 4457 1223 4511 καὶ
1275 4457 1335 4511 τὸ
1358 4456 1452 4510 τοῦ
1488 4457 1771 4530 μάρτυρος

1865 3337 1938 3391 lia
1972 3354 2067 3408 per
2125 3338 2451 3392 universum
2512 3338 2703 3394 orbem
2760 3345 2993 3394 mortem
3031 3338 3350 3403 subierunt,
3383 3352 3455 3391 ne

1868 3430 1977 3485 ulla
2002 3429 2223 3501 quidem
2257 3437 2486 3500 propter
2512 3430 2785 3501 vigentem
2818 3430 2993 3501 legem
3049 3428 3318 3485 memoria
3368 3429 3455 3484 di-

1869 3523 2043 3593 gnati.
2075 3520 2282 3576 Verum
2323 3520 2645 3592 huiusmodi
2680 3521 2964 3578 memoria:
2994 3521 3233 3592 privatio
3273 3522 3455 3577 nulla-

1870 3622 2033 3669 tenus
2065 3619 2253 3669 nocuit
2277 3612 2484 3670 Christi
2508 3614 2754 3670 athletis.
2781 3612 3030 3680 Quorum
3054 3615 3201 3669 enim
3230 3614 3457 3669 nomina

1875 3708 1929 3762 in
1968 3707 2129 3763 caelis
2164 3706 2307 3763 Deus
2336 3708 2750 3776 conscribebat,
2783 3709 2934 3764 nulla
2972 3710 3189 3766 ratione
3242 3709 3460 3779 indige-

1875 3797 2008 3852 bant
2039 3799 2412 3855 monumentis
2452 3799 2598 3870 apud
2641 3798 2915 3857 homines.
2946 3800 3054 3856 Sed
3087 3801 3156 3857 de
3220 3800 3310 3857 his
3365 3815 3459 3857 sa-

1878 3888 1970 3944 tis.

1947 3997 2001 4052 '5.
2036 3996 2326 4068 Equidem,
2357 4014 2391 4055 ο
2420 4012 2580 4053 sacra
2615 3999 2975 4070 congregatio
3008 3998 3328 4071 Christique
3361 4015 3462 4071 po-

1876 4088 2005 4160 pule
2038 4098 2202 4159 quem
2235 4088 2383 4146 Deus
2427 4089 2678 4160 collegit,
2715 4107 2839 4161 gens
2870 4101 3057 4145 sancta
3084 4101 3135 4145 et
3165 4092 3339 4162 regale
3369 4108 3461 4147 sa-

1878 4180 2173 4235 cerdotium
2210 4184 2252 4247 ί,
2307 4181 2479 4237 multa
2539 4193 2741 4239 nactus
2794 4184 3164 4251 documenta,
3220 4187 3462 4241 maxime

1876 4286 2067 4326 eorum
2088 4272 2180 4342 qui
2208 4279 2324 4328 tum
2350 4271 2613 4329 historias
2636 4281 2692 4328 et
2722 4280 2878 4343 gesta
2899 4273 3292 4342 imperatorum
3316 4288 3463 4328 com-

1878 4372 2228 4435 posuerunt,
2291 4372 2409 4421 tum
2470 4365 2873 4422 ecclesiasticae
2930 4366 3181 4422 historiae
3230 4379 3460 4437 operam

1879 4457 2172 4521 dederunt,
2194 4466 2251 4514 et
2278 4472 2480 4514 nomen
2511 4458 2776 4529 martyris
2810 4458 3098 4513 inveniens
3126 4458 3214 4513 hic
3246 4466 3302 4513 et
3330 4456 3460 4511 alibi

185 4550 368 4625 εὑρὼν
397 4552 569 4625 ὄνομα
597 4546 701 4607 ὦδε
730 4553 953 4606 κάκεῖσε
1011 4549 1503 4621 διαθρυλλούμενόν
1560 4567 1622 4604 τε
1678 4551 1769 4604 καὶ

1880 4548 2219 4606 celebratum
2252 4548 2512 4620 idemque
2565 4548 2807 4617 illustre,
2838 4564 3058 4606 necnon
3110 4552 3289 4606 virum
3324 4563 3463 4619 pra:-

1715 4730 1947 4793 NOTIE.

264 4867 828 4942 {3)4'Al'extusiGrrccus
866 4870 948 4926 sic
978 4870 1189 4942 habet:
1230 4871 1386 4925 Κατά
1432 4872 1490 4925 δὲ
1526 4871 1591 4925 τὸ
1634 4888 1771 4942 κρα·

190 4940 338 5014 τοῦεί
349 4938 492 5014 ἔθος,
517 4941 692 5014 οὐδεὶς
740 4942 849 4994 τῶν
877 4943 941 4994 ἐκ
986 4941 1080 5014 τοῦ
1114 4941 1177 5012 δή
1188 4959 1288 5011 μου
1314 4938 1770 5014 κομενταρισίων,

190 5012 223 5083 ἦ
260 5009 379 5083 5th
420 5009 729 5083 λεγομένων
756 5009 1197 5083 ταχυτρὰφων,
1221 5012 1481 5083 πρόνοιαν
1535 5009 1775 5065 ἐποιεῖτο

190 5078 351 5134 τοῦδε
379 5079 474 5151 τοῦ
500 5078 983 5151 παραγγέλματος.
1012 5078 1165 5146 Quae,
1200 5082 1247 5135 si
1267 5078 1351 5135 'ad
1383 5082 1618 5151 litteram
1652 5096 1776 5136 ver-

189 5158 408 5212 tantur,
443 5150 553 5221 hoc
577 5150 897 5220 Signiﬁcant
927 5170 939 5205 :
966 5151 1244 5221 sedjuxta
1276 5152 1552 5221 vigentem
1573 5150 1774 5221 legem,

193 5235 349 5275 nemo
377 5236 403 5273 e
427 5219 654 5287 publicis
675 5219 1239 5292 commentariensibus
1259 5219 1355 5275 aut
1379 5222 1445 5275 iis
1478 5220 1568 5292 qui
1593 5220 1782 5274 dicun—

195 5300 291 5344 tur
323 5305 719 5354 ncnvonarnl,
778 5291 936 5361 hujus
960 5290 1332 5361 prohibitionis
1368 5290 1630 5345 rationem
1678 5296 1780 5344 du-

193 5363 369 5416 cebat.
402 5390 474 5401 --
507 5361 613 5416 Sed
648 5377 810 5417 nemo
838 5378 949 5415 non
983 5363 1127 5417 videt
1152 5376 1380 5416 sensum
1415 5362 1565 5416 hunc
1598 5362 1780 5416 nulla-

197 5441 362 5487 tenus
382 5431 474 5486 hic
513 5430 728 5486 admitti
764 5447 949 5500 posse.
980 5431 1117 5485 Nam
1150 5432 1205 5483 l°
1233 5431 1611 5486 Contradictio
1634 5438 1785 5488 esset

197 5502 254 5572 in
286 5516 353 5572 eo
378 5501 523 5571 quod
553 5502 1085 5557 commentarienses
1116 5500 1274 5570 juxta
1302 5503 1575 5572 vigentem
1607 5502 1780 5572 legem

196 5571 277 5627 de
293 5571 411 5641 lege
445 5586 550 5626 non
570 5572 916 5627 curaverint.
936 5572 996 5627 3°
1026 5572 1195 5627 Docet
1223 5571 1421 5627 auctor
1446 5573 1501 5626 in
1524 5571 1779 5642 menti

199 5640 546 5724 paragrapho
590 5642 917 5724 memoriam
967 5649 1294 5724 martyrum,
1312 5655 1379 5696 ex
1430 5640 1540 5724 hac
1575 5640 1780 5724 Juliapi

200 5710 574 5782 prohibitione
602 5712 982 5782 oblitteratam
1016 5710 1213 5769 fuisse.
1246 5710 1365 5767 Hoc
1416 5723 1599 5769 autem
1650 5712 1778 5769 inde

270 5781 462 5837 ovenit
505 5781 654 5852 quod
699 5782 905 5853 publici
951 5783 1170 5847 notarii,
1203 5782 1272 5837 ad
1305 5782 1449 5837 hanc
1499 5782 1776 5853 vigentem

270 5797 462 5837 ovem:
505 5797 654 5852 quod
699 5797 905 5851 punuci
951 5797 1170 5847 notam,
1203 5797 1272 5837 an
1306 5797 1449 5837 uane
1499 5797 1773 5853 vigentem

202 5797 381 5925 Egeo!
404 5865 527 5910 sese
552 5852 1054 5920 accommodantes,
1092 5854 1231 5910 nihil
1268 5853 1417 5910 circa
1470 5860 1773 5924 martyrum

1882 4870 2186 4925 certamina
2220 4866 2634 4925 commentariis
2663 4861 3135 4936 consignaverint.
3171 4860 3346 4936 Scd_si
3376 4882 3463 4919 ve-

1883 4956 2004 4995 rum
2028 4940 2169 4995 foret
2191 4955 2287 4995 eos
2318 4937 2707 5009 prohibitionis
2740 4934 3117 5009 imperatorize
3136 4948 3242 4987 non
3267 4934 3461 5009 duxis-

1883 5026 1944 5065 se
1978 5011 2269 5076 rationem,
2319 5005 2424 5064 nec
2464 5007 2694 5078 proinde
2733 5005 3154 5078 conscribendis
3184 5006 3461 5078 martyriis

1882 5080 2167 5154 destitisse
2186 5121 2199 5143 ,
2223 5074 2418 5154 __nullo_
2440 5074 2603 5154 modo
2622 5084 2811 5150 posset
2851 5075 3080 5154 intelligi
3110 5089 3212 5154 cur
3240 5074 3463 5154 oblitte-

1885 5160 2002 5205 rata
2026 5141 2195 5206 fuerit
2213 5149 2420 5205 Christi
2446 5141 2828 5205 confessorum
2852 5141 3141 5199 memoria.
3169 5141 3461 5199 Maluimus

1883 5221 2051 5289 igitur
2084 5222 2246 5275 aliam
2304 5220 2595 5275 admittere
2654 5217 2994 5289 versionem1
3028 5229 3148 5284 qua:
3178 5216 3459 5269 contextui

1884 5283 2155 5365 orationis
2176 5292 2322 5345 omni
2346 5306 2413 5345 ex
2442 5297 2599 5365 parte
2623 5283 3089 5365 concordat..lm’o
3122 5295 3306 5365 posset
3322 5298 3458 5365 eum

1885 5369 2038 5417 textu
2072 5361 2263 5418 Graeco
2315 5354 2625 5422 conciliari,
2674 5359 2720 5413 si
2754 5358 2879 5425 quis
2910 5356 2997 5411 his
3026 5354 3209 5409 verbis
3238 5370 3266 5425 ιλ
3284 5354 3460 5415 οὐδεὶς

1885 5469 1901 5504 τ
1926 5471 1939 5485 .
1962 5470 1977 5485 .
2005 5472 2018 5486 .
2049 5471 2063 5486 .
2093 5434 2350 5504 πρόνοιαν
2394 5432 2629 5504 ἐποιεῖτο
2656 5422 2809 5504 τοῦδέ
2843 5425 2951 5504 ’τοῦ
2999 5422 3460 5504 παραγγέλματος

1887 5502 2035 5556 hunc
2060 5493 2285 5557 sensum
2316 5502 2473 5555 daret
2508 5519 2521 5554 :
2564 5498 2734 5554 Nemo
2764 5497 2905 5571 huic
2929 5493 3461 5571 prohibitioni_invi-

1888 5573 2120 5640 gilabat,
2150 5572 2279 5626 ideo
2304 5572 2521 5625 scilicet
2542 5577 2604 5623 ut
2630 5581 2751 5640 eam
2782 5563 3146 5640 eluderet,_ut
3176 5563 3458 5640 nihilomi-

1888 5633 1995 5697 nus
2024 5633 2148 5697 acta
2174 5649 2473 5712 martyrum
2504 5637 3013 5712 conscriberentur.
3036 5633 3192 5712 Quod
3219 5634 3267 5712 si
3296 5648 3461 5712 nemo

1885 5712 1941 5767 id
1977 5712 2229 5778 faciebat,
2271 5704 2407 5781 ergo
2464 5723 2682 5781 omnes_
2712 5707 2813 5781 legi
2867 5708 3152 5777 parebant,
3192 5711 3358 5772 atque
3382 5704 3458 5781 ita

1885 5781 2088 5839 factum
2114 5792 2199 5841 est
2215 5772 2288 5838 ut
2315 5772 2632 5840 oblitterata
2659 5772 2825 5835 fuerit
2851 5772 3457 5902 gialgygtmremoria.

2674 5894 2675 5899 η
2878 5862 2928 5902 .o
2996 5887 3009 5900 .
3197 5882 3212 5898 .

2878 5862 3009 5902 ινιτ.
3043 5862 3212 5899 ι’ΔτΙ.
