3882 6356
197 336 220 400 1
234 339 342 402 257

1449 347 1509 408 S.
1554 349 1816 410 ARTEM
1833 351 1889 410 lI
1932 353 2215 413 PASSIO.

3332 321 3474 422 1253‘

270 447 345 514 ς’.
377 446 598 502 Τούτων
649 445 742 503 οῦν
772 453 1101 521 γινομένων,
1132 454 1232 508 οὐκ
1264 457 1498 526 ἧνεγκεν
1544 460 1643 529 τὴν
1670 479 1781 514 τοσ·

1970 464 2024 520 6.
2059 463 2197 520 Dum
2242 465 2356 518 haec
2381 466 2592 532 ﬁerent,
2627 482 2733 520 non
2763 468 2887 523 tulit
2918 477 3127 524 tantam
3172 486 3354 526 rerum
3388 477 3466 526 vi—

193 545 376 613 αύτην
403 541 715 613 μεταϐολὴν
743 545 772 596 6
803 547 917 607 τοῖς
954 546 1143 610 καλοῖς
1177 548 1486 617 βασκαίνων
1517 553 1784 619 διάϐολος,

193 634 318 687 ἀλλ’
357 634 552 706 ήγειρε
590 633 764 700 ζάλην
808 636 905 688 καὶ
959 638 1198 708 τάραχον
1234 641 1324 694 διὰ
1366 643 1476 695 τῶν
1506 644 1673 697 αὐτοῦ
1705 646 1786 697 οξ-

191 725 364 778 κείων
398 725 788 780 ὑπασπιστῶν.
837 727 1059 798 Ἀρειος
1097 730 1204 800 γάρ
1248 733 1276 784 6
1309 733 1411 802 τῆς
1449 736 1648 803 μανίας
1688 739 1788 788 ἐπ-

191 814 438 882 ώνυμος,
471 813 570 879 τῆς
621 815 680 866 ἐν
726 813 1108 888 Ἀλεξανδρείᾳ
1149 819 1479 890 Ἐκκλησίας
1525 825 1786 894 ὑπάρχων

196 909 606 981 πρεσϐύτερος,
642 911 835 974 δεινῶς
868 931 928 965 τε
957 914 1164 983 ταύτην
1201 915 1457 987 ἐτάραξε,
1488 919 1666 989 δόγμα
1702 937 1786 972 κιο

187 1003 371 1071 νήσας
399 1002 721 1071 παράνομον
743 1003 836 1055 καὶ
865 1005 1048 1073 πάσης
1075 1005 1429 1078 βλασφημίας
1454 1010 1782 1079 ἀνάμεστον.

197 1093 452 1162 Ἔφασκε
476 1093 586 1165 γὰρ
623 1094 716 1147 τὸν
752 1095 881 1147 Υἱὺν
925 1093 1020 1147 τοῦ
1053 1096 1194 1150 Θεοῦ
1240 1099 1331 1151 τὸν
1377 1101 1664 1170 μονογενῆ,
1692 1101 1781 1154 τὸν

198 1179 562 1254 προαιώνὶον,
586 1183 795 1254 κτίσμα
822 1180 984 1248 εἶναι,
1011 1186 1226 1255 καὶτῆς
1263 1188 1355 1240 τοῦ
1378 1189 1515 1243 Θεοῦ
1549 1193 1642 1244 καὶ
1671 1193 1784 1244 Πα-

193 1275 328 1346 τρὸς
385 1275 576 1338 οὐσίας
611 1275 915 1346 ἀλλότριον.
953 1277 1051 1331 Διά
1081 1295 1162 1330 τοι
1203 1280 1375 1333 ταῦτα
1417 1283 1536 1352 ἡὲν
1581 1285 1786 1354 Νικαίᾳ

194 1363 311 1416 τῶν
348 1363 522 1430 ἁγίων
551 1365 884 1434 τριακοσίων
919 1365 1203 1419 δεκαοκτὼ
1237 1369 1498 1439 Πατέρων
1532 1371 1783 1442 ἁθροίζε-

193 1471 292 1506 ται
319 1453 560 1518 σύνοδος,
587 1455 680 1506 καὶ
708 1453 801 1507 τὸν
829 1455 1047 1525 Ἀρειον
1073 1456 1396 1524 καθελοῦσα,
1421 1461 1514 1514 τὸν
1537 1461 1666 1515 Υίὸν
1687 1462 1783 1514 τοῦ

193 1545 336 1598 Θεοῦ
361 1546 457 1600 καὶ
483 1545 690 1616 Κύριον
712 1545 872 1617 ἡμῶν
901 1548 1113 1616 Ἰησοῦν
1139 1551 1374 1619 Χριστὸν
1401 1553 1663 1624 κηρύττει
1688 1553 1783 1606 τοῦ

195 1634 414 1704 Πατρός
441 1634 751 1704 όμοούσιον.
787 1636 950 1689 Ἀλλά
999 1638 1172 1692 ταῦτα
1205 1641 1304 1710 μὲν
1364 1644 1425 1695 αῖ
1467 1661 1526 1695 τε
1555 1643 1664 1696 τῶν
1699 1644 1785 1711 ἐξ-

195 1727 342 1780 ωθεν
396 1727 629 1798 ἱστορίαι
683 1726 1136 1801 διαγορεύόυσιν,
1191 1733 1292 1786 οὐκ
1342 1735 1512 1804 ὀλίγοι
1570 1737 1627 1789 δὲ
1673 1738 1784 1790 τῶν

1897 557 2275 612 cissitudinem
2311 559 2400 628 qui
2438 559 2596 615 bonis
2648 560 2852 614 invidet
2899 561 3152 617 diabolus
3178 606 3192 630 ,
3227 563 3323 618 sed
3355 565 3469 619 suis

1898 649 2203 706 fautoribus
2255 665 2388 704 usus
2440 651 2699 706 excitavit
2737 653 3032 722 procellam
3082 661 3136 708 et
3172 655 3467 713 turbinem.

1897 741 2061 793 Arius
2111 743 2296 804 enim,
2358 742 2451 810 qui
2511 743 2720 796 insanae
2779 744 2976 799 baaresi
3037 761 3234 800 nomen
3304 763 3462 802 suum

1897 833 2154 902 ascripsit
2183 875 2196 896 ,
2235 835 2616 889 Alexandrinae
2679 835 2936 892 Ecclesia:
2971 839 3278 910 presbyter,
3326 842 3468 896 hanc

1899 925 2173 978 horrendo
2211 925 2375 978 modo
2416 928 2805 994 conturbavit,
2850 928 3158 983 doctrinam
3214 933 3468 987 emiltens

1897 1015 2117 1082 impiam
2144 1025 2194 1068 et
2231 1016 2530 1071 teterrimis
2556 1017 2910 1086 blasphemiis
2949 1017 3342 1076 abundantem.
3378 1021 3470 1075 Di-

1894 1106 2052 1159 cebat
2077 1106 2220 1158 enim
2255 1104 2455 1158 Filium
2514 1106 2604 1160 Dei
2662 1109 3001 1179 unigenitum
3029 1153 3042 1175 ,
3084 1113 3177 1180 qui
3213 1120 3338 1167 ante
3370 1129 3468 1168 sae-

1893 1197 2014 1249 cula
2050 1204 2215 1251 natus
2254 1205 2336 1251 est
2365 1237 2378 1261 ,
2431 1208 2740 1252 creaturam
2785 1215 2908 1255 esse
2963 1209 3129 1272 atque
3169 1203 3404 1256 alienum
3439 1222 3464 1254 ιι

1893 1288 2206 1342 substantia
2250 1287 2344 1343 Dei
2375 1297 2429 1342 et
2462 1288 2662 1345 Patris.
2702 1290 3047 1360 Quapropter
3073 1291 3305 1347 Nicaeam
3336 1309 3466 1348 san-

1894 1388 2110 1433 ctorum
2133 1387 2508 1434 trecentorum
2535 1391 2588 1435 et
2617 1381 2922 1436 octodecim
2948 1381 3173 1436 Patrum
3209 1385 3464 1437 convenit

1892 1469 2157 1540 synodus,
2185 1470 2556 1542 damnatoque
2575 1473 2730 1536 Ario,
2781 1474 3027 1528 declarat
3057 1473 3254 1528 Filium
3284 1473 3376 1528 Dei
3412 1484 3466 1528 et

1891 1561 2182 1615 Dominqu
2212 1572 2460 1616 nostrum
2485 1561 2667 1618 Jesum
2701 1565 2979 1619 Christum
3004 1563 3149 1620 Patri
3181 1581 3305 1620 esse
3333 1580 3466 1619 con-

1892 1651 2331 1705 substantialem.
2385 1650 2492 1704 Sed
2529 1651 2642 1706 haec
2673 1653 2897 1721 quidem
2942 1662 2996 1708 et
3049 1653 3348 1708 infidelium
3382 1653 3466 1706 hi-

1893 1739 2079 1792 sterne
2136 1738 2381 1802 tradunt,
2441 1747 2496 1793 et
2538 1755 2647 1794 non
2699 1742 2860 1810 pauci
2899 1757 2930 1795 e
2963 1742 3174 1797 nostris
3206 1752 3465 1796 accurate

196 1820 492 1890 ἡμετέρων
528 1821 904 1890 διηκρίϐωσάν
931 1841 990 1876 τε
1025 1825 1118 1877 καὶ
1158 1826 1586 1897 κατετράνωσαν
1608 1845 1620 1854 '
1660 1831 1781 1898 ἐμοὶ

1892 1838 2186 1884 narrarunt
2244 1839 2298 1883 et
2354 1831 2406 1884 in
2466 1831 2643 1884 lucem
2685 1832 3049 1900 protulerunt.
3105 1833 3235 1887 Mihi
3281 1841 3462 1887 autem

192 1911 254 1963 δὲ
293 1913 423 1983 περὶ
458 1913 632 1967 ταῦτα
655 1914 959 1985 διατρίϐειν
983 1918 1010 1968 6
1042 1915 1137 1968 νῦν
1162 1917 1260 1986 οὐχ
1293 1919 1530 1988 ἁρμόσει
1564 1923 1780 1992 καιρὸς,

196 2004 368 2074 ἄλλης
409 2006 535 2074 περὶ
574 2005 778 2058 τούτων
806 2006 1074 2075 δεομένης
1121 2008 1524 2082 ἀκριϐεστέρας
1582 2013 1783 2083 σχολῆς

193 2110 257 2145 τε
289 2096 382 2147 καὶ
404 2094 766 2163 διασκέψεως.
796 2095 875 2148 Τὰ
903 2095 958 2148 δὲ
991 2095 1086 2148 νῦν
1119 2097 1182 2150 τὸ
1217 2097 1430 2166 φθάσαν
1464 2103 1628 2154 αὐτὸν
1684 2103 1778 2155 τοῦ

197 2185 326 2254 βίου
358 2185 515 2250 τέλος
544 2186 907 2257 διηγήσομαι.

272 2294 426 2368 [545]
460 2296 524 2358 ζ’.
568 2296 627 2350 Ὀ
649 2296 780 2365 γοῦν
812 2299 1165 2368 φιλόχριστος
1198 2299 1454 2369 βασιλεὺς
1487 2301 1782 2354 Κωνσταν-

194 2388 350 2449 τίνος
380 2387 461 2450 είς
493 2387 554 2440 τὸ
589 2388 808 2458 πρῶτον
840 2392 934 2443 καὶ
980 2392 1310 2460 τριακοστὸν
1346 2391 1465 2454 ἔτος
1505 2392 1783 2461 προελθὼν

194 2475 307 2545 τῆς
349 2478 516 2532 αὐτοῦ
569 2479 871 2549 βασιλείας,
928 2483 1024 2534 καὶ
1085 2482 1180 2535 τοῦ
1245 2483 1503 2553 δευτέρου
1563 2484 1782 2547 ἐπιϐὰς,

197 2569 394 2640 ἐπειδὴ
425 2570 664 2625 ἐπύθετο
701 2574 828 2636 τοὺς
856 2573 1075 2645 Πέρσας
1103 2577 1183 2638 εἰς
1214 2576 1452 2644 πόλεμον
1503 2577 1592 2628 ἐπ’
1623 2576 1784 2630 αὑτὸν

197 2663 823 2735 παρασκευαζομένους,
875 2667 1017 2736 ἄρας
1064 2667 1128 2720 ἐκ
1160 2670 1260 2737 τῆς
1312 2667 1506 2720 ἑαυτοῦ
1553 2668 1782 2729 πόλεως,

195 2755 332 2824 ἄχρι
363 2755 462 2824 τῆς
491 2756 864 2826 Νικομηδείας
892 2757 1047 2828 ὤφθη
1082 2759 1190 2811 τῶν
1223 2759 1494 2814 Βιθυνῶν·
1529 2759 1663 2812 ἔνθα
1691 2762 1786 2814 καὶ

195 2845 433 2914 τελευτᾷ
458 2845 549 2898 τὸν
584 2845 699 2914 βίον
727 2846 788 2910 ἐξ
817 2847 1111 2917 ἐπιϐουλῆς
1134 2847 1242 2899 τῶν
1283 2850 1476 2903 ἑαυτοῦ
1510 2850 1781 2920 ἀδελφῶν,

195 2937 498 3008 φάρμακον
533 2937 683 3008 αὑτῷ
747 2939 1082 3010 δηλητήριον
1124 2942 1500 3010 ἐκχεαμένων,
1531 2944 1781 3013 ἀστέρος,

195 3030 280 3094 ὥς
308 3047 462 3100 φασι,
493 3031 744 3100 κομήτου
778 3031 870 3083 τὸν
905 3032 1137 3086 θάνατον
1170 3033 1338 3088 αὐτοῦ
1388 3023 1783 3104 προμηνύσανὶ

1886 1936 2035 1975 nunc
2071 1922 2125 1975 in
2181 1922 2266 1976 his
2300 1923 2502 1976 morari
2558 1938 2665 1978 non
2704 1933 2882 1987 vacat,
2913 1925 3187 1994 siquidem
3237 1940 3462 1981 accura—

1889 2014 2046 2066 tioris
2074 2022 2127 2066 ct
2166 2013 2260 2066 otii
2297 2023 2349 2066 el
2373 2013 2537 2066 studii
2573 2015 2873 2084 indigeant.

1960 2302 2011 2354 '7.
2047 2300 2224 2370 igitur
2261 2299 2770 2354 Christianissimus
2819 2299 3114 2368 imperator
3149 2299 3459 2355 Constanti-

1888 2409 2014 2456 nns,
2046 2409 2251 2445 annum
2285 2394 2437 2462 regni
2469 2392 2554 2445 sui
2583 2390 2926 2445 tricesimum
2971 2391 3204 2459 primum
3239 2402 3460 2460 prater-

1887 2499 2132 2553 gressus,
2165 2493 2219 2536 et
2247 2483 2550 2550 incipiente
2574 2480 2838 2545 secundo,
2881 2496 3008 2535 cum
3065 2481 3267 2536 certior
3285 2483 3460 2536 factus

1887 2582 2033 2629 esset
2058 2574 2254 2629 Persas
2279 2575 2544 2628 adversus
2575 2589 2698 2628 eum
2726 2573 2927 2627 bellum
2958 2573 3162 2634 moliri.
3182 2573 3460 2643 profectus

1886 2684 1950 2720 ex
2007 2669 2141 2722 urbe
2189 2683 2310 2728 sua,
2368 2665 2742 2720 Nicomediam
2777 2665 3043 2736 Bithynia:
3102 2667 3270 2718 venit.
3316 2664 3461 2720 Obiit

1889 2761 2090 2815 ibidem
2123 2776 2185 2814 ex
2225 2758 2608 2827 conjuratione
2641 2757 2873 2810 fratrum
2905 2771 3154 2820 suorum,
3206 2755 3460 2824 poculum

1889 2859 2215 2905 venenatum
2258 2855 2304 2904 ei
2349 2849 2755 2918 primiuantium
2784 2886 2798 2910 ,
2834 2855 3047 2902 cometa
3102 2862 3344 2917 quoque,
3383 2846 3464 2900 uti

1885 2945 2096 3006 dicunt,
2154 2942 2326 3008 ipsius
2363 2949 2591 2994 mortem
2646 2940 3028 3010 praesagiente.
3074 2937 3242 2992 Erant
3281 2946 3460 2993 autem

1886 3035 2247 3088 Constantino
2275 3049 2337 3088 ex
2372 3043 2525 3100 patre
2555 3032 2753 3086 fratres
2786 3029 3112 3095 Dalmatius,
3144 3029 3453 3084 Anaballia-

191 3139 312 3185 τος.
345 3119 527 3175 ’Ἦσαν
547 3122 606 3175 δὲ
627 3121 705 3194 τῷ
727 3124 1130 3194 Κωνσταντίνῳ
1161 3125 1382 3193 ἀδελφοὶ
1407 3127 1546 3196 πρὸς
1577 3128 1781 3194 πατρὸς

1892 3143 1992 3180 nus
2023 3134 2075 3181 et
2105 3125 2506 3188 Constantius;
2547 3124 2664 3192 ipse
2714 3122 2861 3176 enim
2905 3136 2967 3174 ex
3005 3120 3208 3175 llelena
3265 3121 3462 3173 unicus

195 3211 332 3275 οἵδε,
365 3209 691 3281 Δαλμάτιος,
737 3211 1177 3277 Ἀναϐαλλιανδς,
1229 3216 1322 3266 καὶ
1355 3217 1743 3279 Κωνστάντιος
1765 3235 1777 3248 ·

194 3301 366 3364 αὐτὸς
396 3303 504 3372 γάρ
531 3301 591 3367 ἐξ
627 3301 847 3373 Ἑλένης
881 3304 1043 3372 μόνος
1072 3300 1141 3374 ἦν
1163 3293 1240 3374 τῷ
1263 3308 1434 3377 πατρῖ⁵
1461 3307 1780 3375 Κώνσταντι

195 3395 283 3446 ἔτι
317 3394 654 3446 ίδιοτεύοντι·
675 3395 742 3448 ἐκ
773 3394 828 3448 δὲ
860 3395 959 3464 τῆς
989 3395 1261 3467 θυγατρὸς
1295 3395 1780 3468 Μαξιμιανοῦ,τοῦ

208 3483 562 3554 Ἐρκουλλίου
597 3484 1103 3554 ὲπονομαζομὲνου,
1125 3486 1432 3557 Θεοδώρας,
1481 3488 1657 3558 ἕτεροι
1695 3505 1784 3554 γε-

194 3576 423 3644 γόνασιν
448 3575 598 3644 αὐτῷ
621 3576 830 3638 παῖδες·
853 3577 881 3628 ὃ
896 3593 954 3628 τε
979 3576 1319 3648 προρρηθεὶς
1345 3577 1673 3648 Δαλμάτιος,
1693 3579 1782 3631 καὶ

208 3665 657 3731 Ἀναϐαλλιανὸς,
689 3666 786 3720 καὶ
807 3667 1214 3730 Κωνστάντιος’
1245 3667 1338 3730 οὓς
1370 3669 1465 3720 καὶ
1489 3669 1778 3739 Καίσαρας

191 3759 224 3812 6
244 3760 654 3820 Km'mmvri'vo;
683 3759 778 3812 καὶ
805 3757 1234 3828 νοϐελλησίμους
1271 3759 1521 3829 ἐτίμησε.
1546 3760 1777 3814 Τούτων

189 3853 222 3905 6
257 3851 642 3914 Κωνστάντιος
679 3851 742 3903 ἐκ
771 3850 868 3919 τῆς
931 3849 1298 3919 συναφθείσης
1339 3851 1488 3920 αὐτῷ
1528 3853 1780 3921 γαμετῆς

191 3943 363 4011 γεννᾷ
397 3941 599 3996 Γάλλον
623 3959 681 3994 τε
713 3943 809 3995 καὶ
848 3941 1139 3996 Ἰουλιανὸν
1161 3943 1252 3994 τὸν
1294 3943 1625 4012 παραϐάτην
1660 3944 1780 3995 ἑπι-

191 4037 489 4106 κληθέντα,
521 4037 609 4090 διὰ
635 4038 695 4090 τὸ
719 4038 808 4091 τὸν
835 4038 1073 4108 Χριστὸν
1099 4037 1486 4108 ἐξομόσασθαι,
1519 4037 1616 4090 καὶ
1643 4038 1779 4109 πρὸς

189 4129 299 4197 τὴν
341 4128 663 4196 Ἑλληνικὴν
711 4129 1012 4182 ἀποκλῖναι
1066 4127 1398 4199 θρησκείανο
1435 4128 1495 4192 ὃς
1542 4129 1640 4181 καί⁹
1683 4129 1777 4182 τὸν

194 4221 377 4292 μέγαν
408 4219 502 4273 τοῦ
543 4206 795 4292 Χριστοῦ
815 4221 1072 4291 μάρτυρα
1111 4221 1206 4273 καὶ
1238 4219 1544 4274 πολύαθλον
1585 4221 1777 4290 Ἀρτέ-

194 4329 328 4382 μιον
362 4314 421 4363 ἐν
454 4311 529 4381 τῷ
577 4310 883 4381 βασιλεύειν
936 4311 1099 4365 αὑτὸν
1132 4311 1385 4377 ἐκόλασε,
1425 4310 1516 4364 διὰ
1545 4311 1644 4382 τὴν
1697 4312 1780 4369 εἰς

191 4403 436 4473 Χριστὸν
459 4403 640 4456 πίστιν
668 4405 762 4456 καὶ
785 4404 876 4456 τὸν
901 4403 1063 4474 ζῆλον
1083 4403 1174 4457 τὸν
1193 4402 1395 4457 ἔνθεον.
1423 4403 1586 4458 Ἀλλὰ
1608 4403 1781 4456 ταῦτα

191 4493 302 4564 μὲν
332 4491 561 4566 ὕστερον
589 4495 682 4548 καὶ
717 4496 858 4566 μετὰ
887 4495 1085 4564 χρόνου
1114 4496 1424 4563 γεγόνασιν.

268 4611 343 4676 η’.
387 4606 531 4675 Ἐγὼ
563 4607 620 4658 δὲ
645 4607 712 4660 τὰ
751 4605 1120 4675 πεπραγμένα
1159 4608 1274 4668 τοῖς
1303 4607 1415 4659 ἄνω
1446 4606 1664 4676 χρόνοις
1698 4605 1782 4657 δι-

194 4697 579 4770 ηγησάμενος,
613 4700 707 4752 ἐπὶ
739 4700 808 4752 τὰ
857 4699 1142 4768 συμϐάντα
1191 4697 1270 4767 τῷ
1320 4697 1562 4768 μάρτυρι
1617 4697 1783 4751 πάλιν

189 4787 388 4859 τρέψω
417 4788 510 4841 τὸν
543 4788 703 4856 λόγον
727 4804 741 4819 ⁸
795 4789 915 4852 πῶς
949 4805 1007 4842 τε
1040 4790 1069 4841 6
1115 4788 1442 4857 παράνομος
1475 4788 1570 4842 καὶ
1597 4803 1782 4860 παρα-

191 4874 376 4945 ϐάτης
419 4876 709 4940 Ἰουλιανὸς
757 4877 853 4930 καὶ
899 4877 1006 4929 τίνι
1040 4875 1228 4946 τρόπῳ
1265 4876 1360 4928 ἐπὶ
1396 4874 1457 4927 τὺ
1489 4875 1590 4944 τῆς
1626 4876 1781 4945 βασι-

192 4967 349 5029 λείας
378 4960 545 5036 ἦλθεν
565 4966 813 5037 ἀξίωμα·
850 4966 946 5020 καὶ
975 4966 1092 5029 πῶς
1120 4969 1148 5020 6
1177 4965 1272 5018 τοῦ
1301 4965 1542 5036 Χριστοῦ
1569 4966 1783 5037 μάρτυς

200 5058 501 5128 ’Δρτέμιος
546 5060 624 5122 είς
658 5058 719 5111 τὸ
752 5059 850 5127 τῆς
892 5037 1131 5128 Χριστοῦ
1187 5055 1486 5128 ὁμολογίας
1521 5059 1781 5128 πανίερον

192 5150 405 5220 ἔδραμε
461 5151 700 5204 στάδιον.
755 5153 916 5223 ’Ἄρτι
959 5149 1053 5204 τοῦ
1089 5149 1329 5220 μεγάλου
1359 5149 1778 5203 Κωνσταντίνου

191 5239 349 5315 [3461
375 5242 824 5312 τελευτήσαντος,
853 5247 886 5313 η
911 5243 1022 5296 τῶν
1052 5240 1343 5313 Ῥωμαίων
1363 5240 1508 5312 ἀρχὴ
1533 5243 1612 5304 είς
1633 5245 1780 5312 τρεῖς

198 5333 420 5406 ςιῃρέθη
462 5335 660 5405 ἀρχάς,
699 5333 808 5388 τῶν
855 5335 988 5389 υίῶν
1038 5333 1206 5388 αὑτοῦ
1231 5375 1245 5400 ,
1306 5331 1733 5388 Κωνσταντίνου
1762 5372 1777 5399 ,

1887 3228 2005 3272 erat
2037 3219 2179 3273 ﬁlius
2211 3215 2530 3271 Constantis
2565 3215 2743 3269 adhuc
2783 3213 3004 3283 privati,
3054 3214 3142 3267 cui
3172 3228 3236 3266 ex
3284 3209 3457 3265 Theo-

1889 3311 2046 3373 dora,
2085 3309 2400 3362 Maximiani
2471 3307 2805 3376 cognomine
2855 3305 3098 3359 Herculii
3155 3305 3286 3368 ﬁlia,
3337 3304 3463 3358 reli-

1889 3403 1977 3469 qui
2017 3400 2338 3468 prodierunt
2372 3399 2552 3462 liberi,
2589 3413 2787 3467 nempe
2812 3397 3115 3465 supradicti
3143 3395 3462 3458 Dalmatius,

1890 3491 2280 3545 Anaballianus
2330 3498 2384 3541 et
2425 3488 2805 3541 Constantius.
2842 3486 2953 3541 llos
2991 3501 3118 3540 vero
3143 3487 3465 3541 Constanti-

1891 3601 1991 3638 nus
2024 3583 2269 3638 Caesares
2294 3591 2346 3636 et
2371 3581 2731 3634 nobilissimos
2757 3580 2834 3651 (5)
2857 3579 3168 3637 constituit.
3193 3579 3234 3631 E
3262 3580 3465 3648 quibus

1889 3677 2242 3732 Constantius
2266 3691 2330 3728 ex
2364 3675 2610 3742 legitima
2640 3673 2874 3743 conjuge
2908 3673 3219 3742 procreavit
3248 3671 3462 3726 Calium

1887 3778 1942 3822 et
1982 3766 2284 3828 Julianntn,
2325 3764 2649 3833 Apostatam
2683 3764 3156 3831 cognominatum,
3197 3777 3262 3816 eo
3293 3761 3461 3830 quod,

1887 3856 2108 3910 Christo
2141 3854 2414 3921 ahjurato,
2457 3851 2522 3903 ad
2556 3851 2842 3919 gentilium
2899 3851 3345 3918 superstitionem
3378 3851 3465 3902 de.-

1887 3945 2198 3999 clinaverit.
2227 3940 2329 4005 Qui
2372 3949 2635 4010 praaterea
2695 3940 2928 4009 imperio
2964 3939 3171 4008 potitus
3201 3953 3462 4008 magnum

1885 4034 2091 4090 Christi
2125 4041 2420 4103 martyrem
2446 4041 2501 4086 et
2537 4032 2726 4085 multis
2757 4029 3158 4085 certaminibus
3199 4029 3460 4082 victorem

1885 4127 2192 4182 Artemium
2225 4125 2498 4194 supplicio
2530 4123 2736 4187 affecit,
2771 4130 2996 4192 propter
3020 4120 3179 4174 ﬁdem
3215 4120 3271 4173 in
3303 4118 3460 4173 Chri-

1885 4230 2029 4276 stum
2063 4229 2116 4274 et
2143 4218 2391 4272 divinum
2445 4217 2566 4287 ejus
2621 4215 2894 4269 ardorem.
2950 4213 3055 4268 Sed
3089 4212 3204 4267 haec
3239 4210 3460 4280 quidem

1886 4311 2030 4367 infra
2062 4320 2116 4365 et
2146 4309 2453 4366 secundum
2485 4307 2748 4378 temporis
2778 4304 3048 4360 ordinem.

1953 4603 2007 4655 8.
2043 4600 2405 4667 Posteaquam
2469 4613 2602 4652 vero
2641 4611 2956 4650 narravero
2998 4610 3122 4666 qua:
3156 4575 3467 4665 superiori-

1884 4692 1990 4746 bus
2046 4690 2391 4760 temporibus
2451 4696 2571 4742 acta
2631 4695 2784 4752 sunt,
2824 4686 2890 4740 ad
2942 4701 3006 4740 ea
3051 4700 3174 4754 qua:
3233 4687 3462 4755 martyri

1884 4783 2168 4852 contigere
2203 4795 2399 4834 rursus
2437 4788 2646 4834 vertam
2691 4792 3026 4832 sermonem.
3070 4775 3260 4830 Dicam
3298 4776 3465 4845 igitur

1881 4883 1938 4928 et
1978 4873 2134 4943 quali
2169 4873 2389 4926 ratione
2421 4870 2627 4941 impius
2668 4878 2832 4940 atque
2898 4877 3150 4940 apostata
3207 4865 3503 4923 Julianus-

1882 4968 1951 5021 ad
2013 4964 2435 5035 imperatoriam
2485 4962 2806 5031 pervenerit
2871 4964 3217 5033 dignitatem,
3246 4968 3301 5014 et
3327 4973 3464 5028 quo-

1880 5059 2045 5113 modo
2098 5057 2302 5112 Christi
2365 5063 2575 5126 martyr
2629 5054 2916 5108 Artemius
2967 5055 3026 5106 in
3081 5052 3465 5108 sacratissimo
3553 5125 3557 5130 '

1887 5151 2218 5206 Christianae
2283 5146 2660 5204 confessionis
2716 5145 2900 5201 stadio
2969 5144 3300 5200 cucurrerit.
3359 5142 3465 5198 De-

1889 5229 2084 5298 functo
2119 5256 2315 5314 Inaguo
2353 5241 2744 5303 Constantino,
2775 5237 3149 5293 Romanorum
3175 5236 3463 5304 imperium

1891 5335 1947 5390 in
1981 5344 2094 5390 tres
2148 5343 2334 5405 partes
2365 5332 2470 5387 fuit
2495 5331 2756 5396 divisum,
2802 5344 2930 5384 cum
2999 5338 3115 5382 tres
3171 5326 3266 5380 lilii
3319 5325 3464 5394 ejus,

1716 5509 1952 5567 NOTAE.

263 5655 347 5724 (5)
379 5653 505 5727 lloc
546 5654 786 5727 nomine_
825 5655 1123 5727 honorario
1157 5658 1498 5727 augebantur
1529 5656 1926 5727 imperatorum
1963 5654 2096 5721 ﬁlii;
2135 5652 2466 5724 quandoque
2501 5651 2692 5715 etiam,

197 5723 340 5790 rem,
377 5725 743 5796 imperatoriae
765 5723 983 5780 familia:
1013 5723 1383 5784 collatefales.
1420 5725 1577 5784 Εοιτ.

517 5816 789 5878 ΡΑτιιοι.
835 5817 948 5878 Gn.
997 5818 1202 5880 XCVI.

2769 5657 2825 5702 ut
2901 5647 2992 5701 hic
3057 5646 3201 5716 apud
3269 5653 3432 5696 aucto

2985 5808 3059 5868 ιιι)
