3882 6356
388 305 521 373 1259

1815 305 2064 368 ADDEN
2074 310 2188 367 DA.

3546 314 3712 377 136‘]

379 422 808 485 Constantinus,
848 419 1214 476 Constantius
1258 429 1314 475 et
1348 421 1623 476 Constans
1654 420 1787 477 illud
1820 424 1961 477 inter

2082 420 2446 474 Κωνσταντίου
2488 438 2546 473 τε
2594 422 2687 474 καὶ
2738 422 3124 486 Κώνσταντος,
3173 423 3390 488 ταύτας
3431 444 3710 497 μερισα-

381 531 441 571 se
468 514 811 568 divisissent.
838 513 893 565 Et
922 511 1290 582 primogenita
1316 514 1538 583 quidem
1589 514 1958 568 Constantino

382 608 698 678 superiores
772 604 963 659 Gallia:
996 612 1051 659 et
1080 621 1205 675 qua:
1266 613 1397 660 sunt
1431 606 1577 659 ultra
1630 607 1823 675 Alpes,
1873 607 1957 659 in-

384 698 517 753 sula:
574 696 918 751 Britannicae
966 706 1024 751 et
1072 697 1334 769 regiones
1401 713 1596 752 omnes
1651 713 1827 767 usque
1894 697 1959 751 ad

382 788 663 842 Oceanum
736 789 1139 844 occidentalem
1228 789 1550 843 haereditate
1621 790 1958 859 obtigerunt.

369 877 673 931 Constanti
714 891 868 943 vero,
926 885 1119 947 utpote
1188 887 1323 930 natu
1374 876 1629 939 minimo,
1673 874 1963 931 inferiores

382 971 597 1033 Galliae,
648 969 803 1023 Italia
862 984 1058 1037 nempe
1094 979 1147 1021 et
1186 971 1304 1036 ipsa
1337 967 1509 1023 Roma
1549 968 1644 1037 (6).
1678 967 1956 1022 Constan-

388 1064 495 1117 tius
537 1063 759 1115 dcmutn
814 1060 1098 1116 secundus
1132 1076 1198 1114 ex
1230 1060 1356 1113 ﬁliis
1382 1059 1756 1121 Constantini,
1799 1060 1964 1115 rebus

384 1159 763 1215 Orientalibus
805 1173 871 1212 co
920 1166 1167 1227 tempore
1243 1158 1574 1227 praepositus
1647 1157 1965 1224 bellumque

386 1266 587 1321 gerens
623 1249 889 1304 adversus
955 1247 1177 1313 Persas,
1214 1246 1458 1303 Orientis
1484 1258 1694 1318 partem
1730 1247 1963 1315 accepit.

370 1343 492 1410 .Qui
531 1341 853 1412 Byzantium
880 1383 894 1405 ,
960 1340 1183 1395 nomine
1233 1347 1447 1394 mutato
1479 1340 1535 1394 in
1562 1339 1966 1394 Constantino-

390 1436 557 1505 polim
587 1445 641 1489 ct
683 1449 879 1489 novam
933 1433 1189 1497 Romam,
1225 1433 1355 1488 fecit
1406 1433 1509 1488 sibi
1540 1433 1788 1503 regiam;
1820 1440 1870 1486 et
1900 1431 1967 1485 ab

391 1527 612 1597 illyrico
676 1541 851 1596 usque
884 1526 951 1579 ad
988 1524 1405 1594 Propontidem,
1459 1538 1802 1593 qmecunque
1856 1521 1964 1578 Ro-

391 1621 570 1675 manis
631 1619 939 1689 parebant,
976 1617 1189 1687 Syriam
1252 1630 1473 1685 quoque
1510 1623 1565 1669 et
1596 1614 1965 1680 Palaestinam,

395 1710 843 1781 Mesopotamiam
874 1719 927 1766 et
962 1708 1258 1779 [Egyptum
1314 1719 1476 1777 atque
1506 1707 1718 1761 insulas
1744 1708 1966 1761 univer-

393 1813 488 1856 sas
520 1801 754 1869 imperio
781 1815 883 1854 suo
922 1807 977 1852 et
1006 1798 1200 1853 ditioni
1230 1798 1490 1867 subjecit.

444 1938 517 1991 '9.
566 1936 795 2006 Magnus
857 1947 1037 1990 autem
1108 1936 1387 1989 Artemius
1453 1934 1785 1988 versabatur
1844 1949 1966 1987 cum

384 2027 725 2081 "Constantio
788 2029 934 2080 omni
996 2037 1244 2096 tempore
1274 2037 1325 2081 et
1358 2026 1411 2079 in
1454 2026 1604 2080 omni
1633 2027 1882 2095 negotio,
1914 2036 1971 2079 ut

396 2119 491 2187 qui
518 2126 665 2173 esset
712 2120 925 2172 amicus
971 2118 1217 2187 optimus
1244 2127 1296 2171 et
1333 2118 1519 2183 exiis,
1543 2118 1637 2186 qui
1683 2117 1888 2171 virtute
1918 2125 1971 2170 et

393 2209 652 2263 doctrina
683 2208 987 2278 fulgebant,
1028 2217 1082 2263 et
1113 2208 1557 2263 Christianorum
1617 2208 1739 2263 fidei
1775 2210 1972 2265 arden-

400 2298 646 2352 tissimus
691 2307 922 2352 amator.
961 2296 1034 2351 De
1092 2299 1265 2368 patria
1310 2308 1363 2353 et
1408 2315 1610 2370 genere
1666 2301 1787 2370 ejus
1835 2302 1971 2355 nihil

400 2390 670 2458 scriptum
735 2390 1011 2459 quispiam
1074 2391 1233 2446 nobis
1289 2391 1541 2454 tradidit,
1590 2393 1695 2449 nisi
1730 2394 1970 2463 quodex

400 2483 571 2536 nobili
609 2490 661 2536 et
702 2484 908 2536 illustri
966 2482 1177 2537 familia
1218 2486 1300 2536 vir
1364 2483 1724 2541 beatissimus
1758 2487 1975 2541 duxerit

398 2582 598 2627 ortum.
645 2572 805 2628 Unde
864 2576 1027 2629 etiam
1096 2576 1207 2629 lure
1241 2576 1307 2630 de
1335 2591 1398 2630 eo
1432 2578 1653 2647 scriptis
1722 2582 1973 2633 mandata

401 2673 562 2722 sunt.
629 2667 805 2734 ipsum
858 2682 983 2721 esse
1050 2668 1143 2736 qui
1204 2668 1393 2736 jussus
1460 2669 1603 2721 sita
1654 2668 1976 2723 Constantio

401 2770 710 2826 procurare
733 2758 1148 2811 translationem
1205 2760 1687 2814 sanctissimarum
1721 2761 1979 2829 reliquia-

400 2862 520 2901 rum
558 2848 812 2912 Andreae,
844 2848 1049 2903 Christi
1106 2848 1366 2917 apostoli,
1404 2848 1565 2902 Lucre
1596 2857 1649 2903 et
1682 2849 1975 2913 Timothei,

403 2953 461 2995 ttt
502 2957 750 3011 sequens
780 2941 1118 3011 significabit
1148 2942 1346 2994 oratio.
1405 2939 1671 3009 Equidem
1709 2941 1821 2995 Itmc
1856 2958 1976 2994 om-

400 3034 490 3087 nia
517 3034 780 3102 deinceps
823 3034 1082 3097 narrabo,
1124 3046 1221 3102 per
1250 3032 1450 3087 serietu
1496 3034 1764 3100 temporis
1791 3040 1973 3086 trans-

2072 514 2270 580 μένων.
2323 514 2432 565 Καὶ
2476 513 2556 582 τῷ
2591 513 2692 583 μὲν
2746 514 2950 584 πρώτῳ
2995 516 3413 588 Κωνσταντίνῳ
3446 520 3519 571 αἱ
3586 520 3711 573 ἄνευ

2070 604 2293 656 Γαλλίαι
2325 604 2421 656 καὶ
2453 605 2522 657 τὰ
2552 605 2817 657 ἐπέκεινα
2844 605 3122 668 Ἄλπεων,
3146 606 3212 658 αἴ
3238 624 3299 659 τε
3325 608 3713 678 [ips-:thsz

2070 696 2246 765 νῆσοι,
2282 698 2374 750 καὶ
2406 697 2511 759 ἕως
2543 698 2637 749 τοῦ
2692 698 2951 769 ἑσπερίου
3001 700 3250 754 ὠκεανοῦ
3300 703 3533 773 κλῆρος
3576 705 3646 757 ἐδ

2070 789 2244 857 Οησαν
2267 806 2279 818 ·
2314 788 2391 858 τῷ
2418 789 2476 842 δέ
2507 807 2571 858 γε
2622 790 2969 853 Κώνσταντι,
3004 792 3082 857 ὡς
3112 794 3354 866 ὑστάτῳ,
3405 799 3467 850 αξ
3530 798 3711 852 κάτω

2072 881 2312 944 Γαλλίαι,
2355 884 2525 951 ἤγουν
2575 884 2606 953 ἡ
2653 882 2854 938 Ἰταλία
2904 886 2998 938 καὶ
3038 886 3179 957 αὑτὴ
3234 888 3458 960 Ῥώμη.
3511 891 3589 944 ’0
3644 893 3709 946 ἃ

2072 974 2452 1037 Κωνστάντιος
2480 976 2510 1027 ό
2536 974 2794 1045 δεύτερος
2823 975 2934 1029 τῶν
2963 976 3389 1032 Κωνσταντίνου
3422 981 3609 1045 υίῶν,
3642 983 3706 1037 ὃς

2070 1059 2139 1133 ἦν
2192 1066 2284 1116 ἐπὶ⁵
2332 1064 2441 1117 τῶν
2484 1066 2585 1135 τῆς
2630 1064 2774 1136 ἑῴας
2796 1067 2921 1119 ⁴τότε
2959 1072 3310 1139 πραγμάτων
3361 1072 3517 1143 πρὸς
3556 1075 3703 1139 τοὺς

2076 1156 2291 1225 Πέρσας
2322 1154 2751 1225 ἀγωνιζόμενος,
2783 1158 2845 1208 τὸ
2872 1158 2972 1227 τῆς
3014 1157 3160 1229 ἑῴας
3206 1160 3544 1225 ἀσπάζεται
3596 1166 3701 1231 μέ·

2075 1263 2166 1317 ρος
2186 1263 2199 1275 ”
2233 1248 2328 1300 καὶ
2357 1247 2477 1299 τότε
2499 1246 2798 1310 Βυζάντιον
2823 1250 3231 1319 μετονομασθὲν
3258 1252 3343 1315 είς
3370 1253 3699 1306 Κωνσταν-

2073 1338 2403 1400 τινούπολιν,
2429 1339 2527 1392 καὶ
2549 1339 2676 1391 νέαν
2708 1336 2951 1409 Ῥώμην,
2974 1343 3212 1393 ποιεῖται
3238 1340 3562 1410 βασίλειον,
3595 1346 3697 1396 καὶ

2072 1430 2181 1482 ἀπὸ
2212 1428 2309 1481 τοὺ
2358 1429 2656 1497 Ἰλλυρικοῦ
2706 1430 2871 1500 μέχρι
2908 1431 3009 1500 τῆς
3063 1431 3446 1501 Προποντίδος
3499 1434 3695 1487 ὁπόσα

2073 1520 2294 1588 ὑπήκοα
2335 1520 2652 1590 Ῥωμαίοις,
2688 1522 2793 1590 τήν
2821 1538 2882 1574 τε
2915 1522 3116 1591 Συρίαν
3151 1523 3245 1575 καὶ
3285 1525 3690 1597 Παλαιστίνην

2073 1607 2167 1658 καὶ
2212 1608 2643 1678 Μεσοποταμίαν
2703 1609 2798 1661 καὶ
2838 1609 3136 1677 Αἴγυπτον,
3176 1614 3274 1665 καὶ
3330 1616 3437 1677 τὰς
3475 1617 3687 1687 νήσους

2074 1698 2314 1764 ἁπάσας,
2360 1700 2427 1769 τῇ
2472 1697 2639 1751 αὑτοῦ
2691 1698 2944 1771 βασιλεία⁸
2975 1704 3072 1753 καὶ
3119 1704 3373 1775 πολιτείᾳ
3434 1707 3690 1779 ὑποτελῆ

2075 1788 2423 1858 καθίστησιν.

2145 1924 2211 1978 θ’.
2263 1926 2320 1979 '0
2355 1926 2411 1979 δὲ
2448 1927 2624 1996 μέγας
2656 1928 2944 2000 ’Λρτέμιος
2979 1930 3146 1999 συνῆν
3176 1930 3255 2000 τῷ
3290 1932 3689 2004 Κωνσταντίῳ

2074 2020 2131 2069 ἐν
2163 2021 2325 2072 παντὶ
2361 2019 2538 2091 καιρῷ
2581 2038 2641 2073 τε
2696 2024 2790 2074 καὶ
2847 2023 3181 2093 πράγματι,
3229 2025 3307 2087 ὼς
3364 2027 3469 2079 ac:
3520 2028 3683 2095 φίλος

2073 2108 2319 2178 ἄριστος,
2357 2111 2587 2163 καὶτῶν
2621 2112 2708 2164 ἐπ’
2737 2113 2911 2183 ἀρετῇ
2938 2113 3034 2167 καὶ
3070 2114 3296 2185 παιδείᾳ
3339 2116 3687 2188 λαμπρυνο-

2076 2200 2275 2269 μένων,
2305 2202 2401 2253 καὶ
2431 2202 2531 2271 τῆς
2561 2203 2911 2273 Χριστιανῶν
2954 2204 3192 2269 πίστεως
3232 2206 3515 2278 διάπυρος
3547 2211 3681 2277 ἐρα-ν

2076 2290 2229 2359 στής.
2262 2290 2531 2361 Πατρίδος
2570 2291 2663 2344 καὶ
2702 2293 2894 2360 γένους
2927 2294 3096 2348 αὑτοῦ
3130 2297 3500 2367 ἀνάγραπτον
3540 2303 3683 2370 μνή-

2079 2402 2185 2456 μην
2215 2385 2391 2448 οὑδεὶς
2436 2389 2567 2456 ἡμῖν
2610 2387 3023 2457 παραδέδωκεν,
3059 2387 3197 2459 πλὴν
3234 2389 3318 2442 ὅτι
3349 2391 3465 2442 τῶν
3500 2391 3681 2445 εὐπα-

2074 2476 2273 2547 τριδῶν
2306 2479 2398 2530 καὶ
2427 2478 2681 2547 μεγάλων
2711 2480 2959 2549 ὑπῆρχεν
2981 2482 3009 2532 6
3035 2481 3549 2552 τρισμακάριστος.
3584 2484 3683 2547 Ἐξ

2079 2562 2153 2620 ὧν
2184 2569 2277 2620 καὶ
2326 2569 2451 2620 τάδε
2487 2568 2554 2621 τὰ
2591 2570 2719 2639 περὶ
2768 2569 2937 2623 αὑτοῦ
2984 2571 3435 2641 ἀναγέγραπται,
3464 2575 3549 2627 ὅτι
3606 2575 3682 2627 τά

2079 2661 2319 2729 πανὰγια
2365 2662 2592 2730 λείψανα
2633 2662 2742 2714 τῶν
2773 2663 2866 2716 τοῦ
2910 2663 3149 2733 Χριστοῦ
3177 2664 3508 2717 ἀποστόλων
3546 2665 3681 2719 Ἀν-

2077 2751 2235 2822 δρέου
2274 2755 2364 2805 καὶ
2403 2756 2588 2807 Λουκᾶ
2629 2754 2723 2808 καὶ
2766 2754 3058 2824 Τιμοθέου,
3089 2756 3253 2817 αὑτός
3292 2756 3448 2809 ἐστιν
3497 2757 3527 2809 6
3574 2758 3679 2827 τὴν

2080 2845 2415 2913 ἀνακομιδὴν
2467 2846 2647 2897 αὑτῶν
2704 2846 2812 2898 ὑπὸ
2887 2847 3271 2899 Κωνσταντίου
3326 2850 3681 2918 ποιήσασθαι

2080 2935 2415 2999 κελευσθεὶς,
2468 2937 2543 3001 ὡς
2600 2937 2807 3007 προῖὼν
2855 2940 2883 2991 ὁ
2936 2938 3094 3006 λόγος
3142 2939 3383 3004 διδάξειδ
3444 2941 3564 3008 ἐγὼ
3618 2941 3679 2995 δὲ

2081 3029 2298 3080 ἅπαντα
2328 3028 2503 3081 ταῦτα
2532 3028 2770 3099 καθεξῆς
2791 3029 3130 3100 διηγήσομαι
3162 3030 3255 3083 ἐπὶ
3279 3031 3409 3093 τοὺς
3440 3032 3679 3101 χρόνους

397 3139 655 3188 currens,
686 3132 741 3180 et
769 3132 1029 3178 accurate
1062 3125 1365 3178 secundum
1430 3139 1613 3177 rerum
1642 3124 1971 3194 exigentiam

2082 3116 2373 3169 διαϐαίνων
2427 3118 2521 3170 καὶ
2578 3117 2931 3189 ἐκτιθέμενος
2965 3119 3108 3172 κατὰ
3140 3119 3240 3189 τὴν
3286 3119 3523 3175 δεούσαν
3560 3122 3675 3174 τῶν

396 3231 700 3286 exponens.
738 3215 875 3270 Cum
920 3217 1108 3286 igitur,
1154 3225 1211 3269 ut
1249 3215 1455 3269 dictum
1488 3223 1594 3281 est,
1635 3223 1749 3269 tres
1792 3223 1978 3270 essent

399 3305 781 3375 imperatores,
841 3317 1163 3376 partemque
1224 3322 1381 3361 suam
1438 3308 1641 3389 singuli
1732 3308 1974 3362 admini-

398 3405 660 3462 strarent,
679 3400 1078 3469 primogenitus
1105 3414 1297 3453 eorum
1321 3396 1741 3462 Constantinus,
1759 3400 1975 3470 propria

398 3486 723 3555 relinquens
759 3492 812 3539 et
842 3485 1029 3540 fratris
1074 3493 1201 3539 natu
1261 3487 1497 3551 minimi,
1558 3495 1687 3541 tunc
1749 3487 1975 3542 Romam

399 3576 657 3647 profecti,
720 3577 1093 3630 hazreditatem
1124 3577 1411 3641 invadens,
1443 3594 1737 3648 aggressus
1770 3588 1854 3635 est
1884 3582 1979 3634 ad-

401 3685 594 3724 versus
644 3684 769 3723 cum
823 3670 1013 3738 injusti
1046 3668 1328 3738 quidpiam
1381 3671 1626 3738 operari.
1679 3671 1976 3725 Absentem

398 3762 543 3817 enim
584 3761 915 3817 criminatus
938 3769 1023 3815 est
1049 3758 1243 3814 dicens
1278 3758 1523 3829 iniquam
1560 3776 1746 3815 rerum
1777 3760 1976 3816 factam

399 3865 526 3908 esse
580 3851 974 3920 partitionem.
1020 3857 1075 3902 et
1118 3849 1389 3918 majorem
1453 3857 1663 3916 partem
1738 3851 1975 3921 imperii,

400 3948 546 4012 quod
570 3942 635 3996 ad
657 3943 835 4012 ipsum
858 3942 1175 4009 pertineret,
1192 3956 1220 3993 ιι
1250 3938 1416 3995 fratre
1441 3939 1612 3996 fuisse
1634 3951 1976 4011 usurpatam.

404 4033 510 4088 Sed
539 4034 780 4103 regionis
846 4034 1015 4089 duces
1045 4040 1098 4085 et
1139 4034 1426 4094 custodes,
1463 4046 1489 4084 a
1532 4033 1861 4089 Constantio
1896 4034 1979 4087 in~

404 4126 605 4191 stituti,
653 4126 1058 4195 responderunt
1087 4140 1144 4180 sc
1183 4133 1384 4196 prmtcr
1455 4126 1623 4192 hujus
1645 4127 1977 4180 sententiam

398 4227 456 4273 et
494 4233 828 4274 consensum
884 4219 1024 4272 nihil
1084 4218 1201 4271 sive
1257 4232 1513 4286 magnum
1581 4218 1694 4272 sive
1749 4233 1979 4288 parvum

403 4323 565 4375 posse
599 4316 814 4361 mutare
855 4305 1100 4361 :fuissct
1149 4306 1295 4358 enim
1354 4306 1651 4360 nefarium.
1706 4308 1980 4363 Constan-

2081 3208 2424 3278 πραγμάτων
2462 3210 2773 3282 ἀκρίϐειαν.
2808 3213 2899 3276 Ὠς
2944 3212 3038 3266 οὖν
3078 3209 3232 3284 [547]
3288 3213 3677 3283 εἷρηται,τῶν

2082 3298 2350 3367 βασιλέων
2381 3302 2550 3372 τριῶν
2579 3304 2986 3373 τυγχανόντων,
3011 3306 3104 3357 καὶ
3129 3305 3226 3374 τῆς
3261 3304 3433 3358 αὑτοῦ
3468 3306 3673 3375 μοίρας

2080 3393 2314 3445 ἑκάστου
2339 3394 2519 3448 αὑτῶν
2552 3394 2954 3465 βασιλεύοντος,
2986 3398 3014 3449 6
3047 3394 3266 3466 πρῶτος
3296 3395 3483 3451 αὑτῶν
3510 3399 3671 3452 Κων-

2083 3487 2366 3548 σταντῖνος
2395 3486 2494 3555 τῆς
2547 3487 2753 3551 οἰκείας
2787 3487 3007 3559 μερίδος
3044 3489 3366 3551 ἀπαναστὰς
3395 3491 3496 3543 καὶ
3530 3491 3667 3562 πρὸς

2080 3578 2180 3647 τὴν
2221 3576 2317 3630 τοῦ
2364 3580 2596 3648 ἐσχάτου
2629 3578 2863 3648 ἀδελφοῦ
2910 3580 3276 3652 κληροδοσὶαν
3323 3582 3665 3647 ἐπανελθὼν,

2083 3667 2293 3719 ἐκείνου
2322 3669 2459 3738 πρὸς
2488 3668 2587 3739 τὴν
2621 3668 2844 3740 Ῥώμην
2870 3670 3355 3742 ἀποδημήσαντος,
3383 3674 3665 3743 ἐπεχείρει

2081 3774 2133 3808 τι
2166 3757 2275 3810 τῶν
2305 3757 2509 3811 ἀδίκων
2539 3759 2678 3811 κατὰ
2700 3759 2795 3812 τοῦ
2826 3760 3062 3829 ἀδελφοῦ
3094 3760 3506 3831 διαπράξασθαι
3527 3779 3542 3796 ο
3570 3763 3666 3814 καὶ

2082 3848 2245 3901 αὑτὸν
2278 3847 2352 3918 μὴ
2372 3849 2622 3918 παρόντα
2648 3847 2951 3912 διέϐαλλεν,
2972 3849 3048 3912 ὼς
3064 3849 3124 3901 οὑ
3142 3848 3322 3912 καλῶς
3348 3849 3459 3901 τῶν
3488 3867 3667 3917 πραγο

2087 3941 2273 4011 μάτων
2310 3941 2770 4012 διανεμηθέντων,
2803 3942 2895 3995 καὶ
2926 3943 3010 3995 ὅτι
3043 3940 3301 3995 πλεῖστον
3345 3941 3515 4012 μέρος
3566 3942 3666 4012 τῆς

2083 4033 2231 4105 αὑτῷ
2266 4033 2656 4105 προσηκούσης
2686 4035 2861 4105 ἀρχῆς
2912 4036 3330 4106 ἐσφετερίσατο.
3384 4035 3450 4087 Οἱ
3476 4034 3535 4089 δὲ
3567 4034 3665 4104 τῆς

2083 4123 2264 4194 χώρας
2310 4126 2608 4196 στρατηγοί
2659 4143 2718 4179 τε
2757 4128 2851 4179 καὶ
2896 4125 3162 4194 φύλακες,
3200 4125 3293 4187 οὓς
3336 4128 3364 4180 6
3398 4125 3661 4190 Κώνστας

2084 4216 2514 4286 ἐχειροτόνησεν,
2547 4218 2646 4270 οὑκ
2688 4217 2899 4287 ἔφασαν
2933 4218 3108 4291 χωρὶς
3140 4220 3238 4289 τῆς
3274 4217 3486 4271 ἐκείνου
3530 4218 3665 4284 γνὼ-

2087 4323 2195 4376 μης
2246 4323 2303 4359 τε
2360 4306 2455 4359 καὶ
2501 4307 2697 4379 βουλῆς
2765 4307 3028 4363 δύνασθαί
3080 4326 3131 4361 τι
3184 4308 3381 4378 μικρὸν
3439 4308 3472 4378 ἦ
3525 4308 3664 4377 μέγα

405 4399 554 4453 tinus
584 4405 767 4451 autem
805 4397 1027 4462 bellum
1054 4405 1228 4465 parat,
1266 4413 1529 4467 armaque
1561 4408 1740 4453 movet
1776 4402 1828 4452 in
1854 4418 1971 4456 eum

2088 4397 2435 4463 μετακινεῖνυ
2472 4397 2686 4450 ἀνόσιον
2732 4398 2870 4467 γάρ·
2912 4399 2941 4449 6
2972 4397 3029 4450 δὲ
3069 4395 3206 4468 πρὸς
3252 4396 3490 4465 πόλεμον
3524 4396 3663 4448 ἀπο·

401 4490 497 4559 qui
532 4488 743 4541 nullam
813 4487 1022 4544 fecerat
1072 4490 1353 4559 injttriam.
1389 4491 1549 4545 Cadit
1573 4492 1887 4561 igiturdum
1921 4496 1976 4549 in

401 4580 547 4635 bello
605 4588 851 4651 pugnat;
892 4590 948 4635 et
980 4582 1216 4637 aliorum
1279 4584 1659 4640 hazreditatem
1712 4591 1976 4658 concupi-

402 4688 567 4729 scens
610 4689 730 4729 eam
764 4676 937 4745 ipsam
977 4678 1158 4732 amisit
1188 4693 1348 4747 quam
1380 4677 1535 4746 justo
1566 4677 1810 4733 dominio
1835 4682 1974 4735 deti-

402 4778 531 4818 nere
565 4765 879 4820 videbatur.

2083 4487 2288 4553 δύεται,
2327 4489 2421 4541 καὶ
2450 4489 2588 4541 ὅπλα
2639 4495 2781 4542 κινεῖ
2813 4487 2955 4541 κατὰ
3008 4488 3102 4541 τοῦ
3159 4486 3324 4559 μηδὲν
3368 4486 3665 4556 ἀδικήσαν-

2086 4597 2193 4642 τος.
2243 4580 2439 4633 Πίπτει
2497 4581 2681 4635 τοίνυν
2714 4583 2741 4634 6
2775 4582 3194 4643 Κωνσταντῖνος
3228 4580 3287 4631 ἐν
3330 4578 3412 4647 τῷ
3443 4578 3667 4650 πολέμῳ

2092 4675 2419 4743 μαχόμενος,
2455 4676 2551 4728 καὶ
2589 4674 2692 4743 τῆς
2750 4673 2964 4747 μερίδος
2999 4674 3110 4728 τῶν
3142 4672 3448 4739 ἀλλοτρίων
3475 4672 3669 4725 ἐπιθυ-

2089 4766 2227 4834 μῶν,
2275 4766 2370 4819 καὶ
2416 4766 2557 4833 άπερ
2607 4765 2780 4818 ἐδόκει
2849 4765 3086 4837 βεϐαίως
3134 4766 3359 4835 κρατεῖν
3411 4780 3663 4835 προσαπ-

2088 4874 2309 4911 ωιεσεν.

1917 5008 2050 5065 NOT
2061 5009 2122 5061 JF.
2132 5049 2143 5061 .

475 5157 550 5225 (6)
579 5155 774 5209 Mirum
816 5154 996 5225 rideri
1035 5164 1236 5225 posset,
1280 5160 1561 5208 auctorem
1626 5154 1728 5209 sub
1755 5160 1973 5210 nomine

404 5224 721 5296 inferiorum
789 5224 1094 5296 Galliarum
1146 5224 1354 5278 Italiam
1419 5225 1885 5296 comprehendere
1920 5233 1974 5279 et

411 5293 583 5367 ipsam
630 5295 883 5350 Romam.
929 5293 1037 5367 Sed
1055 5303 1274 5367 attente
1304 5294 1684 5367 consideranti
1726 5311 1851 5364 qua:
1886 5296 1974 5350 hic

409 5363 758 5422 tl‘edivisione
789 5365 1003 5435 imperii
1036 5365 1300 5435 dicuntur
1323 5363 1809 5433 patebitJoannem
1846 5367 1973 5418 huic

408 5437 617 5506 regioni
656 5452 819 5507 quam
856 5433 1010 5489 rocat
1039 5433 1246 5490 Gallias
1270 5436 1564 5507 superiores
1598 5435 1681 5507 (ai
1705 5436 1816 5489 ἂνω
1838 5437 1975 5489 Γαλ-

411 5504 544 5576 λίαι)
565 5504 982 5575 οιιηὶορροηοτο
998 5522 1161 5575 quam
1194 5513 1355 5560 vocat
1376 5504 1582 5559 Gallias
1600 5505 1878 5576 inferiores
1899 5508 1978 5576 (αι

410 5575 566 5629 κάτω
593 5577 862 5643 Γαλλίαι),
906 5593 1026 5644 qua:
1062 5592 1258 5645 nempe
1298 5585 1381 5630 est
1431 5575 1568 5627 citra
1626 5576 1811 5645 Alpes.
1860 5575 1977 5631 .lam

422 5658 549 5715 vero
570 5646 929 5715 pOSteriorem
951 5648 1091 5701 hanc
1107 5646 1609 5700 denominationem
1631 5662 1735 5698 non
1757 5649 1983 5700 restrin-

422 5714 501 5786 εἱι
529 5714 595 5771 ad
626 5730 688 5771 ca
720 5730 841 5785 qua:
864 5718 1082 5786 proprie
1114 5732 1143 5769 a
1182 5716 1448 5771 Romanis
1502 5714 1679 5769 Galtia
1710 5716 1985 5785 Cisalpina

2077 5155 2443 5227 yocabantur,
2510 5155 2605 5211 sed
2651 5170 2770 5227 eam
2830 5155 3188 5227 extenditjad
3223 5155 3497 5227 integram
3559 5158 3661 5215 Ita-

2079 5225 2246 5290 liam;
2307 5225 2380 5278 ita
2408 5235 2649 5298 utroces
2702 5226 2759 5298 at
2804 5225 2961 5298 κάτω
3025 5225 3253 5298 Γαλλίαι
3312 5225 3447 5280 ﬁant
3501 5233 3655 5298 quasi

2079 5308 2279 5349 nomen
2338 5296 2652 5368 generieum
2679 5295 2747 5350 ad
2786 5295 3185 5368 designandam
3220 5304 3391 5351 totam
3447 5295 3660 5368 imperii

2081 5373 2291 5437 partem
2349 5382 2492 5434 quae.
2561 5367 2908 5437 interpositis
2957 5366 3193 5437 Alpibus
3228 5408 3243 5431 ,
3294 5366 3587 5436 separatur
3630 5388 3659 5424 a

2080 5435 2259 5488 Gallia
2318 5438 2625 5501 superiore.
2660 5434 2818 5489 Tunc
2860 5434 3043 5491 autem
3071 5452 3265 5506 reapse
3296 5434 3403 5492 sub
3429 5439 3533 5492 hac
3564 5438 3657 5495 de-

2084 5507 2464 5576 nominatione
2496 5506 2888 5575 comprehendi
2912 5515 3091 5576 potest
3112 5516 3228 5561 tota
3283 5508 3460 5561 Italia.
3490 5506 3659 5563 Porro

2088 5575 2406 5629 mirandum
2466 5591 2574 5631 non
2604 5585 2689 5631 est
2726 5575 3057 5643 scriptorem
3085 5576 3333 5631 Graecum
3403 5593 3516 5632 non
3543 5594 3659 5634 om-

2087 5645 2239 5719 nino
2285 5654 2547 5719 accurate
2592 5646 2740 5719 loqui
2803 5645 2872 5719 de
2931 5646 3096 5719 rebus
3142 5646 3206 5700 ad
3275 5648 3655 5719 geographiatn

2085 5716 2483 5773 occidentalem
2516 5714 2948 5787 perliitentilms.
2979 5714 3138 5771 Εοιτ.
