3882 6356
233 435 332 505 126
341 439 368 503 ι

1490 430 1548 486 S.
1593 420 1916 484 ARTEMII
1953 419 2234 482 PASSIO.

3343 415 3478 478 19ft}.

301 562 353 609 ι’.
400 554 460 604 '0
502 551 686 604 τοίνυν
718 548 911 602 τούτου
961 547 1090 610 λαὸς
1129 543 1410 598 ἀποκλίνει
1475 541 1614 608 πρὸς
1655 535 1810 591 Κών-

1990 537 2075 592 10.
2113 536 2246 608 Ejus
2292 552 2513 607 quoque
2558 537 2793 606 populus
2849 534 3086 589 declinat
3121 532 3186 586 ad
3217 532 3489 588 Constan—

231 658 460 706 σταντα,
493 640 589 694 καὶ
617 638 833 707 γίνεται
868 637 1018 689 πᾶσα
1040 636 1074 705 ἡ
1103 633 1206 703 τῆς
1246 632 1515 701 Ἐσπέρας
1547 625 1692 698 ἀρχὴ
1719 625 1810 678 ὑπ’

232 732 429 800 ἐκείνῳ
467 729 637 800 μηδὲν
669 729 803 798 περὶ
851 725 1055 795 ταύτης
1105 723 1475 776 σπουδάσαντι
1499 736 1512 750 ·
1551 717 1646 771 τοῦ
1677 712 1814 769 Θεοῦ

232 823 406 878 ταῦτα
440 821 789 883 δικάσαντος.
831 817 926 885 Μὴ
977 817 1131 870 κίνει
1173 815 1306 882 ὅρια
1352 811 1626 880 πατέρων
1672 823 1814 870 σου,

229 915 392 985 μὴδε
421 913 530 967 τοῦ
554 909 825 978 πλησίον
841 908 1150 964 καθάπτου
1180 906 1292 973 τῆς
1318 904 1616 966 αὔλακος·
1646 903 1674 953 6
1707 899 1816 968 γὰρ

236 1008 384 1062 κατὰ
404 1004 500 1060 τοῦ
531 1005 764 1074 πλησίον
799 999 1261 1071 πονηρευόμενος,
1296 996 1456 1058 αὐτὸς
1484 993 1664 1062 ἐαυτῷ
1695 1007 1816 1043 συν-

237 1101 364 1168 άγει
403 1097 495 1151 τῦν
541 1095 790 1166 ὀλεθρον,
821 1095 922 1164 τὴν
961 1092 1056 1145 τοῦ
1093 1089 1231 1143 Θεοῦ
1288 1088 1446 1158 δίκην
1488 1087 1574 1156 ἐφ’
1625 1083 1817 1139 ἑαυτὸν

237 1189 648 1260 ἐπισπώμενος.
684 1185 971 1240 Βασιλεύει
1002 1184 1185 1237 τοίνυν
1211 1185 1248 1236 ’ὁ
1279 1181 1540 1244 Κώνστας
1571 1177 1657 1248 ἐφ’
1689 1176 1816 1246 ὅλης

236 1283 338 1354 τῆς
380 1281 667 1353 Ἐσπερίου
707 1279 902 1351 ἀρχῆς,
953 1277 1052 1341 τὰς
1101 1276 1196 1330 δύο
1230 1273 1588 1344 κληροδοσίας
1633 1272 1714 1333 είς
1759 1268 1816 1321 ἒν

239 1375 509 1445 συνάψας,
541 1375 635 1427 καὶ
684 1373 816 1442 μίαν
855 1371 1030 1442 ἀρχὴν
1071 1369 1358 1440 ἀμφότερα
1404 1366 1474 1419 τά
1519 1364 1661 1435 μέρη
1693 1379 1820 1431 στη-

239 1469 499 1536 σάμενος.
531 1466 605 1519 Οὐ
651 1464 822 1526 πολὺς
849 1465 908 1515 ὲν
943 1462 1094 1532 μέσῳ
1131 1460 1347 1532 καιρὸς,
1378 1459 1473 1512 καὶ
1501 1459 1529 1510 6
1554 1455 1819 1517 Κώνστας

235 1562 321 1622 είς
344 1558 564 1628 κώμους
597 1558 694 1610 καὶ
741 1554 915 1626 μέθας
937 1552 1310 1617 ὲναποκλίνας,
1354 1553 1451 1605 καὶ
1497 1548 1822 1608 ἀλλοκότους

236 1651 463 1724 ἐρώτων
489 1650 789 1718 διαγωγὰς,
817 1647 1082 1719 ῥᾳθύμως
1123 1645 1222 1716 τὴν
1251 1644 1382 1715 ὅλην
1409 1641 1582 1712 ἀρχὴν
1615 1639 1821 1693 διεπέτ-

237 1761 388 1804 τευε,
414 1743 477 1795 τὸ
518 1742 618 1810 τῆς
665 1740 950 1811 βασιλείας
979 1737 1210 1808 μέγεθος
1262 1735 1660 1806 ἐξερχόμενος
1698 1733 1820 1782 ἐπι-

238 1832 560 1886 ϐουλεύεται
616 1830 908 1902 τοιγαροῦν
963 1830 1059 1882 καὶ
1107 1827 1270 1890 αὐτὸς
1312 1825 1466 1896 παρά
1517 1841 1666 1886 τινος
1711 1822 1822 1875 τῶν

241 1923 570 1994 στρατηγῶν
606 1922 780 1995 [⁸548],
815 1920 1179 1990 Μαγνεντίου,
1210 1918 1305 1972 καὶ
1347 1917 1488 1987 μετά
1517 1915 1619 1984 τῆς
1667 1913 1820 1983 βασι-

239 2015 392 2076 λείας
441 2013 852 2084 προσαπόλλυσι
884 2012 976 2064 καὶ
1017 2011 1077 2064 τὸ
1117 2007 1239 2080 ζῇν.
1274 2008 1482 2061 Τούτου
1541 2005 1820 2068 πεσόντος,

241 2107 442 2176 κρατεῖ
474 2106 571 2174 τῆς
613 2105 788 2175 ἀρχῆς
842 2106 870 2157 6
917 2105 1277 2171 Μαγνὲντιος,
1327 2101 1446 2171 μεθ’
1491 2100 1553 2152 οὐ
1592 2098 1692 2167 τῆς
1735 2115 1826 2148 τυ-

246 2197 491 2266 ραννίδος
544 2195 988 2256 συναπελὰὁοντο
1040 2192 1378 2254 Νεποτιανὸς
1432 2177 1552 2243 καί
1590 2188 1827 2259 Βρετταο

248 2289 400 2342 νίων.

323 2400 413 2453 ια’.
469 2399 658 2453 Ταῦτα
713 2397 899 2470 μαθὼν
944 2402 974 2452 ὁ
1033 2398 1413 2460 Κωνστάντιος
1454 2399 1519 2448 ὲκ
1568 2394 1678 2448 τῶν
1728 2397 1828 2464 τῆς

247 2493 486 2562 ἀδελφῆς
535 2491 922 2563 γραμμάτων,
965 2489 1186 2558 ἀπάρας
1233 2490 1298 2542 ὲκ
1346 2488 1448 2557 τῆς
1511 2484 1826 2554 Ἀνατολῆς,

251 2585 350 2638 καὶ
392 2583 528 2653 πρὸς
570 2581 667 2652 τὴν
715 2581 991 2651 Ἑσπέραν
1034 2581 1349 2650 γενόμενος,
1394 2579 1659 2632 συνάπτει
1693 2577 1830 2649 πρὸς

250 2674 597 2744 ἀμφοτέρους
643 2674 904 2743 πόλεμον,
949 2673 1044 2725 καὶ
1098 2670 1247 2724 κατά
1291 2673 1498 2742 κράτος
1541 2671 1688 2740 νικᾷ,
1735 2668 1830 2722 τοῦ

253 2765 652 2836 Βρεττανίωνος
689 2765 824 2835 πρὸς
855 2764 1018 2817 αὑτὺν
1051 2761 1446 2824 ἀποκλίναντος
1466 2779 1480 2792 ο
1513 2763 1606 2814 ὅτε
1649 2759 1744 2813 καὶ
1772 2761 1832 2812 τὸ

250 2859 348 2910 τοῦ
370 2857 606 2926 σταυροῦ
634 2858 861 2924 σημεῖον
893 2853 1152 2924 μέγιστόν
1173 2870 1232 2907 τε
1265 2853 1361 2908 καὶ
1387 2852 1576 2915 δεινῶς
1600 2851 1834 2918 ὲκφανὲν

251 2947 426 3010 ἅπαν,
452 2949 528 3010 ὡς
550 2946 1040 3017 ὑπεραστράπτειν
1061 2945 1141 3015 τῷ
1181 2942 1471 3014 πληκτικῷ
1510 2943 1610 3012 τῆς
1640 2941 1834 3011 αἴγλης

251 3039 356 3106 τῆς
391 3037 604 3107 ἡμέρας
651 3036 713 3088 τὸ
770 3035 921 3105 φῶς,
954 3035 1048 3088 ἐπὶ
1099 3034 1210 3090 τῶν
1244 3033 1636 3104 Ἰεροσολύμων
1677 3032 1833 3101 ὤφθη

252 3129 387 3198 περὶ
415 3128 612 3198 τρίτην
655 3127 806 3198 ὥραν
850 3126 1088 3198 μάλιστα
1124 3128 1226 3196 τῆς
1250 3126 1360 3197 que
1373 3141 1490 3196 ρας,
1517 3125 1616 3194 τῆς
1644 3123 1836 3194 ἑορτῆς

1920 645 2051 693 tem.
2079 632 2168 686 cui
2203 631 2338 685 nihil
2366 631 2472 684 tale
2523 630 2786 699 cogitanti
2837 633 3010 682 totum
3043 615 3356 681 Occidentis
3391 627 3494 680 im-

1921 726 2132 795 perium
2164 723 2498 793 subjicitur;
2549 721 2656 778 Deo
2705 723 2919 778 scilicet
2988 719 3349 774 denuntiante
3385 724 3518 771 non‘

1925 813 2228 869 movendos
2290 814 2556 867 terminos
2613 823 2832 880 patrum
2885 821 3154 871 suorum,
3207 821 3387 874 neque
3428 805 3494 857 de

1927 905 2082 960 sul-co
2107 905 2343 974 proximi
2371 903 2675 972 quidquam
2725 897 3149 955 detrahendum.
3199 893 3302 961 Qui
3347 895 3491 949 enim

1919 1013 2046 1070 erga
2075 1001 2387 1067 proximum
2450 996 2732 1064 improbus
2762 1000 2868 1058 est,
2899 990 3136 1062 propriae
3197 987 3491 1058 perditioni

1920 1106 2112 1146 ansam
2158 1089 2384 1160 praebet,
2458 1102 2581 1141 cum
2665 1085 2754 1139 Dei
2810 1083 3068 1137 vindicta:
3130 1080 3489 1149 semetipsum

1920 1182 2227 1238 submittat.
2283 1179 2606 1234 Dominatur
2670 1191 2800 1246 ergo
2827 1173 3102 1230 Constans
3139 1173 3193 1226 in
3221 1172 3493 1240 integrum
3569 1151 3572 1154 l

1923 1274 2245 1329 Occidentis
2307 1271 2615 1338 imperium,
2653 1267 2790 1321 duas
2845 1266 3200 1320 haereditates
3236 1263 3290 1316 in
3328 1277 3489 1314 unam

1927 1369 2287 1440 conjungens,
2319 1374 2372 1418 et
2399 1379 2466 1418 ex
2494 1362 2764 1416 ambabus
2793 1360 3050 1429 partibus
3086 1371 3255 1410 unum
3283 1354 3495 1408 faciens

1922 1460 2237 1531 imperium.
2295 1457 2449 1512 Brevi
2498 1462 2620 1525 post
2669 1460 2917 1523 tempore
2966 1459 3020 1506 et
3085 1450 3363 1504 Constans
3429 1446 3494 1501 ad

1925 1552 2363 1607 comessationes
2427 1548 2713 1604 declinans
2768 1555 2823 1600 et
2875 1543 3178 1599 ebrietates
3205 1549 3258 1594 et
3280 1540 3496 1592 alienos

1923 1658 2161 1704 amores.
2218 1641 2462 1711 segniter
2493 1656 2557 1694 ac
2579 1639 2736 1709 quasi
2770 1638 3001 1694 tesseris
3045 1636 3239 1689 ludens
3273 1632 3497 1686 univer-

1925 1751 2041 1790 sam
2095 1732 2518 1788 administrabat
2567 1730 2994 1798 rempublicam,
3045 1726 3262 1796 imperii
3315 1722 3494 1789 maje-

1926 1832 2122 1882 statem
2164 1825 2514 1893 dedignatus.
2570 1819 2789 1876 Insidiae
2853 1820 3039 1887 itaque
3077 1819 3126 1871 ei
3168 1824 3430 1886 parantur
3469 1827 3497 1864 a

1925 1919 2064 1974 duce
2095 1916 2357 1987 quodam,
2385 1913 2702 1984 Magnentio
2736 1912 2981 1974 nomine,
3006 1919 3061 1963 et
3093 1923 3221 1963 cum
3267 1905 3501 1976 imperio

1927 2008 2091 2063 simul
2149 2019 2366 2076 quoque
2427 2005 2595 2056 vitam
2657 2001 2884 2056 amittit.
2932 1999 3068 2054 Cum
3103 1999 3148 2053 is
3181 1997 3500 2056 cecidisset,

1928 2096 2160 2166 imperio
2213 2096 2418 2164 potitur
2470 2091 2838 2162 Magnentius.
2909 2103 3036 2143 cum
3079 2102 3188 2156 quo
3216 2085 3381 2142 simul
3416 2093 3501 2154 tyo

1929 2189 2212 2244 rannidem
2281 2187 2604 2239 invaserunt
2662 2181 3004 2252 Nepotianus
3060 2189 3115 2233 et
3161 2176 3498 2232 Brettanion.

2006 2393 2089 2445 11.
2125 2391 2253 2444 Haec
2315 2402 2438 2441 cum
2475 2386 2773 2455 accepisset
2797 2382 3151 2436 Constantius
3191 2391 3259 2432 ex
3287 2375 3496 2430 sororis

1933 2483 2156 2545 litteris,
2210 2489 2266 2535 et
2320 2496 2384 2535 ex
2457 2477 2685 2533 Oriente
2737 2477 2792 2529 in
2833 2473 3187 2528 Occidentem
3238 2468 3503 2532 venisset,

1933 2576 2126 2630 ambos
2173 2573 2344 2626 armis
2402 2570 2651 2625 adoritur
2703 2575 2756 2622 et
2809 2566 2859 2619 vi
2909 2563 3152 2618 devincit
3185 2578 3200 2626 ;
3233 2559 3505 2616 defecerat

1933 2670 2080 2723 enim
2109 2667 2178 2722 ad
2208 2667 2326 2736 ejus
2371 2673 2556 2733 partes
2579 2659 2926 2718 Brettanion.
2957 2656 3074 2723 Quo
3112 2653 3337 2724 quidem
3373 2660 3510 2706 tem-

1938 2777 2072 2831 pore
2113 2762 2329 2831 signum
2359 2758 2544 2813 crucis
2571 2757 2768 2825 ingens
2796 2763 3084 2820 totumque
3110 2747 3342 2802 miriﬁce
3376 2744 3510 2798 emi-

1939 2869 2094 2918 cans,
2156 2855 2291 2906 adeo
2317 2857 2377 2904 ut
2436 2845 2746 2922 admirabili
2811 2841 3105 2910 splendore
3165 2836 3274 2890 dici
3334 2835 3508 2888 lucem

1939 2951 2255 3014 superaret,
2287 2937 2684 3011 Hierosolymis
2718 2935 2894 2990 videri
2926 2932 3094 3001 ccepit
3120 2931 3268 2983 circa
3291 2927 3508 2980 tertiam

1945 3042 2134 3091 horam
2157 3035 2289 3095 diei.
2327 3049 2452 3088 cum
2488 3038 2640 3087 esset
2709 3028 2908 3083 festum
2942 3024 3033 3078 cui
3091 3035 3286 3076 nomen
3313 3017 3513 3071 Pcute-

1943 3143 2114 3194 coste.
2173 3130 2490 3197 pertingens
2519 3141 2548 3176 a
2581 3123 2702 3176 loco
2733 3119 2826 3190 qui
2861 3117 3062 3172 dicitur
3113 3111 3384 3166 Calvariae
3424 3123 3521 3161 us-

249 3197 357 3290 τῆς
416 3219 721 3288 λεγομένης
775 3197 1162 3288 Πεντηκοστῆς
1201 3215 1593 3286 ἐνεστηκυίας,
1649 3213 1834 3283 διῆκον

1943 3238 2049 3291 que
2077 3220 2143 3274 ad
2187 3226 2425 3272 montem
2481 3214 2703 3276 Oliveti,
2759 3209 2904 3264 unde
2932 3208 2985 3260 in
3027 3206 3226 3260 malum
3270 3197 3515 3255 ascendit

253 3312 369 3365 ἀπὸ
417 3311 513 3364 τοῦ
561 3312 822 3378 Κρανίου
868 3309 1167 3380 λεγομένου
1203 3310 1392 3373 τόπου,
1435 3308 1562 3376 ἄχρι
1605 3309 1700 3360 καὶ
1739 3305 1834 3359 τοῦ

251 3404 548 3467 Ἐλαιῶνος
569 3405 748 3472 ὅρους,
768 3403 891 3456 ὅθεν
913 3402 1161 3472 ὑπῆρχεν
1179 3403 1206 3454 6
1230 3401 1422 3471 Σωτὴρ
1446 3401 1545 3470 τὴν
1571 3397 1838 3467 ἀνάληψιν

255 3497 652 3567 ποιησάμενος.
687 3497 898 3564 Κρατεί
934 3493 1120 3547 τοίνυν
1163 3493 1266 3562 τῆς
1299 3491 1580 3560 βασιλείας
1617 3489 1840 3559 ἀπάσης

256 3590 666 3651 Κωνστάντιος,
695 3587 804 3641 τῶν
841 3586 937 3640 τοῦ
974 3586 1215 3658 μεγάλου
1255 3583 1675 3639 Κωνσταντίνου
1709 3582 1840 3637 υἱῶν

261 3682 424 3751 μόνος
447 3679 815 3750 ὑπολειφθείς.

333 3793 721 3864 ιβ’.Ἀτενίσας
736 3792 828 3847 οὖν
856 3793 992 3864 πρὸς
1029 3793 1090 3846 τὺ
1127 3793 1226 3863 τῆς
1253 3791 1431 3863 ἀρχῆς
1467 3793 1718 3864 μέγεθος,
1751 3792 1847 3847 καὶ

258 3886 627 3954 είλιγγιάσας,
657 3885 732 3948 ὡς
766 3885 860 3939 an
889 3883 953 3955 δὴ
983 3884 1277 3954 ἄνθρωπος
1305 3883 1404 3949 ὢν,
1454 3885 1551 3938 καὶ
1598 3883 1674 3954 μὴ
1701 3883 1840 3954 ἔχων

258 3979 356 4033 τὸν
389 3980 454 4034 ἐκ
492 3979 587 4032 τοῦ
637 3978 832 4047 γένους
879 3977 1032 4047 αὑτῷ
1089 3975 1493 4040 συνασπίζοντα
1522 3990 1535 4003 ·
1561 3975 1687 4028 οὔτε
1733 3975 1843 4047 γὰρ

261 4071 417 4142 αὐτῷ
457 4073 585 4134 παῖς
618 4069 886 4139 ἐγεγόνει,
922 4068 1046 4123 οὔτε
1084 4085 1168 4132 τις
1197 4067 1305 4122 τῶν
1345 4067 1594 4136 ἀδελφῶν
1625 4067 1850 4121 κατελέ-

261 4163 488 4218 λειπτο·
521 4161 618 4214 καὶ
655 4160 837 4224 δείσας
881 4160 957 4230 μή
990 4177 1076 4223 τις
1110 4157 1262 4229 αὺτῷ
1297 4159 1462 4216 πάλιν
1503 4158 1848 4228 ἐπανασταίη

263 4251 536 4324 τύραννος
572 4250 718 4306 κατά
748 4251 850 4320 τῆς
889 4249 1054 4305 αὐτοῦ
1085 4249 1366 4320 βασιλείας
1401 4249 1846 4320 ἐξανιστάμενος,

263 4345 564 4398 σκέπτεται
593 4341 703 4397 τῶν
723 4340 1005 4411 συγγενῶν
1031 4359 1154 4394 τινα
1171 4340 1358 4394 λαῦεῖν
1385 4341 1695 4414 σύγκληρον
1755 4345 1852 4398 καὶ

266 4442 372 4512 τῆς
413 4439 697 4511 βασιλείας
738 4439 1115 4508 ὑπασπιστὴν.
1163 4438 1230 4490 Ὃ
1282 4436 1347 4507 δὴ
1402 4437 1498 4490 καὶ
1541 4436 1811 4506 πεποίηκε
1838 4476 1852 4500 ,

268 4533 478 4589 Γάλλον
503 4533 598 4588 τὸν
632 4531 926 4588 Ἰουλιανοῦ
974 4529 1204 4603 ἀδελφὸν
1240 4529 1499 4602 Καίσαρα
1533 4530 1854 4601 προστησά-

272 4641 469 4696 μενος·
501 4624 722 4694 ἀνεψιδς
752 4624 811 4677 δὲ
841 4623 981 4694 πρὸς
1033 4621 1242 4692 πατρὸς
1270 4623 1299 4675 6
1327 4621 1531 4687 Γάλλος
1569 4619 1638 4693 ἦν
1667 4622 1817 4693 αὐτῷ
1839 4639 1852 4655 ·

271 4719 689 4780 Κωνσταντῖνος
715 4717 844 4786 γὰρ,
877 4716 907 4768 ὁ
949 4715 1154 4770 Γάλλου
1176 4715 1270 4768 καὶ
1313 4715 1606 4769 Ἰουλιανοῦ
1648 4717 1855 4786 πατὴρ,

269 4809 505 4880 ἀδελφὸς
529 4804 600 4880 ἦν
627 4808 1046 4862 Κωνσταντίνου
1089 4806 1186 4860 τοῦ
1228 4808 1491 4878 μεγάλου.
1527 4808 1733 4863 Τοῦτον
1763 4805 1857 4864 οὖν

273 4905 338 4956 ἐν
375 4901 453 4972 τῷ
489 4901 640 4973 [549]
677 4899 889 4973 Σιρμίῳ
927 4899 1456 4972 προχειρισάμενος,
1505 4903 1746 4969 γυναῖκά
1798 4917 1856 4954 τε

271 4993 429 5063 αὐτῷ
483 4993 744 5062 ζεύγνυσι
780 4991 882 5064 τὴν
920 4991 1119 5047 ἑαυτοῦ
1161 4990 1402 5061 ἀδελφὴν
1454 4992 1856 5056 Κωνστάντιος,

271 5081 515 5164 πίστεως
541 5083 636 5136 καὶ
667 5081 1023 5154 βεϐαιότητος
1054 5082 1248 5153 χάριν
1286 5082 1382 5136 καὶ
1411 5082 1684 5152 ἄρχοντας
1711 5081 1834 5150 αὑτί

1965 5076 2140 5132 deret.
2214 5067 2570 5136 Magistratus
2637 5067 2919 5128 quoquee

271 5145 506 5228 δίδωσιν
528 5145 693 5237 αὐτὸς
713 5145 1108 5245 καταστήσας.-
1131 5145 1199 5228 οὐ
1229 5173 1339 5244 γὰρ
1360 5145 1555 5245 ἐκείνη)
1581 5190 1645 5243 γε
1677 5175 1833 5243 ὲφεῖτ

1965 5166 2350 5237 designaverat
2386 5155 2518 5229 (non
2543 5151 2689 5208 enim
2745 5145 2789 5202 G

274 5263 522 5336 Καίσαρί
557 5283 620 5335 γε
651 5265 801 5320 ὕντι·
833 5266 1138 5322 Θαλάσσιον
1169 5265 1268 5336 μὲν
1300 5265 1633 5330 ἀποστείλας
1678 5265 1856 5336 ἔπαρ-

1949 3289 2217 3368 Salvator.
2250 3309 2584 3364 Universum
2607 3318 2742 3374 ergo
2775 3299 3067 3370 imperium
3118 3295 3331 3350 obtinet
3377 3289 3513 3347 Con-

1947 3405 2216 3466 stantius,
2247 3402 2402 3457 solus
2430 3393 2834 3454 eConstautini
2898 3389 3084 3459 magni
3137 3385 3268 3442 ﬁliis
3328 3395 3520 3452 super.

1949 3507 2084 3552 stes.

2028 3790 2116 3845 5‘2.
2142 3787 2283 3844 Cum
2307 3799 2441 3855 ergo
2486 3779 2893 3836 considerasset
2933 3771 3148 3842 imperii
3185 3765 3526 3838 magnitudi~

1955 3895 2080 3936 nem
2115 3885 2170 3934 et
2210 3890 2310 3946 pro
2342 3853 2722 3927 imbecillitate
2776 3862 3003 3918 humani
3065 3856 3272 3926 ingenii
3344 3853 3528 3906 animo

1955 3944 2269 4030 ﬂuctuaret.
2325 3979 2427 4018 nec
2487 3961 2714 4016 haberet
2741 3973 2808 4012 ex
2845 3967 2948 4008 suo
3019 3963 3218 4020 genere
3284 3944 3528 4013 quieum

1956 4062 2278 4120 defenderet
2304 4060 2507 4127 (neque
2540 4050 2690 4106 enim
2722 4048 2771 4103 ei
2803 4053 2968 4100 natus
2991 4041 3173 4095 fuerat
3206 4037 3376 4097 ﬁlius,
3431 4047 3534 4087 nec

1959 4158 2256 4230 quisquam
2297 4167 2364 4207 ex
2401 4145 2666 4203 fratribus
2705 4135 3095 4200 remanserat),
3127 4140 3181 4185 et
3211 4129 3530 4224 timeretne

1960 4227 2016 4304 in
2055 4261 2182 4302 eum
2249 4255 2446 4298 rursus
2480 4233 2682 4304 aliquis
2735 4231 3046 4296 insurgeret
3099 4229 3374 4292 tyrannus
3412 4227 3536 4282 eius

1957 4707 2180 4769 Gallus;
2205 4713 2331 4755 nam
2360 4689 2721 4750 Constantius
2748 4685 2848 4754 (7),
2879 4679 3022 4734 Galli
3044 4685 3099 4731 et
3116 4671 3319 4728 Iuliani
3353 4677 3528 4769 pater.

1962 4760 2188 4860 fratrem
2242 4795 2510 4850 habuerat
2555 4779 2988 4842 Constantinum
3059 4769 3340 4839 Magnum.
3385 4760 3545 4816 Gallo

1960 4858 2124 4965 igitur
2152 4885 2342 4942 Sirmii
2371 4878 2583 4938 Caasari
2628 4878 2822 4930 creato
2852 4877 3082 4922 umrem
3114 4858 3278 4965 dedit.
3293 4866 3544 4910 sororem

1963 4948 2120 5041 suam
2173 4972 2564 5034 Constantius.
2603 4976 2663 5020 ut
2690 4979 2780 5019 res
2811 4958 3030 5017 cautior
3059 4962 3115 5010 et
3140 4948 3351 5006 ﬁrmior
3416 4957 3546 4998 eva-

2923 5051 2939 5104 i
2974 5042 3230 5116 adjunxit
3265 5051 3409 5108 quos
3435 5035 3548 5103 ipse

2795 5145 2904 5198 allo
2927 5138 3128 5195 licebat
3161 5132 3215 5186 id
3252 5128 3359 5186 sibi
3390 5139 3549 5180 assu-

1974 5217 2158 5322 mere,
2216 5267 2342 5310 cum
2394 5217 2556 5302 ‘esset
2603 5238 2846 5307 Czesar),
2914 5227 3268 5286 Thalassium
3332 5217 3549 5290 quidem

273 5371 373 5425 χον
425 5316 820 5431 πραιτωρίωνο
843 5316 1102 5414 mea;
1118 5316 1830 5427 'at‘,".;{.‘.-.-‘,;'samiae.

1969 5316 2228 5406 emittens
2293 5337 2614 5412 prarfectum
2679 5327 2924 5403 praetorii
2959 5364 2974 5389 ,
3031 5319 3301 5377 Montium
3369 5316 3550 5366 autem

1813 5528 2045 5587 NOTAE.

354 5675 434 5750 ('1)
453 5676 515 5732 In
537 5676 727 5750 Grazco
752 5679 953 5748 legitur
975 5680 1406 5750 vaatavri’vpgi,
1425 5677 1522 5732 sed
1543 5682 1854 5750 non_recte.

284 5745 446 5806 Patet
476 5749 624 5820 enim
652 5764 719 5804 ex
751 5745 819 5804 iis
854 5765 979 5820 qum
1008 5750 1284 5804 habentur
1318 5747 1398 5820 ἐᾷ
1419 5761 1610 5820 versus
1651 5745 1852 5820 finem;

287 5855 306 5873 .
341 5857 359 5874 .
395 5856 413 5874 .
439 5837 456 5875 '.
481 5857 500 5874 .
531 5821 560 5873 6
587 5813 988 5886 Κωνστάντιος.
1026 5859 1040 5873 .
1071 5859 1085 5874 .
1121 5860 1136 5876 .
1174 5859 1188 5876 .
1221 5813 1384 5887 γεννᾷ
1439 5816 1640 5871 Γάλλον
1665 5831 1724 5868 τε
1762 5813 1856 5869 καὶ

1981 5667 2290 5722 Ἰουλιανόν.
2315 5661 2584 5718 Similiter
2603 5672 2665 5708 ex
2697 5653 2880 5706 verbis
2904 5641 3108 5703 Iuliani
3139 5645 3196 5722 in
3221 5639 3378 5695 initio
3403 5633 3542 5722 sill:

2648 5740 2808 5808 suum
2863 5715 3251 5808 anstantium
3279 5709 3545 5766 vocat:'U

2107 5789 2236 5879 ἐμὸς
2273 5789 2446 5872 πατῆρ
2467 5797 2863 5857 Κωνστάντιος.
2893 5789 3051 5846 Eutr.
