3882 6356
405 371 551 442 39.63

1860 396 2239 458 ADDENDA.

3538 408 3692 475 1264

403 486 709 543 rationibus
745 488 1116 558 imperatoriis
1175 496 1554 564 praepositum,
1585 514 1747 568 quem
1810 504 1943 558 etiar

2080 506 2440 575 πραγμάτων,
2478 507 2569 570 οὓς
2605 510 2973 583 κοιαίστωρας
3016 514 3201 577 αὐτοῖς
3243 515 3554 588 ὀνομάζειν
3592 523 3687 590 φῖ-

403 589 733 648 quaestorem
796 582 1073 651 appellare
1136 586 1335 653 solent,
1391 589 1664 660 simulque
1721 610 1847 647 ettm
1881 596 1976 648 ad-

401 689 613 741 augens
649 672 859 727 honore
892 676 1131 743 patricii.
1170 678 1340 733 Porro
1372 680 1583 749 Gallus,
1619 694 1678 738 ut
1714 688 1808 756 qui
1844 697 1974 742 tunc

399 781 427 816 a
466 763 793 818 Constantio
863 768 1065 824 missus
1095 781 1241 826 esset
1270 772 1323 825 in
1360 772 1663 841 Orientem,
1696 778 1860 833 rebus
1884 796 1975 850 ge-

400 856 583 909 rendis
640 857 886 911 intentus
945 870 1085 914 erat.
1157 864 1314 927 Quod
1379 867 1617 933 primum
1683 869 1971 926 audientes

396 944 576 998 Persae
630 947 826 1001 timore
869 952 1105 1018 correpti
1152 962 1322 1018 sunt;
1355 970 1595 1026 cumque
1618 960 1969 1021 accepissent

392 1038 548 1090 illum
594 1037 853 1106 juvenem
892 1049 946 1095 et
982 1057 1161 1097 acrem
1192 1046 1258 1098 ad
1283 1048 1519 1116 negotia,
1552 1048 1969 1110 incursionibus

394 1129 449 1182 in
485 1128 765 1186 Romanos
824 1131 1176 1189 destiterunt.
1227 1135 1416 1192 Gallus
1468 1141 1655 1210 itaque
1690 1144 1967 1198 residebat

390 1218 696 1273 Autioclrize
726 1220 937 1291 Syriae;
978 1224 1338 1303 Constantius
1372 1240 1553 1287 autem
1587 1233 1641 1287 in
1668 1232 1966 1291 Occidente

392 1308 786 1377 rempublicam
821 1314 1227 1370 moderabatur.
1255 1317 1317 1370 Et
1355 1327 1485 1374 tunc
1509 1324 1745 1376 maxima
1780 1327 1964 1395 quiete

394 1400 678 1455 fruebatur
718 1402 1087 1460 Romanorum
1126 1408 1437 1477 imperium,
1493 1423 1677 1483 utpote
1725 1417 1870 1485 quod
1898 1419 1965 1472 ab

389 1491 658 1546 ambobus
720 1495 1113 1551 custodiretur.
1148 1498 1213 1552 Et
1248 1501 1362 1555 haec
1391 1502 1610 1572 quidem
1654 1506 1759 1560 hoc
1804 1507 1962 1562 modo

386 1597 445 1635 se
472 1581 766 1638 habebant.

454 1716 539 1771 15.
576 1719 765 1775 Gallus
825 1730 1029 1790 autem,
1086 1739 1211 1779 cum
1278 1744 1579 1799 purpuram
1650 1734 1953 1791 Cmsaream

2080 597 2188 662 λον,
2218 597 2331 669 ἅμα
2378 600 2472 651 καὶ
2520 602 2809 670 πατρίκιον
2847 603 3012 656 αὑτὸν
3064 608 3459 678 ποιησάμενος.
3506 609 3580 662 'U
3627 611 3688 664 ἃ

2079 692 2295 755 Γάλλος,
2313 694 2387 755 ὡς
2403 694 2521 746 τότε
2553 697 2703 763 παρὰ
2732 696 2826 749 τοῦ
2850 699 3233 754 Κωνσταντίου
3268 704 3555 772 πεμφθεὶς
3582 705 3684 758 ἐπὶ

2076 784 2173 852 τῆς
2211 785 2402 853 Ἐιξ›ας,
2442 788 2620 855 εἴχετο
2651 787 2759 838 τῶν
2799 791 3179 860 πραγμάτων·
3226 793 3284 846 ὃν
3315 796 3525 849 αὐτίκα
3564 815 3683 864 μα-

2076 874 2255 937 θόντες
2284 878 2331 926 οἱ
2367 876 2571 947 Πέρσαι
2616 880 3058 951 κατωρρὀδησαν,
3098 885 3215 936 νέον
3240 903 3297 937 τε
3345 888 3513 939 αὐτὸν
3573 891 3679 941 καὶ

2074 964 2408 1037 θερμουργὸν
2432 970 2511 1030 εἰς
2550 969 2617 1021 τὰ
2655 970 2793 1040 ἔργα
2847 972 3177 1043 πυθόμενοι,
3228 978 3415 1030 οὐκέτι
3466 982 3679 1050 ἐποιή-

2073 1073 2233 1110 σαντο
2260 1058 2359 1126 τὴν
2386 1059 2480 1111 ἐπὶ
2518 1060 2645 1123 τοὺς
2685 1061 2997 1131 Ῥωμαίους
3037 1066 3312 1130 ἐξέλασιν.
3348 1069 3462 1121 Καὶ
3498 1072 3528 1123 ὁ
3563 1071 3674 1139 μὲν

2072 1150 2127 1200 ὲν
2150 1152 2213 1218 τῇ
2249 1150 2548 1221 Ἀντιοχείᾳ
2583 1152 2679 1221 τῆς
2708 1153 2906 1224 Συρίας
2937 1151 3004 1225 ἦν
3027 1172 3039 1185 ·
3096 1158 3481 1220 Κωνστάντιος
3500 1160 3561 1212 δὲ
3607 1163 3671 1212 ἐν

2067 1241 2132 1307 τῇ
2179 1240 2421 1312 Ἐσπέρᾳ
2476 1242 2708 1312 καθίστη
2751 1245 2819 1298 τά
2867 1246 3209 1317 πράγματα’
3264 1252 3360 1303 καὶ
3415 1252 3546 1303 τότε
3595 1252 3665 1322 δὴ

2070 1330 2303 1399 μάλιστα
2328 1331 2588 1403 καθαρῶς
2621 1334 2947 1408 ἡσύχασενὴ
2990 1339 3280 1408 Ῥωμαίων
3309 1340 3479 1411 ἀρχὴ,
3514 1342 3663 1412 πρὸς

2064 1421 2392 1493 ἀμφοτέρων
2450 1424 2853 1496 φυλαττομένη.
2911 1428 3019 1480 Καὶ
3072 1429 3251 1484 ταῦτα
3300 1431 3398 1500 μὲν
3456 1431 3661 1484 τοῦτον

2064 1509 2186 1579 ἔσχε
2210 1511 2302 1565 τὸν
2324 1512 2548 1580 τρόπον.

2133 1730 2220 1799 ιγ’.
2260 1731 2317 1785 Ὀ
2373 1733 2430 1785 δὲ
2491 1736 2692 1800 Γάλλος
2739 1738 2833 1791 τοῦ
2881 1740 3160 1811 Καίσαρος
3225 1743 3656 1816 ἀμφιασάμενος

384 1805 921 1880 induisset,jamque
973 1816 1231 1884 cmpisset
1261 1834 1552 1889 supremos
1579 1824 1791 1894 imperii
1830 1843 1943 1897 gra-

2057 1822 2369 1896 ἁλουργίδα,
2398 1828 2489 1879 καὶ
2514 1828 2614 1899 ἤδη
2643 1828 2751 1881 τῶν
2782 1830 3016 1902 πρώτων
3041 1805 3140 1903 τῆς
3171 1805 3457 1903 βασιλείας
3484 1805 3665 1907 ἀρ.ῗὰἰ

382 1892 488 1947 dus
527 1898 849 1965 ascendere,
886 1909 1331 1977 noupermansit
1369 1910 1421 1963 iu
1453 1892 1953 1971 eadetnvsententia

366 1992 434 2038 et
461 1986 563 2039 title
590 2004 752 2056 quam
807 1993 1032 2049 dederat
1087 1996 1453 2068 Constantio;
1498 2005 1596 2057 sed
1632 2005 1870 2063 ferocem
1898 2026 1957 2065 se

382 2077 679 2145 prmbebat,
730 2098 828 2136 nec
890 2086 971 2138 sui
1037 2097 1371 2158 compotem,
1407 2102 1461 2147 et
1500 2095 1554 2148 iu
1604 2098 1681 2149 ira
1747 2100 1953 2167 placari

380 2172 647 2223 nescium.
685 2172 861 2230 Mente
907 2178 1051 2230 enim
1108 2181 1326 2249 ineptus
1350 2192 1403 2237 et
1430 2186 1717 2243 voluntate
1748 2192 1943 2248 incon-

372 2265 556 2319 stans,
590 2264 853 2319 terminos
888 2269 1231 2336 praateribat,
1258 2283 1545 2342 etpactum
1567 2283 1953 2339 contemnebat

376 2350 523 2417 quod
548 2366 671 2406 cum
704 2353 1034 2414 Constantio
1065 2361 1367 2431 pepigerat,
1390 2366 1614 2423 nimiam
1646 2374 1950 2429 auctorita-

374 2449 482 2494 tem
518 2442 568 2495 in
602 2444 932 2504 ordinandis
986 2451 1149 2506 rebus
1186 2454 1475 2525 adhibens,
1511 2469 1564 2515 et
1597 2476 1720 2516 cum
1757 2480 1947 2535 magna

373 2534 602 2588 audacia
631 2545 791 2606 atque
810 2543 1126 2611 arrogantia
1146 2547 1365 2601 easdem
1393 2563 1751 2619 componens.
1798 2534 1950 2621 Quos

371 2623 519 2679 enim
577 2643 699 2680 cum
731 2631 853 2700 ipso
890 2636 1247 2705 magistratus
1277 2646 1537 2696 emiserat
1560 2644 1944 2717 Constantius,

373 2717 739 2786 imperialium
771 2732 824 2777 et
854 2724 1097 2781 civilium
1130 2744 1314 2784 rerum
1339 2733 1556 2801 judices
1584 2739 1943 2807 constitutos,

370 2806 747 2867 Domitianum
808 2832 1002 2888 nempe
1054 2825 1297 2890 praetorii
1374 2827 1692 2895 praefectum
1766 2832 1942 2903 (nam

370 2896 696 2957 Thalassius
756 2906 1012 2979 obierat),
1038 2920 1091 2965 et
1123 2924 1453 2983 qumstorem
1485 2896 1781 2986 Montium,
1816 2927 1943 2994 quia

350 3004 477 3044 ~n0n
513 2993 842 3051 obcdiebaut
868 3015 968 3054 nec
996 3002 1373 3060 inserviebam
1399 3009 1610 3066 insanis
1633 3023 1687 3067 et
1722 2993 1943 3071 eﬂreni-

366 3078 470 3134 bus
505 3082 626 3151 ejus
654 3088 1104 3159 appetitiouibus,
1160 3111 1287 3151 cum
1329 3099 1645 3156 mandasset
1668 3104 1943 3161 militibus

2062 1932 2221 1985 μενος
2242 1919 2539 1975 ἐπιϐαίνειν
2568 1922 2919 1993 ἀναϐαθμῶν,
2951 1926 3051 1978 οὐκ
3079 1926 3271 1995 ἔμενεν
3304 1929 3400 1981 ἐπὶ
3424 1930 3531 1999 τῆς
3548 1931 3656 1983 a6-

2057 2006 2157 2076 τῆς
2184 2008 2406 2079 γνώμης
2440 2012 2534 2063 καὶ
2568 2013 2803 2076 πίστεως
2828 2008 2897 2084 ἦς
2930 2015 3066 2085 πρὸς
3115 2017 3210 2069 τὸν
3254 2018 3654 2072 Κωνστάντιον

2056 2098 2369 2167 ἐποιήσατο,
2406 2102 2540 2154 ἀλλὰ
2572 2102 2740 2172 βαρύς
2770 2122 2850 2167 τις
2878 2100 2945 2175 ἦν
2976 2106 3071 2158 καὶ
3099 2106 3399 2171 ἀκάθεκτος
3421 2112 3521 2162 καὶ
3544 2111 3650 2180 τὴν

2055 2190 2221 2261 ὀργὴν
2254 2192 2649 2265 ἀπαραίτητος·
2684 2198 3034 2266 φρονήματος
3091 2198 3200 2268 γὰρ
3247 2200 3485 2271 ἀκαίρου
3546 2204 3648 2254 καὶ

2056 2280 2249 2351 βουλῆς
2281 2283 2567 2353 ἀνωμάλου
2597 2286 2969 2357 δραξάμενος,
3009 2288 3259 2360 ὐπερέὸη
3294 2292 3421 2354 τοὺς
3454 2293 3644 2363 ὅρους,

2053 2373 2147 2425 καὶ⁴
2180 2372 2277 2435 τὰς
2301 2375 2577 2445 συνθήκας
2628 2378 2917 2447 ἐφαύλισεν
2945 2380 3011 2442 ἃς
3041 2381 3180 2450 πρὸς
3215 2381 3305 2434 τὸν
3334 2384 3646 2438 Κωνστάν-

2053 2480 2163 2517 τιον
2187 2467 2501 2533 ἐποιήσατο,
2518 2469 2944 2541 βασιλικώτερον
2968 2472 3075 2525 τῶν
3106 2476 3451 2545 πραγμάτων
3473 2480 3647 2531 ἀπτό-

2054 2575 2235 2626 μενος,
2272 2562 2364 2613 καὶ
2389 2562 2525 2630 μετά
2554 2564 2750 2617 πολλοῦ
2774 2565 2869 2617 τοῦ
2927 2566 3163 2636 θράσους
3191 2569 3286 2621 καὶ
3311 2570 3414 2638 τῆς
3437 2572 3646 2636 ἀλαζοο

2050 2651 2195 2714 νείας
2242 2653 2680 2725 διαταττόμενος.
2739 2658 2876 2720 Τοὺς
2912 2658 3022 2728 γὰρ
3068 2659 3338 2730 ἄρχοντας
3392 2662 3491 2726 οὓς
3536 2666 3645 2718 σὺν

2049 2740 2194 2810 αὐτῷ
2218 2743 2526 2812 ἐπεπόμφει
2550 2746 2947 2808 Κωνστάντιος,
2983 2748 3092 2801 τῶν
3126 2749 3421 2817 βασιλικῶν
3451 2770 3513 2805 τε
3540 2754 3649 2808 καὶ

2047 2830 2341 2888 πολιτικῶν
2371 2837 2712 2907 πραγμάτων
2744 2837 2905 2901 ὄντας
2931 2840 3231 2910 διαιτητὰς,
3251 2843 3345 2896 τόν
3368 2862 3427 2896 τε
3465 2864 3642 2915 πραι-

2045 2923 2255 2993 τωρίων
2296 2922 2537 2994 ἔπαρχον
2573 2930 2903 2998 Δομετιανὸν
2930 2932 2978 2999 (ὁ
3012 2932 3122 2999 γάρ
3179 2932 3489 2998 Θαλάσσιος
3520 2940 3643 2989 ἑτε-

2046 3013 2276 3083 θνήκει),
2306 3015 2397 3066 καῖ⁵
2422 3015 2513 3067 τὸν
2548 3017 2639 3069 ἐπὶ
2669 3016 2762 3071 τοῦ
2785 3023 3148 3092 κοιαίστωρος
3170 3024 3423 3087 Μάντιον,
3456 3026 3550 3080 διὰ
3577 3029 3644 3081 τὸ

2047 3103 2121 3173 μὴ
2143 3102 2456 3173 πειθαρχεῖν
2510 3105 2710 3169 αὐτοὺς
2767 3109 2862 3161 καὶ
2895 3110 3193 3181 ὑπουργεῖν
3234 3114 3357 3174 ταῖς
3386 3114 3643 3183 παραλό-

368 3169 527 3227 funes
579 3177 808 3247 alligare
866 3196 1057 3236 eorum
1117 3188 1370 3255 pedibus,
1407 3206 1504 3260 per
1560 3192 1739 3247 forum
1797 3198 1938 3252 trahi

2050 3169 2159 3261 γοις
2190 3169 2550 3265 [ὄὸθῙ-ἀὺτοῦ
2585 3198 2681 3250 καὶ
2733 3169 3065 3265 ἀκαθέκτοις
3090 3169 3352 3273 ’ὁρμαίςξ
3384 3169 3643 3275 σχοίνους

364 3264 550 3343 jussit,
580 3268 887 3341 ambosque
921 3276 1145 3339 occidit,
1178 3280 1327 3336 viros
1372 3281 1426 3335 in
1463 3287 1720 3353 gerendis
1774 3291 1945 3361 magi-

369 3358 635 3414 SIratibus
667 3367 1180 3437 praestantissimos,
1210 3378 1266 3425 et
1290 3375 1486 3442 quovis
1530 3378 1684 3432 lucro
1708 3389 1760 3434 et
1793 3358 1945 3436 emin-

369 3448 613 3505 iumento
648 3451 900 3511 inventos
934 3460 1270 3527 superiores.
1324 3463 1473 3530 Quos
1529 3483 1655 3523 cum
1713 3486 1940 3543 compo-

366 3540 572 3596 suisset
634 3546 875 3604 civitatis
938 3551 1256 3623 episcopus,
1312 3560 1549 3627 sepeliit,
1598 3540 1938 3635 singularem

366 3648 555 3690 eorum
583 3637 838 3696 virtutem
868 3646 1158 3703 reveritus.

434 3954 521 4010 Η.
552 3955 659 4013 Nec
692 3975 781 4016 res
812 3964 902 4018 diu
948 3965 1103 4020 latuit
1136 3969 1543 4040 Constantium,
1598 3976 1690 4045 qui
1722 3976 1937 4032 Gallum

363 4044 428 4098 ad
458 4060 518 4101 se
547 4052 859 4111 accersivit.
926 4057 1023 4112 Ille
1081 4075 1229 4125 vero,
1293 4077 1418 4115 cum
1473 4064 1641 4119 sciret
1712 4068 1935 4135 quidem

360 4151 420 4190 se
472 4154 580 4193 non
617 4145 800 4197 vocari
828 4147 894 4201 ad
936 4149 1139 4203 bonum
1203 4154 1447 4222 aliquod,
1505 4171 1701 4212 rursus
1749 4169 1935 4213 autem

357 4230 635 4298 cogitaret
687 4238 830 4304 quod
867 4241 912 4293 si
943 4241 1109 4293 nollct
1167 4258 1382 4311 parere,
1419 4256 1698 4313 oporteret
1732 4249 1933 4305 bellum

361 4322 543 4381 facere
586 4337 639 4382 et
696 4347 846 4385 arma
906 4334 1158 4403 protinus
1210 4337 1480 4393 adversus
1547 4339 1933 4397 Constantium

357 4414 619 4482 arripere,
686 4418 849 4488 elegit
911 4422 1094 4490 potius
1130 4440 1254 4494 qua:
1294 4428 1445 4495 pacis
1486 4437 1673 4495 erant;
1711 4442 1766 4486 et
1794 4446 1933 4502 pra:-

2047 3288 2155 3348 τοῖς
2184 3285 2541 3356 στρατιώταις
2566 3287 2676 3340 τῶν
2705 3289 2883 3343 ποδῶν
2903 3291 3083 3345 αὐτῶν
3113 3293 3416 3362 ὲξάψασθαι
3448 3314 3641 3367 παρα-

2043 3377 2459 3447 κελευσάμενος,
2502 3379 2596 3431 ἐπὶ
2631 3380 2727 3448 τῆς
2748 3381 2955 3451 ἀγορᾶς
2990 3385 3228 3453 συρῆναι
3268 3388 3635 3456 προσέταξεν,

2047 3468 2137 3519 καὶ
2171 3468 2515 3538 ἀμφοτέρους
2542 3470 2887 3536 ἀπέκτεινεν,
2908 3473 3108 3543 ἄνδρας
3139 3476 3200 3527 ἐν
3226 3476 3505 3545 ἀξιώμασι
3526 3479 3637 3532 δια-

2046 3558 2380 3627 πρέψαντας,
2417 3561 2510 3613 καὶ
2527 3559 2727 3623 παντὸς
2753 3562 2980 3631 κέρδους
3012 3565 3107 3616 καὶ
3137 3564 3424 3635 λήμματος
3475 3568 3639 3638 εὑρε-

2046 3650 2236 3714 θέντας
2267 3652 2651 3724 ὑψηλοτέρους
2681 3655 2775 3717 οὒς
2823 3659 2851 3709 ὁ
2881 3658 2979 3723 τῆς
3007 3658 3216 3722 πόλεως
3282 3660 3637 3729 περιστείλας

2044 3743 2338 3807 ἐπίσκοπος
2369 3744 2589 3815 ἔθαψεν,
2646 3747 2913 3812 αἰδεσθεὶς
2941 3750 3000 3803 τὸ
3059 3750 3152 3822 τῆς
3183 3750 3388 3820 ἀρετῆς
3446 3752 3635 3805 αὐτῶν

2045 3832 2143 3886 ἀνυ
2154 3833 2471 3905 πέρὸλητον.

2112 3969 2191 4022 ιδ’.
2236 3969 2294 4022 Ὀ
2322 3970 2378 4022 δὲ
2412 3970 2813 4037 Κωνστάντιος,
2840 3972 3029 4043 ἐπειδὴ
3053 3973 3284 4043 τάχιστα
3309 3971 3541 4030 ἐπύθετο
3565 3977 3634 4028 τὸ

2043 4060 2276 4130 συμϐὰν,
2325 4062 2713 4131 μετάπεμπτον
2741 4062 2815 4125 ὡς
2849 4064 3041 4117 ἑαυτὸν
3083 4067 3324 4118 ἐποιεῖτο
3355 4066 3444 4118 τὸν
3489 4067 3635 4120 Γάλ-

2039 4151 2148 4203 λον.
2177 4151 2235 4203 'O
2257 4151 2334 4215 δὲ,
2355 4152 2513 4215 εἰδὼς
2543 4154 2639 4221 μὲν
2668 4152 2743 4216 ὡς
2769 4156 2871 4206 οὐκ
2906 4156 2995 4206 ἐπ’
3014 4155 3206 4225 ἀγαθῷ
3227 4156 3489 4225 τυγχάνει
3522 4174 3630 4210 κα-

2038 4242 2313 4313 λούμενος,
2354 4244 2550 4297 ἐννοῶν
2579 4246 2635 4297 δὲ
2671 4245 2835 4298 πάλιν
2864 4246 2964 4309 ὡς,
3006 4247 3055 4299 εί
3118 4247 3193 4318 μὴ
3237 4248 3483 4317 βούλοιτο
3531 4250 3631 4302 ὕπ-

2036 4335 2275 4399 ακούειν,
2299 4335 2535 4405 πόλεμον
2561 4335 2779 4407 ἀνάγκη
2799 4340 2996 4403 ποιεῖν,
3021 4338 3161 4390 ὅπλα
3178 4338 3316 4410 πρὸς
3329 4341 3630 4395 Κωνστάν-

2034 4443 2148 4479 τιον
2179 4427 2243 4478 ἐκ
2286 4426 2381 4479 τοῦ
2416 4425 2617 4490 εὐθέως
2650 4429 2962 4499 ἀράμενον,
3008 4431 3248 4499 αἱρεῖται
3306 4431 3508 4499 μᾶλλον
3556 4435 3630 4486 τά

356 4503 526 4557 missa
583 4520 755 4561 uxore
795 4509 863 4563 ad
910 4512 1273 4581 mitigandum
1341 4514 1761 4586 Constantium,
1816 4521 1932 4593 ipse

2050 4516 2135 4586 τῆς
2163 4518 2405 4587 εἰρήνης.
2442 4519 2538 4571 κα)⁸
2560 4518 2659 4589 τὴν
2692 4523 2927 4587 γυναῖκα
2957 4522 3398 4592 προαποστείλας
3428 4523 3507 4584 ὡς
3530 4524 3626 4575 τὸν

352 4605 575 4663 quoque
606 4605 800 4665 sponte
821 4614 920 4655 sua
963 4601 1143 4658 adibat
1187 4606 1519 4675 periculum.
1556 4609 1927 4667 Constantina

350 4698 481 4754 ergo
528 4686 718 4744 statim
752 4695 999 4762 protecta
1032 4706 1138 4760 est,
1179 4706 1237 4751 ut
1280 4701 1433 4769 prior
1497 4712 1706 4759 astaret
1741 4704 1923 4771 fratri,

352 4773 581 4832 studens
608 4793 733 4833 eum
779 4784 1058 4851 placatum
1093 4787 1331 4854 eliicere,
1359 4806 1428 4846 ne
1458 4793 1591 4861 quid
1626 4794 1835 4850 funesti
1870 4796 1923 4850 in

351 4865 610 4921 maritum
646 4879 937 4929 statueret.
966 4875 1103 4929 Cum
1136 4887 1337 4945 autem
1370 4892 1630 4953 prompto
1659 4894 1713 4939 et
1750 4886 1924 4940 alacri

352 4955 534 5012 animo
574 4960 677 5015 iter
731 4964 966 5031 iniisset,
999 4967 1142 5021 inter
1177 4972 1418 5025 eundum
1465 4974 1658 5029 incidit
1691 4976 1743 5028 in
1776 4991 1925 5030 rnor-

352 5053 498 5121 bum,
529 5066 579 5110 et
602 5055 915 5129 Bithyniam
955 5061 1223 5131 ingressa,
1262 5065 1316 5119 in
1354 5066 1591 5135 quadam
1651 5069 1774 5136 ejus
1807 5078 1917 5123 sta-

352 5146 500 5201 tione
522 5164 643 5221 quae
672 5149 1201 5221 dicitur-Gallicana,
1230 5170 1259 5211 e
1288 5158 1396 5211 vita
1429 5157 1706 5214 discessit.
1730 5160 1921 5217 Gallus

348 5253 500 5303 vero,
528 5241 745 5297 etiamsi
804 5244 1144 5315 inopinatum
1205 5249 1353 5304 hunc
1384 5258 1637 5306 eventum
1670 5266 1921 5321 magnam

352 5328 457 5383 sibi
514 5332 886 5391 calamitatem
959 5348 1259 5408 reputaret,
1314 5342 1552 5396 ulterius
1583 5351 1765 5396 tamen
1794 5358 1923 5411 pro-

352 5435 575 5489 gressus
615 5434 720 5493 est,
760 5442 870 5481 non
933 5429 1207 5487 desistens
1247 5432 1317 5487 ab
1348 5433 1417 5487 iis
1449 5447 1571 5502 qua:
1627 5440 1915 5488 statuerat.

359 5510 653 5584 Postquam
690 5524 871 5573 autem
917 5522 1165 5590 pervenit
1195 5523 1262 5577 ad
1286 5522 1611 5578 Noricorum
1644 5524 1920 5580 civitatem

354 5619 477 5674 qua:
536 5617 766 5664 vocatur
814 5612 1116 5685 PytabiOn,
1167 5615 1275 5670 huc
1304 5614 1641 5680 Mediolano,
1678 5617 1769 5670 ubi
1796 5625 1924 5671 tunc

350 5695 711 5756 Constantius
770 5704 986 5774 agebat,
1017 5706 1257 5760 mittitur
1302 5706 1412 5761 dux
1470 5706 1786 5771 Barbation,
1830 5708 1922 5776 qui

350 5780 565 5840 Gallum
608 5801 849 5860 purpura
898 5791 1192 5859 spoliatum
1226 5802 1277 5849 et
1309 5795 1375 5851 ad
1405 5796 1777 5851 conditionem
1812 5796 1921 5865 pri-

2038 4610 2410 4662 Κωνστάντιον
2426 4611 2857 4679 ὲκμειλίξασθαι,
2882 4613 2978 4665 καὶ
3001 4613 3164 4677 αὐτὸς
3197 4613 3363 4685 ἀπῄει
3383 4614 3624 4683 αὐτόμο-

2031 4698 2122 4762 λος
2147 4698 2241 4750 ὲπὶ
2265 4698 2355 4750 τὸν
2389 4698 2655 4754 κίνδυνον.
2687 4701 2750 4752 Ἡ
2781 4700 2881 4770 μὲν
2914 4697 3009 4753 οὖν
3058 4701 3448 4755 Κωνσταντίνα
3481 4718 3625 4771 προ-

2030 4789 2161 4861 τέρα
2191 4788 2480 4861 ἐξώρμησε
2518 4795 2875 4861 προεντυχεῖν
2893 4792 2971 4862 τῷ
3002 4792 3241 4862 ἀδελφῷ,
3275 4795 3371 4846 καὶ
3395 4793 3623 4846 αἰδέσα-

2031 4880 2153 4934 σθαι
2189 4881 2352 4934 αὺτὸν
2381 4882 2522 4953 ὑπὲρ
2551 4883 2646 4935 τοῦ
2677 4884 2870 4955 ἀνδρὸς
2919 4884 3373 4955 προθυμουμένη,
3405 4885 3502 4937 τοῦ
3540 4888 3620 4956 μή

2026 4991 2079 5025 τι
2107 4975 2186 5037 εἰς
2206 4974 2368 5027 αὐτὸν
2389 4973 2785 5043 βουλεύσασθαι
2815 4976 3121 5045 ἀνήκεστον
3143 4991 3156 5004 '
3192 4975 3364 5046 πολλῇ
3393 4976 3450 5028 δὲ
3484 4993 3624 5046 προ-

2029 5065 2197 5137 θυμίᾳ
2217 5067 2348 5137 περὶ
2372 5066 2471 5135 τὴν
2495 5067 2805 5138 ὁδοιπορίαν
2826 5067 3106 5137 χρωμένη,
3122 5069 3202 5130 είς
3220 5068 3378 5123 νόσον
3400 5085 3458 5120 τε
3483 5068 3619 5120 επε-

2030 5172 2088 5208 σε
2145 5155 2349 5226 μεταξὺ
2400 5157 2765 5228 πορευομένη,
2822 5160 2917 5210 καὶ
2959 5157 3215 5221 Βιθυνίας
3269 5158 3620 5225 ὲπιϐἀσα,ὲν

2029 5248 2248 5317 σταθμῷ
2277 5265 2382 5301 τινι
2441 5248 2644 5320 ταύτης
2669 5249 2986 5319 Γαλλικάνῳ
3007 5250 3284 5320 λεγομένῳ
3313 5250 3609 5309 ἀπέθανεν,

2038 5340 2094 5393 '0
2115 5340 2171 5392 δὲ
2218 5341 2420 5403 Γάλλος
2464 5342 2562 5394 καὶ
2612 5342 2773 5396 τοῦτο
2830 5339 3133 5411 παράδοξον
3185 5341 3336 5411 αὐτῷ
3398 5341 3615 5411 ωμὸὰν

2028 5431 2270 5501 μεγάλην
2315 5432 2602 5503 συμφορὰν
2658 5434 3048 5503 ποιησάμενος,
3080 5434 3232 5502 ὅμως
3262 5436 3379 5495 τοῖς
3422 5434 3613 5503 πρόσω

2024 5525 2131 5578 τῶν
2159 5526 2493 5596 δεδογμένων
2519 5527 2619 5580 οὐκ
2646 5527 3018 5597 ἐξιστάμενος.
3059 5527 3212 5579 Ἐπεὶ
3238 5526 3294 5579 δὲ
3317 5528 3397 5589 εἰς
3426 5527 3613 5597 ,Νωρι-

2027 5618 2153 5680 κους
2178 5620 2407 5687 ἀφίκετο
2442 5620 2593 5673 πόλιν
2642 5618 2824 5672 αὐτῶν
2861 5618 3191 5673 Πυταϐιῶνα
3243 5618 3607 5688 καλουμένην,

2026 5708 2257 5762 ἐνταῦθα
2284 5710 2347 5781 δὴ
2371 5710 2480 5763 ἀπὸ
2526 5710 2860 5765 Μεδιολάνου
2907 5710 3338 5781 καταπέμπεται
3375 5726 3613 5779 στρατη-

2026 5798 2121 5869 γὸς
2150 5798 2488 5870 Βαρϐατίων,
2524 5802 2641 5855 ἐκεῖ
2667 5801 2759 5855 τοῦ
2786 5801 3168 5857 Κωνσταντίου
3215 5802 3279 5856 τὸ
3306 5799 3609 5872 τηνικαῦτα
