3876 6336
235 371 370 438 I265

1507 381 1568 440 S.
1609 381 1932 442 ARTEMII
1977 382 2262 443 PASSIO.

3370 395 3505 462 1‘266

227 484 626 557 τυγχάνοντος·
657 485 714 550 ὃς
741 485 834 543 τὸν
855 488 1056 543 Γάλλον
1092 488 1410 561 ἀφαιρεῖται
1442 491 1540 560 τῆς
1571 490 1822 562 ἁλουργί-

1929 500 2105 545 vatam
2149 492 2434 548 redactum
2470 495 2524 549 in
2558 496 2809 552 insulam
2861 501 3158 569 quamdam
3224 503 3508 563 Dalmatiae

227 581 342 644 δος,
365 579 462 634 καὶ
491 582 572 643 είς
620 580 837 655 ἰδιώτην
883 585 1322 656 μετασκευάσας,
1351 585 1629 658 ἐξόριστον
1657 586 1818 641 αὐτὸν

230 676 313 739 εἷς
339 694 460 730 τινα
488 677 651 747 νῆσον
665 671 764 748 τῆς
799 681 1108 752 Δαλματίας
1138 684 1464 754 κατέστησε.

305 785 454 858 [551]
488 794 568 843 ιε’.
601 788 710 842 Τοῦ
750 791 807 843 δὲ
859 792 1063 846 Γάλλου
1107 797 1187 857 εἰς
1234 793 1332 866 τὴν
1360 797 1525 866 νῆσον
1574 796 1820 867 ἀπηγμέ-

227 895 349 944 νου,
382 881 431 932 oi
468 881 529 934 τὸ
574 884 682 936 πᾶν
726 885 984 957 ἐπάὐτῷ
1034 889 1424 958 συστήσαντες,
1462 889 1723 954 Εὐσέϐιος
1764 891 1820 944 ὂέ

233 971 473 1040 μάλιστα
493 969 562 1046 ἦν
607 978 635 1028 6
663 975 917 1048 εὐνοῦχος
945 981 1092 1052 ὁτὴν
1125 981 1220 1034 τοῦ
1251 982 1616 1053 πραιποσίτου
1654 985 1820 1054 τιμὴν

229 1063 390 1134 ἔχων,
438 1067 534 1118 καὶ
565 1069 614 1120 οἱ
673 1069 772 1123 σὺν
803 1069 969 1141 αὐτῷ,
1017 1072 1263 1126 πείθουσι
1321 1074 1702 1128 Κωνστάντιον
1745 1077 1820 1139 ὼς

229 1159 464 1226 τάχιστα
498 1157 589 1210 τὸν
613 1158 814 1213 Γάλλον
845 1162 1184 1233 ποιήσασθαι
1204 1165 1267 1216 ἐκ
1293 1163 1486 1218 ποδῶν.
1523 1165 1582 1218 '0
1617 1166 1673 1218 δὲ
1704 1184 1822 1220 πει-

231 1245 404 1310 σθεὶς,
442 1247 651 1318 πέμπει
684 1251 812 1313 τοὺς
869 1252 1271 1316 άποκτενόντας
1322 1253 1520 1308 αὐτόν’
1577 1257 1672 1308 καὶ
1719 1257 1818 1326 ἤδη

228 1341 436 1395 τούτων
468 1343 904 1414 ἀφικνουμένων,
922 1347 1084 1400 πάλιν
1113 1348 1141 1399 6
1165 1348 1544 1412 Κωνστάντιος
1579 1351 1657 1412 είς
1673 1349 1820 1404 ἔλεον

233 1433 552 1503 μετεκλίθη,
604 1437 699 1488 καὶ
732 1437 941 1505 πέμπει
969 1437 1057 1491 διά
1087 1440 1297 1508 ταχέων
1326 1440 1528 1510 ἐτέρων
1561 1442 1820 1511 γραμμά-

227 1541 339 1576 των
374 1523 464 1576 τὸν
509 1523 710 1577 Γάλλον
743 1524 838 1576 τοῦ
894 1525 1102 1589 πάθους
1148 1526 1612 1596 ἀνακαλούμενος.
1659 1528 1717 1580 Ὀ
1762 1527 1821 1580 δὲ

233 1616 493 1679 Εὐσέϐιος
524 1618 618 1670 καὶ
647 1617 695 1670 oi
721 1618 845 1682 ,σὺν
873 1618 1021 1688 αὐτῷ
1065 1619 1310 1672 πείθουσι
1363 1620 1457 1672 τὸν
1503 1619 1819 1690 πεμφθέντα

232 1709 640 1780 Μαγιστριανὺν
683 1708 756 1779 μὴ
805 1709 1074 1780 πρότερον
1115 1712 1402 1782 ἐπιστῆναι
1447 1712 1734 1766 δεικνύντα
1760 1713 1820 1765 τὸ

1923 583 2171 638 exsulem
2205 585 2489 656 relegavit.

1997 783 2082 837 15.
2116 784 2276 839 Gallo
2318 785 2371 840 in
2415 787 2656 845 insulam
2731 793 2951 858 abacto,
2991 795 3084 865 qui
3111 810 3275 850 omne
3300 794 3508 854 crimen

1923 873 2192 930 adversus
2222 893 2347 932 eum
2390 879 2791 952 (anget-ebant,
2847 885 3080 940 maxime
3107 895 3287 943 autem
3335 889 3508 945 Euse-

1925 965 2048 1020 bius
2091 970 2406 1037 eunuchus,
2469 973 2752 1042 praepositi
2804 974 3074 1046 dignitate
3105 978 3530 1050 insignitus,et'

1923 1059 2015 1126 qui
2058 1059 2128 1113 ab
2169 1060 2360 1116 iisdem
2410 1065 2663 1133 partibus
2709 1068 2952 1134 stabant,
2994 1073 3336 1140 persuadent
3361 1072 3508 1127 Coni-

1924 1151 2130 1206 stantio
2155 1162 2216 1206 ut
2250 1156 2656 1226 quamprimum
2693 1157 2910 1214 Gallum
2948 1161 3016 1216 de
3046 1164 3226 1218 medio
3258 1164 3503 1221 tolleret:

1923 1241 2232 1301 Persuasus
2268 1247 2358 1302 ille
2384 1248 2553 1302 mittit
2583 1252 2675 1320 qui
2729 1268 2855 1306 eum
2896 1255 3256 1313 interﬁciant.
3293 1257 3507 1324 Quibus

1917 1334 2028 1403 jam
2066 1339 2362 1406 profectis,
2420 1339 2784 1398 Constantius
2837 1362 3033 1404 rursus
3057 1352 3507 1408 moveturmise—

1924 1426 2218 1495 ricordia,
2289 1432 2568 1503 mittitque
2628 1437 2890 1493 ocissime
2965 1441 3171 1498 alteras
3241 1445 3502 1512 litteras,

1922 1521 2128 1588 quibus
2150 1522 2341 1578 Gallus
2365 1540 2392 1578 a
2409 1527 2682 1596 supplicio
2711 1529 2996 1586 libera-tur.
3021 1533 3288 1591 Eusebius
3302 1547 3503 1600 autem,

1921 1619 1975 1665 ct
2000 1615 2092 1682 qui
2153 1629 2277 1668 cum
2304 1631 2370 1670 eo
2399 1627 2580 1685 erant,
2627 1624 2962 1690 persuadent
3002 1626 3379 1699 Magistriano,
3414 1633 3504 1701 qui

1924 1706 2244 1760 mittebatur
2312 1725 2379 1763 ne
2436 1713 2589 1780 prius
2641 1713 2936 1771 desisteret
2989 1720 3055 1772 ad
3131 1721 3504 1777 ostendendas

229 1801 486 1871 γράμμα,
515 1801 644 1871 πρὶν
695 1801 760 1856 ἂν
816 1801 1039 1855 πύθοιτο
1070 1803 1161 1857 τὸν
1207 1803 1407 1856 Γάλλον
1450 1806 1818 1878 ἀνῃρημένον.

1929 1796 2162 1863 litteras,
2197 1814 2364 1868 quam
2432 1802 2653 1857 audiret
2682 1802 2899 1858 Gallum
2923 1807 3096 1864 fuisse
3129 1810 3504 1868 interfectum.

231 1894 481 1960 Ἐγένετο
509 1893 700 1957 ταῦτα,
731 1895 824 1947 καὶ
857 1897 886 1948 6
916 1895 1117 1956 Γάλλος
1154 1897 1453 1968 ἐτεθνήκει.
1502 1899 1561 1950 ’0
1583 1898 1640 1950 δὲ
1669 1900 1820 1952 Κων-

232 1983 479 2048 στάντιος
510 1985 638 2049 περὶ
657 1988 771 2048 τοῖς
801 1986 1090 2057 πράγμασι
1123 1987 1328 2052 δείσας,
1370 1988 1445 2058 μὴ
1482 1989 1580 2059 οὐχ
1617 1984 1724 2053 οἶός
1762 2007 1817 2041 τε

229 2073 264 2149 ᾗ
303 2076 462 2146 μόνος
485 2077 703 2148 ἁπάσης
729 2073 867 2130 εἶναι
891 2079 991 2148 τῆς
1027 2079 1202 2149 ἀρχῆς
1228 2079 1526 2151 ἐγκρατὴς,
1557 2080 1730 2144 ἄλλως
1763 2098 1818 2133 τε

231 2168 462 2221 καὶτῶν
497 2168 749 2222 Γαλατῶν
801 2168 1034 2232 ὀξύτατα
1078 2169 1142 2240 δὴ
1200 2169 1291 2222 καὶ
1323 2171 1484 2222 ὁπότε
1533 2169 1818 2240 προθυμη-

229 2262 379 2313 θεῖεν
410 2263 488 2324 εἰς
514 2260 613 2324 τὰς
635 2261 955 2333 τυραννίδας
991 2261 1384 2332 ἐγειρομένων,
1420 2261 1508 2315 διά
1533 2279 1594 2315 τε
1633 2259 1821 2331 σώμα-

231 2371 321 2418 τος
354 2355 503 2424 ἰσχὺν
527 2355 623 2406 καὶ
671 2353 984 2424 κουφότητα
1007 2353 1393 2424 φρονημάτων,
1419 2353 1684 2425 μετέμελε
1703 2352 1822 2406 τότε

232 2445 323 2497 τὸν
350 2444 549 2498 Γάλλον
577 2443 854 2510 ὑπεξελών
881 2461 895 2476 ’
925 2445 1020 2497 καὶ
1056 2445 1415 2514 λογισάμενος
1442 2445 1517 2508 ὼς
1538 2444 1598 2497 τὸ
1626 2461 1824 2512 συγγε-

230 2535 320 2598 νὲς
350 2535 442 2588 τοῦ
475 2536 680 2589 ὀθνείου
715 2536 810 2588 καὶ
840 2534 1162 2604 άλλογενοῦς
1218 2536 1624 2606 ἀσφαλέστερον
1682 2533 1822 2590 εἶναι

235 2625 430 2696 μακρῷ
465 2626 602 2696 πρὸς
627 2625 912 2680 κοινωνίαν
939 2629 1038 2698 τῆς
1075 2626 1377 2698 βασιλείας,
1423 2627 1707 2681 Ἰουλιανὸν
1735 2629 1824 2682 τὸν

230 2717 456 2785 ἀδελφὸν
490 2717 584 2770 τοῦ
618 2715 819 2771 Γάλλου
846 2718 911 2770 ἐκ
935 2718 1035 2788 τῆς
1076 2717 1282 2781 Ἰωνίας
1325 2718 1823 2789 μεταπεμψάμενος

233 2811 291 2860 ἰν
319 2811 386 2880 τῇ
415 2809 747 2880 Μεδιολάνῳ,
783 2808 1042 2876 Καίσαρα
1076 2809 1370 2876 ἀνέδειξεν,
1425 2811 1518 2863 καὶ
1536 2810 1636 2879 τὴν
1664 2811 1822 2863 ἀδελ-

234 2902 339 2971 φὴν
369 2901 517 2971 αὐτῷ
543 2902 642 2972 τὴν
687 2899 887 2953 ἐαυτοῦ
930 2901 1150 2971 Ἑλένην
1181 2903 1260 2964 εἰς
1285 2903 1464 2971 γάμον
1487 2901 1696 2966 ἐκδοὺς,
1730 2902 1821 2954 καὶ

233 2993 301 3045 τὰ
331 2994 497 3046 πιστά
532 2994 667 3064 πρὸς
704 2993 867 3047 αὑτὸν
919 2991 1311 3062 ποιησάμενος,
1359 2993 1548 3046 τοῦτον
1585 2993 1683 3062 μέν
1738 2994 1821 3059 ἐξ·

233 3085 477 3155 ἐπεμψεν
495 3087 574 3147 εἰς
591 3086 688 3147 τὰς
714 3083 944 3148 Γαλλίας
971 3083 1188 3153 φύλακα
1211 3085 1308 3154 τῆς
1333 3085 1510 3136 ἐκεῖσε
1540 3083 1823 3153 βασιλείας

1925 1885 2048 1940 llaec
2083 1886 2228 1942 facta
2253 1898 2383 1944 sunt
2403 1892 2537 1947 etde
2567 1892 2723 1948 Gallo
2753 1909 3114 1967 sumpserunt
3146 1902 3506 1971 supplicium.

1924 1976 2287 2034 Constantius
2316 1980 2384 2034 de
2407 1982 2577 2036 rebus
2608 1984 2845 2052 publicis
2877 1988 3176 2054 sollicitus,
3215 1991 3364 2060 quod
3399 2008 3511 2045 non

1925 2077 2112 2132 posset
2160 2070 2314 2126 solus
2370 2073 2543 2125 totius
2601 2074 2816 2144 imperii
2869 2079 3116 2146 regimen
3175 2097 3506 2144 assumere,

1925 2163 2228 2231 praesertim
2299 2177 2424 2217 cum
2474 2163 2679 2219 Celata:
2731 2169 3148 2238 promptissime
3183 2178 3238 2226 et
3286 2173 3510 2243 quando

1926 2254 2127 2309 vellent
2173 2253 2239 2308 ad
2311 2254 2636 2312 seditionem
2685 2256 3075 2324 incitarentur,
3115 2271 3229 2316 tum
3283 2273 3511 2334 propter

1927 2345 2178 2414 corporis
2207 2347 2375 2412 vires,
2410 2355 2525 2400 tum
2578 2357 2801 2418 propter
2854 2350 3024 2405 animi
3060 2353 3368 2422 levitatem,
3395 2359 3509 2424 jam

1925 2437 2234 2492 ducebatur
2262 2439 2583 2508 poenitentia
2613 2441 2758 2510 quod
2783 2440 2999 2496 Gallum
3031 2444 3209 2514 capite
3249 2447 3509 2500 damnas—

1926 2540 2028 2584 set.
2067 2529 2132 2583 Et
2169 2546 2290 2584 cum
2326 2540 2638 2601 reputasset
2679 2535 3126 2603 consanguineos
3154 2552 3278 2593 esse
3315 2547 3512 2593 exter-

1929 2623 2012 2677 nis
2043 2630 2097 2676 et
2153 2623 2348 2678 alienis
2374 2624 2532 2692 longe
2565 2625 2795 2681 tutiores
2825 2627 2891 2680 ad
2918 2627 3134 2697 imperii
3161 2629 3510 2694 societatem,

1924 2711 2234 2779 lulianum,
2306 2712 2542 2767 fratrem
2604 2711 2773 2776 Galli,
2809 2730 2873 2769 ex
2929 2715 3082 2770 lonia
3140 2715 3507 2772 Mediolanum

1937 2808 2299 2873 accersitum,
2341 2807 2613 2862 Caesarem
2661 2809 2914 2872 ereavit;
2970 2823 3209 2878 cumque
3261 2826 3508 2866 sororem

1929 2914 2087 2952 suam
2151 2897 2414 2956 llelenam
2449 2898 2498 2952 ei
2535 2898 2892 2954 matrimonio
2924 2897 3223 2966 iunxisset,
3290 2909 3344 2955 et
3387 2904 3542 2971 ejus:

1928 2990 2090 3044 tidem
2115 2991 2445 3059 accepisset,
2469 3005 2595 3044 eum
2621 2989 2846 3060 quidem
2883 2991 2937 3043 in
2970 2989 3178 3046 Gallias
3207 2993 3508 3056 misit,i|lic

1928 3080 2220 3137 custodem
2262 3082 2479 3152 imperii
2518 3082 2764 3136 futurum
2802 3098 2814 3146 ;
2869 3082 2990 3152 ipse
3023 3091 3208 3138 autem
3243 3085 3294 3139 in
3331 3085 3505 3156 Illyri-

230 3179 522 3248 ἐσόμενονο
555 3175 714 3238 αὐτὸς
747 3175 805 3229 δέ
836 3177 918 3239 είς
959 3175 1250 3244 Ἰλλυριοὺς
1273 3175 1630 3245 ἀφικόμενος,
1655 3177 1712 3228 ἐν
1743 3175 1822 3247 τῷ

1929 3189 2054 3229 cum
2086 3173 2322 3248 veniens.
2346 3172 2581 3243 degebat
2618 3171 2828 3227 Sirmii.

226 3270 442 3342 Σιρμίῳ
466 3267 675 3339 διῆγεν.

306 3413 408 3474 ις’.
462 3405 726 3470 Ἀκούσας
778 3405 837 3459 δέ
869 3403 1044 3458 ταῦτα
1103 3405 1187 3458 ὅτι
1218 3405 1268 3458 οἱ
1309 3407 1569 3477 πέραντοι
1609 3405 1818 3478 Ἴστρου

233 3499 498 3570 βάρϐαροι
542 3496 825 3566 μέλλουσιν
850 3498 1268 3568 ἐπιστρατεύειν
1295 3500 1359 3568 τῇ
1385 3499 1498 3552 τῶν
1536 3500 1820 3568 Ῥωμαίων

231 3596 396 3664 ἀρχῇ,
448 3591 669 3662 ἀπάρας
702 3590 810 3644 άπὸ
857 3589 954 3643 τοῦ
999 3590 1223 3662 Σιρμίου
1286 3591 1421 3660 πρὸς
1467 3592 1557 3647 τὸν
1610 3593 1820 3664 Ἴστρον

231 3684 408 3756 διέϐη,
462 3683 722 3755 καὶπρὸς
765 3683 902 3754 αὐτῇ
955 3686 1022 3754 τῇ
1075 3682 1208 3754 ὄχθῃ
1256 3684 1450 3753 χρόνον
1482 3684 1581 3736 οὐκ
1639 3685 1820 3754 ὀλίγον

233 3777 485 3848 ποιήσας,
542 3776 666 3828 ἐπεὶ
692 3775 763 3829 τὰ
791 3773 900 3828 τῶν
959 3773 1254 3846 βαρϐάρων
1305 3775 1503 3847 ἠρέμει
1540 3775 1689 3848 [552]
1722 3794 1816 3830 συ-

236 3871 332 3939 στή
343 3885 506 3938 ματα,
535 3867 700 3921 πάλιν
731 3868 825 3920 ἐπὶ
847 3867 944 3940 τὴν
969 3867 1194 3939 Θρᾴκην
1222 3867 1473 3939 ἤλαυνεν
1503 3870 1624 3921 ἐπεὶ
1661 3869 1720 3923 δὲ
1761 3871 1818 3922 ἐν

243 3959 520 4030 ὐδρυσοϊς
584 3957 848 4028 ἐτύγχανε
913 3955 1176 4024 γενονὼς,
1245 3956 1375 4010 ἔνθα
1417 3957 1572 4010 πόλιν
1627 3959 1819 4021 κτίσας

239 4053 518 4125 Ἀδριανὸς
533 4056 561 4107 6
591 4052 843 4123 βασιλεὺς
863 4052 960 4122 τὴν
979 4052 1174 4103 ἑαυτοῦ
1189 4050 1546 4104 καταλέλοιπε
1571 4050 1648 4120 τῷ
1672 4052 1822 4120 τόπῳ

234 4147 628 4218 προσηγορίαν,
649 4144 879 4198 ἐπύθετο
906 4143 1041 4213 πρός
1067 4159 1210 4205 τινος
1242 4141 1352 4195 τῶν
1378 4141 1714 4206 ἐπισκόπων,
1745 4141 1821 4204 ὠς

231 4240 301 4293 τὰ
337 4239 562 4309 σώματα
590 4237 699 4291 τῶν
749 4235 842 4289 τοῦ
891 4234 1128 4305 Χριστοῦ
1185 4235 1501 4289 ἀποστόλων
1571 4234 1822 4306 Ἀνδρέου

228 4332 326 4385 καὶ
358 4333 560 4397 Λουκᾶ,
587 4333 645 4384 έν
679 4330 871 4400 Ἀχαΐα
919 4327 1242 4399 τεθαμμένα
1273 4329 1656 4398 τυγχάνουσιν,
1703 4329 1822 4380 Ἀν-

225 4424 386 4494 δρέου
424 4423 523 4492 μὲν
551 4425 608 4474 ἐν
629 4422 894 4491 Πάτραις,
925 4421 1113 4473 Λουκᾶ
1134 4419 1190 4472 δὲ
1223 4421 1281 4472 ἐν
1311 4419 1516 4489 Θήϐαις
1544 4419 1642 4490 τῆς
1664 4420 1824 4473 Βοιω-

1997 3419 2082 3473 lii.
2116 3418 2220 3474 Sed
2273 3434 2397 3472 cum
2453 3415 2756 3472 audivisset
2811 3418 3082 3472 Barbaros
3129 3421 3218 3488 qui
3270 3423 3510 3490 agebant

1925 3520 2082 3567 trans
2105 3511 2438 3572 Danubium,
2463 3510 2734 3566 ducturos
2756 3525 2880 3565 esse
2906 3511 3210 3565 exercitum
3240 3511 3508 3568 adversus

1923 3583 2302 3657 Romanorum
2335 3601 2653 3671 imperium,
2704 3601 2990 3672 prolectus
3025 3601 3234 3657 Sirmio
3255 3605 3404 3659 venit
3439 3605 3503 3659 ad

1927 3691 2258 3756 Danubium,
2285 3700 2340 3746 et
2373 3691 2440 3746 ad
2467 3691 2645 3762 ipsam
2666 3695 2842 3765 ripam
2869 3701 3085 3763 tempus
3104 3709 3217 3748 non
3249 3697 3506 3766 exiguum

1921 3791 2318 3847 commoratus,
2352 3783 2446 3838 ubi
2478 3783 2616 3837 vidit
2645 3784 3020 3840 Barbarorum
3057 3794 3268 3840 turmas
3285 3787 3412 3842 loco
3449 3805 3509 3844 se.

1922 3893 2033 3930 non
2063 3891 2303 3937 movere,
2329 3889 2527 3928 rursus
2576 3890 2802 3930 cursum
2858 3875 3060 3928 direxit
3101 3876 3156 3929 in
3185 3875 3504 3931 Thraciam.

1923 3965 2224 4034 Postquam
2291 3963 2436 4033 apud
2495 3963 2746 4019 Odrusos
2804 3965 3072 4030 devenit,
3121 3981 3356 4038 quorum
3411 3986 3504 4026 rex

1926 4057 2203 4111 Adrianus
2263 4056 2469 4110 civitati
2498 4071 2527 4108 a
2569 4071 2629 4110 se
2667 4055 2951 4112 :edilicatze
2972 4073 3176 4114 nomen
3215 4076 3376 4114 suum
3403 4061 3506 4116 im-

1925 4152 2208 4216 posuerat,
2235 4144 2429 4198 didicit
2457 4159 2486 4198 a
2521 4145 2762 4215 quodam
2790 4146 3056 4216 episcopo
3080 4162 3316 4218 corpora
3344 4149 3504 4204 Chri-

1925 4238 1992 4294 sti
2019 4239 2396 4309 apostolorum
2421 4238 2657 4294 Andrem
2679 4248 2731 4293 et
2765 4237 2929 4295 Luca:
2955 4240 3008 4294 in
3043 4240 3254 4296 Achaia
3288 4243 3506 4312 sepulta

1920 4331 2127 4402 jacere,
2155 4329 2390 4385 Andreae
2428 4329 2647 4400 quidem
2679 4328 2885 4391 Patris.
2916 4326 3082 4386 Luca:
3115 4341 3300 4387 autem
3361 4333 3506 4388 The-

1929 4424 2014 4478 bis
2037 4423 2281 4478 Bmotim.
2322 4422 2454 4488 Quae
2483 4430 2540 4478 ut
2567 4422 2777 4477 audivit
2800 4423 3100 4494 imperator
3130 4423 3505 4489 Constantius,

226 4519 373 4580 τίας.
416 4517 503 4580 Ὦς
534 4511 626 4569 οὖν
659 4516 891 4586 ἤκουσεν
930 4515 958 4566 6
1007 4512 1263 4582 βασιλεὺς
1307 4510 1482 4565 ταῦτα
1523 4511 1814 4566 Κωνστάνο

1929 4518 2144 4572 laetatus
2180 4524 2264 4572 est
2327 4517 2546 4581 nuntio,
2580 4525 2632 4570 et
2659 4517 2994 4572 exclamavit
3026 4535 3161 4574 voce
3210 4534 3428 4590 magna,
3455 4532 3512 4574 et

228 4627 368 4674 τιος,
387 4609 529 4681 ἥσθη
546 4626 606 4660 τε
637 4607 714 4678 τῷ
732 4606 878 4676 λόγῳ
906 4605 1003 4658 καὶ
1033 4607 1128 4656 ἐπὶ
1157 4603 1300 4674 μέγα
1330 4603 1546 4676 ἐϐόησε,
1573 4605 1824 4676 καὶπρὸς

227 4704 359 4766 τοὺς
394 4701 668 4772 παρόντας
701 4699 869 4769 φησί’
903 4696 1188 4752 Καλέσατέ
1242 4715 1331 4768 μοι
1376 4697 1684 4767 Ἀρτέμιον.
1716 4698 1823 4751 ’1ὀῦ

227 4797 290 4848 δέ
318 4793 483 4864 τάχος
517 4789 1000 4863 παραγενομένου,
1019 4789 1309 4859 Συγχαίρω
1331 4806 1434 4854 σοι,
1467 4789 1596 4860 ἔφη,
1615 4790 1826 4860 ἀνδρῶν

230 4886 492 4940 ἁπάντων
521 4883 926 4954 θεοφιλέστατε.
972 4881 1029 4934 '0
1057 4879 1115 4932 δὲ
1151 4880 1286 4950 πρὸς
1308 4880 1470 4933 αὐτόν
1491 4898 1505 4911 ·
1558 4881 1669 4934 Καὶ
1709 4881 1827 4950 εἴης

234 4994 332 5048 μοι
357 4977 718 5048 κεχαρμένος,
754 4967 799 5026 ὦ
830 4972 1052 5044 βασιλεῦ
1073 5013 1087 5036 ,
1113 4971 1203 5024 διὰ
1230 4971 1452 5034 παντὸς,
1488 4972 1583 5024 καὶ
1612 4972 1826 5042 μήποτέ

232 5087 296 5122 σε
323 5069 431 5122 τῶν
459 5070 708 5140 ὀχληρῶν
733 5085 790 5120 τι
811 5065 1210 5136 καταλήψεται.
1234 5065 1344 5118 Καὶ
1368 5064 1397 5116 6
1433 5063 1707 5135 βασιλεύς·
1731 5067 1829 5134 Ζη-

229 5163 348 5225 τεῖς
374 5161 431 5214 δέ
465 5179 517 5214 τι
559 5159 1011 5232 χαριωδέστερον,
1049 5151 1093 5209 ὧ
1125 5156 1296 5224 φίλων
1325 5157 1538 5227 ἄριστε,
1570 5157 1669 5226 τῆς
1716 5157 1828 5209 τῶν

236 5252 507 5323 σωμάτων
531 5252 640 5306 τῶν
659 5250 752 5304 τοῦ
778 5248 1018 5320 Χριστοῦ
1053 5247 1367 5301 ἀποστόλων
1391 5246 1688 5318 εὑρέσεως;
1719 5247 1828 5300 Καὶ

232 5346 265 5395 ὁ
302 5344 473 5415 μέγας
511 5343 820 5414 Ἀρτέμιος·
849 5341 946 5403 Τίς
976 5339 1072 5392 καὶ⁴
1097 5338 1283 5403 πόθεν,
1309 5330 1354 5390 ὦ
1376 5337 1634 5401 δέσποτα,
1667 5339 1694 5390 6
1713 5337 1832 5392 τοῦ·

232 5451 328 5494 τον
351 5443 486 5511 ἡμῖν
513 5438 604 5492 τὸν
630 5435 902 5508 θησαυρὸν
923 5431 1245 5504 φανερώσας
1270 5431 1331 5483 τὸ
1359 5432 1632 5502 τήμερον;
1666 5432 1777 5484 Καὶ
1803 5435 1830 5485 6

237 5535 636 5597 Kmvﬂévuog.
675 5532 734 5583 Ὀ
767 5527 866 5598 τῆς
911 5526 1131 5596 ’Λχαῖας
1195 5522 1496 5587 ἐπίσκοπος
1528 5524 1556 5576 ὁ
1592 5523 1688 5577 νῦν
1733 5526 1831 5594 ἐφ-

236 5628 444 5697 ορεύων
465 5630 523 5682 ἐν
552 5625 816 5696 Πάτραις
840 5617 954 5673 ἀλλ’
971 5615 1149 5679 ἄπιθι,
1173 5614 1385 5686 ἀνδρῶν
1407 5614 1618 5684 ἄριστε,
1653 5615 1750 5669 καὶ
1771 5615 1831 5668 τὸ

235 5725 402 5793 τάχος
457 5723 516 5774 ἐν
562 5708 1141 5773 Κωνσταντινονπόλει
1207 5706 1304 5777 τὴν
1370 5707 1574 5761 τούτων
1644 5706 1828 5763 ἄνοδον

255 5816 469 5884 ποίησον

1931 4605 2245 4660 astantibus
2310 4604 2452 4659 dixit
2499 4625 2512 4660 :
2553 4603 2759 4660 Vocate
2813 4607 2947 4659 mihi
3009 4609 3342 4663 Artemium.
3406 4611 3507 4665 Cui

1926 4698 2114 4754 statim
2160 4696 2416 4767 praesenti
2451 4696 2860 4766 :Congratulor
2889 4697 3011 4764 tibi,
3036 4699 3254 4768 inquit,
3286 4701 3370 4755 vir
3398 4718 3511 4755 om-

1927 4792 2081 4842 nium
2136 4786 2577 4856 religiosissime.
2631 4785 2937 4856 Respondit
2999 4789 3332 4844 Artemius:
3377 4789 3510 4845 Mihi

1931 4888 2194 4952 perpetuo
2222 4879 2449 4943 laeteris,
2485 4877 2809 4947 imperator,
2834 4894 2937 4934 nec
2957 4879 3261 4951 quidquam
3291 4883 3510 4937 molesti

1931 4987 2172 5045 unquam
2227 4979 2282 5026 te
2357 4971 2812 5041 comprehendat.
2883 4972 3187 5042 Imperator
3251 4980 3431 5027 autem
3496 4995 3508 5028 :

1930 5065 2220 5132 Quterisne
2244 5061 2451 5132 aliquid
2488 5061 2818 5132 jucundius,
2848 5079 2882 5118 ο
2909 5064 3216 5118 amicorum
3283 5065 3512 5132 optime,

1931 5157 2255 5211 inventione
2282 5167 2576 5222 corporum
2607 5151 2817 5207 Christi
2843 5152 3226 5222 apostolorum
3245 5151 3516 5224 ?Magnus

1931 5263 2064 5305 vero
2115 5247 2396 5303 Artemius
2436 5261 2448 5298 :
2482 5244 2620 5310 Quis
2657 5252 2713 5300 et
2741 5244 2908 5307 unde,
2971 5247 3173 5314 inquit,
3221 5245 3368 5300 hunc
3396 5246 3516 5301 the-

1933 5355 2162 5398 saurum
2209 5337 2373 5394 nobis
2425 5336 2591 5391 hodie
2652 5335 3054 5392 revelavit?Et
3095 5335 3464 5393 Constantius
3499 5359 3514 5392 :

1933 5435 2159 5491 Achaiae
2222 5433 2569 5503 episcopus,
2617 5430 2713 5502 qui
2775 5445 2924 5486 nunc
2983 5429 3244 5502 prmsidet
3303 5429 3514 5486 Patris.

1937 5528 2044 5584 Sed
2097 5527 2266 5590 vade,
2327 5525 2574 5580 virorum
2641 5523 2894 5595 optime,
2955 5539 3131 5596 eaque
3179 5525 3300 5581 sine
3362 5538 3550 5580 mora.

1934 5617 2482 5690 Constantinopolim
2515 5623 2768 5688 experta.
