  <div class='ocr_page' id='page_1' title='image "/cluster/home/n/w/nwhite01/storage/ocr_20150623/96/hvd.32044073502114/647.png"; bbox 0 0 3876 6336; ppageno 0'>
   <div class='ocr_carea' id='block_1_1' title="bbox 386 361 520 429">
    <p class='ocr_par' dir='ltr' id='par_1_1' title="bbox 386 361 520 429">
     <span class='ocr_line' id='line_1_1' title="bbox 386 361 520 429; baseline 0 -1"><span class='ocrx_word' id='word_1_1' title='bbox 386 361 520 429; x_wconf 75' lang='lat'><strong>1267</strong></span> 
     </span>
    </p>
   </div>
   <div class='ocr_carea' id='block_1_2' title="bbox 384 558 1965 631">
    <p class='ocr_par' dir='ltr' id='par_1_2' title="bbox 384 558 1965 631">
     <span class='ocr_line' id='line_1_2' title="bbox 384 558 1965 631; baseline -0.009 -6"><span class='ocrx_word' id='word_1_2' title='bbox 384 569 690 631; x_wconf 75' lang='lat' dir='ltr'><strong>Artemius,</strong></span> <span class='ocrx_word' id='word_1_3' title='bbox 742 566 850 619; x_wconf 92' lang='lat' dir='ltr'><strong>iter</strong></span> <span class='ocrx_word' id='word_1_4' title='bbox 881 562 1116 617; x_wconf 89' lang='lat' dir='ltr'><strong>intendit</strong></span> <span class='ocrx_word' id='word_1_5' title='bbox 1138 562 1206 615; x_wconf 89' lang='lat' dir='ltr'><strong>ad</strong></span> <span class='ocrx_word' id='word_1_6' title='bbox 1238 564 1548 630; x_wconf 86' lang='lat' dir='ltr'><strong>apostolos,</strong></span> <span class='ocrx_word' id='word_1_7' title='bbox 1578 558 1965 614; x_wconf 85' lang='lat' dir='ltr'><strong>sanctissimas</strong></span> 
     </span>
    </p>
   </div>
   <div class='ocr_carea' id='block_1_3' title="bbox 386 654 1962 727">
    <p class='ocr_par' dir='ltr' id='par_1_3' title="bbox 386 654 1962 727">
     <span class='ocr_line' id='line_1_3' title="bbox 386 654 1962 727; baseline -0.009 -9"><span class='ocrx_word' id='word_1_8' title='bbox 386 677 575 718; x_wconf 86' lang='lat' dir='ltr'><strong>eorum</strong></span> <span class='ocrx_word' id='word_1_9' title='bbox 624 656 889 727; x_wconf 82' lang='lat' dir='ltr'><strong>reliquias</strong></span> <span class='ocrx_word' id='word_1_10' title='bbox 958 654 1498 723; x_wconf 89' lang='lat' dir='ltr'><strong>Constantinopolim</strong></span> <span class='ocrx_word' id='word_1_11' title='bbox 1560 654 1962 707; x_wconf 73' lang='lat' dir='ltr'><strong>translaturus.</strong></span> 
     </span>
    </p>
   </div>
   <div class='ocr_carea' id='block_1_4' title="bbox 388 742 1967 817">
    <p class='ocr_par' dir='ltr' id='par_1_4' title="bbox 388 742 1967 817">
     <span class='ocr_line' id='line_1_4' title="bbox 388 742 1967 817; baseline -0.008 -9"><span class='ocrx_word' id='word_1_12' title='bbox 388 751 646 811; x_wconf 69' lang='lat' dir='ltr'><strong>Historia:</strong></span> <span class='ocrx_word' id='word_1_13' title='bbox 712 748 953 817; x_wconf 82' lang='lat' dir='ltr'><strong>scriptor</strong></span> <span class='ocrx_word' id='word_1_14' title='bbox 990 746 1195 801; x_wconf 93' lang='lat' dir='ltr'><strong>similia</strong></span> <span class='ocrx_word' id='word_1_15' title='bbox 1247 746 1416 799; x_wconf 83' lang='lat' dir='ltr'><strong>tradit</strong></span> <span class='ocrx_word' id='word_1_16' title='bbox 1450 745 1518 798; x_wconf 89' lang='lat' dir='ltr'><strong>de</strong></span> <span class='ocrx_word' id='word_1_17' title='bbox 1554 742 1881 799; x_wconf 87' lang='lat' dir='ltr'><strong>Constantio</strong></span> <span class='ocrx_word' id='word_1_18' title='bbox 1910 751 1967 797; x_wconf 86' lang='lat' dir='ltr'><strong>et</strong></span> 
     </span>
    </p>
   </div>
   <div class='ocr_carea' id='block_1_5' title="bbox 386 834 1959 915">
    <p class='ocr_par' dir='ltr' id='par_1_5' title="bbox 386 834 1959 915">
     <span class='ocr_line' id='line_1_5' title="bbox 386 834 1959 915; baseline -0.01 -14"><span class='ocrx_word' id='word_1_19' title='bbox 386 854 642 915; x_wconf 81' lang='lat' dir='ltr'><strong>martyre.</strong></span> <span class='ocrx_word' id='word_1_20' title='bbox 708 841 921 895; x_wconf 84' lang='lat' dir='ltr'><strong>Dicitur</strong></span> <span class='ocrx_word' id='word_1_21' title='bbox 984 840 1133 892; x_wconf 89' lang='lat' dir='ltr'><strong>enim</strong></span> <span class='ocrx_word' id='word_1_22' title='bbox 1198 836 1562 891; x_wconf 88' lang='lat' dir='ltr'><strong>Constantius</strong></span> <span class='ocrx_word' id='word_1_23' title='bbox 1619 850 1732 889; x_wconf 92' lang='lat' dir='ltr'><strong>non</strong></span> <span class='ocrx_word' id='word_1_24' title='bbox 1774 834 1959 889; x_wconf 90' lang='lat' dir='ltr'><strong>solum</strong></span> 
     </span>
    </p>
   </div>
   <div class='ocr_carea' id='block_1_6' title="bbox 389 924 1963 991">
    <p class='ocr_par' dir='ltr' id='par_1_6' title="bbox 389 924 1963 991">
     <span class='ocr_line' id='line_1_6' title="bbox 389 924 1963 991; baseline -0.008 0"><span class='ocrx_word' id='word_1_25' title='bbox 389 935 561 991; x_wconf 83' lang='lat' dir='ltr'><strong>divini</strong></span> <span class='ocrx_word' id='word_1_26' title='bbox 594 933 779 989; x_wconf 86' lang='lat' dir='ltr'><strong>cultus</strong></span> <span class='ocrx_word' id='word_1_27' title='bbox 838 930 1126 985; x_wconf 82' lang='lat' dir='ltr'><strong>studiosus</strong></span> <span class='ocrx_word' id='word_1_28' title='bbox 1162 938 1217 983; x_wconf 90' lang='lat' dir='ltr'><strong>et</strong></span> <span class='ocrx_word' id='word_1_29' title='bbox 1264 942 1459 982; x_wconf 88' lang='lat' dir='ltr'><strong>amans</strong></span> <span class='ocrx_word' id='word_1_30' title='bbox 1492 926 1689 991; x_wconf 77' lang='lat' dir='ltr'><strong>fuisse,</strong></span> <span class='ocrx_word' id='word_1_31' title='bbox 1729 926 1856 980; x_wconf 88' lang='lat' dir='ltr'><strong>licet</strong></span> <span class='ocrx_word' id='word_1_32' title='bbox 1896 924 1963 978; x_wconf 89' lang='lat' dir='ltr'><strong>ad</strong></span> 
     </span>
    </p>
   </div>
   <div class='ocr_carea' id='block_1_7' title="bbox 385 1018 1966 1089">
    <p class='ocr_par' dir='ltr' id='par_1_7' title="bbox 385 1018 1966 1089">
     <span class='ocr_line' id='line_1_7' title="bbox 385 1018 1966 1089; baseline -0.009 -5"><span class='ocrx_word' id='word_1_33' title='bbox 385 1028 647 1085; x_wconf 77' lang='lat' dir='ltr'><strong>Arianam</strong></span> <span class='ocrx_word' id='word_1_34' title='bbox 672 1024 1036 1080; x_wconf 86' lang='lat' dir='ltr'><strong>declinaverit</strong></span> <span class='ocrx_word' id='word_1_35' title='bbox 1065 1022 1340 1087; x_wconf 76' lang='lat' dir='ltr'><strong>haeresim,</strong></span> <span class='ocrx_word' id='word_1_36' title='bbox 1373 1020 1442 1075; x_wconf 92' lang='lat' dir='ltr'><strong>ab</strong></span> <span class='ocrx_word' id='word_1_37' title='bbox 1470 1020 1640 1089; x_wconf 91' lang='lat' dir='ltr'><strong>impio</strong></span> <span class='ocrx_word' id='word_1_38' title='bbox 1666 1027 1721 1075; x_wconf 91' lang='lat' dir='ltr'><strong>et</strong></span> <span class='ocrx_word' id='word_1_39' title='bbox 1753 1018 1966 1075; x_wconf 81' lang='lat' dir='ltr'><strong>nefario</strong></span> 
     </span>
    </p>
   </div>
   <div class='ocr_carea' id='block_1_8' title="bbox 387 1111 1963 1183">
    <p class='ocr_par' dir='ltr' id='par_1_8' title="bbox 387 1111 1963 1183">
     <span class='ocr_line' id='line_1_8' title="bbox 387 1111 1963 1183; baseline -0.006 -9"><span class='ocrx_word' id='word_1_40' title='bbox 387 1118 646 1180; x_wconf 81' lang='lat' dir='ltr'><strong>Eusebio,</strong></span> <span class='ocrx_word' id='word_1_41' title='bbox 701 1113 1037 1170; x_wconf 66' lang='lat' dir='ltr'><strong>Nicomediae</strong></span> <span class='ocrx_word' id='word_1_42' title='bbox 1092 1115 1383 1183; x_wconf 84' lang='lat' dir='ltr'><strong>episeopo,</strong></span> <span class='ocrx_word' id='word_1_43' title='bbox 1439 1112 1742 1181; x_wconf 88' lang='lat' dir='ltr'><strong>impulsus,</strong></span> <span class='ocrx_word' id='word_1_44' title='bbox 1778 1111 1874 1166; x_wconf 87' lang='lat' dir='ltr'><strong>sed</strong></span> <span class='ocrx_word' id='word_1_45' title='bbox 1907 1112 1963 1165; x_wconf 89' lang='lat' dir='ltr'><strong>in</strong></span> 
     </span>
    </p>
   </div>
   <div class='ocr_carea' id='block_1_9' title="bbox 386 1202 1965 1282">
    <p class='ocr_par' dir='ltr' id='par_1_9' title="bbox 386 1202 1965 1282">
     <span class='ocr_line' id='line_1_9' title="bbox 386 1202 1965 1282; baseline -0.006 -15"><span class='ocrx_word' id='word_1_46' title='bbox 386 1211 616 1282; x_wconf 87' lang='lat' dir='ltr'><strong>reliquis</strong></span> <span class='ocrx_word' id='word_1_47' title='bbox 664 1223 887 1279; x_wconf 89' lang='lat' dir='ltr'><strong>quoquc</strong></span> <span class='ocrx_word' id='word_1_48' title='bbox 940 1208 1066 1260; x_wconf 79' lang='lat' dir='ltr'><strong>vitae</strong></span> <span class='ocrx_word' id='word_1_49' title='bbox 1096 1206 1351 1275; x_wconf 88' lang='lat' dir='ltr'><strong>partibus</strong></span> <span class='ocrx_word' id='word_1_50' title='bbox 1404 1214 1740 1273; x_wconf 90' lang='lat' dir='ltr'><strong>temperans,</strong></span> <span class='ocrx_word' id='word_1_51' title='bbox 1769 1211 1825 1256; x_wconf 90' lang='lat' dir='ltr'><strong>et</strong></span> <span class='ocrx_word' id='word_1_52' title='bbox 1866 1202 1965 1257; x_wconf 89' lang='lat' dir='ltr'><strong>de-</strong></span> 
     </span>
    </p>
   </div>
   <div class='ocr_carea' id='block_1_10' title="bbox 387 1296 1967 1365">
    <p class='ocr_par' dir='ltr' id='par_1_10' title="bbox 387 1296 1967 1365">
     <span class='ocr_line' id='line_1_10' title="bbox 387 1296 1967 1365; baseline -0.006 -6"><span class='ocrx_word' id='word_1_53' title='bbox 387 1304 583 1361; x_wconf 66' lang='lat' dir='ltr'><strong>centia:</strong></span> <span class='ocrx_word' id='word_1_54' title='bbox 636 1301 873 1357; x_wconf 87' lang='lat' dir='ltr'><strong>maxime</strong></span> <span class='ocrx_word' id='word_1_55' title='bbox 927 1300 1206 1360; x_wconf 90' lang='lat' dir='ltr'><strong>curiosus,</strong></span> <span class='ocrx_word' id='word_1_56' title='bbox 1270 1307 1324 1350; x_wconf 91' lang='lat' dir='ltr'><strong>et</strong></span> <span class='ocrx_word' id='word_1_57' title='bbox 1385 1312 1596 1365; x_wconf 67' lang='lat' dir='ltr'><strong>magna:</strong></span> <span class='ocrx_word' id='word_1_58' title='bbox 1649 1296 1967 1352; x_wconf 88' lang='lat' dir='ltr'><strong>sobrietatis</strong></span> 
     </span>
    </p>
   </div>
   <div class='ocr_carea' id='block_1_11' title="bbox 389 1387 1965 1464">
    <p class='ocr_par' dir='ltr' id='par_1_11' title="bbox 389 1387 1965 1464">
     <span class='ocr_line' id='line_1_11' title="bbox 389 1387 1965 1464; baseline -0.004 -16"><span class='ocrx_word' id='word_1_59' title='bbox 389 1400 443 1452; x_wconf 92' lang='lat' dir='ltr'><strong>in</strong></span> <span class='ocrx_word' id='word_1_60' title='bbox 474 1396 623 1464; x_wconf 84' lang='lat' dir='ltr'><strong>victu</strong></span> <span class='ocrx_word' id='word_1_61' title='bbox 658 1408 722 1448; x_wconf 90' lang='lat' dir='ltr'><strong>ac</strong></span> <span class='ocrx_word' id='word_1_62' title='bbox 758 1393 975 1462; x_wconf 87' lang='lat' dir='ltr'><strong>reliquo</strong></span> <span class='ocrx_word' id='word_1_63' title='bbox 1032 1388 1250 1444; x_wconf 83' lang='lat' dir='ltr'><strong>vivendi</strong></span> <span class='ocrx_word' id='word_1_64' title='bbox 1280 1388 1462 1443; x_wconf 91' lang='lat' dir='ltr'><strong>modo.</strong></span> <span class='ocrx_word' id='word_1_65' title='bbox 1495 1387 1789 1442; x_wconf 78' lang='lat' dir='ltr'><strong>Maximam</strong></span> <span class='ocrx_word' id='word_1_66' title='bbox 1814 1394 1965 1443; x_wconf 88' lang='lat' dir='ltr'><strong>certe</strong></span> 
     </span>
    </p>
   </div>
   <div class='ocr_carea' id='block_1_12' title="bbox 390 1479 1963 1555">
    <p class='ocr_par' dir='ltr' id='par_1_12' title="bbox 390 1479 1963 1555">
     <span class='ocr_line' id='line_1_12' title="bbox 390 1479 1963 1555; baseline -0.008 -13"><span class='ocrx_word' id='word_1_67' title='bbox 390 1487 645 1543; x_wconf 88' lang='lat' dir='ltr'><strong>ccclesiis</strong></span> <span class='ocrx_word' id='word_1_68' title='bbox 695 1483 1050 1555; x_wconf 83' lang='lat' dir='ltr'><strong>impendebat</strong></span> <span class='ocrx_word' id='word_1_69' title='bbox 1081 1495 1304 1543; x_wconf 89' lang='lat' dir='ltr'><strong>curam,</strong></span> <span class='ocrx_word' id='word_1_70' title='bbox 1337 1489 1394 1534; x_wconf 89' lang='lat' dir='ltr'><strong>ut</strong></span> <span class='ocrx_word' id='word_1_71' title='bbox 1429 1479 1522 1548; x_wconf 89' lang='lat' dir='ltr'><strong>qui</strong></span> <span class='ocrx_word' id='word_1_72' title='bbox 1564 1487 1777 1549; x_wconf 89' lang='lat' dir='ltr'><strong>patrem</strong></span> <span class='ocrx_word' id='word_1_73' title='bbox 1804 1493 1963 1531; x_wconf 93' lang='lat' dir='ltr'><strong>suum</strong></span> 
     </span>
    </p>
   </div>
   <div class='ocr_carea' id='block_1_13' title="bbox 393 1568 1968 1651">
    <p class='ocr_par' dir='ltr' id='par_1_13' title="bbox 393 1568 1968 1651">
     <span class='ocr_line' id='line_1_13' title="bbox 393 1568 1968 1651; baseline -0.007 -17"><span class='ocrx_word' id='word_1_74' title='bbox 393 1579 579 1651; x_wconf 80' lang='lat' dir='ltr'><strong>studio</strong></span> <span class='ocrx_word' id='word_1_75' title='bbox 638 1578 784 1632; x_wconf 89' lang='lat' dir='ltr'><strong>circa</strong></span> <span class='ocrx_word' id='word_1_76' title='bbox 826 1577 953 1631; x_wconf 85' lang='lat' dir='ltr'><strong>illas</strong></span> <span class='ocrx_word' id='word_1_77' title='bbox 985 1575 1146 1645; x_wconf 77' lang='lat' dir='ltr'><strong>longe</strong></span> <span class='ocrx_word' id='word_1_78' title='bbox 1189 1586 1457 1641; x_wconf 85' lang='lat' dir='ltr'><strong>superare</strong></span> <span class='ocrx_word' id='word_1_79' title='bbox 1487 1570 1747 1625; x_wconf 78' lang='lat' dir='ltr'><strong>ambiret.</strong></span> <span class='ocrx_word' id='word_1_80' title='bbox 1782 1568 1968 1624; x_wconf 84' lang='lat' dir='ltr'><strong>Eccle-</strong></span> 
     </span>
    </p>
   </div>
   <div class='ocr_carea' id='block_1_14' title="bbox 388 1663 1962 1739">
    <p class='ocr_par' dir='ltr' id='par_1_14' title="bbox 388 1663 1962 1739">
     <span class='ocr_line' id='line_1_14' title="bbox 388 1663 1962 1739; baseline -0.008 -13"><span class='ocrx_word' id='word_1_81' title='bbox 388 1671 526 1726; x_wconf 89' lang='lat' dir='ltr'><strong>siam</strong></span> <span class='ocrx_word' id='word_1_82' title='bbox 558 1685 780 1739; x_wconf 90' lang='lat' dir='ltr'><strong>quoque</strong></span> <span class='ocrx_word' id='word_1_83' title='bbox 812 1668 1107 1721; x_wconf 75' lang='lat' dir='ltr'><strong>maximam</strong></span> <span class='ocrx_word' id='word_1_84' title='bbox 1138 1664 1429 1719; x_wconf 81' lang='lat' dir='ltr'><strong>aediﬁcavit</strong></span> <span class='ocrx_word' id='word_1_85' title='bbox 1460 1663 1514 1715; x_wconf 90' lang='lat' dir='ltr'><strong>in</strong></span> <span class='ocrx_word' id='word_1_86' title='bbox 1548 1663 1684 1716; x_wconf 90' lang='lat' dir='ltr'><strong>urbe</strong></span> <span class='ocrx_word' id='word_1_87' title='bbox 1709 1670 1962 1730; x_wconf 87' lang='lat' dir='ltr'><strong>paterna,</strong></span> 
     </span>
    </p>
   </div>
   <div class='ocr_carea' id='block_1_15' title="bbox 389 1740 1961 1831">
    <p class='ocr_par' dir='ltr' id='par_1_15' title="bbox 389 1740 1961 1831">
     <span class='ocr_line' id='line_1_15' title="bbox 389 1740 1961 1831; baseline -0.006 -16"><span class='ocrx_word' id='word_1_88' title='bbox 389 1740 800 1831; x_wconf 27' lang='lat' dir='ltr'><strong>a‘l&#39;undamento</strong></span> <span class='ocrx_word' id='word_1_89' title='bbox 832 1774 972 1830; x_wconf 91' lang='lat' dir='ltr'><strong>opus</strong></span> <span class='ocrx_word' id='word_1_90' title='bbox 1010 1758 1301 1826; x_wconf 84' lang='lat' dir='ltr'><strong>incipiens,</strong></span> <span class='ocrx_word' id='word_1_91' title='bbox 1339 1756 1466 1809; x_wconf 87' lang='lat' dir='ltr'><strong>licet</strong></span> <span class='ocrx_word' id='word_1_92' title='bbox 1493 1756 1605 1823; x_wconf 91' lang='lat' dir='ltr'><strong>jam</strong></span> <span class='ocrx_word' id='word_1_93' title='bbox 1639 1755 1961 1807; x_wconf 82' lang='lat' dir='ltr'><strong>adventaret</strong></span> 
     </span>
    </p>
   </div>
   <div class='ocr_carea' id='block_1_16' title="bbox 1821 349 2206 415">
    <p class='ocr_par' dir='ltr' id='par_1_16' title="bbox 1821 349 2206 415">
     <span class='ocr_line' id='line_1_16' title="bbox 1821 349 2206 415; baseline 0.008 -3"><span class='ocrx_word' id='word_1_94' title='bbox 1821 349 2072 414; x_wconf 84' lang='lat' dir='ltr'><strong>ADDEN</strong></span> <span class='ocrx_word' id='word_1_95' title='bbox 2087 356 2206 415; x_wconf 84' lang='lat' dir='ltr'><strong>DA.</strong></span> 
     </span>
    </p>
   </div>
   <div class='ocr_carea' id='block_1_17' title="bbox 458 467 2041 540">
    <p class='ocr_par' dir='ltr' id='par_1_17' title="bbox 458 467 2041 540">
     <span class='ocr_line' id='line_1_17' title="bbox 458 467 2041 540; baseline -0.009 -7"><span class='ocrx_word' id='word_1_96' title='bbox 458 480 546 533; x_wconf 76' lang='grc' dir='ltr'><strong>Π.</strong></span> <span class='ocrx_word' id='word_1_97' title='bbox 569 476 699 531; x_wconf 67' lang='lat' dir='ltr'><strong>Haec</strong></span> <span class='ocrx_word' id='word_1_98' title='bbox 753 488 879 530; x_wconf 88' lang='lat' dir='ltr'><strong>cum</strong></span> <span class='ocrx_word' id='word_1_99' title='bbox 914 474 984 527; x_wconf 89' lang='lat' dir='ltr'><strong>ab</strong></span> <span class='ocrx_word' id='word_1_100' title='bbox 1024 473 1359 540; x_wconf 86' lang='lat' dir='ltr'><strong>imperatore</strong></span> <span class='ocrx_word' id='word_1_101' title='bbox 1385 467 1692 522; x_wconf 83' lang='lat' dir='ltr'><strong>audivisset</strong></span> <span class='ocrx_word' id='word_1_102' title='bbox 1728 482 1963 535; x_wconf 82' lang='lat' dir='ltr'><strong>magnus</strong></span> <span class='ocrx_word' id='word_1_103' title='bbox 1994 470 2041 525; x_wconf 72' lang='grc' dir='ltr'><strong>Α</strong></span> 
     </span>
    </p>
   </div>
   <div class='ocr_carea' id='block_1_18' title="bbox 2144 469 3723 540">
    <p class='ocr_par' dir='ltr' id='par_1_18' title="bbox 2144 469 3723 540">
     <span class='ocr_line' id='line_1_18' title="bbox 2144 469 3723 540; baseline 0.003 -19"><span class='ocrx_word' id='word_1_104' title='bbox 2144 471 2228 532; x_wconf 80' lang='grc' dir='ltr'>ιζ’.</span> <span class='ocrx_word' id='word_1_105' title='bbox 2264 470 2447 521; x_wconf 68' lang='grc' dir='ltr'>Ταῦτα</span> <span class='ocrx_word' id='word_1_106' title='bbox 2495 469 2646 538; x_wconf 82' lang='grc' dir='ltr'><strong>παρὰ</strong></span> <span class='ocrx_word' id='word_1_107' title='bbox 2680 470 2775 520; x_wconf 83' lang='grc' dir='ltr'>τοῦ</span> <span class='ocrx_word' id='word_1_108' title='bbox 2819 470 3086 539; x_wconf 79' lang='grc' dir='ltr'>βασιλέως</span> <span class='ocrx_word' id='word_1_109' title='bbox 3118 472 3368 535; x_wconf 81' lang='grc' dir='ltr'>ἀκούσας</span> <span class='ocrx_word' id='word_1_110' title='bbox 3428 472 3466 523; x_wconf 89' lang='grc' dir='ltr'><strong>ὁ</strong></span> <span class='ocrx_word' id='word_1_111' title='bbox 3519 472 3723 540; x_wconf 69' lang='grc' dir='ltr'>μέγας</span> 
     </span>
    </p>
   </div>
   <div class='ocr_carea' id='block_1_19' title="bbox 2050 561 3721 641">
    <p class='ocr_par' dir='ltr' id='par_1_19' title="bbox 2050 561 3721 641">
     <span class='ocr_line' id='line_1_19' title="bbox 2050 561 3721 641; baseline 0.001 -29"><span class='ocrx_word' id='word_1_112' title='bbox 2050 626 2061 641; x_wconf 24' lang='grc' dir='ltr'><strong>κ</strong></span> <span class='ocrx_word' id='word_1_113' title='bbox 2084 561 2389 631; x_wconf 83' lang='grc' dir='ltr'>Ἀρτέμιος,</span> <span class='ocrx_word' id='word_1_114' title='bbox 2409 562 2707 629; x_wconf 76' lang='grc' dir='ltr'>ἐπορεύετο</span> <span class='ocrx_word' id='word_1_115' title='bbox 2734 561 2832 631; x_wconf 83' lang='grc' dir='ltr'><strong>τὴν</strong></span> <span class='ocrx_word' id='word_1_116' title='bbox 2864 562 2958 613; x_wconf 75' lang='grc' dir='ltr'>ἐπὶ</span> <span class='ocrx_word' id='word_1_117' title='bbox 3004 563 3132 625; x_wconf 81' lang='grc' dir='ltr'>τοὺς</span> <span class='ocrx_word' id='word_1_118' title='bbox 3162 563 3533 624; x_wconf 75' lang='grc' dir='ltr'><strong>ἀποστόλους</strong></span> <span class='ocrx_word' id='word_1_119' title='bbox 3560 564 3721 622; x_wconf 63' lang='grc' dir='ltr'><strong>ὀξὺ-δ,</strong></span> 
     </span>
    </p>
   </div>
   <div class='ocr_carea' id='block_1_20' title="bbox 2067 650 3725 723">
    <p class='ocr_par' dir='ltr' id='par_1_20' title="bbox 2067 650 3725 723">
     <span class='ocr_line' id='line_1_20' title="bbox 2067 650 3725 723; baseline 0 -19"><span class='ocrx_word' id='word_1_120' title='bbox 2067 650 2416 719; x_wconf 87' lang='grc' dir='ltr'>άνακομίσων</span> <span class='ocrx_word' id='word_1_121' title='bbox 2468 652 2537 705; x_wconf 83' lang='grc' dir='ltr'><strong>τὰ</strong></span> <span class='ocrx_word' id='word_1_122' title='bbox 2592 651 2798 703; x_wconf 86' lang='grc' dir='ltr'>τούτων</span> <span class='ocrx_word' id='word_1_123' title='bbox 2859 654 3103 721; x_wconf 83' lang='grc' dir='ltr'>πανάγια</span> <span class='ocrx_word' id='word_1_124' title='bbox 3158 653 3405 722; x_wconf 73' lang='grc' dir='ltr'>λείψανα</span> <span class='ocrx_word' id='word_1_125' title='bbox 3444 656 3559 706; x_wconf 72' lang='grc' dir='ltr'><strong>ἐπὶ</strong></span> <span class='ocrx_word' id='word_1_126' title='bbox 3612 654 3725 723; x_wconf 67' lang='grc' dir='ltr'>τὴν</span> 
     </span>
    </p>
   </div>
   <div class='ocr_carea' id='block_1_21' title="bbox 2068 741 3715 815">
    <p class='ocr_par' dir='ltr' id='par_1_21' title="bbox 2068 741 3715 815">
     <span class='ocr_line' id='line_1_21' title="bbox 2068 741 3715 815; baseline 0.004 -23"><span class='ocrx_word' id='word_1_127' title='bbox 2068 741 2678 794; x_wconf 77' lang='grc' dir='ltr'>Κωνσταντινούπολιν·</span> <span class='ocrx_word' id='word_1_128' title='bbox 2727 741 2755 792; x_wconf 84' lang='grc' dir='ltr'>ὁ</span> <span class='ocrx_word' id='word_1_129' title='bbox 2821 743 2878 795; x_wconf 82' lang='grc' dir='ltr'><strong>δὲ</strong></span> <span class='ocrx_word' id='word_1_130' title='bbox 2938 745 3036 815; x_wconf 81' lang='grc' dir='ltr'>τὴν</span> <span class='ocrx_word' id='word_1_131' title='bbox 3105 745 3358 815; x_wconf 79' lang='grc' dir='ltr'><strong>ἱστορίαν</strong></span> <span class='ocrx_word' id='word_1_132' title='bbox 3421 746 3715 815; x_wconf 62' lang='grc' dir='ltr'>γράφων,</span> 
     </span>
    </p>
   </div>
   <div class='ocr_carea' id='block_1_22' title="bbox 2067 838 3717 909">
    <p class='ocr_par' dir='ltr' id='par_1_22' title="bbox 2067 838 3717 909">
     <span class='ocr_line' id='line_1_22' title="bbox 2067 838 3717 909; baseline 0.001 -19"><span class='ocrx_word' id='word_1_133' title='bbox 2067 838 2294 890; x_wconf 80' lang='grc' dir='ltr'>τοιαῦτα</span> <span class='ocrx_word' id='word_1_134' title='bbox 2331 838 2460 908; x_wconf 78' lang='grc' dir='ltr'>περὶ</span> <span class='ocrx_word' id='word_1_135' title='bbox 2484 838 2865 890; x_wconf 86' lang='grc' dir='ltr'>Κωνσταντίου</span> <span class='ocrx_word' id='word_1_136' title='bbox 2898 840 2991 891; x_wconf 63' lang='grc' dir='ltr'><strong>κα)⁸</strong></span> <span class='ocrx_word' id='word_1_137' title='bbox 3014 838 3107 891; x_wconf 79' lang='grc' dir='ltr'>τοῦ</span> <span class='ocrx_word' id='word_1_138' title='bbox 3138 840 3437 909; x_wconf 72' lang='grc' dir='ltr'>μάρτυρος</span> <span class='ocrx_word' id='word_1_139' title='bbox 3460 841 3717 909; x_wconf 76' lang='grc' dir='ltr'>φάσκει.</span> 
     </span>
    </p>
   </div>
   <div class='ocr_carea' id='block_1_23' title="bbox 2068 929 3718 1004">
    <p class='ocr_par' dir='ltr' id='par_1_23' title="bbox 2068 929 3718 1004">
     <span class='ocr_line' id='line_1_23' title="bbox 2068 929 3718 1004; baseline 0.001 -22"><span class='ocrx_word' id='word_1_140' title='bbox 2068 930 2298 997; x_wconf 76' lang='grc' dir='ltr'><strong>Λέγεται</strong></span> <span class='ocrx_word' id='word_1_141' title='bbox 2332 929 2395 1000; x_wconf 83' lang='grc' dir='ltr'><strong>δὴ</strong></span> <span class='ocrx_word' id='word_1_142' title='bbox 2437 930 2563 1001; x_wconf 78' lang='grc' dir='ltr'>περὶ</span> <span class='ocrx_word' id='word_1_143' title='bbox 2611 930 2991 984; x_wconf 84' lang='grc' dir='ltr'>Κωνσταντίου</span> <span class='ocrx_word' id='word_1_144' title='bbox 3014 932 3098 984; x_wconf 85' lang='grc' dir='ltr'><strong>ὅτι</strong></span> <span class='ocrx_word' id='word_1_145' title='bbox 3122 932 3184 985; x_wconf 86' lang='grc' dir='ltr'><strong>οὑ</strong></span> <span class='ocrx_word' id='word_1_146' title='bbox 3219 933 3395 1002; x_wconf 85' lang='grc' dir='ltr'>μόνον</span> <span class='ocrx_word' id='word_1_147' title='bbox 3419 934 3506 985; x_wconf 81' lang='grc' dir='ltr'>τὰ</span> <span class='ocrx_word' id='word_1_148' title='bbox 3568 935 3718 1004; x_wconf 70' lang='grc' dir='ltr'>πρὸς</span> 
     </span>
    </p>
   </div>
   <div class='ocr_carea' id='block_1_24' title="bbox 2068 1019 3721 1093">
    <p class='ocr_par' dir='ltr' id='par_1_24' title="bbox 2068 1019 3721 1093">
     <span class='ocr_line' id='line_1_24' title="bbox 2068 1019 3721 1093; baseline 0.002 -21"><span class='ocrx_word' id='word_1_149' title='bbox 2068 1019 2200 1072; x_wconf 82' lang='grc' dir='ltr'><strong>Θεὸν</strong></span> <span class='ocrx_word' id='word_1_150' title='bbox 2235 1020 2523 1082; x_wconf 86' lang='grc' dir='ltr'>σπουδαῖός</span> <span class='ocrx_word' id='word_1_151' title='bbox 2547 1038 2608 1073; x_wconf 91' lang='grc' dir='ltr'><strong>τε</strong></span> <span class='ocrx_word' id='word_1_152' title='bbox 2638 1022 2732 1074; x_wconf 77' lang='grc' dir='ltr'><strong>καὶ</strong></span> <span class='ocrx_word' id='word_1_153' title='bbox 2757 1021 3019 1091; x_wconf 79' lang='grc' dir='ltr'><strong>ἐράσμιος</strong></span> <span class='ocrx_word' id='word_1_154' title='bbox 3042 1022 3318 1093; x_wconf 80' lang='grc' dir='ltr'>ὑπῆρχεν,</span> <span class='ocrx_word' id='word_1_155' title='bbox 3338 1024 3394 1075; x_wconf 86' lang='grc' dir='ltr'><strong>εί</strong></span> <span class='ocrx_word' id='word_1_156' title='bbox 3421 1023 3539 1075; x_wconf 75' lang='grc' dir='ltr'><strong>καὶ</strong></span> <span class='ocrx_word' id='word_1_157' title='bbox 3571 1024 3721 1092; x_wconf 70' lang='grc' dir='ltr'>πρὸς</span> 
     </span>
    </p>
   </div>
   <div class='ocr_carea' id='block_1_25' title="bbox 2068 1112 3720 1183">
    <p class='ocr_par' dir='ltr' id='par_1_25' title="bbox 2068 1112 3720 1183">
     <span class='ocr_line' id='line_1_25' title="bbox 2068 1112 3720 1183; baseline 0.002 -21"><span class='ocrx_word' id='word_1_158' title='bbox 2068 1112 2168 1181; x_wconf 78' lang='grc' dir='ltr'><strong>τὴν</strong></span> <span class='ocrx_word' id='word_1_159' title='bbox 2198 1112 2543 1183; x_wconf 77' lang='grc' dir='ltr'>Ἀρειανικὴν</span> <span class='ocrx_word' id='word_1_160' title='bbox 2577 1112 2867 1165; x_wconf 78' lang='grc' dir='ltr'><strong>ἀπέκλινεν</strong></span> <span class='ocrx_word' id='word_1_161' title='bbox 2919 1112 3153 1183; x_wconf 79' lang='grc' dir='ltr'>αἵρεσιν,</span> <span class='ocrx_word' id='word_1_162' title='bbox 3193 1114 3303 1165; x_wconf 73' lang='grc' dir='ltr'>ὑπὸ</span> <span class='ocrx_word' id='word_1_163' title='bbox 3344 1114 3453 1166; x_wconf 78' lang='grc' dir='ltr'>τοῦ</span> <span class='ocrx_word' id='word_1_164' title='bbox 3500 1115 3720 1167; x_wconf 82' lang='grc' dir='ltr'>δυσσε-</span> 
     </span>
    </p>
   </div>
   <div class='ocr_carea' id='block_1_26' title="bbox 2070 1199 3716 1273">
    <p class='ocr_par' dir='ltr' id='par_1_26' title="bbox 2070 1199 3716 1273">
     <span class='ocr_line' id='line_1_26' title="bbox 2070 1199 3716 1273; baseline 0.005 -23"><span class='ocrx_word' id='word_1_165' title='bbox 2070 1199 2197 1261; x_wconf 80' lang='grc' dir='ltr'>ϐοῦς</span> <span class='ocrx_word' id='word_1_166' title='bbox 2222 1218 2282 1252; x_wconf 84' lang='grc' dir='ltr'><strong>τε</strong></span> <span class='ocrx_word' id='word_1_167' title='bbox 2305 1202 2398 1252; x_wconf 73' lang='grc' dir='ltr'><strong>καὶ</strong></span> <span class='ocrx_word' id='word_1_168' title='bbox 2418 1201 2731 1255; x_wconf 84' lang='grc' dir='ltr'>άθεωτάτου</span> <span class='ocrx_word' id='word_1_169' title='bbox 2759 1202 3020 1255; x_wconf 78' lang='grc' dir='ltr'>Εὑσεϐίου</span> <span class='ocrx_word' id='word_1_170' title='bbox 3049 1203 3142 1255; x_wconf 76' lang='grc' dir='ltr'>τοῦ</span> <span class='ocrx_word' id='word_1_171' title='bbox 3171 1203 3279 1271; x_wconf 83' lang='grc' dir='ltr'><strong>τῆς</strong></span> <span class='ocrx_word' id='word_1_172' title='bbox 3303 1204 3716 1273; x_wconf 72' lang='grc' dir='ltr'>Νικομηδείαῑ</span> 
     </span>
    </p>
   </div>
   <div class='ocr_carea' id='block_1_27' title="bbox 2070 1291 3715 1363">
    <p class='ocr_par' dir='ltr' id='par_1_27' title="bbox 2070 1291 3715 1363">
     <span class='ocr_line' id='line_1_27' title="bbox 2070 1291 3715 1363; baseline 0.002 -22"><span class='ocrx_word' id='word_1_173' title='bbox 2070 1291 2371 1343; x_wconf 80' lang='grc' dir='ltr'>ἐπισκόπου</span> <span class='ocrx_word' id='word_1_174' title='bbox 2399 1291 2767 1356; x_wconf 73' lang='grc' dir='ltr'><strong>συνελασθεὶς,</strong></span> <span class='ocrx_word' id='word_1_175' title='bbox 2795 1293 2919 1344; x_wconf 70' lang='grc' dir='ltr'>ἐπεὶ</span> <span class='ocrx_word' id='word_1_176' title='bbox 2949 1293 3018 1346; x_wconf 87' lang='grc' dir='ltr'><strong>τά</strong></span> <span class='ocrx_word' id='word_1_177' title='bbox 3045 1310 3107 1360; x_wconf 91' lang='grc' dir='ltr'><strong>γε</strong></span> <span class='ocrx_word' id='word_1_178' title='bbox 3140 1293 3279 1347; x_wconf 74' lang='grc' dir='ltr'>ἄλλα</span> <span class='ocrx_word' id='word_1_179' title='bbox 3313 1294 3715 1363; x_wconf 74' lang='grc' dir='ltr'>μέτριος,καὶ</span> 
     </span>
    </p>
   </div>
   <div class='ocr_carea' id='block_1_28' title="bbox 2070 1382 3715 1455">
    <p class='ocr_par' dir='ltr' id='par_1_28' title="bbox 2070 1382 3715 1455">
     <span class='ocr_line' id='line_1_28' title="bbox 2070 1382 3715 1455; baseline 0.004 -24"><span class='ocrx_word' id='word_1_180' title='bbox 2070 1382 2487 1452; x_wconf 72' lang='grc' dir='ltr'>εὐσχημοσύνης</span> <span class='ocrx_word' id='word_1_181' title='bbox 2511 1384 2565 1446; x_wconf 77' lang='grc' dir='ltr'>ἐς</span> <span class='ocrx_word' id='word_1_182' title='bbox 2594 1384 2663 1434; x_wconf 79' lang='grc' dir='ltr'><strong>τὰ</strong></span> <span class='ocrx_word' id='word_1_183' title='bbox 2693 1384 2931 1453; x_wconf 80' lang='grc' dir='ltr'>μάλιστα</span> <span class='ocrx_word' id='word_1_184' title='bbox 2959 1384 3439 1455; x_wconf 74' lang='grc' dir='ltr'>ἐπιμελούμενος,</span> <span class='ocrx_word' id='word_1_185' title='bbox 3470 1389 3582 1438; x_wconf 74' lang='grc' dir='ltr'><strong>καὶ</strong></span> <span class='ocrx_word' id='word_1_186' title='bbox 3610 1404 3715 1437; x_wconf 79' lang='grc' dir='ltr'>σω-</span> 
     </span>
    </p>
   </div>
   <div class='ocr_carea' id='block_1_29' title="bbox 2071 1471 3713 1548">
    <p class='ocr_par' dir='ltr' id='par_1_29' title="bbox 2071 1471 3713 1548">
     <span class='ocr_line' id='line_1_29' title="bbox 2071 1471 3713 1548; baseline 0.005 -26"><span class='ocrx_word' id='word_1_187' title='bbox 2071 1472 2344 1542; x_wconf 82' lang='grc' dir='ltr'>φροσύνης</span> <span class='ocrx_word' id='word_1_188' title='bbox 2371 1471 2521 1544; x_wconf 77' lang='grc'><strong>[555]</strong></span> <span class='ocrx_word' id='word_1_189' title='bbox 2549 1473 2724 1543; x_wconf 77' lang='grc' dir='ltr'>ἄκρας</span> <span class='ocrx_word' id='word_1_190' title='bbox 2753 1476 3159 1547; x_wconf 78' lang='grc' dir='ltr'><strong>ἐπειλημμένος</strong></span> <span class='ocrx_word' id='word_1_191' title='bbox 3180 1478 3315 1548; x_wconf 87' lang='grc' dir='ltr'>περί</span> <span class='ocrx_word' id='word_1_192' title='bbox 3344 1495 3411 1529; x_wconf 88' lang='grc' dir='ltr'><strong>τε</strong></span> <span class='ocrx_word' id='word_1_193' title='bbox 3438 1479 3713 1547; x_wconf 53' lang='lat' dir='ltr'><strong>ripam-</strong></span> 
     </span>
    </p>
   </div>
   <div class='ocr_carea' id='block_1_30' title="bbox 2070 1564 3712 1638">
    <p class='ocr_par' dir='ltr' id='par_1_30' title="bbox 2070 1564 3712 1638">
     <span class='ocr_line' id='line_1_30' title="bbox 2070 1564 3712 1638; baseline 0.001 -21"><span class='ocrx_word' id='word_1_194' title='bbox 2070 1582 2169 1617; x_wconf 90' lang='grc' dir='ltr'><strong>ταν</strong></span> <span class='ocrx_word' id='word_1_195' title='bbox 2200 1565 2292 1616; x_wconf 71' lang='grc' dir='ltr'><strong>καὶ</strong></span> <span class='ocrx_word' id='word_1_196' title='bbox 2312 1564 2402 1616; x_wconf 85' lang='grc' dir='ltr'>τὸν</span> <span class='ocrx_word' id='word_1_197' title='bbox 2428 1564 2586 1617; x_wconf 79' lang='grc' dir='ltr'>ἄλλον</span> <span class='ocrx_word' id='word_1_198' title='bbox 2620 1566 2822 1635; x_wconf 82' lang='grc' dir='ltr'>τρόπον</span> <span class='ocrx_word' id='word_1_199' title='bbox 2852 1584 2865 1596; x_wconf 73' lang='grc'><strong><em>⁸</em></strong></span> <span class='ocrx_word' id='word_1_200' title='bbox 2904 1567 2998 1618; x_wconf 74' lang='grc' dir='ltr'><strong>καὶ</strong></span> <span class='ocrx_word' id='word_1_201' title='bbox 3032 1567 3298 1637; x_wconf 79' lang='grc' dir='ltr'>πλείστην</span> <span class='ocrx_word' id='word_1_202' title='bbox 3321 1585 3397 1635; x_wconf 78' lang='grc' dir='ltr'><strong>γε</strong></span> <span class='ocrx_word' id='word_1_203' title='bbox 3452 1569 3571 1638; x_wconf 77' lang='grc' dir='ltr'>τὴν</span> <span class='ocrx_word' id='word_1_204' title='bbox 3633 1571 3712 1628; x_wconf 78' lang='grc' dir='ltr'>εἰς</span> 
     </span>
    </p>
   </div>
   <div class='ocr_carea' id='block_1_31' title="bbox 2070 1657 3708 1731">
    <p class='ocr_par' dir='ltr' id='par_1_31' title="bbox 2070 1657 3708 1731">
     <span class='ocr_line' id='line_1_31' title="bbox 2070 1657 3708 1731; baseline 0.002 -23"><span class='ocrx_word' id='word_1_205' title='bbox 2070 1658 2169 1720; x_wconf 78' lang='grc' dir='ltr'><strong>τὰς</strong></span> <span class='ocrx_word' id='word_1_206' title='bbox 2201 1657 2500 1726; x_wconf 77' lang='grc' dir='ltr'>ἐκκλησίας</span> <span class='ocrx_word' id='word_1_207' title='bbox 2551 1659 2791 1712; x_wconf 74' lang='grc' dir='ltr'>ἐποιεῖτο</span> <span class='ocrx_word' id='word_1_208' title='bbox 2820 1660 3082 1730; x_wconf 76' lang='grc' dir='ltr'>σπουδὴν,</span> <span class='ocrx_word' id='word_1_209' title='bbox 3118 1662 3328 1731; x_wconf 83' lang='grc' dir='ltr'>μακρῷ</span> <span class='ocrx_word' id='word_1_210' title='bbox 3358 1661 3465 1714; x_wconf 67' lang='grc' dir='ltr'>τὸν</span> <span class='ocrx_word' id='word_1_211' title='bbox 3502 1660 3708 1712; x_wconf 67' lang='grc' dir='ltr'>ἑαυτοῦ</span> 
     </span>
    </p>
   </div>
   <div class='ocr_carea' id='block_1_32' title="bbox 2071 1748 3709 1820">
    <p class='ocr_par' dir='ltr' id='par_1_32' title="bbox 2071 1748 3709 1820">
     <span class='ocr_line' id='line_1_32' title="bbox 2071 1748 3709 1820; baseline 0.002 -21"><span class='ocrx_word' id='word_1_212' title='bbox 2071 1749 2285 1819; x_wconf 81' lang='grc' dir='ltr'>πατέρα</span> <span class='ocrx_word' id='word_1_213' title='bbox 2312 1751 2433 1811; x_wconf 89' lang='grc' dir='ltr'>ταῖς</span> <span class='ocrx_word' id='word_1_214' title='bbox 2476 1748 2604 1819; x_wconf 80' lang='grc' dir='ltr'>περὶ</span> <span class='ocrx_word' id='word_1_215' title='bbox 2644 1750 2818 1801; x_wconf 78' lang='grc' dir='ltr'>ταῦτα</span> <span class='ocrx_word' id='word_1_216' title='bbox 2870 1749 3201 1820; x_wconf 84' lang='grc' dir='ltr'>προθυμίαις</span> <span class='ocrx_word' id='word_1_217' title='bbox 3261 1750 3709 1820; x_wconf 72' lang='grc' dir='ltr'>ὑπερϐαλέσθαι</span> 
     </span>
    </p>
   </div>
   <div class='ocr_carea' id='block_1_33' title="bbox 390 1827 1968 1922">
    <p class='ocr_par' dir='ltr' id='par_1_33' title="bbox 390 1827 1963 1922">
     <span class='ocr_line' id='line_1_33' title="bbox 390 1827 1963 1922; baseline -0.008 -13"><span class='ocrx_word' id='word_1_218' title='bbox 390 1828 668 1909; x_wconf 89' lang='lat' dir='ltr'><strong>senectus.</strong></span> <span class='ocrx_word' id='word_1_219' title='bbox 711 1851 776 1907; x_wconf 87' lang='lat' dir='ltr'><strong>Et</strong></span> <span class='ocrx_word' id='word_1_220' title='bbox 808 1827 981 1922; x_wconf 82' lang='lat' dir='ltr'><strong>patris</strong></span> <span class='ocrx_word' id='word_1_221' title='bbox 1005 1849 1317 1920; x_wconf 87' lang='lat' dir='ltr'><strong>sepulcrum</strong></span> <span class='ocrx_word' id='word_1_222' title='bbox 1350 1853 1670 1910; x_wconf 87' lang='lat' dir='ltr'><strong>veneratus,</strong></span> <span class='ocrx_word' id='word_1_223' title='bbox 1700 1846 1963 1914; x_wconf 89' lang='lat' dir='ltr'><strong>templum</strong></span> 
     </span>
    </p>
   </div>
   <div class='ocr_carea' id='block_1_34' title="bbox 2086 1827 3710 1922">
    <p class='ocr_par' dir='ltr' id='par_1_34' title="bbox 2086 1840 3710 1913">
     <span class='ocr_line' id='line_1_34' title="bbox 2086 1840 3710 1913; baseline 0.001 -22"><span class='ocrx_word' id='word_1_224' title='bbox 2086 1840 2543 1909; x_wconf 84' lang='grc' dir='ltr'>ριλοτιμοὺμενος.</span> <span class='ocrx_word' id='word_1_225' title='bbox 2576 1842 2686 1895; x_wconf 71' lang='grc' dir='ltr'>Καὶ</span> <span class='ocrx_word' id='word_1_226' title='bbox 2724 1844 2824 1911; x_wconf 86' lang='grc' dir='ltr'>τήν</span> <span class='ocrx_word' id='word_1_227' title='bbox 2868 1860 2927 1895; x_wconf 89' lang='grc' dir='ltr'><strong>τε</strong></span> <span class='ocrx_word' id='word_1_228' title='bbox 2959 1843 3259 1912; x_wconf 75' lang='grc' dir='ltr'>ἐκκλησίαν</span> <span class='ocrx_word' id='word_1_229' title='bbox 3294 1844 3589 1913; x_wconf 74' lang='grc' dir='ltr'>ἐδείματο</span> <span class='ocrx_word' id='word_1_230' title='bbox 3616 1846 3710 1913; x_wconf 70' lang='grc' dir='ltr'>τὴν</span> 
     </span>
    </p>
   </div>
   <div class='ocr_carea' id='block_1_35' title="bbox 389 1934 1965 2005">
    <p class='ocr_par' dir='ltr' id='par_1_35' title="bbox 389 1934 1965 2005">
     <span class='ocr_line' id='line_1_35' title="bbox 389 1934 1965 2005; baseline -0.008 -7"><span class='ocrx_word' id='word_1_231' title='bbox 389 1945 594 2005; x_wconf 84' lang='lat' dir='ltr'><strong>ibidem</strong></span> <span class='ocrx_word' id='word_1_232' title='bbox 655 1943 849 2005; x_wconf 79' lang='lat' dir='ltr'><strong>erexit,</strong></span> <span class='ocrx_word' id='word_1_233' title='bbox 920 1942 1219 1996; x_wconf 84' lang='lat' dir='ltr'><strong>maximum</strong></span> <span class='ocrx_word' id='word_1_234' title='bbox 1265 1936 1667 1999; x_wconf 88' lang='lat' dir='ltr'><strong>sanctuarium,</strong></span> <span class='ocrx_word' id='word_1_235' title='bbox 1724 1935 1815 1988; x_wconf 90' lang='lat' dir='ltr'><strong>ubi</strong></span> <span class='ocrx_word' id='word_1_236' title='bbox 1848 1934 1965 1987; x_wconf 87' lang='lat' dir='ltr'><strong>An-</strong></span> 
     </span>
    </p>
   </div>
   <div class='ocr_carea' id='block_1_36' title="bbox 391 2025 1963 2094">
    <p class='ocr_par' dir='ltr' id='par_1_36' title="bbox 391 2025 1963 2094">
     <span class='ocr_line' id='line_1_36' title="bbox 391 2025 1963 2094; baseline -0.007 -7"><span class='ocrx_word' id='word_1_237' title='bbox 391 2033 578 2089; x_wconf 90' lang='lat' dir='ltr'><strong>dream</strong></span> <span class='ocrx_word' id='word_1_238' title='bbox 608 2049 674 2091; x_wconf 85' lang='lat' dir='ltr'><strong>ex</strong></span> <span class='ocrx_word' id='word_1_239' title='bbox 705 2033 911 2088; x_wconf 87' lang='lat' dir='ltr'><strong>Achaia</strong></span> <span class='ocrx_word' id='word_1_240' title='bbox 943 2031 1297 2092; x_wconf 87' lang='lat' dir='ltr'><strong>translatum,</strong></span> <span class='ocrx_word' id='word_1_241' title='bbox 1340 2036 1395 2080; x_wconf 90' lang='lat' dir='ltr'><strong>ut</strong></span> <span class='ocrx_word' id='word_1_242' title='bbox 1425 2041 1593 2094; x_wconf 87' lang='lat' dir='ltr'><strong>supra</strong></span> <span class='ocrx_word' id='word_1_243' title='bbox 1619 2025 1825 2079; x_wconf 81' lang='lat' dir='ltr'><strong>dictum</strong></span> <span class='ocrx_word' id='word_1_244' title='bbox 1859 2032 1963 2087; x_wconf 86' lang='lat' dir='ltr'><strong>est,</strong></span> 
     </span>
    </p>
   </div>
   <div class='ocr_carea' id='block_1_37' title="bbox 391 2118 1966 2197">
    <p class='ocr_par' dir='ltr' id='par_1_37' title="bbox 391 2118 1966 2197">
     <span class='ocr_line' id='line_1_37' title="bbox 391 2118 1966 2197; baseline -0.006 -18"><span class='ocrx_word' id='word_1_245' title='bbox 391 2127 658 2197; x_wconf 86' lang='lat' dir='ltr'><strong>reposuit,</strong></span> <span class='ocrx_word' id='word_1_246' title='bbox 722 2142 825 2181; x_wconf 91' lang='lat' dir='ltr'><strong>una</strong></span> <span class='ocrx_word' id='word_1_247' title='bbox 889 2141 1014 2181; x_wconf 91' lang='lat' dir='ltr'><strong>cum</strong></span> <span class='ocrx_word' id='word_1_248' title='bbox 1071 2122 1411 2192; x_wconf 81' lang='lat' dir='ltr'><strong>evangelista</strong></span> <span class='ocrx_word' id='word_1_249' title='bbox 1482 2120 1629 2174; x_wconf 87' lang='lat' dir='ltr'><strong>Luca</strong></span> <span class='ocrx_word' id='word_1_250' title='bbox 1684 2134 1752 2172; x_wconf 80' lang='lat' dir='ltr'><strong>ex</strong></span> <span class='ocrx_word' id='word_1_251' title='bbox 1782 2118 1966 2172; x_wconf 87' lang='lat' dir='ltr'><strong>eadem</strong></span> 
     </span>
    </p>
   </div>
   <div class='ocr_carea' id='block_1_38' title="bbox 392 2210 1971 2284">
    <p class='ocr_par' dir='ltr' id='par_1_38' title="bbox 392 2210 1971 2284">
     <span class='ocr_line' id='line_1_38' title="bbox 392 2210 1971 2284; baseline -0.008 -11"><span class='ocrx_word' id='word_1_252' title='bbox 392 2220 621 2284; x_wconf 79' lang='lat' dir='ltr'><strong>Achaia,</strong></span> <span class='ocrx_word' id='word_1_253' title='bbox 687 2228 742 2275; x_wconf 91' lang='lat' dir='ltr'><strong>et</strong></span> <span class='ocrx_word' id='word_1_254' title='bbox 799 2218 1090 2273; x_wconf 81' lang='lat' dir='ltr'><strong>Timotheo</strong></span> <span class='ocrx_word' id='word_1_255' title='bbox 1155 2231 1219 2269; x_wconf 85' lang='lat' dir='ltr'><strong>ex</strong></span> <span class='ocrx_word' id='word_1_256' title='bbox 1284 2214 1523 2282; x_wconf 17' lang='lat' dir='ltr'><strong>Epheso.</strong></span> <span class='ocrx_word' id='word_1_257' title='bbox 1573 2210 1739 2263; x_wconf 68' lang='lat' dir='ltr'><strong>Ionias</strong></span> <span class='ocrx_word' id='word_1_258' title='bbox 1788 2217 1971 2262; x_wconf 86' lang='lat' dir='ltr'><strong>trans-</strong></span> 
     </span>
    </p>
   </div>
   <div class='ocr_carea' id='block_1_39' title="bbox 393 2313 526 2370">
    <p class='ocr_par' dir='ltr' id='par_1_39' title="bbox 393 2313 526 2370">
     <span class='ocr_line' id='line_1_39' title="bbox 393 2313 526 2370; baseline 0.053 -7"><span class='ocrx_word' id='word_1_259' title='bbox 393 2313 526 2370; x_wconf 90' lang='lat' dir='ltr'><strong>lato.</strong></span> 
     </span>
    </p>
   </div>
   <div class='ocr_carea' id='block_1_40' title="bbox 2076 1935 3709 2009">
    <p class='ocr_par' dir='ltr' id='par_1_40' title="bbox 2076 1935 3709 2009">
     <span class='ocr_line' id='line_1_40' title="bbox 2076 1935 3709 2009; baseline 0.004 -23"><span class='ocrx_word' id='word_1_260' title='bbox 2076 1935 2341 2004; x_wconf 84' lang='grc' dir='ltr'>μεγίστην</span> <span class='ocrx_word' id='word_1_261' title='bbox 2364 1938 2421 1988; x_wconf 81' lang='grc' dir='ltr'>ὲν</span> <span class='ocrx_word' id='word_1_262' title='bbox 2445 1938 2510 2007; x_wconf 77' lang='grc' dir='ltr'>τῇ</span> <span class='ocrx_word' id='word_1_263' title='bbox 2545 1935 2698 1990; x_wconf 88' lang='grc' dir='ltr'>πόλει</span> <span class='ocrx_word' id='word_1_264' title='bbox 2730 1937 2822 1990; x_wconf 79' lang='grc' dir='ltr'>τοῦ</span> <span class='ocrx_word' id='word_1_265' title='bbox 2852 1939 3333 2009; x_wconf 80' lang='grc' dir='ltr'>πατρὸς,πλησίον</span> <span class='ocrx_word' id='word_1_266' title='bbox 3369 1941 3482 2009; x_wconf 83' lang='grc' dir='ltr'><strong>τῆς</strong></span> <span class='ocrx_word' id='word_1_267' title='bbox 3509 1956 3709 2008; x_wconf 70' lang='grc' dir='ltr'>γερου-</span> 
     </span>
    </p>
   </div>
   <div class='ocr_carea' id='block_1_41' title="bbox 2076 2026 3705 2100">
    <p class='ocr_par' dir='ltr' id='par_1_41' title="bbox 2076 2026 3705 2100">
     <span class='ocr_line' id='line_1_41' title="bbox 2076 2026 3705 2100; baseline 0.001 -22"><span class='ocrx_word' id='word_1_268' title='bbox 2076 2026 2219 2089; x_wconf 82' lang='grc' dir='ltr'>σίας,</span> <span class='ocrx_word' id='word_1_269' title='bbox 2252 2026 2498 2079; x_wconf 83' lang='grc' dir='ltr'>κάτωθεν</span> <span class='ocrx_word' id='word_1_270' title='bbox 2547 2027 2638 2080; x_wconf 83' lang='grc' dir='ltr'>τοῦ</span> <span class='ocrx_word' id='word_1_271' title='bbox 2676 2027 2840 2098; x_wconf 72' lang='grc' dir='ltr'>ἔργου</span> <span class='ocrx_word' id='word_1_272' title='bbox 2873 2030 2968 2081; x_wconf 79' lang='grc' dir='ltr'>καὶ</span> <span class='ocrx_word' id='word_1_273' title='bbox 2998 2030 3063 2082; x_wconf 81' lang='grc' dir='ltr'>ὲκ</span> <span class='ocrx_word' id='word_1_274' title='bbox 3104 2029 3403 2100; x_wconf 76' lang='grc' dir='ltr'>κρηπίδων</span> <span class='ocrx_word' id='word_1_275' title='bbox 3439 2028 3705 2099; x_wconf 76' lang='grc' dir='ltr'>ἀρξάμε-</span> 
     </span>
    </p>
   </div>
   <div class='ocr_carea' id='block_1_42' title="bbox 2076 2122 3704 2195">
    <p class='ocr_par' dir='ltr' id='par_1_42' title="bbox 2076 2122 3704 2195">
     <span class='ocr_line' id='line_1_42' title="bbox 2076 2122 3704 2195; baseline 0.002 -23"><span class='ocrx_word' id='word_1_276' title='bbox 2076 2136 2164 2183; x_wconf 86' lang='grc' dir='ltr'><strong>νος</strong></span> <span class='ocrx_word' id='word_1_277' title='bbox 2191 2137 2204 2152; x_wconf 78' lang='grc'><em>’</em></span> <span class='ocrx_word' id='word_1_278' title='bbox 2251 2122 2345 2173; x_wconf 58' lang='grc' dir='ltr'><strong>καὶ⁵</strong></span> <span class='ocrx_word' id='word_1_279' title='bbox 2374 2122 2465 2174; x_wconf 83' lang='grc' dir='ltr'><strong>τὸν</strong></span> <span class='ocrx_word' id='word_1_280' title='bbox 2492 2122 2587 2174; x_wconf 79' lang='grc' dir='ltr'>τοῦ</span> <span class='ocrx_word' id='word_1_281' title='bbox 2648 2123 2857 2193; x_wconf 74' lang='grc' dir='ltr'>πατρὸς</span> <span class='ocrx_word' id='word_1_282' title='bbox 2881 2124 3052 2194; x_wconf 83' lang='grc' dir='ltr'>τάφον</span> <span class='ocrx_word' id='word_1_283' title='bbox 3081 2125 3282 2195; x_wconf 80' lang='grc' dir='ltr'>τιμῶν,</span> <span class='ocrx_word' id='word_1_284' title='bbox 3310 2124 3460 2177; x_wconf 76' lang='grc' dir='ltr'>νεὼν</span> <span class='ocrx_word' id='word_1_285' title='bbox 3483 2126 3704 2192; x_wconf 79' lang='grc' dir='ltr'>ἐξῳκο-</span> 
     </span>
    </p>
   </div>
   <div class='ocr_carea' id='block_1_43' title="bbox 2076 2212 3704 2290">
    <p class='ocr_par' dir='ltr' id='par_1_43' title="bbox 2076 2212 3704 2290">
     <span class='ocr_line' id='line_1_43' title="bbox 2076 2212 3704 2290; baseline 0 -25"><span class='ocrx_word' id='word_1_286' title='bbox 2076 2212 2352 2283; x_wconf 81' lang='grc' dir='ltr'>δομήσατο</span> <span class='ocrx_word' id='word_1_287' title='bbox 2377 2215 2635 2283; x_wconf 88' lang='grc' dir='ltr'>μέγιστον</span> <span class='ocrx_word' id='word_1_288' title='bbox 2664 2218 2780 2269; x_wconf 79' lang='grc' dir='ltr'>ἐκεῖ</span> <span class='ocrx_word' id='word_1_289' title='bbox 2808 2216 3261 2290; x_wconf 78' lang='grc' dir='ltr'>θρησκευτήριον·</span> <span class='ocrx_word' id='word_1_290' title='bbox 3292 2218 3398 2271; x_wconf 65' lang='grc' dir='ltr'><strong>καὶ</strong></span> <span class='ocrx_word' id='word_1_291' title='bbox 3430 2217 3704 2288; x_wconf 57' lang='grc' dir='ltr'>Ἀνδρέω</span> 
     </span>
    </p>
   </div>
   <div class='ocr_carea' id='block_1_44' title="bbox 2078 2306 3705 2382">
    <p class='ocr_par' dir='ltr' id='par_1_44' title="bbox 2078 2306 3705 2382">
     <span class='ocr_line' id='line_1_44' title="bbox 2078 2306 3705 2382; baseline 0.002 -25"><span class='ocrx_word' id='word_1_292' title='bbox 2078 2306 2171 2359; x_wconf 77' lang='grc' dir='ltr'><strong>τὸν</strong></span> <span class='ocrx_word' id='word_1_293' title='bbox 2202 2308 2499 2361; x_wconf 73' lang='grc' dir='ltr'>ἀπόστολον</span> <span class='ocrx_word' id='word_1_294' title='bbox 2535 2311 2599 2362; x_wconf 83' lang='grc' dir='ltr'>ὲκ</span> <span class='ocrx_word' id='word_1_295' title='bbox 2628 2309 2730 2376; x_wconf 72' lang='grc' dir='ltr'><strong>τῆς</strong></span> <span class='ocrx_word' id='word_1_296' title='bbox 2762 2310 2988 2380; x_wconf 81' lang='grc' dir='ltr'>’Ᾱχαῖας</span> <span class='ocrx_word' id='word_1_297' title='bbox 3023 2310 3399 2382; x_wconf 80' lang='grc' dir='ltr'>μετενεγκὼν,</span> <span class='ocrx_word' id='word_1_298' title='bbox 3452 2311 3536 2372; x_wconf 78' lang='grc' dir='ltr'>ὡς</span> <span class='ocrx_word' id='word_1_299' title='bbox 3572 2326 3705 2379; x_wconf 71' lang='grc' dir='ltr'>προ-</span> 
     </span>
    </p>
   </div>
   <div class='ocr_carea' id='block_1_45' title="bbox 391 2396 3702 2477">
    <p class='ocr_par' dir='ltr' id='par_1_45' title="bbox 391 2396 3702 2477">
     <span class='ocr_line' id='line_1_45' title="bbox 391 2396 3702 2477; baseline 0.001 -23"><span class='ocrx_word' id='word_1_300' title='bbox 391 2400 549 2473; x_wconf 78' lang='grc' dir='ltr'>ἐφην,</span> <span class='ocrx_word' id='word_1_301' title='bbox 579 2406 694 2457; x_wconf 71' lang='grc' dir='ltr'>ἐκεῖ</span> <span class='ocrx_word' id='word_1_302' title='bbox 727 2401 1061 2472; x_wconf 83' lang='grc' dir='ltr'>μετέθηκεν·</span> <span class='ocrx_word' id='word_1_303' title='bbox 1098 2398 1189 2451; x_wconf 78' lang='grc' dir='ltr'>καὶ</span> <span class='ocrx_word' id='word_1_304' title='bbox 1221 2398 1326 2467; x_wconf 81' lang='grc' dir='ltr'>μὴν</span> <span class='ocrx_word' id='word_1_305' title='bbox 1345 2398 1439 2451; x_wconf 73' lang='grc' dir='ltr'><strong>καὶ</strong></span> <span class='ocrx_word' id='word_1_306' title='bbox 1459 2398 1675 2451; x_wconf 83' lang='grc' dir='ltr'>Λουκᾶν</span> <span class='ocrx_word' id='word_1_307' title='bbox 1700 2396 1791 2448; x_wconf 79' lang='grc' dir='ltr'><strong>τὸν</strong></span> <span class='ocrx_word' id='word_1_308' title='bbox 1821 2396 2218 2470; x_wconf 84' lang='grc' dir='ltr'>εὑαγγελιστὴν</span> <span class='ocrx_word' id='word_1_309' title='bbox 2267 2402 2330 2454; x_wconf 80' lang='grc' dir='ltr'>ὲκ</span> <span class='ocrx_word' id='word_1_310' title='bbox 2380 2402 2478 2471; x_wconf 78' lang='grc' dir='ltr'><strong>τῆς</strong></span> <span class='ocrx_word' id='word_1_311' title='bbox 2522 2403 2694 2472; x_wconf 84' lang='grc' dir='ltr'>αὑτῆς</span> <span class='ocrx_word' id='word_1_312' title='bbox 2761 2404 3062 2475; x_wconf 83' lang='grc' dir='ltr'>μετέθηκεν</span> <span class='ocrx_word' id='word_1_313' title='bbox 3121 2406 3346 2477; x_wconf 79' lang='grc' dir='ltr'>Ἀχαῒα;</span> <span class='ocrx_word' id='word_1_314' title='bbox 3380 2447 3396 2468; x_wconf 89' lang='grc'><strong>,</strong></span> <span class='ocrx_word' id='word_1_315' title='bbox 3461 2409 3566 2459; x_wconf 71' lang='grc' dir='ltr'><strong>καὶ</strong></span> <span class='ocrx_word' id='word_1_316' title='bbox 3613 2409 3702 2459; x_wconf 81' lang='lat' dir='ltr'><strong>Tt-</strong></span> 
     </span>
    </p>
   </div>
   <div class='ocr_carea' id='block_1_46' title="bbox 396 2491 1327 2565">
    <p class='ocr_par' dir='ltr' id='par_1_46' title="bbox 396 2491 1327 2565">
     <span class='ocr_line' id='line_1_46' title="bbox 396 2491 1327 2565; baseline -0.006 -16"><span class='ocrx_word' id='word_1_317' title='bbox 396 2494 586 2565; x_wconf 77' lang='grc' dir='ltr'>μόθεον</span> <span class='ocrx_word' id='word_1_318' title='bbox 609 2495 670 2558; x_wconf 74' lang='grc' dir='ltr'><strong>ἐξ</strong></span> <span class='ocrx_word' id='word_1_319' title='bbox 705 2492 935 2561; x_wconf 76' lang='grc' dir='ltr'>Ἐφέσου</span> <span class='ocrx_word' id='word_1_320' title='bbox 954 2491 1056 2559; x_wconf 83' lang='grc' dir='ltr'>τῆς</span> <span class='ocrx_word' id='word_1_321' title='bbox 1102 2492 1327 2553; x_wconf 88' lang='grc' dir='ltr'>Ἰωνίας.</span> 
     </span>
    </p>
   </div>
   <div class='ocr_carea' id='block_1_47' title="bbox 467 2631 1965 2703">
    <p class='ocr_par' dir='ltr' id='par_1_47' title="bbox 467 2631 1965 2703">
     <span class='ocr_line' id='line_1_47' title="bbox 467 2631 1965 2703; baseline -0.002 -14"><span class='ocrx_word' id='word_1_322' title='bbox 467 2637 554 2690; x_wconf 73' lang='lat' dir='ltr'><strong>l8.</strong></span> <span class='ocrx_word' id='word_1_323' title='bbox 582 2631 865 2689; x_wconf 82' lang='lat' dir='ltr'><strong>Artemius</strong></span> <span class='ocrx_word' id='word_1_324' title='bbox 898 2634 1069 2703; x_wconf 81' lang='lat' dir='ltr'><strong>igitur</strong></span> <span class='ocrx_word' id='word_1_325' title='bbox 1120 2632 1261 2687; x_wconf 89' lang='lat' dir='ltr'><strong>inter</strong></span> <span class='ocrx_word' id='word_1_326' title='bbox 1311 2632 1551 2702; x_wconf 90' lang='lat' dir='ltr'><strong>optimos</strong></span> <span class='ocrx_word' id='word_1_327' title='bbox 1586 2632 1743 2686; x_wconf 89' lang='lat' dir='ltr'><strong>viros</strong></span> <span class='ocrx_word' id='word_1_328' title='bbox 1772 2632 1965 2701; x_wconf 85' lang='lat' dir='ltr'><strong>jussus</strong></span> 
     </span>
    </p>
   </div>
   <div class='ocr_carea' id='block_1_48' title="bbox 396 2718 1968 2781">
    <p class='ocr_par' dir='ltr' id='par_1_48' title="bbox 396 2718 1968 2781">
     <span class='ocr_line' id='line_1_48' title="bbox 396 2718 1968 2781; baseline -0.007 -2"><span class='ocrx_word' id='word_1_329' title='bbox 396 2726 573 2781; x_wconf 80' lang='lat' dir='ltr'><strong>iuerat</strong></span> <span class='ocrx_word' id='word_1_330' title='bbox 627 2723 824 2777; x_wconf 88' lang='lat' dir='ltr'><strong>horum</strong></span> <span class='ocrx_word' id='word_1_331' title='bbox 893 2728 1216 2776; x_wconf 89' lang='lat' dir='ltr'><strong>sanctorum</strong></span> <span class='ocrx_word' id='word_1_332' title='bbox 1284 2718 1701 2775; x_wconf 86' lang='lat' dir='ltr'><strong>translationem</strong></span> <span class='ocrx_word' id='word_1_333' title='bbox 1753 2732 1968 2771; x_wconf 87' lang='lat' dir='ltr'><strong>curare.</strong></span> 
     </span>
    </p>
   </div>
   <div class='ocr_carea' id='block_1_49' title="bbox 2152 2628 3701 2707">
    <p class='ocr_par' dir='ltr' id='par_1_49' title="bbox 2152 2628 3701 2707">
     <span class='ocr_line' id='line_1_49' title="bbox 2152 2628 3701 2707; baseline 0.002 -22"><span class='ocrx_word' id='word_1_334' title='bbox 2152 2634 2328 2703; x_wconf 68' lang='lat' dir='ltr'><strong>tq&#39;.&quot;0</strong></span> <span class='ocrx_word' id='word_1_335' title='bbox 2353 2632 2409 2684; x_wconf 83' lang='grc' dir='ltr'><strong>δὲ</strong></span> <span class='ocrx_word' id='word_1_336' title='bbox 2434 2628 2502 2702; x_wconf 80' lang='grc' dir='ltr'>ἦν</span> <span class='ocrx_word' id='word_1_337' title='bbox 2532 2633 2639 2685; x_wconf 79' lang='grc' dir='ltr'><strong>τῶν</strong></span> <span class='ocrx_word' id='word_1_338' title='bbox 2664 2649 2726 2702; x_wconf 90' lang='grc' dir='ltr'><strong>γε</strong></span> <span class='ocrx_word' id='word_1_339' title='bbox 2758 2632 2821 2702; x_wconf 79' lang='grc' dir='ltr'><strong>δὴ</strong></span> <span class='ocrx_word' id='word_1_340' title='bbox 2859 2632 3146 2702; x_wconf 80' lang='grc' dir='ltr'>βελτίστων</span> <span class='ocrx_word' id='word_1_341' title='bbox 3180 2632 3515 2702; x_wconf 75' lang='grc' dir='ltr'>ἀνθρώπων</span> <span class='ocrx_word' id='word_1_342' title='bbox 3534 2636 3564 2687; x_wconf 81' lang='grc' dir='ltr'><strong>ό</strong></span> <span class='ocrx_word' id='word_1_343' title='bbox 3598 2636 3701 2707; x_wconf 69' lang='grc' dir='ltr'><strong>τὴν</strong></span> 
     </span>
    </p>
   </div>
   <div class='ocr_carea' id='block_1_50' title="bbox 2077 2725 3699 2796">
    <p class='ocr_par' dir='ltr' id='par_1_50' title="bbox 2077 2725 3699 2796">
     <span class='ocr_line' id='line_1_50' title="bbox 2077 2725 3699 2796; baseline 0.001 -18"><span class='ocrx_word' id='word_1_344' title='bbox 2077 2725 2395 2796; x_wconf 83' lang='grc' dir='ltr'>διακομιδὴν</span> <span class='ocrx_word' id='word_1_345' title='bbox 2451 2726 2655 2777; x_wconf 83' lang='grc' dir='ltr'>τούτων</span> <span class='ocrx_word' id='word_1_346' title='bbox 2722 2725 3054 2794; x_wconf 72' lang='grc' dir='ltr'>ποιήσασθαι</span> <span class='ocrx_word' id='word_1_347' title='bbox 3118 2726 3523 2795; x_wconf 78' lang='grc' dir='ltr'>προσταχθείς,</span> <span class='ocrx_word' id='word_1_348' title='bbox 3588 2728 3699 2781; x_wconf 74' lang='grc' dir='ltr'>Καὶ</span> 
     </span>
    </p>
   </div>
   <div class='ocr_carea' id='block_1_51' title="bbox 397 2806 1968 2902">
    <p class='ocr_par' dir='ltr' id='par_1_51' title="bbox 397 2806 1968 2887">
     <span class='ocr_line' id='line_1_51' title="bbox 397 2806 1968 2887; baseline -0.008 -16"><span class='ocrx_word' id='word_1_349' title='bbox 397 2818 452 2871; x_wconf 90' lang='lat' dir='ltr'><strong>In</strong></span> <span class='ocrx_word' id='word_1_350' title='bbox 489 2814 781 2887; x_wconf 64' lang='lat' dir='ltr'><strong>praemium</strong></span> <span class='ocrx_word' id='word_1_351' title='bbox 819 2828 949 2867; x_wconf 91' lang='lat' dir='ltr'><strong>vero</strong></span> <span class='ocrx_word' id='word_1_352' title='bbox 985 2811 1322 2874; x_wconf 90' lang='lat' dir='ltr'><strong>ministerii,</strong></span> <span class='ocrx_word' id='word_1_353' title='bbox 1378 2810 1700 2880; x_wconf 89' lang='lat' dir='ltr'><strong>imperator,</strong></span> <span class='ocrx_word' id='word_1_354' title='bbox 1734 2806 1968 2878; x_wconf 86' lang='lat' dir='ltr'><strong>roganti-</strong></span> 
     </span>
    </p>
   </div>
   <div class='ocr_carea' id='block_1_52' title="bbox 2086 2806 3693 2902">
    <p class='ocr_par' dir='ltr' id='par_1_52' title="bbox 2086 2815 3693 2886">
     <span class='ocr_line' id='line_1_52' title="bbox 2086 2815 3693 2886; baseline 0.001 -17"><span class='ocrx_word' id='word_1_355' title='bbox 2086 2817 2251 2886; x_wconf 87' lang='grc' dir='ltr'>γέρας</span> <span class='ocrx_word' id='word_1_356' title='bbox 2290 2833 2355 2883; x_wconf 91' lang='grc' dir='ltr'><strong>γε</strong></span> <span class='ocrx_word' id='word_1_357' title='bbox 2402 2816 2549 2885; x_wconf 85' lang='grc' dir='ltr'>αὑτῷ</span> <span class='ocrx_word' id='word_1_358' title='bbox 2576 2817 2675 2885; x_wconf 85' lang='grc' dir='ltr'><strong>τῆς</strong></span> <span class='ocrx_word' id='word_1_359' title='bbox 2707 2815 3052 2886; x_wconf 80' lang='grc' dir='ltr'>λειτουργίας</span> <span class='ocrx_word' id='word_1_360' title='bbox 3088 2818 3116 2868; x_wconf 80' lang='grc' dir='ltr'><em>ὁ</em></span> <span class='ocrx_word' id='word_1_361' title='bbox 3148 2816 3434 2884; x_wconf 77' lang='grc' dir='ltr'>βασιλεὺς,</span> <span class='ocrx_word' id='word_1_362' title='bbox 3461 2818 3693 2886; x_wconf 60' lang='grc' dir='ltr'>δεηθέν-</span> 
     </span>
    </p>
   </div>
   <div class='ocr_carea' id='block_1_53' title="bbox 397 2898 1972 2977">
    <p class='ocr_par' dir='ltr' id='par_1_53' title="bbox 397 2898 1972 2977">
     <span class='ocr_line' id='line_1_53' title="bbox 397 2898 1972 2977; baseline -0.008 -13"><span class='ocrx_word' id='word_1_363' title='bbox 397 2909 500 2964; x_wconf 89' lang='lat' dir='ltr'><strong>bus</strong></span> <span class='ocrx_word' id='word_1_364' title='bbox 527 2905 806 2977; x_wconf 90' lang='lat' dir='ltr'><strong>episcopis</strong></span> <span class='ocrx_word' id='word_1_365' title='bbox 834 2946 848 2971; x_wconf 90' lang='lat'><strong>,</strong></span> <span class='ocrx_word' id='word_1_366' title='bbox 884 2903 1182 2974; x_wconf 65' lang='lat' dir='ltr'><strong>Egyptum</strong></span> <span class='ocrx_word' id='word_1_367' title='bbox 1227 2903 1277 2958; x_wconf 90' lang='lat' dir='ltr'><strong>ei</strong></span> <span class='ocrx_word' id='word_1_368' title='bbox 1309 2902 1507 2956; x_wconf 86' lang='lat' dir='ltr'><strong>tribuit</strong></span> <span class='ocrx_word' id='word_1_369' title='bbox 1552 2899 1871 2973; x_wconf 66' lang='lat' dir='ltr'><strong>regendam.</strong></span> <span class='ocrx_word' id='word_1_370' title='bbox 1905 2898 1972 2953; x_wconf 87' lang='lat' dir='ltr'><strong>Et</strong></span> 
     </span>
    </p>
   </div>
   <div class='ocr_carea' id='block_1_54' title="bbox 398 2993 1967 3069">
    <p class='ocr_par' dir='ltr' id='par_1_54' title="bbox 398 2993 1967 3069">
     <span class='ocr_line' id='line_1_54' title="bbox 398 2993 1967 3069; baseline -0.006 -17"><span class='ocrx_word' id='word_1_371' title='bbox 398 3004 511 3057; x_wconf 62' lang='lat' dir='ltr'><strong>me</strong></span> <span class='ocrx_word' id='word_1_372' title='bbox 569 2996 788 3069; x_wconf 84' lang='lat' dir='ltr'><strong>quidem</strong></span> <span class='ocrx_word' id='word_1_373' title='bbox 843 2995 1008 3050; x_wconf 87' lang='lat' dir='ltr'><strong>habet</strong></span> <span class='ocrx_word' id='word_1_374' title='bbox 1056 2994 1123 3049; x_wconf 89' lang='lat' dir='ltr'><strong>de</strong></span> <span class='ocrx_word' id='word_1_375' title='bbox 1173 3003 1414 3064; x_wconf 83' lang='lat' dir='ltr'><strong>martyre</strong></span> <span class='ocrx_word' id='word_1_376' title='bbox 1458 2993 1704 3047; x_wconf 85' lang='lat' dir='ltr'><strong>historiae</strong></span> <span class='ocrx_word' id='word_1_377' title='bbox 1754 3001 1967 3053; x_wconf 89' lang='lat' dir='ltr'><strong>auctor,</strong></span> 
     </span>
    </p>
   </div>
   <div class='ocr_carea' id='block_1_55' title="bbox 395 3085 1971 3157">
    <p class='ocr_par' dir='ltr' id='par_1_55' title="bbox 395 3085 1971 3157">
     <span class='ocr_line' id='line_1_55' title="bbox 395 3085 1971 3157; baseline -0.004 -14"><span class='ocrx_word' id='word_1_378' title='bbox 395 3088 778 3145; x_wconf 75' lang='lat' dir='ltr'><strong>testimonium</strong></span> <span class='ocrx_word' id='word_1_379' title='bbox 813 3087 861 3141; x_wconf 90' lang='lat' dir='ltr'><strong>ei</strong></span> <span class='ocrx_word' id='word_1_380' title='bbox 892 3087 1168 3157; x_wconf 67' lang='lat' dir='ltr'><strong>prmbens,</strong></span> <span class='ocrx_word' id='word_1_381' title='bbox 1212 3085 1359 3155; x_wconf 86' lang='lat' dir='ltr'><strong>quod</strong></span> <span class='ocrx_word' id='word_1_382' title='bbox 1398 3087 1564 3139; x_wconf 89' lang='lat' dir='ltr'><strong>etiam</strong></span> <span class='ocrx_word' id='word_1_383' title='bbox 1610 3091 1737 3138; x_wconf 90' lang='lat' dir='ltr'><strong>ante</strong></span> <span class='ocrx_word' id='word_1_384' title='bbox 1764 3091 1971 3154; x_wconf 84' lang='lat' dir='ltr'><strong>marty-</strong></span> 
     </span>
    </p>
   </div>
   <div class='ocr_carea' id='block_1_56' title="bbox 398 3174 1973 3245">
    <p class='ocr_par' dir='ltr' id='par_1_56' title="bbox 398 3174 1973 3245">
     <span class='ocr_line' id='line_1_56' title="bbox 398 3174 1973 3245; baseline -0.001 -14"><span class='ocrx_word' id='word_1_385' title='bbox 398 3178 462 3234; x_wconf 90' lang='lat' dir='ltr'><strong>rii</strong></span> <span class='ocrx_word' id='word_1_386' title='bbox 498 3179 805 3235; x_wconf 89' lang='lat' dir='ltr'><strong>certamina</strong></span> <span class='ocrx_word' id='word_1_387' title='bbox 837 3177 904 3230; x_wconf 86' lang='lat' dir='ltr'><strong>ab</strong></span> <span class='ocrx_word' id='word_1_388' title='bbox 933 3176 1195 3231; x_wconf 90' lang='lat' dir='ltr'><strong>omnibus</strong></span> <span class='ocrx_word' id='word_1_389' title='bbox 1225 3183 1451 3245; x_wconf 88' lang='lat' dir='ltr'><strong>propter</strong></span> <span class='ocrx_word' id='word_1_390' title='bbox 1481 3175 1811 3230; x_wconf 88' lang='lat' dir='ltr'><strong>eminentem</strong></span> <span class='ocrx_word' id='word_1_391' title='bbox 1849 3174 1973 3229; x_wconf 74' lang='lat' dir='ltr'><strong>vita:</strong></span> 
     </span>
    </p>
   </div>
   <div class='ocr_carea' id='block_1_57' title="bbox 398 3265 1969 3331">
    <p class='ocr_par' dir='ltr' id='par_1_57' title="bbox 398 3265 1969 3331">
     <span class='ocr_line' id='line_1_57' title="bbox 398 3265 1969 3331; baseline -0.004 -7"><span class='ocrx_word' id='word_1_392' title='bbox 398 3271 746 3325; x_wconf 81' lang='lat' dir='ltr'><strong>sanctitatem</strong></span> <span class='ocrx_word' id='word_1_393' title='bbox 801 3267 858 3321; x_wconf 89' lang='lat' dir='ltr'><strong>in</strong></span> <span class='ocrx_word' id='word_1_394' title='bbox 914 3268 1125 3324; x_wconf 82' lang='lat' dir='ltr'><strong>honore</strong></span> <span class='ocrx_word' id='word_1_395' title='bbox 1170 3268 1241 3321; x_wconf 87' lang='lat' dir='ltr'><strong>sit</strong></span> <span class='ocrx_word' id='word_1_396' title='bbox 1273 3267 1515 3321; x_wconf 88' lang='lat' dir='ltr'><strong>habitus.</strong></span> <span class='ocrx_word' id='word_1_397' title='bbox 1574 3265 1731 3331; x_wconf 85' lang='lat' dir='ltr'><strong>Quod</strong></span> <span class='ocrx_word' id='word_1_398' title='bbox 1784 3272 1969 3319; x_wconf 87' lang='lat' dir='ltr'><strong>autem</strong></span> 
     </span>
    </p>
   </div>
   <div class='ocr_carea' id='block_1_58' title="bbox 397 3359 1970 3432">
    <p class='ocr_par' dir='ltr' id='par_1_58' title="bbox 397 3359 1970 3432">
     <span class='ocr_line' id='line_1_58' title="bbox 397 3359 1970 3432; baseline -0.004 -17"><span class='ocrx_word' id='word_1_399' title='bbox 397 3370 610 3432; x_wconf 72' lang='lat' dir='ltr'><strong>spectat</strong></span> <span class='ocrx_word' id='word_1_400' title='bbox 649 3360 715 3413; x_wconf 91' lang='lat' dir='ltr'><strong>ad</strong></span> <span class='ocrx_word' id='word_1_401' title='bbox 768 3359 1011 3421; x_wconf 82' lang='lat' dir='ltr'><strong>Lucam,</strong></span> <span class='ocrx_word' id='word_1_402' title='bbox 1058 3360 1111 3412; x_wconf 82' lang='lat' dir='ltr'><strong>id</strong></span> <span class='ocrx_word' id='word_1_403' title='bbox 1158 3360 1406 3412; x_wconf 85' lang='lat' dir='ltr'><strong>narravit</strong></span> <span class='ocrx_word' id='word_1_404' title='bbox 1455 3359 1751 3411; x_wconf 84' lang='lat' dir='ltr'><strong>Anatolius</strong></span> <span class='ocrx_word' id='word_1_405' title='bbox 1792 3372 1970 3411; x_wconf 90' lang='lat' dir='ltr'><strong>eunu-</strong></span> 
     </span>
    </p>
   </div>
   <div class='ocr_carea' id='block_1_59' title="bbox 397 3446 1972 3516">
    <p class='ocr_par' dir='ltr' id='par_1_59' title="bbox 397 3446 1972 3516">
     <span class='ocr_line' id='line_1_59' title="bbox 397 3446 1972 3516; baseline -0.003 -11"><span class='ocrx_word' id='word_1_406' title='bbox 397 3453 557 3515; x_wconf 78' lang='lat' dir='ltr'><strong>chus,</strong></span> <span class='ocrx_word' id='word_1_407' title='bbox 588 3465 733 3503; x_wconf 90' lang='lat' dir='ltr'><strong>unus</strong></span> <span class='ocrx_word' id='word_1_408' title='bbox 769 3464 799 3504; x_wconf 91' lang='lat' dir='ltr'><strong>e</strong></span> <span class='ocrx_word' id='word_1_409' title='bbox 839 3447 1207 3503; x_wconf 87' lang='lat' dir='ltr'><strong>cubiculariis</strong></span> <span class='ocrx_word' id='word_1_410' title='bbox 1232 3486 1249 3509; x_wconf 87' lang='lat'><strong>,</strong></span> <span class='ocrx_word' id='word_1_411' title='bbox 1281 3447 1374 3516; x_wconf 90' lang='lat' dir='ltr'><strong>qui</strong></span> <span class='ocrx_word' id='word_1_412' title='bbox 1405 3447 1522 3516; x_wconf 88' lang='lat' dir='ltr'><strong>ipse</strong></span> <span class='ocrx_word' id='word_1_413' title='bbox 1561 3447 1615 3499; x_wconf 93' lang='lat' dir='ltr'><strong>in</strong></span> <span class='ocrx_word' id='word_1_414' title='bbox 1647 3462 1706 3501; x_wconf 91' lang='lat' dir='ltr'><strong>se</strong></span> <span class='ocrx_word' id='word_1_415' title='bbox 1747 3446 1972 3516; x_wconf 90' lang='lat' dir='ltr'><strong>pietatis</strong></span> 
     </span>
    </p>
   </div>
   <div class='ocr_carea' id='block_1_60' title="bbox 397 3537 1973 3606">
    <p class='ocr_par' dir='ltr' id='par_1_60' title="bbox 397 3537 1973 3606">
     <span class='ocr_line' id='line_1_60' title="bbox 397 3537 1973 3606; baseline -0.004 -10"><span class='ocrx_word' id='word_1_416' title='bbox 397 3542 648 3597; x_wconf 79' lang='lat' dir='ltr'><strong>cﬂ‘ecmtn</strong></span> <span class='ocrx_word' id='word_1_417' title='bbox 707 3540 907 3595; x_wconf 90' lang='lat' dir='ltr'><strong>sensit.</strong></span> <span class='ocrx_word' id='word_1_418' title='bbox 964 3537 1152 3593; x_wconf 79' lang='lat' dir='ltr'><strong>Refert</strong></span> <span class='ocrx_word' id='word_1_419' title='bbox 1209 3537 1377 3606; x_wconf 80' lang='lat' dir='ltr'><strong>igitur</strong></span> <span class='ocrx_word' id='word_1_420' title='bbox 1442 3537 1744 3590; x_wconf 89' lang='lat' dir='ltr'><strong>Anatolius</strong></span> <span class='ocrx_word' id='word_1_421' title='bbox 1789 3537 1885 3589; x_wconf 88' lang='lat' dir='ltr'><strong>ille</strong></span> <span class='ocrx_word' id='word_1_422' title='bbox 1914 3551 1973 3590; x_wconf 89' lang='lat' dir='ltr'><strong>se</strong></span> 
     </span>
    </p>
   </div>
   <div class='ocr_carea' id='block_1_61' title="bbox 397 3628 1971 3707">
    <p class='ocr_par' dir='ltr' id='par_1_61' title="bbox 397 3628 1971 3707">
     <span class='ocr_line' id='line_1_61' title="bbox 397 3628 1971 3707; baseline -0.004 -18"><span class='ocrx_word' id='word_1_423' title='bbox 397 3636 633 3707; x_wconf 74' lang='lat' dir='ltr'><strong>graviter</strong></span> <span class='ocrx_word' id='word_1_424' title='bbox 662 3640 926 3702; x_wconf 65' lang='lat' dir='ltr'><strong>aegrotum</strong></span> <span class='ocrx_word' id='word_1_425' title='bbox 960 3630 1325 3694; x_wconf 84' lang='lat' dir='ltr'><strong>decubuisse,</strong></span> <span class='ocrx_word' id='word_1_426' title='bbox 1352 3636 1517 3698; x_wconf 89' lang='lat' dir='ltr'><strong>atque</strong></span> <span class='ocrx_word' id='word_1_427' title='bbox 1550 3628 1686 3683; x_wconf 90' lang='lat' dir='ltr'><strong>adeo</strong></span> <span class='ocrx_word' id='word_1_428' title='bbox 1719 3629 1971 3684; x_wconf 90' lang='lat' dir='ltr'><strong>morbum</strong></span> 
     </span>
    </p>
   </div>
   <div class='ocr_carea' id='block_1_62' title="bbox 400 3720 1973 3797">
    <p class='ocr_par' dir='ltr' id='par_1_62' title="bbox 400 3720 1973 3797">
     <span class='ocr_line' id='line_1_62' title="bbox 400 3720 1973 3797; baseline 0 -20"><span class='ocrx_word' id='word_1_429' title='bbox 400 3728 698 3782; x_wconf 82' lang='lat' dir='ltr'><strong>increvisse</strong></span> <span class='ocrx_word' id='word_1_430' title='bbox 732 3733 792 3797; x_wconf 91' lang='lat' dir='ltr'><strong>ut</strong></span> <span class='ocrx_word' id='word_1_431' title='bbox 824 3723 1164 3777; x_wconf 87' lang='lat' dir='ltr'><strong>medicorum</strong></span> <span class='ocrx_word' id='word_1_432' title='bbox 1203 3731 1376 3776; x_wconf 87' lang='lat' dir='ltr'><strong>artem</strong></span> <span class='ocrx_word' id='word_1_433' title='bbox 1424 3731 1738 3793; x_wconf 87' lang='lat' dir='ltr'><strong>superaret.</strong></span> <span class='ocrx_word' id='word_1_434' title='bbox 1772 3720 1973 3777; x_wconf 87' lang='lat' dir='ltr'><strong>Phere-</strong></span> 
     </span>
    </p>
   </div>
   <div class='ocr_carea' id='block_1_63' title="bbox 397 3813 1974 3888">
    <p class='ocr_par' dir='ltr' id='par_1_63' title="bbox 397 3813 1974 3888">
     <span class='ocr_line' id='line_1_63' title="bbox 397 3813 1974 3888; baseline -0.003 -18"><span class='ocrx_word' id='word_1_435' title='bbox 397 3828 541 3873; x_wconf 80' lang='lat' dir='ltr'><strong>trum</strong></span> <span class='ocrx_word' id='word_1_436' title='bbox 603 3818 790 3888; x_wconf 80' lang='lat' dir='ltr'><strong>ergo,’</strong></span> <span class='ocrx_word' id='word_1_437' title='bbox 831 3816 885 3869; x_wconf 89' lang='lat' dir='ltr'><strong>in</strong></span> <span class='ocrx_word' id='word_1_438' title='bbox 919 3831 1029 3884; x_wconf 91' lang='lat' dir='ltr'><strong>quo</strong></span> <span class='ocrx_word' id='word_1_439' title='bbox 1075 3815 1326 3883; x_wconf 85' lang='lat' dir='ltr'><strong>jacucrat</strong></span> <span class='ocrx_word' id='word_1_440' title='bbox 1368 3813 1547 3870; x_wconf 85' lang='lat' dir='ltr'><strong>Lucas</strong></span> <span class='ocrx_word' id='word_1_441' title='bbox 1596 3822 1844 3884; x_wconf 88' lang='lat' dir='ltr'><strong>tempore</strong></span> <span class='ocrx_word' id='word_1_442' title='bbox 1875 3829 1974 3867; x_wconf 88' lang='lat' dir='ltr'><strong>na-</strong></span> 
     </span>
    </p>
   </div>
   <div class='ocr_carea' id='block_1_64' title="bbox 397 3905 1973 3981">
    <p class='ocr_par' dir='ltr' id='par_1_64' title="bbox 397 3905 1973 3981">
     <span class='ocr_line' id='line_1_64' title="bbox 397 3905 1973 3981; baseline -0.001 -19"><span class='ocrx_word' id='word_1_443' title='bbox 397 3910 722 3981; x_wconf 79' lang='lat' dir='ltr'><strong>vigationis,</strong></span> <span class='ocrx_word' id='word_1_444' title='bbox 757 3924 786 3961; x_wconf 87' lang='lat' dir='ltr'><strong>a</strong></span> <span class='ocrx_word' id='word_1_445' title='bbox 837 3909 977 3961; x_wconf 90' lang='lat' dir='ltr'><strong>mari</strong></span> <span class='ocrx_word' id='word_1_446' title='bbox 1023 3907 1090 3961; x_wconf 81' lang='lat' dir='ltr'><strong>ad</strong></span> <span class='ocrx_word' id='word_1_447' title='bbox 1122 3908 1387 3976; x_wconf 85' lang='lat' dir='ltr'><strong>templum</strong></span> <span class='ocrx_word' id='word_1_448' title='bbox 1430 3905 1812 3961; x_wconf 82' lang='lat' dir='ltr'><strong>deducendum</strong></span> <span class='ocrx_word' id='word_1_449' title='bbox 1858 3905 1973 3974; x_wconf 87' lang='lat' dir='ltr'><strong>ipse</strong></span> 
     </span>
    </p>
   </div>
   <div class='ocr_carea' id='block_1_65' title="bbox 393 3999 1968 4072">
    <p class='ocr_par' dir='ltr' id='par_1_65' title="bbox 393 3999 1968 4072">
     <span class='ocr_line' id='line_1_65' title="bbox 393 3999 1968 4072; baseline -0.004 -14"><span class='ocrx_word' id='word_1_450' title='bbox 393 4018 461 4058; x_wconf 81' lang='lat' dir='ltr'><strong>ex</strong></span> <span class='ocrx_word' id='word_1_451' title='bbox 488 4003 695 4072; x_wconf 85' lang='lat' dir='ltr'><strong>pietate</strong></span> <span class='ocrx_word' id='word_1_452' title='bbox 729 4000 902 4056; x_wconf 87' lang='lat' dir='ltr'><strong>subiit</strong></span> <span class='ocrx_word' id='word_1_453' title='bbox 935 4007 988 4054; x_wconf 90' lang='lat' dir='ltr'><strong>et</strong></span> <span class='ocrx_word' id='word_1_454' title='bbox 1020 4016 1141 4054; x_wconf 88' lang='lat' dir='ltr'><strong>cum</strong></span> <span class='ocrx_word' id='word_1_455' title='bbox 1176 4000 1373 4068; x_wconf 88' lang='lat' dir='ltr'><strong>bajulis</strong></span> <span class='ocrx_word' id='word_1_456' title='bbox 1420 4004 1667 4068; x_wconf 86' lang='lat' dir='ltr'><strong>portavit</strong></span> <span class='ocrx_word' id='word_1_457' title='bbox 1700 4014 1800 4068; x_wconf 89' lang='lat' dir='ltr'><strong>pro</strong></span> <span class='ocrx_word' id='word_1_458' title='bbox 1833 3999 1968 4051; x_wconf 89' lang='lat' dir='ltr'><strong>viri-</strong></span> 
     </span>
    </p>
   </div>
   <div class='ocr_carea' id='block_1_66' title="bbox 398 4091 1968 4158">
    <p class='ocr_par' dir='ltr' id='par_1_66' title="bbox 398 4091 1968 4158">
     <span class='ocr_line' id='line_1_66' title="bbox 398 4091 1968 4158; baseline -0.002 -13"><span class='ocrx_word' id='word_1_459' title='bbox 398 4098 498 4149; x_wconf 75' lang='lat' dir='ltr'><strong>bus</strong></span> <span class='ocrx_word' id='word_1_460' title='bbox 529 4093 688 4158; x_wconf 88' lang='lat' dir='ltr'><strong>suis;</strong></span> <span class='ocrx_word' id='word_1_461' title='bbox 744 4100 799 4148; x_wconf 88' lang='lat' dir='ltr'><strong>et</strong></span> <span class='ocrx_word' id='word_1_462' title='bbox 852 4101 983 4146; x_wconf 92' lang='lat' dir='ltr'><strong>tunc</strong></span> <span class='ocrx_word' id='word_1_463' title='bbox 1025 4092 1209 4145; x_wconf 83' lang='lat' dir='ltr'><strong>subito</strong></span> <span class='ocrx_word' id='word_1_464' title='bbox 1253 4091 1521 4144; x_wconf 85' lang='lat' dir='ltr'><strong>liberatus</strong></span> <span class='ocrx_word' id='word_1_465' title='bbox 1558 4099 1643 4144; x_wconf 91' lang='lat' dir='ltr'><strong>est</strong></span> <span class='ocrx_word' id='word_1_466' title='bbox 1679 4106 1709 4143; x_wconf 92' lang='lat' dir='ltr'><strong>a</strong></span> <span class='ocrx_word' id='word_1_467' title='bbox 1752 4092 1968 4153; x_wconf 86' lang='lat' dir='ltr'><strong>morbo,</strong></span> 
     </span>
    </p>
   </div>
   <div class='ocr_carea' id='block_1_67' title="bbox 396 4181 1968 4255">
    <p class='ocr_par' dir='ltr' id='par_1_67' title="bbox 396 4181 1968 4255">
     <span class='ocr_line' id='line_1_67' title="bbox 396 4181 1968 4255; baseline -0.003 -17"><span class='ocrx_word' id='word_1_468' title='bbox 396 4188 614 4255; x_wconf 88' lang='lat' dir='ltr'><strong>vitaque</strong></span> <span class='ocrx_word' id='word_1_469' title='bbox 674 4185 794 4254; x_wconf 86' lang='lat' dir='ltr'><strong>ejus</strong></span> <span class='ocrx_word' id='word_1_470' title='bbox 863 4192 1160 4252; x_wconf 81' lang='lat' dir='ltr'><strong>prorogata</strong></span> <span class='ocrx_word' id='word_1_471' title='bbox 1214 4182 1318 4235; x_wconf 81' lang='lat' dir='ltr'><strong>fuit</strong></span> <span class='ocrx_word' id='word_1_472' title='bbox 1366 4181 1432 4234; x_wconf 89' lang='lat' dir='ltr'><strong>ad</strong></span> <span class='ocrx_word' id='word_1_473' title='bbox 1507 4197 1614 4234; x_wconf 93' lang='lat' dir='ltr'><strong>non</strong></span> <span class='ocrx_word' id='word_1_474' title='bbox 1667 4196 1968 4249; x_wconf 88' lang='lat' dir='ltr'><strong>paucorum</strong></span> 
     </span>
    </p>
   </div>
   <div class='ocr_carea' id='block_1_68' title="bbox 395 4271 1967 4339">
    <p class='ocr_par' dir='ltr' id='par_1_68' title="bbox 395 4271 1967 4339">
     <span class='ocr_line' id='line_1_68' title="bbox 395 4271 1967 4339; baseline -0.003 -10"><span class='ocrx_word' id='word_1_475' title='bbox 395 4291 666 4329; x_wconf 81' lang='lat' dir='ltr'><strong>annorum</strong></span> <span class='ocrx_word' id='word_1_476' title='bbox 723 4288 1038 4329; x_wconf 89' lang='lat' dir='ltr'><strong>nutnerum.</strong></span> <span class='ocrx_word' id='word_1_477' title='bbox 1086 4272 1304 4325; x_wconf 88' lang='lat' dir='ltr'><strong>l’rimus</strong></span> <span class='ocrx_word' id='word_1_478' title='bbox 1356 4272 1545 4339; x_wconf 87' lang='lat' dir='ltr'><strong>itaque</strong></span> <span class='ocrx_word' id='word_1_479' title='bbox 1576 4271 1967 4339; x_wconf 84' lang='lat' dir='ltr'><strong>Apostolorum</strong></span> 
     </span>
    </p>
   </div>
   <div class='ocr_carea' id='block_1_69' title="bbox 393 4361 1968 4426">
    <p class='ocr_par' dir='ltr' id='par_1_69' title="bbox 393 4361 1968 4426">
     <span class='ocr_line' id='line_1_69' title="bbox 393 4361 1968 4426; baseline -0.003 -5"><span class='ocrx_word' id='word_1_480' title='bbox 393 4367 687 4421; x_wconf 84' lang='lat' dir='ltr'><strong>ecclesiam</strong></span> <span class='ocrx_word' id='word_1_481' title='bbox 747 4361 1043 4417; x_wconf 70' lang='lat' dir='ltr'><strong>mdilicavit</strong></span> <span class='ocrx_word' id='word_1_482' title='bbox 1110 4361 1487 4426; x_wconf 86' lang='lat' dir='ltr'><strong>Constantius,</strong></span> <span class='ocrx_word' id='word_1_483' title='bbox 1547 4362 1674 4416; x_wconf 86' lang='lat' dir='ltr'><strong>licet</strong></span> <span class='ocrx_word' id='word_1_484' title='bbox 1721 4364 1968 4419; x_wconf 84' lang='lat' dir='ltr'><strong>eamdem</strong></span> 
     </span>
    </p>
   </div>
   <div class='ocr_carea' id='block_1_70' title="bbox 346 4446 1968 4525">
    <p class='ocr_par' dir='ltr' id='par_1_70' title="bbox 346 4446 1968 4525">
     <span class='ocr_line' id='line_1_70' title="bbox 346 4446 1968 4525; baseline 0.004 -22"><span class='ocrx_word' id='word_1_485' title='bbox 346 4522 355 4525; x_wconf 20' lang='grc' dir='ltr'><em>Δ</em></span> <span class='ocrx_word' id='word_1_486' title='bbox 398 4449 750 4520; x_wconf 88' lang='lat' dir='ltr'><strong>postmodum</strong></span> <span class='ocrx_word' id='word_1_487' title='bbox 776 4446 1133 4503; x_wconf 85' lang='lat' dir='ltr'><strong>Justinianus</strong></span> <span class='ocrx_word' id='word_1_488' title='bbox 1165 4448 1610 4518; x_wconf 82' lang='lat' dir='ltr'><strong>ampliﬁcaverit,</strong></span> <span class='ocrx_word' id='word_1_489' title='bbox 1652 4458 1707 4504; x_wconf 91' lang='lat' dir='ltr'><strong>et</strong></span> <span class='ocrx_word' id='word_1_490' title='bbox 1741 4454 1968 4509; x_wconf 88' lang='lat' dir='ltr'><strong>materia</strong></span> 
     </span>
    </p>
   </div>
   <div class='ocr_carea' id='block_1_71' title="bbox 395 4540 1972 4611">
    <p class='ocr_par' dir='ltr' id='par_1_71' title="bbox 395 4540 1972 4611">
     <span class='ocr_line' id='line_1_71' title="bbox 395 4540 1972 4611; baseline 0.006 -18"><span class='ocrx_word' id='word_1_491' title='bbox 395 4540 712 4611; x_wconf 89' lang='lat' dir='ltr'><strong>pretiosiori</strong></span> <span class='ocrx_word' id='word_1_492' title='bbox 762 4540 1109 4611; x_wconf 83' lang='lat' dir='ltr'><strong>splendidius</strong></span> <span class='ocrx_word' id='word_1_493' title='bbox 1157 4542 1463 4598; x_wconf 88' lang='lat' dir='ltr'><strong>ornaverit.</strong></span> <span class='ocrx_word' id='word_1_494' title='bbox 1514 4544 1607 4597; x_wconf 85' lang='lat' dir='ltr'><strong>Est</strong></span> <span class='ocrx_word' id='word_1_495' title='bbox 1656 4561 1801 4599; x_wconf 90' lang='lat' dir='ltr'><strong>nunc</strong></span> <span class='ocrx_word' id='word_1_496' title='bbox 1834 4556 1972 4601; x_wconf 79' lang='lat' dir='ltr'><strong>tem-</strong></span> 
     </span>
    </p>
   </div>
   <div class='ocr_carea' id='block_1_72' title="bbox 397 4634 1972 4715">
    <p class='ocr_par' dir='ltr' id='par_1_72' title="bbox 397 4634 1972 4715">
     <span class='ocr_line' id='line_1_72' title="bbox 397 4634 1972 4715; baseline 0.006 -32"><span class='ocrx_word' id='word_1_497' title='bbox 397 4634 544 4703; x_wconf 91' lang='lat' dir='ltr'><strong>plum</strong></span> <span class='ocrx_word' id='word_1_498' title='bbox 587 4634 643 4687; x_wconf 91' lang='lat' dir='ltr'><strong>in</strong></span> <span class='ocrx_word' id='word_1_499' title='bbox 676 4650 785 4704; x_wconf 87' lang='lat' dir='ltr'><strong>quo</strong></span> <span class='ocrx_word' id='word_1_500' title='bbox 830 4634 1020 4703; x_wconf 89' lang='lat' dir='ltr'><strong>jacent</strong></span> <span class='ocrx_word' id='word_1_501' title='bbox 1076 4635 1459 4715; x_wconf 86' lang='lat' dir='ltr'><strong>apostolorum</strong></span> <span class='ocrx_word' id='word_1_502' title='bbox 1506 4652 1774 4707; x_wconf 87' lang='lat' dir='ltr'><strong>corpora,</strong></span> <span class='ocrx_word' id='word_1_503' title='bbox 1820 4656 1972 4694; x_wconf 82' lang='lat' dir='ltr'><strong>eum-</strong></span> 
     </span>
    </p>
   </div>
   <div class='ocr_carea' id='block_1_73' title="bbox 397 4721 1900 4796">
    <p class='ocr_par' dir='ltr' id='par_1_73' title="bbox 397 4721 1900 4796">
     <span class='ocr_line' id='line_1_73' title="bbox 397 4721 1900 4796; baseline 0.005 -23"><span class='ocrx_word' id='word_1_504' title='bbox 397 4721 548 4776; x_wconf 88' lang='lat' dir='ltr'><strong>muni</strong></span> <span class='ocrx_word' id='word_1_505' title='bbox 576 4723 798 4777; x_wconf 88' lang='lat' dir='ltr'><strong>nomine</strong></span> <span class='ocrx_word' id='word_1_506' title='bbox 832 4723 1223 4791; x_wconf 86' lang='lat' dir='ltr'><strong>Apostolorum</strong></span> <span class='ocrx_word' id='word_1_507' title='bbox 1269 4725 1503 4780; x_wconf 82' lang='lat' dir='ltr'><strong>ecclesia</strong></span> <span class='ocrx_word' id='word_1_508' title='bbox 1540 4728 1900 4796; x_wconf 86' lang='lat' dir='ltr'><strong>appellatum.</strong></span> 
     </span>
    </p>
   </div>
   <div class='ocr_carea' id='block_1_74' title="bbox 2075 2906 3695 2979">
    <p class='ocr_par' dir='ltr' id='par_1_74' title="bbox 2075 2906 3695 2979">
     <span class='ocr_line' id='line_1_74' title="bbox 2075 2906 3695 2979; baseline 0 -20"><span class='ocrx_word' id='word_1_509' title='bbox 2075 2925 2183 2960; x_wconf 86' lang='grc' dir='ltr'><strong>των</strong></span> <span class='ocrx_word' id='word_1_510' title='bbox 2246 2906 2355 2961; x_wconf 86' lang='grc' dir='ltr'>τῶν</span> <span class='ocrx_word' id='word_1_511' title='bbox 2402 2908 2737 2970; x_wconf 81' lang='grc' dir='ltr'>ἐπισκόπων,</span> <span class='ocrx_word' id='word_1_512' title='bbox 2785 2907 2885 2978; x_wconf 82' lang='grc' dir='ltr'>τὴν</span> <span class='ocrx_word' id='word_1_513' title='bbox 2916 2908 3014 2976; x_wconf 82' lang='grc' dir='ltr'><strong>τῆς</strong></span> <span class='ocrx_word' id='word_1_514' title='bbox 3058 2908 3338 2975; x_wconf 76' lang='grc' dir='ltr'>Αἰγύπτου</span> <span class='ocrx_word' id='word_1_515' title='bbox 3406 2910 3695 2979; x_wconf 77' lang='grc' dir='ltr'>παρέσχεν</span> 
     </span>
    </p>
   </div>
   <div class='ocr_carea' id='block_1_75' title="bbox 2074 2995 3690 3071">
    <p class='ocr_par' dir='ltr' id='par_1_75' title="bbox 2074 2995 3690 3071">
     <span class='ocr_line' id='line_1_75' title="bbox 2074 2995 3690 3071; baseline 0.002 -21"><span class='ocrx_word' id='word_1_516' title='bbox 2074 2998 2268 3067; x_wconf 85' lang='grc' dir='ltr'>ἀρχήν.</span> <span class='ocrx_word' id='word_1_517' title='bbox 2299 2998 2404 3048; x_wconf 69' lang='grc' dir='ltr'>Καὶ</span> <span class='ocrx_word' id='word_1_518' title='bbox 2429 2998 2604 3050; x_wconf 82' lang='grc' dir='ltr'>ταῦτα</span> <span class='ocrx_word' id='word_1_519' title='bbox 2638 2998 2737 3066; x_wconf 80' lang='grc' dir='ltr'><strong>μὲν</strong></span> <span class='ocrx_word' id='word_1_520' title='bbox 2766 2997 2793 3048; x_wconf 88' lang='grc' dir='ltr'><strong>ὁ</strong></span> <span class='ocrx_word' id='word_1_521' title='bbox 2827 2995 2926 3066; x_wconf 81' lang='grc' dir='ltr'><strong>τὴν</strong></span> <span class='ocrx_word' id='word_1_522' title='bbox 2952 2997 3193 3066; x_wconf 79' lang='grc' dir='ltr'>ἱστορίαν</span> <span class='ocrx_word' id='word_1_523' title='bbox 3237 2999 3499 3064; x_wconf 72' lang='grc' dir='ltr'>συνάγων</span> <span class='ocrx_word' id='word_1_524' title='bbox 3564 3002 3690 3071; x_wconf 79' lang='grc' dir='ltr'>περὶ</span> 
     </span>
    </p>
   </div>
   <div class='ocr_carea' id='block_1_76' title="bbox 2073 3087 3689 3160">
    <p class='ocr_par' dir='ltr' id='par_1_76' title="bbox 2073 3087 3689 3160">
     <span class='ocr_line' id='line_1_76' title="bbox 2073 3087 3689 3160; baseline 0.002 -20"><span class='ocrx_word' id='word_1_525' title='bbox 2073 3087 2167 3141; x_wconf 82' lang='grc' dir='ltr'><strong>τοῦ</strong></span> <span class='ocrx_word' id='word_1_526' title='bbox 2202 3089 2499 3160; x_wconf 81' lang='grc' dir='ltr'>μάρτυρος,</span> <span class='ocrx_word' id='word_1_527' title='bbox 2528 3089 2939 3159; x_wconf 81' lang='grc' dir='ltr'>συμμαρτυρῶν</span> <span class='ocrx_word' id='word_1_528' title='bbox 2978 3089 3148 3159; x_wconf 76' lang='grc' dir='ltr'>αὐτῷ,</span> <span class='ocrx_word' id='word_1_529' title='bbox 3184 3090 3266 3141; x_wconf 77' lang='grc' dir='ltr'><strong>ὅτι</strong></span> <span class='ocrx_word' id='word_1_530' title='bbox 3297 3092 3392 3143; x_wconf 73' lang='grc' dir='ltr'><strong>καὶ</strong></span> <span class='ocrx_word' id='word_1_531' title='bbox 3422 3092 3537 3160; x_wconf 63' lang='grc' dir='ltr'><strong>προ</strong></span> <span class='ocrx_word' id='word_1_532' title='bbox 3577 3092 3689 3144; x_wconf 81' lang='grc' dir='ltr'>τῶν</span> 
     </span>
    </p>
   </div>
   <div class='ocr_carea' id='block_1_77' title="bbox 2074 3180 3686 3253">
    <p class='ocr_par' dir='ltr' id='par_1_77' title="bbox 2074 3180 3686 3253">
     <span class='ocr_line' id='line_1_77' title="bbox 2074 3180 3686 3253; baseline 0.004 -22"><span class='ocrx_word' id='word_1_533' title='bbox 2074 3180 2171 3249; x_wconf 81' lang='grc' dir='ltr'>τῆς</span> <span class='ocrx_word' id='word_1_534' title='bbox 2203 3181 2508 3251; x_wconf 83' lang='grc' dir='ltr'>μαρτυρίας</span> <span class='ocrx_word' id='word_1_535' title='bbox 2524 3182 2773 3249; x_wconf 88' lang='grc' dir='ltr'>ἀγώνων,</span> <span class='ocrx_word' id='word_1_536' title='bbox 2803 3184 2971 3235; x_wconf 80' lang='grc' dir='ltr'>πᾶσιν</span> <span class='ocrx_word' id='word_1_537' title='bbox 3006 3183 3248 3252; x_wconf 76' lang='grc' dir='ltr'>ὑπῆρχεν</span> <span class='ocrx_word' id='word_1_538' title='bbox 3274 3183 3569 3253; x_wconf 76' lang='grc' dir='ltr'>αἰδέσιμος</span> <span class='ocrx_word' id='word_1_539' title='bbox 3599 3184 3686 3237; x_wconf 72' lang='grc' dir='ltr'><strong>διὰ</strong></span> 
     </span>
    </p>
   </div>
   <div class='ocr_carea' id='block_1_78' title="bbox 2075 3269 3683 3345">
    <p class='ocr_par' dir='ltr' id='par_1_78' title="bbox 2075 3269 3683 3345">
     <span class='ocr_line' id='line_1_78' title="bbox 2075 3269 3683 3345; baseline 0.004 -24"><span class='ocrx_word' id='word_1_540' title='bbox 2075 3269 2173 3340; x_wconf 86' lang='grc' dir='ltr'><strong>τὴν</strong></span> <span class='ocrx_word' id='word_1_541' title='bbox 2199 3271 2703 3342; x_wconf 85' lang='grc' dir='ltr'>άπαστράπτουσαν</span> <span class='ocrx_word' id='word_1_542' title='bbox 2729 3274 2823 3326; x_wconf 79' lang='grc' dir='ltr'><strong>τοῦ</strong></span> <span class='ocrx_word' id='word_1_543' title='bbox 2860 3273 2977 3343; x_wconf 83' lang='grc' dir='ltr'>βίου</span> <span class='ocrx_word' id='word_1_544' title='bbox 3012 3272 3181 3325; x_wconf 76' lang='grc' dir='ltr'>αὑτοῦ</span> <span class='ocrx_word' id='word_1_545' title='bbox 3199 3274 3428 3343; x_wconf 77' lang='grc' dir='ltr'>ἀρετήν.</span> <span class='ocrx_word' id='word_1_546' title='bbox 3464 3275 3608 3345; x_wconf 77' lang='grc' dir='ltr'>Περὶ</span> <span class='ocrx_word' id='word_1_547' title='bbox 3630 3275 3683 3327; x_wconf 67' lang='grc' dir='ltr'><em>δὲ</em></span> 
     </span>
    </p>
   </div>
   <div class='ocr_carea' id='block_1_79' title="bbox 2074 3362 3682 3434">
    <p class='ocr_par' dir='ltr' id='par_1_79' title="bbox 2074 3362 3682 3434">
     <span class='ocr_line' id='line_1_79' title="bbox 2074 3362 3682 3434; baseline 0.001 -20"><span class='ocrx_word' id='word_1_548' title='bbox 2074 3362 2170 3414; x_wconf 78' lang='grc' dir='ltr'><strong>τοῦ</strong></span> <span class='ocrx_word' id='word_1_549' title='bbox 2206 3364 2393 3418; x_wconf 85' lang='grc' dir='ltr'>Λουκᾶ</span> <span class='ocrx_word' id='word_1_550' title='bbox 2447 3365 2543 3416; x_wconf 76' lang='grc' dir='ltr'>καὶ</span> <span class='ocrx_word' id='word_1_551' title='bbox 2589 3364 2796 3417; x_wconf 82' lang='grc' dir='ltr'>τοιόνδε</span> <span class='ocrx_word' id='word_1_552' title='bbox 2834 3382 2887 3416; x_wconf 88' lang='grc' dir='ltr'><strong>τι</strong></span> <span class='ocrx_word' id='word_1_553' title='bbox 2925 3364 3226 3434; x_wconf 80' lang='grc' dir='ltr'>διηγήσατο</span> <span class='ocrx_word' id='word_1_554' title='bbox 3290 3364 3611 3433; x_wconf 76' lang='grc' dir='ltr'>Ἀνατόλιος</span> <span class='ocrx_word' id='word_1_555' title='bbox 3655 3367 3682 3415; x_wconf 84' lang='grc' dir='ltr'><strong><em>ὁ</em></strong></span> 
     </span>
    </p>
   </div>
   <div class='ocr_carea' id='block_1_80' title="bbox 2075 3452 3678 3524">
    <p class='ocr_par' dir='ltr' id='par_1_80' title="bbox 2075 3452 3678 3524">
     <span class='ocr_line' id='line_1_80' title="bbox 2075 3452 3678 3524; baseline 0.002 -21"><span class='ocrx_word' id='word_1_556' title='bbox 2075 3452 2327 3522; x_wconf 81' lang='grc' dir='ltr'>εὐνοῦχος</span> <span class='ocrx_word' id='word_1_557' title='bbox 2355 3454 2462 3506; x_wconf 85' lang='grc' dir='ltr'><strong>τῶν</strong></span> <span class='ocrx_word' id='word_1_558' title='bbox 2508 3456 2573 3507; x_wconf 82' lang='grc' dir='ltr'><strong>ἐκ</strong></span> <span class='ocrx_word' id='word_1_559' title='bbox 2606 3455 2698 3507; x_wconf 79' lang='grc' dir='ltr'>τοῦ</span> <span class='ocrx_word' id='word_1_560' title='bbox 2728 3454 3006 3524; x_wconf 80' lang='grc' dir='ltr'>βασιλικοὺ</span> <span class='ocrx_word' id='word_1_561' title='bbox 3059 3454 3342 3517; x_wconf 80' lang='grc' dir='ltr'>κοιτῶνος,</span> <span class='ocrx_word' id='word_1_562' title='bbox 3374 3455 3549 3517; x_wconf 66' lang='grc' dir='ltr'>αὑτδς</span> <span class='ocrx_word' id='word_1_563' title='bbox 3598 3456 3678 3523; x_wconf 64' lang='grc' dir='ltr'><strong>ἐφ’</strong></span> 
     </span>
    </p>
   </div>
   <div class='ocr_carea' id='block_1_81' title="bbox 2075 3544 3675 3618">
    <p class='ocr_par' dir='ltr' id='par_1_81' title="bbox 2075 3544 3675 3618">
     <span class='ocr_line' id='line_1_81' title="bbox 2075 3544 3675 3618; baseline 0.001 -22"><span class='ocrx_word' id='word_1_564' title='bbox 2075 3545 2268 3598; x_wconf 82' lang='grc' dir='ltr'>ἑαυτοῦ</span> <span class='ocrx_word' id='word_1_565' title='bbox 2294 3544 2393 3616; x_wconf 83' lang='grc' dir='ltr'><strong>τὴν</strong></span> <span class='ocrx_word' id='word_1_566' title='bbox 2423 3547 2523 3615; x_wconf 80' lang='grc' dir='ltr'>τῆς</span> <span class='ocrx_word' id='word_1_567' title='bbox 2540 3547 2819 3615; x_wconf 79' lang='grc' dir='ltr'>ἁγιστείας</span> <span class='ocrx_word' id='word_1_568' title='bbox 2843 3551 3036 3618; x_wconf 81' lang='grc' dir='ltr'>πεῖραν</span> <span class='ocrx_word' id='word_1_569' title='bbox 3057 3546 3675 3615; x_wconf 77' lang='grc' dir='ltr'>δεξάμενος.”Εφασκεν</span> 
     </span>
    </p>
   </div>
   <div class='ocr_carea' id='block_1_82' title="bbox 2073 3633 3675 3709">
    <p class='ocr_par' dir='ltr' id='par_1_82' title="bbox 2073 3633 3675 3709">
     <span class='ocr_line' id='line_1_82' title="bbox 2073 3633 3675 3709; baseline -0.001 -19"><span class='ocrx_word' id='word_1_570' title='bbox 2073 3633 2168 3690; x_wconf 73' lang='grc' dir='ltr'><strong>οὖν</strong></span> <span class='ocrx_word' id='word_1_571' title='bbox 2201 3638 2356 3701; x_wconf 77' lang='grc' dir='ltr'>οὗτος</span> <span class='ocrx_word' id='word_1_572' title='bbox 2411 3640 2439 3691; x_wconf 87' lang='grc' dir='ltr'>ὁ</span> <span class='ocrx_word' id='word_1_573' title='bbox 2478 3639 2785 3702; x_wconf 84' lang='grc' dir='ltr'>Ἀνατόλιος</span> <span class='ocrx_word' id='word_1_574' title='bbox 2815 3639 3037 3708; x_wconf 80' lang='grc' dir='ltr'>φαύλως</span> <span class='ocrx_word' id='word_1_575' title='bbox 3069 3638 3399 3703; x_wconf 84' lang='grc' dir='ltr'>διακεῖσθαι,</span> <span class='ocrx_word' id='word_1_576' title='bbox 3438 3640 3537 3690; x_wconf 79' lang='grc' dir='ltr'><strong>καὶ</strong></span> <span class='ocrx_word' id='word_1_577' title='bbox 3562 3641 3675 3709; x_wconf 75' lang='grc' dir='ltr'><strong>μεέ-</strong></span> 
     </span>
    </p>
   </div>
   <div class='ocr_carea' id='block_1_83' title="bbox 2075 3725 3672 3800">
    <p class='ocr_par' dir='ltr' id='par_1_83' title="bbox 2075 3725 3672 3800">
     <span class='ocr_line' id='line_1_83' title="bbox 2075 3725 3672 3800; baseline 0.002 -23"><span class='ocrx_word' id='word_1_578' title='bbox 2075 3725 2165 3789; x_wconf 79' lang='grc' dir='ltr'>ζον</span> <span class='ocrx_word' id='word_1_579' title='bbox 2195 3725 2295 3797; x_wconf 76' lang='grc' dir='ltr'><strong>ήδη</strong></span> <span class='ocrx_word' id='word_1_580' title='bbox 2352 3727 2413 3781; x_wconf 83' lang='grc' dir='ltr'>τὸ</span> <span class='ocrx_word' id='word_1_581' title='bbox 2464 3727 2658 3792; x_wconf 80' lang='grc' dir='ltr'>πάθος,</span> <span class='ocrx_word' id='word_1_582' title='bbox 2706 3729 2915 3799; x_wconf 82' lang='grc' dir='ltr'>ἢκατά</span> <span class='ocrx_word' id='word_1_583' title='bbox 2969 3729 3065 3800; x_wconf 80' lang='grc' dir='ltr'>τὴν</span> <span class='ocrx_word' id='word_1_584' title='bbox 3106 3730 3213 3781; x_wconf 83' lang='grc' dir='ltr'><strong>τῶν</strong></span> <span class='ocrx_word' id='word_1_585' title='bbox 3272 3729 3483 3797; x_wconf 83' lang='grc' dir='ltr'>ἰατρῶν</span> <span class='ocrx_word' id='word_1_586' title='bbox 3538 3726 3672 3781; x_wconf 66' lang='grc' dir='ltr'>εἶναι</span> 
     </span>
    </p>
   </div>
   <div class='ocr_carea' id='block_1_84' title="bbox 2074 3816 3673 3895">
    <p class='ocr_par' dir='ltr' id='par_1_84' title="bbox 2074 3816 3673 3895">
     <span class='ocr_line' id='line_1_84' title="bbox 2074 3816 3673 3895; baseline 0 -23"><span class='ocrx_word' id='word_1_587' title='bbox 2074 3820 2302 3890; x_wconf 82' lang='grc' dir='ltr'>τέχνην’</span> <span class='ocrx_word' id='word_1_588' title='bbox 2335 3820 2434 3888; x_wconf 81' lang='grc' dir='ltr'><strong>τῆς</strong></span> <span class='ocrx_word' id='word_1_589' title='bbox 2459 3817 2550 3874; x_wconf 83' lang='grc' dir='ltr'><strong>οὖν</strong></span> <span class='ocrx_word' id='word_1_590' title='bbox 2597 3822 2867 3891; x_wconf 84' lang='grc' dir='ltr'>λάρνακος</span> <span class='ocrx_word' id='word_1_591' title='bbox 2903 3824 2959 3874; x_wconf 77' lang='grc' dir='ltr'>ἐν</span> <span class='ocrx_word' id='word_1_592' title='bbox 3080 3821 3487 3891; x_wconf 78' lang='grc' dir='ltr'>κατακείμενος</span> <span class='ocrx_word' id='word_1_593' title='bbox 3536 3816 3607 3889; x_wconf 75' lang='grc' dir='ltr'>ἦν</span> <span class='ocrx_word' id='word_1_594' title='bbox 3646 3822 3673 3872; x_wconf 83' lang='grc' dir='ltr'><strong><em>ὁ</em></strong></span> 
     </span>
    </p>
   </div>
   <div class='ocr_carea' id='block_1_85' title="bbox 2076 3912 3670 3984">
    <p class='ocr_par' dir='ltr' id='par_1_85' title="bbox 2076 3912 3670 3984">
     <span class='ocr_line' id='line_1_85' title="bbox 2076 3912 3670 3984; baseline -0.001 -19"><span class='ocrx_word' id='word_1_595' title='bbox 2076 3913 2291 3975; x_wconf 76' lang='grc' dir='ltr'>Λουκᾶς</span> <span class='ocrx_word' id='word_1_596' title='bbox 2322 3912 2506 3983; x_wconf 82' lang='grc' dir='ltr'>ἐπειδὴ</span> <span class='ocrx_word' id='word_1_597' title='bbox 2529 3913 3082 3984; x_wconf 86' lang='grc' dir='ltr'>προσεπεπλεύκεσαν</span> <span class='ocrx_word' id='word_1_598' title='bbox 3121 3914 3167 3965; x_wconf 83' lang='grc' dir='ltr'>οἱ</span> <span class='ocrx_word' id='word_1_599' title='bbox 3196 3914 3426 3980; x_wconf 75' lang='grc' dir='ltr'>ἄγοντες</span> <span class='ocrx_word' id='word_1_600' title='bbox 3482 3914 3670 3980; x_wconf 71' lang='grc' dir='ltr'>αὑτὴν,</span> 
     </span>
    </p>
   </div>
   <div class='ocr_carea' id='block_1_86' title="bbox 2075 4002 3670 4075">
    <p class='ocr_par' dir='ltr' id='par_1_86' title="bbox 2075 4002 3670 4075">
     <span class='ocr_line' id='line_1_86' title="bbox 2075 4002 3670 4075; baseline 0.001 -21"><span class='ocrx_word' id='word_1_601' title='bbox 2075 4002 2198 4072; x_wconf 83' lang='grc' dir='ltr'>ἄρτι</span> <span class='ocrx_word' id='word_1_602' title='bbox 2227 4004 2290 4055; x_wconf 77' lang='grc' dir='ltr'>ἐκ</span> <span class='ocrx_word' id='word_1_603' title='bbox 2315 4004 2413 4072; x_wconf 80' lang='grc' dir='ltr'>τῆς</span> <span class='ocrx_word' id='word_1_604' title='bbox 2442 4003 2717 4075; x_wconf 78' lang='grc' dir='ltr'>θαλάσσης</span> <span class='ocrx_word' id='word_1_605' title='bbox 2742 4005 2833 4057; x_wconf 70' lang='grc' dir='ltr'><strong>ἐπὶ</strong></span> <span class='ocrx_word' id='word_1_606' title='bbox 2854 4004 2946 4057; x_wconf 73' lang='grc' dir='ltr'>τὸν</span> <span class='ocrx_word' id='word_1_607' title='bbox 2979 4003 3115 4057; x_wconf 86' lang='grc' dir='ltr'>νεὼν</span> <span class='ocrx_word' id='word_1_608' title='bbox 3145 4004 3541 4073; x_wconf 74' lang='grc' dir='ltr'>κομιζομένης,</span> <span class='ocrx_word' id='word_1_609' title='bbox 3575 4005 3670 4056; x_wconf 77' lang='grc' dir='ltr'>αὑ·</span> 
     </span>
    </p>
   </div>
   <div class='ocr_carea' id='block_1_87' title="bbox 2073 4094 3669 4166">
    <p class='ocr_par' dir='ltr' id='par_1_87' title="bbox 2073 4094 3669 4166">
     <span class='ocr_line' id='line_1_87' title="bbox 2073 4094 3669 4166; baseline 0.002 -20"><span class='ocrx_word' id='word_1_610' title='bbox 2073 4094 2165 4156; x_wconf 83' lang='grc' dir='ltr'><strong>τὸς</strong></span> <span class='ocrx_word' id='word_1_611' title='bbox 2206 4095 2310 4148; x_wconf 85' lang='grc' dir='ltr'><strong>ὑπὸ</strong></span> <span class='ocrx_word' id='word_1_612' title='bbox 2330 4095 2637 4166; x_wconf 84' lang='grc' dir='ltr'>προθυμίας</span> <span class='ocrx_word' id='word_1_613' title='bbox 2668 4096 2921 4149; x_wconf 81' lang='grc' dir='ltr'>ὑπελθεῖν</span> <span class='ocrx_word' id='word_1_614' title='bbox 2953 4096 3046 4149; x_wconf 70' lang='grc' dir='ltr'><strong>καὶ</strong></span> <span class='ocrx_word' id='word_1_615' title='bbox 3071 4096 3537 4149; x_wconf 67' lang='grc' dir='ltr'>συνδιαϐαστάσλι</span> <span class='ocrx_word' id='word_1_616' title='bbox 3562 4100 3669 4157; x_wconf 80' lang='grc' dir='ltr'>τοῖς</span> 
     </span>
    </p>
   </div>
   <div class='ocr_carea' id='block_1_88' title="bbox 2078 4184 3667 4257">
    <p class='ocr_par' dir='ltr' id='par_1_88' title="bbox 2078 4184 3667 4257">
     <span class='ocr_line' id='line_1_88' title="bbox 2078 4184 3667 4257; baseline 0 -19"><span class='ocrx_word' id='word_1_617' title='bbox 2078 4187 2335 4255; x_wconf 85' lang='grc' dir='ltr'>φέρουσιν</span> <span class='ocrx_word' id='word_1_618' title='bbox 2371 4186 2643 4256; x_wconf 50' lang='lat' dir='ltr'><strong>ausint?”</strong></span> <span class='ocrx_word' id='word_1_619' title='bbox 2668 4188 2792 4239; x_wconf 82' lang='grc' dir='ltr'>ὅσον</span> <span class='ocrx_word' id='word_1_620' title='bbox 2822 4186 2974 4256; x_wconf 80' lang='grc' dir='ltr'>αὑτῷ</span> <span class='ocrx_word' id='word_1_621' title='bbox 2998 4188 3067 4240; x_wconf 83' lang='grc' dir='ltr'>τὰ</span> <span class='ocrx_word' id='word_1_622' title='bbox 3098 4188 3195 4257; x_wconf 81' lang='grc' dir='ltr'>τῆς</span> <span class='ocrx_word' id='word_1_623' title='bbox 3225 4187 3515 4257; x_wconf 78' lang='grc' dir='ltr'>δυνάμεως</span> <span class='ocrx_word' id='word_1_624' title='bbox 3541 4184 3667 4257; x_wconf 78' lang='grc' dir='ltr'>εἶχε,</span> 
     </span>
    </p>
   </div>
   <div class='ocr_carea' id='block_1_89' title="bbox 2079 4278 3669 4352">
    <p class='ocr_par' dir='ltr' id='par_1_89' title="bbox 2079 4278 3669 4352">
     <span class='ocr_line' id='line_1_89' title="bbox 2079 4278 3669 4352; baseline 0.001 -21"><span class='ocrx_word' id='word_1_625' title='bbox 2079 4281 2174 4331; x_wconf 75' lang='grc' dir='ltr'>καὶ</span> <span class='ocrx_word' id='word_1_626' title='bbox 2206 4280 2328 4332; x_wconf 82' lang='grc' dir='ltr'>τότε</span> <span class='ocrx_word' id='word_1_627' title='bbox 2360 4280 2673 4350; x_wconf 83' lang='grc' dir='ltr'>παραυτίκα</span> <span class='ocrx_word' id='word_1_628' title='bbox 2716 4278 2870 4352; x_wconf 73' lang='grc'><strong>[554]</strong></span> <span class='ocrx_word' id='word_1_629' title='bbox 2926 4280 3304 4351; x_wconf 80' lang='grc' dir='ltr'>ἀπαλλαγῆναι</span> <span class='ocrx_word' id='word_1_630' title='bbox 3339 4281 3441 4351; x_wconf 80' lang='grc' dir='ltr'>τῆς</span> <span class='ocrx_word' id='word_1_631' title='bbox 3493 4282 3669 4345; x_wconf 66' lang='grc' dir='ltr'>νόσου,</span> 
     </span>
    </p>
   </div>
   <div class='ocr_carea' id='block_1_90' title="bbox 2081 4368 3672 4441">
    <p class='ocr_par' dir='ltr' id='par_1_90' title="bbox 2081 4368 3672 4441">
     <span class='ocr_line' id='line_1_90' title="bbox 2081 4368 3672 4441; baseline 0.001 -22"><span class='ocrx_word' id='word_1_632' title='bbox 2081 4369 2174 4419; x_wconf 75' lang='grc' dir='ltr'>καὶ</span> <span class='ocrx_word' id='word_1_633' title='bbox 2203 4371 2282 4432; x_wconf 87' lang='grc' dir='ltr'><strong>εἰς</strong></span> <span class='ocrx_word' id='word_1_634' title='bbox 2304 4370 2395 4421; x_wconf 85' lang='grc' dir='ltr'><strong>τὸν</strong></span> <span class='ocrx_word' id='word_1_635' title='bbox 2428 4368 2619 4422; x_wconf 78' lang='grc' dir='ltr'>ἔπειτα</span> <span class='ocrx_word' id='word_1_636' title='bbox 2648 4371 2747 4441; x_wconf 81' lang='grc' dir='ltr'>τῆς</span> <span class='ocrx_word' id='word_1_637' title='bbox 2796 4370 2941 4439; x_wconf 78' lang='grc' dir='ltr'>ζωῆς</span> <span class='ocrx_word' id='word_1_638' title='bbox 2972 4370 3136 4423; x_wconf 80' lang='grc' dir='ltr'>αὑτοῦ</span> <span class='ocrx_word' id='word_1_639' title='bbox 3178 4371 3375 4441; x_wconf 84' lang='grc' dir='ltr'>χρόνον</span> <span class='ocrx_word' id='word_1_640' title='bbox 3402 4371 3672 4440; x_wconf 81' lang='grc' dir='ltr'>παρελκυ-</span> 
     </span>
    </p>
   </div>
   <div class='ocr_carea' id='block_1_91' title="bbox 2082 4459 3672 4533">
    <p class='ocr_par' dir='ltr' id='par_1_91' title="bbox 2082 4459 3672 4533">
     <span class='ocr_line' id='line_1_91' title="bbox 2082 4459 3672 4533; baseline 0.001 -21"><span class='ocrx_word' id='word_1_641' title='bbox 2082 4459 2276 4513; x_wconf 90' lang='grc' dir='ltr'>σθέντα</span> <span class='ocrx_word' id='word_1_642' title='bbox 2298 4463 2384 4514; x_wconf 80' lang='grc' dir='ltr'><strong>ἐπ’</strong></span> <span class='ocrx_word' id='word_1_643' title='bbox 2411 4462 2511 4515; x_wconf 89' lang='grc' dir='ltr'><strong>οὑκ</strong></span> <span class='ocrx_word' id='word_1_644' title='bbox 2540 4462 2737 4530; x_wconf 82' lang='grc' dir='ltr'>ὀλίγων</span> <span class='ocrx_word' id='word_1_645' title='bbox 2764 4462 2902 4516; x_wconf 84' lang='grc' dir='ltr'>ἐτῶν</span> <span class='ocrx_word' id='word_1_646' title='bbox 2955 4463 3080 4533; x_wconf 89' lang='grc' dir='ltr'>ἀριθ</span> <span class='ocrx_word' id='word_1_647' title='bbox 3092 4463 3213 4533; x_wconf 79' lang='grc' dir='ltr'>μόν.</span> <span class='ocrx_word' id='word_1_648' title='bbox 3245 4464 3350 4516; x_wconf 85' lang='grc' dir='ltr'>Τὸν</span> <span class='ocrx_word' id='word_1_649' title='bbox 3402 4463 3537 4531; x_wconf 76' lang='grc' dir='ltr'>γοῦν</span> <span class='ocrx_word' id='word_1_650' title='bbox 3566 4463 3672 4515; x_wconf 77' lang='grc' dir='ltr'><strong>τῶν</strong></span> 
     </span>
    </p>
   </div>
   <div class='ocr_carea' id='block_1_92' title="bbox 2085 4551 3668 4627">
    <p class='ocr_par' dir='ltr' id='par_1_92' title="bbox 2085 4551 3668 4627">
     <span class='ocr_line' id='line_1_92' title="bbox 2085 4551 3668 4627; baseline 0.003 -24"><span class='ocrx_word' id='word_1_651' title='bbox 2085 4551 2426 4606; x_wconf 88' lang='grc' dir='ltr'>Ἀποστὸλων</span> <span class='ocrx_word' id='word_1_652' title='bbox 2460 4552 2594 4607; x_wconf 89' lang='grc' dir='ltr'>νεὼν</span> <span class='ocrx_word' id='word_1_653' title='bbox 2629 4555 3007 4617; x_wconf 83' lang='grc' dir='ltr'>Κωνστάντιος</span> <span class='ocrx_word' id='word_1_654' title='bbox 3037 4554 3357 4626; x_wconf 80' lang='grc' dir='ltr'>ᾠκοδόμησε</span> <span class='ocrx_word' id='word_1_655' title='bbox 3388 4556 3668 4627; x_wconf 81' lang='grc' dir='ltr'>πρότερον,</span> 
     </span>
    </p>
   </div>
   <div class='ocr_carea' id='block_1_93' title="bbox 2083 4641 3671 4716">
    <p class='ocr_par' dir='ltr' id='par_1_93' title="bbox 2083 4641 3671 4716">
     <span class='ocr_line' id='line_1_93' title="bbox 2083 4641 3671 4716; baseline 0.003 -23"><span class='ocrx_word' id='word_1_656' title='bbox 2083 4641 2186 4695; x_wconf 78' lang='grc' dir='ltr'><strong>κᾶν</strong></span> <span class='ocrx_word' id='word_1_657' title='bbox 2214 4641 2441 4713; x_wconf 79' lang='grc' dir='ltr'>ὕστερον</span> <span class='ocrx_word' id='word_1_658' title='bbox 2500 4646 2875 4706; x_wconf 78' lang='grc' dir='ltr'>Ἰουστινιανὸς</span> <span class='ocrx_word' id='word_1_659' title='bbox 2904 4646 2996 4699; x_wconf 73' lang='grc' dir='ltr'><strong>ἐπὶ</strong></span> <span class='ocrx_word' id='word_1_660' title='bbox 3020 4646 3081 4697; x_wconf 84' lang='grc' dir='ltr'><strong>τὸ</strong></span> <span class='ocrx_word' id='word_1_661' title='bbox 3114 4648 3537 4716; x_wconf 80' lang='grc' dir='ltr'>μεγαλειότερον</span> <span class='ocrx_word' id='word_1_662' title='bbox 3556 4665 3671 4699; x_wconf 69' lang='grc' dir='ltr'>κατ-</span> 
     </span>
    </p>
   </div>
   <div class='ocr_carea' id='block_1_94' title="bbox 2082 4736 3669 4809">
    <p class='ocr_par' dir='ltr' id='par_1_94' title="bbox 2082 4736 3669 4809">
     <span class='ocr_line' id='line_1_94' title="bbox 2082 4736 3669 4809; baseline 0.004 -23"><span class='ocrx_word' id='word_1_663' title='bbox 2082 4736 2375 4799; x_wconf 89' lang='grc' dir='ltr'>εσκεύασε,</span> <span class='ocrx_word' id='word_1_664' title='bbox 2407 4737 2502 4789; x_wconf 71' lang='grc' dir='ltr'><strong>καὶ</strong></span> <span class='ocrx_word' id='word_1_665' title='bbox 2532 4739 2840 4809; x_wconf 86' lang='grc' dir='ltr'>κρείττοσιν</span> <span class='ocrx_word' id='word_1_666' title='bbox 2898 4738 3050 4802; x_wconf 75' lang='grc' dir='ltr'>ὕλαις</span> <span class='ocrx_word' id='word_1_667' title='bbox 3079 4740 3172 4791; x_wconf 81' lang='grc' dir='ltr'>ἐπὶ</span> <span class='ocrx_word' id='word_1_668' title='bbox 3206 4740 3268 4792; x_wconf 76' lang='grc' dir='ltr'>τὸ</span> <span class='ocrx_word' id='word_1_669' title='bbox 3302 4738 3669 4809; x_wconf 64' lang='grc' dir='ltr'>κοσμιώτερον</span> 
     </span>
    </p>
   </div>
   <div class='ocr_carea' id='block_1_95' title="bbox 394 4813 3673 4901">
    <p class='ocr_par' dir='ltr' id='par_1_95' title="bbox 394 4813 3673 4901">
     <span class='ocr_line' id='line_1_95' title="bbox 394 4813 3673 4901; baseline 0.004 -32"><span class='ocrx_word' id='word_1_670' title='bbox 394 4813 809 4885; x_wconf 83' lang='grc' dir='ltr'>κατεφαίδρυνε.</span> <span class='ocrx_word' id='word_1_671' title='bbox 846 4816 955 4867; x_wconf 71' lang='grc' dir='ltr'>Καὶ</span> <span class='ocrx_word' id='word_1_672' title='bbox 992 4814 1140 4868; x_wconf 77' lang='grc' dir='ltr'>ἐστιν</span> <span class='ocrx_word' id='word_1_673' title='bbox 1162 4816 1255 4869; x_wconf 81' lang='grc' dir='ltr'>νῦν</span> <span class='ocrx_word' id='word_1_674' title='bbox 1278 4819 1305 4868; x_wconf 91' lang='grc' dir='ltr'>ὁ</span> <span class='ocrx_word' id='word_1_675' title='bbox 1332 4814 1466 4878; x_wconf 87' lang='grc' dir='ltr'>νεὼς</span> <span class='ocrx_word' id='word_1_676' title='bbox 1495 4816 1623 4870; x_wconf 77' lang='grc' dir='ltr'>ἔνθα</span> <span class='ocrx_word' id='word_1_677' title='bbox 1647 4818 1822 4871; x_wconf 88' lang='grc' dir='ltr'>κεῖται</span> <span class='ocrx_word' id='word_1_678' title='bbox 1871 4821 1979 4875; x_wconf 85' lang='grc' dir='ltr'><strong>τῶν</strong></span> <span class='ocrx_word' id='word_1_679' title='bbox 2019 4824 2333 4879; x_wconf 84' lang='grc' dir='ltr'>ἀποστόλων</span> <span class='ocrx_word' id='word_1_680' title='bbox 2373 4826 2442 4878; x_wconf 84' lang='grc' dir='ltr'><strong>τά</strong></span> <span class='ocrx_word' id='word_1_681' title='bbox 2495 4829 2742 4896; x_wconf 85' lang='grc' dir='ltr'>σώματα,</span> <span class='ocrx_word' id='word_1_682' title='bbox 2772 4830 2937 4899; x_wconf 86' lang='grc' dir='ltr'>κοινῴ</span> <span class='ocrx_word' id='word_1_683' title='bbox 2967 4831 3194 4901; x_wconf 80' lang='grc' dir='ltr'>ὀνόματι</span> <span class='ocrx_word' id='word_1_684' title='bbox 3263 4831 3373 4882; x_wconf 82' lang='grc' dir='ltr'><strong>τῶν</strong></span> <span class='ocrx_word' id='word_1_685' title='bbox 3427 4831 3673 4883; x_wconf 67' lang='grc' dir='ltr'>Ἀποστά-</span> 
     </span>
    </p>
   </div>
   <div class='ocr_carea' id='block_1_96' title="bbox 393 4907 981 4977">
    <p class='ocr_par' dir='ltr' id='par_1_96' title="bbox 393 4907 981 4977">
     <span class='ocr_line' id='line_1_96' title="bbox 393 4907 981 4977; baseline -0.007 -15"><span class='ocrx_word' id='word_1_686' title='bbox 393 4928 501 4965; x_wconf 75' lang='grc' dir='ltr'>Αων</span> <span class='ocrx_word' id='word_1_687' title='bbox 530 4907 794 4963; x_wconf 80' lang='grc' dir='ltr'>ὲπικαλού</span> <span class='ocrx_word' id='word_1_688' title='bbox 804 4923 981 4977; x_wconf 87' lang='grc' dir='ltr'>μενος.</span> 
     </span>
    </p>
   </div>
   <div class='ocr_carea' id='block_1_97' title="bbox 464 5040 1976 5114">
    <p class='ocr_par' dir='ltr' id='par_1_97' title="bbox 464 5040 1976 5114">
     <span class='ocr_line' id='line_1_97' title="bbox 464 5040 1976 5114; baseline -0.001 -13"><span class='ocrx_word' id='word_1_689' title='bbox 464 5045 554 5101; x_wconf 85' lang='grc'><strong>19.</strong></span> <span class='ocrx_word' id='word_1_690' title='bbox 589 5044 819 5114; x_wconf 78' lang='lat' dir='ltr'><strong>Magnus</strong></span> <span class='ocrx_word' id='word_1_691' title='bbox 868 5042 1035 5111; x_wconf 77' lang='lat' dir='ltr'><strong>igitur</strong></span> <span class='ocrx_word' id='word_1_692' title='bbox 1080 5042 1358 5096; x_wconf 78' lang='lat' dir='ltr'><strong>Artemius</strong></span> <span class='ocrx_word' id='word_1_693' title='bbox 1408 5042 1463 5095; x_wconf 91' lang='lat' dir='ltr'><strong>in</strong></span> <span class='ocrx_word' id='word_1_694' title='bbox 1506 5040 1803 5113; x_wconf 54' lang='lat' dir='ltr'><strong>tEgyptum</strong></span> <span class='ocrx_word' id='word_1_695' title='bbox 1858 5055 1976 5100; x_wconf 85' lang='lat' dir='ltr'><strong>ten—</strong></span> 
     </span>
    </p>
   </div>
   <div class='ocr_carea' id='block_1_98' title="bbox 391 5134 1978 5207">
    <p class='ocr_par' dir='ltr' id='par_1_98' title="bbox 391 5134 1978 5207">
     <span class='ocr_line' id='line_1_98' title="bbox 391 5134 1978 5207; baseline -0.003 -12"><span class='ocrx_word' id='word_1_696' title='bbox 391 5141 579 5205; x_wconf 47' lang='lat' dir='ltr'><strong>&#39;lcbat,</strong></span> <span class='ocrx_word' id='word_1_697' title='bbox 671 5137 941 5207; x_wconf 76' lang='lat' dir='ltr'><strong>dignitate</strong></span> <span class='ocrx_word' id='word_1_698' title='bbox 1008 5135 1166 5189; x_wconf 89' lang='lat' dir='ltr'><strong>ducis</strong></span> <span class='ocrx_word' id='word_1_699' title='bbox 1235 5134 1547 5189; x_wconf 90' lang='lat' dir='ltr'><strong>investitus.</strong></span> <span class='ocrx_word' id='word_1_700' title='bbox 1618 5135 1978 5191; x_wconf 87' lang='lat' dir='ltr'><strong>Constantius</strong></span> 
     </span>
    </p>
   </div>
   <div class='ocr_carea' id='block_1_99' title="bbox 396 5226 1977 5300">
    <p class='ocr_par' dir='ltr' id='par_1_99' title="bbox 396 5226 1977 5300">
     <span class='ocr_line' id='line_1_99' title="bbox 396 5226 1977 5300; baseline 0.002 -20"><span class='ocrx_word' id='word_1_701' title='bbox 396 5241 582 5285; x_wconf 71' lang='lat' dir='ltr'><strong>autem</strong></span> <span class='ocrx_word' id='word_1_702' title='bbox 645 5230 932 5300; x_wconf 80' lang='lat' dir='ltr'><strong>profectus</strong></span> <span class='ocrx_word' id='word_1_703' title='bbox 980 5226 1471 5296; x_wconf 80' lang='lat' dir='ltr'><strong>ConstantinOpoli</strong></span> <span class='ocrx_word' id='word_1_704' title='bbox 1521 5228 1575 5281; x_wconf 92' lang='lat' dir='ltr'><strong>in</strong></span> <span class='ocrx_word' id='word_1_705' title='bbox 1611 5226 1827 5299; x_wconf 86' lang='lat' dir='ltr'><strong>Syriam</strong></span> <span class='ocrx_word' id='word_1_706' title='bbox 1873 5229 1977 5283; x_wconf 89' lang='lat' dir='ltr'><strong>iter</strong></span> 
     </span>
    </p>
   </div>
   <div class='ocr_carea' id='block_1_100' title="bbox 397 5319 1975 5393">
    <p class='ocr_par' dir='ltr' id='par_1_100' title="bbox 397 5319 1975 5393">
     <span class='ocr_line' id='line_1_100' title="bbox 397 5319 1975 5393; baseline 0 -20"><span class='ocrx_word' id='word_1_707' title='bbox 397 5323 672 5387; x_wconf 86' lang='lat' dir='ltr'><strong>instituit;</strong></span> <span class='ocrx_word' id='word_1_708' title='bbox 705 5337 947 5393; x_wconf 87' lang='lat' dir='ltr'><strong>cumque</strong></span> <span class='ocrx_word' id='word_1_709' title='bbox 996 5320 1348 5390; x_wconf 81' lang='lat' dir='ltr'><strong>pervenisset</strong></span> <span class='ocrx_word' id='word_1_710' title='bbox 1387 5319 1455 5373; x_wconf 88' lang='lat' dir='ltr'><strong>ad</strong></span> <span class='ocrx_word' id='word_1_711' title='bbox 1486 5334 1739 5389; x_wconf 79' lang='lat' dir='ltr'><strong>magnam</strong></span> <span class='ocrx_word' id='word_1_712' title='bbox 1774 5320 1975 5374; x_wconf 84' lang='lat' dir='ltr'><strong>civita-</strong></span> 
     </span>
    </p>
   </div>
   <div class='ocr_carea' id='block_1_101' title="bbox 396 5411 1975 5481">
    <p class='ocr_par' dir='ltr' id='par_1_101' title="bbox 396 5411 1975 5481">
     <span class='ocr_line' id='line_1_101' title="bbox 396 5411 1975 5481; baseline 0.001 -17"><span class='ocrx_word' id='word_1_713' title='bbox 396 5424 501 5467; x_wconf 91' lang='lat' dir='ltr'><strong>tcm</strong></span> <span class='ocrx_word' id='word_1_714' title='bbox 537 5414 892 5469; x_wconf 88' lang='lat' dir='ltr'><strong>Antiochiam</strong></span> <span class='ocrx_word' id='word_1_715' title='bbox 917 5453 931 5479; x_wconf 91' lang='lat'><strong>,</strong></span> <span class='ocrx_word' id='word_1_716' title='bbox 969 5413 1174 5467; x_wconf 91' lang='lat' dir='ltr'><strong>ibidem</strong></span> <span class='ocrx_word' id='word_1_717' title='bbox 1213 5411 1330 5481; x_wconf 80' lang='lat' dir='ltr'><strong>ﬁgit</strong></span> <span class='ocrx_word' id='word_1_718' title='bbox 1364 5412 1786 5466; x_wconf 87' lang='lat' dir='ltr'><strong>tabernaculum</strong></span> <span class='ocrx_word' id='word_1_719' title='bbox 1811 5453 1827 5477; x_wconf 95' lang='lat'><strong>,</strong></span> <span class='ocrx_word' id='word_1_720' title='bbox 1865 5414 1975 5468; x_wconf 87' lang='lat' dir='ltr'><strong>bel-</strong></span> 
     </span>
    </p>
   </div>
   <div class='ocr_carea' id='block_1_102' title="bbox 397 5502 1969 5573">
    <p class='ocr_par' dir='ltr' id='par_1_102' title="bbox 397 5502 1969 5573">
     <span class='ocr_line' id='line_1_102' title="bbox 397 5502 1969 5573; baseline 0.002 -18"><span class='ocrx_word' id='word_1_721' title='bbox 397 5504 506 5556; x_wconf 89' lang='lat' dir='ltr'><strong>lum</strong></span> <span class='ocrx_word' id='word_1_722' title='bbox 533 5519 737 5573; x_wconf 89' lang='lat' dir='ltr'><strong>parans</strong></span> <span class='ocrx_word' id='word_1_723' title='bbox 782 5505 1054 5561; x_wconf 88' lang='lat' dir='ltr'><strong>adversus</strong></span> <span class='ocrx_word' id='word_1_724' title='bbox 1082 5503 1299 5557; x_wconf 85' lang='lat' dir='ltr'><strong>Persas.</strong></span> <span class='ocrx_word' id='word_1_725' title='bbox 1337 5502 1718 5557; x_wconf 90' lang='lat' dir='ltr'><strong>Commoranti</strong></span> <span class='ocrx_word' id='word_1_726' title='bbox 1756 5520 1887 5558; x_wconf 80' lang='lat' dir='ltr'><strong>vero</strong></span> <span class='ocrx_word' id='word_1_727' title='bbox 1918 5506 1969 5558; x_wconf 92' lang='lat' dir='ltr'><strong>in</strong></span> 
     </span>
    </p>
   </div>
   <div class='ocr_carea' id='block_1_103' title="bbox 396 5594 1972 5663">
    <p class='ocr_par' dir='ltr' id='par_1_103' title="bbox 396 5594 1972 5663">
     <span class='ocr_line' id='line_1_103' title="bbox 396 5594 1972 5663; baseline 0.003 -17"><span class='ocrx_word' id='word_1_728' title='bbox 396 5594 616 5648; x_wconf 87' lang='lat' dir='ltr'><strong>civitate</strong></span> <span class='ocrx_word' id='word_1_729' title='bbox 660 5604 827 5663; x_wconf 85' lang='lat' dir='ltr'><strong>atque</strong></span> <span class='ocrx_word' id='word_1_730' title='bbox 880 5595 1192 5649; x_wconf 85' lang='lat' dir='ltr'><strong>exercitum</strong></span> <span class='ocrx_word' id='word_1_731' title='bbox 1240 5596 1587 5661; x_wconf 86' lang='lat' dir='ltr'><strong>comparanti</strong></span> <span class='ocrx_word' id='word_1_732' title='bbox 1629 5594 1972 5651; x_wconf 86' lang='lat' dir='ltr'><strong>advenerunt</strong></span> 
     </span>
    </p>
   </div>
   <div class='ocr_carea' id='block_1_104' title="bbox 394 5682 1972 5753">
    <p class='ocr_par' dir='ltr' id='par_1_104' title="bbox 394 5682 1972 5753">
     <span class='ocr_line' id='line_1_104' title="bbox 394 5682 1972 5753; baseline 0.002 -15"><span class='ocrx_word' id='word_1_733' title='bbox 394 5682 595 5739; x_wconf 69' lang='lat' dir='ltr'><strong>litterae</strong></span> <span class='ocrx_word' id='word_1_734' title='bbox 622 5683 829 5738; x_wconf 86' lang='lat' dir='ltr'><strong>Juliani</strong></span> <span class='ocrx_word' id='word_1_735' title='bbox 878 5685 1239 5738; x_wconf 88' lang='lat' dir='ltr'><strong>rebellionem</strong></span> <span class='ocrx_word' id='word_1_736' title='bbox 1275 5682 1674 5753; x_wconf 77' lang='lat' dir='ltr'><strong>signiﬁcantes.</strong></span> <span class='ocrx_word' id='word_1_737' title='bbox 1709 5685 1972 5741; x_wconf 86' lang='lat' dir='ltr'><strong>Julianus</strong></span> 
     </span>
    </p>
   </div>
   <div class='ocr_carea' id='block_1_105' title="bbox 397 5772 1973 5848">
    <p class='ocr_par' dir='ltr' id='par_1_105' title="bbox 397 5772 1973 5848">
     <span class='ocr_line' id='line_1_105' title="bbox 397 5772 1973 5848; baseline 0.004 -22"><span class='ocrx_word' id='word_1_738' title='bbox 397 5774 584 5841; x_wconf 72' lang='lat' dir='ltr'><strong>enim,</strong></span> <span class='ocrx_word' id='word_1_739' title='bbox 616 5782 678 5827; x_wconf 85' lang='lat' dir='ltr'><strong>ut</strong></span> <span class='ocrx_word' id='word_1_740' title='bbox 703 5772 817 5840; x_wconf 83' lang='lat' dir='ltr'><strong>jam</strong></span> <span class='ocrx_word' id='word_1_741' title='bbox 852 5780 1010 5827; x_wconf 83' lang='lat' dir='ltr'><strong>antea</strong></span> <span class='ocrx_word' id='word_1_742' title='bbox 1046 5789 1075 5824; x_wconf 90' lang='lat' dir='ltr'><strong>a</strong></span> <span class='ocrx_word' id='word_1_743' title='bbox 1108 5788 1195 5827; x_wconf 91' lang='lat' dir='ltr'><strong>tne</strong></span> <span class='ocrx_word' id='word_1_744' title='bbox 1249 5773 1590 5829; x_wconf 83' lang='lat' dir='ltr'><strong>declaratum</strong></span> <span class='ocrx_word' id='word_1_745' title='bbox 1625 5786 1707 5831; x_wconf 84' lang='lat' dir='ltr'><strong>cst</strong></span> <span class='ocrx_word' id='word_1_746' title='bbox 1748 5778 1973 5848; x_wconf 83' lang='lat' dir='ltr'><strong>quando</strong></span> 
     </span>
    </p>
   </div>
   <div class='ocr_carea' id='block_1_106' title="bbox 2160 5046 3670 5121">
    <p class='ocr_par' dir='ltr' id='par_1_106' title="bbox 2160 5046 3670 5121">
     <span class='ocr_line' id='line_1_106' title="bbox 2160 5046 3670 5121; baseline 0.006 -21"><span class='ocrx_word' id='word_1_747' title='bbox 2160 5046 2243 5103; x_wconf 85' lang='grc' dir='ltr'>ιθ’.</span> <span class='ocrx_word' id='word_1_748' title='bbox 2291 5050 2348 5102; x_wconf 89' lang='lat'><strong>&#39;0</strong></span> <span class='ocrx_word' id='word_1_749' title='bbox 2383 5050 2481 5120; x_wconf 83' lang='grc' dir='ltr'>μὲν</span> <span class='ocrx_word' id='word_1_750' title='bbox 2510 5049 2605 5103; x_wconf 84' lang='grc' dir='ltr'><strong>οὖν</strong></span> <span class='ocrx_word' id='word_1_751' title='bbox 2624 5049 2796 5119; x_wconf 85' lang='grc' dir='ltr'>μέγας</span> <span class='ocrx_word' id='word_1_752' title='bbox 2840 5050 3126 5120; x_wconf 87' lang='grc' dir='ltr'>Ἀρτέμιος</span> <span class='ocrx_word' id='word_1_753' title='bbox 3157 5049 3251 5102; x_wconf 76' lang='grc' dir='ltr'>ἐπὶ</span> <span class='ocrx_word' id='word_1_754' title='bbox 3277 5050 3381 5121; x_wconf 77' lang='grc' dir='ltr'><strong>τὴν</strong></span> <span class='ocrx_word' id='word_1_755' title='bbox 3404 5053 3670 5121; x_wconf 75' lang='grc' dir='ltr'>Αἴγυπτον</span> 
     </span>
    </p>
   </div>
   <div class='ocr_carea' id='block_1_107' title="bbox 2076 5140 3669 5214">
    <p class='ocr_par' dir='ltr' id='par_1_107' title="bbox 2076 5140 3669 5214">
     <span class='ocr_line' id='line_1_107' title="bbox 2076 5140 3669 5214; baseline 0.004 -21"><span class='ocrx_word' id='word_1_756' title='bbox 2076 5140 2392 5212; x_wconf 81' lang='grc' dir='ltr'>ἐπορεύετο,</span> <span class='ocrx_word' id='word_1_757' title='bbox 2430 5141 2531 5211; x_wconf 79' lang='grc' dir='ltr'>τὴν</span> <span class='ocrx_word' id='word_1_758' title='bbox 2582 5140 2678 5195; x_wconf 82' lang='grc' dir='ltr'>τοῦ</span> <span class='ocrx_word' id='word_1_759' title='bbox 2709 5141 2900 5205; x_wconf 83' lang='grc' dir='ltr'>δουκὸς</span> <span class='ocrx_word' id='word_1_760' title='bbox 2925 5141 3085 5208; x_wconf 77' lang='grc' dir='ltr'>ἀξίαν</span> <span class='ocrx_word' id='word_1_761' title='bbox 3144 5144 3600 5214; x_wconf 69' lang='grc' dir='ltr'>ἀμφιασάμενος·</span> <span class='ocrx_word' id='word_1_762' title='bbox 3642 5149 3669 5199; x_wconf 85' lang='grc' dir='ltr'><strong>ὁ</strong></span> 
     </span>
    </p>
   </div>
   <div class='ocr_carea' id='block_1_108' title="bbox 2075 5234 3663 5305">
    <p class='ocr_par' dir='ltr' id='par_1_108' title="bbox 2075 5234 3663 5305">
     <span class='ocr_line' id='line_1_108' title="bbox 2075 5234 3663 5305; baseline 0.001 -16"><span class='ocrx_word' id='word_1_763' title='bbox 2075 5236 2132 5289; x_wconf 81' lang='grc' dir='ltr'>δὲ</span> <span class='ocrx_word' id='word_1_764' title='bbox 2160 5235 2540 5297; x_wconf 83' lang='grc' dir='ltr'>Κωνστάντιος</span> <span class='ocrx_word' id='word_1_765' title='bbox 2565 5234 2704 5304; x_wconf 83' lang='grc' dir='ltr'>ἄρας</span> <span class='ocrx_word' id='word_1_766' title='bbox 2735 5234 2845 5287; x_wconf 85' lang='grc' dir='ltr'>ἀπὸ</span> <span class='ocrx_word' id='word_1_767' title='bbox 2885 5235 2984 5304; x_wconf 83' lang='grc' dir='ltr'>τῆς</span> <span class='ocrx_word' id='word_1_768' title='bbox 3018 5237 3663 5305; x_wconf 76' lang='grc' dir='ltr'>Κωνσταντινουπόλεως,</span> 
     </span>
    </p>
   </div>
   <div class='ocr_carea' id='block_1_109' title="bbox 2075 5327 3667 5401">
    <p class='ocr_par' dir='ltr' id='par_1_109' title="bbox 2075 5327 3667 5401">
     <span class='ocr_line' id='line_1_109' title="bbox 2075 5327 3667 5401; baseline 0.004 -22"><span class='ocrx_word' id='word_1_769' title='bbox 2075 5328 2173 5397; x_wconf 81' lang='grc' dir='ltr'>τὴν</span> <span class='ocrx_word' id='word_1_770' title='bbox 2191 5328 2283 5379; x_wconf 77' lang='grc' dir='ltr'><strong>ἐπὶ</strong></span> <span class='ocrx_word' id='word_1_771' title='bbox 2329 5327 2430 5396; x_wconf 83' lang='grc' dir='ltr'><strong>τῆς</strong></span> <span class='ocrx_word' id='word_1_772' title='bbox 2461 5327 2664 5395; x_wconf 85' lang='grc' dir='ltr'>Συρίας</span> <span class='ocrx_word' id='word_1_773' title='bbox 2719 5329 2957 5380; x_wconf 80' lang='grc' dir='ltr'>ἐποιεῖτο</span> <span class='ocrx_word' id='word_1_774' title='bbox 2989 5328 3129 5392; x_wconf 82' lang='grc' dir='ltr'>ὁδὸν,</span> <span class='ocrx_word' id='word_1_775' title='bbox 3178 5329 3273 5381; x_wconf 75' lang='grc' dir='ltr'>καὶ</span> <span class='ocrx_word' id='word_1_776' title='bbox 3330 5329 3545 5397; x_wconf 72' lang='grc' dir='ltr'>φθάσας</span> <span class='ocrx_word' id='word_1_777' title='bbox 3572 5332 3667 5401; x_wconf 79' lang='grc' dir='ltr'><strong>τὴν</strong></span> 
     </span>
    </p>
   </div>
   <div class='ocr_carea' id='block_1_110' title="bbox 2083 5418 3667 5494">
    <p class='ocr_par' dir='ltr' id='par_1_110' title="bbox 2083 5418 3667 5494">
     <span class='ocr_line' id='line_1_110' title="bbox 2083 5418 3667 5494; baseline 0.001 -22"><span class='ocrx_word' id='word_1_778' title='bbox 2083 5419 2444 5489; x_wconf 84' lang='grc' dir='ltr'>μεγαλόπολιν</span> <span class='ocrx_word' id='word_1_779' title='bbox 2471 5418 2822 5489; x_wconf 84' lang='grc' dir='ltr'>Ἀντιόχειαν,</span> <span class='ocrx_word' id='word_1_780' title='bbox 2839 5420 3004 5471; x_wconf 80' lang='grc' dir='ltr'>αὑτοῦ</span> <span class='ocrx_word' id='word_1_781' title='bbox 3036 5424 3395 5491; x_wconf 83' lang='grc' dir='ltr'>κατασκηνοί,</span> <span class='ocrx_word' id='word_1_782' title='bbox 3429 5422 3519 5473; x_wconf 69' lang='grc' dir='ltr'><strong>τὸν</strong></span> <span class='ocrx_word' id='word_1_783' title='bbox 3540 5423 3667 5494; x_wconf 66' lang='grc' dir='ltr'>πρὸς</span> 
     </span>
    </p>
   </div>
   <div class='ocr_carea' id='block_1_111' title="bbox 2082 5507 3665 5582">
    <p class='ocr_par' dir='ltr' id='par_1_111' title="bbox 2082 5507 3665 5582">
     <span class='ocr_line' id='line_1_111' title="bbox 2082 5507 3665 5582; baseline 0.003 -21"><span class='ocrx_word' id='word_1_784' title='bbox 2082 5508 2208 5571; x_wconf 81' lang='grc' dir='ltr'>τοὺς</span> <span class='ocrx_word' id='word_1_785' title='bbox 2240 5510 2455 5579; x_wconf 88' lang='grc' dir='ltr'>Πέρσας</span> <span class='ocrx_word' id='word_1_786' title='bbox 2490 5507 2919 5578; x_wconf 78' lang='grc' dir='ltr'>έτοιμαζόμενος</span> <span class='ocrx_word' id='word_1_787' title='bbox 2948 5508 3204 5578; x_wconf 87' lang='grc' dir='ltr'>πόλεμον.</span> <span class='ocrx_word' id='word_1_788' title='bbox 3238 5510 3419 5564; x_wconf 81' lang='grc' dir='ltr'>Αὑτοῦ</span> <span class='ocrx_word' id='word_1_789' title='bbox 3463 5512 3520 5565; x_wconf 84' lang='grc' dir='ltr'><strong>δὲ</strong></span> <span class='ocrx_word' id='word_1_790' title='bbox 3550 5530 3665 5582; x_wconf 82' lang='grc' dir='ltr'>χρο-</span> 
     </span>
    </p>
   </div>
   <div class='ocr_carea' id='block_1_112' title="bbox 2080 5600 3664 5675">
    <p class='ocr_par' dir='ltr' id='par_1_112' title="bbox 2080 5600 3664 5675">
     <span class='ocr_line' id='line_1_112' title="bbox 2080 5600 3664 5675; baseline 0.001 -22"><span class='ocrx_word' id='word_1_791' title='bbox 2080 5600 2502 5671; x_wconf 77' lang='grc' dir='ltr'>νοτριϐῆσαντος</span> <span class='ocrx_word' id='word_1_792' title='bbox 2527 5602 2585 5653; x_wconf 78' lang='grc' dir='ltr'>ἐν</span> <span class='ocrx_word' id='word_1_793' title='bbox 2604 5603 2671 5671; x_wconf 83' lang='grc' dir='ltr'>τῇ</span> <span class='ocrx_word' id='word_1_794' title='bbox 2701 5602 2854 5654; x_wconf 87' lang='grc' dir='ltr'>πόλει</span> <span class='ocrx_word' id='word_1_795' title='bbox 2873 5602 2970 5656; x_wconf 68' lang='grc' dir='ltr'>καὶ</span> <span class='ocrx_word' id='word_1_796' title='bbox 3006 5602 3098 5655; x_wconf 82' lang='grc' dir='ltr'><strong>τὸν</strong></span> <span class='ocrx_word' id='word_1_797' title='bbox 3126 5602 3357 5672; x_wconf 82' lang='grc' dir='ltr'>στρατὸν</span> <span class='ocrx_word' id='word_1_798' title='bbox 3382 5605 3664 5675; x_wconf 73' lang='grc' dir='ltr'>ἐξαρτύονο</span> 
     </span>
    </p>
   </div>
   <div class='ocr_carea' id='block_1_113' title="bbox 2082 5692 3663 5766">
    <p class='ocr_par' dir='ltr' id='par_1_113' title="bbox 2082 5692 3663 5766">
     <span class='ocr_line' id='line_1_113' title="bbox 2082 5692 3663 5766; baseline 0.003 -23"><span class='ocrx_word' id='word_1_799' title='bbox 2082 5711 2193 5758; x_wconf 82' lang='grc' dir='ltr'>τος,</span> <span class='ocrx_word' id='word_1_800' title='bbox 2222 5692 2450 5760; x_wconf 83' lang='grc' dir='ltr'>ἀφίκετο</span> <span class='ocrx_word' id='word_1_801' title='bbox 2475 5695 2782 5763; x_wconf 85' lang='grc' dir='ltr'>γράμματα</span> <span class='ocrx_word' id='word_1_802' title='bbox 2817 5695 2954 5764; x_wconf 88' lang='grc' dir='ltr'>πρὸς</span> <span class='ocrx_word' id='word_1_803' title='bbox 2986 5696 3150 5749; x_wconf 83' lang='grc' dir='ltr'>αὑτὸν</span> <span class='ocrx_word' id='word_1_804' title='bbox 3170 5695 3439 5766; x_wconf 84' lang='grc' dir='ltr'>δηλοῦντα</span> <span class='ocrx_word' id='word_1_805' title='bbox 3457 5696 3556 5765; x_wconf 82' lang='grc' dir='ltr'>τὴν</span> <span class='ocrx_word' id='word_1_806' title='bbox 3578 5698 3663 5748; x_wconf 58' lang='grc' dir='ltr'>τσῦ</span> 
     </span>
    </p>
   </div>
   <div class='ocr_carea' id='block_1_114' title="bbox 2096 5784 3660 5863">
    <p class='ocr_par' dir='ltr' id='par_1_114' title="bbox 2096 5784 3660 5863">
     <span class='ocr_line' id='line_1_114' title="bbox 2096 5784 3660 5863; baseline 0.003 -28"><span class='ocrx_word' id='word_1_807' title='bbox 2096 5784 2381 5863; x_wconf 54' lang='grc' dir='ltr'>ξιουλιανοῦ</span> <span class='ocrx_word' id='word_1_808' title='bbox 2418 5786 2807 5841; x_wconf 79' lang='grc' dir='ltr'>ἐπανάστασιν.</span> <span class='ocrx_word' id='word_1_809' title='bbox 2858 5787 2918 5840; x_wconf 89' lang='grc' dir='ltr'>Ὀ</span> <span class='ocrx_word' id='word_1_810' title='bbox 2977 5788 3084 5859; x_wconf 83' lang='grc' dir='ltr'>γὰρ</span> <span class='ocrx_word' id='word_1_811' title='bbox 3122 5787 3428 5855; x_wconf 83' lang='grc' dir='ltr'>Ἰουλιανὸς,</span> <span class='ocrx_word' id='word_1_812' title='bbox 3482 5788 3559 5853; x_wconf 80' lang='grc' dir='ltr'>ὡς</span> <span class='ocrx_word' id='word_1_813' title='bbox 3579 5791 3660 5839; x_wconf 76' lang='lat'><strong>6:—</strong></span> 
     </span>
    </p>
   </div>
  </div>
