3882 6356
133 417 338 508 ,1269

1478 421 1538 480 S.
1575 418 1900 480 ARTEMII
1937 419 2220 482 PASSIO.

2815 400 2844 412 δ

3345 420 3482 484 12⁸ῐο

189 519 436 600 δήλωταί
467 545 559 598 μοι
613 530 707 582 καὶ
736 529 998 600 πρόσθεν,
1055 529 1216 600 ἡνίκα
1271 531 1358 583 τὸν
1407 533 1540 602 περὶ
1586 533 1793 585 τούτων

1923 532 1964 587 Ie
1993 533 2062 588 iis
2098 533 2456 598 instituebam
2507 545 2845 600 sermonem,
2897 531 2966 587 ad
3025 532 3337 589 custodiam
3375 534 3483 590 0c-

193 619 504 691 ἐποιούμην
534 619 716 690 λόγον,
749 624 841 676 ἐπὶ
869 625 1086 696 φυλακῇ
1118 624 1227 679 τῶν
1258 624 1563 695 Ἐσπερίων
1595 627 1674 689 εἰς
1695 626 1794 688 τὰς

171 707 434 774 Ταλλίας
464 709 570 764 ὑπὸ
603 711 696 764 τοῦ
734 713 1117 768 Κωνσταντίου
1149 714 1368 785 Καῖσαρ
1425 713 1793 784 ἀποδειχθεὶς,

192 805 369 868 αὐτὸς
413 805 508 858 ἐπὶ
536 804 720 859 πλεῖον
749 807 808 860 ἐν
829 806 910 876 τῷ
948 806 1042 860 τοῦ
1071 805 1348 877 Καίσαρος
1379 807 1622 876 σχήματι
1655 802 1797 859 εἷναι

195 897 285 969 μὴ
311 897 702 968 ἀνασχόμενος,
731 897 792 951 τό
822 915 882 952 τε
903 898 1139 970 διάδημα
1181 896 1536 971 περιτίθεται,
1579 898 1672 952 καὶ
1701 898 1798 967 τῆς

197 991 460 1062 μείζονος
481 989 819 1044 ἁνθάπτεται
861 989 1162 1061 βασιλείας.
1208 991 1364 1045 Ἐπεὶ
1385 989 1443 1044 δέ
1473 989 1800 1044 ἀντελάϐετο

190 1081 316 1134 τῶν
356 1083 726 1153 πραγμάτιον,
765 1083 951 1136 οὐκέτι
979 1083 1178 1154 μικρὸν
1230 1081 1382 1134 οὐδὲν
1411 1083 1632 1146 ἐνενόει,
1679 1082 1799 1134 οὐδὲ

190 1171 516 1243 διαμέλλειν
547 1173 856 1242 ἐγίγνωσκε
885 1173 1032 1227 δεῖν*
1056 1172 1195 1228 ἀλλὰ
1230 1170 1329 1244 τὴν
1363 1170 1634 1245 Εὐρώπην
1665 1174 1800 1236 τέως

197 1265 302 1334 ὑφ’
321 1264 500 1336 ἐαυτῷ
516 1265 847 1337 ποιήσασθαι
869 1267 1054 1320 πᾶσαν
1081 1265 1283 1322 ἐθέλων
1309 1265 1481 1337 ὁπόση
1506 1265 1802 1336 Ῥωμαίοις

194 1358 506 1422 ὑπακούει,
563 1358 646 1430 τῷ
671 1359 890 1431 στρατῷ
945 1358 1348 1431 συνταξάμενος
1375 1359 1461 1414 διὰ
1505 1359 1803 1430 Γερμανῶν

199 1451 308 1504 ἐπὶ
333 1450 425 1504 τὸν
456 1452 671 1520 Ἴστρον
695 1451 913 1522 ἐχώρει,
965 1452 1062 1505 καὶ
1092 1451 1194 1522 τῆς
1234 1452 1410 1521 πέραν
1441 1451 1610 1522 ϐχθης
1637 1449 1802 1504 λαϐό-

199 1559 398 1612 μενος,
425 1542 513 1596 διὰ
534 1541 642 1595 τῶν
667 1542 884 1614 ἐκείνης
910 1542 1130 1614 χωρίων
1163 1542 1394 1616 ἦλαυνεν
1417 1561 1430 1575 ο
1460 1543 1804 1614 ἀμφοτέρως

199 1633 339 1696 τοὺς
361 1633 644 1703 ὑπάρχους
674 1631 965 1697 διαλαθὼν,
998 1633 1093 1686 τὸν
1126 1648 1188 1684 τε
1221 1631 1330 1685 τῶν
1388 1630 1630 1685 Ἰταλιῶν
1662 1629 1805 1685 Ταῦ-

200 1742 310 1795 ρον
337 1723 480 1778 οὓτω
509 1723 850 1795 καλούμενον
891 1727 988 1778 καὶ
1011 1725 1104 1778 τὸν
1141 1722 1416 1794 Ἰλλυριῶν
1455 1722 1801 1793 Φλορέντιον.

1899 625 2138 680 cidentis
2178 627 2230 679 in
2290 623 2484 680 Galliis
2537 641 2564 678 a
2595 623 2926 681 Constantio
2960 624 3143 681 Caesar
3189 627 3478 682 denuntia-

1901 725 2015 782 tus,
2079 717 2296 774 diutius
2341 718 2396 772 in
2462 717 2653 772 habitu
2693 717 2934 774 Carsaris
2993 735 3349 790 perseverare
3375 734 3484 774 non

1901 807 2107 872 ferens,
2143 809 2316 862 cinxit
2346 817 2515 879 caput
2546 809 2869 865 diademate
2899 817 2952 865 et
2981 810 3047 865 ad
3081 827 3352 865 summum
3384 813 3488 866 lm—

1902 900 2120 970 perium
2182 901 2458 958 ascendit.
2513 899 2815 974 Postquam
2855 912 3036 957 autem
3078 903 3214 958 illud
3253 919 3489 974 usurpa-

1901 1003 2094 1060 verat,
2138 995 2274 1048 nihil
2323 993 2437 1064 jam
2497 1009 2730 1066 parvum
2789 994 3113 1065 reputabat,
3169 1011 3347 1066 neque
3380 998 3491 1052 exi-

1902 1084 2165 1156 stimabat
2200 1086 2579 1142 cunctandum
2612 1099 2762 1143 esse.
2799 1085 2904 1140 Sed
2938 1097 3106 1142 totam
3134 1104 3254 1158 quas
3284 1088 3488 1143 Roma-

1905 1181 1993 1236 nis
2025 1181 2212 1238 obcdit
2250 1183 2528 1256 Europam
2559 1183 2705 1240 illico
2737 1184 2790 1238 in
2825 1200 2982 1239 suam
3015 1183 3208 1238 volens
3238 1184 3502 1252 redigere-

1906 1283 2234 1341 potestatem
2264 1320 2279 1342 ,
2331 1279 2606 1332 instructo
2639 1277 2908 1342 exercitu,
2942 1293 3040 1348 per
3087 1275 3393 1330 Germanos
3423 1276 3514 1330 ad‘

1909 1368 2215 1424 Danubium
2252 1372 2528 1440 perrexit;
2573 1379 2779 1425 etcum
2832 1371 3150 1424 ulteriorem
3197 1372 3368 1440 ripam
3406 1379 3491 1423 at-

1906 1461 2145 1531 tigisset,
2177 1475 2274 1530 per
2307 1463 2426 1516 loca
2462 1460 2617 1517 illius
2653 1461 2891 1517 ducebat
2922 1461 3265 1526 exercitum,
3295 1461 3514 1514 ambos

1907 1552 2200 1623 praefectos
2232 1557 2417 1610 latens
2448 1596 2462 1618 ,
2496 1553 2663 1610 Italiae
2711 1553 2928 1611 scilicet
2977 1553 3257 1618 Taurum,
3311 1561 3367 1606 ut
3399 1569 3494 1606 vo-

1909 1644 2166 1708 cabatur,
2199 1654 2252 1700 et
2285 1644 2487 1716 Illyrici
2531 1645 2898 1701 Florentium.
2935 1643 3234 1716 Postquam
3275 1644 3496 1700 devenit

1911 1737 1976 1792 ad
2028 1736 2282 1802 Paeones,
2341 1738 2631 1793 traductus
2691 1737 2932 1803 ﬂumen,
2991 1737 3175 1792 statim
3228 1717 3492 1807 integram

197 1814 370 1888 {355]
413 1815 569 1868 Ἐπεὶ
595 1815 652 1868 δὲ
681 1814 826 1868 κατὰ
845 1815 1078 1878 Παίονας
1109 1815 1348 1883 ἐγένετο,
1372 1812 1566 1875 διαϐὰς
1594 1812 1687 1866 ἐπὶ
1713 1811 1808 1866 θά-

1923 1826 2154 1897 lllyriam
2204 1827 2310 1883 sibi
2358 1826 2634 1895 subjecit,
2685 1840 2904 1881 necnon
2954 1826 3197 1892 Italiam,
3238 1836 3293 1880 et
3319 1841 3496 1894 usque

199 1925 350 1978 τερα
381 1907 474 1961 τὸν
499 1907 767 1978 ποταμὸν,
786 1907 987 1960 αὐτίκα
1016 1907 1116 1976 τήν
1132 1923 1190 1958 τε
1221 1904 1486 1974 Ἰλλυρίδα
1511 1905 1692 1959 πᾶσαν
1715 1903 1804 1973 ὑφ’

1923 1919 1978 1970 ιιι
2009 1915 2288 1973 Oceanum
2321 1916 2721 1972 occidentalem
2752 1916 3046 1972 universas
3079 1924 3306 1985 gentes,
3341 1922 3496 1985 quot-

197 1999 392 2070 ἑαυτῷ
418 2000 522 2070 γῆν
545 1994 684 2068 εἶχε,
725 1997 944 2060 καὶτὰς
986 1997 1234 2062 Ἰταλίας,
1264 1998 1357 2050 καὶ
1388 1997 1456 2049 τὰ
1501 1997 1665 2067 μέχρι
1713 1995 1806 2049 τοῦ

201 2089 472 2160 ἑσπερίου
521 2088 766 2158 ὠκεανοῦ
809 2088 1103 2160 σύμπαντα
1154 2087 1281 2158 ἔθνη
1314 2087 1484 2140 ὁπόσα
1538 2088 1636 2157 τῆς
1676 2088 1808 2140 Ῥω-

203 2181 397 2252 μαίων
431 2180 852 2253 ἐπικρατήσεως
886 2175 977 2250 ἦν.

289 2323 359 2371 κ’.
405 2316 465 2374 '0
491 2316 548 2372 δέ
576 2315 958 2379 Κωνστάντιος
991 2316 1164 2370 ταῦτα
1191 2317 1280 2370 διὰ
1323 2316 1431 2371 τῶν
1461 2319 1809 2388 γραμμάτων

207 2407 433 2479 μαθὼν,
487 2405 765 2479 ἐταράχθη
799 2423 860 2460 τε
889 2405 1080 2477 ὥσπερ
1135 2406 1227 2460 καὶ
1257 2406 1403 2469 εἰκὸς
1433 2401 1522 2476 ἦν,
1561 2406 1655 2459 καὶ
1683 2405 1810 2477 περὶ

205 2498 322 2570 τῆς
343 2497 974 2560 Κωνσταντινουπόλεως
1027 2499 1266 2568 μάλιστα
1321 2497 1506 2561 δείσας
1542 2497 1638 2568 μὴ.
1674 2499 1810 2570 ὅπερ

209 2593 472 2654 κάκεῖνος
492 2590 750 2644 διενοεῖτο
773 2590 1052 2658 φθάσειεν,
1071 2589 1240 2662 αὐτὴν
1264 2590 1354 2660 ὑφ’
1369 2590 1563 2644 ἑαυτὸν
1593 2591 1814 2661 ποιησά-

211 2701 404 2754 μενος,
427 2684 690 2754 ἠπείγετο
716 2678 808 2736 οὖν
845 2683 986 2738 κατὰ
1009 2683 1072 2737 τὸ
1092 2683 1320 2738 δυνατὸν
1348 2681 1812 2753 προκαταλαϐεῖν.

227 2776 324 2828 Ἐν
349 2777 458 2847 ὅσῳ
477 2775 535 2828 δέ
561 2776 596 2827 ό
620 2775 850 2846 στρατὸς
885 2774 1035 2846 αύτῷ
1071 2776 1388 2843 συνελέγετο
1418 2775 1562 2829 κατά
1584 2775 1684 2839 τὰς
1715 2775 1814 2829 πό-

212 2867 338 2930 λεις
356 2868 456 2938 τῆς
501 2867 675 2940 Ἑῲας
708 2867 1130 2938 ἐσκεδασμένος,
1177 2869 1272 2922 καὶ
1315 2867 1538 2940 ἔμελλεν
1582 2868 1814 2938 ἐξαρτύ-

211 2955 380 3011 εσθαι
405 2957 482 3021 ὼς
511 2957 649 3028 πρὸς
674 2957 944 3028 τοσαύτην
969 2958 1108 3023 όδὸν,
1143 2959 1402 3030 σημαίνει
1427 2963 1542 3023 τοῖς
1591 2962 1813 3014 ἐπισκό-

215 3065 351 3114 ποις
375 3049 456 3113 είς
499 3049 602 3120 τὴν
631 3049 868 3104 Νίκαιαν
914 3049 1076 3106 αὐτὸν
1109 3050 1186 3114 ὡς
1225 3052 1308 3105 ὅτι
1335 3051 1567 3122 τάχιστα
1613 3052 1815 3123 φθῆναι

1911 2016 2044 2079 quot
2077 2016 2236 2062 erant
2262 2005 2484 2076 imperii
2527 2005 2928 2060 Romanorum.

1983 2317 2072 2372 20.
2096 2316 2230 2371 Cum
2267 2317 2383 2370 inec
2414 2330 2509 2386 per
2541 2315 2753 2369 litteras
2788 2313 3077 2368 didicisset
3099 2313 3454 2374 Constantius
3480 2355 3496 2380 ,

1913 2426 2019 2480 qua
2048 2423 2146 2479 par
2191 2418 2309 2462 erat
2343 2407 2768 2463 conturbatione
2818 2406 3149 2476 perstrictus
3174 2405 3274 2459 l‘uit
3301 2445 3315 2470 ,
3351 2415 3404 2460 et
3434 2407 3500 2461 de

1914 2500 2408 2569 ConstantinOpoli
2458 2499 2755 2555 admodum
2808 2497 3007 2554 timens
3074 2515 3164 2562 ne,
3202 2502 3345 2570 quod
3410 2501 3502 2555 ille

1914 2591 2103 2645 animo
2135 2589 2420 2659 cegitabat
2446 2630 2460 2655 ,
2494 2604 2558 2645 ea
2594 2589 2748 2660 prior
2781 2589 3078 2660 potiretur,
3115 2589 3247 2645 totis
3289 2590 3516 2646 viribus-

1913 2681 2215 2738 festinabat
2256 2697 2376 2736 eam
2427 2697 2838 2754 praeoccupare.
2891 2681 3114 2738 Interim
3170 2682 3299 2737 dum
3332 2683 3401 2738 ab
3435 2699 3504 2738 co

1914 2775 2288 2846 colligebatur
2348 2773 2630 2829 exercitus
2698 2773 2992 2846 dispersus
3075 2789 3170 2845 per
3248 2775 3536 2831 civitates--

1916 2866 2185 2931 Orientis,
2248 2873 2302 2921 et
2347 2867 2468 2937 ipse
2516 2882 2578 2922 se
2634 2867 2864 2937 parabat
2920 2867 2987 2921 ad
3049 2874 3255 2921 tantam
3320 2869 3498 2934 viam,

1921 2955 2202 3012 mandavit
2261 2956 2542 3028 episcopis
2596 2963 2658 3010 ut
2712 2953 2948 3010 Nicaeam
3001 2971 3164 3026 quam
3232 2956 3506 3022 citissime

1915 3066 2041 3106 eum
2072 3051 2462 3121 praevenirent.
2520 3047 2849 3104 lutendebat
2893 3048 3039 3103 enim
3107 3049 3407 3104 secundum
3447 3052 3504 3103 in

217 3125 724 3214 προαφικομένονς·
779 3144 1017 3214 ἐμελέτα
1076 3144 1184 3215 γὰρ
1244 3144 1503 3214 δευτέραν
1561 3147 1618 3198 ἐν
1677 3146 1814 3217 αὐτῇ

1923 3158 1981 3198 ea
2010 3142 2234 3199 civitate
2268 3157 2608 3212 congregare
2649 3139 2923 3214 synodum
2945 3183 2960 3208 ,
3012 3139 3096 3196 ab'
3129 3141 3313 3212 impiis
3345 3143 3505 3196 Aria-

219 3235 594 3308 συγκροτῆσαι
625 3235 866 3302 σύνοδον,
903 3237 1052 3308 παρά
1087 3236 1194 3291 τῶν
1219 3237 1497 3292 δυσσιϐὦν
1521 3238 1814 3310 Ἀρειανῶν

1923 3236 2013 3291 nis
2048 3235 2323 3291 adversus
2371 3232 3008 3290 consubstantialitatem
3039 3234 3333 3289 excitatus.
3367 3233 3502 3287 Cum

219 3328 371 3382 κατὰ
417 3327 512 3381 τοῦ
551 3327 842 3398 όμοουσίου
876 3329 1376 3400 παροτρυνόμενος.
1418 3331 1572 3382 Ἐπεὶ
1609 3330 1668 3384 δὲ
1717 3330 1816 3400 τὴν

1923 3343 2074 3392 vero,
2110 3327 2441 3382 transmissa
2471 3325 2701 3392 Cilicia,
2738 3325 2806 3380 ad
2855 3323 3065 3394 Mopsi,
3119 3336 3179 3380 ut
3214 3333 3504 3390 vocantur,

221 3418 484 3474 Κιλικίαν
504 3418 794 3484 διεξελθὼν
837 3421 916 3484 είς
951 3420 1050 3484 τὰς
1077 3420 1270 3490 Μόψου
1318 3421 1660 3492 καλουμένας
1681 3423 1818 3492 κρή-

222 3527 326 3573 νας
349 3508 595 3579 ἁτρίκετο,
625 3509 882 3564 ἀσθένειά
911 3527 995 3574 τις
1023 3510 1174 3581 αὐτῷ
1197 3510 1528 3575 ἐξαπιναίως
1556 3512 1822 3582 προσέπεο

222 3617 352 3671 χσε,
388 3601 482 3655 καὶ
508 3601 609 3672 οὐχ
632 3596 743 3665 οἷός
775 3617 833 3654 τε
853 3596 922 3672 ἦν
946 3601 1028 3654 ἔτι
1053 3602 1114 3655 τὸ
1147 3603 1335 3674 πρόσω
1363 3605 1580 3674 χωρεῖν.
1621 3605 1712 3667 Ὡς
1764 3604 1820 3656 δὲ

221 3694 428 3766 ᾔσθετο
449 3692 669 3763 φαύλως
694 3693 836 3765 ἔχων
870 3694 973 3766 ήδη
1003 3695 1098 3748 καὶ
1125 3695 1225 3748 οὐκ
1248 3695 1314 3749 ἂν
1347 3694 1702 3764 βιωσόμενος,
1720 3695 1821 3766 τὴν

221 3787 494 3858 ταχίστην
537 3788 630 3841 τὸν
678 3788 1012 3858 Ἀντιοχείας
1058 3789 1362 3842 ἐπίσκοπον
1397 3788 1820 3859 μεταπέμπεται

223 3879 492 3947 Εύζώῐον,
511 3880 608 3934 καὶ
634 3879 784 3950 αύτῷ
808 3879 1066 3951 βαπτίσαι
1094 3880 1256 3934 αὐτὸν
1283 3881 1568 3949 ἐπιτρέπει
1591 3896 1603 3908 ·
1636 3880 1823 3949 βαπτι-

224 3971 468 4041 νσὰμενος
493 3971 548 4023 δὲ
576 3972 671 4025 καὶ
709 3971 906 4042 μικρὸν
930 3969 1196 4036 ἐπιϐιοὺς,
1228 3969 1419 4024 αὐτόθι
1442 3970 1728 4041 προλείπει
1761 3971 1823 4022 τὸ

228 4064 360 4135 ζῇν,
405 4063 732 4133 βασιλεύσας
754 4065 823 4118 τα
855 4062 1148 4134 σύμπαντα
1177 4061 1274 4132 ἐτη
1295 4062 1729 4132 τεσσαράκοντα,
1752 4061 1822 4114 τὰ

227 4156 339 4226 μὲν
377 4156 582 4226 ἡμίσεα
612 4156 752 4226 μετὰ
783 4153 878 4208 τοῦ
912 4153 1140 4228 πατρὸς,
1171 4152 1242 4207 τὰ
1263 4153 1320 4206 δὲ
1354 4152 1608 4207 ἐπίλοιπα
1640 4152 1819 4223 μόνος.

227 4246 407 4300 Αὐτὸν
429 4245 485 4299 δέ
511 4248 544 4317 ὴ
574 4245 830 4318 στρατεία
845 4243 1250 4316 ὀλοφυραμένη,
1277 4245 1372 4299 καὶ
1402 4245 1472 4297 τὰ
1493 4244 1825 4314 νομιζόμενα

229 4338 324 4393 ἐπ’
361 4339 507 4410 αὐτῷ
544 4339 833 4402 τελέσασα,
885 4337 1118 4408 λάρνακι
1173 4339 1362 4391 τοῦτον
1411 4337 1685 4400 ἐνέθεσαν,
1713 4340 1825 4401 τοῖς

229 4433 488 4488 εἰωθόσιν
521 4434 599 4496 είς
655 4433 716 4485 τὸ
743 4431 1025 4503 διαρκέσαι
1075 4432 1450 4497 σκευάσαντες
1490 4431 1581 4485 τὸν
1612 4432 1824 4501 νεκρὸν,

232 4525 335 4580 καὶ
359 4527 438 4588 είς
473 4525 807 4596 ἁρμαμάξαν
835 4523 1136 4596 ἐνθέμενοι,
1157 4525 1414 4596 ἐκόμιζον
1446 4526 1538 4578 ἐπὶ
1566 4524 1664 4595 τὴν
1681 4525 1827 4578 Κων-

1923 3421 2102 3477 fontes
2136 3420 2517 3492 pervenisset,
2572 3418 2756 3474 subita
2808 3418 2965 3472 illum
3020 3417 3317 3473 infirmitas
3350 3419 3506 3472 inva-

1924 3516 2031 3579 sit,
2069 3529 2170 3569 nec
2217 3520 2433 3582 poterat
2477 3511 2713 3566 ulterius
2769 3510 3047 3581 progredi.
3097 3511 3167 3563 At
3200 3510 3291 3564 ubi
3331 3509 3508 3568 sensit

1923 3623 1985 3663 se.
2020 3606 2132 3676 jam
2167 3604 2308 3658 male
2357 3603 2593 3667 habere,
2660 3617 2763 3656 nec
2825 3601 3012 3656 forsan
3071 3601 3352 3656 victurum
3384 3615 3510 3656 esse

1925 3698 2188 3768 amplius,
2265 3709 2432 3763 quam
2505 3693 2775 3748 citissime
2826 3692 3136 3748 Antiochia:
3189 3695 3506 3764 episcopum

1925 3789 2190 3844 Euzoium
2234 3786 2566 3850 accersivit,
2633 3793 2690 3839 et
2739 3785 2810 3839 ab
2871 3799 2939 3839 eo
2995 3785 3158 3855 petiit
3214 3786 3508 3854 baptizari.

1925 3880 1991 3934 Et
2023 3888 2148 3951 post
2197 3887 2517 3947 susceptum
2560 3876 2896 3946 baptismum
2961 3891 3156 3944 parum
3199 3885 3507 3945 superstes,

1925 3990 1991 4029 eu
2023 3974 2144 4026 loco
2177 3987 2208 4025 e
2269 3971 2380 4024 vita
2413 3969 2678 4032 excessit,
2715 3982 2844 4022 cum
2899 3969 3227 4037 imperasset
3261 3969 3510 4038 integros

1926 4061 2292 4134 quadraginta
2318 4073 2516 4119 annos,
2551 4058 2744 4129 viginti
2777 4056 2998 4128 quidem
3034 4073 3158 4112 cum
3202 4069 3382 4128 patre,
3414 4075 3503 4114 re-

1928 4157 2111 4226 liquos
2172 4160 2356 4207 autem
2414 4151 2585 4207 solus.
2662 4149 2914 4218 Cumque
2969 4165 3094 4204 eum
3189 4150 3504 4207 dellevisset

1927 4247 2206 4304 exercitus
2251 4253 2306 4300 et
2349 4245 2502 4314 justa
2541 4242 2592 4298 ei
2643 4240 2892 4309 fecisset,
2948 4243 3132 4298 loculo
3169 4243 3513 4300 incluserunt

1929 4340 2168 4395 cadaver
2220 4337 2569 4392 aromatibus
2606 4333 2896 4390 conditum
2942 4351 3065 4406 quae
3119 4335 3374 4393 adhiberi
3421 4353 3511 4392 so—

1931 4434 2042 4488 lent
2077 4432 2140 4487 ad
2175 4431 2684 4497 conservationem;
2723 4427 2924 4485 deinde
2959 4427 3148 4482 currui
3186 4428 3508 4498 impositum

1931 4526 2176 4580 tulerunt
2218 4523 2797 4592 Constantinopolim,
2854 4537 2982 4576 cum
3017 4523 3260 4592 propriis
3313 4521 3514 4590 singuli

237 4615 727 4679 σταντινούπολιν,
795 4616 892 4668 σὺν
952 4617 1066 4679 τοῖς
1107 4617 1331 4679 οίκείοις
1381 4616 1600 4670 ἔκαστοι
1644 4617 1816 4680 ὅπλοις

1932 4617 2100 4671 armis
2132 4624 2464 4684 sequentes,
2495 4621 2551 4670 et
2590 4614 2646 4668 in
2678 4612 2869 4668 eodem
2912 4622 3110 4668 ornatu
3146 4629 3306 4684 quem
3341 4631 3514 4669 unus-

231 4707 390 4778 αὐτῷ
419 4709 770 4779 ἐφεπόμενοι,
800 4712 894 4765 καὶ
935 4710 1074 4764 κατὰ
1102 4711 1193 4765 τὸν
1215 4711 1380 4764 αὑτὸν
1415 4711 1621 4781 κόσμον
1662 4712 1828 4778 όνπερ

226 4800 337 4854 καὶ
385 4798 585 4865 ζῶντος
622 4802 726 4854 ὑπὸ
773 4804 886 4866 τοῖς
930 4803 1162 4875 ἡγεμόσι
1215 4804 1537 4871 τεταγμένοι
1602 4803 1830 4872 ἐτύγχα-

227 4908 330 4945 νον
338 4932 352 4947 ο

301 5022 467 5095 1556]
497 5023 607 5080 κα’.
639 5018 800 5078 Οὗτοι
859 5026 958 5095 μὲν
1004 5025 1091 5078 διὰ
1125 5026 1224 5093 τὴν
1259 5023 1832 5078 Κωνσταντινούπολιν

229 5115 386 5189 εἶχον
414 5117 640 5186 ἄγοντες
658 5117 752 5170 τὸν
775 5119 987 5190 νεκρὸν,
1029 5119 1122 5172 καὶ
1166 5117 1452 5182 Ἰουλιανὸς
1487 5121 1831 5191 συνομάρτη-

231 5227 334 5264 σεν
355 5211 420 5262 ἐκ
445 5207 552 5262 τῶν
593 5209 870 5281 Ἰλλυριῶν
917 5211 1270 5281 ἀφικόμενος,
1315 5213 1408 5264 καὶ
1463 5211 1566 5282 ἤδη
1599 5211 1831 5280 βεϐαίως

229 5303 385 5373 ἔχων
408 5301 509 5372 τὴν
537 5305 720 5357 πᾶσαν
771 5302 1072 5374 βασιλείαν,
1107 5304 1320 5365 οὐδενὸς
1365 5305 1526 5358 αὐτὸν
1561 5304 1700 5376 μετὰ
1741 5305 1832 5358 τὸν

231 5395 628 5450 Κωνσταντίου
691 5396 923 5450 θάνατον
973 5397 1364 5469 ἐναντιωθῆναι
1437 5397 1829 5468 τολμήσαντος.

231 5488 626 5559 Κομιζομένου
652 5489 710 5544 δέ
733 5489 828 5543 τοῦ
860 5492 1057 5562 νεκροῦ
1082 5491 1174 5544 ἐπὶ
1204 5489 1284 5561 τῷ
1311 5489 1416 5560 νεῷ
1441 5490 1549 5544 τῶν
1577 5491 1832 5544 Ἀποστό-

235 5581 378 5644 λων,
406 5582 496 5636 ἵνα
532 5599 641 5653 περ
679 5581 843 5636 αὐτὸν
870 5583 1212 5653 καταθήσειν
1239 5582 1468 5653 πλησίον
1501 5581 1595 5635 τοῦ
1628 5583 1833 5654 πατρὸς

230 5671 490 5744 ἔμελλον,
510 5674 677 5739 αὐτὸς
689 5675 878 5746 ἠγεῖτο
903 5677 1000 5747 τῆς
1026 5676 1235 5746 κλίνης,
1268 5674 1330 5728 τὸ
1350 5674 1588 5746 διάδημα
1617 5675 1716 5745 τῆς
1744 5693 1832 5728 κε-

229 5762 419 5830 φαλῆς
441 5765 737 5838 περιελών.
787 5767 939 5820 Ἐπεὶ
970 5767 1026 5821 δὲ
1057 5766 1269 5837 ἔθαψαν
1294 5765 1483 5831 αὐτὸν,
1519 5766 1611 5818 ἐτιί
1641 5765 1709 5818 τὰ
1733 5766 1833 5835 βα-

237 5857 360 5910 σιλε
384 5876 418 5916 α
446 5860 545 5929 ἤδη
571 5859 1074 5932 ἀπαλλαττόμενος,
1130 5861 1190 5915 τό
1232 5878 1288 5914 τε
1343 5858 1578 5930 διάδημα
1607 5859 1833 5914 ἐπέθετο

1931 4707 2186 4776 quisque,
2232 4705 2362 4758 dum
2417 4705 2530 4774 ipse
2567 4705 2810 4768 viveret,
2862 4703 2964 4758 sub
2995 4702 3320 4759 ductoribus
3349 4705 3516 4761 habe-

1934 4800 2044 4852 bat.

2006 5039 2096 5091 ‘2l.
2137 5038 2320 5108 Atque
2351 5037 2389 5092 ii
2424 5036 2649 5106 quidem
2680 5036 3218 5108 Constantinopolim
3250 5049 3522 5094 venerunt

1936 5131 2204 5186 ducentes
2241 5144 2466 5200 corpus.
2499 5127 2662 5184 Venit
2683 5135 2741 5186 et
2777 5128 3036 5186 Julianus
3086 5145 3152 5185 ex
3182 5130 3366 5201 Illyria
3393 5147 3521 5201 pro-

1937 5222 2139 5287 fectus,
2169 5220 2399 5293 jamque
2453 5221 2690 5278 ﬁrmiter
2745 5231 2940 5278 tenens
2985 5222 3306 5278 universum
3349 5224 3524 5294 impc-

1935 5315 2120 5377 rium,
2184 5315 2407 5369 nemine
2464 5325 2588 5384 post
2638 5313 2956 5371 Constantii
3003 5314 3222 5370 obitum
3280 5329 3420 5371 auso
3471 5317 3521 5370 ei

1937 5421 2267 5476 repugnare.
2302 5406 2440 5461 Cum
2492 5407 2728 5462 ferretur
2775 5406 3026 5462 defuncti
3090 5422 3297 5476 corpus
3330 5407 3396 5462 ad
3430 5423 3520 5463 ec-

1936 5499 2160 5553 clesiam
2193 5499 2622 5568 Apostolorum,
2675 5499 2764 5553 ubi
2808 5499 2964 5567 juxta
3020 5508 3229 5568 patrem
3285 5507 3403 5554 erat
3434 5508 3521 5554 tu-

1937 5589 2294 5652 mulandum,
2357 5591 2471 5660 ipse
2518 5591 2772 5645 Julianus
2801 5629 2816 5653 ,
2857 5591 3115 5661 deposito
3169 5589 3524 5658 diademate,

1939 5683 2141 5737 lectum
2197 5681 2564 5752 praecedebat.
2643 5681 2942 5760 Postquam
2995 5697 3128 5738 vero
3182 5685 3522 5754 sepelierunt

1939 5780 2216 5828 mortuum
2243 5813 2256 5837 ,
2301 5773 2356 5827 in
2402 5774 2670 5842 palatiqu
2719 5772 2922 5840 redux,
2965 5781 3019 5830 et
3049 5774 3360 5832 diademate
3399 5795 3526 5832 rur-

1943 5879 2038 5919 sus
2076 5864 2248 5933 capiti
2279 5865 2580 5935 imposito,
2615 5882 2799 5925 rerum
2828 5867 3172 5938 potiebatur,
3220 5871 3372 5926 solus
3411 5871 3541 5934 iam.
