  <div class='ocr_page' id='page_1' title='image "/cluster/home/n/w/nwhite01/storage/ocr_20150623/96/hvd.32044073502114/649.png"; bbox 0 0 3882 6356; ppageno 0'>
   <div class='ocr_carea' id='block_1_1' title="bbox 444 370 2043 453">
    <p class='ocr_par' dir='ltr' id='par_1_1' title="bbox 444 374 2039 453">
     <span class='ocr_line' id='line_1_1' title="bbox 444 374 2039 453; baseline -0.011 -1"><span class='ocrx_word' id='word_1_1' title='bbox 444 382 580 453; x_wconf 75' lang='grc'><strong>1271</strong></span> <span class='ocrx_word' id='word_1_2' title='bbox 1888 374 2039 435; x_wconf 74' lang='grc' dir='ltr'><strong>ᾹΙΠ)</strong></span> 
     </span>
    </p>
   </div>
   <div class='ocr_carea' id='block_1_2' title="bbox 2157 370 3777 453">
    <p class='ocr_par' dir='ltr' id='par_1_2' title="bbox 2157 370 3777 436">
     <span class='ocr_line' id='line_1_2' title="bbox 2157 370 3777 436; baseline -0.009 15"><span class='ocrx_word' id='word_1_3' title='bbox 2157 370 2274 434; x_wconf 61' lang='lat' dir='ltr'><strong>DA:-</strong></span> <span class='ocrx_word' id='word_1_4' title='bbox 3640 372 3777 436; x_wconf 66' lang='lat'><strong>1272</strong></span> 
     </span>
    </p>
   </div>
   <div class='ocr_carea' id='block_1_3' title="bbox 442 482 2043 560">
    <p class='ocr_par' dir='ltr' id='par_1_3' title="bbox 442 486 2020 559">
     <span class='ocr_line' id='line_1_3' title="bbox 442 486 2020 559; baseline -0.008 -6"><span class='ocrx_word' id='word_1_5' title='bbox 442 498 760 554; x_wconf 85' lang='lat' dir='ltr'><strong>universum</strong></span> <span class='ocrx_word' id='word_1_6' title='bbox 810 492 1184 549; x_wconf 80' lang='lat' dir='ltr'><strong>Romanorum</strong></span> <span class='ocrx_word' id='word_1_7' title='bbox 1240 488 1530 559; x_wconf 87' lang='lat' dir='ltr'><strong>imperium</strong></span> <span class='ocrx_word' id='word_1_8' title='bbox 1564 486 1819 558; x_wconf 84' lang='lat' dir='ltr'><strong>adeptus.</strong></span> <span class='ocrx_word' id='word_1_9' title='bbox 1879 486 2020 541; x_wconf 85' lang='lat' dir='ltr'><strong>Con-</strong></span> 
     </span>
    </p>
   </div>
   <div class='ocr_carea' id='block_1_4' title="bbox 2157 482 3769 560">
    <p class='ocr_par' dir='ltr' id='par_1_4' title="bbox 2157 482 3769 560">
     <span class='ocr_line' id='line_1_4' title="bbox 2157 482 3769 560; baseline 0 -21"><span class='ocrx_word' id='word_1_10' title='bbox 2157 482 2307 551; x_wconf 75' lang='grc' dir='ltr'>ιῦθις,</span> <span class='ocrx_word' id='word_1_11' title='bbox 2346 487 2442 539; x_wconf 79' lang='grc' dir='ltr'><strong>καὶ</strong></span> <span class='ocrx_word' id='word_1_12' title='bbox 2473 485 2583 538; x_wconf 86' lang='grc' dir='ltr'>τῶν</span> <span class='ocrx_word' id='word_1_13' title='bbox 2625 488 2969 557; x_wconf 81' lang='grc' dir='ltr'><strong>πραγμάτων</strong></span> <span class='ocrx_word' id='word_1_14' title='bbox 2997 486 3275 560; x_wconf 79' lang='grc' dir='ltr'>ἐγκρατὴς</span> <span class='ocrx_word' id='word_1_15' title='bbox 3311 484 3405 558; x_wconf 82' lang='grc' dir='ltr'>ἦν,</span> <span class='ocrx_word' id='word_1_16' title='bbox 3451 488 3653 557; x_wconf 80' lang='grc' dir='ltr'>μόνος</span> <span class='ocrx_word' id='word_1_17' title='bbox 3678 490 3769 558; x_wconf 54' lang='lat' dir='ltr'><strong>te:</strong></span> 
     </span>
    </p>
   </div>
   <div class='ocr_carea' id='block_1_5' title="bbox 444 576 2043 657">
    <p class='ocr_par' dir='ltr' id='par_1_5' title="bbox 444 580 2026 657">
     <span class='ocr_line' id='line_1_5' title="bbox 444 580 2026 657; baseline -0.007 -11"><span class='ocrx_word' id='word_1_18' title='bbox 444 590 646 646; x_wconf 93' lang='lat' dir='ltr'><strong>stantio</strong></span> <span class='ocrx_word' id='word_1_19' title='bbox 668 588 834 657; x_wconf 80' lang='lat' dir='ltr'><strong>igitur</strong></span> <span class='ocrx_word' id='word_1_20' title='bbox 859 601 891 641; x_wconf 90' lang='lat' dir='ltr'><strong>e</strong></span> <span class='ocrx_word' id='word_1_21' title='bbox 913 583 1098 640; x_wconf 92' lang='lat' dir='ltr'><strong>medio</strong></span> <span class='ocrx_word' id='word_1_22' title='bbox 1118 582 1362 648; x_wconf 86' lang='lat' dir='ltr'><strong>sublato,</strong></span> <span class='ocrx_word' id='word_1_23' title='bbox 1389 581 1443 635; x_wconf 91' lang='lat' dir='ltr'><strong>in</strong></span> <span class='ocrx_word' id='word_1_24' title='bbox 1467 580 1813 650; x_wconf 74' lang='lat' dir='ltr'><strong>superstites,</strong></span> <span class='ocrx_word' id='word_1_25' title='bbox 1834 588 1889 634; x_wconf 89' lang='lat' dir='ltr'><strong>et</strong></span> <span class='ocrx_word' id='word_1_26' title='bbox 1909 595 2026 635; x_wconf 87' lang='lat' dir='ltr'><strong>ma-</strong></span> 
     </span>
    </p>
   </div>
   <div class='ocr_carea' id='block_1_6' title="bbox 2157 576 3771 657">
    <p class='ocr_par' dir='ltr' id='par_1_6' title="bbox 2157 576 3771 651">
     <span class='ocr_line' id='line_1_6' title="bbox 2157 576 3771 651; baseline 0.002 -20"><span class='ocrx_word' id='word_1_27' title='bbox 2157 580 2231 640; x_wconf 69' lang='lat' dir='ltr'><strong>rhv</strong></span> <span class='ocrx_word' id='word_1_28' title='bbox 2272 578 2401 649; x_wconf 84' lang='grc' dir='ltr'>ὅλην</span> <span class='ocrx_word' id='word_1_29' title='bbox 2448 578 2558 631; x_wconf 86' lang='grc' dir='ltr'><strong>τῶν</strong></span> <span class='ocrx_word' id='word_1_30' title='bbox 2599 576 2886 649; x_wconf 83' lang='grc' dir='ltr'>Ῥωμαίων</span> <span class='ocrx_word' id='word_1_31' title='bbox 2935 579 3215 649; x_wconf 82' lang='grc' dir='ltr'>βασιλείαν</span> <span class='ocrx_word' id='word_1_32' title='bbox 3268 581 3771 651; x_wconf 76' lang='grc' dir='ltr'>ὑποζωσάμενος.</span> 
     </span>
    </p>
   </div>
   <div class='ocr_carea' id='block_1_7' title="bbox 446 667 2043 749">
    <p class='ocr_par' dir='ltr' id='par_1_7' title="bbox 446 671 2023 749">
     <span class='ocr_line' id='line_1_7' title="bbox 446 671 2023 749; baseline -0.006 -14"><span class='ocrx_word' id='word_1_33' title='bbox 446 686 589 737; x_wconf 81' lang='lat' dir='ltr'><strong>xime</strong></span> <span class='ocrx_word' id='word_1_34' title='bbox 618 694 713 736; x_wconf 92' lang='lat' dir='ltr'><strong>eos</strong></span> <span class='ocrx_word' id='word_1_35' title='bbox 747 678 843 749; x_wconf 87' lang='lat' dir='ltr'><strong>qui</strong></span> <span class='ocrx_word' id='word_1_36' title='bbox 874 692 942 734; x_wconf 79' lang='lat' dir='ltr'><strong>ex</strong></span> <span class='ocrx_word' id='word_1_37' title='bbox 971 675 1184 732; x_wconf 80' lang='lat' dir='ltr'><strong>invidia</strong></span> <span class='ocrx_word' id='word_1_38' title='bbox 1215 689 1443 730; x_wconf 86' lang='lat' dir='ltr'><strong>causam</strong></span> <span class='ocrx_word' id='word_1_39' title='bbox 1495 673 1850 743; x_wconf 66' lang='lat' dir='ltr'><strong>praebuerant</strong></span> <span class='ocrx_word' id='word_1_40' title='bbox 1879 671 2023 726; x_wconf 85' lang='lat' dir='ltr'><strong>Galli</strong></span> 
     </span>
    </p>
   </div>
   <div class='ocr_carea' id='block_1_8' title="bbox 2157 667 3772 749">
    <p class='ocr_par' dir='ltr' id='par_1_8' title="bbox 2157 667 3772 744">
     <span class='ocr_line' id='line_1_8' title="bbox 2157 667 3772 744; baseline 0.001 -18"><span class='ocrx_word' id='word_1_41' title='bbox 2157 671 2289 726; x_wconf 79' lang='grc' dir='ltr'>Επεὶ</span> <span class='ocrx_word' id='word_1_42' title='bbox 2315 667 2409 724; x_wconf 83' lang='grc' dir='ltr'>οὖν</span> <span class='ocrx_word' id='word_1_43' title='bbox 2443 673 2471 724; x_wconf 90' lang='grc' dir='ltr'><strong>ό</strong></span> <span class='ocrx_word' id='word_1_44' title='bbox 2493 672 2881 735; x_wconf 85' lang='grc' dir='ltr'>Κωνστάντιος</span> <span class='ocrx_word' id='word_1_45' title='bbox 2909 673 2976 725; x_wconf 82' lang='grc' dir='ltr'><strong>ἐκ</strong></span> <span class='ocrx_word' id='word_1_46' title='bbox 2997 673 3175 726; x_wconf 80' lang='grc' dir='ltr'>ποδῶν</span> <span class='ocrx_word' id='word_1_47' title='bbox 3201 669 3292 744; x_wconf 80' lang='grc' dir='ltr'>ἦν,</span> <span class='ocrx_word' id='word_1_48' title='bbox 3327 674 3410 736; x_wconf 83' lang='grc' dir='ltr'><strong>είς</strong></span> <span class='ocrx_word' id='word_1_49' title='bbox 3446 675 3599 737; x_wconf 81' lang='grc' dir='ltr'>τοὺς</span> <span class='ocrx_word' id='word_1_50' title='bbox 3635 675 3772 727; x_wconf 78' lang='grc' dir='ltr'>ὐπο-</span> 
     </span>
    </p>
   </div>
   <div class='ocr_carea' id='block_1_9' title="bbox 445 764 2043 837">
    <p class='ocr_par' dir='ltr' id='par_1_9' title="bbox 445 764 2027 835">
     <span class='ocr_line' id='line_1_9' title="bbox 445 764 2027 835; baseline -0.004 -11"><span class='ocrx_word' id='word_1_51' title='bbox 445 770 764 835; x_wconf 86' lang='lat' dir='ltr'><strong>oecidendi,</strong></span> <span class='ocrx_word' id='word_1_52' title='bbox 826 768 1103 824; x_wconf 88' lang='lat' dir='ltr'><strong>furentem</strong></span> <span class='ocrx_word' id='word_1_53' title='bbox 1167 767 1310 821; x_wconf 88' lang='lat' dir='ltr'><strong>iram</strong></span> <span class='ocrx_word' id='word_1_54' title='bbox 1367 765 1632 835; x_wconf 77' lang='lat' dir='ltr'><strong>explevit.</strong></span> <span class='ocrx_word' id='word_1_55' title='bbox 1690 764 1731 818; x_wconf 89' lang='lat' dir='ltr'>E</span> <span class='ocrx_word' id='word_1_56' title='bbox 1794 764 2027 835; x_wconf 74' lang='lat' dir='ltr'><strong>vestigio</strong></span> 
     </span>
    </p>
   </div>
   <div class='ocr_carea' id='block_1_10' title="bbox 2157 764 3771 837">
    <p class='ocr_par' dir='ltr' id='par_1_10' title="bbox 2157 764 3771 837">
     <span class='ocr_line' id='line_1_10' title="bbox 2157 764 3771 837; baseline 0.003 -21"><span class='ocrx_word' id='word_1_57' title='bbox 2157 764 2458 834; x_wconf 72' lang='grc' dir='ltr'>,ειπομένου</span> <span class='ocrx_word' id='word_1_58' title='bbox 2468 783 2511 829; x_wconf 80' lang='grc' dir='ltr'><strong>ς,</strong></span> <span class='ocrx_word' id='word_1_59' title='bbox 2536 765 2631 819; x_wconf 74' lang='grc' dir='ltr'>καὶ</span> <span class='ocrx_word' id='word_1_60' title='bbox 2655 764 2894 835; x_wconf 80' lang='grc' dir='ltr'>μάλιστα</span> <span class='ocrx_word' id='word_1_61' title='bbox 2911 765 2988 837; x_wconf 84' lang='grc' dir='ltr'><strong>τῷ</strong></span> <span class='ocrx_word' id='word_1_62' title='bbox 3006 766 3187 837; x_wconf 82' lang='grc' dir='ltr'>φθόνῳ</span> <span class='ocrx_word' id='word_1_63' title='bbox 3208 767 3313 833; x_wconf 78' lang='grc' dir='ltr'>τὴν</span> <span class='ocrx_word' id='word_1_64' title='bbox 3344 767 3553 819; x_wconf 74' lang='grc' dir='ltr'>αἰτίαν</span> <span class='ocrx_word' id='word_1_65' title='bbox 3571 783 3771 837; x_wconf 65' lang='grc' dir='ltr'>παραυ</span> 
     </span>
    </p>
   </div>
   <div class='ocr_carea' id='block_1_11' title="bbox 444 854 2043 928">
    <p class='ocr_par' dir='ltr' id='par_1_11' title="bbox 444 854 2025 926">
     <span class='ocr_line' id='line_1_11' title="bbox 444 854 2025 926; baseline -0.001 -15"><span class='ocrx_word' id='word_1_66' title='bbox 444 857 663 926; x_wconf 88' lang='lat' dir='ltr'><strong>quidem</strong></span> <span class='ocrx_word' id='word_1_67' title='bbox 695 856 997 912; x_wconf 87' lang='lat' dir='ltr'><strong>Eusebium</strong></span> <span class='ocrx_word' id='word_1_68' title='bbox 1026 855 1389 926; x_wconf 57' lang='lat' dir='ltr'><strong>praepositum</strong></span> <span class='ocrx_word' id='word_1_69' title='bbox 1415 854 1592 923; x_wconf 87' lang='lat' dir='ltr'><strong>capite</strong></span> <span class='ocrx_word' id='word_1_70' title='bbox 1621 854 1813 923; x_wconf 90' lang='lat' dir='ltr'><strong>plectit</strong></span> <span class='ocrx_word' id='word_1_71' title='bbox 1831 892 1848 920; x_wconf 92' lang='lat'><strong>,</strong></span> <span class='ocrx_word' id='word_1_72' title='bbox 1879 854 2025 924; x_wconf 90' lang='lat' dir='ltr'><strong>quod</strong></span> 
     </span>
    </p>
   </div>
   <div class='ocr_carea' id='block_1_12' title="bbox 2157 854 3769 928">
    <p class='ocr_par' dir='ltr' id='par_1_12' title="bbox 2157 856 3769 928">
     <span class='ocr_line' id='line_1_12' title="bbox 2157 856 3769 928; baseline 0.002 -21"><span class='ocrx_word' id='word_1_73' title='bbox 2157 856 2432 927; x_wconf 73' lang='grc' dir='ltr'>ςχομένους</span> <span class='ocrx_word' id='word_1_74' title='bbox 2479 856 2578 927; x_wconf 84' lang='grc' dir='ltr'>τῆς</span> <span class='ocrx_word' id='word_1_75' title='bbox 2615 856 2954 926; x_wconf 78' lang='grc' dir='ltr'><strong>ἀναιρέσεως</strong></span> <span class='ocrx_word' id='word_1_76' title='bbox 2988 857 3216 923; x_wconf 82' lang='grc' dir='ltr'><strong>Γάλλου,</strong></span> <span class='ocrx_word' id='word_1_77' title='bbox 3249 857 3511 928; x_wconf 76' lang='grc' dir='ltr'>ἀνέψυχε</span> <span class='ocrx_word' id='word_1_78' title='bbox 3541 859 3615 910; x_wconf 79' lang='grc' dir='ltr'>τὸ</span> <span class='ocrx_word' id='word_1_79' title='bbox 3646 858 3769 921; x_wconf 64' lang='grc' dir='ltr'>ζέον</span> 
     </span>
    </p>
   </div>
   <div class='ocr_carea' id='block_1_13' title="bbox 447 946 2043 1019">
    <p class='ocr_par' dir='ltr' id='par_1_13' title="bbox 447 946 2027 1019">
     <span class='ocr_line' id='line_1_13' title="bbox 447 946 2027 1019; baseline -0.002 -15"><span class='ocrx_word' id='word_1_80' title='bbox 447 950 725 1019; x_wconf 62' lang='lat' dir='ltr'><strong>prmeipue</strong></span> <span class='ocrx_word' id='word_1_81' title='bbox 800 948 1085 1004; x_wconf 81' lang='lat' dir='ltr'><strong>videretur</strong></span> <span class='ocrx_word' id='word_1_82' title='bbox 1163 947 1281 1003; x_wconf 88' lang='lat' dir='ltr'><strong>suis</strong></span> <span class='ocrx_word' id='word_1_83' title='bbox 1346 946 1644 1000; x_wconf 88' lang='lat' dir='ltr'><strong>calumniis</strong></span> <span class='ocrx_word' id='word_1_84' title='bbox 1728 946 2027 1001; x_wconf 87' lang='lat' dir='ltr'><strong>occisionis</strong></span> 
     </span>
    </p>
   </div>
   <div class='ocr_carea' id='block_1_14' title="bbox 2157 946 3765 1019">
    <p class='ocr_par' dir='ltr' id='par_1_14' title="bbox 2157 946 3765 1018">
     <span class='ocr_line' id='line_1_14' title="bbox 2157 946 3765 1018; baseline 0.002 -21"><span class='ocrx_word' id='word_1_85' title='bbox 2157 947 2233 1016; x_wconf 72' lang='grc' dir='ltr'><strong>τῆς</strong></span> <span class='ocrx_word' id='word_1_86' title='bbox 2265 946 2439 1017; x_wconf 84' lang='grc' dir='ltr'>ὀργῆς</span> <span class='ocrx_word' id='word_1_87' title='bbox 2468 963 2481 977; x_wconf 79' lang='grc'><em>’</em></span> <span class='ocrx_word' id='word_1_88' title='bbox 2525 947 2619 999; x_wconf 83' lang='grc' dir='ltr'>καὶ</span> <span class='ocrx_word' id='word_1_89' title='bbox 2645 946 2844 1000; x_wconf 85' lang='grc' dir='ltr'>αὐτίκα</span> <span class='ocrx_word' id='word_1_90' title='bbox 2876 947 3138 1001; x_wconf 74' lang='grc' dir='ltr'>Εὐσέϐιον</span> <span class='ocrx_word' id='word_1_91' title='bbox 3171 949 3272 1018; x_wconf 86' lang='grc' dir='ltr'>μὲν</span> <span class='ocrx_word' id='word_1_92' title='bbox 3299 949 3399 1001; x_wconf 82' lang='grc' dir='ltr'>τὸν</span> <span class='ocrx_word' id='word_1_93' title='bbox 3432 952 3765 1018; x_wconf 76' lang='grc' dir='ltr'>πραιτοόσι-</span> 
     </span>
    </p>
   </div>
   <div class='ocr_carea' id='block_1_15' title="bbox 448 1036 2043 1111">
    <p class='ocr_par' dir='ltr' id='par_1_15' title="bbox 448 1038 2023 1111">
     <span class='ocr_line' id='line_1_15' title="bbox 448 1038 2023 1111; baseline -0.001 -16"><span class='ocrx_word' id='word_1_94' title='bbox 448 1040 589 1095; x_wconf 83' lang='lat' dir='ltr'><strong>Galli</strong></span> <span class='ocrx_word' id='word_1_95' title='bbox 616 1054 843 1096; x_wconf 86' lang='lat' dir='ltr'><strong>causam</strong></span> <span class='ocrx_word' id='word_1_96' title='bbox 877 1040 1181 1111; x_wconf 89' lang='lat' dir='ltr'><strong>peperisse.</strong></span> <span class='ocrx_word' id='word_1_97' title='bbox 1223 1038 1454 1093; x_wconf 93' lang='lat' dir='ltr'><strong>Paulum</strong></span> <span class='ocrx_word' id='word_1_98' title='bbox 1484 1050 1665 1094; x_wconf 89' lang='lat' dir='ltr'><strong>autem</strong></span> <span class='ocrx_word' id='word_1_99' title='bbox 1694 1038 2023 1110; x_wconf 84' lang='lat' dir='ltr'><strong>Hispanum,</strong></span> 
     </span>
    </p>
   </div>
   <div class='ocr_carea' id='block_1_16' title="bbox 2157 1036 3763 1111">
    <p class='ocr_par' dir='ltr' id='par_1_16' title="bbox 2157 1036 3763 1109">
     <span class='ocr_line' id='line_1_16' title="bbox 2157 1036 3763 1109; baseline 0.001 -20"><span class='ocrx_word' id='word_1_100' title='bbox 2157 1054 2225 1089; x_wconf 65' lang='grc' dir='ltr'><strong>ιον</strong></span> <span class='ocrx_word' id='word_1_101' title='bbox 2277 1037 2376 1107; x_wconf 81' lang='grc' dir='ltr'>τῆς</span> <span class='ocrx_word' id='word_1_102' title='bbox 2426 1036 2678 1107; x_wconf 71' lang='grc' dir='ltr'>κεφαλῆς</span> <span class='ocrx_word' id='word_1_103' title='bbox 2710 1038 3050 1108; x_wconf 78' lang='grc' dir='ltr'>ἀφαιρεῖται,</span> <span class='ocrx_word' id='word_1_104' title='bbox 3081 1038 3217 1092; x_wconf 86' lang='grc' dir='ltr'><strong>διότι</strong></span> <span class='ocrx_word' id='word_1_105' title='bbox 3273 1038 3381 1109; x_wconf 76' lang='grc' dir='ltr'>τὴν</span> <span class='ocrx_word' id='word_1_106' title='bbox 3442 1040 3657 1108; x_wconf 66' lang='grc' dir='ltr'>ἀρχὴν</span> <span class='ocrx_word' id='word_1_107' title='bbox 3710 1056 3763 1091; x_wconf 78' lang='grc' dir='ltr'><strong>τε</strong></span> 
     </span>
    </p>
   </div>
   <div class='ocr_carea' id='block_1_17' title="bbox 449 1126 2043 1201">
    <p class='ocr_par' dir='ltr' id='par_1_17' title="bbox 449 1129 2020 1201">
     <span class='ocr_line' id='line_1_17' title="bbox 449 1129 2020 1201; baseline -0.001 -17"><span class='ocrx_word' id='word_1_108' title='bbox 449 1131 540 1201; x_wconf 86' lang='lat' dir='ltr'><strong>qui</strong></span> <span class='ocrx_word' id='word_1_109' title='bbox 578 1132 724 1185; x_wconf 88' lang='lat' dir='ltr'><strong>inter</strong></span> <span class='ocrx_word' id='word_1_110' title='bbox 763 1130 977 1186; x_wconf 86' lang='lat' dir='ltr'><strong>scribas</strong></span> <span class='ocrx_word' id='word_1_111' title='bbox 1030 1130 1383 1200; x_wconf 84' lang='lat' dir='ltr'><strong>imperatoris</strong></span> <span class='ocrx_word' id='word_1_112' title='bbox 1419 1129 1873 1198; x_wconf 85' lang='lat' dir='ltr'><strong>computabatur,</strong></span> <span class='ocrx_word' id='word_1_113' title='bbox 1905 1130 2020 1200; x_wconf 77' lang='lat' dir='ltr'><strong>igni</strong></span> 
     </span>
    </p>
   </div>
   <div class='ocr_carea' id='block_1_18' title="bbox 2157 1126 3764 1201">
    <p class='ocr_par' dir='ltr' id='par_1_18' title="bbox 2157 1126 3764 1199">
     <span class='ocr_line' id='line_1_18' title="bbox 2157 1126 3764 1199; baseline 0.002 -22"><span class='ocrx_word' id='word_1_114' title='bbox 2157 1126 2388 1195; x_wconf 74' lang='grc' dir='ltr'>ιφαίνετο</span> <span class='ocrx_word' id='word_1_115' title='bbox 2415 1128 2480 1180; x_wconf 80' lang='grc' dir='ltr'><strong>ἐκ</strong></span> <span class='ocrx_word' id='word_1_116' title='bbox 2505 1126 2613 1180; x_wconf 83' lang='grc' dir='ltr'><strong>τῶν</strong></span> <span class='ocrx_word' id='word_1_117' title='bbox 2635 1126 2835 1180; x_wconf 81' lang='grc' dir='ltr'>ἑαυτοῦ</span> <span class='ocrx_word' id='word_1_118' title='bbox 2856 1127 3119 1181; x_wconf 84' lang='grc' dir='ltr'>διαϐολῶν</span> <span class='ocrx_word' id='word_1_119' title='bbox 3140 1130 3231 1181; x_wconf 78' lang='grc' dir='ltr'>τὸν</span> <span class='ocrx_word' id='word_1_120' title='bbox 3258 1130 3495 1183; x_wconf 80' lang='grc' dir='ltr'>ἅπαντα</span> <span class='ocrx_word' id='word_1_121' title='bbox 3522 1128 3612 1199; x_wconf 79' lang='grc' dir='ltr'><strong>τῷ</strong></span> <span class='ocrx_word' id='word_1_122' title='bbox 3635 1130 3764 1182; x_wconf 60' lang='grc' dir='ltr'>Γάλα</span> 
     </span>
    </p>
   </div>
   <div class='ocr_carea' id='block_1_19' title="bbox 450 1217 2043 1294">
    <p class='ocr_par' dir='ltr' id='par_1_19' title="bbox 450 1221 2028 1294">
     <span class='ocr_line' id='line_1_19' title="bbox 450 1221 2028 1294; baseline 0.002 -18"><span class='ocrx_word' id='word_1_123' title='bbox 450 1224 655 1290; x_wconf 86' lang='lat' dir='ltr'><strong>tradit,</strong></span> <span class='ocrx_word' id='word_1_124' title='bbox 688 1230 878 1293; x_wconf 88' lang='lat' dir='ltr'><strong>utpote</strong></span> <span class='ocrx_word' id='word_1_125' title='bbox 920 1224 1013 1294; x_wconf 89' lang='lat' dir='ltr'><strong>qui</strong></span> <span class='ocrx_word' id='word_1_126' title='bbox 1048 1223 1238 1277; x_wconf 91' lang='lat' dir='ltr'><strong>multis</strong></span> <span class='ocrx_word' id='word_1_127' title='bbox 1280 1223 1614 1278; x_wconf 90' lang='lat' dir='ltr'><strong>criminibus</strong></span> <span class='ocrx_word' id='word_1_128' title='bbox 1641 1221 1862 1278; x_wconf 89' lang='lat' dir='ltr'><strong>Gallum</strong></span> <span class='ocrx_word' id='word_1_129' title='bbox 1891 1238 2028 1279; x_wconf 91' lang='lat' dir='ltr'><strong>one-</strong></span> 
     </span>
    </p>
   </div>
   <div class='ocr_carea' id='block_1_20' title="bbox 2157 1217 3761 1294">
    <p class='ocr_par' dir='ltr' id='par_1_20' title="bbox 2157 1217 3761 1289">
     <span class='ocr_line' id='line_1_20' title="bbox 2157 1217 3761 1289; baseline 0.001 -21"><span class='ocrx_word' id='word_1_130' title='bbox 2157 1236 2214 1287; x_wconf 82' lang='grc' dir='ltr'>.ῳ</span> <span class='ocrx_word' id='word_1_131' title='bbox 2244 1217 2403 1285; x_wconf 84' lang='grc' dir='ltr'>φόνον</span> <span class='ocrx_word' id='word_1_132' title='bbox 2429 1219 2938 1289; x_wconf 85' lang='grc' dir='ltr'>συγκερασάμενος.</span> <span class='ocrx_word' id='word_1_133' title='bbox 2961 1218 3171 1272; x_wconf 81' lang='grc' dir='ltr'><strong>Παῦλον</strong></span> <span class='ocrx_word' id='word_1_134' title='bbox 3201 1220 3260 1272; x_wconf 87' lang='grc' dir='ltr'>δὲ</span> <span class='ocrx_word' id='word_1_135' title='bbox 3288 1220 3386 1271; x_wconf 83' lang='grc' dir='ltr'>τὸν</span> <span class='ocrx_word' id='word_1_136' title='bbox 3406 1220 3649 1272; x_wconf 82' lang='grc' dir='ltr'>Σπανὺν</span> <span class='ocrx_word' id='word_1_137' title='bbox 3690 1224 3761 1282; x_wconf 75' lang='grc' dir='ltr'><strong>εἰς</strong></span> 
     </span>
    </p>
   </div>
   <div class='ocr_carea' id='block_1_21' title="bbox 453 1312 2031 1380">
    <p class='ocr_par' dir='ltr' id='par_1_21' title="bbox 453 1312 2031 1380">
     <span class='ocr_line' id='line_1_21' title="bbox 453 1312 2031 1380; baseline -0.001 -11"><span class='ocrx_word' id='word_1_138' title='bbox 453 1325 654 1370; x_wconf 86' lang='lat' dir='ltr'><strong>rasset.</strong></span> <span class='ocrx_word' id='word_1_139' title='bbox 715 1315 922 1369; x_wconf 80' lang='lat' dir='ltr'><strong>Amhos</strong></span> <span class='ocrx_word' id='word_1_140' title='bbox 966 1313 1372 1369; x_wconf 88' lang='lat' dir='ltr'><strong>Chalcedonem</strong></span> <span class='ocrx_word' id='word_1_141' title='bbox 1429 1312 1615 1380; x_wconf 89' lang='lat' dir='ltr'><strong>misit,</strong></span> <span class='ocrx_word' id='word_1_142' title='bbox 1678 1321 1736 1369; x_wconf 90' lang='lat' dir='ltr'><strong>et</strong></span> <span class='ocrx_word' id='word_1_143' title='bbox 1793 1313 1912 1368; x_wconf 88' lang='lat' dir='ltr'><strong>illic</strong></span> <span class='ocrx_word' id='word_1_144' title='bbox 1964 1313 2031 1368; x_wconf 88' lang='lat' dir='ltr'><strong>de</strong></span> 
     </span>
    </p>
   </div>
   <div class='ocr_carea' id='block_1_22' title="bbox 453 1404 2031 1477">
    <p class='ocr_par' dir='ltr' id='par_1_22' title="bbox 453 1404 2031 1477">
     <span class='ocr_line' id='line_1_22' title="bbox 453 1404 2031 1477; baseline -0.003 -15"><span class='ocrx_word' id='word_1_145' title='bbox 453 1416 689 1477; x_wconf 89' lang='lat' dir='ltr'><strong>utroque</strong></span> <span class='ocrx_word' id='word_1_146' title='bbox 760 1422 920 1461; x_wconf 90' lang='lat' dir='ltr'><strong>suum</strong></span> <span class='ocrx_word' id='word_1_147' title='bbox 1011 1406 1249 1476; x_wconf 85' lang='lat' dir='ltr'><strong>sumpsit</strong></span> <span class='ocrx_word' id='word_1_148' title='bbox 1305 1405 1665 1475; x_wconf 70' lang='lat' dir='ltr'><strong>supplicium,</strong></span> <span class='ocrx_word' id='word_1_149' title='bbox 1749 1404 2031 1461; x_wconf 87' lang='lat' dir='ltr'><strong>lnterfeclt</strong></span> 
     </span>
    </p>
   </div>
   <div class='ocr_carea' id='block_1_23' title="bbox 452 1495 2032 1560">
    <p class='ocr_par' dir='ltr' id='par_1_23' title="bbox 452 1495 2032 1560">
     <span class='ocr_line' id='line_1_23' title="bbox 452 1495 2032 1560; baseline -0.001 -10"><span class='ocrx_word' id='word_1_150' title='bbox 452 1497 615 1551; x_wconf 89' lang='lat' dir='ltr'><strong>etiam</strong></span> <span class='ocrx_word' id='word_1_151' title='bbox 650 1495 1021 1551; x_wconf 86' lang='lat' dir='ltr'><strong>Gaudentium</strong></span> <span class='ocrx_word' id='word_1_152' title='bbox 1048 1535 1064 1558; x_wconf 89' lang='lat'><strong>.</strong></span> <span class='ocrx_word' id='word_1_153' title='bbox 1116 1495 1312 1550; x_wconf 90' lang='lat' dir='ltr'><strong>ducem</strong></span> <span class='ocrx_word' id='word_1_154' title='bbox 1367 1496 1646 1551; x_wconf 77' lang='lat' dir='ltr'><strong>exercitus</strong></span> <span class='ocrx_word' id='word_1_155' title='bbox 1702 1496 1937 1560; x_wconf 78' lang='lat' dir='ltr'><strong>Africae,</strong></span> <span class='ocrx_word' id='word_1_156' title='bbox 1975 1505 2032 1550; x_wconf 91' lang='lat' dir='ltr'><strong>et</strong></span> 
     </span>
    </p>
   </div>
   <div class='ocr_carea' id='block_1_24' title="bbox 453 1585 2033 1659">
    <p class='ocr_par' dir='ltr' id='par_1_24' title="bbox 453 1585 2033 1659">
     <span class='ocr_line' id='line_1_24' title="bbox 453 1585 2033 1659; baseline 0.001 -20"><span class='ocrx_word' id='word_1_157' title='bbox 453 1588 593 1642; x_wconf 87' lang='lat' dir='ltr'><strong>alios</strong></span> <span class='ocrx_word' id='word_1_158' title='bbox 618 1588 912 1656; x_wconf 89' lang='lat' dir='ltr'><strong>quosdam,</strong></span> <span class='ocrx_word' id='word_1_159' title='bbox 952 1588 1272 1659; x_wconf 88' lang='lat' dir='ltr'><strong>quicunque</strong></span> <span class='ocrx_word' id='word_1_160' title='bbox 1298 1588 1494 1657; x_wconf 84' lang='lat' dir='ltr'><strong>quovis</strong></span> <span class='ocrx_word' id='word_1_161' title='bbox 1544 1586 1708 1641; x_wconf 89' lang='lat' dir='ltr'><strong>modo</strong></span> <span class='ocrx_word' id='word_1_162' title='bbox 1760 1585 1915 1640; x_wconf 88' lang='lat' dir='ltr'><strong>Gallo</strong></span> <span class='ocrx_word' id='word_1_163' title='bbox 1945 1588 2033 1641; x_wconf 84' lang='lat' dir='ltr'><strong>in-</strong></span> 
     </span>
    </p>
   </div>
   <div class='ocr_carea' id='block_1_25' title="bbox 454 1679 815 1733">
    <p class='ocr_par' dir='ltr' id='par_1_25' title="bbox 454 1679 815 1733">
     <span class='ocr_line' id='line_1_25' title="bbox 454 1679 815 1733; baseline 0 -1"><span class='ocrx_word' id='word_1_164' title='bbox 454 1679 815 1733; x_wconf 83' lang='lat' dir='ltr'><strong>sultaverant.</strong></span> 
     </span>
    </p>
   </div>
   <div class='ocr_carea' id='block_1_26' title="bbox 524 1976 2024 2052">
    <p class='ocr_par' dir='ltr' id='par_1_26' title="bbox 524 1976 2024 2052">
     <span class='ocr_line' id='line_1_26' title="bbox 524 1976 2024 2052; baseline 0.001 -17"><span class='ocrx_word' id='word_1_165' title='bbox 524 1984 613 2035; x_wconf 75' lang='lat'><strong>22.</strong></span> <span class='ocrx_word' id='word_1_166' title='bbox 648 1976 754 2037; x_wconf 87' lang='lat' dir='ltr'><strong>Sed</strong></span> <span class='ocrx_word' id='word_1_167' title='bbox 784 1984 908 2036; x_wconf 91' lang='lat' dir='ltr'><strong>illos</strong></span> <span class='ocrx_word' id='word_1_168' title='bbox 947 1982 1168 2052; x_wconf 87' lang='lat' dir='ltr'><strong>quidem</strong></span> <span class='ocrx_word' id='word_1_169' title='bbox 1205 1998 1301 2051; x_wconf 90' lang='lat' dir='ltr'><strong>per</strong></span> <span class='ocrx_word' id='word_1_170' title='bbox 1349 1982 1561 2037; x_wconf 85' lang='lat' dir='ltr'><strong>litteras</strong></span> <span class='ocrx_word' id='word_1_171' title='bbox 1593 1982 1832 2052; x_wconf 85' lang='lat' dir='ltr'><strong>punivit.</strong></span> <span class='ocrx_word' id='word_1_172' title='bbox 1866 1983 2024 2037; x_wconf 39' lang='lat' dir='ltr'><strong>Chri‘</strong></span> 
     </span>
    </p>
   </div>
   <div class='ocr_carea' id='block_1_27' title="bbox 457 2075 2033 2146">
    <p class='ocr_par' dir='ltr' id='par_1_27' title="bbox 457 2075 2033 2146">
     <span class='ocr_line' id='line_1_27' title="bbox 457 2075 2033 2146; baseline 0.001 -17"><span class='ocrx_word' id='word_1_173' title='bbox 457 2078 526 2131; x_wconf 81' lang='lat' dir='ltr'><strong>sti</strong></span> <span class='ocrx_word' id='word_1_174' title='bbox 553 2083 736 2130; x_wconf 90' lang='lat' dir='ltr'><strong>autem</strong></span> <span class='ocrx_word' id='word_1_175' title='bbox 770 2083 1065 2146; x_wconf 85' lang='lat' dir='ltr'><strong>martyrem</strong></span> <span class='ocrx_word' id='word_1_176' title='bbox 1118 2083 1170 2129; x_wconf 90' lang='lat' dir='ltr'><strong>et</strong></span> <span class='ocrx_word' id='word_1_177' title='bbox 1214 2089 1539 2143; x_wconf 81' lang='lat' dir='ltr'><strong>generosum</strong></span> <span class='ocrx_word' id='word_1_178' title='bbox 1588 2075 1850 2131; x_wconf 83' lang='lat' dir='ltr'><strong>athletam</strong></span> <span class='ocrx_word' id='word_1_179' title='bbox 1877 2075 2033 2132; x_wconf 86' lang='lat' dir='ltr'><strong>Arte-</strong></span> 
     </span>
    </p>
   </div>
   <div class='ocr_carea' id='block_1_28' title="bbox 460 2166 2029 2237">
    <p class='ocr_par' dir='ltr' id='par_1_28' title="bbox 460 2166 2029 2237">
     <span class='ocr_line' id='line_1_28' title="bbox 460 2166 2029 2237; baseline 0.001 -17"><span class='ocrx_word' id='word_1_180' title='bbox 460 2169 627 2221; x_wconf 87' lang='lat' dir='ltr'><strong>mium</strong></span> <span class='ocrx_word' id='word_1_181' title='bbox 661 2168 777 2236; x_wconf 92' lang='lat' dir='ltr'><strong>ipse</strong></span> <span class='ocrx_word' id='word_1_182' title='bbox 810 2182 907 2235; x_wconf 90' lang='lat' dir='ltr'><strong>per</strong></span> <span class='ocrx_word' id='word_1_183' title='bbox 932 2166 1289 2235; x_wconf 86' lang='lat' dir='ltr'><strong>semetipsum</strong></span> <span class='ocrx_word' id='word_1_184' title='bbox 1312 2206 1326 2230; x_wconf 91' lang='lat'><strong>,</strong></span> <span class='ocrx_word' id='word_1_185' title='bbox 1362 2182 1600 2233; x_wconf 58' lang='lat' dir='ltr'><strong>prasens</strong></span> <span class='ocrx_word' id='word_1_186' title='bbox 1667 2175 2029 2237; x_wconf 64' lang='lat' dir='ltr'><strong>prmsentem,</strong></span> 
     </span>
    </p>
   </div>
   <div class='ocr_carea' id='block_1_29' title="bbox 455 2256 2035 2327">
    <p class='ocr_par' dir='ltr' id='par_1_29' title="bbox 455 2256 2035 2327">
     <span class='ocr_line' id='line_1_29' title="bbox 455 2256 2035 2327; baseline 0.002 -17"><span class='ocrx_word' id='word_1_187' title='bbox 455 2258 765 2311; x_wconf 44' lang='lat' dir='ltr'><strong>Antiochiae</strong></span> <span class='ocrx_word' id='word_1_188' title='bbox 796 2266 1017 2327; x_wconf 85' lang='lat' dir='ltr'><strong>propter</strong></span> <span class='ocrx_word' id='word_1_189' title='bbox 1048 2256 1257 2310; x_wconf 86' lang='lat' dir='ltr'><strong>Christi</strong></span> <span class='ocrx_word' id='word_1_190' title='bbox 1290 2256 1700 2311; x_wconf 85' lang='lat' dir='ltr'><strong>confessionem</strong></span> <span class='ocrx_word' id='word_1_191' title='bbox 1737 2258 2035 2313; x_wconf 84' lang='lat' dir='ltr'><strong>inhumane</strong></span> 
     </span>
    </p>
   </div>
   <div class='ocr_carea' id='block_1_30' title="bbox 459 2348 2032 2419">
    <p class='ocr_par' dir='ltr' id='par_1_30' title="bbox 459 2348 2032 2419">
     <span class='ocr_line' id='line_1_30' title="bbox 459 2348 2032 2419; baseline 0.001 -17"><span class='ocrx_word' id='word_1_192' title='bbox 459 2350 668 2418; x_wconf 86' lang='lat' dir='ltr'><strong>puniit,</strong></span> <span class='ocrx_word' id='word_1_193' title='bbox 706 2354 759 2403; x_wconf 89' lang='lat' dir='ltr'><strong>et</strong></span> <span class='ocrx_word' id='word_1_194' title='bbox 791 2364 852 2403; x_wconf 90' lang='lat' dir='ltr'><strong>ea</strong></span> <span class='ocrx_word' id='word_1_195' title='bbox 890 2364 1053 2418; x_wconf 88' lang='lat' dir='ltr'><strong>quam</strong></span> <span class='ocrx_word' id='word_1_196' title='bbox 1119 2348 1357 2402; x_wconf 80' lang='lat' dir='ltr'><strong>habebat</strong></span> <span class='ocrx_word' id='word_1_197' title='bbox 1410 2348 1669 2418; x_wconf 79' lang='lat' dir='ltr'><strong>spoliavit</strong></span> <span class='ocrx_word' id='word_1_198' title='bbox 1724 2358 2032 2419; x_wconf 77' lang='lat' dir='ltr'><strong>potestate,</strong></span> 
     </span>
    </p>
   </div>
   <div class='ocr_carea' id='block_1_31' title="bbox 461 2439 2038 2510">
    <p class='ocr_par' dir='ltr' id='par_1_31' title="bbox 461 2439 2038 2510">
     <span class='ocr_line' id='line_1_31' title="bbox 461 2439 2038 2510; baseline 0.001 -20"><span class='ocrx_word' id='word_1_199' title='bbox 461 2458 566 2496; x_wconf 81' lang='lat' dir='ltr'><strong>non</strong></span> <span class='ocrx_word' id='word_1_200' title='bbox 607 2442 792 2496; x_wconf 87' lang='lat' dir='ltr'><strong>ferens</strong></span> <span class='ocrx_word' id='word_1_201' title='bbox 849 2441 1023 2510; x_wconf 82' lang='lat' dir='ltr'><strong>ipsius</strong></span> <span class='ocrx_word' id='word_1_202' title='bbox 1078 2440 1133 2493; x_wconf 88' lang='lat' dir='ltr'><strong>in</strong></span> <span class='ocrx_word' id='word_1_203' title='bbox 1160 2439 1441 2509; x_wconf 89' lang='lat' dir='ltr'><strong>loquendo</strong></span> <span class='ocrx_word' id='word_1_204' title='bbox 1476 2439 1784 2493; x_wconf 87' lang='lat' dir='ltr'><strong>libertatem</strong></span> <span class='ocrx_word' id='word_1_205' title='bbox 1816 2450 1868 2494; x_wconf 91' lang='lat' dir='ltr'><strong>et</strong></span> <span class='ocrx_word' id='word_1_206' title='bbox 1915 2454 2038 2493; x_wconf 83' lang='lat' dir='ltr'><strong>con-</strong></span> 
     </span>
    </p>
   </div>
   <div class='ocr_carea' id='block_1_32' title="bbox 461 2528 2037 2599">
    <p class='ocr_par' dir='ltr' id='par_1_32' title="bbox 461 2528 2037 2599">
     <span class='ocr_line' id='line_1_32' title="bbox 461 2528 2037 2599; baseline 0.001 -16"><span class='ocrx_word' id='word_1_207' title='bbox 461 2532 745 2586; x_wconf 73' lang='lat' dir='ltr'><strong>stantiam.</strong></span> <span class='ocrx_word' id='word_1_208' title='bbox 777 2530 1031 2585; x_wconf 87' lang='lat' dir='ltr'><strong>Julianus</strong></span> <span class='ocrx_word' id='word_1_209' title='bbox 1056 2530 1202 2583; x_wconf 91' lang='lat' dir='ltr'><strong>enim</strong></span> <span class='ocrx_word' id='word_1_210' title='bbox 1230 2571 1243 2594; x_wconf 92' lang='lat'><strong>,</strong></span> <span class='ocrx_word' id='word_1_211' title='bbox 1274 2541 1333 2583; x_wconf 91' lang='lat' dir='ltr'><strong>ut</strong></span> <span class='ocrx_word' id='word_1_212' title='bbox 1358 2528 1467 2583; x_wconf 76' lang='lat' dir='ltr'><strong>dixi</strong></span> <span class='ocrx_word' id='word_1_213' title='bbox 1496 2529 1645 2599; x_wconf 90' lang='lat' dir='ltr'><strong>jam,</strong></span> <span class='ocrx_word' id='word_1_214' title='bbox 1678 2546 1803 2585; x_wconf 90' lang='lat' dir='ltr'><strong>cum</strong></span> <span class='ocrx_word' id='word_1_215' title='bbox 1834 2528 2037 2584; x_wconf 81' lang='lat' dir='ltr'><strong>Roma-</strong></span> 
     </span>
    </p>
   </div>
   <div class='ocr_carea' id='block_1_33' title="bbox 463 2622 2035 2692">
    <p class='ocr_par' dir='ltr' id='par_1_33' title="bbox 463 2622 2035 2692">
     <span class='ocr_line' id='line_1_33' title="bbox 463 2622 2035 2692; baseline -0.001 -15"><span class='ocrx_word' id='word_1_216' title='bbox 463 2639 657 2677; x_wconf 82' lang='lat' dir='ltr'><strong>norum</strong></span> <span class='ocrx_word' id='word_1_217' title='bbox 716 2623 1014 2677; x_wconf 86' lang='lat' dir='ltr'><strong>invasisset</strong></span> <span class='ocrx_word' id='word_1_218' title='bbox 1080 2622 1412 2692; x_wconf 89' lang='lat' dir='ltr'><strong>imperium,</strong></span> <span class='ocrx_word' id='word_1_219' title='bbox 1463 2624 1805 2677; x_wconf 85' lang='lat' dir='ltr'><strong>restituendo</strong></span> <span class='ocrx_word' id='word_1_220' title='bbox 1854 2624 2035 2692; x_wconf 80' lang='lat' dir='ltr'><strong>genti-</strong></span> 
     </span>
    </p>
   </div>
   <div class='ocr_carea' id='block_1_34' title="bbox 462 2712 2039 2783">
    <p class='ocr_par' dir='ltr' id='par_1_34' title="bbox 462 2712 2039 2783">
     <span class='ocr_line' id='line_1_34' title="bbox 462 2712 2039 2783; baseline 0.001 -16"><span class='ocrx_word' id='word_1_221' title='bbox 462 2716 623 2769; x_wconf 92' lang='lat' dir='ltr'><strong>lismo</strong></span> <span class='ocrx_word' id='word_1_222' title='bbox 680 2713 922 2767; x_wconf 83' lang='lat' dir='ltr'><strong>maxime</strong></span> <span class='ocrx_word' id='word_1_223' title='bbox 980 2712 1258 2768; x_wconf 85' lang='lat' dir='ltr'><strong>studebat.</strong></span> <span class='ocrx_word' id='word_1_224' title='bbox 1302 2713 1486 2768; x_wconf 81' lang='lat' dir='ltr'><strong>Missis</strong></span> <span class='ocrx_word' id='word_1_225' title='bbox 1531 2715 1715 2783; x_wconf 88' lang='lat' dir='ltr'><strong>itaque</strong></span> <span class='ocrx_word' id='word_1_226' title='bbox 1761 2716 1814 2767; x_wconf 90' lang='lat' dir='ltr'><strong>in</strong></span> <span class='ocrx_word' id='word_1_227' title='bbox 1849 2730 2039 2769; x_wconf 82' lang='lat' dir='ltr'><strong>omnes</strong></span> 
     </span>
    </p>
   </div>
   <div class='ocr_carea' id='block_1_35' title="bbox 462 2803 2039 2873">
    <p class='ocr_par' dir='ltr' id='par_1_35' title="bbox 462 2803 2039 2873">
     <span class='ocr_line' id='line_1_35' title="bbox 462 2803 2039 2873; baseline 0 -16"><span class='ocrx_word' id='word_1_228' title='bbox 462 2815 647 2873; x_wconf 89' lang='lat' dir='ltr'><strong>partes</strong></span> <span class='ocrx_word' id='word_1_229' title='bbox 706 2804 939 2868; x_wconf 80' lang='lat' dir='ltr'><strong>litteris,</strong></span> <span class='ocrx_word' id='word_1_230' title='bbox 992 2805 1163 2873; x_wconf 88' lang='lat' dir='ltr'><strong>jussit</strong></span> <span class='ocrx_word' id='word_1_231' title='bbox 1213 2803 1441 2858; x_wconf 86' lang='lat' dir='ltr'><strong>deorum</strong></span> <span class='ocrx_word' id='word_1_232' title='bbox 1498 2806 1697 2873; x_wconf 90' lang='lat' dir='ltr'><strong>templa</strong></span> <span class='ocrx_word' id='word_1_233' title='bbox 1746 2815 1801 2858; x_wconf 90' lang='lat' dir='ltr'><strong>et</strong></span> <span class='ocrx_word' id='word_1_234' title='bbox 1842 2804 2039 2857; x_wconf 89' lang='lat' dir='ltr'><strong>altaria</strong></span> 
     </span>
    </p>
   </div>
   <div class='ocr_carea' id='block_1_36' title="bbox 463 2895 2043 2966">
    <p class='ocr_par' dir='ltr' id='par_1_36' title="bbox 463 2895 2043 2966">
     <span class='ocr_line' id='line_1_36' title="bbox 463 2895 2043 2966; baseline 0.003 -19"><span class='ocrx_word' id='word_1_235' title='bbox 463 2898 610 2951; x_wconf 87' lang='lat' dir='ltr'><strong>omni</strong></span> <span class='ocrx_word' id='word_1_236' title='bbox 647 2896 1007 2952; x_wconf 82' lang='lat' dir='ltr'><strong>festinatione</strong></span> <span class='ocrx_word' id='word_1_237' title='bbox 1041 2912 1103 2950; x_wconf 91' lang='lat' dir='ltr'><strong>ac</strong></span> <span class='ocrx_word' id='word_1_238' title='bbox 1148 2895 1337 2949; x_wconf 87' lang='lat' dir='ltr'><strong>studio</strong></span> <span class='ocrx_word' id='word_1_239' title='bbox 1391 2895 1750 2960; x_wconf 56' lang='lat' dir='ltr'><strong>resediticari;</strong></span> <span class='ocrx_word' id='word_1_240' title='bbox 1794 2905 1845 2950; x_wconf 92' lang='lat' dir='ltr'><strong>et</strong></span> <span class='ocrx_word' id='word_1_241' title='bbox 1880 2911 2043 2966; x_wconf 90' lang='lat' dir='ltr'><strong>quos-</strong></span> 
     </span>
    </p>
   </div>
   <div class='ocr_carea' id='block_1_37' title="bbox 464 2984 2041 3057">
    <p class='ocr_par' dir='ltr' id='par_1_37' title="bbox 464 2984 2041 3057">
     <span class='ocr_line' id='line_1_37' title="bbox 464 2984 2041 3057; baseline 0.001 -17"><span class='ocrx_word' id='word_1_242' title='bbox 464 3000 685 3057; x_wconf 76' lang='lat' dir='ltr'><strong>cunque</strong></span> <span class='ocrx_word' id='word_1_243' title='bbox 714 2984 968 3042; x_wconf 88' lang='lat' dir='ltr'><strong>redditus</strong></span> <span class='ocrx_word' id='word_1_244' title='bbox 1018 2988 1274 3042; x_wconf 84' lang='lat' dir='ltr'><strong>ecclesiis</strong></span> <span class='ocrx_word' id='word_1_245' title='bbox 1320 2989 1689 3042; x_wconf 88' lang='lat' dir='ltr'><strong>attribuerant</strong></span> <span class='ocrx_word' id='word_1_246' title='bbox 1728 2989 2041 3043; x_wconf 84' lang='lat' dir='ltr'><strong>Constanti-</strong></span> 
     </span>
    </p>
   </div>
   <div class='ocr_carea' id='block_1_38' title="bbox 462 3079 2043 3149">
    <p class='ocr_par' dir='ltr' id='par_1_38' title="bbox 462 3079 2043 3149">
     <span class='ocr_line' id='line_1_38' title="bbox 462 3079 2043 3149; baseline -0.001 -15"><span class='ocrx_word' id='word_1_247' title='bbox 462 3092 565 3135; x_wconf 81' lang='lat' dir='ltr'><strong>nus</strong></span> <span class='ocrx_word' id='word_1_248' title='bbox 590 3087 1020 3149; x_wconf 81' lang='lat' dir='ltr'><strong>magnus,atque</strong></span> <span class='ocrx_word' id='word_1_249' title='bbox 1046 3079 1166 3147; x_wconf 90' lang='lat' dir='ltr'><strong>ejus</strong></span> <span class='ocrx_word' id='word_1_250' title='bbox 1191 3080 1336 3135; x_wconf 87' lang='lat' dir='ltr'><strong>filius</strong></span> <span class='ocrx_word' id='word_1_251' title='bbox 1354 3080 1970 3145; x_wconf 74' lang='lat' dir='ltr'><strong>tlonstantius,ahstulit</strong></span> <span class='ocrx_word' id='word_1_252' title='bbox 1992 3087 2043 3133; x_wconf 84' lang='lat' dir='ltr'><strong>et</strong></span> 
     </span>
    </p>
   </div>
   <div class='ocr_carea' id='block_1_39' title="bbox 462 3170 2046 3241">
    <p class='ocr_par' dir='ltr' id='par_1_39' title="bbox 462 3170 2046 3241">
     <span class='ocr_line' id='line_1_39' title="bbox 462 3170 2046 3241; baseline -0.001 -17"><span class='ocrx_word' id='word_1_253' title='bbox 462 3171 728 3227; x_wconf 85' lang='lat' dir='ltr'><strong>idolorum</strong></span> <span class='ocrx_word' id='word_1_254' title='bbox 777 3170 990 3241; x_wconf 90' lang='lat' dir='ltr'><strong>templis</strong></span> <span class='ocrx_word' id='word_1_255' title='bbox 1018 3170 1321 3235; x_wconf 88' lang='lat' dir='ltr'><strong>dedicavit;</strong></span> <span class='ocrx_word' id='word_1_256' title='bbox 1350 3172 1477 3225; x_wconf 89' lang='lat' dir='ltr'><strong>dum</strong></span> <span class='ocrx_word' id='word_1_257' title='bbox 1502 3170 1663 3225; x_wconf 89' lang='lat' dir='ltr'><strong>simul</strong></span> <span class='ocrx_word' id='word_1_258' title='bbox 1704 3186 1803 3241; x_wconf 88' lang='lat' dir='ltr'><strong>pro</strong></span> <span class='ocrx_word' id='word_1_259' title='bbox 1832 3173 2046 3241; x_wconf 86' lang='lat' dir='ltr'><strong>episco-</strong></span> 
     </span>
    </p>
   </div>
   <div class='ocr_carea' id='block_1_40' title="bbox 464 3262 2046 3333">
    <p class='ocr_par' dir='ltr' id='par_1_40' title="bbox 464 3262 2046 3333">
     <span class='ocr_line' id='line_1_40' title="bbox 464 3262 2046 3333; baseline -0.001 -18"><span class='ocrx_word' id='word_1_260' title='bbox 464 3263 925 3333; x_wconf 83' lang='lat' dir='ltr'><strong>pis,presbyteris</strong></span> <span class='ocrx_word' id='word_1_261' title='bbox 948 3262 1272 3317; x_wconf 87' lang='lat' dir='ltr'><strong>etdiaconis</strong></span> <span class='ocrx_word' id='word_1_262' title='bbox 1304 3262 1593 3317; x_wconf 87' lang='lat' dir='ltr'><strong>constituit</strong></span> <span class='ocrx_word' id='word_1_263' title='bbox 1626 3262 1889 3328; x_wconf 88' lang='lat' dir='ltr'><strong>aedituos,</strong></span> <span class='ocrx_word' id='word_1_264' title='bbox 1910 3272 2046 3315; x_wconf 84' lang='lat' dir='ltr'><strong>tein-</strong></span> 
     </span>
    </p>
   </div>
   <div class='ocr_carea' id='block_1_41' title="bbox 466 3353 2050 3424">
    <p class='ocr_par' dir='ltr' id='par_1_41' title="bbox 466 3353 2050 3424">
     <span class='ocr_line' id='line_1_41' title="bbox 466 3353 2050 3424; baseline 0 -17"><span class='ocrx_word' id='word_1_265' title='bbox 466 3355 677 3422; x_wconf 78' lang='lat' dir='ltr'><strong>plnrum</strong></span> <span class='ocrx_word' id='word_1_266' title='bbox 723 3355 1000 3419; x_wconf 84' lang='lat' dir='ltr'><strong>custodes,</strong></span> <span class='ocrx_word' id='word_1_267' title='bbox 1032 3368 1374 3423; x_wconf 87' lang='lat' dir='ltr'><strong>aspersores,</strong></span> <span class='ocrx_word' id='word_1_268' title='bbox 1420 3353 1725 3418; x_wconf 83' lang='lat' dir='ltr'><strong>sacrificos,</strong></span> <span class='ocrx_word' id='word_1_269' title='bbox 1779 3355 2050 3424; x_wconf 89' lang='lat' dir='ltr'><strong>canepho-</strong></span> 
     </span>
    </p>
   </div>
   <div class='ocr_carea' id='block_1_42' title="bbox 470 3444 2049 3515">
    <p class='ocr_par' dir='ltr' id='par_1_42' title="bbox 470 3444 2049 3515">
     <span class='ocr_line' id='line_1_42' title="bbox 470 3444 2049 3515; baseline 0.003 -21"><span class='ocrx_word' id='word_1_270' title='bbox 470 3460 558 3500; x_wconf 81' lang='lat' dir='ltr'><strong>ros</strong></span> <span class='ocrx_word' id='word_1_271' title='bbox 583 3444 685 3514; x_wconf 85' lang='lat'><strong>(8),</strong></span> <span class='ocrx_word' id='word_1_272' title='bbox 708 3455 762 3498; x_wconf 92' lang='lat' dir='ltr'><strong>ct</strong></span> <span class='ocrx_word' id='word_1_273' title='bbox 791 3460 1138 3514; x_wconf 68' lang='lat' dir='ltr'><strong>quazcunque</strong></span> <span class='ocrx_word' id='word_1_274' title='bbox 1166 3444 1453 3514; x_wconf 76' lang='lat' dir='ltr'><strong>gentilium</strong></span> <span class='ocrx_word' id='word_1_275' title='bbox 1494 3446 1784 3514; x_wconf 79' lang='lat' dir='ltr'><strong>nugacitas</strong></span> <span class='ocrx_word' id='word_1_276' title='bbox 1815 3446 2049 3515; x_wconf 90' lang='lat' dir='ltr'><strong>imponit</strong></span> 
     </span>
    </p>
   </div>
   <div class='ocr_carea' id='block_1_43' title="bbox 468 3534 2050 3604">
    <p class='ocr_par' dir='ltr' id='par_1_43' title="bbox 468 3534 2050 3604">
     <span class='ocr_line' id='line_1_43' title="bbox 468 3534 2050 3604; baseline 0.003 -17"><span class='ocrx_word' id='word_1_277' title='bbox 468 3537 708 3590; x_wconf 86' lang='lat' dir='ltr'><strong>nomina.</strong></span> <span class='ocrx_word' id='word_1_278' title='bbox 758 3534 881 3590; x_wconf 66' lang='lat' dir='ltr'><strong>[late</strong></span> <span class='ocrx_word' id='word_1_279' title='bbox 937 3536 1100 3604; x_wconf 79' lang='lat' dir='ltr'><strong>igitur</strong></span> <span class='ocrx_word' id='word_1_280' title='bbox 1149 3546 1199 3590; x_wconf 92' lang='lat' dir='ltr'><strong>et</strong></span> <span class='ocrx_word' id='word_1_281' title='bbox 1257 3536 1358 3588; x_wconf 89' lang='lat' dir='ltr'><strong>alia</strong></span> <span class='ocrx_word' id='word_1_282' title='bbox 1399 3537 1598 3591; x_wconf 87' lang='lat' dir='ltr'><strong>fiebant</strong></span> <span class='ocrx_word' id='word_1_283' title='bbox 1656 3538 2050 3593; x_wconf 77' lang='lat' dir='ltr'><strong>Constantino-</strong></span> 
     </span>
    </p>
   </div>
   <div class='ocr_carea' id='block_1_44' title="bbox 470 3630 597 3697">
    <p class='ocr_par' dir='ltr' id='par_1_44' title="bbox 470 3630 597 3697">
     <span class='ocr_line' id='line_1_44' title="bbox 470 3630 597 3697; baseline 0.016 -18"><span class='ocrx_word' id='word_1_284' title='bbox 470 3630 597 3697; x_wconf 77' lang='lat' dir='ltr'><strong>poli.</strong></span> 
     </span>
    </p>
   </div>
   <div class='ocr_carea' id='block_1_45' title="bbox 535 3832 2047 3896">
    <p class='ocr_par' dir='ltr' id='par_1_45' title="bbox 535 3832 2047 3896">
     <span class='ocr_line' id='line_1_45' title="bbox 535 3832 2047 3896; baseline 0.005 -7"><span class='ocrx_word' id='word_1_285' title='bbox 535 3834 627 3891; x_wconf 71' lang='lat'><strong>23.</strong></span> <span class='ocrx_word' id='word_1_286' title='bbox 690 3832 819 3890; x_wconf 81' lang='lat' dir='ltr'><strong>Post</strong></span> <span class='ocrx_word' id='word_1_287' title='bbox 858 3836 971 3891; x_wconf 73' lang='lat' dir='ltr'><strong>haec</strong></span> <span class='ocrx_word' id='word_1_288' title='bbox 1008 3846 1188 3891; x_wconf 85' lang='lat' dir='ltr'><strong>autem</strong></span> <span class='ocrx_word' id='word_1_289' title='bbox 1247 3852 1372 3891; x_wconf 87' lang='lat' dir='ltr'><strong>cum</strong></span> <span class='ocrx_word' id='word_1_290' title='bbox 1412 3839 1609 3893; x_wconf 88' lang='lat' dir='ltr'><strong>matris</strong></span> <span class='ocrx_word' id='word_1_291' title='bbox 1653 3855 1766 3894; x_wconf 76' lang='lat' dir='ltr'><strong>sua:</strong></span> <span class='ocrx_word' id='word_1_292' title='bbox 1823 3839 2047 3896; x_wconf 81' lang='lat' dir='ltr'><strong>fratrem</strong></span> 
     </span>
    </p>
   </div>
   <div class='ocr_carea' id='block_1_46' title="bbox 472 3927 2053 4001">
    <p class='ocr_par' dir='ltr' id='par_1_46' title="bbox 472 3927 2053 4001">
     <span class='ocr_line' id='line_1_46' title="bbox 472 3927 2053 4001; baseline 0.004 -21"><span class='ocrx_word' id='word_1_293' title='bbox 472 3928 729 3989; x_wconf 76' lang='lat' dir='ltr'><strong>haberet,</strong></span> <span class='ocrx_word' id='word_1_294' title='bbox 765 3927 1051 3982; x_wconf 88' lang='lat' dir='ltr'><strong>Julianum</strong></span> <span class='ocrx_word' id='word_1_295' title='bbox 1109 3928 1333 3984; x_wconf 91' lang='lat' dir='ltr'><strong>nomine</strong></span> <span class='ocrx_word' id='word_1_296' title='bbox 1358 3968 1372 3992; x_wconf 93' lang='lat'><strong>,</strong></span> <span class='ocrx_word' id='word_1_297' title='bbox 1406 3932 1499 4000; x_wconf 88' lang='lat' dir='ltr'><strong>qui</strong></span> <span class='ocrx_word' id='word_1_298' title='bbox 1525 3970 1540 3996; x_wconf 85' lang='lat'><strong>,</strong></span> <span class='ocrx_word' id='word_1_299' title='bbox 1576 3938 1635 3983; x_wconf 91' lang='lat' dir='ltr'><strong>ut</strong></span> <span class='ocrx_word' id='word_1_300' title='bbox 1665 3931 1807 4000; x_wconf 90' lang='lat' dir='ltr'><strong>apud</strong></span> <span class='ocrx_word' id='word_1_301' title='bbox 1852 3932 2053 4001; x_wconf 86' lang='lat' dir='ltr'><strong>princi-</strong></span> 
     </span>
    </p>
   </div>
   <div class='ocr_carea' id='block_1_47' title="bbox 472 4021 2053 4096">
    <p class='ocr_par' dir='ltr' id='par_1_47' title="bbox 472 4021 2053 4096">
     <span class='ocr_line' id='line_1_47' title="bbox 472 4021 2053 4096; baseline 0.003 -20"><span class='ocrx_word' id='word_1_302' title='bbox 472 4036 593 4089; x_wconf 88' lang='lat' dir='ltr'><strong>pem</strong></span> <span class='ocrx_word' id='word_1_303' title='bbox 626 4022 801 4091; x_wconf 79' lang='lat' dir='ltr'><strong>gratia</strong></span> <span class='ocrx_word' id='word_1_304' title='bbox 851 4021 1111 4087; x_wconf 86' lang='lat' dir='ltr'><strong>floreret,</strong></span> <span class='ocrx_word' id='word_1_305' title='bbox 1166 4022 1543 4078; x_wconf 84' lang='lat' dir='ltr'><strong>Christianam</strong></span> <span class='ocrx_word' id='word_1_306' title='bbox 1603 4024 1927 4096; x_wconf 80' lang='lat' dir='ltr'><strong>religionem</strong></span> <span class='ocrx_word' id='word_1_307' title='bbox 1959 4027 2053 4081; x_wconf 86' lang='lat' dir='ltr'><strong>ah-</strong></span> 
     </span>
    </p>
   </div>
   <div class='ocr_carea' id='block_1_48' title="bbox 466 4114 2050 4185">
    <p class='ocr_par' dir='ltr' id='par_1_48' title="bbox 466 4114 2050 4185">
     <span class='ocr_line' id='line_1_48' title="bbox 466 4114 2050 4185; baseline 0.003 -18"><span class='ocrx_word' id='word_1_308' title='bbox 466 4114 755 4181; x_wconf 87' lang='lat' dir='ltr'><strong>juraverat</strong></span> <span class='ocrx_word' id='word_1_309' title='bbox 787 4121 841 4168; x_wconf 93' lang='lat' dir='ltr'><strong>et</strong></span> <span class='ocrx_word' id='word_1_310' title='bbox 873 4130 1125 4184; x_wconf 81' lang='lat' dir='ltr'><strong>magnam</strong></span> <span class='ocrx_word' id='word_1_311' title='bbox 1181 4130 1280 4185; x_wconf 89' lang='lat' dir='ltr'><strong>pro</strong></span> <span class='ocrx_word' id='word_1_312' title='bbox 1333 4115 1656 4182; x_wconf 82' lang='lat' dir='ltr'><strong>gentilismo</strong></span> <span class='ocrx_word' id='word_1_313' title='bbox 1694 4118 2050 4174; x_wconf 87' lang='lat' dir='ltr'><strong>sedulitatem</strong></span> 
     </span>
    </p>
   </div>
   <div class='ocr_carea' id='block_1_49' title="bbox 468 4204 2050 4280">
    <p class='ocr_par' dir='ltr' id='par_1_49' title="bbox 468 4204 2050 4280">
     <span class='ocr_line' id='line_1_49' title="bbox 468 4204 2050 4280; baseline 0.002 -20"><span class='ocrx_word' id='word_1_314' title='bbox 468 4206 832 4270; x_wconf 85' lang='lat' dir='ltr'><strong>ostendebat,</strong></span> <span class='ocrx_word' id='word_1_315' title='bbox 865 4207 1022 4260; x_wconf 86' lang='lat' dir='ltr'><strong>illum</strong></span> <span class='ocrx_word' id='word_1_316' title='bbox 1058 4207 1242 4261; x_wconf 88' lang='lat' dir='ltr'><strong>emisit</strong></span> <span class='ocrx_word' id='word_1_317' title='bbox 1269 4204 1518 4262; x_wconf 90' lang='lat' dir='ltr'><strong>Orientis</strong></span> <span class='ocrx_word' id='word_1_318' title='bbox 1551 4216 1850 4272; x_wconf 89' lang='lat' dir='ltr'><strong>rectorem,</strong></span> <span class='ocrx_word' id='word_1_319' title='bbox 1887 4226 2050 4280; x_wconf 83' lang='lat' dir='ltr'><strong>quem</strong></span> 
     </span>
    </p>
   </div>
   <div class='ocr_carea' id='block_1_50' title="bbox 471 4298 2054 4366">
    <p class='ocr_par' dir='ltr' id='par_1_50' title="bbox 471 4298 2054 4366">
     <span class='ocr_line' id='line_1_50' title="bbox 471 4298 2054 4366; baseline 0.003 -16"><span class='ocrx_word' id='word_1_320' title='bbox 471 4308 668 4352; x_wconf 89' lang='lat' dir='ltr'><strong>vocant</strong></span> <span class='ocrx_word' id='word_1_321' title='bbox 721 4300 979 4353; x_wconf 89' lang='lat' dir='ltr'><strong>comitem</strong></span> <span class='ocrx_word' id='word_1_322' title='bbox 1006 4338 1022 4361; x_wconf 92' lang='lat'><strong>,</strong></span> <span class='ocrx_word' id='word_1_323' title='bbox 1071 4299 1233 4366; x_wconf 90' lang='lat' dir='ltr'><strong>eique</strong></span> <span class='ocrx_word' id='word_1_324' title='bbox 1265 4298 1552 4352; x_wconf 89' lang='lat' dir='ltr'><strong>mandavit</strong></span> <span class='ocrx_word' id='word_1_325' title='bbox 1586 4309 1645 4353; x_wconf 92' lang='lat' dir='ltr'><strong>ut</strong></span> <span class='ocrx_word' id='word_1_326' title='bbox 1675 4316 1765 4355; x_wconf 89' lang='lat' dir='ltr'><strong>res</strong></span> <span class='ocrx_word' id='word_1_327' title='bbox 1797 4303 2054 4357; x_wconf 86' lang='lat' dir='ltr'><strong>ecclesia-</strong></span> 
     </span>
    </p>
   </div>
   <div class='ocr_carea' id='block_1_51' title="bbox 473 4387 2051 4460">
    <p class='ocr_par' dir='ltr' id='par_1_51' title="bbox 473 4387 2051 4460">
     <span class='ocr_line' id='line_1_51' title="bbox 473 4387 2051 4460; baseline 0.003 -18"><span class='ocrx_word' id='word_1_328' title='bbox 473 4390 645 4442; x_wconf 90' lang='lat' dir='ltr'><strong>sticas</strong></span> <span class='ocrx_word' id='word_1_329' title='bbox 680 4396 908 4442; x_wconf 74' lang='lat' dir='ltr'><strong>vexaret</strong></span> <span class='ocrx_word' id='word_1_330' title='bbox 938 4396 991 4441; x_wconf 90' lang='lat' dir='ltr'><strong>et</strong></span> <span class='ocrx_word' id='word_1_331' title='bbox 1021 4387 1404 4457; x_wconf 85' lang='lat' dir='ltr'><strong>disperderet,</strong></span> <span class='ocrx_word' id='word_1_332' title='bbox 1451 4389 1520 4444; x_wconf 85' lang='lat' dir='ltr'><strong>ad</strong></span> <span class='ocrx_word' id='word_1_333' title='bbox 1550 4390 1928 4460; x_wconf 75' lang='lat' dir='ltr'><strong>gentilismum</strong></span> <span class='ocrx_word' id='word_1_334' title='bbox 1959 4409 2051 4446; x_wconf 88' lang='lat' dir='ltr'><strong>au-</strong></span> 
     </span>
    </p>
   </div>
   <div class='ocr_carea' id='block_1_52' title="bbox 471 4478 2059 4549">
    <p class='ocr_par' dir='ltr' id='par_1_52' title="bbox 471 4478 2059 4549">
     <span class='ocr_line' id='line_1_52' title="bbox 471 4478 2059 4549; baseline 0.005 -17"><span class='ocrx_word' id='word_1_335' title='bbox 471 4490 579 4533; x_wconf 89' lang='lat' dir='ltr'><strong>tem</strong></span> <span class='ocrx_word' id='word_1_336' title='bbox 614 4479 814 4547; x_wconf 87' lang='lat' dir='ltr'><strong>ubique</strong></span> <span class='ocrx_word' id='word_1_337' title='bbox 861 4478 1168 4549; x_wconf 77' lang='lat' dir='ltr'><strong>augendum</strong></span> <span class='ocrx_word' id='word_1_338' title='bbox 1223 4489 1277 4535; x_wconf 92' lang='lat' dir='ltr'><strong>et</strong></span> <span class='ocrx_word' id='word_1_339' title='bbox 1307 4480 1677 4537; x_wconf 86' lang='lat' dir='ltr'><strong>extollendum</strong></span> <span class='ocrx_word' id='word_1_340' title='bbox 1713 4483 1847 4537; x_wconf 90' lang='lat' dir='ltr'><strong>nihil</strong></span> <span class='ocrx_word' id='word_1_341' title='bbox 1882 4484 2059 4540; x_wconf 90' lang='lat' dir='ltr'><strong>inten-</strong></span> 
     </span>
    </p>
   </div>
   <div class='ocr_carea' id='block_1_53' title="bbox 474 4547 2135 4645">
    <p class='ocr_par' dir='ltr' id='par_1_53' title="bbox 474 4547 2135 4645">
     <span class='ocr_line' id='line_1_53' title="bbox 474 4547 2135 4645; baseline 0.007 -23"><span class='ocrx_word' id='word_1_342' title='bbox 474 4580 647 4623; x_wconf 89' lang='lat' dir='ltr'><strong>tatum</strong></span> <span class='ocrx_word' id='word_1_343' title='bbox 682 4547 1038 4641; x_wconf 77' lang='lat' dir='ltr'><strong>relinqueret.</strong></span> <span class='ocrx_word' id='word_1_344' title='bbox 1086 4570 1222 4626; x_wconf 88' lang='lat' dir='ltr'><strong>Cum</strong></span> <span class='ocrx_word' id='word_1_345' title='bbox 1256 4588 1389 4645; x_wconf 77' lang='lat' dir='ltr'><strong>ergo</strong></span> <span class='ocrx_word' id='word_1_346' title='bbox 1429 4574 1535 4629; x_wconf 89' lang='lat' dir='ltr'><strong>iste</strong></span> <span class='ocrx_word' id='word_1_347' title='bbox 1567 4575 1913 4631; x_wconf 86' lang='lat' dir='ltr'><strong>Antiochiam</strong></span> <span class='ocrx_word' id='word_1_348' title='bbox 1962 4592 2051 4632; x_wconf 76' lang='lat' dir='ltr'><strong>ve-</strong></span> <span class='ocrx_word' id='word_1_349' title='bbox 2086 4547 2135 4607; x_wconf 77' lang='lat' dir='ltr'><strong>D</strong></span> 
     </span>
    </p>
   </div>
   <div class='ocr_carea' id='block_1_54' title="bbox 474 4666 2049 4744">
    <p class='ocr_par' dir='ltr' id='par_1_54' title="bbox 474 4666 2049 4744">
     <span class='ocr_line' id='line_1_54' title="bbox 474 4666 2049 4744; baseline 0.006 -25"><span class='ocrx_word' id='word_1_350' title='bbox 474 4666 669 4730; x_wconf 87' lang='lat' dir='ltr'><strong>nissct,</strong></span> <span class='ocrx_word' id='word_1_351' title='bbox 724 4668 1034 4722; x_wconf 81' lang='lat' dir='ltr'><strong>conabatur</strong></span> <span class='ocrx_word' id='word_1_352' title='bbox 1078 4669 1346 4738; x_wconf 88' lang='lat' dir='ltr'><strong>operibus</strong></span> <span class='ocrx_word' id='word_1_353' title='bbox 1410 4670 1566 4740; x_wconf 88' lang='lat' dir='ltr'><strong>plura</strong></span> <span class='ocrx_word' id='word_1_354' title='bbox 1599 4675 1825 4744; x_wconf 82' lang='lat' dir='ltr'><strong>exsequi</strong></span> <span class='ocrx_word' id='word_1_355' title='bbox 1885 4691 2049 4744; x_wconf 83' lang='lat' dir='ltr'><strong>quam</strong></span> 
     </span>
    </p>
   </div>
   <div class='ocr_carea' id='block_1_55' title="bbox 474 4758 2055 4834">
    <p class='ocr_par' dir='ltr' id='par_1_55' title="bbox 474 4758 2055 4834">
     <span class='ocr_line' id='line_1_55' title="bbox 474 4758 2055 4834; baseline 0.004 -23"><span class='ocrx_word' id='word_1_356' title='bbox 474 4772 599 4827; x_wconf 70' lang='lat' dir='ltr'><strong>quae</strong></span> <span class='ocrx_word' id='word_1_357' title='bbox 632 4768 794 4813; x_wconf 90' lang='lat' dir='ltr'><strong>erant</strong></span> <span class='ocrx_word' id='word_1_358' title='bbox 848 4760 902 4813; x_wconf 91' lang='lat' dir='ltr'><strong>in</strong></span> <span class='ocrx_word' id='word_1_359' title='bbox 964 4759 1270 4814; x_wconf 86' lang='lat' dir='ltr'><strong>mandatis.</strong></span> <span class='ocrx_word' id='word_1_360' title='bbox 1318 4758 1589 4818; x_wconf 84' lang='lat' dir='ltr'><strong>Ecclesiis</strong></span> <span class='ocrx_word' id='word_1_361' title='bbox 1620 4764 1841 4834; x_wconf 89' lang='lat' dir='ltr'><strong>quidem</strong></span> <span class='ocrx_word' id='word_1_362' title='bbox 1877 4766 2055 4820; x_wconf 89' lang='lat' dir='ltr'><strong>aufert</strong></span> 
     </span>
    </p>
   </div>
   <div class='ocr_carea' id='block_1_56' title="bbox 472 4851 2055 4925">
    <p class='ocr_par' dir='ltr' id='par_1_56' title="bbox 472 4851 2055 4925">
     <span class='ocr_line' id='line_1_56' title="bbox 472 4851 2055 4925; baseline 0.006 -23"><span class='ocrx_word' id='word_1_363' title='bbox 472 4856 671 4903; x_wconf 89' lang='lat' dir='ltr'><strong>cuncta</strong></span> <span class='ocrx_word' id='word_1_364' title='bbox 720 4851 987 4925; x_wconf 79' lang='lat' dir='ltr'><strong>pretiosa.</strong></span> <span class='ocrx_word' id='word_1_365' title='bbox 1048 4866 1179 4905; x_wconf 88' lang='lat' dir='ltr'><strong>vasa</strong></span> <span class='ocrx_word' id='word_1_366' title='bbox 1262 4867 1457 4923; x_wconf 89' lang='lat' dir='ltr'><strong>nempe</strong></span> <span class='ocrx_word' id='word_1_367' title='bbox 1507 4864 1760 4925; x_wconf 81' lang='lat' dir='ltr'><strong>argentea</strong></span> <span class='ocrx_word' id='word_1_368' title='bbox 1801 4868 1852 4911; x_wconf 89' lang='lat' dir='ltr'><strong>et</strong></span> <span class='ocrx_word' id='word_1_369' title='bbox 1893 4873 2055 4912; x_wconf 87' lang='lat' dir='ltr'><strong>aurea</strong></span> 
     </span>
    </p>
   </div>
   <div class='ocr_carea' id='block_1_57' title="bbox 471 4942 2052 5017">
    <p class='ocr_par' dir='ltr' id='par_1_57' title="bbox 471 4942 2052 5017">
     <span class='ocr_line' id='line_1_57' title="bbox 471 4942 2052 5017; baseline 0.006 -24"><span class='ocrx_word' id='word_1_370' title='bbox 471 4958 534 4995; x_wconf 87' lang='lat' dir='ltr'><strong>ac</strong></span> <span class='ocrx_word' id='word_1_371' title='bbox 570 4942 750 4996; x_wconf 87' lang='lat' dir='ltr'><strong>serica</strong></span> <span class='ocrx_word' id='word_1_372' title='bbox 788 4944 1159 5009; x_wconf 75' lang='lat' dir='ltr'><strong>vestimenta;</strong></span> <span class='ocrx_word' id='word_1_373' title='bbox 1219 4944 1353 5013; x_wconf 82' lang='lat' dir='ltr'><strong>quin</strong></span> <span class='ocrx_word' id='word_1_374' title='bbox 1387 4945 1553 5000; x_wconf 89' lang='lat' dir='ltr'><strong>etiam</strong></span> <span class='ocrx_word' id='word_1_375' title='bbox 1590 4948 1736 5017; x_wconf 85' lang='lat' dir='ltr'><strong>ipsas</strong></span> <span class='ocrx_word' id='word_1_376' title='bbox 1786 4950 2052 5004; x_wconf 87' lang='lat' dir='ltr'><strong>ecclesias</strong></span> 
     </span>
    </p>
   </div>
   <div class='ocr_carea' id='block_1_58' title="bbox 469 5032 2052 5104">
    <p class='ocr_par' dir='ltr' id='par_1_58' title="bbox 469 5032 2052 5104">
     <span class='ocr_line' id='line_1_58' title="bbox 469 5032 2052 5104; baseline 0.006 -20"><span class='ocrx_word' id='word_1_377' title='bbox 469 5032 677 5086; x_wconf 75' lang='lat' dir='ltr'><strong>claudit</strong></span> <span class='ocrx_word' id='word_1_378' title='bbox 699 5073 714 5096; x_wconf 90' lang='lat'><strong>,</strong></span> <span class='ocrx_word' id='word_1_379' title='bbox 755 5048 821 5086; x_wconf 87' lang='lat' dir='ltr'><strong>ne</strong></span> <span class='ocrx_word' id='word_1_380' title='bbox 847 5036 974 5103; x_wconf 89' lang='lat' dir='ltr'><strong>quis</strong></span> <span class='ocrx_word' id='word_1_381' title='bbox 1006 5035 1174 5090; x_wconf 85' lang='lat' dir='ltr'><strong>intret</strong></span> <span class='ocrx_word' id='word_1_382' title='bbox 1200 5037 1471 5092; x_wconf 88' lang='lat' dir='ltr'><strong>orationis</strong></span> <span class='ocrx_word' id='word_1_383' title='bbox 1502 5054 1691 5104; x_wconf 89' lang='lat' dir='ltr'><strong>causa,</strong></span> <span class='ocrx_word' id='word_1_384' title='bbox 1724 5040 1873 5097; x_wconf 82' lang='lat' dir='ltr'><strong>fores</strong></span> <span class='ocrx_word' id='word_1_385' title='bbox 1899 5043 2052 5095; x_wconf 88' lang='lat' dir='ltr'><strong>clau-</strong></span> 
     </span>
    </p>
   </div>
   <div class='ocr_carea' id='block_1_59' title="bbox 471 5126 2052 5203">
    <p class='ocr_par' dir='ltr' id='par_1_59' title="bbox 471 5126 2052 5203">
     <span class='ocr_line' id='line_1_59' title="bbox 471 5126 2052 5203; baseline 0.006 -24"><span class='ocrx_word' id='word_1_386' title='bbox 471 5126 603 5179; x_wconf 59' lang='lat' dir='ltr'><strong>s&#39;tris</strong></span> <span class='ocrx_word' id='word_1_387' title='bbox 655 5127 1020 5197; x_wconf 80' lang='lat' dir='ltr'><strong>vectibusque</strong></span> <span class='ocrx_word' id='word_1_388' title='bbox 1073 5128 1391 5184; x_wconf 85' lang='lat' dir='ltr'><strong>occludens.</strong></span> <span class='ocrx_word' id='word_1_389' title='bbox 1458 5129 1523 5184; x_wconf 86' lang='lat' dir='ltr'><strong>Et</strong></span> <span class='ocrx_word' id='word_1_390' title='bbox 1574 5133 1688 5186; x_wconf 84' lang='lat' dir='ltr'><strong>haec</strong></span> <span class='ocrx_word' id='word_1_391' title='bbox 1719 5135 1941 5203; x_wconf 83' lang='lat' dir='ltr'><strong>quidem</strong></span> <span class='ocrx_word' id='word_1_392' title='bbox 1974 5135 2052 5189; x_wconf 85' lang='lat' dir='ltr'><strong>fa-</strong></span> 
     </span>
    </p>
   </div>
   <div class='ocr_carea' id='block_1_60' title="bbox 473 5217 2046 5294">
    <p class='ocr_par' dir='ltr' id='par_1_60' title="bbox 473 5217 2046 5294">
     <span class='ocr_line' id='line_1_60' title="bbox 473 5217 2046 5294; baseline 0.008 -25"><span class='ocrx_word' id='word_1_393' title='bbox 473 5217 651 5271; x_wconf 66' lang='lat' dir='ltr'><strong>ciebat</strong></span> <span class='ocrx_word' id='word_1_394' title='bbox 680 5221 735 5272; x_wconf 84' lang='lat' dir='ltr'><strong>in</strong></span> <span class='ocrx_word' id='word_1_395' title='bbox 784 5220 1007 5275; x_wconf 84' lang='lat' dir='ltr'><strong>civitate</strong></span> <span class='ocrx_word' id='word_1_396' title='bbox 1041 5220 1385 5277; x_wconf 84' lang='lat' dir='ltr'><strong>Antiochena</strong></span> <span class='ocrx_word' id='word_1_397' title='bbox 1440 5225 1683 5281; x_wconf 88' lang='lat' dir='ltr'><strong>Orientis</strong></span> <span class='ocrx_word' id='word_1_398' title='bbox 1734 5229 2046 5294; x_wconf 64' lang='lat' dir='ltr'><strong>praefectus.</strong></span> 
     </span>
    </p>
   </div>
   <div class='ocr_carea' id='block_1_61' title="bbox 2138 1307 3759 1379">
    <p class='ocr_par' dir='ltr' id='par_1_61' title="bbox 2138 1307 3759 1379">
     <span class='ocr_line' id='line_1_61' title="bbox 2138 1307 3759 1379; baseline 0.001 -19"><span class='ocrx_word' id='word_1_399' title='bbox 2138 1309 2263 1373; x_wconf 81' lang='grc' dir='ltr'>τοὺς</span> <span class='ocrx_word' id='word_1_400' title='bbox 2290 1309 2646 1379; x_wconf 82' lang='grc' dir='ltr'><strong>ὑπογραφέας</strong></span> <span class='ocrx_word' id='word_1_401' title='bbox 2668 1309 2765 1362; x_wconf 88' lang='grc' dir='ltr'><strong>τοῦ</strong></span> <span class='ocrx_word' id='word_1_402' title='bbox 2789 1307 3055 1378; x_wconf 82' lang='grc' dir='ltr'>βασιλέως</span> <span class='ocrx_word' id='word_1_403' title='bbox 3078 1308 3345 1362; x_wconf 76' lang='grc' dir='ltr'>τελοῦντα</span> <span class='ocrx_word' id='word_1_404' title='bbox 3382 1310 3540 1379; x_wconf 66' lang='grc' dir='ltr'>πυρὶ</span> <span class='ocrx_word' id='word_1_405' title='bbox 3572 1327 3759 1379; x_wconf 76' lang='grc' dir='ltr'>παρα-</span> 
     </span>
    </p>
   </div>
   <div class='ocr_carea' id='block_1_62' title="bbox 2138 1400 3757 1472">
    <p class='ocr_par' dir='ltr' id='par_1_62' title="bbox 2138 1400 3757 1472">
     <span class='ocr_line' id='line_1_62' title="bbox 2138 1400 3757 1472; baseline 0.002 -20"><span class='ocrx_word' id='word_1_406' title='bbox 2138 1400 2375 1465; x_wconf 84' lang='grc' dir='ltr'>δίδωσιν,</span> <span class='ocrx_word' id='word_1_407' title='bbox 2400 1402 2476 1463; x_wconf 84' lang='grc' dir='ltr'>ὡς</span> <span class='ocrx_word' id='word_1_408' title='bbox 2504 1401 2675 1453; x_wconf 83' lang='grc' dir='ltr'>πολλὰ</span> <span class='ocrx_word' id='word_1_409' title='bbox 2701 1400 2764 1472; x_wconf 82' lang='grc' dir='ltr'>δὴ</span> <span class='ocrx_word' id='word_1_410' title='bbox 2789 1400 2934 1469; x_wconf 86' lang='grc' dir='ltr'>μάλα</span> <span class='ocrx_word' id='word_1_411' title='bbox 2965 1401 3044 1471; x_wconf 81' lang='grc' dir='ltr'>τῷ</span> <span class='ocrx_word' id='word_1_412' title='bbox 3075 1402 3265 1471; x_wconf 84' lang='grc' dir='ltr'>Γάλλῳ</span> <span class='ocrx_word' id='word_1_413' title='bbox 3301 1403 3757 1472; x_wconf 78' lang='grc' dir='ltr'>ἐμπικρανάμε-</span> 
     </span>
    </p>
   </div>
   <div class='ocr_carea' id='block_1_63' title="bbox 2141 1492 3747 1564">
    <p class='ocr_par' dir='ltr' id='par_1_63' title="bbox 2141 1492 3747 1564">
     <span class='ocr_line' id='line_1_63' title="bbox 2141 1492 3747 1564; baseline 0.001 -20"><span class='ocrx_word' id='word_1_414' title='bbox 2141 1509 2249 1545; x_wconf 86' lang='grc' dir='ltr'>νον.</span> <span class='ocrx_word' id='word_1_415' title='bbox 2286 1493 2525 1555; x_wconf 79' lang='grc' dir='ltr'><strong>Τούτους</strong></span> <span class='ocrx_word' id='word_1_416' title='bbox 2580 1494 2680 1563; x_wconf 82' lang='grc' dir='ltr'>μὲν</span> <span class='ocrx_word' id='word_1_417' title='bbox 2732 1493 3076 1564; x_wconf 82' lang='grc' dir='ltr'><strong>ἀμφοτέρους</strong></span> <span class='ocrx_word' id='word_1_418' title='bbox 3115 1495 3196 1557; x_wconf 82' lang='grc' dir='ltr'><strong>είς</strong></span> <span class='ocrx_word' id='word_1_419' title='bbox 3248 1493 3354 1563; x_wconf 79' lang='grc' dir='ltr'>τὴν</span> <span class='ocrx_word' id='word_1_420' title='bbox 3404 1492 3747 1563; x_wconf 73' lang='grc' dir='ltr'>Χαλκηδόνα</span> 
     </span>
    </p>
   </div>
   <div class='ocr_carea' id='block_1_64' title="bbox 2140 1583 3751 1655">
    <p class='ocr_par' dir='ltr' id='par_1_64' title="bbox 2140 1583 3751 1655">
     <span class='ocr_line' id='line_1_64' title="bbox 2140 1583 3751 1655; baseline -0.001 -19"><span class='ocrx_word' id='word_1_421' title='bbox 2140 1583 2617 1654; x_wconf 76' lang='grc' dir='ltr'>διαπέμψας,ἐκεί</span> <span class='ocrx_word' id='word_1_422' title='bbox 2656 1587 2723 1655; x_wconf 83' lang='grc' dir='ltr'>τῇ</span> <span class='ocrx_word' id='word_1_423' title='bbox 2775 1585 2955 1655; x_wconf 81' lang='grc' dir='ltr'>οἰκείᾳ</span> <span class='ocrx_word' id='word_1_424' title='bbox 3013 1585 3139 1655; x_wconf 81' lang='grc' dir='ltr'>δίκῃ</span> <span class='ocrx_word' id='word_1_425' title='bbox 3188 1585 3399 1653; x_wconf 82' lang='grc' dir='ltr'>ὑπάγει</span> <span class='ocrx_word' id='word_1_426' title='bbox 3450 1584 3751 1653; x_wconf 70' lang='grc' dir='ltr'>ἑκάτερον*</span> 
     </span>
    </p>
   </div>
   <div class='ocr_carea' id='block_1_65' title="bbox 2141 1676 3751 1748">
    <p class='ocr_par' dir='ltr' id='par_1_65' title="bbox 2141 1676 3751 1748">
     <span class='ocr_line' id='line_1_65' title="bbox 2141 1676 3751 1748; baseline 0.006 -20"><span class='ocrx_word' id='word_1_427' title='bbox 2141 1677 2350 1729; x_wconf 83' lang='grc' dir='ltr'>ἀνεῖλεν</span> <span class='ocrx_word' id='word_1_428' title='bbox 2370 1677 2429 1729; x_wconf 81' lang='grc' dir='ltr'>δὲ</span> <span class='ocrx_word' id='word_1_429' title='bbox 2458 1677 2553 1730; x_wconf 70' lang='grc' dir='ltr'><strong>καὶ</strong></span> <span class='ocrx_word' id='word_1_430' title='bbox 2580 1676 2895 1729; x_wconf 79' lang='grc' dir='ltr'>Γαυδέντιον</span> <span class='ocrx_word' id='word_1_431' title='bbox 2928 1677 3234 1748; x_wconf 78' lang='grc' dir='ltr'>στρατηγὸν</span> <span class='ocrx_word' id='word_1_432' title='bbox 3285 1679 3393 1745; x_wconf 76' lang='grc' dir='ltr'>τῆς</span> <span class='ocrx_word' id='word_1_433' title='bbox 3442 1678 3751 1747; x_wconf 70' lang='grc' dir='ltr'>Ἀφρικῆς.</span> 
     </span>
    </p>
   </div>
   <div class='ocr_carea' id='block_1_66' title="bbox 2143 1770 3752 1842">
    <p class='ocr_par' dir='ltr' id='par_1_66' title="bbox 2143 1770 3752 1842">
     <span class='ocr_line' id='line_1_66' title="bbox 2143 1770 3752 1842; baseline 0.001 -20"><span class='ocrx_word' id='word_1_434' title='bbox 2143 1771 2237 1822; x_wconf 75' lang='grc' dir='ltr'>καὶ</span> <span class='ocrx_word' id='word_1_435' title='bbox 2258 1770 2457 1833; x_wconf 81' lang='grc' dir='ltr'>ἄλλους</span> <span class='ocrx_word' id='word_1_436' title='bbox 2477 1770 2653 1835; x_wconf 76' lang='grc' dir='ltr'>τινάς,</span> <span class='ocrx_word' id='word_1_437' title='bbox 2688 1771 2877 1823; x_wconf 89' lang='grc' dir='ltr'>ὁπόσοι</span> <span class='ocrx_word' id='word_1_438' title='bbox 2911 1789 2964 1823; x_wconf 85' lang='grc' dir='ltr'><strong>τι</strong></span> <span class='ocrx_word' id='word_1_439' title='bbox 3002 1775 3081 1835; x_wconf 86' lang='grc' dir='ltr'><strong>είς</strong></span> <span class='ocrx_word' id='word_1_440' title='bbox 3132 1772 3294 1825; x_wconf 75' lang='grc' dir='ltr'>αὑτὸν</span> <span class='ocrx_word' id='word_1_441' title='bbox 3323 1775 3752 1842; x_wconf 69' lang='grc' dir='ltr'>πεπαρῳνήκε-</span> 
     </span>
    </p>
   </div>
   <div class='ocr_carea' id='block_1_67' title="bbox 2073 1852 2265 1916">
    <p class='ocr_par' dir='ltr' id='par_1_67' title="bbox 2073 1852 2265 1916">
     <span class='ocr_line' id='line_1_67' title="bbox 2073 1852 2265 1916; baseline 0.01 -2"><span class='ocrx_word' id='word_1_442' title='bbox 2073 1852 2118 1907; x_wconf 82' lang='grc' dir='ltr'><strong>Β</strong></span> <span class='ocrx_word' id='word_1_443' title='bbox 2145 1879 2265 1916; x_wconf 87' lang='grc' dir='ltr'>σαν.</span> 
     </span>
    </p>
   </div>
   <div class='ocr_carea' id='block_1_68' title="bbox 2216 1994 3751 2073">
    <p class='ocr_par' dir='ltr' id='par_1_68' title="bbox 2216 1994 3751 2073">
     <span class='ocr_line' id='line_1_68' title="bbox 2216 1994 3751 2073; baseline 0.003 -21"><span class='ocrx_word' id='word_1_444' title='bbox 2216 1994 2322 2052; x_wconf 58' lang='grc' dir='ltr'>κεβ.</span> <span class='ocrx_word' id='word_1_445' title='bbox 2362 2000 2525 2052; x_wconf 84' lang='grc' dir='ltr'>Ἀλλὰ</span> <span class='ocrx_word' id='word_1_446' title='bbox 2551 2000 2777 2065; x_wconf 81' lang='grc' dir='ltr'>τούτους</span> <span class='ocrx_word' id='word_1_447' title='bbox 2807 2002 2905 2073; x_wconf 84' lang='grc' dir='ltr'>μὲν</span> <span class='ocrx_word' id='word_1_448' title='bbox 2929 2003 3016 2056; x_wconf 77' lang='grc' dir='ltr'><strong>διὰ</strong></span> <span class='ocrx_word' id='word_1_449' title='bbox 3046 2003 3400 2073; x_wconf 81' lang='grc' dir='ltr'>γραμμάτων</span> <span class='ocrx_word' id='word_1_450' title='bbox 3450 2005 3751 2058; x_wconf 57' lang='grc' dir='ltr'>ἐκόλασεν</span> 
     </span>
    </p>
   </div>
   <div class='ocr_carea' id='block_1_69' title="bbox 2142 2091 3753 2167">
    <p class='ocr_par' dir='ltr' id='par_1_69' title="bbox 2142 2091 3753 2167">
     <span class='ocr_line' id='line_1_69' title="bbox 2142 2091 3753 2167; baseline 0.003 -23"><span class='ocrx_word' id='word_1_451' title='bbox 2142 2093 2233 2144; x_wconf 78' lang='grc' dir='ltr'>τὸν</span> <span class='ocrx_word' id='word_1_452' title='bbox 2265 2092 2321 2145; x_wconf 86' lang='grc' dir='ltr'>δὲ</span> <span class='ocrx_word' id='word_1_453' title='bbox 2356 2091 2450 2145; x_wconf 86' lang='grc' dir='ltr'><strong>τοῦ</strong></span> <span class='ocrx_word' id='word_1_454' title='bbox 2486 2092 2725 2162; x_wconf 82' lang='grc' dir='ltr'>Χριστοῦ</span> <span class='ocrx_word' id='word_1_455' title='bbox 2761 2095 3017 2165; x_wconf 88' lang='grc' dir='ltr'>μάρτυρα</span> <span class='ocrx_word' id='word_1_456' title='bbox 3064 2095 3158 2147; x_wconf 79' lang='grc' dir='ltr'>καὶ</span> <span class='ocrx_word' id='word_1_457' title='bbox 3191 2098 3445 2163; x_wconf 87' lang='grc' dir='ltr'>γενναῖον</span> <span class='ocrx_word' id='word_1_458' title='bbox 3504 2098 3753 2167; x_wconf 64' lang='grc' dir='ltr'>ἀθλητὴν</span> 
     </span>
    </p>
   </div>
   <div class='ocr_carea' id='block_1_70' title="bbox 2155 2184 3754 2259">
    <p class='ocr_par' dir='ltr' id='par_1_70' title="bbox 2155 2184 3754 2259">
     <span class='ocr_line' id='line_1_70' title="bbox 2155 2184 3754 2259; baseline 0.004 -22"><span class='ocrx_word' id='word_1_459' title='bbox 2155 2185 2439 2255; x_wconf 81' lang='grc' dir='ltr'>Ἀρτέμιον</span> <span class='ocrx_word' id='word_1_460' title='bbox 2478 2185 2641 2247; x_wconf 83' lang='grc' dir='ltr'>αὐτὸς</span> <span class='ocrx_word' id='word_1_461' title='bbox 2672 2184 2741 2239; x_wconf 84' lang='grc' dir='ltr'><strong>δι’</strong></span> <span class='ocrx_word' id='word_1_462' title='bbox 2772 2187 2969 2241; x_wconf 82' lang='grc' dir='ltr'>ἑαυτοῦ</span> <span class='ocrx_word' id='word_1_463' title='bbox 2998 2188 3055 2239; x_wconf 86' lang='grc' dir='ltr'><strong>ἐν</strong></span> <span class='ocrx_word' id='word_1_464' title='bbox 3090 2187 3392 2258; x_wconf 72' lang='grc' dir='ltr'>Ἀντιοχείᾳ</span> <span class='ocrx_word' id='word_1_465' title='bbox 3429 2190 3648 2259; x_wconf 77' lang='grc' dir='ltr'>παρὼν</span> <span class='ocrx_word' id='word_1_466' title='bbox 3668 2193 3754 2243; x_wconf 77' lang='grc' dir='ltr'>καὶ</span> 
     </span>
    </p>
   </div>
   <div class='ocr_carea' id='block_1_71' title="bbox 2146 2276 3754 2352">
    <p class='ocr_par' dir='ltr' id='par_1_71' title="bbox 2146 2276 3754 2352">
     <span class='ocr_line' id='line_1_71' title="bbox 2146 2276 3754 2352; baseline 0.004 -22"><span class='ocrx_word' id='word_1_467' title='bbox 2146 2278 2408 2349; x_wconf 86' lang='grc' dir='ltr'>παρόντα,</span> <span class='ocrx_word' id='word_1_468' title='bbox 2460 2276 2549 2331; x_wconf 86' lang='grc' dir='ltr'><strong>διά</strong></span> <span class='ocrx_word' id='word_1_469' title='bbox 2584 2277 2685 2347; x_wconf 83' lang='grc' dir='ltr'>τὴν</span> <span class='ocrx_word' id='word_1_470' title='bbox 2717 2281 2795 2341; x_wconf 79' lang='grc' dir='ltr'><strong>εἰς</strong></span> <span class='ocrx_word' id='word_1_471' title='bbox 2841 2280 3076 2351; x_wconf 82' lang='grc' dir='ltr'>Χριστὸν</span> <span class='ocrx_word' id='word_1_472' title='bbox 3120 2280 3418 2350; x_wconf 75' lang='grc' dir='ltr'>ὁμολογίαν</span> <span class='ocrx_word' id='word_1_473' title='bbox 3449 2283 3754 2352; x_wconf 80' lang='grc' dir='ltr'>ἀπανθρώ-</span> 
     </span>
    </p>
   </div>
   <div class='ocr_carea' id='block_1_72' title="bbox 2144 2370 3753 2446">
    <p class='ocr_par' dir='ltr' id='par_1_72' title="bbox 2144 2370 3753 2446">
     <span class='ocr_line' id='line_1_72' title="bbox 2144 2370 3753 2446; baseline 0.004 -24"><span class='ocrx_word' id='word_1_474' title='bbox 2144 2387 2261 2432; x_wconf 88' lang='grc' dir='ltr'><strong>πως</strong></span> <span class='ocrx_word' id='word_1_475' title='bbox 2293 2370 2571 2436; x_wconf 84' lang='grc' dir='ltr'>ἐκόλασεν,</span> <span class='ocrx_word' id='word_1_476' title='bbox 2604 2373 2700 2424; x_wconf 80' lang='grc' dir='ltr'>καὶ</span> <span class='ocrx_word' id='word_1_477' title='bbox 2729 2372 2832 2442; x_wconf 83' lang='grc' dir='ltr'>τῆς</span> <span class='ocrx_word' id='word_1_478' title='bbox 2878 2375 3162 2443; x_wconf 80' lang='grc' dir='ltr'>παρούσης</span> <span class='ocrx_word' id='word_1_479' title='bbox 3190 2373 3352 2427; x_wconf 79' lang='grc' dir='ltr'>αὐτὸν</span> <span class='ocrx_word' id='word_1_480' title='bbox 3398 2375 3753 2446; x_wconf 75' lang='grc' dir='ltr'>ἀπεγύμνωο</span> 
     </span>
    </p>
   </div>
   <div class='ocr_carea' id='block_1_73' title="bbox 2147 2461 3751 2537">
    <p class='ocr_par' dir='ltr' id='par_1_73' title="bbox 2147 2461 3751 2537">
     <span class='ocr_line' id='line_1_73' title="bbox 2147 2461 3751 2537; baseline 0.004 -25"><span class='ocrx_word' id='word_1_481' title='bbox 2147 2478 2237 2513; x_wconf 84' lang='grc' dir='ltr'><strong>σεν</strong></span> <span class='ocrx_word' id='word_1_482' title='bbox 2261 2461 2531 2527; x_wconf 79' lang='grc' dir='ltr'>ἐξουσίας,</span> <span class='ocrx_word' id='word_1_483' title='bbox 2571 2464 2648 2535; x_wconf 83' lang='grc' dir='ltr'>μὴ</span> <span class='ocrx_word' id='word_1_484' title='bbox 2683 2464 2868 2534; x_wconf 72' lang='grc' dir='ltr'>φέρων</span> <span class='ocrx_word' id='word_1_485' title='bbox 2918 2464 3018 2533; x_wconf 86' lang='grc' dir='ltr'>τὴν</span> <span class='ocrx_word' id='word_1_486' title='bbox 3075 2464 3242 2518; x_wconf 77' lang='grc' dir='ltr'>αὑτοῦ</span> <span class='ocrx_word' id='word_1_487' title='bbox 3291 2468 3632 2537; x_wconf 74' lang='grc' dir='ltr'>παρρησίαν</span> <span class='ocrx_word' id='word_1_488' title='bbox 3664 2470 3751 2521; x_wconf 69' lang='grc' dir='ltr'>καὶ</span> 
     </span>
    </p>
   </div>
   <div class='ocr_carea' id='block_1_74' title="bbox 2146 2556 3751 2632">
    <p class='ocr_par' dir='ltr' id='par_1_74' title="bbox 2146 2556 3751 2632">
     <span class='ocr_line' id='line_1_74' title="bbox 2146 2556 3751 2632; baseline 0.004 -25"><span class='ocrx_word' id='word_1_489' title='bbox 2146 2556 2416 2608; x_wconf 82' lang='grc' dir='ltr'>ἔνστασιν.</span> <span class='ocrx_word' id='word_1_490' title='bbox 2436 2556 2493 2610; x_wconf 85' lang='grc'><strong>’0</strong></span> <span class='ocrx_word' id='word_1_491' title='bbox 2518 2557 2627 2626; x_wconf 85' lang='grc' dir='ltr'><strong>γὰρ</strong></span> <span class='ocrx_word' id='word_1_492' title='bbox 2669 2557 2976 2619; x_wconf 73' lang='grc' dir='ltr'>Ἰουλιανὸς,</span> <span class='ocrx_word' id='word_1_493' title='bbox 3000 2557 3076 2619; x_wconf 85' lang='grc' dir='ltr'><strong>ὡς</strong></span> <span class='ocrx_word' id='word_1_494' title='bbox 3098 2557 3424 2628; x_wconf 79' lang='grc' dir='ltr'>δεδήλωται,</span> 
     </span>
    </p>
   </div>
   <div class='ocr_carea' id='block_1_75' title="bbox 2146 2647 3753 2720">
    <p class='ocr_par' dir='ltr' id='par_1_75' title="bbox 2146 2647 3753 2720">
     <span class='ocr_line' id='line_1_75' title="bbox 2146 2647 3753 2720; baseline 0.006 -23"><span class='ocrx_word' id='word_1_495' title='bbox 2146 2647 2255 2699; x_wconf 82' lang='grc' dir='ltr'><strong>τῶν</strong></span> <span class='ocrx_word' id='word_1_496' title='bbox 2292 2648 2579 2716; x_wconf 87' lang='grc' dir='ltr'>Ῥωμαίων</span> <span class='ocrx_word' id='word_1_497' title='bbox 2623 2648 2904 2718; x_wconf 86' lang='grc' dir='ltr'>βασιλείαν</span> <span class='ocrx_word' id='word_1_498' title='bbox 2933 2648 3379 2720; x_wconf 76' lang='grc' dir='ltr'>ὑποζωσάμενος,</span> <span class='ocrx_word' id='word_1_499' title='bbox 3436 2654 3753 2716; x_wconf 70' lang='grc' dir='ltr'>ἐσπούδαζε</span> 
     </span>
    </p>
   </div>
   <div class='ocr_carea' id='block_1_76' title="bbox 2151 2738 3749 2813">
    <p class='ocr_par' dir='ltr' id='par_1_76' title="bbox 2151 2738 3749 2813">
     <span class='ocr_line' id='line_1_76' title="bbox 2151 2738 3749 2813; baseline 0.004 -22"><span class='ocrx_word' id='word_1_500' title='bbox 2151 2738 2390 2807; x_wconf 86' lang='grc' dir='ltr'>μάλιστα</span> <span class='ocrx_word' id='word_1_501' title='bbox 2457 2740 2548 2792; x_wconf 87' lang='grc' dir='ltr'>τὸν</span> <span class='ocrx_word' id='word_1_502' title='bbox 2598 2740 2951 2810; x_wconf 81' lang='grc' dir='ltr'>Ἐλληνισμδν</span> <span class='ocrx_word' id='word_1_503' title='bbox 3020 2742 3376 2813; x_wconf 76' lang='grc' dir='ltr'>ἐπανορθοῦν.</span> <span class='ocrx_word' id='word_1_504' title='bbox 3448 2745 3749 2813; x_wconf 76' lang='grc' dir='ltr'>Πανταχοῦ</span> 
     </span>
    </p>
   </div>
   <div class='ocr_carea' id='block_1_77' title="bbox 2148 2831 3751 2903">
    <p class='ocr_par' dir='ltr' id='par_1_77' title="bbox 2148 2831 3751 2903">
     <span class='ocr_line' id='line_1_77' title="bbox 2148 2831 3751 2903; baseline 0.005 -22"><span class='ocrx_word' id='word_1_505' title='bbox 2148 2831 2327 2884; x_wconf 85' lang='grc' dir='ltr'>τοίνυν</span> <span class='ocrx_word' id='word_1_506' title='bbox 2355 2832 2661 2902; x_wconf 82' lang='grc' dir='ltr'>γράμματα</span> <span class='ocrx_word' id='word_1_507' title='bbox 2685 2833 3155 2903; x_wconf 83' lang='grc' dir='ltr'>διαπεμπόμενος,</span> <span class='ocrx_word' id='word_1_508' title='bbox 3179 2834 3401 2888; x_wconf 83' lang='grc' dir='ltr'>ἐκέλευε</span> <span class='ocrx_word' id='word_1_509' title='bbox 3436 2837 3509 2888; x_wconf 78' lang='grc' dir='ltr'><strong>τά</strong></span> <span class='ocrx_word' id='word_1_510' title='bbox 3538 2839 3751 2891; x_wconf 66' lang='grc' dir='ltr'>τούτων</span> 
     </span>
    </p>
   </div>
   <div class='ocr_carea' id='block_1_78' title="bbox 2148 2920 3751 2997">
    <p class='ocr_par' dir='ltr' id='par_1_78' title="bbox 2148 2920 3751 2997">
     <span class='ocr_line' id='line_1_78' title="bbox 2148 2920 3751 2997; baseline 0.007 -25"><span class='ocrx_word' id='word_1_511' title='bbox 2148 2920 2349 2991; x_wconf 84' lang='grc' dir='ltr'>τεμένη</span> <span class='ocrx_word' id='word_1_512' title='bbox 2386 2923 2479 2975; x_wconf 77' lang='grc' dir='ltr'><strong>καὶ</strong></span> <span class='ocrx_word' id='word_1_513' title='bbox 2505 2925 2632 2985; x_wconf 79' lang='grc' dir='ltr'>τοὺς</span> <span class='ocrx_word' id='word_1_514' title='bbox 2656 2923 2871 2993; x_wconf 73' lang='grc' dir='ltr'>βωμοὺς</span> <span class='ocrx_word' id='word_1_515' title='bbox 2904 2925 3128 2995; x_wconf 76' lang='grc' dir='ltr'>ἀνιστᾷν</span> <span class='ocrx_word' id='word_1_516' title='bbox 3162 2928 3301 2996; x_wconf 76' lang='grc' dir='ltr'>μετά</span> <span class='ocrx_word' id='word_1_517' title='bbox 3333 2928 3548 2997; x_wconf 78' lang='grc' dir='ltr'>πολλῆς</span> <span class='ocrx_word' id='word_1_518' title='bbox 3586 2948 3751 2983; x_wconf 75' lang='grc' dir='ltr'>σπου-</span> 
     </span>
    </p>
   </div>
   <div class='ocr_carea' id='block_1_79' title="bbox 2150 3011 3749 3087">
    <p class='ocr_par' dir='ltr' id='par_1_79' title="bbox 2150 3011 3749 3087">
     <span class='ocr_line' id='line_1_79' title="bbox 2150 3011 3749 3087; baseline 0.006 -25"><span class='ocrx_word' id='word_1_519' title='bbox 2150 3011 2246 3079; x_wconf 85' lang='grc' dir='ltr'>δῆς</span> <span class='ocrx_word' id='word_1_520' title='bbox 2273 3029 2328 3064; x_wconf 89' lang='grc' dir='ltr'><strong>τε</strong></span> <span class='ocrx_word' id='word_1_521' title='bbox 2363 3014 2454 3065; x_wconf 71' lang='grc' dir='ltr'>καὶ</span> <span class='ocrx_word' id='word_1_522' title='bbox 2499 3014 2828 3084; x_wconf 82' lang='grc' dir='ltr'>προθυμίας·</span> <span class='ocrx_word' id='word_1_523' title='bbox 2875 3017 2969 3069; x_wconf 75' lang='grc' dir='ltr'><strong>καὶ</strong></span> <span class='ocrx_word' id='word_1_524' title='bbox 3001 3017 3133 3079; x_wconf 84' lang='grc' dir='ltr'>ὅσας</span> <span class='ocrx_word' id='word_1_525' title='bbox 3176 3020 3204 3070; x_wconf 81' lang='grc' dir='ltr'><strong>ό</strong></span> <span class='ocrx_word' id='word_1_526' title='bbox 3239 3017 3416 3087; x_wconf 82' lang='grc' dir='ltr'>μέγας</span> <span class='ocrx_word' id='word_1_527' title='bbox 3446 3022 3749 3074; x_wconf 69' lang='grc' dir='ltr'>Κωνστει-ιο</span> 
     </span>
    </p>
   </div>
   <div class='ocr_carea' id='block_1_80' title="bbox 2152 3104 3750 3180">
    <p class='ocr_par' dir='ltr' id='par_1_80' title="bbox 2152 3104 3750 3180">
     <span class='ocr_line' id='line_1_80' title="bbox 2152 3104 3750 3180; baseline 0.009 -27"><span class='ocrx_word' id='word_1_528' title='bbox 2152 3106 2294 3166; x_wconf 86' lang='grc' dir='ltr'>τίνος</span> <span class='ocrx_word' id='word_1_529' title='bbox 2321 3106 2439 3166; x_wconf 85' lang='grc' dir='ltr'>ταῖς</span> <span class='ocrx_word' id='word_1_530' title='bbox 2474 3104 2793 3175; x_wconf 75' lang='grc' dir='ltr'>ἐκκλησίαις</span> <span class='ocrx_word' id='word_1_531' title='bbox 2823 3108 3120 3177; x_wconf 88' lang='grc' dir='ltr'>προσόδους</span> <span class='ocrx_word' id='word_1_532' title='bbox 3150 3110 3418 3180; x_wconf 84' lang='grc' dir='ltr'>ἀπένειμε</span> <span class='ocrx_word' id='word_1_533' title='bbox 3452 3116 3552 3165; x_wconf 85' lang='grc' dir='ltr'><strong>καί</strong></span> <span class='ocrx_word' id='word_1_534' title='bbox 3578 3116 3607 3165; x_wconf 79' lang='grc' dir='ltr'><strong>ὁ</strong></span> <span class='ocrx_word' id='word_1_535' title='bbox 3628 3116 3750 3167; x_wconf 61' lang='grc' dir='ltr'>τοῦδ</span> 
     </span>
    </p>
   </div>
   <div class='ocr_carea' id='block_1_81' title="bbox 2075 3195 3747 3270">
    <p class='ocr_par' dir='ltr' id='par_1_81' title="bbox 2075 3195 3747 3270">
     <span class='ocr_line' id='line_1_81' title="bbox 2075 3195 3747 3270; baseline 0.004 -22"><span class='ocrx_word' id='word_1_536' title='bbox 2075 3214 2116 3270; x_wconf 81' lang='lat' dir='ltr'><strong>C</strong></span> <span class='ocrx_word' id='word_1_537' title='bbox 2151 3212 2243 3249; x_wconf 80' lang='grc' dir='ltr'><strong>του</strong></span> <span class='ocrx_word' id='word_1_538' title='bbox 2282 3195 2397 3257; x_wconf 83' lang='grc' dir='ltr'>υἱὸς</span> <span class='ocrx_word' id='word_1_539' title='bbox 2439 3197 2818 3262; x_wconf 84' lang='grc' dir='ltr'>Κωνστάντιος</span> <span class='ocrx_word' id='word_1_540' title='bbox 2842 3240 2856 3262; x_wconf 93' lang='grc'><strong>,</strong></span> <span class='ocrx_word' id='word_1_541' title='bbox 2904 3200 3107 3264; x_wconf 82' lang='grc' dir='ltr'>ταύτας</span> <span class='ocrx_word' id='word_1_542' title='bbox 3165 3201 3383 3270; x_wconf 80' lang='grc' dir='ltr'>ἀφελὼν</span> <span class='ocrx_word' id='word_1_543' title='bbox 3409 3244 3424 3265; x_wconf 88' lang='grc'><strong>,</strong></span> <span class='ocrx_word' id='word_1_544' title='bbox 3484 3206 3608 3268; x_wconf 83' lang='grc' dir='ltr'>τοῖς</span> <span class='ocrx_word' id='word_1_545' title='bbox 3645 3207 3747 3258; x_wconf 69' lang='grc' dir='ltr'>τὼν</span> 
     </span>
    </p>
   </div>
   <div class='ocr_carea' id='block_1_82' title="bbox 2150 3288 3747 3367">
    <p class='ocr_par' dir='ltr' id='par_1_82' title="bbox 2150 3288 3747 3367">
     <span class='ocr_line' id='line_1_82' title="bbox 2150 3288 3747 3367; baseline 0.006 -27"><span class='ocrx_word' id='word_1_546' title='bbox 2150 3288 2419 3357; x_wconf 82' lang='grc' dir='ltr'>δαιμόνων</span> <span class='ocrx_word' id='word_1_547' title='bbox 2436 3291 2583 3351; x_wconf 87' lang='grc' dir='ltr'>ναοῖς</span> <span class='ocrx_word' id='word_1_548' title='bbox 2600 3290 2927 3359; x_wconf 80' lang='grc' dir='ltr'>ἁφιὲρωσεν·</span> <span class='ocrx_word' id='word_1_549' title='bbox 2958 3293 3071 3345; x_wconf 80' lang='grc' dir='ltr'>ἀντ’</span> <span class='ocrx_word' id='word_1_550' title='bbox 3100 3294 3419 3348; x_wconf 84' lang='grc' dir='ltr'>ἐπισκόπων</span> <span class='ocrx_word' id='word_1_551' title='bbox 3450 3299 3548 3349; x_wconf 76' lang='grc' dir='ltr'>καὶ</span> <span class='ocrx_word' id='word_1_552' title='bbox 3582 3315 3747 3367; x_wconf 50' lang='grc' dir='ltr'>πρῖεν</span> 
     </span>
    </p>
   </div>
   <div class='ocr_carea' id='block_1_83' title="bbox 2153 3378 3744 3459">
    <p class='ocr_par' dir='ltr' id='par_1_83' title="bbox 2153 3378 3744 3459">
     <span class='ocr_line' id='line_1_83' title="bbox 2153 3378 3744 3459; baseline 0.009 -31"><span class='ocrx_word' id='word_1_553' title='bbox 2153 3378 2395 3447; x_wconf 76' lang='grc' dir='ltr'>ϐυτὲρων</span> <span class='ocrx_word' id='word_1_554' title='bbox 2433 3381 2525 3432; x_wconf 69' lang='grc' dir='ltr'>καὶ</span> <span class='ocrx_word' id='word_1_555' title='bbox 2577 3380 2842 3434; x_wconf 84' lang='grc' dir='ltr'>διακόνων</span> <span class='ocrx_word' id='word_1_556' title='bbox 2899 3387 3251 3456; x_wconf 72' lang='grc' dir='ltr'>καταστήσας</span> <span class='ocrx_word' id='word_1_557' title='bbox 3310 3387 3611 3459; x_wconf 78' lang='grc' dir='ltr'>ζακόρους,</span> <span class='ocrx_word' id='word_1_558' title='bbox 3658 3392 3744 3442; x_wconf 67' lang='grc' dir='ltr'><strong>καὶ</strong></span> 
     </span>
    </p>
   </div>
   <div class='ocr_carea' id='block_1_84' title="bbox 2153 3471 3737 3551">
    <p class='ocr_par' dir='ltr' id='par_1_84' title="bbox 2153 3471 3737 3551">
     <span class='ocr_line' id='line_1_84' title="bbox 2153 3471 3737 3551; baseline 0.011 -31"><span class='ocrx_word' id='word_1_559' title='bbox 2153 3471 2473 3539; x_wconf 82' lang='grc' dir='ltr'>νεωκόρους,</span> <span class='ocrx_word' id='word_1_560' title='bbox 2497 3473 2590 3524; x_wconf 73' lang='grc' dir='ltr'>καὶ</span> <span class='ocrx_word' id='word_1_561' title='bbox 2617 3472 2835 3541; x_wconf 81' lang='grc' dir='ltr'>ράντας,</span> <span class='ocrx_word' id='word_1_562' title='bbox 2871 3477 2966 3528; x_wconf 75' lang='grc' dir='ltr'>καὶ</span> <span class='ocrx_word' id='word_1_563' title='bbox 3010 3476 3198 3543; x_wconf 76' lang='grc' dir='ltr'>Θύτας,</span> <span class='ocrx_word' id='word_1_564' title='bbox 3233 3480 3327 3531; x_wconf 81' lang='grc' dir='ltr'>καὶ</span> <span class='ocrx_word' id='word_1_565' title='bbox 3370 3482 3737 3551; x_wconf 63' lang='grc' dir='ltr'>κανηςόρους,</span> 
     </span>
    </p>
   </div>
   <div class='ocr_carea' id='block_1_85' title="bbox 2154 3561 3736 3642">
    <p class='ocr_par' dir='ltr' id='par_1_85' title="bbox 2154 3561 3736 3642">
     <span class='ocr_line' id='line_1_85' title="bbox 2154 3561 3736 3642; baseline 0.009 -30"><span class='ocrx_word' id='word_1_566' title='bbox 2154 3562 2247 3613; x_wconf 75' lang='grc' dir='ltr'>καὶ</span> <span class='ocrx_word' id='word_1_567' title='bbox 2262 3561 2392 3624; x_wconf 83' lang='grc' dir='ltr'>ὅσας</span> <span class='ocrx_word' id='word_1_568' title='bbox 2409 3563 2438 3613; x_wconf 84' lang='grc' dir='ltr'>ὁ</span> <span class='ocrx_word' id='word_1_569' title='bbox 2470 3563 2777 3632; x_wconf 85' lang='grc' dir='ltr'>Ἐλληνικὸς</span> <span class='ocrx_word' id='word_1_570' title='bbox 2795 3564 2954 3629; x_wconf 83' lang='grc' dir='ltr'>ῦθλος</span> <span class='ocrx_word' id='word_1_571' title='bbox 2974 3570 3141 3639; x_wconf 76' lang='grc' dir='ltr'>ὲπιςρη</span> <span class='ocrx_word' id='word_1_572' title='bbox 3152 3570 3293 3637; x_wconf 78' lang='grc' dir='ltr'>μίξει</span> <span class='ocrx_word' id='word_1_573' title='bbox 3326 3575 3736 3642; x_wconf 77' lang='grc' dir='ltr'>προσωνυμίας·</span> 
     </span>
    </p>
   </div>
   <div class='ocr_carea' id='block_1_86' title="bbox 2153 3650 3739 3734">
    <p class='ocr_par' dir='ltr' id='par_1_86' title="bbox 2153 3650 3739 3734">
     <span class='ocr_line' id='line_1_86' title="bbox 2153 3650 3739 3734; baseline 0.009 -30"><span class='ocrx_word' id='word_1_574' title='bbox 2153 3651 2325 3705; x_wconf 85' lang='grc' dir='ltr'>ταῦτα</span> <span class='ocrx_word' id='word_1_575' title='bbox 2355 3655 2453 3723; x_wconf 82' lang='grc' dir='ltr'>μὲν</span> <span class='ocrx_word' id='word_1_576' title='bbox 2482 3650 2574 3708; x_wconf 78' lang='grc' dir='ltr'><strong>οὖν</strong></span> <span class='ocrx_word' id='word_1_577' title='bbox 2605 3658 2700 3709; x_wconf 75' lang='grc' dir='ltr'>καὶ</span> <span class='ocrx_word' id='word_1_578' title='bbox 2728 3657 2892 3727; x_wconf 66' lang='grc' dir='ltr'>ἕτερα</span> <span class='ocrx_word' id='word_1_579' title='bbox 2910 3658 3267 3729; x_wconf 80' lang='grc' dir='ltr'>διεπράττετο</span> <span class='ocrx_word' id='word_1_580' title='bbox 3286 3665 3430 3716; x_wconf 74' lang='grc' dir='ltr'>κατὰ</span> <span class='ocrx_word' id='word_1_581' title='bbox 3464 3664 3565 3734; x_wconf 77' lang='grc' dir='ltr'>τὴν</span> <span class='ocrx_word' id='word_1_582' title='bbox 3595 3667 3739 3718; x_wconf 80' lang='grc' dir='ltr'>Κων-</span> 
     </span>
    </p>
   </div>
   <div class='ocr_carea' id='block_1_87' title="bbox 2158 3745 2616 3798">
    <p class='ocr_par' dir='ltr' id='par_1_87' title="bbox 2158 3745 2616 3798">
     <span class='ocr_line' id='line_1_87' title="bbox 2158 3745 2616 3798; baseline 0.007 -4"><span class='ocrx_word' id='word_1_583' title='bbox 2158 3745 2616 3798; x_wconf 81' lang='grc' dir='ltr'>σταντινούπολιν.</span> 
     </span>
    </p>
   </div>
   <div class='ocr_carea' id='block_1_88' title="bbox 2226 3858 3737 3940">
    <p class='ocr_par' dir='ltr' id='par_1_88' title="bbox 2226 3858 3737 3940">
     <span class='ocr_line' id='line_1_88' title="bbox 2226 3858 3737 3940; baseline 0.008 -30"><span class='ocrx_word' id='word_1_584' title='bbox 2226 3865 2329 3924; x_wconf 88' lang='grc' dir='ltr'>κγ’.</span> <span class='ocrx_word' id='word_1_585' title='bbox 2359 3858 2511 3912; x_wconf 83' lang='grc' dir='ltr'>Μετὰ</span> <span class='ocrx_word' id='word_1_586' title='bbox 2558 3859 2615 3912; x_wconf 83' lang='grc' dir='ltr'>δὲ</span> <span class='ocrx_word' id='word_1_587' title='bbox 2670 3860 2844 3913; x_wconf 86' lang='grc' dir='ltr'>ταῦτα</span> <span class='ocrx_word' id='word_1_588' title='bbox 2875 3864 3082 3933; x_wconf 71' lang='grc' dir='ltr'>μητρὸς</span> <span class='ocrx_word' id='word_1_589' title='bbox 3118 3865 3287 3917; x_wconf 80' lang='grc' dir='ltr'>αὑτοῦ</span> <span class='ocrx_word' id='word_1_590' title='bbox 3338 3867 3584 3936; x_wconf 72' lang='grc' dir='ltr'>ἀδελφὺν</span> <span class='ocrx_word' id='word_1_591' title='bbox 3609 3873 3737 3940; x_wconf 77' lang='grc' dir='ltr'>ἔχων</span> 
     </span>
    </p>
   </div>
   <div class='ocr_carea' id='block_1_89' title="bbox 2168 3951 3739 4031">
    <p class='ocr_par' dir='ltr' id='par_1_89' title="bbox 2168 3951 3739 4031">
     <span class='ocr_line' id='line_1_89' title="bbox 2168 3951 3739 4031; baseline 0.008 -29"><span class='ocrx_word' id='word_1_592' title='bbox 2168 3951 2457 4006; x_wconf 79' lang='grc' dir='ltr'>Ἰουλιανὸν</span> <span class='ocrx_word' id='word_1_593' title='bbox 2477 3952 2732 4023; x_wconf 79' lang='grc' dir='ltr'>τοῦνομα,</span> <span class='ocrx_word' id='word_1_594' title='bbox 2750 3953 2848 4023; x_wconf 82' lang='grc' dir='ltr'>τὴν</span> <span class='ocrx_word' id='word_1_595' title='bbox 2866 3954 2962 4007; x_wconf 89' lang='grc' dir='ltr'><strong>τοῦ</strong></span> <span class='ocrx_word' id='word_1_596' title='bbox 2988 3956 3422 4028; x_wconf 82' lang='grc' dir='ltr'>Χριστιανισμοῦ</span> <span class='ocrx_word' id='word_1_597' title='bbox 3445 3959 3739 4031; x_wconf 72' lang='grc' dir='ltr'>θρησκείαν</span> 
     </span>
    </p>
   </div>
   <div class='ocr_carea' id='block_1_90' title="bbox 2155 4045 3737 4124">
    <p class='ocr_par' dir='ltr' id='par_1_90' title="bbox 2155 4045 3737 4124">
     <span class='ocr_line' id='line_1_90' title="bbox 2155 4045 3737 4124; baseline 0.007 -28"><span class='ocrx_word' id='word_1_598' title='bbox 2155 4045 2615 4114; x_wconf 79' lang='grc' dir='ltr'>ἁπαρνησάμενον</span> <span class='ocrx_word' id='word_1_599' title='bbox 2668 4046 2755 4098; x_wconf 79' lang='grc' dir='ltr'><strong>διά</strong></span> <span class='ocrx_word' id='word_1_600' title='bbox 2816 4046 2914 4116; x_wconf 76' lang='grc' dir='ltr'>τὴν</span> <span class='ocrx_word' id='word_1_601' title='bbox 2944 4047 3154 4100; x_wconf 81' lang='grc' dir='ltr'>ἐκείνου</span> <span class='ocrx_word' id='word_1_602' title='bbox 3191 4051 3377 4119; x_wconf 81' lang='grc' dir='ltr'>χάριν,</span> <span class='ocrx_word' id='word_1_603' title='bbox 3411 4054 3510 4103; x_wconf 74' lang='grc' dir='ltr'>καὶ</span> <span class='ocrx_word' id='word_1_604' title='bbox 3543 4054 3737 4124; x_wconf 66' lang='grc' dir='ltr'>πολλὴν</span> 
     </span>
    </p>
   </div>
   <div class='ocr_carea' id='block_1_91' title="bbox 2157 4136 3735 4215">
    <p class='ocr_par' dir='ltr' id='par_1_91' title="bbox 2157 4136 3735 4215">
     <span class='ocr_line' id='line_1_91' title="bbox 2157 4136 3735 4215; baseline 0.008 -28"><span class='ocrx_word' id='word_1_605' title='bbox 2157 4136 2295 4206; x_wconf 79' lang='grc' dir='ltr'>ὑπὲρ</span> <span class='ocrx_word' id='word_1_606' title='bbox 2355 4137 2447 4190; x_wconf 89' lang='grc' dir='ltr'><strong>τοῦ</strong></span> <span class='ocrx_word' id='word_1_607' title='bbox 2487 4138 2848 4208; x_wconf 80' lang='grc' dir='ltr'>Ἑλληνισμοῦ</span> <span class='ocrx_word' id='word_1_608' title='bbox 2907 4140 3224 4211; x_wconf 78' lang='grc' dir='ltr'>προθυμίαν</span> <span class='ocrx_word' id='word_1_609' title='bbox 3251 4143 3735 4215; x_wconf 83' lang='grc' dir='ltr'>ἐπιδεικνύμενον,</span> 
     </span>
    </p>
   </div>
   <div class='ocr_carea' id='block_1_92' title="bbox 2155 4228 3733 4308">
    <p class='ocr_par' dir='ltr' id='par_1_92' title="bbox 2155 4228 3733 4308">
     <span class='ocr_line' id='line_1_92' title="bbox 2155 4228 3733 4308; baseline 0.005 -27"><span class='ocrx_word' id='word_1_610' title='bbox 2155 4228 2393 4299; x_wconf 82' lang='grc' dir='ltr'>ἄρχοντα</span> <span class='ocrx_word' id='word_1_611' title='bbox 2416 4228 2514 4299; x_wconf 75' lang='grc' dir='ltr'><strong>τῆς</strong></span> <span class='ocrx_word' id='word_1_612' title='bbox 2551 4228 2729 4297; x_wconf 80' lang='grc' dir='ltr'>Ἑῴας</span> <span class='ocrx_word' id='word_1_613' title='bbox 2777 4230 2836 4282; x_wconf 84' lang='grc' dir='ltr'>ὃν</span> <span class='ocrx_word' id='word_1_614' title='bbox 2866 4231 3093 4283; x_wconf 88' lang='grc' dir='ltr'>καλοῦσι</span> <span class='ocrx_word' id='word_1_615' title='bbox 3143 4233 3364 4302; x_wconf 85' lang='grc' dir='ltr'>κόμητα</span> <span class='ocrx_word' id='word_1_616' title='bbox 3408 4236 3733 4308; x_wconf 67' lang='grc' dir='ltr'>ἐξέπεμψεν,</span> 
     </span>
    </p>
   </div>
   <div class='ocr_carea' id='block_1_93' title="bbox 2156 4320 3737 4402">
    <p class='ocr_par' dir='ltr' id='par_1_93' title="bbox 2156 4320 3737 4402">
     <span class='ocr_line' id='line_1_93' title="bbox 2156 4320 3737 4402; baseline 0.009 -31"><span class='ocrx_word' id='word_1_617' title='bbox 2156 4320 2534 4390; x_wconf 83' lang='grc' dir='ltr'>ἐντειλάμενος</span> <span class='ocrx_word' id='word_1_618' title='bbox 2588 4321 2658 4374; x_wconf 78' lang='grc' dir='ltr'><strong>τά</strong></span> <span class='ocrx_word' id='word_1_619' title='bbox 2711 4322 2809 4391; x_wconf 83' lang='grc' dir='ltr'>μὲν</span> <span class='ocrx_word' id='word_1_620' title='bbox 2860 4322 2969 4375; x_wconf 83' lang='grc' dir='ltr'>τῶν</span> <span class='ocrx_word' id='word_1_621' title='bbox 3045 4325 3355 4396; x_wconf 80' lang='grc' dir='ltr'>ἐκκλησιῶν</span> <span class='ocrx_word' id='word_1_622' title='bbox 3439 4331 3737 4402; x_wconf 75' lang='grc' dir='ltr'>πράγματα</span> 
     </span>
    </p>
   </div>
   <div class='ocr_carea' id='block_1_94' title="bbox 2158 4411 3737 4487">
    <p class='ocr_par' dir='ltr' id='par_1_94' title="bbox 2158 4411 3737 4487">
     <span class='ocr_line' id='line_1_94' title="bbox 2158 4411 3737 4487; baseline 0.008 -24"><span class='ocrx_word' id='word_1_623' title='bbox 2158 4411 2362 4464; x_wconf 85' lang='grc' dir='ltr'>κακοῦν</span> <span class='ocrx_word' id='word_1_624' title='bbox 2409 4429 2468 4463; x_wconf 85' lang='grc' dir='ltr'><strong>τε</strong></span> <span class='ocrx_word' id='word_1_625' title='bbox 2514 4413 2605 4465; x_wconf 76' lang='grc' dir='ltr'>καὶ</span> <span class='ocrx_word' id='word_1_626' title='bbox 2641 4413 3004 4485; x_wconf 80' lang='grc' dir='ltr'>διαφθείρειν,</span> <span class='ocrx_word' id='word_1_627' title='bbox 3053 4417 3331 4487; x_wconf 77' lang='grc' dir='ltr'>πανταχοῦ</span> <span class='ocrx_word' id='word_1_628' title='bbox 3394 4420 3451 4471; x_wconf 81' lang='grc' dir='ltr'>δὲ</span> <span class='ocrx_word' id='word_1_629' title='bbox 3509 4424 3603 4474; x_wconf 73' lang='grc' dir='ltr'>καὶ</span> <span class='ocrx_word' id='word_1_630' title='bbox 3658 4423 3737 4475; x_wconf 68' lang='grc' dir='ltr'><strong>διὰ</strong></span> 
     </span>
    </p>
   </div>
   <div class='ocr_carea' id='block_1_95' title="bbox 2162 4503 3737 4585">
    <p class='ocr_par' dir='ltr' id='par_1_95' title="bbox 2162 4503 3737 4585">
     <span class='ocr_line' id='line_1_95' title="bbox 2162 4503 3737 4585; baseline 0.008 -30"><span class='ocrx_word' id='word_1_631' title='bbox 2162 4503 2340 4573; x_wconf 83' lang='grc' dir='ltr'>πάσης</span> <span class='ocrx_word' id='word_1_632' title='bbox 2367 4504 2508 4567; x_wconf 85' lang='grc' dir='ltr'>ίδέας</span> <span class='ocrx_word' id='word_1_633' title='bbox 2536 4506 2626 4557; x_wconf 72' lang='grc' dir='ltr'>τὸν</span> <span class='ocrx_word' id='word_1_634' title='bbox 2661 4506 3019 4577; x_wconf 72' lang='grc' dir='ltr'>Ἑλληνισμὸν</span> <span class='ocrx_word' id='word_1_635' title='bbox 3043 4508 3229 4573; x_wconf 82' lang='grc' dir='ltr'>αῦξειν</span> <span class='ocrx_word' id='word_1_636' title='bbox 3258 4527 3318 4562; x_wconf 88' lang='grc' dir='ltr'><strong>τε</strong></span> <span class='ocrx_word' id='word_1_637' title='bbox 3350 4514 3449 4564; x_wconf 77' lang='grc' dir='ltr'>καὶ</span> <span class='ocrx_word' id='word_1_638' title='bbox 3475 4514 3737 4585; x_wconf 78' lang='grc' dir='ltr'>ἐπαίρειν.</span> 
     </span>
    </p>
   </div>
   <div class='ocr_carea' id='block_1_96' title="bbox 2170 4591 3739 4673">
    <p class='ocr_par' dir='ltr' id='par_1_96' title="bbox 2170 4591 3739 4673">
     <span class='ocr_line' id='line_1_96' title="bbox 2170 4591 3739 4673; baseline 0.007 -28"><span class='ocrx_word' id='word_1_639' title='bbox 2170 4591 2228 4645; x_wconf 84' lang='grc'><strong>’0</strong></span> <span class='ocrx_word' id='word_1_640' title='bbox 2256 4593 2314 4645; x_wconf 80' lang='grc' dir='ltr'>δὲ</span> <span class='ocrx_word' id='word_1_641' title='bbox 2340 4596 2672 4664; x_wconf 85' lang='grc' dir='ltr'>ἀφικόμενος</span> <span class='ocrx_word' id='word_1_642' title='bbox 2704 4599 2763 4649; x_wconf 88' lang='grc' dir='ltr'><strong>ἐν</strong></span> <span class='ocrx_word' id='word_1_643' title='bbox 2794 4599 3119 4671; x_wconf 79' lang='grc' dir='ltr'>Ἀντιοχείᾳ,</span> <span class='ocrx_word' id='word_1_644' title='bbox 3140 4602 3402 4671; x_wconf 82' lang='grc' dir='ltr'>ἐπειρᾶτο</span> <span class='ocrx_word' id='word_1_645' title='bbox 3437 4605 3616 4673; x_wconf 78' lang='grc' dir='ltr'>μείζω</span> <span class='ocrx_word' id='word_1_646' title='bbox 3642 4606 3739 4657; x_wconf 80' lang='grc' dir='ltr'>τῶν</span> 
     </span>
    </p>
   </div>
   <div class='ocr_carea' id='block_1_97' title="bbox 2160 4688 3735 4767">
    <p class='ocr_par' dir='ltr' id='par_1_97' title="bbox 2160 4688 3735 4767">
     <span class='ocr_line' id='line_1_97' title="bbox 2160 4688 3735 4767; baseline 0.008 -29"><span class='ocrx_word' id='word_1_647' title='bbox 2160 4688 2568 4755; x_wconf 80' lang='grc' dir='ltr'>ἐντεταλμένων</span> <span class='ocrx_word' id='word_1_648' title='bbox 2592 4692 2701 4753; x_wconf 81' lang='grc' dir='ltr'>τοῖς</span> <span class='ocrx_word' id='word_1_649' title='bbox 2741 4690 2926 4761; x_wconf 79' lang='grc' dir='ltr'>ἔργοις</span> <span class='ocrx_word' id='word_1_650' title='bbox 2965 4693 3273 4759; x_wconf 79' lang='grc' dir='ltr'>φαίνεσθαι,</span> <span class='ocrx_word' id='word_1_651' title='bbox 3320 4695 3417 4746; x_wconf 66' lang='grc' dir='ltr'><strong>καὶ</strong></span> <span class='ocrx_word' id='word_1_652' title='bbox 3467 4696 3537 4765; x_wconf 77' lang='grc' dir='ltr'>δὴ</span> <span class='ocrx_word' id='word_1_653' title='bbox 3578 4715 3735 4767; x_wconf 73' lang='grc' dir='ltr'>προσ-</span> 
     </span>
    </p>
   </div>
   <div class='ocr_carea' id='block_1_98' title="bbox 2163 4779 3737 4853">
    <p class='ocr_par' dir='ltr' id='par_1_98' title="bbox 2163 4779 3737 4853">
     <span class='ocr_line' id='line_1_98' title="bbox 2163 4779 3737 4853; baseline 0.008 -25"><span class='ocrx_word' id='word_1_654' title='bbox 2163 4779 2399 4846; x_wconf 88' lang='grc' dir='ltr'>αιρείται</span> <span class='ocrx_word' id='word_1_655' title='bbox 2443 4779 2542 4849; x_wconf 82' lang='grc' dir='ltr'>μὲν</span> <span class='ocrx_word' id='word_1_656' title='bbox 2566 4781 2756 4833; x_wconf 78' lang='grc' dir='ltr'>πασῶν</span> <span class='ocrx_word' id='word_1_657' title='bbox 2791 4782 2898 4834; x_wconf 82' lang='grc' dir='ltr'><strong>τῶν</strong></span> <span class='ocrx_word' id='word_1_658' title='bbox 2930 4783 3238 4853; x_wconf 80' lang='grc' dir='ltr'>ἐκκλησιῶν</span> <span class='ocrx_word' id='word_1_659' title='bbox 3273 4786 3497 4840; x_wconf 73' lang='grc' dir='ltr'>ἅπαντα</span> <span class='ocrx_word' id='word_1_660' title='bbox 3540 4789 3608 4840; x_wconf 75' lang='grc' dir='ltr'>τὰ</span> <span class='ocrx_word' id='word_1_661' title='bbox 3633 4807 3737 4841; x_wconf 77' lang='grc' dir='ltr'>κει-</span> 
     </span>
    </p>
   </div>
   <div class='ocr_carea' id='block_1_99' title="bbox 2168 4869 3735 4950">
    <p class='ocr_par' dir='ltr' id='par_1_99' title="bbox 2168 4869 3735 4950">
     <span class='ocr_line' id='line_1_99' title="bbox 2168 4869 3735 4950; baseline 0.009 -31"><span class='ocrx_word' id='word_1_662' title='bbox 2168 4869 2353 4938; x_wconf 78' lang='grc' dir='ltr'>μήλια,</span> <span class='ocrx_word' id='word_1_663' title='bbox 2385 4872 2486 4924; x_wconf 86' lang='grc' dir='ltr'>ὃσα</span> <span class='ocrx_word' id='word_1_664' title='bbox 2532 4875 2588 4924; x_wconf 86' lang='grc' dir='ltr'><strong>ἐν</strong></span> <span class='ocrx_word' id='word_1_665' title='bbox 2642 4874 2872 4943; x_wconf 81' lang='grc' dir='ltr'>ἀργύρῳ</span> <span class='ocrx_word' id='word_1_666' title='bbox 2917 4893 2977 4926; x_wconf 85' lang='grc' dir='ltr'><strong>τε</strong></span> <span class='ocrx_word' id='word_1_667' title='bbox 3008 4878 3102 4927; x_wconf 73' lang='grc' dir='ltr'><strong>καὶ</strong></span> <span class='ocrx_word' id='word_1_668' title='bbox 3144 4879 3326 4947; x_wconf 83' lang='grc' dir='ltr'>χρυσῴ</span> <span class='ocrx_word' id='word_1_669' title='bbox 3368 4880 3466 4931; x_wconf 73' lang='grc' dir='ltr'>καὶ</span> <span class='ocrx_word' id='word_1_670' title='bbox 3496 4884 3735 4950; x_wconf 80' lang='grc' dir='ltr'>σηρικοῖς</span> 
     </span>
    </p>
   </div>
   <div class='ocr_carea' id='block_1_100' title="bbox 2163 4962 3735 5043">
    <p class='ocr_par' dir='ltr' id='par_1_100' title="bbox 2163 4962 3735 5043">
     <span class='ocr_line' id='line_1_100' title="bbox 2163 4962 3735 5043; baseline 0.01 -30"><span class='ocrx_word' id='word_1_671' title='bbox 2163 4962 2444 5033; x_wconf 74' lang='grc' dir='ltr'>ὑφάσμασι</span> <span class='ocrx_word' id='word_1_672' title='bbox 2474 4964 2722 5031; x_wconf 82' lang='grc' dir='ltr'>διετέλει,</span> <span class='ocrx_word' id='word_1_673' title='bbox 2757 4968 3041 5020; x_wconf 82' lang='grc' dir='ltr'>ἀποκλείει</span> <span class='ocrx_word' id='word_1_674' title='bbox 3071 4970 3129 5022; x_wconf 83' lang='grc' dir='ltr'>δὲ</span> <span class='ocrx_word' id='word_1_675' title='bbox 3157 4972 3249 5023; x_wconf 72' lang='grc' dir='ltr'><strong>καὶ</strong></span> <span class='ocrx_word' id='word_1_676' title='bbox 3291 4971 3392 5034; x_wconf 75' lang='grc' dir='ltr'>τὰς</span> <span class='ocrx_word' id='word_1_677' title='bbox 3422 4974 3735 5043; x_wconf 77' lang='grc' dir='ltr'>ἐκκλησίας,</span> 
     </span>
    </p>
   </div>
   <div class='ocr_carea' id='block_1_101' title="bbox 2161 5055 3735 5133">
    <p class='ocr_par' dir='ltr' id='par_1_101' title="bbox 2161 5055 3735 5133">
     <span class='ocr_line' id='line_1_101' title="bbox 2161 5055 3735 5133; baseline 0.008 -27"><span class='ocrx_word' id='word_1_678' title='bbox 2161 5055 2254 5107; x_wconf 88' lang='grc' dir='ltr'><strong>τοῦ</strong></span> <span class='ocrx_word' id='word_1_679' title='bbox 2287 5057 2358 5127; x_wconf 80' lang='grc' dir='ltr'>μή</span> <span class='ocrx_word' id='word_1_680' title='bbox 2399 5075 2521 5110; x_wconf 90' lang='grc' dir='ltr'>τινα</span> <span class='ocrx_word' id='word_1_681' title='bbox 2545 5060 2823 5130; x_wconf 83' lang='grc' dir='ltr'>εὶσφοιτᾷν</span> <span class='ocrx_word' id='word_1_682' title='bbox 2858 5062 2916 5114; x_wconf 84' lang='grc' dir='ltr'><strong>ἐν</strong></span> <span class='ocrx_word' id='word_1_683' title='bbox 2939 5062 3132 5126; x_wconf 85' lang='grc' dir='ltr'>αὑταῖς</span> <span class='ocrx_word' id='word_1_684' title='bbox 3165 5064 3331 5133; x_wconf 76' lang='grc' dir='ltr'>εὐχῆς</span> <span class='ocrx_word' id='word_1_685' title='bbox 3371 5065 3568 5130; x_wconf 71' lang='grc' dir='ltr'>ἕνεκα,</span> <span class='ocrx_word' id='word_1_686' title='bbox 3602 5068 3735 5119; x_wconf 76' lang='grc' dir='ltr'>κλείο</span> 
     </span>
    </p>
   </div>
   <div class='ocr_carea' id='block_1_102' title="bbox 2159 5149 3736 5222">
    <p class='ocr_par' dir='ltr' id='par_1_102' title="bbox 2159 5149 3736 5222">
     <span class='ocr_line' id='line_1_102' title="bbox 2159 5149 3736 5222; baseline 0.006 -21"><span class='ocrx_word' id='word_1_687' title='bbox 2159 5149 2261 5219; x_wconf 82' lang='grc' dir='ltr'>Θρα</span> <span class='ocrx_word' id='word_1_688' title='bbox 2287 5151 2380 5203; x_wconf 71' lang='grc' dir='ltr'>καὶ</span> <span class='ocrx_word' id='word_1_689' title='bbox 2409 5152 2642 5222; x_wconf 77' lang='grc' dir='ltr'>μοχλοὺς</span> <span class='ocrx_word' id='word_1_690' title='bbox 2669 5157 2782 5217; x_wconf 83' lang='grc' dir='ltr'>τοῖς</span> <span class='ocrx_word' id='word_1_691' title='bbox 2823 5155 3067 5208; x_wconf 84' lang='grc' dir='ltr'>πυλῶσιν</span> <span class='ocrx_word' id='word_1_692' title='bbox 3096 5157 3396 5210; x_wconf 78' lang='grc' dir='ltr'>ἐπιόαλών.</span> <span class='ocrx_word' id='word_1_693' title='bbox 3438 5159 3551 5211; x_wconf 72' lang='grc' dir='ltr'><strong>Καὶ</strong></span> <span class='ocrx_word' id='word_1_694' title='bbox 3576 5159 3736 5213; x_wconf 80' lang='grc' dir='ltr'>ταῦτα</span> 
     </span>
    </p>
   </div>
   <div class='ocr_carea' id='block_1_103' title="bbox 2162 5244 3736 5320">
    <p class='ocr_par' dir='ltr' id='par_1_103' title="bbox 2162 5244 3736 5320">
     <span class='ocr_line' id='line_1_103' title="bbox 2162 5244 3736 5320; baseline 0.004 -26"><span class='ocrx_word' id='word_1_695' title='bbox 2162 5244 2262 5311; x_wconf 81' lang='grc' dir='ltr'>μὲν</span> <span class='ocrx_word' id='word_1_696' title='bbox 2291 5245 2432 5296; x_wconf 81' lang='grc' dir='ltr'>κατὰ</span> <span class='ocrx_word' id='word_1_697' title='bbox 2455 5244 2550 5313; x_wconf 77' lang='grc' dir='ltr'>τὴν</span> <span class='ocrx_word' id='word_1_698' title='bbox 2594 5246 2870 5316; x_wconf 75' lang='grc' dir='ltr'>Ἀντιόχου</span> <span class='ocrx_word' id='word_1_699' title='bbox 2900 5248 3055 5301; x_wconf 78' lang='grc' dir='ltr'>πόλιν</span> <span class='ocrx_word' id='word_1_700' title='bbox 3086 5251 3112 5302; x_wconf 83' lang='grc' dir='ltr'>ὁ</span> <span class='ocrx_word' id='word_1_701' title='bbox 3137 5249 3242 5318; x_wconf 84' lang='grc' dir='ltr'>τῆς</span> <span class='ocrx_word' id='word_1_702' title='bbox 3265 5248 3541 5318; x_wconf 79' lang='grc' dir='ltr'>ἀνατολῆς</span> <span class='ocrx_word' id='word_1_703' title='bbox 3565 5251 3736 5320; x_wconf 76' lang='grc' dir='ltr'>ἄρχων</span> 
     </span>
    </p>
   </div>
   <div class='ocr_carea' id='block_1_104' title="bbox 2159 5334 2464 5404">
    <p class='ocr_par' dir='ltr' id='par_1_104' title="bbox 2159 5334 2464 5404">
     <span class='ocr_line' id='line_1_104' title="bbox 2159 5334 2464 5404; baseline 0.01 -19"><span class='ocrx_word' id='word_1_704' title='bbox 2159 5334 2464 5404; x_wconf 74' lang='grc' dir='ltr'>εἰργάξετο.</span> 
     </span>
    </p>
   </div>
   <div class='ocr_carea' id='block_1_105' title="bbox 1994 5531 2226 5587">
    <p class='ocr_par' dir='ltr' id='par_1_105' title="bbox 1994 5531 2226 5587">
     <span class='ocr_line' id='line_1_105' title="bbox 1994 5531 2226 5587; baseline -0.004 -1"><span class='ocrx_word' id='word_1_705' title='bbox 1994 5531 2226 5587; x_wconf 60' lang='grc' dir='ltr'><strong>ΝΟῘΑΣ.</strong></span> 
     </span>
    </p>
   </div>
   <div class='ocr_carea' id='block_1_106' title="bbox 546 5750 2050 5826">
    <p class='ocr_par' dir='ltr' id='par_1_106' title="bbox 546 5750 2050 5826">
     <span class='ocr_line' id='line_1_106' title="bbox 546 5750 2050 5826; baseline -0.004 -16"><span class='ocrx_word' id='word_1_706' title='bbox 546 5750 754 5826; x_wconf 76' lang='lat' dir='ltr'><strong>(3)Vox</strong></span> <span class='ocrx_word' id='word_1_707' title='bbox 785 5754 900 5826; x_wconf 79' lang='lat' dir='ltr'><strong>illa,</strong></span> <span class='ocrx_word' id='word_1_708' title='bbox 935 5770 999 5807; x_wconf 79' lang='lat' dir='ltr'><strong>ex</strong></span> <span class='ocrx_word' id='word_1_709' title='bbox 1025 5753 1161 5821; x_wconf 80' lang='grc' dir='ltr'>κάνη</span> <span class='ocrx_word' id='word_1_710' title='bbox 1185 5762 1239 5826; x_wconf 82' lang='lat' dir='ltr'><strong>et</strong></span> <span class='ocrx_word' id='word_1_711' title='bbox 1262 5753 1411 5821; x_wconf 80' lang='grc' dir='ltr'>φέρω</span> <span class='ocrx_word' id='word_1_712' title='bbox 1432 5753 1761 5821; x_wconf 81' lang='lat' dir='ltr'><strong>composita,</strong></span> <span class='ocrx_word' id='word_1_713' title='bbox 1785 5753 1936 5826; x_wconf 80' lang='lat' dir='ltr'><strong>viros</strong></span> <span class='ocrx_word' id='word_1_714' title='bbox 1969 5752 2050 5826; x_wconf 85' lang='lat' dir='ltr'><strong>vel</strong></span> 
     </span>
    </p>
   </div>
   <div class='ocr_carea' id='block_1_107' title="bbox 479 5824 2038 5894">
    <p class='ocr_par' dir='ltr' id='par_1_107' title="bbox 479 5824 2038 5894">
     <span class='ocr_line' id='line_1_107' title="bbox 479 5824 2038 5894; baseline -0.003 -11"><span class='ocrx_word' id='word_1_715' title='bbox 479 5824 738 5883; x_wconf 82' lang='lat' dir='ltr'><strong>mulieres</strong></span> <span class='ocrx_word' id='word_1_716' title='bbox 764 5824 1016 5893; x_wconf 75' lang='lat' dir='ltr'><strong>designat</strong></span> <span class='ocrx_word' id='word_1_717' title='bbox 1067 5826 1159 5893; x_wconf 91' lang='lat' dir='ltr'><strong>qui</strong></span> <span class='ocrx_word' id='word_1_718' title='bbox 1203 5824 1345 5877; x_wconf 86' lang='lat' dir='ltr'><strong>intra</strong></span> <span class='ocrx_word' id='word_1_719' title='bbox 1386 5838 1725 5894; x_wconf 72' lang='lat' dir='ltr'><strong>paganorum</strong></span> <span class='ocrx_word' id='word_1_720' title='bbox 1782 5824 2038 5879; x_wconf 89' lang='lat' dir='ltr'><strong>solemni-</strong></span> 
     </span>
    </p>
   </div>
   <div class='ocr_carea' id='block_1_108' title="bbox 2162 5757 3731 5826">
    <p class='ocr_par' dir='ltr' id='par_1_108' title="bbox 2162 5757 3731 5826">
     <span class='ocr_line' id='line_1_108' title="bbox 2162 5757 3731 5826; baseline 0.013 -21"><span class='ocrx_word' id='word_1_721' title='bbox 2162 5760 2304 5807; x_wconf 87' lang='lat' dir='ltr'><strong>tates</strong></span> <span class='ocrx_word' id='word_1_722' title='bbox 2365 5770 2427 5807; x_wconf 87' lang='lat' dir='ltr'><strong>ea</strong></span> <span class='ocrx_word' id='word_1_723' title='bbox 2472 5770 2594 5826; x_wconf 73' lang='lat' dir='ltr'><strong>qua)</strong></span> <span class='ocrx_word' id='word_1_724' title='bbox 2644 5757 2751 5812; x_wconf 82' lang='lat' dir='ltr'><strong>diis</strong></span> <span class='ocrx_word' id='word_1_725' title='bbox 2808 5759 3087 5818; x_wconf 75' lang='lat' dir='ltr'><strong>oiferenda</strong></span> <span class='ocrx_word' id='word_1_726' title='bbox 3141 5769 3302 5819; x_wconf 84' lang='lat' dir='ltr'><strong>erant</strong></span> <span class='ocrx_word' id='word_1_727' title='bbox 3356 5762 3413 5820; x_wconf 83' lang='lat' dir='ltr'><strong>iu</strong></span> <span class='ocrx_word' id='word_1_728' title='bbox 3471 5766 3731 5826; x_wconf 74' lang='lat' dir='ltr'><strong>canistris</strong></span> 
     </span>
    </p>
   </div>
   <div class='ocr_carea' id='block_1_109' title="bbox 2146 5825 2741 5920">
    <p class='ocr_par' dir='ltr' id='par_1_109' title="bbox 2146 5825 2741 5920">
     <span class='ocr_line' id='line_1_109' title="bbox 2146 5825 2741 5920; baseline -0.002 -39"><span class='ocrx_word' id='word_1_729' title='bbox 2146 5826 2461 5894; x_wconf 80' lang='lat' dir='ltr'><strong>pettabant.</strong></span> <span class='ocrx_word' id='word_1_730' title='bbox 2494 5825 2653 5881; x_wconf 73' lang='lat' dir='ltr'><strong>Eutr.</strong></span> <span class='ocrx_word' id='word_1_731' title='bbox 2724 5902 2741 5920; x_wconf 50' lang='grc'><strong><em>⁸</em></strong></span> 
     </span>
    </p>
   </div>
  </div>
