3882 6356
198 372 341 441 13273

1498 371 1556 430 s.
1598 365 1922 429 ARTEMII
1960 366 2243 427 PASSIO.
3331 365 3424 431 127

261 485 356 537 26.
402 481 464 534 '0
488 479 546 532 δὲ
585 478 843 549 βασιλεὺς
878 477 1167 541 Ἰουλιανὸς
1194 477 1276 530 ἔτι
1326 476 1469 531 κατὰ
1496 476 1597 547 τὴν
1635 478 1789 530 Κων-

1961 472 2050 524 ει.
2093 472 2397 540 Imperator
2449 480 2637 526 autem
2674 470 2929 527 Julianus
2981 471 3466 544 Constantinopoli

184 570 640 628 σταντινούπολιν
692 567 896 621 διεῖλκέ
954 584 1077 622 τινα
1133 567 1349 637 χρόνον,
1384 566 1452 619 τὰ
1507 566 1564 617 ὲν
1609 564 1783 635 ταύτῃ

184 663 473 737 κρατύνας
494 664 574 726 εἰς
609 657 759 733 [558]
779 661 917 730 ὅπερ
948 658 1232 729 ἐνομίζετο
1274 657 1512 729 μάλιστα
1537 660 1603 728 τῇ
1631 656 1781 726 βασις

182 756 317 826 λείᾳ
342 752 669 824 συμφέρειν,
710 752 805 805 καὶ
840 752 988 811 ὅπως
1028 753 1057 803 6
1085 749 1438 819 Ἑλληνισμὸς
1467 748 1618 816 αὐτῷ
1648 747 1785 817 πρὸς

181 847 256 898 ’τὸ
282 844 601 915 μεγαλειότε
611 859 701 912 ρον
722 841 928 911 ἐξαρθῇ
962 842 1185 893 σκοπῶν
1202 856 1261 892 τε
1286 841 1379 891 καὶ
1401 840 1786 909 πραγματευό-

192 949 396 1006 μενος’
426 935 567 1005 ἄρας
614 932 707 986 οῦν
776 935 839 985 ὲκ
888 935 984 1001 τῆς
1033 930 1657 993 Κωνσταντινουπόλεως
1691 930 1787 982 σὺν

189 1030 364 1082 παντὶ
389 1027 469 1097 τῷ
503 1025 723 1096 στρατῴ
747 1026 844 1094 τὴν
878 1026 972 1076 ἐπὶ
999 1024 1101 1093 τῆς
1134 1023 1335 1095 Συρίας
1377 1024 1617 1075 ἐποιεῖτο
1645 1021 1785 1074 ὁδόν.

189 1116 435 1171 Διελθὼν
487 1117 671 1170 τοίνυν
703 1115 921 1168 ἃπασαν
944 1116 1042 1185 τὴν
1087 1114 1350 1184 Φρυγίαν,
1378 1114 1475 1167 καὶ
1522 1112 1657 1183 πρὸς
1690 1111 1788 1182 τὴν

191 1210 440 1279 ἐσχάτην
472 1207 643 1277 αὐτῆς
687 1206 844 1259 πόλιν
871 1206 932 1258 τὸ
955 1202 1293 1275 καλούμενον
1332 1203 1550 1256 Ἰκόνιον
1586 1220 1790 1256 καταν-

191 1306 395 1370 τήσας,
429 1298 675 1365 ἐξέκλινε
710 1295 812 1367 τὴν
851 1294 1127 1366 Ἰσαυρίαν
1172 1291 1514 1357 καταλιπὼν,
1568 1293 1662 1345 καὶ
1698 1292 1790 1345 τὸν

191 1393 496 1462 λεγόμενον
530 1389 746 1461 Ταῦρον
781 1387 1160 1457 ὑπεραναὸὰς,
1186 1384 1351 1458 ἦλθεν
1369 1388 1460 1439 ἐπὶ
1478 1387 1573 1449 τὰς
1607 1385 1790 1449 πόλεις

189 1487 299 1554 τῆς
336 1482 615 1547 Κιλικίας,
668 1481 763 1532 κοιλ⁸
812 1480 888 1548 τῷ
937 1479 1165 1551 σταθμῷ
1196 1479 1586 1550 προσπελάσας
1625 1478 1703 1548 τῷ
1732 1479 1790 1530 ὲν

205 1576 391 1647 Ἰσσῷ,
425 1574 592 1629 αὐτοῦ
615 1576 974 1644 κατασκηνοῖ,
1006 1574 1098 1625 τὸν
1134 1576 1199 1626 ἐκ
1232 1572 1575 1636 Μακεδονίας
1608 1570 1790 1635 Ἀλέξο

192 1667 400 1735 ανδρον
440 1664 859 1736 μιμησάμενος*
890 1663 1079 1717 αὐτόθι
1112 1664 1217 1734 γάρ
1250 1665 1505 1727 κάκεῖνος
1532 1666 1590 1716 ἐν
1634 1662 1791 1733 Ἰσσῷ

192 1756 296 1807 τὸν
320 1755 453 1825 πρὸς
484 1757 713 1825 Δαρεῖον
738 1754 849 1806 τῶν
878 1753 1108 1824 Περσῶν
1148 1751 1377 1821 βασιλέα
1421 1753 1787 1821 συνεκρότησε

194 1823 465 1917 πόλεμον,
496 1823 591 1901 καί
637 1848 829 1901 τοῦτον
873 1823 1126 1916 νικήσας,
1184 1845 1458 1915 ἐπίσημον
1488 1844 1579 1897 τὸν
1624 1843 1788 1896 τόπον
1822 1823 1861 1877 Β

196 1939 522 2007 εἰργάσατο.
559 1936 800 1990 Ἐκεῖθεν
832 1937 925 1989 τὸν
959 1936 1193 1989 Ἰσσικὸν
1211 1935 1411 1988 κόλπον
1429 1934 1787 2005 διαπεράσας,

194 2026 372 2099 ἦλθεν
396 2030 455 2082 ἐν
479 2030 687 2099 Ταρσοῖ
716 2032 783 2099 τῇ
808 2028 965 2081 πόλει
983 2041 999 2057 ⁸
1039 2027 1299 2080 κάκεῖθεν
1339 2028 1419 2089 εἰς
1462 2025 1791 2094 Ἀντιόχειαν

196 2123 544 2191 θυμομαχῶν
579 2120 722 2173 κατὰ
752 2118 862 2171 τῶν
885 2117 1229 2189 Χριστιανῶν
1259 2118 1353 2170 καὶ
1385 2115 1793 2187 ὲπαπειλούμε-

195 2231 296 2276 νος
321 2215 384 2266 τὸ
405 2216 611 2266 τούτων
642 2215 720 2275 εἰς
746 2210 895 2265 ἅπαν
939 2210 1244 2279 ἐξαλείφειν
1273 2210 1465 2279 ὄνομα.

279 2314 380 2359 κε’.
423 2305 663 2359 Ἑλθόντι
689 2302 979 2374 τοιγαροῦν
1001 2302 1079 2373 τῷ
1111 2302 1361 2372 τυράννῳ
1392 2302 1450 2353 ὲν
1490 2300 1793 2371 Ἀντιοχείᾳ

195 2403 271 2470 τῇ
300 2398 452 2452 πόλει
474 2398 570 2451 καὶ
598 2397 735 2466 πρὸς
756 2400 871 2458 τοῖς
909 2394 1201 2465 βασιλείοις
1230 2395 1401 2457 οἴκοις
1430 2391 1792 2463 κατασκηνώ-

199 2508 386 2553 σαντι,
406 2490 502 2543 καὶ
529 2488 652 2541 οὐδὲ
675 2487 813 2557 πρὸς
840 2487 1057 2557 ἡμέραν
1083 2486 1212 2556 μίαν
1241 2484 1597 2555 ἠσυχάσαντι,
1622 2502 1791 2553 προσ-

197 2583 455 2653 ήχθησαν
484 2581 634 2650 αὐτῷ
657 2579 850 2649 ὥσπερ
880 2580 989 2631 ἀπό
1015 2594 1161 2640 τινος
1192 2575 1658 2647 παραγγέλματος
1681 2577 1795 2628 δια-

199 2675 520 2746 ϐληθέντες,
552 2673 809 2739 Εὐγένιος
834 2672 928 2723 καὶ⁸
980 2669 1265 2739 Μακάριος
1301 2667 1665 2739 πρεσϐύτεροι
1692 2666 1793 2735 τῆς

200 2773 272 2822 ἐν
323 2765 626 2835 Ἀντιοχείᾳ
666 2764 996 2834 Ἐκκλησίας
1043 2762 1384 2833 ὑπάρχοντες
1407 2777 1420 2788 '
1453 2758 1548 2821 οὓς
1582 2776 1793 2829 προκα-

200 2859 371 2922 θίσας
397 2858 490 2911 ἐπὶ
515 2858 611 2911 τοῦ
637 2857 909 2927 βήματος,
941 2854 1195 2908 ἐκέλευσε
1228 2852 1575 2922 παραστῆναι
1608 2854 1638 2905 6
1679 2851 1795 2904 ἁλι-

198 2955 420 3023 τήριος,
450 2951 545 3004 καί
569 2964 706 3021 φησι
735 2949 874 3019 πρὸς
897 2947 1096 3011 αὐτούς
1116 2964 1130 2977 ·
1154 2948 1309 3010 Τίνες
1334 2947 1457 2999 ἐστὲ
1489 2944 1792 3014 ἄνθρωποι,

201 3042 307 3095 καὶ
359 3039 513 3093 ποίου
574 3038 691 3109 βίου
755 3038 853 3091 καὶ
909 3036 1085 3107 τύχης
1131 3036 1524 3106 τυγχάνοντες,
1557 3033 1653 3086 ἐπὶ
1698 3031 1792 3084 τοῦ

1888 562 2111 630 aliquod
2160 562 2428 632 temporis
2490 563 2832 626 morabatur,
2890 562 2942 616 in
2989 578 3053 617 ea
3102 564 3468 620 corroborans

1886 669 2008 722 qua:
2036 654 2393 708 existimabat
2448 656 2687 709 maxime
2734 656 2994 710 conferre
3029 656 3097 710 ad
3135 658 3341 712 bonum
3372 660 3471 711 iiu-

1890 746 2058 814 perii,
2098 746 2379 816 simulque
2418 762 2627 803 curans
2660 759 2830 818 atque
2853 749 3040 803 omnia
3076 750 3376 819 disponens
3412 758 3472 804 ut

1888 838 2243 905 gentilismus
2301 840 2592 909 magniﬁce
2644 842 3031 896 extolleretur.
3067 842 3261 898 Postea
3290 844 3473 913 profe-

1889 943 2016 984 ctus
2067 931 2555 1000 Constantinopoli
2616 947 2743 986 cum
2805 933 3068 989 universo
3119 936 3366 989 exercitu
3415 935 3471 987 in

1891 1019 2108 1091 Syriam
2140 1022 2248 1076 iter
2302 1022 2565 1077 instituit.
2630 1020 2734 1077 Per
2769 1032 2938 1077 totam
2975 1024 3145 1093 igitur
3175 1024 3471 1097 Phrygiam

1893 1114 2196 1176 transiens,
2227 1130 2349 1169 cum
2395 1114 2463 1168 ad
2526 1125 2828 1170 extremam
2887 1116 3049 1186 hujus
3087 1119 3331 1187 regionis
3382 1135 3470 1175 ve-

1892 1206 2067 1260 nisset
2117 1205 2432 1270 civitatem,
2472 1220 2595 1276 qua:
2643 1218 2872 1262 vocatur
2909 1207 3186 1275 Iconium,
3224 1210 3470 1265 declina-

1893 1300 2008 1362 vit,
2072 1297 2281 1354 omissa
2336 1298 2575 1353 Isauria.
2645 1298 2778 1354 Dein
2822 1311 3088 1370 superato
3145 1312 3336 1359 monte
3381 1305 3470 1360 cui

1893 1404 2095 1444 nomen
2129 1389 2374 1452 Taurus,
2412 1393 2654 1447 accessit
2709 1393 2776 1445 ad
2829 1394 3083 1449 civitates
3136 1396 3378 1463 Ciliciae;
3419 1406 3473 1452 et

1893 1489 2189 1549 postquam
2223 1481 2406 1551 attigit
2454 1482 2752 1537 stationem
2788 1498 2910 1552 qua:
2936 1496 3020 1539 est
3061 1484 3128 1539 ad
3163 1484 3371 1552 Issum,
3397 1486 3470 1542 ibi

1893 1583 2321 1629 eastrametatus
2352 1583 2473 1637 est,
2515 1574 2889 1629 Alexandrum
2941 1577 3290 1632 Macedonem
3344 1578 3471 1632 imi-

1895 1674 2064 1721 tatus.
2128 1664 2264 1718 Naui
2329 1666 2434 1721 iste
2493 1681 2715 1736 quoque
2768 1682 2892 1721 cum
2927 1667 3116 1730 Dario,
3175 1668 3471 1724 Persarum

1899 1773 2050 1827 rege,
2084 1758 2196 1811 illic
2239 1759 2292 1811 in
2362 1757 2481 1812 Isso
2517 1759 2769 1827 prazlium
2817 1760 3132 1825 commisit;
3185 1777 3296 1830 quo
3321 1761 3474 1815 devi-

1894 1861 2006 1913 rto,
2075 1851 2255 1903 locum
2314 1849 2556 1905 reddidit
2624 1850 2925 1918 insignem.
2983 1851 3156 1905 Porro
3215 1852 3475 1908 Julianus

1894 1943 2098 1997 isthinc
2126 1942 2361 1997 Issicum
2385 1943 2568 1996 sinum
2597 1943 2905 2007 traductus,
2934 1943 3168 1998 Tarsum
3194 1943 3473 1998 civitatem

1894 2033 2078 2096 venit,
2134 2041 2301 2102 atque
2358 2032 2487 2086 hinc
2544 2033 2895 2086 Antiochiam
2964 2033 3104 2087 iram
3161 2034 3385 2103 spirans
3421 2035 3475 2087 in

1896 2127 2266 2191 Christianos,
2301 2140 2604 2195 eorumque
2653 2140 2854 2180 nomen
2905 2140 2964 2181 se
3001 2141 3227 2195 prorsus
3261 2127 3474 2181 deletu-

1898 2234 2016 2271 rum
2050 2219 2336 2272 minitans.

1965 2308 2055 2361 25.
2092 2306 2229 2361 Cum
2291 2307 2479 2376 itaque
2510 2303 2855 2359 Antiochiam
2905 2304 3150 2358 venisset
3181 2312 3476 2375 tyrannus,

1895 2409 1948 2453 ct
1981 2401 2033 2453 in
2071 2399 2295 2453 domum
2331 2397 2652 2453 divertisset
2686 2397 3101 2467 imperatoriam
3126 2438 3140 2459 ,
3178 2405 3233 2452 et
3269 2413 3337 2452 ne
3368 2415 3475 2452 uua

1895 2490 2117 2561 quidem
2172 2490 2261 2545 die
2319 2489 2660 2559 quievisset,
2719 2488 2941 2543 adducti
3010 2499 3140 2543 sunt
3200 2488 3266 2541 ad
3298 2506 3447 2552 eum,

1895 2583 2053 2653 quasi
2090 2598 2155 2636 ex
2209 2582 2467 2637 condicto
2510 2583 2797 2648 accusati,
2846 2580 3125 2651 Eugenius
3199 2591 3253 2637 et
3295 2583 3476 2637 Maea-

1900 2675 2041 2735 rius,
2081 2674 2444 2729 Antioclienae
2478 2673 2746 2729 Ecclesia
2810 2674 3150 2745 presbyteri.
3208 2674 3357 2741 Quos
3394 2693 3478 2728 se-

1899 2769 2035 2821 deus
2071 2783 2172 2836 pro
2204 2767 2469 2820 tribunali
2524 2767 2646 2821 sisti
2679 2766 2849 2835 jussit
2902 2768 3195 2830 scelestus,
3230 2768 3479 2836 dixitque

1896 2859 2019 2912 eis:
2079 2856 2316 2923 Quinam
2376 2858 2515 2912 estis
2568 2858 2707 2912 vos?
2755 2855 2888 2922 Quae
2928 2859 3084 2911 vobis
3136 2858 3264 2911 vitae
3299 2860 3472 2921 ratio,

1895 2962 2017 3015 quae
2052 2962 2210 3009 sors,
2268 2957 2327 3000 ut
2379 2948 2446 3001 ad
2487 2954 2737 3001 nostrum
2794 2947 3148 3002 addueamini
3194 2948 3481 3003 tribunal?

1897 3036 2201 3109 Respondit
2230 3038 2552 3109 Eugenius:
2582 3037 2885 3093 Christiani
2948 3054 3160 3101 sumus.
3184 3047 3237 3095 et
3267 3041 3475 3097 Christi

201 3132 484 3203 ἡμετέρου
554 3130 910 3201 προσήχθητε
972 3129 1256 3199 βήματος;
1310 3125 1572 3194 Εὐγένιος
1646 3122 1789 3194 ἔφη·

1901 3131 2077 3202 gregis
2110 3140 2398 3201 pastores;
2435 3130 2549 3185 hzec
2582 3140 2775 3184 nostra
2811 3131 2939 3183 vine
2971 3131 3135 3195 ratio,
3184 3131 3299 3187 hzec
3330 3148 3477 3199 sors,

204 3231 250 3281 Χ
264 3225 529 3297 ριστιανοί
562 3225 753 3293 ἐσμεν,
778 3225 876 3275 καὶ
902 3221 1003 3291 τῆς
1022 3218 1263 3291 Χριστοῦ
1300 3218 1537 3287 ποίμνης
1552 3214 1789 3284 άγελάρ-

204 3337 305 3390 χαι
328 3318 667 3387 τυγχάνομεν
687 3331 701 3346 ⁸
745 3313 905 3367 τοῦτο
942 3311 1056 3382 βίος
1096 3312 1230 3381 ἡμῖν
1253 3308 1349 3363 καὶ
1379 3308 1520 3378 τύχη
1553 3306 1651 3361 καὶ
1673 3307 1792 3358 ἑπι-

202 3412 476 3481 τήδευμα.
530 3410 643 3462 Καὶ
686 3409 715 3461 6
768 3405 1061 3476 βασιλεύς·
1093 3397 1168 3457 Οὐ
1214 3403 1397 3455 τοίνυν
1444 3400 1592 3453 ἐστὶν
1632 3397 1789 3469 ήτοῦ

208 3503 453 3574 Χριστοῦ
479 3502 687 3571 ποίμνη
718 3495 786 3571 ἦς
815 3499 976 3567 ὑμεῖς
1006 3493 1648 3566 ἁγελάρχαιτυγχάνετε;
1682 3491 1792 3543 Καὶ

204 3601 233 3648 6
275 3594 564 3662 Εὐγένιος’
596 3593 752 3645 Πᾶσα
785 3592 819 3660 ή
852 3589 1148 3658 οἰκουμένη
1198 3588 1330 3656 ὅσην
1377 3584 1527 3657 [559]
1573 3587 1601 3637 6
1639 3582 1792 3653 ἥλιος

204 3687 406 3757 ἐφορᾷ,
437 3684 532 3737 καὶ
560 3683 675 3735 ὅσοι
733 3681 826 3733 ἐπὶ
873 3678 1078 3749 ταύτης
1114 3680 1254 3731 εἰσιν
1295 3678 1598 3746 ἄνθρωποι.
1632 3676 1741 3729 Καὶ
1765 3676 1793 3727 6

221 3778 512 3841 Ἰουλιανός
533 3791 547 3807 ⁸
600 3776 791 3845 Ἡμεῖς
818 3773 876 3825 δὲ
915 3772 1077 3825 τίνων
1110 3773 1355 3842 ἄρχομεν
1381 3772 1473 3823 καὶ
1499 3770 1661 3822 τίνων
1699 3769 1795 3837 σή-

210 3890 382 3943 μερον
407 3868 794 3942 βασιλεύομεν,
827 3860 872 3919 ὧ
903 3866 1255 3937 ταλαίπωρον
1282 3864 1377 3917 καὶ
1420 3862 1791 3931 δυστυχέστα-

204 3983 300 4017 τον
328 3962 734 4033 ἀνθρωπάριον,
784 3960 833 4011 ei
856 3960 987 4030 ὅσην
1026 3961 1054 4011 ὀ
1089 3959 1240 4029 ἦλιος
1279 3958 1453 4026 ἐφορᾷ
1475 3958 1578 4024 γῆν
1608 3956 1636 4005 6
1657 3954 1792 4021 Χρι-

210 4059 340 4121 στὸς
361 4057 603 4126 ποίμνην
636 4053 933 4121 κέκτηται;
972 4051 1085 4105 Καὶ
1113 4052 1142 4102 ὁ
1178 4050 1419 4119 μάρτυς*
1452 4048 1566 4116 Τῆς
1598 4044 1789 4112 αὐτῆς,

207 4147 257 4205 ὦ
309 4147 561 4220 βασιλεῦ,
606 4147 699 4201 καὶ
756 4145 991 4214 ποίμνης
1055 4142 1149 4195 καὶ
1202 4140 1407 4208 ἀγέλης
1457 4137 1790 4200 ὲπιστατεῖς,

206 4239 398 4315 ἧσπερ
436 4242 714 4311 καὶὴμεῖς
757 4236 1062 4306 ἁγελάρχαι
1103 4234 1482 4303 τυγχάνομενο
1532 4229 1599 4283 δι’
1628 4226 1793 4281 αὐτοῦ

208 4338 326 4407 γὰρ
360 4334 602 4406 βασιλεῖς
639 4330 1041 4401 βασιλεύουσιν,
1074 4327 1170 4379 καὶ
1218 4325 1474 4393 τύραννοι
1530 4319 1794 4393 κρατοῦσι

208 4406 341 4495 γῆς,
370 4426 463 4478 κα)⁸
478 4421 639 4485 αὐτός
657 4438 739 4473 σοι
765 4418 825 4472 τὸ
847 4416 1122 4488 βασίλειον
1151 4416 1391 4485 σήμερον
1419 4410 1623 4464 δέδωκε
1645 4428 1658 4443 ·
1692 4406 1795 4463 κᾶν

1902 3225 2005 3278 hoc
2047 3224 2388 3277 institutum.
2460 3222 2523 3275 Et
2570 3222 2870 3291 imperator
2907 3236 2921 3274 :
2962 3220 3088 3287 Ubi,
3151 3224 3353 3292 inquit,
3390 3234 3479 3279 est

1898 3330 2029 3384 grex
2074 3315 2283 3369 Christi
2351 3313 2514 3384 cujus
2563 3329 2662 3368 vos
2707 3322 2963 3382 pastores
3016 3314 3200 3369 estis?
3259 3333 3277 3367 ›
3334 3313 3480 3367 Dixit

1900 3403 2218 3475 Eugenius:
2276 3404 2581 3458 Universus
2646 3415 2919 3457 terrarum
2954 3405 3126 3465 orbis,
3181 3408 3363 3475 quoad
3402 3406 3481 3459 Ia-

1900 3498 2116 3553 tissime
2144 3512 2266 3552 eum
2319 3497 2518 3566 aspicit
2564 3496 2669 3561 sol,
2702 3506 2756 3549 et
2794 3512 2986 3551 omnes
3034 3496 3127 3566 qui
3167 3497 3221 3550 in
3258 3512 3323 3551 co
3354 3508 3482 3552 sunt

1901 3591 2178 3645 homines.
2238 3589 2302 3643 Et
2349 3588 2603 3644 Julianus
2654 3608 2667 3643 :
2723 3588 2835 3643 Nos
2904 3598 3086 3643 autem
3148 3590 3478 3660 quibusnam

1902 3698 2234 3751 praesumus,
2264 3692 2319 3737 et
2350 3684 2403 3737 in
2436 3698 2578 3752 quos
2611 3682 2772 3736 hodie
2802 3697 3127 3736 exercemus
3165 3684 3480 3752 imperium,

1901 3792 1934 3831 ο
1963 3774 2157 3830 infelix
2188 3785 2240 3828 tu
2284 3782 2336 3828 et
2372 3773 2686 3845 miserrime
2723 3772 3042 3837 homuncio,
3075 3771 3122 3824 si
3164 3771 3480 3826 universam

1903 3881 2066 3934 quam
2087 3866 2169 3919 sol
2200 3864 2401 3933 aspicit
2428 3875 2633 3916 terram
2667 3862 2926 3915 Christus
2951 3877 3174 3933 gregem
3204 3862 3483 3931 possidet?

1904 3957 2059 4009 Tunc
2089 3964 2304 4025 martyr
2343 3974 2355 4008 :
2408 3954 2595 4008 Eidem
2635 3954 2807 4023 gregi,
2861 3954 3184 4023 imperator,
3213 3964 3265 4008 ct
3290 3956 3479 4025 pecori

1902 4061 2097 4115 prices,
2156 4043 2318 4114 cujus
2367 4054 2422 4099 et
2472 4059 2571 4099 nos
2634 4053 2883 4113 pastores
2933 4059 3148 4099 sumus.
3178 4044 3282 4099 Per
3321 4047 3483 4101 Chri-

1905 4146 2047 4191 stum
2085 4137 2230 4191 enim
2274 4152 2430 4207 reges
2463 4145 2719 4206 regnant,
2752 4143 2807 4190 et
2843 4144 3090 4205 potentes
3121 4136 3482 4192 dominantur

1903 4230 2150 4282 interra.
2194 4228 2314 4298 Ipse
2356 4242 2577 4298 quoque
2619 4227 2781 4282 hodie
2824 4228 2922 4281 tibi
2958 4226 3110 4282 dedit
3162 4230 3476 4299 imperium.

1902 4319 2059 4387 Quod
2097 4319 2143 4374 si
2173 4319 2447 4389 ingratum
2481 4328 2533 4372 te
2562 4318 2860 4388 praebueris
2885 4333 3011 4388 erga
3045 4318 3477 4388 benefactorem,

1903 4428 2028 4468 cras
2066 4428 2260 4467 rursus
2286 4410 2420 4465 illud
2455 4411 2613 4464 alteri
2660 4410 2832 4464 dabit.
2879 4408 3051 4464 Unius
3082 4411 3226 4464 enim
3267 4412 3477 4476 dieies,

210 4515 379 4577 αὐτὸς
434 4514 727 4583 ἀχάριστος
778 4508 907 4580 περὶ
968 4507 1058 4559 τὸν
1105 4504 1405 4575 εὐεργέτην
1440 4502 1664 4570 ἐφάνης,
1701 4498 1793 4552 αῦ-

1903 4515 1956 4559 ct
1985 4505 2050 4559 iis
2089 4518 2234 4557 nunc
2285 4504 2522 4571 imperas
2555 4502 2647 4571 qui
2706 4510 2841 4555 sunt
2872 4502 3037 4557 unius
3068 4502 3198 4557 diei.
3224 4503 3479 4559 Christus

214 4623 335 4679 ριον
360 4604 418 4657 δὲ
450 4603 612 4655 πάλιν
655 4601 803 4671 ἄλλῳ
853 4599 960 4651 τινὶ
1010 4597 1192 4651 δώσει.
1246 4594 1554 4663 Ἐφήμερος
1594 4591 1704 4662 γὰρ
1725 4586 1795 4656 εἶ,

212 4701 312 4754 καὶ
336 4695 634 4767 ἐφημέρων
660 4693 757 4747 νῦν
788 4689 1127 4762 βασιλεύεις’
1182 4686 1345 4749 αὐτὸς
1396 4684 1453 4735 δὲ
1499 4682 1598 4754 τὴν
1647 4684 1800 4752 βασι-

211 4790 369 4843 λείαν
399 4786 616 4841 αἰώνιον
660 4785 943 4853 κέκτηται,
1000 4778 1095 4833 καὶ
1119 4777 1292 4844 πέρας
1332 4775 1544 4829 οὐδέπω
1585 4773 1798 4843 λαμϐά-

212 4896 438 4933 νουσαν.

291 4977 406 5035 κς’.
440 4971 546 5023 Καὶ
578 4972 606 5022 6
637 4966 1007 5037 [Ιαραϐάτης⁹
1048 4962 1256 5015 Ἀνόσιε
1283 4960 1493 5030 καὶτῆς
1525 4959 1632 5012 τῶν
1663 4960 1801 5013 θεῶν

214 5062 510 5130 εὐμενείας
551 5056 821 5126 ἁλλότριε,
864 5053 1052 5123 χθιζὸς
1110 5050 1185 5103 ὢν
1213 5051 1242 5103 6
1268 5048 1503 5119 Χριστὸς
1547 5048 1644 5100 καὶ
1671 5049 1803 5116 ἐφή-

219 5167 408 5223 μερος,
462 5151 571 5202 κάκ
628 5148 738 5201 τῶν
788 5145 882 5200 τοῦ
938 5146 1218 5213 Καίσαρος
1244 5141 1557 5209 Αὐγούστου
1595 5140 1804 5211 χρόνων

217 5241 552 5313 ἀρξάμενος,
587 5242 808 5303 αἰώνιος
869 5238 1129 5309 βασιλεὺς
1161 5235 1268 5289 ὐπὸ
1295 5234 1392 5288 σοῦ
1432 5235 1805 5305 κεχειροτόνη-

216 5354 308 5389 ται
344 5336 621 5405 σήμερον;
654 5333 765 5385 Καὶ
814 5333 842 5385 ὁ
904 5332 1119 5400 μάρτυς
1141 5344 1155 5358 ο
1199 5327 1307 5381 Ναὶ
1336 5327 1478 5380 κατὰ
1504 5326 1566 5378 τὸ
1595 5324 1806 5396 ἀνθρώ-

218 5444 378 5481 πινον
404 5427 500 5479 καὶ
529 5428 590 5478 τὸ
615 5426 715 5495 τῆς
747 5423 1031 5492 ἁφράστου
1087 5420 1181 5473 καὶ
1211 5420 1454 5491 ἀρρήτου
1492 5418 1806 5486 οίκονομίας

220 5519 388 5574 αὐτοῦ
445 5519 767 5589 μυστήριον,
834 5512 933 5568 εἶτ’
961 5514 1055 5567 οὐν
1090 5512 1441 5581 σαρκώσεως,
1475 5510 1645 5574 οὕτως
1669 5510 1803 5580 ἔχει,

224 5609 469 5680 βασιλεῦ,
500 5609 624 5663 ἐπεὶ
654 5610 797 5661 κατὰ
832 5606 932 5677 τὴν
977 5605 1127 5657 θείαν
1156 5604 1321 5657 αὐτοῦ
1356 5604 1447 5656 καὶ
1483 5603 1807 5673 προαιώνιον

221 5701 478 5773 γέννησιν
503 5699 681 5762 οὐδεὶς
709 5697 1062 5768 εὑρεθήσεται
1092 5695 1284 5765 χρόνος
1305 5696 1333 5746 6
1359 5692 1561 5763 ταύτης
1581 5694 1809 5761 ὑπέρτε-

227 5809 339 5861 ρος.
391 5792 502 5846 Καὶ
557 5793 584 5843 6
635 5788 966 5859 Παραὸάτης
1017 5787 1247 5855 νομίσας
1296 5786 1621 5840 ἀπαίδευτον
1670 5781 1807 5838 εἷναί

1902 4611 2034 4649 vero
2070 4594 2469 4662 sempiternum
2519 4593 2763 4661 possidet
2813 4608 3065 4662 regnum,
3117 4595 3263 4663 quod
3316 4596 3477 4650 finem

1902 4701 2185 4758 nunquam
2224 4683 2473 4754 accipiet.

1973 4953 2064 5007 26.
2099 4950 2350 5020 Subjecit
2378 4949 2639 5018 Apostata
2683 4966 2695 5001 :
2740 4946 2908 5016 Impie
2939 4956 2994 5001 et
3026 4962 3053 4998 a
3110 4947 3338 5001 deorum
3385 4952 3479 5005 bc-

1906 5046 2217 5101 nevolcntia
2266 5043 2468 5105 aliene,
2518 5057 2644 5095 cum
2698 5041 2991 5095 hcsternus
3039 5041 3111 5093 sit
3146 5038 3403 5095 Christus
3430 5050 3485 5094 et

1907 5139 2074 5195 unius
2115 5138 2249 5202 diei,
2298 5152 2364 5191 ac
2395 5136 2632 5191 Caesaris
2696 5132 2929 5203 Augusti
2970 5139 3220 5201 tempore
3255 5132 3485 5187 exstite-

1907 5232 1999 5294 rit,
2057 5229 2306 5300 nuuquid
2365 5227 2736 5297 sempiternus
2788 5240 2881 5279 rex
2940 5238 2969 5277 a
3035 5233 3088 5279 te
3132 5232 3354 5280 creatus
3399 5235 3486 5281 est

1911 5325 2111 5378 hodie?
2169 5324 2231 5377 Et
2289 5332 2537 5391 martyr:
2610 5318 2834 5386 Utique,
2891 5316 3111 5385 inquit,
3176 5315 3482 5371 secundum

1912 5415 2306 5469 humanitatem
2372 5422 2428 5467 et
2497 5409 2799 5464 iuell'abilis
2860 5417 3026 5477 atque
3090 5406 3485 5464 inenarrabilis

1911 5503 2349 5575 dispensationis
2400 5503 2521 5571 ejus
2572 5515 2668 5554 seu
2712 5500 2899 5553 carnis
2950 5508 3221 5567 susceptae
3274 5504 3485 5569 myste-

1912 5600 2078 5661 rium,
2127 5597 2209 5651 ita
2244 5611 2335 5650 res
2387 5594 2569 5657 habet,
2607 5592 2941 5660 imperator;
2992 5588 3087 5645 sed
3138 5586 3320 5659 quoad
3365 5587 3488 5657 ejus

1912 5692 2154 5745 divinam
2206 5698 2261 5743 et
2309 5701 2433 5755 quae
2489 5693 2619 5740 ante
2675 5682 2875 5738 saecula
2921 5689 3009 5737 est
3036 5680 3485 5752 generationem,

1915 5783 2128 5838 nullum
2208 5778 2524 5835 invenietur
2584 5784 2800 5845 tempus
2882 5788 2947 5829 ea
3003 5772 3285 5844 superius.
3336 5772 3484 5841 Apo-
