3876 6336
432 314 577 381 12⁸15
1886 304 2038 363 ADD

2150 307 2264 367 DA.
3724 298 3837 359 1'27?

443 437 585 482 stata
611 422 938 481 existimans
988 417 1195 474 Christi
1244 423 1543 487 martyrem
1591 414 1862 469 incultum
1890 430 2012 469 esse

2153 434 2237 469 ινα
2270 417 2360 469 τὸν
2386 415 2478 469 τοῦ
2518 413 2759 486 Χριστοῦ
2816 414 3089 484 μάρτυρα,
3135 411 3239 465 καὶ
3262 410 3397 480 τῆς
3458 409 3829 477 Ἐλληνῷς

442 517 759 591 quempiam
810 519 866 567 ct
911 510 1133 582 gentilis
1174 508 1509 565 eruditionis
1549 514 1853 576 expertem,
1889 506 2017 559 irri-

2150 508 2321 577 ςοφίας
2368 508 2675 578 ἀμέτοχον,
2729 504 3103 575 διαχλευάζων
3173 504 3292 575 ἔφη
3352 503 3568 571 πρὸς
3632 506 3803 553 αὐτῶν

442 615 583 668 deus
632 607 766 661 dixit
817 604 911 659 ei:
958 602 1124 673 Ergo,
1176 601 1393 665 infelix,
1446 598 1709 653 Christus
1768 604 1900 651 tuus
1936 596 2019 649 bis

2150 597 2361 665 )ὑκοῦν,
2388 594 2433 652 ὦ
2471 598 2809 670 ταλαίπωρε,
2840 600 2868 650 ὁ
2905 597 3144 669 Χριστός
3176 613 3287 649 σου
3326 596 3445 658 δὶς-
3481 593 3633 664 ἄρα
3668 596 3811 661 γεγέ-

444 703 549 758 fuit
605 696 941 771 generatus?
992 693 1058 747 Et
1104 693 1151 747 si
1203 693 1428 763 quidem
1465 691 1523 744 iu
1578 690 1683 744 hoc
1733 688 2018 759 gloriaris,

2150 708 2321 761 ιηταις
2352 692 2462 744 Καὶ
2496 692 2547 744 εί
2587 692 2679 744 ἐπὶ
2710 690 2890 760 τούτῳ
2943 687 3291 758 κομπάζεις,
3333 687 3490 739 εἰσὶ
3538 685 3663 739 καὶ
3706 704 3803 735 :1;

444 802 574 851 sunt
602 799 658 847 et
684 787 828 860 apud
860 787 1084 843 Grazeos
1107 785 1210 839 viri
1239 782 1657 853 sapientissimi,
1697 796 1807 835 non
1840 780 2016 834 solum

443 888 530 942 bis
566 882 660 938 sed
711 879 879 934 etiam
922 884 1006 930 ter
1058 875 1327 945 generati.
1387 871 1694 926 Mercurius
1726 870 1897 934 enim,
1925 871 2020 937 qui

443 974 870 1049 cognominatur
901 969 1327 1039 Trismegistus,
1359 974 1441 1021 ter
1462 965 1617 1019 venit
1649 964 1701 1018 in
1732 962 2021 1026 mundum,

444 1069 717 1139 suiipsius
775 1064 1057 1125 conscius,
1117 1068 1175 1114 ut
1230 1058 1379 1114 sacri
1447 1058 1568 1127 ejus
1631 1071 1694 1110 ac
1743 1055 2025 1109 mirabiles

448 1161 695 1217 reierunt
754 1156 905 1217 libri,
939 1163 993 1208 et
1050 1152 1256 1206 idcirco
1311 1149 1707 1219 Trismcgistus
1772 1156 2019 1201 vocatur.

451 1252 630 1308 Simili
682 1247 845 1303 modo
884 1245 1256 1315 Pythagoras,
1312 1240 1585 1295 Mercurio
1628 1246 1787 1293 aetate
1834 1245 2025 1307 poste-

451 1348 588 1409 rior,
624 1344 740 1413 ipse
781 1354 1002 1410 quoque
1046 1344 1129 1389 ter
1164 1335 1311 1388 venit
1362 1333 1428 1387 ad
1465 1333 1662 1397 vitam,
1694 1331 1874 1400 primo
1899 1332 2026 1399 qui-

448 1439 574 1493 dem
602 1435 904 1489 nauclerus
937 1428 1255 1501 }Egyptius,
1293 1426 1421 1480 dein
1460 1426 1793 1496 Euphorbus
1822 1423 1890 1478 de
1917 1438 2028 1492 quo

450 1527 594 1598 apud
664 1525 987 1585 Homerum,
1057 1528 1337 1590 postremo
1411 1526 1597 1571 autem
1658 1515 2027 1586 Pythagoras,

453 1616 760 1675 Mnesarchi
796 1615 962 1677 ﬁlius,
999 1611 1246 1665 Samius.

2129 781 2392 852 Ἕλλησιν
2413 782 2605 854 ἄνδρες
2632 783 2934 850 σοφώτατοι
2962 782 3024 834 οὐ
3054 781 3218 851 μόνον
3238 780 3336 841 δὶς
3361 777 3801 847 γεννηθέντες,

2127 874 2268 929 ἀλλὰ
2322 876 2421 928 καὶ
2461 876 2585 946 τρίς
2635 891 2650 905 ’
2681 875 2710 927 ὅ
2747 891 2806 927 τε
2847 874 2958 943 γὰρ
3000 872 3213 944 Ἑρμῆς
3253 873 3288 924 ό
3340 871 3801 942 Τρισμέτεστξς

2129 964 2580 1035 ἐπικαλούμενος,
2622 965 2809 1035 τρίτον
2836 960 3003 1035 ἦλθεν
3050 966 3108 1016 ὲν
3150 962 3388 1032 κόσμῳ,
3426 962 3681 1013 ἑαυτὸν
3700 962 3795 1011 ἐτι-

2130 1058 2314 1126 γνοῦς,
2346 1057 2527 1122 καθὼς
2563 1060 2619 1111 αί
2650 1059 2796 1127 ίεραὶ
2851 1056 3018 1109 αὐτοῦ
3067 1057 3161 1108 καὶ
3201 1054 3576 1123 θαυμάσιαι
3632 1052 3790 1120 βίεὶα

2131 1151 2528 1221 διαγορεύουσι,
2558 1152 2651 1205 καὶ¹
2684 1150 2771 1203 διὰ
2797 1150 2954 1203 τοῦτο
2991 1147 3459 1219 Τρισμέγιστος
3512 1145 3789 1215 ὀνομάζε-

2132 1261 2243 1299 ται.
2278 1244 2511 1315 Ὁμοίως
2527 1245 2584 1297 δὲ
2621 1246 2717 1297 καὶ
2740 1243 3062 1312 Πυθαγόρας
3092 1239 3250 1312 {360}
3286 1242 3322 1293 ὁ
3352 1239 3595 1292 τούτου
3629 1256 3781 1307 μετε-

2135 1338 2478 1409 γενέστερος,
2506 1337 2599 1389 καὶ
2622 1335 2786 1398 αὐτὸς
2808 1336 2989 1405 τρίτον
3011 1327 3181 1403 ἦλθεν
3210 1332 3276 1383 ὲν
3308 1331 3429 1401 βίῳ
3458 1349 3475 1361 ν
3514 1331 3780 1400 πρότξρσ)

2140 1428 2239 1500 μὲν
2257 1426 2553 1496 Αἰγύπτιος
2583 1426 2827 1495 γεγονὼς
2853 1425 3187 1495 ναύκληρος,
3212 1424 3439 1476 ἔπειτα
3477 1423 3537 1475 δ’
3574 1422 3775 1488 Εἷιεερρ

2138 1520 2232 1583 6ος
2255 1521 2283 1572 ό
2307 1521 2397 1588 ὑφ’
2452 1519 2695 1590 Ὀμήρου
2738 1518 3242 1588 μνημονευόμενος,
3287 1516 3569 1585 ἔσχατον
3600 1514 3659 1565 δὲ
3692 1515 3775 1565 ll.-

2139 1610 2379 1679 θαγόρας
2403 1610 2733 1679 Μνησάρχου
2758 1609 2896 1673 υἱὸς,
2918 1608 3140 1679 Σάμιος.

520 1753 613 1806 27.
646 1749 713 1809 Ει
761 1758 972 1818 martyr
1028 1744 1271 1801 irridens
1302 1760 1479 1816 nugas
1510 1759 1607 1800 seu
1656 1746 1841 1816 potius
1885 1744 2032 1799 face—

2211 1748 2313 1811 κζ’.
2353 1747 2514 1799 Καὶὸ
2550 1746 2765 1816 μάρτυς
2798 1744 3183 1812 καταγελάσας
3212 1743 3342 1797 τῶν
3390 1741 3763 1813 ληρημάτιιεδ.

454 1848 559 1900 tias
590 1842 789 1897 eruditi
824 1840 1172 1912 imperatoris
1206 1850 1373 1910 atque
1409 1839 1704 1910 impiorum
1737 1839 2024 1909 gentilium

2150 1839 2346 1908 μᾶλλον
2391 1839 2450 1893 δὲ
2504 1838 2914 1909 κομψευμάτων
2960 1836 3057 1890 τοῦ
3098 1835 3273 1905 σοφοῦ
3330 1836 3659 1906 βασιλέως,
3688 1838 3763 1887 καὶ

454 1936 839 1996 deliramenta,
874 1931 1190 2001 suspicatus
1223 1946 1354 1986 vero
1405 1940 1704 2001 tyranuum
1735 1930 1822 1984 his
1852 1930 2034 1985 verbis

454 2024 664 2080 Christi
735 2022 1149 2094 generationem
1206 2022 1567 2077 deridendam
1625 2020 1873 2090 praabere
1938 2034 2037 2073 vo-

460 2118 650 2182 luisse,
698 2130 888 2170 severe
944 2113 1277 2183 fortiterque
1332 2114 1627 2181 reposuit:
1690 2112 2037 2183 Uportuisset

457 2208 541 2264 vel
578 2207 647 2263 ab
688 2206 848 2260 initio
907 2221 1007 2260 nec
1056 2204 1395 2273 respondere
1444 2204 1569 2269 tibi,
1616 2202 2034 2266 scelestissime,

458 2315 561 2355 nec
609 2298 987 2370 qualicunque
1030 2294 1354 2349 defensione
1398 2304 1450 2349 te
1483 2294 1739 2365 dignari;
1777 2294 1874 2350 sed
1914 2309 2038 2365 pro-

454 2402 579 2461 pter
639 2398 916 2445 astantem
989 2387 1232 2449 turbam,
1289 2387 1425 2455 quia
1480 2386 1548 2441 de
1609 2388 1816 2442 Christi
1875 2401 2037 2456 grege

456 2483 709 2555 plerique
774 2489 929 2542 sunt,
970 2478 1081 2533 dixi
1155 2492 1501 2547 quaecunque
1576 2478 1723 2542 dixi,
1780 2488 1834 2532 et
1890 2492 2037 2530 nunc.

2136 1934 2240 2003 τῆς
2266 1931 2377 1987 τῶν
2402 1931 2618 1987 ἀσεϐῶν
2659 1930 2935 1999 Ἐλλήνων
2986 1930 3355 2000 μωρολογίας
3382 1969 3401 1992 ,
3459 1932 3763 1999 ὑπονοήσειε

2136 2026 2193 2079 δὲ
2222 2026 2314 2079 τὸν
2342 2024 2607 2095 τύραννον
2635 2023 2736 2093 τὴν
2763 2024 2859 2078 τοῦ
2911 2022 3152 2093 Χριστοῦ
3180 2024 3479 2093 γέννησιν
3528 2024 3625 2077 διὰ
3654 2040 3761 2075 τοο-

2136 2119 2268 2170 τωνὶ
2297 2116 2406 2170 τῶν
2435 2117 2702 2187 ῥημάτων
2734 2114 3023 2186 χλευάζειν
3056 2114 3463 2184 πειρώμενον,
3500 2116 3610 2185 ἔφη
3644 2116 3759 2185 πρὸς

2138 2209 2303 2263 αὐτὸν
2339 2209 2480 2279 μετὰ
2535 2208 2736 2279 πολλῆς
2781 2207 3086 2279 αὐστηρίας
3142 2207 3243 2260 καὶ
3309 2210 3754 2276 γενναιότητος·

2143 2301 2293 2357 Ἔδει
2344 2301 2447 2370 τὴν
2499 2301 2674 2372 ἀρχὴν
2717 2301 2855 2372 μηδὲ
2887 2299 3306 2369 ἀποκρίνασθαί
3362 2317 3485 2362 σοι,
3530 2314 3757 2369 παρανφ

2142 2393 2360 2463 μώτατε
2387 2432 2403 2457 ,
2443 2393 2582 2461 μηδὲ
2629 2394 2726 2462 τῆς
2766 2390 2990 2445 οἱασοῦν
3038 2389 3358 2457 ἀπολογίας
3415 2388 3755 2454 καταξιῶσαί

2140 2504 2203 2540 σε
2225 2504 2239 2518 ·
2275 2487 2411 2542 ἀλλὰ
2437 2487 2526 2541 διὰ
2553 2486 2646 2540 τὸν
2676 2484 3008 2556 παρεστῶτα
3030 2484 3213 2554 ὄχλον,
3240 2485 3332 2537 ὅτι
3372 2485 3483 2555 τῆς
3510 2483 3609 2537 τοῦ
3630 2484 3753 2551 Χρι-

2141 2578 2270 2634 στοῦ
2302 2579 2540 2650 ποίμνης
2575 2580 2625 2632 οί
2656 2578 2903 2640 πλείονες
2944 2576 3127 2630 αὐτῶν
3153 2576 3573 2645 τυγχάνουσιν,
3610 2571 3749 2626 εἶπαι
3836 2584 3837 2635 ι

2139 2674 2349 2744 ὅσαπερ
2404 2667 2579 2735 εἷπον,
2639 2672 2735 2725 καὶ
2790 2670 2887 2723 νῦν
2918 2671 3005 2722 ἐπ’
3045 2670 3227 2737 ὀλίγον
3254 2670 3400 2739 ἐρῶ,
3432 2670 3542 2737 τῆς
3582 2668 3749 2720 αὐτῶν

2140 2762 2438 2834 κηδόμενος
2466 2762 2743 2831 σωτηρίας
2771 2776 2783 2789 ⁸
2837 2761 2921 2815 ὅτι
2967 2760 3061 2814 τὸν
3102 2761 3348 2830 Χριστὸν
3396 2760 3623 2813 ἄνωθεν
3664 2760 3745 2811 καὶ

2153 2855 2264 2926 πρὸ
2294 2853 2508 2907 πολλῶν
2544 2852 2749 2920 γενεῶν
2806 2854 2855 2905 ei
2902 2852 3183 2923 προφῆται
3230 2852 3743 2921 προκατήγγειλιν,

2142 2944 2437 3001 καὶπολλὰ
2465 2945 2566 3013 τῆς
2617 2942 2928 3013 παρουσίας
2971 2940 3140 2997 αὐτοῦ
3174 2942 3247 2995 τὰ
3290 2942 3595 3013 μαρτύρια
3646 2942 3739 2993 και
3836 2972 3837 3031 γ

2140 3037 2250 3092 τῶν
2284 3035 2413 3107 παρ’
2444 3036 2579 3105 ὑμῖν
2614 3034 2887 3105 χρησμῶν
2912 3034 3007 3089 καὶ
3036 3033 3147 3089 τῶν
3180 3033 3529 3087 Emonam»
3563 3050 3734 3103 γραμ-

457 2589 630 2644 pauca
671 2573 878 2634 dicam,
917 2570 985 2626 de
1013 2584 1203 2624 eorum
1249 2569 1433 2623 salute
1476 2570 1772 2625 sollicitus.
1810 2569 2038 2624 Scilicet

453 2664 744 2719 Christum
777 2661 844 2716 ab
870 2661 983 2715 alto
1016 2666 1329 2731 repetentes
1354 2659 1546 2714 multis
1572 2669 1701 2713 ante
1720 2660 2034 2730 generatio-

458 2756 623 2812 nibus
675 2755 952 2826 propheta:
1006 2752 1540 2821 praenuntiaverunt,
1600 2754 1885 2822 multaque
1940 2768 2036 2808 oc-

457 2858 693 2905 currunt
723 2846 994 2901 adventus
1041 2846 1164 2915 ejus
1194 2844 1510 2899 testimonia
1558 2844 1613 2898 in
1644 2846 1845 2900 vestris
1871 2845 2036 2898 etiam

456 2940 702 2997 oraculis
737 2948 792 2994 et
834 2940 889 2995 itt
945 2938 1110 2993 libris
1161 2936 1473 3013 Sibyllinis.
1530 2936 1596 2991 Et
1628 2937 2039 2992 incarnationis

458 3033 578 3104 ejus
607 3047 775 3089 causa
832 3031 940 3089 fuit
989 3032 1141 3086 salus
1191 3037 1245 3085 et
1290 3030 1566 3099 reparatio
1599 3030 1840 3085 hominis
1876 3029 2035 3097 lapsi.

456 3126 597 3181 Cum
642 3125 791 3179 enim
845 3123 1089 3177 venisset
1142 3121 1195 3174 in
1239 3129 1467 3185 terram,
1514 3136 1733 3175 onmem
1787 3123 2038 3176 morbum

2150 3128 2358 3198 μάτων.
2389 3125 2501 3182 Καὶ
2546 3124 2646 3193 τῆς
2696 3123 3165 3194 ὲνανθρωπήσεως
3207 3121 3383 3175 αὑτοῦ
3416 3124 3450 3192 ἡ
3480 3124 3632 3175 αἰτία
3653 3123 3735 3174 ἐπὶ

457 3215 694 3285 expulit,
723 3220 779 3267 et
810 3212 955 3280 quod
991 3211 1333 3276 mirabilius,
1374 3212 1545 3266 verbo
1578 3219 1831 3267 mortuos
1860 3212 2041 3267 susci-

465 3305 598 3356 tavit
643 3302 912 3367 fetentes;
964 3301 1110 3369 quod
1167 3318 1299 3356 vero
1357 3303 1607 3357 omnium
1656 3302 1895 3357 maxime
1924 3310 2041 3357 stu-

461 3392 699 3462 pendum
757 3400 871 3457 est,
933 3406 1034 3461 pro
1091 3392 1280 3448 mundi
1361 3395 1542 3448 salute
1602 3410 1796 3465 passus
1857 3394 2043 3451 crucis

463 3492 825 3549 tormentum,
873 3485 1183 3540 resurrexit
1242 3488 1405 3543 tertia
1460 3488 1549 3542 die
1605 3503 1634 3543 a
1690 3489 1953 3552 mortuis,
1988 3499 2045 3541 ut

461 3583 740 3632 testantur
794 3574 1081 3646 quingenti
1146 3577 1422 3641 homines,
1487 3577 1758 3632 militibus
1827 3593 2045 3648 quoque

458 3665 909 3723 custodientibus
942 3668 1279 3737 sepulcrum,
1313 3681 1380 3721 ne
1415 3666 1613 3721 rimam
1644 3668 1920 3723 inveniret
1949 3670 2043 3739 qui

462 3758 626 3816 vellet
676 3758 797 3829 ejus
857 3759 1320 3813 resurrectionem
1376 3758 1728 3815 calumniari.
1802 3758 1865 3815 Et
1918 3774 2042 3814 cum

463 3854 800 3909 surrexisset
866 3868 894 3903 a
949 3853 1208 3915 mortuis,
1244 3853 1397 3905 visus
1424 3861 1508 3906 est
1547 3866 1576 3903 a
1606 3850 1898 3922 discipulis
1925 3852 2044 3906 suis

462 3960 559 4015 per
590 3945 835 4014 integros
871 3942 990 3997 dies
1041 3942 1411 4013 quadraginta
1445 3958 1569 3997 cum
1603 3942 1716 3998 illis
1749 3957 2045 3998 conversa-

465 4043 674 4101 tus;ct
702 4035 1022 4089 videntibus
1071 4044 1235 4104 atque
1292 4032 1694 4103 aspicientibus
1743 4033 1903 4103 ipsis,
1934 4033 2046 4088 ele-

465 4134 619 4179 vatus
654 4132 739 4178 est
805 4126 859 4178 in
919 4126 1147 4184 coelum,
1210 4123 1511 4176 detuittens
1545 4122 1598 4174 in
1647 4136 1745 4175 eos
1805 4121 2045 4191 Spiritus

463 4215 642 4269 sancti
667 4215 874 4268 donum
908 4224 962 4267 et
987 4214 1249 4266 virtutem
1277 4225 1292 4260 :
1330 4210 1401 4262 ita
1428 4218 1486 4264 ut
1513 4218 1567 4263 et
1606 4210 2043 4280 alienigenarum

464 4305 664 4376 linguis
692 4304 1076 4371 loquerentur,
1112 4315 1214 4357 nec
1243 4315 1388 4369 opus
1417 4300 1690 4355 haberent
1717 4301 2041 4373 interprete.

465 4394 821 4462 Loquebatur
858 4394 1005 4446 cnim
1060 4392 1112 4446 in
1164 4393 1245 4448 eis
1292 4392 1536 4463 Spiritus
1571 4401 1830 4458 sanctus,
1865 4396 1941 4451 ita
1987 4405 2045 4450 ut

461 4495 520 4539 ct
559 4461 741 4539 l'utura
785 4486 1170 4557 praaviderent,
1202 4496 1260 4542 et
1306 4461 1699 4559 prophetareut
1730 4504 1851 4559 qua:
1881 4504 2045 4545 eren-
2077 4461 2121 4518 θ

465 4588 589 4634 tura
637 4589 844 4634 essent.
901 4579 1005 4645 Qui
1064 4580 1289 4650 quidem
1341 4581 1555 4650 egressi
1605 4580 2048 4649 praedicaverunt

460 4688 589 4727 cum
646 4671 875 4742 ubique,
927 4672 1063 4725 nihil
1111 4688 1300 4726 secum
1355 4671 1599 4727 ferentes
1631 4682 1831 4743 praeter
1869 4676 2044 4728 solam

460 4764 585 4835 ejus
623 4764 958 4819 invisibilem
991 4766 1296 4831 virtutem;
1329 4779 1439 4819 non
1484 4765 1757 4835 clypeum.
1792 4782 1901 4821 non
1928 4767 2047 4821 lan-

462 4872 641 4923 ceam,
690 4870 799 4909 non
862 4855 1105 4924 gladium
1169 4864 1444 4920 tenentes,
1474 4856 1569 4913 sed
1613 4857 1768 4922 nudi,
1808 4858 2047 4915 inermes

463 4959 518 5004 et
547 4962 821 5019 pauperes
875 4946 1141 5001 mundum
1196 4959 1463 5016 ceperunt
1516 4951 1858 5015 universum,
1902 4967 2053 5007 mor-

465 5047 591 5096 tuos
645 5039 977 5103 excitantes,
1054 5038 1309 5107 leprosos
1368 5038 1721 5103 mundantes,
1780 5042 2047 5097 daemonia

462 5128 771 5197 cjicientes.
816 5127 882 5182 Et
922 5127 1039 5182 haec
1087 5128 1316 5198 quinam
1370 5126 1661 5186 fecerunt?
1708 5131 2050 5202 Piscatores,

468 5218 719 5277 homines
748 5220 927 5291 ignari
971 5220 1285 5275 litterarum
1331 5227 1388 5275 et
1420 5222 1715 5278 mundanae
1765 5226 2053 5296 sapientiae

465 5319 740 5373 CXSOI'ICS.

534 5529 627 5583 28.
661 5525 813 5592 Quos
846 5541 978 5583 vero
1028 5528 1146 5597 ipse
1195 5525 1490 5596 induxisti,
1544 5529 1805 5590 deridens
1832 5532 2037 5592 Christi

470 5618 905 5689 generationem,
936 5618 1088 5673 viros
1117 5619 1398 5687 sapientes
1426 5629 1481 5675 et
1512 5620 1752 5691 divinos,
1788 5634 1850 5679 ut
1879 5629 2041 5684 modo

467 5719 573 5764 eos
593 5705 1061 5771 vocasti,etiamsi
1099 5707 1358 5765 daremus
1386 5725 1513 5769 vera
1546 5713 1718 5771 fuisse
1751 5716 1868 5772 hare
1900 5718 2040 5775 deli-

2146 3216 2391 3289 σωτηρίᾳ
2425 3215 2522 3271 καὶ
2546 3215 2846 3284 ἀνακλήσει
2884 3214 2986 3284 τῆς
3014 3213 3126 3267 τῶν
3169 3212 3490 3283 ἀνθρώπων
3524 3216 3730 3268 ἑκπτὼο

2147 3328 2284 3373 σεως
2308 3309 2564 3378 γέγονεν·
2599 3308 2773 3362 ἐλθὼν
2802 3307 2914 3378 γὰρ
2948 3307 3041 3359 ἐπὶ
3074 3307 3175 3377 τῆς
3210 3307 3339 3377 γῆς,
3373 3310 3565 3360 πᾶσαν
3589 3309 3729 3360 νόσον

2144 3402 2417 3472 ἀπήλασε,
2448 3400 2545 3454 καὶ
2573 3401 2636 3452 τὸ
2666 3399 3102 3470 παραδοξότερον
3130 3400 3227 3451 καὶ
3267 3400 3481 3469 ῥήματι
3510 3400 3724 3469 νεκροὺς

2144 3496 2370 3565 ήγειρεν
2402 3492 2692 3557 ὀδωδότας,
2719 3493 2815 3545 καὶ
2842 3492 2905 3545 τὸ
2925 3492 2991 3561 δὴ
3014 3492 3233 3545 πάντων
3251 3491 3720 3563 θαυμασιώτερον.

2145 3588 2289 3657 ὑπὲρ
2310 3585 2411 3654 τῆς
2439 3584 2533 3638 τοῦ
2576 3584 2786 3654 κόσμου
2823 3584 3104 3653 σωτηρίας
3136 3582 3329 3635 παθὼν
3370 3583 3436 3636 τὸ
3461 3584 3551 3635 διὰ
3584 3602 3723 3636 suae

2147 3679 2243 3751 ροῦ
2266 3678 2459 3743 πάθος,
2523 3678 2727 3748 ἀνέστη
2774 3677 3077 3748 τριήμερος
3103 3678 3167 3730 ὲκ
3221 3675 3332 3729 τῶν
3370 3676 3587 3747 νεκρῶν
3626 3678 3721 3729 6:5

2149 3773 2383 3843 μάρτυσι
2408 3772 2808 3834 πεντακοσίοις,
2838 3769 2934 3822 καὶ
2969 3768 3321 3839 στρατιωτῶν
3352 3770 3717 3839 φρουρούντων

2147 3863 2315 3920 αὑτοῦ
2344 3864 2439 3917 τὸν
2464 3862 2655 3931 τάφον,
2689 3862 2775 3916 ἵνα
2804 3861 2881 3932 μὴ
2911 3864 3015 3931 σχῇ
3042 3858 3231 3931 χώραν
3253 3859 3283 3911 ὁ
3310 3860 3411 3930 τὴν
3440 3861 3715 3913 ἀνάστασιν

2147 3956 2314 4012 αὐτοῦ
2371 3955 2784 4024 συκοφαντήσαι
2836 3954 3205 4025 βουλόμενος·
3260 3954 3357 4007 καὶ
3403 3955 3635 4017 ἀναστὰς
3656 3955 3711 4005 ὲκ

2146 4051 2254 4105 τῶν
2284 4049 2517 4120 νεκρῶν,
2547 4049 2705 4117 ῶφθη
2762 4051 2874 4110 τοῖς
2912 4046 3187 4116 μαθηταῖς
3233 4045 3402 4099 αὐτοῦ
3456 4047 3536 4112 ἐφ’
3579 4047 3707 4107 ὅλαις

2145 4143 2553 4214 τεσσαράκοντα
2592 4139 2826 4214 ἡμέραις
2855 4139 2975 4210 μετ’
3007 4139 3187 4193 αὐτῶν
3212 4140 3703 4209 συναναστρεφόμε·

2147 4250 2331 4303 μενος,
2359 4232 2455 4286 καὶ
2482 4228 2737 4301 ὁρώντων
2774 4230 2937 4283 αὐτὸν
2966 4231 3059 4283 καὶ
3090 4228 3399 4299 βλεπόντων
3454 4228 3704 4299 ἀνελήφθη

2148 4325 2228 4387 είς
2258 4325 2384 4387 τοὺς
2442 4323 2731 4393 οὐρανοὺς,
2764 4321 3154 4386 ἐξαποστείλας
3205 4320 3363 4394 ίόϐι]
3407 4322 3585 4385 αὐτοῖς
3622 4323 3706 4393 τὴν

2146 4418 2242 4470 τοῦ
2269 4417 2427 4485 ἁγίου
2458 4416 2776 4486 Πνεῦματος
2808 4416 3021 4486 δωρεάν
3059 4432 3119 4468 τε
3159 4416 3255 4469 καὶ
3277 4415 3535 4486 δύναμιν·
3578 4417 3702 4470 ὥστε

2154 4509 2249 4561 καὶ
2271 4507 2548 4576 γλώσσαις
2597 4508 2902 4576 ἀλλογενῶν
2957 4502 3443 4576 ἀποφθέγγεσθαι,
3498 4511 3588 4562 καὶ
3639 4511 3702 4580 μὴ

2153 4599 2299 4670 ἔχειν
2320 4601 2510 4672 χρείαν
2540 4600 2637 4654 τοῦ
2665 4602 3088 4671 ὲρμηνεύοντος,
3126 4601 3309 4654 ἐλάλει
3329 4601 3436 4672 γὰρ
3464 4605 3516 4655 ὲν
3539 4605 3701 4664 αὐτοῖς

2153 4690 2214 4743 τὸ
2242 4691 2463 4760 Πνεῦμα
2486 4691 2547 4744 τὸ
2570 4691 2745 4760 ἅγιον,
2786 4691 2926 4745 ὥστε
2954 4694 3051 4745 καί⁵
3078 4692 3149 4745 τὰ
3173 4692 3365 4763 ττόρρω
3405 4694 3699 4763 προϐλέπειν

2154 4782 2247 4835 καὶ
2271 4783 2636 4854 προφητεύειν
2674 4786 2743 4836 τὰ
2805 4784 3093 4861 μέλλοντα.
3130 4786 3342 4845 Οῖτινες
3402 4785 3695 4851 ἐξελθόντες,

2153 4868 2425 4939 ἐκήρυξαν
2482 4870 2644 4924 αὑτὸν
2688 4871 2989 4941 πανταχοῦ,
3040 4873 3209 4943 μηδὲν
3270 4874 3693 4945 ἐπιφερόμενοιῆ

2153 4960 2323 5033 μόνην
2340 4961 2440 5031 τήν
2479 4961 2647 5015 αὑτοῦ
2677 4963 2909 5034 ἀόρατον
2941 4963 3201 5032 δύναμιν,
3248 4966 3351 5018 οὐκ
3391 4966 3595 5033 ἀσπίδα,
3616 4971 3693 5021 καὶ

2146 5050 2299 5122 δόρυ,
2317 5052 2409 5105 καὶ
2449 5051 2601 5121 ξίφος
2625 5055 2973 5124 κατέχοντες,
2994 5055 3138 5109 ἀλλὰ
3165 5056 3390 5124 γυμνοὶ,
3409 5058 3493 5110 καὶ
3511 5058 3691 5121 ἀοι-ελσε,

2149 5142 2244 5197 καὶ
2264 5142 2517 5213 πένητες,
2544 5144 2722 5199 πάντα
2768 5144 2862 5202 τὸν
2888 5146 3094 5215 κόσμον
3122 5146 3472 5220 ἐζώγρησαν,
3495 5152 3690 5220 νεκροὺς

2149 5232 2476 5304 ἐγείροντες,
2510 5232 2745 5304 λεπροὺς
2782 5235 3193 5309 καθαρίζοντες,
3238 5239 3486 5310 δαιμόνια
3523 5240 3690 5293 ἐκϐάλ-

2149 5321 2356 5386 λοντες.
2386 5324 2496 5378 Καὶ
2516 5325 2688 5380 ταῦτα
2724 5327 2889 5393 τίνες;
2909 5328 3102 5397 ἁλιεῖς,
3121 5330 3218 5385 καὶ
3244 5332 3593 5404 ἀγράμματοι,
3611 5333 3688 5386 καὶ

2152 5412 2250 5480 τῆς
2274 5412 2366 5467 τοῦ
2400 5413 2612 5484 κόσμου
2643 5418 2840 5486 σοφίας
2862 5421 3141 5492 ἀμέτοχοι.

2220 5553 2326 5636 κη’.
2363 5547 2470 5613 Οὓς
2500 5550 2555 5604 δὲ
2577 5552 2739 5618 αὐτὸς
2763 5560 3192 5629 παρεισήγαγες,
3224 5560 3574 5632 ἐπικερτομῶν
3600 5562 3683 5636 τήν

2148 5633 2242 5687 τοῦ
2276 5636 2515 5705 Χριστοῦ
2568 5639 2847 5713 γέννησιν,
2878 5647 3081 5717 ἄνδρας
3113 5651 3314 5720 σοφούς
3341 5668 3399 5704 τε
3426 5653 3507 5705 καί
3532 5633 3682 5706 θεολόο

2151 5741 2301 5794 γους,
2336 5727 2409 5792 ώς
2430 5728 2528 5785 νῦν
2561 5733 2810 5805 εἴρηκας,
2854 5737 2900 5790 εί
2926 5740 3046 5821 ’καὶ
3087 5740 3310 5812 δοίημεν
3343 5742 3519 5813 ἀληθὲς
3548 5744 3677 5811 γενέ·
