3876 6336
2182 219 2214 232 ηδ

31 335 156 394 127
170 335 206 392 ’1
1380 333 1440 396 S.
1478 337 1807 401 ARTEMII
1851 341 2135 404 PASSIO.
3235 351 3375 419 1278

31 438 191 492 σθαι
249 433 436 490 τοῦτο
484 433 545 487 τὸ
593 433 998 506 παραλήρημα,
1029 436 1080 488 τί
1123 438 1479 508 γεννηθέντες
1505 443 1587 507 δίς
1627 463 1672 496 τε

1793 462 2062 512 ramenta,
2095 451 2226 521 quid
2282 451 2384 516 bis,
2420 463 2474 508 et
2514 463 2614 522 ter,
2651 463 2704 510 et
2743 467 2937 527 quater
2961 463 3132 532 geniti
3167 451 3376 523 mundo

31 530 148 583 καὶ
190 527 343 599 τρὶς
379 528 475 581 καί
502 526 758 597 τετράκις
789 529 881 581 τὸν
942 527 1150 600 κόσμον
1184 529 1498 602 ὠφέλησαν,
1530 535 1562 605 ἦ
1589 536 1672 605 μέ.

1793 541 2141 608 profuerunt,
2175 545 2256 598 vel
2289 545 2468 613 quoad
2495 554 2707 615 partem
2732 526 2853 618 eius
2884 526 3108 618 parvam
3141 563 3239 610 aut
3267 559 3373 612 nti-

31 641 152 692 ρος
185 623 255 676 τί
291 622 414 674 τῶν
444 618 536 673 τοῦ
569 619 776 689 κόσμου
829 619 1028 688 μικρὸν
1059 619 1090 690 ἦ
1120 619 1447 691 ἐλάχιστον;
1480 625 1598 689 Τίς,
1622 629 1672 680 ὲ)

1793 633 1998 686 nimam
2022 634 2046 686 Ἰ
2069 631 2205 698 Quis
2231 634 2286 688 in
2317 637 2575 692 Mercurii
2601 647 2656 692 et
2686 637 3012 711 Pythagora.-
3038 643 3194 700 libris
3219 663 3370 702 mor-

31 718 172 769 τῶν
204 714 437 785 βίϐλων
470 710 673 782 Ἑρμοῦ
707 728 769 764 τε
799 713 894 764 καὶ
940 713 1287 786 Πυθαγόρου,
1331 719 1562 787 νεκροὺς
1596 719 1672 786 ἐξ·

1795 731 1919 777 tuos
1935 723 2236 781 suscitasse
2267 727 2486 794 legitur,
2521 741 2618 782 aut
2647 729 2899 800 leprosos
2925 736 3248 800 muntlasse,
3274 751 3365 794 aut

31 808 424 877 ανέστησεν,
455 804 488 875 ἢ
516 803 756 873 λεπροὺς
799 802 1150 873 ἐκαθάρισεν,
1191 805 1224 875 ἢ
1271 807 1537 877 δαίμονας
1587 811 1672 862 άτι-⁴

1791 815 2072 883 expulisse
2094 816 2398 883 daemones,
2418 819 2623 889 quibus
2639 838 2736 876 vos
2765 824 3031 880 honorem
3063 832 3372 896 pra-statis?

31 899 313 969 ήλασεν,
347 895 448 958 οὒς
476 896 635 964 ὑμεῖς
683 893 1055 964 θεραπεύετε;
1092 895 1232 950 Ἀλλ’
1273 897 1483 969 Ἐρμῆς
1532 901 1672 970 μὲνε

1789 898 2100 958 Mercurius
2127 905 2372 974 quidem,
2401 907 2800 980 Trismegistus
2832 929 2864 969 a
2902 916 3057 972 vobis
3086 924 3372 988 cognmui-

40 991 358 1060 μέγιστος
409 987 500 1056 ὑφ’
550 987 706 1057 ὑμῶν
761 989 1336 1060 προσαγορευόμενος,
1382 991 1672 1061 Αἰγύπτιος

1791 1001 1978 1058 natus,
2013 994 2119 1050 fuit
2158 997 2320 1053 homo
2353 999 2648 1071 Egyptius
2673 1013 2728 1058 et
2769 1004 3119 1078 Egytiorum
3157 987 3372 1080 legibus

37 1083 319 1151 γέγονεν
338 1080 653 1150 ἄνθρωπος,
682 1079 777 1132 καὶ
820 1081 936 1140 τοῖς
977 1081 1296 1148 Αἰγυπτίων
1327 1083 1534 1174 νόμοιςῌ
1550 1102 1672 1155 τρα·

1791 1082 2107 1142 institutus.
2142 1087 2244 1154 Qui
2298 1105 2422 1144 cum
2463 1092 2716 1148 duxisset
2740 1111 2992 1162 uxorem,
3017 1079 3371 1174 liberospro-

42 1173 198 1241 φεὶς
234 1172 494 1241 γυναῖκά
541 1188 602 1224 τε
659 1171 864 1239 γήμας,
923 1169 1119 1236 παῖδας
1151 1173 1474 1239 ἐτέκνωσεν,
1501 1169 1576 1229 ὧν
1595 1177 1672 1230 τοι

1789 1176 2016 1243 creavit,
2060 1194 2291 1248 quorum
2324 1182 2751 1251 primogenitum
2783 1188 2880 1242 Tal
2937 1169 3261 1261 nominant;
3297 1198 3366 1252 ad

47 1263 497 1335 πρεσϐύτερον,
540 1261 653 1315 Τάτ
686 1261 1037 1330 ὀνομάζουσι,
1079 1264 1220 1333 πρὸς
1271 1265 1331 1318 ὃν
1375 1266 1539 1331 αὐτὸς
1573 1268 1672 1321 δια.

1789 1265 1935 1320 hunc
1967 1271 2085 1338 ipse
2133 1272 2377 1342 loquitur
2417 1279 2574 1344 eique
2633 1293 2768 1334 suos
2814 1296 3096 1339 sermones
3123 1287 3369 1356 dedicat,

1789 1375 2000 1414 necnon
2039 1362 2334 1433 Esculapio
2384 1383 2447 1420 ex
2479 1369 2782 1438 Epidauro,
2816 1375 2910 1443 qtti
2943 1377 3086 1433 artis
3141 1379 3368 1436 medica:

1788 1459 2042 1505 auctora
2087 1455 2245 1511 vobis
2287 1459 2643 1528 perhibetur;
2684 1465 2770 1516 cui
2821 1467 2987 1522 etiam
3033 1485 3212 1538 suam,
3244 1489 3368 1542 qua:

1786 1540 1868 1594 sic
1895 1555 2080 1608 sonat,
2107 1545 2437 1618 theologiam
2470 1552 2710 1621 explicat
2737 1572 2751 1608 :
2786 1555 2955 1612 Deum
2982 1560 3203 1629 quidem
3228 1540 3366 1620 con-

1786 1630 1974 1698 cipere
1999 1633 2239 1698 diﬂicile.
2272 1637 2452 1708 eloqui
2485 1649 2668 1695 autem
2699 1643 3064 1713 impossibile.
3095 1651 3194 1706 Est
3216 1657 3364 1708 enim

1787 1719 1842 1774 in
1879 1723 2023 1776 trina
2069 1725 2354 1797 hypostasi
2406 1732 2744 1798 consistens,
2795 1737 3202 1808 inexplicabilis
3231 1748 3364 1800 sub-

1786 1813 1990 1866 stantia
2031 1823 2086 1869 et
2117 1829 2336 1883 natura,
2375 1837 2498 1890 qua:
2525 1822 2659 1877 nihil
2695 1825 2894 1882 habeat
2927 1831 3074 1900 apud
3100 1837 3366 1893 mortales

1787 1905 1871 1956 sui
1894 1905 2209 1962 consimile.
2233 1907 2384 1974 Quos
2403 1922 2588 1967 autem
2616 1913 2751 1971 deos
2777 1919 3061 1974 nominant
3086 1922 3362 1993 homines,

1787 1994 1822 2048 ii
1857 1997 2060 2051 multas
2094 1997 2306 2065 [ablutas
2339 2003 2654 2074 multosque
2685 2024 2906 2064 errores
2959 2015 3024 2066 ad
3063 2029 3123 2068 se
3183 2026 3363 2072 traxe-

1787 2097 1938 2142 runt.
1994 2091 2254 2157 Quinimo
2301 2094 2369 2148 de
2418 2095 2622 2151 Christi
2669 2099 2905 2155 adventu
2982 2105 3098 2173 ipse
3146 2124 3366 2180 quoque

1785 2179 2080 2234 obscuram
2111 2185 2408 2253 quamdam
2447 2191 2793 2257 prophetiam
2823 2193 3018 2259 refert,
3057 2213 3219 2268 quam
3253 2179 3362 2257 non

1784 2287 1847 2325 ex
1884 2277 2070 2344 seipso
2103 2278 2195 2331 scd
2221 2295 2286 2332 ex
2319 2278 2670 2336 Hebraeorum
2708 2284 2979 2354 theologia
3019 2291 3225 2348 hausit.
3256 2293 3362 2351 Sed

1785 2367 1912 2432 quid
1967 2369 2098 2426 mihi
2149 2385 2276 2424 cum
2327 2374 2606 2446 corruptis
2660 2385 2714 2429 et
2768 2377 3068 2437 fetentibus
3101 2381 3360 2441 Mercurii

49 1355 314 1422 λέγεται
348 1356 449 1408 καὶ
483 1354 612 1416 τοὺς
669 1353 864 1406 ἑαυτοῦ
929 1349 1124 1420 λόγους
1177 1358 1412 1426 ἁφοσιοί,
1466 1368 1605 1432 πρός
1627 1381 1686 1416 τε

49 1445 168 1498 τὸν
198 1444 264 1510 ἐξ
305 1443 640 1515 Ἐπιδαύρου
687 1445 1016 1518 ’Λεῐκλήπιον
1071 1449 1162 1502 τὸν
1227 1452 1686 1524 προκατάρξαντα

57 1537 207 1591 καθ’
237 1537 398 1604 ὑμᾶς
429 1537 528 1607 τῆς
560 1538 810 1608 ἰατρικῆς
841 1541 1172 1612 ἐπιστήμης,
1203 1541 1264 1604 ὃς
1295 1544 1390 1598 καὶ
1431 1545 1530 1615 τὴν
1553 1548 1682 1600 ἐαυ-

62 1629 181 1682 τοῦ
207 1627 506 1696 θεολογίαν
536 1628 792 1698 διασαφεῖ
815 1630 1046 1702 ἔχουσαν
1075 1632 1251 1698 οὕτως
1275 1650 1289 1664 ·
1331 1634 1466 1688 Θεδν
1492 1637 1684 1707 νοῆσαι

67 1722 190 1792 μὲν
213 1720 490 1791 χαλεπὸν,
530 1721 738 1793 φράσαι
771 1723 830 1776 δὲ
878 1723 1140 1779 ἀδύνατον
1163 1744 1176 1756 ·
1209 1726 1327 1794 ἐστι
1362 1729 1472 1798 γὰρ
1526 1747 1682 1798 τρισ-

59 1816 424 1876 υπόστατος,
443 1815 848 1886 ἀνερμήνευτος
859 1818 1017 1872 οὐσία
1044 1821 1140 1872 καὶ
1161 1820 1344 1889 φύσις,
1371 1823 1471 1873 ούκ
1485 1821 1685 1892 ἔχουσα

62 1905 244 1975 παρὰ
271 1905 490 1976 βροτοῖς
515 1904 838 1977 ἐξομοίωσιν
863 1925 878 1939 ·
911 1909 1004 1975 οὓς
1051 1910 1110 1980 δὲ
1140 1910 1296 1976 θεοὺς
1322 1912 1684 1983 ὀνομάζουσιν

68 1999 380 2069 ἄνθρωποι
406 1997 556 2070 [562}
587 1998 722 2052 πολὺ
757 2000 822 2054 τὸ
877 2002 1124 2072 μυθῶδες
1163 2006 1259 2058 καὶ
1297 2005 1570 2076 σφαλερὸν
1598 2007 1683 2075 ἐφ’

71 2090 327 2152 ἑαυτοὺς
383 2091 798 2145 ἐπεσπάσαντο·
857 2094 951 2147 καὶ
1001 2096 1132 2165 περὶ
1168 2097 1269 2166 τῆς
1311 2098 1407 2150 τοῦ
1445 2097 1682 2170 Χριστοῦ

69 2181 386 2245 ἐλεύσεως,
421 2183 515 2236 καὶ
562 2183 726 2246 αὐτὸς
755 2186 1007 2258 ἀμυδράν
1049 2205 1170 2242 τινα
1205 2191 1544 2260 προφητείαν
1573 2191 1686 2244 δια-

70 2274 339 2346 γορεύει,
375 2275 476 2328 οὐκ
538 2274 596 2342 ἐξ
651 2277 871 2339 ἑαυτοῦ,
913 2279 1027 2332 ἀλλ’
1061 2283 1126 2333 ἐκ
1149 2284 1248 2352 τῆς
1279 2281 1544 2353 Ἑϐραίων
1569 2282 1684 2335 θεο-

73 2365 284 2435 λογίας
338 2365 543 2438 ταύτην
573 2369 1059 2440 ἀπαρρυσάμενος.
1123 2359 1286 2426 Ἀλλά
1318 2373 1370 2426 τί
1434 2390 1526 2444 μοι
1573 2373 1683 2426 τῶν

80 2458 328 2528 σαπρῶν
346 2475 406 2511 τε
439 2459 534 2512 καὶ
562 2459 834 2514 όδωδότων
869 2463 1075 2533 Ἑρμοῦ
1106 2465 1369 2535 ῥημάτων
1410 2465 1519 2526 τῶν
1549 2467 1681 2537 παρ’

80 2547 228 2618 ὑμῖν
255 2549 604 2618 τιμωμένων,
665 2551 765 2621 ἠδη
824 2552 932 2624 πρὸ
984 2553 1182 2607 πολλοῦ
1235 2558 1554 2626 σεσηπότων
1587 2555 1682 2610 καὶ

79 2639 560 2709 ἀπεῤῥυηκότων;
617 2641 752 2694 Οὐδὲ
793 2643 901 2712 γάρ
949 2645 1096 2697 ὅσιον
1133 2646 1264 2716 περὶ¹
1309 2647 1418 2700 τῶν
1461 2648 1681 2712 ζώντων

81 2729 308 2797 ἐρωτᾷν
331 2729 460 2794 τοὺς
489 2732 741 2802 νεκροὺς,
771 2731 912 2802 ἔχων
940 2735 1006 2788 ἐκ
1032 2735 1141 2791 τῶν
1174 2736 1450 2807 θεοσόφων
1480 2739 1680 2809 λογίων

83 2819 224 2884 τοὺς
247 2820 468 2888 ἀληθεῖς
493 2823 778 2895 μάρτυρας
796 2829 871 2895 to,
895 2825 994 2896 τὴν
1024 2828 1263 2898 Χριστοῦ
1292 2831 1596 2902 παρουσίαν
1619 2849 1679 2886 τε

83 2912 190 2964 καὶ
213 2910 441 2983 θεότητα
471 2915 971 2986 προκατήγγειλαν.

172 3043 280 3097 κθ’.
305 3045 638 3118 Πυθαγόρας
667 3047 725 3100 δὲ
752 3049 782 3102 6
811 3049 912 3118 τῆς
957 3049 1226 3120 Ἰταλικῆς
1272 3053 1555 3125 κατάρξας
1596 3056 1682 3108 at-

1784 2458 1990 2524 verbis,
2026 2475 2146 2530 qua:
2181 2478 2210 2518 a
2250 2464 2406 2521 vobis
2441 2465 2496 2520 in
2522 2467 2732 2523 honore
2771 2468 3070 2539 habentur,
3113 2479 3366 2546 quamvis

1779 2546 1992 2618 jamdiu
2044 2555 2260 2622 putrida
2328 2557 2444 2611 sint
2475 2567 2529 2612 et
2581 2560 2905 2630 antiquata?
2951 2561 3070 2618 Non
3099 2566 3246 2620 enim
3284 2569 3366 2626 fas

1783 2649 1869 2696 est
1895 2643 2043 2699 circa
2069 2647 2227 2702 vivos
2254 2649 2597 2720 interrogare
2645 2661 2918 2721 mortuos,
2953 2672 3078 2710 cum
3132 2658 3361 2714 habeam

1783 2747 1849 2785 ex
1902 2732 2106 2792 divinis
2157 2739 2392 2809 eloquiis
2440 2744 2719 2801 veridicos
2753 2754 2954 2815 testes,
3002 2751 3097 2818 qui
3154 2751 3364 2808 Christi

1783 2829 2132 2894 praesentiam
2150 2846 2214 2886 ac
2233 2833 2579 2891 divinitatem
2601 2840 3136 2908 praenuntiavcrunt.

1851 3045 1943 3098 29.
1980 3044 2326 3122 Pythagoras
2361 3062 2572 3122 autem,
2627 3066 2796 3116 secta:
2852 3062 3054 3117 Italica:
3085 3065 3362 3136 princeps,

88 3137 322 3208 (δέσεως,
381 3139 436 3191 τί
485 3133 630 3209 μέγα
673 3139 768 3192 καὶ
833 3140 1152 3212 θαυμαστὸν
1203 3145 1262 3197 ἐν
1307 3144 1384 3215 τῷ
1433 3146 1535 3217 βίῳ
1557 3148 1672 3219 τρὶς

1783 3135 1911 3205 quid
1942 3140 2153 3208 grande
2187 3153 2244 3199 et
2274 3145 2682 3215 admirandum,
2730 3159 2813 3207 ter
2851 3153 2906 3207 in
2956 3156 3123 3210 vitam
3158 3133 3362 3227 produ-

87 3229 401 3299 ’παραχθεὶς
431 3230 812 3302 ἀπειργάσατο
837 3249 852 3304 ;_
883 3233 916 3304 ἢ
951 3233 1032 3287 ὅτι
1061 3236 1120 3288 ἐν
1154 3235 1428 3308 Ὀλυμπίᾳ
1454 3239 1679 3310 γενόμε-

87 3338 208 3386 νος,
235 3321 310 3383 ὡς
340 3321 500 3388 ὑμεῖς
537 3321 800 3390 φάσκετε,
845 3325 1082 3395 χρυσοῦν
1125 3325 1216 3380 τὸν
1275 3329 1471 3382 ἑαυτοῦ
1502 3331 1679 3401 μηρὸν

106 3410 508 3475 Ἑλλανοδίκαις
538 3412 817 3482 ύπὲδειξε;
851 3415 946 3468 καὶ
973 3415 1100 3486 βοῦν
1139 3418 1364 3472 θύεσθαι
1414 3421 1677 3492 μέλλοντα

95 3499 484 3571 μυκησάμενον
502 3515 516 3530 ⁸
537 3499 774 3572 Ἀνδρος,
801 3502 928 3574 ἔφη,
961 3499 1139 3577 ψυχὴν
1156 3508 1281 3577 ἐμοὶ
1301 3509 1561 3578 φιλτάτου
1584 3513 1677 3566 κέ-

95 3611 312 3666 κτηται,
328 3596 419 3650 καὶ
435 3595 525 3650 διὰ
539 3598 635 3651 τοῦ
668 3601 992 3670 μυκήματος
1015 3606 1414 3674 προσαγορεύει
1445 3625 1510 3678 με
1533 3610 1562 3662 6
1577 3628 1674 3662 τα-

97 3687 372 3759 λαίπωρος
396 3705 411 3754 ;
445 3689 543 3742 καὶ
567 3691 725 3744 ἀετὸν
771 3692 829 3746 ἐν
859 3684 983 3761 ὕψει
1011 3695 1345 3766 πετόμενον,
1367 3698 1436 3751 δι’
1456 3700 1674 3772 ἐπῳδῆς

101 3783 426 3835 καταπεσεῖν
447 3783 540 3836 ἐπὶ
585 3785 688 3854 γῆς
718 3785 1026 3856 narretque;
1057 3789 1246 3844 Ταῦτα
1272 3792 1300 3843 ὁ
1327 3794 1446 3863 τρὶς
1477 3811 1671 3866 γεννη-

100 3871 217 3933 θεὶς
271 3871 704 3943 ἐθαυματούργει
763 3877 820 3928 ὲν
864 3874 1140 3948 Ὀλυμπία
1184 3881 1496 3949 γενόμενος,
1521 3883 1672 3949 6050-

108 3963 288 4032 μανῶν
314 3966 406 4018 καὶ
435 3965 906 4036 φαντασιούμενος
951 3970 980 4020 ὁ
1023 3970 1338 4038 τρισάθλιος
1363 3988 1374 4000 ·
1401 3975 1428 4025 ὀ
1457 3973 1556 4043 τὴν
1582 3990 1671 4025 τε-

105 4055 336 4126 τρακτὺν
367 4057 530 4128 ὅρκον
557 4055 866 4126 τιθέμενος,
928 4059 1024 4110 καὶ
1069 4059 1275 4130 ταύτην
1307 4063 1537 4131 φάσκων
1569 4081 1672 4134 πη-

107 4146 211 4214 γὴν
262 4146 480 4201 άεννάου
544 4147 795 4216 φύσεως·
838 4149 867 4200 6
918 4149 1036 4211 τοὺς
1075 4149 1323 4222 κυάμους
1355 4152 1669 4223 σεϐόμενος,

108 4237 175 4291 δι’
199 4237 282 4300 οὒς
305 4239 396 4292 καὶ
452 4239 704 4293 ἀπώλετο
762 4239 899 4318 μετά
930 4239 1038 4294 τῶν
1081 4243 1244 4297 αὐτοῦ
1289 4245 1524 4317 ἑταίρων
1568 4247 1673 4300 ὑπὸ

108 4329 215 4381 τῶν
257 4329 598 4401 Ταραντίνων
659 4331 1160 4402 συνελαυνόμενος·
1218 4335 1294 4404 μὴ
1345 4329 1669 4406 βουλόμενος

107 4419 210 4488 γὰρ
231 4419 316 4474 τὸν
359 4421 522 4475 τόπον
555 4423 798 4493 πατῆσαι
826 4423 887 4476 ἐν
915 4415 960 4491 ᾧ
995 4424 1044 4476 οἱ
1090 4423 1295 4494 κύαμοι
1328 4425 1666 4496 ἐσπαρμένοι

107 4518 406 4581 ετύγχανον,
450 4499 624 4578 αὐτὸς
677 4513 816 4584 μετὰ
854 4513 966 4566 τῶν
998 4515 1234 4584 ἑταίρων
1279 4513 1376 4568 καὶ
1407 4514 1665 4585 μαθητῶν

111 4605 553 4674 κατασφάττεται,
607 4607 703 4660 καὶ
745 4605 856 4660 τῶν
905 4605 1121 4678 ἐχθρῶν
1169 4607 1380 4675 γίνεται
1415 4609 1665 4680 παρανά-

110 4697 276 4767 λωμα’
305 4696 482 4754 Θεανὼ
513 4697 570 4750 δὲ
615 4700 648 4768 ἡ
713 4699 904 4752 τούτου
952 4700 1170 4782 γαμετὴ
1231 4701 1326 4753 καὶ
1361 4701 1660 4782 μαθήτρια,

114 4788 188 4860 μὴ
215 4787 420 4842 θέλουσα
444 4791 546 4861 τὴν
574 4791 757 4844 αἰτίαν
807 4777 1109 4857 κατειπεῗν,
1141 4792 1207 4846 δι’
1237 4794 1304 4863 ἢν
1326 4793 1418 4844 τὸν
1452 4777 1664 4864 κύαμον

111 4880 208 4932 οὐκ
229 4879 474 4946 ἐσθίουσι,
490 4882 593 4953 τὴν
613 4883 866 4951 γλῶσσαν
888 4883 1228 4955 ἑκτμηθεῖσα
1253 4884 1540 4954 πρότερον,
1569 4887 1667 4938 καὶ

113 4960 239 5041 αὐτὴ
265 4971 711 5044 προσαπόλλυται.

179 5105 236 5161 λ’.
273 5107 445 5161 Ταῦτα
476 5109 586 5161 τῶν
634 5109 742 5172 σῶν
799 5110 1110 5179 φιλοσόφων
1151 5111 1220 5165 τὰ
1268 5111 1666 5182 προτερήματα

117 5197 218 5251 τῶν
239 5197 311 5262 δὶς
342 5199 492 5272 [363}
516 5201 612 5264 καὶ
637 5203 757 5272 τρὶς
783 5203 1178 5272 γεννηθέντων,
1206 5203 1284 5266 ὡς
1315 5203 1478 5268 αὐτὸς
1534 5205 1668 5276 ἐρη-

116 5289 350 5357 τόρευσας
374 5309 387 5322 ·
440 5294 670 5360 κάκεῖνα
718 5293 814 5348 τοῦ
864 5294 1000 5368 ἐμοῦ
1030 5295 1270 5366 Χριστοῦ
1297 5297 1392 5350 ἐπὶ
1422 5298 1668 5369 σωτηρίᾳ

121 5384 205 5436 καὶ
228 5380 500 5456 ἀνακλήσει
528 5384 624 5439 τοῦ
677 5384 789 5452 τῶν
829 5387 1133 5466 ἀνθρώπιον
1180 5389 1370 5458 γένους
1395 5389 1464 5444 τά
1505 5407 1665 5463 τερα·

1783 3236 1928 3296 ctus,
1961 3230 2336 3298 efl‘ecit‘tNum
2369 3239 2518 3310 quia,
2544 3256 2669 3298 cum
2688 3242 2953 3316 Olympiae
2981 3257 3153 3315 esset,
3186 3264 3242 3306 ut
3265 3271 3361 3311 vos

1781 3319 1989 3390 dicitis,
2023 3339 2250 3390 aureum
2276 3345 2436 3392 suum
2467 3330 2650 3386 femur
2674 3335 3054 3396 Hellanodicis
3075 3341 3365 3397 ostendit'

1781 3409 1876 3468 Vel
1905 3417 2054 3488 quod
2085 3418 2224 3472 dixit
2259 3419 2328 3475 de
2379 3421 2518 3478 bove
2571 3426 2663 3494 qui
2702 3425 2934 3498 jamjatn
2990 3431 3362 3490 iunnolandus

1778 3506 2060 3574 mugiebat
2105 3526 2116 3561 :
2154 3507 2266 3564 Viri
2321 3512 2455 3566 mihi
2507 3512 2850 3581 charissimi,
2898 3521 3138 3576 animam
3173 3523 3357 3590 habet,

1776 3597 2222 3666 etpermngitum
2247 3600 2452 3654 salutat
2479 3605 2812 3661 meinfelix?
2838 3607 2946 3665 Seu
2971 3629 3094 3666 cum
3117 3615 3356 3685 aquilatn

1777 3686 2010 3742 sublime
2030 3691 2303 3758 volantem
2333 3695 2878 3764 perincantationem
2900 3703 3044 3772 (7-8)
3071 3706 3120 3759 in
3153 3720 3354 3763 terram

1774 3776 2010 3846 dejecit?
2043 3778 2168 3835 Haec
2209 3789 2292 3836 ter
2331 3785 2550 3852 genitus
2610 3789 2887 3843 mirabilia
2955 3804 3220 3861 Operatus
3263 3809 3350 3854 est

1774 3864 2060 3935 Olympia,
2095 3869 2292 3925 insano
2321 3872 2510 3940 glorim
2543 3890 2735 3930 amore
2768 3888 2969 3948 captus
3003 3891 3057 3936 et
3096 3885 3356 3945 inanibus

1776 3957 2085 4014 visionibus
2134 3961 2443 4018 miserrime
2473 3965 2723 4022 delusus.
2752 3969 2857 4036 Qui
2882 3975 3099 4030 scilicet
3129 3991 3357 4047 quater-

1777 4050 2000 4103 nioucm
2022 4049 2414 4118 jusjurandum
2442 4057 2838 4127 constituebat,
2863 4063 3058 4121 dicens
3079 4085 3207 4124 eum
3232 4090 3358 4129 esse

1776 4137 1978 4194 fontem
2004 4139 2350 4198 inexhaustae
2376 4155 2606 4204 naturas.
2634 4150 2741 4216 Qui
2774 4151 2930 4211 fabas
2967 4159 3204 4228 colebat,
3231 4181 3356 4235 ιιι-ο-

1777 4243 1897 4302 pter
1927 4250 2066 4304 quas
2087 4235 2249 4306 periit
2273 4253 2396 4293 cum
2423 4239 2795 4302 familiaribus
2824 4249 2940 4306 suis
2971 4268 2999 4306 a
3031 4252 3352 4316 Tarentinis

1772 4323 1828 4380 in
1860 4328 2116 4383 exsilium
2160 4338 2344 4387 actus.
2375 4329 2515 4400 Nam
2545 4351 2668 4392 cum
2713 4340 2880 4397 nollet
2922 4345 3150 4414 pedibus
3181 4360 3356 4408 terere

1773 4417 1951 4474 locum
1986 4421 2040 4476 in
2095 4439 2208 4494 quo
2241 4424 2378 4481 fabae
2412 4443 2620 4499 sparsa:
2668 4445 2848 4498 erant,
2904 4436 3232 4500 interfectus
3269 4457 3356 4501 est

1772 4528 1896 4567 cum
1929 4515 2127 4570 amicis
2181 4532 2246 4570 ac
2279 4519 2590 4588 discipulis,
2625 4531 2681 4577 et
2733 4525 3086 4585 inimicorum
3121 4550 3351 4592 suorum

1774 4604 1957 4669 factus
1985 4619 2068 4662 est
2093 4609 2300 4676 prmda.
2340 4608 2566 4666 Theano
2613 4621 2819 4680 autem,
2853 4617 2973 4686 ejus
3009 4637 3144 4676 uxor
3183 4633 3238 4678 et
3265 4627 3351 4680 di-

1774 4699 2011 4767 scipula,
2039 4699 2234 4764 nolens
2273 4715 2495 4756 causam
2534 4704 2783 4772 proferre
2813 4723 2912 4762 cur
2946 4709 3102 4767 fabas
3127 4729 3235 4768 non
3263 4732 3353 4772 co-

1777 4790 2081 4854 mederent,
2111 4789 2226 4860 ipsa
2259 4805 2498 4866 quoque,
2537 4793 2720 4864 lingua
2755 4798 2912 4867 prius
2937 4809 3245 4871 amputata,
3276 4806 3354 4861 in-

1773 4882 1945 4936 teriit.

1843 5117 1934 5180 50.
1970 5117 2098 5174 Haec
2129 5119 2354 5188 quidem
2396 5129 2530 5177 sunt
2559 5123 2848 5198 privilegia
2897 5129 3351 5202 philosophorum

1774 5216 2021 5273 tuorum,
2059 5209 2151 5278 qui
2191 5209 2278 5268 bis
2301 5218 2356 5266 et
2379 5219 2482 5276 ter,
2507 5223 2566 5266 ut
2605 5211 2724 5284 ipse
2752 5220 2992 5274 oratorie
3023 5223 3352 5292 exposuisti,

1771 5299 2020 5368 generati
2049 5299 2278 5358 fuerunt
2301 5343 2316 5366 ,
2349 5303 2438 5359 illa
2463 5313 2645 5360 autem
2675 5306 2886 5364 Christi
2911 5311 3017 5366 mei
3049 5329 3149 5384 pro
3179 5317 3355 5374 salute

1777 5399 1833 5444 ct
1867 5391 2220 5458 reparatione
2254 5392 2543 5454 hominum
2569 5399 2789 5469 generis
2823 5401 3115 5460 miracula.
3151 5405 3355 5481 l'ytlta—

1655 5609 1888 5670 NOTIE.

189 5759 320 5838 (1-8)
348 5763 550 5826 Tenus
583 5767 809 5827 Graccus
851 5765 1091 5834 habebat
1121 5782 1134 5820 :
1159 5765 1228 5821 δι’
1255 5765 1476 5836 σποδῆς,
1513 5766 1657 5836 quod

1783 5768 1835 5821 St‘
1869 5767 2069 5840 ἐποδῆς
2099 5777 2312 5829 mutare
2342 5771 2562 5828 obvium
2591 5783 2734 5831 erat.
