3882 6356
539 337 674 403 1279

1969 336 2221 396 ADDEN
2231 337 2349 396 DA.

531 466 700 521 guras
734 458 790 504 et
839 447 1147 504 Mercurius
1180 446 1468 501 hominum
1523 446 1744 504 animas
1779 448 1845 501 ad
1904 447 2105 502 inferni

2216 450 2595 519 τουργήματα.
2634 448 2743 502 Kui
2800 449 3126 521 Πυθαγόρας
3181 449 3284 516 μὲν
3332 450 3439 501 xui
3481 448 3743 520 Ἐρμῆς
3782 467 3849 511 1;:

536 543 864 615 profundum
893 540 1221 604 detrudunt,
1263 555 1361 609 per
1390 540 1515 595 illas
1556 555 1697 611 quas
1747 539 2113 594 introducunt

531 634 1046 704 transmigrationes
1108 642 1161 687 et
1212 630 1651 697 transfusiones;
1693 647 1838 685 nunc
1889 631 2110 700 quidem

529 726 746 780 autimas
806 724 860 776 in
903 730 1056 777 muta
1110 722 1371 775 animalia
1405 727 1459 775 et
1492 719 1642 775 feras
1701 721 2109 782 transmittunt,

530 830 680 869 nunc
716 822 898 867 autem
931 813 1155 868 easdem
1188 813 1240 865 in
1279 813 1461 882 pisces
1494 821 1548 867 et
1592 812 1811 881 plantas
1843 826 1941 881 per
1970 812 2113 864 alios

531 910 799 977 quosdam
825 904 1050 959 orbicos
1080 912 1258 958 motus
1285 909 1340 957 et
1372 902 1615 957 ambitus
1644 902 1875 956 trahunt
1897 916 1961 956 ac
1996 901 2111 956 dis-

530 1012 788 1073 pergunt.
822 1002 924 1056 Ast.
961 1000 1254 1063 Christus,
1295 1006 1353 1052 ut.
1388 999 1530 1054 Deus
1566 1014 1729 1053 verus
1765 1008 1820 1053 et
1848 1007 2107 1056 aeternus,

530 1097 771 1150 animam
822 1093 952 1149 fecit
1008 1093 1376 1147 immortalem
1404 1100 1459 1145 et
1510 1090 1655 1146 senii
1691 1098 1997 1160 expertem,
2030 1089 2114 1142 di-

532 1190 682 1253 vino,
714 1187 809 1257 qui
859 1186 962 1240 fuit
1007 1188 1073 1238 ab
1120 1185 1308 1249 initio,
1367 1182 1578 1253 Spiritu
1630 1190 1685 1235 et
1735 1180 2113 1236 insutﬂatione

533 1282 887 1345 viviﬁcatam,
913 1278 1137 1349 quando
1161 1291 1357 1345 nempe
1388 1276 1628 1345 primum
1660 1274 1995 1328 frabricatus
2026 1282 2113 1327 est

534 1374 833 1441 hominem,
876 1381 934 1423 ut
961 1369 1130 1423 divini
1161 1378 1215 1423 et
1246 1369 1337 1437 qui
1376 1368 1523 1421 omni
1557 1365 1877 1435 suspicione
1904 1372 2114 1419 ~carent

548 1465 752 1537 Moysis
796 1461 1040 1519 referunt
1066 1460 1214 1514 libri.
1274 1459 1510 1528 Lapsam
1554 1474 1683 1511 vero
1724 1471 1850 1509 cum
1883 1469 2115 1523 corpore

533 1577 626 1627 per
658 1557 1085 1613 inobedientiam
1104 1554 1555 1624 etdeceptionem
1581 1551 1798 1606 exitiosi
1828 1548 2111 1611 draconis,

535 1662 859 1719 progressus
914 1648 967 1700 in
1000 1654 1202 1699 terram
1228 1653 1282 1697 et
1319 1643 1372 1695 in
1415 1657 1477 1695 ea
1519 1649 1903 1701 conversatus,
1941 1638 2115 1690 viam-

530 1756 636 1811 que
664 1737 860 1793 salutis
889 1736 1049 1791 nobis
1077 1734 1374 1789 ostendens
1402 1748 1497 1801 per
1539 1732 1874 1798 baptismum
1917 1737 1972 1781 et
2030 1742 2115 1780 rc-

2217 536 2325 590 τῶν
2353 529 2659 608 ἀνθρώπων
2717 537 2899 608 ψυχὰς
2941 541 3021 601 είς
3054 540 3145 591 τὸν
3184 539 3314 609 ᾆδου
3375 539 3688 607 πυθμένα
3746 558 3845 592 κστ·

2222 629 2441 696 ἀγουσι,
2481 629 2937 699 ιιετεμψυχὼσεις
2995 631 3059 702 δή
3093 649 3245 694 τινας
3278 632 3378 684 xui
3406 636 3845 701 μεταγγισμεζς

2216 722 2677 791 παρεισάγοντες·
2712 721 2844 774 ποτὲ
2888 723 2986 791 μὲν
3020 724 3097 786 είς
3125 722 3300 790 ἄλογα
3334 723 3461 786 ζῶα
3518 724 3639 776 καὶ
3714 723 3845 794 θπρρ

2214 811 2419 874 ταύτας
2472 810 2999 881 μετεμϐισάζοντες,
3053 814 3185 865 ποτὲ
3236 813 3294 865 δὲ
3352 816 3443 876 εἰς
3487 813 3745 882 ἰχθύας.
3780 833 3841 865 zz,

2215 907 2382 976 φυτά,
2397 908 2493 960 xui
2524 907 2691 971 ἄλλας
2717 908 2872 973 τινάς
2897 908 3383 978 ὲπανακυκλήσεις
3409 912 3517 962 καὶ
3558 911 3847 980 nep-$654

2213 999 2608 1062 κατασπῶντες
2631 999 2803 1062 αὐτάς
2834 1000 2930 1052 xui
2959 1000 3477 1071 ἀποῤῥαπίζοντες.
3531 1001 3603 1053 Ὀ
3630 1001 3697 1053 δὲ
3730 1002 3841 1065 X9.-

2217 1090 2341 1152 στὸς
2368 1089 2503 1143 καθὸ
2539 1090 2673 1153 Θεὸς
2695 1090 2960 1161 ὑπάρχων
2988 1091 3195 1162 ἀληθὴς
3220 1093 3315 1144 xui
3346 1093 3624 1153 αἰώνιος,
3652 1092 3843 1146 διξερε.

2186 1174 2308 1235 ¹τον
2338 1182 2518 1254 ψυχὴν
2559 1183 2657 1236 xui
2708 1186 2902 1253 ἀγήρω
2946 1184 3379 1247 κατασκευάσας
3414 1183 3501 1253 τῷ
3534 1185 3648 1236 ἀπ’
3682 1186 3837 1253 ἀρχῆς

2217 1272 2498 1341 Πνεύματι
2528 1273 2659 1343 θείῳ
2714 1274 2808 1326 xui
2870 1275 3255 1344 ὲμφυσήματι,
3309 1274 3409 1326 ὅτε
3478 1274 3585 1325 τὸν
3625 1274 3833 1342 πρῶτον.

2216 1365 2653 1436 ἐδημιούργησεν
2682 1366 2994 1437 ἄνθρωπον,
3014 1366 3089 1429 ὡς
3115 1368 3171 1419 αἱ
3200 1366 3345 1419 θεῖαι
3371 1368 3480 1418 καὶ
3510 1367 3830 1434 ﬁdelia-:24

2215 1457 2310 1511 τοῦ
2362 1459 2643 1521 Μωῡσέως
2694 1459 3082 1528 διαγορεύουσι
3131 1458 3340 1527 βίϐλοι,
3408 1459 3514 1511 καὶ
3560 1460 3831 1511 πεσοῦσαι

2220 1549 2358 1618 μετὰ
2379 1550 2471 1602 τοῦ
2492 1548 2744 1619 σώματος
2772 1550 2861 1602 διὰ
2889 1551 2989 1620 τῆς
3022 1551 3311 1621 παρακοῆς
3338 1551 3449 1603 xui
3480 1552 3589 1619 τῆς
3622 1552 3828 1617 (iniit;

2215 1640 2311 1694 τοῦ
2338 1642 2692 1713 ψυχοφθόρου
2728 1643 3045 1714 δράκοντος,
3111 1642 3285 1695 ἐλθὼν
3318 1644 3422 1695 ἐπὶ
3467 1645 3581 1711 γῆς
3618 1646 3721 1695 καὶ
3750 1660 3827 1694 τε·

2217 1732 2628 1802 λιτευσάμενος,
2657 1734 2750 1785 xui
2783 1734 3073 1800 ὑποδείξας
3099 1735 3230 1804 ἡμῖν
3266 1733 3396 1787 ὁδὸν
3427 1734 3731 1804 σωτηρίας
3756 1734 3825 1784 ξιι

529 1831 957 1885 surrectionem
994 1841 1154 1881 suam
1205 1841 1234 1879 a
1268 1824 1538 1886 mortuis,
1566 1838 1633 1875 ex
1668 1818 1866 1874 inl‘erni
1901 1818 2105 1889 abyssi:

2222 1823 2317 1875 τοῦ
2349 1823 2729 1893 βαπτίσματος
2759 1824 2975 1894 καὶτῆς
2999 1826 3065 1877 ὲκ
3095 1825 3309 1895 νεκρῶν
3358 1824 3552 1877 αὑτοῦ
3601 1826 3825 1877 ἀναστά-

533 1926 586 1977 in
618 1924 821 1976 emlum
841 1919 1076 1974 reduxit.
1100 1917 1164 1970 Et
1184 1919 1379 1972 iterum
1425 1918 1649 1969 veniens
1674 1912 1934 1982 judicare
1956 1912 2113 1965 vivos

529 2025 583 2065 et
623 2020 891 2072 mortuos,
931 2007 1286 2062 resuscitabit
1331 2020 1563 2074 corpora
1617 2017 1792 2072 eaque
1823 2001 2111 2056 animabus

528 2105 859 2174 cuiijuuget,
891 2113 945 2155 et
988 2100 1176 2155 reddet
1227 2098 1524 2168 unicuique
1581 2094 1885 2150 secundum
1946 2109 2112 2164 opera

534 2213 649 2253 sua.

596 2374 686 2428 '51.
721 2370 845 2425 Haec
878 2384 1003 2423 cum
1038 2364 1465 2437 philosophatus
1498 2362 1692 2418 fuisset
1740 2372 1970 2432 martyr,
2004 2362 2112 2415 ini-

526 2483 667 2539 quus
699 2475 751 2521 et
815 2470 1068 2534 apostata
1116 2458 1375 2513 Julianus
1426 2457 1611 2511 dixit:
1654 2454 1965 2519 Videtisne,
2005 2455 2109 2509 viri

529 2558 758 2614 Romani
792 2565 847 2609 et
886 2554 1088 2615 Graeci,
1146 2551 1296 2604 hunc
1351 2549 1645 2604 scelestum
1701 2555 1755 2601 et
1812 2561 2109 2601 exsecran-

525 2654 675 2713 dum,
708 2654 914 2716 quanta
952 2657 1016 2696 ex
1047 2640 1254 2695 Grazcis
1285 2638 1600 2708 disciplinis
1654 2638 1707 2690 in
1742 2624 1987 2691 nostram
2021 2652 2109 2691 re-

528 2742 784 2811 ligionem
846 2734 1105 2792 elIuderit
1171 2731 1684 2803 nngamcnta?Per
1731 2732 1903 2786 solem
1972 2730 2105 2783 mihi

525 2832 940 2894 charissimam,
975 2830 1119 2884 sicut
1148 2842 1346 2880 aurum
1371 2824 1682 2895 fulgentem
1712 2835 1881 2893 atque
1918 2824 2104 2878 omnia

524 2934 833 2989 ornantem,
877 2936 985 2975 non
1015 2920 1193 2990 patiar
1230 2920 1493 2988 deinceps
1537 2917 1860 2973 Grarcorum
1887 2915 2099 2970 doctri-

527 3018 612 3071 nis
678 3013 1064 3085 impiissimum
1121 3012 1568 3066 Christianorum
1628 3025 1805 3080 genus
1868 3006 2095 3062 erudiri.

526 3108 663 3162 Ecce
703 3107 848 3160 enim
869 3118 1042 3159 sacrae
1060 3105 1375 3174 dogmatuin
1403 3099 1776 3155 institutionis
1794 3100 1962 3153 cauis
1995 3099 2102 3151 iste

525 3201 820 3269 particeps,
844 3197 971 3251 licet
997 3210 1109 3248 non
1137 3202 1285 3248 recte
1305 3200 1358 3247 et
1391 3193 1572 3261 plane,
1595 3191 1799 3245 multas
1836 3199 2021 3243 tamen
2050 3197 2106 3243 et
2137 3182 2178 3241 C

526 3288 852 3358 iujucundas
885 3284 1120 3355 ineptias
1150 3281 1342 3336 eli‘udit
1367 3282 1516 3335 circa
1550 3283 1783 3334 istorum
1819 3295 2104 3334 sacrorqu

524 3393 586 3431 ac
618 3377 951 3447 sapientium
981 3375 1223 3428 virorum
1283 3373 1597 3426 historiam.
1643 3372 1719 3425 Ita
1775 3373 1989 3426 iOclllUS
2024 3372 2107 3440 ju-

524 3472 613 3525 bet
643 3478 939 3538 martyrem
975 3467 1263 3520 lictoribus
1290 3464 1430 3518 tradi
1460 3464 1525 3517 ad
1546 3465 1885 3535 quingentas
1933 3480 2107 3533 usque

525 3562 714 3629 plagas
739 3557 1148 3627 vapulaturum.
1174 3555 1279 3621 Qui
1304 3556 1589 3626 abreptum
1613 3557 1767 3609 illum
1797 3557 2101 3611 inhumane

511 3639 707 3722 'tlagris
742 3649 1052 3703 eazlebant.
1090 3646 1156 3701 Et
1212 3662 1397 3717 praeco
1448 3648 1727 3702 clamabat
1765 3667 1777 3700 :
1812 3646 1921 3702 Fac
1955 3648 2104 3716 quod

523 3743 637 3795 vult
660 3737 1187 3809 imperator,desine
1213 3736 1455 3791 absurda
1486 3738 1659 3808 loqui,
1693 3749 1749 3791 et
1774 3736 2103 3792 liberaberis

521 3852 551 3889 a
592 3831 995 3903 eaStigantilius
1048 3837 1123 3884 te.
1158 3828 1366 3901 Martyr
1408 3837 1591 3885 autem
1650 3829 1866 3885 l'ortiter
1900 3831 2106 3893 tolera-

520 3927 612 3981 bat
662 3924 791 3978 dum
840 3921 1252 3993 ﬂagellaretur,
1311 3930 1503 3977 tacens
1544 3930 1598 3977 et
1655 3922 1885 3977 omnino
1968 3922 2103 3976 nihil

522 4019 834 4089 proferens.
870 4068 877 4074 .

588 4216 677 4271 ὅθ.
712 4213 915 4270 Deinde
946 4212 1232 4279 Julianus,
1262 4213 1442 4269 oculis
1472 4214 1528 4267 in
1554 4212 1764 4268 Christi
1802 4222 2101 4285 martyrem

519 4308 814 4363 Macarium
855 4305 1148 4373 conjectis,
1186 4305 1267 4360 sic
1322 4320 1447 4359 eum
1506 4304 1783 4360 allocutus
1813 4315 1899 4361 est
1955 4326 1967 4361 :
2021 4305 2102 4360 Tu

519 4399 650 4467 quid
681 4397 821 4451 dicis
850 4396 917 4450 de
951 4396 1149 4465 teipso,
1184 4395 1522 4450 miserabilis
1576 4396 1946 4453 homuncule?
1995 4396 2102 4454 Re-

522 4488 744 4558 spondit
774 4487 1049 4542 Macarius
1081 4507 1095 4541 :
1131 4485 1213 4542 Tu
1237 4487 1355 4558 ipse
1381 4488 1550 4543 miser
1568 4503 1629 4543 es
1644 4495 1698 4543 et
1728 4492 1971 4544 omnium
2003 4490 2101 4545 ho-
2130 4525 2176 4579 ι)

521 4578 730 4631 minum
770 4575 1215 4644 infelicissimus,
1246 4578 1405 4633 canis
1438 4578 1660 4635 sordide
1698 4588 1752 4635 et
1784 4581 2097 4649 iinmunde;

518 4685 618 4739 ego
650 4684 782 4723 vero
820 4669 997 4739 reipsa
1039 4669 1239 4724 beatus
1276 4686 1422 4734 sum,
1454 4670 1565 4725 imo
1598 4671 1958 4728 beatissimus
1998 4671 2099 4743 (9),

513 4763 670 4831 juxta
706 4778 905 4816 nomen
941 4777 1122 4817 meum
1165 4763 1302 4833 (10),
1338 4764 1467 4831 quia
1518 4763 1610 4817 ubi
1652 4763 1933 4819 Christum
1967 4780 2103 4819 con-

519 4854 692 4916 titcor,
731 4852 901 4906 adoro
938 4852 1033 4908 Dei
1067 4851 1265 4907 Filium
1287 4853 1563 4908 viventem
1597 4863 1652 4908 et
1686 4864 1979 4910 aeternum.
2016 4856 2099 4911 Tu

515 4955 697 4999 autem
734 4944 915 5014 ipsum
955 4945 1251 5016 abjurasti,
1303 4947 1593 5003 adhaerens
1643 4948 1864 5003 diabolo
1898 4958 1955 5005 et
2001 4965 2101 5005 an-

516 5035 650 5103 gelis
684 5036 827 5106 ejus,
862 5036 1162 5093 homicidis
1208 5046 1264 5094 et
1296 5040 1530 5111 impuris
1564 5042 1881 5113 spiritibus,
1915 5046 2009 5116 qui
2046 5056 2101 5102 te

512 5130 678 5182 etiam
725 5129 956 5184 invitum
1008 5130 1064 5185 in
1116 5132 1297 5201 ignem
1358 5140 1627 5188 aeternum
1676 5136 1997 5205 projicient.
2032 5141 2100 5194 Et

513 5221 776 5289 Apostata
814 5241 827 5277 :
874 5222 1044 5278 Video
1066 5262 1082 5288 ,
1123 5223 1326 5295 inquit,
1359 5225 1509 5296 quod
1541 5228 1683 5282 mori
1715 5230 1909 5298 cupias
1949 5240 2005 5287 et
2030 5234 2096 5289 ad

513 5310 856 5369 iracundiam
898 5328 987 5369 me
1036 5314 1263 5371 studeas
1312 5332 1641 5386 provocare,
1680 5328 1739 5374 ut
1769 5322 1883 5375 cito
1915 5332 1965 5378 te
1994 5340 2097 5379 au-

513 5404 707 5460 feram.
732 5404 854 5461 Non
880 5414 1066 5462 tamen
1100 5416 1161 5462 ut
1195 5410 1458 5479 sperasti,
1492 5410 1566 5464 ita
1601 5410 1693 5466 ﬁet
1725 5413 1845 5481 tibi,
1884 5416 2099 5487 impiis-

2219 1932 2381 1980 σεως,
2410 1919 2475 1969 ἐκ
2503 1916 2612 1970 τῶν
2641 1915 2738 1969 τοῦ
2780 1916 2909 1987 ᾆδου
2953 1916 3244 1986 πυθμένων
3276 1919 3356 1980 είς
3382 1916 3688 1985 οὐρανοὺς
3718 1918 3821 1967 ταύ-

2215 2025 2314 2078 την
2337 2009 2684 2079 ἐπανήγαγεν
2708 2025 2721 2037 ·
2752 2009 2846 2062 xui
2874 2008 3035 2061 πάλιν
3070 2010 3365 2079 ἐρχόμενος
3394 2011 3607 2079 κρῖναι
3634 2008 3823 2071 ζῶντας

2216 2098 2313 2150 xui
2345 2102 2594 2170 νεκροὺς,
2637 2097 2995 2169 ὲξαναστήσει
3025 2098 3093 2152 τά
3131 2100 3401 2168 σώματα,
3445 2100 3555 2151 καὶ
3610 2100 3825 2167 συνάξει

2223 2192 2345 2253 ταῖς
2377 2191 2588 2244 ἑαυτῶν
2650 2191 2886 2262 ψυχαῖς.
2947 2193 3041 2246 καὶ
3081 2191 3353 2246 ἀποδώσει
3416 2194 3663 2264 ἑκάστῳ
3701 2194 3822 2245 κατι

2214 2282 2281 2335 τά
2303 2282 2440 2355 ἔργα
2469 2283 2656 2339 αὑτοῦ.

2284 2375 2387 2428 λα’.
2432 2374 2618 2428 Ταῦτα
2659 2374 2754 2427 τού
2796 2376 3073 2446 μάρτυρος
3122 2376 3649 2446 φιλοσοφήσαντος,
3676 2379 3705 2429 ὁ
3735 2396 3819 2430 πα-

2217 2470 2451 2538 ράνομος
2512 2470 2606 2521 xui
2658 2469 2977 2539 ἀποστάτης
3021 2469 3128 2539 ἔφη
3195 2470 3499 2534 Ἰουλιανός
3535 2488 3551 2499 ο
3603 2471 3817 2543 Ὁρᾶτε,

2210 2561 2401 2632 ἄνδρες
2428 2562 2691 2631 Ῥωμαῖοι
2708 2562 3099 2633 καὶἚλληνες,
3115 2566 3329 2616 τουτονὶ
3345 2564 3446 2616 τὸν
3468 2566 3818 2635 παλαμναῖος,

2210 2656 2306 2707 καὶ
2335 2653 2641 2724 ἀλιτήριον,
2679 2654 2846 2706 πόσον
2878 2656 2945 2707 ὲκ
2983 2655 3095 2707 τῶν
3153 2655 3501 2724 Ἑλληνικῶν
3563 2657 3819 2728 μαθημά-

2209 2762 2319 2798 των
2358 2746 2501 2799 κατά
2528 2746 2629 2815 τῆς
2656 2748 2939 2817 ἡμετέρας
2992 2748 3303 2818 ἐσχεδίασεν
3340 2748 3555 2814 ὕθλονς
3616 2753 3716 2805 Μὰ
3739 2754 3817 2803 τὸν

2208 2838 2333 2908 ἐμοὶ
2365 2838 2833 2908 προσφιλέστατον
2856 2839 3007 2908 ἣλιον
3031 2840 3124 2892 τὸν
3151 2841 3444 2911 χρυσαυγῆ
3475 2843 3585 2894 xui
3624 2844 3815 2908 παγκο-

2211 2947 2393 3001 σμιον,
2436 2930 2622 2984 οὐκέτι
2654 2931 2917 3001 ἀνέξομαι
2947 2935 3064 2994 τοῖς
3097 2931 3368 3002 Ἐλλήνων
3410 2934 3731 3005 μαθήμασι
3765 2938 3813 2986 τὲ

2207 3023 2553 3093 Χριστιανῶν
2609 3023 2919 3078 ἀθεώτατον
2983 3022 3413 3079 ἐκπαιδεύεσθαι
3449 3026 3659 3094 γένος’
3720 3029 3812 3079 ἰδού

2209 3114 2317 3187 γὰρ
2356 3115 2457 3186 τῆς
2491 3116 2643 3186 ἱερᾶς
2669 3116 2778 3169 τῶν
2808 3117 2985 3185 λόγων
3011 3117 3266 3180 παιδείας
3296 3118 3393 3171 xui
3426 3112 3605 3183 οὗτος
3630 3122 3658 3173 ὁ
3677 3121 3808 3173 κύων

2215 3206 2538 3276 μεταλαϐὼν
2558 3246 2572 3272 ,
2604 3208 2706 3261 κᾶν
2745 3208 2899 3281 [564]
2928 3211 3029 3262 οὐκ
3065 3210 3153 3262 ἐπ’
3195 3210 3420 3275 εὐθείας
3450 3214 3556 3266 xui
3588 3213 3807 3284 ὁμαλοῦ,

2209 3298 2323 3353 ἀλλ’
2361 3299 2514 3369 ὅμως
2550 3299 2753 3369 πολλήν
2783 3317 2907 3354 τινα
2938 3301 3037 3354 καὶ
3080 3303 3297 3373 ἀτερπῆ
3342 3306 3482 3375 περὶ
3522 3308 3638 3376 τὴν
3682 3309 3805 3361 imo

2213 3390 2334 3459 ρίαν
2375 3390 2717 3460 μωρολογία-λ
2759 3392 3024 3462 κατέχεεν
3055 3394 3165 3446 τῶν
3216 3395 3383 3466 ἱερῶν
3444 3399 3693 3452 ἐκείνων
3724 3403 3804 3451 καὶ

2210 3482 2519 3552 φιλοσόφων
2550 3482 2779 3553 ἀνδρῶν.
2814 3484 3002 3538 Ταῦτα
3053 3485 3247 3554 εἰπὼν,
3283 3489 3512 3543 κελεύει
3546 3493 3647 3544 τὸν
3681 3494 3801 3562 μάρ-

2206 3590 2349 3645 τυρα
2372 3577 2485 3637 τοῖς
2512 3574 2734 3646 δημίοις
2769 3576 3179 3647 παραδοθῆναι,
3210 3581 3308 3632 xui
3340 3585 3669 3651 μαστιγοῦν
3692 3588 3802 3654 ἄχρι

2209 3666 2583 3719 πεντακοσίων
2607 3666 2856 3738 πληγῶν.
2892 3670 2954 3721 Οί
2990 3669 3048 3723 δὲ
3100 3670 3362 3736 λαϐόντες
3391 3676 3603 3746 ᾔκιζον
3641 3682 3797 3733 ἀπαν-

2209 3757 2444 3827 θρώπως
2500 3761 2621 3821 ταῖς
2653 3758 2909 3828 μάστιξιο
2952 3762 3049 3815 xui
3081 3764 3314 3836 ὁκὴρυξ
3364 3767 3526 3821 ἐϐόα’
3578 3773 3799 3841 Ποίησον

2205 3849 2266 3901 τὸ
2297 3848 2393 3901 τοῦ
2450 3849 2715 3918 βασιλέως
2746 3852 2983 3923 θέλημα,
3022 3853 3233 3907 παῦσαι
3268 3855 3381 3908 τῶν
3443 3862 3796 3930 μωρολογιιῖγδ

2206 3942 2301 3995 xui
2338 3941 2705 4017 ἀπαλλαγήσῃ
2732 3945 2844 3998 τῶν
2892 3946 3231 4011 κολαζόντων
3268 3965 3347 4003 σε.
3388 3951 3451 4003 Ὀ
3484 3952 3543 4004 δὲ
3603 3956 3795 4025 μάρτυς

2207 4036 2875 4108 ἐκαρτέρειτυπτόμενος,
2905 4039 3129 4093 σιωπῶν
3156 4040 3251 4093 xui
3270 4042 3444 4113 μηδὲν
3468 4045 3618 4111 ὅλως
3644 4048 3791 4117 9057-

2205 4127 2462 4198 γόμενος.

2278 4218 2382 4289 λβ’.
2441 4220 2720 4284 ’Λτενίσας
2745 4221 2802 4274 δὲ
2854 4222 2995 4294 πρὸς
3018 4224 3109 4278 τὸν
3138 4225 3233 4277 τοῦ
3263 4227 3509 4296 Χριστοῦ
3546 4232 3789 4302 μάρτυρα

2205 4312 2517 4381 Μακάρων,
2554 4314 2661 4383 ἔφη
2693 4315 2831 4385 πρὸς
2860 4316 3053 4369 αὐτόν·
3086 4318 3159 4371 Σὺ
3185 4319 3238 4370 τί
3265 4318 3454 4389 λέγεις
3481 4328 3624 4395 περὶ
3651 4343 3787 4378 cauu-

2203 4404 2322 4471 τοῦ,
2356 4406 2706 4478 ταλαίπωρον
2741 4407 3158 4481 ἀνθρωπάριον;
3196 4413 3493 4483 Μακάριος
3538 4416 3652 4488 ἔφη
3676 4435 3689 4447 ’
3728 4418 3787 4469 Σὺ

2205 4491 2255 4549 εί
2282 4498 2632 4571 ταλαίπωρος
2686 4501 2784 4553 xui
2824 4502 3045 4554 πάντων
3079 4503 3388 4575 ἀνθρώπων
3437 4509 3785 4583 ἀθλιώτερος.

2205 4590 2353 4645 κύων
2379 4593 2599 4664 ρυπαρὲ
2638 4593 2736 4645 xui
2764 4593 3049 4665 ἀκάθαρτε
3077 4612 3090 4625 ο
3120 4595 3233 4663 ἐγὼ
3260 4597 3318 4650 δὲ
3343 4598 3425 4669 τῷ
3456 4602 3581 4656 δντι
3623 4608 3787 4675 μακά»

2206 4685 2321 4756 ριός
2359 4687 2476 4757 εἰμι
2510 4688 2605 4740 xui
2652 4688 3147 4759 τρισμακάριστος,
3190 4693 3332 4746 κατά
3376 4694 3478 4763 τὴν
3512 4716 3786 4769 προσωνυ-

2206 4778 2336 4849 μίαν
2368 4795 2492 4849 μου,
2518 4780 2600 4833 ὅτι
2655 4781 2748 4834 τὸν
2786 4783 3025 4850 Χριστὸν
3058 4784 3339 4855 ὁμολογῶν
3375 4792 3684 4857 προσκυνῶ
3714 4792 3789 4843 τὺν

2204 4868 2340 4921 Θεοῦ
2369 4868 2496 4922 Υίὸν
2527 4870 2617 4925 τὸν
2655 4871 2833 4934 ζῶντα
2874 4874 2970 4927 xui
2992 4873 3342 4945 προαιώνιον.
3382 4880 3567 4945 Αὐτὸς
3599 4883 3658 4935 δὲ
3680 4882 3787 4934 τοῦ·

2204 4979 2294 5016 τον
2330 4962 2638 5033 ἀπηρνήσω
2682 4966 3114 5035 προσκολληθεὶς
3159 4969 3238 5038 τῷ
3286 4970 3529 5043 διαϐόλῳ
3568 4977 3667 5028 xui
3693 4978 3783 5035 τοῖς

2202 5055 2460 5124 ἀγγέλοις
2514 5055 2683 5109 αὐτοῦ
2733 5061 2849 5122 τοῖς
2883 5059 3151 5131 ὀλεθρίοις
3206 5080 3264 5117 τε
3308 5065 3403 5117 καὶ
3461 5068 3786 5141 ἀκαθάρτοις

2201 5147 2476 5217 δαίμοσιν,
2525 5148 2582 5200 οἵ
2627 5166 2685 5202 σε
2726 5152 2821 5204 xui
2866 5152 2967 5208 οὐκ
3004 5154 3260 5211 ἐθέλοντα
3304 5159 3382 5229 τῷ
3414 5163 3631 5234 αἰωνίῳ
3670 5164 3788 5233 πυρὶ

2202 5240 2693 5312 παραπέμψουσιν.
2728 5245 2839 5298 Καὶ
2862 5248 2890 5299 ὁ
2922 5249 3279 5321 Παραὸάτης’
3324 5248 3461 5307 Οἶδα
3507 5257 3594 5308 ὅτι
3637 5257 3784 5309 θανα-

2201 5336 2320 5406 τᾷς,
2355 5335 2450 5387 xui
2483 5335 2621 5405 πρὸς
2666 5336 2839 5409 ὀργὴν
2874 5341 3102 5411 κινῆσαι
3161 5362 3229 5415 με
3268 5345 3548 5413 σπεύδεις,
3591 5350 3683 5403 ἵνα
3709 5346 3782 5401 τά·

2207 5445 2354 5498 χειον
2411 5426 2741 5494 ἐξαναλώσω
2771 5447 2831 5484 σε
2853 5448 2866 5461 ·
2890 5432 3009 5487 ἀλλ’
3044 5436 3144 5506 οὐχ
3197 5438 3274 5501 ὡς
3326 5438 3496 5503 αὐτὸς
3537 5440 3780 5510 ἤλπισας,

2047 5537 2280 5595 NOTAE.

580 5612 659 5693 (9)
691 5613 919 5693 Legitur
945 5616 999 5670 in
1026 5625 1179 5693 textu
1197 5616 1396 5693 Δ(ἱΐῖειεςο
1424 5637 1435 5673 :
1465 5622 1961 5693 τρισμακάριστος.
1985 5630 2096 5685 Sed

507 5684 656 5768 τρὶς.
686 5688 808 5753 (ter)
833 5686 887 5768 in
916 5688 1243 5768 compositis
1279 5684 1554 5761 adjectivo
1586 5684 1674 5750 cui
1701 5684 1953 5768 jungitur
1986 5701 2094 5756 vim

510 5752 664 5808 addit
693 5752 1224 5824 superlativiilﬂmr.

2282 5632 2399 5699 (IO)
2427 5634 2718 5709 Μακάριος
2745 5636 2893 5691 enim
2924 5639 3429 5709 signiﬁcatbeatus.
3454 5643 3696 5703 Notetur
3717 5656 3778 5698 ta-

2210 5718 2333 5756 men
2374 5705 2739 5784 μακαριστος,
2768 5705 3157 5784 quanrvoccm
3192 5710 3281 5784 hic
3321 5714 3551 5772 adhibet
3577 5726 3777 5777 auctor.

2210 5776 2436 5843 proprie
2454 5776 2806 5847 signiﬁcare:
2834 5780 3168 5849 qni/iubetur
3203 5783 3334 5854 felix
3362 5801 3452 5841 seu
3489 5785 3695 5845 beatas.
3710 5776 3776 5843 1ο.
