3882 6356
133 385 274 456 Ῑὲίιὶ

1422 402 1480 464 S.
1519 408 1559 464 Λ
1573 406 1776 468 RTEM
1785 409 1840 468 ΙΙ
1874 409 2151 470 PASSIO.

3279 414 3414 479 1‘23?

116 498 304 566 οὕτως
339 499 489 556 ἔσται
523 519 628 568 σοι,
655 504 1008 561 ἀσεϐέστατε.
1045 509 1216 563 Τοῦτο
1245 512 1300 565 δὲ
1333 513 1549 584 πρῶτον
1583 518 1712 570 ἀπο·

1821 522 1975 575 sime.
2021 520 2130 575 Sed
2168 519 2270 573 hoc
2308 521 2547 590 primum
2585 523 2893 593 responde,
2939 529 2993 578 et
3033 524 3216 578 indica
3248 525 3414 594 quid-

29 655 38 664 _
117 589 324 659 κρίνου
356 591 450 646 καὶ
483 592 726 662 δίδασκε,
757 597 809 649 τί
840 598 902 650 τὸ
924 598 1084 677 δόξαν
1117 601 1266 671 ὑμῖν,
1298 597 1343 656 ὦ
1381 607 1715 677 παμμίαροι,

0 675 37 774 ξ
115 683 213 736 ὅτι
269 684 403 755 μηδὲ
459 687 588 755 μιᾶς
619 705 766 751 τινος
795 675 1047 755 ἐξουσίας
1101 693 1134 763 ἢ
1183 697 1336 766 παρά
1387 675 1716 770 βασιλέωςῆ

117 776 283 841 παρά
317 793 464 840 τινος
509 778 621 830 τῶν
667 779 949 850 ἀρχόντων
999 785 1414 855 μετειληφότες,
1460 791 1628 842 παντί
1658 807 1718 842 τε

19 937 22 944 Ι
117 865 228 920 καὶ
260 870 540 939 πανταχοῦ
567 872 968 944 διατρέχοντες,
1005 879 1106 939 τὰς
1144 877 1253 930 τῶν
1287 880 1544 946 μεγάλων
1580 882 1720 934 θεῶν

17 959 26 966 “
120 957 367 1020 σπονδάς
388 976 449 1011 τε
498 961 594 1014 καὶ
629 962 825 1028 θυσίας
863 965 1196 1037 ἀνατρέπειν
1239 969 1607 1036 σπουδάζετε,
1643 972 1720 1025 δι-

116 1046 426 1113 δάσκοντες
470 1049 537 1104 ἂν
595 1053 722 1116 τοὺς
769 1055 1118 1126 ἀνθρώπους,
1186 1059 1412 1122 τούτους
1456 1060 1528 1132 μὴ
1577 1057 1717 1116 εἶναι

119 1140 325 1204 θεοὺς,
363 1145 498 1213 μηδὲ
547 1147 806 1218 σωτῆρας
853 1149 955 1220 τῆς
997 1152 1346 1221 οἰκουμένης,
1371 1154 1464 1206 καὶ
1490 1153 1584 1206 τοῦ
1625 1154 1718 1207 ἀν-

119 1231 405 1300 θρωπείου
445 1236 640 1303 γένους
679 1242 990 1311 προνοητάς
1007 1260 1067 1295 τε
1098 1245 1193 1297 καὶ
1233 1244 1383 1318 [565]
1405 1247 1714 1317 κηδεμόνας

116 1325 524 1393 τυγχάνοντας,
561 1329 655 1392 οὓς
694 1331 726 1400 ὴ
762 1333 858 1384 ἀπ’
892 1335 1091 1398 αἰῶνος
1125 1337 1218 1389 καὶ
1249 1339 1458 1392 ἀνωθεν
1507 1359 1714 1411 πατρο-

116 1417 438 1486 παράδοτος
464 1419 575 1473 τῶν
614 1420 925 1493 ἀνθρώπων
978 1427 1260 1496 συνήθεια,
1313 1429 1496 1483 σέϐειν
1529 1401 1714 1484 τεκαὶ

117 1512 462 1576 προσκυνεῖν
498 1512 889 1582 παραδέδωκεν
912 1532 927 1546 ·
961 1516 1052 1570 τὸν
1093 1518 1150 1571 δὲ
1181 1520 1419 1590 Χριστὸν
1445 1522 1573 1591 χθὲς
1617 1523 1711 1575 τοῦ

1825 624 1952 662 nam
1990 610 2151 664 vobis
2195 610 2372 664 visum
2407 615 2502 676 sit,
2537 614 2892 674 exsecrandi.
2928 621 2989 668 ut
3017 615 3167 668 nulla
3197 616 3314 671 sive
3343 617 3413 669 ab

1826 699 2182 769 imperatore,
2211 702 2329 756 sive
2354 701 2658 771 aquopiam
2686 703 3014 770 magistratu
3040 703 3265 757 licentia
3292 721 3411 762 ιιιιι-

1825 789 1950 853 ιιίιί,
2001 789 2206 858 ubique
2241 791 2596 854 discurratis,
2619 802 2672 844 et
2705 807 3032 863 magnorum
3072 793 3300 848 deorum
3339 794 3411 846 ris

1824 890 1913 935 tus
1943 890 1997 934 et
2020 881 2294 936 sacriﬁcia
2320 893 2574 937 evertere
2596 880 2899 947 conemini,
2935 882 3204 938 docentes
3227 883 3411 935 homi-

1824 987 1920 1026 nes
1947 987 2041 1027 eos
2079 987 2186 1026 non
2222 987 2346 1027 esse
2372 975 2506 1028 deos
2539 989 2717 1043 neque
2735 982 3054 1029 servatores
3080 974 3295 1035 mundi,
3317 984 3409 1027 aut
3473 1009 3476 1014 -

1822 1063 2064 1115 humano
2095 1065 2283 1132 generi
2345 1065 2640 1133 providere
2693 1065 3058 1134 ejusdemque
3089 1081 3279 1135 gerere
3315 1080 3411 1117 cu-

1823 1168 1961 1215 ram,
2005 1169 2147 1222 quos
2178 1157 2248 1208 ab
2276 1171 2393 1208 θενο
2429 1162 2484 1209 et
2515 1156 2706 1209 multis
2743 1166 2890 1210 retro
2918 1158 3142 1212 saeculis
3178 1171 3206 1208 a
3237 1160 3408 1225 patri-

1824 1247 1928 1300 bus
1952 1247 2197 1314 profecta
2227 1249 2542 1301 mortalium
2569 1247 2918 1303 consuetudo
2938 1249 3273 1303 reverendos
3299 1259 3410 1302 tra-
3481 1235 3492 1247 ’

1823 1337 1964 1391 didit
1995 1347 2051 1393 et
2084 1340 2403 1394 adorandos
2426 1339 2747 1406 ;Cl|ristum
2778 1349 2986 1404 autem,
3017 1342 3108 1408 qui
3140 1341 3255 1394 lteri
3285 1356 3409 1394 esse

1820 1431 2008 1500 erepit,
2040 1446 2140 1484 nec
2197 1432 2431 1484 multum
2488 1441 2619 1485 ante
2659 1441 2906 1484 nostram
2951 1436 3192 1494 aetatem,
3233 1429 3404 1484 Deum

1821 1525 2223 1592 sempiternum
2257 1532 2311 1578 et
2342 1539 2527 1594 regem
2565 1525 2955 1578 universorum
2977 1520 3337 1592 prmdicatis?

113 1595 268 1652 εἶναι
310 1601 642 1674 ἀρξάμενον,
683 1607 778 1659 καὶ
821 1608 880 1660 οὐ
929 1609 1036 1680 πρὸ
1070 1610 1266 1664 πολλοῦ
1301 1613 1402 1682 τῆς
1435 1615 1712 1685 ἡμετέρας
1751 1617 1966 1684 γενεᾶς,
1999 1616 2132 1670 Θεὸν
2163 1619 2490 1686 προαιώνιον
2525 1616 2617 1668 καὶ
2642 1614 2868 1684 βασιλέα
2897 1613 3004 1666 τῶν
3076 1613 3214 1666 ὅλων
3284 1611 3416 1664 ἀνα-

115 1706 197 1759 κη
209 1689 429 1760 ρύττετε
447 1710 460 1757 ;

195 1785 304 1854 λγ’.
343 1789 455 1842 Kal.
487 1790 516 1842 ὁ
548 1791 836 1863 Μακάριος
861 1812 873 1824 ·
914 1797 1027 1848 Οὐκ
1073 1798 1346 1869 ἠρκέσθης
1375 1803 1496 1865 ταῖς
1543 1803 1718 1872 Εὐγε-

115 2079 214 2114 σοι
242 2062 311 2115 τά
342 2063 484 2118 αύτά
536 2065 632 2118 καὶ
667 2067 798 2136 περὶ
849 2069 958 2122 τῶν
995 2070 1178 2123 αὐτῶν
1229 2073 1553 2143 ὁμοτρόπως
1581 2075 1718 2128 ἀπο-

115 2153 485 2225 κριθήσομαι,
521 2156 604 2209 ὅτι
638 2157 876 2228 Χριστὸς
902 2158 962 2212 ὃν
998 2161 1062 2213 σὺ
1097 2161 1380 2231 χλευάζεις
1409 2163 1505 2216 καὶ
1539 2163 1718 2216 διασύ-

117 2260 248 2313 ρεις
305 2245 595 2314 ἐπιγελῶν,
650 2246 828 2311 οὕτως
874 2248 1332 2321 παρακελεύεται.
1390 2251 1558 2307 Εἶπεν
1591 2254 1716 2325 ιγάρ

117 2336 269 2406 πρὸς
296 2338 424 2402 τοὺς
459 2340 638 2410 ἱεροὺς
657 2341 824 2396 αὑτοῦ
858 2342 1108 2413 μαθητάς
1133 2361 1146 2373 ·
1193 2347 1595 2414 Πορευθέντες
1636 2350 1716 2413 είς

113 2426 221 2479 τὸν
250 2427 457 2497 κόσμον
496 2429 716 2482 ἅπαντα
736 2471 749 2492 ,
779 2432 1201 2498 μαθητεύσατε
1230 2432 1427 2487 πάντα
1454 2434 1526 2487 τὰ
1546 2439 1712 2502 ἑθνη,

109 2517 518 2584 ,ϐαπτίζοντες
542 2519 766 2584 αὐτοὺς
792 2523 880 2585 είς
897 2521 963 2574 τὸ
987 2521 1177 2590 ὄνομα
1205 2524 1311 2577 τοῦ
1329 2525 1588 2593 Πατρός,
1612 2527 1712 2580 καὶ

115 2609 238 2664 τοῦ
263 2611 422 2676 Υἱοῦ,
455 2610 684 2665 καὶτοῦ
717 2611 892 2682 ἁγίου
921 2615 1290 2683 Πνεύματος,
1318 2616 1716 2685 διδάσκοντες

114 2703 350 2768 αὐτοὺς
407 2704 610 2772 τηρεῖν
669 2705 868 2758 πάντα
920 2705 1039 2760 ὅσα
1097 2708 1496 2778 ἐνετειλάμην
1548 2711 1712 2780 ὑμῖν,

116 2794 354 2862 φεύγειν
383 2811 442 2847 τε
469 2796 580 2848 ἀπὸ
607 2797 716 2850 τῶν
751 2797 998 2867 ματαίων
1028 2797 1286 2865 εἰδώλων,
1320 2803 1418 2854 καὶ
1455 2803 1713 2874 ἐπιστρέ-

118 2905 254 2955 φειν
280 2888 373 2941 ἐπὶ
401 2888 536 2942 Θεὸν
565 2889 767 2954 ζῶντα,
796 2890 856 2954 ὃς
886 2890 1072 2944 ἔκτισε
1105 2893 1198 2946 τὸν
1228 2894 1458 2964 οὐρανὸν
1495 2895 1592 2948 καὶ
1615 2896 1715 2967 τὴν

117 2981 253 3050 γῆν.
281 2982 342 3034 Οἱ
374 2981 482 3053 γὰρ
525 2981 637 3034 θεοί
670 2999 784 3048 σου,
821 2983 914 3046 οὓς
943 2985 1107 3049 αὐτὸς
1134 2989 1486 3055 προσκυνεῖς,
1523 2987 1714 3058 δαιμό-

119 3090 234 3124 νων
263 3072 370 3124 sici.
396 3072 714 3143 πλάσματα,
757 3075 853 3127 καὶ
905 3074 1091 3144 μύθων
1136 3076 1444 3146 εὑρέματα,
1479 3077 1572 3131 καὶ
1599 3079 1714 3131 δια-

119 3163 352 3234 ϐολικῆς
401 3165 688 3233 ἐνεργείας
740 3167 1183 3236 κυοφορήματα’
1233 3167 1378 3236 λέγει
1439 3168 1549 3239 γάρ
1586 3171 1714 3240 περὶ⁸

1901 1801 1991 1855 35.
2029 1799 2106 1853 Ad
2133 1799 2246 1853 haec
2277 1795 2554 1852 Macarius
2584 1811 2599 1850 :
2627 1793 2746 1849 Non
2777 1809 2911 1864 ergo
2935 1793 3278 1848 suﬂ‘ecerunt
3308 1790 3402 1844 tibi

0 1891 12 1894 "
111 1880 244 1933 νίου
277 1885 470 1950 σοφαῖς
516 1884 885 1950 ἀποδείξεσιν,
923 1883 968 1940 ὧ
999 1891 1462 1961 παρανομώτατε,
1517 1894 1600 1946 ὅτι
1649 1894 1712 1948 τὰ

1827 1891 2109 1959 sapientes
2147 1888 2381 1958 Eugenii
2423 1886 2958 1950 demonstrationes,
2985 1883 3403 1943 scelestisshne,

0 1981 14 2042 ἦ
112 1972 268 2026 αὐτά
315 1974 410 2026 καὶ
456 1975 588 2045 περὶ
637 1977 750 2029 τῶν
784 1978 964 2032 αὐτῶν
1014 1981 1389 2058 ἀεὶ-ἐρωτᾷς
1429 1984 1576 2056 Πλὴν
1608 1984 1717 2054 ἐγώ

1818 1985 1949 2055 quia
1982 1982 2176 2038 eadem
2207 1992 2262 2036 et
2299 1981 2367 2034 de
2394 1979 2594 2035 iisdem
2621 1994 2838 2048 semper
2862 1973 3405 2046 interrOgas?Eqni-

1819 2076 1940 2131 dem
1984 2073 2082 2129 tibi
2114 2071 2306 2127 eadem
2339 2071 2407 2125 de
2431 2070 2624 2124 iisdem
2659 2083 2724 2123 ac
2755 2068 2950 2122 eodem
2978 2081 3087 2136 quo
3120 2074 3177 2119 tu
3211 2065 3408 2119 ordine

1820 2163 2193 2232 restiondebo,
2225 2164 2297 2216 ita
2321 2162 2551 2231 jubente
2579 2161 2828 2226 Christo,
2856 2175 3021 2229 quem
3051 2166 3109 2212 tu
3142 2157 3406 2212 deriden-

1817 2257 1948 2311 dum
2019 2255 2239 2326 praebes
2297 2261 2352 2307 et
2406 2251 2692 2306 irridendo
2756 2251 2987 2306 laceras.
3045 2249 3191 2302 Dixit
3257 2249 3402 2302 enim

1819 2349 2030 2404 sanctis
2053 2345 2348 2416 discipulis
2375 2346 2492 2400 suis
2520 2363 2534 2399 :
2570 2343 2768 2396 Euntes
2807 2344 2857 2395 in
2885 2340 3150 2395 mundum
3177 2340 3402 2394 univer-

1819 2454 1967 2501 sum,
1987 2437 2172 2492 docete
2207 2453 2387 2490 omnes
2413 2445 2613 2506 gentes,
2634 2434 2968 2503 baptizantes
2988 2450 3076 2487 eos
3107 2433 3160 2486 in
3196 2431 3408 2485 nomine

1817 2525 2088 2591 Patris,et
2119 2523 2269 2590 Filii,
2292 2535 2341 2579 et
2363 2523 2598 2593 Spiritus
2627 2525 2819 2586 sancti,
2845 2523 3088 2579 docentes
3110 2539 3198 2577 eos
3229 2523 3404 2577 omnia

1815 2631 2138 2686 quaecunque
2175 2614 2435 2669 mandavi
2489 2615 2636 2669 vobis
2669 2618 2711 2681 ‘,
2746 2625 2798 2669 et
2834 2613 3027 2684 fugere
3055 2629 3198 2668 vana
3233 2613 3398 2667 simu.

1818 2707 1992 2772 lacra,
2017 2715 2072 2760 et
2101 2708 2353 2762 converti
2389 2707 2457 2758 ad
2483 2704 2652 2759 Deum
2681 2705 2891 2769 vivum,
2920 2705 3015 2774 qui
3045 2704 3171 2757 fecit
3202 2703 3402 2756 malum

1816 2809 1870 2853 et
1904 2809 2135 2853 terram.
2179 2797 2258 2850 Dii
2295 2795 2443 2852 enim
2471 2796 2578 2860 tui,
2612 2810 2754 2865 quos
2791 2796 2910 2865 ipse
2942 2793 3165 2856 adoras,
3195 2793 3404 2847 daemo-

1818 2907 1948 2945 nqu
1983 2897 2114 2945 sunt
2137 2890 2415 2959 ﬁgmenta,
2448 2895 2504 2942 et
2528 2889 2750 2942 inventa
2780 2886 3186 2948 l‘abularum,et
3208 2883 3404 2938 diabo-

1817 2982 1935 3036 licae
1969 2980 2314 3051 operationis
2347 2979 2518 3034 fetus.
2557 2979 2630 3032 De
2659 2977 2748 3031 his
2769 2977 2916 3030 enim
2948 2973 3085 3028 dicit
3115 2971 3403 3040 Scriptura

1819 3080 2011 3127 nostra
2038 3089 2050 3124 :
2088 3070 2196 3135 Dii,
2224 3071 2313 3140 qui
2336 3069 2524 3122 cie/um
2548 3078 2598 3122 et
2628 3078 2828 3120 terram
2859 3082 2965 3119 non
2991 3064 3250 3134 fecerunt,
3282 3077 3402 3128 per-

1815 3175 1937 3218 eant
1968 3165 2010 3218 ³.
2041 3163 2150 3218 Sed
2205 3163 2312 3215 alia
2358 3175 2580 3230 quoque
2635 3160 2748 3226 lex,
2785 3156 3092 3226 imperialis
3125 3169 3342 3224 nempe,
3374 3168 3402 3204 a

119 3254 310 3307 αὐτῶν
336 3256 370 3325 ἡ
395 3255 642 3326 ἡμετέρα
672 3256 864 3328 Γραφή
888 3275 902 3288 ·
933 3258 1065 3312 Θεοί
1095 3258 1152 3310 οἳ
1184 3258 1294 3312 τὸν
1320 3259 1584 3326 οὐρανόν
1616 3260 1712 3316 καί

1821 3255 2186 3310 Constantino
2217 3254 2636 3324 consanguineo
2682 3262 2776 3306 tuo
2799 3251 2932 3316 lata,
2959 3248 3288 3303 adoratione
3307 3261 3404 3299 eos

117 3347 245 3415 τὴν
273 3345 388 3418 γῆν
421 3350 534 3402 οὐκ
567 3348 871 3418 ἐποίησαν
893 3349 1362 3405 ἀπολέσθωσαν.
1419 3350 1580 3404 Ἀλλά
1615 3351 1711 3405 καὶ

119 3440 293 3509 νόμος
324 3440 520 3503 αὐτοὺς
567 3441 754 3512 ἕτερος
793 3441 1073 3512 βασιλικὸς
1104 3445 1132 3495 ὁ
1165 3443 1318 3511 παρά
1364 3442 1711 3495 Κωνσταντί-

120 3547 223 3582 νου
243 3529 334 3582 τοῦ
357 3529 454 3583 σού
492 3529 796 3599 συγγενοῦς
818 3531 1082 3595 ἐκτεθεὶς,
1115 3531 1371 3585 ἐκϐάλλει
1403 3533 1503 3602 τῆς
1533 3550 1707 3602 προσ-

119 3624 428 3691 κυνήσεως.
464 3622 558 3676 καὶ
599 3622 862 3676 καταλύει
906 3623 1087 3677 αὐτῶν
1141 3625 1210 3676 τά
1263 3623 1585 3694 σεϐάσματα
1613 3640 1623 3652 ·
1651 3623 1710 3687 ὃς

1818 3345 2087 3408 excludit,
2124 3353 2179 3398 et
2215 3344 2472 3400 dissolvit
2505 3357 2700 3398 eorum
2735 3342 2972 3395 cultum.
3003 3336 3404 3393 Constantinus

1816 3437 1990 3499 enim,
2019 3433 2231 3491 Christi
2267 3434 2373 3488 ﬁde
2409 3441 2688 3502 suscepta,
2726 3431 3005 3486 idolorum
3060 3427 3264 3496 templa
3306 3426 3404 3480 de-

1821 3529 2050 3595 struxit,
2088 3536 2143 3584 et
2171 3544 2294 3599 qua:
2329 3528 2413 3582 eis
2451 3525 2832 3580 oﬁ‘erebantur
2856 3521 3154 3578 sacriliciis
3213 3527 3404 3588 aperte

1817 3622 1979 3674 linem
2010 3619 2298 3688 imposuit.
2325 3616 2468 3683 Quid
2487 3632 2619 3686 ergo
2647 3616 2780 3669 mali
2811 3613 3046 3684 agimus,
3075 3612 3401 3680 imperator,

117 3715 206 3775 είς
238 3712 473 3781 Χριστὸν
501 3713 823 3778 πιστεύσας,
854 3712 923 3766 τὰ
948 3713 1057 3766 τῶν
1081 3711 1315 3766 εἰδώλων
1340 3714 1542 3785 τεμένη
1573 3731 1708 3767 κατ-

1821 3711 2004 3779 siquae
2039 3709 2184 3768 Deus
2223 3709 2505 3763 mandavit
2556 3719 2609 3762 et
2644 3722 2877 3777 magnus
2931 3707 3232 3774 imperator
3286 3702 3405 3770 lege

117 3805 376 3872 έστρεψε,
425 3806 520 3857 καὶ
557 3804 658 3867 τάς
679 3804 1101 3874 προσαγομένας
1126 3807 1311 3868 αὐτοῖς
1344 3805 1537 3868 θυσίας
1565 3806 1711 3878 δι.αρ-

121 3893 298 3966 ρήδην
329 3895 638 3951 ἀπέπαυσε.
667 3896 732 3948 Τί
760 3897 940 3949 τοίνυν
970 3895 1283 3966 ἀδικοῦμεν,
1321 3889 1365 3948 ὦ
1399 3895 1642 3964 βασιλεῦ,
1671 3897 1706 3950 ἃ

117 3983 259 4045 Θεὸς
295 3983 617 4052 προσέταξε,
665 3984 762 4038 καὶ
792 3983 1048 4053 βασιλεὺς
1087 3983 1262 4053 μέγας
1291 3981 1706 4050 νενομοθέτηκε,

118 4077 487 4146 κρατύνοντες
535 4078 631 4132 καὶ
677 4076 1172 4140 διαυθεντίζοντες,
1223 4075 1260 4127 ἃ
1302 4072 1358 4127 δὲ
1397 4076 1430 4144 ἠ
1463 4073 1574 4126 τῶν
1604 4091 1709 4126 πα-

1807 3803 2050 3858 sancivit
2079 3803 2401 3857 stabilimus
2429 3809 2486 3855 et
2514 3815 2545 3854 a
2570 3799 2898 3868 suspicione
2929 3793 3191 3850 falsitatis
3219 3791 3404 3845 vindi-

1816 3897 2048 3958 camus,
2087 3909 2208 3958 qua:
2260 3902 2445 3945 autem
2486 3899 2760 3954 veterum,
2809 3897 2871 3942 ut
2902 3886 3118 3947 dixisti,
3152 3885 3401 3938 virorum

1822 3985 2144 4056 insipientia
2168 3999 2235 4038 ex
2265 3982 2577 4037 daemonum
2604 3979 3016 4035 machinatione
3049 3976 3282 4041 invenit,
3308 3975 3403 4028 eli-

1822 4077 2104 4132 minamus
2135 4083 2190 4130 et
2222 4072 2626 4144 prohibemus?

115 4169 313 4234 λαιῶν,
337 4169 414 4232 ὡς
447 4169 608 4241 ἔφης,
640 4168 850 4238 ἀνδρῶν
880 4170 1035 4224 ἄνοια
1069 4171 1134 4221 ὲκ
1154 4168 1251 4237 τῆς
1279 4166 1388 4220 τῶν
1457 4166 1732 4236 δαιμόνων
1808 4167 2008 4241 ἐφεῦρε
2070 4166 2486 4239 μηχανουργεας
2507 4207 2524 4234 ,
2575 4164 2999 4234 ὲξαφανίζοντες
3047 4162 3141 4215 καὶ⁵
3193 4159 3401 4212 διακω-

111 4265 340 4327 λύοντες
367 4282 383 4327 ς

195 4284 310 4319 οντε
367 4284 383 4327 ς

195 4284 350 4434 [δοιῆ
389 4360 483 4416 λδι.
529 4361 636 4415 Καὶ
680 4361 709 4414 δ
762 4360 1138 4433 Παραόάτης·
1203 4338 1366 4412 vim
1420 4361 1712 4412 Κώνσταν-

112 4459 288 4517 τίνος,
312 4455 674 4525 οἱκτρότατοι,
697 4452 1028 4524 νεωτερίσας
1047 4452 1136 4506 διὰ
1155 4452 1254 4515 τὰς
1287 4450 1709 4522 προσπεσούσας

1889 4355 1980 4409 54.
2016 4351 2326 4424 Respondit
2363 4351 2633 4420 Apostata
2669 4365 2685 4402 :
2728 4345 2836 4402 Sed
2885 4343 3328 4413 Constantinus,-
3364 4362 3400 4402 ιι

1821 4445 2146 4510 miserrimi,
2179 4459 2304 4498 cum
2364 4443 2686 4496 innovasset
2731 4435 2988 4508 quaedam
3051 4443 3396 4506 pr0ptereas

113 4545 279 4616 αὐτῷ
305 4545 708 4616 ἀνοσιουργίας,
741 4545 956 4614 ἀπέστη
985 4545 1094 4596 τῶν
1119 4543 1280 4609 θεῶν,
1307 4544 1398 4613 ὑφ’
1425 4544 1453 4596 ὑ
1463 4543 1579 4613 μῶν
1600 4542 1708 4595 τῶν

1821 4553 1956 4608 quas
1987 4535 2189 4590 didicit
2226 4536 2565 4604 impietates,
2602 4547 2632 4585 a
2667 4531 2778 4584 diis
2805 4527 3029 4592 deiecit,
3065 4528 3336 4597 deceptus
3368 4545 3398 4582 a

113 4638 431 4693 Γαλιλαίων
448 4636 943 4708 ἐξαπατηθεὶς-,ἅτε
967 4636 1030 4707 δὴ
1045 4635 1290 4698 παιδείας
1305 4637 1596 4706 ἀμέτοχος,
1619 4638 1714 4690 καὶ

117 4730 272 4800 μήτε
308 4729 422 4792 τοῖς
454 4727 784 4797 Ῥωμαϊκοῖς
811 4727 1022 4797 νόμοις,
1051 4728 1188 4797 μήτε
1220 4728 1335 4790 τοῖς
1376 4726 1713 4797 Ἑλληνικοῖς

114 4822 307 4873 ἔθεσιν
335 4817 675 4890 ὲμπεδωθείς
698 4834 711 4849 ·
745 4816 856 4886 ἐγὼ
884 4817 962 4880 δὲ,
1000 4811 1045 4870 ὧ
1078 4817 1284 4882 ἀνόσιε,
1321 4817 1420 4886 τῆς
1468 4816 1712 4887 Ἐλληνι-

114 4915 229 4983 κῆς
280 4929 338 4965 τε
371 4912 468 4964 καὶ
504 4911 826 4982 Ῥωμαῖκῆς
875 4909 1127 4973 παιδείας
1168 4910 1338 4980 ἀκρον
1364 4908 1712 4980 ἐπειλημμέ-

113 5023 237 5070 νος,
264 5004 362 5058 atat
391 5006 512 5068 ταῖς
552 5004 662 5057 τῶν
706 5003 955 5056 παλαιῶν
986 5001 1199 5073 ἀνδρῶν
1222 5000 1551 5068 θεολογίαις,
1587 5002 1713 5071 Ἐρ-

118 5097 232 5170 μοῦ
270 5095 330 5150 τέ
376 5115 521 5168 φημι
565 5096 661 5150 καὶ
703 5096 949 5166 Ὀρφέως
983 5095 1078 5149 καὶ
1117 5094 1430 5156 Πλάτωνος,
1473 5091 1713 5164 ἐξησκη-

119 5190 313 5258 μένος,
357 5188 456 5258 ούχ
502 5188 706 5259 ἥκιστα
740 5187 795 5240 δὲ
826 5189 922 5242 καὶ
949 5190 1071 5250 ταῖς
1119 5185 1442 5247 Ἰουδαῖκαῖς
1467 5185 1714 5253 Γραφαῖς

116 5277 506 5348 ὲξωμιληκὼς,
540 5280 634 5332 καὶ
658 5279 758 5350 τὴν
792 5280 999 5335 τούτων
1033 5279 1323 5350 τερθρείαν
1351 5276 1708 5346 πεπατηκὼς,

117 5368 291 5421 πάλιν
321 5369 415 5422 ἐπὶ
436 5369 499 5422 τὸ
533 5371 1020 5442 πατροπαράδοτον
1070 5368 1166 5423 καὶ
1213 5367 1577 5440 ἀρχαιότατον
1616 5366 1712 5420 καὶ

119 5455 378 5527 θεοφιλὲς
401 5460 530 5526 τοὺς
557 5459 880 5532 ἀνθρώπους
931 5459 1050 5522 ἔθος
1095 5475 1156 5511 τε
1190 5459 1285 5512 καὶ
1329 5457 1494 5522 σὲὅας
1529 5457 1713 5528 μένειν

121 5551 538 5622 διακελεύομαι,
573 5553 752 5623 ἢταῖς
786 5551 896 5604 τῶν
938 5551 1285 5606 ἀπαιδεύτων
1304 5551 1408 5604 καὶ
1461 5536 1714 5622 νεωτερι-

125 5645 335 5711 ζόντων
361 5645 570 5709 ἀνοίαις
608 5644 952 5698 ἀκολουθεῖν⁸
983 5643 1121 5698 ἀλλά
1146 5645 1446 5714 ἀπογυμνο.
1475 5641 1584 5696 σθω
1609 5643 1706 5697 καὶ

201 5818 224 5850 ’
261 5817 452 5873 Matth.
481 5833 672 5884 xxvm,
705 5821 791 5888 l9,
820 5818 911 5874 20.
1017 5821 1037 5854 ³
1072 5819 1275 5878 Jerem.
1309 5838 1362 5888 χ,
1402 5820 1486 5877 ll.

1815 4628 1972 4685 vobis
1999 4627 2263 4692 Galilzeis,
2284 4633 2342 4678 ιιι
2369 4625 2464 4695 qui
2494 4630 2642 4678 esset
2668 4620 2855 4674 omnis
2879 4620 3150 4674 doctrinae
3176 4635 3396 4690 expers,

1815 4737 1995 4792 neque
2031 4719 2406 4774 Romanorum
2437 4715 2655 4785 legibus
2697 4720 2753 4767 et
2792 4711 3114 4767 Graecorum
3146 4713 3398 4768 moribus

1815 4817 2173 4871 informatus.
2230 4809 2344 4880 Ego
2396 4822 2550 4871 vero,
2609 4806 2797 4874 impie,
2849 4803 2943 4874 qui
2996 4802 3063 4857 ad
3116 4819 3396 4859 stunmum

1817 4907 2020 4962 Graecae
2061 4911 2114 4958 et
2145 4901 2407 4956 Romanae
2436 4898 2772 4956 eruditionis
2797 4896 3040 4967 perveni,
3075 4905 3129 4950 et
3165 4897 3219 4950 in
3248 4905 3397 4952 vete-

1817 5014 1939 5054 rum
1997 4997 2246 5050 virorum
2295 4991 2613 5061 lheologiis,
2668 4989 2925 5046 videlicet
2959 4986 3238 5052 Mercurii,
3295 4985 3398 5042 0r-

1816 5090 1943 5161 phei
2001 5096 2055 5143 et
2109 5087 2374 5154 Platonis,
2428 5083 2772 5140 exercitatus
2828 5095 2972 5143 sum.
3013 5087 3063 5133 et
3125 5077 3390 5133 Judaicas

1813 5182 2130 5252 Scripturas
2205 5179 2370 5250 plane
2438 5175 2694 5242 cognitas
2768 5170 2988 5232 habeo,
3049 5167 3396 5223 conculcatis

1817 5277 2018 5331 borum
2057 5271 2432 5345 nugamentis,
2481 5269 2652 5338 jubeo
2699 5263 2956 5320 homines
3003 5262 3070 5316 ad
3099 5275 3309 5315 morem
3343 5270 3398 5314 et

1815 5368 2026 5422 cultum
2072 5379 2102 5418 a
2156 5362 2409 5433 patribus
2465 5357 2752 5417 traditum,
2820 5348 3275 5420 antiquissimum
3331 5353 3387 5400 et

1813 5457 1921 5511 diis
1953 5454 2335 5526 gratissimum
2372 5463 2569 5505 rursus
2609 5462 2668 5503 se
2715 5453 2950 5508 vertere,
2984 5441 3172 5512 potius
3227 5451 3393 5509 quam

1815 5548 2167 5604 indoctorum
2201 5559 2266 5600 ac
2299 5552 2634 5598 novaturum
2687 5537 2926 5608 ineptias
2975 5533 3158 5606 sequi.
3201 5530 3310 5587 Sed
3341 5540 3396 5583 et

1819 5645 1924 5700 iste
1951 5649 2188 5698 exuatur
2219 5645 2370 5694 veste
2400 5650 2523 5700 sua,
2569 5634 2770 5701 ﬁatque
2825 5627 3126 5700 ﬂagrorum
3172 5624 3394 5696 experi-
