3882 6356
422 1506 431 1511 ‘
527 1503 749 1585 fatniliae
781 1508 1183 1561 devotissimus
1210 1517 1379 1573 esset,
1411 1519 1461 1563 ct
1488 1509 1793 1564 audivisset
1822 1508 2102 1565 lulianum

527 395 665 462 1283
1968 405 2114 463 ADD

2228 408 2344 465 DA.
3714 411 3829 474 li”!

521 509 688 569 menti
720 508 1015 579 particeps,
1051 516 1108 561 ιιι
1141 509 1221 562 vel
1258 524 1319 563 ex
1359 509 1463 563 hoc
1499 510 1813 579 sapientior
1850 512 2100 577 (siler-tus,

2225 513 2362 579 ὦτος
2391 517 2491 585 τῆς
2517 518 2856 587 ἀμπεχόνης,
2892 523 2989 573 καὶ⁵
3014 521 3113 591 τῆς
3134 520 3242 574 τῶν
3270 520 3592 591 μαστίγων
3638 525 3829 594 $2.291,-

522 601 733 657 nnstris
766 599 1182 671 legibusctiam
1214 599 1423 655 invitus
1447 616 1507 655 se
1537 604 1852 657 submittat.

2225 629 2262 662 ,v
2304 610 2519 680 μεθέξει
2544 612 2820 679 γενέσθω·
2861 613 2937 675 ὡς
2968 614 3035 666 ἂν
3070 617 3132 666 ἐκ
3165 614 3365 667 τούτου
3423 619 3827 684 σωφρονεῖτε.

2203 719 2298 773 ρος
2319 702 2582 771 γεγονὼς,
2617 706 2730 766 τοῖς
2753 706 3048 776 ἡμετέροις
3068 706 3258 777 νόμοις
3282 708 3386 759 καὶ
3420 708 3512 777 μὴ
3556 707 3818 779 pauidas.

2202 806 2289 851 vo;
2312 790 2668 860 ὑποκύψειεν.

2275 880 2369 934 λε’.
2407 882 2626 936 Τούτων
2676 884 2857 936 τοίνυν
2895 884 3287 955 ἀπανθρώπως
3333 887 3823 957 erumpe-aptum,

2201 973 2482 1041 αἰκισμοῖς
2521 989 2583 1025 τε
2641 972 2970 1043 βαρυτάτοις
3008 976 3427 1046 ἀλγυνομένων,
3470 980 3507 1031 ὁ
3550 980 3823 1049 μακάρια

2202 1065 2297 1115 καὶ
2331 1064 2562 1135 εὐσεϐὴς
2604 1066 2913 1135 Ἀρτέμιος,
2957 1066 3032 1128 ὡς
3066 1068 3519 1139 προδεδήλωται,
3568 1070 3715 1133 δοὺξ
3744 1074 3819 1123 πεαὲ

2204 1154 2608 1223 Αὑγουστάλιος
2629 1155 2735 1207 ὑπὸ
2764 1156 3147 1209 Κωνσταντίου
3170 1156 3271 1226 τῆς
3287 1157 3609 1225 Αἰγύπτου
3648 1161 3813 1227 πάσης

2207 1245 2593 1308 κατασταθεὶς,
2633 1246 2729 1298 καὶ
2757 1246 2846 1298 διὰ
2882 1246 2984 1316 τὴν
3014 1247 3180 1317 ὀρθὴν
3221 1249 3399 1301 αὑτοῦ
3445 1249 3562 1301 καὶ
3604 1251 3813 1319 ἀμίμηο

2205 1356 2299 1392 τον
2333 1338 2532 1408 πρᾶξιν
2555 1338 2859 1409 ἐπιτροπὴν
2894 1339 3020 1406 ἔσχε
3046 1339 3140 1391 καὶ
3169 1339 3281 1393 τῶν
3311 1342 3422 1410 τῆς
3466 1341 3703 1410 Συρίας
3724 1344 3817 1393 ἐπε-

2210 1431 2493 1499 μελεῖσθαι
2529 1430 2914 1500 πραγμάτων·
2957 1431 3032 1492 ὡς
3087 1431 3359 1501 ὑπάρχων
3391 1429 3499 1484 οὖν
3552 1433 3815 1485 καθοσιω-

2211 1520 2373 1589 μένος
2402 1524 2469 1592 τῇ
2500 1521 2612 1574 τῶν
2651 1522 2943 1590 Ῥωμαίων
2984 1520 3257 1592 βασιλείᾳ,
3300 1524 3403 1575 καὶ
3442 1524 3715 1587 ἀκούσας
3746 1526 3813 1577 ὅτι

2220 1613 2511 1676 Ἰουλιανὸς
2542 1614 2922 1684 βεϐασίλευκε,
2952 1614 3205 1684 καὶπρὸς
3235 1615 3331 1666 τὸν
3359 1616 3667 1684 Περσικὸν
3702 1634 3814 1668 κατ-

2208 1707 2491 1773 επείγεται
2513 1707 2772 1776 πόλεμον,
2806 1705 3123 1777 γράμματὰ
3159 1724 3219 1757 τε
3256 1706 3587 1777 δεξάμενος
3626 1709 3697 1761 τὰ
3722 1725 3807 1762 πι-

2211 1797 2618 1868 ρακελευόμενα
2675 1798 2815 1867 μετὰ
2878 1798 3081 1859 παντὸς
3126 1796 3222 1848 τοῦ
3272 1801 3725 1867 στρατεύματος
3750 1803 3807 1861 εἰς

2221 1890 2551 1959 Ἀντιόχειαν
2573 1889 2752 1959 ἥκειν,
2786 1888 2928 1942 κατὰ
2957 1889 3018 1943 τὸ
3062 1889 3356 1942 κελευσθὲν
3391 1891 3568 1961 αὐτῷ
3600 1892 3809 1960 παρεῖέο

2209 1996 2330 2032 νετο
2353 1980 2412 2031 ὲν
2456 1978 2777 2047 Ἀντιοχείᾳ,
2800 1977 2896 2029 καὶ
2927 1977 3066 2047 μετὰ
3094 1978 3193 2046 τῆς
3221 1977 3655 2046 προσηκούσης
3686 1977 3808 2043 αὐτῷ

2207 2069 2378 2139 τιμῆς
2423 2085 2481 2121 τε
2532 2069 2626 2122 καὶ
2675 2067 3027 2139 δορυφορίας,
3068 2068 3443 2136 παρειστήκει
3468 2066 3566 2136 τῷ
3619 2067 3809 2135 βασιῶ

2210 2162 2305 2215 ἐπὶ
2355 2160 2449 2215 τοῦ
2501 2161 2767 2233 βήματος,
2804 2161 2894 2213 ὅτε
2926 2159 3023 2229 τὴν
3076 2159 3187 2210 τῶν
3236 2159 3415 2225 ἁγίων
3690 2176 3808 2226 μαρ-

2210 2252 2394 2323 τύρων
2425 2252 2453 2305 ὁ
2496 2251 2816 2322 παράνομος
2872 2250 3113 2302 ἐποιεῖτο
3157 2248 3411 2312 ἐξέτασιν
3436 2266 3452 2278 ·
3515 2250 3625 2301 καὶ
3671 2250 3811 2316 φησὶν

2211 2344 2349 2413 πρὸς
2375 2344 2540 2397 αὐτόν
2565 2360 2579 2373 ·
2619 2339 2692 2395 Ὦ
2721 2340 2970 2412 βασιλεῦ,
2993 2341 3086 2394 διὰ
3109 2343 3159 2394 τι
3202 2341 3381 2403 οὑτως
3420 2341 3809 2411 iatralipten»;

2211 2436 2413 2506 ἄνδρας
2438 2435 2631 2502 ἁγίους
2664 2435 2759 2487 καὶ
2789 2434 2865 2504 τῷ
2895 2433 3016 2503 Θεῷ
3035 2433 3461 2503 ἀφιερωμένους
3482 2434 3713 2505 αἱκέζῃ,
3734 2435 3810 2485 ταὶ

2210 2525 2545 2596 ἀναγκάζεις
2578 2526 2837 2597 ἐξάρνους
2866 2524 3119 2593 γενέσθαι
3152 2524 3248 2593 τῆς
3272 2524 3502 2575 ἑαυτῶν
3542 2524 3807 2585 πίστεως;

2210 2620 2455 2687 γίκωσκε
2476 2617 2659 2670 τοίνυν
2689 2617 2772 2669 ὅτι
2806 2616 2902 2668 καὶ
2947 2615 3108 2678 αὑτὸς
3136 2613 3433 2685 ἅνθρωπος
3463 2609 3519 2665 εἷ
3561 2616 3809 2683 ὁμοιοπα-

2213 2709 2332 2781 θὴς,
2378 2711 2475 2763 καὶ
2507 2712 2607 2779 τῆς
2632 2708 2802 2777 αὐτῆς
2844 2707 3061 2775 φύσεως
3090 2707 3199 2759 τῶν
3254 2704 3635 2774 παθημάτων
3671 2722 3809 2773 μετε-

2216 2800 2475 2872 σχηκώς·
2512 2801 2609 2853 καὶ
2641 2800 2689 2851 εί
2713 2799 2847 2860 Θεός
2879 2816 2936 2851 σε
2967 2797 3190 2868 βασιλέα
3216 2800 3610 2865 κατέστησεν,
3645 2799 3693 2849 εἰ
3720 2798 3807 2871 ἄρα

2213 2908 2279 2957 γε
2302 2890 2368 2944 ἔκ
2394 2889 2531 2942 Θεοῦ
2558 2888 2621 2943 τὸ
2644 2888 2920 2957 βασίλειον
2951 2886 3118 2957 ἔχεις,
3142 2887 3237 2939 καὶ
3263 2887 3338 2956 μὴ
3367 2886 3706 2955 ἁρχέκακος
3731 2888 3808 2937 22‘:

532 2972 703 3043 cepit,
739 2972 812 3025 ita
842 2978 897 3026 et
926 2979 979 3025 te
1005 2971 1277 3027 adversus
1333 2987 1436 3026 nos
1469 2973 1704 3041 petitum
1740 2972 1960 3041 accepit
2001 2986 2113 3025 sce-

2225 2982 2451 3052 πονηρὸς
2490 2980 2738 3042 διάϐολος
2793 2978 2983 3048 ὥσπερ
3038 2977 3130 3030 τὸν
3196 2976 3319 3030 Ἰὼϐ
3358 2977 3691 3051 ἐξῃτήσατο
3730 2978 3807 3030 nl.

533 3063 929 3128 leratissimus,
974 3072 1033 3117 ut
1059 3064 1271 3117 cribret
1318 3063 1526 3118 Christi
1555 3064 1797 3117 triticum
1831 3072 1884 3117 ct
1920 3078 2106 3131 super-

2225 3071 2431 3136 ἔλαϐεν,
2487 3070 2658 3133 οὓτως
2721 3069 2817 3122 καὶ
2853 3070 2912 3121 σὲ
2970 3068 3095 3122 καθ’
3158 3067 3316 3137 ἡμῶν
3369 3068 3806 3137 ἐξαιτησάμενος

535 3156 776 3211 seminet
804 3156 1042 3210 zizania.
1079 3155 1185 3210 Sed
1230 3156 1282 3208 in
1322 3171 1522 3209 vanum
1559 3156 1798 3222 laborat;
1834 3171 1939 3209 non
1962 3155 2108 3209 enim

2225 3163 2440 3233 εἴληφεν
2473 3165 2501 3215 ό
2531 3162 2915 3232 παμπόνηρος,
2948 3160 3037 3215 ἵνα
3071 3161 3286 3232 σινιάσῃ
3316 3159 3415 3211 τὸν
3440 3160 3543 3212 τοῦ
3578 3159 3805 3230 Χριστιῦ

530 3248 725 3303 eadem
786 3264 895 3319 qua
960 3249 1099 3304 olim
1166 3248 1369 3316 gaudet
1405 3247 1673 3317 potentia.
1709 3245 1846 3300 Nam
1907 3262 1971 3301 ex
2004 3261 2113 3316 quo

2225 3260 2390 3320 σῖτον,
2431 3255 2526 3308 καὶ
2565 3255 2866 3326 ὲπισπείρῃ
2895 3253 3113 3316 ζιζάνια
3140 3270 3154 3283 ·
3185 3252 3300 3305 ἀλλ’
3328 3253 3414 3314 εἰς
3440 3252 3631 3320 μάτην
3656 3252 3803 3305 αὑτοῦ

591 864 684 921 55.
722 865 860 920 Cum
911 866 1080 935 igitur
1124 877 1398 938 martyres
1447 869 1755 923 inhumane
1784 870 2099 924 cruciaren-

522 968 616 1013 tur
647 958 1057 1028 etgravissimis
1088 961 1570 1015 contunderentur
1604 962 1950 1024 verberibus,
1973 963 2099 1015 hea-

524 1056 615 1102 tus
637 1057 691 1102 et
724 1049 851 1118 pius
882 1048 1191 1114 Artemius,
1214 1050 1324 1103 dux
1355 1059 1411 1104 et
1439 1051 1754 1119 augustalis
1781 1052 1826 1120 (l
1848 1051 1894 1119 Ι)
1929 1052 2100 1105 totius

524 1138 767 1209 lEgypti,
797 1151 855 1193 ut
886 1155 1054 1210 supra
1087 1142 1390 1196 indicatum
1414 1150 1518 1207 est,
1545 1158 1575 1196 a
1606 1143 1935 1198 Constantio
1966 1160 2102 1197 con-

526 1230 780 1295 stitutus,
817 1231 983 1285 etiam
1020 1240 1244 1301 proliter
1282 1244 1485 1286 ret-tam
1521 1243 1575 1288 et
1606 1235 1875 1306 integrant
1906 1234 2101 1306 agendi

526 1324 800 1378 rationem
840 1339 1026 1378 rerum
1066 1326 1116 1378 in
1158 1324 1314 1396 Syria
1348 1327 1715 1395 gerendarum
1755 1330 2104 1397 procuratio-

528 1424 652 1470 n‘em
681 1425 994 1486 acceperat.
1020 1416 1157 1470 Cum
1181 1433 1313 1486 ergo
1338 1419 1707 1487 imperatoriae
1729 1419 2101 1475 Romanorum

527 1596 760 1663 imperio
800 1597 1035 1667 potitum
1084 1600 1150 1653 ad
1205 1600 1489 1655 Persicum
1545 1617 1842 1673 properare
1879 1604 2103 1667 bellum,

528 1692 773 1759 acceptis
804 1706 1025 1761 quoque
1058 1692 1256 1745 lillct‘is‘
1280 1693 1483 1761 quibus
1508 1694 1806 1762 jubebatur
1834 1710 1955 1748 cum
1981 1694 2106 1747 uni-

527 1797 694 1837 verso
720 1786 966 1838 exercitu
999 1784 1352 1837 Antiochiam
1395 1784 1637 1851 tendere,
1675 1788 1726 1839 in
1784 1787 1987 1841 dictam
2022 1785 2103 1839 ci-

528 1872 754 1927 vitatem
786 1875 946 1942 juxta
984 1876 1238 1929 mandata
1278 1891 1336 1930 se
1367 1878 1624 1940 contulit,
1658 1885 1713 1931 et
1740 1893 1865 1932 cum
1900 1893 1965 1932 eo
1994 1892 2104 1947 quo

532 1978 630 2031 par
661 1974 781 2017 erat
832 1974 1101 2036 apparatu
1154 1975 1208 2020 et
1247 1968 1511 2022 satellitio
1547 1969 1723 2023 astitit
1761 1971 2107 2039 imperatori,

531 2069 631 2123 pro
667 2056 929 2109 tribunali
975 2058 1213 2123 sedenti,
1248 2062 1473 2128 quando
1504 2060 1573 2113 de
1606 2060 1818 2115 sanctis
1853 2060 2110 2129 martyri-

528 2145 635 2201 bus
687 2147 993 2202 sceleratus
1048 2148 1287 2203 habebat
1341 2150 1731 2219 quaestionem.
1768 2149 1869 2203 Cui
1901 2149 2040 2205 dixit
2090 2166 2104 2202 ε

529 2238 664 2305 Quae
693 2249 746 2293 te
768 2255 940 2295 causa
968 2242 1566 2312 impcllit,imperator,
1586 2252 1644 2296 ut
1670 2250 1779 2295 tam
1808 2242 2110 2296 inhumane

529 2330 681 2385 viros
718 2340 948 2405 sanctos
992 2342 1046 2387 et
1089 2332 1196 2387 Deo
1229 2344 1592 2388 consecratos
1622 2342 1888 2402 torqueas
1923 2342 1977 2386 et
2016 2349 2111 2387 co-

527 2433 628 2489 gas
661 2419 822 2474 [idem
859 2435 1017 2475 suam
1048 2420 1351 2487 abjurare?
1383 2420 1542 2477 Scias
1594 2422 1762 2492 igitur
1799 2423 1944 2491 quod
1976 2430 2031 2476 et
2055 2433 2108 2475 tu

529 2512 697 2566 homo
728 2512 829 2574 sis,
865 2512 1059 2567 iisdem
1099 2511 1391 2567 doloribus
1431 2513 1706 2568 obnoxius
1754 2514 2110 2583 ejusdemque

532 2609 747 2655 natura:
787 2599 1148 2656 aﬂlictionum
1208 2604 1517 2673 particeps,
1554 2604 1773 2658 etiamsi
1815 2605 1958 2657 Deus
2008 2606 2109 2655 itu-

533 2701 845 2762 peratoretn
893 2705 946 2749 te
995 2695 1388 2756 constituerit;
1420 2697 1465 2750 si
1516 2695 1680 2748 modo
1716 2712 1745 2747 a
1791 2696 1902 2750 Deo
1935 2696 2109 2765 impe-

534 2784 680 2839 rium
715 2794 891 2849 tenes,
925 2801 1026 2841 nec
1058 2787 1246 2855 potius
1279 2787 1407 2840 mali
1466 2786 1723 2856 princeps
1756 2797 1807 2841 et
1840 2788 2111 2842 scelestus

531 2877 810 2942 diabolus,
848 2880 991 2933 sicut
1023 2880 1151 2933 olim
1200 2879 1305 2935 Job
1347 2881 1704 2951 atlligendum
1736 2882 1894 2950 petiit
1928 2889 1984 2936 et
2023 2896 2112 2937 ac-

533 3335 795 3392 Cbristus
842 3338 993 3392 venit
1045 3345 1100 3391 et
1137 3338 1190 3390 in
1222 3344 1404 3391 erecta
1465 3350 1634 3390 cruce
1680 3336 1960 3389 exaltatus
2010 3344 2114 3399 est,

537 3427 743 3482 cecidit
763 3428 1071 3483 daamonum
1102 3428 1490 3496 supercilium,
1513 3427 1841 3481 conculcata
1867 3435 1952 3481 est
1976 3426 2119 3496 ipso-

538 3535 661 3575 rum
695 3519 969 3589 potentia,
997 3528 1184 3587 spreta
1210 3527 1342 3574 sttnt
1369 3518 1834 3574 machinamenta.
1860 3518 1938 3572 Ne
1958 3518 2119 3571 falla-

538 3612 620 3666 ris
669 3626 825 3681 ergo,
870 3612 1195 3680 imperator,
1256 3626 1392 3664 neve
1426 3609 1769 3665 daemonibus
1801 3609 2119 3679 gratiﬁcans

537 3703 995 3759 Christianorum
1031 3718 1228 3773 genus,
1262 3702 1409 3772 quod
1445 3701 1591 3757 Deus
1626 3703 1892 3765 custodit,
1934 3717 2119 3771 perse-

538 3796 755 3866 quaris.
794 3795 956 3851 Disce
989 3795 1161 3865 igitur
1186 3795 1449 3849 invictam
1482 3808 1606 3849 esse
1637 3803 1805 3862 atque
1838 3795 2119 3862 insupera-

539 3888 708 3943 bilem
734 3888 945 3943 Christi
980 3892 1239 3942 v‘.itutetn
1292 3898 1347 3942 et
1388 3887 1715 3957 potentiam.
1756 3885 1896 3940 Illud
1933 3893 2115 3939 autem

542 3981 707 4053 plane
727 3982 823 4035 tibi
848 3996 1179 4051 persuasum
1198 3991 1280 4035 est
1307 3996 1376 4035 ex
1393 3980 1640 4035 oraculis
1661 3994 1781 4048 quae
1802 3976 2119 4039 Oribasius,

544 4071 793 4127 medicus
822 4081 876 4126 et
908 4081 1176 4142 quaestor,
1212 4072 1282 4125 ab
1332 4071 1587 4141 Apolline
1620 4069 1885 4139 Delphico
1912 4068 2118 4122 attulit.

544 4162 837 4232 Equidem,
872 4173 925 4219 te
948 4166 1117 4219 etiam
1149 4164 1345 4225 invito,
1382 4176 1704 4232 responsant
1730 4161 1998 4216 recitabo.
2028 4159 2122 4214 Sic

544 4257 692 4311 enim
726 4256 892 4311 habet
919 4274 933 4309 :

2222 3350 2284 3402 τὸ
2315 3349 2628 3419 ἐγχείρημα
2648 3364 2661 3376 ’
2687 3347 2875 3400 οὐκέτι
2901 3347 3009 3417 γὰρ
3036 3345 3186 3414 αὑτῷ
3214 3346 3365 3414 ἰσχὺς
3390 3345 3471 3406 ὡς
3503 3346 3607 3397 καὶ
3627 3346 3803 3414 πρότεο

2228 3457 2341 3512 ρον.
2389 3439 2508 3508 Ἀφ’
2538 3433 2598 3492 οὑ
2631 3439 2742 3509 γὰρ
2771 3435 2900 3509 ἦλθε
2926 3439 3162 3509 Χριστὸς
3202 3437 3297 3491 καὶ
3323 3436 3628 3505 κατεπάγη
3659 3453 3803 3487 σταυο

2229 3532 2321 3602 ρὸς
2362 3533 2456 3584 καὶ
2491 3530 2681 3600 ὑψώθη
2713 3530 2947 3601 Χριστὸς
3000 3530 3059 3581 ἐν
3100 3528 3267 3597 αὑτῷ,
3302 3527 3607 3581 πέπτωκεν
3644 3529 3678 3595 ἡ
3709 3526 3801 3577 τῷν

2223 3622 2500 3691 δαιμόνων
2522 3621 2715 3691 ὀφρῦς,
2748 3621 2841 3681 καὶ
2870 3619 3330 3688 καταπεπάτηται
3350 3619 3383 3687 ἡ
3408 3616 3626 3669 τούτων
3644 3618 3799 3685 ἰσχῦς.

2224 3713 2319 3766 καὶ
2356 3712 2835 3783 καταπεφρόνηται
2895 3715 2964 3766 τὰ
3029 3712 3236 3766 τούτων
3286 3710 3681 3780 τεχνάσματα·
3740 3710 3799 3777 μὴ

2223 3800 2318 3857 οὖν
2343 3804 2557 3869 ἀπατῶ,
2586 3803 2831 3874 βασιλεῦ,
2862 3804 2996 3875 μηδὲ
3048 3805 3159 3866 τοῖς
3180 3801 3401 3871 δαίμοσι
3428 3802 3796 3870 χαριζόμενος.

2226 3892 2288 3945 τὸ
2320 3892 2429 3948 τῶν
2460 3894 2805 3964 Χριστιανῶν
2836 3894 3237 3965 θεοφρούρητον
3288 3892 3458 3945 δίωκε
3503 3891 3695 3958 γένος·
3728 3891 3797 3955 Ti-

2228 4001 2403 4037 νωσκε
2432 3983 2631 4047 τοίνυν,
2663 3984 2739 4047 ὼς
2790 3984 2823 4055 ἡ
2857 3983 2951 4037 τοῦ
2994 3981 3233 4054 Χριστοῦ
3267 3981 3531 4050 ἀνίκητος
3563 3981 3657 4033 καὶ
3683 3981 3798 4047 άὴτο

2228 4091 2390 4144 τητος
2417 4072 2655 4145 ὑπάρχει
2690 4075 2844 4143 ἰσχύς
2869 4090 2930 4126 τε
2960 4073 3055 4126 καὶ
3080 4070 3313 4140 δύναμις
3336 4085 3350 4100 ·
3387 4070 3617 4132 πάντως
3646 4069 3702 4121 δὲ
3721 4070 3795 4120 καὶ

2229 4164 2393 4227 αὐτὸς
2429 4164 2588 4217 τοῦτο
2618 4164 3133 4235 πεπληροφόρησαι,
3181 4162 3242 4226 ἐξ
3271 4154 3349 4214 ὧν
3408 4177 3495 4213 σοι
3551 4158 3793 4231 χρησμῶν

2241 4253 2553 4324 Ὀριϐάσιος
2580 4256 2609 4306 6
2632 4254 2816 4324 ἰατρὸς
2846 4254 2941 4306 καὶ
2978 4253 3275 4323 κοιαίστωρ
3301 4251 3460 4321 παρὰ
3488 4251 3586 4304 τοῦ
3609 4256 3665 4304 ὲν
3686 4250 3794 4303 Διὶ·

546 4351 664 4419 φοῖς
708 4346 1046 4408 ’Λπόλλωνος
1083 4344 1400 4413 κεκόμικεν.
1474 4344 1617 4412 Ἐγὼ
1664 4344 1722 4398 δέ
1763 4360 1845 4397 σοι
1896 4345 1990 4399 καὶ
2040 4344 2132 4398 τὸν
2169 4346 2437 4416 χρησμὸν,
2474 4346 2574 4401 κᾶν
2624 4335 2701 4417 μὴ
2733 4344 2921 4419 βούλῃ,
2962 4344 3458 4416 ὲπαναγνώσομαι·
3528 4345 3644 4414 ἔχει
3706 4346 3793 4413 γὰρ

545 4438 739 4501 οὑτως·

554 4569 725 4640 ρὶσὶιε
760 4568 1072 4640 imperatori
1108 4582 1141 4640 :7
1165 4567 1361 4640 Diruta
1393 4578 1471 4623 est
1511 4570 1870 4640 pulcherrima
1901 4573 2079 4637 aula“

2230 4572 2457 4625 Εῖπατε
2484 4567 2856 4640 τῷΑβασιλεῖ·
2890 4566 3085 4637 Χαμαὶ
3119 4566 3271 4620 πέσε
3295 4567 3595 4640 δᾳίδᾳλος
3623 4566 3794 4640 civici“

549 4637 724 4693 Desit't
784 4637 1011 4692 Phoebus
1054 4639 1245 4693 habere
1302 4637 1547 4707 domum,
1600 4650 1650 4695 et
1686 4651 1865 4710 aptam
1914 4642 2121 4697 vatibus

554 4775 622 4831 Et
648 4778 848 4849 fontem
881 4778 1218 4848 loquentem;
1254 4780 1454 4833 siccata
1485 4790 1559 4835 est
1611 4790 1661 4835 et
1700 4710 2124 4853 nﬁdeli-5:312:17:

621 4888 713 4944 56.
738 4890 865 4944 Haec
882 4904 1008 4943 cum
1027 4890 1604 4948 audivissctlulianus
1632 4909 1699 4949 ex
1724 4909 1820 4950 ore
1845 4896 2127 4966 martyris,

550 4989 779 5050 stupore
803 4980 1046 5034 maximo
1074 4991 1365 5049 correptus
1393 4991 1502 5045 est,
1538 4991 1599 5038 et
1642 4984 1724 5039 ira
1777 4986 2132 5041 vehementer

556 5070 822 5126 incitatus
855 5071 921 5125 ad
951 5072 1129 5127 instar
1159 5073 1393 5128 ﬂainmae
1418 5074 1583 5143 ignis,
1612 5076 1837 5145 quando
1861 5076 2130 5145 suillatur,

554 5170 611 5216 et
673 5177 817 5217 nova
865 5164 913 5218 ei
965 5164 1196 5218 materia
1252 5165 1571 5233 subjicitur,
1626 5182 1822 5236 magna
1870 5174 1926 5222 et
1972 5176 2131 5223 acuta

552 5265 693 5308 voce
720 5253 1056 5311 exclamavit
1087 5274 1101 5310 :
1136 5254 1271 5321 Quis
1294 5265 1346 5310 et
1375 5257 1523 5311 unde
1564 5265 1650 5312 est
1682 5259 1785 5314 iste
1806 5258 2128 5324 sceleratus,

554 5342 649 5413 qui
681 5350 794 5399 tam
824 5346 1176 5400 temerariam
1212 5346 1374 5402 nobis
1403 5364 1502 5418 pro
1532 5347 1793 5402 tribunali
1818 5356 1974 5406 tanto
2006 5366 2131 5406 ver-

562 5435 759 5493 borum
790 5438 974 5494 sonitu
1019 5439 1253 5508 prutulit
1283 5440 1652 5496 concionem?
1680 5440 1986 5511 Respondit
2034 5457 2132 5497 co-

561 5526 697 5584 hors
740 5527 977 5583 militum
1026 5543 1041 5583 :
1081 5527 1202 5582 Dux
1241 5537 1328 5584 est
1370 5528 1740 5597 Alexandriae,
1775 5529 2020 5587 domine.
2069 5533 2135 5587 Et

2236 4640 2449 4695 Οὐκέτι
2481 4638 2691 4704 Φοῖϐος
2709 4639 2833 4708 ἕχει
2854 4640 3148 4703 καλύϐαν,
3174 4639 3245 4691 οὐ
3268 4636 3537 4705 μάντιδα
3561 4637 3793 4706 δάφνην,

2230 4776 2313 4828 Οὐ
2349 4772 2550 4842 παγὰν
2571 4772 2947 4837 λαλέουσαν,
2966 4754 3263 4826 ἀὲτέσόετο
3291 4768 3389 4821 καί
3408 4768 3617 4822 λάλον
3644 4767 3792 4834 ὕδωρ.

2308 4886 2419 4951 λς’.
2455 4883 2643 4938 Ταῦτα
2667 4882 2910 4946 ἀκούσας
2962 4885 2992 4936 ό
3047 4881 3329 4944 Ἰουλιανὸς
3367 4880 3529 4951 παρὰ
3554 4881 3646 4935 τοῦ
3674 4882 3792 4950 μάρ-

2235 4993 2418 5048 τυρος,
2444 4975 2718 5046 ἔκθαμϐες
2739 4973 2878 5038 ὅλως
2902 4974 3141 5041 ἐγένετο,
3178 4973 3276 5026 xa‘t
3298 4972 3391 5025 τὸν
3425 4971 3603 5043 θυμὸν
3621 4972 3791 5042 μᾶλλον

2237 5066 2462 5138 ἐγείρας
2487 5067 2621 5120 ὡσεὶ
2653 5066 2829 5136 φλόγα
2862 5065 3035 5136 πυρὸς
3063 5062 3576 5136 ἁναρῤιπιζομένης
3601 5065 3689 5121 καὶ
3712 5064 3792 5115 κά-

2236 5158 2409 5212 τωθεν
2468 5156 2603 5228 ὕλης
2664 5158 2812 5221 τινὸς
2862 5154 3051 5228 [568]
3101 5155 3563 5226 ὑποστρεφοὺσης
3614 5157 3789 5225 αὐτὴν,

2240 5254 2385 5325 μέγα
2410 5271 2469 5307 τε
2509 5253 2606 5307 καὶ
2630 5251 2951 5322 διαπρύσιον
2981 5250 3275 5320 ἀνεϐόησεν
3296 5266 3310 5279 ·
3347 5248 3443 5312 Τίς
3476 5248 3641 5303 πόθεν
3661 5245 3791 5307 οὗτος

2236 5348 2267 5399 ό
2296 5347 2598 5417 ἀλιτήριος,
2623 5346 2652 5399 ό
2677 5343 2944 5414 τοσαύτην
2965 5345 3098 5413 ἡμῖν
3131 5343 3224 5395 ἐπὶ
3244 5339 3340 5394 τοῦ
3373 5340 3619 5411 βήματος
3647 5358 3790 5394 κατα-

2241 5438 2526 5509 ϐομϐήσας
2551 5437 2926 5508 δημηγορίαν;
2966 5436 3031 5488 Ἡ
3070 5434 3223 5500 τάξις
3255 5434 3397 5504 εφη·
3435 5434 3497 5488 '0
3525 5434 3647 5500 δούξ
3670 5437 3789 5487 ἐστιν

2252 5527 2683 5599 ’Δλεξανδρείας,
2737 5521 2783 5580 ὦ
2814 5527 3068 5581 δέσποτα.
3113 5526 3225 5577 Καὶ
3250 5526 3278 5577 ὁ
3306 5524 3561 5595 βασιλεύς
3580 5542 3595 5557 ·
3635 5523 3790 5595 ’Δρτέο

2059 5705 2260 5759 ἷΟΤΑΞ.

2059 5706 2073 5729 ‘
2126 5705 2168 5759 T
2246 5745 2260 5759 .

630 5791 746 5865 (Η)
772 5790 885 5848 Hoc
920 5794 1144 5849 nomine.
1162 5793 1558 5865 designabatur
1583 5797 1873 5868 praefectus
1905 5704 2149 5869 £33213,
2171 5705 2308 5869 fuas
2337 5798 2581 5869 dignitas
2615 5798 2866 5854 instituta
2890 5807 3008 5854 erat
3037 5814 3067 5851 a
3108 5798 3325 5856 Caesare
3356 5800 3621 5871 Augusto.
3647 5798 3782 5854 Em.
