3876 6336
100 387 290 454 1285·
1414 399 1472 455 S.
1516 396 1713 456 Alt'l'E

1828 397 1839 455 l
1880 398 2159 459 PASSIO.
3260 411 3419 478 ’1286

104 520 291 571 μιος,
325 496 499 569 εἶπεν,
524 502 554 555 ὀ
584 501 863 573 ἀλιτήριος
915 506 942 557 ό
967 504 1045 575 τῷ
1080 507 1199 577 ἐμῷ
1224 506 1441 580 ἀδελφῷ
1467 511 1697 564 θάνατον

1830 511 2177 580 imperator:
2224 512 2528 577 Artemius,
2567 513 2771 586 inquit,
2811 516 3120 575 sceleratus
3172 522 3264 578 ille
3320 528 3415 594 qui

100 599 351 670 πικρὸν
379 596 784 668 κερασάμενος;
817 597 948 663 Ναὶ,
973 601 1128 669 φησὶ,
1153 602 1414 672 κράτιστε
1443 602 1718 673 βασιλέων,

1839 600 1993 656 fratri
2042 620 2166 658 meo
2200 605 2458 659 acerbam
2530 616 2763 662 mortem
2797 612 3161 678 procuravit?
3191 613 3294 680 Ita,
3329 632 3419 671 re-

98 690 316 755 αὖτός
369 692 510 745 ἐστι.
560 691 672 745 Καὶ
720 690 1042 756 Ἰουλιανόςο
1094 694 1269 766 Χάριν
1320 697 1593 765 ὲποφείλω
1619 699 1718 760 τοῖς

1833 692 2056 762 spondit
2091 695 2316 758 cohors,
2354 696 2565 765 Optime
2599 698 2921 768 imperator,
2953 701 3071 770 ipse
3120 712 3228 759 est.
3261 704 3420 759 Tunc

100 782 441 846 ἀθανάτοις
481 782 623 847 Θεοῖς
652 782 747 837 καὶ
776 783 856 855 τῷ
882 783 1125 855 δαφναίῳ
1169 786 1487 851 Ἀπόλλωνι,
1521 790 1603 842 ὃτι
1637 804 1718 859 μοι

1831 783 2084 840 Julianus
2117 787 2367 844 :Gratias
2401 788 2577 845 debeo
2607 791 2716 846 diis
2740 791 3171 859 immortalibus,
3200 804 3254 849 et
3301 813 3418 851 ma-

100 873 219 927 τὸν
252 876 544 947 ἀλάστορα
582 876 882 947 αὐτόμολον
908 877 1005 930 καὶ
1046 878 1491 947 αὐτεπάγγελτον
1535 880 1718 948 ἐσρανέ⁴

1832 875 1979 930 xime
2033 876 2277 946 Apollini
2338 878 2637 947 Daphna'o,
2696 882 2846 950 quod
2882 884 3018 937 mihi
3064 886 3417 942 ostenderint

108 984 335 1036 ρωσαν
357 985 372 1000 ⁶
406 968 501 1022 καί
547 986 715 1039 φησιν
741 984 755 999 ·
795 969 1194 1041 Ἀποζωσθήτω
1219 970 1316 1024 τοῦ
1358 969 1673 1041 ἀξιώματος
1700 973 1718 1024 ἐ

1831 968 2059 1037 impium
2094 985 2192 1024 sua
2252 981 2453 1041 sponte
2502 976 2813 1029 venientem
2865 986 2921 1031 et
2966 979 3413 1038 manifesmntem

102 1060 490 1131 παμμίαρος,
515 1063 608 1115 καὶ
652 1061 752 1133 τὴν
794 1060 970 1133 ζώνην
1016 1062 1390 1134 ἀφαιρεθήτω,
1425 1063 1580 1134 δίκην
1622 1062 1718 1116 τῶι

1832 1062 2101 1128 seipsum.
2163 1064 2225 1116 Et
2274 1065 2410 1118 dicit
2451 1084 2464 1120 :
2500 1064 2785 1136 Spolietur
2819 1069 3091 1139 dignitate
3116 1086 3217 1126 sua
3252 1088 3413 1147 exse-

105 1152 349 1222 ἀρτίως
377 1151 528 1222 αὐτῷ
554 1151 939 1223 τολμηθέντων
956 1170 971 1184 θ
1005 1153 1145 1225 ὑπὲρ
1170 1154 1227 1207 δὲ
1255 1153 1357 1223 τῆς
1393 1155 1611 1223 σφαγῆς
1630 1152 1718 1205 τοῦ

1831 1152 2162 1221 crandus,et
2193 1156 2416 1226 cingulo
2454 1166 2691 1212 exuatnr
2718 1158 2772 1212 in
2807 1173 3025 1228 pennam
3054 1177 3244 1216 eorum
3292 1178 3415 1233 quae

103 1247 274 1314 ἐμοῦ
309 1246 547 1313 ἀδελφοῦ
592 1247 689 1299 καὶ
730 1246 826 1299 τοῦ
857 1247 1113 1316 αἵματος,
1157 1246 1349 1317 αὔριον
1400 1246 1552 1319 αὐτῷ
1591 1247 1718 1300 aea»

1833 1242 1998 1298 modo
2030 1260 2207 1302 ausus
2240 1256 2329 1301 est
2363 1247 2635 1317 proferre.
2684 1249 2760 1305 De
2786 1252 2935 1307 caede
2972 1262 3156 1309 autem
3188 1270 3251 1308 ac
3280 1270 3412 1311 san-

108 1338 493 1409 βουὶ.ομένων
526 1338 805 1409 προσοίσω
835 1340 935 1409 τὴν
959 1339 1117 1408 δίκην
1138 1355 1153 1371 ⁸
1184 1340 1245 1393 οὐ
1286 1340 1397 1410 γάρ
1428 1339 1510 1393 ἑνί
1531 1355 1597 1408 γε
1628 1339 1718 1392 αὐ-

1831 1334 1994 1401 guine
2029 1334 2221 1391 fratris
2249 1337 2353 1391 ιιιοί
2383 1354 2534 1402 cras,
2569 1339 2678 1394 diis
2711 1342 3052 1409 volentibus,
3086 1358 3279 1413 paruas
3316 1344 3414 1399 da-

101 1430 211 1483 τὸν
252 1428 600 1494 ἑξαναλὼσω
648 1428 887 1499 Θανάτῳ,
925 1430 1061 1484 ἀλλά
1109 1431 1325 1501 μυρίοις
1361 1432 1457 1485 καὶ¹
1506 1432 1651 1494 ὅσοις
1678 1432 1718 1484 ol

1832 1425 1929 1480 bit.
1977 1426 2192 1482 Etenim
2242 1444 2351 1483 non
2388 1446 2494 1484 una
2546 1445 2671 1485 eum
2723 1443 2900 1489 morte
2942 1451 3290 1501 consumam,
3315 1437 3409 1491 sed

105 1522 462 1592 ἀνδροφόνοι
494 1520 758 1593 ὑπόχρεοι
810 1523 1223 1594 καθεστήκασιν
1251 1540 1267 1557 ο
1302 1524 1365 1577 οὐ
1404 1525 1513 1597 γὰρ
1544 1527 1718 1579 κοινοί

1831 1516 2400 1597 millibus,quotqnet
2430 1522 2727 1578 homicidis
2782 1525 2953 1596 inﬂigi
2996 1528 3210 1595 solent;
3248 1528 3408 1597 siqui-

102 1631 181 1682 γε
226 1615 464 1686 ἀνδρὸς,
497 1614 634 1669 ἀλλὰ
662 1613 929 1684 βασιλέως
962 1611 1103 1685 αἷμα
1151 1615 1389 1687 ἐξέχεεν,
1426 1618 1524 1673 καὶ
1554 1618 1718 1673 ταῦτα

1829 1604 1950 1659 dem
2004 1598 2124 1660 non
2147 1602 2251 1661 viri
2282 1613 2619 1679 communis,
2657 1614 2751 1691 sed
2793 1614 3149 1686 imperatoris
3181 1618 3412 1689 sangui-

110 1706 306 1777 μηδὲν
332 1707 476 1778 πρὸς
508 1707 672 1761 αὐτοῦ
706 1706 995 1771 πεπονθὼς
1023 1708 1228 1763 ἄδικον.
1287 1716 1297 1724 ’

1828 1712 1955 1757 nem
1990 1697 2271 1765 effuderit,
2307 1703 2513 1757 nullam
2557 1692 2741 1761 tamen
2775 1708 2844 1762 ab
2890 1723 2956 1764 eo
2984 1709 3246 1779 iujuriam
3287 1724 3414 1779 pas-

1830 1803 1949 1844 sus.

192 1888 309 1954 λξ.
345 1888 537 1943 Ταῦτα
562 1888 656 1944 τοῦ
688 1890 955 1961 βασιλέως
993 1891 1288 1947 Ἰουλιανοῦ
1308 1893 1718 1966 δημηγορήσαν-

1904 1882 1992 1937 5Ἱ.
2021 1883 2119 1940 His
2170 1884 2353 1940 verbis
2388 1886 2458 1941 ab
2523 1887 2859 1957 imperatore
2899 1884 3125 1944 Iuliano
3155 1892 3409 1962 prolatis,

104 1997 232 2046 τος,
275 1978 642 2051 ἀνάρπαστος
665 1981 771 2034 ὑπὸ
795 1981 904 2034 τῶν
931 1981 1249 2054 δορυφόρων
1267 1986 1296 2038 ὁ
1317 1984 1473 2053 ἀγιος
1493 1987 1718 2055 γίνεται,

1832 1975 2105 2044 arripiunt
2147 1977 2416 2032 satellites
2468 1990 2746 2047 sanetum,
2780 1982 2872 2051 qui
2915 1982 3137 2053 cingulo
3171 2001 3295 2038 eum
3326 1985 3413 2038 cli-

106 2073 214 2127 καὶ
275 2073 392 2144 τῆς
439 2071 619 2143 ζώνης
672 2073 813 2143 μετὰ
861 2074 957 2128 τοῦ
1008 2074 1323 2145 ἀξιώματος
1374 2078 1718 2150 ἀφαιρεθεὶς,

1830 2066 2043 2137 εηίιοιο
2081 2068 2379 2139 spoliatus,
2424 2072 2608 2124 nudus
2652 2072 2875 2125 sistitur
2918 2089 3017 2141 pro
3053 2076 3317 2130 tribunali
3359 2085 3413 2131 et

108 2164 341 2233 γυμνὸς
385 2162 477 2215 ἐπὶ
504 2163 600 2215 τοῦ
633 2162 875 2233 βήματος
903 2165 1089 2218 ἵστατο
1118 2165 1211 2219 καὶ
1236 2166 1345 2220 τῶν
1369 2166 1582 2239 δημίων
1608 2171 1727 2233 ταῖς

108 2255 286 2324 χερσὶ
320 2252 652 2324 παρεδίδοτο
676 2271 690 2285 ο
725 2255 774 2306 οἱ
804 2253 883 2317 δὲ,
908 2254 1155 2324 σχοίνους
1183 2256 1293 2309 τῶν
1321 2259 1525 2330 χειρῶν
1559 2260 1725 2313 αὐτοῦ

110 2350 213 2401 καὶ
276 2348 472 2401 ποδῶν
511 2349 865 2419 ἐξαψάμενοι,
912 2350 1273 2403 διατείνουσιν
1304 2352 1370 2403 ὲκ
1418 2352 1723 2423 τεσσάρων,

110 2443 214 2494 καὶ
242 2445 357 2513 τήν
392 2458 452 2493 τε
492 2442 737 2512 γαστέρα
803 2443 895 2495 καὶ
949 2442 1041 2494 τὸν
1101 2442 1274 2495 νῶτον
1305 2443 1399 2497 τοῦ
1446 2445 1725 2515 μάρτυρος

110 2535 232 2594 τοῖς
265 2530 601 2602 βουνεύροις
630 2531 862 2586 ἔτυπτον
891 2533 984 2585 ἐπὶ
1012 2534 1288 2598 τοσοῦτον,
1324 2535 1467 2588 ὥστε
1498 2536 1725 2600 ἀλλάξαι

110 2623 289 2678 αὑτὸν
326 2623 513 2692 ζυγάς
555 2624 852 2696 τέσσαρας.
878 2625 987 2678 Καὶ⁸
1016 2620 1085 2696 ἦν
1131 2626 1259 2680 ἰδεῖν
1285 2627 1443 2698 ξένην
1469 2629 1592 2682 τινὰ
1631 2628 1725 2681 καὶ

111 2717 217 2769 οὐκ
262 2716 633 2787 ἀνθρωπίνην
685 2718 1001 2789 ὑπομονήν·
1045 2718 1107 2772 οὐ
1132 2720 1241 2791 γάρ
1283 2721 1611 2791 στεναγμὸς,
1662 2722 1723 2774 οὐ

112 2808 303 2878 φωνὴ,
336 2806 409 2861 οὐ
436 2808 700 2877 σκυλμὸς,
736 2811 840 2862 οὐκ
892 2809 1025 2864 ἄλλο
1072 2827 1128 2864 τι
1151 2809 1262 2863 τῶν
1294 2812 1396 2864 ὅσα
1423 2812 1724 2882 πάσχουσιν

112 2899 420 2969 ἅνθρωποι
465 2898 720 2968 βασάνοις
760 2900 1165 2971 ἐξεταζόμενοι,
1221 2902 1354 2973 παρ’
1385 2902 1553 2955 αὐτοῦ
1596 2905 1721 2956 ἀνευ

113 2988 422 3056 πέμπετο·
468 2988 586 3040 ἀλλ’
631 2988 901 3058 ἀτρεπτός
961 3009 1046 3054 τις
1102 2992 1195 3043 καὶ
1229 2992 1591 3057 ἀναλλοίωτος
1643 2992 1724 3064 τῷ

119 3077 421 3148 προσώπῳ
471 3081 859 3147 κατεφαίνετο.
896 3081 961 3132 Ἢ
994 3082 1063 3150 γῆ
1102 3080 1158 3133 δὲ
1187 3082 1283 3135 τοῦ
1313 3084 1548 3155 αἵματος
1588 3089 1719 3137 ὲπε-

1831 2158 2090 2213 lictorum
2123 2160 2381 2215 manibus
2411 2160 2669 2215 traditur.
2704 2164 2771 2216 Ili
2824 2172 3006 2219 autem
3038 2166 3196 2222 funes
3234 2169 3414 2231 mani-

1831 2248 1931 2303 bus
1970 2256 2023 2303 et
2056 2248 2290 2318 pedibus
2318 2252 2575 2321 martyris
2603 2253 2915 2323 alligamus,
2950 2270 2979 2307 a
3015 2266 3249 2326 quatuor
3284 2273 3415 2327 par-

1830 2341 1980 2397 tibus
2006 2353 2129 2396 uum
2175 2344 2499 2408 extendunt,
2534 2355 2895 2416 ventremque
2930 2356 2983 2403 et
3035 2361 3248 2419 tergum
3291 2351 3413 2420 ejus

1828 2433 1966 2487 adeo
1996 2434 2157 2488 boum
2188 2436 2375 2489 nervis
2404 2436 2722 2499 verberant,
2761 2447 2819 2490 ut
2842 2439 2895 2493 in
2934 2433 3194 2496 exedendo
3214 2451 3413 2511 quater

1827 2528 2175 2581 alteruarlnt.
2213 2526 2278 2582 Et
2301 2529 2487 2583 videre
2516 2537 2637 2583 erat
2679 2532 2959 2585 insolitam
2991 2535 3285 2602 quamdam
3310 2551 3410 2591 nec

1829 2618 2124 2672 humanam
2147 2621 2497 2688 patientiam.
2534 2619 2657 2674 Non
2679 2622 2825 2676 enim
2853 2625 3118 2690 gemitus,
3148 2640 3261 2680 non
3284 2640 3410 2689 vox,

1828 2721 1937 2761 non
1968 2708 2267 2777 singultus,
2304 2724 2409 2762 non
2444 2708 2592 2763 aliud
2621 2710 2922 2780 quidquam
2956 2725 3147 2765 eorum
3169 2728 3291 2782 qua:
3319 2726 3414 2767 ac-

1826 2800 2014 2855 cidere
2057 2802 2238 2856 solent
2289 2801 2608 2856 hominibus
2650 2803 2742 2856 ubi
2785 2811 3058 2857 tormenta
3096 2802 3410 2872 perferunt,

1827 2894 1900 2948 ab
1929 2896 2049 2962 ipso
2097 2895 2374 2949 emittebat
2389 2912 2472 2951 ur.
2509 2894 2679 2949 Terra
2712 2896 2934 2966 quidem
2987 2910 3185 2951 cruore
3219 2898 3411 2967 Opple-

1826 2985 2027 3049 batur;
2068 2987 2330 3057 martyris
2362 3003 2491 3040 vero
2543 2986 2718 3052 frons,
2750 2996 2812 3041 ac
2849 2988 2896 3042 si
2931 2988 3073 3042 alius
3108 2996 3408 3057 pateretur,

1825 3078 2162 3134 cernebatur
2210 3090 2552 3149 eitporrccta,
2600 3081 2677 3133 ita
2725 3084 2784 3133 ut
2829 3079 3167 3133 mirarentur
3218 3096 3412 3134 omnes

119 3169 420 3240 πλήρωτο,
456 3172 553 3223 καὶ
596 3173 624 3222 ὁ
672 3172 885 3240 μάρτυς
918 3171 995 3235 ὡς
1039 3172 1202 3227 ἄλλου
1238 3172 1391 3245 [569]
1418 3174 1718 3245 πάσχοντος

1830 3169 2263 3224 circumstantes
2282 3201 2311 3234 ,ι
2332 3179 2387 3222 et
2429 3170 2546 3238 ipse
2593 3169 2842 3225 nefarius
2872 3168 3128 3225 Julianus
3161 3170 3411 3225 inaudito

117 3261 472 3332 ἑγνωρίξετο
492 3278 507 3292 ο
545 3261 687 3315 ὥστε
721 3263 1001 3332 θαυμάσαι
1035 3264 1247 3328 πάντας
1275 3267 1402 3330 τοὺς
1430 3268 1720 3338 παρεστῶ-

116 3370 246 3418 τας,
280 3354 388 3406 καὶ
418 3352 585 3406 αὑτὸν
614 3354 707 3406 τὸν
728 3354 1005 3423 ἀλάστορα
1049 3356 1337 3410 Ίουλιανδν
1376 3358 1724 3428 ἐκπλαγῆναι

120 3446 213 3499 ἐπὶ
254 3444 341 3514 τῷ
374 3442 511 3514 ξένῳ
545 3445 804 3514 θεάματι.
847 3448 955 3500 Καὶ
998 3448 1213 3502 κελεύει
1256 3450 1424 3505 αὑτὸν
1457 3450 1725 3506 ἀνεθέντα

122 3538 214 3591 ἐπὶ
229 3538 339 3608 τὴν
372 3536 624 3608 φυλακὴν
648 3538 967 3609 ἀπαχθῆναι
997 3540 1137 3611 μετά
1163 3541 1274 3595 τῶν
1300 3543 1504 3597 λοιπῶν
1525 3545 1719 3612 ἀγίων,

123 3631 470 3700 σκεψόμενος
504 3630 621 3694 πῶς
672 3632 768 3684 καὶ
809 3632 916 3685 τίνι
953 3633 1142 3704 τρόπῳ
1171 3636 1264 3687 καὶ
1321 3636 1458 3704 ποίει)
1507 3635 1723 3707 θανάτῳ

122 3721 224 3791 τῆς
253 3722 546 3793 παρούσης
570 3721 720 3791 ζωῆς
753 3723 1075 3791 ἐξαφανίσει
1107 3728 1232 3792 τοὺς
1262 3727 1573 3799 μάρτυρας.

193 3815 300 3885 λη’.
345 3815 410 3868 Oi
461 3814 561 3883 μὲν
614 3815 708 3868 οὖν
754 3815 850 3869 τοῦ
882 3816 1126 3883 Χριστοῦ
1183 3818 1463 3890 μάρτυρες
1497 3819 1591 3873 ἐπὶ
1619 3818 1722 3890 τὴν

126 3907 381 3979 φυλακὴν
458 3908 804 3979 ἀπαγόμενοι
868 3908 1102 3979 ἔψαλλον
1144 3928 1157 3940 ·
1223 3911 1619 3980 Ἐδοκίμασας
1640 3950 1655 3976 ,
1685 3912 1720 3963 ὁ

129 4000 297 4065 Θεὸς,
329 4000 660 4065 ἐπύριοισας
692 4000 847 4067 ἡμᾶς
882 4000 962 4067 ὡς
986 4000 1281 4068 πυροῦται
1305 4001 1372 4053 τὸ
1397 4001 1683 4069 ἀργύριον
1703 4016 1717 4030 ·

128 4090 455 4161 εισήγαγες
481 4088 639 4158 ἡμᾶς
659 4094 747 4156 εἰς
771 4091 886 4158 τὴν
913 4091 1157 4160 παγίδα,
1183 4091 1323 4144 ἔθου
1344 4092 1594 4159 θλίψεις
1621 4090 1722 4144 ἐπὶ

126 4185 235 4238 τὸν
264 4186 465 4241 νῶτον
489 4185 679 4255 ἡμῶν,
702 4184 1067 4251 ἐπεϐίϐασας
1112 4183 1462 4251 ἀνθρώπους
1492 4183 1591 4237 ἐπὶ
1616 4183 1721 4250 τὰς

131 4279 398 4345 κεφαλὰς
434 4276 606 4346 ἡμῶν
638 4292 652 4306 ο
686 4276 864 4329 λείπει
892 4273 989 4329 οὖν
1026 4275 1087 4328 τὸ
1121 4274 1384 4331 διελθεῖν
1420 4272 1574 4345 ἡμᾶς
1624 4273 1723 4328 διὰ

131 4368 320 4433 πυρός
345 4383 411 4420 τε
446 4366 544 4419 καὶ
577 4364 817 4431 ὓδατος,
850 4366 1011 4432 ὅπως
1030 4367 1119 4431 εις
1136 4364 1470 4433 ἀναψυχὴν
1492 4364 1720 4435 ἀγάγῃς

129 4456 309 4524 ἡμᾶς.
337 4458 454 4511 Καὶ
477 4458 578 4528 τῆς
601 4457 769 4527 εὐχῆς
794 4457 1209 4528 πληρωθείσης,
1241 4456 1397 4525 ἔλεγε
1432 4457 1567 4528 πρὸς
1586 4459 1717 4513 ἑαυ-

1831 3260 2083 3331 prodigio
2114 3268 2589 3315 consternaretur.
2639 3258 2803 3315 Jubet
2853 3260 3074 3315 tandem
3104 3259 3409 3314 relaxatum

1828 3367 1953 3405 cum
1982 3351 2211 3420 reliquis
2242 3352 2451 3408 sanctis
2479 3353 2535 3404 in
2567 3352 2880 3408 custodiam
2924 3352 3075 3415 duci,
3108 3350 3409 3406 meditatu-

1828 3459 1925 3499 rus
1951 3445 2250 3514 quomodo,
2280 3455 2333 3499 et
2353 3446 2561 3514 quibus
2596 3445 2962 3510 cruciatibus,
2994 3456 3046 3501 et
3071 3454 3183 3515 quo
3212 3445 3409 3501 mortis

1825 3546 2023 3607 genere
2046 3536 2219 3590 vitam
2241 3536 2487 3591 auferret
2517 3536 2874 3609 martyribus.

1894 3815 1983 3871 58.
2016 3816 2223 3871 ChriSti
2258 3830 2389 3884 ergo
2432 3826 2481 3868 m
2506 3823 2728 3886 urtyres,
2758 3814 2887 3868 dum
2922 3815 2976 3869 in
2998 3822 3281 3871 carcerem
3307 3817 3411 3871 du-

1821 3906 2125 3967 cebantur,
2166 3904 2514 3971 psallebant:
2576 3900 2831 3955 l’robasli
2888 3917 3005 3967 nos,
3068 3902 3210 3957 Deus
3241 3919 3259 3957 :
3294 3906 3409 3973 igne

1824 4013 1919 4049 nos
1965 3996 2307 4059 exnminasli,
2362 3995 2500 4046 sicut
2545 3995 2892 4047 exam'inatur
2944 4004 3241 4065 argentum.
3313 3997 3409 4051 In-

1821 4087 2027 4141 duxiin
2048 4102 2145 4140 nos
2170 4086 2225 4139 in
2252 4085 2521 4155 laqueum,
2537 4087 2763 4152 posuisti
2781 4086 3152 4143 tribulationes
3173 4090 3227 4145 in
3247 4090 3407 4145 darsa

1822 4187 2049 4235 nostro:
2099 4178 2402 4247 imposuisti
2451 4176 2691 4233 homines
2750 4194 2910 4250 super
2960 4182 3138 4249 capita
3194 4193 3401 4238 nostra.

1825 4271 2017 4327 Restat
2093 4272 2263 4340 igitur
2322 4280 2416 4332 ut,
2486 4279 2781 4342 postquam
2851 4275 3250 4329 transireriums
3316 4293 3409 4346 per

1821 4366 1989 4434 ignem
2019 4374 2067 4417 et
2090 4379 2304 4433 aquam,
2348 4360 2543 4416 educas
2588 4376 2682 4417 nos
2721 4364 2776 4419 in
2840 4364 3172 4436 refrigerium
3204 4366 3246 4420 ⁸.
3284 4386 3303 4418 ι
3341 4369 3407 4422 Et

1823 4456 2089 4524 completa
2110 4455 2382 4517 aratione,
2418 4454 2648 4508 dicebat
2704 4456 2850 4525 apud
2883 4472 2942 4513 se
2978 4472 3211 4528 magnus
3245 4460 3407 4515 Arte-

129 4545 220 4598 τὸν
284 4549 313 4601 ὁ
364 4550 543 4619 μέγας
589 4549 877 4619 Ἀρτέμιος
910 4565 924 4579 '
974 4548 1107 4602 Ἰδοὺ
1161 4549 1273 4619 γάρ
1326 4549 1394 4602 τά
1448 4549 1718 4620 στίγματα

1834 4547 1977 4600 mius
2005 4564 2016 4598 :
2056 4544 2195 4598 Ecce
2219 4544 2472 4612 stigmata
2495 4543 2706 4599 Christi
2735 4546 2787 4598 in
2808 4558 3041 4616 corpore
3069 4557 3165 4603 tuo
3196 4551 3407 4605 inscul-

128 4638 222 4692 τοῦ
253 4639 502 4710 Χριστοῦ
530 4643 587 4693 ἐν
620 4641 699 4711 τῷ
737 4640 955 4710 σώματί
986 4657 1080 4693 σου
1119 4634 1457 4711 κεχάρακται
1486 4657 1500 4701 7
1541 4641 1720 4694 λείπει

132 4725 223 4783 οὖν
250 4731 341 4786 ἴνα
370 4733 470 4787 καὶ
514 4732 688 4803 αὐτὴν
719 4732 822 4802 τὴν
851 4731 1035 4803 ψυχὴν
1064 4732 1434 4803 προσαποδῷς
1462 4732 1599 4803 μετά
1625 4732 1720 4785 τοῦ

135 4822 423 4878 ἐπιλοίπου
475 4842 569 4878 σου
600 4824 839 4895 αἵματος
872 4842 887 4854 ο
919 4825 1016 4879 καὶ
1055 4824 1118 4878 τὸ
1152 4824 1491 4895 προφητικὸν
1541 4827 1720 4880 ἐκεῖνο

136 4914 321 4979 λόγιον
379 4917 791 4989 ἐνθυμούμενος
861 4917 1052 4985 ἔλεγεν
1082 4934 1094 4946 ·
1171 4917 1301 4970 Ἰδοὺ
1364 4916 1573 4971 δέδωκα
1628 4917 1718 4970 τδν

142 5004 303 5060 νῶτόν
357 5027 461 5079 μου
513 5012 596 5073 εἰς
657 5010 965 5081 μάστιγας,
1024 5010 1119 5063 καὶ
1165 5010 1266 5072 τὰς
1309 5010 1565 5075 σιαγόνας
1615 5026 1717 5080 μου

143 5098 219 5160 εἰς
285 5102 606 5175 ῥαπίσματα
639 5120 654 5135 ·
709 5104 847 5158 ἀλλά
874 5104 929 5157 τί
961 5104 1357 5176 περισσότερον
1417 5101 1514 5155 τοῦ
1578 5102 1713 5172 ἐμοῦ

143 5189 407 5247 Δεσπότου
435 5197 754 5265 ὑπήνεγκας
773 5195 1070 5259 ὁάνάξιος;
1104 5195 1371 5255 Κάκεῖνος
1402 5190 1714 5263 κπεξάνοη

145 5282 258 5343 ταῖς
314 5285 565 5352 μάστιξι·
605 5286 865 5341 κάκείνου
914 5286 974 5339 τὺ
1037 5286 1331 5357 πρόσωπον
1387 5285 1714 5357 ῥαπίσματα

147 5373 467 5440 κατεδέξατο
492 5380 586 5433 καὶ
619 5378 1029 5448 κολαφίσματα,
1091 5378 1193 5431 καὶ
1215 5376 1441 5447 πυγμὰς
1499 5374 1711 5445 ὑπέστη

149 5459 210 5511 δι’
230 5462 349 5520 ὅλου
382 5471 475 5523 τοῦ
506 5472 781 5544 σώματος,
817 5469 1113 5524 ἀκάνθινον
1172 5469 1402 5540 ὲφόρεσε
1430 5469 1716 5537 στέφανον,

213 5615 234 5650 ⁸
260 5613 398 5676 Psal.
430 5640 554 5691 va,
588 5624 672 5679 10.

1830 4645 1920 4706 pta
1956 4645 2107 4701 sunt,
2144 4642 2317 4689 restat
2345 4633 2518 4703 igitur
2542 4643 2600 4686 ut
2641 4638 2695 4688 et
2731 4637 2905 4704 ipsam
2942 4638 3181 4691 animam
3221 4642 3406 4697 tradas

1826 4745 1950 4783 cum
1972 4728 2186 4796 reliquo
2207 4726 2498 4795 sanguine.
2525 4725 2591 4779 Et
2614 4726 3000 4796 propheticum
3022 4727 3153 4782 illud
3180 4731 3403 4785 verbum

1826 4812 2253 4875 meditabundus
2282 4817 2598 4888 proferebat
2623 4839 2636 4874 :
2662 4819 2804 4874 Ecce
2825 4819 2949 4875 dedi
2972 4822 3196 4877 dorsum
3222 4840 3404 4880 meum

1824 4914 1878 4967 in
1906 4911 2139 4982 flagella,
2170 4918 2227 4964 et
2256 4925 2425 4980 genas
2464 4925 2617 4966 meas
2645 4911 2710 4965 ad
2740 4912 2925 4979 alapas
2958 4911 3094 4985 (l2).
3131 4913 3237 4970 Sed
3270 4915 3400 4984 quid

1827 5005 2064 5075 amplius
2095 5003 2409 5059 sustinuisti
2439 5018 2603 5073 quam
2636 5020 2757 5073 quae
2792 5003 3057 5060 Dominus
3090 5020 3267 5070 meus,
3318 5007 3407 5060 in-

1823 5098 1987 5167 digne
2004 5096 2029 5148 ?
2051 5094 2169 5166 Ipse
2189 5108 2410 5165 quoque
2433 5095 2773 5149 dilaceratus
2799 5090 2901 5147 fuit
2923 5094 3191 5164 flagellis;
3227 5094 3406 5165 ipsius

1824 5202 2044 5261 quoque
2064 5188 2252 5242 vultus
2288 5188 2476 5256 alapas
2525 5186 2772 5255 suscepit
2823 5190 2881 5239 et
2911 5186 3218 5255 colaphos;
3259 5187 3404 5242 ictus

1832 5282 2093 5341 sustinuit
2138 5281 2195 5335 in
2228 5287 2353 5334 toto
2378 5288 2635 5349 corpore,
2670 5278 2927 5348 spineam
2952 5278 3197 5348 portavit
3244 5294 3405 5333 coro-

1822 5390 1970 5441 nam,
2022 5382 2331 5440 manusque
2380 5384 2410 5423 a
2445 5378 2603 5440 tergo
2631 5369 2933 5435 revinctus,
2992 5370 3178 5424 nudus
3221 5369 3406 5424 cruci-

1829 5466 1969 5522 fixus
2000 5470 2086 5522 est
2120 5472 2347 5534 propter
2394 5470 2574 5519 laeum
2614 5471 2905 5532 peccatum
2940 5474 3229 5535 meamque
3266 5474 3402 5533 pm}-

1652 5710 1887 5767 ΝΟΤᾹΞ.

208 5802 315 5875 (ίῖ)
350 5807 568 5867 Altudit
592 5822 820 5869 sanctus
842 5810 909 5866 ad
931 5810 1109 5867 locum
1137 5809 1308 5876 Isaiae,
1338 5828 1387 5876 ι..
1423 5811 1457 5867 ti
1497 5829 1507 5865 :
1553 5809 1757 5877 Corpus
1799 5824 1967 5863 meum
1997 5806 2119 5862 dedi
2146 5804 2582 5875 parturientibus,
2615 5812 2669 5859 et
2704 5820 2863 5873 genus
2892 5820 3036 5862 meas
3068 5804 3393 5861 vellentibus.
