3882 6356
382 388 612 453 ,1287

2255 373 2304 432 l.
3650 359 3788 420 193$

482 499 873 556 varicationem
909 495 997 549 ille
1031 494 1121 563 qui
1177 509 1286 548 non
1322 490 1581 563 cognovit
1605 499 1914 560 peccatum,
1956 507 2015 544 ne

2249 507 2256 539 ι
2284 485 2380 549 τάς
2399 487 2586 555 χεῖρας
2619 482 2798 536 ὀπίσω
2824 480 3019 543 δεθεὶς,
3035 478 3241 549 γυμνὸς
3271 477 3365 529 ἐπὶ
3394 476 3499 529 τον
3534 478 3782 544 σταυῴ

482 595 670 649 dolum
706 591 760 643 in
804 603 898 643 ore
944 602 1045 641 suo
1087 596 1347 657 operatus
1394 595 1495 639 est.
1550 583 1732 637 Multae
1766 599 1894 653 ergo
1928 600 2015 639 sur

2333 575 2496 645 ςπάγη
2532 574 2621 628 διά
2675 573 2772 642 τὴν
2820 570 2964 641 ἔμὴν
3030 568 3309 639 ἁμαρτίαν
3339 584 3404 618 τε
3444 566 3559 619 καὶ
3597 563 3787 632 παρά-
3865 563 3866 580 ‘

484 679 702 736 Domini
734 678 837 732 mei
867 678 1177 747 passiones,
1208 687 1264 730 et
1308 676 1467 742 longe
1496 674 1643 728 dislo
1676 674 1844 727 miser
1876 675 1945 727 ab
1978 675 2013 741 il

2251 685 2344 730 rw,
2374 668 2402 718 ὁ
2432 667 2507 737 μὴ
2526 665 2690 733 γνοὺς
2718 662 3000 733 ἁμαρτίαν
3027 701 3041 723 ,
3071 660 3204 730 μηδὲ
3236 658 3399 711 δόλον
3427 658 3497 710 ὲν
3536 658 3784 725 στόματι

484 770 603 824 sius
653 767 1069 836 longanimitate
1111 775 1167 820 et
1216 764 1503 834 patientia.
1538 762 1766 817 Gaudeo
1802 764 1970 832 igitur
2002 778 2017 815 ι

2247 759 2567 828 γασάμενος.
2625 755 2805 808 [Ιολλά
2832 753 3128 824 τοιγαροῦν
3147 752 3217 803 τά
3243 750 3342 803 τοῦ
3378 748 3530 818 ἐμοῦ
3565 749 3780 799 Δεσπὸ-

481 861 696 914 cxsulto
730 858 939 913 Domini
969 858 1071 911 moi
1104 855 1809 927 passionihusillustratus.
1846 856 2014 910 Allev:

2247 866 2258 898 l
2297 848 2618 917 παθήματα⁸
2663 845 2886 915 μακρὰν
2920 845 3037 911 εἰμὶ
3075 842 3179 910 τῆς
3210 840 3428 893 ἐκείνου
3481 838 3780 906 μακροθν-

482 964 664 1005 mcum
713 948 957 1003 dolorem
993 949 1233 1002 imitatio
1278 944 1583 1017 passionis;
1620 944 1833 1012 mitigat
1876 962 2015 999 meul

2249 957 2297 1000 ις
2345 940 2439 991 καὶ
2487 939 2691 1007 ἀνοχῆς
2715 940 2743 990 ό
2771 936 3119 1005 ταλαίπωρος
3151 951 3167 967 ο
3200 934 3382 1003 χαίρω
3428 932 3641 983 τοίνυν
3696 932 3782 981 καὶ

481 1040 787 1094 cruciatum
836 1038 981 1107 quod
1038 1038 1289 1092 eumdem
1342 1050 1466 1090 cum
1519 1037 1880 1105 optimatibus
1934 1053 2014 1106 pal

2247 1029 2409 1082 αλλιῶ
2442 1032 2555 1091 τοῖς
2584 1028 2679 1080 τοῦ
2709 1027 2986 1080 Δεσπότου
3020 1042 3121 1094 μου
3173 1023 3477 1092 παθήμασι
3509 1021 3780 1089 λαμπρυ-

484 1130 723 1201 ticipem.
782 1127 1046 1197 Equidem
1082 1128 1286 1182 Christi
1336 1130 1515 1200 gratia
1556 1128 1701 1182 ﬁlius
1736 1127 1832 1182 Dei
1880 1127 2017 1181 factu

2247 1138 2414 1184 ιενος.
2468 1120 2734 1188 Κουφίζει
2784 1136 2885 1189 μου
2917 1118 3012 1170 τὸν
3062 1117 3227 1168 πόνον
3262 1112 3426 1186 [570]
3452 1116 3494 1183 ἡ
3531 1113 3780 1182 μίμησς

484 1238 605 1278 sum
664 1236 758 1289 per
788 1219 1119 1288 baptismum
1149 1229 1203 1273 et
1244 1218 1451 1273 donum
1479 1218 1715 1289 Spiritus
1761 1218 1963 1282 sancti,
2005 1236 2017 1273 ι

2243 1215 2257 1267 3
2312 1213 2520 1276 πάθους
2542 1230 2556 1245 ο
2593 1209 2890 1281 ἐλαφρύνει
2959 1226 3062 1276 μου
3092 1207 3193 1277 τὴν
3257 1205 3560 1274 ἀλγηδόνα
3592 1205 3628 1271 ἡ
3654 1204 3776 1271 ὀμο-

484 1309 664 1365 adbuc
712 1310 885 1377 magis
927 1308 1050 1362 ﬁam
1092 1324 1187 1379 per
1220 1311 1680 1364 resurrectionem
1718 1324 1749 1362 a
1801 1309 2017 1364 mortui:

2242 1306 2321 1358 ιία
2371 1304 2481 1357 τῶν
2539 1304 2885 1375 κρειττόνων.
2935 1298 3108 1365 Κάγὼ
3160 1296 3269 1364 γάρ
3303 1296 3374 1348 δι’
3426 1294 3617 1347 αὑτὸν
3668 1294 3775 1349 υίὸς

485 1401 707 1457 Gratias
764 1402 859 1456 tibi
916 1417 1039 1471 ago,
1089 1400 1344 1467 Domine,
1386 1402 1514 1471 quia
1563 1403 1673 1455 tuis
1710 1402 2018 1471 passionibu

2241 1397 2302 1450 οῦ
2330 1396 2603 1466 ἐγενόμην
2627 1395 2718 1447 διὰ
2750 1393 2844 1446 τοῦ
2877 1391 3255 1462 βαπτίσματος
3290 1386 3391 1439 καὶ
3422 1385 3535 1453 τῆς
3560 1384 3774 1454 δωρεᾶς

485 1490 761 1544 coronasti
789 1505 894 1544 me.
928 1488 1035 1542 Sed
1060 1498 1138 1550 tu,
1159 1504 1191 1541 o
1213 1488 1445 1556 benigne
1471 1496 1525 1542 et
1547 1489 1859 1543 misericors
1889 1488 2018 1542 Deut

2241 1489 2259 1542 3
2285 1489 2441 1556 ἁγίου
2472 1486 2817 1556 Πνεύματος,
2857 1483 2950 1537 καὶ
2979 1482 3058 1534 ἔτι
3093 1480 3295 1551 μᾶλλον
3323 1480 3665 1549 γενήσομαι
3694 1478 3774 1529 διὰ

487 1593 885 1647 servorumque
923 1588 1142 1631 tuorum
1180 1578 1409 1647 provide
1441 1586 1646 1643 rector,
1680 1577 1882 1647 perﬁce
1930 1593 2020 1632 cut

2240 1598 2267 1643 ς
2301 1581 2368 1632 ἐκ
2398 1577 2615 1649 νεκρῶν
2679 1575 3071 1636 ἀναστάσεως·
3131 1570 3451 1642 εὐχαριστῶ
3507 1587 3624 1629 σοι,
3678 1570 3773 1620 Δέ-

488 1678 609 1716 sum
638 1678 817 1717 meum
872 1665 926 1717 in
961 1665 1038 1717 tui
1095 1665 1336 1718 nominis
1370 1664 1745 1729 confessione,
1781 1674 1836 1719 et
1874 1681 1943 1721 ne
1972 1667 2021 1719 in

2235 1688 2363 1734 τοτα,
2387 1671 2470 1723 δτι
2502 1672 2614 1732 τοῖς
2651 1670 2763 1731 σοῖς
2792 1683 2859 1736 με
2879 1665 3111 1718 πάθεσιν
3142 1662 3578 1730 ἐστεφάνωσας·
3613 1660 3768 1723 ἀλλὰ,

485 1752 711 1822 dignum
761 1754 864 1808 hoc
906 1763 1090 1822 empto
1130 1770 1217 1808 me
1264 1754 1519 1823 jndices,
1560 1766 1787 1825 propter
1833 1765 2018 1824 peccat

2237 1760 2543 1831 λάνθρωπε,
2571 1759 2664 1812 καὶ
2693 1756 3106 1826 φιλοικτίρμων,
3125 1753 3219 1805 καὶ
3245 1750 3358 1804 τῶν
3395 1750 3519 1803 σῶν
3570 1749 3770 1801 δούλων

488 1858 611 1911 quae
642 1844 696 1896 in
752 1844 856 1897 hac
891 1846 1000 1897 vita
1053 1845 1331 1899 commisi.
1365 1845 1477 1915 Ego
1512 1848 1681 1910 enim,
1718 1846 1967 1913 Domine,
2003 1845 2015 1900 i

2237 1852 2461 1922 ονοητὰ,
2497 1848 2784 1903 τελείωσόν
2815 1864 2915 1916 μου
2946 1845 3040 1897 τὸν
3068 1844 3272 1915 δρόμον
3303 1843 3365 1893 ὲν
3398 1843 3469 1909 τῇ
3500 1838 3770 1908 ὁμολογία

488 1933 669 1987 sinum
702 1934 1100 1989 misericordiae
1131 1946 1235 1990 tua:
1260 1937 1528 2006 meipsum
1558 1936 1786 2006 projeci.

2235 1961 2283 2005 υ,
2340 1944 2437 1994 καὶ
2488 1943 2563 2012 μή
2599 1958 2665 2011 με
2697 1938 2918 2004 ἀνάξιον
2962 1936 3159 2007 κρίνῃς
3181 1934 3335 1987 τοῦδε
3362 1933 3460 1985 τοῦ
3501 1933 3768 2000 ἐγχειρῂο

490 2046 679 2098 ματος,
711 2031 798 2085 διὰ
822 2032 922 2094 τὰς
954 2035 1012 2085 ἐν
1040 2032 1177 2101 τῷδε
1201 2031 1277 2101 τῷ
1309 2032 1410 2102 βίῳ
1468 2033 1915 2103 προσγενομένας
1965 2052 2056 2104 μοι
2094 2036 2404 2108 ἁμαρτίας·
2440 2038 2552 2106 ἐγὼ
2583 2037 2715 2107 γὰρ,
2773 2035 3042 2096 Δέσποτα,
3079 2034 3160 2094 εἰς
3186 2032 3313 2094 τοὺς
3383 2030 3525 2088 σοὺς
3602 2028 3769 2095 ἐμω-

485 2117 580 2170 τὸν
614 2119 898 2190 ἀπέρῤιψα
928 2121 1271 2191 οἰκτιρμούς.

556 2207 645 2263 59.
670 2208 797 2264 Ηαξο
832 2226 956 2265 cum
1002 2211 1146 2281 apud
1184 2227 1243 2267 se
1276 2221 1533 2281 precatus
1579 2214 1801 2279 fuisset,
1860 2230 2065 2286 prope-

2236 2214 2333 2267 λθ’.
2370 2214 2480 2266 Καὶ
2516 2211 2693 2265 ταῦτα
2729 2208 2862 2278 πρὸς
2888 2207 3086 2260 ἑαυτὸν
3156 2204 3487 2274 εὐξάμενος,
3526 2206 3764 2274 ἔφθασεν

488 2302 628 2356 ravit
658 2304 725 2357 ad
750 2320 1026 2359 carcerem
1050 2321 1174 2360 cum
1209 2308 1418 2363 sanctis
1454 2310 1791 2380 martyribus
1816 2308 2021 2380 Eugeni

2244 2309 2311 2377 τῇ
2344 2305 2561 2374 φυλακῇ
2589 2302 2729 2373 μετὰ
2754 2302 2862 2353 τῶν
2898 2298 3067 2366 ἁγίων
3126 2295 3425 2368 μαρτύρων
3492 2298 3764 2365 Εὑγενίου

489 2396 544 2442 ct
574 2387 843 2454 Macario;
885 2401 1013 2445 tunc
1047 2392 1237 2446 traditi
1271 2401 1403 2448 sunt
1440 2394 1662 2449 custodi
1695 2395 1962 2450 carceris.
1995 2395 2022 2448 Ε

2229 2399 2255 2451 ,ἱ
2302 2396 2618 2465 Μακαρίου,
2680 2394 2777 2447 καὶ
2826 2390 3213 2461 παρεδόθησαν
3241 2387 3322 2457 τῷ
3340 2387 3762 2457 δεσμοφύλακι·

488 2480 695 2535 Christi
746 2494 956 2552 martyr
998 2499 1122 2537 cum
1179 2486 1385 2538 sanctis
1439 2485 1662 2540 athletis
1717 2487 1963 2555 Eugenio
2007 2503 2021 2541 t

2231 2491 2257 2541 ,l.
2284 2485 2352 2560 ἦν
2380 2489 2408 2541 ὁ
2435 2486 2531 2540 τοῦ
2563 2484 2805 2557 Χριστοῦ
2838 2484 3052 2554 μάρτυς
3100 2481 3237 2551 μετά
3259 2479 3368 2533 τῶν
3387 2480 3574 2546 ἁγίων
3608 2479 3764 2532 ἀθλο-

492 2571 734 2626 Macario
757 2572 970 2627 laudem
1002 2581 1056 2628 et
1080 2576 1384 2643 gratiarum
1411 2576 1683 2629 actionem
1710 2574 1820 2630 Deo
1849 2577 2025 2631 tribue

2231 2583 2349 2654 Lpnw
2380 2579 2637 2647 Εὐγενίου
2665 2578 2757 2629 καὶ
2812 2574 3106 2644 Μακαρίου
3129 2614 3143 2637 ,
3194 2570 3502 2639 δοξολογῶν
3543 2573 3651 2624 καὶ
3682 2573 3764 2623 εὖ·

490 2664 605 2716 hat.
629 2662 785 2717 Mane
810 2671 990 2718 autem
1016 2662 1185 2729 facto,
1204 2664 1360 2733 jubet
1387 2667 1586 2719 iterum
1624 2666 1889 2735 Apostata
1919 2681 2023 2720 mat

2231 2672 2448 2744 ιριστῶν
2478 2670 2556 2741 τῷ
2582 2669 2723 2735 Θεῷ.
2784 2668 3004 2739 ιΙρωῖας
3049 2664 3106 2716 δὲ
3147 2664 3475 2733 γενομένης,
3548 2664 3764 2715 κελεύει

489 2763 643 2825 tyres
675 2753 798 2808 sisti
852 2769 952 2823 pro
993 2753 1295 2821 tribunali,
1321 2764 1376 2810 et
1425 2755 1576 2809 nulla
1619 2770 1713 2808 eos
1752 2756 2022 2826 interroga

2232 2766 2336 2819 ἱλιν
2364 2768 2391 2818 ὁ
2426 2762 2757 2832 Παραϐάτης
2788 2760 2913 2821 τοὺς
2971 2758 3258 2828 μάρτυρας
3321 2756 3527 2823 στῆναι
3590 2755 3688 2806 ἐπὶ
3712 2756 3765 2806 τὲ

491 2843 643 2898 tione
663 2843 943 2913 dignatus,
960 2860 1085 2898 cum
1111 2846 1434 2900 mandasset
1452 2852 1665 2898 tantum
1681 2860 1710 2897 a
1730 2845 1902 2900 sociis
1925 2848 2024 2900 sui:

2232 2858 2574 2925 καστὴριον,
2630 2853 2724 2905 καὶ
2793 2851 3068 2921 μηδεμιᾶς
3130 2847 3483 2912 καταξιώσας
3560 2846 3762 2908 αὐτοὺς

494 2933 738 3006 Eugenio
765 2946 818 2990 et
859 2935 1123 3002 Macario,
1169 2951 1427 3007 magnum
1460 2937 1765 2991 Artemium
1795 2940 2027 3007 separari

2230 2951 2516 3021 ιωτήσεως,
2542 2946 2575 3015 ἣ
2604 2946 2763 3015 μόνον
2810 2942 2902 2994 τὸν
2966 2941 3139 3011 μέγαν
3175 2938 3469 3009 Ἀρτέμιον
3499 2938 3763 3007 διαχωρι-

492 3028 707 3096 priores
747 3030 944 3084 exsilio
983 3029 1246 3083 multatos
1293 3028 1461 3082 mittit
1502 3028 1556 3081 in
1606 3026 1791 3083 Oasim
1826 3029 2025 3083 Arabia

2226 3044 2368 3112 lﬁvat
2428 3042 2527 3109 τῆς
2582 3036 2763 3089 αὐτῶν
2818 3032 3086 3100 συζυγίας
3144 3029 3759 3100 παρακελευσάμενος,

491 3118 668 3174 Porro
693 3121 893 3191 duplex
925 3122 1088 3176 datur
1129 3121 1292 3191 hujus
1335 3121 1576 3176 nominis
1613 3122 1768 3176 locus
1802 3140 1815 3175 :
1876 3137 2024 3191 nem;

2225 3133 2391 3203 ξορίαν
2413 3129 2533 3183 κατ’
2570 3126 2751 3180 αὐτῶν
2769 3123 3092 3193 ψηφίζεται,
3127 3121 3222 3173 καὶ
3281 3119 3498 3188 πέμπει
3564 3121 3758 3171 aito):

494 3209 654 3267 Oasis
685 3229 851 3282 parva
883 3223 938 3268 et
972 3229 1188 3283 magna.
1223 3212 1495 3269 Pestifera
1529 3222 1659 3268 sunt
1713 3214 1831 3267 haec
1870 3213 1987 3267 loca
2016 3232 2027 3266 ι

2223 3243 2231 3272 ι
2259 3224 2445 3277 ὐάσει
2473 3221 2571 3289 τῆς
2604 3216 2887 3288 Ἀραϐίας.
2924 3215 3026 3267 Δύο
3066 3213 3121 3266 δὲ
3152 3211 3259 3264 εἰσὶ
3283 3210 3462 3279 χωρία
3479 3207 3631 3261 οὕτω
3663 3227 3756 3260 κσ-

495 3302 776 3370 pestileris
809 3307 988 3360 ventis
1024 3304 1358 3371 perﬂantur;
1415 3319 1578 3359 nemo
1620 3319 1859 3373 unquam
1934 3303 2028 3357 illu

2224 3316 2435 3386 ›ύμενα,
2476 3311 2671 3372 Ὀασις
2715 3308 2888 3379 μικρὰ
2917 3308 3011 3360 καὶ
3070 3305 3316 3374 μεγάλη·
3360 3302 3679 3373 φθοροποιὰ
3707 3301 3757 3351 δὲ

494 3395 797 3449 adveniens
819 3396 901 3451 vel
932 3411 1098 3449 unum
1123 3411 1329 3450 annum
1351 3396 1551 3451 durare
1586 3398 1761 3465 potuit
1788 3415 1802 3463 ;
1836 3396 1930 3451 sed
1954 3411 2027 3451 on

2221 3405 2468 3476 Ξιχωρία,
2526 3403 2622 3456 καὶ
2654 3400 2761 3453 ὑπὸ
2820 3398 3162 3469 φθοροποιῶν
3224 3395 3404 3464 ἀέρων
3449 3394 3754 3446 καταπνεο-

496 3500 595 3539 nes
627 3484 827 3539 ibidem
858 3486 1119 3556 gravibus
1174 3487 1383 3540 morbis
1434 3489 1672 3557 correpti
1731 3488 2029 3542 moriuntul

2220 3517 2337 3561 ενα,
2374 3498 2467 3551 καὶ¹
2490 3496 2667 3557 οὐδεὶς
2696 3492 2806 3545 τῶν
2839 3493 3020 3545 ἐκεῖσε
3052 3488 3473 3556 ἀπερχομένων,
3514 3484 3753 3537 ἐνιαυτὸν

494 3574 631 3630 Illuc
681 3577 848 3646 igitur
884 3579 1155 3646 relegatos
1192 3585 1420 3631 sanctos
1456 3578 1764 3647 Eugenium
1801 3588 1857 3632 et
1888 3578 2027 3633 Maca

2221 3607 2271 3642 la
2296 3589 2393 3641 καὶ
2427 3587 2589 3657 μόνον
2640 3583 2955 3653 διήρκεσεν,
2985 3580 3100 3633 ἀλλ’
3127 3578 3316 3631 αὐτόθι
3363 3576 3478 3629 ὑπὸ
3501 3574 3754 3644 χαλεπῶν

498 3667 639 3719 rium
692 3667 875 3736 capite
929 3667 1093 3737 plecti
1145 3668 1335 3737 jussit.
1379 3668 1482 3733 Qui
1516 3668 1869 3738 perfecerunt
1926 3684 2031 3722 mat

2220 3679 2523 3749 λισκόμενοι
2545 3675 2871 3746 νοσημάτων
2900 3671 3425 3741 ἐναποθνήσκουσιν.
3472 3667 3626 3719 Ἐκεί
3654 3666 3753 3718 τοί-

494 3758 699 3829 tyrium
725 3774 886 3815 suum
919 3767 1045 3830 post
1078 3759 1198 3815 dies
1233 3761 1619 3832 quadraginta,
1657 3761 1920 3817 vicesima
1968 3761 2027 3816 Dt

2217 3784 2268 3819 δν
2302 3767 2428 3829 τοὺς
2455 3767 2642 3834 ἁγίους
2675 3762 3000 3834 περιορίσας
3033 3760 3290 3827 Εὖγένιον
3320 3757 3416 3809 καὶ
3446 3757 3750 3825 Μακάρων,

496 3852 757 3907 cembris.
826 3849 883 3905 In
943 3852 1066 3906 loco
1098 3860 1281 3906 autem
1318 3867 1511 3907 eorum
1571 3853 2029 3907 consummationi

2220 3876 2234 3910 ι
2272 3858 2409 3926 αὐτῇ
2438 3855 2535 3918 τὰς
2567 3853 2813 3921 κεφαλὰς
2840 3851 2951 3903 τῶν
2985 3850 3156 3918 ἁγίων
3214 3846 3616 3918 ἀποτμηθῆναι
3642 3846 3753 3897 ἐκέ-

496 3943 805 4015 prodigium
855 3944 1056 3997 accidit
1107 3958 1386 4013 magnum.
1424 3944 1559 3998 Cum
1610 3946 1757 3998 enitn
1796 3945 1951 3999 locus
1985 3945 2029 3998 il}

2219 3966 2406 4002 ευσεν·
2440 3949 2490 4001 οἳ
2546 3949 2638 4000 κα)⁹
2692 3945 3093 4015 ἐτελειώθησαν
3153 3942 3293 4013 μετά
3342 3939 3752 4006 τεσσαράκοντα

495 4034 700 4090 trullam
734 4050 961 4105 prorsus
991 4050 1190 4106 aquam
1223 4035 1470 4091 haberet.
1505 4034 1629 4090 fons
1670 4036 1929 4091 scaturiit
1978 4053 2028 4106 qi

2219 4042 2412 4111 μέρας,
2438 4042 2504 4109 τῇ
2538 4037 2717 4091 εἰκάδι
2752 4038 2844 4089 τοῦ
2874 4034 3217 4104 Δεκεμόρίου
3249 4032 3444 4102 μηνός.
3482 4029 3635 4102 [571]
3674 4029 3749 4081 Ἑν

497 4144 714 4184 omnem
757 4130 1007 4183 morbum
1040 4128 1285 4197 expellit,
1323 4138 1376 4182 et
1411 4144 1585 4198 usque
1645 4128 1703 4181 in
1744 4128 2030 4183 hodiernul

2215 4135 2231 4183 ὲ
2260 4131 2339 4201 τῷ
2374 4131 2527 4201 τόπῳ
2554 4131 2651 4200 τῆς
2681 4128 2863 4181 αὐτῶν
2911 4125 3266 4187 τελειώσεως,
3318 4122 3510 4192 θαῦμα
3569 4122 3748 4190 γέγονε

498 4220 642 4273 diem
676 4226 880 4281 manet,
914 4226 1235 4273 sanctorum
1259 4232 1457 4270 nomen
1492 4218 1743 4271 sortitus.

2214 4219 2355 4287 έγα·
2389 4218 2464 4291 μὴ
2498 4219 2714 4290 ἔχοντος
2750 4216 2861 4287 γάρ
2917 4214 3011 4267 τοῦ
3043 4215 3210 4267 τόπου
3244 4212 3391 4282 ὕδωρ
3422 4212 3485 4265 τὸ
3515 4212 3747 4269 σύνολον,

501 4311 653 4380 πηγὴ
683 4309 975 4363 ἀνέϐλυσεν
1004 4308 1214 4371 ὓδατος,
1251 4308 1431 4359 πᾶσαν
1462 4307 1845 4362 ἀποδιώκουσιν.
1876 4311 2061 4375 νόσον,
2102 4311 2134 4381 ἢ
2170 4312 2265 4365 καὶ
2297 4313 2465 4384 μέχρι
2498 4312 2597 4382 τῆς
2626 4314 2869 4381 σήμερον
2892 4308 3063 4378 μένει,
3128 4307 3237 4359 τῶν
3300 4306 3478 4373 ἁγίων
3514 4304 3747 4367 amicus:

498 4408 597 4474 τὴν
630 4404 970 4473 ἐπωνυμίαν.

569 4499 659 4553 40.
679 4497 936 4553 Julianus
961 4506 1145 4553 autem
1176 4507 1429 4554 sanctum
1457 4500 1763 4553 Artemium
1796 4501 1862 4555 ad
1894 4517 1952 4555 se
1972 4478 2069 4556 vo:

2252 4500 2325 4569 μ’.
2363 4499 2468 4551 Τὸν
2501 4499 2557 4551 δὲ
2589 4497 2741 4567 ἀγιον
2778 4497 3067 4569 Ἀρτέμιον
3106 4493 3633 4565 προσκαλεσάμενος
3660 4494 3749 4560 ἔφη

500 4599 683 4644 catum
707 4589 793 4644 his
829 4590 1015 4645 verbis
1046 4590 1323 4646 allocutus
1353 4596 1439 4645 est
1463 4608 1477 4644 :
1506 4588 1840 4648 Temeritate
1869 4602 1960 4647 tua
1988 4608 2033 4645 m

2216 4592 2319 4660 ςρὺς
2353 4590 2515 4642 αὐτόν
2545 4607 2558 4619 ·
2593 4589 2689 4642 Διά
2717 4589 2815 4658 τὴν
2848 4587 3183 4659 προπέτειάν
3217 4603 3312 4639 σου
3337 4585 3749 4655 κατηνάγκασάς

500 4682 727 4753 coegisti
756 4683 961 4752 probro
987 4682 1200 4738 allicere
1227 4699 1405 4755 genus
1439 4693 1627 4750 tuum,
1664 4701 1728 4742 ac
1757 4695 1866 4741 tuae
1892 4686 2021 4756 dign

2217 4698 2254 4734 ιε
2288 4679 2556 4749 ἀτιμάσαι
2584 4681 2645 4733 τὸ
2675 4681 2832 4747 γένος
2863 4696 2980 4745 σου,
3009 4680 3103 4731 καὶ
3160 4677 3258 4746 τὴν
3300 4676 3621 4747 προσοῦσάν
3681 4692 3750 4727 σοι

502 4773 598 4829 tati
650 4773 852 4828 inferre
890 4773 1350 4843 ignominiam,et
1384 4777 1467 4831 vel
1513 4777 1663 4845 ipsas
1707 4792 1906 4832 carnes
1951 4784 2035 4831 tua

2218 4772 2545 4843 περιφάνειαν
2592 4772 2897 4843 ἐνυϐρίσαι,
2924 4774 3020 4825 καὶ
3049 4771 3228 4823 αὐτῶν
3277 4768 3599 4839 ἐφάψασθαι
3656 4767 3751 4820 τῶν

501 4864 791 4935 attingere.
848 4862 1023 4918 Crede
1074 4864 1243 4935 igitur
1278 4867 1449 4934 mihi,
1484 4868 1730 4933 Artemi;
1784 4869 1985 4924 accede
2022 4885 2034 4922 ι

2217 4866 2407 4937 ἀρκῶν
2434 4883 2549 4921 σου.
2595 4861 2963 4937 Πείσθητιοῦν
2997 4883 3110 4935 μοι,
3154 4863 3433 4934 Ἀρτέμιε,
3470 4864 3566 4916 καὶ
3599 4878 3750 4933 προσ-

502 4955 752 5010 sacriﬁea
783 4952 913 5020 dlis,
964 4956 1269 5025 praesertim
1334 4958 1575 5027 Apollini
1629 4959 1930 5030 Daphnaao,
1973 4959 2035 5014 de

2216 4953 2359 5009 λθὼν
2380 4955 2540 5009 θῦσον
2564 4957 2676 5018 τοῖς
2708 4954 2872 5020 θεοῖς,
2908 4954 3145 5025 μάλιστα
3165 4952 3243 5022 τῷ
3269 4944 3533 5021 Δαφναίῳ
3574 4948 3748 5003 Ἀπόλ-

502 5061 624 5102 meo
654 5045 987 5101 charissima
1019 5054 1075 5101 et
1114 5047 1495 5113 sanctissimo,
1526 5060 1581 5105 et
1610 5065 1825 5106 acausa
1851 5066 2026 5121 sangu

2213 5065 2315 5101 ,ωνι
2346 5047 2423 5118 τῷ
2445 5048 2569 5117 ἐμοὶ
2610 5047 2925 5118 τριποθήτῳ
2957 5048 3055 5099 καὶ¹
3109 5045 3451 5114 παναγάστῳ
3501 5041 3631 5113 θεῷ,
3670 5043 3746 5095 καὶ

502 5140 591 5195 nis
626 5136 815 5193 fratris
852 5139 958 5191 mei
992 5138 1275 5192 absolvam
1321 5149 1396 5203 te,
1431 5140 1869 5210 dignitatemque
1901 5141 2035 5210 majc

2211 5136 2284 5207 πῆς
2313 5136 2496 5199 αίτίας
2517 5134 2610 5189 τοῦ
2637 5136 2867 5207 αἳματος
2885 5134 2978 5188 τοῦ
3004 5134 3137 5205 ἐμοῦ
3174 5134 3406 5202 ἀδελφοῦ
3430 5133 3656 5187 ἀπολύω
3679 5148 3744 5195 σε,

502 5246 618 5286 rem
651 5236 706 5285 et
749 5228 1132 5299 gloriosiorem
1164 5231 1459 5285 restituam
1487 5232 1606 5286 tibi.
1639 5231 1716 5287 Te
1748 5231 1898 5287 enim
1939 5248 2035 5303 pra

2219 5229 2283 5298 ήν
2307 5243 2366 5280 τε
2398 5226 2560 5293 ἀξίαν
2602 5226 2831 5298 μείζονα
2882 5226 2978 5279 καὶ
3031 5224 3385 5296 ἐνδοξοτέραν
3432 5224 3748 5293 έπαναθήσω

503 5321 708 5378 lectum
755 5320 1000 5392 praetorii
1037 5321 1402 5377 constitutum
1433 5337 1825 5393 summumque
1855 5339 2036 5395 magnt

2214 5337 2272 5373 rat
2294 5336 2307 5349 ·
2335 5319 2579 5391 ἔπαρχον
2616 5318 2726 5390 γάρ
2782 5318 3137 5389 πραιτωρίων
3169 5335 3228 5371 σε
3255 5318 3630 5388 καταστήσας·
3669 5315 3747 5369 καὶ

504 5426 625 5466 rum
657 5410 889 5465 deorum
917 5408 1256 5481 pontiﬁcem,
1291 5418 1504 5479 patrem
1534 5426 1716 5467 meum
1750 5413 2037 5483 appellabo

2211 5409 2448 5481 ιρχιερέα
2477 5409 2586 5462 τῶν
2620 5408 2872 5479 μεγάλων
2902 5407 3064 5470 θεῶν,
3094 5407 3307 5478 πατέρα
3327 5407 3462 5476 ὲμδν
3491 5407 3744 5477 ὀνομάσω,

499 5499 810 5557 secundum
846 5499 901 5554 in
944 5500 1177 5570 imperio
1204 5501 1387 5555 locum
1426 5501 1662 5565 tenebis,
1695 5511 1750 5557 et
1784 5503 2032 5558 nobisqu

2212 5502 2281 5553 παὶ
2301 5503 2401 5570 τῆς
2423 5500 2564 5571 ἐμῆς
2590 5498 2868 5569 βασιλείας
2895 5497 2967 5551 τά
2987 5496 3214 5566 δεύτερα
3237 5496 3497 5566 φέροντα,
3541 5498 3639 5551 καὶ
3662 5496 3745 5566 ἔστ,

500 5587 621 5642 cris
639 5588 897 5644 omnibus
914 5586 1111 5645 diebus
1137 5589 1264 5644 vitae
1281 5597 1335 5644 et
1364 5591 1807 5648 conversationis
1842 5599 2033 5648 nostra

2211 5591 2310 5645 ιεθ⁹
2338 5591 2501 5662 ἡμῶν
2542 5592 2722 5646 πάντα
2749 5590 2842 5644 τὸν
2891 5590 3088 5661 χρόνον
3143 5589 3242 5659 τῆς
3287 5587 3567 5659 ἡμετέρας
3618 5587 3744 5656 ζωῆς

504 5676 639 5733 Nam
670 5686 731 5734 tu
762 5693 985 5749 quoque
1007 5682 1176 5747 nosti,
1206 5681 1441 5747 Artemi,
1475 5681 1707 5739 fratrem
1747 5699 1929 5740 meum
1961 5699 2032 5739 no

2204 5702 2245 5738 τε
2264 5684 2360 5739 καὶ
2388 5685 2690 5753 διαγωγῆς.
2722 5678 2885 5746 Οἶδας
2915 5681 3023 5753 γάρ
3052 5681 3148 5735 καὶ
3179 5679 3366 5742 αὐτὸς,
3398 5673 3443 5731 ὦ
3486 5679 3737 5751 ’Δρτέμιε,

496 5767 645 5841 ju5te
677 5784 712 5826 ιι
747 5769 1067 5828 ConStantio
1121 5775 1364 5831 occisum
1400 5774 1603 5841 fuisse,
1642 5775 1739 5833 sed
1787 5790 1912 5831 eum
1945 5788 2029 5831 cor

2206 5773 2259 5836 ὸς
2283 5774 2311 5825 ὁ
2335 5772 2467 5845 ὲμδς
2517 5772 2746 5845 ἁδελφὸς
2777 5772 2956 5844 μάτην
2999 5770 3150 5841 παρά
3172 5770 3556 5824 Κωνσταντίον
3591 5767 3739 5838 1:55:6-
