3876 6336
180 400 201 464 1
219 400 339 465 2439

1468 417 1528 476 S.
1569 418 1895 477 ARTEMII
1938 420 2217 481 PASSIO.

3338 421 3466 487 1290

175 528 411 573 νευται,
474 513 565 566 καὶ
591 513 665 576 ὡς
702 515 895 584 φθόνος
949 519 1111 574 αὺτὸν
1157 525 1577 593 κατειργάσατο,
1635 529 1776 581 καὶὸ

1889 527 2089 584 fet-isse
2121 528 2387 583 invidiam
2431 535 2484 583 et
2516 528 2757 582 omnium
2789 528 3074 584 hominum
3131 530 3467 586 Scelestissi-

178 605 423 660 πάντων
449 605 752 675 ἀνθρώπων
779 610 1139 675 ἀνοσιώτατος
1170 615 1200 666 6
1223 614 1476 685 εὐνοῦχος
1501 616 1777 681 Εὐσέϐιος,

174 697 207 749 6
241 696 354 766 τὴν
377 696 473 750 τοῦ
525 700 886 769 πραιποσίτου
924 702 1083 767 ἀξίαν
1147 705 1333 769 κακῶς
1392 707 1776 777 ἐνδυσάμενος,

172 788 297 843 κᾶν
332 789 439 843 οὐκ
455 789 734 861 ἀρκοῦσαν
751 793 951 850 δέδωκε
991 797 1086 868 τὴν
1108 798 1268 870 δίκην
1295 798 1389 853 τοῦ
1423 801 1780 873 ἀνοσιουργή-

174 898 372 950 ματος
403 883 429 934 6
462 885 725 954 παμπόνη
735 904 846 955 ρος.
1532 936 1551 951 .

258 979 382 1040 μα’.
415 974 525 1027 Καὶ
543 976 624 1029 ὅτι
658 978 757 1044 τῆς
799 980 1075 1051 ἡμετέρας
1107 985 1301 1049 γενεᾶς
1341 985 1454 1036 ἐστι
1516 984 1716 1053 μᾶλλον
1743 986 1777 1056 ἡ

172 1062 446 1133 βασιλεία
469 1067 722 1137 ἁρμόδιος
756 1086 771 1102 ⁸
801 1074 829 1124 6
855 1071 967 1142 γὰρ
997 1073 1129 1142 ἐμὸς
1156 1075 1346 1146 πατὴρ
1399 1077 1779 1139 Κωνστάντιος

172 1154 251 1206 ἐκ
286 1154 392 1225 τῆς
414 1157 760 1229 Μαξιμιανοῦ
829 1162 1097 1238 θυγατρὸς
1151 1166 1431 1238 Θεοδώρας
1482 1168 1777 1240 γεγένηται

174 1244 267 1315 τῷ
327 1247 452 1317 ἐμῷ
474 1250 688 1319 πάππῳ
760 1254 1097 1311 Κώνσταντι.
1145 1258 1204 1311 '0
1255 1259 1313 1311 δὲ
1369 1260 1778 1325 Κωνσταντίνος

175 1338 249 1402 ἐξ
291 1338 514 1411 Ἑλένης
555 1342 706 1415 αύτῷ
770 1347 960 1415 γέγονε
988 1349 1201 1421 φαύλης
1220 1352 1369 1414 τινὸς
1400 1355 1661 1419 γυναικὸς
1683 1356 1777 1408 καὶ

176 1428 301 1483 τῶν
365 1434 736 1501 χαμαιτύπων
775 1439 927 1493 οὐδὲν
984 1441 1350 1514 διαφερούσης
1383 1464 1399 1478 ο
1468 1448 1565 1501 καὶ
1606 1446 1777 1501 ταῦτα

180 1520 366 1589 μήπω
389 1526 635 1591 γεγονότι
671 1529 938 1603 Καίσαρι,
984 1534 1101 1587 ἀλλ’
1128 1538 1186 1588 ὲν
1217 1537 1428 1591 ἰδιώτου
1450 1539 1777 1609 τυγχάνοντι

179 1612 464 1683 σχήματι.
508 1616 566 1670 Ὀ
599 1621 778 1675 τοίνυν
832 1626 1245 1692 Κωνσταντῖνος
1304 1630 1605 1703 Θρασύτητι
1645 1632 1779 1699 γνώ-

182 1720 304 1774 μης
339 1705 490 1782 [572]
522 1710 620 1781 τὴν
671 1711 949 1781 βασιλείαν
994 1719 1312 1790 ἀφήρπασε,
1338 1758 1343 1763 ς
1374 1725 1469 1776 καὶ
1523 1725 1613 1775 τὸν
1643 1723 1777 1792 ἐμὸν

180 1799 412 1871 πατέρα
432 1802 525 1853 καὶ
555 1805 683 1868 τοὺς
737 1807 929 1863 τούτου
973 1811 1239 1881 ἀδελφοὺς
1286 1814 1632 1887 ἀμφοτέρους
1658 1816 1775 1870 ἁδί-

1884 636 2031 673 mum
2070 620 2363 676 Eusebium
2397 620 2735 685 eunuchum,
2788 621 2878 690 qui
2913 623 3192 691 praepositi
3230 624 3468 693 dignita-

1882 720 1987 764 tem
2034 726 2321 780 perperam
2354 711 2566 776 induit,
2600 726 2703 767 nec
2730 720 2919 767 tamen
2958 729 3057 782 pro
3089 715 3297 771 scelere
3327 718 3468 773 sum-

1880 802 2115 858 cientem
2156 818 2374 874 pmuam
2405 804 2555 859 dedit
2586 804 2670 859 vir
2700 805 3092 874 nequissimus.

1950 981 2011 1035 tl
2026 981 2224 1052 .ZEque
2238 984 2585 1053 exploratum
2606 984 2774 1039 habes
2792 985 2859 1039 ad
2882 994 3136 1041 nostrum
3159 1000 3333 1055 genus
3351 1003 3466 1043 ma-

1880 1073 1961 1143 gis
1987 1075 2267 1143 pertinere
2300 1075 2618 1142 imperium.
2653 1074 2815 1129 Pater
2836 1074 2986 1128 enim
3015 1089 3173 1129 meus
3190 1073 3465 1130 Constan-

1881 1165 1993 1220 tius
2016 1166 2407 1231 ex'l‘licodora,
2430 1166 2748 1221 Maximiani
2781 1166 2911 1233 ﬁlia,
2939 1173 3208 1237 natus_cst
3225 1183 3328 1223 avo
3346 1183 3465 1223 meo

1879 1258 2189 1324 Constanti,
2207 1259 2607 1316 Constantinus
2643 1268 2828 1315 autem
2875 1276 2942 1315 ex
2966 1258 3299 1325 llelena,vili
3325 1277 3464 1331 quas

1880 1352 2006 1407 dam
2040 1353 2268 1409 muliere
2293 1368 2359 1408 ac
2404 1353 2788 1409 meretricibus
2822 1352 3128 1416 simillima,
3180 1354 3347 1424 idque
3371 1354 3460 1408 ubi

1881 1445 2121 1499 nondum
2134 1446 2318 1500 Caesar
2333 1453 2551 1501 creatus
2575 1445 2629 1499 in
2654 1444 2851 1515 privati
2871 1444 3114 1500 hominis
3143 1445 3465 1499 conditione

1880 1538 2224 1593 versabalur.
2254 1537 2653 1594 Constantinus
2711 1536 2883 1606 igitur
2929 1537 3299 1593 consiliorum
3334 1551 3462 1592 suo-

1879 1643 2001 1683 rum
2046 1630 2586 1698 audaciaimperium
2607 1629 2919 1697 usurpavit,
2949 1638 3005 1684 et
3037 1639 3246 1699 patrem
3278 1644 3460 1684 meum

1880 1720 2179 1790 ambosque
2199 1720 2322 1790 ejus
2357 1719 2556 1775 fratres
2590 1719 2797 1788 injuste
2822 1720 3052 1778 occidit.
3084 1721 3290 1777 Postea
3319 1721 3459 1775 Con-

1880 1812 2139 1877 stantius,
2168 1811 2596 1867 Constantinum
2623 1821 2836 1881 patrem
2860 1826 3025 1867 suum
3051 1814 3324 1876 imitatus,
3355 1814 3461 1866 ira.

180 1909 307 1956 κως
338 1894 628 1951 ἀπέκτεινε
660 1915 672 1929 ·
712 1901 805 1953 καὶ
836 1901 864 1952 6
886 1901 1077 1956 τούτου
1102 1905 1216 1967 υἱὸς
1247 1906 1650 1969 Κωνστάντιος,
1681 1908 1774 1961 τὸν

1884 1913 2019 1958 trem
2053 1917 2233 1958 meum
2258 1900 2561 1965 interfecit,
2589 1904 2679 1961 cui
2706 1911 2889 1959 tamen
2917 1904 3255 1959 horrendum
3277 1902 3460 1972 jusjuv

180 1985 362 2038 αὑτοῦ
395 1986 609 2058 πατέρα
643 1992 1050 2062 μιμησάμενος,
1087 1995 1179 2048 τὸν
1208 1996 1582 2066 ὲμὺνάδελφὸν
1610 1999 1778 2066 πεφό-

181 2093 381 2141 νευκε,
414 2079 507 2131 καὶ
554 2080 728 2134 ταῦτα
751 2083 937 2152 ὅρκοις
959 2084 1096 2155 πρὸς
1124 2086 1289 2139 αὐτὸν
1316 2088 1779 2157 φρικωδεστάτοις

181 2170 561 2239 χρησάμενον.
605 2172 782 2242 Ἦμᾶς
811 2192 869 2227 τε
906 2176 1106 2241 αὐτοὺς
1135 2181 1183 2231 εί
1234 2179 1309 2250 μὴ
1345 2181 1483 2234 θεῶν
1543 2182 1775 2253 προνοίᾳ

184 2261 730 2333 περιεσώθημεν,τὸ
756 2266 889 2318 αὐτὸ
943 2268 1207 2336 ἠϐούλετο
1261 2271 1499 2340 δρᾶσαι·
1559 2274 1676 2326 ἀλλ’
1726 2278 1774 2329 οἱ

180 2350 308 2407 Oso‘t
337 2351 689 2419 διεκώλυσαν,
743 2356 969 2425 αύτοψεί
1003 2376 1094 2425 μοι
1128 2362 1228 2429 τὴν
1282 2362 1556 2431 σωτηρίαν
1599 2365 1775 2435 μηνύ-

184 2463 421 2511 σαντες,
454 2448 533 2510 si;
558 2446 652 2511 οὓς
683 2448 795 2515 ἐγὼ
827 2451 1183 2523 τεθαρρηκὼς
1229 2454 1320 2505 τὸν
1352 2455 1777 2526 Χριστιανισμὸν

185 2538 560 2613 ἐξωμοσάμην
589 2544 681 2597 καὶ
706 2544 840 2613 πρὸς
860 2544 950 2597 τὸν
973 2545 1209 2616 Ἕλληνα
1235 2546 1349 2617 βίον
1376 2548 1647 2603 ἀπέκλινα
1670 2566 1682 2580 ·
1714 2545 1774 2604 εὖ

185 2629 373 2696 εἰδὼς,
392 2632 467 2695 ὡς
498 2634 527 2684 6
557 2633 664 2687 τῶν
692 2632 960 2705 Ἐλλήνων
982 2637 1073 2689 καὶ
1101 2636 1392 2707 Ῥωμαίων
1419 2639 1775 2708 ἀρχαιότατος

186 2721 309 2789 βίος
338 2723 521 2786 καλοῖς
543 2724 686 2777 ἔθεσι
713 2724 806 2778 καὶ
834 2726 1017 2796 νόμοις
1040 2729 1404 2798 χρησάμενος,
1426 2728 1581 2791 θεοὺς
1608 2744 1750 2798 προσ

188 2812 452 2883 αγορεύει
474 2815 599 2878 τοὺς
624 2818 685 2869 τὸ
721 2817 908 2871 πιστὸν
938 2819 1003 2871 ἐκ
1026 2818 1132 2871 τῶν
1157 2820 1498 2888 πραγμάτων
1525 2818 1770 2889 ἔχοντας.

271 2903 381 2973 115'-
398 2904 491 2966 Τίς
516 2905 625 2976 γὰρ
650 2907 750 2977 τὴν
774 2908 1003 2978 γνώμην
1031 2909 1353 2979 ἀμφίϐολος,
1379 2911 1530 2980 ἧλιον
1557 2912 1775 2982 βλέπων

187 2995 255 3048 ὲν
288 2994 502 3065 οὐρανῷ
548 2996 907 3051 διιππεύοντα
968 3000 1062 3052 καὶ
1112 3001 1346 3071 σελήνην
1402 3003 1486 3071 ἐφ’
1523 3003 1774 3074 ἅρματος

187 3087 575 3156 χρυσαντύγου
604 3090 1127 3160 ταυροπολοῦσανςὸ
1158 3093 1258 3162 μὲν
1293 3094 1405 3165 γὰρ
1432 3094 1528 3166 τὴν
1558 3095 1774 3168 ἡμέραν

188 3182 423 3252 φαεινὴν
476 3183 874 3252 ἀπεργάζεται,
909 3184 1003 3237 καλ⁸
1043 3184 1169 3248 τοὺς
1198 3185 1523 3256 ἀνθρώπους
1559 3188 1646 3240 ἐπ’
1681 3187 1806 3254 59--

188 3290 293 3342 γον
318 3275 564 3345 ἐγείρει·
597 3276 630 3345 ἡ
664 3275 840 3344 δὲτὴν
874 3275 1044 3329 νύκτα
1082 3275 1484 3350 λαμπαδουχεῖ,
1523 3285 1618 3334 καὶ
1647 3281 1777 3344 τοὺς

186 3368 439 3438 ἀστέρας
491 3368 942 3441 καταφαιδρύνει,
994 3371 1087 3424 καὶ
1129 3374 1250 3435 ταῖς
1272 3373 1579 3443 ἀγρύπνοις
1608 3391 1780 3443 φωτο-

189 3460 438 3523 6ολίαις,
500 3461 701 3519 ύπνοῢν
752 3464 879 3527 τοὺς
935 3463 1262 3535 ἀνθρώπους
1315 3467 1773 3536 παρακελεύεται.

191 3550 379 3605 Ταῦτα
433 3550 775 3620 Θεολογοῦσιν
814 3553 1080 3622 ’Έλληνες
1128 3555 1223 3609 καὶ
1268 3555 1544 3626 Ῥωμαῖοι,
1593 3558 1779 3628 ’Λρτέ-

198 3659 314 3714 μιε,
370 3643 606 3712 καὶσούκ
646 3644 870 3709 ἀδίκως,
902 3646 1040 3698 ἀ)λά
1108 3647 1427 3716 πρεπόντως
1488 3648 1585 3703 καὶ¹
1634 3647 1819 3719 μετάι

196 3735 409 3789 δικαίου
435 3735 531 3790 τοῦ
587 3737 877 3808 κρίματος.
902 3738 965 3792 Τί
990 3738 1097 3808 γὰρ
1122 3739 1273 3805 ἡλίου
1298 3741 1735 3813 τηλαυγέστερον
1760 3759 1774 3808 ;

196 3828 239 3899 ἢ
264 3827 315 3881 τί
374 3829 605 3898 σελήνης
643 3829 1180 3901 αύγοειδέστερον;ἢ
1212 3829 1380 3884 τίτοῦ
1439 3831 1606 3901 χοροῦ
1665 3830 1776 3884 τῶν

200 3920 441 3993 ἀστέρων
499 3922 759 3993 ήδύτερόν
798 3939 857 3975 τε
892 3923 986 3975 καὶ
1036 3922 1516 3991 εύπρεπέστερον;
1588 3920 1777 3975 Ταῦτα.

199 4015 376 4069 τοίνυν
422 4015 685 4087 Ἕλληνες
738 4016 833 4072 καὶ
899 4016 1164 4084 Ῥωμαῖοι
1208 4012 1518 4075 θειάζουσίν
1576 4029 1635 4065 τε
1680 4014 1777 4065 καὶ

202 4107 466 4173 σέϐουσιν,
492 4109 737 4178 καὶπρὸς
780 4107 919 4160 αὐτὰ
950 4108 1048 4169 τὰς
1076 4105 1287 4159 ἑαυτῶν
1323 4103 1547 4167 ἐλπίδας
1573 4105 1777 4157 ἐναπε-

202 4201 484 4272 κρέμασαν
517 4217 531 4232 ·
570 4203 665 4254 καὶ
696 4200 789 4253 τὸν
828 4200 925 4270 μὲν
947 4199 1102 4270 ἣλιον
1138 4196 1451 4252 Ἀπόλλωνα
1508 4214 1779 4268 προσαγοο

205 4293 474 4365 ρσύουσιν,
500 4293 600 4363 τὴν
619 4293 677 4347 δὲ
709 4293 942 4363 σελήνην
968 4292 1260 4363 Ἀρτεμιν,
1297 4291 1394 4344 καὶ
1442 4291 1569 4352 τοὺς
1622 4289 1787 4360 μεγίε-

206 4400 359 4445 στους
382 4383 490 4437 τῶν
518 4382 765 4453 ἀστέρων
799 4381 893 4445 οὓς
940 4380 1442 4453 προσαγορεύουσιν
1492 4379 1778 4448 πλανήτας

204 4476 328 4537 τοὺς
359 4474 457 4538 τὰς
498 4476 638 4528 ὲπτά
677 4473 855 4539 ζώνας
890 4474 989 4537 τάς
1031 4473 1315 4544 οὐρανίους
1371 4471 1688 4542 ἐπέχοντας,
1720 4471 1783 4524 ὃν

1882 1992 2117 2049 randum
2151 1994 2399 2049 dederat.
2438 1996 2499 2048 ln
2536 2010 2641 2051 nos
2674 2011 2917 2063 quoque,
2938 1996 3047 2051 nisi
3073 1996 3305 2051 deorum
3338 2010 3469 2063 pro-v

1880 2086 2122 2142 videntia
2161 2086 2364 2143 servati
2400 2085 2887 2152 iuissemus,idem
2932 2088 3333 2153 meditabatur;
3368 2088 3461 2143 scd

1877 2178 1953 2234 dii
1982 2177 2407 2247 prohibuerunt,
2432 2178 2667 2232 salutem
2701 2193 2728 2230 a
2756 2193 2815 2232 se
2846 2176 3149 2246 profectam
3179 2177 3313 2232 mihi
3348 2193 3464 2231 ma-

1878 2271 2083 2327 nifesto
2111 2270 2493 2327 ostendentes.
2528 2270 2742 2336 Quibus
2796 2285 2899 2339 ego
2952 2270 3130 2325 fretus
3188 2269 3463 2324 Christiav

1878 2365 2120 2420 nismum
2176 2364 2428 2435 abjuravi
2482 2372 2537 2418 et
2592 2362 2886 2433 gentilium
2948 2362 3119 2415 vitam
3172 2362 3463 2431 amplexus

1879 2475 2000 2513 sum
2039 2476 2053 2513 :
2087 2473 2215 2513 nam
2243 2458 2737 2528 persuasissimum
2772 2456 2905 2510 mihi
2935 2468 3021 2511 est
3052 2454 3373 2510 Graecorum
3408 2461 3464 2508 et

1875 2550 2258 2605 Romanorum
2297 2550 2750 2621 antiquissimam
2790 2549 3331 2611 vivendi'normam,
3363 2546 3464 2602 bno

1880 2641 1967 2696 nis
2006 2641 2256 2696 moribus
2304 2651 2357 2695 et
2408 2640 2626 2711 legibus
2658 2638 2971 2703 fundatam,
2998 2638 3136 2695 deos
3183 2636 3465 2708 appellare

1877 2733 2005 2790 illos
2033 2734 2127 2803 qui
2158 2749 2224 2788 ex
2262 2749 2449 2789 rerum
2481 2734 2709 2789 veritate
2746 2732 2907 2788 [idem
2943 2731 3049 2788 sibi
3090 2730 3321 2805 iaciant.

1950 2917 2037 2973 42.
2082 2917 2215 2983 Quis
2263 2915 2415 2971 enim
2448 2922 2631 2970 mente
2670 2914 2875 2970 dubius
2912 2914 3098 2987 fuerit,
3152 2915 3252 2983 qui
3304 2927 3463 2984 aspe-

1879 3013 2016 3065 xerit
2049 3010 2220 3063 solem
2259 3008 2311 3061 in
2347 3007 2493 3061 caelo
2518 3006 2880 3081 equitantem,
2906 3005 3259 3060 et'lunamin
3289 3018 3465 3061 curru

1879 3104 2074 3153 aurato
2139 3096 2318 3149 tauris
2370 3094 2729 3165 provectam?
2793 3094 3007 3148 Etenim
3071 3095 3164 3150 ille
3215 3094 3464 3150 lucidum

1883 3187 2047 3243 cilicit
2083 3187 2252 3252 diem,
2281 3185 2647 3256 hominesque
2676 3186 2742 3240 ad
2780 3185 3026 3241 laborem
3075 3187 3316 3253 excitat;
3349 3185 3465 3241 hmo

1883 3290 2067 3335 autem
2109 3280 2256 3334 nocti
2294 3278 2518 3349 praefert
2552 3279 2723 3343 faces,
2755 3278 3115 3349 splendorem
3142 3280 3237 3334 dat
3272 3279 3459 3344 astris,

1882 3383 1932 3427 et
1969 3373 2328 3442 vigilantibus
2376 3372 2550 3426 radiis
2591 3387 2847 3427 somnum
2902 3372 3224 3427 hominibus
3278 3371 3467 3426 concis-

1882 3466 1996 3519 liat.
2036 3464 2180 3527 llaec,
2210 3464 2441 3529 Artemi,
2472 3463 2541 3518 de
2572 3462 2777 3518 divinis
2808 3471 3262 3520 commentantur
3287 3461 3467 3518 Graeci

1879 3564 1932 3611 et
1961 3556 2222 3619 Romani,
2264 3570 2364 3610 nec
2396 3555 2589 3617 stulte,
2640 3553 2736 3610 sed
2785 3556 3186 3610 convenienter
3224 3561 3279 3610 et
3316 3561 3466 3609 recto

1874 3647 2110 3717 judicio.
2153 3648 2299 3714 Quid
2347 3648 2494 3703 enim
2548 3647 2664 3704 sole
2720 3647 3112 3718 splendidius?
3170 3646 3282 3702 Aut
3331 3645 3466 3716 quid

1879 3742 2007 3796 luna
2036 3741 2340 3795 nitentius?
2362 3742 2474 3796 Aut
2498 3742 2636 3811 quid
2661 3748 2943 3796 astrorum
2969 3743 3141 3795 choro
3163 3739 3466 3809 jucundius

1878 3843 1935 3889 et
1964 3833 2293 3903 pulchrius?
2344 3831 2469 3886 llaec
2519 3832 2687 3901 igitur
2721 3831 2897 3887 ϐταιοί
2929 3842 2986 3886 et
3039 3830 3274 3885 Romani
3324 3831 3469 3885 inter

1882 3927 2012 3979 deos
2048 3923 2296 3976 referunt
2343 3930 2398 3974 et
2431 3922 2641 3986 colunt,
2673 3932 2729 3976 et
2762 3922 2817 3975 in
2850 3937 2916 3976 ea
2963 3936 3092 3989 spes
3129 3935 3262 3977 suas
3303 3934 3467 3989 repo-

1883 4024 2136 4067 suerunt.
2194 4011 2262 4066 Et
2322 4011 2497 4067 solent
2563 4010 2787 4079 quidem
2863 4011 3173 4080 Apollinem
3227 4018 3461 4074 vocant.

1883 4102 2068 4156 lunam
2102 4108 2285 4155 autem
2310 4100 2577 4166 Dianam;
2612 4116 2827 4157 necnon
2855 4109 3133 4157 astrorum
3171 4100 3463 4166 maximas,

1883 4212 2003 4264 qua:
2032 4194 2294 4249 dicuntur
2327 4194 2561 4263 planetae
2604 4201 2926 4264 septemque
2967 4192 3083 4261 (l5)
3126 4192 3254 4249 cmli
3298 4206 3469 4247 zonas

1882 4288 2190 4352 continent,
2242 4286 2531 4357 appellant
2585 4284 2915 4350 Saturnum,
2983 4284 3196 4351 Jovem,
3248 4285 3465 4341 Mercu-

1883 4377 2051 4440 rium,
2105 4377 2358 4440 Martem,
2402 4372 2691 4434 Venerem.
2749 4375 2875 4431 llaec
2914 4377 3060 4432 enim
3104 4384 3256 4432 astra
3302 4391 3470 4429 mun-

1883 4466 2013 4522 dum
2052 4467 2377 4522 universum
2427 4468 2769 4535 gubernant,
2824 4482 3135 4537 eorumque
3169 4467 3469 4521 virtutibus

208 4569 303 4640 μὲν
362 4567 589 4637 Κρόνον,
620 4566 678 4620 ὃν
702 4567 757 4620 δὲ
784 4567 900 4633 Δία,
936 4567 994 4619 ὃν
1024 4566 1083 4620 δὲ
1112 4566 1348 4637 Ἑρμῆν,
1383 4564 1442 4618 ὃν
1470 4564 1528 4617 δὲ
1578 4566 1775 4635 Ἄρεα,

1886 4560 2097 4630 regitur
2130 4568 2240 4613 tota
2261 4559 2509 4628 quaesub
2530 4560 2676 4614 cmlo
2701 4566 2784 4613 est
2808 4569 2979 4613 terra.
3001 4560 3210 4615 Horum
3236 4558 3471 4628 proinde

203 4665 265 4718 ὃν
285 4662 338 4716 δὲ
385 4663 703 4733 ’Λφροδίτην
764 4661 1229 4732 κατονομάζουσιν
1278 4651 1629 4732 ί575].οὖτοι
1664 4658 1779 4731 γὰρ

204 4757 381 4811 τόντε
414 4759 617 4826 κόσμον
659 4755 879 4808 ἅπαντα
930 4752 1213 4815 διοικοῦσι,
1268 4752 1365 4806 καὶ
1417 4754 1536 4815 ταῖς
1600 4752 1780 4807 αὐτῶν

205 4849 464 4920 δυνίμεσι
510 4850 656 4903 πᾶσα
700 4851 734 4919 ἡ
777 4848 868 4901 ὑπ’
919 4846 1150 4918 οὐρανὸν
1198 4843 1541 4912 διεξάγεται·
1576 4845 1782 4899 τούτων

206 4942 381 4997 τοίνυν
403 4941 618 5004 εἰκόνας
686 4941 1003 5010 στήσαντες,
1056 4937 1304 4991 σέϐουσιν
1349 4935 1628 5005 ἄνθρωποι
1685 4938 1779 4991 καὶ

208 5035 434 5106 τιμῶσιν
472 5050 486 5064 ·
520 5034 639 5104 ἅμα
669 5034 727 5087 δὲ
762 5032 855 5087 καὶ
922 5030 1125 5103 μύθους
1179 5029 1333 5092 τινὰς
1380 5028 1519 5100 πρὸς
1584 5029 1780 5099 ἡδονὴν

212 5127 615 5191 ἀναπλάσαντες
652 5141 665 5154 ·
703 5125 801 5195 οὐχ
831 5125 907 5189 ὡς
952 5125 1107 5187 Θεοὺς
1136 5123 1193 5177 δὲ
1223 5121 1424 5191 τιμῶσι
1445 5121 1542 5185 τάς
1566 5122 1782 5186 εἰκόνας

214 5216 386 5271 αὐτῶν
416 5258 430 5282 ,
481 5218 685 5285 ἄπαγε.
738 5215 910 5269 Τοῦτο
968 5216 1077 5284 γὰρ
1129 5213 1190 5267 τὸ
1246 5211 1621 5283 ἁπλούστερον
1684 5214 1779 5267 καὶ

216 5309 526 5381 ἀγροικικὸν
574 5308 685 5364 τῶν
746 5306 1053 5378 ἀνθρώπων
1101 5303 1533 5375 διαλαμϐάνεται
1579 5304 1735 5372 γένος
1763 5320 1778 5335 ·

1882 4659 2099 4709 statuas
2126 4660 2427 4709 erexerunt
2459 4652 2734 4717 homines,
2767 4666 2972 4720 easque
3003 4652 3188 4707 colunt
3217 4660 3271 4705 et
3307 4665 3469 4704 vene~

1881 4754 2095 4810 rantur,
2137 4746 2299 4802 simul
2337 4753 2521 4801 tamen
2576 4744 2831 4817 nonnihil
2887 4742 3219 4797 fabularum
3260 4742 3331 4796 ad
3370 4758 3468 4796 vo-

1885 4838 2153 4909 luptatem
2223 4838 2514 4907 fingentes.
2588 4835 2695 4891 Sed
2747 4852 2861 4891 non
2914 4844 2973 4890 ut
3006 4835 3142 4891 deos
3201 4834 3471 4904 imagines

1882 4941 2235 4997 venerantur,
2273 4930 2459 4985 ahsitl
2496 4930 2628 4986 Nam
2686 4938 2770 4986 cst
2836 4930 2953 4985 hmo
2990 4928 3205 4985 insania
3256 4926 3473 4996 simplia

1893 5023 2060 5078 cioris
2090 5030 2139 5077 et
2173 5025 2407 5094 agrestis
2453 5024 2739 5078 hominum
2773 5024 3030 5093 generis;
3071 5021 3171 5078 sed
3212 5021 3307 5090 qui
3352 5019 3476 5087 phi-

1894 5115 2152 5184 losophia:
2184 5115 2431 5181 student,
2461 5124 2516 5171 et
2542 5115 2610 5170 de
2633 5113 2840 5170 divinis
2859 5122 3121 5168 accurate
3154 5113 3467 5181 inquirunt.

1864 5200 2163 5267 'noverunt
2202 5214 2291 5267 cui
2322 5213 2584 5268 honorem
2618 5221 2970 5282 prrestent,.ct
3000 5208 3064 5263 ad
3090 5223 3251 5279 quem
3290 5216 3477 5264 trans.

1888 5315 1977 5361 eat
2016 5307 2327 5361 divinarum
2364 5306 2666 5377 imaginum
2714 5303 2984 5359 adoratio.
3025 5321 3044 5353 ι

217 5405 329 5458 ἐπεὶ
364 5404 413 5457 οἱ
470 5405 568 5475 τὴν
610 5403 926 5472 φιλοσοφίαν
973 5401 1380 5473 ἀσπαζόμενοι,
1440 5403 1534 5454 καὶ
1572 5403 1641 5455 τὰ
1675 5402 1782 5455 τῶν
1858 5403 1996 5456 θεῶν
2046 5403 2292 5474 ἀκριϐῶς
2346 5401 2718 5466 ἐξετάζοντες,
2776 5398 2948 5453 οἴδασι
3013 5395 3116 5449 τίνι
3161 5392 3262 5463 τὴν
3306 5394 3469 5465 τιμὴν

212 5499 562 5571 ἀπονέμουσι,
611 5500 707 5553 καὶ
760 5500 892 5570 πρὸς
923 5498 1047 5552 τινα
1087 5498 1353 5551 διαϐαίνει
1395 5498 1559 5568 ἡτῶν
1615 5498 1776 5552 οείων
1818 5500 2157 5571 ἀγαλμάτων
2197 5498 2590 5570 προσκύνησις.

1722 5638 1956 5695 NOTAE.

287 5753 391 5826 (13)
447 5752 682 5833 8]πίυῆ
723 5754 801 5809 De
834 5756 1069 5833 probi-riis
1124 5763 1425 5808 sanctorum
1477 5755 1618 5819 vitis,
1664 5754 1734 5808 9.0
1810 5755 2107 5823 Octobris,
2171 5756 2333 5813 habet
2386 5757 2631 5828 quinque.
2679 5754 2739 5808 Et
2777 5766 2964 5833 revera
3040 5751 3257 5805 nonnisi
3311 5747 3473 5819 quin-

225 5840 321 5895 que
354 5827 573 5882 nomina
605 5826 927 5882 all'eruntur.
970 5825 1127 5879 Εοιτ.

531 5919 797 5982 Parnm.
843 5920 957 5980 Gn.
1005 5920 1202 5981 XCVI.

2852 5910 2985 5975 .41
