3882 6356
431 383 559 451 1291

1920 387 2275 450 ADDENDA
2288 432 2301 448 .

3596 382 3747 448 1292

498 508 588 565 45.
631 505 908 562 Adhortor
938 506 1107 577 igitur
1141 514 1296 561 tuam
1335 507 1677 564 nobilitatem
1704 510 1997 567 nobiscum

2179 511 2289 573 μγ’.
2328 501 2587 574 Παραινῶ
2635 503 2820 556 τοίνυν
2859 502 2957 573 τὴν
3004 502 3104 575 σὴν
3143 504 3513 576 γενναιότητα
3616 506 3743 575 μεθ’

426 615 596 669 stare,
626 619 749 674 qua:
771 602 931 657 nobis
957 602 1173 672 placent
1198 601 1486 673 perficere,
1515 613 1663 659 recte
1690 607 2011 663 Graecorum

426 695 751 765 religionem
787 693 1047 763 amplecti
1078 701 1136 748 et
1174 693 1419 764 antiquis
1461 695 1708 751 moribus
1740 711 1803 751 ac
1846 699 2014 756 rebus

429 787 716 841 inhaerere.
763 785 1169 841 Constantinus
1206 785 1378 852 enim,
1428 795 1487 839 ut
1513 786 1632 857 ipse
1667 788 1801 851 scis,
1839 788 2015 845 homi-

429 893 560 932 num
616 877 851 949 deceptu
924 876 1265 943 facillimus,
1341 878 1600 937 indoctus
1666 897 1886 953 quoque
1959 892 2015 939 et

426 982 635 1030 amens,
673 968 728 1021 in
777 967 930 1021 cultu
975 967 1252 1023 novitates
1283 977 1499 1024 sectare
1530 971 1722 1041 coepit,
1751 980 1806 1027 et
1848 972 2013 1027 abro-

427 1061 572 1131 gatis
648 1060 1027 1115 Romanorum
1098 1061 1348 1130 legibus,
1406 1061 1474 1116 ad
1525 1061 2013 1119 Christianismum

425 1152 748 1216 declinavit,
792 1151 941 1222 quod
989 1166 1189 1222 nempe
1236 1152 1469 1223 puderet
1501 1168 1625 1208 eum
1668 1154 2013 1225 impietatum

425 1259 675 1306 suarum,
695 1242 883 1314 diique
905 1258 1032 1299 eum
1074 1258 1238 1314 grege
1265 1244 1631 1312 expulissent,
1654 1255 1715 1300 ut
1733 1246 2016 1303 scelestis-

425 1334 647 1397 simum,
691 1348 792 1388 sua
853 1332 1128 1404 religione
1184 1333 1469 1406 indignum
1527 1345 1581 1391 et
1640 1347 2005 1409 cognatorum

424 1426 696 1491 sanguine
760 1424 1136 1495 inquinatum.
1206 1423 1342 1479 Nam
1408 1426 1609 1484 fratres
1652 1444 1787 1487 suos
1847 1432 2012 1487 morti

430 1514 677 1579 tradidit,
751 1530 880 1571 cum
947 1516 1081 1571 nihil
1151 1517 1281 1571 mali
1346 1515 1634 1583 fecissent,
1690 1528 1745 1574 et
1787 1536 2012 1576 uxorem

430 1608 711 1675 Faustam,
759 1609 1045 1681 ﬁliumque
1080 1625 1241 1666 suum
1285 1609 1532 1667 Priscum
1583 1612 1720 1683 (14),
1754 1614 1848 1683 qui
1896 1624 2017 1671 erat

429 1703 516 1755 vir
570 1701 712 1771 frugi
747 1711 802 1759 et
842 1704 1044 1758 bonus.
1110 1702 1442 1772 llujusmodi
1496 1718 1630 1774 ergo
1680 1706 1890 1761 scelera
1938 1706 2013 1762 dii

428 1794 721 1856 exsecrati,
767 1793 1086 1863 repulerunt
1127 1808 1278 1857 eunt,
1316 1801 1374 1849 et
1425 1809 1453 1848 a
1501 1810 1663 1851 sacro
1724 1798 2014 1854 sanctissi-

2118 596 2276 668 ἡμῶν
2301 612 2359 649 τε
2390 590 2529 649 εῖναι
2554 595 2651 648 καὶ
2676 594 2748 648 τὰ
2773 597 2907 666 ἡμῖν
2925 595 3233 664 ἀρέσκοντα
3254 596 3740 666 διαπράττεσθαι,

2115 686 2219 756 τήν
2249 701 2309 738 τε
2339 684 2645 756 θρησκείαν
2668 684 2970 756 ἑλληνίζειν
2993 685 3192 755 ὀρθῶς,
3214 687 3441 739 καὶτῶν
3471 688 3741 757 ἀρχαίων

2117 777 2260 831 ἐθῶν
2289 794 2350 831 τε
2388 778 2485 833 καὶ¹
2531 779 2882 849 πραγμάτων
2913 778 3260 849 ἀντέχεσθαι.
3309 779 3370 832 Ὀ
3419 779 3540 851 γάρ
3570 782 3740 834 Κων-

2119 869 2422 933 σταντῖνος,
2459 867 2537 932 ὡς
2576 868 2673 921 καὶ
2722 867 2887 931 αὐτὸς
2934 868 3251 934 ἐπίστασαι,
3302 870 3739 937 εὐεξαπάτητος

2115 955 2328 1027 ἀνδρῶν
2353 953 2577 1025 ἀμαθής
2621 971 2683 1008 τε
2728 956 2825 1008 καὶ
2867 955 3102 1026 ἀνόητος
3141 956 3413 1027 εὑρεθεὶς,
3447 959 3592 1028 περὶ
3634 961 3735 1028 τὴν

2118 1046 2417 1117 θρησκείαν
2454 1047 2835 1118 ἐνεωτέρισεν,
2868 1048 2966 1101 καί
3008 1049 3139 1112 τοὺς
3181 1049 3483 1119 Ῥωμαίων
3514 1051 3735 1121 νόμους

2117 1138 2475 1210 ιξαθετήσας,
2530 1138 2624 1192 ἑπὶ
2663 1139 2759 1192 τὸν
2796 1140 3243 1212 Χριστιανισμὺν
3281 1142 3536 1207 ἑξέκλινε
3561 1181 3579 1203 ,
3632 1144 3734 1207 τὰς

2118 1232 2369 1295 ἀνοσίους
2397 1230 2566 1284 αὐτοῦ
2600 1229 2834 1303 πράξεις
2860 1230 3261 1302 δεδιττόμενος,
3288 1235 3387 1286 καὶ
3408 1235 3495 1287 ὅτι
3528 1235 3586 1286 οἱ
3618 1234 3732 1286 θεοὶ

2118 1323 2283 1378 αὐτὸν
2307 1322 2769 1393 ἀπεθουκόλησαν
2809 1324 2887 1385 ὡς
2912 1322 3224 1392 ἐξάγιστον,
3257 1324 3354 1379 καὶ
3393 1324 3503 1395 τῆς
3539 1326 3730 1380 αὐτῶν

2119 1415 2419 1488 θρησκείας
2477 1416 2737 1482 ἀνάξιον,
2787 1416 3024 1487 αἵματος
3081 1417 3345 1487 ὁμογνίου
3414 1419 3729 1489 γενόμενον

2118 1507 2388 1579 ἔμπλεον·
2437 1506 2567 1569 τούς
2611 1524 2673 1561 τε
2723 1507 2834 1578 γὰρ
2882 1506 3151 1577 ἀδελφοὺς
3198 1508 3499 1563 ἀπέκτεινε
3556 1510 3729 1580 μηδὲν

2119 1598 2439 1671 πράξαντας
2481 1599 2705 1663 ἄτοπον,
2752 1598 2850 1651 καὶ
2884 1598 2986 1668 τὴν
3013 1601 3253 1667 γυναῖκα
3298 1600 3591 1665 Φαῦσταν,
3633 1604 3726 1655 καὶ

2117 1689 2212 1744 τὸν
2242 1689 2411 1745 αὐτοῦ
2454 1690 2571 1743 υίὺν
2622 1688 2863 1760 Πρίσκον
2896 1689 3193 1763 [Κρίσπον]
3225 1692 3320 1745 τὸν
3371 1694 3629 1764 χρηστόν
3666 1712 3723 1748 τε

2121 1782 2215 1835 καὶ
2264 1780 2468 1851 ἀγαθὸν
2515 1780 2687 1852 ἀνδρα
2744 1782 3122 1853 τυγχάνονταο
3172 1782 3348 1836 ταῦτα
3401 1784 3601 1837 τοίνυν
3656 1786 3727 1839 τὰ

430 1899 630 1953 meque
666 1899 770 1938 suo
815 1884 964 1939 cultu
1033 1884 1357 1955 longissime
1405 1885 1666 1942 aberrare
1719 1886 2010 1956 fecerunt;

2118 1871 2449 1943 ἀνοσιουργή
2459 1889 2608 1942 ματα
2637 1872 3016 1943 μυσαχθέντες
3037 1875 3091 1927 οί
3111 1874 3245 1938 θεοὶ,
3261 1874 3459 1928 τοῦτον
3485 1877 3727 1931 ἀπεϐου-

431 1983 692 2043 ιιτωιυτθο
752 1990 940 2031 semen
992 1976 1113 2045 ejus
1174 1976 1504 2032 sceleratum
1562 1986 1617 2031 et
1674 1980 2016 2035 exsecrabile

428 2081 553 2121 cum
596 2066 811 2135 integro
852 2081 1054 2137 genere
1092 2065 1161 2121 de
1201 2066 1383 2121 medio
1429 2066 1701 2123 tulerunt.
1762 2068 2016 2140 Quapro-

429 2165 570 2225 pter,
600 2156 685 2212 vir
734 2156 1079 2222 admiraude,
1117 2157 1209 2212 ubi
1246 2158 1405 2214 video
1453 2167 1609 2215 tuum
1654 2162 1709 2216 in
1756 2163 2015 2219 omnibus

430 2249 590 2303 tirmu
614 2265 644 2301 ιι
679 2263 744 2303 ac
770 2256 1034 2305 constans
1068 2248 1370 2320 ingenium,
1408 2254 1534 2306 volo
1569 2257 1625 2307 te
1653 2262 1860 2308 nostrae
1892 2268 2014 2323 par-

427 2341 503 2397 tis
533 2351 590 2396 ct
622 2340 910 2397 societatis
946 2341 1063 2396 fieri
1110 2341 1374 2409 amicum,
1406 2352 1460 2397 et
1494 2352 1807 2401 consortem
1848 2355 2013 2417 atque

426 2434 481 2489 in
524 2435 783 2491 omnibus
834 2434 1047 2504 imperil
1102 2434 1340 2506 negotiis
1396 2436 1678 2492 intimum.
1730 2438 2009 2509 Agedum,

425 2525 657 2588 Artemi,
694 2536 777 2580 sta
810 2525 1122 2589 nobiscum,
1162 2526 1258 2596 qui
1290 2526 1393 2581 viri
1426 2542 1644 2593 sumus,
1678 2528 2013 2601 Christoque

425 2616 706 2685 abjurato,
753 2617 818 2671 ad
851 2626 1161 2689 paternam,
1207 2618 1654 2689 antiquissimam
1689 2630 1745 2676 et
1773 2624 2014 2678 maxime

423 2709 742 2763 diuturnam
781 2707 1156 2765 Rotnanorum
1211 2710 1639 2783 Graecorumque
1693 2714 2010 2784 religionem

392 2802 853 2872 -transgrctlere,
896 2810 952 2858 et
986 2803 1151 2859 bonis
1193 2803 1463 2861 divinitus
1508 2805 1794 2862 concessis
1826 2805 2013 2862 fruere

425 2893 742 2958 nobiscum,
811 2895 1080 2950 honorum
1142 2894 1508 2955 maximorum
1563 2910 1626 2952 ac
1681 2896 2010 2969 dignitatum

424 2984 726 3058 particeps.

495 3258 587 3313 44.
625 3259 706 3313 Ad
759 3260 874 3315 haec
911 3260 1123 3317 Christi
1176 3269 1408 3334 martyr,
1457 3276 1582 3318 cum
1624 3278 1685 3320 se
1722 3263 2005 3334 paululum

425 3348 783 3405 sustinuisset
814 3360 869 3405 et
910 3351 1099 3407 animo
1143 3352 1637 3424 circumspexisset
1677 3354 1887 3421 audita,
1926 3363 2010 3411 to-

425 3452 648 3513 tamque
678 3443 1053 3514 recollegisset
1085 3455 1329 3499 mentem
1361 3452 1416 3501 et
1451 3446 1743 3510 rationem,
1776 3461 2009 3517 respou-

425 3535 506 3589 dit
533 3553 547 3590 :
598 3535 893 3604 Equidem,
927 3535 1251 3605 imperator,
1284 3536 1353 3592 de
1384 3552 1503 3593 mea
1534 3537 1798 3609 religione
1826 3548 1880 3594 et
1905 3538 2011 3595 fide

424 3629 633 3683 nullam
662 3627 717 3684 in
758 3641 1004 3699 praesens
1037 3627 1135 3683 tibi
1170 3627 1394 3684 afferam
1445 3628 1846 3692 defensionem,
1878 3630 2008 3686 licet

422 3720 546 3789 ejus
574 3719 1075 3776 demonstrationes
1106 3720 1161 3774 in
1190 3728 1446 3792 promptu
1488 3719 1739 3776 habeam.
1788 3720 1899 3777 Sed
1936 3722 2005 3778 de

424 3813 617 3869 fratris
642 3814 718 3867 tui
746 3821 947 3879 morte,
969 3813 1073 3869 hoc
1103 3814 1176 3870 sit
1211 3829 1537 3886 responsum
1567 3832 1581 3870 :
1612 3812 1732 3871 Non
1770 3830 2007 3887 appare-

426 3906 504 3961 bit
528 3920 621 3961 me
645 3906 768 3974 ejus
800 3907 999 3961 anima:
1049 3905 1310 3977 iniuriam
1342 3906 1619 3971 intulisse,
1672 3907 1791 3964 sive
1819 3923 2007 3979 opere,

424 3999 540 4051 sive
579 3999 772 4062 verbo,
826 3998 945 4055 sive
991 3998 1371 4070 qualicunque
1409 4000 1611 4055 mentis
1639 4000 2006 4071 cogitatione,

422 4087 641 4143 etiamsi
672 4088 825 4144 mille
857 4088 1041 4144 modis
1076 4089 1132 4143 in
1172 4088 1281 4144 hoc
1311 4090 1617 4146 scrutando
1643 4091 2007 4162 defatigatis;

424 4194 551 4235 nam
626 4180 830 4236 veritas
894 4180 1282 4237 immutabilis.
1335 4178 1609 4237 Noveram
1674 4183 1823 4238 enim
1885 4198 2010 4239 eum

421 4271 839 4338 Christianum,
888 4272 1083 4342 pium,
1133 4271 1391 4351 justum,
1451 4280 1508 4329 et
1569 4271 1776 4331 Christi
1827 4275 2007 4347 legum

422 4372 697 4418 anantem
734 4377 799 4417 ac
827 4364 1159 4418 studiosum.
1200 4362 1354 4420 Sciat
1378 4379 1514 4437 ergo
1546 4366 1748 4422 ctelum
1778 4376 1833 4424 et
1860 4376 2011 4425 terra

423 4459 590 4521 atque
635 4451 931 4510 universus
980 4453 1303 4525 angelorum
1358 4455 1586 4525 chorus,
1628 4464 1685 4513 et
1729 4456 2007 4525 Christus,

2120 1964 2378 2035 κόλησαν,
2432 1966 2529 2020 καὶ
2568 1966 2670 2036 τῆς
2722 1967 2879 2038 ἱεράς
2919 1965 3103 2021 αὐτῶν
3147 1968 3245 2021 καὶ
3280 1971 3728 2043 παναγεστάτης

2118 2055 2416 2128 θρησκείας
2443 2057 2636 2129 πόρρω
2666 2075 2769 2111 που
2792 2059 2891 2112 καὶ⁵
2920 2059 3145 2131 μακρὰν
3172 2060 3607 2131 ἀπεπλάνησαν,
3630 2067 3727 2117 καὶ

2118 2152 2342 2222 σπέρμα
2367 2152 2430 2207 es
2467 2153 2665 2223 ἑναγὲς
2715 2153 2884 2208 αὐτοῦ
2910 2155 3008 2208 καὶ
3050 2156 3383 2228 παμμίαρον
3417 2157 3521 2210 καὶ
3559 2158 3726 2225 γένος

2114 2244 2235 2298 ὅλον
2272 2244 2330 2312 ἑξ
2366 2244 2672 2315 ἀνθρώπων
2705 2246 3003 2315 ἠφάνισαν.
3050 2248 3153 2301 Διά
3186 2248 3367 2311 τοῦτο,
3403 2249 3721 2319 θαυμάσιε.

2112 2336 2257 2409 ὁρῶν
2281 2354 2377 2391 σου
2405 2337 2465 2391 τδ
2505 2336 2654 2391 κατά
2692 2337 2875 2392 πάντα
2924 2338 3190 2403 εὐσταθὲς
3229 2357 3290 2393 τε
3318 2340 3417 2393 καὶ
3466 2340 3722 2410 βέὁαιον,

2116 2430 2382 2502 βούλομαί
2407 2447 2467 2484 σε
2491 2430 2592 2502 τῆς
2610 2431 2889 2503 ἡμετέρας
2913 2431 3068 2504 [574]
3100 2432 3322 2503 μερίδος
3341 2433 3438 2486 καὶ
3458 2433 3726 2504 ἑταιρίας

2115 2521 2372 2592 γενέσθαι
2402 2522 2579 2591 φίλον,
2613 2522 2711 2578 καὶ
2759 2522 3097 2595 σύγκληρον,
3137 2525 3235 2579 καὶ
3272 2524 3538 2578 κοινωνὸν
3568 2526 3726 2580 κατά

2114 2614 2292 2669 πάντα
2321 2614 2431 2668 τῶν
2458 2614 2560 2685 τῆς
2594 2614 2877 2686 βασιλείας
2900 2616 3270 2688 πραγμάτων.
3296 2617 3476 2690 Δεῦρο
3498 2618 3722 2679 τοίνυν.

2125 2704 2404 2778 Ἀρτὲμιε,
2438 2705 2599 2778 στῆθι
2644 2705 2768 2777 μεθ’
2797 2706 2958 2778 ημῶν
2984 2707 3099 2762 τῶν
3123 2708 3459 2779 ἀνθρώπων,
3490 2710 3597 2765 καὶ
3620 2711 3723 2765 τοῦ

2114 2797 2354 2869 Χριστοῦ
2397 2798 2623 2870 ἔξαρνος
2671 2798 2992 2871 γενόμενος,
3040 2801 3134 2853 ἑπὶ
3178 2800 3281 2872 τὴν
3325 2802 3568 2873 πάτριον
3620 2804 3723 2857 καὶ

2113 2890 2486 2964 ἀρχαιοτάτην
2515 2892 2610 2945 καὶ
2642 2890 3003 2964 πολυχρόνιον
3039 2892 3333 2964 Ῥωμαίων
3355 2911 3417 2947 τε
3456 2896 3556 2949 καὶ
3593 2896 3723 2950 ἐλ-

2111 2984 2293 3055 λήνων
2322 2982 2626 3055 θρησκείαν
2663 2983 2958 3057 μετάϐηθι,
2990 2984 3088 3039 καὶ
3120 2984 3230 3040 τῶν
3265 2987 3422 3058 παρά
3448 2987 3604 3051 θεοῖς
3626 2989 3723 3043 δε-

2111 3076 2446 3148 δωρημένων
2477 3077 2611 3148 ἡμῖν
2656 3075 2883 3146 ἀγαθῶν
2923 3078 3293 3142 συναπόλαυε,
3325 3078 3510 3150 τιμῶν
3547 3080 3723 3151 μεγί-

2118 3186 2258 3223 στων
2286 3186 2347 3223 τε
2377 3169 2473 3223 καί⁸
2497 3168 2830 3241 ἀξιωμάτων
2858 3171 2917 3223 ἑν
2943 3173 3147 3243 μετοχῇ
3174 3170 3440 3241 γεγονώς.

2186 3259 2292 3333 μδ’.
2323 3260 2468 3333 Πρὸς
2505 3260 2682 3316 ταῦτα
2725 3262 2755 3315 δ
2787 3260 2888 3315 τοῦ
2946 3261 3188 3334 Χριστοῦ
3243 3264 3460 3334 μάρτυς
3510 3264 3724 3336 μικρὸν

2113 3357 2359 3426 ἐπισχὼν
2395 3356 2492 3408 καὶ
2544 3355 3037 3427 ἐπιλογισάμενος,
3082 3356 3179 3411 καὶ
3211 3356 3336 3411 ὅλον
3370 3357 3721 3423 ἑπισυνάξας

2110 3447 2202 3502 τὸν
2230 3447 2425 3503 ἑαυτοῦ
2451 3446 2577 3501 νοῦν
2606 3464 2667 3501 τε
2708 3447 2804 3501 καὶ
2829 3446 3114 3519 λογισμὸν,
3145 3448 3489 3518 ἀπεκρίνατο
3509 3464 3524 3478 ο
3568 3447 3718 3517 Ἐγὼ

2115 3540 2237 3611 μὲν,
2274 3535 2319 3595 ὧ
2351 3538 2603 3611 βασιλεῦ,
2637 3540 2769 3612 περὶ
2819 3540 2919 3611 τῆς
2952 3540 3094 3611 ἐμῆς
3136 3539 3446 3611 θρησκείας
3487 3542 3590 3594 καὶ
3618 3542 3715 3594 aio

2081 3640 2288 3696 ⁵στεως
2333 3631 2597 3702 οὐδεμίαν
2646 3631 2773 3686 τινά
2810 3648 2894 3685 σοι
2930 3630 3239 3700 ἀπολογίαν
3289 3632 3609 3703 ποιήσομαι
3652 3632 3717 3685 τὸ

2112 3724 2313 3795 παρὸν,
2340 3724 2481 3796 ἔχων
2507 3726 2566 3778 ἑν
2600 3726 2807 3797 ἑτοίμῳ
2838 3724 2991 3798 [c0d.
3024 3723 3187 3797 τιμῇ]
3229 3724 3331 3788 τὰς
3361 3724 3507 3794 ὑπὲρ
3541 3722 3717 3792 αὐτῆς

2111 3814 2439 3880 ἀποδείξεις.
2489 3814 2635 3887 Πρὸς
2660 3815 2718 3870 δὲ
2752 3816 2848 3870 τὸν
2901 3814 3000 3869 τοῦ
3030 3814 3127 3869 σοῦ
3168 3814 3402 3883 ἀδελφοῦ
3451 3813 3717 3878 θάνατον.

2112 3906 2289 3961 ἐκεῖνό
2326 3925 2411 3961 σοι
2438 3907 2883 3979 ἀπολογήσομαι,
2915 3906 2993 3970 ὡς
3027 3906 3090 3959 οὗ
3138 3905 3215 3977 μὴ
3261 3906 3589 3977 φανήσομαι
3616 3907 3717 3978 τὴν

2111 3997 2326 4051 ἑκείνου
2358 3996 2540 4069 ψυχὴν
2574 3997 2857 4069 ἠδικηκὼς
2890 3997 3137 4063 πώποτε,
3168 3998 3269 4050 οὐκ
3302 3996 3478 4068 ἔργῳ,
3517 3998 3584 4051 οὐ
3627 3998 3715 4051 λό-

2111 4106 2215 4160 γῳ,
2252 4086 2380 4143 οὔτε
2423 4089 2533 4143 τινὶ
2574 4087 2818 4152 διανοίας
2858 4087 3231 4160 ἑπινοήματι,
3280 4088 3392 4141 οὐδ’
3436 4090 3488 4143 εί
3540 4090 3713 4161 μυρία

2111 4183 2315 4253 κάμοις
2341 4181 2473 4254 περὶ
2496 4180 2692 4236 τούτου
2721 4181 3037 4253 ἀνερευνῶν
3056 4197 3070 4210 ο
3093 4182 3128 4253 ἡ
3161 4179 3394 4252 ἀλήθεια
3424 4180 3542 4252 γάρ
3574 4183 3714 4253 ἀμε-

2109 4272 2401 4345 τάσλητος.
2459 4272 2813 4345 Ἦπιστάμην
2858 4271 2969 4346 γὰρ
3040 4272 3205 4326 αὐτὸν
3254 4272 3598 4344 Χριστιανὸν
3651 4291 3711 4329 τι

2112 4364 2264 4433 ὂντα,
2298 4364 2526 4437 θεοφιλῆ
2584 4381 2647 4419 τε
2676 4366 2773 4421 καί⁵
2823 4365 3059 4433 δίκαιον,
3107 4370 3205 4419 καὶ
3250 4366 3383 4436 περὶ
3427 4366 3566 4430 τοὺς
3617 4364 3711 4419 τοῦ

2111 4455 2355 4529 Χριστοῦ
2384 4457 2585 4529 νόμους
2631 4456 2918 4530 πρόθυμον
2948 4474 3010 4512 τε
3058 4458 3155 4511 καὶ
3198 4457 3494 4511 σπουδαῖον
3533 4459 3714 4529 ὑπάρ-

422 4542 517 4597 tiei
551 4542 751 4611 Filius,
793 4560 959 4616 quem
1006 4546 1178 4603 adoro
1215 4546 1270 4603 in
1316 4548 1538 4619 spiritu,
1590 4563 1682 4607 me
1736 4551 2003 4607 mundum

2118 4565 2309 4622 κοντα·
2337 4549 2472 4604 ἴστω
2491 4548 2673 4604 τοίνυν
2707 4550 2941 4621 οὐρανός
2974 4568 3033 4603 τε
3064 4549 3164 4604 καὶ
3185 4549 3257 4620 γῆ
3291 4549 3386 4603 καὶ
3411 4550 3523 4614 πᾶς
3557 4551 3587 4603 ὸ
3608 4550 3713 4603 τῶν

421 4650 545 4693 esse
575 4637 646 4694 ab
677 4636 799 4709 ejus
834 4654 971 4696 nece
1013 4647 1069 4697 et
1104 4649 1303 4708 morte,
1345 4655 1447 4698 nec
1476 4642 1546 4697 ad
1588 4641 1855 4713 injustam
1890 4644 2012 4714 ejus

420 4729 758 4788 occisionem
802 4732 939 4788 viris
986 4732 1194 4803 impiis,
1233 4733 1331 4803 qui
1384 4733 1537 4789 illam
1583 4735 2011 4803 commiserunt,

418 4819 720 4890 quidquam
786 4820 975 4875 auxilii
1038 4822 1367 4880 contulisse.
1436 4822 1624 4895 Neque
1674 4826 1822 4880 enim
1878 4833 2011 4882 tunc

417 4910 745 4967 Constantio
769 4911 992 4969 aderam
1021 4930 1037 4980 ;
1080 4912 1177 4971 sed
1209 4915 1265 4970 in
1301 4913 1547 4988 Egypto
1574 4916 1868 4989 degebam,
1903 4918 2010 4973 ibi-

420 5004 660 5075 demque
707 5005 886 5062 mansi
939 5021 1120 5077 usque
1167 5008 1235 5062 ad
1284 5017 1613 5079 praesentem
1670 5024 1900 5067 annum.
1946 5011 2014 5066 Et

422 5100 567 5154 hanc
620 5099 841 5170 quidem
901 5099 1280 5158 defensionem
1335 5101 1507 5159 atl'cro
1565 5103 1717 5158 circa
1773 5100 2005 5158 fratrem

419 5198 600 5243 tuum.

488 5457 583 5515 45.
624 5434 779 5524 Quod
820 5473 953 5515 vero
993 5459 1190 5514 attinet
1225 5469 1283 5513 ut
1335 5454 1615 5516 Christum
1661 5460 1907 5532 abjurem
1948 5472 2003 5520 et

417 5552 746 5623 gentilitiam
783 5552 952 5607 vitam
994 5554 1318 5624 amplectar,
1347 5553 1451 5609 hoc
1491 5553 1587 5610 tibi
1630 5556 1998 5628 respondebo,

2112 4641 2285 4713 ἀγίων
2313 4642 2567 4713 ἀγγέλων
2595 4642 2778 4716 χορὸς,
2819 4644 2919 4699 καὶ
2938 4640 3178 4714 Χριστὺς
3207 4644 3236 4697 ὁ
3257 4641 3356 4695 τοῦ
3382 4642 3527 4697 Θεοῦ
3562 4643 3712 4707 Υἱὸς.

2112 4725 2158 4801 ᾧ
2186 4730 2303 4801 ἑγὼ
2340 4730 2595 4803 λατρεύω
2622 4733 2680 4787 ὲν
2729 4731 2810 4803 τῷ
2848 4731 2970 4804 ἑμῷ
3015 4731 3315 4803 πνεύματι,
3355 4731 3434 4795 ὡς
3468 4731 3714 4803 καθαρὸς

2113 4823 2225 4894 ἑγὼ
2254 4822 2357 4892 τῆς
2389 4822 2604 4878 ἑκείνου
2641 4825 2861 4894 σφαγῆς
2887 4841 2948 4878 τε
2971 4823 3069 4878 καὶ
3098 4823 3384 4893 τελευτῆς,
3412 4824 3513 4878 καὶ
3540 4824 3712 4895 μηδὲν

2117 4915 2551 4986 συνεισενεγκὼν
2582 4916 2784 4981 είςτδν
2815 4916 3029 4972 ἑκείνου
3060 4916 3223 4985 φόνον
3250 4916 3346 4971 τὸν
3374 4916 3569 4970 ἄδικον
3598 4918 3712 4981 τοῖς

2113 5005 2306 5064 τοῦτον
2363 5009 2883 5081 κατεργασαμένοις
2933 5009 3176 5073 ἀνοσίοις
3235 5008 3525 5080 ἀνδράσιν.
3575 5007 3709 5061 Οὐδὲ

2114 5102 2227 5174 γάρ
2272 5100 2467 5173 παρὼν
2515 5102 2668 5173 ῆμην
2708 5102 2833 5156 τότε
2865 5103 2965 5158 σὺν
3010 5101 3405 5173 Κωνσταντίῳ,
3441 5101 3583 5156 ἀλλά
3614 5100 3710 5169 τὴν

2114 5194 2395 5264 Αἴγυπτον
2431 5188 2582 5266 εἶχον
2621 5194 2836 5266 οίκησίν
2877 5212 2937 5249 τε
2984 5195 3082 5249 καὶ
3129 5193 3348 5247 δίαιταν
3403 5194 3570 5264 μέχρι
3612 5191 3708 5244 τοῦ

2115 5286 2387 5357 παρόντος
2410 5286 2662 5341 ἐνιαυτοῦ
2683 5303 2697 5318 ·
2721 5287 2820 5340 καὶ
2844 5287 3051 5360 ταύτην
3082 5288 3185 5361 μὲν
3208 5285 3511 5355 ἀπολογίαν
3533 5281 3710 5337 ποιοῦ-

2119 5395 2217 5450 μαι
2248 5378 2378 5448 περὶ
2402 5376 2500 5432 τοῦ
2535 5378 2633 5432 σοῦ
2666 5377 2925 5447 ἀδελφοῦ.

2186 5466 2341 5540 [375}
2379 5475 2484 5539 με’.
2517 5469 2653 5540 Περὶ
2683 5468 2743 5524 δὲ
2773 5469 2868 5523 τοῦ
2912 5468 3004 5523 τὸν
3033 5467 3277 5539 Χριστὸν
3316 5464 3708 5537 ἑξομὼσασθιιι

2112 5561 2206 5616 καὶ
2234 5560 2326 5614 τὸν
2361 5558 2680 5631 Ἑλληνικὸν
2711 5561 3065 5616 ἀσπάσασθαι
3092 5560 3229 5633 βίον,
3249 5558 3408 5615 τοῦτό
3436 5576 3522 5613 σοι
3571 5559 3709 5614 ἀπο-

1973 5717 2205 5777 ΝΟΤᾸΕ.

492 5829 607 5903 (Η)
649 5828 898 5901 Crispum
925 5793 1046 5887 1).ςο
1077 5830 1317 5887 Priscum
1354 5833 1640 5906 legendum
1676 5845 1781 5894 est.
1829 5836 2095 5895 Similiter
2130 5853 2279 5897 num.
2311 5838 2401 5894 45.
2436 5837 2529 5894 Est
2564 5852 2718 5895 error
2750 5835 2981 5913 librarii.
3018 5835 3174 5894 Eutr.
