3882 6356
380 389 515 453 Ῑὲὒὸ

1822 383 2203 448 ADDENDA.

3526 376 3680 439 1296

443 506 538 559 47.
564 504 873 573 ltespondit
894 503 1161 572 Apostata
1199 522 1211 558 :
1243 504 1384 559 Puto
1410 517 1553 573 tc,o
1583 509 1788 565 Artemi
1809 553 1823 576 ,
1852 522 1960 561 non

2141 502 2248 571 μζ¹.
2282 498 2604 553 ’Υπολαὸὼν
2637 498 2691 552 δὲ
2723 499 2749 551 ὁ
2780 497 3112 567 Παραιϐάτης
3143 496 3244 566 ἔφη
3266 511 3277 524 ·
3317 496 3475 548 Δοκῶ
3508 513 3599 561 σε,
3626 494 3681 550 ὦ

376 599 571 653 ducem
616 596 671 650 in
706 595 941 666 [Egypto
987 596 1197 661 fuisse,
1242 599 1336 653 sed
1390 609 1572 654 vatem
1619 603 1957 672 quemdam,

378 706 474 744 seu
509 688 696 759 potius
731 688 1063 744 sannionem
1106 698 1201 743 aut
1240 691 1748 763 circumforaneum
1789 696 1962 750 nebu-

380 783 559 834 lonem
589 820 604 845 ,
656 795 866 834 annum
919 781 1348 837 temnlentarum
1407 786 1859 843 narratiunculas
1906 795 1964 842 et

380 872 596 926 fabulas
628 880 840 927 veteres
880 883 1046 943 atque
1094 874 1412 945 antiquatas
1449 879 1960 935 circumferentem.

375 965 439 1017 Et
475 973 732 1034 martyr:
769 962 887 1018 Non
927 974 1113 1029 recte,
1148 967 1362 1037 inquit,
1393 968 1691 1039 indicasti,
1727 972 1965 1042 impera-

372 1065 486 1119 tor,
525 1071 708 1126 neque
742 1065 798 1112 ut
836 1066 987 1112 tuam
1029 1059 1187 1116 decet
1221 1062 1551 1131 sapientiam
1587 1074 1643 1118 et
1675 1065 1962 1120 virtutem.

376 1147 454 1202 Ex
492 1148 603 1204 diis
641 1151 752 1205 tuis
782 1164 868 1214 et,
901 1168 1028 1222 quae
1057 1166 1217 1223 grata
1253 1155 1461 1219 habes,
1490 1157 1845 1214 documentis
1871 1159 1967 1214 de-

380 1242 824 1299 monstrationes
859 1259 995 1298 eruo
1020 1285 1034 1309 ,
1071 1254 1131 1298 ut
1167 1262 1233 1301 ex
1268 1249 1511 1317 cognitis
1546 1249 1735 1305 discas
1762 1251 1970 1306 verita-

382 1333 455 1387 tis
488 1335 835 1403 u'iysterium.
864 1334 1056 1407 Neque
1084 1338 1373 1394 existimes
1406 1356 1491 1395 me
1519 1342 1813 1411 gentilium
1845 1358 1971 1399 ver-

381 1420 468 1476 bis
498 1422 764 1479 delectari
795 1444 809 1491 ;
849 1441 975 1479 nati)
1011 1427 1185 1481 oleum
1212 1431 1507 1496 peccatoris
1542 1448 1647 1486 non
1678 1432 1968 1503 impinguet

383 1525 543 1582 raptu
603 1533 775 1571 meum
809 1518 871 1585 ⁸;
912 1522 1006 1575 sed
1043 1520 1114 1575 de
1150 1522 1352 1576 anima:
1384 1534 1494 1579 tua:
1533 1526 1714 1581 salute
1758 1528 1972 1582 sollici-

385 1614 513 1671 tus,
551 1622 772 1663 omnem
818 1627 1012 1667 moveo
1058 1613 1337 1682 lapidem,
1384 1624 1447 1669 ut
1486 1616 1591 1671 tibi
1628 1618 1841 1674 veritas
1876 1619 1974 1675 flat

385 1715 675 1769 persuasa.
704 1700 822 1758 Meo
849 1704 1073 1773 quidem
1100 1705 1317 1772 judicio
1336 1748 1351 1770 ,
1381 1708 1845 1777 quemadmodum
1874 1710 1974 1765 Sa-

383 1802 543 1847 tanas
573 1805 813 1849 veterem
842 1797 1049 1861 Adam,
1078 1799 1315 1867 primum
1369 1811 1649 1869 parentem
1674 1844 1686 1869 ,
1726 1818 1974 1860 occazca-

380 1885 456 1937 vit
508 1900 606 1953 per
645 1886 1082 1943 inobedicntiam
1119 1898 1175 1945 et
1211 1890 1428 1948 fruetus
1466 1894 1622 1947 vetiti
1666 1896 1967 1951 comestio-

382 1992 506 2031 uelit
530 2014 546 2039 ,
584 1978 658 2031 ita
694 1987 745 2034 te
779 1996 1033 2050 quoque,
1074 1982 1404 2053 imperator,
1445 1994 1553 2040 tua:
1586 1987 1786 2043 salutis
1824 1990 1964 2044 invi-

381 2069 521 2134 dus,
559 2070 767 2126 Christi
806 2073 914 2129 fide
951 2074 1236 2143 spoliavit.
1275 2076 1431 2141 Quod
1469 2092 1601 2133 vero
1631 2080 1841 2146 solem,
1881 2084 1964 2137 lu-

383 2177 507 2216 nam
542 2173 597 2218 et
640 2171 790 2218 astra
821 2166 955 2221 deos
986 2167 1233 2236 appellas
1254 2207 1268 2233 ,
1317 2170 1487 2239 pudet
1521 2186 1607 2227 me
1638 2173 1968 2242 ignorantize

382 2265 524 2319 tute,
579 2273 676 2312 seu
724 2258 902 2327 magis
955 2261 1360 2329 improbitatis.
1392 2262 1581 2317 Nonne
1606 2262 1968 2337 Anaxagoras

380 2348 813 2415 Clazomenius,
876 2358 1005 2405 tuus
1056 2351 1323 2407 videlicet
1383 2353 1666 2423 magister,
1725 2369 1966 2409 massam

382 2441 599 2511 igneam
632 2443 830 2497 docuit
867 2458 993 2499 esse
1033 2444 1238 2510 solem,
1302 2453 1451 2499 astra
1501 2456 1687 2500 autem
1735 2462 1968 2517 corpora

380 2534 669 2601 pumicosa
699 2544 754 2589 et
784 2536 970 2589 anima
998 2536 1375 2607 sensibusque
1403 2553 1637 2607 prorsus
1665 2540 1970 2596 destituta?

382 2624 676 2688 Quomodo
715 2640 848 2695 ergo
889 2628 1029 2696 ipse,
1059 2628 1364 2698 imperator
1398 2630 1608 2698 optime
1648 2638 1704 2684 et
1743 2634 1971 2702 sapien~

384 2716 599 2771 tissime
624 2759 645 2781 τ
673 2733 795 2787 tunc
827 2734 856 2772 a
897 2721 1179 2791 magistris
1209 2721 1324 2776 tuis
1360 2722 1724 2791 repudiantur
1748 2732 1802 2779 et
1836 2733 1972 2779 eou-

384 2819 706 2865 temnantur
756 2812 893 2867 deos
942 2813 1302 2882 proclamas?
1332 2813 1463 2869 Scio
1500 2816 1650 2869 enim
1691 2826 1744 2871 te
1782 2815 1970 2871 Plato-

383 2905 521 2957 nicae
548 2918 671 2959 esse
702 2912 870 2960 sectae
897 2923 912 2973 ;
948 2915 1000 2959 et
1037 2906 1196 2961 Plato
1227 2908 1449 2977 quidem
1488 2908 1776 2963 Socratem
1807 2910 1974 2964 audi-

382 3000 485 3060 vit,
509 2997 775 3054 Socrates
801 3008 985 3053 autem
1007 2999 1338 3056 Archelaum
1362 3019 1377 3068 ;
1400 3016 1571 3071 porro
1587 3004 1895 3060 Archelaus
1917 3013 1972 3059 et

386 3090 626 3147 Pericles
660 3093 1004 3164 Anaxagorze
1039 3092 1329 3149 auditores
1380 3093 1626 3150 fuerunt.
1679 3096 1972 3161 Quomodo

2077 595 2356 665 Ἀρτέμιε,
2387 595 2448 646 οὐ
2481 590 2790 663 στρατηγὸν
2821 592 2878 643 ὲν
2911 590 3177 659 Αἰγύπτῳ
3216 588 3683 659 παραγενέσθαι,

2065 688 2202 742 ἀλλά
2234 686 2617 757 χρησμολόγον
2640 683 2783 747 τινὰ,
2826 682 3030 754 μᾶλλον
3059 683 3114 735 δὲ
3149 680 3464 751 βωμολόχον
3492 682 3530 751 ἢ
3562 683 3687 751 μὴν

2067 780 2333 850 ἁγύρτην,
2369 777 2464 830 καὶ
2511 774 2701 847 γραῶν
2744 773 3210 842 κωθωνιζομένων
3259 771 3535 842 λογύδρια.
3577 775 3684 826 καὶ

2072 870 2275 941 μύθους
2342 867 2607 930 παλαιοὺς
2648 867 2745 920 καὶ
2796 864 3179 935 γεγηρακότας
3234 866 3680 932 ὲπισυνάγοντα.

2070 962 2177 1014 Καὶ
2202 962 2232 1014 6
2250 961 2460 1031 μάρτυς
2487 976 2499 989 ·
2528 958 2603 1010 Οὐ
2631 956 2813 1019 καλῶς
2842 954 3175 1026 ὑπείληφας,
3198 948 3243 1007 ὦ
3267 954 3526 1025 βασιλεῦ,
3549 958 3683 1009 οὐδὲ

2069 1053 2166 1123 τῆς
2195 1053 2295 1122 σῆς
2337 1051 2534 1118 σοφίας
2575 1050 2668 1101 καὶ
2718 1047 2923 1119 ἀρετῆς
2965 1048 3282 1100 ἱσοστάσια·
3318 1050 3382 1099 ἐκ
3412 1048 3531 1099 τῶν
3565 1048 3683 1100 σῶν

2070 1145 2125 1198 δὲ
2147 1144 2289 1197 θεῶν
2312 1143 2407 1195 καὶ
2436 1141 2546 1195 τῶν
2571 1158 2655 1193 σοι
2681 1138 3003 1211 προσφιλῶν
3029 1137 3371 1209 μαθημάτων
3397 1137 3681 1208 ποιοῦμαι

2071 1238 2170 1300 τὰς
2211 1232 2542 1298 ἀποδείξεις,
2589 1233 2659 1285 ἵν’
2709 1233 2776 1284 ὲκ
2808 1230 2917 1283 τῶν
2958 1246 3041 1281 σοι
3091 1228 3389 1298 γνωρίμων
3452 1228 3521 1280 τὸ
3578 1229 3683 1297 τῆς

2072 1327 2334 1397 ἀληθείας
2366 1325 2563 1395 μάθοις
2601 1323 2924 1393 μυστήριον,
2975 1320 3073 1374 καὶ
3119 1320 3194 1390 μή
3247 1337 3316 1389 με
3345 1318 3515 1391 665-9;
3564 1322 3681 1382 4:07.;

2074 1419 2227 1492 [577]
2258 1419 2369 1473 τῶν
2417 1417 2699 1488 Ἑλλήνων
2746 1412 3258 1483 ἐγκαλλωπίζεσθαι
3295 1412 3556 1482 ῥήμασι·
3602 1416 3679 1483 μὴ

2079 1511 2135 1564 δὲ
2164 1512 2272 1581 γὰρ
2305 1510 2485 1565 ἔλαιον
2530 1506 2865 1578 ἀμαρτωλοῦ
2911 1505 3013 1574 τὴν
3044 1504 3184 1575 ἐμὴν
3235 1504 3533 1557 λιπανῶτω
3580 1523 3679 1558 κε-

2077 1602 2275 1673 φαλὴν,
2314 1602 2452 1655 ἀλλὰ
2480 1602 2580 1671 τῆς
2610 1605 2709 1673 σῆς
2740 1601 3039 1672 κηδόμενος
3082 1601 3325 1672 ψυχικῆς
3360 1603 3678 1673 σωτηρίας.

2077 1696 2212 1748 κινῶ
2240 1696 2414 1749 πάντα
2432 1695 2577 1749 λίθον
2596 1695 2739 1749 ὥστε
2765 1693 3055 1764 πεισθῆναί
3085 1710 3165 1748 σε.
3187 1694 3679 1763 Ὑπολαμϐάνωᾶ

2079 1791 2160 1844 ὅτι
2199 1790 2389 1861 ὥσπερ
2420 1794 2447 1844 6
2480 1792 2728 1855 Σατανᾶς
2770 1794 2862 1846 τὸν
2890 1793 3122 1847 παλαιὸν
3162 1792 3338 1861 Ἀδὰμ
3379 1791 3477 1846 καὶ
3518 1810 3683 1861 πρω-

2073 1883 2372 1938 τόπλαστον
2394 1885 2754 1953 ἀπετύφλωσε
2770 1886 2859 1939 διὰ
2889 1887 2989 1957 τῆς
3006 1886 3297 1957 παρακοῆς
3320 1886 3417 1939 καὶ
3447 1886 3559 1955 τῆς
3581 1886 3681 1939 τοῦ

2077 1976 2243 2045 φυτοῦ
2274 1975 2550 2046 βρώσεως,
2577 1977 2721 2030 οὕτω
2741 1979 2836 2032 καὶ
2854 1979 2935 2037 σὲ.
2953 1978 3198 2047 βασιλεῦ,
3224 1979 3440 2047 φθονῶν
3453 1982 3563 2049 τῆς
3580 1979 3684 2048 σῆς

2079 2068 2375 2139 σωτηρίας,
2403 2068 2502 2138 τῆς
2521 2068 2676 2129 max
2689 2069 2875 2139 ριστοῦ
2894 2070 3263 2140 ἀπεγύμνωσε
3288 2069 3541 2132 πίστεως
3559 2086 3576 2100 ·
3598 2070 3682 2122 ὅτι

2076 2160 2130 2213 δὲ
2155 2159 2244 2213 τὸν
2263 2159 2411 2229 ἣλιον
2438 2162 2532 2214 καὶ
2562 2161 2793 2232 σελήνην
2815 2162 2910 2217 καὶ
2936 2163 3062 2225 τοὺς
3080 2162 3321 2234 ἀστέρας
3341 2162 3510 2225 θεοὺς
3538 2164 3683 2215 ἀπο-

2078 2252 2282 2317 καλεῖς,
2320 2252 2649 2323 αἰσχύνομαι
2679 2255 2738 2307 τὸ
2768 2255 2867 2325 τῆς
2886 2254 3151 2323 ἀμαθίας,
3168 2254 3371 2326 μᾶλλον
3414 2255 3472 2308 δὲ
3508 2271 3681 2310 κακο-

2077 2343 2291 2407 ϐουλίας
2304 2346 2649 2416 ἐπάγγελμαο
2668 2347 2789 2416 οὐχὶ
2818 2347 3186 2418 Ἀναξαγόρας
3207 2350 3235 2401 ό
3249 2346 3639 2419 Κλαζομένιος
3654 2350 3685 2401 6

2076 2437 2273 2509 δηλαδὴ
2300 2440 2390 2502 σὸς
2405 2439 2746 2504 διδάσκαλος,
2771 2441 2973 2513 μύδρον
2993 2442 3099 2512 ἔφη
3115 2441 3205 2495 τὸν
3229 2442 3405 2513 ἣλιον,
3424 2444 3529 2497 καὶ
3548 2444 3683 2507 τοὺς

2078 2531 2315 2601 ἀστέρας
2358 2535 2713 2605 κισσηροειδῆ
2749 2534 3007 2606 σώματα,
3035 2536 3132 2589 καὶ
3173 2536 3464 2599 παντελῶς
3488 2536 3682 2605 ἄψυχα

2081 2624 2172 2676 καὶ
2196 2624 2534 2694 ἀναίσθητα;
2576 2626 2695 2689 πῶς
2722 2622 2815 2681 οὖν
2838 2626 3023 2690 αὐτὸς,
3046 2626 3311 2697 βασιλέων
3335 2628 3534 2699 ἄριστε
3581 2627 3680 2680 καὶ

2079 2716 2512 2786 φιλοσοφώτατε,
2543 2719 2613 2774 τὰ
2641 2719 2748 2773 ὑπὸ
2781 2721 2890 2774 τῶν
2923 2721 3033 2775 σῶν
3061 2721 3409 2775 διδασκάλων
3438 2722 3681 2775 ἀθετοῦ-

2084 2826 2221 2878 μενα
2247 2811 2340 2862 καὶ
2369 2810 2793 2881 διαὸαλλόμενα.
2833 2811 2993 2876 θεοὺς
3037 2811 3513 2883 προσαγορεύειςς
3554 2808 3682 2866 οἶδα

2080 2902 2187 2973 γὰρ
2232 2903 2314 2956 ὅτι
2367 2903 2467 2973 τῆς
2522 2903 2880 2975 Πλατωνικῆς
2929 2904 3198 2976 ὑπάρχεις
3234 2905 3529 2975 αἱρέσεως,
3577 2907 3677 2958 καὶ

2084 2994 2306 3048 Πλάτων
2375 2996 2474 3065 μὲν
2533 2997 2863 3066 Σωκράτους
2913 2997 3172 3068 διήκουσε
3203 3040 3218 3063 ,
3260 2997 3568 3067 Σωκράτης
3616 2996 3679 3051 δὲ

2094 3086 2412 3156 Ἀρχέλαου,
2450 3087 2743 3157 Ἀρχέλαος
2770 3089 2827 3141 δὲ
2859 3089 2956 3142 καὶ
2982 3088 3258 3160 Περικλῆς
3300 3088 3679 3159 Ἀναξαγόρου

384 3184 574 3252 igitur,
606 3184 872 3254 princeps
900 3184 1230 3239 admirando
1249 3225 1262 3249 ,
1290 3186 1397 3241 ista
1424 3186 1559 3242 deos
1583 3186 1724 3242 dicis
1745 3226 1758 3252 ,
1793 3197 1845 3243 et
1876 3205 1969 3245 su-

2079 3178 2401 3250 διὴκουσαν·
2433 3182 2549 3243 πῶς
2592 3180 2709 3242 οὖν,
2744 3174 2790 3235 ὦ
2826 3181 3132 3251 θαυμάσιε,
3167 3179 3351 3235 ταῦτα
3394 3197 3679 3252 προσαγοο

384 3290 482 3342 pcr
514 3278 705 3329 omnia
743 3277 918 3331 solem
953 3278 1243 3333 veneraris
1264 3318 1279 3343 ,
1313 3294 1555 3348 eumque
1580 3280 1970 3349 jusjurandum

384 3363 806 3431 imperatorium
839 3366 1189 3421 constituis?
1219 3368 1333 3421 Cur
1361 3369 1611 3437 qualibet
1642 3371 1969 3435 occasione,

385 3454 505 3509 sive
540 3455 594 3509 in
627 3456 916 3526 epistolis,
953 3458 1076 3513 sive
1113 3460 1167 3513 in
1209 3460 1549 3529 colloquiis,
1586 3462 1704 3518 sive
1745 3465 1800 3518 in
1840 3479 1973 3520 eon-

385 3548 683 3612 cionihus,
724 3550 929 3618 smpius
982 3566 1225 3620 usurpas
1265 3550 1565 3607 formulam
1599 3554 1704 3609 Per
1760 3557 1925 3612 solem
1950 3559 1975 3611 .9

387 3639 495 3693 Sed
536 3641 669 3710 quid
711 3648 930 3711 oportet
969 3641 1051 3697 sic
1092 3644 1403 3713 producere
1454 3650 1819 3703 sermonem?
1853 3648 1972 3704 Non

387 3732 585 3803 abjuro
630 3734 917 3790 Christum
977 3752 1193 3801 meum,
1254 3738 1440 3795 absit!
1502 3755 1611 3795 non
1667 3742 1977 3811 amplector

385 3825 777 3880 detestabilem
821 3826 1110 3895 gentilium
1157 3828 1525 3898 impietatem.
1572 3827 1770 3884 Maneo
1808 3831 1863 3885 in
1908 3833 1976 3888 iis

385 3933 508 3986 qua:
542 3917 779 3972 edoctus
815 3933 974 3985 sum,
1009 3927 1064 3974 et
1100 3935 1402 3989 persevera
1432 3922 1486 3976 in
1518 3922 1767 3992 paternis
1803 3923 1977 3978 tradi-

386 4010 657 4071 tionibus,
684 4025 828 4080 quas
852 4011 1065 4066 nullum
1099 4020 1317 4083 tempus
1341 4014 1565 4083 dejiciet
1584 4055 1598 4078 ,
1622 4014 1843 4069 etiamsi
1878 4029 1975 4069 su-

387 4100 552 4154 hlime
582 4101 714 4169 quid
758 4116 977 4157 summa
1019 4101 1331 4173 delegerint
1370 4103 1654 4173 ingenia,,
1695 4112 1752 4157 ut
1788 4103 1975 4158 dicam

386 4193 596 4261 aliquid
627 4210 753 4248 cum
778 4202 965 4248 vestro
1000 4205 1159 4263 poeta
1194 4194 1482 4265 Euripide.

454 4287 545 4338 48.
591 4286 670 4338 Ad
705 4286 820 4339 hzec
848 4286 1017 4339 verba
1042 4283 1300 4341 Julianus
1325 4284 1683 4354 stupefactus
1710 4290 1766 4340 et
1795 4285 1978 4340 incer-

386 4386 476 4432 tus
505 4378 640 4446 quid
691 4386 918 4446 ageret,
972 4377 1136 4446 plane
1188 4378 1498 4441 obmutuit,
1553 4379 1821 4450 martyris
1878 4380 1976 4435 ad-

384 4470 617 4523 miratus
654 4484 907 4540 magnam
934 4469 1311 4526 eruditionem
1346 4480 1399 4526 et
1430 4471 1813 4542 eloquentiam
1843 4512 1858 4539 ,
1891 4482 1977 4528 at-

2079 3272 2259 3342 ρεύεις
2289 3271 2468 3336 θεοὺς,
2503 3274 2647 3343 ὑπὲρ
2675 3273 2732 3326 δὲ
2780 3274 2991 3338 πάντας
3020 3272 3296 3337 ἀσπάζεις
3346 3274 3439 3327 τὸν
3491 3275 3677 3344 ἥλιον,

2074 3366 2171 3419 καὶ
2189 3366 2353 3436 ὅρκον
2381 3366 2545 3419 αὐτὸν
2568 3366 2842 3437 βασίλειον
2871 3367 3124 3433 “cities-at;
3154 3367 3269 3420 ἄνω
3299 3384 3359 3419 τε
3386 3367 3484 3420 καὶ
3516 3367 3679 3420 κάτω

2076 3458 2178 3511 κάν
2205 3459 2325 3520 ταῖς
2355 3459 2690 3522 ἐπιστολαῖς,
2719 3461 2821 3513 κάν
2849 3462 2962 3522 τοῖς
2982 3458 3185 3527 λόγοις,
3216 3460 3320 3511 κάν
3346 3461 3469 3520 ταῖς
3496 3474 3672 3528 προσ-ο

2077 3549 2425 3620 αγορεύσεσι,
2479 3550 2615 3604 πολὺ
2669 3551 2732 3604 τὸ
2765 3549 2863 3604 Μὰ
2892 3549 2998 3603 τὸν
3032 3550 3245 3618 ἤλιεν;
3288 3548 3456 3602 Ἀλλά
3498 3550 3556 3600 τί
3594 3548 3677 3601 δεῖ

2075 3641 2247 3696 ταῦτα
2286 3644 2703 3714 μακρηγορεῖν;
2766 3643 2871 3697 οὐκ
2918 3643 3262 3713 ἐξαρνοῦμαι
3309 3642 3403 3695 τὸν
3437 3640 3676 3712 Χριστόν

2081 3753 2205 3803 μου,
2239 3734 2575 3804 μὴγένοιτοι
2602 3736 2703 3788 οὐκ
2735 3733 3058 3806 ἀσπάζομαι
3081 3735 3181 3804 τὴν
3206 3734 3463 3805 μυσαρὸν
3491 3734 3678 3803 Ἐλλή-

2076 3842 2182 3876 νων
2208 3824 2466 3878 ἀσὲὁειαν
2491 3840 2505 3855 ⁸
2535 3824 2674 3879 ἀλλά
2707 3824 2854 3897 μενῶ
2881 3828 2939 3880 ὲν
2962 3820 3044 3889 οἷς
3066 3826 3380 3895 ὲδιδάχ⁰ην.
3416 3826 3516 3879 καὶ
3540 3841 3678 3897 rapa

2078 3913 2223 3985 τερῶ
2274 3914 2368 3968 ἐπὶ
2421 3917 2542 3979 ταῖς
2596 3918 2858 3987 πατριαῖς
2915 3916 3324 3987 παραδόσεσιν,
3378 3916 3448 3980 ἃς
3501 3918 3675 3982 οὐδεὶς

2080 4008 2383 4063 καταϐαλεῖ
2407 4011 2620 4080 χρόνος,
2654 4008 2758 4064 κᾶν
2803 4011 2853 4064 εἰ
2886 4010 2953 4063 δι’
2983 4012 3172 4082 ἄκρων
3200 4012 3263 4064 τὸ
3299 4012 3471 4081 σοφὸν
3510 4010 3675 4079 ἐφεύ-

2082 4119 2243 4173 ρηται
2276 4102 2514 4172 φρενῶν,
2544 4102 2615 4155 ἶν’
2649 4103 2787 4157 εἴπω
2820 4120 2871 4156 τι
2930 4105 3055 4156 κατ’
3086 4104 3389 4175 Εὐριπίδην
3416 4106 3509 4156 τὸν
3540 4105 3672 4173 ὑμέ·

2079 4210 2238 4266 τερον
2262 4196 2518 4265 ποιητήν.

2153 4287 2265 4359 μη’.
2300 4288 2445 4360 Πρὸς
2478 4287 2656 4343 ταῦτα
2694 4292 2725 4343 6
2769 4288 3056 4352 Ἰουλιανὸς
3086 4288 3435 4359 εἰλιγγιάσας
3465 4291 3561 4343 καὶ
3592 4288 3673 4352 ἑξ-

2081 4380 2381 4452 απορηθεὶς
2412 4380 2605 4452 [378],
2648 4381 2751 4435 οὐκ
2797 4378 2946 4452 εἶχεν
2993 4381 3022 4434 ὃ
3068 4399 3124 4434 τι
3152 4383 3251 4434 καὶ
3279 4381 3542 4453 γένηται,
3583 4380 3673 4435 τοῦ

2084 4473 2361 4543 μάρτυρος
2401 4472 2690 4544 θαυμάσας
2713 4475 2773 4525 τὸ
2816 4474 3134 4543 πολυμαθές
3165 4490 3224 4525 τε
3265 4474 3364 4526 καὶ
3407 4472 3673 4543 εὔστομον

384 4564 490 4628 quc
542 4560 595 4614 in
657 4561 1048 4632 respondendo
1100 4572 1157 4619 et
1206 4563 1564 4620 defendendo
1616 4563 1969 4622 facilitatem.

2082 4568 2177 4623 καὶ
2224 4568 2358 4639 πρὸς
2400 4569 2508 4622 πᾶν
2538 4565 2633 4621 οὖν
2682 4568 2906 4637 ἕτοιμον
2963 4568 3058 4621 καὶ
3106 4567 3539 4636 εὐαπολόγητον.
3568 4566 3674 4619 Καὶ

387 4652 536 4706 Dixit
567 4668 704 4723 ergo
732 4653 780 4708 ei
810 4652 1023 4709 Christi
1059 4663 1274 4728 martyr
1306 4675 1318 4710 :
1355 4656 1615 4724 Dimitte,
1651 4658 1976 4743 imperator,

384 4753 659 4801 mortuam
702 4754 756 4800 et
795 4746 1147 4817 antiquatam
1192 4749 1484 4818 gentilium
1523 4750 1976 4821 superstitionem

342 4839 397 4903 Α(
425 4854 548 4892 nam
585 4838 680 4894 diu
712 4841 826 4910 jam
862 4842 1078 4911 putruit
1106 4842 1123 4909 )
1147 4883 1161 4908 ,
1200 4851 1256 4899 et
1292 4845 1497 4901 accede
1529 4847 1600 4901 ad
1636 4847 1927 4904 Christum
1959 4867 1973 4917 ;

380 4934 719 5002 longanimis
760 4936 910 4989 enim
956 4946 1041 4991 est
1080 4945 1134 4992 et
1177 4939 1535 5003 misericors,
1580 4957 1645 4998 ac
1691 4945 1975 5013 pmniten-

379 5024 510 5076 tiam
540 5032 691 5079 tuam
721 5028 1017 5098 suscipiet.
1064 5029 1169 5084 Sed
1204 5030 1320 5085 fieri
1350 5049 1458 5087 non
1490 5043 1707 5104 poterat
1737 5045 1797 5091 ut
1828 5053 1975 5092 mar-

378 5128 465 5185 tyr
497 5119 697 5173 mentis
730 5135 1009 5189 perversae
1046 5121 1275 5190 impetui
1306 5126 1587 5179 resisteret
1617 5144 1630 5191 ;
1666 5135 1761 5181 aut
1814 5143 1973 5183 revo-

375 5208 801 5262 raretanimam
850 5225 950 5263 sua
991 5221 1189 5279 sponte
1237 5213 1305 5267 ad
1345 5214 1718 5283 perditionem
1744 5227 1965 5271 euntem

376 5314 438 5352 ac
468 5298 841 5357 festinantem.
868 5302 1007 5357 Nam
1028 5302 1289 5360 Julianus
1310 5347 1325 5372 ,
1350 5304 1558 5362 dudum
1584 5308 1962 5377 gentilismum

376 5392 563 5446 animo
595 5392 803 5457 fovens,
828 5393 1091 5451 haustum
1124 5412 1189 5451 ex
1247 5398 1366 5454 suis
1395 5398 1451 5453 in
1512 5398 1664 5453 lonia
1696 5414 1820 5454 cum
1855 5401 1965 5454 Ma-

376 5484 526 5539 ximo
548 5486 880 5557 philosOpho
907 5490 1231 5560 colloquiis,
1257 5492 1505 5562 quandiu
1536 5494 1759 5563 quidem
1789 5494 1962 5549 frater

378 5592 515 5631 suus
547 5579 857 5649 superfuit,
897 5591 950 5638 et
989 5592 1115 5654 post
1163 5585 1341 5656 ipsum
1388 5585 1786 5653 Constantius,
1824 5588 1957 5643 nihil

377 5683 491 5737 pra:
516 5669 717 5726 timore
745 5688 937 5728 eorum
967 5690 1137 5733 ausus
1168 5687 1257 5736 est
1281 5679 1560 5752 detegere.
1588 5680 1803 5748 Quibus
1830 5695 1960 5737 vero

453 5846 472 5877 ε
495 5844 639 5899 Psal.
672 5861 793 5911 XLV,
828 5844 909 5902 5.‘

2083 4663 2248 4733 φησὶν
2277 4661 2415 4733 πρὸς
2447 4660 2609 4715 αὑτὸν
2634 4661 2663 4714 6
2700 4660 2794 4714 τοῦ
2822 4660 3063 4732 Χριστοῦ
3110 4660 3323 4730 μάρτυς
3345 4676 3359 4689 ο
3394 4662 3598 4726 Ἄφες,
3630 4652 3674 4711 ὦ

2084 4754 2328 4827 βασιλεῦ,
2355 4755 2453 4826 τὴν
2494 4755 2696 4827 νεκρὰν
2742 4753 2840 4807 καὶ
2885 4752 3225 4823 ὲξωδηκυῖαν
3256 4751 3369 4805 τῶν
3403 4751 3671 4821 Ἑλλήνων

2081 4847 2414 4918 θρησκείανο
2470 4847 2570 4918 ἤδη
2617 4845 2727 4916 γὰρ
2759 4846 2853 4899 καὶ
2884 4846 2993 4915 πρὸ
3040 4843 3238 4897 πολλοῦ
3275 4845 3545 4915 σέσηπεν,
3584 4844 3670 4896 καὶ

2080 4938 2346 5010 πρόσελθε
2391 4938 2471 5009 τῷ
2508 4938 2769 5009 Χριστῴ’
2814 4937 3171 5009 μακρόθυμος
3222 4938 3335 5007 γάρ
3378 4939 3533 4988 ἐστιν
3579 4936 3669 4989 καὶ

2079 5030 2465 5101 φιλάνθρωπος
2511 5030 2608 5084 καὶ
2650 5030 2869 5100 δέχεται
2905 5046 3002 5082 σου
3043 5030 3103 5081 τὸ
3146 5028 3466 5098 μεταμελές
3521 5024 3664 5098 [ιεοιι.

2078 5126 2183 5194 πλη
2195 5123 2445 5197 μμελές].
2493 5124 2635 5177 Ἀλλ’
2665 5124 2765 5177 οὐκ
2808 5118 2878 5194 ἦν
2910 5123 3017 5194 ἄρα
3052 5122 3282 5193 γνώμης
3310 5118 3666 5175 ἑθελοκακούο

2076 5235 2177 5287 σης
2220 5217 2492 5284 ἀντισχεῖν
2528 5215 2761 5285 ὁρμαῖς,
2811 5213 2934 5267 οὐδὲ
2985 5209 3437 5265 ἀνακαλέσασθαι
3493 5208 3665 5278 ψυχὴν

2074 5307 2357 5379 αὐτομόλῳ
2389 5307 2599 5376 διανοίᾳ
2622 5305 2758 5375 πρὸς
2784 5302 3062 5357 ἀπώλειαν
3089 5301 3397 5374 ἐρχομένην
3421 5300 3517 5353 καὶ
3550 5300 3667 5351 ἐπι·

2073 5400 2509 5455 σπεύδουσαν.“0
2527 5398 2635 5469 γὰρ
2666 5396 2954 5457 Ἰουλιανὸς
2986 5396 3155 5451 πάλαι
3184 5395 3277 5447 τὸν
3313 5391 3669 5462 Ἐλληνισμδν

2071 5493 2213 5545 κατὰ
2245 5490 2427 5561 ψυχὴν
2473 5488 2706 5553 ὠδίνων,
2749 5487 2813 5539 ὲκ
2859 5484 2969 5539 τῶν
3020 5487 3078 5537 ὲν
3134 5484 3312 5555 Ἰωνέα
3358 5482 3665 5551 γενομένων

2068 5584 2216 5655 αὐτῷ
2251 5582 2391 5655 πρὸς
2441 5582 2535 5635 τὸν
2585 5579 2730 5650 ἀμφὶ
2766 5578 2865 5632 τὸν
2896 5576 3150 5648 Μάξιμον
3198 5575 3496 5644 φιλόσοφον
3542 5588 3666 5623 συν-

2075 5675 2296 5740 ουσιῶν,
2333 5672 2419 5742 ἐφ’
2453 5673 2576 5728 ὅσον
2618 5671 2719 5744 μὲν
2754 5670 2843 5724 ὅτε
2876 5667 3101 5737 ἁδελφὸς
3135 5665 3284 5737 αὐτῷ
3325 5663 3548 5735 περιῆν,
3570 5668 3666 5718 ttat
