3876 6336
171 501 194 567 1
205 503 318 567 297

1431 504 1491 563 s.
1534 498 1858 561 ARTEMII
1897 480 2189 560 PASSIO.

3318 500 3457 565 1293

172 618 305 687 μετ’
356 613 520 668 αὐτὸν
568 611 972 678 Κωνστάντιος,
1027 614 1056 667 ὀ
1101 613 1160 667 δὲ
1188 613 1339 667 οὐδὲν
1381 608 1773 683 παραγυμνοῦν

1893 609 1944 664 .le
1970 608 2418 665 mediosublatis
2439 651 2451 675 ,
2486 610 2605 680 ipse
2623 606 2738 681 jam
2763 623 2948 664 rerum
2983 609 3191 680 potitus
3213 649 3226 675 ,
3264 626 3457 681 perso-

168 707 424 779 ὲθάρῤει,
457 704 548 757 διὰ
589 703 659 757 τδη
686 704 745 769 ἐξ
781 705 1008 759 ἐκείνων
1042 704 1187 770 δέος·
1242 704 1365 758 ἐπεὶ
1420 704 1476 758 δὶ
1514 699 1659 758 οὗτοι
1704 701 1762 767 ἐξ

166 794 487 865 ἀνθρώπων
522 789 685 865 ἦσαν,
715 794 880 859 αὐτὸς
920 794 979 848 δὲ
1019 795 1129 849 τῶν
1168 795 1509 867 πραγμάτων
1539 795 1637 865 ἤδη
1666 792 1764 846 κύ-

1871 712 1999 752 natn
2032 699 2289 769 deposuit
2325 706 2380 755 et
2416 701 2563 755 omni
2602 698 2791 756 studio
2831 702 2886 755 in
2920 702 3238 761 universum
3278 707 3458 774 genti-

1875 792 2095 847 lismum
2136 793 2338 862 erupit.

170 902 293 954 ριος
335 880 427 955 ἦν,
471 884 594 938 τότε
646 884 710 955 δὴ
741 885 823 947 εἰς
855 885 917 938 τὸ
957 885 1195 957 φανερὸν
1242 885 1766 956 ἁπαμφιασάμενος,
1809 882 2016 947 πάσαις
2041 884 2235 954 ἁθρόον
2264 887 2343 949 είς
2366 885 2457 939 τὸν
2488 884 2842 956 Ἐλληνισμδν
2864 883 3137 958 ἐξερράγη
3162 888 3280 950 ταῖς
3336 901 3461 960 προι

167 977 430 1045 θυμίαις.

255 1072 366 1142 μθ’.
414 1070 778 1143 Ἀπεκρίνατο
819 1071 1112 1142 τοιγαροῦν
1162 1072 1299 1143 πρὸς
1342 1072 1435 1124 τὸν
1480 1070 1770 1141 μάρτυραο

185 1165 349 1217 Ἐπεὶ
382 1166 508 1227 τοὺς
555 1165 721 1233 ἐμοὺς
753 1162 1120 1233 ἑξεφαύλισας
1168 1166 1383 1233 λόγους,
1412 1162 1458 1217 ὦ
1502 1162 1647 1234 κακὴ
1678 1178 1772 1214 κε-

174 1257 353 1328 φαλὴ,
386 1256 695 1325 ἐτόλμησας
738 1255 793 1308 δὲ
846 1257 942 1311 καὶ
971 1257 1109 1325 πρὸς
1145 1256 1244 1327 τὴν
1286 1256 1393 1309 τῶν
1427 1254 1772 1328 Χριστιανῶν

180 1365 253 1417 με
290 1346 479 1399 πίστιν
523 1348 882 1415 μεταγαγεῖν,
916 1346 1092 1399 ταῦτά
1146 1361 1227 1397 σοι
1262 1346 1385 1399 ἀντὶ
1417 1345 1525 1397 τῶν
1554 1343 1772 1414 δωρεῶν

176 1435 261 1491 ὢν
293 1436 618 1507 ὑπεσχόμην
665 1436 982 1506 χαρίζομαι.
1024 1436 1255 1489 Κελεύει
1287 1433 1381 1491 οὖν
1426 1432 1774 1504 ἀπογυμνοῦ-

179 1532 315 1586 σθαι
354 1531 447 1584 τὸν
484 1530 761 1601 μάρτυρα,
798 1531 896 1585 καὶ
945 1530 1200 1594 σούδλαις
1244 1530 1491 1601 σιδηραῖς
1525 1543 1774 1597 πεπυρα-

180 1628 499 1697 κτωμέναις
557 1626 655 1689 τὰς
689 1625 935 1697 πλευρὰς
982 1625 1151 1678 αὐτοῦ
1202 1623 1651 1695 διαπερονᾶσθαι,
1683 1621 1775 1674 καὶ

178 1721 278 1772 τὸν
310 1719 481 1772 νῶτον
521 1718 685 1770 αὐτοῦ
719 1717 992 1788 περιϐόλοις
1023 1717 1174 1784 ὀξέσι
1206 1716 1649 1772 κατακεντᾶσθαι
1683 1714 1777 1766 καὶ

178 1810 634 1881 διαρρήγνυσθαι
687 1810 988 1880 συρόμενον
1044 1809 1253 1865 ὕπτιον,
1285 1809 1502 1862 Τούτων
1537 1806 1595 1860 δὲ
1642 1805 1779 1876 μετὰ
1817 1845 1856 1898 Β

184 1900 387 1955 πολλοῦ
425 1900 522 1954 τοῦ
551 1900 749 1970 τάχους
800 1899 1275 1969 προσενεχθέντων
1303 1899 1382 1969 τῷ
1435 1899 1713 1968 μάρτυρι,
1748 1899 1782 1967 ἠ

185 1993 331 2065 αὐτὴ
347 1994 615 2064 καρτερία
636 1988 704 2063 ἦν
728 1991 877 2062 αὐτῷ
921 1992 1218 2063 καθώσπερ
1246 1993 1337 2045 καὶ
1366 1992 1655 2061 πρότερον,
1692 1990 1786 2041 καὶ

184 2087 385 2156 ὥσπερ
419 2085 710 2156 ἀλλοτρίου
738 2084 1041 2154 πάσχοντος
1067 2084 1341 2155 σώματος,
1367 2082 1533 2145 αὐτὸς
1565 2081 1783 2151 θεατὴς,

184 2177 306 2232 ἀλλ’
340 2178 401 2231 οὐ
458 2179 694 2248 πάσχειν
725 2194 777 2229 τι
822 2176 931 2229 τῶν
968 2175 1160 2229 δεινῶν
1195 2174 1347 2247 [⁵579]
1391 2173 1782 2241 κατεφαίνετοο

186 2273 288 2326 καὶ
318 2271 383 2343 δὴ
426 2274 520 2325 ἐπὶ
549 2272 773 2334 πολλαῖς
802 2273 922 2333 ταῖς
965 2271 1135 2342 ὥραις
1166 2270 1261 2324 τοῦ
1306 2271 1463 2338 ἁγίου
1497 2266 1780 2337 βασανιζο-

192 2364 380 2432 μένου,
422 2364 516 2418 καὶ
566 2362 839 2434 μηδεμίαν
871 2363 1058 2433 φωνὴν
1095 2363 1127 2433 ἢ
1159 2362 1464 2431 στεναγμὸν
1505 2358 1777 2428 ἀφιέντος,

188 2456 355 2519 αὐτὸς
375 2455 453 2508 τὼ
486 2458 638 2525 χεῖρε
678 2454 973 2524 κροτήσας,
1022 2452 1216 2523 ὥσπερ
1242 2451 1547 2524 ἡττημένος
1580 2450 1780 2518 ἀνέστη

186 2545 290 2619 τοῦ
335 2548 600 2617 βήματος,
652 2546 743 2598 καὶ
784 2544 999 2598 κελεύει
1036 2544 1129 2598 τὸν
1179 2546 1442 2616 μάρτυρα.
1480 2541 1644 2597 πάλιν
1687 2542 1782 2592 ἐπὶ

190 2624 540 2711 τὴνείρκτὴν
573 2638 905 2709 ἀπαχθῆναι,
942 2640 1034 2691 καὶ
1069 2640 1206 2709 μήτε
1254 2638 1419 2708 ἄρτον
1453 2636 1589 2705 μήτε
1642 2632 1784 2702 ὕδωρ

1951 1067 2041 1121 49.
2087 1066 2397 1138 Respondit
2438 1067 2628 1138 itaque
2674 1069 2904 1137 martyri
2940 1084 2954 1121 :
2990 1066 3263 1133 Quoniam
3296 1066 3463 1121 verba

1882 1175 2002 1214 mea
2035 1161 2427 1231 contempsisti
2452 1203 2467 1227 ,
2497 1175 2529 1214 ο
2558 1162 2889 1216 sceleratum
2921 1168 3085 1231 caput
3107 1199 3121 1224 ,
3155 1161 3266 1215 imo
3296 1174 3464 1215 ausus

1880 1265 1939 1307 es
1968 1253 2032 1306 ad
2064 1251 2519 1308 Christianorum
2550 1250 2710 1306 tidem
2742 1266 2828 1307 me
2856 1254 3151 1307 traducere
3172 1291 3185 1315 ,
3221 1251 3338 1306 haec
3364 1251 3466 1305 tibi

1880 1356 1981 1411 pro
2014 1344 2175 1398 donis
2200 1382 2214 1407 ,
2246 1357 2368 1412 quae
2405 1344 2771 1412 promiseram
2793 1384 2805 1408 ,
2838 1342 3107 1413 gratitico.
3136 1341 3301 1399 Juhet
3334 1357 3469 1412 ergo

1882 1434 2149 1488 denudari
2185 1443 2583 1505 martyrem,et
2612 1434 2825 1491 subulis
2861 1434 3058 1489 ferreis
3092 1435 3467 1490 candentibus

1882 1526 2001 1595 ejus
2038 1527 2207 1579 latera
2243 1526 2490 1597 transﬁgi
2519 1567 2533 1593 ,
2567 1526 2689 1597 ejus
2731 1527 2961 1582 dorsum
3017 1527 3237 1583 tribulis
3286 1527 3468 1581 acutis

1884 1617 2079 1686 pungi,
2113 1627 2166 1671 et
2200 1617 2474 1688 disrumpi
2532 1621 2795 1689 supinant
2841 1627 3213 1689 protractum.
3253 1619 3469 1683 Quibus

1885 1708 2175 1778 suppliciis
2200 1709 2611 1778 quamprimum
2645 1710 2875 1778 martyri
2903 1711 3074 1766 illatis
3095 1752 3107 1773 ,
3134 1711 3327 1765 eadem
3352 1717 3471 1765 erat

1884 1800 1932 1854 ei
1966 1801 2280 1854 constantia
2306 1840 2319 1864 ,
2354 1814 2480 1871 quae
2518 1802 2711 1870 prius;
2750 1810 2803 1856 et
2835 1804 2995 1871 quasi
3043 1804 3211 1857 alieni
3263 1804 3470 1860 doloris

1886 1900 2166 1960 spectator
2195 1890 2416 1958 fuisset,
2448 1894 2585 1947 nihil
2615 1908 2782 1963 grave
2810 1894 2924 1963 pati
2951 1893 3263 1951 videbatur.
3289 1896 3472 1951 Multis

1886 1993 2064 2035 autem
2103 1982 2258 2037 horis
2295 1991 2493 2037 saneto
2532 1988 2788 2037 erueiato
2812 2027 2825 2050 ,
2864 2000 3043 2053 neque
3079 1986 3247 2039 ullam
3278 2002 3470 2041 vocem

1885 2085 1978 2128 aut
2004 2078 2270 2143 gemitum
2298 2075 2587 2129 emittente
2607 2114 2620 2139 ,
2646 2073 2908 2130 Julianus
2934 2092 3099 2130 manu
3128 2079 3351 2146 signum
3377 2079 3472 2133 dc-

1884 2166 2064 2229 tlit,et
2099 2168 2257 2236 quasi
2293 2168 2475 2222 victus
2512 2169 2759 2222 surrexit
2792 2182 2820 2220 a
2860 2168 3162 2235 tribunali,
3195 2172 3475 2241 jussitque

1876 2267 2186 2328 martyrem
2225 2259 2292 2314 ad
2323 2273 2607 2315 carcerem
2660 2259 2891 2326 reduci,
2942 2271 2996 2316 et
3050 2277 3231 2333 neque
3280 2278 3474 2334 panem

1889 2366 2069 2420 neque
2100 2367 2298 2421 aquam
2326 2352 2373 2406 ei
2403 2352 2638 2422 praeberi
2661 2392 2675 2416 ,
2703 2367 2807 2408 nec
2836 2368 3182 2425 quaecunque
3209 2358 3275 2411 ad
3308 2358 3476 2411 vitam

1891 2446 2315 2500 sustentandam
2354 2446 2612 2502 homines
2645 2454 2892 2502 sumunt.
2925 2452 3046 2518 Ipse
3076 2457 3260 2505 autem
3291 2451 3344 2503 in
3380 2450 3477 2504 Da-

1890 2538 2095 2607 phnem
2129 2554 2190 2593 se
2222 2539 2463 2594 contulit
2486 2579 2499 2602 ,
2531 2556 2653 2610 qua:
2680 2548 2767 2596 est
2792 2542 3103 2597 Antiochia).
3126 2544 3478 2613 jucundissi-

1894 2645 1981 2683 ma
2015 2632 2195 2686 sedes.

194 2731 347 2799 αὐτῷ
386 2731 817 2801 παρασχεθῆναι,
846 2732 920 2801 μὴ
938 2731 981 2785 δ’
1015 2732 1114 2785 ὅσα
1132 2731 1269 2801 πρὸς
1289 2730 1349 2783 τὸ
1381 2730 1480 2801 ζῇν
1508 2724 2020 2800 μεταλαμϐάνουσιν
2060 2725 2363 2798 ἄνθρωποι·
2391 2728 2552 2791 αὐτὸς
2570 2727 2627 2780 δὲ
2664 2728 2756 2781 ἐπὶ
2778 2730 2881 2800 τὴν
2908 2732 3127 2802 Δάφνην
3155 2731 3405 2803 ὥρμησε,
3416 2734 3479 2801 τὸ

193 2827 293 2897 τῆς
333 2827 660 2896 Ἀντιοχείας
690 2827 978 2880 κάλλιστον
1014 2827 1358 2897 ἐνδιαίτημα.

266 2924 331 2971 ν’.
366 2919 498 2988 Περὶ
532 2919 590 2971 δὲ
637 2919 697 2971 τὸ
736 2919 1087 2989 μεσονύκτιον
1119 2920 1404 2989 εὐχομένῳ
1432 2919 1511 2990 τῷ
1541 2920 1779 2990 μάρτυρι

194 3008 289 3061 ἐπὶ
319 3007 416 3077 τῆς
440 3007 712 3077 φυλακῆς,
737 3008 990 3074 φαίνεται
1011 3008 1160 3078 αὐτῷ
1185 3011 1213 3060 ὁ
1237 3010 1496 3079 Χριστὸς,
1527 3012 1621 3063 καὶ
1647 3010 1779 3079 φησὶ

1960 2911 2048 2966 50.
2094 2910 2296 2965 Verum
2328 2912 2477 2967 circa
2517 2911 2752 2966 mediam
2781 2923 2998 2967 noctem
3030 2914 3213 2968 oranti
3246 2919 3476 2990 martyri

1889 3006 1944 3057 in
1975 3003 2231 3058 custodia
2260 3004 2525 3057 Christus
2557 3011 2790 3073 apparet
2823 3015 2876 3060 et
2907 3005 3044 3059 dicit
3072 3025 3084 3061 :
3120 3008 3328 3062 Artemi
3349 3048 3365 3072 ,
3400 3009 3480 3064 vi-

194 3098 335 3169 πρδς
369 3099 535 3152 αὐτόν
559 3115 573 3128 ·
607 3099 883 3168 Ἀρτέμιε,
926 3100 1207 3169 άνδρίζου,
1250 3101 1347 3153 καὶ
1371 3100 1542 3171 ἴσχυε,
1584 3102 1680 3154 καὶ
1709 3101 1782 3171 μὴ

1893 3096 2071 3149 riliter
2105 3110 2206 3164 age
2240 3101 2293 3148 et
2331 3094 2685 3161 confortare;
2725 3111 2793 3151 ne
2825 3097 3021 3152 timeas
3054 3098 3478 3157 neve.l‘ormides

195 3190 391 3259 φοϐοῦ,
436 3189 571 3259 μηδὲ
612 3188 785 3241 δειλία
817 3189 908 3241 τὸν
978 3189 1280 3259 τύραννον·
1341 3191 1453 3260 ἐγὼ
1514 3192 1623 3261 γὰρ
1666 3194 1784 3262 εἰμὶ

198 3283 340 3353 μετὰ
375 3280 491 3343 σοῦ,
529 3279 914 3347 ἐξαιρούμενός
948 3297 1006 3333 σε
1060 3282 1169 3334 ἀπὸ
1216 3282 1417 3346 παντὸς
1471 3284 1783 3355 πειρασμοῦ

194 3371 294 3426 καὶ
327 3360 510 3440 πάσης
540 3369 649 3421 τῶν
669 3370 1048 3441 κολαστηρίων
1070 3372 1286 3442 ὀδύνης,
1327 3375 1421 3427 καὶ
1445 3376 1503 3428 ὲν
1527 3380 1593 3446 τῇ
1630 3376 1785 3446 βασι-

194 3466 318 3535 λείᾳ
342 3464 452 3517 τῶν
474 3462 723 3532 οὐρανῶν
784 3464 1117 3533 στεφανώσω
1147 3482 1227 3525 σε.
1261 3467 1357 3520 καὶ
1392 3467 1580 3541 ὥσπερ
1623 3471 1785 3534 αὐτὸς

1890 3197 2184 3258 tyrannum
2216 3185 2351 3255 (18).
2388 3184 2500 3255 Ego
2533 3188 2681 3240 enim
2721 3203 2843 3243 sum
2880 3197 3095 3252 tecum,
3129 3190 3225 3261 qui
3261 3205 3398 3247 eruo
3425 3199 3479 3245 te

1887 3294 1950 3332 ex
1984 3281 2135 3332 omni
2166 3277 2478 3332 tentatione
2501 3280 2771 3348 omnique
2805 3288 3214 3337 tormentorum
3247 3282 3472 3348 dolore;

1890 3371 1941 3424 iu
1977 3385 2147 3440 regno
2183 3369 2456 3423 cmlorum
2498 3373 2782 3427 eoronaho
2818 3382 2869 3427 te
2893 3412 2908 3437 ,
2944 3382 2997 3427 et
3031 3375 3173 3429 sicut
3205 3375 3321 3445 ipse
3350 3391 3477 3430 con-

1888 3464 2056 3533 fessus
2101 3481 2154 3518 es
2192 3479 2271 3516 me
2304 3480 2487 3516 coram
2521 3464 2827 3520 hominibus
2849 3506 2862 3529 ,
2901 3468 3192 3535 conﬁtebor
3221 3478 3269 3523 et
3303 3486 3394 3543 ego
3430 3478 3475 3525 ω

196 3554 600 3625 ὡμολόγησας
621 3571 697 3623 με
721 3553 981 3610 ἐνώπιον
1023 3555 1143 3610 τῶν
1183 3558 1512 3626 ἀνθρώπων
1545 3561 1642 3614 ἐπὶ
1676 3562 1782 3628 τῆς

1893 3571 2070 3609 coram
2115 3555 2276 3609 Patre
2328 3572 2440 3609 meo
2462 3596 2475 3620 ,
2510 3559 2603 3627 qui
2665 3554 2717 3610 in
2754 3559 2897 3613 castis
2930 3571 3006 3614 est
3040 3563 3080 3615 ".
3113 3562 3339 3620 Conlide
3371 3563 3473 3636 igi-

195 3646 357 3717 τῆς.,
385 3646 739 3716 ὁμολογήσω
796 3647 958 3716 κάγιὶι
1007 3663 1083 3703 σε
1125 3650 1384 3704 ἐνώπιον
1424 3652 1533 3706 τοῦ
1552 3655 1784 3720 Πατρός

192 3759 313 3811 μου
354 3741 459 3795 τοῦ
477 3743 547 3796 ἐν
570 3741 695 3807 τοῖς
715 3743 1024 3810 οὐρανοῖς.
1056 3744 1259 3815 Θάρσει
1277 3742 1371 3800 οὖν
1391 3747 1484 3801 καὶ
1514 3747 1748 3815 ἀγαλλία
1769 3764 1782 3776 ·

193 3834 318 3901 μετ’
379 3832 524 3901 ἐμοῦ
589 3833 698 3903 γὰρ
748 3835 862 3903 ἔσῃ
896 3837 966 3889 ἐν
1011 3837 1092 3901 τῷ
1135 3838 1501 3906 παραδείσῳ.
1541 3840 1728 3893 Ταῦτα
1760 3844 1787 3893 ὁ

204 3924 411 3995 μάρτυς
430 3925 670 3989 ἀκούσας
692 3927 844 3997 παρὰ
870 3927 965 3980 τοῦ
994 3929 1224 3997 Κυρίου,
1246 3930 1523 3999 εὐθαρσὴς
1549 3932 1785 3997 ἐγένετο,

202 4016 296 4068 καὶ
328 4015 396 4068 δι’
424 4016 551 4085 ὅλης
584 4016 681 4085 τῆς
696 4018 889 4082 νυκτὸς
914 4014 982 4089 ἦν
1006 4018 1305 4086 δοξολογῶν
1325 4020 1420 4072 καὶ
1450 4020 1788 4089 εὐχαριστῶν

199 4106 279 4177 τῷ
307 4108 427 4178 Θεῷ
459 4125 472 4138 ·
498 4108 666 4178 ἀνέθη
690 4110 797 4180 γάρ
830 4111 895 4162 ὲκ
939 4109 1047 4162 τῶν
1082 4109 1309 4179 πληγῶν
1355 4111 1449 4165 καὶ
1475 4112 1584 4164 τῶν
1618 4128 1787 4182 τραυ-

203 4196 391 4266 μάτων
417 4198 604 4261 αὐτοῦ,
646 4198 789 4251 ὥστε
853 4201 994 4269 μήτε
1033 4199 1277 4271 μώλωπα
1304 4203 1594 4271 φαίνεσθαι
1625 4205 1683 4257 ὲν
1710 4204 1790 4275 τῷ

200 4288 344 4358 ἁγίῳ
372 4288 538 4343 αὐτοῦ
567 4288 781 4360 σώματι
800 4307 811 4319 ·
842 4290 1068 4360 ἐποίησε
1093 4292 1150 4344 δὲ
1174 4292 1335 4347 πέντε
1370 4294 1465 4346 καὶ
1492 4293 1624 4347 δέκα
1655 4295 1787 4364 ἡμέ-

206 4397 324 4451 ρας,
353 4380 585 4451 μηδενὸς
615 4383 676 4435 τὸ
706 4383 928 4437 σύνολον
976 4384 1350 4454 γευσάμενος·
1385 4386 1649 4457 ἐτρέφετο
1682 4387 1788 4458 γὰρ

198 4475 266 4543 τῇ
288 4473 380 4526 τοῦ
413 4475 568 4542 ἁγίου
598 4475 735 4529 Πνεύ
746 4493 913 4545 ματος
939 4476 1145 4546 χάριτι.

273 4572 373 4618 να’.
414 4565 471 4618 Ὀ
518 4566 573 4619 δὲ
616 4567 903 4629 Ἰουλιανὸς
943 4568 1036 4620 ἐπὶ
1084 4567 1187 4638 τὴν
1224 4567 1443 4639 Δάφνην
1474 4568 1703 4639 ὥρμησε
1733 4570 1793 4622 τὸ

201 4657 554 4727 προάστειον,
581 4658 657 4721 ὡς
687 4659 899 4729 προέφη
912 4676 1033 4729 μεν,
1058 4660 1249 4725 θυσίας
1273 4661 1692 4733 ἑτοιμαζόμενος
1716 4664 1793 4733 τῷ

215 4749 529 4811 Ἀπόλλωνι,
551 4752 645 4803 καὶ
663 4753 952 4823 χρησμοὺς
976 4755 1105 4825 παρ’
1139 4755 1305 4808 αὐτοῦ
1330 4754 1588 4819 δέξασθαι
1623 4773 1791 4826 προσ-

200 4841 407 4896 δοκῶν
450 4844 485 4913 ἡ
550 4842 606 4895 δὲ
659 4844 843 4914 Δάφνη
884 4845 1211 4917 προάστειον
1273 4848 1387 4899 ἐστι
1438 4847 1540 4916 τῆς
1586 4848 1791 4901 Ἀντιο-

203 4934 380 5002 χείας,
408 4935 503 4987 ἐπὶ
533 4935 642 4987 τῶν
676 4936 1027 5007 ὑψηλοτέρων
1059 4937 1232 5008 αὐτῆς
1262 4939 1479 5009 χωρίων
1512 4939 1788 5009 κείμενον,

203 5024 390 5079 ἄλσεσι
477 5026 754 5091 παντοίοις
839 5030 1163 5100 συνηρεφές.
1261 5031 1786 5101 Πολυπρεμνότατον

208 5112 353 5186 [580]
383 5115 492 5185 γάρ
525 5118 620 5170 καὶ
650 5118 1135 5190 πολυκαρπότατόν
1170 5124 1287 5177 ἔστι
1310 5123 1371 5175 τὸ
1399 5124 1621 5194 χωρίον,
1661 5123 1788 5177 ἔνθα

213 5204 312 5257 τῶν
339 5222 397 5259 τε
421 5208 601 5262 ἄλλων
632 5211 906 5265 παντοίων
958 5212 1193 5284 δένδρων
1249 5216 1343 5268 καὶ
1374 5216 1437 5286 δὴ
1484 5218 1579 5272 καὶ
1620 5234 1793 5271 κυπα-

211 5293 405 5359 ρίττων
431 5295 670 5363 ἐξαίσιον
703 5301 1041 5368 πεφύτευται
1073 5303 1284 5371 χρῆμα,
1319 5305 1455 5374 πρός
1498 5322 1555 5359 τε
1596 5307 1792 5371 κάλλος

203 5385 301 5439 καὶ
335 5387 538 5458 ὕψωμα
572 5392 666 5444 καὶ
708 5390 939 5460 μέγεθος
982 5384 1059 5444 οὐ
1095 5392 1402 5463 συμϐλητόν
1425 5411 1437 5424 ·
1473 5397 1698 5467 νάματά
1734 5415 1791 5451 τε

208 5480 454 5549 πανταχῆ
496 5480 699 5534 διαθέει
736 5481 986 5551 ποτίμων
1026 5481 1255 5545 ὑδάτων,
1290 5485 1561 5552 μεγίστων
1603 5487 1790 5540 αὐτόθι

209 5567 397 5638 πηγῶν
430 5572 853 5643 ἀναδιδομένων,
884 5574 973 5642 ἀφ’
999 5568 1073 5627 ὧν
1102 5574 1251 5645 καὶὴ
1288 5576 1443 5639 πόλις
1476 5579 1533 5629 ἐν
1565 5578 1776 5647 ὀλίγαις

276 5725 295 5756 ’⁷
328 5722 519 5785 Matth.
558 5745 609 5793 Χ,

1878 3658 1980 3702 tur
2006 3658 2058 3702 et
2091 3663 2202 3718 prae
2227 3649 2431 3718 gaudio
2458 3652 2675 3705 exsttlta
2706 3668 2719 3717 ;
2754 3669 2952 3705 mecum
2984 3656 3129 3708 enim»
3156 3658 3261 3711 eris
3289 3659 3343 3711 in
3374 3673 3476 3726 pa-

1891 3741 2096 3794 radiso.
2134 3742 2272 3795 Cum
2308 3742 2422 3795 haec
2459 3756 2488 3794 a
2525 3741 2768 3797 Domino
2799 3744 3108 3799 audivisset
3146 3756 3374 3817 martyr,
3413 3750 3477 3802 li-

1889 3834 2052 3888 ducia
2093 3834 2337 3901 repletus
2373 3841 2460 3887 est
2486 3874 2499 3896 ,
2532 3844 2587 3886 et
2623 3849 2722 3902 per
2760 3835 3031 3903 integram
3092 3848 3313 3893 noctem
3366 3838 3477 3895 Deo

1892 3926 2196 3979 Iandcm'et
2235 3926 2544 3992 gratiarum
2593 3927 2868 3980 actionem
2917 3927 3135 3981 tribuit.
3183 3930 3479 3987 Convaluit

1893 4031 1921 4067 a
1950 4016 2127 4085 plagis
2163 4024 2217 4069 et
2249 4016 2577 4071 vulneribus
2611 4017 2732 4072 suis
2755 4058 2769 4081 ,
2803 4018 2878 4072 ita
2908 4027 2964 4072 ut
2994 4035 3062 4075 ne
3091 4020 3325 4078 cicatrix
3357 4024 3480 4095 qui-

1892 4106 2014 4161 dem
2051 4107 2105 4160 in
2141 4115 2341 4161 sancto
2374 4106 2498 4174 ejus
2536 4122 2777 4177 corpore
2811 4122 3125 4181 appareret.
3166 4112 3479 4171 Permansit

1893 4206 2074 4251 autem
2103 4198 2419 4268 quindecim
2453 4199 2570 4255 dies
2592 4240 2606 4262 ,
2637 4203 2867 4256 omnino
2898 4205 3034 4258 nihil
3070 4216 3345 4277 gustans;
3378 4224 3480 4264 nu-

1893 4291 2165 4347 triebatur
2200 4293 2346 4348 enim
2383 4292 2628 4363 Spiritus
2664 4297 2839 4352 sancti
2879 4298 3080 4367 gratia.

1967 4576 2055 4629 5i.
2098 4575 2358 4629 Julianus
2410 4591 2541 4628 vero
2578 4575 2644 4628 ad
2689 4577 3016 4630 suburhium
3063 4579 3339 4648 llaphuem
3391 4600 3481 4638 ve-

1897 4676 2093 4731 nerat,
2146 4675 2204 4721 ut
2252 4682 2421 4736 supra
2478 4667 2774 4731 diximus,
2831 4669 3107 4723 sacrificia
3157 4687 3481 4739 prmparans

1898 4757 2136 4828 Apollini
2162 4800 2175 4823 ,
2208 4774 2234 4810 a
2270 4773 2379 4827 quo
2409 4773 2681 4830 responsa
2714 4775 2774 4815 se
2805 4771 3168 4831 accepturum
3199 4767 3479 4835 sperabat.

1894 4850 2072 4906 Porro
2104 4849 2330 4919 Daphne
2367 4850 2701 4905 suburbium
2738 4860 2824 4907 est
2856 4855 3202 4923 Antiochiae,
3240 4858 3295 4911 in
3333 4858 3481 4913 edito

1895 4943 2062 5007 hujus
2114 4941 2361 4995 civitatis
2416 4940 2539 4995 loco
2590 4942 2796 5009 situm,
2855 4946 3115 5014 omnique
3166 4945 3480 5013 plantarum

1895 5031 2165 5086 varietate
2196 5032 2593 5086 obunihratum
2621 5071 2634 5093 ,
2673 5040 2867 5101 utpote
2902 5035 3047 5102 quod
3090 5033 3382 5091 frondibus
3420 5052 3481 5091 ac

1896 5122 2173 5178 fructibus
2222 5122 2509 5177 exuberet.
2554 5121 2679 5189 Quo
2733 5125 2784 5177 in
2839 5124 2962 5179 loco
2992 5126 3279 5180 variarum
3316 5128 3481 5183 arbo-

1892 5232 2060 5282 rum,
2124 5217 2428 5286 przesertim
2491 5232 2626 5271 vero
2684 5232 3080 5287 cupressorum
3116 5259 3130 5283 ,
3190 5220 3480 5276 innumera

1895 5313 2140 5380 plautata
2176 5319 2262 5365 est
2302 5309 2600 5364 multitudo
2624 5349 2638 5374 ,
2684 5311 3143 5381 pulchritudine,
3186 5312 3482 5369 altitudine

1893 5410 1949 5456 et
2004 5401 2390 5471 magnitudine
2438 5401 2927 5471 incomparabilis.
2977 5401 3215 5457 Fluenta
3261 5418 3482 5474 quoque

1895 5494 2324 5560 poculentarum
2361 5506 2630 5561 aquarum
2686 5494 2739 5545 in
2792 5507 3011 5549 onmem
3071 5502 3284 5563 partem
3340 5500 3481 5549 dila—

1888 5586 2117 5645 buntur,
2168 5584 2613 5640 scaturientibus
2664 5584 2865 5641 ibidem
2901 5586 3159 5644 maximis
3192 5586 3475 5651 fontibus,

1731 5826 1959 5882 ΝΟΤίΕ.

276 5912 385 5986 (18)
419 5915 623 5972 Alludit
646 5919 712 5973 ad
742 5919 925 5973 locum
952 5917 1146 5985 Josuc,
1183 5933 1301 5985 vm,
1338 5919 1385 5971 1.
