3876 6336
161 462 330 531 13M
1485 459 1546 519 S.
1586 454 1915 519 ARTEMII
1958 456 2242 519 PASSIO.
3335 458 3478 524 1302

248 581 360 638 νᾶ.
396 576 459 635 '0
507 574 617 650 γὰρ
641 575 706 648 δὴ
738 572 986 640 Βαϐύλας
1025 565 1182 640 οὗτος
1214 568 1438 646 λέγεται
1480 575 1783 640 ἐπίσκοπος

1964 575 2055 631 54.
2092 573 2334 647 Babylas
2374 574 2522 630 enim
2568 574 2657 633 ille
2697 574 2911 632 dicitur
2954 574 3247 648 episcopus
3305 575 3476 637 fuisse

159 673 280 745 μὲν
308 668 470 745 [382]
494 666 756 739 γενέσθαι
787 667 889 739 τῆς
922 667 1278 738 Ἀντιοχείας,
1327 666 1692 739 Νουμεριανῷ
1721 667 1781 722 δὲ

1894 668 2205 724 Antiochiae
2226 708 2241 735 ,
2275 677 2331 725 et
2371 666 2712 725 Numeriano
2755 668 3087 740 imperatore
3122 668 3209 723 die
3238 670 3476 740 quadam

154 766 253 836 τῷ
283 762 510 836 βασιλεῖ
545 757 810 814 εἰσελθεῖν
846 757 1157 830 βουλομένῳ
1186 759 1245 812 ὲν
1279 760 1346 831 τῇ
1386 759 1495 812 τῶν
1518 760 1783 831 Χριστια-

1894 764 2087 823 festiva
2118 766 2505 823 Christianam
2531 764 2823 821 ecclesiam
2849 763 3068 834 ingredi
3096 762 3315 818 volente
3334 802 3350 829 ,
3374 770 3480 817 steo

158 856 289 911 νῶν
318 853 597 925 ἐκκλησίᾳ
651 850 795 906 κατὰ
844 849 909 922 δή
951 867 1076 905 τινα
1124 850 1344 922 ἑορτὴν,
1377 850 1509 913 στὰς
1537 850 1647 921 πρὸ
1673 849 1782 903 τῶν

1894 855 2023 911 tisse
2067 869 2179 925 prae
2230 853 2484 918 foribus,
2531 868 2772 924 eumque
2823 853 3185 923 prohibuisse
3228 852 3477 917 intrare,

164 947 380 1018 θυρῶν
441 943 778 998 διεκώλυσεν
838 940 1127 1007 εἰσελθεῖν,
1178 940 1409 1011 φάσκων
1438 942 1519 1005 είς
1550 940 1782 1011 δύναμιν

1894 944 2081 1000 dicens
2104 959 2166 999 se
2191 958 2292 1016 pro
2317 943 2529 999 viribus
2553 942 2953 1015 impediturum
2979 958 3047 997 ne
3071 943 3233 1013 lupus
3255 957 3477 1013 gregem

167 1039 262 1112 μὴ
291 1035 660 1110 περιόψεσθαι
687 1034 852 1088 λύκον
875 1032 955 1105 τῷ
994 1032 1238 1104 ποιμνίῳ
1283 1032 1744 1105 ἑπεισερχύμενον
1763 1045 1778 1062 ⁸

1894 1036 2199 1093 lnvaderet.
2251 1034 2563 1106 imperator
2604 1033 2830 1104 quidem
2876 1032 3067 1088 statim
3111 1033 3182 1087 ab
3222 1032 3481 1103 ingressu

162 1131 274 1184 τὸν
305 1130 369 1184 δὲ
418 1127 738 1201 παραυτίκα
776 1126 875 1198 μὲν
919 1125 1370 1197 άποκρουσθῆναι
1400 1127 1504 1196 τῆς
1552 1124 1780 1190 εἰσόδου,

166 1219 299 1273 εἴτε
337 1218 406 1289 δὴ
447 1217 639 1272 στάσιν
664 1214 788 1270 τινὰ
815 1214 947 1286 πρὸς
976 1214 1071 1269 τοῦ
1108 1214 1270 1285 ὄχλου
1315 1214 1538 1269 ἔσεσθαι
1568 1214 1785 1268 ὑπειδό-

176 1326 388 1383 μενον,
425 1308 539 1363 εἴτε
602 1308 696 1362 καὶ
743 1307 919 1371 ἄλλως
973 1306 1156 1363 αὐτῶν
1220 1306 1678 1379 μεταϐουλευθένο
1726 1308 1786 1362 ὲν

171 1403 421 1477 χαλεπῷ
465 1402 565 1473 μέν
595 1419 678 1455 τοι
700 1400 799 1472 τήν
831 1400 1147 1454 ἀντίστασιν
1176 1399 1272 1453 τοῦ
1308 1401 1610 1454 ἐπισκόπου
1629 1417 1786 1471 ποιη-

177 1495 462 1566 σάμενον,
515 1492 706 1563 ἐπειδὴ
756 1492 834 1555 ὡς
876 1491 1072 1544 ἑαυτὸν
1102 1490 1197 1545 ἐπὶ
1225 1490 1291 1546 τὰ
1334 1491 1582 1562 βασίλεια
1604 1492 1785 1563 ἀπηλ·

175 1585 363 1655 λάγη,
422 1582 883 1656 παραστήσασθαι
933 1600 991 1636 τε
1039 1582 1206 1636 αὑτὸν
1259 1584 1353 1638 ἐπὶ
1399 1582 1495 1638 τοῦ
1544 1583 1787 1655 βήματος

180 1676 680 1748 ἀπολογησόμενον
716 1674 970 1728 ἐκέλευσε
997 1715 1013 1740 ,
1051 1674 1149 1729 καὶ
1177 1673 1242 1746 δὴ
1270 1675 1658 1747 παραστάντος
1692 1676 1789 1728 αύ-

182 1769 313 1837 105,
349 1770 545 1842 πρῶτα
580 1769 681 1840 μὲν
705 1769 805 1841 τὴν
839 1768 1048 1839 τόλμαν
1068 1771 1167 1841 τῆς
1198 1768 1489 1836 κωλύσεως
1515 1770 1785 1833 ἐνεκάλει,

183 1862 398 1917 ἔπειτα
433 1862 533 1933 μέν
561 1878 644 1915 τοι
674 1860 891 1914 κελεύει
938 1860 1103 1915 αύτδν
1138 1862 1250 1924 τοῖς
1283 1861 1507 1933 δαίμοσι
1538 1862 1709 1926 θύειν,
1738 1864 1788 1914 εί

1888 1129 2151 1201 repulsus
2182 1127 2320 1195 fuit,
2357 1128 2476 1185 sive
2509 1126 2657 1198 quod
2692 1126 3022 1183 seditionem
3060 1124 3115 1180 in
3152 1124 3360 1196 pepulo
3390 1123 3481 1179 fu-

1886 1229 2071 1278 turam
2102 1222 2504 1293 suspicaretur,
2533 1219 2650 1277 sive
2678 1218 2829 1275 aliud
2856 1216 3158 1289 quidquam
3191 1224 3372 1273 mente
3399 1232 3484 1272 re-

1890 1315 2156 1372 volveret.
2210 1314 2352 1370 Cum
2396 1321 2585 1369 tamen
2630 1326 2777 1383 aegre
2827 1309 3000 1367 ferret
3048 1309 3480 1381 prohibitionem

1889 1407 2170 1479 episcopi,
2214 1406 2283 1463 ad
2332 1407 2538 1478 regiam
2585 1418 2885 1471 reversus,
2918 1402 3091 1476 jussit
3137 1417 3262 1459 eum
3290 1444 3305 1470 ,
3349 1402 3477 1457 facti

1890 1501 1978 1556 sui
2014 1500 2292 1554 rationem
2334 1498 2723 1562 redditurum,
2759 1495 2827 1550 ad
2874 1495 3122 1551 tribunal
3154 1495 3306 1549 duci.
3342 1492 3480 1548 Pro-

1890 1593 2058 1648 ducto
2082 1608 2216 1663 ergo
2245 1590 2451 1663 Babyla
2473 1632 2487 1653 ,
2517 1591 2698 1662 primo
2724 1590 2945 1660 quidem
2976 1587 3268 1643 audaciam
3296 1586 3482 1657 prohi-

1894 1681 2122 1737 bitionis
2150 1680 2477 1748 accusavit,
2517 1678 2720 1735 deinde
2747 1679 2919 1749 jussit
2965 1692 3090 1733 eum
3136 1677 3481 1732 daemonibus

1891 1774 2229 1841 sacriﬁcare,
2260 1773 2309 1828 si
2335 1773 2503 1828 vellet
2532 1771 2944 1827 criminationis
2970 1784 3187 1840 poenam
3211 1769 3477 1839 eﬁ’ugere.

1895 1862 1999 1920 Sed
2032 1864 2336 1934 episcopus
2367 1862 2787 1917 accusationem
2815 1858 3112 1923 dissolvit,
3145 1867 3199 1913 et
3229 1858 3483 1912 exhorta-

187 1953 448 2027 βούλοιτό
491 1969 551 2021 γε
580 1951 677 2022 τήν
712 1950 807 2003 ἐπὶ
832 1949 911 2021 τῷ
947 1949 1257 2022 ἐγκλήματι
1290 1951 1448 2023 δίκην
1477 1951 1781 2022 διαφυγεῑνο

1894 1954 2095 2010 tionem
2143 1954 2339 2024 rejecit
2380 1970 2395 2004 :
2446 1953 2595 2007 illam
2646 1951 2869 2022 quidem
2911 1950 3190 2015 dicendo,
3224 1956 3484 2018 oportere

185 2046 291 2102 τὸν
325 2045 387 2100 δὲ
432 2044 571 2116 πρὸς
610 2045 713 2116 τήν
761 2043 1021 2115 ἕγκλησιν
1078 2042 1529 2114 ἀπολογήσασθαι
1569 2043 1782 2113 καὶτὴν

188 2136 987 2213 πρόκλησινδιακρούσασθαι,
1005 2137 1103 2209 τήν
1129 2138 1249 2209 μὲν,
1271 2139 1525 2210 φήσαντα
1559 2136 1784 2209 ποιμένι

190 2230 382 2301 ἑαυτῷ
423 2229 601 2283 πάντα
634 2230 938 2301 προσήκειν
972 2229 1115 2300 ὑπὲρ
1142 2228 1239 2282 τοῦ
1288 2230 1543 2301 ποιμνίου
1577 2230 1783 2302 προθυ-

195 2322 453 2398 μεῖσθαι,
482 2323 581 2392 τὴν
603 2321 681 2387 δὲ,
702 2323 777 2394 μὴ
806 2321 1120 2386 ἀνελέσθαι,
1155 2321 1250 2376 τοῦ
1272 2322 1443 2386 ὅντως
1468 2322 1619 2386 ὄντος
1643 2324 1783 2375 ἀπο-

196 2417 411 2472 στάντα
426 2415 585 2481 Θεοῦ,
605 2414 852 2485 ψευδωνύ
860 2432 982 2486 μοις
1000 2416 1095 2469 καὶ
1111 2414 1367 2486 ὀλετῆρσι
1380 2415 1600 2485 δαίμοσι
1614 2413 1781 2469 θύειν.

196 2506 316 2562 Εἶθ’
348 2509 378 2561 ὁ
402 2508 523 2577 μὲν,
543 2508 619 2571 ὡς
644 2505 793 2577 ἑώρα
819 2505 893 2577 μὴ
927 2506 1275 2577 πειθόμενον,
1320 2505 1659 2575 προσέταξεν
1690 2506 1783 2559 αύ-

194 2601 293 2655 τδν
305 2598 532 2654 ἁλύσεσι
556 2599 649 2653 καὶ
670 2598 861 2662 πέδαις
878 2597 1301 2671 ένδησαμένους,
1329 2597 1427 2669 τὴν
1450 2596 1543 2650 ἐπὶ
1571 2597 1787 2667 θανάτῳ

197 2694 357 2762 ἄγειν
391 2693 490 2764 τῆς
512 2691 755 2762 κεφαλῆς
787 2692 1197 2763 ἀφαιρήσοντας
1218 2708 1230 2721 ·
1258 2691 1286 2744 ὁ
1303 2690 1382 2757 δὲ,
1404 2688 1593 2761 ἐπειδὴ
1621 2691 1786 2761 ήγετο

196 2783 617 2855 τεθνηξόμενος,
648 2784 855 2847 ταύτας
884 2782 1174 2837 άναλαόὼν
1207 2780 1303 2855 ᾖδε
1334 2780 1430 2836 τοῦ
1455 2782 1667 2854 ψαλμοῦ
1690 2782 1787 2846 τὰς

203 2878 427 2948 ῥήσεις·
465 2876 1076 2945 Ἑπὼτρεψοηψυχή
1096 2877 1334 2943 μου,εις
1369 2874 1485 2943 τὴν
1516 2874 1787 2929 ἀνάπαυ-

199 2964 313 3019 alr
337 2979 475 3033 σου,
512 2964 600 3018 ὅτι
624 2965 838 3033 Κύριος
870 2962 1241 3033 εὐηργέτησέ
1266 2978 1362 3019 σε.

277 3149 369 3198 ve’.
400 3142 540 3196 Φασὶ
604 3141 660 3195 δὲ
706 3141 801 3194 καὶ
840 3141 990 3211 τρεῖς
1017 3138 1214 3204 παῖδας
1244 3139 1512 3211 ἀδελφοὺς
1544 3143 1604 3196 τὸ
1633 3142 1789 3211 γένος

203 3234 405 3306 κομιδῇ
437 3235 591 3297 νέους
627 3234 717 3286 ὑπ’
742 3231 890 3303 αύτῷ
928 3232 1423 3303 άνατρεφομένους,
1474 3236 1789 3308 ἁρπαγῆναί

201 3342 265 3380 τε
286 3327 381 3379 καὶ
413 3326 613 3387 αὐτοὺς
647 3324 752 3376 ὑπὸ
774 3322 869 3375 τοῦ
902 3322 1166 3392 βασιλέως
1198 3339 1214 3356 ·
1252 3324 1346 3377 καὶ
1391 3324 1467 3388 ὡς
1497 3326 1606 3379 οὐδ’
1636 3328 1791 3381 αὐτοὶ

204 3416 357 3472 θύειν
379 3416 594 3487 ήθελον,
619 3416 711 3468 καί
739 3432 820 3468 τοι
845 3415 1105 3478 παντοίας
1132 3415 1382 3487 ἀνάγκης
1409 3419 1593 3482 αὐτοῖς
1622 3437 1790 3492 προσ-

206 3506 501 3577 αγομένης,
560 3506 656 3558 καὶ
713 3506 914 3567 αὐτοὺς
964 3505 1222 3560 κελεῦσαι
1272 3508 1365 3561 τὸν
1409 3508 1637 3578 βασιλέα
1679 3511 1789 3564 τῶν

206 3599 457 3671 κεφαλῶν
495 3600 773 3672 ἀφαιρεῖν.
805 3597 915 3661 Οὓς
943 3598 1133 3670 ἐπειδή
1184 3593 1319 3671 ἧκον
1355 3602 1436 3664 είς
1480 3602 1541 3655 τὸ
1569 3604 1787 3674 προκεί-

211 3707 369 3761 μενον
404 3690 629 3762 χωρίον,
688 3691 717 3744 ὁ
782 3690 1031 3755 Βαϐύλας
1068 3691 1251 3763 ἐαυτῷ
1295 3696 1785 3767 προστησάμενος,

211 3779 360 3854 [383]
393 3781 694 3852 προτέρους
746 3780 997 3852 προσῆγε
1054 3780 1134 3852 τῷ
1183 3780 1362 3852 ξίφειο
1402 3784 1500 3837 τοῦ
1548 3786 1622 3855 μή
1662 3803 1789 3841 τινα

210 3872 510 3943 τερέσαντα
562 3871 728 3925 αὐτὸν
759 3871 1022 3926 ἀναδῦναι
1062 3873 1157 3927 τὸν
1205 3874 1456 3940 θάνατον,
1497 3877 1591 3929 καὶ
1652 3879 1789 3930 ἀπο-

214 3960 556 4031 τεμνομένων
584 3960 791 4033 ταύτην
823 3962 889 4016 ἂν
916 3961 1089 4015 είπὼν
1116 3962 1217 4033 τὴν
1246 3964 1432 4034 φωνήν
1451 3981 1465 3996 ·
1506 3965 1789 4036 ’Ῑδοὺέγὼ

214 4053 309 4106 καὶ
338 4053 406 4107 τὰ
435 4053 641 4108 παιδία
689 4053 725 4108 ἄ
765 4071 866 4123 μοι
897 4053 1122 4107 ἔδωκεν
1160 4056 1193 4107 ὁ
1220 4056 1386 4121 Θεός.
1427 4056 1662 4110 Ἔπειτα
1693 4058 1789 4110 καὶ¹

214 4140 368 4203 αὐτὸς
390 4144 675 4210 προύτεινε
707 4140 804 4194 τὸν
839 4141 1039 4194 οίκεῖον
1072 4139 1238 4194 αὐτοῦ
1268 4141 1471 4211 αὐχένα
1503 4142 1581 4213 τῷ
1611 4143 1784 4212 ξίφειο

214 4233 580 4303 ἐντειλάμενος
621 4236 733 4297 τοῖς
773 4233 833 4287 τὸ
891 4232 1052 4302 σῶμα
1116 4233 1282 4286 αὑτοῦ
1340 4234 1784 4305 ἀναλεξαμένοις,

212 4319 307 4383 τὰς
329 4319 545 4385 ἁλύσεις
567 4321 781 4385 καὶτὰς
812 4322 980 4384 πέδας
1011 4321 1161 4393 αὐτῷ
1193 4322 1483 4393 συνθάψαι,
1518 4322 1662 4399 Ἴν⁹ᾗ
1697 4344 1786 4396 μοι

212 4408 402 4473 ταῦτα,
419 4412 830 4482 φησὶ,κειμένῳ
842 4414 1057 4484 κόσμος
1076 4428 1090 4443 ο
1117 4412 1212 4465 καὶ
1238 4409 1335 4467 οὖν
1365 4416 1456 4468 καὶ
1474 4417 1593 4486 μετ’
1609 4418 1787 4471 αὐτῶν

214 4500 559 4572 ἐτιτυγχάνει
581 4504 859 4575 κείμενος,
895 4505 971 4568 ὡς
991 4504 1144 4573 φασί.
1189 4505 1393 4560 Τοῦτον
1415 4508 1506 4561 τὸν
1537 4510 1786 4563 Βαϐύλαν

213 4595 244 4647 ὁ
266 4593 566 4659 Ἰουλιανὸς,
596 4596 787 4666 ἐπειδὴ
828 4595 960 4668 πρὸς
1000 4594 1096 4648 τοῦ
1131 4596 1392 4651 Εὐσεόίου
1422 4599 1621 4669 ἤκουσε
1676 4601 1784 4654 κὼ-

214 4684 353 4755 λυμα
399 4688 511 4750 τοῖς
552 4686 863 4756 ἀγάλμασιν
918 4682 1063 4741 εἶναι
1114 4686 1210 4740 τοῦ
1273 4690 1349 4759 μή
1390 4692 1548 4761 χρᾷν,
1586 4692 1785 4747 αὐτίκα

218 4774 564 4847 προσέταξεν,
609 4779 749 4850 αὐτῇ
806 4778 973 4850 θήκῃ,
1007 4778 1159 4833 λίθου
1196 4779 1242 4833 δ’
1269 4782 1388 4835 ἐστὶ
1418 4782 1656 4853 μεγάλου
1690 4799 1787 4837 πε·-

219 4868 503 4939 ποιημένη,
544 4871 807 4942 μετάγειν
840 4871 905 4923 ὲκ
922 4870 1022 4941 τῆς
1036 4870 1260 4942 Δάφνης
1298 4867 1381 4936 οἷς
1406 4872 1461 4925 τί
1480 4873 1640 4928 τοῦτο
1671 4874 1786 4929 δια⁴

220 4960 363 5031 φέρει
397 4964 586 5035 πόρρω
636 4963 742 5017 ποῦ
785 4961 947 5018 αὐτὸν
994 4963 1285 5035 ἀλλαχόσε.
1324 4965 1410 5019 ἴνα
1523 4966 1619 5020 καὶ
1658 4966 1786 5037 βούο

220 5050 401 5108 λωνται
436 5053 982 5125 μεταστησαμένους.
1036 5054 1210 5119 Εὐθὺς
1258 5051 1352 5109 οὖν
1389 5056 1417 5107 ὁ
1454 5058 1554 5127 τῆς
1580 5057 1790 5122 πόλεως

220 5143 363 5212 δχλος
396 5145 764 5215 προχυθέντες
792 5145 869 5209 ὡς
901 5146 996 5199 ἐπὶ
1033 5146 1249 5218 μεγάλῃ
1297 5146 1467 5219 αίτίᾳ,
1503 5147 1599 5201 καὶ
1630 5164 1788 5217 περι-

221 5233 527 5306 ϐαλλόμενοι
556 5230 740 5290 εἷλκον
767 5238 868 5308 τὴν
896 5236 1073 5308 θήκην
1103 5255 1115 5268 ·
1174 5240 1207 5309 ή
1236 5238 1294 5292 δὲ
1337 5236 1411 5302 ὡς
1436 5238 1535 5310 ούχ
1566 5238 1660 5293 ὑπ’
1693 5240 1789 5294 ἀν-

225 5322 443 5395 θρώπων
506 5327 775 5398 ἑλκομένη
840 5327 1043 5399 μᾶλλον
1122 5330 1153 5399 ἢ
1223 5329 1533 5401 κρείττονος
1618 5329 1788 5402 αύτήν

227 5416 465 5489 κινούσης
484 5418 788 5491 δυνάμεως,
832 5417 1033 5488 ἔφθανε
1087 5419 1399 5491 προθυμίαν
1439 5422 1784 5493 ὲφεπομένη’

227 5507 529 5581 αύθήμερόν
552 5511 617 5579 γέ
682 5527 765 5564 τοι
807 5510 978 5583 αὐτὴν
1026 5510 1273 5575 σταδίους
1316 5513 1478 5567 πλέον
1516 5514 1548 5585 ἢ
1590 5516 1786 5586 πεντή-

229 5615 375 5655 κοντα
434 5601 814 5673 κομισάμενοι,
866 5602 925 5656 ἐν
964 5600 1041 5672 τῷ
1069 5600 1392 5675 καλουμένῳ
1422 5607 1785 5674 κοιμητηρίῳ

230 5690 532 5751 κατέθεσαν.
567 5695 723 5749 Ἔστι
754 5694 810 5748 δὲ
833 5694 889 5748 ὲν
913 5696 977 5766 τῇ
1008 5693 1160 5747 πόλει
1193 5687 1342 5760 οἶκος
1374 5696 1642 5766 σωμάτων
1678 5715 1785 5755 πα-

297 5869 319 5902 ⁸
344 5869 487 5929 Psal.
509 5888 655 5941 cuv,
682 5873 731 5929 7.
806 5874 826 5906 '
847 5871 953 5929 lsa.
994 5889 1112 5941 vm,
1137 5872 1223 5929 i8.

1886 2062 1981 2114 se,
2033 2053 2225 2116 utpote
2274 2052 2594 2115 pastorem,
2651 2043 2836 2097 omnia
2879 2058 2984 2112 pro
3031 2058 3199 2112 grege
3246 2041 3484 2096 libenter

1884 2138 1996 2208 pati
2021 2154 2037 2205 ;
2076 2140 2222 2193 hanc
2251 2145 2435 2192 autem
2465 2135 2840 2191 renuntiando
2866 2150 2927 2190 se
2955 2149 3066 2189 non
3096 2135 3479 2188 admissurum

1884 2240 1977 2297 ut,
2014 2231 2287 2299 abnegato
2321 2243 2454 2284 vero
2502 2226 2649 2295 Deo,
2701 2225 3047 2282 sacriﬁcaret
3096 2225 3483 2288 daemonibus,

1886 2322 2047 2378 falsis
2078 2322 2293 2378 scilicet
2317 2321 2423 2375 diis
2448 2326 2503 2375 et
2531 2318 2867 2389 perniciosis
2893 2317 3210 2388 spiritibus.
3239 2315 3483 2386 Impera-

1882 2421 1972 2468 tor
1998 2420 2059 2466 ιιι
2091 2411 2226 2467 vidit
2258 2411 2412 2466 illum
2449 2425 2555 2464 non
2593 2409 2982 2475 obedientem,
3006 2408 3177 2479 jussit
3205 2423 3330 2463 eum
3355 2448 3370 2473 ,
3397 2422 3486 2461 ca-

1886 2507 2033 2562 tenis
2062 2515 2119 2562 et
2153 2503 2520 2575 compedibus
2558 2503 2786 2573 ligatum
2816 2542 2831 2568 ,
2866 2502 3069 2571 capitis
3101 2501 3485 2571 amputatione

1888 2599 2149 2655 interﬁci.
2184 2597 2291 2665 Qui
2323 2611 2449 2651 cum
2482 2595 2785 2651 duceretur
2816 2595 3122 2650 moriturus
3144 2636 3159 2661 ,
3192 2608 3485 2650 assumens

1884 2694 2001 2748 hinc
2036 2691 2235 2763 psalmi
2270 2691 2437 2746 verba
2472 2689 2716 2745 canebat
2746 2687 3118 2750 :Conrertere,
3138 2687 3321 2739 anima
3342 2699 3481 2745 mea.

1885 2786 1939 2840 in
1964 2785 2191 2854 requiem
2219 2793 2394 2848 utam,
2422 2784 2677 2854 quoniam
2706 2778 3249 2848 Dominus'benefecit
3308 2777 3404 2831 tibi
3432 2776 3478 2832 ⁸.

1961 3140 2051 3196 55.
2080 3138 2279 3196 Fertur
2310 3140 2476 3197 etiam
2505 3149 2620 3197 tres
2657 3155 2884 3213 pueros,
2922 3140 3122 3198 fratres
3160 3153 3513 3212 germanos,

1893 3228 2190 3284 admodum
2217 3229 2455 3299 juvenes
2487 3238 2657 3302 atque
2696 3248 2727 3286 a
2758 3240 2953 3288 sancto
2994 3232 3262 3303 episcOpo
3301 3232 3487 3287 nutri-

1898 3326 2007 3387 tos,
2036 3328 2233 3391 captos
2252 3320 2428 3378 fuisse
2462 3322 2535 3380 ab
2579 3323 2934 3393 imperatore.
2960 3322 3098 3379 Cum
3130 3338 3260 3379 vero
3305 3337 3486 3394 neque

1900 3409 1954 3463 hi
1982 3409 2303 3467 sacriﬁcare
2348 3411 2575 3480 vellent,
2599 3411 2726 3469 licet
2761 3412 2828 3468 ad
2866 3413 2919 3468 id
2972 3412 3346 3485 undecunque
3389 3428 3487 3470 co-

1897 3508 2177 3570 gerentur,
2210 3515 2306 3556 eos
2352 3516 2580 3572 quoque
2611 3502 2882 3559 decollari
2929 3504 3103 3575 jussit
3157 3505 3483 3575 imperator.

1884 3592 2002 3649 .Uhi
2058 3593 2126 3648 ad
2178 3594 2364 3650 locum
2411 3594 2762 3666 propositum
2810 3606 3042 3653 ventum
3100 3606 3209 3662 est,
3250 3596 3486 3671 Babylas

1893 3683 2121 3741 eosdem
2156 3695 2286 3742 ante
2316 3701 2378 3742 se
2415 3695 2691 3753 statuens,
2733 3690 2953 3757 priores
2991 3690 3180 3761 gladio
3208 3690 3482 3755 exhibuit,

1898 3790 1966 3831 ne
1994 3776 2123 3846 quis
2156 3791 2347 3832 eorum
2387 3791 2454 3831 ex
2490 3778 2690 3833 timore
2728 3787 2965 3834 mortem
3006 3780 3317 3850 aufugeret.
3348 3782 3487 3847 Qui-

1898 3866 2003 3921 bus
2035 3867 2347 3930 decollatis,
2377 3867 2630 3922 recitatis
2679 3883 2905 3937 quoque
2967 3869 3055 3924 his
3086 3870 3268 3928 verbis
3295 3887 3309 3925 :
3345 3869 3485 3928 Ecce

1896 3972 1989 4024 ego
2020 3965 2068 4010 et
2100 3956 2252 4025 pueri
2278 3971 2408 4024 quos
2432 3955 2580 4009 dedit
2613 3956 2740 4009 mihi
2768 3950 2908 4011 Deus
2934 3959 2976 4022 ’,
3016 3966 3071 4013 et
3122 3960 3243 4030 ipse
3272 3961 3480 4017 collum

1898 4058 2059 4097 suum
2100 4044 2383 4112 protendit
2415 4044 2621 4115 gladio.
2657 4043 3082 4113 Jusseratillos,
3133 4051 3229 4120 qui
3275 4066 3482 4122 corpus

1896 4134 2016 4205 ejus
2050 4136 2341 4190 collecturi
2372 4146 2558 4199 erant,
2591 4148 2817 4195 catenas
2846 4146 2901 4194 et
2925 4140 3222 4211 compedes
3255 4157 3380 4198 cum
3414 4160 3482 4201 eo

1898 4227 2152 4296 sepelire,
2186 4236 2246 4282 ut
2292 4229 2407 4283 sint
2462 4229 2597 4296 haec,
2633 4230 2940 4300 inquiebat,
2977 4231 3184 4303 jacenti
3233 4235 3369 4289 mihi
3410 4238 3479 4292 ad

1896 4328 2180 4388 ornatum;
2217 4329 2271 4378 ct
2309 4338 2504 4394 reapse
2548 4322 2723 4379 fertur
2770 4338 2896 4379 cum
2933 4324 3003 4383 iis
3045 4327 3227 4384 adhuc
3270 4328 3475 4400 jacere.

1895 4410 2154 4469 Julianus
2192 4429 2343 4483 ergo,
2370 4431 2495 4469 cum
2528 4416 2830 4472 audivisset
2858 4417 2927 4472 ab
2953 4416 3196 4475 Eusebio
3218 4420 3477 4495 Babylam

1898 4502 2044 4558 hunc
2070 4520 2194 4561 esse
2222 4506 2621 4576 impedimento
2653 4507 2857 4563 statuis
2886 4511 3184 4579 quominus
3210 4528 3478 4586 responsa

1895 4597 2146 4660 ederent,
2194 4597 2346 4652 illico
2390 4598 2674 4652 mandavit
2710 4599 2801 4664 iis,
2854 4614 3095 4668 quorum
3132 4603 3365 4659 referret
3402 4606 3489 4661 ita

1896 4687 2036 4751 ﬁeri,
2062 4696 2120 4742 ut
2150 4702 2373 4758 capsum
2403 4688 2576 4753 illam,
2608 4705 2673 4745 ex
2706 4704 2905 4760 magno
2934 4690 3117 4761 lapide
3134 4704 3477 4764 cxcavatam,

1894 4793 1924 4833 a
1958 4777 2181 4849 Daphne
2226 4779 2595 4835 transferrent
2638 4780 2909 4836 aliorsum
2943 4784 3178 4853 procul,
3229 4800 3479 4855 quocun-

1894 4886 2002 4941 que
2025 4870 2333 4928 voluisseut
2357 4871 2606 4927 eamdem
2634 4883 3080 4944 transponentes.
3098 4874 3294 4932 Statim
3310 4876 3478 4948 igitur

1895 4963 2134 5020 civitatis
2170 4964 2328 5034 plebs
2363 4964 2563 5029 eﬁ‘usa,
2596 4981 2660 5020 ac
2694 4968 2741 5022 si
2784 4966 2851 5024 de
2881 4983 2940 5023 re
2964 4982 3166 5039 magna
3194 4976 3474 5039 ageretur,

1896 5060 1951 5110 et
1997 5055 2449 5111 circumcurrens
2492 5057 2746 5114 trahebat
2784 5073 3055 5129 capsam;
3098 5059 3219 5116 hazc
3266 5069 3472 5126 autem,

1897 5153 1956 5215 ut
1985 5161 2108 5215 quae
2156 5161 2266 5202 non
2316 5156 2426 5202 tam
2475 5150 2793 5205 traheretur
2822 5151 2893 5207 ah
2932 5142 3258 5208 hominibus
3308 5166 3471 5224 quam

1899 5241 2207 5308 potentiore
2241 5226 2477 5311 quadam
2512 5242 2563 5296 vi
2612 5250 2946 5307 moveretur,
2976 5243 3314 5301 trahentium
3356 5247 3476 5301 aia-

1896 5331 2149 5387 critatem
2200 5331 2254 5387 in
2308 5335 2593 5404 sequendo
2644 5335 3088 5406 praeoccupabat.
3124 5333 3472 5395 Translatam

1893 5423 2041 5479 enim
2096 5425 2288 5480 eadem
2348 5426 2437 5482 die
2483 5427 2779 5498 plusquam
2816 5426 2995 5485 stadia
3050 5429 3471 5503 quinquaginta,

1895 5525 2200 5584 posuerunt
2260 5517 2313 5571 in
2369 5518 2550 5574 locum
2594 5521 2688 5591 qui
2742 5521 3094 5576 eameterium
3139 5524 3470 5593 appellatur.

1895 5605 1991 5661 Est
2021 5622 2221 5679 nempe
2256 5611 2308 5665 in
2345 5612 2573 5669 civitate
2604 5612 2929 5680 aediﬁcium,
2968 5614 3059 5670 ubi
3106 5616 3280 5670 multa
3320 5619 3470 5674 anti-

1896 5715 2132 5771 quorum
2170 5702 2603 5773 virorum,inter
2629 5722 2771 5780 quos
2801 5715 2931 5765 sunt
2963 5707 3216 5766 nonnulli
3249 5719 3471 5784 propter
