3876 6336
108 367 307 433 1305

1457 370 1517 431 S.
1558 371 1885 432 ARTEMII
1940 370 2225 433 PASSIO.

3329 372 3465 442 1306

108 483 205 551 τῇ
252 478 472 533 πάλαι
508 477 607 546 μὲν
636 474 944 547 Σαμαρείᾳ,
974 474 1070 529 νῦν
1101 476 1158 529 δὲ
1207 476 1353 547 παρὰ
1388 477 1629 547 Ἡρώδου
1668 497 1787 531 κτι-

1898 486 1941 533 et
1963 477 2194 533 Joannis
2218 476 2482 548 Baptista!
2506 477 2752 543 eloculis
2777 485 2956 548 rapta,
2980 487 3034 535 et
3051 479 3464 540 immund’orum

115 570 385 639 σθείσῃ
408 569 512 622 καὶ
544 567 787 637 Σεϐαστῇ
819 566 1201 639 ὲπικληθείσῃ,
1260 567 1325 619 τὰ
1353 569 1486 620 ὀστᾶ
1530 569 1620 621 τοῦ
1652 585 1785 637 προ-

118 662 358 730 φήτου
416 658 729 711 Ἐλισσαίου
768 658 864 710 καὶ
917 655 1010 711 τοῦ
1064 658 1378 712 Βαπτιστοῦ
1412 658 1658 712 Ἰωάννου
1721 662 1785 711 ἐκ

117 750 269 804 τῶν
339 748 549 819 θηκῶν
605 747 985 815 ἐξαγαγόντες,
1024 749 1119 800 καὶ
1189 748 1401 816 ἀλόγων
1455 749 1785 818 ἀκαθάρτων

121 840 406 903 ὀστέοις
492 838 896 909 προσμίξαντες
954 839 1321 902 κατέκαυσαν,
1367 842 1459 892 καὶ
1496 840 1595 909 τὴν
1638 840 1786 892 κόνιν

127 936 236 996 είς
268 934 390 985 τὸν
410 932 559 1002 ἀέρα
578 931 880 1001 ἐλίκμησαν
895 947 907 959 ·
931 930 1021 983 τὸν
1034 931 1091 984 δὲ
1107 930 1202 983 τοῦ
1224 930 1472 1001 Σωτῆρος
1493 931 1789 1000 ἀνδριάντα

128 1026 209 1079 ἐν
222 1023 509 1077 Πανὲαδι
530 1027 595 1092 τῇ
613 1023 765 1075 πόλει
786 1022 920 1092 πρὸς
942 1022 1040 1091 τῆς
1056 1022 1503 1093 αἱμορροησάσης
1529 1024 1789 1093 γυναικὸς

136 1115 726 1171 κατασκευασθέντα
787 1114 1244 1185 μεγαλοπρεπῶς,
1277 1116 1345 1186 ἣν
1380 1118 1407 1167 6
1441 1116 1678 1186 Χριστὸς
1707 1117 1789 1171 ltit-

145 1230 343 1280 σατο,
379 1214 486 1266 καὶ⁸
516 1213 833 1284 ἱδρυνθέντα
872 1215 930 1266 ἐν
958 1214 1214 1283 ἐπισήμῳ
1245 1213 1346 1283 τῆς
1383 1212 1592 1275 πόλεως
1613 1212 1785 1282 τόπῳ,

145 1306 217 1357 ὃν
251 1305 421 1375 μετὰ
454 1306 644 1375 χρόνον
673 1304 1005 1370 γνωσθέντα,
1039 1308 1103 1358 ὲκ
1144 1308 1245 1377 τῆς
1282 1306 1475 1359 αὐτόθι
1511 1306 1789 1378 φυομένης

152 1398 435 1468 βοτάνης
481 1398 574 1451 τοῦ
606 1380 906 1469 θαύματος,
963 1401 1011 1452 οἱ
1049 1400 1368 1469 Χριστιανοὶ
1406 1400 1694 1470 ἀράμενοι,
1731 1401 1787 1451 ἐν

151 1490 250 1561 τῷ
300 1491 423 1561 τῆς
476 1490 775 1561 ἐκκλησίας
825 1474 1120 1562 διακονικῷ
1189 1491 1447 1562 ἔστησαν,
1504 1492 1695 1545 τοῦτον
1738 1493 1788 1544 oi

158 1583 473 1653 ’Έλληνες
516 1586 990 1647 κατασπάσαντες,
1046 1585 1154 1637 κάκ
1201 1584 1309 1637 τῶν
1342 1584 1520 1638 ποδῶν
1546 1584 1791 1653 σχοίνους

160 1674 539 1744 ἐξάψαντες,
571 1675 773 1747 ἔσυραν
836 1676 927 1727 ἐπὶ
980 1675 1079 1743 τῆς
1120 1677 1357 1745 ἀγορᾶςο
1390 1676 1495 1739 ἕως
1538 1670 1599 1727 οὗ
1648 1674 1790 1727 κατὰ

169 1768 402 1835 μικρὸν
422 1765 895 1836 ἀποθραυόμενος,
914 1765 1212 1836 ἠφανίσθη,
1243 1767 1411 1835 μόνης
1434 1767 1530 1837 τῆς
1546 1765 1790 1835 κεφαλῆς

1873 566 2181 625 ἰπιιιοιοιιηι
2212 570 2433 625 ossibus
2466 572 2728 639 permista
2755 573 3204 639 combusserunt,
3237 588 3464 630 eorum-

1887 674 1995 729 que
2024 660 2243 715 cineres
2267 661 2322 713 in
2361 674 2543 714 aerem
2584 660 2949 714 ventilarunt.
2982 660 3289 720 Salvatoris
3319 680 3464 734 quo-

1888 767 1995 820 que
2028 760 2266 806 statuam
2320 753 2376 806 in
2415 753 2640 807 civitate
2674 752 2928 808 Paneade
2972 768 3001 807 a
3059 756 3309 822 muliere,
3342 772 3466 826 quae

1890 845 2177 915 sanguinis
2209 843 2479 913 proﬂuvio
2512 844 2839 912 laborabat,
2874 854 2928 901 et
2960 860 2990 899 a
3020 846 3241 902 Christo
3271 859 3465 904 sanata

1891 936 2092 999 fuerat,
2129 938 2415 1008 magniﬁce
2460 946 2726 1003 erectam,
2771 946 2826 992 et
2860 938 2916 992 in
2978 940 3180 1010 insigni
3219 941 3465 997 civitatis

1890 1028 2019 1083 loco»
2051 1028 2309 1097 positam,
2339 1044 2616 1099 quamque
2668 1037 2791 1115 post
2818 1038 3034 1099 tempus
3078 1046 3147 1086 ex
3195 1032 3464 1087 miraculo

1892 1120 2005 1175 illic
2046 1121 2413 1190 germinantis
2452 1122 2636 1176 herba:
2677 1123 2954 1192 cognitam
2989 1122 3293 1179 Christiani
3325 1128 3467 1182 tule—

1889 1222 2015 1267 rant
2038 1222 2093 1266 et
2122 1214 2175 1265 in
2213 1213 2568 1267 diaconieum
2601 1212 2714 1284 (ἓο)
2760 1222 3061 1282 posuerant
3092 1233 3103 1268 :
3140 1216 3285 1269 illam
3332 1232 3465 1287 gen-

1893 1304 2018 1360 tiles
2086 1304 2434 1372 dejecerunt,
2494 1314 2549 1359 et
2592 1306 2817 1363 funibus
2873 1308 2939 1361 ad
3002 1308 3170 1377 pedes
3229 1310 3465 1379 alligatis

1890 1402 2181 1448 traxerunt
2233 1409 2331 1465 per
2382 1394 2599 1461 forum,
2639 1396 2816 1451 donec
2871 1398 3152 1453 confracta
3202 1399 3465 1468 paulatim

1892 1484 2069 1539 deleta
2118 1492 2225 1552 est,
2265 1486 2385 1540 solo
2416 1486 2613 1541 relicto
2661 1487 2876 1556 capite,
2934 1488 3077 1557 quod
3139 1504 3168 1541 a
3200 1490 3464 1559 quedam,

1892 1577 2189 1645 gentilibus
2230 1579 2723 1645 tumultuantibus,
2764 1581 3042 1636 sublatum
3081 1581 3201 1637 fuit.
3242 1582 3473 1636 interim-

1894 1669 2126 1738 gentiles
2178 1669 2499 1739 blasphema
2553 1679 2605 1725 et
2648 1672 3023 1727 abominanda
3062 1675 3115 1727 in
3175 1673 3466 1728 Dominum

1898 1768 2151 1814 nostrum
2180 1758 2369 1815 Iesum
2393 1759 2675 1816 Christum
2701 1762 3074 1828 effundebant,
3095 1766 3274 1835 qualia
3307 1780 3468 1821 nemo

171 1859 668 1928 καταλειφθείσης
722 1859 814 1911 καὶ
863 1857 1209 1929 ἁρπαγείσης
1262 1859 1366 1911 ὑπό
1408 1875 1554 1921 τινος
1607 1862 1665 1911 ἐν
1714 1855 1793 1927 τῷ

1898 1866 2141 1922 unquam
2177 1854 2340 1905 homo
2371 1852 2607 1907 audivit.

172 1950 556 2021 θορυϐεῖσθαι
580 1957 705 2014 τοὺς
750 1952 1036 2021 Ἕλληνας,

1114 1950 1422 2005 λαλούντων
1502 1953 1682 2005 αὐτῶν
1754 1950 2051 2020 βλάσφημα
2118 1945 2211 1998 καὶ⁴
2262 1946 2618 2015 ἁπηχέστατα
2689 1947 2909 2017 ῥήματα
2966 1950 3047 2011 είς
3112 1948 3202 2002 τὸν
3263 1949 3468 2020 Κύριον

176 2026 356 2116 ἦμῶν
396 2046 608 2117 Ἰησοῦν
639 2045 896 2116 Χριστὸν,
938 2044 974 2099 ἂ.
1016 2047 1088 2115 μή
1120 2063 1202 2109 τις
1246 2045 1550 2115 ἀνθρώπων
1585 2048 1785 2114 ἧκουσε
1824 2040 2069 2095 πώποτε.

260 2186 377 2249 νην.
402 2180 577 2242 Αὐτὸς
602 2180 661 2233 δὲ
688 2180 716 2233 6
752 2179 1117 2243 ἀσεϐέστατος
1163 2181 1258 2234 καὶ
1298 2180 1513 2234 πάντων
1550 2194 1795 2250 παρανο-

192 2274 457 2345 μώτατος
538 2274 821 2337 Ἰουλιανὸς
877 2273 1178 2341 ἠγαλλιᾶτο
1228 2274 1320 2325 καὶ
1369 2273 1621 2342 ἔχαιρεν,
1697 2271 1793 2325 καὶ

189 2366 457 2435 γαυριῶν
478 2366 572 2418 ἐπὶ
597 2366 830 2428 τούτοις,
902 2364 1159 2418 ἐκέλευσε
1194 2366 1287 2418 καὶ
1337 2365 1429 2417 τὸν
1456 2366 1513 2417 ὲν
1568 2363 1793 2435 Ἰεροσοσ

192 2458 401 2528 λύμοις
464 2459 589 2511 ναὸν
637 2458 746 2512 τῶν
784 2457 1058 2511 Ἰουδαίων
1099 2455 1249 2528 [586]
1284 2459 1509 2528 ἁνιστᾷν
1547 2458 1625 2528 (d)
1653 2473 1665 2486 '
1695 2458 1791 2510 καὶ

196 2552 333 2614 τοὺς
364 2550 729 2621 Χριστιανοὺς
771 2550 873 2621 τῆς
928 2548 1137 2613 πόλεως
1189 2548 1458 2612 ἐκϐαλὼν,
1516 2551 1627 2612 τοῖς
1664 2548 1790 2602 Ἰουο

200 2642 379 2704 δαίοις
440 2640 607 2694 ἔδωκε
640 2642 915 2695 κατοικεῖν
942 2680 955 2703 ,
992 2639 1323 2702 ἀποστείλας
1363 2639 1616 2692 Ἀλύπιόν
1668 2656 1790 2692 τινα

203 2733 302 2786 τοῦ
331 2733 474 2802 μετᾶ
511 2733 748 2802 σπουδῆς
780 2733 870 2785 τὸν
898 2732 1023 2787 ναὸν
1050 2731 1598 2801 ἀνοικοδομήσασθαι.
1617 2731 1791 2794 Αὐτὸς

205 2824 264 2876 δὲ
299 2824 642 2893 προκαθίσας
689 2824 782 2875 ἐπὶ
834 2823 930 2875 τοῦ
988 2822 1232 2892 βήματος
1263 2823 1321 2874 ἐν
1364 2825 1429 2891 τῇ
1481 2821 1789 2891 καλουμένῃ

212 2917 501 2987 Βασιλικῇ,
543 2916 797 2969 ἐκέλευσε
871 2913 1248 2984 προσαχθῆναι
1320 2913 1407 2965 τὸν
1476 2914 1730 2982 μάρτυρα
1772 2926 1784 2940 ·

213 3010 611 3081 προσαχθέντος
644 3009 700 3061 δὲ
729 3007 823 3060 τοῦ
889 3008 1069 3073 ἁγίου,
1104 3008 1209 3077 ἔφη
1262 3008 1402 3077 πρὸς
1430 3007 1615 3071 αὑτὸν,
1649 3007 1789 3059 Πάν-

212 3118 319 3162 τως
366 3102 605 3170 ηκουσας
649 3099 742 3150 καὶ
802 3097 999 3159 αὐτὸς,
1036 3096 1364 3148 ἀσεϐέστατε
1412 3097 1686 3166 Ἀρτὲμιε,
1729 3096 1791 3149 τὸ

215 3193 471 3261 τόλμημα
522 3190 627 3242 τῶν
680 3187 892 3241 ἀσεϐῶν
951 3186 1094 3241 κατὰ
1122 3188 1180 3239 σε
1213 3186 1556 3256 Χριστιανῶν
1578 3225 1593 3250 ,
1652 3186 1789 3254 ὅπερ

1964 2172 2052 2229 58.
2091 2173 2210 2244 ipse
2250 2181 2439 2227 autem
2494 2172 2863 2242 impiissimus
2898 2182 3065 2242 atque
3095 2175 3340 2229 onmium
3373 2176 3471 2230 ho-

1891 2267 2100 2320 minum
2122 2266 2586 2320 sceleratissimus
2609 2263 2882 2332 Julianus,
2909 2265 3110 2335 gaudio
3132 2267 3469 2335 exsultabat,

1891 2369 1945 2413 et
1979 2358 2332 2426 arrogantior
2364 2356 2545 2413 factus
2576 2374 2641 2413 ex
2677 2359 2767 2424 iis,
2798 2360 3093 2430 imperavit
3129 2363 3293 2416 etiam
3328 2370 3468 2419 tem-

1894 2450 2040 2520 plum
2070 2448 2410 2514 Judaeorum,
2447 2452 2597 2520 quod
2636 2459 2754 2505 erat
2798 2452 3222 2525 Hierosolymis,
3269 2455 3468 2509 retudi-

1894 2542 2084 2609 iicari;
2119 2542 2423 2611 eiectisque
2454 2558 2484 2598 ο
2532 2543 2755 2599 civitate
2807 2543 3176 2609 Christianis,
3221 2546 3468 2601 eamdem

1891 2634 2098 2689 Judwis
2158 2635 2386 2689 tradidit
2455 2636 2857 2701 habitandam,
2902 2647 2957 2693 et
3012 2639 3164 2695 misit
3228 2639 3475 2709 Alipiunt

1892 2724 2208 2794 quemdam,
2241 2725 2337 2794 qui
2373 2725 2561 2794 templi
2590 2727 3051 2782 restaurationem
3080 2739 3316 2799 urgeret.
3354 2731 3473 2799 Ipse

1894 2832 2048 2880 vero,
2083 2816 2282 2871 sedens
2323 2832 2425 2885 pro
2456 2817 2721 2871 tribunali
2757 2819 2813 2873 in
2843 2820 2966 2875 loco
3005 2822 3094 2875 cui
3137 2837 3334 2875 nomen
3369 2822 3473 2876 Ba-

1897 2907 2074 2973 silica,
2106 2908 2278 2976 jussit
2305 2922 2492 2962 coram
2529 2907 2653 2962 sisti
2692 2920 3012 2981 martyrem.
3048 2910 3325 2967 Producto
3371 2928 3474 2968 au-

1900 3008 2003 3054 tem
2053 3009 2288 3055 sancto:
2343 3001 2528 3066 Certe,
2584 3002 2797 3068 inquit,
2846 3004 3054 3057 Artemi
3104 3004 3473 3073 impiissime,

1900 3099 1954 3144 tu
1985 3106 2204 3160 quoque
2248 3092 2513 3146 audivisti
2561 3093 2743 3147 audax
2800 3094 3021 3150 facinus
3071 3097 3363 3165 impiorum
3407 3113 3473 3153 ac

1898 3181 1974 3233 tui
2020 3182 2283 3236 similium
2323 3184 2772 3243 Christianorum
2809 3225 2823 3249 ,
2886 3188 3034 3257 quod
3083 3199 3373 3257 patrarunt
3416 3191 3473 3244 in
3526 3244 3529 3247 γ

216 3282 479 3350 ἐποίησαν
510 3281 567 3332 ὲν
609 3280 795 3349 Δάφνῃ
818 3279 876 3329 ἐν
902 3279 980 3347 τῷ
1003 3277 1115 3347 ναῷ
1168 3277 1261 3331 τοῦ
1312 3277 1555 3347 σωτῆρος
1598 3277 1790 3329 Ἀπόλ-

1898 3271 2140 3342 Daphne,
2173 3274 2227 3328 in
2279 3278 2481 3344 templo
2541 3278 2820 3347 Apollinis
2875 3282 3230 3337 servatoris:
3280 3296 3473 3351 quem-

218 3374 403 3435 λωνος,
439 3372 532 3422 καὶ
563 3370 637 3433 ὡς
657 3370 969 3439 ἐνέπρησαν
1030 3368 1197 3421 αὑτοῦ
1236 3369 1328 3422 τὸν
1382 3368 1509 3421 ναὸν
1544 3370 1640 3421 σὺν
1689 3370 1798 3425 toi;

222 3464 582 3534 ἀναθήμασιν,
620 3464 713 3515 καὶ
743 3463 803 3514 τὸ
824 3461 1096 3531 πάντιμον
1137 3462 1232 3514 καὶ
1285 3460 1600 3529 θαυμαστὸν
1626 3459 1794 3527 ἄγαλ-

231 3576 303 3628 μα
326 3556 656 3629 ὲνξηφάνισαν
686 3572 697 3584 ’
737 3554 851 3608 ἀλλ’
882 3556 943 3607 οὐ
974 3554 1307 3624 χαρήσονται
1361 3552 1795 3616 ἐπιτωθάζοντες

230 3653 318 3704 καί
350 3649 698 3720 χλευάζοντες
728 3649 796 3702 τὰ
822 3648 1096 3717 ἡμέτερα·
1138 3647 1249 3714 ἐγὼ
1281 3648 1389 3718 γὰρ
1428 3647 1669 3707 ἀποτίσω
1697 3647 1794 3717 τὴν

230 3742 363 3811 ὑπὲρ
388 3741 572 3794 τούτου
620 3739 808 3809 ποινὴν
832 3737 1334 3808 ἑϐδομηκοντάκις
1385 3738 1555 3803 ἑπτὰ,
1612 3738 1793 3802 καθώς

235 3850 357 3902 φασι
389 3834 450 3886 τὰ
484 3831 727 3902 ὑμέτερα
754 3831 907 3899 λόγια

304 3976 389 4031 νθ’.
444 3977 553 4028 Καὶ
586 3977 612 4027 6
644 3975 850 4044 μάρτυς
891 3992 901 4002 ·
938 3972 1187 4023 ’Ἤκουσα
1237 3969 1311 4031 ὡς
1348 3966 1608 4037 θεήλατος
1656 3964 1795 4034 ὀργὴ

243 4069 325 4122 καὶ
354 4067 452 4137 πῦρ
478 4068 770 4137 οὐρανόθεν
798 4063 1076 4117 κατελθὼν
1116 4062 1388 4129 κατέφαγε
1413 4059 1501 4111 τὸν
1534 4057 1655 4109 θεόν
1676 4072 1790 4121 σου,

246 4159 330 4211 καὶ
363 4159 514 4212 αὐτοῦ
542 4159 632 4210 τὸν
663 4156 791 4210 ναὸν
824 4156 1125 4225 ἐνέπρησεν
1158 4153 1335 4206 πάντα
1366 4150 1458 4204 καὶ
1492 4148 1792 4220 κατηδάφιο

249 4253 425 4303 σενοεί
483 4251 575 4303 οὖν
637 4250 757 4311 θεὸς
778 4244 867 4319 ἦν,
893 4248 944 4299 τί
999 4245 1071 4314 μὴ
1108 4244 1302 4297 ἑαυτὸν
1357 4244 1420 4295 ὲκ
1464 4240 1557 4294 τοῦ
1625 4240 1795 4311 πυρὸς

249 4342 486 4412 ἐρρύσατο
532 4360 545 4409 ;
612 4342 720 4394 Καὶ
776 4342 805 4392 6
859 4337 1233 4408 παραϐάτηςο
1290 4335 1442 4404 Τάχα
1489 4332 1579 4385 καὶ
1634 4333 1794 4395 αὐτὸς

252 4435 406 4497 ἔοικάς
435 4452 547 4504 μοι,
591 4430 947 4491 ἀνοσιώτατε,
1003 4430 1293 4500 κερτομεῖν
1329 4430 1422 4479 ἐπὶ
1476 4424 1650 4478 τοῖσδε
1702 4425 1795 4477 καὶ

254 4525 686 4595 κατακακχάζειν,
708 4524 782 4587 ὠς
807 4521 897 4575 ἆτε
915 4522 1068 4592 παρὰ
1096 4518 1191 4573 τοῦ
1232 4517 1365 4571 Θεοῦ
1399 4534 1490 4569 σου
1516 4515 1794 4586 ὲκδίκησίν

1900 3365 2198 3423 admodum
2238 3370 2455 3423 scilicet
2498 3374 2883 3427 sanctuariutn
2912 3374 3035 3443 ejus
3072 3389 3196 3429 cum
3231 3376 3473 3431 donariis

1898 3463 2240 3525 exusserint,
2267 3470 2322 3515 et
2358 3463 2598 3517 maxime
2649 3464 3022 3519 venerandam
3056 3481 3121 3521 ac
3169 3467 3473 3524 mirabilem

1898 3548 2277 3606 destruxerint
2324 3554 2645 3623 imaginem.
2680 3555 2787 3611 Sed
2839 3572 2947 3611 non
2989 3558 3308 3628 gaudebunt
3350 3560 3477 3614 irriv

1899 3643 2149 3703 sionibus
2196 3656 2251 3699 et
2300 3647 2557 3702 ludibriis
2610 3650 2885 3716 prosecuti
2917 3662 3139 3711 nostra;
3171 3667 3274 3721 ego
3327 3653 3478 3706 enim

1899 3750 1997 3802 pro
2029 3751 2094 3791 eo
2134 3738 2352 3806 exigam
2396 3754 2590 3807 ptenas
2632 3744 2925 3809 septuagiea
2958 3744 3170 3809 septies,
3204 3753 3262 3796 ut
3295 3752 3479 3799 vestra

1898 3830 2090 3883 dicunt
2118 3830 2357 3897 eloquia.

1938 3960 2057 4017 ‘59.
2102 3962 2407 4032 Respondit
2446 3972 2696 4032 martyr:
2744 3964 2937 4018 Audivi
2978 3968 3216 4023 divinam
3255 3971 3390 4025 iram
3421 3980 3475 4027 et

1899 4053 2078 4123 ignem
2149 4054 2372 4106 cmlitus
2424 4054 2731 4106 immissum
2809 4061 3229 4126 consumpsisse
3310 4061 3471 4115 demu

1898 4155 2075 4213 tuum,
2101 4148 2333 4217 ejusque
2358 4149 2619 4214 templum
2639 4148 2956 4204 incendisse
2980 4164 3043 4202 ac
3064 4167 3290 4220 prorsus
3317 4169 3473 4209 ever-

1898 4240 2049 4295 tisse.
2079 4239 2132 4294 Si
2169 4240 2337 4310 igitur
2366 4241 2501 4295 dcus
2532 4248 2651 4293 erat
2679 4283 2693 4307 ,
2728 4257 2826 4295 cur
2857 4257 2915 4296 se
2953 4243 3069 4313 ipsc
3104 4260 3166 4296 ex
3204 4245 3329 4315 igne
3362 4262 3471 4300 non

1899 4333 2185 4385 servavit?
2246 4333 2314 4386 Et
2378 4342 2631 4401 apostata
2692 4353 2705 4387 :
2754 4333 2922 4390 Forte
2974 4342 3028 4389 et
3078 4343 3135 4389 tu
3195 4337 3474 4393 scelestis-

1898 4425 2057 4487 sime,
2092 4426 2297 4479 videris
2328 4427 2459 4479 mihi
2504 4427 2589 4478 his
2648 4427 2916 4482 insultare
2949 4438 3002 4483 et
3044 4430 3109 4483 ad
3150 4429 3319 4484 risum
3361 4446 3474 4484 ιι-ο-

1900 4531 2048 4577 vere,
2088 4518 2249 4582 quasi
2285 4532 2310 4567 a
2359 4515 2467 4567 Deo
2515 4522 2609 4567 tuo
2643 4516 2943 4569 vindictam
2996 4519 3239 4587 aliquam
3280 4535 3475 4575 consc-

253 4634 355 4669 τινα
394 4616 837 4686 προσδεξάμενος.
870 4613 979 4664 Καὶ
1008 4613 1036 4663 6
1065 4611 1273 4680 μάρτυς
1295 4625 1307 4638 '
1347 4605 1488 4675 Ἐγὼ
1536 4606 1788 4669 πάντοτε,

1900 4615 2063 4660 cutus
2092 4605 2307 4659 fuisset.
2342 4604 2405 4659 Et
2446 4615 2695 4676 martyr:
2735 4607 2847 4676 Ego
2879 4624 3113 4675 semper,
3142 4610 3340 4678 inquit,
3373 4613 3475 4664 im-

256 4710 649 4772 δυσσεϐέστατε,
684 4709 776 4759 ἐπὶ
816 4709 881 4776 τῇ
943 4704 1049 4756 τῶν
1107 4702 1376 4773 δαιμόνων
1444 4702 1649 4753 πτώσει
1685 4698 1794 4750 τῶν

260 4802 484 4873 παρὲσοῦ
517 4799 842 4871 τιμωμένων
877 4795 1147 4867 κομπὰζω
1180 4795 1273 4847 καὶ
1305 4793 1481 4863 χαίρω
1518 4792 1605 4844 καὶ
1635 4790 1799 4858 ἀγαλ-

260 4894 362 4947 λιῶ⁹
386 4896 467 4946 καὶ
505 4895 597 4945 ἐπὶ
630 4894 792 4944 πᾶσιν
827 4885 905 4952 οἷς
934 4889 961 4939 6
999 4887 1230 4958 Χριστός
1277 4904 1378 4955 μου
1418 4883 1795 4953 τερατουργεῖ,

262 4987 552 5057 τερπόμενος
582 4983 823 5055 γέγηθασ
856 4982 1135 5050 ἐκδίκησιν
1156 4979 1212 5031 δὲ
1244 4976 1352 5029 τῶν
1381 4977 1457 5038 εἰς
1496 4972 1594 5041 ἐμὲ
1625 4990 1797 5042 πρατ-

265 5079 464 5147 τομένων
490 5076 639 5147 παρὰ
690 5072 807 5137 σοῦ,
864 5073 981 5125 ἐκεῖ
1032 5072 1255 5139 δέξομαι
1313 5065 1467 5124 ὁπότ’
1504 5065 1568 5117 ἂν
1598 5064 1659 5115 τὸ
1688 5063 1796 5132 πῦρ

268 5168 407 5219 ἐκεῖνο
438 5167 495 5218 τὸ
516 5162 813 5234 ἁκοίμητόν
847 5180 905 5214 σε
947 5160 1321 5228 καταλήψεται
1368 5156 1459 5207 καὶ
1501 5156 1533 5224 ἡ
1563 5154 1799 5206 διαιωνίο

271 5259 402 5322 ζουσα
420 5258 633 5319 κόλασις
659 5274 670 5285 ·
690 5253 979 5309 κάνταῦοα
1011 5252 1067 5305 δὲ
1090 5251 1150 5302 οὐ
1190 5247 1355 5311 πολὺς
1407 5245 1797 5315 παρελεύσεται

272 5349 437 5418 χρόνος,
472 5352 561 5400 καὶ
589 5347 648 5400 τὸ
673 5342 1018 5416 μνημόσυνόν
1051 5358 1141 5393 σου
1176 5341 1290 5411 μετ’
1316 5339 1448 5408 ἤχου
1500 5335 1799 5405 ἀφανισθή-

277 5457 407 5496 ditat.
440 5442 540 5495 Καὶ
563 5444 589 5495 6
623 5439 976 5510 παραϐάτης·
1003 5437 1061 5489 Ei
1108 5432 1201 5487 οὖν
1252 5431 1513 5501 ἀγαλλιᾷς
1558 5433 1647 5481 ἐπὶ
1677 5430 1801 5482 τού⁴

1902 4698 2167 4767 piissime,
2191 4699 2257 4751 de
2289 4698 2594 4750 tlmmonum
2618 4699 2799 4760 ruina,
2826 4714 2966 4767 quos
2990 4706 3045 4751 tu
3071 4701 3227 4762 colis,
3249 4701 3470 4770 glorior,

1898 4787 2107 4857 gaudeo
2146 4796 2198 4841 ct
2241 4788 2505 4841 cxsulto:
2554 4796 2607 4840 et
2655 4804 2993 4857 quaecunque
3023 4789 3274 4844 Christus
3321 4807 3475 4844 mens

1903 4880 2174 4935 mirabilia
2208 4890 2486 4951 Operatur,
2516 4880 2943 4934 delectationem
2978 4879 3110 4932 mihi
3139 4896 3203 4933 ac
3231 4879 3473 4932 hctitiam

1904 4973 2143 5042 pariunt.
2185 4974 2460 5028 Ultionem
2492 4990 2619 5028 vero
2668 4989 2859 5026 eorum
2896 4989 3018 5042 qua:
3067 4989 3094 5023 ιι
3131 4983 3183 5025 te
3216 4972 3347 5024 mihi
3386 4972 3474 5024 in-

1906 5073 2109 5118 tentata
2137 5072 2286 5129 sunt,
2321 5072 2452 5119 tunc
2485 5066 2751 5134 accipiam
2779 5064 3002 5132 quando
3043 5063 3183 5131 ignis
3210 5062 3475 5115 inexslina

1908 5156 2130 5226 guibilis
2162 5164 2213 5210 te
2248 5155 2699 5225 comprehendet,
2733 5167 2785 5208 et
2825 5152 3157 5223 supplicium
3190 5153 3479 5222 sempiter—

1909 5261 2056 5299 uutn.
2088 5244 2151 5297 Et
2182 5245 2269 5299 hic
2302 5259 2521 5315 quoque
2558 5259 2708 5297 mora
2754 5258 2862 5297 non
2913 5242 3019 5296 erit
3062 5239 3194 5311 quin
3219 5242 3477 5295 memoria

1908 5344 1997 5389 tua
2032 5354 2156 5391 cum
2192 5338 2372 5391 sonitu
2412 5336 2711 5389 auferatur.
2743 5334 2899 5388 Tunc
2941 5344 3191 5405 apostata
3222 5350 3233 5385 :
3274 5333 3327 5386 Si
3378 5332 3477 5403 igi—

1910 5441 1996 5483 tur
2036 5433 2261 5502 gaudes,
2299 5431 2645 5500 impiissimc,
2672 5430 2736 5486 de
2774 5427 3077 5500 suppliciis,
3107 5428 3282 5499 iisque
3324 5424 3476 5481 deie-

1744 5603 1975 5659 NOTA‘I.

335 5712 391 5779 (τί)
412 5711 733 5779 Philostorg.
770 5706 873 5761 loc.
902 5706 991 5761 cit.

338 5768 422 5853 ("23!)
459 5768 796 5836 DiaconiEum
822 5779 962 5834 idem
999 5783 1081 5832 est
1109 5790 1171 5829 ac
1206 5771 1351 5843 quod
1386 5785 1483 5827 nos
1514 5769 1676 5825 hodie
1706 5768 2015 5825 sacristiam
2055 5783 2335 5825 vocamus.
