3882 6356
404 498 597 560 ctaris,
627 486 1003 547 accessionem
1034 484 1134 540 tibi
1161 482 1474 554 procurabo
1505 478 1804 537 desiderati
1842 493 1979 551 gau-
2010 484 2057 540 Α

405 591 503 645 dii.
524 586 747 649 Verum,
775 578 1173 642 infelicissime,
1206 577 1303 631 tibi
1329 589 1500 646 parco
1524 590 1591 631 ex
1623 572 1980 643 benignitate,

403 690 459 736 et
484 678 613 734 volo
654 682 732 740 te,
785 671 1034 740 deposita
1075 668 1341 732 amentia,
1380 681 1517 722 sana
1562 674 1749 721 meme
1802 664 1881 719 uti
1928 670 1983 718 et

403 767 668 825 accedere
689 764 797 819 diis
830 760 1242 818 immortalibus
1271 759 1739 815 sacriﬁcaturum.
1758 757 1983 812 Summa

328 926 343 935 .
401 863 549 917 enim
581 857 853 929 dignitate
875 864 1110 909 ornatus
1141 852 1319 919 fuisti,
1339 853 1438 907 tibi
1467 851 1654 908 multae
1684 851 1889 906 divitia:
1915 849 1983 904 ab

402 954 517 1007 alto
547 958 606 1005 ct
645 964 675 1003 a
726 947 1036 1017 majoribus
1085 944 1449 1000 accumulatae
1497 952 1647 1008 sunt,
1687 951 1742 998 et
1789 941 1983 997 multis

400 1044 671 1098 virtutum
724 1040 949 1096 dotibus
984 1046 1037 1093 te
1090 1037 1191 1119 dii.
1229 1036 1638 1101 bonestarunt,
1674 1034 1803 1090 licet
1853 1048 1980 1105 erga

402 1134 529 1190 illos
564 1134 845 1206 ingratum
878 1138 931 1186 te
957 1127 1288 1200 praebueris.

470 1393 561 1449 60.
603 1390 671 1446 Et
710 1398 964 1461 martyr:
1018 1387 1161 1452 Quid
1209 1386 1459 1450 insanis,
1492 1385 1880 1457 iniquissime,
1928 1394 1985 1439 et

402 1482 721 1541 immoraris
744 1479 1027 1550 pestiferis
1057 1479 1441 1534 sermonibus?
1467 1478 1628 1533 Parvi
1651 1477 1833 1533 fecisti
1864 1478 1985 1533 bar-

402 1572 622 1625 baricas
673 1568 1029 1632 rebelliones,
1062 1568 1351 1638 suscepisti
1407 1568 1608 1624 bellum
1675 1567 1983 1633 Persicum,

403 1676 517 1732 quo
571 1661 891 1716 universum
954 1659 1143 1714 orbem
1206 1659 1468 1727 agitasti,
1511 1666 1566 1713 et
1616 1658 1672 1713 in
1718 1674 1839 1726 me,
1887 1658 1980 1713 Dei

403 1763 648 1812 servum,
665 1749 837 1803 otium
860 1746 1288 1801 consumisibic
1319 1747 1373 1800 in
1392 1760 1480 1801 me
1498 1747 1720 1817 qualem
1741 1747 1982 1804 volueris

403 1841 775 1905 sententiam;
809 1853 938 1893 nam
973 1853 1074 1907 ego
1102 1836 1238 1893 deos
1279 1847 1408 1894 tuos
1436 1853 1547 1893 non
1574 1839 1766 1904 adoro,
1801 1855 1980 1910 neque
2012 1818 2054 1873 Β

396 1930 752 2003 jussionibus
786 1929 896 1984 tuis
935 1943 1024 1983 me
1067 1927 1376 1993 submitto;
1418 1929 1516 1984 sed
1554 1929 1666 1985 Deo
1695 1943 1819 1985 meo
1842 1945 1978 1999 quo-

401 2022 535 2077 tidie
566 2019 739 2075 odero
773 2018 1111 2074 sacrificium
1144 2016 1324 2074 laudis
1361 2026 1416 2073 et
1453 2017 1862 2086 confessionis;
1895 2018 1981 2076 fac

400 2115 568 2184 igitur
595 2110 743 2182 quod
779 2111 880 2173 vis,
924 2108 1376 2166 sceleratissime.
1409 2110 1657 2166 Audiens
1698 2110 1814 2165 haec
1848 2126 1980 2182 apo-

401 2211 543 2258 stata
577 2212 631 2258 et
668 2202 750 2256 ira
785 2201 1069 2264 incensus,
1104 2198 1346 2268 lapidum
1377 2211 1724 2270 exemptores
1754 2218 1818 2258 ac
1846 2203 1981 2273 lapi-

400 2295 615 2350 dicidas
659 2292 871 2363 ingredi
891 2292 1061 2363 jussit
1090 2291 1339 2363 dixitque
1360 2293 1441 2348 eis
1475 2310 1489 2348 :
1522 2291 1804 2350 Videtisne
1843 2310 1981 2365 prae-

402 2393 622 2455 ruptam
682 2392 933 2454 petram,
980 2399 1107 2453 qua:
1153 2399 1184 2439 e
1238 2384 1465 2454 regione
1520 2384 1721 2440 theatri
1772 2386 1979 2441 civitati

404 2475 660 2529 imminet
710 2470 1122 2538 ruinosa?Qua
1169 2471 1335 2542 igitur
1374 2480 1545 2539 secta,
1591 2480 1757 2543 atque
1806 2473 1980 2528 altera

400 2567 521 2634 ejus
548 2573 703 2634 parte
738 2563 794 2617 in
826 2563 999 2617 altum
1027 2562 1265 2628 elevata,
1301 2564 1450 2618 hunc
1480 2563 1812 2619 sceleratum
1846 2580 1980 2620 con-

403 2656 622 2711 stituite
673 2653 951 2720 medium;
1016 2655 1306 2724 ruptisque
1361 2655 1630 2720 vinculis,
1674 2672 1782 2727 qua
1828 2665 1981 2727 petra

401 2748 694 2813 retinetur,
748 2745 968 2815 dejicite
1004 2758 1125 2800 eam
1171 2745 1325 2799 onmi
1360 2745 1409 2798 vi
1460 2752 1630 2815 atque
1681 2746 1886 2817 impetu
1926 2750 1980 2803 in

402 2846 614 2912 partem
637 2855 701 2894 ex
727 2856 833 2910 qua
862 2848 1014 2895 secta
1035 2845 1155 2902 est;
1187 2849 1241 2893 et
1270 2839 1377 2895 iste
1398 2840 1615 2896 medius
1644 2842 1981 2912 interceptus

403 2932 457 2985 in
499 2930 909 2986 minutissimas
955 2938 1143 2999 partes
1180 2936 1332 2984 totus
1367 2939 1703 2995 conteretur,
1750 2931 1983 3001 ejusque

400 3023 614 3078 viscera
641 3022 832 3078 omnia
883 3021 1319 3091 disrumpcntur,
1352 3029 1412 3076 ut
1461 3022 1603 3079 sciat
1630 3023 1853 3077 cuinam
1901 3038 1985 3079 rc-

401 3114 586 3180 sistat,
642 3113 697 3167 in
738 3127 903 3184 quem
934 3112 1374 3183 impugnandum
1419 3128 1571 3168 arma
1620 3115 1889 3181 induerit,
1927 3123 1980 3169 et

399 3204 531 3272 quid
567 3203 761 3257 auxilii
812 3203 862 3257 ei
898 3203 1204 3256 collaturus
1252 3202 1325 3257 sit
1370 3201 1513 3258 Deus
1538 3203 1681 3272 ejus,
1709 3204 1755 3257 si
1787 3218 1981 3271 nempe

402 3305 598 3365 potens
636 3294 861 3350 futuros
899 3295 972 3348 sit
1020 3309 1145 3348 eum
1173 3296 1387 3364 eripere
1414 3294 1484 3349 de
1530 3296 1783 3351 manibus
1821 3296 1977 3349 meis.

401 3386 719 3439 Mandatum
752 3384 902 3438 dicto
956 3385 1123 3439 citius
1161 3384 1472 3454 lapidicida:
1513 3386 1981 3453 exsecuti,dcmi-

401 3484 596 3531 serunt
650 3484 892 3545 petram,
928 3484 989 3528 ut
1039 3484 1310 3544 tyrannus
1356 3476 1624 3544 iusserat.
1668 3478 1801 3544 Quae
1853 3492 1978 3532 cum

400 3566 577 3619 multo
618 3564 861 3634 pondere
910 3564 965 3616 in
1027 3576 1272 3633 praeceps
1314 3578 1480 3619 ruens
1512 3572 1684 3619 totum
1721 3565 1981 3635 martyris

398 3671 605 3726 corpus
683 3654 973 3723 cooperuit
1038 3661 1203 3723 atque
1276 3654 1414 3709 adeo
1487 3657 1853 3726 compressit,
1922 3666 1981 3711 ut

398 3749 611 3803 ossium
671 3744 1087 3800 confractorum
1141 3744 1364 3800 sonitus
1429 3744 1651 3816 quidam
1695 3749 1981 3804 audiretur

399 3837 765 3903 tremendus,
824 3835 1110 3893 horribilis
1163 3844 1218 3891 et
1285 3835 1546 3893 humanis
1602 3838 1831 3895 auribus
1894 3839 1980 3895 in-

398 3939 615 3986 ειιοιιιε.

468 4203 558 4261 6|.
597 4204 732 4262 Cum
767 4214 998 4262 sanctus
1040 4203 1096 4260 in
1130 4207 1309 4262 media
1350 4223 1505 4278 petra
1536 4218 1880 4277 premeretur
1924 4220 1981 4268 et

398 4305 805 4363 contereretur,
839 4297 1135 4351 invocabat
1161 4294 1446 4353 Christum
1472 4294 1663 4355 dicens
1695 4318 1706 4354 :
1746 4299 1810 4354 In
1829 4310 1979 4371 petra

398 4382 653 4439 exaltasti
688 4401 790 4450 me,
820 4386 947 4455 quia
978 4386 1157 4454 [actus
1200 4403 1253 4441 es
1285 4403 1400 4455 spes
1431 4404 1583 4445 mea:
1620 4392 1787 4447 turris
1822 4392 1981 4461 forti-

1827 364 2209 429 ADDENDA.

3562 361 3743 428 1308

2082 493 2199 540 τοις
2232 474 2329 530 καὶ
2382 472 2793 543 έπευφραίνεις,
2823 469 3182 538 ἀνοσιώτατε,
3215 470 3571 544 προσθήκην
3602 474 3739 542 ἐγώ

2088 589 2171 625 σοι
2194 568 2354 643 [εεη
2387 570 2692 640 ποιήσομαι
2733 566 2830 622 τοῦ
2877 566 3216 638 ποθουμένου
3246 565 3735 635 ἀγαλλιάμιατος.

2106 662 2289 730 Ἀλλὰ,
2324 660 2750 733 δυσμενέστατε,
2782 657 3037 731 φείδομαι
3084 676 3181 712 σου
3205 658 3272 713 δι’
3294 658 3528 712 οἰκείαν
3560 675 3739 728 χρη-

2086 750 2341 821 στότητα,
2398 749 2495 804 καὶ
2526 748 2793 820 βούλομαί
2825 764 2885 802 σε
2911 750 3012 819 τῆς
3061 748 3250 813 ἀνοίας
3298 748 3735 817 παυσάμενον,

2087 841 2326 911 σώφρονι
2368 838 2617 910 λογισμῷ
2667 838 3003 910 χρήσασθαι,
3050 838 3153 891 καὶ
3207 838 3553 910 προσελθεῖν
3615 837 3737 889 65-

2086 949 2251 987 σοντα
2297 935 2410 996 τοῖς
2462 930 2754 995 ἀθανάτοις
2818 930 2962 994 θεοῖς
3009 946 3025 963 ο
3084 930 3182 985 καὶ
3229 929 3526 1003 ἀξιώματι
3599 930 3735 1001 γὰρ

2088 1024 2326 1096 μεγίστῳ
2353 1024 2723 1095 κεκόσμησαι,
2749 1023 2846 1078 καὶ
2874 1021 3106 1086 πλοῦτος
3136 1022 3326 1086 ἱκανὸς
3357 1021 3601 1075 ἄνωθέν
3634 1038 3729 1073 σοι

2085 1118 2180 1171 καὶ
2206 1116 2271 1171 ὲκ
2299 1115 2585 1186 προγόνων
2625 1110 2985 1185 σεσώρευται,
3025 1113 3122 1167 καὶ
3157 1112 3333 1167 πολλά
3359 1129 3459 1168 σοι
3488 1113 3566 1165 τὰ
3602 1112 3724 1180 τῆς

2084 1206 2287 1279 ἀρετῆς
2318 1204 2770 1277 πλεονεκτήματα
2798 1206 2848 1259 oi
2876 1202 2992 1257 θεοὶ
3050 1204 3492 1274 παρεσκεύασαν
3513 1244 3531 1268 ,
3596 1204 3720 1255 κᾶν

2086 1295 2251 1359 αὐτὸς
2288 1295 2589 1365 ἀχάριστος
2618 1292 2807 1364 ὤφθης
2833 1292 2966 1362 περὶ
2991 1290 3213 1354 αὐτούς.

2154 1388 2219 1455 ξ’.
2248 1387 2360 1440 Καὶ
2383 1388 2412 1439 ὁ
2448 1385 2663 1458 μάρτυς
2687 1401 2701 1417 ·
2731 1386 2798 1438 Τί
2835 1384 3025 1457 μαίνῃ,
3061 1380 3548 1455 παρανομώτατε,
3611 1384 3717 1435 καὶ

2084 1478 2286 1550 ἀσχολῇ
2315 1480 2409 1531 ἐπὶ
2427 1480 2536 1541 τοῖς
2556 1476 2823 1549 ὀλεθρίοις
2856 1476 3099 1547 ῥήμασιν
3130 1493 3146 1541 ;
3190 1475 3402 1537 Ἐασας
3427 1472 3543 1536 τὰς
3566 1474 3714 1543 βαρο

2085 1567 2320 1639 ὀαρικάς
2353 1567 2780 1630 ἐπαναστάσεις,
2815 1566 2911 1619 καὶ
2964 1563 3057 1617 τὸν
3101 1562 3373 1633 Περσικὸν
3412 1562 3709 1615 ἀνεσάὶου

2086 1658 2346 1728 πόλεμον,
2382 1656 2449 1711 δι’
2485 1657 2544 1710 ὃν
2567 1654 2666 1727 τὴν
2718 1653 3049 1724 οἰκουμένην
3116 1655 3300 1706 πᾶσαν
3353 1652 3699 1716 έσὰλευσας,

2086 1748 2183 1802 καὶ
2211 1750 2289 1812 είς
2326 1746 2427 1817 ἐμὲ
2458 1745 2551 1801 τὸν
2576 1744 2674 1799 τοῦ
2698 1745 2837 1798 Θεοῦ
2863 1742 3049 1797 δοῦλον
3082 1743 3323 1813 ἀσχολῇ;
3366 1743 3534 1794 Δίδου
3560 1742 3704 1793 ἀπὸ·

2083 1856 2246 1910 φασιν
2275 1839 2395 1893 κατ’
2423 1836 2558 1909 ἐμοῦ
2614 1836 2735 1890 οἴαν
2781 1835 3023 1898 ἐθέλεις·
3068 1832 3177 1903 ἐγὼ
3220 1835 3329 1903 γὰρ
3368 1834 3490 1895 τοῖς
3540 1833 3698 1896 θεοῖς

2084 1948 2177 1984 σου
2198 1930 2260 1983 οὐ
2283 1927 2557 2000 λατρεύω.
2609 1926 2737 1982 οὔτε
2769 1928 2880 1989 τοῖς
2919 1927 3032 1987 σοῖς
3081 1925 3514 1996 προστάγμασιν
3552 1925 3701 1977 ὑπο-

2081 2018 2293 2083 κύπτω,
2357 2014 2591 2087 ἀλλάτῷ
2619 2013 2739 2085 Θεῷ
2755 2006 2870 2085 ’μου
2913 2013 3035 2067 καθ’
3085 2013 3323 2085 ἑκάστην
3367 2015 3702 2084 προσφέρω

2081 2109 2274 2162 θυσίαν
2323 2106 2588 2170 αἰνέσεως
2638 2107 2735 2160 καὶ
2777 2102 3224 2176 ὲξομολογήσεως
3254 2122 3266 2135 ο
3315 2105 3469 2157 ποίει
3523 2100 3687 2158 οὖνὸ

2082 2200 2278 2265 θέλεις,
2308 2198 2778 2271 παρανομώτατε.
2818 2198 3002 2252 Ταῦτα
3025 2199 3053 2251 ὁ
3084 2196 3412 2269 παραϐάτης
3428 2200 3693 2262 ἀκούσας

2082 2294 2177 2347 καὶ⁸
2195 2293 2412 2364 πλήρης
2446 2291 2622 2361 θυμοῦ
2648 2291 2963 2361 γενόμενος,
2985 2289 3255 2360 λατόμους
3278 2290 3375 2344 καὶ
3396 2290 3694 2358 λιθοξόους

2082 2386 2369 2440 ἐκέλευσεν
2394 2384 2675 2449 εἰσελθεῖν,
2710 2384 2804 2437 καί
2837 2400 2973 2454 φησι
3005 2381 3142 2451 πρὸς
3179 2382 3385 2445 αὐτούς
3407 2399 3421 2412 ·
3476 2383 3692 2455 Ὁρᾶτε

2080 2476 2180 2548 τὴν
2232 2476 2507 2548 ἀπότομον
2551 2460 2761 2548 πέτραν
2812 2473 2913 2545 τὴν
2957 2473 3224 2528 ἀπέναντι
3278 2472 3375 2526 τοῦ
3433 2473 3689 2544 θεάτρου

2083 2569 2218 2640 πρὸς
2242 2569 2300 2623 τὸ
2328 2570 2595 2632 κάταντες
2624 2567 2724 2637 τῆς
2751 2566 2959 2629 πόλεως
2991 2566 3302 2637 ῥέπουσαν;
3330 2564 3562 2637 Ταύτην
3586 2562 3691 2618 οὖν

2081 2661 2423 2733 διχάσαντες,
2490 2660 2586 2713 καὶ
2622 2658 2680 2713 τὸ
2712 2659 2902 2729 ἕτερον
2952 2658 3120 2729 μέρος
3156 2658 3334 2728 αὐτῆς
3382 2659 3684 2729 ἀνωφερέ-

2085 2768 2275 2826 στερον
2306 2754 2623 2825 στήσαντες,
2663 2752 2877 2804 τουτονὶ
2906 2750 2997 2803 τὸν
3019 2748 3303 2821 ἀλιτήριον
3322 2749 3681 2820 ὲμδιϐἀσατε

2086 2847 2249 2917 μέσον
2269 2862 2284 2877 ο
2317 2846 2562 2906 καὶτοὺς
2592 2843 2827 2913 δεσμοὺς
2874 2840 2976 2912 τῆς
3020 2841 3227 2912 πέτρας
3262 2841 3687 2912 ἐναπορῲξξτν-

2082 2954 2193 2999 τες,
2219 2935 2388 3005 ἄφετε
2427 2934 2565 3006 μετὰ
2591 2932 2772 3005 ῥύμης
2799 2934 2896 2987 καὶ
2925 2933 3126 3004 βάρους
3156 2931 3483 2984 ἔναπελθεῖν
3543 2933 3685 3003 πρὸς

2081 3029 2143 3082 τὸ
2174 3028 2341 3099 μέρος
2365 3026 2489 3080 ὅθεν
2536 3024 2853 3094 δεδίχασται
2882 3039 2898 3056 ο
2922 3024 3016 3077 καὶ
3062 3022 3255 3076 τούτου
3299 3023 3465 3093 μέσον
3498 3024 3689 3092 εὑρισ-

2086 3119 2320 3191 κομένου
2357 3119 2506 3181 ἅπας
2560 3116 2701 3169 κατὰ
2740 3116 2940 3186 μικρὸν
2968 3114 3459 3185 συνθλασθήσεται,
3492 3118 3591 3169 καὶ
3608 3116 3682 3169 τὰ

2087 3213 2238 3275 ἐντὸς
2289 3210 2457 3265 αὑτοῦ
2505 3210 2688 3263 πάντα
2747 3208 3212 3280 διαῤῥαγήσονται
3243 3225 3259 3239 ·
3289 3207 3356 3262 ἶν’
3405 3208 3525 3279 sior.)
3572 3208 3681 3261 τίνι

2087 3302 2427 3365 ἀνθίσταται,
2462 3301 2555 3353 καὶ
2591 3299 2698 3351 τίνι
2730 3298 2867 3369 πρὸς
2902 3298 3083 3368 μάχην
3110 3295 3467 3363 ὲξὼπλισται,
3500 3298 3595 3350 καὶ
3626 3298 3680 3351 τί

2087 3395 2241 3467 παρά
2262 3392 2355 3448 τοῦ
2376 3392 2517 3447 Θεοῦ
2542 3390 2707 3446 αὑτοῦ
2738 3390 3178 3462 ὠφεληθήσεται,
3208 3390 3258 3443 ει
3287 3389 3399 3460 ἄρα
3453 3389 3679 3460 δυνήσεο

2086 3504 2173 3541 ται
2204 3486 2368 3539 αὕτδν
2400 3483 2685 3551 ἐξελέσθαι
2708 3485 2771 3536 ἐκ
2795 3482 2906 3537 τῶν
2950 3482 3152 3554 χειρῶν
3202 3497 3327 3552 μου.
3374 3480 3531 3553 [5881
3570 3480 3674 3535 T05

2088 3578 2251 3649 ἔργου
2310 3576 2367 3630 δὲ
2430 3575 2624 3630 θᾶττον
2682 3574 2842 3643 λόγου
2898 3573 3301 3645 περαιωθέντος
3353 3574 3577 3643 ἀφῆκαν
3627 3575 3676 3626 oi

2086 3669 2346 3735 λαξευταὶ
2394 3668 2494 3738 τὴν
2539 3666 2750 3739 πέτραν
2800 3667 2876 3731 ὼς
2908 3669 2936 3720 ὁ
2957 3666 3222 3738 τύραννος
3275 3665 3481 3735 εφησεν
3506 3682 3521 3695 ·
3552 3669 3585 3735 ὴ
3617 3664 3671 3716 δὲ

2089 3763 2186 3815 σὺν
2212 3760 2371 3833 βάρει
2406 3758 2586 3829 πολλῷ
2634 3758 2728 3811 ἐπὶ
2773 3756 2868 3811 τοῦ
2932 3756 3173 3828 πρηνοῦς
3201 3754 3490 3825 ἐνεχθεῖσα
3511 3795 3527 3819 ,
3560 3756 3673 3808 ὅλον

2087 3850 2324 3921 ἐκάλυψε
2352 3851 2415 3904 τὸ
2442 3850 2603 3920 σῶμα
2635 3849 2730 3902 τοῦ
2759 3849 3057 3920 μάρτυρος,
3091 3847 3187 3902 καὶ
3213 3847 3477 3900 τοσοῦτον
3514 3847 3672 3901 αὑτὸν

2089 3942 2389 4009 έξεπίεσεν,
2421 3941 2563 3996 ὥστε
2612 3942 2720 3996 τῶν
2752 3940 2954 3994 ὀστέων
2982 3939 3161 3993 αὐτῶν
3190 3940 3670 4012 κατατεθραυσμέ-

2088 4050 2195 4086 νων
2231 4028 2364 4105 ἦχόν
2395 4046 2518 4085 τινα
2535 4028 2870 4101 κροτηθῆναι
2903 4028 3137 4100 φοϐερόν
3167 4042 3227 4081 τε
3251 4030 3347 4084 καὶ
3376 4028 3555 4098 βίαιον
3581 4030 3667 4081 καὶ

2090 4116 2240 4186 ξένον
2265 4121 2581 4192 ἀνθρωπίνῃ
2610 4120 2771 4191 ἀκοῇ.

2159 4212 2259 4277 ξαν.
2292 4211 2403 4265 Καὶ
2434 4202 2501 4280 ἦν
2534 4209 2561 4262 ὁ
2596 4209 2751 4279 ἅγιος
2811 4208 2976 4280 μέσον
3003 4208 3113 4263 τῶν
3165 4208 3380 4280 πετρῶν
3410 4227 3661 4281 στενοχωο

2092 4304 2353 4377 ρούμενος
2413 4303 2510 4356 καὶ
2570 4302 2968 4372 έκπιεζόμενος
3002 4340 3016 4366 ,
3083 4298 3522 4374 ὲπικαλούμενος
3580 4305 3664 4359 τὸν

2087 4397 2323 4467 Χριστὸν
2355 4394 2451 4450 καὶ
2476 4394 2681 4463 λέγων’
2712 4394 2816 4448 Ἐν
2831 4393 3019 4463 πέτρᾳ
3048 4391 3304 4463 ὕψωσάς
3322 4412 3422 4466 με,
3449 4395 3662 4466 ὡδήγη-

400 4476 597 4531 tudinis
638 4493 670 4530 a
716 4476 856 4545 [acie
890 4477 1092 4531 inimici
1140 4478 1179 4535 ⁸.
1230 4477 1489 4536 Statuisti
1556 4498 1721 4553 supra
1769 4495 1977 4555 petram

2088 4487 2204 4555 σάς
2220 4505 2317 4559 με,
2340 4486 2431 4541 ὅτι
2457 4484 2753 4556 ἐγενήθης
2785 4485 2964 4552 ἐλπίς
2997 4502 3118 4555 μου
3146 4502 3159 4516 ·
3189 4487 3421 4557 πύργος
3457 4490 3661 4557 ἰσχύος

396 4567 552 4637 pedes
608 4584 749 4622 meos
777 4609 790 4633 ,
849 4578 899 4624 et
943 4568 1194 4626 direxisti
1250 4588 1461 4643 gressus
1502 4591 1642 4630 meos
1679 4577 1721 4631 ¹.
1784 4582 1976 4649 Accipe

2088 4578 2203 4635 ἀπὸ
2263 4580 2590 4647 προσώπου
2646 4577 2868 4648 ἐχθροῦ
2911 4592 2924 4607 ·

397 4660 580 4730 igitur,
621 4657 914 4729 Unigenite,
970 4662 1219 4731 spiritum
1278 4681 1473 4730 meum,
1504 4675 1553 4720 et
1585 4684 1646 4722 ue
1681 4670 1975 4726 concludas

397 4765 478 4803 me
507 4750 558 4802 in
588 4766 773 4804 manus
811 4752 1169 4807 inimicorum.
1213 4752 1346 4809 Nam
1384 4758 1569 4812 omnia
1598 4760 1720 4830 ejus
1764 4762 1977 4820 viscera

395 4839 645 4912 disrupta
691 4850 882 4911 erant,
927 4847 1273 4901 comminuta
1323 4863 1548 4919 quoque
1601 4858 1717 4908 tota
1757 4855 1970 4910 ossium

396 4950 710 5006 compages,
737 4942 793 4990 et
822 4936 1043 5006 pupillae
1072 4939 1358 4993 oculorum
1382 4938 1580 4997 orbitis
1610 4945 1972 5002 excedebant.

398 5021 599 5081 Verum
647 5026 729 5082 sic
779 5027 1058 5097 patienter
1095 5024 1371 5085 tolerabat
1410 5031 1620 5089 Christi
1666 5050 1974 5106 generosus

395 5114 621 5182 athleta,
656 5115 816 5186 quasi
849 5119 1006 5176 incus
1040 5120 1300 5188 infracta,
1335 5138 1430 5179 seu
1469 5125 1609 5195 lapis
1639 5126 1975 5188 durissimus

393 5214 449 5261 et
497 5208 650 5261 omni
704 5207 997 5264 adamante
1042 5208 1256 5265 fortior.
1310 5209 1445 5266 Cum
1480 5227 1613 5284 ergo
1657 5222 1885 5271 sanctus
1921 5218 1973 5273 in

396 5295 577 5352 medio
635 5304 913 5368 petrarum
961 5299 1108 5354 diem
1152 5315 1216 5355 ac
1268 5308 1484 5357 noctem
1540 5316 1974 5374 perseverasset,

391 5385 560 5456 jussit
593 5386 919 5459 foedifragus
934 5388 1195 5446 Julianus
1221 5390 1462 5463 disjungi
1496 5401 1706 5463 petras,
1736 5398 1976 5456 arbitra-

396 5483 484 5533 tus
533 5492 659 5533 cum
722 5479 1033 5552 disruptum
1057 5522 1071 5549 ,
1108 5481 1452 5539 confractum
1495 5496 1550 5542 et
1585 5497 1861 5546 mortuum
1890 5509 1975 5550 re-

398 5575 615 5637 pertum
647 5570 734 5625 iri.
759 5571 980 5642 Apertis
1000 5581 1186 5630 autem
1212 5574 1405 5646 petris,
1438 5580 1712 5646 processit
1741 5596 1971 5641 sanctus

399 5666 453 5713 et
484 5662 983 5722 circumambulare
1023 5666 1209 5738 erepit,
1238 5666 1415 5723 oculis
1449 5670 1669 5740 quidem
1699 5689 1764 5731 cx
1791 5678 1969 5735 orbita

471 5815 658 5873 'Psal.
702 5831 788 5872 ιχ.
828 5817 882 5889 2,
912 5819 966 5875 5.
1033 5822 1052 5853 ³
1079 5821 1224 5876 Psal.
1251 5840 1443 5893 χχχιιι,
1482 5826 1533 5884 '5.

2986 4577 3260 4645 ἕστησας
3294 4578 3394 4631 ἐπὶ
3449 4579 3661 4649 πέτραι·

2086 4671 2229 4737 τοὺς
2284 4669 2478 4745 πόδας
2501 4688 2646 4740 μου,
2681 4668 2781 4723 καὶ
2826 4669 3198 4736 κατεύθυνας
3234 4670 3322 4727 λτὰ
3337 4668 3661 4740 διαδήματὰ

2080 4780 2221 4833 μου.
2248 4761 2421 4825 Δέξαι
2472 4760 3077 4830 τοίνυν,Μονογενὲς,
3100 4760 3168 4814 τὸ
3205 4760 3446 4830 πνεύμά
3479 4780 3611 4830 μου,
3631 4762 3659 4814 ὁ

2085 4852 2257 4920 εἰδὼς
2284 4850 2401 4922 τὴν
2423 4852 2832 4921 στενοχωρίαν
2856 4869 2998 4921 μου,
3024 4852 3123 4905 καί
3172 4851 3259 4923 μὴ
3292 4854 3660 4921 συγκλείσῃς

2079 4961 2155 5014 με
2170 4943 2256 5012 είς
2285 4942 2487 5013 χεῖρας
2517 4943 2767 5015 ἐχθρῶν.
2786 4940 2967 4997 *Ησαν
2984 4942 3094 5014 γὰρ
3121 4944 3297 4998 πάντα
3311 4944 3379 4996 τὰ
3404 4944 3556 5008 ἐντὸς
3572 4946 3657 4998 αὖ·

2081 5033 2178 5089 τοῦ
2223 5033 2599 5108 διερρωγότα,
2658 5038 2748 5092 καὶ
2796 5035 2907 5091 τῶν
2944 5036 3118 5092 ὀστῶν
3152 5037 3185 5105 ή
3234 5035 3476 5108 ἁρμονία
3526 5039 3656 5089 πᾶσα

2085 5127 2547 5199 συντεθλασμένη,
2581 5128 2676 5184 καὶ
2702 5132 2749 5185 oi
2779 5129 2959 5200 βολϐοὶ⁵
3002 5129 3113 5184 τῶν
3170 5127 3472 5199 ὀφθαλμῶν
3514 5132 3656 5183 ἐκπε-

2086 5218 2389 5291 πηδηκότες
2411 5222 2475 5276 ὲκ
2504 5221 2614 5278 τῶν
2645 5221 2880 5293 θυρίδων
2919 5221 3102 5278 αὐτῶν
3127 5238 3142 5250 ⁸
3175 5219 3312 5274 ἀλλά
3353 5220 3449 5275 καὶ
3504 5221 3654 5285 οὕτως

2082 5305 2151 5383 ἦν
2201 5314 2555 5385 ἐγκαρτερῶν
2594 5315 2621 5371 ὁ
2680 5313 2773 5367 τοῦ
2830 5310 3070 5386 Χριστοῦ
3102 5315 3355 5384 γενναῖος
3405 5312 3659 5384 ἀθλητὴςί

2084 5403 2271 5475 ὥσπερ
2315 5404 2511 5476 ἄκμων
2562 5407 2853 5479 ἀνήλατος,
2904 5406 2939 5479 ἢ
2994 5406 3142 5471 λίθος
3183 5406 3518 5478 ἀτέραμνος,
3571 5407 3653 5459 καὶ

2085 5500 2285 5564 παντὸς
2309 5500 2618 5583 ἀξάμαντος
2669 5502 3042 5575 ἰσχυρότερος.
3078 5501 3421 5575 Ποιήσαντος
3450 5497 3542 5556 οὖν
3568 5497 3648 5554 τοῦ

2083 5592 2238 5660 ἁγίου
2271 5586 2328 5646 έν
2367 5593 2519 5664 μέσῳ
2546 5594 2654 5650 τῶν
2686 5595 2903 5666 πετρῶν
2932 5593 3353 5666 ἡμερονύκτιον,
3380 5593 3647 5648 ἐκέλευσεν

2080 5685 2107 5737 ὁ
2138 5684 2453 5756 παράνομος
2502 5683 2790 5749 Ἰουλιανὸς
2849 5684 3236 5757 διαζευχθῆναι
3291 5683 3389 5749 τὰς
3444 5683 3645 5756 πέτρας,
