3876 6336
109 362 300 425 1309

1498 368 1556 431 S.
1588 366 1915 433 ARTEMII
1952 370 2234 451 PASSIO.

3346 373 3480 441 1310

110 475 513 548 προσδοκῶν
573 474 734 529 αὑτὸν
773 475 1115 549 διερρωγότα
1147 475 1242 530 καὶ
1268 478 1775 549 συντεθραυσμένον

1894 477 2246 545 Jendcntibus
2305 484 2360 533 et
2413 476 2693 549 propriam
2759 478 3200 551 relinquentihus
3261 485 3473 542 sedem.

109 576 242 623 atat
308 570 530 639 νεκρὸν
586 567 981 638 εὑρεθήσεσθαι
1015 585 1029 598 ·
1054 568 1438 639 ἀνεῳχθεισῶν
1471 570 1528 622 δὲ
1559 571 1668 624 τῶν
1689 587 1786 623 πε-

109 662 339 733 τρῶν,
376 660 607 729 ἐξῆλθεν
630 661 658 710 6
687 661 841 729 ἆγιος
907 660 1264 729 περιπατῶν,
1302 661 1431 724 τοὺς
1467 661 1783 735 ὀφθαλμοὺς

114 753 303 832 ἔχων
368 752 852 823 ὲκπεπηδηκότας,
913 752 1010 805 καὶ
1058 751 1158 814 τὰς
1189 752 1327 815 ἰδίας
1370 753 1533 822 ἕδρας
1563 753 1785 806 καταλι-

119 842 413 904 πόντας,
440 840 624 909 θέαμα
668 840 898 911 φρικτὸν
947 840 1042 892 καὶ
1086 840 1335 911 διήγημα
1375 839 1525 905 ξένον
1572 841 1671 910 τῆς
1693 842 1784 896 dv-

122 932 469 1005 θρωπίνης
533 932 796 1002 ὑπάρχων
862 930 1080 1000 φύσεως
1114 972 1129 995 ,
1198 930 1488 1002 ἄνθρωπος
1546 932 1783 1001 γυμνὸς,

124 1022 712 1093 κατατεθλασμένων
744 1022 907 1078 αὐτοῦ
938 1014 1045 1076 τῶν
1067 1016 1237 1076 ὀστῶν
1263 1022 1357 1075 καὶ
1384 1021 1492 1075 τῶν
1513 1014 1789 1093 ἁρμονιῶν

1830 625 1834 630 ,
1894 570 2274 639 spectaculum
2302 570 2492 641 utique
2524 571 2859 627 horrendum
2891 580 2946 628 et
2973 581 3186 630 natura:
3221 576 3478 635 humanae

1891 658 2146 715 mirabile
2178 660 2567 730 compendium
2600 679 2615 715 :
2650 660 2819 716 homo
2850 662 3056 729 nudus,
3093 668 3352 722 contritis
3382 683 3478 723 os-

1892 751 2047 806 sibus
2084 760 2141 806 et
2171 752 2534 821 compagibus
2577 751 2872 823 disruptis,
2910 754 3185 810 intentam
3225 756 3480 814 humanae

1892 850 2104 898 naturae
2153 842 2578 913 dispositionem
2634 858 2888 914 corpore,
2930 860 3046 915 quo
3086 846 3479 904 circumdaba-

1895 940 2009 999 tur,
2035 932 2412 1004 egredientem
2448 933 2772 1000 ostendens,
2801 933 3119 1011 incedebat,
3145 936 3479 1008 loquebatur

1896 1034 1950 1081 et
1990 1022 2262 1082 adversus
2290 1034 2589 1097 tyrannum
2625 1027 2791 1082 verba
2828 1026 3088 1083 faciebat.

133 1114 737 1187 συντεθραυσμένων,
766 1114 867 1184 τὴν
894 1113 1212 1183 οἰκονομίαν
1255 1113 1357 1182 τῆς
1393 1110 1745 1183 ἀνθρωπίνης
1771 1113 1987 1184 φύσεως
2011 1120 2075 1172 ὲκ
2118 1117 2214 1171 τοῦ
2273 1120 2621 1189 περιέχοντος
2651 1118 2906 1188 σώματος
2944 1118 3271 1182 ἐξελθοῦσαν
3298 1136 3477 1194 παραυ

131 1211 424 1271 δεικνὺς,
477 1206 810 1277 περιεπάτει
889 1205 1039 1278 [589]
1107 1206 1206 1260 καὶ
1253 1202 1559 1276 διελέγετο,
1619 1208 1863 1281 καὶπρὸς
1892 1211 1985 1265 τὸν
2004 1211 2270 1283 τύραννον
2303 1213 2729 1282 ἁντεφθέγγετο.

227 1298 351 1371 ξβ’.
398 1302 497 1352 Ὀν
548 1298 673 1351 ἰδὼν
724 1300 754 1352 6
788 1298 1113 1371 παμμίαρος
1150 1294 1466 1367 Ἰουλιανὸς,
1504 1297 1782 1369 ἔκθαμὸος

139 1396 289 1456 ὅλος
325 1394 579 1461 ἐγένετο,
634 1393 727 1445 καὶ
780 1392 917 1463 πρὸς
949 1394 1076 1456 τοὺς
1110 1392 1389 1464 παρόντας
1439 1390 1778 1461 ἐφθέγξατοσ

157 1478 417 1554 6Opﬁ't'tta,
457 1483 584 1555 ἔφη,
612 1483 793 1555 θέαμα
827 1483 976 1549 ξένον
1019 1485 1114 1538 καὶ
1142 1486 1393 1555 διήγημα
1422 1484 1523 1555 τῆς
1564 1484 1780 1556 ἀνθρω-

149 1566 345 1648 πίνης
380 1576 668 1648 ἀλλότριον
694 1576 943 1646 φύσεωςς
980 1573 1068 1649 ἆρ’
1119 1577 1220 1630 οὐκ
1268 1576 1477 1647 ἐπῳδὸς
1518 1576 1615 1629 καὶ
1648 1578 1780 1645 γόης

151 1668 389 1735 πέφυκ’
423 1667 512 1720 ὅδε
537 1684 553 1733 ;
584 1664 695 1738 ἄρα
724 1669 800 1737 μή
827 1684 878 1719 τι
902 1668 1198 1737 φάντασμα
1228 1664 1322 1719 καὶ
1347 1665 1617 1735 δαιμόνων
1645 1667 1784 1719 άπα-

155 1759 368 1830 τηλῶν
395 1759 557 1812 τοῦτο
579 1760 881 1829 τεκμήριον
902 1775 916 1824 ;
950 1758 1065 1811 Νῦν
1092 1756 1350 1828 πείθομαι
1374 1758 1468 1811 τὸν
1484 1756 1783 1829 Εὐριπίδην

157 1852 352 1919 σοφὸν
401 1847 548 1904 εἶναι
587 1852 683 1904 καὶ
722 1849 936 1905 πολλῶν
991 1850 1339 1920 πραγμάτων
1389 1852 1448 1904 ὲν
1500 1851 1782 1922 ἐπιστήμη

160 1945 556 2015 τυγχάνοντα,
582 1946 639 1998 ἐν
682 1944 912 2019 Ὀρέστῃ
948 1938 1075 1998 τάδε
1105 1943 1567 2016 φιλοσοφήσανταο

330 2145 461 2197 Οὐκ
497 2143 630 2196 ἔστι
659 2144 863 2197 δεινὸν
889 2136 992 2197 ὧδ’
1018 2143 1211 2197 εἰπεῖν
1238 2144 1407 2209 ἔπος,

333 2214 492 2282 ρὺδὲ
514 2213 703 2279 πάθος
730 2213 872 2267 οὐδὲ
903 2214 1219 2282 ξυμφορὰν
1248 2213 1566 2278 θεήλατον,

326 2268 442 2350 +Hc;
474 2287 585 2337 οὐκ
610 2268 694 2337 ar:
716 2284 872 2352 ἄρετ’
900 2268 1086 2352 ίίχῦος
1099 2268 1423 2352 ἀνθρώπου
1464 2268 1673 2351 pom.

173 2398 280 2453 Μὰ
315 2398 447 2460 τοὺς
470 2395 776 2460 ἀθανάτους
806 2396 903 2450 καὶ
934 2397 1235 2466 ἀηττήτους
1271 2395 1449 2459 θεοὺς,
1484 2394 1583 2448 οὐκ
1620 2395 1782 2464 ἠλπι-

182 2490 304 2555 ζον,
334 2487 647 2559 ἄνδρες,ἕτι
674 2487 862 2540 τοῦτον
890 2487 982 2540 τὸν
1012 2487 1357 2558 παλαμναῖον
1377 2488 1471 2539 καὶ
1503 2486 1782 2557 ἀλιτήριον

181 2582 245 2633 ὲν
280 2582 398 2645 τοῖς
434 2579 571 2646 ζῶσι
606 2578 885 2649 τετάχθαι.
939 2579 1053 2633 Νῦν
1104 2579 1163 2632 δὲ
1194 2579 1284 2633 καὶ
1334 2578 1441 2631 τῶν
1494 2578 1782 2632 ὲνδοσθίων

184 2672 360 2728 αὐτοῦ
396 2675 766 2745 ὲκραγέντων,
801 2675 896 2727 καὶ
928 2676 1027 2745 τῆς
1054 2673 1321 2746 ἁρμονίας
1345 2674 1564 2743 ἀπάσης
1604 2671 1784 2726 διαλυ-

186 2766 404 2837 θείσης,
442 2769 677 2821 κινεῖται
707 2767 804 2821 καὶ¹
834 2766 1155 2836 φθέγγεται.
1202 2765 1343 2819 Ἀλλ’
1372 2766 1421 2820 οἱ
1456 2764 1567 2818 θεοὶ
1594 2764 1782 2818 τοῦτον

188 2858 589 2929 ἐταμιεύσαντο
612 2862 692 2923 είς
712 2854 1262 2928 πολλῶνάνθρώπων
1292 2858 1691 2929 σωφρονισμὸν,
1715 2858 1782 2910 ἵν’

188 2944 226 3022 ᾖ
252 2948 623 3020 μορμολύκιον
653 2952 764 3012 τοῖς
788 2950 849 3001 τὸ
874 2949 1072 3019 κράτος
1092 2949 1272 3002 αὐτῶν
1302 2948 1376 3019 μή
1413 2947 1781 3019 προσκυνοῦσι

1956 1303 2045 1359 62.
2071 1304 2191 1371 Quo
2219 1305 2361 1370 viso,
2401 1304 2649 1359 nefarius
2674 1302 2933 1361 Julianus
2964 1314 3192 1377 stupore
3236 1308 3475 1363 maximo

1884 1391 2118 1448 allectus
2155 1399 2263 1458 est,
2316 1403 2373 1450 et
2414 1393 2732 1450 astantibus
2773 1393 2914 1449 dixit
2948 1410 2964 1450 :
3014 1394 3298 1452 Videtisne
3347 1412 3475 1466 spe-

1884 1483 2164 1537 ctaculum
2215 1484 2321 1539 hoc
2350 1499 2557 1538 novum
2605 1493 2662 1539 et
2689 1485 3081 1556 compendium
3129 1487 3289 1552 illud,
3324 1486 3471 1557 quod

1888 1574 1956 1627 ad
2021 1573 2322 1627 humanam
2387 1584 2647 1629 naturam
2704 1578 2983 1646 pertinere
3048 1590 3159 1631 non
3220 1575 3473 1632 videtur?

1890 1660 2083 1718 Nonne
2130 1677 2295 1733 sagus
2328 1671 2383 1719 et
2411 1665 2728 1720 incantator
2764 1674 2851 1722 est
2883 1666 3017 1722 iste?
3053 1673 3151 1720 aut
3186 1675 3470 1737 speetrum

1886 1756 2166 1827 quoddam
2195 1764 2250 1811 et
2290 1755 2572 1811 lallacium
2606 1757 2922 1813 daemonum
2975 1760 3239 1813 indicium
3264 1760 3286 1812 ?
3313 1758 3470 1818 Nunc

1885 1848 2023 1902 mihi
2063 1863 2393 1919 persuasum
2417 1858 2504 1904 est
2531 1848 2851 1920 Euripidem
2880 1851 3192 1919 sapientem
3213 1847 3390 1905 luisse
3416 1859 3471 1904 et

1887 1940 2182 1994 multarum
2242 1955 2426 1995 rerum
2470 1941 2705 1996 scicntia
2738 1940 3060 2011 pollentem,
3096 1940 3322 2012 quando
3353 1941 3472 1997 haec

1884 2030 1942 2086 in
1969 2030 2165 2087 Oreste
2190 2024 2614 2101 philosophatur
2646 2050 2660 2085 :

1992 2138 2117 2196 Non
2148 2152 2225 2197 est
2261 2141 2374 2195 ulla
2411 2141 2540 2195 adeo
2566 2141 2823 2196 terribilis
2855 2142 3004 2196 dictu
3048 2161 3153 2206 res,

1993 2211 2176 2293 LVegue
2197 2212 2445 2293 a/flictio,
2474 2226 2636 2293 neque
2660 2212 2918 2265 divinitus
2953 2214 3116 2266 missa
3153 2214 3465 2293 calamitas,

1992 2282 2160 2352 Cujus
2183 2282 2389 2350 pondus
2411 2283 2639 2336 hominis
2669 2291 2867 2335 natura
2900 2300 3003 2336 non
3034 2284 3319 2342 sustineat.

1883 2396 1990 2450 Per
2041 2394 2176 2451 deos
2237 2395 2582 2451 immortales
2638 2403 2694 2449 ct
2753 2395 3008 2459 invictos,
3052 2412 3163 2451 non
3215 2398 3467 2467 suspica-

1886 2488 2004 2555 bar,
2042 2487 2169 2550 viri,
2206 2487 2357 2541 hunc
2422 2488 2720 2544 scelestum
2753 2495 2808 2542 et
2845 2488 3076 2558 impium
3118 2488 3299 2543 adhuc
3322 2491 3467 2544 inter

1884 2582 2042 2638 vivos
2074 2580 2405 2652 computari.
2463 2579 2624 2635 Nunc
2660 2595 2810 2647 vero,
2857 2582 3167 2637 visceribus
3199 2582 3392 2638 ell‘usis
3413 2590 3468 2637 et

1885 2676 2099 2747 integra
2127 2676 2341 2732 ossium
2398 2689 2667 2746 compage
2701 2673 2979 2744 disrupta,
3018 2684 3269 2730 movetur
3302 2685 3355 2730 et
3384 2675 3467 2730 lo-

1884 2769 2096 2839 quitur.
2168 2764 2277 2824 Sed
2322 2768 2398 2822 dii
2438 2768 2591 2821 illum
2626 2773 2981 2821 reservarunt
3013 2767 3081 2821 ad
3151 2768 3458 2821 multorum

1886 2862 2172 2916 hominum
2202 2860 2626 2924 correctionem,
2663 2866 2724 2912 ut
2745 2867 2895 2913 esset
2925 2858 3249 2913 terriculum
3282 2859 3350 2913 iis
3371 2859 3467 2929 qui

1885 2955 2167 3009 caelestem
2207 2968 2396 3009 eorum
2440 2953 2739 3022 potentiam
2800 2966 2910 3006 non
2952 2951 3206 3006 adorant.
3243 2950 3468 3020 Martyri

190 3040 255 3092 τὸ
294 3040 689 3112 ὑπερκόσμιον.
717 3041 825 3093 Καί
860 3057 994 3111 φησι
1019 3040 1157 3111 πρὸς
1183 3040 1274 3094 τὸν
1308 3040 1590 3112 μάρτυρα·
1627 3039 1782 3102 Ἰδοὺ,

1894 3054 2068 3100 autem
2132 3045 2273 3100 dixit
2303 3065 2315 3100 :
2345 3044 2443 3110 En,
2477 3044 2672 3108 miser,
2709 3051 2766 3099 et
2795 3044 2976 3099 oculis
3009 3043 3260 3112 privatus
3291 3058 3373 3107 es,
3412 3052 3469 3098 et

194 3134 529 3204 ταλαίπωρε,
560 3136 654 3187 καὶ
680 3134 977 3204 ὀφθαλμῶν
1003 3133 1332 3205 ἐστερήθης,
1359 3132 1583 3187 καὶτῶν
1607 3132 1782 3204 μελῶν

195 3231 451 3284 ἁπάντων
478 3228 808 3298 ὴχρείωσαι·
839 3227 967 3280 ποία
993 3222 1087 3280 οὖν
1124 3227 1202 3280 ἔτι
1235 3225 1481 3278 λείπεταί
1514 3242 1596 3278 σοι
1629 3224 1783 3289 ἐλπὶς

199 3324 336 3395 προς
371 3322 431 3376 ὃν
484 3322 661 3392 μάτην
690 3320 966 3391 ήλπισας;
1004 3318 1165 3371 Ἀλλά
1206 3316 1304 3388 τὴν
1350 3317 1643 3387 εὐμένειαν
1676 3316 1784 3369 τῶν

202 3414 337 3469 θεῶν
364 3414 687 3467 ἐπικάλεσαι
709 3428 722 3439 ·
761 3412 892 3475 ἴσως
916 3410 1049 3463 ἴλεοί
1085 3427 1166 3463 σοι
1202 3410 1544 3479 γενήσονται,
1579 3407 1673 3461 καὶ
1708 3409 1779 3477 μή

208 3519 265 3555 σε
286 3503 401 3564 ταῖς
427 3503 483 3553 ἐν
513 3499 640 3572 ᾆδον
675 3499 931 3553 κολάσεσι
958 3497 1395 3570 παραδώσουσιν.

280 3593 371 3662 ξγ’.
412 3594 471 3645 '0
500 3591 557 3644 δὲ
582 3590 677 3645 τοῦ
705 3587 947 3661 Χριστοῦ
997 3590 1209 3662 μάρτυς
1261 3588 1481 3643 κόλασιν
1519 3586 1778 3652 ἀκούσας,

214 3688 474 3759 ἐμειδίασε
495 3703 508 3715 ·
540 3686 635 3740 καί
675 3702 810 3755 φησι
842 3684 979 3754 πρὸς
1010 3682 1101 3736 τὸν
1131 3681 1438 3751 ἀσυμπαθῆ
1490 3682 1586 3734 atat
1625 3664 1783 3750 ἀμεί-

213 3783 383 3834 λικτον
410 3777 674 3848 τύραννον
699 3794 712 3806 ·
738 3777 801 3829 (ὶί
830 3778 916 3829 σολ⁸
963 3772 1077 3827 θεοί
1116 3790 1183 3843 με
1209 3774 1330 3836 ταῖς
1357 3771 1645 3826 κολάσεσιν
1674 3789 1783 3826 πα-

221 3870 566 3942 ραδώσουσιν;
593 3870 687 3923 καὶ
720 3868 837 3932 πῶς
868 3868 1093 3930 ἐκεῖνοι,
1141 3863 1456 3935 παμμίαρε,
1493 3863 1592 3933 τὴν
1648 3862 1784 3916 ἰδίαν

220 3962 422 4016 κόλασιν
469 3961 543 4032 μὴ
580 3960 949 4030 ἐκφυγόντες,
993 3957 1181 4019 ἄλλοις
1214 3955 1482 4025 βοηθῆσαι
1531 3953 1785 4021 δυνήσονο

221 4069 335 4117 ται;
378 4052 635 4115 Ἐκείνοις
666 4052 997 4123 ἡτοίμασται
1024 4048 1084 4100 τὸ
1127 4045 1236 4117 πῦρ
1268 4045 1329 4098 τὸ
1358 4044 1599 4108 αἰώνιον,
1635 4042 1783 4115 [390]

225 4145 438 4208 ἐκείνοις
480 4145 510 4195 6
541 4144 824 4214 Τάρταρος
852 4141 949 4195 καὶ
963 4141 1013 4193 oi
1036 4136 1337 4209 σκώληκες,
1373 4138 1464 4189 καὶ
1490 4136 1517 4188 ὀ
1543 4135 1785 4207 βρυγμὸς

222 4238 322 4291 τῶν
342 4237 561 4290 ὀδόντων
589 4236 617 4288 ὀ
649 4235 879 4306 μηδέπω
906 4232 1218 4302 παυόμενος
1236 4245 1250 4260 ο
1307 4228 1426 4299 μεθ’
1455 4222 1531 4283 ὧν
1566 4228 1660 4282 καὶ
1684 4228 1783 4281 αὖ·

228 4331 305 4394 τδς
338 4328 679 4400 παραδοθήσῃ
733 4326 812 4397 τῷ
863 4324 1068 4394 αίωνίῳ
1102 4324 1197 4375 καὶ
1249 4320 1591 4391 ἀτελευτήτῳ
1630 4321 1782 4392 πυρὶ,

229 4424 300 4486 είς
321 4422 481 4477 αἰῶνα
507 4418 976 4488 κολασθησόμενος
995 4432 1008 4445 ⁸
1034 4417 1116 4470 ὅτι
1150 4414 1241 4467 τὸν
1272 4414 1502 4486 σταυρὸν
1524 4412 1619 4466 τοῦ
1646 4413 1762 4466 Θεοὲ

232 4514 639 4580 κατεπάτησας,’
660 4513 752 4565 καὶ
802 4511 863 4564 τὸ
895 4504 1036 4580 αἷμα
1081 4508 1141 4560 τὸ
1183 4507 1364 4577 τίμιον
1396 4506 1424 4559 ὃ
1450 4505 1592 4578 ὑπὲρ
1622 4505 1784 4577 ήμῶν

235 4607 442 4679 ἐξέχεεν,
461 4607 639 4660 κοινὸν
669 4601 1186 4676 ήγήσω,ὲνυ6ρίσας
1215 4599 1275 4653 τὸ
1306 4598 1529 4669 Πνεῦμα
1562 4598 1661 4669 τῆς
1692 4598 1788 4670 χά-

237 4719 364 4773 ριτος
393 4703 445 4753 ἐν
471 4694 515 4767 ᾧ
536 4697 830 4770 ήγιάσθης,
858 4694 1111 4765 δαίμοσιν
1136 4692 1398 4763 ὀλεθρίοις
1434 4691 1780 4762 πειθόμενος.

247 4796 379 4866 Ἐμοὶ
403 4793 457 4847 δὲ
490 4793 629 4862 ὑπὲρ
664 4792 855 4843 τούτου
890 4786 987 4841 τοῦ
1031 4784 1227 4857 μικροῦ
1270 4786 1521 4855 καμάτου
1568 4784 1789 4855 καὶτῆς

239 4886 464 4950 εὐτελοῦς
491 4883 761 4955 τιμωρίας
792 4877 859 4954 ἦς
887 4897 976 4951 μοι
1003 4879 1403 4950 προσήνεγκας,
1457 4876 1630 4930 πολλά
1662 4877 1788 4929 άντ-

241 4978 603 5047 αποδοθήσεται
656 4971 868 5026 ἔπαθλα
913 4970 1005 5022 καὶ
1030 4968 1280 5037 στέφανοι
1323 4966 1649 5037 νικητήριοι,
1696 4963 1790 5028 οὓς

243 5070 546 5140 ἀναδήσομαι
578 5068 658 5128 είς
681 5065 772 5118 τὸν
795 5063 1071 5132 ἀκήρατον
1098 5058 1363 5129 νυμφῶνα
1387 5058 1524 5130 μετὰ
1552 5056 1790 5129 Χριστοῦ

246 5160 735 5231 ἀνακλιθησόμενος,
787 5158 884 5209 καὶ
916 5151 1191 5206 ταινιώσει
1231 5168 1337 5221 μου
1367 5151 1468 5221 τὴν
1494 5148 1736 5219 κεφαλὴν
1764 5146 1793 5199 ὀ

247 5256 490 5325 Δεσπότης
526 5249 760 5322 Χριστὸς
792 5247 933 5317 ὑπὲρ
977 5246 1039 5297 τὸ
1067 5244 1346 5313 ἐφήμερον
1381 5240 1600 5309 στέφος,
1653 5240 1792 5310 ὅπερ

250 5350 302 5403 σὺ
348 5344 704 5418 περιδέδεσαι.
767 5337 929 5391 Ἀλλά
992 5335 1050 5388 τί
1078 5352 1167 5406 μοι
1204 5334 1378 5387 ταῦτα
1425 5330 1562 5402 πρὸς
1593 5330 1654 5384 σὲ
1701 5332 1793 5386 τὸν

251 5439 389 5508 ἀσιδῆ
414 5438 505 5490 καὶ
534 5433 813 5501 ἀλάστορα
850 5428 1114 5500 τύραννον
1139 5442 1153 5490 ;
1182 5424 1453 5494 ἀπόστηθι
1504 5422 1598 5476 ἀπ’
1633 5422 1792 5492 ἐμοῦ,

252 5524 653 5598 παρανομώτατε
692 5522 787 5576 καὶ
814 5518 1031 5573 πάντων
1064 5514 1369 5586 ἀνθρώπων
1424 5511 1756 5567 ἀνοσιώτατε
1776 5528 1789 5543 ο

252 5622 365 5679 Non
391 5618 667 5689 ἀπόφασιν
694 5615 818 5669 κατ’
842 5610 974 5684 ἐμοῦ
996 5609 1188 5664 ὁποίαν
1223 5608 1449 5673 ἐθέλεις,
1494 5608 1587 5659 καὶ
1618 5606 1737 5660 οἵαν
1767 5608 1795 5659 6

1754 4383 1865 4467 go

1886 3138 2129 3191 omnium
2185 3135 2560 3191 membrorum
2604 3152 2766 3192 usum
2806 3135 3074 3192 amisisti.
3115 3135 3248 3201 Quae
3284 3136 3469 3205 itaque

1886 3244 2013 3299 spes
2061 3229 2116 3284 in
2150 3244 2274 3283 eum
2325 3229 2421 3283 tibi
2458 3237 2715 3298 superest
2742 3229 2798 3282 in
2832 3243 2995 3298 quem
3027 3227 3239 3283 frustra
3273 3242 3469 3295 spera-

1886 3322 1992 3377 sti?
2026 3320 2223 3376 Verum
2256 3321 2489 3374 deorum
2532 3320 2935 3391 benignitatem
2989 3319 3183 3373 invoca
3216 3336 3231 3385 ;
3276 3317 3465 3373 forsan

1886 3414 1982 3467 tibi
2022 3414 2496 3481 propitiabuntur,
2554 3427 2656 3467 nec
2711 3412 2931 3468 tradent
2966 3420 3018 3467 te
3052 3410 3343 3483 suppliciis
3383 3410 3471 3465 in-

1888 3505 2047 3559 lcrni.

1953 3596 2044 3652 05.
2118 3597 2222 3652 Sed
2264 3596 2470 3652 Christi
2499 3604 2731 3667 martyr,
2774 3596 3012 3652 audiens
3071 3595 3374 3650 immanem
3414 3599 3470 3648 et

1884 3685 2288 3753 implacabilem
2327 3694 2624 3757 tyrannum
2652 3686 2925 3755 supplicia
2957 3688 3299 3754 loquentem,
3332 3681 3471 3736 sul)-

1885 3778 2010 3833 risit
2040 3785 2095 3834 et
2116 3778 2255 3831 dixit
2285 3798 2299 3832 :
2329 3778 2482 3831 Diinc
2502 3778 2580 3831 tui
2615 3776 2905 3846 suppliciis
2947 3790 3035 3828 me
3066 3773 3287 3828 tradent
3318 3771 3456 3828 ?sed

1886 3868 2186 3937 quomodo,
2229 3867 2546 3927 maledicte,
2579 3866 2695 3930 isti,
2727 3880 2855 3925 cum
2899 3864 3186 3933 proprium
3254 3861 3471 3931 suppli-

1887 3960 2036 4012 cium
2075 3973 2184 4012 non
2224 3958 2539 4028 eﬂ‘ugerint,
2567 3957 2693 4012 aliis
2735 3955 2997 4010 auxiliari
3028 3954 3321 4023 poterunt?
3355 3953 3470 4008 lllis

1889 4055 2116 4121 paratus
2173 4056 2258 4103 est
2303 4047 2445 4119 ignis
2501 4055 2769 4108 aeternus.
2805 4045 2916 4099 illis
2960 4044 3226 4100 Tartarus
3259 4051 3313 4099 et
3345 4059 3471 4098 ver-

1888 4156 2003 4197 mes
2033 4148 2087 4195 et
2121 4139 2327 4195 stridor
2382 4138 2651 4200 dentium,
2728 4136 2822 4207 qui
2880 4150 3161 4205 nunquam
3230 4130 3467 4190 desinet.

1887 4234 2023 4289 Cum
2057 4231 2258 4303 quibus
2321 4240 2378 4286 ttt
2438 4244 2658 4301 quoque
2710 4228 2943 4284 traderis
3011 4226 3124 4298 igni
3154 4234 3360 4281 aeterno
3417 4232 3473 4279 et

1889 4313 2352 4398 inexstinguibili,
2411 4326 2465 4380 in
2531 4323 2736 4381 saecula
2788 4321 3156 4394 puniendus:
3198 4320 3326 4389 quia
3375 4319 3471 4373 Dei

1892 4434 2115 4475 crucem
2149 4418 2516 4484 conculcasti,
2551 4415 2892 4472 contumelia
2932 4411 3169 4469 all‘ecisti
3203 4409 3471 4481 Spiritum

1888 4510 2182 4565 charitatis
2231 4511 2286 4564 in
2322 4524 2433 4580 quo
2468 4508 2854 4564 sanetilicatus
2906 4519 2986 4571 es,
3028 4510 3082 4558 et
3142 4500 3471 4572 perniciosis

1888 4603 2232 4659 daemonibus
2271 4600 2600 4670 obsequium
2627 4596 2975 4669 prmstitisti?
3006 4594 3134 4647 Mihi
3169 4603 3350 4647 autem
3374 4606 3472 4660 pro

1892 4696 1995 4751 levi
2029 4695 2216 4749 labore
2252 4702 2309 4749 et
2331 4692 2483 4749 brevi
2518 4691 2795 4754 cruciatu,
2831 4701 2992 4757 quem
3032 4684 3166 4738 mihi
3203 4682 3468 4746 intulisti,

1892 4788 2057 4841 multa
2076 4784 2314 4854 reposita
2348 4793 2478 4838 sunt
2505 4781 2726 4852 praemia
2748 4788 2803 4833 et
2832 4790 3049 4832 coronae
3083 4770 3473 4841 victoriae,qui-

1894 4878 1996 4931 bus
2040 4876 2233 4946 cingar
2294 4870 2654 4944 sempiternis
2684 4865 3276 4941 nuptiiscumChristo
3301 4877 3470 4916 accu-

1894 4966 2131 5021 biturus.
2155 4965 2217 5020 Et
2240 4964 2462 5022 ornabit
2493 4972 2741 5032 tempora
2781 4976 2902 5016 mea
2925 4958 3182 5014 Christus
3208 4952 3472 5009 Dominus

1893 5058 2271 5115 excellentiori
2311 5072 2395 5121 ea,
2426 5071 2534 5125 qua
2556 5064 2614 5110 tu
2648 5053 2714 5108 ad
2748 5052 2894 5107 diem
2938 5048 3199 5118 ciugcris,
3234 5060 3465 5100 corona.

1895 5151 2002 5206 Sed
2061 5150 2193 5222 quid
2229 5151 2364 5203 mihi
2393 5150 2511 5204 haec
2561 5149 2628 5202 ad
2679 5156 2734 5201 te
2769 5144 2995 5214 impium
3045 5151 3099 5197 et
3132 5140 3469 5195 sceleratum

1897 5242 2233 5314 tyrannum?
2278 5240 2509 5297 Discede
2560 5256 2590 5293 a
2632 5253 2742 5301 me,
2772 5234 3113 5306 nequissime
3143 5239 3196 5286 et
3223 5229 3469 5285 omnium

1896 5335 2263 5405 impiissime;
2293 5332 2477 5402 profer
2498 5333 2552 5386 in
2583 5346 2668 5385 me
2686 5329 2900 5400 qualem
2927 5324 3187 5388 volueris,
3225 5320 3473 5391 qualern-

1894 5440 2004 5497 que
2067 5423 2324 5488 Satanas,
2358 5423 2454 5494 qui
2494 5421 2764 5478 inanima
2819 5428 2911 5473 tua
2936 5417 3170 5479 habitat,
3202 5414 3300 5469 tibi
3342 5428 3471 5482 sugo

1898 5516 2150 5588 gesserit,
2181 5518 2534 5572 sententiam.
2568 5513 2679 5582 Ego
2703 5512 2846 5568 enim
2890 5508 3153 5565 voluntati
3199 5515 3305 5561 tua:
3335 5520 3470 5559 con-

1899 5608 2131 5672 tradico,
2159 5623 2335 5678 neque
2386 5605 2661 5660 mandatis
2700 5603 2812 5659 tuis
2848 5603 3188 5672 obtempero.
3230 5596 3335 5652 Fac
3369 5596 3472 5667 igi-

254 5714 505 5776 Σατανᾶςό
533 5708 806 5764 κατοικῶν
830 5707 890 5760 ἑν
918 5708 983 5777 τῇ
1002 5705 1149 5775 ψυχῇ
1180 5718 1272 5755 σου
1304 5700 1518 5772 ἐμϐάλῃ
1546 5716 1625 5753 σοι
1644 5715 1658 5730 ο
1687 5696 1784 5767 ὲγὰ

1899 5710 1988 5755 tur
2017 5699 2165 5771 quod
2191 5699 2294 5763 vis,
2340 5695 2801 5752 sceleratissime.

258 5814 341 5882 γὰρ
364 5807 433 5879 τῷ
460 5806 537 5878 σῷ
579 5805 845 5876 θελήματι
889 5799 1318 5868 ἀντιτάσσομαι,
1352 5796 1440 5853 καὶ
1470 5796 1576 5858 τοῖς
1611 5792 1996 5864 προστάγμασί
2031 5811 2122 5847 σον
2160 5792 2257 5863 οὐχ
2289 5789 2605 5846 ὑποκύπτω.
2637 5789 2784 5843 Ποίει
2853 5783 2947 5842 οὖν
3015 5784 3043 5838 ὃ
3108 5781 3306 5845 θέλεις,
3372 5792 3487 5829 παυ-

260 5901 597 5977 ρι’)ομώτατε.
