3876 6336
130 362 301 429 13η

1405 365 1467 423 So
1515 360 1847 425 ARTEMII
1903 362 2193 427 PASSIO.

3319 364 3459 430 1318

137 474 461 529 Ἰουδαίων
522 476 748 541 πολλοὺς
820 476 929 532 τῶν
1005 477 1317 550 εἰρημένων
1371 478 1762 550 κατενεχθεῖσα

1875 479 2052 535 nebra:
2084 479 2141 535 in
2184 474 2323 532 locis
2346 475 2504 545 istis;
2535 484 2590 532 et
2621 479 2975 532 terraemotua
3020 473 3276 530 continui
3312 475 3459 529 mul-

124 568 388 623 ἀνεῖλεν
414 586 427 599 ·
458 568 569 642 πῦρ
599 588 659 625 τε
715 572 954 644 ἐκραγὲν
977 572 1214 645 ἀδήλως,
1266 572 1559 637 πλείστους
1617 572 1754 626 ’1ου-

124 659 330 715 δαίων
358 661 699 716 κατέκαυσεν
720 679 732 692 ·
764 664 984 733 ἐγένετο
1010 664 1066 719 δέ
1094 666 1190 719 καὶ
1229 665 1421 730 σκότος
1455 662 1601 718 κατά
1632 663 1759 727 τοὺς

1863 569 2109 640 tiplicem
2171 566 2545 624 calamitatem
2606 567 2776 624 variis
2853 565 3176 622 civitatibus
3249 563 3459 636 injece—

1865 669 2016 716 runt.

124 757 371 820 τόπους
397 755 642 821 ἐκείνους
686 756 782 811 καὶ
815 758 1033 827 σεισμοὶ
1077 760 1337 828 συνεχεῖς,
1381 757 1583 820 πολλὰς
1623 755 1830 828 φθοράς
1852 755 1909 808 ἐν
1938 751 2161 817 πολλαῖς
2187 751 2553 823 ἐργασάμενοι
2594 749 2835 805 πόλεσιν.

219 846 340 915 ξθ’.
399 848 459 901 Ὀ
485 849 545 903 δὲ
584 849 871 914 Ἰουλιανὸς
902 852 1119 923 ἀπάρας
1146 852 1254 905 ἀπὸ
1282 855 1384 924 τῆς
1424 852 1758 923 Ἀντιοχείας

133 941 255 995 σὺν
315 940 487 995 παντὶ
531 940 610 1011 τῷ
650 941 1047 1014 στρατεύματι,
1086 944 1181 998 ἐπὶ
1229 943 1330 1017 τὴν
1367 945 1607 1015 Περσίδα
1656 944 1762 1016 γῆν

132 1031 489 1104 ἐπορεύετο.
533 1034 644 1087 Καὶ
682 1033 780 1105 τὴν
823 1034 1193 1105 Κτησιφῶντα
1217 1036 1373 1091 πόλιν
1410 1034 1760 1100 καταλαϐὼν,

135 1125 347 1180 ἐδόκει
370 1143 425 1177 τι
461 1124 608 1196 μέγα
651 1125 1099 1198 διαπραξάμενος
1132 1127 1314 1200 ἔργον,
1340 1128 1429 1198 ἐφ’
1464 1128 1630 1199 ἕτερα
1663 1145 1761 1199 με·

137 1215 452 1270 ταϐαίνειν
482 1216 787 1287 κρείττονα.
821 1218 1049 1272 Ἔλαθεν
1076 1218 1135 1272 δὲ
1154 1219 1319 1272 αὑτὸν
1347 1217 1711 1290 ἐξαπατηθεὶς
1734 1221 1762 1272 6

144 1306 522 1379 παμμίαρος.
560 1308 782 1380 Ἔρωτα
832 1308 944 1381 γάρ
974 1309 1283 1365 διαδολικδν
1320 1311 1421 1381 τῆς
1459 1311 1761 1382 είδωλομα-

145 1401 283 1468 νίας
323 1401 757 1472 ἐνκτησάμενος,
797 1403 887 1458 καὶ
921 1402 1152 1468 ἐλπίσας
1194 1404 1285 1458 διὰ
1325 1406 1423 1474 μὲν
1452 1405 1561 1459 τῶν
1582 1405 1761 1459 ἀθέων

147 1492 311 1545 θεῶν
341 1493 511 1551 αὐτοῦ
538 1492 891 1564 πολυχρόνιον
914 1494 1013 1566 τὴν
1036 1495 1313 1566 βασιλείαν
1334 1496 1499 1563 ἕξειν,
1526 1496 1621 1550 καὶ
1642 1497 1762 1550 νέον

148 1584 432 1653 γενέσθαι
467 1583 842 1655 Ἀλέξανδρον,
883 1587 1269 1655 περιγενέσθαι
1292 1587 1349 1639 δὲ
1376 1587 1470 1641 καὶ
1493 1586 1601 1641 τῶν
1624 1588 1764 1657 Περ-

152 1674 303 1738 σῶν,
361 1676 458 1729 καὶ
493 1674 552 1729 τὸ
580 1675 691 1729 τῶν
730 1676 1080 1747 Χριστιανῶν
1132 1677 1438 1747 ἐξαλείφειν
1489 1681 1568 1741 εἰς
1615 1678 1763 1732 ἅπαν

152 1766 325 1840 [596]
376 1767 535 1836 γένος
583 1767 678 1824 καὶ
722 1767 915 1839 ὄνομα,
973 1768 1199 1837 ἐξέπεσε
1268 1770 1366 1839 τῆς
1410 1770 1761 1840 ὑπερηφάνου

150 1860 418 1923 διανοίας
439 1877 452 1888 ·
484 1858 701 1930 γέροντι
730 1859 839 1930 γὰρ
863 1859 1102 1931 ἐντυχὼν
1118 1861 1305 1933 Πέρσῃ
1328 1861 1425 1915 καὶ
1444 1862 1576 1931 παρ’
1595 1859 1761 1913 αὐτοῦ

154 1950 481 2022 ἀπατηθεὶς
535 1951 603 2021 (f)
630 1991 644 2016 ,
676 1951 820 2005 ὥστε
852 1951 919 2005 τὰ
957 1951 1204 2022 βασίλεια
1241 1952 1352 2006 τῶν
1389 1953 1613 2026 Περσῶν
1668 1954 1763 2007 καὶ

157 2045 357 2101 πάντα
386 2042 478 2097 τὸν
507 2043 737 2097 πλοῦτον
759 2043 1000 2115 ἀμογητὶ
1033 2043 1476 2116 παραλήψεσθαι,
1511 2044 1764 2099 ἐνέϐαλεν

161 2137 343 2192 αὐτὸν
396 2136 488 2189 ἐπὶ
518 2134 616 2207 τὴν
679 2105 1046 2207 Καρμανίτην
1089 2105 1298 2209 ἔρημον
1325 2138 1403 2198 είς
1427 2105 1645 2201 ἀνοδίας
1667 2139 1763 2192 καὶ
1791 2105 1835 2164 C

166 2229 435 2302 βάραθρα
461 2229 557 2283 καὶ
579 2230 660 2293 είς
691 2229 933 2301 ἐρήμους
979 2230 1074 2285 καὶ
1101 2229 1366 2300 ἀνύδρους
1391 2229 1591 2300 τόπους
1626 2234 1763 2301 μετά

166 2322 386 2386 παντὸς
418 2321 514 2375 τοῦ
545 2321 977 2393 στρατεύματος,
1004 2323 1097 2376 καὶ
1119 2322 1247 2397 δίψῃ
1280 2324 1375 2376 καὶ
1395 2323 1539 2394 λιμῷ
1566 2324 1765 2388 πιέσας

168 2414 400 2479 αὐτοὺς,
454 2413 549 2468 καὶ¹
588 2416 771 2468 πᾶσαν
799 2414 899 2486 τὴν
944 2414 1110 2469 ἵππον
1138 2414 1524 2479 ἐναποκτείνας
1560 2415 1769 2484 ὡμολό-

170 2520 355 2575 γησεν
388 2506 417 2557 6
457 2503 676 2576 Πέρσης
699 2504 963 2568 ἑκουσίως
994 2504 1193 2569 αὐτοὺς
1217 2504 1651 2577 πεπλανηκέναι,
1691 2505 1767 2569 ὡς

174 2596 248 2650 ἂν
293 2595 644 2667 διαφθαρεῖεν
678 2596 769 2648 ὑπ’
802 2595 993 2663 αὐτοῦ,
1041 2598 1135 2650 καὶ
1168 2597 1243 2669 μὴ
1274 2597 1374 2668 τὴν
1419 2596 1616 2651 ἐαυτοῦ
1664 2614 1767 2651 πα-

172 2688 340 2760 τρίδα
374 2689 752 2760 πορθουμένην
774 2689 879 2743 ὑπὸ
897 2689 1007 2744 τῶν
1038 2688 1303 2760 ἐχθίστων
1335 2689 1603 2744 θεάσοιτο.
1630 2688 1768 2742 Τοῦ-

175 2796 274 2833 τον
306 2778 409 2850 μὲν
456 2778 551 2833 οὖν
587 2780 907 2851 παραυτίκα
952 2780 1179 2850 μεληδὸν
1218 2779 1654 2849 κατακόψαντες,
1692 2779 1769 2851 τῷ

178 2868 403 2939 θανάτῳ
426 2869 797 2942 παρέπεμψαν
816 2888 829 2902 σ
866 2872 1075 2934 εὐθέως
1104 2872 1160 2925 δέ
1182 2872 1281 2925 καὶ
1305 2868 1445 2940 μετά
1482 2873 1583 2942 τῆς
1617 2873 1767 2943 τηλι-

180 2960 396 3026 καύτης
417 2962 819 3032 ταλαιπωρίας,
841 2962 1132 3027 πίπτοντες
1158 2964 1390 3027 ἄκοντες
1409 2964 1488 3036 τῷ
1502 2965 1611 3019 τῶν
1636 2966 1772 3036 Περ-

179 3051 298 3104 σῶν
344 3051 739 3123 στρατεύματι,
777 3054 871 3105 καὶ
918 3052 1198 3123 συμϐολῆς
1240 3054 1576 3125 γενομένης,
1608 3054 1773 3117 αὐτὸς

196 3143 485 3209 Ἰουλιανὸς
513 3146 643 3216 τῇδε
676 3146 839 3198 κάκεῖ
864 3143 1165 3215 διατρέχων
1200 3148 1297 3199 καὶ
1325 3147 1769 3217 διαταττόμενος,

184 3236 515 3305 περιπίπτει
547 3236 756 3305 δόρατι,
797 3234 873 3300 ὡς
935 3235 1036 3307 μέν
1071 3253 1217 3299 τινες,
1260 3236 1554 3305 φάσκουσι,
1604 3256 1773 3306 στρα-

185 3326 389 3379 τιώτου
416 3342 430 3355 ο
454 3324 529 3388 ὼς
557 3324 614 3377 δὲ
636 3324 810 3388 ἄλλοι,
845 3325 1160 3396 σαρακηνοῦ
1191 3326 1299 3379 τῶν
1330 3328 1557 3398 Περσῶν
1577 3344 1591 3358 ’
1614 3329 1691 3393 ὡς
1727 3330 1774 3384 δ’

1926 847 2025 903 69.
2050 846 2306 905 Julianus
2333 854 2518 904 autem
2550 863 2678 903 cum
2729 848 2993 904 universo
3042 847 3295 903 exercitu
3344 849 3460 904 An-

1865 939 2074 996 tiochia
2110 939 2419 1009 profectus,
2447 940 2501 995 in
2535 940 2815 995 Persicam
2842 940 3125 1010 regionem
3156 940 3260 995 iter
3290 941 3461 995 facie-

1865 1030 1979 1087 bat.
2022 1028 2237 1086 Potitus
2296 1030 2432 1085 urbe
2480 1029 2859 1100 Ctesiphonte,
2888 1028 3188 1084 videbatur
3214 1029 3319 1085 sibi
3358 1030 3461 1084 ali-

1864 1125 1995 1195 quid
2029 1126 2213 1196 magni
2244 1124 2448 1183 fecisse
2479 1132 2534 1181 et
2566 1124 2633 1181 ad
2664 1126 2770 1179 alia
2799 1125 3012 1195 majora
3038 1125 3154 1195 jam
3199 1125 3455 1180 transire.

1864 1215 1985 1272 Non
2016 1216 2163 1275 enim
2190 1217 2538 1289 intelligebat
2579 1232 2639 1272 se
2668 1215 2846 1288 decipi
2882 1217 3099 1272 infelix.
3147 1215 3286 1271 Nam
3336 1216 3459 1271 dia-

1864 1308 2054 1365 bolico
2078 1309 2408 1367 idololatriae
2438 1324 2628 1365 amore
2647 1318 2865 1380 captus,
2892 1323 3017 1365 cum
3052 1316 3332 1380 sperasset
3354 1308 3457 1364 fal-

1865 1416 2053 1456 sorum
2084 1402 2313 1459 deorum
2338 1416 2506 1472 opera
2530 1401 2839 1472 longaevum
2864 1400 2971 1457 sibi
2994 1400 3109 1456 fore
3139 1401 3455 1470 imperium,

1863 1501 1919 1551 et
1948 1509 2150 1549 novum
2178 1510 2240 1551 se
2272 1495 2522 1550 futurum
2546 1493 2943 1561 Alexandrum,
2970 1493 3146 1549 relata
3176 1493 3245 1548 de
3270 1493 3457 1548 Persis

1864 1587 2120 1653 victoria,
2156 1595 2211 1642 et
2237 1587 2685 1643 Christianorum
2727 1601 2932 1658 genere
2972 1600 3037 1639 ac
3068 1584 3294 1639 nomine
3322 1584 3457 1637 stir-

1863 1677 2016 1746 pitus
2044 1678 2249 1746 deleto,
2296 1678 2505 1733 excidit
2537 1679 2793 1749 superbis
2848 1676 3305 1748 cogitationibus.
3347 1675 3457 1730 Fa-

1864 1777 1988 1824 ctus
2019 1770 2167 1825 euim
2198 1770 2396 1827 obvius
2428 1770 2550 1825 seni
2578 1769 2800 1824 cuidam
2835 1768 3038 1836 Persae,
3069 1769 3139 1824 ab
3168 1769 3262 1823 illo
3297 1768 3458 1823 dece-

1865 1870 1992 1931 ptus
2024 1860 2150 1915 fuit.
2188 1860 2292 1928 Qui
2348 1877 2446 1933 per
2492 1861 2737 1933 speciem
2786 1860 3039 1916 tradendi
3092 1860 3214 1915 sine
3266 1861 3458 1915 labore

1865 1951 2075 2021 regalia
2113 1950 2413 2007 Persarum
2476 1957 2805 2006 ornamenta
2863 1956 2918 2004 et
2965 1963 3162 2004 omnes
3208 1947 3455 2011 divitias,

1868 2042 2059 2113 injecit
2087 2057 2214 2097 eum
2269 2057 2396 2098 cum
2430 2042 2693 2097 universo
2747 2039 2998 2095 exercitu
3027 2040 3084 2095 in
3122 2038 3460 2095 Carmaniti-

1867 2151 1988 2195 cam
2024 2137 2401 2202 solitudinem,
2444 2135 2503 2191 in
2553 2136 2675 2190 loca
2715 2134 2867 2189 invia
2899 2139 2954 2188 et
2984 2130 3338 2201 voraginosa,
3401 2130 3454 2185 in

1868 2230 2129 2300 regiones
2182 2228 2434 2284 desertas
2491 2234 2545 2283 et
2588 2228 2913 2297 inaquosas.
2945 2222 3198 2292 Cumque
3230 2221 3373 2276 fame
3401 2228 3458 2276 et

1868 2322 1958 2378 siti
1994 2321 2372 2391 oppressisset
2410 2334 2507 2375 eos
2535 2318 2702 2375 Persa
2723 2357 2739 2383 ,
2786 2316 3000 2386 totique
3032 2313 3310 2385 equitatui
3337 2314 3456 2368 exi-

1867 2415 2002 2469 tium
2040 2420 2446 2484 comparasset,
2480 2412 2665 2467 fassus
2717 2416 2804 2465 est
2850 2424 2909 2464 se
2943 2405 3256 2463 voluntarie
3280 2418 3378 2461 eos
3425 2420 3456 2459 a

1868 2514 2019 2563 recta
2051 2506 2141 2561 via
2192 2504 2516 2569 deduxisse,
2552 2511 2613 2559 ut
2642 2502 2993 2574 disperderet
3023 2514 3141 2566 eos,
3173 2507 3231 2555 et
3258 2513 3329 2555 ne
3358 2512 3456 2569 pa-

1866 2599 2034 2653 triam
2066 2611 2223 2652 suam
2282 2595 2681 2652 infensissimis
2709 2593 2968 2650 hostibus
3005 2598 3275 2648 vastatam
3300 2591 3456 2645 vide-

1866 2699 1973 2745 ret.
2012 2688 2171 2746 Hunc
2224 2690 2447 2760 quidem
2480 2689 2601 2745 sine
2653 2701 2807 2743 mora
2858 2684 3209 2742 membratim
3246 2682 3459 2738 discer-

1870 2790 2022 2852 ptum
2055 2791 2234 2839 morte
2293 2783 2629 2847 all‘ecerunt;
2669 2780 2858 2837 statim
2898 2793 3029 2834 vero
3084 2786 3208 2847 post
3246 2783 3457 2829 tantam

1869 2875 2241 2931 calamitatem
2277 2875 2329 2929 in
2358 2874 2652 2929 Persarum
2707 2872 3011 2928 exercitum
3059 2869 3217 2924 inviti
3261 2883 3461 2923 occur-

1871 2974 2023 3029 runt,
2057 2973 2111 3020 et
2141 2979 2320 3035 pugna
2351 2964 2510 3028 inita,
2555 2963 2676 3032 ipse
2724 2961 3008 3025 Julianus,
3045 2961 3173 3015 dum
3206 2973 3461 3031 quocun-

1870 3073 1980 3127 que
2011 3057 2285 3112 discurrit
2321 3065 2375 3112 et
2402 3057 2591 3111 omnia
2633 3055 2904 3127 disponit,
2945 3055 3096 3110 cadit
3139 3055 3461 3110 vulneratus

1871 3151 2086 3214 lancea,
2117 3158 2175 3204 ut
2211 3149 2467 3204 nonnulli
2510 3148 2725 3211 dicunt,
2766 3148 2984 3210 militis,
3037 3154 3134 3201 aut
3164 3146 3460 3203 Persarum

1876 3243 2098 3307 missili,
2135 3251 2196 3296 ut
2232 3229 2358 3298 aliis
2388 3241 2605 3312 placet;
2644 3239 2741 3295 sed
2777 3239 3089 3295 secundum
3111 3237 3464 3294 Christiano-

1876 3351 1999 3389 rum
2032 3334 2389 3397 sententiam,
2428 3348 2611 3389 veram
2642 3331 2834 3402 utique
2869 3344 2934 3387 ac
2960 3341 3230 3399 nostram,
3253 3346 3287 3386 a
3308 3329 3465 3386 Chth

186 3420 218 3472 6
255 3416 600 3488 Χριστιανῶν
638 3419 667 3470 6
702 3417 910 3489 ἀληθὴς
956 3418 1052 3471 καὶ
1093 3419 1361 3491 ἡμέτερος
1404 3419 1635 3494 [λόγος],
1677 3421 1772 3475 τοῦ

1879 3441 1966 3484 sto
2001 3427 2256 3495 Domino,
2288 3428 2380 3497 qui
2414 3428 2463 3483 ei
2500 3426 2918 3481 adversabatur.
2974 3424 3166 3479 Telum
3196 3425 3341 3480 enim
3377 3440 3465 3481 re-

191 3508 463 3565 Δεσπότου
495 3510 732 3581 Χριστοῦ
774 3510 1208 3582 ἀντιταξαμένου
1242 3513 1411 3584 αύτῷ.
1455 3514 1622 3579 Τόξον
1668 3516 1777 3584 γὰρ

193 3603 405 3675 ἀθρόως
446 3602 556 3657 ἀπὸ
585 3603 677 3656 τοῦ
718 3603 883 3675 ἀέρρς
921 3604 1145 3658 ἐνταθέν
1181 3607 1276 3661 καὶ
1308 3604 1462 3676 βέλος
1486 3609 1575 3661 ἐπ’
1613 3608 1776 3662 αὐτὸν

194 3696 272 3759 ὡς
298 3696 388 3748 ἐπὶ
414 3694 617 3749 σκοπὸν
641 3696 824 3764 ἀφιὲν,
849 3696 942 3749 καὶ
973 3696 1062 3751 διὰ
1092 3697 1204 3750 τῶν
1227 3698 1472 3768 λαγόνων
1497 3700 1771 3771 ὁρμῆσαν,

196 3783 491 3854 διαμπερὲς
532 3782 771 3854 ἐτρωσεν
803 3784 965 3840 αὑτὸν
1010 3786 1093 3850 είς
1131 3786 1201 3840 τά
1252 3787 1609 3859 ὑποχόνδρια.
1665 3790 1776 3842 Καὶ

198 3878 502 3949 ἀνοιμώξας
540 3877 677 3950 βαρύ
708 3897 767 3934 τε
824 3880 920 3935 καὶ
956 3880 1210 3952 δυσηχὲς,
1239 3881 1387 3946 ἔδοξε
1432 3881 1522 3934 τὸν
1565 3880 1772 3949 Κύριον

201 3970 352 4041 ήμῶν
391 3970 602 4043 Ἰησοῦν
650 3973 887 4044 Χριστὸν
927 3971 1161 4027 ἐνώπιον
1200 3974 1366 4026 αὑτοῦ
1401 3974 1621 4028 ἑστάναι
1676 3973 1773 4026 καὶ

203 4064 495 4137 ἐπεγγελᾷν
520 4065 698 4136 αύτῷ·
731 4067 760 4118 6
788 4065 847 4119 δέ
878 4065 1106 4128 σκότους
1142 4066 1237 4120 καὶ
1286 4066 1483 4135 μανίας
1510 4064 1773 4134 πλησθεὶς

201 4156 482 4227 δεξάμενος
509 4161 576 4229 τῇ
618 4156 766 4227 χειρὶ
797 4157 859 4210 τὺ
889 4157 1024 4211 ἴδιον
1080 4150 1223 4227 αἷμα
1254 4157 1349 4211 καὶ
1397 4159 1479 4221 είς
1517 4158 1608 4210 τὸν
1632 4158 1773 4228 ἀέρα

207 4248 386 4318 ῥάνας,
418 4248 556 4320 πρὸς
585 4250 651 4319 τῇ
687 4249 894 4319 ἐκπνοῇ
920 4248 1235 4319 γενόμενος,
1262 4248 1527 4319 άνέκραξε
1559 4246 1769 4315 λέγων’

204 4338 525 4410 Νενίκηκας,
545 4340 769 4412 Χριστὲ,
789 4339 1147 4413 χορτάσθητι,
1164 4339 1442 4394 Γαλιλαίεί
1466 4341 1576 4393 Καὶ
1587 4339 1763 4405 οὕτως

1878 3521 2103 3590 pentina
2129 3536 2195 3575 ex
2221 3534 2347 3575 aere
2377 3519 2712 3591 projectum,
2745 3525 2799 3573 et
2831 3518 3033 3589 sagitta
3069 3517 3124 3572 in
3152 3533 3277 3574 eum
3303 3518 3463 3589 quasi

1876 3613 1930 3665 in
1971 3626 2201 3681 scopum
2256 3611 2527 3676 immissa,
2585 3611 2762 3681 ipsius
2816 3611 2990 3666 latera
3040 3610 3374 3680 penetravit.
3410 3622 3466 3665 et

1877 3699 2248 3772 Itypocondria
2276 3716 2506 3770 prorsus
2531 3700 2791 3770 perfodit.
2822 3699 3059 3770 Ejulanti
3090 3706 3273 3754 autem
3296 3701 3466 3754 vehe-

1876 3801 2091 3847 menter
2123 3800 2179 3847 et
2226 3793 2553 3847 acutissime
2605 3792 2900 3847 videbatur
2958 3792 3226 3846 Dominus
3277 3799 3466 3847 noster

1878 3884 2042 3942 Jesus
2068 3885 2328 3940 Christus
2356 3893 2504 3938 stare
2532 3897 2598 3936 ex
2627 3883 2884 3937 adverso.
2916 3884 3036 3951 Ipse
3081 3897 3216 3936 vero
3246 3881 3462 3938 insania

1880 3985 1933 4030 et
1964 3975 2150 4029 furore
2199 3976 2446 4044 percitus
2470 4013 2487 4037 ,
2540 3988 2705 4026 manu
2734 3986 2831 4025 sua
2863 3970 3146 4041 proprium
3199 3973 3463 4044 colligens

1881 4069 2230 4138 sanguinem,
2285 4081 2525 4136 eumque
2574 4064 2628 4119 in
2653 4065 2825 4119 altum
2876 4063 3201 4136 projiciens,
3234 4064 3464 4135 jamjam

1878 4172 2187 4216 extremum
2218 4160 2473 4231 spiritum
2502 4157 2858 4224 redditurus,
2902 4156 3236 4213 exclamavit
3264 4175 3276 4211 :
3314 4157 3462 4215 Vici-

1879 4253 1974 4317 sti,
2001 4252 2257 4319 Christe;
2318 4250 2541 4315 satiare,
2579 4247 2832 4304 Galilaael
2887 4248 2981 4304 Sic
3006 4250 3250 4320 pessima
3287 4262 3464 4309 morte

1872 4345 2074 4401 elllavit
2105 4343 2376 4407 animum,
2396 4342 2533 4399 deos
2553 4357 2687 4398 suos
2698 4341 2850 4397 omni
2878 4340 3134 4397 convicio
3156 4341 3459 4401 insectans.

204 4433 290 4488 τὸν
323 4434 564 4505 ἔχθιστον
598 4436 827 4490 θάνατον
881 4434 1229 4503 καταλαϐὼν,
1274 4434 1613 4507 κατέστρεψε
1670 4437 1762 4492 τὸν
1791 4424 1942 4510 βίον,
1969 4441 2099 4505 τοὺς
2152 4439 2319 4495 αὑτοῦ
2358 4438 2516 4503 θεοὺς
2548 4437 2722 4493 πολλά
2753 4436 3231 4507 λοιδορησάμενος.

270 4526 328 4582 o'.
359 4527 465 4580 Τοῦ
495 4528 553 4581 δὲ
592 4528 919 4600 Παραόάτου
968 4528 1231 4592 πεσόντος
1270 4530 1329 4587 ἐν
1356 4528 1434 4599 τῷ
1461 4529 1771 4602 μεταιχμίῳ

207 4620 291 4676 τοῦ
318 4618 467 4692 [397]
488 4620 874 4692 στρατοπέδου,
910 4618 1169 4684 Ἰοδιανὸς
1226 4621 1622 4693 ἀναγορεύεται
1672 4622 1768 4693 βα-

1950 4534 2043 4587 70.
2071 4532 2205 4588 Cum
2236 4532 2534 4587 cecidisset
2584 4532 2850 4600 Apostata
2883 4530 3028 4584 inter
3054 4530 3267 4587 medios
3304 4547 3463 4589 exer-

1880 4626 2050 4691 citus,
2088 4623 2355 4679 Jovianus
2391 4625 2695 4694 imperator
2747 4622 3023 4676 salutatur
3077 4637 3125 4687 a_
3166 4624 3461 4682 militibus.

211 4712 379 4776 σιλεὺς
412 4712 518 4765 ὑπὸ
560 4710 656 4766 τοῦ
680 4713 1043 4784 στρατοπέδου
1088 4712 1161 4784 (g)
1187 4729 1201 4743 ⁸
1248 4714 1343 4768 καὶ
1382 4714 1617 4778 σπονδάς
1642 4716 1772 4787 πρὸς

1881 4719 1987 4787 Qui
2016 4733 2144 4774 cum
2179 4716 2363 4776 Persis
2407 4730 2597 4786 pacem
2626 4714 2967 4785 composuit,
2999 4711 3181 4769 Nisibi
3225 4715 3347 4771 sine
3378 4717 3465 4772 in-

207 4805 295 4859 τὸν
318 4806 531 4877 Πέρσην
556 4805 843 4876 εἰρηνικὰς
867 4805 1258 4877 ποιησάμενος,
1298 4806 1397 4875 τὴν
1429 4805 1647 4861 Νίσιϐιν
1673 4824 1779 4860 πα-

215 4897 394 4969 ραδοὺς
419 4898 532 4960 τοῖς
577 4897 819 4964 Πέρσαις
864 4897 995 4951 ἀνευ
1043 4897 1154 4951 τῶν
1202 4896 1525 4968 οἰκητόρων,
1557 4895 1779 4968 ἐξῆλθεν

212 4987 405 5043 ἐκεῖθεν
426 5003 442 5018 ·
473 4990 501 5041 6
528 4986 638 5058 γάρ
663 4987 891 5061 στρατὸς
919 4988 1065 5061 λιμῷ
1088 4988 1183 5043 καὶ
1212 4986 1386 5060 λοιμῷ
1420 4986 1777 5059 διεφθείρετο.

225 5081 411 5143 Ἐλθὼν
447 5083 504 5142 δὲ
550 5082 717 5147 αὐτὸς
765 5085 857 5138 ἐπὶ
903 5085 1004 5157 τῆς
1045 5084 1154 5139 τῶν
1196 5072 1487 5155 Ῥωμαίων
1536 5084 1660 5153 γῆς,
1711 5086 1778 5155 τῇ

213 5176 312 5231 τῶν
339 5176 702 5252 Ἀνομοιητῶν
728 5177 942 5246 αἱρέσει
966 5177 1295 5249 προσετέθη,
1323 5177 1492 5248 ἦγουν
1510 5175 1783 5247 Εὐνομια-

217 5268 311 5322 νῶν
331 5286 345 5299 ·
375 5268 685 5340 φθάσαντος
714 5269 771 5325 δὲ
804 5269 972 5327 αὑτοῦ
1019 5271 1119 5341 τὴν
1144 5268 1454 5341 Γαλατικὴν
1484 5268 1777 5340 ἐπαρχίαν,

218 5359 383 5415 αὐτόθι
425 5361 484 5414 ἐν
524 5359 891 5425 Δαδαστάνοις
931 5359 988 5413 ἐν
1022 5378 1133 5414 τινι
1160 5360 1367 5432 χωρίῳ,
1399 5358 1548 5414 οὕτω
1580 5358 1781 5413 καλου-

222 5453 368 5524 μένῳ,
404 5451 560 5522 ἄφνω
590 5452 961 5524 καταστρέφει
990 5452 1082 5505 τδν
1112 5452 1227 5523 βίον
1253 5469 1268 5485 ο
1301 5452 1396 5506 καὶ
1427 5451 1579 5522 μένει
1601 5452 1629 5503 6
1653 5449 1781 5513 λαὸς

220 5542 553 5607 ἀϐασίλευτος
583 5544 798 5615 ἡμέρας
850 5542 1283 5614 τεσσαράκοντα,
1322 5544 1478 5615 ἄχρις
1506 5536 1568 5596 οῦ
1603 5542 1783 5597 ἐλθόν-

221 5655 299 5703 τες
327 5638 380 5694 ὲν
413 5637 644 5710 Νικαίᾳ,
691 5638 1141 5695 Οὑαλεντινιανὸν
1177 5638 1578 5709 ἀνηγόρευσαν.
1628 5635 1685 5689 ’0
1724 5634 1780 5688 δὲ

1882 4813 2023 4869 colis
2049 4812 2131 4868 eis
2160 4808 2400 4875 tradita,
2436 4816 2491 4863 et
2540 4809 2621 4863 sic
2652 4807 2965 4876 expeditum
3002 4821 3064 4862 se
3117 4805 3281 4875 fecit;
3334 4823 3463 4864 nam

1883 4904 2168 4961 exercitus
2192 4909 2344 4973 peste
2379 4916 2443 4955 ac
2492 4900 2634 4956 fame
2667 4899 2905 4970 peribat.
2945 4898 3246 4970 Postquam
3281 4908 3463 4956 autem

1884 4997 1941 5052 in
1970 4994 2351 5051 Romanorum
2405 5001 2609 5049 terram
2661 4991 2903 5055 advenit,
2937 4992 3325 5048 Anomteorum
3365 5007 3463 5048 seu

1888 5085 2361 5141 Eunomianorum
2391 5083 2589 5138 haeresi
2619 5082 2866 5138 adhaesit.
2903 5080 2963 5135 Et
2998 5097 3129 5137 cum
3154 5092 3468 5153 peragraret

1886 5176 2197 5232 Galaticam
2255 5174 2636 5246 provinciam,
2700 5173 2757 5228 in
2812 5173 2981 5244 hujus
3031 5171 3156 5228 vico
3187 5170 3463 5242 quodam,

1887 5268 2216 5324 Dadastanis
2268 5276 2487 5331 vocato,
2549 5274 2772 5337 repente
2822 5273 3079 5321 mortuus
3125 5271 3232 5320 est.
3269 5263 3470 5319 Mansit

1886 5361 2128 5431 populus
2152 5360 2269 5416 sine
2294 5358 2626 5429 imperatore
2653 5356 2849 5413 diebus
2877 5356 3268 5427 quadraginta,
3290 5356 3469 5411 donec

1884 5450 2080 5506 Nicazae
2112 5449 2398 5507 constituti
2422 5447 2868 5505 Valentinianum
2892 5448 3249 5506 salutassent.
3273 5447 3467 5504 Valen-

1886 5543 2134 5599 tinianus
2186 5548 2371 5596 autem
2436 5540 2724 5611 proprium
2787 5538 3014 5596 fratrem
3075 5540 3465 5612 imperatorem

1890 5635 2216 5707 proclamat,
2253 5633 2342 5689 die
2376 5633 2571 5704 quinta
2622 5630 2906 5691 Kalendas
2954 5631 3158 5704 Martii,
3188 5643 3314 5706 post
3348 5632 3469 5690 dies

1708 5746 1945 5805 NOTAE.

280 5846 338 5925 (Ω
354 5849 683 5923 l’bilostorg.
712 5849 818 5905 loc.
853 5847 949 5905 cit.
1143 5874 1217 5901 ,ιν

1962 5838 2033 5910 (g)
2064 5836 2394 5910 Pbilostorg.
2430 5836 2569 5910 frag.
2611 5837 2708 5894 lib.
2746 5854 2867 5898 vm.
