3882 6356
181 482 339 551 1321
826 483 1147 544 JOANNIS
1179 482 1628 546 ORTHODOXI
1663 480 1775 543 DIE

1885 479 2122 541 ’ΤΑΤΙΟ
2156 483 2314 542 CUM
2354 483 2794 547 MANlCHtEO.

3320 494 3456 559 1332

261 599 334 651 0.
368 593 556 650 ταῦτα
605 590 767 665 μῦθοί
808 593 954 658 τινές
996 595 1102 647 εισι
1129 593 1290 646 πλέον
1322 593 1422 663 τῆς
1444 592 1699 656 ἀσεόείας
1718 593 1775 645 τὸ

1954 588 2018 669 0.
2048 591 2145 645 Hae
2172 602 2302 649 sunt
2338 592 2531 648 fabula!
2557 595 2829 665 quaedam,
2880 599 3057 671 magis
3084 600 3254 659 etiam
3278 605 3457 663 inore.

176 688 464 745 ἀπίθανον
521 686 739 756 ἔχοντες
773 700 788 717 ο
834 686 1052 755 πρῶτον
1097 685 1197 755 μὲν
1231 686 1314 739 ὅτι
1357 685 1534 748 οὐδεὶς
1588 685 1775 739 ἑαυτὸν

1885 681 2082 736 dibiles
2100 696 2267 751 quam
2290 682 2491 753 impiae.
2522 683 2765 743 Primum
2803 688 3026 759 quidem
3050 694 3178 763 quia
3211 711 3373 753 nemo
3396 714 3459 756 se

180 781 482 849 συντίθησι
542 778 681 849 πρὸς
739 777 928 846 ἑτέρου
981 776 1225 845 γένεσινο
1288 776 1427 846 πρὸς
1485 778 1697 838 τούτοις
1723 775 1775 830 δὲ

1885 771 2068 841 ipsum
2117 776 2436 844 componit,
2485 784 2546 831 ut
2592 777 2762 833 alium
2786 782 3078 849 producat.
3117 784 3321 844 Deinde
3368 790 3457 847 his

180 871 443 943 παθητὸς
474 870 569 923 καὶ
595 868 851 939 μεριστὸς
877 870 906 921 6
931 867 1065 931 Θεὸς
1084 866 1334 921 ἐντεῦθεν
1357 865 1695 937 εὑρίσκεται,
1729 866 1775 919 sl

1885 864 2103 934 positis,
2138 866 2384 936 patibilis
2418 868 2824 943 divisibilisque
2858 872 3004 933 Deus
3032 877 3162 935 hinc
3182 885 3473 952 comperi-.

180 983 254 1037 τι
318 967 488 1038 μέρος
535 964 697 1028 αὐτὸς
731 962 917 1017 λαϐὼν
953 965 1021 1034 τῇ
1063 962 1167 1034 ὕλῃ
1205 960 1609 1033 προσέρριψεν
1645 960 1775 1015 ἀλλὰ

1885 964 1992 1021 tur,
2019 958 2064 1013 si
2092 959 2314 1027 quidem
2338 969 2526 1029 partes
2560 964 2650 1021 sui
2670 973 2921 1035 sumptas
2947 968 3000 1023 in
3024 971 3308 1029 materiam
3328 989 3457 1044 pro-

181 1060 289 1113 καὶ
326 1061 361 1129 ἡ
399 1056 500 1127 ῦλη
536 1056 632 1109 τοῦ
675 1051 817 1109 εἶναι
856 1053 1002 1125 κακὴ
1056 1052 1582 1124 ἐλευθερωθήσεται,
1645 1052 1775 1122 ερα-

1885 1048 2030 1118 iecit.
2051 1049 2156 1105 Sed
2187 1059 2241 1107 et
2269 1054 2499 1109 materia
2527 1057 2825 1125 quominus
2842 1060 2916 1114 sit
2943 1061 3087 1116 mala
3116 1062 3456 1129 absolvetur,

182 1151 390 1204 σθεῖσα
417 1147 514 1203 τοῦ
544 1147 777 1216 ἀγαθοῦ,
804 1146 982 1199 καὶτὸ
1007 1145 1064 1211 ὲξ
1102 1142 1270 1197 αὑτοῦ
1310 1143 1429 1213 φῶς
1481 1141 1775 1196 καταπιοῦ-

1885 1141 2145 1210 quoniam
2175 1143 2381 1199 bonum
2430 1146 2725 1212 adamavit,
2770 1150 3006 1222 ejusque
3040 1153 3218 1211 lucem
3257 1157 3452 1213 ebibit.

185 1257 262 1293 σα
287 1256 303 1269 ·
329 1239 490 1294 ἄλλον
511 1254 572 1291 τε
590 1238 651 1291 δὲ
675 1236 971 1307 ἀπόκριναί
1002 1252 1112 1307 μοι,
1148 1234 1436 1305 ἀσώματος
1476 1236 1505 1288 6
1531 1234 1666 1299 Θεός
1688 1253 1704 1301 ;

1885 1228 2037 1286 Nunc
2055 1232 2206 1287 aliud
2236 1234 2364 1289 mihi
2386 1238 2657 1307 responde
2679 1248 2869 1299 :estne
2903 1243 3266 1318 incorporeus
3277 1247 3420 1305 Deus
3434 1251 3463 1303 ι

263 1332 342 1386 Μ.
369 1330 500 1394 Ναὶ,
533 1328 849 1398 ἀσώματος.
1212 1336 1215 1337 ⁷

1952 1320 2024 1377 Μ.
2057 1321 2202 1381 Sane
2225 1326 2612 1398 incorporeus.

262 1425 328 1475 0.
385 1421 513 1485 Πῶς
566 1420 662 1475 οῦν
710 1422 739 1473 6
795 1418 1087 1491 ἀσώματος
1130 1420 1225 1473 καὶ
1282 1419 1489 1483 ἁπλοῦς
1544 1418 1775 1490 τομὴνῆ

1952 1411 2017 1471 0.
2049 1412 2337 1481 Quomodo
2368 1418 2539 1488 igitur
2576 1420 2938 1491 incorporeus
2981 1432 3038 1481 et
3071 1428 3306 1500 simplex
3366 1446 3456 1487 se-

187 1514 468 1586 διαίρεσιν
498 1513 767 1582 ὑπομένει
792 1531 806 1580 ;

1885 1504 2117 1560 ctionem
2148 1516 2244 1561 aut
2264 1507 2591 1565 divisionem
2624 1512 2869 1581 patitur?

263 1607 343 1661 Μ.
414 1606 551 1659 Ἀλλ’
604 1606 666 1658 οὐ
703 1606 972 1677 διαίρεσιν
1015 1606 1047 1677 ἢ
1083 1606 1258 1677 τομὴν
1304 1607 1583 1675 γεγονέναι
1635 1607 1775 1675 λέγω

1951 1594 2023 1650 Μ.
2062 1595 2175 1666 Ego
2208 1612 2389 1669 neque
2429 1600 2756 1659 divisionem
2797 1622 2975 1680 neque
3020 1609 3321 1666 sectionem
3371 1611 3454 1667 fa-

186 1699 295 1770 τῆς
325 1698 477 1761 θείας
497 1698 711 1762 οὐσίας,
730 1698 873 1753 ἀλλὰ
893 1698 1514 1769 προσδολὴτὸμοούσιον
1540 1699 1617 1769 τῷ
1645 1716 1775 1769 προ·

1885 1695 2023 1741 ctam
2053 1688 2177 1743 dico
2207 1688 2405 1746 divinae
2434 1695 2775 1761 substantiae,
2806 1698 2900 1752 sed
2935 1700 3289 1759 emissionem
3322 1719 3456 1760 con-

189 1790 511 1862 ὃαλλομένῳ
532 1806 546 1821 ⁸
574 1791 824 1862 καὶπρὸς
838 1790 999 1845 τοῦτο
1021 1792 1385 1862 διαμάχεσθαι
1412 1793 1775 1863 Χριστιανοὺς

1885 1779 2304 1835 substantialem
2332 1782 2626 1838 emittenti.
2652 1786 2832 1854 Atque
2864 1788 2993 1843 huic
3030 1793 3317 1847 sententiae
3363 1810 3455 1849 re~

186 1884 357 1948 ὖντας
373 1884 520 1954 ὑμᾶς
535 1885 638 1937 οὐκ
666 1880 841 1954 οἶμαι,
878 1882 972 1957 [οἳ]
990 1886 1082 1938 τὸν
1112 1886 1240 1938 Υίὸν
1266 1884 1359 1939 τοῦ
1390 1885 1526 1938 Θεοῦ
1548 1886 1641 1939 καὶ
1669 1884 1774 1938 A6-

1885 1882 2242 1938 pugnarevos
2270 1870 2622 1931 Christianos
2650 1890 2759 1931 non
2796 1885 2949 1947 puto,
3000 1881 3094 1950 qui
3122 1881 3319 1938 Filium
3356 1884 3455 1941 Dei

102 2036 131 2053 ἡ
184 1990 313 2043 γον,
334 1975 396 2027 οὐ
412 1975 609 2045 τμῆμα
638 1974 739 2045 τῆς
769 1955 1195 2046 τούτουῨΠατρὸς
1245 1976 1435 2039 οὐσίας
1477 1976 1637 2045 φατὲ,
1678 1976 1775 2029 καὶ

1885 1955 2144 2026 Verbum,
2178 1962 2476 2017 sectionem
2511 1963 2835 2023 substantia;
2878 1978 3122 2037 paternae
3171 1987 3281 2027 non
3314 1974 3455 2028 dici-

184 2064 345 2135 δμως
370 2065 661 2134 όμοούσιον
686 2066 767 2136 τῷ
784 2066 963 2136 Πατρὶ
993 2066 1087 2119 καὶ
1119 2067 1249 2137 παρ’
1279 2067 1411 2135 ὑμῖν
1429 2066 1777 2136 ὁμολογεῖται

187 2156 292 2210 καὶ
319 2158 401 2220 είς
417 2156 511 2210 τὸν
540 2157 748 2227 κόσμον
772 2158 1177 2211 ἀποσταλέσθαι
1204 2158 1345 2229 ὑπὲρ
1376 2158 1651 2229 σωτηρίας
1666 2158 1775 2211 τῶν

186 2247 499 2319 ἀνθρώπων
530 2249 635 2303 ὑπὸ
658 2249 756 2319 τῆς
787 2250 951 2317 ἁγίας
991 2250 1217 2321 Γραφῆς
1255 2248 1586 2320 κηρύττεται
1610 2265 1624 2280 ·
1684 2247 1775 2302 οῦ-

188 2356 302 2405 tuso;
326 2340 420 2395 οὖν
448 2341 623 2411 τομῆς
662 2342 738 2413 μὴ
780 2342 1080 2413 γενομένης
1125 2344 1154 2395 6
1195 2341 1399 2411 ἀγαθὸς
1450 2341 1583 2405 Θεὸς
1614 2341 1775 2397 δύνα-

194 2431 297 2503 μίν
319 2450 444 2487 τινα
479 2433 815 2504 προεϐάλετο
845 2436 985 2505 πρὸς
1025 2434 1088 2487 τὸ
1115 2434 1362 2503 ἐπισχεῖν
1390 2434 1490 2503 τῆς
1516 2432 1648 2503 ὕλης
1675 2433 1776 2503 τὴν

188 2524 442 2590 ἀταξίαν.

204 2598 207 2603 ’
269 2615 334 2669 0.
368 2616 482 2670 Καὶ
509 2615 686 2680 οὔτως
739 2616 1055 2688 ἐλεγχθείης
1092 2616 1170 2688 τῷ
1212 2617 1312 2689 τῆς
1350 2614 1525 2687 τομῆς
1568 2615 1773 2692 ἔγκλη-

194 2717 331 2773 ματι
357 2703 727 2774 περιπίπτων.

266 2794 343 2848 M.
376 2794 660 2862 Ἔλεγξον,
692 2794 789 2848 καὶ
812 2793 1076 2865 πείσομαι
1096 2797 1208 2859 τοῖς
1233 2810 1349 2847 σου.

266 2886 328 2937 0.
361 2885 702 2956 Διαιρεῖσθαι
727 2885 828 2957 τὴν
845 2884 978 2956 ῦλην
1006 2884 1219 2939 καὶτὸν
1244 2883 1378 2937 Θεὸν
1409 2882 1560 2947 ἰδίοις
1587 2883 1774 2947 τόποις

189 2975 314 3035 οἶδα
336 2979 601 3043 πολλάκις
628 2978 885 3050 ἀκηκοὼς
911 2978 1018 3033 ὑπὸ
1049 2978 1158 3032 τῶν
1196 2977 1515 3047 Μανιχαίων
1534 2995 1549 3010 ο
1572 2979 1669 3033 καὶ
1694 2979 1775 3043 ὡς

190 3071 258 3127 τὸ
286 3071 384 3143 μιν
407 3071 580 3126 νότιον
606 3074 673 3143 τῇ
710 3070 831 3143 ὕλῃ,
866 3072 928 3125 τὸ
952 3071 1011 3125 δὲ
1044 3071 1273 3142 βόρειον,
1297 3074 1396 3126 καὶ
1433 3071 1770 3139 ἀνατολικὸν,

193 3163 292 3219 καὶ
312 3163 527 3218 δυτικὸν
549 3163 923 3234 προσνέμεται
958 3163 1038 3233 τῷ
1058 3163 1251 3235 ἀγαθῷ
1275 3163 1420 3236 Θεῷ.

264 3252 337 3308 Μ.
361 3254 547 3318 οὕτως
578 3254 689 3325 γὰρ
718 3254 1113 3326 ὁμολογοῦμεν.

266 3347 331 3400 ο.
391 3345 517 3407 Πῶς
567 3345 660 3399 οὖν
725 3345 788 3398 οῦ
831 3345 1080 3409 δέδοικας
1104 3345 1202 3416 τὴν
1229 3346 1498 3418 τοσαύτης
1530 3349 1774 3420 βλασφη-

198 3432 330 3503 μίας
359 3433 683 3506 ὑπερϐολὴν,
734 3435 1109 3505 περιγραπτὸν
1135 3436 1371 3505 εἰσάγων
1415 3439 1477 3492 τὸ
1508 3439 1684 3504 Θεῖον,
1714 3441 1774 3494 ὃν

194 3520 400 3589 ἀγαθὸν
432 3523 526 3576 καὶ
549 3523 962 3594 παντοδύναμον
992 3524 1300 3594 ὁμολογεῖς,
1328 3527 1426 3581 καὶ
1457 3529 1633 3585 ταῦτα
1665 3530 1775 3585 ἀπὸ

194 3612 295 3683 τῆς
324 3612 588 3680 κακίστης
624 3613 757 3683 ὕλης
795 3617 1306 3687 περιγραφόμενον;
1332 3619 1512 3691 Πέρας
1559 3621 1667 3693 γὰρ
1697 3621 1775 3691 τῷ

196 3705 316 3776 Θεῷ
335 3707 510 3772 δίδως,
530 3709 588 3759 ἐν
614 3707 765 3779 τόπῳ
790 3710 981 3763 τοῦτον
1013 3710 1403 3783 ὑποτιθέμενος
1428 3730 1442 3744 ·
1466 3715 1640 3785 πέρας
1666 3716 1774 3786 γάρ

196 3798 315 3850 ἔστι
342 3798 508 3861 τόπος
528 3799 624 3852 τοῦ
657 3800 1028 3871 περιέχοντος,
1061 3803 1197 3857 καθὸ
1238 3807 1486 3877 περιέχει
1524 3808 1585 3860 τὸ
1614 3825 1773 3879 περι-

195 3889 453 3960 εχόμενον
470 3907 485 3922 ’
506 3892 895 3963 περιεχόμενος
922 3894 978 3947 δὲ
998 3897 1027 3948 6
1061 3896 1212 3961 Θεὸς,
1247 3900 1622 3969 περιγραπτὸς
1641 3902 1774 3956 πάν-

196 3997 309 4042 τως
337 3981 451 4034 ἐστί
487 3998 501 4012 ·
534 3983 633 4036 καὶ
656 3983 818 4048 αὐτὸς
852 3984 908 4038 δὲ
931 3988 958 4039 6
978 3986 1070 4039 τὸν
1102 3986 1234 4039 Θεὸν
1278 3990 1548 4059 περιέχων
1584 3991 1770 4056 τόπος,

199 4074 600 4142 περιγράφεται
652 4075 770 4127 κατ’
810 4076 985 4130 ἐκεῖνο
1036 4078 1097 4131 τὸ
1138 4079 1311 4143 τέλος,
1344 4080 1482 4135 καθὸ
1509 4081 1611 4151 τῆς
1640 4082 1773 4153 ὕλης

195 4164 294 4218 τοῦ
324 4165 487 4220 τόπου
519 4167 827 4235 ἐφάπτεται
861 4185 875 4200 ·
903 4170 998 4222 καὶ
1028 4170 1203 4232 οὕτως
1228 4170 1333 4224 ὑπὸ
1361 4175 1773 4244 περιγραφομέ-

196 4274 291 4309 νου
324 4256 489 4311 τόπου
535 4261 1009 4330 περιγραφήσεται
1063 4264 1091 4314 ὀ
1132 4263 1264 4327 Θεὸς
1291 4263 1414 4317 καθ’
1441 4265 1609 4335 ὑμᾶς,
1646 4268 1774 4330 τοὺς
1819 4298 1827 4304 -

194 4347 345 4416 τόπῳ
372 4349 480 4401 τινὶ
507 4350 920 4420 περιορίζοντας
942 4353 1032 4405 τὸν
1063 4354 1218 4409 Θεόν.
1258 4355 1419 4409 Ἀλλὰ
1442 4357 1616 4412 ταῦτα
1673 4359 1773 4430 μὲν

194 4436 477 4507 παρείσθω
498 4453 512 4467 ⁵
544 4439 669 4491 είπὲ
691 4439 747 4492 δέ
773 4457 886 4510 μοι,
930 4444 988 4495 ὲν
1016 4441 1095 4512 τῷ
1128 4445 1313 4515 οἰκείῳ
1357 4447 1506 4516 τόπῳ
1540 4448 1772 4516 μένοντα

1878 2048 1969 2111 tis,
1994 2055 2049 2101 et
2098 2047 2267 2103 simul
2300 2058 2480 2105 tamen
2544 2051 2692 2109 Patri
2745 2059 3445 2125 consubstantialemcon-

1877 2134 2130 2192 litemini.
2156 2135 2304 2191 ldem
2338 2136 2392 2192 in
2430 2141 2698 2194 mundum
2729 2153 2951 2213 propter
2987 2146 3269 2203 hominum
3302 2153 3454 2206 salu-

1876 2234 1985 2281 tem
2009 2226 2213 2284 missus
2240 2228 2296 2283 in
2327 2239 2518 2286 sancta
2535 2230 2824 2303 Scriptura
2855 2237 3205 2306 praedicatur.
3247 2242 3339 2297 Sic
3360 2260 3451 2298 er-

1874 2335 1964 2391 go,
1995 2322 2147 2377 nulla
2183 2323 2583 2383 interveniente
2606 2327 2853 2384 sectione
2876 2368 2892 2391 .
2941 2329 3123 2387 bonus
3154 2333 3298 2391 Deus
3342 2336 3451 2390 vim

1875 2415 2173 2486 quamdam
2209 2430 2279 2472 ex
2304 2432 2430 2474 sese
2454 2419 2642 2475 emisit
2686 2419 2755 2475 ad
2790 2423 3248 2493 compescendam
3275 2432 3451 2480 matc-

1875 2508 1973 2563 riie
1995 2507 2487 2578 perturbationem.

1945 2596 2010 2653 0.
2036 2598 2216 2670 Atque
2253 2601 2330 2655 ita
2359 2601 2414 2656 in
2463 2601 2785 2673 improbata:
2812 2607 3077 2665 sectionis
3106 2607 3326 2681 culpam
3366 2607 3452 2664 in-

1873 2689 2033 2746 cidis.

1945 2782 2016 2837 Μ.
2044 2780 2392 2852 llémonstra,
2419 2794 2475 2843 et
2497 2803 2598 2861 ego
2630 2788 2794 2847 dictis
2827 2791 2940 2848 tuis
2961 2791 3207 2849 credam.

1944 2876 2009 2933 0.
2049 2877 2229 2934 Dividi
2256 2881 2543 2937 materiam
2578 2897 2642 2938 ac
2669 2883 2835 2937 Deum
2875 2884 3121 2955 prepriis
3145 2885 3305 2949 locis,
3338 2885 3452 2941 scio

1874 2982 1963 3023 me
1988 2984 2099 3024 non
2129 2971 2302 3029 semel
2331 2972 2557 3029 audisse
2587 2988 2616 3027 a
2644 2974 2965 3031 Manichaeis
2990 2993 3006 3043 ;
3046 2983 3211 3046 atque
3236 2987 3455 3033 austra-

1874 3060 1985 3117 lem
2015 3071 2229 3132 partem
2258 3065 2525 3131 materiai,
2565 3065 2844 3123 borealem
2866 3107 2881 3130 ,
2914 3070 3270 3135 orientalem,
3310 3072 3455 3125 occi-

1873 3150 2232 3222 dentalesque
2258 3161 2443 3222 partes
2467 3155 2617 3210 bono
2646 3154 2755 3211 Deo
2785 3158 3032 3214 attribui.

1800 3233 1849 3300 ο
1946 3241 2018 3298 Μ.
2057 3241 2150 3298 Sic
2172 3260 2278 3300 nos
2309 3247 2651 3314 proﬁtemur.

1946 3333 2007 3385 0.
2046 3330 2332 3398 Quomodo
2354 3348 2487 3404 ergo
2523 3350 2634 3389 non
2668 3334 2860 3391 horres
2902 3344 3069 3391 tanta:
3102 3338 3456 3409 blasphemiae

1873 3422 2706 3496 excessumicircumscriptum
2745 3427 3017 3485 inducens
3051 3428 3256 3496 Deum,
3294 3446 3455 3502 quem

1872 3513 2078 3568 bonum
2103 3523 2158 3569 et
2191 3517 2621 3584 omnipotentem
2649 3518 2949 3585 conﬁteris,
2981 3529 3036 3575 et
3067 3529 3245 3577 tamen
3281 3538 3309 3575 a
3336 3538 3457 3593 pes-

1873 3607 2015 3659 sima
2045 3608 2272 3663 materia
2298 3608 2615 3663 limitatum.
2637 3610 2848 3665 Etenim
2882 3614 3177 3667 terminum
3204 3613 3316 3668 Deo
3336 3616 3454 3677 das,

1873 3698 2001 3753 dum
2050 3714 2177 3754 eum
2210 3700 2264 3753 in
2296 3700 2754 3777 lococollocas:
2803 3719 2927 3757 nam
2977 3704 3131 3760 locus
3183 3706 3456 3760 terminus

1874 3798 1966 3846 est.
1997 3792 2365 3855 continentis,
2412 3803 2688 3861 quatenus
2720 3793 2773 3847 in
2823 3808 2884 3847 se
2913 3796 3161 3850 continet
3210 3811 3466 3865 compre-

1874 3878 2113 3935 hensum
2146 3896 2162 3933 ι
2192 3879 2633 3946 comprehensus
2664 3869 2846 3933 autem
2886 3878 3052 3946 Deus,
3106 3896 3339 3950 prorsus
3373 3895 3457 3936 est.

1873 3970 2342 4038 circumscriptus
2370 3987 2383 4022 :
2415 3977 2471 4023 et
2510 3969 2623 4038 ipse
2658 3970 2753 4038 qtti
2786 3969 2957 4025 Deum
2986 3972 3235 4026 continet
3267 3975 3450 4037 locus,

1872 4073 1939 4115 eo
1978 4058 2213 4113 termino
2244 4058 2742 4122 circumscribitur,
2769 4076 2877 4128 qtto
2916 4060 3072 4131 105
3098 4062 3200 4115 loci
3229 4064 3452 4117 materia

1874 4147 2136 4218 pertingit
2162 4166 2176 4202 ε
2208 4155 2372 4216 atque
2402 4148 2473 4200 ita
2500 4147 2919 4217 circumscripto
2944 4150 3065 4204 loco
3100 4151 3453 4206 circumscri-

1876 4240 2031 4292 hetur
2061 4254 2089 4291 a
2118 4238 2272 4292 vobis
2299 4236 2462 4300 Deus,
2483 4238 2575 4308 qui
2599 4237 2740 4291 intra
2764 4249 2970 4293 certum
2996 4240 3173 4294 locum
3206 4241 3370 4295 Deum
3391 4241 3452 4293 li-

1870 4329 2099 4384 mitatis.
2130 4326 2235 4383 Sed
2266 4329 2378 4382 haec
2400 4328 2563 4382 missa
2597 4327 2885 4383 faciamus.
2909 4328 3081 4383 Narra
3107 4345 3269 4400 porro
3295 4330 3450 4396 mihi,

1874 4436 1942 4475 an
1967 4421 2188 4492 proprio
2217 4421 2268 4474 in
2303 4422 2425 4475 loco
2447 4428 2682 4475 stantem
2710 4419 2876 4475 Deum
2903 4422 3054 4477 dicas
3084 4438 3148 4477 ex
3182 4425 3451 4479 scseemi-

192 4530 289 4584 τὸν
336 4530 467 4583 Θεὸν
515 4532 621 4603 φὴς
679 4510 1076 4605 προϐαλέσθαι.
1112 4538 1212 4608 τὴν
1244 4510 1300 4603 ἐξ
1326 4510 1490 4593 αὐτοῦ
1518 4510 1771 4612 δύναμιν,

1885 4512 2018 4567 sisse
2069 4513 2201 4572 vim,
2234 4519 2399 4581 atque
2448 4510 2514 4565 ad
2548 4511 2790 4565 materiae
2814 4511 3113 4577 projecisse
3142 4511 3347 4567 locum.

194 4623 297 4677 καὶ
327 4624 417 4676 ἐπὶ
445 4624 536 4677 τὸν
567 4626 665 4696 τῆς
700 4625 832 4696 ὕλης
861 4628 1244 4694 ἐξαποστεῖλαι
1271 4631 1433 4686 τόπον
1458 4649 1473 4698 ;

266 4715 342 4768 Μ.
372 4716 501 4777 Ναὶ,
526 4716 681 4770 τοῦτό
704 4735 866 4788 φημι.

269 4808 331 4859 Ο.
356 4808 416 4860 Εἰ
444 4804 536 4862 οῦν
561 4811 626 4863 ἐκ
660 4811 753 4864 τοῦ
794 4812 932 4866 Θεοῦ
978 4814 1219 4887 προϐολὴ
1266 4818 1323 4869 ὲν
1371 4816 1544 4889 ἑτέρῳ
1583 4819 1775 4888 γέγονε

194 4897 369 4967 τόπῳ,
390 4900 484 4953 τοῦ
526 4901 665 4956 Θεοῦ
703 4903 761 4956 ἐν
789 4903 962 4974 ἑτέρῳ
988 4907 1174 4978 χωρίῳ
1206 4908 1604 4977 διαμείναντος,
1660 4910 1776 4974 πῶς

193 4990 302 5041 οὐκ
335 4990 595 5061 ἐμερίσθη
635 4994 736 5063 τῆς
770 4994 864 5048 τοῦ
895 4996 1108 5067 Πατρὸς
1127 4999 1510 5063 ὑποστάσεως;
1546 5002 1628 5054 Τὰ
1665 5002 1775 5072 γὰρ

194 5079 465 5133 διεστῶτα
484 5086 598 5146 τοῖς
627 5085 834 5149 τόποις,
865 5088 1079 5152 πάντως
1108 5092 1201 5144 καὶ
1244 5091 1492 5163 ἀλλήλων
1545 5095 1774 5165 διαιρεῖ-

198 5172 329 5227 σθαι
348 5173 559 5244 ἀνάγκη
584 5194 597 5205 ·
628 5177 721 5229 καὶ
739 5177 913 5242 οὕτως
934 5179 1027 5234 οῦν
1056 5183 1088 5251 ἡ
1122 5182 1215 5235 τοῦ
1247 5182 1386 5237 Θεοῦ
1410 5186 1642 5258 δύναμις
1677 5204 1776 5241 κα-

196 5263 271 5319 τὰ
290 5263 345 5316 σὲ
364 5264 465 5319 οὐκ
484 5266 590 5333 ἔξω
624 5267 724 5336 τῆς
752 5270 917 5324 αὑτοῦ
956 5272 1183 5341 γέγονεν
1214 5275 1598 5343 ὑποστάσεως;
1631 5279 1689 5331 τὸ
1718 5278 1773 5334 δὲ

1950 4728 2023 4785 Μ.
2058 4728 2353 4782 Enimvero
2385 4727 2466 4781 sic
2496 4726 2604 4779 aio.

1950 4819 2017 4876 0.
2064 4818 2123 4873 Si
2159 4834 2293 4888 ergo
2336 4833 2398 4872 ex
2436 4818 2547 4872 Deo
2576 4817 2805 4872 emissio
2856 4816 2924 4871 ad
2958 4817 3129 4872 alium
3176 4816 3320 4872 facta
3367 4827 3453 4876 est

1882 4914 2061 4969 locum
2086 4952 2101 4976 ,
2137 4910 2247 4965 Deo
2289 4910 2455 4964 aliam
2505 4910 2803 4965 stationem
2861 4917 3213 4980 oceupante,
3256 4910 3450 4979 quidni

1882 5020 1912 5060 ε
1960 5005 2139 5059 Patris
2162 5001 2470 5057 substantia
2493 5009 2744 5072 separata
2794 5001 2937 5056 fuit!
2968 5000 3103 5057 Nam
3147 5016 3269 5072 quae
3312 5001 3453 5057 locis

1882 5097 2133 5159 distant,
2173 5110 2237 5150 ea
2288 5094 2530 5148 invicem
2583 5092 2795 5151 distare
2842 5108 3070 5149 necesse
3117 5102 3221 5148 est.
3262 5091 3454 5147 Nonne

1885 5192 1966 5244 sic
2000 5188 2187 5257 igitur,
2231 5203 2295 5241 es
2330 5186 2601 5240 sententia
2637 5194 2752 5251 tua,
2790 5185 2881 5240 Dei
2914 5186 2996 5241 vis
3020 5195 3176 5240 extra
3208 5182 3453 5254 ejusdem

1886 5281 2254 5335 substantiam
2290 5279 2530 5347 prodiit?
2555 5277 2675 5333 lam
2708 5277 2855 5348 quod
2878 5285 3035 5334 extra
3052 5277 3288 5348 aliquem
3326 5287 3414 5333 est
3434 5313 3453 5341 ,

1715 5435 1945 5493 NOTAE.

198 5533 338 5619 linus
364 5552 379 5586 ς
404 5531 462 5587 'tn
493 5550 605 5619 quo
632 5539 796 5619 .he‘l'lo
828 5540 1063 5595 credunt
1112 5543 1295 5600 miseri
1347 5550 1781 5619 omnipotentem

200 5604 371 5688 Deum
401 5619 508 5657 non
540 5606 645 5660 sibi
678 5609 839 5664 aliter
877 5619 1124 5688 potntsse
1150 5604 1635 5688 succurrereinisi
1664 5635 1784 5688 par-

199 5682 312 5756 tem
341 5688 495 5754 suam
532 5687 868 5758 contra-eam
908 5682 1167 5758 mitteret.
1200 5684 1373 5753 Cujus
1400 5682 1580 5755 genitis
1626 5682 1783 5758 prin-

199 5745 373 5826 cipes,
405 5745 659 5826 sicut-ﬁli
712 5750 927 5812 dicunt,
968 5745 1381 5826 devoraverunt
1401 5745 1640 5826 “partem'
1658 5758 1780 5823 Dei,

199 5823 259 5868 et
291 5816 573 5886 tettLperati
602 5827 733 5870 sunt
773 5828 832 5872 ut
860 5831 1045 5886 posset
1084 5823 1320 5878 mundus
1360 5816 1429 5879 de
1469 5828 1578 5879 illis
1614 5816 1783 5881 fabri-'-

202 5883 342 5936 cari.
383 5881 473 5936 Sic
500 5884 691 5939 dicunt
723 5881 890 5942 Deum
917 5891 1317 5958 pervenissead
1339 5896 1620 5951 victoriam
1655 5913 1779 5952 cum

489 5976 760 6038 PATROL.
793 5979 907 6038 Gn.
942 5981 1139 6041 XCVI.

1882 5548 2097 5618 magnis
2147 5547 2553 5603 calamitatibus
2620 5556 2673 5602 et
2714 5546 3058 5618 cruciatibus
3099 5554 3155 5618 et
3218 5547 3459 5603 miseriis

1881 5616 2108 5673 suorum
2169 5618 2579 5683 membrorum,
2630 5632 2751 5686 qure
2796 5617 3039 5672 membra
3100 5616 3293 5670 dicunt
3338 5633 3459 5672 esse

1882 5687 2174 5742 commista
2228 5687 2538 5742 tenebrosis
2579 5686 2890 5742 visceribus
2947 5686 3259 5756 principum
3333 5686 3455 5739 illo-

1881 5773 2025 5821 rum,
2073 5764 2132 5809 ut
2168 5772 2265 5811 eos
2300 5764 2691 5827 temperarent,
2727 5765 2781 5812 et
2815 5773 2845 5812 a
2890 5756 3105 5813 fervore
3149 5771 3458 5826 compesce-

1882 5836 2002 5881 rent
2033 5836 2138 5882 etc.
2176 5845 2195 5879 ι

2949 5986 3022 6047 4⁶ὶ
