3882 6356
424 459 565 532 1323

1894 422 2271 507 ADDENDA.

3634 443 3777 510 ιω

430 578 486 632 id
522 570 749 628 omnino
784 568 852 623 ab
901 566 1151 638 ejusdem
1193 562 1511 623 substantia
1544 568 1863 632 separatum
1914 566 2017 614 est.

2156 554 2232 619 ξω
2262 553 2407 618 τινὸς
2429 553 2697 626 ὑπάρχον,
2724 553 2943 618 ﬂavam;
2972 555 3067 609 xui.
3105 553 3204 625 τῆς
3234 553 3644 620 ὑποστάσεως
3680 561 3775 611 δύο

434 666 547 721 Nos
573 670 758 717 autem
802 658 948 712 haud
997 666 1213 711 vestras
1242 654 1555 725 impietates
1583 657 1883 713 sectamur,
1926 662 2023 701 ne—

438 772 544 827 que
577 755 687 809 duo
719 750 989 822 priucipia
1031 749 1173 803 locis
1194 753 1460 817 separata
1493 740 1836 797 allirmamus
1873 781 1888 805 ,
1928 738 2024 794 sed

435 862 607 905 unum
661 843 1050 900 universitatis
1096 839 1459 903 Creatorem,
1511 846 1567 891 et
1614 848 1786 889 unum
1841 842 2024 886 rerum

430 941 681 997 oumium
740 936 983 999 initium,
1025 933 1240 989 Patrem
1274 944 1339 985 ac
1382 926 1584 983 Filium
1609 966 1624 989 ,
1677 932 1883 980 cuncta
1924 922 2028 975 im-

396 1032 597 1104 .plens
635 1026 916 1100 dogmatis
942 1026 1122 1080 instar
1157 1021 1477 1078 credimus:
1516 1016 1738 1072 Patrem
1768 1015 1822 1068 iu
1862 1011 2027 1077 Filio,

440 1122 648 1178 Filium
704 1122 759 1176 in
802 1118 966 1172 Patre
1008 1131 1120 1171 una
1159 1115 1487 1170 conﬁtentes
1515 1111 1674 1181 juxta
1717 1106 1849 1162 illud
1892 1104 2027 1161 eﬂ'a-

440 1229 555 1271 tum
586 1233 601 1271 :
640 1232 660 1265 t
698 1213 808 1284 Ego
861 1212 915 1265 in
935 1209 1119 1274 Patre,
1161 1217 1210 1262 et
1244 1205 1407 1260 Pater
1432 1205 1487 1257 in
1512 1203 1657 1256 me‘.
1693 1220 1713 1253 ›
1748 1200 2026 1267 Itemque:

448 1326 469 1359 ι
528 1304 725 1362 Omnia
756 1318 879 1373 qua:
916 1301 1079 1355 habet
1114 1297 1301 1361 Pater,
1341 1309 1462 1350 mea
1513 1301 1641 1350 sunt
1665 1292 1741 1345 ⁸.»
1786 1290 1945 1346 Unde
1978 1293 2032 1342 et

446 1400 756 1469 inspiratus
788 1393 1031 1448 Joannes
1076 1398 1337 1460 tanquam
1380 1385 1566 1440 omnia
1609 1383 1871 1453 implente
1909 1377 2035 1433 Tri-

447 1491 653 1553 nitate,
702 1487 770 1542 de
822 1484 931 1539 Deo
971 1480 1155 1538 Verbo
1192 1481 1264 1534 ait
1300 1498 1314 1535 :
1358 1497 1375 1530 ι
1422 1476 1479 1531 lu
1510 1475 1732 1547 pr0pria
1766 1472 1939 1535 venit,
1979 1476 2035 1525 et

447 1582 533 1638 sui
569 1595 695 1635 eum
739 1592 848 1632 non
885 1581 1215 1645 receperunt
1246 1571 1266 1603 ³
1301 1589 1315 1626 :
1362 1589 1380 1622 ι
1420 1567 1728 1624 secundum
1770 1578 1901 1618 vero
1936 1576 2035 1617 vos

446 1671 802 1735 Manichaeos,
838 1683 949 1723 non
993 1667 1048 1720 in
1106 1662 1334 1735 propria
1382 1660 1572 1720 venit,
1622 1656 1718 1713 sed
1756 1654 1940 1727 potius
1979 1654 2035 1708 in

449 1766 665 1829 aliena;
700 1762 748 1818 si
783 1758 1007 1831 quidem
1037 1756 1109 1810 ad
1144 1754 1389 1809 materiae
1423 1752 1604 1805 locum
1636 1748 1901 1815 accessit,
1936 1761 2036 1801 vo-

448 1861 571 1914 lens
630 1855 849 1909 animas
882 1851 937 1905 in
986 1849 1167 1903 alieno
1214 1848 1337 1901 loco
1378 1844 1664 1914 alligatas,
1697 1849 1755 1896 ut
1804 1855 1904 1895 vos
1945 1839 2034 1895 di-

2124 643 2221 696 τοῦ
2255 642 2507 715 διῄρηται
2536 660 2551 674 ⁸
2577 644 2743 715 ἡμεῖς
2767 645 2813 698 δ’
2835 646 2934 715 οὐχ
2965 645 3211 716 ἑπόμεθα
3237 648 3366 710 ταῖς
3410 647 3600 717 ὑμῶν
3629 650 3775 703 ἀσε-

2126 734 2323 799 ϐείαις,
2354 736 2475 788 οὐδὲ
2506 735 2600 789 δύο
2614 738 2792 807 ἀρχὰς
2808 737 3149 811 διῃρημένας
3197 741 3315 802 τοῖς
3370 739 3599 803 τόποις
3659 759 3771 812 φα-

2129 828 2250 899 μὲν,
2280 828 2396 881 ἀλλ’
2426 828 2523 882 ἕνα
2548 829 2644 883 τοῦ
2686 831 2886 893 παντὸς
2921 831 3289 901 Δημιουργδν,
3313 834 3415 885 καὶ
3451 834 3613 902 μίαν
3666 842 3771 901 τὴν

2128 920 2347 975 πάντων
2390 920 2568 992 ἀρχὴν
2619 920 2893 989 λέγοντες,
2959 922 3183 992 Πατέρα
3231 940 3291 976 τε
3344 925 3449 977 καὶ
3492 925 3655 978 Υἰὸν
3702 929 3770 977 τὰ

2128 1010 2307 1063 πάντα
2339 1009 2582 1080 πληροῦν
2615 1011 3022 1081 δογματίζομεν
3042 1030 3057 1045 ο
3096 1012 3320 1085 Πατέρα
3350 1015 3416 1067 ἰν
3443 1014 3581 1085 Υίῷ
3606 1055 3627 1078 ,
3668 1020 3767 1068 καὶ

2132 1102 2263 1156 Υίδν
2290 1104 2348 1156 ὲν
2378 1102 2557 1173 Πατρὶ
2587 1103 3127 1175 προσομολογοῦντες
3150 1106 3296 1159 κατὰ
3317 1107 3381 1159 τὸ
3424 1107 3639 1175 λόγων
3704 1110 3769 1159 τὸ

2132 1192 2376 1262 φάσκονο
2409 1212 2429 1246 ι
2469 1193 2612 1262 Ἐγὼ
2648 1197 2708 1249 ὲν
2736 1195 2814 1266 τῷ
2840 1197 3016 1268 Πατρὶ
3046 1199 3140 1250 καὶ
3163 1198 3193 1250 ὁ
3224 1199 3420 1270 Πατὴρ
3458 1201 3521 1253 ὲν
3552 1200 3758 1270 ἐμοί-»

2132 1285 2275 1349 Καὶ,
2309 1303 2329 1337 ε
2367 1286 2551 1339 Πάντα
2573 1286 2643 1340 τὰ
2681 1287 2774 1341 τοῦ
2800 1289 3045 1359 Πατρὸς,
3076 1289 3191 1359 ἐμά
3232 1291 3372 1344 ἐστι.
3415 1309 3436 1341 s
3502 1290 3617 1345 Διὸ
3660 1296 3761 1345 καὶ

2132 1376 2437 1444 Ἰωάννηςὸ
2475 1378 2751 1449 θεοφόρος,
2781 1379 2857 1442 ὡς
2903 1381 2973 1434 τὰ
3025 1380 3206 1435 πάντα
3248 1381 3596 1453 πληρούσης
3654 1383 3759 1449 τῆς

2134 1471 2297 1539 ἁγίας
2329 1470 2581 1542 Τριάδος,
2615 1473 2746 1542 περὶ
2777 1471 2873 1525 τοῦ
2904 1472 3040 1525 Θεοῦ
3072 1473 3251 1542 Λόγου
3302 1474 3479 1544 φησίν
3505 1491 3519 1502 ο
3592 1493 3619 1526 ι
3658 1474 3752 1537 Εἰς

2132 1563 2202 1617 τὰ
2255 1564 2363 1618 ίδια
2418 1560 2573 1636 ἦλθε,
2611 1565 2706 1618 καὶ
2751 1566 2800 1617 οί
2851 1564 2971 1617 ῐδιοι
3000 1564 3164 1618 αὑτὸν
3200 1564 3262 1617 οὐ
3330 1564 3699 1636 παρέλαϐον.
3730 1586 3749 1616 ι

2134 1656 2274 1711 Καθ’
2300 1658 2445 1727 ὑμᾶς
2468 1658 2523 1710 δὲ
2545 1656 2673 1720 τοὺς
2706 1657 3070 1727 Μανιχαίους,
3109 1658 3212 1710 οὐκ
3242 1658 3327 1721 εἰς
3368 1657 3446 1709 τὰ
3476 1658 3600 1711 ῐδια.
3652 1653 3755 1728 ἦλ-

2135 1748 2250 1814 θεν,
2296 1748 2433 1803 ἀλλὰ
2473 1748 2674 1819 μᾶλλον
2723 1751 2804 1812 είς
2862 1749 2931 1802 τὰ
2982 1748 3242 1820 ἀλλότρια
3272 1766 3289 1784 ·
3338 1750 3392 1803 ετ
3412 1766 3484 1817 γε
3518 1749 3618 1820 τῷ
3650 1750 3755 1815 τῆς

2139 1839 2273 1909 ὕλης
2301 1839 2505 1909 ἐπῆλθε
2526 1840 2699 1910 τόπῳ,
2726 1842 2827 1903 τὰς
2852 1840 3031 1911 ψυχὰς
3060 1842 3121 1895 ὲν
3143 1841 3417 1914 ἀλλοτρίῳ
3445 1843 3625 1914 τόπῳ
3652 1859 3755 1896 πει

452 1950 606 2011 citis,
642 1944 930 2000 redimere.
958 1939 1140 2006 Quare
1164 1944 1219 1992 et
1248 1935 1399 1991 illam
1431 1949 1597 2004 quam
1621 1930 1926 1987 revocabas
1946 1944 2033 1985 se-

2151 1904 2449 2002 πεέημένας
2497 1932 2620 1986 καθ’
2650 1904 2799 2003 ύμᾶς
2835 1904 3165 2005 βουλόμενος
3214 1904 3550 1989 dira-66163:“
3587 1904 3754 1989 ’ὥστε

451 2042 698 2096 ctionem
739 2036 793 2106 (a
849 2043 902 2089 te
941 2031 1149 2101 alioqui
1181 2043 1291 2084 non
1330 2026 1499 2083 semel
1554 2023 1908 2092 allirmatam)
1939 2035 2038 2093 pu-

450 2140 574 2186 tans
610 2129 690 2183 sic
731 2125 935 2181 divinae
984 2119 1309 2178 substantia:
1353 2117 1680 2173 divisionem
1722 2115 1932 2179 vitare,
1970 2127 2039 2168 ue

451 2226 534 2282 sic
585 2222 809 2294 quidem
868 2216 1057 2274 vitasti
1096 2234 1110 2270 :
1149 2227 1387 2284 namque
1433 2212 1490 2268 in
1540 2209 1788 2266 eamdem
1834 2204 2037 2262 recidis

452 2315 948 2388 irreligiositatem.
967 2309 1074 2366 Sed
1096 2307 1246 2364 unde
1272 2303 1524 2369 discessi,
1556 2301 1689 2357 illuc
1716 2300 1899 2355 denuo
1924 2311 2041 2352 ser-

451 2423 672 2465 monem
726 2412 1017 2461 converto.
1055 2397 1353 2469 Responde
1395 2409 1529 2465 ergo
1578 2393 1713 2448 mihi
1750 2410 1767 2447 :
1804 2389 2036 2445 materia

454 2516 553 2573 per
586 2514 648 2557 se
670 2540 687 2568 ,
720 2499 932 2567 absque
960 2508 1087 2550 cum
1118 2490 1230 2547 Deo
1265 2486 1683 2551 commistione,
1735 2481 2039 2552 simplexne

452 2602 561 2659 est,
588 2608 659 2649 an
693 2586 1046 2661 composita?

526 2686 602 2740 Μ.
639 2681 977 2752 Composita.

526 2781 593 2832 0.
633 2774 713 2830 Ex
740 2770 1084 2843 simplicibus
1110 2774 1293 2823 autem
1326 2762 1385 2819 tit
1412 2759 1828 2833 compositum?

525 2868 597 2925 Μ.
634 2867 712 2922 Ita
744 2871 852 2922 est.

525 2956 591 3015 0.
633 2956 695 3013 Si
724 2968 859 3026 ergo
892 2945 1197 3021 composita
1234 2952 1323 3000 est
1352 2938 1607 3005 materia,
1637 2941 1791 3009 patet
1812 2946 1934 2991 eam
1958 2930 2041 2987 ab

456 3054 569 3109 alio
630 3023 823 3119 aliquo
875 3040 1139 3113 componi
1195 3057 1211 3094 :
1254 3049 1420 3093 nemo
1470 3031 1624 3090 enim
1684 3029 1931 3101 seipsum
1969 3023 2039 3080 ad

457 3117 925 3214 compositionem
980 3128 1224 3187 adducit.
1283 3121 1573 3193 Quomodo
1624 3135 1758 3191 ergo
1806 3120 1877 3174 ab
1929 3117 2041 3171 alio

458 3209 789 3303 composita,
813 3236 965 3284 caret
1012 3221 1204 3279 initio?
1251 3216 1472 3288 Alioqui
1508 3213 1701 3280 etiam,
1730 3209 2036 3280 composita

458 3341 527 3382 ex
580 3302 819 3380 diversis
881 3320 1293 3388 componuntur
1334 3322 1458 3380 qua!
1516 3302 1943 3378 prazexsistunt,
1980 3308 2041 3379 ut

458 3418 731 3474 electrum
787 3426 854 3465 es
906 3413 1140 3479 argento
1178 3408 1233 3458 et
1287 3413 1427 3455 auro
1474 3393 1850 3466 compositum
1897 3410 1911 3446 :
1968 3390 2045 3445 si-

461 3508 645 3566 mulve
676 3502 1004 3576 spectabile,
1034 3505 1094 3553 ut
1123 3502 1290 3566 caput
1312 3488 1538 3561 aliquod
1557 3504 1623 3544 ex
1651 3486 1895 3551 ossibus,
1921 3498 2039 3540 car-

462 3619 567 3665 ne,
603 3594 945 3656 membranis
989 3605 1056 3647 ac
1104 3586 1289 3644 nervis
1321 3602 1335 3639 :
1374 3584 1489 3637 haec
1520 3579 1668 3637 enim
1716 3593 1823 3632 una
1856 3576 2046 3631 consi-

465 3700 660 3758 stunt,
692 3703 820 3745 cum
856 3686 968 3742 sint
998 3682 1252 3743 diversa,
1303 3674 1555 3744 nihilque
1586 3686 1653 3725 ex
1682 3669 1774 3725 his
1808 3667 2045 3738 singulis

461 3784 677 3844 exstitit
709 3791 837 3837 ante
878 3773 1248 3847 compositum
1289 3784 1357 3825 ex
1403 3765 1540 3838 ipsis
1576 3770 1764 3834 caput.
1802 3758 1945 3831 Ergo
1996 3758 2043 3814 si

464 3876 697 3935 materia
763 3869 1073 3941 composita
1130 3870 1255 3925 est,
1300 3873 1370 3914 ne
1424 3857 1546 3929 ipsa
1594 3868 1815 3927 quoque
1873 3865 2044 3905 unum

460 3966 796 4042 principium
831 3971 954 4023 est.
991 3957 1090 4017 sed
1146 3955 1321 4011 multo
1354 3950 1515 4023 plura
1544 3950 1591 4004 si
1665 3947 1783 4018 ipsa
1836 3958 1931 4016 per
1985 3954 2047 4042 se

462 4031 770 4131 composita
825 4055 939 4123 sit,
973 4060 1029 4109 et
1076 4048 1199 4105 sine
1250 4045 1362 4101 ulla
1416 4055 1541 4097 cum
1600 4039 1712 4094 Deo
1766 4031 2048 4105 composi-

462 4154 637 4210 tione.

537 4241 612 4299 Μ.
658 4239 799 4311 Ergo
836 4233 1145 4304 simplicem
1175 4227 1319 4285 dicis
1348 4239 1472 4281 esse
1504 4216 1839 4278 materiam?

534 4333 602 4391 0.
645 4307 873 4389 Minime
924 4324 1231 4393 simplicem
1280 4332 1404 4374 esse
1450 4315 1540 4370 aio
1595 4312 1915 4377 materiam,
1951 4307 2048 4366 sed

465 4428 853 4482 demonstrare
878 4416 1006 4472 volo
1043 4425 1163 4469 eam
1212 4424 1321 4464 non
1352 4421 1480 4464 esse
1506 4405 1717 4475 absque
1754 4402 1916 4457 initio
1948 4415 2051 4457 ne-

467 4529 577 4585 que
605 4513 931 4573 increatam,
968 4514 1030 4561 ut
1066 4511 1122 4557 tu
1156 4502 1260 4567 ais,
1293 4507 1347 4557 et
1382 4513 1493 4555 non
1534 4498 1655 4554 sine
1699 4495 1817 4553 suis
1866 4494 2046 4567 qualio

2139 2024 2234 2078 καὶ
2263 2023 2333 2077 δι’
2358 2016 2435 2077 ὧν
2471 2022 2785 2077 ἀνεκαλέσω
2804 2022 2902 2093 τὴν
2934 2023 3111 2095 τομὴν
3150 2025 3250 2095 τὴν
3293 2024 3576 2089 πολλάκις
3644 2028 3755 2080 (rd

2143 2116 2239 2169 σοῦ
2274 2114 2581 2185 λεχθεῖσαν,
2610 2114 2860 2185 οἰόμενος
2886 2115 3251 2185 ἐκφεύξεσθαι
3277 2116 3382 2185 τῆς
3428 2117 3603 2182 θείας
3648 2120 3751 2172 οὕς

2141 2209 2264 2272 σίας
2284 2207 2383 2278 τὴν
2415 2206 2732 2278 ἀφαίρεσιν,
2765 2206 2877 2259 οὐδ’
2907 2206 3081 2271 οὕτως
3109 2209 3492 2277 ἐκπέφευγας,
3519 2212 3616 2273 εἰς
3641 2211 3752 2276 τὴν

2140 2298 2312 2370 αὐτὴν
2341 2298 2601 2353 ἀσέϐειαν
2620 2298 3076 2370 περιπέπτωκας.
3145 2299 3287 2352 Ἀλλ’
3338 2300 3468 2353 ὅθεν
3512 2300 3749 2370 ὲξὲδην,

2138 2390 2219 2462 τῷ
2249 2390 2393 2462 λόγῳ
2437 2390 2600 2445 πάλιν
2628 2392 2911 2462 ἐπάνειμι.
2953 2390 3271 2461 ’Δπόκριναι
3302 2392 3436 2447 οὖν·
3468 2392 3579 2464 ὕλη
3618 2395 3747 2449 καθ’

2141 2484 2364 2556 ἑαυτὴν,
2396 2483 2523 2538 ἄνευ
2548 2483 2648 2554 τῆς
2669 2483 2810 2556 πρὸς
2828 2483 2963 2539 Θεὸν
2993 2484 3375 2557 συγκράσεως,
3404 2487 3561 2560 ἁπλῆ
3590 2489 3747 2542 ἔστιν

2139 2577 2174 2649 ἢ
2202 2577 2457 2641 σύνθετος
2475 2594 2492 2644 ;

2211 2674 2287 2728 M.
2315 2670 2597 2734 Σύνθετος.

2214 2766 2278 2820 0.
2311 2763 2405 2829 Ἐξ
2427 2762 2616 2818 ἁπλῶν
2647 2761 2705 2816 δὲ
2733 2762 2795 2817 τὺ
2824 2762 3082 2818 σύνθετον
3102 2761 3313 2835 γίνεται
3336 2782 3354 2833 ;

2210 2857 2291 2911 Μ.
2318 2853 2506 2918 Οὕτως
2527 2854 2662 2925 ἔχει.

2210 2949 2277 3004 0.
2311 2947 2573 3001 Είτοίνυν
2598 2946 2854 3012 σύνθετος
2889 2949 2924 3019 ἡ
2947 2946 3071 3020 ὕλη,
3096 2947 3257 3020 δῆλον
3301 2949 3381 3015 ὥς
3445 2949 3560 3004 ὑπό
3592 2969 3741 3017 τινος·

2142 3040 2333 3110 ἑτέρου
2373 3037 2715 3091 συντέθειται
2740 3053 2755 3067 ·
2774 3037 2956 3101 οὐδεὶς
2978 3039 3089 3111 γὰρ
3123 3038 3319 3095 ἑαυτὸν
3346 3040 3495 3114 πρὸς
3538 3042 3738 3096 σύνθε-

2144 3149 2230 3185 σιν
2259 3131 2384 3201 ἄγει
2408 3148 2422 3162 ·
2458 3131 2580 3195 πῶς
2604 3130 2699 3185 οὖν
2725 3131 2818 3201 ὑφ’
2852 3131 3045 3203 ἑτέρου
3086 3133 3421 3199 συντιθεῖσα,
3492 3134 3737 3206 ἄναρχός

2064 3237 2114 3306 c
2142 3226 2325 3293 ὲστιν;
2360 3224 2569 3288 Ἄλλως
2589 3242 2650 3279 τε
2682 3224 2753 3279 τὰ
2786 3224 3122 3291 σύνθετα,ὲκ
3145 3226 3424 3298 διαφόρων
3457 3229 3735 3281 συντέθει-

2142 3333 2255 3384 ται,
2291 3318 2758 3389 προῦπαρχὸντων
2795 3318 2893 3389 μὲν
2921 3317 2998 3381 ὡς
3018 3318 3084 3387 τὸ
3109 3319 3374 3391 ἧλεκτρον
3410 3321 3478 3374 τὺ
3506 3323 3573 3374 ἐκ
3605 3338 3734 3391 χρυ-

2145 3407 2262 3461 σίου
2306 3409 2401 3460 καὶ
2464 3406 2705 3479 ἀργύρου
2777 3407 3030 3463 συντεθέν
3058 3424 3075 3440 ο
3117 3410 3602 3482 συνθεωρούμενον
3656 3412 3732 3476 ὡς

2142 3498 2266 3569 ἥτις
2292 3498 2503 3569 κεφαλὴ
2534 3498 2593 3564 ἐξ
2618 3498 2822 3552 ὀστέων
2850 3500 2944 3554 καὶ
2971 3500 3209 3572 σαρκῶν,
3246 3503 3342 3555 καὶ
3366 3504 3612 3573 ὑμένων,
3638 3505 3730 3558 καὶ

2144 3588 2354 3659 νεύρων
2387 3605 2403 3621 ο
2442 3588 2615 3642 ταῦτα
2643 3587 2753 3660 γὰρ
2784 3589 2900 3660 ἅμα
2920 3590 3153 3671 συνέστη
3185 3590 3422 3663 διάφορα
3450 3592 3609 3655 ὄντα,
3638 3593 3729 3646 καὶ

2143 3680 2399 3750 οὐδαμῶς
2426 3682 2659 3735 ἕκαστον
2688 3681 3006 3754 προϋπέστη
3041 3683 3144 3754 τῆς
3190 3683 3249 3750 ἐξ
3302 3684 3489 3738 αὐτῶν
3544 3701 3726 3738 συντε-

2146 3773 2337 3845 θείσης
2380 3773 2657 3843 κεφαλῆς·
2712 3775 2746 3844 ἡ
2788 3772 2892 3845 ὕλη
2951 3771 3047 3829 οὖν
3079 3777 3131 3829 εί
3173 3774 3434 3839 σύνθετός
3472 3776 3728 3841 ὲστι,καὶ

2146 3862 2285 3934 αὕτη
2336 3864 2521 3916 ούκέτι
2581 3863 2737 3919 ἔσται
2799 3867 2898 3937 μία
2942 3867 3110 3939 ἀρχὴ,
3142 3868 3279 3923 ἀλλὰ
3320 3870 3457 3923 πολὺ
3488 3870 3724 3933 πλείους.

2146 3957 2286 4027 αὑτὴ
2320 3956 2445 4010 καθ’
2474 3957 2675 4029 ἑαυτὴν
2708 3957 2967 4023 σύνθετος
2993 3956 3132 4016 οὖσα
3160 3962 3256 4017 καὶ
3286 3962 3419 4017 ἄνευ
3467 3963 3572 4035 τῆς
3596 3963 3727 4035 πρὸς

2147 4049 2281 4104 Θεὸν
2311 4048 2635 4113 συνθέσεως.

2218 4243 2297 4298 Μ.
2344 4242 2550 4314 Ἀπλῆν
2569 4243 2662 4300 οὖν
2696 4243 2801 4317 φὴς
2833 4241 2973 4300 εῖναι
3004 4246 3104 4319 τὴν
3131 4246 3263 4319 ὓλην
3291 4265 3307 4316 ;

2219 4336 2282 4388 0.
2309 4333 2439 4405 Οὑχ⁸
2470 4333 2650 4405 ἁπλῆν
2670 4331 2812 4389 εἷναι
2838 4335 2984 4407 λέγω
3012 4337 3112 4409 τὴν
3146 4337 3303 4409 ὕλην,
3358 4338 3500 4393 ἀλλὰ
3526 4331 3725 4395 δεικνύ-

2148 4442 2239 4480 ναι
2266 4424 2591 4497 βουλόμενος
2613 4426 2695 4480 ὅτι
2733 4426 2834 4482 οὐκ
2853 4428 3089 4500 ἄναρχός
3117 4430 3289 4497 ἐστιν,
3317 4429 3439 4484 οὐδὲ
3473 4432 3722 4504 ἀγένητος

2149 4515 2229 4581 ὡς
2280 4516 2345 4569 σὺ
2385 4518 2532 4589 φής·
2571 4518 2666 4571 καὶ
2701 4519 2785 4573 ὅτι
2827 4520 2928 4574 σὺν
2977 4522 3100 4584 ταῖς
3150 4520 3436 4593 ποιότησιν
3488 4524 3590 4577 ὑπὸ
3636 4525 3720 4577 τοῦ

468 4606 678 4663 tatibus
716 4618 746 4657 a
778 4601 888 4657 Deo
921 4598 1095 4655 fuisse
1123 4594 1451 4667 productam
1483 4609 1498 4646 :
1533 4589 1899 4662 qualitatibus
1925 4588 2042 4660 ejus

2152 4585 2498 4677 Δημιουργοῦ
2533 4609 2794 4680 παρήχθη
2825 4627 2840 4641 σ
2879 4609 2991 4663 τῶν
3033 4611 3163 4681 περὶ
3199 4585 3370 4683 αὐτην
3434 4615 3713 4685 ποιοτήτωι

468 4712 687 4769 semper
719 4693 1087 4756 variantibus,
1117 4688 1352 4758 aliisque
1383 4700 1510 4741 cum
1539 4682 1664 4739 aliis
1694 4682 2045 4753 permutatis.

470 4798 637 4863 prout
669 4789 848 4857 ipsius
880 4784 1123 4842 creatori
1160 4781 1272 4838 Deo
1301 4777 1591 4851 placuerit.
1643 4774 1780 4831 Nam
1813 4776 1861 4831 si
1899 4785 2049 4832 esset

469 4886 698 4955 simplex
733 4921 749 4944 ,
782 4877 1058 4952 quomodo
1113 4890 1180 4931 ex
1221 4887 1335 4929 uno
1387 4869 1652 4941 simplici,
1683 4867 1913 4924 materia
1964 4868 2050 4922 in-

469 4990 657 5046 quam,
690 4967 1000 5041 composita
1054 4965 1247 5021 tierent
1281 4960 1559 5033 corpora?
1587 4956 1875 5025 Quomodo
1922 4957 2049 5012 item

468 5068 525 5124 iu
563 5080 674 5120 uno
730 5058 996 5131 simplici,
1037 5054 1269 5111 materia
1314 5052 1568 5117 scilicet,
1617 5050 1729 5104 duo
1775 5049 2057 5103 contraria

469 5151 966 5226 deprehendimus,
997 5144 1418 5219 generationem
1478 5150 1531 5197 et
1597 5139 2059 5210 corruptionem?

468 5245 633 5314 Quod
663 5245 711 5300 si
741 5258 812 5301 ex
854 5241 975 5313 ipsa
1004 5245 1133 5295 sunt
1187 5249 1422 5305 corpora
1449 5272 1465 5297 ,
1506 5231 1700 5288 eadem
1733 5245 1954 5301 quoque
1988 5245 2056 5285 ex

470 5354 529 5397 se
569 5338 689 5409 ipsa
743 5347 947 5405 corpus
974 5330 1085 5387 erit
1129 5347 1144 5384 :
1197 5341 1323 5381 nam
1379 5323 1530 5394 quod
1570 5329 1655 5378 est
1706 5322 1953 5393 genitum
1988 5337 2052 5378 ex

470 5430 657 5502 aliquo
705 5439 961 5497 corpore,
1011 5422 1191 5492 ipsum
1232 5431 1453 5489 quoque
1498 5428 1706 5485 corpus
1754 5423 1860 5470 est.
1900 5415 2060 5486 ιοθ

470 5520 630 5588 Quod
666 5519 713 5576 si
742 5531 947 5589 corpus
979 5510 1210 5569 materia
1239 5515 1345 5575 est,
1385 5520 1518 5578 ergo
1546 5505 1872 5576 composita.
1899 5504 2058 5572 Quod

458 5613 521 5681 si
555 5609 899 5681 composita,
943 5621 1054 5662 non
1110 5611 1196 5660 est
1239 5601 1524 5665 increata,
1568 5603 1629 5653 ut
1667 5597 1771 5653 fuit
1825 5599 2053 5654 demon-

474 5709 735 5761 stratum.

545 5866 560 5897 ¹
593 5861 754 5918 Joan.
791 5874 901 5928 ιιν,
935 5858 1023 5915 Η.
1108 5861 1127 5890 ⁸
1157 5855 1316 5912 Joan.
1348 5871 1463 5924 xvi,
1509 5853 1596 5909 15.
1684 5852 1704 5884 ³
1734 5850 1892 5906 Joan.
1929 5865 1967 5918 ι,
1997 5847 2081 5907 ll.

2140 4690 2563 4769 ’ἀλλαττομένων
2590 4699 2679 4755 ἀεὶ
2710 4703 2805 4755 καὶ
2845 4700 3303 4771 μεταϐαλλουσῶν
3332 4703 3505 4774 ἄλλης
3533 4707 3611 4768 εἰς
3636 4705 3717 4759 ἄλ-

2149 4789 2250 4860 λην
2280 4791 2408 4845 ὅταν
2435 4792 2751 4863 παρασταίη
2804 4792 2884 4863 τῷ
2928 4793 3104 4849 ταῦτα
3138 4796 3520 4867 παραγαγόντι
3570 4797 3679 4868 Θεῷ
3703 4814 3715 4827 '

2151 4884 2201 4935 εἰ
2237 4881 2349 4955 γὰρ
2382 4882 2589 4949 ἁπλοῦς
2627 4885 2767 4951 ἐστι,
2815 4886 2935 4951 πῶς
2988 4887 3050 4953 ἐξ
3090 4889 3209 4952 ἑνὸς
3240 4888 3441 4955 ἁπλοῦ,
3480 4889 3622 4960 φημὶ
3661 4890 3716 4959 δὴ

2151 4979 2251 5049 τῆς
2293 4975 2449 5050 ὖλης,
2493 4978 2564 5032 τὰ
2608 4979 2837 5033 σύνθετα
2873 4980 3065 5051 γέγονε
3116 4982 3385 5053 σῶματας
3417 4984 3545 5047 Πῶς
3588 4983 3642 5037 δὲ
3668 4986 3714 5037 ἐν

2152 5068 2232 5139 τῷ
2262 5070 2343 5123 ἐνὶ
2380 5070 2554 5141 ἁπλῷ,
2592 5074 2660 5143 τῇ
2688 5072 2808 5147 ὕλῃ,
2844 5073 2939 5127 δύο
2986 5074 3206 5131 ἐναντία
3249 5076 3598 5146 εὑρίσκομεν,
3638 5076 3715 5143 γέο

2150 5162 2297 5217 νεσίν
2338 5179 2398 5215 τε
2445 5164 2540 5217 καὶ⁹
2584 5163 2792 5236 φθοράν
2826 5182 2841 5231 ;
2884 5165 2945 5220 Εί
2979 5166 3038 5220 δὲ
3077 5166 3134 5233 ἐξ
3167 5165 3340 5236 αὐτῆς
3370 5166 3443 5220 τὰ
3490 5165 3713 5238 σώματα.

2152 5255 2311 5325 σῶμα
2337 5255 2396 5322 ἒξ
2426 5255 2597 5327 αὐτῆς
2624 5258 2719 5311 καὶ
2745 5256 2883 5330 αὕτη
2912 5258 3065 5312 ἔσται
3095 5275 3110 5289 ⁶
3152 5259 3212 5312 τὸ
3233 5261 3343 5329 γὰρ
3373 5258 3715 5329 γεγενημένον

2157 5348 2221 5403 ἐκ
2248 5365 2394 5412 τινος
2427 5348 2701 5421 σώματος,
2726 5351 2890 5423 σῶμα
2918 5353 3158 5423 ὑπάρχει
3185 5368 3201 5384 ·
3230 5353 3280 5404 εί
3298 5351 3355 5404 δὲ
3372 5352 3532 5422 σῶμα
3553 5354 3583 5421 ἡ
3606 5347 3713 5418 ὕλη,

2158 5437 2253 5491 καὶ⁵
2297 5434 2554 5502 σύνθετος
2583 5455 2598 5470 ο
2634 5438 2891 5503 σύνθετος
2944 5440 3004 5495 δὲ
3045 5441 3415 5512 τυγχάνουσα,
3450 5441 3549 5494 οὐκ
3589 5439 3717 5492 ἐστιν

2160 5527 2444 5601 ἀγένητος,
2476 5528 2553 5596 ὡς
2587 5530 2988 5587 ἀποδέδεικται.
