3876 6336
74 431 285 502 1325
765 449 1007 513 JOANN
1018 453 1087 513 IS
1122 456 1571 521 ORTHODOXI
1622 464 2082 534 DISPUTATIO
2121 478 2279 539 CUM
2321 483 2758 552 MANICH/EU.

195 551 287 604 Μ.
327 550 500 604 Πόθεν
544 547 635 607 οὖν
670 557 813 609 νόσοι
851 561 944 611 καὶ
974 561 1217 631 θάνατοι,
1256 569 1351 620 καὶ
1395 570 1463 623 τὰ
1494 572 1719 627 τοιαῦτα
1752 586 1795 639 Α
1897 580 1966 634 Μ.
2012 582 2299 642 Undenant
2332 606 2394 644 er

70 639 184 692 τὰ
238 642 390 695 κακά
416 659 430 707 ;
455 642 515 694 Εί
550 644 656 714 γάρ
690 647 765 716 μὴ
814 649 872 715 ἐξ
899 650 1032 719 ὕλης
1058 655 1297 726 άνάρχου
1330 660 1425 713 καὶ
1455 662 1621 734 ἁγενή

78 731 223 783 καὶ
245 732 411 801 φύσει
434 734 615 805 κακῆς
632 738 807 792 ταῦτα

73 820 228 891 τῆς
255 821 471 877 τούτων
504 826 799 894 γενέσεως.

181 914 261 966 0.
300 914 367 965 Τί
405 914 515 985 γὰρ
547 917 701 971 κακὰ
723 919 966 991 νομίζεις
992 923 1092 988 τάς
1122 926 1314 992 νόσους
1345 929 1440 983 καὶ
1480 931 1571 985 τὸν
1622 931 1718 987 θά-

78 1021 335 1071 νατον;
371 1008 567 1061 Καίτοι
611 1007 842 1075 θάνατος
888 1014 987 1083 μὲν
1018 1016 1297 1090 ἐλευθεροῖ
1337 1022 1432 1074 τοῦ
1466 1022 1717 1094 σώματος

80 1096 225 1166 τὴν
278 1097 484 1170 ψυχὴν.
529 1102 624 1153 καὶ
661 1092 757 1156 τοῦ
792 1104 994 1177 δεσμοῦ
1022 1109 1122 1178 τῆς
1169 1109 1302 1181 ὕλης
1335 1092 1667 1169 ἀπαλλάττει
1698 1134 1711 1147 ’

80 1190 284 1251 νόσος
312 1191 369 1243 δὲ
414 1192 577 1246 πάλιν
609 1195 765 1265 τήκει
808 1197 869 1250 τὸ
918 1198 1100 1269 σῶμα,
1133 1203 1322 1275 ὥσπερ
1368 1207 1431 1259 σὺ
1475 1208 1714 1279 νομίζεις

83 1279 291 1349 σῶμα
337 1283 508 1336 κακὸν
568 1285 813 1357 ὑπάρχον
842 1304 856 1318 ·
892 1289 1154 1355 πολλάκις
1186 1294 1244 1347 δὲ
1290 1297 1387 1350 καλ⁵
1438 1298 1714 1370 ἁμαρτίας

79 1374 376 1443 ἐνεργεῖν
407 1375 607 1430 κωλύει
631 1381 664 1449 ἠ
683 1381 857 1445 νόσος,
888 1382 954 1446 ἃς
982 1384 1221 1457 ἔπραξεν
1264 1387 1329 1442 ἂν
1368 1390 1397 1441 ὁ
1422 1392 1613 1458 νοσῶν,
1663 1397 1711 1449 εἰ

83 1464 187 1535 μὴ
224 1469 300 1537 τῇ
330 1467 470 1537 νόσῳ
504 1471 806 1539 πεπήδετο·
826 1472 1002 1539 ἄλλως
1030 1492 1091 1528 τε
1121 1477 1418 1550 ἀπόκριναί
1450 1499 1541 1552 μοι
1575 1501 1709 1538 πυν-

79 1556 427 1629 θανομένῳ,
445 1560 528 1613 δεῖ
558 1561 656 1633 τὴν
683 1564 883 1618 κακίαν
913 1569 1093 1637 μισεῖν
1125 1585 1140 1634 ;
1199 1569 1205 1573 ’

172 1651 268 1704 Μ.
309 1651 436 1705 Ναί.

64 1776 71 1782 ς
114 1752 131 1789 t
170 1746 251 1795 υ.
277 1742 404 1806 Πῶς
419 1737 514 1797 οὗν
528 1744 753 1816 ταύτην,
771 1748 838 1817 ἢν
858 1752 1039 1819 μισεῖν
1062 1755 1400 1822 προσποιεῖς,
1435 1757 1707 1826 μεγίστως

74 1834 283 1904 τιμᾷς
321 1850 337 1898 ;
374 1835 565 1905 ὁμοίαν
605 1838 775 1909 αὐτὴν
801 1840 978 1908 λέγων
1007 1841 1085 1913 τῷ
1123 1843 1314 1916 ἀγαθῷ
1343 1844 1489 1920 Θεῷ,

75 1940 155 1977 τε
198 1925 309 1978 καὶ
338 1925 575 1997 ἄναρχον
604 1928 699 1982 καὶ
723 1930 1010 2002 ἀγένητον.

166 2018 258 2073 Μ.
317 2020 433 2091 υὺχ
486 2022 681 2091 ὁμοίαν
714 2025 885 2092 αὐτὴν
917 2026 1185 2098 ποιοῦμεν
1221 2027 1298 2099 τῷ
1326 2028 1514 2102 ἀγαθῷ
1544 2031 1696 2102 Θεῷ*

78 2109 338 2181 οἴδαμεν
366 2112 477 2183 γὰρ
502 2113 594 2167 τὸν
614 2113 748 2167 Θεὸν
768 2116 859 2168 τὸν
882 2116 1130 2185 ὕψιστον,
1157 2121 1384 2188 ἀγαθὸν,
1413 2124 1697 2191 φωτοειδῆ,

80 2203 537 2275 παντοκράτορα
568 2220 582 2234 ⁸
616 2206 665 2256 εί
706 2208 800 2259 καὶ
828 2206 1064 2279 ἄναρχος
1102 2205 1197 2264 οὖν
1230 2213 1263 2282 ἡ
1322 2214 1513 2277 κακία,
1563 2214 1699 2268 ἀλλὰ

81 2294 247 2349 πολῦ
279 2294 375 2348 τοῦ
415 2294 550 2348 Θεοῦ
587 2296 824 2352 ἀποδέει.

3262 502 3398 569 1326

2396 608 2465 662 go
2501 596 2709 664 morbi,
2742 608 2797 654 et
2835 611 3041 659 mortes
3066 647 3079 671 ,
3112 617 3165 664 et
3213 612 3405 684 hujus.

1624 681 1719 717 του
1823 678 2038 729 eemodi
2070 680 2253 732 mala?
2288 681 2421 737 Nam
2470 688 2515 741 si
2552 691 2666 744 haec
2728 706 2796 748 ex
2842 698 3076 752 materia
3124 701 3282 759 initio
3312 721 3407 762 ea-

842 743 1122 812 τυγχάνει,
1157 746 1187 797 ὁ
1214 748 1346 811 Θεὸς
1371 750 1542 816 αἴτιος
1567 753 1672 807 ἔστι

1826 776 2002 832 rente,
2036 769 2306 835 increata,
2338 784 2392 829 et
2423 786 2618 849 suapte
2660 793 2859 839 natura
2896 787 3092 846 vitiosa
3120 809 3228 850 non
3252 808 3401 863 sunt.

1823 855 1968 912 Deus
2001 859 2196 915 horum
2234 878 2399 920 causa
2430 869 2556 924 erit.

1892 947 1959 1002 0.
2002 949 2113 1004 Cur
2160 969 2295 1009 vero
2342 964 2398 1009 tu
2440 960 2580 1014 tnala
2612 976 2738 1019 esse
2766 964 3019 1035 iudicas,
3062 977 3285 1033 morbos
3338 996 3402 1035 ac

1822 1040 2097 1093 mortem?
2139 1041 2287 1098 Mors
2320 1057 2473 1102 certe
2498 1051 2741 1107 animam
2772 1070 3004 1128 corpore
3032 1062 3250 1131 liberat,
3288 1082 3341 1124 et
3371 1091 3401 1126 ει

1822 1132 2070 1187 materiae
2099 1135 2323 1191 vinculo
2362 1140 2529 1195 solvit
2558 1159 2572 1195 :
2612 1146 2837 1203 morbus
2866 1149 2997 1206 itent
3030 1170 3233 1227 corpus
3262 1176 3399 1217 con-

1819 1221 2026 1285 sumit,
2078 1224 2229 1293 quod
2288 1237 2343 1281 tu
2403 1245 2610 1302 corpus
2667 1236 2872 1292 malum
2923 1256 3050 1298 esse
3093 1251 3398 1310 existimas.

1818 1305 1974 1379 Saepe
2006 1313 2172 1367 etiam
2208 1328 2435 1385 peccata
2455 1322 2801 1381 committere
2842 1332 3101 1398 prohibet
3150 1342 3396 1407 morbus,

1818 1414 1942 1469 qua;
1970 1402 2165 1472 utique
2196 1421 2342 1477 aeger
2372 1409 2710 1476 admisisset,
2742 1418 2847 1473 nisi
2878 1424 3074 1480 morbo
3104 1427 3397 1499 impedire-

1818 1503 1929 1546 tur.
1958 1494 2179 1565 Alioqui
2232 1501 2504 1569 responde
2539 1505 2672 1561 mihi
2737 1527 2750 1562 :
2794 1522 3082 1582 oportetne
3131 1494 3397 1582 malitiam

1814 1584 2000 1642 odisse
2024 1587 2048 1641 ?

1884 1673 1956 1729 M.
2002 1674 2143 1734 Vero
2179 1679 2428 1752 inquam.

1885 1765 1951 1821 0.
1993 1767 2107 1824 Cur
2135 1787 2268 1844 ergo
2303 1776 2468 1844 hanc,
2498 1797 2665 1853 quam
2708 1787 2895 1846 odisse
2920 1793 3178 1864 simulas,
3218 1803 3394 1872 pluris-

2514 1848 2531 1853 _
2932 1848 2937 1849 ,
3016 1848 3178 1864 ψη,

1531 1848 1707 1903 ἀΐδιόν
1738 1932 1777 1965 n
1813 1871 1960 1911 mum
1997 1859 2279 1920 honorns?
2312 1868 2440 1924 dum
2471 1888 2591 1928 eam
2625 1876 2861 1936 similem
2893 1884 3037 1943 dicis
3068 1889 3212 1947 bono
3241 1894 3349 1951 Deo
3372 1936 3392 1965 ,

1738 1932 1777 1985 Β
1804 1948 2197 2016 sempiternam
2232 1964 2395 2025 atque
2430 1959 2754 2022 increatam.

1878 2036 1947 2093 M.
1986 2039 2142 2123 Haud
2187 2045 2425 2133 similem
2458 2067 2577 2133 eam
2629 2056 2865 2133 iacimus
2890 2062 3041 2133 bono
3090 2068 3201 2127 Deo
3236 2094 3249 2128 ε
3287 2094 3390 2133 no-

1803 2106 1985 2163 vimus
2030 2114 2180 2166 enim
2241 2116 2412 2171 Deum
2472 2106 2838 2194 altissimum,
2887 2106 3391 2204 batil‘l'tttuf‘i'nllllllze

1800 2207 2622 2278 versantem,omnipotentem.
2670 2216 2997 2290 Quanquam
3041 2227 3211 2299 igitur
3256 2239 3388 2294 abs-

1802 2302 1911 2356 que
1966 2290 2126 2347 initio
2182 2305 2269 2350 est
2324 2300 2578 2366 malitia,
2630 2315 2875 2364 attamen
2949 2290 3114 2389 longe
3159 2322 3388 2382 inferior

1802 2378 1913 2435 Deo
1956 2390 2063 2437 est.

1868 2470 1933 2525 0.
1977 2472 2204 2533 Nescire
2250 2479 2490 2549 videris,
2536 2486 2878 2561 bonitatem,
2927 2503 2981 2552 et
3023 2498 3206 2559 lumen
3266 2505 3385 2575 Dei,

1798 2565 2010 2621 sanctis
2056 2571 2265 2640 angelis
2320 2589 2543 2647 quoque
2590 2584 2860 2656 nobisque
2891 2588 3207 2655 hominibus
3253 2602 3384 2659 doni

1797 2652 1975 2711 instar
2013 2665 2448 2736 communicari;
2493 2673 2590 2727 sed
2642 2652 2825 2733 tamen
2858 2684 3005 2753 quod
3051 2688 3252 2747 divina:
3278 2710 3381 2750 na-

1798 2757 1934 2804 tura:
1966 2751 2486 2815 characteristieum
2518 2776 2623 2832 est,
2660 2776 2719 2821 ut
2745 2771 2820 2825 sit
2850 2751 3045 2847 nempe
3074 2779 3220 2839 Deus
3249 2789 3378 2843 abs-

1795 2854 1906 2909 que
1946 2842 2107 2899 initio
2141 2855 2195 2901 et
2253 2849 2570 2922 ingenitus,
2613 2858 2665 2911 id
2712 2861 2764 2915 in
2795 2864 2906 2920 alio
2938 2871 3155 2928 nemine
3189 2876 3380 2933 obser-

1796 2933 1937 2986 vari.
1972 2933 2130 2999 Quod
2166 2940 2214 2992 si
2254 2951 2311 2994 tu
2367 2946 2597 3002 malitia:
2634 2953 2896 3012 attribuis
2932 2974 3055 3028 qua:
3096 2966 3379 3038 principa-

1796 3024 1923 3081 liter
1955 3029 2339 3102 prtecipueqtte
2381 3038 2836 3101 characteristica
2892 3049 3093 3108 divinae
3165 3067 3380 3117 naturae

1794 3124 1946 3183 sunt,
2013 3121 2205 3189 quidni
2251 3124 2365 3181 hate
2401 3130 2521 3196 pari
2576 3147 2700 3187 cum
2738 3136 2850 3192 Deo
2884 3140 3097 3199 honore
3134 3150 3250 3203 sit?
3285 3153 3379 3209 Dic

1793 3210 1923 3264 item
1966 3214 2100 3267 mihi
2133 3218 2487 3285 quandonam
2520 3227 2954 3296 omnipotentem
3001 3235 3170 3293 Deum
3203 3225 3379 3300 fuisse

1794 3301 2063 3369 aﬂirmes,
2122 3310 2394 3378 siquidem
2463 3324 2515 3371 te
2561 3318 2748 3384 judice
2793 3326 3033 3382 nondum
3088 3337 3373 3391 materiam

1790 3392 2020 3464 ejusque
2047 3397 2281 3456 elTet-tus
2308 3409 2633 3475 superavit?

166 2472 244 2527 0.
287 2474 514 2537 Ἔοικας
549 2475 766 2545 ἀγνοεῖν
796 2477 880 2531 ὅτι
928 2477 990 2532 τὸ
1022 2480 1231 2548 ἀγαθὸν
1260 2482 1355 2536 καὶ
1409 2480 1698 2552 φωτοειδὲς

80 2562 196 2618 τοῦ
231 2564 370 2617 Θεοῦ
402 2567 496 2618 καὶ
523 2567 603 2630 είς
630 2568 757 2631 τοὺς
796 2570 986 2637 ἁγίους
1010 2573 1296 2641 ἀγγέλους,
1321 2575 1417 2628 καὶ
1449 2578 1529 2640 είς
1550 2577 1697 2648 ἡμᾶς

83 2656 232 2718 τοὺς
271 2656 619 2728 ἀνθρώπους,
652 2661 771 2732 ἦτοι
799 2664 1071 2734 χάρισμα,
1129 2665 1327 2735 φθάνει
1376 2684 1389 2697 ·
1428 2669 1458 2721 ὃ
1510 2669 1694 2740 μέντοι

82 2748 197 2819 τῆς
239 2749 394 2814 θείας
422 2750 639 2820 φύσεώς
684 2755 802 2808 ἐστι
830 2761 1331 2830 χαρακτηριστικὸν
1360 2762 1431 2814 τὸ
1458 2762 1695 2835 ἄναρχον

82 2840 193 2893 καὶ
231 2840 522 2911 ἀγένητον,
553 2843 713 2898 τοῦτο
766 2847 824 2898 ὲν
852 2847 1029 2901 οὐδενὶ
1055 2849 1166 2903 τῶν
1209 2850 1385 2906 ἄλλων
1408 2854 1691 2924 ὲνθεωρεί-

81 2946 185 2984 ται
218 2948 235 2962 ’
269 2931 404 2985 εἰδὲ
451 2936 519 3005 τῇ
555 2936 723 3007 κακίᾳ
775 2937 931 3003 δίδως
959 2939 1028 2992 τὰ
1070 2941 1279 3010 κυρίως
1334 2944 1430 2998 καὶ
1460 2944 1693 3015 πρώτως

83 3026 583 3093 χαρακτηριστικὰ
614 3030 713 3098 τῆς
746 3027 899 3093 θείας
928 3030 1165 3099 φύσεως,
1209 3034 1328 3098 πῶς
1357 3035 1456 3106 οὐχ
1505 3036 1690 3106 ὁμότι-

86 3128 198 3178 μος
220 3111 382 3165 ἔσται
412 3113 491 3183 τῷ
520 3114 641 3185 Θεῷ
670 3134 684 3181 ;
723 3118 861 3171 Εἰπὲ
887 3119 945 3173 δέ
994 3137 1087 3189 μοι
1124 3122 1230 3175 ποῦ
1276 3124 1692 3196 παντοκράτορα

83 3199 289 3270 λέγεις
318 3202 409 3255 τὸν
443 3203 600 3281 Θεὸν,
634 3207 687 3258 εί
706 3224 769 3274 γε
805 3208 948 3263 κατὰ
974 3209 1055 3263 ησὲ
1084 3212 1184 3283 τῆς
1207 3211 1342 3284 ὕλης
1371 3215 1467 3267 καλ¹
1493 3216 1603 3269 τῶν
1630 3216 1689 3284 ἑξ

84 3294 279 3365 αὐτῆς
308 3292 462 3347 οὔπω
488 3278 830 3367 κεκράτηκεν
861 3316 878 3366 ;
1138 3278 1152 3283 ⁷
1296 3278 1307 3284 ’
1670 3278 1687 3284 ⁷
1717 3283 1757 3340 c

161 3470 242 3528 Μ,
320 3470 460 3524 Ἀλλ’
495 3471 648 3526 ἔσται
682 3475 872 3547 καιρὸς
900 3477 989 3531 ὅτε
1022 3479 1117 3533 καὶ
1144 3482 1316 3552 αὐτῆς
1345 3484 1631 3556 κρατήσει.

163 3648 229 3701 0.
269 3647 479 3700 Οὐκοῦν
516 3648 672 3702 οὔπω
729 3651 823 3704 νῦν
880 3655 1276 3731 παντοκράτωρ
1331 3659 1502 3726 ἐστὶν,
1561 3661 1684 3715 ἐπεὶ

88 3738 249 3793 οὔπω
290 3741 598 3811 κεκράτηκε
636 3742 738 3813 τῆς
793 3744 964 3798 ἀϊδίου
1009 3748 1160 3819 αὐτῷ
1204 3751 1468 3821 συνούσης
1509 3752 1641 3823 ὕλης
1665 3770 1679 3785 ο

90 3831 327 3904 ὕστερον
350 3832 407 3887 δὲ
438 3834 467 3887 ὃ
495 3834 570 3905 μὴ
595 3834 690 3889 νῦν
718 3836 853 3906 ἔχει,
888 3844 1322 3914 προσγενήσεται
1354 3844 1503 3914 αὑτῷ
1542 3846 1680 3899 κατὰ

93 3924 155 3976 σέ
176 3942 190 3955 ·
209 3926 441 3997 δυνάμει
464 3927 573 3997 γάρ
602 3925 697 3981 νῦν
731 3933 1128 4004 παντοκράτωρ
1150 3935 1431 4005 ὑπάρχων,
1454 3935 1680 4006 ὕστερον

92 4014 347 4088 ἐνέργεια
367 4019 672 4088 γενήσεται,
695 4018 755 4083 ἐξ
784 4021 987 4085 ἁπλοῦς
1008 4024 1088 4087 είς
1108 4022 1421 4094 τελειότητα
1450 4027 1679 4095 ἐρχόμεο

94 4125 203 4174 νος.
252 4108 565 4181 Ἀπόκριναί
595 4130 686 4183 μοι
734 4114 851 4177 πῶς
879 4113 974 4168 νῦν
993 4116 1091 4169 οὐκ
1117 4116 1231 4170 ἔστι
1258 4121 1674 4190 παντοκράτωρ,

91 4200 167 4264 ὼς
204 4202 284 4272 μὴ
327 4202 645 4273 δυνάμενος,
678 4204 711 4274 ἢ
742 4205 818 4267 ὡς
872 4205 948 4277 μὴ
976 4206 1338 4277 βουλόμενος;
1374 4211 1438 4263 Ei
1473 4211 1574 4283 μὲν
1600 4211 1676 4273 ὼς

98 4293 172 4363 μὴ
217 4293 536 4363 δυνάμενος,
590 4293 709 4359 πῶς
744 4296 882 4360 ὅλως
935 4300 1335 4371 παντοκράτωρ
1369 4319 1384 4367 ;
1422 4302 1530 4372 χρὴ
1566 4302 1674 4373 γὰρ

92 4380 231 4438 εἶναι
274 4386 688 4459 παντοκράτορα
745 4390 833 4442 ἀεὶ
861 4430 878 4455 ,
914 4392 1012 4445 καὶ
1054 4393 1495 4464 παντοδύναμον·
1539 4397 1588 4448 εί
1615 4395 1674 4449 δὲ

93 4469 166 4536 ὡς
196 4476 272 4545 μὴ
304 4476 649 4548 βουλόμενος,
698 4480 916 4551 πρῶτον
947 4483 1046 4553 μὲν
1082 4483 1365 4553 βασκαίνει
1393 4488 1461 4556 τῇ
1494 4503 1670 4556 σωτη-

98 4565 187 4634 ρίᾳ
216 4566 321 4619 τῶν
342 4568 670 4638 ἀνθρώπων,
696 4571 889 4626 ἔπειτα
920 4574 976 4627 δὲ
1009 4577 1101 4628 καὶ
1135 4578 1309 4641 αἴτιος
1333 4578 1436 4649 τῆς
1470 4579 1667 4644 κακίας

99 4657 430 4726 εὑρίσκεται·
461 4660 761 4732 δυνάμενος
795 4665 912 4735 μὲν,
943 4666 1018 4737 μὴ
1053 4668 1374 4740 βουλόμενος
1407 4672 1462 4725 δὲ
1496 4672 1667 4741 αὐτὴν

97 4746 319 4804 ἀνελεῖν.

165 4920 236 4974 Μ.
268 4925 433 4979 Πόθεν
472 4928 567 4982 οὖν
595 4930 661 4984 τά
696 4933 841 4986 κακά
870 4951 885 4999 ;

165 5014 224 5067 0.
256 5017 363 5070 Οὐκ
410 5021 705 5096 ἀκολουθίᾳ.
757 5028 863 5079 τινὶ
893 5028 1149 5098 λογικῇή
1190 5027 1459 5101 ἐρώτησις
1511 5030 1665 5101 παΡά

103 5100 189 5153 σοῦ
221 5108 537 5181 γεγένηται·
562 5114 667 5185 χρὴ
692 5117 800 5186 γὰρ
837 5118 1036 5171 εἰδέναι
1075 5122 1123 5171 εἰ
1163 5119 1280 5172 ἔστι
1329 5100 1518 5186 κακὸν,
1569 5100 1664 5176 καὶ

99 5189 150 5244 τί
182 5196 289 5251 ἐστι
316 5203 488 5257 κακόν
519 5218 532 5231 ⁸
557 5206 657 5260 εἴθ’
685 5206 826 5261 οὕτω
860 5207 1095 5280 ζητῆσαι
1128 5211 1292 5266 πόθεν
1323 5214 1661 5270 συνίσταται.

165 5374 236 5429 Μ.
258 5378 410 5434 Οὕτω
445 5381 796 5456 ζητήσωμεν.

166 5470 225 5522 0.
254 5471 368 5526 Τῶν
402 5475 571 5530 ὄντων
600 5478 672 5530 τά
703 5478 803 5548 μὲν
837 5478 987 5535 ἔστιν
1018 5481 1196 5548 οὐσία,
1224 5484 1294 5539 τά
1328 5485 1389 5538 δὲ
1417 5486 1656 5556 ποιότης,

101 5556 163 5609 τὰ
184 5556 237 5612 δὲ
263 5563 526 5637 ἐνέργεια.
563 5570 672 5622 Καὶ
693 5570 849 5623 οὐσία
885 5571 984 5641 μέν
1018 5574 1164 5627 ἐστιν
1206 5574 1338 5642 ἐγὼ,
1373 5576 1435 5629 σύ
1463 5595 1476 5607 ·
1511 5578 1670 5660 ποιόοῆ

100 5659 186 5716 της
200 5688 215 5713 ο
243 5654 442 5724 λευκὸν,
478 5660 664 5730 μέλαν,
695 5662 889 5731 γλυκὺ,
921 5664 1136 5734 πικρὸν,
1182 5667 1277 5719 καὶ
1308 5668 1409 5722 ὅσα
1434 5669 1659 5724 τοιαῦτα

90 5735 140 5787 έν
165 5740 540 5820 ὑποκειμένοις
593 5752 807 5824 σώμασι
851 5756 1201 5827 θεωρούμενα
1236 5777 1247 5788 ·
1287 5760 1657 5834 ἐπιτηδειότης

90 5825 159 5899 δέ.
186 5841 322 5911 πρὸς
345 5844 410 5915 ἢν
432 5845 718 5915 πεφύκασι
756 5848 823 5902 τὰ
848 5825 1109 5918 γεγονότα
1165 5851 1393 5925 σώματα
1431 5854 1655 5927 δυνάμει

1860 3483 1934 3539 Μ.
1996 3486 2104 3544 Sed
2168 3501 2385 3566 tempus
2444 3501 2659 3565 aderit,
2719 3519 2842 3560 cum
2902 3507 3077 3579 ipsam
3140 3530 3368 3586 supera-

1788 3574 1884 3630 bit.

1856 3666 1921 3724 0.
1979 3670 2122 3744 Ergo
2176 3678 2424 3757 nondum
2478 3687 2829 3757 omnipotens
2863 3702 2979 3758 est,
3030 3698 3159 3767 quia
3204 3716 3368 3757 coex-

1782 3757 2075 3817 sistentem
2132 3768 2182 3820 ei
2229 3774 2518 3826 materiam
2568 3782 2817 3835 nondum
2867 3757 3151 3855 superavit
3202 3810 3215 3844 :
3269 3797 3365 3849 sed

1785 3862 1976 3917 postea
2017 3858 2164 3922 quod
2218 3876 2369 3914 nunc
2412 3858 2520 3917 non
2560 3866 2749 3931 habet,
2787 3873 2836 3926 ei
2898 3882 3275 3946 superveniet,
3305 3894 3361 3941 te

1777 3939 1971 4008 judice
2003 3963 2017 3998 :
2056 3963 2206 4001 nunc
2282 3953 2430 4006 enim
2464 3956 2631 4012 insita
2684 3970 2894 4017 tantum
2938 3968 3145 4024 virtute
3175 3976 3357 4029 omni-

1781 4043 1981 4099 petens
2018 4044 2120 4099 est,
2150 4048 2342 4107 postea
2379 4054 2433 4097 et
2480 4055 2602 4101 actu
2647 4052 2774 4106 talis
2824 4055 2959 4120 erit,
3006 4073 3072 4112 ex
3119 4061 3355 4133 simplici

1780 4124 1846 4175 ad
1883 4127 2274 4194 perfectionem
2311 4150 2661 4207 progressus.
2717 4142 3016 4216 Responde
3065 4124 3360 4221 ntihi,'eur

1780 4214 1944 4269 modo
1988 4233 2096 4271 non
2132 4221 2208 4275 sit
2269 4228 2647 4298 omnipotens,
2701 4214 2992 4309 num—quia
3037 4246 3251 4315 nequit,
3286 4266 3355 4305 an

1776 4307 1902 4373 quia
1940 4325 2047 4363 non
2087 4313 2245 4368 vult?
2274 4315 2409 4371 Nam
2442 4321 2490 4375 si
2519 4324 2649 4392 quia
2680 4307 2897 4398 nequit,
2924 4307 3204 4402 quomodo
3232 4307 3353 4394 om-

1776 4398 1911 4453 ttino
1947 4404 2022 4457 sit
2072 4408 2463 4477 onmipotens?
2501 4415 2730 4484 Oportet
2776 4398 3090 4481 enim-eum
3136 4445 3355 4504 semper

1773 4506 1899 4547 esse
1949 4492 2414 4569 omnipotentem,
2446 4518 2500 4560 ct
2547 4513 2698 4564 omni
2736 4514 2789 4566 vi
2842 4520 3155 4583 praeditum.
3194 4492 3353 4590 Quod

1699 4613 1745 4671 υ
1772 4583 1819 4636 si
1851 4586 1981 4654 quia
2032 4603 2140 4642 non
2186 4592 2340 4655 vult,
2395 4596 2574 4664 primo
2601 4602 2820 4668 quidem
2851 4606 3060 4664 invidet
3100 4612 3352 4670 humanae

1771 4672 1983 4737 saluti,
2040 4677 2244 4734 deinde
2299 4691 2355 4735 et
2407 4688 2632 4743 malitia:
2673 4707 2841 4747 causa
2895 4711 3020 4752 esse
3077 4710 3351 4773 comperi-

1772 4772 1861 4818 tur
1889 4806 1904 4829 ,
1958 4768 2089 4837 quia
2141 4786 2264 4825 eum
2303 4777 2518 4843 possit,
2566 4796 2674 4835 non
2734 4785 2847 4840 vult
2901 4800 3019 4843 eam
3064 4790 3132 4847 de
3170 4768 3351 4849 medio

1770 4858 1982 4912 tollere.

1841 4945 1909 4999 Μ.
1974 4948 2126 5005 Unde
2160 4953 2325 5022 igitur
2357 4958 2548 5013 mala?

1838 5040 1900 5090 0.
1954 5039 2112 5096 Haud
2164 5046 2425 5101 rationali
2477 5057 2875 5123 consequentia
2926 5073 2956 5111 a
3010 5069 3064 5115 te
3104 5061 3347 5119 interro-

1764 5138 1951 5197 gatnm
1987 5139 2113 5187 est:
2149 5146 2365 5203 oportet
2407 5140 2556 5195 enim
2593 5157 2664 5197 an
2720 5146 2794 5198 sit
2843 5147 3085 5215 malum,
3121 5161 3176 5206 et
3208 5154 3345 5225 quid

1764 5219 1837 5273 sit
1896 5221 2076 5284 scire,
2120 5234 2235 5279 tum
2289 5227 2510 5285 demum
2561 5235 2858 5304 exquirere
2913 5238 3192 5298 undenam
3247 5260 3347 5300 ex-

1762 5310 1947 5373 sistat.

1832 5402 1903 5457 M.
1954 5403 2098 5461 Sane
2128 5407 2202 5462 ita
2236 5412 2620 5481 exquiramus.

1831 5494 1876 5548 0
1941 5495 2076 5561 Quae
2105 5500 2399 5569 exsistunt,
2432 5509 2630 5576 partim
2668 5511 2980 5570 substantia
3008 5527 3160 5584 sunt,
3209 5535 3340 5590 par-

1762 5585 1859 5638 tim
1909 5588 2177 5656 qualitas,
2215 5598 2415 5661 partim
2454 5599 2541 5655 vis
2593 5603 2797 5658 activa.
2850 5604 3173 5665 Substantia
3210 5585 3352 5682 ἠυξ-

1758 5679 1903 5741 dem,
1937 5695 2041 5750 ego
2075 5693 2127 5737 et
2161 5692 2218 5737 tu
2270 5704 2282 5740 :
2339 5691 2598 5758 qualitas,
2636 5694 2847 5763 album,
2882 5698 3124 5767 nigrum,
3153 5679 3336 5770 dulce,

1760 5784 2011 5825 amarum
2042 5811 2057 5835 ,
2096 5781 2150 5828 et
2207 5776 2367 5846 siqua
2415 5780 2520 5834 alia
2581 5782 2901 5853 huiusmodi
2953 5788 3008 5845 iu
3070 5790 3337 5862 subjectis

1759 5863 2084 5933 corporibus
2118 5877 2458 5937 spectantur.
2500 5873 2777 5938 ldoueitas
2823 5881 2910 5938 cui
2956 5883 3175 5954 singula
3215 5899 3337 5940 cor-
