3882 6356
492 485 631 550 ῒ327

1954 473 2332 535 ADDENDA.

3692 476 3805 540 133

496 608 630 665 pora
681 598 812 646 sunt
848 596 1006 653 nata,
1044 593 1104 641 ιιι
1162 586 1238 640 ita
1273 583 1651 655 potentialiter
1710 580 1824 635 sint
1857 596 1870 635 ι
1911 581 2081 634 veluti

2212 580 2479 650 ςυγχάνειν
2498 597 2510 609 °
2552 577 2666 635 οἷον
2688 581 3011 653 ἐπιτηδείως
3038 585 3251 656 ἔχουσιν
3281 588 3339 639 αἱ
3376 587 3587 657 χεῖρες
3622 585 3801 655 τέχνας

497 699 692 739 manus
738 683 950 736 itionem
1012 687 1141 735 sunt
1196 676 1453 747 opiticiis,
1515 673 1699 743 lingua
1756 679 1815 725 ut
1877 672 2083 726 serviat

497 776 765 840 sermoni,
806 774 972 843 pedes
1012 769 1383 832 ambulando,
1417 782 1555 838 puer
1605 763 1908 820 eruditioni
1952 777 2087 832 pue-

496 869 604 923 rili.
639 867 735 922 Vis
780 876 963 919 autem
999 863 1179 917 activa
1216 869 1298 916 est
1346 873 1595 929 congrua
1641 865 1854 910 naturae
1904 854 2084 915 actio,

496 960 584 1016 vel
609 957 947 1013 irrationalis
990 966 1050 1010 ut
1094 956 1244 1019 talis,
1269 955 1352 1007 vel
1380 950 1669 1005 rationalis
1690 956 1749 1003 ut
1781 950 1909 1001 item
1938 947 2083 1003 talis.

499 1050 638 1117 Quid
680 1065 809 1117 ergo
841 1066 908 1105 ex
941 1050 1107 1102 dictis
1143 1047 1345 1101 malum
1381 1060 1503 1099 esse
1533 1041 1772 1097 detiuis?

575 1166 647 1220 Μ.
696 1163 1110 1232 Opet-atiunem.
1160 1162 1392 1216 Constat
1459 1165 1641 1212 autem
1691 1169 1908 1210 onmem
1956 1166 2087 1224 epe-

504 1260 776 1313 rationem
818 1270 941 1310 esse
974 1253 1343 1308 substantiam
1378 1247 1738 1319 Operationis.

573 1350 638 1403 0.
690 1347 902 1417 Utique
958 1346 1144 1401 omnis
1174 1345 1259 1399 vis
1306 1343 1489 1397 activa
1542 1335 1925 1395 substantialis
1981 1343 2086 1391 est.

503 1443 609 1498 Sed
637 1456 828 1512 quaero
879 1453 908 1492 a
948 1446 1020 1502 te,
1072 1438 1282 1491 malitia
1315 1451 1439 1490 cum
1473 1435 1542 1489 sit
1602 1433 1684 1487 vis
1720 1430 1920 1494 activa,
1958 1444 2087 1483 num

502 1537 666 1589 etiam
713 1534 1020 1588 substantia
1065 1547 1189 1587 esse
1221 1528 1449 1599 potest?

578 1647 735 1717 ιον]
777 1646 847 1700 ιι.
893 1645 967 1698 na
997 1646 1105 1699 aio.

573 1759 637 1813 Ο.
682 1760 932 1813 Primum
983 1756 1209 1827 quidem
1267 1752 1612 1809 contradicis
1676 1751 1797 1818 tibi,
1839 1752 1967 1805 dum
2020 1767 2086 1805 ex

506 1853 828 1907 substantia
865 1850 983 1903 licri
1018 1849 1163 1901 dicis
1196 1847 1303 1900 vim
1331 1845 1588 1910 activam,
1616 1860 1923 1913 rursusque
1950 1845 2090 1898 hanc

2189 672 2542 743 ἐργάζεσθαι,
2588 674 2811 741 γλῶσσα
2854 676 2911 729 δὲ
2963 677 3108 748 λόγῳ
3159 680 3466 741 διακονεῖν,
3542 679 3725 742 πόδες
3762 683 3801 733 δὲ

2192 766 2328 835 πρὸς
2368 765 2597 835 βάδισιν,
2630 767 2841 820 παιδίον
2878 769 2934 822 δὲ
2990 772 3127 840 πρὸς
3181 772 3429 842 μάθησιν
3478 774 3797 841 τεχνικήν

2189 858 2443 929 ἐνέργεια
2477 858 2533 912 δέ
2587 861 2735 913 ἐστιν
2770 863 2802 931 ἡ
2832 860 2926 915 τοῦ
2978 864 3123 915 κατά
3170 863 3333 932 φύσιν
3367 864 3625 935 πρᾶξις,
3658 864 3694 932 ἦ
3728 866 3800 916 τιενὲ

2190 949 2387 1019 ἀλόγου
2414 952 2488 1014 ὼς
2517 952 2735 1021 ἀλόγου,
2761 955 2793 1024 ἢ
2823 954 2915 1007 τοῦ
2938 954 3158 1023 λογικοῦ
3187 955 3259 1019 ὡς
3311 956 3558 1026 λογικοῦ
3598 972 3618 987 ⁸
3650 959 3707 1009 τε
3728 959 3800 1009 ei.

2190 1043 2298 1097 τῶν
2323 1044 2628 1115 εἰρημένων
2665 1046 2824 1117 ὁρίζῃ
2849 1046 2911 1100 τὸ
2939 1049 3105 1101 κακὸν
3129 1046 3267 1100 εἶναι
3288 1067 3304 1114 ;

2262 1158 2339 1211 Μ.
2388 1158 2703 1229 Ἐνέργειαν
2738 1178 2750 1190 ο
2787 1160 2946 1230 δῆλον
2975 1161 3031 1214 δὲ
3063 1163 3143 1215 ὅτι
3166 1164 3317 1216 πᾶσα
3343 1164 3629 1234 ἐνέργεια
3658 1167 3799 1218 οεῖιτῖι

2192 1249 2338 1303 ἐστὶν
2365 1252 2446 1304 ὲνε
2457 1252 2662 1322 ργείας.

2265 1344 2331 1396 Ο.
2375 1344 2535 1397 Πᾶσα
2584 1344 2681 1414 μὲν
2731 1346 2981 1417 ἐνέργεια
3032 1348 3191 1401 οὐσία
3246 1349 3404 1401 ἐστὶν
3455 1351 3797 1420 ἐνεργείαςο

2194 1435 2385 1505 ἐρωτῶ
2414 1435 2470 1488 δέ
2508 1452 2587 1502 σε,
2616 1438 2649 1507 ἡ
2677 1439 2846 1491 κακία
2879 1439 3132 1510 ἐνέργεια
3150 1440 3308 1505 οὖσα,
3335 1443 3439 1495 καὶ
3465 1444 3643 1497 οὐσία
3672 1442 3799 1498 εἶναι

2192 1524 2451 1591 δύναται;

2264 1641 2339 1693 Μ.
2383 1638 2538 1693 Οὕτω
2562 1642 2724 1711 φημί.

2268 1756 2330 1808 0.
2378 1754 2599 1824 Πρῶτον
2635 1755 2734 1825 μὲν
2768 1756 3007 1819 ἐναντίος
3041 1756 3252 1826 σεαυτῷ
3280 1757 3595 1829 ὑπάρχεις.
3634 1760 3697 1825 ἐξ
3726 1764 3798 1814 οὐ.

2198 1845 2316 1907 σίας
2344 1846 2599 1915 γενέσθαι
2638 1847 2813 1915 λέγων
2843 1849 3144 1918 ἐνέργειαν,
3178 1849 3273 1902 καὶ
3310 1850 3488 1904 πάλιν
3526 1854 3643 1905 οὐκ
3676 1852 3797 1906 εἶναι

507 1959 618 1999 non
657 1958 781 1997 esse
819 1942 926 1996 vim
957 1941 1193 1995 activam
1229 1937 1405 1994 dicis:
1436 1937 1584 1992 unde
1606 1947 1661 1992 et
1693 1951 1907 1991 suunua
1939 1936 2091 2006 igno-

2212 1939 2295 2007 τὴν
2339 1938 2623 2007 ἐνέργειαν
2676 1941 3106 2011 ὑποτιθέμενος·
3138 1942 3261 1996 ὅθεν
3308 1945 3505 2013 πάσης
3562 1947 3798 2015 ἀμαθίας

506 2038 689 2093 rantia
736 2036 988 2090 laborare
1018 2032 1165 2104 apud
1198 2032 1506 2088 dialecticae
1538 2046 1760 2102 quoque
1802 2030 2091 2099 imperitos

2212 2030 2501 2101 ὅπερὸολὴν
2531 2032 2627 2085 καὶ
2658 2032 2809 2104 παρά
2835 2037 2946 2098 τοῖς
2979 2035 3119 2102 ἄγαν
3161 2035 3417 2105 ἀπείροις
3444 2036 3797 2101 διαλεκτική

505 2129 804 2186 videberis.
842 2126 1044 2193 Quaero
1083 2133 1264 2180 autem
1305 2140 1373 2179 ex
1415 2130 1492 2189 te,
1548 2139 1676 2178 num
1725 2122 1909 2178 omnis
1960 2135 2092 2192 ope-

2212 2123 2255 2176 ιύ
2278 2123 2539 2195 διαφεύξῃ
2569 2124 2740 2181 νοσῶν
2760 2142 2774 2156 ·
2808 2126 2999 2197 ἐρωτῶ
3026 2127 3082 2181 δέ
3114 2145 3195 2192 σε,
3226 2123 3337 2198 ἆρα
3360 2131 3522 2182 πᾶσα
3552 2132 3799 2199 ἐνέργεια

506 2221 648 2276 ratio
688 2218 827 2273 mala
868 2217 941 2272 sit
963 2216 986 2269 ?

578 2309 652 2367 Μ.
690 2309 913 2365 Minime
938 2309 1209 2380 gentium.

574 2400 641 2457 Ο.
685 2399 861 2467 Quam
892 2414 1026 2469 ergo
1055 2399 1196 2453 dicis
1227 2396 1428 2451 malam
1453 2394 1830 2466 operationem
1858 2395 1882 2448 ‘l

576 2491 649 2546 Μ.
678 2488 1076 2553 Homicidium,
1095 2484 1470 2549 adulterium,
1494 2485 1853 2556 injustitiam,
1873 2493 1928 2539 et
1945 2498 2094 2555 quae-

504 2585 592 2641 vis
624 2581 964 2653 hujusmodi.

578 2699 646 2753 0.
675 2697 732 2752 Si
766 2697 1152 2762 homicidium,
1185 2711 1249 2750 ex
1293 2694 1571 2751 sententia
1604 2702 1721 2759 tua,
1756 2692 2095 2748 "naturaliter

506 2788 715 2843 malum
749 2798 859 2853 est,
894 2786 1112 2856 jutliees
1144 2785 1237 2854 qui
1274 2785 1515 2839 latrones
1553 2798 1617 2837 ac
1649 2782 1887 2838 sicarios
1922 2782 2093 2837 inter.

509 2882 727 2944 tieiunt,
758 2880 900 2936 male
946 2886 1137 2949 agunt.
1192 2878 1539 2947 Rursusque,
1590 2890 1692 2931 cur
1729 2876 1933 2946 aliquis
1968 2890 2091 2929 eum

508 2991 612 3032 sua
645 2990 821 3031 uxore
846 2989 961 3029 rem
987 2974 1197 3029 habens
1233 2988 1345 3026 non
1382 2977 1601 3041 peccat,
1638 2985 1765 3024 cum
1811 2969 1991 3023 aliena
2041 2967 2094 3022 id

507 3084 680 3139 agens
717 3075 930 3138 peccat,
962 3082 1088 3121 cum
1113 3072 1300 3121 tamen
1334 3063 1522 3119 eadem
1561 3064 1632 3118 sit
1663 3062 1854 3116 actio?
1879 3061 2019 3116 Puto
2043 3068 2097 3116 te

506 3160 581 3215 ob
622 3159 736 3213 hare
769 3158 854 3211 vel
890 3157 1168 3212 nolentem
1225 3155 1501 3218 conﬁteri,
1552 3153 1828 3208 actionem
1876 3164 2095 3206 omnem

508 3241 765 3307 neutram
788 3250 958 3306 veluti
985 3265 1130 3315 esse,
1155 3250 1518 3304 determinari
1550 3256 1732 3302 autem
1761 3246 1832 3301 ab
1882 3247 2096 3317 agentis

508 3343 823 3406 voluntate,
860 3350 920 3395 ut
959 3341 1143 3396 virtus
1171 3341 1438 3395 vitiumve
1476 3338 1713 3394 evadat:
1742 3353 1985 3409 namque
2013 3336 2096 3391 al-

509 3440 595 3486 ter
632 3439 1005 3500 temperanter
1049 3447 1176 3485 cum
1209 3446 1309 3485 sua
1371 3445 1566 3494 uxore,
1630 3430 1770 3485 alter
1820 3429 2097 3501 impudice

511 3538 637 3579 eum
668 3522 854 3576 aliena
882 3530 1163 3577 versatur.

580 3614 653 3670 Μ.
684 3614 973 3687 Cupiditas
1010 3629 1194 3670 nonne
1226 3615 1368 3669 mala
1402 3615 1526 3670 est?

582 3708 649 3763 0.
692 3707 810 3763 Non
837 3709 1039 3778 plane;
1078 3722 1205 3762 nam
1253 3716 1308 3762 et
1358 3707 1475 3762 haec
1529 3706 1784 3761 neutrius
1817 3706 2100 3776 qualitatis

511 3811 618 3864 est,
662 3798 897 3867 ﬁerique
929 3805 1116 3869 potest
1154 3806 1215 3852 ut
1246 3796 1410 3852 etiam
1449 3796 1745 3851 honestate
1802 3802 2103 3851 exornetur

514 3906 545 3945 a
581 3890 790 3946 mentis
854 3889 1282 3961 gubernatione.
1319 3889 1633 3959 Aliquando
1676 3898 1825 3943 certe
1874 3888 1943 3943 ad
1986 3902 2098 3942 rem

515 3983 806 4039 honestam
842 3982 1021 4037 tendit
1055 3982 1378 4053 cupiditas:
1418 3997 1659 4052 namque
1690 3982 1838 4037 alius
1880 3979 2100 4035 miseri-

514 4073 704 4128 cordia
743 4081 1019 4139 movetur,
1052 4074 1198 4128 alius
1221 4073 1475 4144 pecunia:
1515 4088 1739 4129 amore:
1783 4072 1925 4127 alius
1962 4071 2103 4126 libe-

514 4180 706 4221 rorum
756 4180 947 4230 causa,
1001 4166 1145 4221 alius
1205 4166 1546 4238 voluptatis,
1593 4165 1671 4221 rei
1713 4179 1958 4221 venereae
2009 4163 2103 4219 dat

514 4269 764 4326 operam.

587 4345 660 4400 Μ.
704 4343 865 4400 Nune
906 4344 1043 4400 mihi
1079 4345 1187 4400 hoc
1228 4343 1513 4410 edissere,
1561 4352 1746 4399 utrum
1805 4356 2099 4414 corporum

519 4436 809 4505 corruptio
843 4450 905 4490 ac
935 4433 1172 4505 putredo
1211 4449 1241 4489 a
1274 4433 1386 4491 Deo
1420 4433 1568 4499 bono
1599 4442 1653 4491 et
1697 4432 2102 4504 incorruptibili

518 4528 638 4583 sit?

2195 2217 2377 2284 κακής

2264 2309 2339 2363 Μ.
2382 2309 2458 2362 Οὐ
2489 2309 2728 2373 πάντως.

2265 2402 2327 2454 0.
2370 2401 2536 2454 Ποίαν
2567 2396 2660 2453 οὖν
2688 2401 2863 2470 λέγεις
2894 2402 3069 2474 κακὴν
3100 2404 3411 2475 ἐνέργειανῖ

2264 2494 2342 2548 Μ.
2382 2494 2570 2557 Φόνον,
2605 2496 2875 2565 μοιχείαν.
2905 2495 3142 2561 ἀδικίαν,
3173 2500 3270 2551 καὶ
3298 2501 3403 2553 ὅσα
3436 2501 3699 2555 τοιαῦτα.

2266 2698 2327 2751 0.
2371 2698 2433 2751 Ei
2467 2700 2494 2751 6
2534 2698 2694 2767 φόνος
2725 2698 2866 2751 κατὰ
2914 2699 2973 2751 σὲ
3009 2700 3170 2768 φύσει
3216 2703 3411 2767 κακὸς,
3448 2705 3503 2755 oi
3542 2702 3797 2758 δικασταί

2195 2788 2576 2860 τυμσορύχους
2627 2791 2722 2843 καὶ
2770 2790 3130 2861 ἀνδροφόνους
3189 2794 3563 2862 φονεύοντες,
3622 2798 3798 2857 κακᾶς

2199 2880 2447 2933 ποιοῦσι·
2480 2882 2574 2933 καὶ
2602 2880 2767 2935 πάλιν
2787 2896 2800 2910 ’
2835 2881 2889 2935 τί
2914 2883 3111 2953 δήποτε
3140 2885 3168 2936 6
3203 2887 3302 2956 μὲν
3332 2889 3400 2956 τῇ
3439 2888 3555 2959 ἰδίᾳ
3584 2894 3793 2959 γαμετῇ

2201 2972 2530 3042 μιγνύμενος
2584 2974 2682 3043 οὐχ
2736 2975 3067 3045 ἁμαρτάνει,
3116 2977 3176 3029 ἐν
3228 2977 3496 3049 ἀλλοτρίᾳ
3546 2980 3610 3034 δὲ
3650 2982 3797 3034 τοῦτο

2197 3064 2365 3118 ποιῶν
2418 3067 2751 3137 ἁμαρτάνεις
2792 3068 2885 3120 καὶ
2918 3068 3091 3121 ταῦτα
3128 3071 3255 3139 μιᾶς
3298 3072 3604 3141 ἐνεργείας
3637 3073 3792 3141 οὔσης

2196 3160 2295 3227 τῆς
2328 3157 2528 3227 μίξεως
2549 3172 2565 3187 ’
2597 3155 2753 3227 οἶμαί
2785 3172 2843 3211 σε
2891 3159 2980 3212 διὰ
3027 3160 3233 3213 τούτων
3261 3162 3356 3215 καὶ
3384 3165 3602 3218 ἄκοντα
3637 3183 3792 3238 ape:-

2198 3249 2502 3318 ομολογεῖν,
2534 3249 2618 3302 ὅτι
2663 3252 2811 3303 πᾶσα
2846 3252 3097 3321 ἐνέργεια
3145 3255 3285 3323 μέοη
3330 3257 3453 3309 ἐστί
3473 3274 3487 3287 ’
3525 3261 3793 3313 ποικίλλε-

2194 3356 2289 3392 ται
2317 3339 2373 3391 δὲ
2400 3342 2463 3410 τῇ
2492 3338 2688 3412 γνώμῃ
2715 3340 2811 3393 τοῦ
2845 3343 3140 3411 μετιόντος,
3174 3344 3345 3416 ἀρετὴ
3379 3346 3410 3415 ἢ
3448 3349 3626 3401 κακία
3656 3366 3791 3416 γινο⁴

2200 3431 2336 3501 μένη
2360 3446 2373 3460 ⁸
2406 3434 2433 3483 ὁ
2467 3430 2567 3501 μὲν
2613 3432 2722 3503 γάρ
2756 3435 3051 3504 σωφρόνως
3084 3438 3150 3507 τῇ
3208 3436 3317 3508 ίδίᾳ
3370 3438 3663 3509 μίγνυται,
3687 3444 3713 3495 6
3740 3442 3790 3493 (τε

2198 3523 2519 3587 ἀκολάστως
2552 3526 2617 3594 τῇ
2651 3524 2929 3597 ἀλλοτρίᾳ.

2268 3616 2343 3669 Μ.
2379 3615 2443 3668 Ἦ
2476 3616 2744 3687 ἐπιθυμία
2778 3618 2878 3670 οὐκ
2910 3617 3025 3671 ἐστι
3054 3620 3236 3689 κακή;

2270 3707 2331 3760 0.
2373 3708 2445 3760 Οὐ
2481 3707 2698 3773 πάντως
2721 3724 2735 3739 '
2775 3708 2917 3779 μέση
2947 3710 3057 3780 γάρ
3086 3712 3200 3763 ὲστι
3230 3711 3327 3763 καὶ
3366 3710 3512 3784 αὕτη
3536 3730 3551 3744 ⁶
3588 3715 3683 3768 καὶ
3712 3716 3788 3768 δυ-

2198 3799 2358 3855 νατὸν
2384 3799 2557 3871 αὐτὴν
2581 3800 2927 3872 κοσμηθῆναι
2954 3804 3019 3874 τῇ
3045 3802 3137 3855 τοῦ
3168 3802 3263 3856 νοῦ
3290 3804 3616 3878 ἐπιστασίᾳ.
3636 3809 3783 3877 Ἀμέ-

2199 3891 2280 3945 λει
2311 3891 2407 3946 καὶ
2432 3892 2614 3946 καλῶν
2643 3895 2793 3946 ἐστιν
2826 3892 3164 3964 ἐπιθυμῆσαι
3186 3912 3198 3924 ·
3232 3897 3262 3947 6
3294 3894 3395 3964 μὲν
3422 3896 3536 3968 γάρ
3565 3898 3686 3950 ἐστι
3712 3916 3787 3967 et.

2200 3982 2501 4053 λόπτωχος,
2535 3984 2564 4037 6
2603 3983 2661 4037 δὲ
2701 3984 3039 4058 φιλάργυρος
3061 4002 3075 4016 ·
3132 3984 3228 4039 καὶ
3254 3985 3281 4038 6
3314 3985 3416 4056 μὲν
3455 3986 3786 4052 παιδοποιίας

2200 4072 2363 4145 χάριν
2400 4076 2466 4145 τῇ
2498 4072 2642 4145 μίξει
2662 4074 2949 4148 κέχρηται,
2978 4077 3006 4129 6
3027 4074 3084 4129 δὲ
3122 4073 3285 4147 χάριν
3308 4074 3528 4147 ἡδονῆς.

2273 4341 2349 4398 Μ.
2392 4339 2563 4395 Τοῦτό
2599 4358 2691 4410 μοι
2721 4340 2861 4407 είπὲ,
2897 4342 2961 4393 ὲκ
2999 4339 3094 4393 τοῦ
3134 4339 3347 4409 ἀγαθοῦ
3380 4339 3480 4395 καὶ
3514 4339 3781 4409 ἀφθάρτνν

2200 4432 2340 4488 Θεοῦ
2378 4434 2411 4505 ἡ
2450 4432 2627 4505 φθορά
2656 4432 2766 4487 τῶν
2794 4432 3066 4504 σωμάτων
3096 4432 3191 4488 καὶ
3220 4432 3383 4503 σῆψις
3411 4434 3635 4502 ἐγένετο
3658 4449 3674 4499 ;

585 4616 655 4675 0.
696 4616 931 4673 Locutio
959 4632 1025 4671 ea:
1050 4617 1232 4688 aliqua
1261 4616 1626 4672 multifariam
1662 4616 1984 4673 adhibetur:
2018 4625 2097 4671 est

2276 4614 2340 4667 0.
2379 4610 2454 4664 T6
2482 4612 2553 4667 ἐκ
2586 4627 2753 4677 τινος
2800 4610 3083 4681 πολλαχῶς
3127 4609 3384 4681 λέγεται·
3428 4610 3549 4665 ἔστι
3584 4612 3690 4683 γὰρ
3732 4612 3781 4676 ἑξ

516 4709 665 4765 enim
698 4708 845 4764 ﬁlius
874 4725 939 4765 ea
973 4724 1061 4764 me
1093 4708 1678 4775 consubstantialiter,
1710 4718 1795 4766 est
1826 4725 1896 4765 ex
1947 4708 2104 4764 fabro

520 4801 759 4873 lignario
797 4815 1111 4867 scamnum,
1144 4817 1209 4856 ex
1243 4810 1391 4856 terra
1428 4800 1667 4864 fructus,
1709 4816 1778 4855 ex
1815 4814 1940 4871 rege
1965 4815 2101 4854 con—

518 4891 859 4948 ﬁscationes.
893 4891 1006 4947 Nos
1036 4907 1168 4963 ergo
1187 4907 1537 4963 nequaquam
1561 4909 1624 4948 ex
1663 4891 1758 4947 Dei
1790 4892 2102 4947 substantia

516 4983 757 5039 dicimus
794 4982 911 5038 ﬁeri
951 4982 1396 5053 corruptionem,
1430 4984 1526 5040 sed
1560 4984 1854 5039 voluntate
1880 4983 2002 5053 ejus
2038 4997 2102 5038 ea

519 5075 634 5132 ﬁeri
665 5089 788 5146 qua:
826 5076 991 5132 nobis
1017 5074 1175 5129 utilia
1200 5084 1354 5130 sunt.
1396 5073 1533 5129 Nam
1571 5075 1619 5131 si
1663 5075 1919 5146 quamvis
1967 5071 2104 5128 adeo

519 5166 750 5239 fragiles
791 5183 881 5223 res
927 5168 1179 5222 humana:
1213 5169 1346 5234 sint,
1403 5176 1690 5238 tantopere
1723 5171 1793 5222 ob
1828 5168 1928 5221 has
1959 5167 2106 5222 insa-

519 5257 727 5323 nimus,
765 5264 826 5311 ut
870 5257 1039 5312 etiam
1068 5257 1261 5314 litibus
1301 5266 1357 5313 et
1404 5259 1566 5313 bellis
1596 5260 1791 5312 harum
1813 5271 1982 5312 causa
2007 5256 2102 5312 de-

518 5357 839 5416 certemus;
884 5350 1017 5420 quid
1061 5364 1285 5406 eramus
1342 5351 1524 5405 acturi
1571 5351 1615 5406 si
1676 5349 1819 5404 Deus
1864 5349 2103 5403 caducas

518 5455 627 5495 non
661 5438 927 5497 fecisset?
955 5438 1245 5507 Quomodo
1271 5441 1438 5495 etiam
1472 5440 1806 5494 immortalis
1842 5439 1971 5494 vitre
2000 5437 2101 5493 do-

518 5548 655 5588 num
695 5533 1123 5598 aestimaremus,
1162 5548 1328 5605 quam
1363 5533 1524 5588 nobis
1566 5532 1661 5587 Dei
1703 5533 1947 5588 charitas
1990 5531 2105 5586 col-

519 5625 702 5680 latura
735 5634 842 5690 est,
876 5627 981 5683 nisi
1026 5636 1187 5682 antea
1223 5625 1394 5679 vitam
1421 5625 1567 5679 hanc
1603 5623 2021 5692 eorruptibilem
2049 5628 2105 5677 et

519 5718 876 5787 temporalem
902 5719 1117 5789 experti
1145 5734 1421 5783 essemus,
1456 5732 1624 5788 quam
1658 5733 1762 5773 nos
1806 5717 1927 5786 ipse
1974 5730 2106 5786 pru-

518 5810 715 5865 denter
758 5818 1100 5880 praegustare
1154 5812 1373 5866 voluit?
1418 5810 1674 5880 Alioqui,
1716 5811 1770 5885 si
1820 5808 2105 5879 corruptio

519 5899 662 5957 mala
686 5908 794 5967 est,
824 5903 1112 5972 generatio
1146 5901 1268 5958 sine
1299 5900 1468 5957 dubio
1514 5901 1661 5958 bona
1692 5908 1798 5959 est.
1837 5899 2008 5970 Atqui
2047 5899 2103 5956 in

2204 4703 2338 4775 ἐμοῦ
2367 4707 2394 4759 6
2426 4706 2542 4769 υίός
2570 4721 2674 4775 μου
2701 4704 2987 4775 ὀμοούσιος
3018 4703 3175 4775 ἐμοί’
3225 4706 3289 4757 ὲκ
3319 4702 3417 4757 τοῦ
3448 4706 3699 4768 τέκτονος
3732 4706 3782 4756 ei.

2207 4797 2434 4869 βάθρονο
2467 4799 2532 4850 ὲκ
2561 4796 2618 4849 δὲ
2648 4796 2747 4865 τῆς
2775 4796 2877 4866 γῆς
2915 4795 2965 4847 οἱ
3007 4794 3240 4867 καρποί⁶
3274 4797 3341 4848 ὲκ
3385 4794 3484 4848 τοῦ
3534 4795 3781 4863 βασιλέως

2204 4888 2501 4960 δημεύσεις
2520 4905 2533 4917 ο
2562 4889 2725 4958 ἡμεῖς
2751 4887 2931 4940 τοίνυν
2960 4885 3062 4941 οὐκ
3086 4888 3149 4941 ἐκ
3179 4887 3276 4958 τῆς
3309 4888 3505 4951 οὐσίας
3544 4888 3640 4941 τοῦ
3663 4886 3779 4940 Θεοῦ

2206 4995 2391 5049 φαμεν
2419 4974 2561 5033 εἶναι
2592 4978 2691 5048 τὴν
2719 4977 2949 5052 φθορὰν,
2982 4978 3233 5049 βουλήσει
3262 4978 3321 5032 δὲ
3355 4979 3525 5032 αὑτοῦ
3556 4981 3779 5050 ἐνεργεῖ·

2206 5070 2332 5124 σθαι
2364 5071 2717 5142 συμφέροντα
2752 5073 2907 5142 ἡμῖν.
2940 5070 3003 5123 Εἰ
3034 5069 3144 5141 γὰρ
3178 5070 3438 5142 φθαρτῶν
3482 5072 3654 5124 ὄντων
3691 5071 3779 5121 τῶν

2207 5161 2573 5232 πραγμάτων,
2599 5161 2741 5215 οὕτω
2782 5160 2914 5231 περὶ
2962 5160 3141 5213 αὐτῶν
3185 5163 3517 5231 μεμήναμεν
3544 5161 3621 5224 ὡς
3648 5162 3781 5213 δαί-

2211 5254 2414 5324 στήρια
2442 5254 2535 5306 καὶ
2570 5254 2839 5324 πολέμους
2866 5254 2989 5308 κατ’
3020 5253 3269 5324 ἀλλήλων
3307 5256 3499 5316 κινεῖν,
3531 5254 3582 5304 τί
3610 5252 3707 5303 οὐκ
3730 5251 3783 5303 ἄν

2204 5348 2584 5417 τολμήσαιμεν
2635 5349 2683 5400 εί
2731 5347 2986 5417 ἄφθαρτα
3030 5346 3206 5399 ταῦτα
3261 5345 3630 5415 παρήγαγενς
3680 5347 3783 5403 nd»;

2204 5439 2261 5491 δὲ
2317 5438 2413 5492 καὶ
2459 5436 2716 5508 αἴσθησιν
2758 5437 3057 5508 ἐμέλλομεν
3083 5436 3185 5505 τῆς
3209 5434 3419 5505 δωρεᾶς
3467 5434 3654 5488 λαϐεῖν
3700 5438 3783 5504 τῆς

2205 5528 2484 5598 ἀφθάρτου
2535 5528 2704 5598 ζωῆς,
2739 5528 2805 5599 ῆν
2856 5529 2990 5599 ἡμῖν
3033 5526 3467 5597 ἐφιλοτιμήσατο
3517 5530 3546 5581 6
3598 5527 3782 5597 Κύριος

2206 5620 2386 5691 ἡμῶν,
2416 5620 2465 5673 εί
2494 5619 2569 5691 μὴ
2596 5620 2863 5692 πρότερον
2887 5623 2945 5673 ὲν
2977 5620 3145 5691 πείρα
3169 5618 3481 5689 γεγόναμεν
3508 5619 3611 5689 τῆς
3634 5619 3783 5688 φθχρ.

2204 5714 2305 5784 τῆς
2337 5712 2542 5781 ταύτης
2591 5712 2687 5766 καὶ
2726 5713 2994 5783 ὲπικήρου
3031 5712 3200 5782 ζωῆς,
3236 5713 3318 5775 είς
3363 5711 3434 5780 ἢν
3481 5710 3631 5780 ἡμᾶς
3662 5728 3782 5778 προσ

2206 5804 2581 5875 ἀγωνίσασθαι
2621 5804 2804 5868 καλῶς
2846 5805 2992 5875 ἔχειν
3024 5805 3383 5875 ἐδοκίμασεν;
3418 5805 3631 5867 Ἄλλως
3658 5820 3706 5855 τε
3732 5805 3783 5855 £3:

2207 5900 2255 5953 εί
2287 5900 2321 5971 ἡ
2361 5899 2539 5969 φθορά
2576 5899 2768 5963 κακὸν,
2799 5900 2831 5969 ἡ
2883 5899 3098 5969 γένεσις
3140 5899 3359 5961 πάντως
3390 5898 3629 5966 ἀγαθόν’
3664 5896 3785 5949 ἀλλὰ
