3876 6336
50 236 149 301 '29

752 240 784 299 J
790 239 995 299 OANN
1003 240 1074 299 IS
1111 239 1562 300 ORTHODOXI
1594 240 1695 301 DIE

1803 240 2055 301 ITATIO
2095 240 2254 301 CUM
2294 241 2734 303 ΜΑΝΙΕΗΑΞΟ.

3220 238 3357 304 1336

50 364 115 414 χν
172 346 358 415 περὶ
389 345 453 398 τὸ
478 346 609 398 αὐτὸ
650 346 807 417 σῶμα
844 348 1056 416 γένεσις
1086 352 1179 402 καὶ
1209 348 1404 418 φθορὰ,
1441 350 1540 402 οὐκ
1567 350 1672 418 ἀρα

1803 348 1970 404 :odem
2009 363 2241 417 corpore
2284 355 2400 405 tum
2448 350 2731 418 generatio
2775 356 2891 402 tum
2940 348 3225 417 corruptio
3257 348 3357 403 ﬁt:

50 436 83 481 ἱ)
97 452 218 502 μοι
260 433 441 502 φύσει
472 434 661 500 κακὸν,
680 435 755 498 ὡς
784 436 943 505 ὑμεῖς
965 435 1407 490 διαϐεϐαιοῦσθαι
1431 437 1491 489 τὸ
1514 437 1675 507 σῶμα

49 528 121 589 ῖς
187 527 431 588 κακίας
465 521 603 579 εἶναι
631 526 1067 597 δογματίζοντες.
1098 548 1124 580 ο
1145 527 1197 581 ιὰ
1226 529 1278 581 τί
1307 528 1363 582 δὲ
1391 528 1426 582 ει
1457 529 1553 599 μὲν
1586 546 1676 582 νο-

50 616 253 680 ἰζεις
295 614 446 671 εἶναι
474 618 617 671 κακά
646 618 753 670 τῶν
786 619 1053 687 σωμάτων
1085 619 1310 689 Θεωρεῖς
1347 636 1405 671 τε
1446 619 1543 672 καὶ
1586 619 1675 671 λέ-

50 722 198 772 εες,
255 709 335 760 τὰ
372 708 431 760 δὲ
471 709 532 772 ἐξ
563 709 743 762 αὐτῶν
789 709 971 776 ἀγαθά
1018 709 1416 783 παρατρέχεις;
1455 710 1676 778 Πρῶτον

50 798 129 849 ὲν
177 799 326 869 γὰρ
357 800 470 853 ἀπὸ
501 800 609 853 τῶν
638 802 704 854 ὲκ
729 803 833 869 γῆς
862 802 1260 871 ἀναδιδομένων
1287 800 1518 871 καρπῶν
1551 817 1676 871 τρε-

50 890 294 958 όμεθά
326 909 390 944 τε
425 895 520 945 καί
547 894 915 963 συνιστάμεθα
938 910 952 922 ·
982 895 1048 946 ὲκ
1076 893 1130 946 δὲ
1158 892 1321 947 λίθων
1364 893 1457 946 καὶ
1483 891 1677 957 ξύλων,

50 982 248 1045 Γκους
311 984 824 1054 κατασκευάζομεν,
867 985 934 1038 δι’
960 977 1033 1039 ὧν
1082 984 1291 1056 ὄμϐρου
1342 984 1437 1037 καλ⁸
1479 983 1679 1054 κρύους

50 1072 532 1144 λευθερούμεθα
556 1090 570 1107 ⁸
607 1075 742 1129 ἀλλά
767 1078 859 1129 καὶ
892 1074 986 1131 τοῦ
1020 1076 1171 1147 ἡλίου
1200 1076 1261 1127 τὸ
1290 1074 1569 1137 καυσῶδες
1597 1076 1681 1130 ὲκ-

50 1163 364 1234 λίνομεν,
387 1164 447 1217 ὃν
481 1165 546 1218 σὺ
581 1166 862 1230 θεοποιῶν,
888 1168 986 1220 οὐκ
1013 1167 1243 1239 αἰσχύνῃ
1262 1184 1274 1197 ⁸
1307 1166 1510 1240 σιδήρῳ
1537 1167 1594 1219 δὲ
1619 1166 1677 1219 ού

50 1256 224 1310 ,όνον
258 1256 375 1328 τὴν
401 1261 506 1329 γῆν
535 1258 797 1329 ἀροῦμεν,
822 1244 957 1313 ἀλλά
979 1261 1074 1312 καὶ
1103 1259 1399 1330 πολεμίους
1425 1247 1681 1325 ἐπιόντας

50 1346 497 1418 ιυλοιττόμεθα.
543 1350 604 1401 Et
651 1348 707 1402 δὲ
738 1347 952 1411 τούτοις
990 1347 1365 1418 ἐλεγχόμενος,
1401 1348 1680 1417 ἐπιμένυις

56 1436 228 1506 ﬁdam
268 1438 379 1492 καὶ
406 1438 670 1492 δυσωδίαν
701 1438 1160 1509 προϐαλλόμενος,
1190 1440 1318 1501 ἴσως
1356 1438 1568 1506 ἀγνοεῖς
1600 1438 1681 1491 ὅτι

50 1528 102 1582 ’ὰ
165 1530 297 1598 τῆς
348 1528 529 1600 ψυχῆς
584 1530 921 1600 μετασχόντα
974 1518 1175 1599 μᾶλλον
1227 1528 1328 1600 τὴν
1378 1529 1544 1598 σῆψιν
1588 1528 1681 1581 καὶ

50 1619 355 1675 υσωδίαν
405 1622 732 1690 ύφίσταται’
761 1621 968 1690 ἀγαθοῦ
1026 1621 1160 1675 Θεοῦ
1219 1621 1276 1674 δὲ
1319 1620 1442 1675 καθ’
1470 1622 1676 1693 ύμᾶςή

49 1709 207 1780 ᾢυχὴ
239 1711 421 1766 οὐσία
450 1712 598 1765 ἐστίν
622 1729 635 1744 ο
667 1713 696 1765 6
728 1713 928 1781 ἀγαθὸς
954 1709 1047 1766 οὖν
1072 1713 1203 1777 Θεὸς
1228 1712 1400 1776 αἴτιος
1430 1690 1581 1766 ἔσται
1602 1690 1676 1767 ὧν
1711 1690 1752 1743 Β

49 1802 328 1874 νομίζεις
362 1805 549 1859 κακῶν
587 1805 686 1876 τῆς
719 1804 936 1876 σήψεώς
965 1823 1024 1860 τε
1052 1806 1144 1859 καὶ
1176 1806 1464 1869 δυσωδίας.

120 2075 214 2130 Μ.
264 2073 344 2129 Εἰ
398 2073 474 2148 μὴ
523 2073 638 2128 ἔστι
698 2075 884 2140 κακά,
919 2076 1008 2130 διὰ
1055 2076 1109 2130 τί
1159 2076 1311 2149 νόμοι
1361 2076 1681 2141 κολάζουσιν

49 2166 244 2231 αὐτάς

129 2260 203 2314 Ο.
251 2258 444 2321 Τοῦτο
470 2260 698 2325 μάλιστα
727 2260 938 2329 ἐλέγχει
964 2260 1060 2331 τὴν
1089 2262 1188 2330 σὴν
1216 2261 1644 2331 φρενοϐλάϐειαν
1663 2278 1677 2293 ο

59 2351 113 2403 εί
161 2349 289 2419 γὰρ
322 2351 402 2420 μὴ
426 2351 513 2419 ἐφ’
537 2353 668 2421 ἡμῖν
699 2349 768 2422 ἦν
792 2352 859 2406 τὰ
889 2353 1035 2407 κακά
1071 2352 1167 2405 καὶ
1198 2352 1685 2420 ἀγαθοποιεῖν,ούκ

60 2441 134 2494 ἅν
168 2441 457 2505 ἐκόλαζον
491 2444 619 2505 τοὺς
671 2442 1017 2514 κακούργους
1047 2446 1095 2497 οἱ
1127 2443 1301 2514 νόμοι,
1332 2445 1523 2507 οἵτινες
1553 2444 1684 2497 πολ-

58 2534 234 2598 λάκις
274 2536 348 2588 οὐ
383 2536 483 2606 τὴν
531 2538 729 2608 πρᾶξιν
764 2538 1056 2592 σκοποῦσιν
1083 2578 1098 2604 ,
1133 2539 1268 2592 ἀλλὰ
1296 2540 1395 2611 τὴν
1446 2540 1686 2595 διάθεσιν

55 2625 160 2679 τοῦ
188 2626 522 2697 πράξαντος
545 2629 889 2696 ἐξετάζουσιν
909 2647 924 2662 ο
963 2626 1075 2684 οἷον
1098 2630 1292 2703 ἔρριψε
1314 2648 1397 2694 τις
1420 2631 1573 2696 ξύλον
1592 2631 1687 2686 καὶ

61 2718 227 2772 ἄκων
265 2719 460 2774 ἀνεῖλέ
489 2739 629 2782 τινα,
667 2724 727 2775 ού
763 2723 1008 2793 κρίνουσι
1037 2724 1199 2791 φόνου
1244 2724 1335 2777 τὸν
1368 2724 1683 2795 ἐργασάμε-

61 2826 198 2862 νον⁰
254 2810 440 2882 ἐμίγη
478 2829 561 2876 τις
592 2814 740 2867 ἄκων
774 2813 1031 2885 ἀλλοτρίᾳ
1081 2814 1187 2867 τινὶ
1234 2815 1480 2884 γυναικὶ,
1511 2814 1686 2886 εὑρὼν

69 2901 255 2971 αὐτὴν
292 2903 393 2955 ὲττὶ
426 2904 613 2974 κλίνης
663 2904 827 2957 αὑτοῦ
878 2907 1252 2976 κοιμωμένην,
1280 2906 1356 2968 ὡς
1386 2911 1451 2977 τῇ
1488 2907 1685 2958 ἑαυτοῦ

76 2993 435 3065 μιγνύμενος
461 3000 699 3067 γαμετῇ,
734 2996 1034 3050 ἀπολύουσι
1072 2998 1259 3067 μοιχὸν
1308 2997 1400 3050 τὸν
1448 3014 1687 3067 κατηγο-

82 3085 384 3155 ρούμενον,
421 3090 468 3140 εί
499 3088 658 3141 τοῦτο
687 3088 946 3159 δειχθείη.

170 3178 505 3248 Ἀπόκριναι
537 3177 592 3229 δέ
635 3195 745 3246 μοι,
778 3180 865 3232 διὰ
894 3181 944 3232 τί
990 3181 1081 3233 τὸν
1114 3182 1264 3252 ἥλιον
1299 3187 1682 3252 προσκυνεῖτες

153 3268 232 3319 Μ.
265 3269 398 3319 Ὀτι
418 3268 641 3337 φωστὴρ
668 3270 783 3322 ἐστι
813 3269 905 3323 τοῦ
944 3272 1173 3343 κόσμου,
1205 3272 1299 3326 τοῦ
1324 3274 1531 3342 ἀγαθοῦ
1552 3275 1685 3330 Θεοῦ

85 3360 374 3429 γέννημα.
688 3422 691 3423 ν

158 3449 225 3506 0.
270 3450 447 3521 Σῶμά
481 3453 690 3524 ἐστινῆ
727 3453 1050 3525 ἀσώματος;

160 3545 239 3597 Μ.
279 3544 340 3597 Ἀ
350 3542 623 3613 σώματος.
947 3588 958 3600 .

165 3635 228 3690 0.
274 3636 403 3697 Πῶς
444 3635 473 3686 ὁ
506 3634 797 3706 ἀσώματος
844 3639 1173 3717 σωματικῶς
1204 3642 1440 3710 (Spirat;
1478 3642 1555 3696 Τά
1589 3644 1687 3713 μὲν

100 3728 205 3799 γὰρ
237 3728 508 3798 ἀσώματα
534 3728 739 3799 νοητῶς
767 3728 1089 3803 θεωρεῖται·
1118 3734 1146 3784 ό
1167 3732 1224 3785 δὲ
1244 3732 1395 3803 ἥλιος
1416 3733 1685 3803 αἰσθητῶς

102 3818 423 3890 ὀφθαλμοῖς,
456 3808 551 3873 καὶ
586 3825 986 3892 περιγραπτοῖς
1028 3824 1247 3894 σώμασι
1278 3825 1689 3895 καταλαμϐάνε-

106 3925 223 3963 ται·
274 3912 452 3973 ἄλλως
488 3912 548 3964 τέ
583 3913 699 3966 ἐστί
749 3930 801 3966 τι
851 3913 961 3969 τῶν
1010 3915 1319 3985 ἀσωμάτων
1370 3915 1690 3985 σωματικάς

110 4001 225 4071 ἔχον
251 4004 543 4073 ποιότητας
558 4022 573 4070 ;

178 4094 250 4146 Μ.
292 4096 367 4148 Οὐ
405 4095 633 4165 νομίζω.

179 4189 239 4242 Ο.
278 4187 437 4241 Ἀλλά
470 4190 577 4260 μὴν
623 4192 652 4243 ὁ
694 4190 844 4260 ἥλιος
881 4190 1203 4259 σωματικὰς
1235 4190 1348 4259 ἔχει
1376 4192 1689 4261 ποιότητας,

121 4276 312 4347 θερμός
339 4298 398 4333 τε
434 4281 542 4352 γάρ
590 4283 706 4334 ἐστι
749 4281 842 4334 καὶ
892 4281 1089 4352 ξηρός·
1121 4274 1283 4335 αὗται
1326 4282 1382 4335 δὲ
1426 4282 1693 4353 σωμάτιον

1776 454 1886 493 non
1913 448 1997 494 est
2029 454 2159 509 ergo
2200 440 2456 508 corporis
2502 448 2702 493 natura
2744 442 2909 503 inata.
2954 438 3035 495 uti
3074 456 3173 494 vos
3221 454 3353 493 con-

1778 530 2028 593 tenditis,
2061 529 2157 599 qui
2188 544 2395 598 corpus
2425 531 2481 585 in
2519 532 2789 585 malarum
2818 545 3003 586 rerum
3033 530 3215 584 classe
3242 535 3358 584 sta-

1777 620 1953 675 tuitis.
1986 619 2097 675 Cur
2132 628 2315 675 autem
2357 629 2435 687 tu,
2472 637 2595 691 quae.
2642 622 2784 677 mala
2812 622 2871 675 in
2917 620 3245 691 corporibus
3272 619 3353 690 ju-

1777 713 1953 779 dicas,
1990 713 2386 781 contemplaris
2417 726 2470 767 et
2502 714 2733 777 recitas,
2777 714 2919 768 bona
2947 721 3135 767 autem
3170 729 3238 767 ex
3274 712 3359 767 his

1780 804 2056 857 manantia
2081 803 2404 859 dissimulas
2424 804 2448 856 Ἰ
2468 802 2599 858 Nam
2627 804 2810 872 primo
2831 804 3054 873 quidem
3091 802 3360 858 fructibus

1778 907 1845 946 ex
1887 901 2035 947 terra
2076 892 2442 962 suppeditatis
2490 896 2777 948 nutrimur
2818 902 2874 951 et
2924 909 3359 950 conservantur:

1780 982 2056 1052 lapidibus
2100 997 2165 1037 ac
2208 983 2371 1052 lignis
2408 983 2556 1040 mdes
2601 986 3002 1049 construimus,
3047 985 3257 1055 quibus
3292 984 3361 1043 ab

1781 1073 1957 1128 imbre
1984 1082 2039 1129 et
2074 1074 2277 1145 frigore
2316 1078 2681 1146 protegimur,
2713 1076 2811 1132 sed
2843 1085 2896 1132 et
2927 1077 3182 1131 ardorem
3230 1077 3363 1131 solis

1780 1162 2047 1227 vitamus,
2074 1179 2240 1233 quem
2277 1172 2335 1218 tu
2387 1164 2650 1220 deiﬁcare
2687 1181 2795 1220 non
2840 1166 3127 1229 erubescis
3151 1184 3169 1220 ι
3214 1165 3363 1221 ferro

1781 1263 1963 1310 autem
2015 1271 2123 1309 non
2175 1256 2563 1312 tantummodo
2610 1264 2812 1312 terram
2863 1272 3107 1321 aramus,
3170 1270 3361 1325 verum

1779 1346 1945 1401 etiam
1984 1347 2262 1402 irruentes
2311 1348 2503 1403 hostes
2540 1349 2950 1418 propulsamus.
2996 1349 3109 1419 Age
3142 1364 3272 1403 vero
3312 1347 3361 1403 si

1780 1438 1867 1496 liis
1894 1438 2209 1503 convictus,
2238 1438 2598 1494 nihilominus
2632 1448 2848 1508 perstas
2875 1440 3228 1509 putredinein
3291 1453 3357 1492 ac

1785 1528 2014 1583 fetorem
2060 1530 2380 1597 objiciens;
2428 1548 2498 1584 an
2534 1531 2776 1601 ignoras,
2830 1546 2891 1586 ea
2934 1547 3057 1600 qua:
3114 1531 3384 1585 auintunt'

1784 1621 2048 1684 alliciunt,
2083 1621 2367 1690 putrediui
2407 1622 2584 1675 multo
2622 1623 2796 1692 magis
2823 1636 2887 1678 ac
2920 1621 3080 1676 fetori
3108 1636 3233 1676 esse
3267 1621 3361 1674 ob-

1782 1712 2191 1783 noxia?Atqui
2237 1713 2292 1768 in
2337 1713 2614 1767 sententia
2666 1719 2876 1775 vestra,
2918 1713 3050 1766 boni
3090 1711 3185 1767 Dei
3230 1711 3364 1767 sub-

1783 1804 1989 1859 stantia
2020 1810 2110 1858 est
2152 1803 2380 1859 anima:
2423 1816 2555 1871 ergo
2608 1802 2790 1857 bonus
2843 1800 2989 1858 Deus
3041 1817 3211 1858 causa
3261 1802 3366 1855 erit

1784 1891 2010 1955 horum,
2058 1905 2183 1959 quae
2227 1895 2477 1959 reputas,
2524 1889 2797 1945 malorum
2828 1888 3139 1960 putredinis
3176 1904 3240 1945 ac
3286 1888 3365 1943 le-

1784 1983 1950 2038 toris.

1855 2073 1927 2128 Il.
1968 2073 2025 2128 Si
2067 2073 2212 2128 mala
2246 2072 2300 2127 in
2340 2071 2548 2127 mundo
2594 2084 2705 2127 non
2741 2079 2895 2137 sunt,
2948 2086 3049 2127 cur
3101 2072 3249 2142 leges
3303 2087 3371 2127 ea

1784 2166 2069 2237 puniunt?

1858 2252 1923 2309 0.
1958 2251 2074 2308 Hoc
2123 2252 2361 2307 maxime
2403 2259 2551 2305 tuam
2591 2250 2844 2320 coarguit
2890 2250 3203 2306 insaniam:
3241 2265 3379 2304 nam,

1785 2344 1893 2400 nisi
1930 2344 2107 2398 nostri
2133 2342 2352 2399 arbitrii
2380 2350 2528 2399 esset
2552 2342 2697 2396 male
2722 2341 2808 2397 vel
2838 2341 2978 2397 bene
3008 2356 3192 2411 agere,
3222 2342 3369 2394 baud

1791 2439 1953 2508 103
1982 2453 2115 2492 sane
2168 2437 2430 2508 punirent
2489 2435 2768 2492 maleﬁcos
2838 2435 3005 2504 leges,
3046 2448 3172 2502 quae
3227 2447 3371 2501 saepe

1789 2530 1933 2586 haud
1965 2539 2153 2586 aetum
2187 2538 2465 2601 spectant,
2495 2529 2590 2585 sed
2617 2529 2833 2599 agentis
2870 2528 3219 2598 propositum
3252 2526 3371 2581 dis-

1787 2624 2016 2696 quirunt
2042 2642 2055 2678 :
2081 2624 2274 2689 veluti,
2300 2623 2511 2693 lignum
2556 2622 2681 2693 quis
2703 2621 2857 2691 jecit,
2881 2630 2933 2675 et
2960 2620 3167 2675 invitus
3195 2619 3373 2673 Ιιοιυῖ-

1790 2733 1911 2772 nem
1947 2717 2187 2785 occidit;
2239 2731 2349 2771 non
2391 2715 2655 2769 damnant
2700 2714 2869 2770 credis
2911 2714 3061 2783 leges
3108 2728 3235 2768 eum
3278 2711 3369 2781 qui

1787 2808 1936 2863 fecit.
1970 2802 2174 2864 Mistus
2237 2815 2324 2864 est
2354 2808 2557 2877 aliquis
2590 2805 2786 2863 alienae
2816 2807 3062 2869 mulieri,
3096 2820 3260 2873 quam
3306 2804 3361 2857 in

1789 2915 1889 2955 suo
1916 2901 2119 2955 lectulo
2161 2900 2443 2955 iuventam
2483 2899 2696 2968 putavit
2745 2913 2873 2953 esse
2914 2898 3191 2967 propriam
3236 2911 3371 2951 uxo-

1789 3005 1943 3046 rem:
1982 2990 2278 3046 absolvunt
2317 3005 2440 3045 cum
2469 2989 2723 3044 adulterii
2749 2988 2982 3043 crimine
3004 2987 3172 3057 leges,
3204 2986 3250 3041 si
3283 3000 3373 3041 res

1795 3084 2234 3138 demonstretur.

1807 3236 1813 3241 ,
1864 3174 2139 3231 Praeterea
2171 3177 2446 3247 responde
2475 3178 2638 3244 mihi,
2678 3192 2780 3235 cur
2813 3178 2984 3233 solem
3020 3175 3310 3230 adoretis?

1867 3270 1935 3324 M.
1975 3268 2113 3336 Quia
2143 3268 2419 3325 luminare
2458 3270 2651 3326 mundi
2687 3281 2794 3336 est,
2828 3270 2957 3326 boni
2982 3268 3076 3325 Dei
3096 3268 3373 3342 genitura.

1866 3447 1931 3502 0.
1969 3449 2359 3519 (Iorporeusne
2383 3461 2489 3512 est,
2516 3464 2584 3504 an
2618 3450 2979 3520 incorporeus
3000 3449 3025 3500 ?

1869 3537 1937 3593 ll.
1977 3539 2366 3611 lncorporeus.

1868 3629 1933 3684 0.
1969 3630 2257 3695 Quomodo
2296 3630 2663 3703 incorporeus
2694 3630 3057 3701 corporaliter
3084 3627 3335 3683 cernitur
3355 3626 3383 3678 ?

1796 3720 2046 3791 Namque
2100 3723 2435 3791 incorporea
2474 3733 2658 3777 mente
2702 3721 3167 3789 contemplamur,
3204 3717 3377 3770 solem

1797 3813 2137 3869 sensibilitcr
2189 3812 2370 3866 oculis
2428 3820 2484 3865 et
2539 3810 2981 3878 circumscriptis
3044 3807 3377 3875 corporibus

1797 3900 2338 3970 comprehendimus.
2374 3897 2581 3954 Praeter
2616 3914 2779 3967 quam
2810 3898 2957 3968 quod
2990 3905 3149 3951 estne
3169 3895 3381 3965 aliquid.

1800 3992 2185 4060 incorporeum
2214 4003 2341 4044 cum
2367 3990 2653 4060 corporeis
2678 3988 3047 4061 qualitatibus
3074 3987 3097 4039 ?

1871 4081 1942 4135 Μ.
1973 4079 2092 4135 Νοη
2128 4089 2286 4152 ριιιο.

1873 4172 1938 4227 0.
1980 4172 2146 4242 Atqui
2198 4171 2281 4226 sol
2324 4184 2622 4240 corporeas
2692 4168 2857 4223 liabet
2918 4169 3255 4239 qualitates;
3291 4175 3375 4221 est

1801 4266 1947 4319 enim
1977 4264 2191 4321 calidus
2228 4263 2555 4332 aridusque,
2583 4278 2703 4333 qua:
2735 4268 2867 4317 sunt
2900 4275 3195 4332 corporum
3242 4273 3378 4328 qua-

123 4370 425 4441 ποιότητες·
458 4373 617 4442 σῶμα
649 4374 755 4442 ἄρα
786 4375 903 4426 ἐστὶ
938 4374 1032 4427 καὶ
1061 4374 1089 4426 6
1122 4373 1293 4443 ἥλιος.
1328 4374 1450 4438 Πῶς
1491 4352 1549 4428 δὲ
1594 4377 1695 4430 οὐκ

1803 4358 1981 4413 litates
2010 4376 2023 4411 :
2054 4364 2140 4413 est
2174 4356 2343 4427 igitur
2386 4370 2586 4425 corpus
2636 4354 2740 4411 sol.
2790 4352 2902 4408 Cur
2944 4367 3076 4407 vero
3117 4368 3229 4407 non
3285 4366 3382 4405 vos

126 4461 400 4534 ἐρυθριᾶτε
437 4464 685 4527 σέϐοντες
729 4466 787 4518 ὃν
840 4468 1018 4535 μισεῖν
1052 4466 1314 4535 ὠφείλετε
1349 4467 1423 4531 ὡς
1455 4468 1697 4521 ὲναντίον

127 4555 373 4610 ποιοῦντα
398 4556 494 4609 τοῦ
528 4557 802 4625 δόγματος
839 4557 1028 4627 ύμῶν;

196 4648 266 4700 Μ.
306 4647 400 4701 Διά
428 4647 481 4701 τί
508 4647 785 4711 ἐναντίως
1597 4692 1602 4697 .

198 4742 254 4792 0.
280 4740 398 4793 Ὅτι
436 4740 502 4793 τὰ
539 4740 789 4810 σώματα,
821 4740 857 4794 ἃ
884 4742 981 4810 τῆς
1020 4742 1220 4804 κακίας
1258 4742 1419 4812 ὑμεῖς
1446 4738 1586 4797 εἶναι
1613 4742 1703 4797 λέ-

140 4844 273 4895 γετε,
311 4833 492 4902 τρέφει
537 4851 595 4886 τε
637 4834 733 4886 καὶ
778 4836 1088 4903 συγκροτεῖ.
1129 4833 1239 4885 Καὶ
1272 4834 1482 4897 τούτοις
1528 4834 1703 4897 οὐδεὶς

142 4917 354 4990 ἀντερεῖ,
383 4922 455 4992 μὴ
500 4926 565 4994 τῇ
601 4922 766 4993 πείρα
817 4923 1147 4995 μαχόμενος.
1180 4924 1314 4977 Εἰπὲ
1363 4924 1421 4976 δέ
1473 4941 1563 4994 μοι
1608 4922 1705 4978 καὶ

146 5010 305 5076 τοῦτο,
333 5013 512 5083 κρίσιν
544 5012 859 5083 ὁμολογεῖςὶ

211 5102 279 5155 Μ.
319 5104 440 5159 Ναί.

158 5238 161 5243 ,
212 5192 268 5247 0.
304 5196 391 5259 Τίς
415 5198 444 5250 6
468 5198 692 5268 κρίνων,
728 5197 823 5250 καὶ
851 5197 933 5259 τίς
971 5197 999 5249 6
1033 5196 1387 5267 κρινόμενοςς

218 5282 286 5336 Μ.
321 5286 504 5356 Κρίνει
553 5286 654 5358 μὲν
692 5289 721 5340 6
750 5285 978 5355 ἀγαθὸς,
1008 5286 1256 5358 κρίνεται
1281 5285 1338 5338 δὲ
1378 5288 1409 5354 ἡ
1455 5285 1708 5355 ἁμαρτή-

165 5387 288 5429 esse
317 5381 458 5434 πᾶσα
490 5381 659 5450 ψυχή.

226 5464 280 5518 0.
316 5467 442 5521 Ἀλλ’
470 5470 665 5523 ἑαυτὸν
700 5468 1099 5537 ἀμαρτήσαντα
1124 5465 1368 5531 κολάζων
1398 5466 1712 5536 εὑρίσκεται

166 5554 339 5620 όΘεὸς,
361 5559 513 5632 εἴπερ
543 5562 608 5614 ὲκ
627 5559 727 5628 τῆς
753 5556 939 5619 οὐσίας
964 5556 1136 5626 αὐτῆς
1166 5559 1314 5610 ἐστιν
1351 5557 1385 5625 ή
1419 5554 1714 5626 κρινομένη

170 5642 318 5718 Ψυχή*
361 5653 469 5718 πῶς
502 5653 561 5709 δὲ
594 5650 984 5724 κατακρίνεται
1018 5652 1051 5722 ἡ
1083 5650 1158 5722 μὴ
1187 5650 1447 5715 ἑκουσίως
1472 5651 1711 5720 ἐργασα-

1802 4450 1970 4520 pudet
1999 4448 2235 4504 adorare
2263 4463 2387 4503 eum
2426 4462 2588 4516 quem
2616 4446 2802 4502 odisse
2834 4446 3072 4511 debetis,
3116 4443 3244 4516 quia
3289 4457 3382 4496 ve-

1801 4548 1919 4596 stro
1952 4537 2195 4612 dogmati
2224 4538 2507 4592 contraria
2535 4534 2708 4590 facit?

1873 4631 1944 4686 Μ.
1980 4630 2092 4686 Cur
2122 4627 2404 4685 contraria
2425 4629 2450 4680 ἲ

1872 4720 1938 4777 0.
1975 4719 2113 4788 Quia
2146 4732 2404 4790 corpora,
2442 4731 2563 4787 quae
2605 4731 2701 4771 vos
2741 4714 2974 4769 malitiae
3005 4728 3132 4768 esse
3173 4709 3384 4773 dicitis,

1803 4812 1978 4867 nutrit
2022 4822 2077 4866 et
2115 4808 2442 4879 compingit.
2478 4807 2658 4876 Atque
2702 4805 2792 4860 bis
2840 4818 3000 4859 nemo
3029 4801 3383 4865 contradicit,

1804 4904 1937 4976 quin
1975 4903 2055 4959 rei
2094 4909 2333 4973 expertae
2373 4908 2660 4971 repugnet.
2710 4897 2823 4954 lloc
2866 4897 3036 4953 etiam
3069 4895 3199 4950 mihi
3248 4894 3337 4981 die
3369 4911 3382 4947 ;

1803 4997 2075 5068 judicium
2106 4997 2225 5049 fore
2252 4993 2572 5049 conﬁteris?

1879 5088 1951 5143 M.
1984 5087 2273 5158 Equidem.

1878 5182 1941 5239 0.
1983 5182 2118 5248 Quis
2142 5179 2336 5249 judex,
2368 5190 2421 5233 et
2452 5178 2579 5249 quis
2609 5175 2894 5246 judicatus
2926 5174 2949 5227 ?

1885 5276 1952 5331 Μ.
1986 5275 2208 5330 Judicat
2236 5275 2413 5329 bonus
2445 5272 2611 5336 Deus,
2637 5270 2922 5344 iudicatur
2950 5266 3157 5338 qumvis
3202 5264 3385 5319 anima

1812 5368 2117 5441 peccatrix.

1884 5459 1949 5517 0.
1975 5460 2141 5530 Atqui
2180 5458 2425 5528 seipsuin
2466 5462 2786 5527 peccantem
2824 5451 3192 5522 coniperietur
3247 5450 3389 5504 Deus

1814 5552 2033 5625 punire,
2066 5550 2113 5607 si
2154 5556 2305 5605 certe
2337 5564 2404 5604 ex
2426 5547 2616 5604 eadem
2647 5543 2963 5601 substantia
2991 5550 3071 5598 est
3102 5556 3217 5617 quae
3242 5538 3383 5609 judi-

1814 5654 1974 5702 catur
1998 5642 2206 5697 anima.
2242 5639 2354 5699 Cur
2383 5654 2511 5696 vero
2538 5636 2958 5702 condemnatur,
2990 5648 3111 5706 quae
3137 5631 3380 5688 involun‘
