3882 6356
451 240 579 307 1⁸131

1894 245 2147 307 ADDEN
2157 249 2250 307 DA
2262 296 2273 306 .

3612 239 3744 303 1339

447 357 588 410 tari:
618 356 821 410 malum
861 367 1087 428 operata
1133 358 1254 414 est?
1294 356 1513 413 Etenim
1556 356 1889 412 necessitate
1928 371 2027 409 na-

2133 356 2263 427 μένη
2294 357 2355 409 τὸ
2389 356 2661 428 πονηρόν;
2709 356 2957 429 ’Λνάγκῃ
2984 357 3093 424 γὰρ
3128 354 3347 424 φύσεως
3383 354 3488 405 καὶ
3542 369 3739 422 προαι-

447 460 606 510 ιιηε,
634 463 743 502 non
773 449 1061 503 voluntate
1081 449 1195 502 ﬁeri
1219 434 1361 502 m'ala
1386 448 1593 502 dicitis.
1627 446 1733 502 Sed
1764 446 2028 517 quoniam

448 538 561 592 duo
586 540 858 609 principia
890 554 1016 594 esse
1046 539 1257 604 dicitis,
1288 539 1460 594 Deum
1503 554 1567 593 ac
1598 539 1884 593 materiam
1922 554 1937 604 ;
1979 548 2032 592 et

451 629 622 684 Deum
656 630 883 698 quidem
916 631 1151 697 bonum,
1182 632 1473 686 materiam
1508 630 1706 684 malam
1743 646 1758 693 ;
1796 640 1849 684 et
1884 629 2028 682 utri-

449 735 559 789 que
604 729 816 775 natura:
852 732 1171 792 separatum
1221 723 1621 792 propriumque
1656 722 1837 775 locum
1886 720 2031 774 assi-

448 823 621 881 gnare
649 810 888 867 audetis.
906 820 960 865 et
986 812 1126 866 alias
1158 813 1245 867 his
1267 813 1599 867 connectitis
1629 812 1862 876 fabulas,
1880 811 2029 881 quod

448 916 652 969 nempe
688 901 943 965 materia,
981 901 1104 955 luce
1130 900 1223 955 Dei
1254 904 1393 966 visa,
1430 916 1620 956 amore
1646 902 1920 956 exarserit
1948 909 2031 953 at-

447 1005 559 1060 que
585 991 653 1044 ad
694 991 846 1045 illam
884 992 1195 1045 accurrcrit
1221 1032 1235 1056 ,
1283 1006 1449 1061 quam
1493 990 1636 1047 Deus
1675 1006 1910 1046 cernens
1962 989 2029 1044 ad

448 1091 729 1136 certamen
790 1092 1084 1153 paratam,
1131 1082 1462 1137 substantia:
1515 1083 1755 1153 preprize
1814 1090 2029 1153 partem

448 1172 751 1227 dissectam
817 1174 896 1227 illi
948 1174 1253 1242 injecerit;
1298 1189 1406 1242 qua
1465 1182 1711 1243 recepta,
1796 1188 2030 1243 corpora

448 1270 652 1317 cuncta
677 1266 1138 1332 genuitmateria;
1171 1266 1432 1335 quoniam.
1464 1265 1637 1335 igitur
1670 1256 1789 1319 meo
1819 1265 2028 1329 dicitis,

446 1350 843 1407 refutationem
881 1354 1108 1409 brevem
1151 1355 1471 1409 eorumdem
1516 1354 1805 1408 faciemus.
1846 1353 2031 1407 Primo

448 1443 620 1513 igitur
663 1444 1053 1513 perpendenda
1102 1452 1187 1499 est
1232 1445 1410 1506 actio,
1465 1454 1651 1498 utrum
1714 1459 2032 1499 consonans

448 1534 875 1606 dongruensque
904 1537 979 1589 sit
1010 1537 1102 1590 Dei
1136 1547 1351 1591 natura:
1375 1556 1387 1591 :
1416 1536 1612 1591 deinde
1643 1536 1880 1590 actionis
1906 1550 2031 1589 sco-

450 1638 589 1691 pus:
625 1622 865 1693 denique
903 1623 1048 1679 linis.
1086 1624 1385 1678 Videamus
1440 1624 1627 1693 itaque
1659 1624 1712 1676 in
1749 1623 1859 1677 Deo
1917 1623 2031 1692 pri-

2134 448 2281 517 ρέσει
2301 448 2551 516 γίνεσθαί
2586 465 2724 517 φατε
2753 450 2821 502 τὰ
2849 447 3026 501 κακά’
3060 446 3175 499 ἀλλ’
3204 446 3398 514 ἐπειδὴ
3428 444 3539 495 δύο
3568 445 3743 512 6911;

2130 534 2271 592 εἷναί
2302 558 2438 608 φατε
2473 541 2628 603 Θεὸν,
2657 541 2753 594 καὶ
2779 540 2937 609 ῦλην.
2960 541 3056 591 καὶ
3087 538 3177 591 τὸν
3211 539 3313 608 μέν
3341 536 3489 589 Θεὸν
3513 535 3741 603 ἀγαθὸν,

2128 632 2228 702 τὴν
2252 632 2310 685 δὲ
2341 632 2478 702 ὕλην
2504 633 2771 703 πονηρὰν,
2798 632 2893 684 καλ
2929 630 3136 700 ἑκάστῃ
3169 629 3333 698 φύσει
3374 626 3743 697 κεχωρισμέ-

2129 739 2219 774 νον
2249 723 2345 775 καὶ
2372 722 2646 784 ἰδιάζοντα
2674 722 2841 780 τόπον
2874 719 3164 790 ἀφορίζειν
3192 717 3461 786 τολμᾶτε,
3498 717 3603 767 xui.
3626 714 3742 765 ἐτέο

2133 831 2259 887 ρους
2281 815 2339 867 δὲ
2367 815 2575 878 τούτοις
2599 813 2999 868 ἐπισυνάπτετε
3029 812 3254 882 μύθους,
3282 812 3369 864 ὅτι
3396 810 3745 880 θεωρήσασα

2129 907 2163 976 ἡ
2198 905 2300 975 ὖλη
2322 906 2384 958 τὸ
2408 906 2525 975 φῶς
2549 905 2644 958 τοῦ
2677 905 2837 970 Θεοῦ,
2861 906 2947 968 εἰς
2979 904 3160 976 ἔρωτα
3189 899 3343 973 ἦλθε,
3369 903 3469 955 καὶ
3505 901 3745 970 ὥρμησε

2131 998 2266 1069 πρὸς
2300 998 2360 1051 τὸ
2390 997 2535 1066 φῶς·
2567 998 2636 1068 ἢν
2666 998 2791 1050 ἰδὼν
2836 997 2867 1049 6
2913 996 3117 1065 ἀγαθὸς
3149 995 3284 1057 Θεὸς
3311 995 3455 1064 πρὸς
3494 993 3746 1061 πόλεμον

2133 1087 2715 1159 παρασκευαζομένην,
2738 1088 2843 1156 τῆς
2873 1089 3083 1150 οἰκείας
3110 1086 3300 1149 οὐσίας
3329 1086 3525 1155 μέρος
3541 1085 3745 1135 ἀποτε-

2133 1180 2271 1251 μὼν,
2318 1180 2553 1234 ἐπέϐαλε
2583 1179 2755 1251 ταύτῃ
2777 1198 2791 1212 ο
2824 1183 2859 1251 ὴ
2893 1179 2957 1256 δὲ,
2986 1179 3225 1232 λαϐοῦσα
3259 1177 3533 1247 ἐγέννησε
3561 1175 3745 1228 πάντα

2131 1272 2198 1325 τὰ
2233 1272 2495 1342 σώματαο
2533 1274 2655 1325 ἐπεὶ
2697 1269 2790 1326 οὖν
2828 1271 3005 1325 ταῦτά
3054 1287 3213 1339 φατε,
3242 1268 3577 1337 ἀνατροπὴν
3621 1266 3747 1319 τοὺ-

2130 1381 2240 1416 των
2290 1362 2555 1432 σύντομον
2597 1362 2959 1432 ποιησόμεθα.
2994 1360 3219 1431 Πρῶτον
3267 1355 3365 1411 οῦν
3411 1356 3745 1422 ἐξεταστέον

2131 1458 2229 1525 τὴν
2264 1455 2486 1526 πρᾶξιν,
2516 1456 2564 1507 εἰ
2598 1455 2950 1525 ἁρμόττουσα
2977 1455 3070 1506 καὶ
3115 1450 3461 1520 κατάλληλος
3506 1452 3632 1502 ἐστι
3677 1453 3742 1518 τῇ

2132 1548 2291 1618 φύσει
2319 1549 2415 1601 τοῦ
2448 1547 2585 1602 Θεοῦ
2605 1564 2620 1579 ·
2658 1544 2777 1601 εἶτα
2803 1549 2904 1616 τῆς
2936 1548 3187 1617 πράξεως
3215 1546 3308 1598 τὸν
3336 1545 3557 1597 σκοπόν
3577 1561 3591 1575 ·
3619 1541 3741 1597 εἶτα

2130 1638 2193 1690 τὸ
2234 1636 2403 1700 τέλος.
2441 1636 2687 1706 Είδωμεν
2732 1636 2914 1689 τοίνυν
2961 1636 3054 1688 ἐπὶ
3083 1635 3221 1688 Θεοῦ
3266 1634 3513 1705 πρῶτον,
3545 1635 3595 1686 εἰ
3644 1635 3742 1704 ἀρ-

450 1729 623 1779 nrum,
657 1722 842 1768 utrum
871 1715 995 1783 ejus
1014 1725 1226 1768 natura!
1250 1724 1520 1785 congruat
1544 1713 1693 1783 quod
1727 1715 1844 1784 ipse
1875 1712 2027 1768 facit.

2135 1729 2318 1800 μόττει
2348 1731 2413 1799 τῇ
2444 1727 2539 1781 τοῦ
2564 1728 2699 1795 Θεοῦ
2739 1727 2898 1796 φύσει
2926 1726 2987 1781 τὸ
3023 1728 3267 1799 πραχθὲν
3297 1727 3392 1779 ὑπ’
3428 1725 3636 1779 αὐτοῦ.
3672 1725 3738 1776 τί

449 1803 595 1870 Quid
622 1813 708 1861 est
756 1805 1062 1860 secundum
1120 1805 1213 1860 Dei
1267 1814 1522 1861 naturam
1547 1807 1572 1859 ⁴ἰ
1624 1807 1831 1878 Nempe
1862 1817 1920 1863 ut
1956 1808 2031 1863 sit

448 1900 756 1960 increatus.
787 1901 1251 1969 incorruptibilis,
1305 1903 1484 1958 bonus
1528 1906 1694 1973 atque
1735 1904 1927 1966 etiam,
1972 1912 2031 1957 ut

447 2007 549 2046 vos
578 1990 765 2046 dicitis
796 1991 1104 2058 Manichaei,
1165 2002 1227 2047 ut
1286 1993 1339 2047 in
1373 1994 1603 2064 proprio
1634 1994 1758 2049 loco
1785 2003 2023 2049 maneat.

447 2084 616 2153 Atqui
664 2085 835 2149 actio,
880 2085 932 2138 in
979 2093 1165 2140 vestra
1216 2086 1546 2156 hypothesi.
1605 2089 1886 2142 contraria
1935 2086 2027 2141 Dei

447 2182 666 2228 natura
694 2182 945 2244 apparet.
980 2173 1033 2228 Is
1058 2174 1204 2228 enim
1236 2190 1659 2245 quaqueversus
1686 2190 1715 2227 a
1750 2176 2029 2245 prmdictis

445 2262 884 2320 damnilicatur:
933 2279 1111 2334 neque
1153 2264 1267 2335 jam
1322 2273 1509 2320 manet
1548 2280 1693 2320 unus
1753 2266 2030 2320 inereatus

444 2354 646 2408 unicus
666 2353 759 2407 ille
787 2352 953 2420 Deus,
986 2370 1111 2409 cum
1146 2355 1199 2408 in
1228 2355 1359 2418 duo,
1383 2355 1495 2409 imo
1523 2366 1577 2410 et
1608 2356 1761 2425 plura
1781 2356 2028 2410 increata

444 2441 745 2496 dividatur.
782 2441 973 2513 Neque
997 2444 1360 2513 incorruptus
1404 2453 1678 2509 remanet,
1715 2453 1903 2514 utpote
1945 2445 2029 2499 di-

442 2539 623 2620 visqs.
658 2539 893 2607 Insuper
914 2554 984 2593 ne
1008 2540 1187 2595 bonus
1215 2538 1439 2608 quidem
1477 2557 1492 2593 :
1555 2540 1835 2609 quomodo
1883 2541 2028 2594 enim

443 2627 628 2681 bonus
651 2628 745 2691 sit,
778 2628 873 2697 qui
902 2629 1149 2697 seipsum
1203 2628 1422 2693 odiens,
1468 2639 1683 2699 partem
1727 2629 1815 2683 sui
1850 2630 2030 2684 hosti-

446 2717 553 2773 bus
582 2718 802 2787 prodit?
832 2717 1048 2774 Rursus
1090 2718 1369 2789 quomodo
1418 2719 1493 2773 sit
1530 2720 1729 2782 bonus,
1767 2718 1898 2773 dum
1943 2736 2028 2775 se-

446 2809 628 2877 ipsum
661 2809 879 2880 quidem
938 2810 1138 2865 liberat
1181 2811 1232 2863 in
1281 2809 1475 2863 mundi
1525 2809 1762 2875 factura,
1810 2800 2031 2863 verum-

445 2912 632 2961 tamen
666 2906 734 2961 ad
762 2907 839 2961 rei
880 2906 1044 2961 factae
1083 2906 1385 2976 perniciem
1412 2905 1466 2960 id
1492 2905 1694 2960 eﬂicit?
1716 2905 1823 2960 Sed
1851 2922 2030 2974 neque

386 2996 393 3003 ’
447 3002 669 3071 proprio
699 3001 756 3055 in
791 3001 917 3057 loco
948 3016 1183 3073 prorsus
1210 3001 1485 3072 perstitit;
1517 3001 1721 3055 etenim
1751 3016 1879 3071 pars
1905 3001 2029 3071 ejus

446 3099 513 3157 ad
547 3100 794 3155 materia:
813 3098 999 3153 locum
1016 3098 1339 3153 transilivit.
1357 3096 1614 3153 Secundo
1634 3098 1758 3152 loco
1778 3113 2027 3167 quaeren-

445 3196 576 3253 tlum
610 3206 719 3258 est,
747 3203 931 3251 utrum
970 3196 1116 3251 actio
1132 3195 1321 3250 tendat
1349 3193 1416 3248 ad
1446 3209 1672 3264 sc0pum
1698 3213 1710 3248 :
1733 3210 1858 3248 nam
1876 3204 2029 3251 certe

446 3302 598 3363 patet
631 3308 744 3349 rem
764 3294 973 3347 unitam
1009 3292 1292 3347 fortiorem
1328 3306 1452 3346 esse
1494 3292 1746 3362 partibus
1788 3292 1936 3357 suis;
1973 3302 2028 3347 ct

451 3383 611 3452 109
625 3398 747 3437 eum
778 3383 874 3451 qui
908 3384 961 3437 in
987 3382 1207 3451 propria
1239 3392 1432 3436 natura
1454 3390 1685 3451 perstat,
1705 3383 2026 3440 validiorem

447 3473 541 3529 illo
568 3487 692 3526 esse
730 3471 823 3540 qui
850 3487 915 3525 ex
950 3484 1050 3523 sua
1070 3452 1283 3524 .natura
1310 3469 1479 3525 fuerit
1502 3470 1848 3527 demutatus:
1872 3471 2030 3526 deni-

446 3577 555 3633 quc
578 3561 672 3630 qui
701 3560 921 3630 propria
962 3559 1016 3613 in
1042 3560 1173 3614 sede
1204 3569 1409 3621 manet,
1437 3559 1730 3615 ﬁrmiorem
1760 3562 1854 3616 illo
1880 3578 2026 3628 esse,

446 3651 540 3719 qui
570 3651 634 3704 ad
666 3651 829 3704 aliam
856 3649 1156 3705 translatus
1189 3649 1373 3704 fuerit.
1398 3647 1540 3714 Quid
1563 3665 1695 3719 ergo
1724 3666 2027 3719 congruum

447 3744 897 3813 conveniensque
940 3756 1114 3812 scopo
1150 3751 1229 3796 est
1254 3740 1278 3794 ?
1306 3738 1510 3811 Nempe
1537 3741 1707 3796 robur
1742 3759 1903 3799 suum
1938 3759 2029 3808 po-

449 3834 563 3898 tius
591 3845 946 3895 conservare,
978 3846 1143 3901 quam
1192 3830 1551 3886 distrahendo
1586 3831 1859 3889 infirmius
1902 3833 2029 3889 red-

447 3927 600 3980 dere.
633 3923 934 3980 Videamus
996 3931 1051 3978 ct
1101 3925 1347 3989 tertium,
1396 3932 1579 3980 utrum
1630 3940 1825 3995 nempe
1856 3941 2028 3996 scopo

448 4022 594 4073 actio
624 4017 979 4087 respondeat.
1012 4016 1319 4083 Quamnam
1360 4015 1531 4083 igitur
1580 4015 1799 4073 ﬁnalem
1848 4019 2029 4073 victo-

449 4110 543 4175 rize
594 4109 886 4173 utilitatem
917 4123 1042 4163 esse
1078 4107 1297 4162 dicitis?
1331 4108 1493 4162 Certe
1523 4114 1619 4167 aut
1652 4107 1909 4163 essentia:
1934 4107 2026 4161 Dei

449 4202 932 4277 conservationem
977 4214 1103 4255 esse
1150 4197 1372 4259 dicetis.
1406 4205 1501 4251 aut
1550 4213 1615 4252 ne
1649 4197 1871 4266 proprio
1904 4198 2028 4252 loco

450 4293 764 4354 decederet,
798 4298 982 4343 autut
1015 4282 1401 4343 destrueretur
1434 4287 1662 4341 materia
1698 4288 1779 4341 vel
1818 4288 1874 4342 in
1915 4305 2029 4344 meo

2130 1820 2311 1873 τοίνυν
2345 1821 2486 1873 κατὰ
2521 1818 2684 1890 φύσιν
2712 1820 2832 1873 ἐστὶ
2859 1820 2937 1890 τῷ
2964 1818 3083 1889 Θεῷ
3107 1836 3122 1882 ;
3157 1819 3415 1891 Δηλονότι
3441 1818 3511 1871 τὸ
3544 1819 3743 1887 ἀγένη-

2129 1931 2221 1966 τον
2251 1914 2345 1967 καὶ
2371 1913 2434 1966 τὸ
2461 1912 2762 1985 ἄφθαρτον,
2802 1914 2897 1966 καὶ
2924 1912 2987 1965 τὸ
3013 1913 3237 1982 ἀγαθον,
3276 1912 3371 1965 καὶ
3423 1911 3557 1965 καθ’
3592 1912 3741 1981 ὑμᾶς

2130 2005 2492 2074 Μανιχαίους,
2538 2004 2632 2057 καὶ
2652 2005 2711 2057 ἐν
2743 2003 2823 2074 τῷ
2867 2004 3057 2077 οἰκείῳ
3097 2007 3279 2073 μεῖναι
3318 2003 3671 2073 τόπῳ.’Δλλ⁹
3704 2004 3738 2071 ἠ

2131 2097 2330 2168 πρᾶξις
2359 2097 2503 2150 κατά
2538 2097 2638 2167 τὴν
2685 2096 2842 2166 ὑμῶν
2884 2096 3143 2149 ὑπόθεσιν
3174 2097 3396 2148 ἐναντία
3445 2097 3519 2165 τῇ
3569 2094 3738 2162 φύσει

2129 2190 2443 2243 δείκνυται’
2490 2190 2816 2259 λυμαίνεται
2862 2188 2971 2260 γὰρ
3022 2191 3157 2242 πᾶσι
3204 2191 3317 2251 τοῖς
3364 2188 3696 2259 εἰρημένοις
3725 2204 3741 2215 ο

2130 2280 2252 2337 οὔτε
2284 2284 2392 2353 γὰρ
2431 2278 2512 2345 εἷς
2546 2283 2812 2353 ἀγένητος
2840 2280 3086 2351 διαμένει
3130 2283 3157 2334 6
3204 2277 3286 2344 εἷς
3320 2280 3533 2348 ἀγαθὸς
3573 2279 3739 2345 Θεὸς,

2130 2377 2258 2430 ὅταν
2308 2377 2387 2438 εἰς
2427 2375 2521 2427 δύο
2570 2374 2603 2444 ἢ
2657 2375 2754 2427 καὶ
2786 2374 2956 2428 πλείω
2985 2374 3225 2444 ἀγένητα
3269 2373 3550 2444 διαιρεθῇ.
3589 2372 3735 2426 Οὔτε

2131 2467 2368 2536 ἀγαθός·
2422 2466 2522 2519 ποῦ
2558 2464 2667 2536 γὰρ
2701 2464 2907 2534 ἀγαθὸς
2941 2467 2970 2518 6
2996 2466 3189 2518 ἑαυτὸν
3219 2465 3517 2534 ἐχθρὰνας,
3547 2465 3579 2515 6
3629 2466 3736 2535 μὲ-

2133 2576 2227 2629 ρος
2252 2575 2304 2611 τι
2333 2555 2527 2611 ἑαυτοῦ
2560 2555 2791 2627 προδοὺς
2817 2559 2929 2617 τοῖς
2962 2557 3281 2626 πολεμίοις;
3329 2555 3439 2608 Ποῦ
3466 2555 3519 2609 δ’
3546 2556 3615 2609 ἂν
3644 2557 3737 2626 ειη

2131 2646 2357 2715 ἀγαθὸς,
2393 2645 2585 2699 ἐαυτὸν
2638 2644 2739 2713 μὲν
2788 2646 3090 2716 ἐλευθερῶν
3128 2645 3218 2698 διὰ
3249 2648 3350 2716 τῆς
3381 2645 3480 2698 τοῦ
3509 2648 3733 2716 κόσμου

2133 2740 2426 2808 ποιήσεως,
2447 2739 2535 2790 ἐπ’
2565 2739 2772 2810 ὀλέθρῳ
2800 2737 2857 2790 δὲ
2882 2738 2989 2790 τῶν
3017 2738 3543 2808 δημιουργηθέντων
3569 2739 3739 2793 τοῦτο

2131 2830 2339 2895 ποιῶν;
2373 2828 2488 2882 ἀλλ’
2518 2828 2643 2882 οὔτε
2670 2830 2728 2881 ἐν
2760 2829 2946 2899 οἰκείῳ
2968 2829 3118 2899 τόπῳ
3143 2828 3381 2898 διέμεινε
3412 2830 3733 2896 παντελῶς,

2133 2918 2404 2989 μετέπεσε
2443 2920 2554 2989 γὰρ
2598 2920 2763 2973 αὐτοῦ
2798 2920 2964 2990 μέρος
2992 2920 3085 2971 ἐπὶ
3116 2918 3208 2971 τὸν
3237 2921 3403 2971 τόπον
3430 2920 3538 2988 τῆς
3570 2919 3730 2990 ὕλης.

2130 3012 2399 3082 Δεύτερον
2425 3011 2685 3082 ζητητέον
2721 3013 2769 3065 εἰ
2813 3011 2891 3082 τῷ
2936 3010 3125 3080 σκοπῷ
3170 3011 3466 3074 ἀκόλουθός
3512 3012 3670 3064 ἐστιν
3697 3014 3732 3081 ἡ

2137 3103 2356 3173 πρᾶξις.
2398 3104 2495 3167 Τίς
2542 3100 2635 3158 οῦν
2664 3106 2692 3158 6
2722 3104 2955 3169 σκοπόςς
3009 3103 3177 3173 Δῆλον
3205 3103 3287 3156 ὅτι
3334 3104 3368 3171 ἠ
3408 3101 3538 3173 νίκη
3566 3119 3582 3133 ο
3613 3103 3731 3155 δεί-

2137 3212 2328 3248 κνυται
2355 3195 2412 3249 δὲ
2438 3195 2535 3248 καὶ
2568 3197 2624 3247 ἐν
2651 3195 2729 3265 τῷ
2763 3194 2952 3264 σκοπῷ
2986 3194 3226 3248 ἐναντίον
3255 3192 3457 3263 ἔχουσα
3503 3195 3540 3263 ἠ
3582 3194 3732 3264 πρᾶ-

2135 3286 2255 3354 ξις·
2305 3286 2464 3354 δῆλον
2516 3287 2624 3358 γὰρ
2671 3289 2754 3341 ὅτι
2799 3288 2828 3340 6
2872 3286 3185 3361 ᾑνωμένος,
3219 3284 3315 3337 τοῦ
3369 3285 3731 3354 μερισθπ

2141 3377 2515 3451 ἰσχυρότερος·
2549 3379 2643 3431 καὶ
2669 3381 2696 3431 6
2721 3379 2862 3432 κατά
2891 3379 3072 3446 φύσιν,
3099 3376 3193 3430 τοῦ
3220 3377 3372 3447 παρά
3403 3377 3572 3447 φύσιν
3590 3396 3728 3448 τρςι⁹

2140 3470 2333 3533 πέντος
2369 3468 2768 3541 δυνατώτερος’
2800 3470 2893 3524 καὶ
2934 3471 2963 3523 6
2990 3470 3049 3524 ἐν
3080 3469 3159 3540 τῷ
3191 3469 3306 3539 ἰδίῳ
3333 3469 3485 3539 τόπῳ
3519 3470 3725 3539 μένων.

2135 3560 2230 3614 τοῦ
2262 3562 2660 3632 μεταπεσόντος
2687 3566 2766 3625 εἰς
2791 3561 2977 3634 ἕτερον
2998 3562 3184 3615 τόπον.
3215 3562 3282 3614 Τί
3305 3561 3400 3615 οῦν
3426 3562 3726 3616 ἀκόλουθον

2136 3656 2231 3707 καὶ
2255 3654 2541 3725 πρεπῶδες
2560 3654 2638 3724 τῷ
2662 3653 2878 3723 σκοπῷς
2914 3655 3149 3725 τηρῆσαι
3192 3654 3391 3724 μᾶλλον
3413 3655 3515 3723 τὴν
3543 3654 3721 3722 ἰσχὺν,

2137 3747 2231 3799 καὶ
2255 3747 2330 3817 μὴ
2350 3749 2416 3817 τῇ
2442 3744 2723 3799 διαστάσει
2744 3745 3140 3813 ἀσθενεστέραν
3162 3746 3368 3815 ταύτην
3404 3747 3606 3799 ποιεῖν.
3628 3744 3724 3798 Εἰ-

2135 3834 2316 3905 δωμεν
2335 3836 2391 3888 δὲ
2415 3836 2509 3888 καὶ
2526 3836 2586 3888 τὸ
2606 3836 2789 3905 τρίτον
2810 3836 2859 3887 εἰ
2884 3835 3219 3906 κατάλληλος
3241 3836 3319 3905 τῷ
3346 3836 3494 3889 τέλει
3518 3838 3553 3906 ἠ
3583 3837 3724 3905 πρᾶο

2137 3927 2240 3992 ξις.
2284 3927 2349 3978 Τί
2389 3921 2483 3979 οῦν
2521 3926 2581 3979 τὸ
2619 3927 2684 3979 ἐκ
2719 3928 2819 3996 τῆς
2852 3926 3009 3994 νίκης
3032 3925 3188 3988 τέλος
3209 3927 3385 3995 φατές
3427 3927 3596 3999 map
3621 3928 3724 3999 τὴν

2137 4017 2387 4086 φυλακὴν
2407 4017 2507 4086 τῆς
2539 4016 2853 4079 συστάσεως
2879 4016 2969 4069 τοῦ
2994 4016 3129 4070 Θεοῦ
3153 4019 3331 4088 ἐρεῖτε
3355 4019 3663 4083 παντελῶς,
3685 4020 3718 4089 ἦ

2134 4108 2235 4177 τὴν
2258 4106 2571 4175 ἐλευθερίαν
2595 4107 2626 4176 ἢ
2652 4107 2714 4160 τὸ
2734 4107 2829 4160 τοῦ
2847 4108 3051 4160 οἰκείου
3071 4107 3234 4161 τόπου
3261 4107 3337 4177 μὴ
3362 4110 3717 4179 μεταστῆναι,

2136 4198 2169 4268 ἢ
2205 4198 2292 4250 ἵνα
2327 4198 2590 4267 ἀναιρεθῇ
2615 4198 2647 4267 ἡ
2673 4196 2796 4269 ὕλη,
2823 4198 2856 4268 ἦ
2878 4199 2967 4251 ἵνα
2999 4198 3315 4269 μεταϐληθῇ
3340 4200 3434 4251 ἐπὶ
3453 4200 3517 4251 τὸ
3542 4202 3720 4272 κρεῖτο

2134 4304 2253 4341 τον’
2290 4288 2406 4340 ἀλλ’
2443 4290 2476 4359 ἡ
2512 4288 2709 4359 πρᾶξις
2743 4288 2804 4341 τὸ
2845 4290 3087 4355 ἐναντίον
3134 4289 3349 4354 τούτοις
3384 4292 3719 4363 ὑπαγορεύει

452 4385 557 4438 lius
593 4387 1032 4435 converteretur.
1058 4378 1313 4432 Attamen
1338 4377 1617 4431 contraria
1651 4377 1738 4432 his
1774 4385 2029 4448 reputare

2135 4380 2298 4431 νοεῖν.
2326 4376 2466 4430 Οὔτε
2488 4377 2596 4448 γὰρ
2635 4380 2667 4447 ἡ
2702 4378 2962 4440 σύστασις
2980 4378 3074 4430 τοῦ
3099 4377 3235 4430 Θεοῦ
3265 4378 3325 4430 ἐν
3344 4376 3424 4447 τῷ
3452 4380 3598 4431 κατὰ
3618 4378 3723 4445 φύ-

450 4471 594 4525 aetio
642 4468 863 4524 suadet.
913 4467 1048 4522 Nam
1091 4482 1274 4537 neque
1305 4465 1397 4521 Del
1431 4466 1673 4522 essentia
1709 4467 1765 4520 in
1796 4483 1895 4522 sua
1930 4485 2031 4523 na-

452 4573 575 4615 tura
640 4559 900 4630 perstitit,
959 4567 1115 4630 parte
1156 4557 1436 4627 projecta;
1490 4572 1670 4627 neque
1737 4558 2032 4614 incolumis

454 4656 684 4715 libertas
738 4651 862 4717 fuit,
925 4651 1116 4705 mundi
1156 4650 1300 4705 enim
1353 4649 1607 4704 iuserviit
1662 4652 2027 4720 generationi,

454 4756 664 4814 partem
718 4745 802 4807 sui
845 4742 1119 4809 creaturis
1164 4741 1528 4811 impertiens:
1595 4757 1772 4811 neque
1811 4741 2029 4795 demum

452 4840 508 4893 in
548 4837 773 4907 proprio
799 4852 859 4890 se
886 4834 1163 4897 continuit
1190 4833 1331 4895 loco,
1358 4840 1512 4902 parte
1550 4833 1721 4901 ipsius
1756 4834 1821 4888 ad
1859 4826 2050 4887 motc-‘

451 4935 590 4991 riam
632 4932 920 4986 translata.
969 4928 1157 4998 Neque
1206 4929 1447 4993 materia:
1495 4935 1693 4981 natura
1747 4935 2029 4997 perempta

452 5027 556 5078 fuit
592 5029 690 5078 aut
738 5026 987 5076 mutata:
1040 5017 1247 5073 mansit
1293 5018 1439 5072 enim
1491 5017 1759 5088 quidquid
1800 5026 1920 5072 erat
1960 5017 2030 5071 ab

451 5117 612 5179 initio
650 5111 1047 5175 indemutabile
1081 5128 1096 5165 :
1126 5110 1199 5171 ita
1233 5117 1291 5164 ut
1322 5125 1461 5164 vana
1514 5124 1930 5180 quaqueversus
1964 5124 2029 5163 ac

454 5210 603 5261 fatua
640 5211 903 5275 appareat
944 5203 1059 5257 haec
1084 5215 1207 5273 quae
1240 5216 1271 5255 a
1301 5201 1458 5255 vobis
1503 5201 1706 5254 fabulae
1735 5200 1914 5253 instar
1942 5200 2031 5270 hy-

451 5296 698 5364 pothesis
737 5294 1008 5351 fabricata
1049 5303 1155 5349 est.
1196 5292 1350 5348 Licet
1388 5307 1520 5348 vero
1546 5293 1712 5347 etiam
1742 5305 1805 5344 ex
1834 5304 2031 5359 opera-

452 5390 719 5455 tionibus,
752 5397 808 5443 et
837 5402 903 5442 ex
936 5400 1135 5451 causa,
1170 5395 1225 5440 et
1268 5401 1333 5439 ex
1366 5386 1527 5448 locis,
1555 5398 1695 5453 quos
1727 5382 2027 5453 subiunge.

453 5498 597 5547 nius,
649 5488 853 5552 vestra:
919 5475 1355 5548 irreligiositatis
1423 5474 1818 5530 absurditatem
1871 5490 2029 5529 coar-

452 5590 639 5639 guere.
668 5571 745 5626 Ex
770 5570 1089 5641 operatione
1114 5568 1333 5639 quidem
1366 5568 1445 5623 sic
1465 5566 1712 5621 funditus
1740 5569 2025 5622 evertitur.

455 5654 509 5720 Si
543 5662 834 5719 contrariae
854 5645 992 5717 sunt
1027 5668 1261 5730 naturai,
1318 5659 1598 5717 contraria
1649 5674 1869 5733 quoque
1900 5673 2025 5729 ope.

2134 4486 2219 4521 σιν
2244 4470 2503 4537 διέμεινε,
2529 4468 2881 4538 προδοθέντος
2902 4467 2998 4520 τοῦ
3025 4467 3228 4538 μέρους
3251 4486 3265 4498 ·
3301 4467 3426 4521 οὔτε
3447 4470 3482 4538 ἡ
3503 4468 3718 4521 ἐλευθε-

2135 4560 2247 4632 ρία,
2269 4559 2551 4613 ἐδούλευσε
2585 4560 2694 4630 γὰρ
2725 4562 2791 4630 τῇ
2824 4559 3039 4628 γενέσει
3059 4558 3155 4612 τοῦ
3178 4560 3406 4628 κόσμου,
3430 4560 3489 4625 ἐξ
3521 4559 3719 4613 ἐαυτοῦ

2136 4649 2301 4721 μέρος
2322 4651 2435 4712 τοῖς
2455 4650 2939 4720 δημιουργηθεϊσιν
2961 4650 3138 4715 ἐνθείς
3162 4669 3175 4681 ·
3210 4650 3335 4704 οὔτε
3365 4650 3423 4703 δὲ
3452 4652 3511 4703 ἐν
3534 4651 3613 4720 τῷ
3634 4653 3714 4704 οἱ·

2132 4742 2269 4812 κείῳ
2290 4741 2529 4811 διέμεινε
2559 4741 2727 4811 τόπῳ,
2755 4741 3121 4809 μεταστάντος
3140 4741 3235 4794 τοῦ
3265 4742 3472 4811 μέρους
3494 4743 3590 4794 ἐπὶ
3622 4742 3718 4810 τὴν

2133 4833 2287 4903 ὓλην.
2304 4833 2442 4886 Οὔτε
2463 4834 2572 4902 δέἡ
2598 4832 2761 4901 φύσις
2784 4833 2884 4900 τῆς
2907 4832 3039 4902 ὕλης
3055 4833 3296 4904 ἀνῃρέθη
3322 4833 3356 4901 ἢ
3384 4832 3712 4901 μετεϐλήθη

2132 4926 2317 4997 ἔμεινε
2344 4926 2453 4994 γὰρ
2476 4925 2504 4977 ὃ
2528 4921 2597 4996 ἦν
2620 4925 2680 4989 ἐξ
2703 4926 2877 4995 ἀρχῆς
2900 4926 3346 4995 ἀμετάτρεπτον·
3382 4923 3461 4987 ὥς
3484 4942 3548 4991 γε
3584 4942 3717 4976 παν-

2132 5017 2360 5088 ταχόθεν
2402 5017 2569 5069 ἐωλον
2609 5019 2705 5070 καὶ
2745 5016 2936 5087 μωρὰν
2974 5016 3287 5070 δείκνυσθαι
3309 5018 3409 5086 τὴν
3433 5018 3709 5077 ὑπόθεσιν,

2132 5112 2199 5181 ἢν
2241 5108 2669 5180 μυθολογοῦντες
2706 5108 3077 5176 συνεθήκατε,
3118 5107 3235 5160 ἔστι
3277 5109 3334 5161 δὲ
3376 5110 3471 5161 καὶ
3509 5111 3574 5161 ἐκ
3610 5108 3713 5160 τῶν

2131 5201 2424 5272 ἐνεργειῶν
2447 5200 2663 5270 καὶτῆς
2682 5200 2861 5263 αἰτίας
2883 5201 2992 5252 κάκ
3010 5200 3121 5252 τῶν
3143 5200 3347 5263 τόπων,
3368 5192 3444 5252 ὧν
3467 5200 3714 5253 ὑποτίθε-

2134 5309 2254 5361 μεν,
2287 5291 2387 5361 τῆς
2420 5290 2678 5353 ἀσεϐείας
2710 5289 2865 5359 ὑμῶν
2901 5288 3119 5358 ἐλέγξαι
3154 5290 3215 5343 τὸ
3246 5290 3471 5344 ἄτοπον.
3490 5291 3586 5343 Ἐκ
3616 5290 3713 5359 μὲν

2130 5376 2223 5436 οῦν
2252 5382 2350 5450 τῆς
2383 5382 2663 5450 ἐνεργείας
2695 5379 3109 5451 ἀνατρεπτικῶς
3151 5380 3349 5444 οὕτως.
3386 5383 3449 5434 Εἰ
3479 5382 3715 5435 ἐναντίαι

2131 5474 2185 5526 αἱ
2221 5472 2431 5541 φύσεις,
2464 5471 2681 5524 ἐναντία
2722 5470 2818 5524 καὶ
2859 5471 3128 5542 ἐνέργεια.
3175 5473 3238 5525 Εἰ
3268 5467 3363 5525 οὖν
3394 5475 3425 5543 ἡ
3458 5472 3552 5525 τοῦ
3579 5472 3711 5525 Θεοῦ

2131 5566 2379 5635 ἐνέργεια
2423 5562 2680 5633 ποιητικὴ
2707 5562 3069 5631 ὁμολογεῖται,
3094 5563 3125 5632 ἡ
3155 5563 3256 5632 τῆς
3283 5562 3415 5633 ὕλης
3437 5563 3710 5635 παθητικὴ

2132 5656 2311 5709 ἔσται’
2355 5658 2399 5707 εἰ
2440 5655 2494 5707 δὲ
2526 5652 2705 5719 τοῦτο,
2739 5652 3026 5707 ὑπόκειται
3059 5653 3167 5724 ἄρα
3207 5654 3283 5726 τῷ
3315 5655 3437 5727 Θεῷ
3469 5656 3562 5710 καὶ
3595 5655 3710 5710 δου-
