3876 6336
97 270 133 335 1
152 276 310 339 333
821 278 1143 342 JOANNIS
1196 283 1642 349 ORTHODOXI
1686 289 2139 354 DISPUTATIO
2166 296 2327 356 CUM
2356 299 2514 359 MAN
2521 300 2791 362 ICHIEO.
3290 307 3428 373 1334

93 392 315 446 λεύει
336 410 349 422 ·
378 390 617 485 οὑκᾼᾶρα
650 391 913 462 ἀγένητός
942 396 1091 451 ἐστιν
1113 413 1125 425 ·
1156 398 1330 463 ἄλλως
1356 418 1415 454 τε
1440 400 1496 455 δὲ
1523 401 1556 473 ἢ
1582 402 1636 455 αἱ
1657 400 1752 455 δύο

1868 404 2016 459 'atio.
2049 404 2106 460 Si
2143 423 2275 477 ergo
2329 409 2422 463 Dei
2459 414 2835 481 operationem
2881 414 3114 468 aetivam
3167 414 3420 485 fatentur,

100 481 442 542 ποιοῦσιν,
472 480 504 551 ἢ
547 484 602 535 αἱ
647 481 741 535 δύο
789 485 1113 554 πάσχουσιν,
1147 488 1180 558 ἢ
1218 491 1250 560 η
1285 490 1386 559 μὲν
1435 494 1601 557 ποιεῖ,
1632 493 1666 563 η
1694 492 1753 546 δὲ

1868 496 2101 550 materiae
2128 498 2377 567 operatio
2407 480 2628 570 passiva
2663 503 2789 559 erit.
2829 501 2885 557 Si
2917 505 2991 557 ita
3031 513 3138 571 est,
3172 480 3426 577 subjacet

101 572 396 643 πάσχει,
427 572 459 643 ἤ
494 573 652 629 αὑταὶ
684 575 953 645 πάσχουσι
990 578 1084 630 καὶ
1117 579 1389 635 ποιοῦσιν
1430 582 1546 637 ἀλλ’
1573 583 1621 636 εί
1655 583 1754 653 μὲν

1868 600 1984 657 :rgo
2010 587 2128 643 Deo
2156 591 2436 661 servitque
2466 593 2718 648 materia.
2747 593 2867 649 Jam
2904 595 2950 650 si
2978 596 3227 666 subiacet
3260 572 3427 670 atque

104 667 187 718 αἱ
253 666 369 719 δύο
417 664 653 733 ποιοῦσι,
684 665 797 719 θεοὶ
840 667 1074 735 ἔσονται,
1112 671 1166 724 εῐ
1194 688 1258 741 γε
1296 674 1356 726 τὸ
1399 678 1575 731 ποιεῖν
1615 677 1751 730 Θεοῦ

1868 678 2043 742 servit,
2077 695 2187 735 non
2245 688 2331 737 est
2377 691 2527 739 certe
2576 684 2839 742 iucreata.
2868 664 3162 755 Praeterea,
3195 691 3278 745 vel
3305 664 3429 747 dua:

109 757 377 828 μελέτη
420 757 497 827 (1)
546 757 642 811 καὶ
676 758 809 830 ὕλης
839 760 1205 816 ἐπινοεῖσθαι·
1253 765 1302 817 εί
1349 765 1408 819 δὲ
1453 768 1752 838 πάσχουσιν

1868 779 2060 827 taturae
2087 781 2276 843 agunt,
2305 775 2389 829 vel
2433 776 2555 832 duae
2601 777 2926 848 patiuntur;
2962 780 3047 834 vel
3094 780 3201 835 alia
3228 783 3342 852 agit
3368 792 3423 837 et

107 849 505 919 ἀμφότεραι,
536 848 693 904 ἄλλαι
726 851 939 905 ἔσονται
973 856 1028 906 αἱ
1058 854 1170 921 δύο,
1202 856 1295 909 καὶ
1322 856 1507 928 ἕτερος
1531 859 1560 913 6
1591 878 1749 930 ποιη-

1868 862 1960 916 Ilia
1986 865 2214 934 patitur,
2246 866 2331 921 vel
2365 867 2541 923 ambae
2591 869 2880 939 patiuntur
2911 876 2967 924 et
2996 879 3189 940 agunt.
3238 848 3344 928 Sed
3372 875 3421 927 si

105 944 239 1012 τὴς
282 941 685 1013 ζητηθήσεται.
724 942 786 996 Ei
816 944 928 1015 δὲή
964 946 1064 1013 μὲν
1091 948 1308 1018 πάσχει,
1338 950 1371 1020 ἡ
1417 950 1474 1004 δὲ
1507 954 1682 1006 ποιεῖ’
1714 955 1748 1024 ὴ

1868 953 1972 1008 luas
2002 965 2195 1025 agunt,
2221 956 2296 1011 dii
2328 965 2530 1024 erunt;
2559 959 2833 1030 siquidem
2871 976 3033 1030 agere
3056 962 3151 1016 Dei
3182 962 3420 1017 oliicium

114 1034 249 1102 μὲν
297 1032 594 1117 πάσχουσα
632 1035 854 1107 γενητὴ,
890 1039 920 1105 ἡ
949 1036 1007 1089 δὲ
1033 1038 1262 1093 ποιοῦσα
1289 1040 1583 1111 ἀγένητος·
1620 1044 1752 1098 εἰδὲ

1868 1056 1956 1115 :st,
1984 1049 2337 1120 materiaeque
2366 1066 2560 1109 curam
2600 1068 2815 1123 gerere.
2864 1053 3022 1120 Quod
3061 1054 3106 1109 si
3139 1056 3315 1110 ambae
3341 1071 3429 1128 pa-
3486 1108 3495 1115 ,

1852 1138 2079 1205 tiuntur,
2113 1140 2345 1196 diversa!
2381 1150 2543 1197 erunt
2602 1152 2856 1214 utraque,
2913 1154 2969 1199 et
3014 1144 3158 1201 alius
3208 1154 3430 1201 creator

1852 1238 2146 1300 qumretur.
2180 1229 2240 1287 Si
2274 1248 2409 1287 vero
2441 1250 2546 1288 una
2581 1234 2785 1305 patitur
2812 1242 2868 1288 et
2903 1250 3011 1289 una
3039 1235 3178 1305 agit,
3212 1236 3431 1305 patiens

1854 1320 2074 1391 quidem
2121 1329 2307 1377 creata
2330 1361 2347 1388 ,
2396 1338 2568 1394 agens
2605 1325 2874 1381 increata.
2903 1325 3151 1395 Denique
3178 1327 3223 1381 si
3256 1326 3431 1381 amba:

1853 1424 1907 1468 et
1933 1423 2101 1485 agunt
2121 1420 2176 1469 et
2210 1415 2519 1484 patiuntur,
2564 1426 2843 1487 quatenus
2894 1429 3085 1488 agunt,
3118 1418 3194 1473 dii
3223 1427 3430 1484 erunt;

1853 1513 2132 1575 quatenus
2170 1508 2478 1577 patiuntur,
2530 1511 2794 1566 materiae.
2846 1512 3058 1567 Emdem
3086 1528 3220 1584 ergo
3245 1524 3432 1577 erunt,
3536 1536 3539 1539 ν

112 1125 188 1177 αἱ
230 1124 350 1178 δύο
384 1125 655 1193 πάσχουσι
685 1127 780 1179 καὶ
813 1128 1048 1192 ποιοῦσι,
1084 1129 1216 1182 καθὸ
1250 1129 1351 1200 μὲν
1376 1132 1613 1196 ποιοῦσι,
1638 1133 1753 1189 θεοὶ

110 1214 407 1281 ἔσονται,
442 1214 580 1268 καθὸ
601 1214 660 1268 δὲ
682 1216 1002 1287 πάσχουσιν,
1031 1216 1154 1272 ὗλαι
1174 1236 1189 1249 ο
1213 1221 1270 1273 αἱ
1300 1221 1461 1275 αὑταὶ
1485 1218 1579 1277 οὖν
1604 1224 1753 1279 ἔσον-

116 1327 228 1361 ται
274 1307 407 1361 θεοὶ
441 1308 536 1362 καὶ
575 1307 720 1372 ὗλαι,
751 1311 980 1380 γενητα)⁸
1026 1311 1122 1367 καὶ
1175 1312 1453 1385 ἀγένητοι.
1486 1317 1610 1370 Κάκ
1650 1318 1753 1388 τῆς

115 1401 227 1455 ait
239 1401 350 1464 ἕσις
378 1402 434 1455 δὲ
467 1401 680 1473 ἐλέγχει
708 1402 867 1456 τοῦτο
894 1402 1039 1473 ὑμᾶς
1065 1420 1078 1432 ·
1112 1405 1165 1458 τί
1197 1406 1258 1459 τὸ
1292 1407 1465 1461 αἴτιον
1494 1409 1588 1462 τοῦ
1614 1406 1751 1465 εἶναι

118 1494 243 1565 τὴν
293 1493 444 1566 ὓλην
472 1495 649 1565 κακὴν
681 1494 1038 1567 ὑποτίθεμεν;
1078 1499 1148 1550 Ἢ
1182 1498 1290 1570 γὰρ
1317 1499 1451 1553 διότι
1488 1502 1754 1573 ἀγένητος

118 1586 241 1639 καὶ
280 1586 470 1657 ἁρχὴ,
505 1585 540 1659 ἢ
574 1585 707 1640 διότι
742 1585 880 1659 ὕλη,
923 1587 957 1658 ἦ
990 1588 1124 1642 διότι
1158 1589 1348 1662 σῶμα,
1381 1593 1415 1663 ἢ
1450 1593 1583 1647 διότι
1612 1596 1753 1649 διαι-

1868 1596 2003 1653 liiet
2021 1598 2283 1666 materiai,
2313 1609 2510 1657 creatae
2540 1610 2595 1657 et
2617 1604 2894 1659 increatae.
2920 1602 2996 1658 Ex
3019 1619 3186 1660 causa
3213 1619 3434 1676 quoque

125 1682 339 1751 ρεῖται
399 1679 492 1734 καὶ
526 1679 943 1750 μεταϐάλλεταις
961 1682 1101 1735 Ἀλλ’
1136 1685 1183 1735 εί
1214 1684 1312 1753 μὲν
1337 1685 1470 1739 διότι
1501 1688 1592 1741 καὶ
1619 1688 1751 1756 ἀγέ-

1868 1689 2274 1761 redarguimini.
2327 1691 2501 1758 Quam
2558 1694 2628 1749 ob
2678 1710 2901 1750 causam
2959 1698 3247 1752 materiam
3308 1712 3437 1753 esse

118 1788 319 1842 νητος
367 1770 464 1824 καὶ
496 1770 659 1842 ἀρχὴ,
693 1772 835 1825 καὶὸ
856 1772 988 1836 Θεὸς
1021 1773 1258 1841 τοιοῦτος
1278 1792 1293 1806 ο
1317 1778 1365 1829 εί
1386 1776 1442 1829 δὲ
1471 1776 1601 1831 διότι
1625 1754 1748 1851 ὕλη,

1868 1778 2098 1835 dicimus
2141 1781 2381 1834 malam?
2431 1781 2636 1852 Nempe
2683 1785 2772 1839 vel
2815 1789 2943 1855 quia
2984 1786 3227 1842 increata
3256 1798 3339 1842 est
3376 1795 3434 1841 et

120 1862 243 1935 ὖλη
288 1864 371 1917 δὲ
400 1863 867 1935 προσαγορεύεται
896 1866 984 1920 διὰ
1009 1866 1070 1920 τὺ
1102 1867 1420 1923 ὑποκεῖσθαι
1440 1871 1521 1934 είς
1542 1870 1756 1938 γένεσιν

1868 1872 2218 1942 principium,
2250 1873 2334 1928 vel
2360 1873 2487 1943 quia
2516 1874 2771 1941 materia,
2809 1875 2892 1930 vel
2924 1875 3053 1946 quia
3090 1892 3315 1946 corpus,
3348 1879 3435 1931 vel

122 1956 253 2012 τῶν
276 1955 351 2021 ἐξ
380 1956 575 2027 αὐτῆς,
592 1956 677 2010 διὰ
706 1957 863 2011 τοῦτο
889 1957 1027 2013 κατά
1053 1959 1152 2032 τὴν
1182 1961 1350 2033 αὑτὴν
1372 1956 1627 2017 ὑπόθεσιν
1657 1964 1757 2018 υὺκ

1868 1962 1986 2032 quia
2016 1960 2284 2015 dividitur
2307 1970 2361 2015 ct
2387 1963 2729 2017 immutatur.
2759 1964 2926 2033 Atqui
2952 1965 3000 2019 si
3022 1965 3153 2036 quia
3186 1965 3435 2020 increata

130 2048 374 2117 ἀγαθὸς
407 2051 437 2103 6
471 2049 636 2113 Θεός’
684 2050 968 2109 ὑπόκειται
1007 2052 1115 2124 γὰρ
1162 2056 1244 2118 είς
1288 2055 1503 2123 γένεσιν
1547 2056 1655 2110 τῶν
1698 2057 1759 2123 ἐξ

1868 2060 1941 2109 εει
1966 2060 2017 2108 et
2047 2052 2402 2124 principium,
2460 2053 2609 2109 Deus
2648 2068 2868 2125 quoque
2908 2056 3038 2115 talis
3068 2064 3175 2111 est.
3216 2055 3274 2110 Si
3305 2058 3433 2126 quia

133 2143 331 2197 αὑτοῦ
381 2142 575 2214 ψυχῶν
613 2144 708 2198 καὶ
739 2144 1006 2212 ἀγγέλων,
1040 2147 1114 2209 ὡς
1161 2146 1321 2216 ὑμεῖς
1370 2149 1420 2200 oi
1464 2148 1757 2219 Μανιχαίοι

1868 2148 2109 2212 materia,
2142 2146 2372 2204 materia
2402 2154 2589 2202 autem
2624 2148 2934 2219 appellatur
2967 2157 3257 2219 propterea
3287 2151 3434 2220 quod

134 2235 556 2307 δογματίζετε.
595 2238 656 2289 Et
686 2237 743 2290 δὲ
769 2237 904 2291 διότι
939 2238 1119 2310 σῶμα,
1160 2241 1283 2309 οὑχὶ
1317 2241 1453 2311 αὑτὴ
1482 2242 1631 2296 αἰτία
1662 2243 1757 2296 τοὺ

1868 2239 2098 2294 obnoxia
2123 2248 2208 2295 est
2239 2239 2556 2309 generando
2580 2254 2647 2294 ex
2676 2255 2755 2305 se,
2783 2239 2908 2296 ideo
2932 2250 3155 2311 propter
3181 2241 3434 2296 eamdem

136 2324 300 2382 εἶναι
342 2325 535 2396 σῶμα,
569 2326 684 2381 ἀλλ’
704 2329 732 2381 6
761 2329 922 2392 Θεός·
952 2329 1006 2382 εί
1039 2347 1100 2398 γε
1134 2335 1239 2400 πρὸ
1268 2331 1360 2384 τοῦ
1387 2332 1676 2401 ἐμϐάλλειν
1696 2335 1759 2387 τὸ

1868 2332 2207 2403 hypothesim
2271 2348 2340 2388 ne
2395 2332 2541 2388 Deus
2588 2332 2811 2403 quidem
2860 2332 3041 2389 bonus
3068 2332 3196 2399 erit,
3225 2333 3353 2403 quia
3383 2342 3440 2387 et

139 2418 207 2485 ἐξ
244 2418 435 2473 αὑτοῦ
479 2418 646 2490 μέρος
673 2423 739 2491 τῇ
771 2420 892 2492 ὕλῃ,
923 2421 1022 2475 οὑκ
1049 2417 1117 2492 ἦν
1144 2423 1303 2493 σῶμα
1325 2440 1337 2452 ’
1369 2424 1419 2476 εί
1437 2423 1496 2477 δὲ
1523 2424 1658 2478 διότι
1682 2424 1761 2478 δι⁴

1868 2424 1979 2493 ipse
2001 2424 2276 2480 obnoxius
2306 2432 2391 2480 est
2414 2423 2773 2496 producendo
2811 2440 2878 2480 ex
2913 2440 2973 2480 se
3007 2425 3221 2479 animas
3250 2432 3305 2480 et
3332 2440 3436 2479 an-

144 2513 413 2582 αιρεῖται
444 2512 537 2565 καὶ
571 2510 965 2581 μεταϐάλλεται
990 2516 1018 2567 6
1050 2514 1181 2578 Θεὸς
1209 2515 1333 2569 καθ’
1355 2516 1499 2587 ὑμᾶς
1519 2521 1632 2581 τοῖς
1664 2518 1759 2572 αὑ-

142 2606 271 2666 τοῖς
303 2604 633 2674 ἐνεχόμενος
669 2607 861 2668 κακοῖς
892 2604 1043 2659 ἔσται
1068 2622 1081 2636 ·
1117 2607 1166 2659 εί
1206 2606 1315 2678 γὰρ
1358 2608 1649 2679 διαιρεῖται
1678 2612 1762 2677 είς

150 2698 421 2765 γενέσεις
468 2697 714 2766 ἀγγέλων
757 2698 854 2752 καὶ
897 2698 1103 2769 ψυχῶν,
1142 2699 1281 2771 πλὴν
1313 2700 1368 2755 δὲ
1405 2702 1463 2769 ἐξ
1491 2703 1656 2758 αὑτοῦ
1697 2705 1759 2759 οὐ

150 2788 301 2854 θοοὶ,
336 2787 506 2861 δῆλον
533 2789 614 2843 ὃτι
654 2789 715 2843 οὑ
764 2789 924 2859 μόνον
964 2790 1270 2861 διαιρεῖται,
1314 2792 1453 2850 ἀλλὰ
1488 2795 1585 2849 καὶ
1628 2813 1761 2866 μετ-

153 2882 408 2954 εϐλήθη.
445 2883 509 2937 Ei
540 2881 597 2936 δὲ
626 2884 688 2937 οὑ
725 2882 886 2936 τοῦτό
928 2900 1066 2952 φατε
1090 2884 1266 2940 αἴτιον
1295 2882 1433 2942 εἶναι
1458 2889 1553 2942 τοῦ
1583 2890 1763 2961 κακὴν

1868 2878 2129 2935 dividitur
2156 2889 2210 2935 et
2249 2880 2599 2945 immutatur,
2637 2878 2780 2934 Deus
2823 2879 2881 2933 in
2923 2877 3203 2934 sententia
3252 2883 3446 2934 vestra

155 2974 455 3045 ὑπάρχειν
500 2973 601 3042 τὴν
648 2973 800 3044 ὓλην,
853 2974 994 3028 ἀλλά
1037 2976 1098 3029 τὸ
1143 2976 1348 3049 ταύτην
1402 2980 1759 3051 ἁμαρτάνειν,

1868 2969 2059 3026 iisdem
2107 2971 2270 3027 malis
2317 2972 2427 3026 erit
2480 2971 2801 3027 obnoxius:
2836 2986 2963 3026 nam
3000 2971 3047 3027 si
3092 2969 3357 3025 dividitur
3384 2969 3439 3025 in

161 3064 353 3118 ἰστέον
386 3062 468 3126 ὡς
491 3062 646 3116 οὐδὲν
675 3063 783 3117 τῶν
809 3063 952 3117 κατὰ
977 3064 1139 3133 φύσιν
1184 3066 1244 3132 ἐξ
1272 3068 1517 3142 ἀνάγκης
1539 3072 1763 3142 γινομέ-

1868 3061 2191 3133 angelorum
2230 3069 2395 3132 atque
2427 3063 2743 3117 animarum
2782 3062 3219 3132 procreationes,
3262 3075 3449 3132 neque

158 3172 296 3217 νων,
325 3152 645 3223 ἁμάρτημα
662 3153 951 3223 τυγχάνει·
976 3157 1125 3209 πᾶσα
1146 3155 1255 3227 γὰρ
1278 3158 1521 3229 ἁμαρτία
1543 3162 1606 3214 ἐκ
1630 3178 1763 3232 προ⁹

1869 3164 2051 3209 tamen
2079 3170 2145 3210 ex
2180 3169 2246 3210 eo
2280 3155 2618 3224 proveniunt
2654 3155 2755 3223 dii,
2794 3155 3136 3227 exploratum
3181 3162 3268 3210 est
3314 3168 3445 3209 eum

160 3243 451 3315 αιρέσεως
481 3242 688 3311 γίνεται
709 3258 725 3273 ⁶
760 3245 795 3315 ἡ
823 3244 882 3299 δὲ
910 3246 1233 3318 προαίρεσις
1277 3250 1342 3303 ἐκ
1370 3250 1548 3321 ψυχῆς
1568 3267 1583 3282 ⁸
1627 3254 1660 3323 ἡ
1708 3254 1767 3308 δὲ

1868 3261 1978 3301 non
2014 3247 2195 3303 solum
2229 3246 2425 3315 dividi,
2493 3264 2683 3305 verum
2741 3248 2906 3327 etiam
2955 3263 3081 3306 esse
3140 3254 3438 3303 mutatum.

158 3335 322 3405 ψυχὴ
349 3332 514 3386 οὑσία
540 3332 677 3389 Θεοῦ
705 3334 829 3388 καθ’
855 3335 1026 3405 ὑμᾶς·
1056 3338 1121 3392 ὲκ
1138 3337 1274 3392 Θεοῦ
1303 3339 1413 3409 ἄρα
1439 3342 1472 3411 ἡ
1500 3341 1765 3413 ἁμαρτία,

1868 3335 2024 3403 Quod
2054 3338 2102 3393 si
2155 3338 2398 3409 denique
2429 3337 2577 3393 haud
2620 3338 2762 3394 hanc
2804 3354 2929 3396 esse
2979 3354 3205 3395 causam
3257 3336 3449 3393 dicitis

163 3426 267 3481 καὶ
314 3423 427 3477 οὑκ
469 3424 535 3485 ἐκ
572 3425 672 3495 τῆς
721 3424 883 3497 ὕλης,
907 3426 1050 3481 κατά
1092 3427 1154 3480 τὸ
1201 3429 1357 3500 ὑμῶν
1402 3431 1767 3487 ἀσεϐέστατον

1868 3443 1969 3484 cur
2003 3429 2144 3484 mala
2179 3430 2253 3485 sit
2282 3429 2533 3493 materia,
2566 3429 2662 3486 sed
2703 3429 2833 3500 quia
2866 3428 2984 3485 hazc
3016 3435 3228 3499 peccat,
3257 3427 3447 3484 scien-

165 3516 373 3586 δόγμα.
416 3516 541 3568 Κάκ
575 3515 685 3569 τῶν
727 3517 911 3571 τόπων
938 3518 996 3571 δὲ
1022 3511 1096 3573 ὧν
1127 3520 1285 3590 ὑμεῖς
1327 3521 1646 3576 ὑποτίθεσθε
1672 3523 1766 3578 τὸν

1868 3518 1997 3573 dum
2035 3527 2139 3587 est,
2170 3519 2308 3573 nihil
2341 3519 2488 3590 quod
2540 3521 2593 3575 in
2645 3536 2832 3575 rerum
2890 3528 3089 3575 natura
3123 3518 3444 3575 necessario

173 3605 277 3675 μὲν
303 3605 389 3676 τῷ
419 3605 559 3675 Θεῷ,
593 3605 685 3658 τὸν
705 3606 761 3660 δὲ
785 3608 851 3678 τῇ
890 3606 989 3679 ὕλῃ
1037 3610 1453 3679 προσνέμοντες,
1486 3611 1631 3682 ὑμᾶς
1659 3612 1765 3666 ἀπ-

1868 3614 1981 3677 liat,
2029 3628 2155 3668 esse
2204 3621 2516 3683 peccatum.
2562 3613 2814 3685 Namque
2857 3628 3021 3669 omne
3048 3620 3335 3684 peccatum
3375 3610 3440 3664 li-

174 3696 391 3766 ελέγξω
415 3696 581 3768 μηδὲν
600 3696 1045 3767 δογματίζοντας.
1068 3701 1130 3755 Et
1150 3700 1257 3770 γὰρ
1277 3701 1540 3771 ἀγένητος
1561 3704 1588 3757 6
1610 3702 1763 3770 Θεὸς,

1868 3704 1999 3759 hera
2047 3702 2320 3758 electione
2378 3703 2457 3756 lit.
2508 3701 2719 3758 Electio
2754 3710 2938 3758 autem
2989 3703 3059 3757 ab
3092 3701 3278 3755 anima
3317 3708 3442 3769 est;

1860 2517 2010 2586 gelos
2036 2554 2050 2580 ,
2081 2524 2141 2570 ut
2164 2526 2436 2581 vestrum,
2470 2532 2503 2572 ο
2530 2515 2837 2580 Μεηίειιιεί,
2871 2516 3070 2587 dogma
3098 2523 3203 2572 est.
3224 2516 3279 2569 Si
3308 2515 3436 2585 quia

1859 2613 1943 2661 est
1979 2620 2204 2676 corpus,
2239 2621 2346 2661 non
2376 2613 2462 2661 est
2492 2606 2727 2677 ipsamet
2771 2619 2941 2663 causa
2984 2613 3047 2660 ut
3085 2619 3288 2675 corpus
3324 2605 3397 2661 sit
3419 2646 3437 2670 ,

1860 2698 1955 2754 sed
2023 2697 2200 2765 Deus;
2248 2698 2452 2754 etenim
2510 2706 2806 2769 antequam
2855 2697 3154 2769 projiceret
3191 2696 3438 2767 particu-

1861 2790 1969 2845 lam
1999 2790 2085 2845 sui
2118 2791 2175 2844 in
2206 2790 2529 2856 materiam,
2557 2804 2622 2845 ea
2653 2804 2861 2860 corpus
2894 2805 3006 2845 non
3041 2795 3182 2845 erat.
3217 2786 3276 2843 Si
3307 2788 3440 2857 quia

176 3793 273 3845 καὶ
306 3792 342 3857 ἡ
370 3789 476 3861 ὕλη
498 3806 511 3819 ·
544 3789 771 3854 ἔκαστος
795 3790 854 3844 δὲ
881 3792 940 3845 ὲν
967 3793 1119 3863 τόπῳ
1146 3793 1405 3863 τυγχάνει
1436 3795 1560 3849 καθ’
1579 3796 1725 3866 ὑμᾶς
1745 3813 1761 3828 ·

177 3885 206 3936 6
235 3882 292 3936 δὲ
313 3882 482 3946 τόπος
505 3883 692 3953 ἕτερός
723 3884 839 3937 ἐστι
868 3884 987 3937 κατ’
1012 3884 1198 3937 οὑσίαν
1218 3884 1329 3938 τῶν
1355 3887 1414 3938 έν
1433 3886 1583 3956 αὑτῷ
1611 3904 1771 3957 περι-

179 3975 480 4045 εχομινων,
501 3975 838 4048 συμϐήσεται
852 3977 978 4040 τοὺς
989 3977 1188 4039 τόπους
1207 3978 1609 4049 συναγενήτους
1625 3974 1768 4031 εἶναι

181 4068 294 4129 τοῖς
329 4066 428 4119 σὺν
466 4066 682 4129 αὐτοῖς’
713 4067 808 4120 καὶ
835 4065 1007 4131 οὕτως
1037 4068 1096 4121 οὑ
1125 4067 1220 4121 δύο
1237 4069 1306 4122 τά
1332 4069 1594 4142 ἀγένητα,
1633 4069 1770 4124 ἀλλά

182 4157 449 4230 τέσσαρα,
494 4158 647 4225 Θεὸν,
670 4159 767 4211 καὶ
789 4158 941 4228 ὓλην,
966 4160 1061 4213 καὶ
1081 4160 1342 4231 ἑκάτερον
1365 4160 1458 4215 τὸν
1493 4161 1658 4216 τόπον
1679 4163 1771 4216 εὑ-

192 4252 397 4323 ρήσεις.
420 4253 488 4306 Ei
516 4251 573 4305 δὲ
591 4252 718 4316 τοὺς
744 4251 943 4315 τόπους
980 4253 1382 4324 πρεσϐυτέρους
1408 4255 1545 4323 φατὶ
1565 4256 1673 4308 τῶν
1709 4254 1768 4308 ὲν

189 4342 393 4407 αὑτοῖς,
428 4342 614 4396 οὐκέτι
638 4344 667 4395 6
689 4341 821 4406 Θεὸς
852 4342 944 4395 καὶ
971 4341 1071 4411 ὕλη
1093 4343 1346 4411 ἀγένητοι
1372 4342 1605 4407 ἔσονται,
1631 4343 1768 4399 ἀλλά

1866 3796 2049 3850 anima
2102 3801 2284 3848 autem
2324 3792 2668 3848 substanstia
2711 3792 2828 3856 Dei,
2866 3798 2928 3845 ut
2978 3805 3077 3845 vos
3124 3790 3346 3844 dicitis:
3374 3803 3443 3844 ex

1867 3881 1979 3936 Deo
2036 3880 2208 3949 igitur
2263 3888 2575 3950 peccatum,
2626 3887 2681 3935 et
2740 3896 2846 3935 non
2879 3894 2945 3935 ex
2997 3879 3252 3945 materia,
3282 3879 3461 3948 juxta.

1867 3978 2109 4028 vestrum
2147 3970 2611 4028 scelestissimum
2639 3970 2855 4042 dogma.
2882 3971 2994 4042 Age
3028 3971 3338 4026 veroctiam
3373 3987 3441 4027 ex

1869 4063 2026 4128 locis,
2054 4078 2196 4134 quos
2219 4076 2318 4117 vos
2351 4061 2555 4133 partim
2617 4060 2728 4117 Deo
2764 4061 2962 4133 partim
3012 4062 3257 4119 materia:
3304 4062 3443 4119 assis

1867 4156 2073 4228 gnatis,
2105 4168 2403 4226 coarguam
2457 4167 2557 4209 vos
2592 4152 2731 4208 nihil
2790 4153 3019 4207 omnino
3064 4153 3272 4211 dicere.
3305 4148 3442 4212 Nam

1870 4248 1919 4305 si
1952 4246 2097 4306 Deus
2126 4248 2411 4304 increatus
2445 4254 2553 4310 est,
2592 4245 2721 4305 item
2754 4251 2809 4300 et
2848 4245 3112 4311 materia;
3147 4251 3447 4313 utrumque

1873 4347 2053 4397 autem
2092 4339 2145 4397 in
2186 4340 2309 4395 loco
2355 4353 2477 4404 suo,
2506 4348 2568 4393 ut
2607 4353 2711 4394 vos
2736 4336 2943 4402 dicitis,
2981 4346 3087 4393 stat
3105 4354 3131 4403 ',
3152 4337 3309 4398 locus
3347 4351 3447 4389 au»

197 4432 395 4500 μᾶλλον
432 4433 486 4486 oi.
524 4431 728 4486 τούτων
770 4432 1215 4502 προϋπάρχοντες
1260 4432 1444 4485 τόποι·
1478 4434 1527 4489 εί
1574 4432 1632 4486 δὲ
1679 4434 1770 4488 τὸν

1874 4440 1981 4487 tem
2029 4432 2249 4489 diversa
2291 4440 2490 4487 natura
2520 4438 2605 4489 est
2637 4430 2707 4487 ab
2748 4431 2818 4487 iis
2845 4429 2939 4501 qui
2972 4445 3037 4485 eo
3070 4430 3443 4491 continentur,

193 4523 324 4577 Θεὸν
366 4526 463 4579 καὶ
493 4525 589 4597 τὴν
621 4524 754 4596 ὓλην
785 4525 892 4596 πρὸ
932 4524 1042 4578 τῶν
1087 4526 1267 4578 τόπων
1298 4524 1439 4579 εἷναί
1472 4543 1628 4594 φατε,
1660 4527 1770 4598 ἄρα

198 4617 295 4670 οὑκ
334 4613 477 4689 ἦσαν
519 4619 913 4688 κεχωρισμένοι
937 4618 1070 4681 Θεὸς
1096 4618 1191 4672 καὶ
1221 4618 1342 4690 ὕλη,
1372 4618 1487 4672 ἀλλ’
1518 4621 1576 4673 ὲν
1600 4618 1769 4688 ἀλλήο

200 4707 308 4772 λοις
335 4709 581 4782 ὑπῆρχον
600 4724 614 4740 ·
636 4709 699 4762 οὐ
724 4708 832 4777 γάρ
861 4703 928 4778 ἦν
947 4706 1102 4761 οὔπω
1128 4709 1292 4772 τόπος
1314 4711 1343 4762 6
1369 4708 1622 4782 διορίζων
1638 4727 1651 4741 ·
1674 4706 1772 4763 καὶ

202 4800 366 4864 οὕτως
398 4804 428 4858 6
465 4802 565 4873 τῆς
610 4802 739 4872 παρ’
776 4800 931 4871 ὑμῶν
972 4799 1347 4869 ἐναντιότητος
1388 4800 1772 4870 διαλυθήσεται

206 4890 377 4959 λόγος.
417 4894 494 4947 Οὐ
538 4893 649 4964 γὰρ
683 4892 742 4949 ὲν
776 4890 1029 4961 ἀλλήλοις
1059 4891 1092 4961 ἡ
1124 4889 1287 4960 φύσις
1322 4889 1651 4960 ὑφίστασθαι
1680 4888 1773 4942 δύο

208 4998 358 5035 ναται
387 4984 494 5037 τῶν
519 4983 778 5038 ἐναντίων
799 5002 811 5015 '
843 4983 985 5037 ὥστε
1012 4982 1353 5052 πανταχόθεν
1381 4981 1535 5052 ὑμῶν
1568 4980 1776 5051 ἀπελή-

213 5072 427 5142 λεγκται
456 5078 489 5147 ἡ
528 5075 781 5148 μυθώδης
810 5073 1202 5147 τερατολογία’
1238 5074 1312 5144 μὴ
1359 5074 1505 5143 ὑμᾶς
1550 5070 1778 5138 ἑαυτούς

216 5180 269 5215 τε
300 5165 389 5218 καὶ
417 5168 635 5238 ἑτέρους
656 5168 768 5229 τοῖς
791 5166 889 5235 τῆς
913 5165 1168 5226 ἀσεϐείας
1198 5181 1263 5219 πε
1274 5163 1554 5235 ριπείρητε
1577 5162 1780 5231 δόγμα-

225 5268 320 5318 σιν,
349 5254 479 5311 ἀλλά
506 5255 946 5326 προσδραμόντες
970 5253 1049 5323 τῷ
1079 5253 1220 5322 φωτὶ
1256 5253 1355 5324 τῆς
1382 5250 1664 5321 ἀληθείας,
1689 5248 1779 5303 τὸν

225 5340 372 5412 ζόφον
402 5346 481 5419 τῆ›
528 5346 749 5416 ἀγνοίας
774 5344 1119 5416 ἐκκαθάρατε
1148 5344 1253 5398 τῶν
1278 5344 1466 5416 ψυχῶν
1487 5360 1498 5373 '
1526 5342 1780 5407 αὐτεξου-

1873 4536 2223 4592 consequens
2245 4521 2350 4575 erit
2371 4530 2430 4575 ut
2466 4521 2572 4575 loci
2608 4521 2816 4591 pariter
2842 4519 2954 4574 sint
2986 4518 3251 4576 incrcati:
3285 4527 3456 4587 atque

1876 4613 1951 4668 ita
1986 4628 2095 4667 non
2126 4612 2259 4675 duo,
2294 4611 2388 4666 sed
2442 4619 2680 4680 quatuor
2721 4625 2844 4665 esse
2892 4610 3154 4670 increata.
3188 4602 3356 4664 Deum
3385 4623 3448 4666 ac

1876 4704 2187 4767 materiam,
2240 4710 2294 4757 et
2333 4710 2627 4772 uti-umque
2679 4701 2885 4768 locum.
2950 4714 3074 4755 esse
3120 4698 3445 4767 compcrics.

1875 4794 2034 4861 Quod
2090 4794 2136 4850 si
2174 4793 2328 4850 locos
2365 4792 2557 4851 dicitis
2596 4807 2718 4848 esse
2770 4789 3113 4860 antiquiores
3171 4790 3336 4844 rebus
3376 4788 3449 4846 ibi

1874 4886 2319 4952 comprehensis,
2358 4885 2502 4942 haud
2549 4884 2659 4955 iam
2699 4884 2846 4941 Deus
2873 4891 2927 4938 et
2959 4883 3191 4946 materia
3220 4880 3452 4941 incrcati

1876 4983 2064 5039 erunt,
2099 4975 2194 5030 sed
2220 4974 2255 5030 ii
2291 4975 2589 5045 potiusqui
2615 4984 2742 5031 ante
2774 4975 2923 5045 ipsos
2954 4972 3304 5029 cxsistebant
3327 4972 3450 5029 loci.

1881 5064 2065 5145 Secus
2086 5080 2234 5131 vero,
2274 5065 2319 5121 si
2356 5063 2527 5123 Deum
2554 5081 2617 5119 ac
2668 5064 2952 5120 materiam
3002 5072 3128 5125 ante
3179 5062 3333 5118 locos
3362 5077 3454 5114 cx-

1882 5157 2094 5215 stitisse
2142 5157 2364 5225 dicatis,
2418 5174 2552 5229 ergo
2609 5173 2716 5212 non
2786 5162 2945 5210 erant
3027 5154 3157 5207 olim
3216 5152 3452 5221 separati

1886 5250 2030 5308 Deus
2059 5266 2123 5306 ac
2162 5250 2414 5317 materia,
2453 5249 2547 5305 scd
2598 5248 2827 5303 invicem
2854 5243 3307 5301 cocxsistcbant:
3346 5248 3455 5296 non

1888 5341 2034 5397 enim
2065 5340 2241 5396 adhuc
2300 5347 2417 5396 erat
2474 5338 2864 5395 discriminans
2921 5340 3095 5393 locus.
3150 5334 3327 5421 Atque
3385 5331 3471 5394 ita

1717 5518 1949 5576 ΝΟΤίΕ.

300 5680 371 5752 (1)
405 5682 631 5740 Duhium
656 5685 709 5739 in
742 5683 863 5740 cod.
900 5679 1249 5737 vocabulum.
