3876 6336
75 231 157 292 ιῖ

75 357 224 407 ιι;

75 450 224 485 ειν-
301 433 499 486 Ἐπεὶ
542 433 651 503 γὰρ
690 433 719 485 6
753 431 888 497 Θεδς
927 431 1285 503 προσέταξεν,
1314 433 1392 497 ὡς
1419 436 1483 487 σὺ
1511 435 1715 503 λέγεις,

75 539 87 566 ν
142 525 323 593 πὰρ
340 540 446 576 θον
486 522 816 592 πορνεύειν,
862 522 958 577 καὶ
1012 523 1103 577 τὸν
1150 524 1391 597 κλέπτην
1439 526 1716 594 κλέπτειν,

76 624 104 665 ι
154 615 304 668 τδν
349 615 711 685 ἀνδροφόνον
742 616 1118 686 άνδροφονετν,
1160 615 1302 681 ἄξιοί
1334 620 1478 671 εἰσιν
1506 620 1675 690 τιμῆς
1700 637 1715 652 ·

137 708 320 779 γὰρ
370 708 612 778 θέλημα
656 707 750 761 τοῦ
802 708 940 763 Θεοῦ
985 709 1272 780 ἐποίησαν.
1310 710 1719 782 Εὐρεθήσονται

76 801 121 852 .‘v.
189 802 272 852 οἱ
324 801 649 871 νομοθέται
684 819 780 855 σου
811 802 1032 871 ψευδεῖς
1061 841 1077 867 ,
1124 803 1221 856 καὶ
1264 802 1337 855 τὰ
1387 803 1568 872 βιϐλία
1621 820 1717 858 σου

76 892 577 964 ιυδεπξγραφα,
612 896 801 965 ἐπειδὴ
840 898 1243 966 προστάττουσι
1269 896 1369 950 τὸν
1394 897 1592 968 πόρνον
1623 897 1719 952 καὶ

76 1000 116 1037 κο
188 985 515 1057 κλέπτην
561 986 814 1058 δέρεσθαι
874 989 1213 1058 ποιήσαντας
1255 987 1318 1040 τὸ
1364 987 1577 1059 θέλημα
1621 988 1718 1042 τοῦ

75 1077 193 1131 εοῦ
227 1117 249 1141 ,
303 1079 427 1132 καὶ
483 1079 579 1133 τὸν
635 1081 961 1153 ἀνδροφόνον
1011 1080 1465 1151 ἀποκτανθῆναι,
1507 1080 1567 1135 ὃν
1611 1080 1719 1136 ἔδει

80 1169 446 1241 ιαηθῆναι,
494 1171 685 1241 ἐπειδὴ
716 1172 777 1225 τὸ
814 1171 1026 1243 Θέλημα
1063 1171 1159 1225 τοῦ
1189 1171 1326 1225 Θεοῦ
1360 1173 1640 1243 ἐποίησεν.

118 1343 208 1397 ⁸0
252 1344 336 1398 δὲ
372 1347 641 1401 ΣΑΡᾹΚ.
698 1347 793 1412 Τίς
837 1365 995 1420 φησι,
1062 1348 1290 1404 πλάττει
1336 1350 1404 1404 τά
1444 1350 1618 1424 βρέφη
1662 1355 1719 1406 ὲν

75 1438 341 1502 Deliae;
385 1439 507 1492 τῶν
536 1441 839 1508 γυναικῶν;
890 1442 1052 1496 τοῦτο
1081 1443 1192 1515 γὰρ
1227 1444 1625 1514 προϐάλλονται
1667 1449 1718 1501 οἱ

81 1538 222 1606 ειρῤ
232 1537 481 1606 σικηνοὶ
494 1537 631 1608 πρὸς
648 1540 798 1608 ἡμᾶς
812 1539 1022 1609 πρόῦλη
1030 1557 1105 1609 μα
1128 1540 1455 1608 δεινότατον,
1472 1542 1719 1606 Θέλοντες

83 1628 403 1692 ποδεῖξοιι
454 1628 550 1682 τὸν
597 1629 727 1682 Θεὸν
776 1631 951 1684 αἴτιον
980 1632 1073 1683 τοῦ
1105 1632 1300 1687 κακοῦ.
1347 1634 1409 1686 Εἰ
1436 1636 1547 1704 γάρ
1584 1635 1719 1688 άπο-

83 1719 308 1788 ριθεὶς
380 1720 566 1791 λέγω,
607 1723 689 1775 ὅτι
717 1724 744 1774 6
777 1723 914 1788 Θεὸς
946 1724 1172 1778 πλάττει
1200 1726 1268 1779 τά
1303 1725 1477 1799 βρέφη
1512 1730 1569 1781 ὲν
1596 1745 1713 1781 κοι-

80 1814 218 1877 lat;
259 1831 350 1881 γυ
372 1815 605 1880 ναικῶν,
642 1817 759 1888 ἐρεῖ
787 1818 815 1869 6
836 1817 1183 1887 Σαρακηνός’
1218 1820 1346 1873 Ἰδοὺ
1373 1822 1401 1874 6
1430 1821 1562 1885 Θεὸς
1591 1823 1715 1875 σῦεμ

84 1906 245 1975 ργός
283 1909 433 1960 ἐστι
590 1908 796 1978 πόρνῳ,
827 1909 924 1962 καὶ
951 1909 1029 1977 τῷ
1059 1910 1253 1982 μοιχῷ.

140 1998 195 2049 0
219 1998 494 2052 ΧΡΙΣΤ.
532 1998 674 2069 Πρὸς
706 2000 881 2053 ταῦτα
912 2000 1298 2072 ἀποκρίνεται*
1329 2001 1598 2075 Οὐδαμῶς
1622 2006 1714 2059 εὐ-

75 2090 274 2158 ρίσκω
312 2089 475 2160 μετὰ
503 2090 603 2161 τὴν
647 2091 874 2163 πρώτην
901 2094 1174 2166 ἑϐδομάδα
1205 2095 1309 2167 τῆς
1353 2095 1716 2168 κοσμοποιίας

75 2182 178 2253 τὴν
216 2183 485 2255 Γραφὴν
518 2182 785 2252 λέγουσαν
818 2186 1080 2241 πλάττειν
1114 2187 1207 2241 τὸν
1248 2188 1384 2241 Θεὸν
1427 2189 1460 2260 ἢ
1507 2189 1715 2254 κτίζειν

75 2291 152 2328 τι.
190 2275 265 2326 ΕΞ
302 2275 374 2328 δὲ
408 2274 706 2348 ἁμφιδάλῃ
750 2278 879 2349 περὶ
911 2279 1129 2341 τούτου,
1161 2278 1310 2353 δείξῃ
1341 2278 1473 2355 [σοι]
1505 2281 1715 2351 κτίσμα

75 2365 115 2435 ἢ
148 2364 419 2435 πλάσμα
458 2366 841 2438 οἱονδηποτοῦν
897 2370 914 2410 ί
964 2369 1101 2440 μετὰ
1136 2370 1236 2439 τὴν
1291 2368 1516 2441 πρώτην
1563 2372 1714 2425 ἐϐδο-

82 2456 246 2526 μάδα
296 2457 644 2526 γιγνόμενον
700 2458 807 2512 ὑπὸ
854 2458 951 2514 τοῦ
1000 2459 1139 2513 Θεοῦ
1167 2474 1181 2490 ⁸
1232 2460 1485 2531 οὐδαμῶς
1522 2462 1713 2517 τούτου

82 2548 475 2613 ὑποδεῖξαι).
540 2550 726 2604 Πάντα
776 2550 885 2622 γάρ
943 2551 1012 2605 τά
1055 2552 1230 2622 ὁρατὰ
1280 2554 1564 2624 κτίσματα
1610 2556 1713 2624 τὴν

88 2641 343 2711 πρώτην
398 2640 677 2713 ἑὸδομάδα
709 2645 1025 2712 γεγόνασιν,
1058 2645 1336 2699 Ἐπλασεν
1376 2646 1487 2718 γάρ
1518 2648 1546 2701 6
1579 2647 1715 2712 Θεὸς

88 2733 189 2787 τὸν
219 2732 540 2806 ἄνθρωπον
558 2735 657 2807 τὴν
688 2734 910 2807 πρώτην
932 2736 1226 2808 ἑδδομάδα,
1250 2738 1344 2792 καὶ
1377 2739 1713 2809 προσέταξεν

98 2825 276 2879 αὐτὸν
313 2826 529 2897 γεννᾷν
579 2825 676 2879 καὶ
718 2825 1038 2894 γεννᾶσθαι,
1081 2827 1252 2880 εἰπών
1276 2844 1289 2859 ⁸
1328 2847 1347 2879 ι
1378 2827 1709 2893 Αὐξάνεσοε,

97 2916 198 2971 καὶ
244 2916 631 2988 πληθύνεσθε,
687 2919 783 2973 καὶ
824 2916 1155 2989 πληρώσατε
1208 2920 1308 2990 τὴν
1358 2920 1484 2990 γῆν.
1528 2939 1546 2973 ι
1601 2921 1712 2976 Καὶ

105 3011 305 3082 ὶπειδὴ
365 3010 615 3082 ἔμψυχος
665 3006 734 3081 ἦν
780 3012 809 3064 6
857 3009 1146 3081 ἄνθρωπος
1192 3010 1436 3081 ἔμψυχον
1488 3012 1710 3087 σπέρμα

108 3104 279 3175 ἔχων,
317 3105 381 3157 ὲν
417 3106 484 3175 τῇ
534 3105 641 3175 ἰδία
683 3105 910 3173 γυναικὶ
945 3105 1124 3175 σπορὰ
1149 3104 1393 3173 ἁνεφὺει.
1424 3105 1586 3157 Ὥστε
1619 3104 1712 3159 άν-

120 3193 348 3266 θρωπος
382 3193 676 3265 ἄνθρωπον
713 3196 901 3266 γεννᾷ,
936 3195 1188 3265 καθάπερ
1220 3197 1253 3266 ἡ
1289 3196 1480 3267 Γραφὴ
1525 3195 1711 3264 λέγει·

124 3307 140 3338 ι
190 3287 377 3357 Ἀδὰμ
412 3285 523 3358 γὰρ
554 3286 814 3357 ἐγέννησε
860 3285 954 3339 τὸν
991 3286 1113 3352 me,
1151 3286 1247 3341 καὶ
1274 3289 1302 3340 6
1326 3287 1425 3340 Σὲθ
1455 3286 1713 3358 ἐγέννησε

119 3376 211 3429 ab»
245 3376 469 3443 Ἐνώς,
523 3376 615 3430 καὶ
655 3375 823 3441 Ἐνὼς
866 3377 1124 3448 ἐγέννησε
1171 3378 1263 3431 τὸν
1308 3380 1521 3432 Καϊνὰν
1548 3420 1563 3444 ,
1618 3380 1713 3434 καὶ

124 3472 337 3526 Καϊνὰν
369 3470 633 3541 ἐγέννησε
663 3472 755 3525 τὸν
782 3472 1095 3545 Μαλαλεὴλ,
1121 3473 1215 3525 καὶ
1236 3472 1529 3543 Μαλαλεὴλ
1564 3474 1712 3542 ἐγέν-

128 3582 255 3634 νησε
282 3565 377 3618 τὸν
411 3562 604 3635 Ἐνώχ.
633 3583 650 3616 ι
684 3565 795 3618 Καὶ
825 3565 925 3618 οὐκ
951 3560 1121 3625 εἶπεν,
1141 3563 1201 3618 '0
1229 3564 1362 3629 Θεὸς
1388 3564 1521 3619 ἕπλα
1533 3582 1589 3619 σε
1620 3565 1712 3619 τὸν

135 3652 259 3725 Σὴθ,
290 3655 323 3726 ἢ
347 3655 444 3708 τὸν
474 3653 663 3719 Ἐνώς,
692 3654 725 3725 ἢ
758 3654 919 3708 ἄλλον
948 3656 1072 3709 τινά
1095 3671 1110 3685 ·
1146 3656 1242 3708 καὶ
1268 3654 1519 3709 ἐντεῦθεν
1542 3654 1710 3724 γινώ-

138 3763 357 3816 σκομεν,
387 3747 470 3799 ὅτι
502 3745 815 3816 μονώτατος
859 3747 1171 3801 πέπλασται
1198 3751 1226 3803 6
1272 3748 1443 3819 Ἀδὰμ
1483 3749 1589 3802 ὑπὸ
1613 3748 1708 3802 τοῦ

142 3836 271 3891 Θεοῦ
298 3880 312 3903 ,
359 3837 413 3891 οἶ
456 3854 515 3890 τε
546 3868 551 3875 ~
577 3839 695 3908 μετ’
726 3840 936 3894 ὲκείνον
975 3840 1273 3909 γεννῶνται
1306 3840 1400 3894 καὶ
1446 3841 1711 3906 γεννῶσιν

142 3928 241 3993 ἕως
279 3930 373 3984 τοῦ
418 3930 706 3998 παρόντος.
753 3932 866 3984 Καὶ
908 3931 1082 3993 οὕτως
1120 3931 1303 4001 χάριτι
1356 3928 1450 3981 τοῦ
1500 3927 1636 3982 Θεοῦ
1684 3931 1712 3982 6

148 4019 341 4087 κόσμος
389 4020 725 4075 συνίσταται.
776 4018 1001 4089 Ἐπειδὴ
1051 4019 1145 4071 καὶ
1182 4019 1332 4070 πᾶσα
1367 4014 1563 4085 βοτάνη
1613 4015 1711 4068 καὶ

147 4111 302 4178 φυτὸν
329 4111 617 4182 προστάξει
646 4111 741 4165 τοῦ
776 4111 913 4165 Θεοῦ
953 4109 1065 4164 ἀπὸ
1101 4110 1223 4163 τότε
1254 4109 1422 4180 γεννᾷ
1467 4109 1562 4161 καὶ
1591 4125 1713 4177 γεν-

152 4204 317 4258 νᾶται.
354 4206 493 4275 Ἔφη
521 4205 631 4275 γὰρ
659 4206 686 4257 6
717 4204 852 4269 Θεός
875 4220 889 4234 ο
928 4224 946 4255 ι
984 4202 1354 4273 Βλαστησάτω
1375 4205 1412 4272 ἡ
1445 4202 1519 4270 γῆ
1549 4202 1709 4273 βοτά-

152 4312 241 4365 νην
264 4297 469 4368 χόρτου.
506 4316 527 4346 ›
561 4297 717 4350 Κατὰ
762 4296 822 4348 τὸ
860 4295 1196 4366 πρόσταγμα
1226 4294 1395 4347 αὐτοῦ
1433 4290 1709 4371 ἐϐλάστηέ

160 4404 244 4441 σεν
269 4389 482 4443 ἕκαστον
515 4390 733 4460 δένδρον
756 4430 769 4453 ,
803 4384 941 4451 εἶδος
965 4385 988 4425 ¹¹
1042 4386 1276 4458 βοτάνης
1324 4389 1418 4441 καὶ
1449 4388 1616 4458 φυτοῦ
1652 4392 1709 4442 ἐν

158 4477 319 4550 ἑαυτῷ
341 4480 448 4550 ἔχει
478 4480 863 4551 σπερματικὴν
894 4480 1145 4550 δύναμιν.
1189 4480 1249 4533 'H
1287 4482 1467 4555 σπορὰ
1495 4482 1549 4535 δὲ
1577 4499 1713 4535 παν-

163 4570 246 4633 τὸς
272 4571 427 4641 φυτοῦ
451 4572 543 4625 καὶ
572 4572 803 4643 βοτάνης
831 4571 1073 4642 ἔμψυχός
1104 4574 1273 4637 ἐστιν,
1301 4573 1424 4644 ἧίς
1448 4575 1602 4645 ἒν-τῇ
1636 4576 1707 4646 γῇ

169 4662 311 4715 πάλιν
337 4664 413 4733 ἐφ’
446 4665 639 4734 ἑαυτῆς
673 4665 970 4730 πίπτουσα,
1017 4665 1049 4736 ἢ
1079 4666 1173 4719 καὶ
1204 4667 1309 4721 ὑπὸ
1348 4667 1513 4721 άλλου
1554 4684 1710 4719 σπει-

176 4755 372 4827 ρομένη,
396 4757 674 4827 βλαστάνει
695 4775 710 4789 ο
749 4758 823 4830 μὴ
854 4758 1202 4830 πλαττομένη
1233 4762 1338 4815 ὑπό
1363 4778 1531 4823 τινος,
1574 4759 1711 4812 ἀλλὰ

172 4845 242 4914 τῷ
269 4847 451 4921 πρώτῳ
483 4851 870 4922 προστάγματι
903 4849 998 4904 τοῦ
1032 4851 1170 4904 Θεοῦ
1220 4851 1634 4915 ὑπακούσαντος
1660 4849 1707 4905 ι.

183 4936 300 4992 Ἰδοὺ
323 4938 442 5008 ἐγὼ,
469 4941 612 4996 καθὰ
643 4941 837 5015 πρώην
866 4942 1026 5014 ἔφην,
1058 4943 1411 5009 αὑτεξούσιος
1436 4943 1513 4997 ὢν
1546 4946 1604 4997 ἐν
1628 4938 1710 5008 οἷς

185 5027 339 5097 μόνοις
365 5038 627 5105 προεῖπα,
672 5037 809 5091 ὅπου
858 5036 955 5091 ἐὰν
1002 5037 1253 5109 σπείρω,
1307 5038 1411 5092 κᾶν
1462 5038 1544 5101 εἰς
1576 5037 1712 5093 ἰδίαν

247 5203 406 5265 'Gen.
458 5208 605 5276 528.
672 5214 693 5251 ³
719 5209 856 5267 Gen.
881 5227 933 5277 v,
966 5210 1001 5265 5
1030 5225 1184 5282 seqq.
1262 5210 1285 5244 ⁸
1320 5211 1456 5266 Gen.
1519 5228 1557 5273 ι,
1593 5212 1679 5266 ll.

990 232 1452 296 DISPUTATIO
1494 234 1874 296 SARACENI
1903 237 1997 295 ET
2032 235 2508 297 CliRlSTIANI.

290 341 390 395 ea
406 340 715 411 ρεθήσεται
744 342 772 394 6
795 339 926 405 Θεδς
954 341 1098 396 κατὰ
1123 343 1183 395 σὲ
1212 343 1420 408 ἄδικος,
1451 345 1591 415 ὅπερ
1611 344 1712 399 οὐκ

1820 343 2070 413 bonaque
2099 359 2163 397 ex
2199 343 2309 396 Deo
2336 357 2463 398 esse
2486 343 2521 395 ’ἐκ
2544 341 2865 397 invenietur
2910 343 3053 399 Deus
3104 348 3407 399 secundum

3270 234 3410 299 1338

1822 442 1876 490 te
1905 434 2146 503 injustas
2172 452 2185 487 :
2216 433 2371 503 quod
2411 434 2603 503 utique
2642 442 2896 489 nonest.
2937 434 3213 500 Quoniam
3250 437 3400 489 enim

1822 524 1971 580 Deus
2002 525 2296 595 pracepit,
2331 531 2391 578 ut
2424 532 2481 578 ιιι
2516 524 2703 594 inquis
2726 564 2741 587 ,
2788 525 3185 581 fornicatarem
3240 526 3412 581 forni-

1821 617 1937 671 cari
1971 627 2028 671 et
2062 618 2240 672 furem
2274 617 2450 671 furari
2486 628 2540 671 et
2574 616 2914 671 homicidam
2944 617 3146 673 caedem
3188 619 3406 685 facere,

1822 707 2079 765 mercede
2118 708 2270 779 digni
2302 715 2434 763 sunt
2472 708 2794 778 hujusmodi
2819 750 2833 775 ,
2873 710 3217 764 voluntatem
3257 711 3407 764 enim

1822 800 1917 856 Dei
1961 800 2236 855 fecerunt.
2278 800 2639 855 invenientur
2674 817 2900 872 quoque
2939 802 3287 873 legislatores
3328 803 3409 856 tui

1820 892 2150 955 mendaces,
2184 902 2241 949 et
2274 892 2399 947 libri
2436 893 2514 947 tui
2551 893 2715 958 falsi,
2758 895 3209 965 quandoquidem
3252 910 3409 948 man-

1818 983 1959 1038 dant
1992 984 2384 1040 fornicatorem
2417 994 2473 1040 et
2504 984 2684 1041 furem
2714 988 2993 1041 cxcoriari
3018 1027 3033 1051 ,
3084 988 3178 1057 qvi
3228 997 3409 1042 tamen

1820 1071 1917 1128 Dei
1957 1075 2295 1130 voluntatem
2330 1073 2586 1130 fecerunt
2619 1094 2633 1130 :
2680 1076 3024 1131 homicidam
3056 1090 3278 1148 quoque
3324 1079 3410 1131 in-

1820 1165 1995 1219 terfici
2018 1207 2033 1231 ,
2064 1182 2227 1236 quem
2262 1167 2492 1236 prauuio
2527 1166 2801 1221 cumulari
2837 1168 3174 1233 oportebat,
3208 1170 3410 1240 quippe

1812 1263 1919 1333 qui
1953 1263 2294 1316 voluntatem
2336 1262 2429 1316 Dei
2470 1260 2680 1317 fecerit.

1892 1351 2141 1408 SARAC.
2172 1354 2298 1416 Ait,
2325 1354 2454 1425 quis
2486 1352 2690 1407 format
2716 1350 2960 1406 infantes
2991 1351 3047 1404 in
3078 1351 3257 1405 uteris
3284 1366 3410 1404 mu-

1821 1446 2020 1499 lierum
2046 1447 2068 1500 ?
2098 1446 2241 1500 istud
2278 1462 2443 1516 porro
2496 1446 2770 1515 objiciunt
2825 1444 3091 1498 Saraceni
3138 1444 3408 1497 adversus

1820 1551 1923 1592 nos
1977 1545 2240 1606 tanquam
2317 1545 2709 1607 argumentum
2764 1535 3243 1600 invictissimum,
3293 1548 3409 1603 quo

1818 1627 2116 1682 ostendere
2146 1627 2425 1691 nituntur,
2461 1626 2630 1680 Deum
2667 1628 2799 1680 mali
2841 1641 2965 1680 esse
2999 1633 3307 1678 auctorem.
3348 1622 3407 1678 Si

1747 1726 1787 1784 Β
1820 1720 1967 1775 enim
2015 1718 2369 1789 respondens
2423 1719 2617 1783 dicas,
2675 1718 2847 1773 Deum
2900 1734 3026 1773 esse
3057 1719 3151 1788 qui
3209 1719 3408 1771 format

1820 1809 2064 1865 infantes
2114 1810 2171 1863 in
2218 1810 2395 1865 uteris
2430 1809 2727 1864 mulierum
2751 1849 2766 1871 ,
2805 1816 3024 1877 regeret
3052 1807 3404 1862 Saracenos:

1817 1902 1965 1972 Ergo
1995 1900 2140 1956 Deus
2168 1909 2504 1971 cooperatur
2534 1916 2665 1955 cum
2702 1900 3048 1954 fornicatore
3077 1907 3131 1954 et
3168 1899 3406 1953 ruoecho.

1888 2013 2163 2071 CHRIST.
2200 2016 2377 2085 igitur
2404 2015 2471 2070 ad
2508 2015 2625 2070 hare
2658 2014 2956 2084 respondet
2995 2032 3009 2068 :
3046 2012 3210 2067 Nullo
3243 2013 3408 2069 modo

1818 2107 2038 2163 invenio
2094 2116 2219 2179 post
2270 2108 2506 2177 primam
2555 2104 2956 2161 hebdomadam
3005 2120 3112 2175 qua
3166 2106 3407 2160 mundus

1818 2201 2002 2257 factus
2037 2210 2160 2266 est,
2194 2201 2543 2270 Scripturam
2587 2205 2954 2261 asserentem,
3006 2198 3153 2268 quod
3208 2198 3409 2253 formet

1819 2290 1963 2347 Deus
1996 2292 2080 2345 vel
2114 2299 2262 2345 creet
2288 2288 2617 2359 quidquam.
2647 2288 2803 2353 Quod
2842 2289 2887 2341 si
2923 2288 3017 2341 ille
3046 2301 3153 2340 non
3183 2287 3409 2355 acquie-

1817 2396 1937 2440 scat
1969 2383 2120 2437 circa
2154 2382 2295 2445 hoc,
2327 2379 2586 2436 ostendat
2619 2378 3049 2451 (Christianus)
3090 2386 3405 2432 creaturam

1819 2476 1900 2531 vel
1953 2476 2271 2545 figmentum
2330 2472 2704 2544 quodcunque
2754 2479 2879 2542 post
2934 2470 3169 2540 primam
3202 2468 3410 2523 hebdo-

1816 2566 2034 2621 madam
2096 2581 2125 2620 a
2182 2564 2293 2620 Deo
2348 2579 2474 2619 esse
2540 2564 2863 2618 nullatenus
2916 2560 3159 2616 ostendi.
3202 2560 3407 2615 Omnes

1813 2659 1962 2714 enim
2026 2657 2278 2712 visibiles
2329 2666 2605 2711 creaturae
2668 2656 2848 2725 prima
2905 2651 3255 2709 hebdomada
3314 2666 3409 2706 ex-

1816 2752 2104 2806 stiterunt.
2158 2746 2445 2803 Formavit
2496 2749 2643 2803 enim
2702 2747 2848 2801 Deus
2900 2745 3181 2800 hominem
3231 2743 3407 2813 prima

1816 2839 2160 2896 hebdomada
2186 2856 2199 2903 ;
2230 2840 2395 2908 eique
2420 2836 2707 2891 mandavit
2750 2843 2810 2889 ut
2857 2835 3107 2905 gigneret
3134 2841 3188 2885 ct
3218 2832 3407 2903 gigne-

1815 2941 1993 2995 retur,
2035 2932 2299 3001 inquiens
2333 2949 2347 2985 :
2386 2949 2403 2982 ι
2432 2929 2684 2984 Crescite
2724 2935 2779 2982 et
2822 2926 3311 2996 multiplicamini,
3354 2932 3409 2978 et

1818 3025 2029 3095 replete
2063 3033 2264 3077 terram
2296 3022 2336 3074 ¹.
2369 3040 2386 3073 ι
2418 3020 2482 3075 Et
2508 3018 2771 3092 quoniam
2804 3016 3064 3071 animalis
3094 3026 3210 3070 erat
3243 3014 3409 3067 homo

1818 3117 2058 3173 animale
2093 3131 2282 3171 semen
2318 3115 2532 3170 habens
2553 3156 2567 3179 ,
2600 3114 2653 3167 in
2683 3110 2904 3182 propria
2939 3126 3111 3165 uxore
3142 3110 3407 3164 sementis

1816 3209 2183 3280 germinabat.
2224 3206 2590 3273 Quamobrem
2649 3204 2814 3256 homo
2866 3201 3145 3254 hominem
3194 3199 3402 3271 gignit,

1819 3309 1880 3355 ut
1920 3299 2214 3369 Scriptura
2255 3298 2431 3352 dicit:
2469 3316 2486 3348 ι
2516 3295 2690 3349 Adam
2733 3294 2879 3348 enim
2915 3295 3106 3361 genuit
3142 3289 3276 3345 Scth
3300 3331 3315 3357 ,
3348 3297 3405 3345 et

1817 3394 1948 3449 Scth
1990 3374 2197 3465 genuit
2249 3390 2433 3451 Enos,
2486 3400 2540 3444 et
2597 3388 2747 3442 Enos
2804 3388 2994 3457 genuit
3052 3384 3308 3449 Kainan,
3350 3397 3404 3440 ct

1813 3484 2029 3539 Kainan
2069 3483 2259 3554 genuit
2290 3480 2539 3536 Malalcel
2567 3522 2582 3545 ,
2614 3488 2668 3535 et
2697 3479 2947 3533 Malalecl
2990 3479 3179 3548 genuit
3208 3475 3361 3531 Jarct
3387 3518 3401 3543 ,

1812 3574 1967 3630 Jarct
2001 3586 2181 3628 autem
2215 3570 2402 3642 genuit
2434 3569 2623 3623 Enoch
2659 3571 2699 3625 ’.
2736 3588 2752 3621 ι
2785 3568 2959 3623 Porro
2988 3583 3097 3621 non
3127 3567 3306 3621 dixit:
3340 3565 3406 3621 Et

1816 3667 1960 3721 Deus
1995 3663 2256 3718 formavit
2307 3661 2437 3714 Scth
2496 3660 2577 3713 vel
2614 3660 2802 3721 Enos,
2852 3659 2935 3713 vel
2991 3660 3157 3729 alium
3199 3672 3400 3725 quem—

1814 3759 1980 3829 piam.
2032 3755 2171 3808 l‘line
2206 3752 2561 3822 agnoscimus
2606 3758 2778 3803 unum
2821 3764 3056 3818 prorsus
3104 3747 3402 3801 formatum

1814 3846 1989 3901 fuisse
2017 3846 2190 3897 Adam
2225 3859 2253 3896 a
2289 3844 2397 3895 Deo
2428 3860 2441 3894 :
2478 3842 2570 3911 qui
2602 3855 2733 3893 vero
2764 3849 2887 3909 post
2912 3839 3070 3892 illum
3108 3845 3274 3901 sunt,
3311 3850 3404 3904 ge-

1814 3943 2085 3991 nerantur
2124 3942 2177 3988 et
2217 3944 2483 4003 generant
2537 3947 2716 4000 usque
2754 3932 2809 3983 in
2851 3943 3094 4000 prmsens
3151 3936 3401 3998 tempus,

1811 4035 1979 4098 atque
2006 4028 2111 4081 hoc
2140 4026 2305 4080 modo
2332 4041 2397 4079 ex
2422 4024 2519 4078 Dei
2550 4022 2820 4078 beneficio
2847 4020 3089 4075 mtindus
3114 4012 3407 4075 conserva-

1811 4127 1919 4173 tur.
1969 4118 2230 4185 Quinimo
2282 4120 2448 4171 etiam
2496 4117 2680 4170 omnis
2729 4114 2898 4167 herba
2935 4118 2989 4166 et
3025 4112 3207 4180 planta
3236 4111 3403 4180 jussu
3480 4186 3483 4187 ν

1811 4210 1907 4267 Dei
1943 4227 2009 4265 ex
2044 4226 2110 4266 eo
2144 4218 2393 4279 tempore
2425 4217 2652 4279 generat
2690 4218 2743 4262 et
2780 4211 3099 4277 generatur.
3135 4203 3223 4257 Ait
3251 4201 3403 4257 enim

1812 4301 2003 4358 Deus:
2041 4319 2059 4353 ι
2091 4300 2379 4357 Germinet
2433 4310 2578 4355 terra
2637 4297 2864 4353 herbam
2929 4294 3040 4351 feni
3102 4295 3146 4361 ³,
3181 4315 3198 4346 ι
3237 4302 3405 4373 atque

1746 4424 1786 4469 τι
1811 4392 1965 4462 juxta
1995 4404 2328 4463 prteceplum
2358 4390 2481 4460 ejus
2508 4389 2839 4462 germinavit
2861 4402 3080 4442 omnem
3109 4386 3364 4439 arborem
3384 4424 3401 4448 ,

1816 4493 1870 4540 et
1905 4485 2123 4554 species
2167 4485 2429 4553 quzelibet
2478 4482 2662 4535 herbae
2712 4481 2797 4535 vel
2845 4480 3080 4550 plantae,
3118 4480 3171 4531 in
3200 4484 3404 4532 semet-

1816 4579 1935 4647 ipsa
1970 4577 2135 4632 habet
2168 4578 2277 4630 vim
2312 4573 2705 4630 sementinam.
2767 4568 3044 4626 Sementis
3093 4584 3263 4639 porro
3306 4583 3406 4621 cu-

1811 4669 1992 4739 jusvis
2041 4670 2241 4739 plantae
2290 4667 2375 4721 vel
2427 4665 2610 4719 herba:
2662 4661 2920 4716 animalis
2957 4668 3084 4723 est;
3118 4676 3242 4729 qua:
3277 4675 3402 4712 rur—

1816 4775 1913 4814 sus
1945 4760 1999 4814 in
2029 4768 2232 4813 terram
2268 4773 2364 4828 per
2393 4773 2453 4812 se
2486 4754 2784 4822 decidens,
2817 4754 2899 4808 vel
2945 4752 3115 4807 etiam
3168 4751 3237 4804 ab
3291 4749 3405 4802 alio

1816 4859 1934 4906 sata
1967 4850 2276 4921 germinat,
2313 4865 2424 4905 non
2464 4848 2697 4904 formata
2738 4861 2767 4900 a
2803 4838 3122 4917 quoquam,
3160 4841 3256 4897 sed
3291 4842 3404 4911 pri-

1817 4959 1921 4999 mm
1956 4944 2050 4999 Dei
2084 4943 2325 5013 jussioni
2360 4957 2570 4998 morem
2604 4955 2826 5014 gerens.
2859 4938 3003 4992 Ecce
3031 4952 3133 5008 ego
3157 4978 3171 5001 ,
3206 4948 3403 5004 quem-

1816 5034 2113 5090 admodum
2145 5042 2307 5089 antea
2334 5033 2584 5089 dixeram
2609 5073 2624 5100 ,
2662 5032 2834 5088 libero
2867 5028 3137 5101 praeditus
3168 5022 3405 5079 arbitrio

1412 5365 1648 5422 VARUE
1675 5363 2080 5421 LECTIONES.

254 5480 267 5520 ί
301 5478 596 5552 Lequienins
642 5505 655 5542 :
694 5490 744 5541 εἰ
775 5485 833 5540 δὲ
859 5487 1089 5556 ἀπορεῖς
1122 5486 1260 5556 πρὸς
1279 5485 1458 5552 τοῦτο,
1494 5483 1667 5548 δεῖξον
1702 5460 1927 5551 πλάσμα
1963 5481 2199 5605 Ἆκτὶσιν
2233 5476 2590 5532 οἰαντιναοῦν.
2622 5474 2718 5557 Sin
2750 5489 2882 5530 vero
2906 5474 2973 5529 de
3007 5473 3111 5528 hoc
3155 5472 3400 5532 dubitas.

254 5550 384 5605 lende
424 5554 725 5605 figmentum
758 5565 852 5605 nul
882 5565 1195 5605 creaturam
1229 5556 1420 5605 ullam.
1518 5554 1531 5605 i
1569 5554 1903 5605 Leunienius
1933 5569 1948 5605 :
2010 5551 2110 5604 λλὰ
2139 5550 2196 5603 δὲ
2216 5548 2601 5605 άποδειγθῆναι
2621 5563 2780 5599 τουτο
2807 5546 2866 5598 οὐ
2891 5544 3137 5598 δύναται.
3213 5543 3243 5585 ιι
3270 5544 3400 5605 Leu.

202 5550 395 5625 {mande
424 5554 725 5625 ﬁgmentum
758 5565 852 5613 aut
882 5550 1195 5612 creaturam
1229 5556 1420 5610 ullam.

1518 5554 1531 5606 i
1569 5554 1903 5619 Lequienius

2010 5551 2110 5604 λλὰ
2139 5550 2196 5603 δὲ
2216 5548 2601 5617 ἀποδειχθῆναι
2621 5545 2866 5617 τοῦτοᾼού
2891 5544 3137 5617 δύναται.
3270 5544 3401 5614 Leq.

201 5616 358 5686 ὁμοίως
378 5622 431 5696 δὴ
455 5614 543 5682 ’διαὶ
579 5627 780 5701 βοτάνη
811 5628 905 5681 καὶ
936 5626 1101 5697 φυτὸν
1140 5626 1199 5691 ἐξ
1252 5626 1466 5680 ἑαυτοῦ.
1509 5614 1774 5680 Similiter
1809 5633 1862 5680 ct
1894 5622 2065 5679 herba
2100 5628 2153 5679 et
2180 5622 2364 5689 planta
2391 5614 2456 5675 ex
2491 5614 2693 5687 Seipsa.
2778 5614 2989 5672 1Forte
3019 5614 3399 5669 ὑπακούσασα.
