3882 6356
438 224 576 288 1339

1892 220 2251 287 ADDENDA

3690 222 3717 282 1
3730 224 3819 283 :12!

436 345 494 398 in
519 344 588 399 iis
613 341 885 396 duntaxat
910 354 1033 409 qua:
1065 338 1328 409 praelatus
1359 352 1522 403 sum;
1573 336 1893 404 ubicunque
1938 351 2026 391 se—

2157 337 2368 389 ὐναίκα
2395 379 2410 403 ,
2447 339 2553 392 κᾶν
2590 345 2673 406 εἰς
2721 341 3014 412 ἀλλοτρίαν
3048 343 3117 411 τῇ
3153 338 3390 409 ἐξουσίᾳ
3464 353 3613 405 μου
3666 356 3815 405 χρη-

441 437 676 499 minem,
712 434 831 489 sive
862 434 917 487 in
953 432 1234 502 propriam
1264 445 1490 485 uxorem
1520 429 1641 484 sive
1684 429 1738 482 in
1765 429 2025 492 alienam,

440 543 565 583 meo
596 543 735 583 usus
764 525 1024 589 arbitrio,
1058 523 1370 579 succrescit
1402 533 1458 577 et
1482 521 1759 593 germinat
1786 537 1883 591 per
1904 520 2030 575 obo-

440 619 707 675 dientiam
752 616 947 687 prima
982 615 1076 672 Dei
1105 614 1369 685 iussioni.
1414 613 1536 668 Non
1582 612 1731 683 quod
1764 613 1849 668 vel
1881 625 2029 666 nunc

438 709 689 777 quotidie
724 706 931 763 formet
955 708 1105 763 Deus
1133 715 1186 762 et
1215 717 1512 776 operetur;
1536 704 1801 774 quoniam
1831 704 1886 757 in
1915 702 2030 771 pri-

440 818 526 856 ma
564 801 911 856 hebdomada
945 819 963 851 ι
995 799 1129 855 fecit
1162 798 1306 854 Deus
1338 799 1543 853 caelum
1579 806 1637 849 et
1668 804 1873 850 terram
1905 796 2030 849 uni-

443 908 777 963 versumque
813 892 1082 946 mundum
1117 906 1212 947 sex
1243 890 1474 951 diebus,
1504 888 1743 959 septima
1773 902 1907 942 vero
1937 902 2026 942 rev

438 986 654 1055 quievit
688 986 759 1041 ab
788 984 1052 1040 omnibus
1090 984 1355 1054 operibus
1398 983 1516 1039 suis
1559 998 1685 1053 qua:
1730 996 2029 1052 aggressus

437 1088 528 1133 est
580 1079 766 1134 facere
815 1078 859 1143 δ,
898 1095 918 1128 ι
949 1076 1421 1148 quemadmodum
1465 1090 1689 1146 quoque
1735 1074 2030 1144 Scriptura

442 1170 576 1223 mihi
611 1176 871 1224 testatur.

515 1257 764 1312 SARAC.
795 1257 886 1311 Ait
913 1256 1058 1312 Deus
1085 1254 1151 1311 ad
1173 1254 1467 1311 Jeremiam
1496 1274 1510 1310 :
1540 1257 1882 1324 «Antequam
1911 1254 2036 1308 l’or-
2136 1308 2142 1315 ,

442 1366 650 1404 marem
683 1358 737 1404 te
760 1367 827 1405 ex
862 1361 1026 1405 utero
1055 1349 1186 1404 novi
1218 1358 1271 1403 te
1291 1388 1308 1413 ,
1341 1357 1397 1403 et
1422 1364 1489 1402 ex
1518 1349 1750 1402 matrice
1779 1346 2032 1403 sanctiﬁ-

439 1441 560 1493 cavi
598 1448 652 1495 te
682 1442 724 1493 ⁸.
759 1460 777 1492 ι
1594 1500 1599 1505 .

515 1529 794 1584 CllRlST.
827 1530 1144 1601 Cujuslibct
1179 1529 1426 1583 hominis
1457 1544 1523 1583 ex
1566 1538 1725 1582 utero
1763 1526 2028 1581 formavit

445 1621 587 1675 Deus
612 1622 909 1677 animalem
938 1638 1003 1676 ac
1030 1623 1392 1677 sementinam
1425 1622 1685 1674 virtutem
1717 1620 1787 1674 ab
1816 1618 2028 1675 Adamo

2130 442 2329 496 μενος,
2380 429 2781 486 ἀναϐλαστάνει
2817 435 2913 486 καὶ
2945 434 3158 501 γίνεται
3199 432 3278 501 τῷ
3316 430 3589 500 πριὲιτῳ
3627 446 3809 499 προκ-

2126 519 2371 588 τὰγματι
2392 521 2489 574 τοῦ
2511 523 2649 577 Θεοῦ
2678 524 3060 578 ὑπακούουσα.
3084 525 3199 594 ὒὺχ
3232 525 3321 577 ὅτι
3352 537 3471 575 και
3512 540 3649 573 νυν
3686 526 3803 573 223‘

2128 610 2376 681 ἑκάστην
2419 613 2638 684 ἡμέραν
2694 617 2921 669 πλάττει
2964 619 2993 669 ὁ
3041 617 3177 678 Θεὸς
3238 617 3337 667 καὶ
3395 613 3803 680 ἐργάζεται·

2130 702 2321 771 ἐπειδὴ
2346 703 2405 754 ἐν
2430 706 2499 774 τῇ
2760 707 3020 777 ἑὸδομάδι
3063 726 3080 757 ι
3120 707 3391 775 ἐποίησεν
3420 706 3463 757 ὁ
3498 705 3681 766 Θεὸς
3722 707 3805 755 τὲη

2127 792 2359 861 οὐρανὸν
2408 794 2504 847 καὶ
2537 797 2637 865 τὴν
2675 796 2783 865 γῆν
2820 798 2916 849 καὶ
2955 796 3047 848 τὸν
3080 795 3385 865 σύμπαντα
3424 794 3711 863 κόσμον
3746 797 3799 855 ἐξ

2128 884 2402 955 ἡμέραις,
2452 888 2548 940 καὶ
2578 891 2646 958 τῇ
2692 888 2898 958 ἑϐδόμῃ
2933 888 3284 942 κατέπαυσεν
3338 888 3469 940 ἀπὸ
3546 888 3795 938 πάντων

2127 973 2239 1028 τῶν
2277 974 2459 1045 ἔργων
2480 977 2669 1042 αὑτοῦ,
2706 971 2783 1030 ὧν
2811 979 3017 1049 ἤρξατο
3053 981 3255 1035 ποιεῖν.
3292 998 3312 1029 ι
3345 976 3585 1040 καθὼς
3622 981 3791 1043 καἰῂ

2130 1065 2324 1137 Γραφὴ
2358 1071 2630 1138 μαρτυρεῖ
2657 1086 2773 1138 μοιο

2212 1239 2271 1293 Ὀ
2302 1240 2361 1293 δὲ
2412 1242 2853 1296 ΣΑΡΔΚΙῘΝΟΣ.
2917 1243 3092 1312 Φησὶν
3132 1245 3161 1297 ὁ
3192 1241 3331 1305 Θεὸς
3382 1242 3553 1312 πρὸς
3600 1241 3781 1311 Ἱερε-

2132 1332 2265 1403 μίαν
2286 1348 2299 1361 ·
2343 1353 2361 1384 ι
2388 1334 2501 1403 Πρὸ
2530 1334 2626 1387 τοῦ
2671 1335 2773 1404 μὲν
2802 1337 3011 1389 πλάσαι
3047 1353 3108 1388 σε
3135 1336 3199 1388 ἐκ
3243 1334 3468 1397 κοιλίας
3514 1335 3781 1387 tria-ra-

2133 1421 2231 1492 μαί
2255 1439 2338 1481 σε,
2362 1424 2457 1474 καὶ
2480 1424 2544 1475 ὲκ
2570 1424 2782 1493 μήτρας
2809 1425 3021 1494 ἡγίακά
3048 1442 3128 1477 σε.
3162 1442 3180 1473 ι
3822 1434 3835 1443 ⁸

2216 1514 2276 1566 '0
2310 1515 2541 1568 ΧΡΙΣΤ.
2577 1515 2787 1579 Παντὸς
2813 1517 3006 1587 ἀνδρὸς
3029 1518 3095 1568 ἐκ
3121 1517 3332 1580 κοιλίας
3360 1518 3641 1569 ἔπλασεν
3664 1526 3713 1554 ιι
3746 1519 3773 1565 ὁ

2129 1606 2264 1669 Θεὸς
2306 1606 2407 1675 τὴν
2466 1605 2710 1675 ἔμψυχον
2753 1609 2850 1660 καὶ
2882 1609 3269 1679 σπερματικὴν
3318 1608 3594 1677 δύναμιν
3656 1610 3769 1661 ἀπὸ

439 1723 608 1783 atque
636 1714 925 1783 deinceps.
962 1714 1136 1767 Adam
1168 1713 1318 1767 enim
1354 1713 1408 1766 in
1440 1719 1635 1766 ventre
1674 1711 1887 1766 habens
1925 1711 2027 1766 Se-

2157 1694 2317 1763 Δδὰμ
2347 1695 2443 1748 καὶ
2474 1694 2737 1765 καθεξῆς.
2778 1697 2950 1767 Ἀδὰμ
2974 1698 3087 1767 γὰρ
3125 1700 3183 1750 ἐν
3216 1698 3407 1769 κοιλίᾳ
3439 1699 3639 1767 ἔχων,
3674 1700 3767 1750 τις

445 1808 600 1859 thum
640 1807 861 1875 genuit,
897 1813 955 1858 ut
988 1805 1254 1875 praefatus
1288 1820 1410 1859 sum
1434 1844 1448 1867 ,
1480 1803 1684 1858 Sethus
1717 1820 1846 1857 vero
1883 1802 2029 1858 Enoo

451 1912 595 1950 sum.
634 1896 701 1950 Et
731 1897 917 1965 quivis
949 1897 1116 1952 homo
1144 1911 1268 1950 cum
1317 1905 1446 1950 ante
1492 1896 1688 1950 habeat
1734 1895 1791 1949 in
1839 1904 2031 1951 ventre

446 1987 617 2041 lilium
645 2003 807 2043 suum
840 1988 1051 2057 gignit,
1089 1988 1348 2056 ﬁliusque
1387 1986 1554 2065 etiam
1592 2003 1766 2057 usque
1799 1987 1852 2040 in
1887 2001 2029 2056 prae-

441 2094 573 2133 sens
601 2086 841 2149 tempus.
871 2080 1008 2135 Illud
1037 2095 1167 2135 vero
1199 2097 1212 2133 :
1245 2098 1262 2131 ι
1294 2078 1369 2133 Ex
1402 2080 1635 2134 matrice
1687 2080 2028 2136 sanctilicavi

440 2176 535 2223 te:
568 2188 586 2221 ι
614 2169 669 2222 in
706 2183 773 2224 eo
799 2171 982 2240 cogita
1015 2171 1165 2225 illam
1209 2186 1332 2241 qua:
1378 2186 1567 2226 revera
1611 2180 1837 2241 generat
1886 2171 2029 2228 ﬁlios

441 2257 563 2321 dei,
587 2257 746 2329 juxta
792 2261 973 2316 sancti
1011 2260 1296 2332 Evangelii
1343 2261 1767 2316 testimonium:
1808 2280 1826 2312 ι
1857 2260 2033 2327 Quot-

442 2358 579 2421 quot
610 2352 758 2408 enim
793 2363 1130 2423 receperunt
1169 2370 1297 2408 eum
1320 2396 1334 2419 ,
1374 2354 1597 2423 inquit,
1632 2354 1785 2410 dedit
1814 2354 1896 2410 eis
1926 2370 2029 2424 po-

442 2451 700 2499 testatem
733 2444 877 2500 lilios
909 2444 1002 2499 Dei
1038 2446 1175 2500 ﬁeri.
1224 2445 1326 2511 Qui
1356 2447 1592 2501 credunt
1634 2447 1689 2500 in
1737 2462 1894 2509 eum,
1940 2446 2029 2501 in—

438 2537 561 2605 quit
589 2554 605 2601 ;
631 2537 725 2606 qui
767 2553 876 2592 non
905 2553 969 2592 ex
1002 2538 1375 2609 sanguiuibus
1396 2578 1409 2602 ,
1446 2553 1628 2607 neque
1652 2552 1717 2592 cx
1744 2538 2031 2594 voluntate

439 2627 579 2689 viri,
612 2627 708 2682 sed
743 2643 806 2681 ex
842 2627 951 2682 Deo
982 2628 1093 2681 nati
1127 2636 1257 2682 sunt
1288 2629 1308 2658 ⁸
1340 2648 1359 2680 ι
1393 2644 1488 2699 per
1522 2628 1885 2699 baptismum.

450 2782 455 2785 τ
510 2713 1025 2772 ADVERSARIUS.
1054 2716 1268 2788 Ergone
1297 2726 1424 2772 ante
1457 2716 1743 2773 Christum
1778 2728 1900 2774 erat
1933 2719 2030 2775 ba-

439 2806 682 2876 ptisma?
706 2804 980 2863 Jeremias
1013 2809 1160 2863 enim
1191 2817 1319 2864 ante
1343 2809 1630 2865 Christum
1661 2820 1827 2866 natus
1850 2819 1957 2869 est.

511 2897 789 2957 CHRIST.
833 2898 964 2953 Erat
1002 2902 1194 2971 utique
1234 2900 1395 2970 juxta
1426 2901 1809 2957 testimonium
1846 2904 2027 2960 sancti

2129 1788 2238 1852 Σὴθ
2270 1788 2585 1857 ἐγέννησεν,
2608 1789 2685 1851 ὡς
2707 1793 2994 1859 προεῖπον,
3020 1790 3116 1842 καὶ
3138 1791 3245 1860 Σὴθ
3277 1791 3375 1843 τὸν
3417 1791 3641 1853 Ἐνὼς,
3672 1796 3767 1843 καὶ

2128 1879 2358 1941 ἕκαστος
2382 1879 2673 1950 ἄνθρωπος
2704 1881 2957 1951 προέχων
2990 1884 3048 1933 ὲν
3080 1885 3148 1951 τῇ
3180 1882 3363 1953 κοιλία
3386 1883 3585 1936 αὐτοῦ
3618 1884 3763 1946 υἱὸν,

2129 1975 2225 2028 καὶ⁸
2257 1977 2286 2027 ὁ
2317 1974 2433 2038 υίὸς
2467 1974 2728 2043 ἐγέννησε
2776 1977 2870 2028 καὶ
2903 1978 2973 2029 νᾶ
3004 1986 3029 2012 υ
3079 1976 3202 2045 (sic)
3240 1975 3412 2047 μέχρι
3446 1975 3563 2029 τοῦ
3614 1995 3763 2045 παρ-

2126 2064 2300 2128 όντος.
2326 2065 2402 2117 Tb
2439 2065 2518 2129 δὲ,
2556 2083 2575 2116 ι
2613 2066 2709 2119 Ἐκ
2742 2067 2956 2137 μήτρας
2986 2066 3196 2137 ἡγίακα
3230 2084 3310 2131 σε,
3342 2087 3362 2118 ι
3394 2068 3621 2137 νόησον
3651 2070 3755 2138 τὴν

2127 2156 2299 2222 ὅντως
2332 2157 2615 2226 γεννῶσαν
2641 2158 2712 2211 τὰ
2750 2158 2919 2210 τέκνα
2942 2158 3036 2211 τοῦ
3064 2158 3226 2224 Θεοῦ,
3258 2159 3411 2212 κατὰ
3441 2161 3559 2227 τὴν
3604 2177 3757 2229 μαρ-

2126 2249 2325 2319 τυρίαν
2364 2248 2460 2303 τοῦ
2500 2250 2663 2318 ἁγίου
2718 2250 3077 2319 Εὐαγγελίου.
3116 2268 3134 2300 ι
3160 2251 3320 2304 Ὅσοι
3363 2251 3483 2321 γὰρ
3542 2252 3753 2305 ἐλαίαν

2127 2328 2315 2406 αὐτον,
2361 2343 2551 2411 φησὶν,
2585 2342 2788 2395 ἔδωκεν
2839 2345 3025 2406 αὐτοῖς
3063 2344 3317 2410 ἐξουσίαν
3351 2343 3544 2397 τέκνα
3608 2344 3750 2397 Θεοῦ

2127 2435 2407 2504 γενέσθαι,
2438 2437 2550 2499 τοῖς
2586 2437 2945 2490 πιστεύουσιν
2979 2438 3060 2501 είς
3090 2437 3278 2499 αὑτὸν,
3316 2438 3517 2509 φησὶν,
3557 2439 3615 2490 οἳ
3640 2439 3749 2489 οὐκ

2127 2528 2188 2593 ἐξ
2216 2528 2488 2598 αἱμάτων,
2513 2527 2637 2580 οὐδὲ
2664 2528 2730 2580 ὲκ
2760 2526 3067 2597 θελήματος
3096 2528 3311 2597 ἀνδρδς,
3337 2528 3458 2581 ἀλλ’
3490 2531 3569 2581 ἐκ
3598 2528 3747 2581 Θεοῦ

2127 2619 2503 2690 ἐγεννήθησαν
2537 2639 2556 2671 ι
2589 2619 2678 2673 διὰ
2710 2619 2804 2673 τοῦ
2838 2620 3242 2691 βαπτίσματος.

2208 2711 2267 2766 '0
2295 2711 2354 2764 δὲ
2380 2713 2749 2775 ΕΝΑΝΤΙΟΣ,
2776 2713 2868 2766 καὶ
2892 2709 2962 2783 ἦν
2990 2716 3095 2785 πρὸ
3118 2713 3359 2784 Χριστοῦ
3385 2714 3695 2785 βάπτισμα
3724 2732 3741 2769 ;

2126 2804 2155 2856 ὁ
2185 2802 2294 2874 γὰρ
2337 2804 2612 2873 Ἱερεμίας
2644 2804 2753 2875 πρὸ
2776 2805 3016 2876 Χριστοῦ
3042 2808 3322 2875 γεννᾶται.

2209 2895 2269 2948 Ὀ
2299 2895 2527 2949 ΧΡΙΣΤ.
2563 2891 2694 2960 Ἦν,
2730 2896 2875 2950 κατὰ
2919 2898 3018 2967 τὴν
3070 2898 3377 2969 μαρτυρίαν
3411 2897 3509 2950 τοῦ
3564 2897 3733 2963 ἁγίου

440 2991 691 3061 Apostoli
724 2992 964 3048 dicentis
984 2992 1124 3049 alios
1157 3008 1253 3064 per
1300 2995 1526 3060 nubem,
1573 2995 1713 3050 alios
1748 3011 1879 3052 vero
1929 3012 2026 3067 per

2157 2986 2470 3041 Αποστόλου
2509 2986 2812 3056 φάσκοντος
2832 3005 2845 3020 ·
2873 2988 2955 3042 ὅτι
2974 2990 3025 3042 oi
3061 2991 3159 3059 μὲν
3186 2990 3274 3042 διὰ
3296 2988 3561 3058 νεφέλης.
3584 2989 3639 3041 οἱ
3670 2990 3733 3041 δὲ

442 3101 594 3141 mare
625 3084 799 3141 fuisse
830 3085 1164 3156 baptizatos.
1207 3085 1271 3141 Et
1305 3087 1572 3143 Dominus
1611 3090 1667 3144 in
1714 3088 2027 3160 Evangeliis

2163 3077 2216 3131 ιὰ
2237 3076 2515 3148 θαλάσσης
2532 3077 2967 3151 ἐϐαπτίσθησαν.
3003 3081 3114 3134 Καὶ
3139 3080 3167 3133 ὁ
3202 3080 3413 3151 Κύριος
3442 3081 3501 3133 ἑν
3535 3081 3731 3149 Eber-

440 3179 557 3232 ait:
589 3195 608 3230 ι
641 3176 757 3232 Nisi
792 3176 920 3247 quis
948 3190 1215 3234 nascatur
1253 3194 1318 3233 cr
1357 3194 1501 3249 aqua
1546 3189 1601 3234 et
1643 3181 1880 3250 spiritu,
1916 3195 2028 3235 non

442 3267 783 3338 ingredietur
811 3282 1039 3338 regnum
1071 3269 1336 3324 cmlorum
1364 3271 1439 3323 ⁷.»
1464 3270 1726 3341 Adeoque
1750 3271 2028 3325 Abraham

442 3365 499 3411 et
530 3357 684 3412 Isaac
719 3368 773 3412 et
799 3357 974 3413 Jacob
1005 3361 1303 3430 cazteriqne
1332 3369 1461 3416 ante
1490 3362 1775 3419 Christum
1809 3362 1989 3418 sancti
2012 3402 2028 3428 ,

445 3448 541 3516 qui
580 3447 816 3517 ingressi
850 3456 981 3502 sunt
1014 3465 1242 3520 regnum
1276 3440 1587 3516 oculorum,
1625 3454 1731 3509 nisi
1766 3454 2030 3523 baptizati

445 3539 719 3601 inissent,
760 3554 870 3592 non
917 3539 1113 3608 utique
1158 3541 1391 3597 salutem
1440 3543 1677 3599 fuissent
1722 3544 2028 3600 consecuti.

444 3629 706 3685 Testatur
736 3629 791 3684 id
822 3645 955 3685 vero
988 3630 1237 3701 Spiritus
1271 3643 1505 3689 sanctus
1542 3635 1839 3705 inquiens:
1870 3653 1889 3685 ι
1922 3635 2034 3690 Ab—

443 3722 669 3777 alienati
694 3731 825 3779 sunt
850 3730 1174 3795 peccatores
1201 3739 1233 3778 a
1262 3724 1422 3780 vulva
1435 3726 1479 3788 ⁸,
1507 3745 1525 3777 ι
1555 3725 1660 3782 hoc
1680 3735 1767 3782 est
1794 3740 1823 3791 a
1850 3726 2033 3797 bapti-

443 3824 640 3871 smate.
673 3813 1046 3882 Quomobrcm
1075 3816 1432 3881 conﬁtemur,
1467 3832 1663 3873 omnes
1692 3832 1788 3873 eos
1814 3818 1909 3887 qui
1946 3818 2032 3873 vel

444 3907 640 3961 salvati
677 3915 809 3963 sunt
846 3908 930 3963 vel
965 3907 1275 3975 salvantur,
1307 3924 1407 3980 per
1453 3908 1789 3980 baptismum
1833 3909 2033 3966 salvati

443 4005 577 4054 sunt
604 3999 692 4055 Vel
724 3998 1017 4055 salvantur
1042 3999 1139 4055 Dei
1165 4000 1367 4072 gratia.

516 4168 766 4227 SARAC.
806 4173 1177 4245 Interrogavit
1228 4174 1461 4230 dicens:
1509 4174 1889 4230 Christianum
1934 4175 2033 4247 qui

446 4260 578 4317 facit
603 4264 943 4320 voluntatem
976 4265 1271 4335 ipsiusmet
1303 4265 1434 4331 Dei,
1466 4265 1748 4323 bonumne
1785 4282 1909 4323 esse
1950 4268 2035 4325 ais

445 4354 530 4409 vel
557 4355 762 4409 malum
785 4356 810 4409 ἲ

518 4446 841 4514 Agnoscens
873 4454 1056 4503 autem
1097 4446 1375 4504 vafritiem
1409 4447 1553 4520 ejus,
1583 4447 1859 4506 CHRIST.
1882 4490 1898 4518 ,
1939 4451 2028 4507 in-

444 4535 604 4607 quit:
639 4535 780 4602 Quid
812 4537 910 4591 tibi
947 4539 1089 4594 velis
1121 4539 1263 4595 scio.

516 4623 760 4679 SARAC.
798 4623 981 4681 Indica
1013 4626 1146 4681 illud
1177 4627 1332 4684 mihi.

514 4716 795 4773 CllRIST.
842 4719 1033 4776 Dicere
1064 4721 1145 4775 vis
1174 4720 1241 4776 ad
1272 4735 1399 4789 me;
1443 4721 1700 4778 Christus
1745 4724 2030 4780 voluntate

447 4826 643 4877 passus
677 4820 759 4865 est
784 4852 798 4876 ,
834 4826 901 4866 an
934 4812 1086 4866 non?
1121 4811 1280 4878 Quod
1323 4814 1368 4869 si
1418 4815 1515 4871 tibi
1546 4816 1780 4872 dixero:
1818 4816 2025 4873 Volun-

447 4910 555 4954 lato
585 4917 783 4971 passus
823 4911 945 4968 est;
1000 4903 1133 4956 mihi
1169 4919 1404 4974 repones
1449 4924 1461 4959 :
1509 4906 1635 4967 Abi.
1688 4922 1819 4977 ergo
1859 4909 2026 4965 adora

444 4989 684 5058 Judwos,
719 4992 981 5062 quoniam
1016 4994 1351 5050 voluntatem
1388 4994 1478 5051 Dei
1516 4998 1591 5051 tui
1630 4997 1899 5053 iecerunt.

2127 3169 2329 3237 γελίοις
2360 3170 2555 3240 φησίν·
2599 3189 2617 3223 ι
2654 3170 2783 3223 Ἐὰν
2819 3172 2894 3241 μή
2926 3190 3010 3236 τις
3044 3174 3278 3243 γεννηθῇ
3301 3174 3369 3226 δι’
3393 3173 3594 3237 ὕδατος
3628 3176 3727 3227 καὶ

2130 3255 2462 3326 πνεύματος,
2481 3258 2543 3311 οὐ
2577 3259 2654 3329 μὴ
2682 3259 2903 3332 εἰσέλθῃ
2929 3262 3010 3324 εἰς
3035 3261 3134 3333 τὴν
3170 3262 3452 3331 βασιλείαν
3475 3264 3591 3315 τῶν
3620 3266 3711 3317 οὐ-

2131 3348 2331 3419 ρανῶν.
2367 3368 2387 3402 ι
2428 3351 2595 3402 Ὠστε
2622 3352 2651 3403 ὁ
2698 3351 2952 3422 Ἀβραὰμ
2998 3352 3095 3406 καὶ
3138 3353 3325 3407 Ἰσαὰκ
3361 3355 3461 3407 καῖ
3498 3353 3721 3418 Ἰακὼϐ,

2130 3442 2224 3494 καὶ
2265 3442 2315 3493 oi
2346 3441 2528 3495 λοιποὶ
2566 3442 2673 3512 πρὸ
2707 3443 2947 3513 Χριστοῦ
2997 3445 3147 3512 ἅγιοι
3198 3447 3579 3516 εἰσερχόμενοι
3636 3449 3721 3512 εἰς

2129 3532 2228 3604 τὴν
2265 3533 2548 3603 βασιλείαν
2600 3535 2712 3587 τῶν
2745 3536 3015 3607 οὐρανῶν,
3045 3539 3094 3591 εί
3150 3538 3223 3609 μὴ
3272 3539 3719 3612 προεᾶιπτίσθη-

2134 3639 2253 3688 σαν,
2285 3624 2387 3678 οὐκ
2446 3625 2513 3678 ἂν
2562 3626 2851 3690 ἐσώζοντο.
2880 3619 3171 3699 Μαρτυριί
3201 3629 3259 3683 δὲ
3297 3630 3359 3683 rb
3397 3632 3625 3701 Πνεῦμα
3654 3632 3714 3685 rb

2134 3713 2313 3781 ἅγιον,
2336 3714 2499 3784 λέγον
2520 3732 2534 3745 ο
2561 3736 2579 3767 ι
2604 3717 3156 3789 ’Δπηλλοτριώθησαν
3185 3721 3583 3791 οίνάμαρτωλοὶ
3608 3725 3713 3776 ἀπὸ

2136 3809 2376 3880 μήτρας,
2407 3828 2426 3861 ι
2465 3809 2613 3863 τοῦτ’
2647 3810 2763 3864 ἔστι
2806 3812 2906 3880 τῆς
2937 3809 3032 3864 τοῦ
3074 3811 3476 3882 βαπτίσματος.
3516 3815 3711 3884 Χαριτι

2131 3900 2324 3955 τούτου
2365 3901 2758 3973 ὁμολογοῦμεν,
2789 3904 2872 3957 ὅτι
2908 3904 3112 3967 πάντες
3139 3905 3190 3957 οί
3240 3904 3503 3968 σωθέντες
3532 3906 3635 3957 καὶ
3662 3909 3708 3959 oi

2135 3990 2436 4061 σωζόμενοι
2459 3991 2548 4045 διὰ
2594 3991 2972 4063 βαπτίσματος
3003 3992 3294 4065 ίσὼθησαν
3324 3996 3423 4047 καὶ
3452 3994 3705 4057 σώζονται

2135 4083 2324 4155 χάριτι
2339 4083 2501 4142 Θεοῦ.

2215 4176 2276 4230 '0
2318 4178 2478 4249 XAP.
2528 4174 2717 4247 ἠρώτα
2780 4177 2993 4247 λέγων’
3078 4178 3184 4232 Τὸν
3247 4179 3569 4249 Χριστιανὸν
3614 4181 3702 4235 τὶν

2135 4268 2396 4324 ποιοῦντα
2440 4269 2503 4323 rb
2547 4270 2764 4341 θέλημα
2814 4268 2982 4325 αὑτοῦ
3031 4271 3126 4325 τοῦ
3172 4271 3333 4339 Θεοῦ,
3370 4272 3523 4326 καλὸν
3563 4268 3701 4328 εἶναι

2064 4365 2109 4420 D
2137 4360 2317 4429 λέγεις
2355 4360 2389 4432 ἢ
2426 4360 2632 4427 κακῶς

2207 4450 2375 4513 Γνοὺς
2408 4449 2464 4503 δὲ
2507 4451 2606 4522 τὴν
2662 4451 3005 4523 πανουργίαν
3033 4450 3201 4507 αὑτοῦ
3233 4454 3262 4505 ὁ
3300 4454 3699 4508 ΧΡΙΣΤΙΔΝΟΣ

2135 4541 2238 4612 ἐφη
2262 4558 2276 4572 ’
2317 4544 2381 4594 ὐ
2404 4542 2578 4607 θέλεις
2601 4544 2776 4597 είπεῖν
2802 4545 3130 4615 ἐπίσταμαι.

2216 4634 2274 4687 ’0
2309 4633 2458 4687 ΣΔΡ.
2488 4636 2811 4707 Φανέρωσόν
2846 4654 2937 4707 μοι
2960 4637 3116 4692 αὑτό.

2216 4725 2275 4778 Ὀ
2302 4726 2528 4781 ΧΡΙΣΤ.
2563 4728 2754 4780 Εἰπεῖν
2782 4728 2959 4792 θέλεις
2996 4730 3133 4801 πρὸς
3174 4730 3295 4801 ἐμὲ,
3330 4731 3691 4800 ὅτιὸΧριστδς

2134 4815 2304 4870 θέλων
2331 4817 2555 4883 ἔπαθεν,
2578 4818 2610 4890 ἢ
2641 4818 2716 4889 μὴ
2750 4818 2957 4887 θέλων;
2985 4822 3094 4874 Καὶ
3116 4822 3210 4875 ὲάν
3239 4839 3321 4874 σοι
3344 4822 3502 4882 εἴπω,
3525 4821 3688 4875 Θέλων

2132 4907 2356 4971 ἔπαθεν,
2408 4910 2495 4963 ἵνα
2543 4928 2636 4979 μοι
2678 4913 2861 4983 εἴπῃς,
2886 4912 3145 4973 "Arsame,
3180 4913 3545 4983 προσκύνησον
3570 4916 3686 4976 τοὺς

2108 4996 2430 5068 Ἰουδαίους,
2464 5002 2655 5075 ἐπειδὴ
2689 5001 2751 5056 rb
2785 5003 3005 5074 θέλημα
3038 5004 3132 5058 τοῦ
3173 5004 3312 5058 Θεοῦ
3345 5005 3611 5076 ἐποίησαν.

522 5165 539 5195 ⁸
566 5164 700 5220 Gen.
756 5184 812 5238 ιι,
856 5168 877 5224 l
940 5168 994 5222 2.
1080 5170 1100 5200 ⁵
1125 5168 1327 5226 Jcrcm.
1357 5188 1396 5233 I,
1427 5173 1480 5227 5.
1558 5174 1578 5204 ⁸
1606 5170 1766 5227 Joan.
1826 5187 1865 5237 ι,
1898 5174 1983 5238 12,

2196 5177 2217 5210 ⁷
2241 5173 2403 5233 Joan.
2443 5193 2527 5257 tu,
2562 5178 2616 5235 5.
2687 5180 2709 5213 ⁸
2742 5178 2890 5236 Psal.
2929 5195 3063 5246 Lvu,
3100 5182 3186 5248 4.,

1755 5351 1990 5409 νΔῆῐῶ
2023 5353 2437 5421 [.ECTIONES.

521 5474 741 5565 Τῖίεθὲιο.
760 5480 982 5565 Ξέθτοξε
1012 5481 1105 5535 οὖν
1129 5484 1194 5565 ,έν
1227 5485 1407 5565 MPF?
1435 5483 1856 5565 5“??°§.‘{:.K!’-_
1875 5489 2155 5565 ἰἒμίὲιυχτξν
2183 5489 2278 5544 καὶ
2314 5494 2697 5565 σπερμαῖικὴν
2724 5490 2954 5565 εὐθαμιν
2993 5493 3161 5565 Ἀδὰμ
3184 5496 3241 5547 ὲν
3264 5497 3329 5565 τῇ
3363 5494 3673 5565 xm“?!er-

451 5543 698 5621 pmnino’
729 5549 897 5621 igitur
937 5551 989 5604 in
1033 5543 1262 5605 matrice
1288 5543 1571 5607 'l'orinavit.
1601 5556 1875 5610 CllRIST.
1915 5543 2235 5615 A'nimnalcnt
2256 5568 2308 5616 ct
2343 5543 2706 5617 setitentinaiu
3304 5543 3676 5620 ἴίιᾭὲιιῗτεΐιιέὲ

454 5613 609 5670 bons.
697 5623 724 5654 ⁸
752 5617 970 5676 Vuculis
992 5622 1083 5676 καὶ
1115 5626 1179 5677 νᾶ
1210 5624 1342 5680 nihil
1382 5626 1674 5695 respondet
1709 5629 1760 5682 iu
1794 5628 2087 5697 chuicno.
