3882 6356
281 278 428 347 11:41

1148 284 1605 346 DlSPUTATIO
1644 284 2019 346 SARACENI
2061 284 2154 343 ET
2190 281 2662 343 CHRISTIANI.

3413 285 3550 353 1342

370 398 429 449 Ὀ
461 395 615 449 ΣΛΡ.
637 391 851 460 Οῦτως,
888 393 1044 466 φησὶ,
1077 396 1161 449 σοὶ
1190 397 1386 467 ἦθελον
1411 399 1588 453 εἰπεῖν
1611 415 1625 428 ’
1660 398 1728 453 Et
1749 400 1842 451 ἐστ

2046 394 2290 451 SARAC.
2335 395 2451 450 Hoc
2491 397 2685 466 utique
2722 396 2820 451 tibi
2850 396 3032 455 dicere
3066 398 3356 468 volebam;
3387 411 3553 475 atque

282 504 374 541 σοι
402 487 581 553 λόγος.
615 484 950 556 ἀποκρίθητί
988 504 1101 556 μοι.

362 578 426 631 '0
482 578 708 631 ΧΡΙΣΤ.
768 578 842 631 Σὺ
891 578 1072 647 λέγεις
1105 579 1319 652 θέλημα
1351 575 1516 648 εἶναι,
1560 580 1675 649 ἐγὼ
1723 579 1867 649 λέγω

272 670 487 739 ἀνοχὴν
516 669 612 722 καὶ
646 669 1058 739 μακροθυμίαν.

361 761 423 814 Ὀ
457 760 607 812 ΣΔΡ.
636 760 808 813 Πόθεν
832 760 964 831 δύνῃ
998 759 1158 814 τοῦτο
1191 762 1580 833 παραστῆσαις

358 853 424 904 '0
457 851 686 905 ΧΡΙΣΤ.
713 850 809 904 Διά
838 851 1186 922 πραγμάτων
1206 850 1311 922 ἔφη
1346 852 1484 921 πρὸς
1503 849 1821 921 Σαρακηνόν
1844 864 1860 879 ⁸

1974 489 2020 542 si
2057 488 2275 543 hiscere
2303 489 2449 556 potis
2475 502 2570 551 es,
2599 489 2874 558 responde
2901 489 3060 544 mihi.

2042 576 2325 633 CHRIST.
2362 577 2442 632 Tu
2474 578 2559 633 ais
2600 579 2939 635 voluntatem
2969 595 3127 648 esse,
3170 595 3272 651 ego
3310 582 3435 638 dico
3468 589 3553 638 to-

1972 668 2266 723 lerantiam
2295 675 2351 721 et
2382 667 2887 737 longanimitatem.

2040 757 2288 813 SARAC.
2332 757 2485 813 Unde
2519 759 2669 828 vales
2698 760 2804 814 hoc
2832 758 3257 815 demonstrare?

2038 849 2315 905 CHRIST.
2360 849 2437 904 Ex
2468 851 2637 906 rebus
2668 852 2744 904 ait
2786 852 2853 905 ad
2902 851 3270 906 Saracenum.
3316 852 3551 910 Sedente

277 942 610 1013 Καθημένου
646 940 783 1012 ἐμοῦ
810 942 905 994 καὶ
949 941 1125 1011 σοῦ,ἢ
1160 942 1481 1011 ἱσταμένου,
1516 940 1744 994 δύναταί
1771 957 1850 1003 τις

1967 956 2056 996 me
2087 942 2173 996 vel
2205 950 2257 996 te
2278 984 2294 1004 ,
2329 949 2423 995 aut
2458 942 2623 996 etiam
2659 951 2878 1006 stante,
2921 953 3100 1013 potest
3128 946 3255 1014 quis
3287 960 3351 1000 ex
3387 948 3548 1002 nobis

273 1035 336 1101 ἐξ
358 1035 519 1104 ἡμῶν
545 1033 675 1088 ἀνευ
703 1034 806 1103 τῆς
832 1031 1086 1099 ἐξουσίας
1116 1032 1213 1087 καὶ
1236 1031 1559 1096 δεσποτείας
1591 1031 1688 1086 τοῦ
1723 1030 1850 1085 Θεοῦ

1966 1035 2089 1090 sine
2114 1042 2389 1103 potestate
2417 1044 2473 1089 et
2499 1033 2742 1089 arbitrio
2778 1034 2873 1089 Dei
2904 1051 3138 1105 surgere
3165 1046 3261 1092 aut
3296 1037 3552 1094 moveri?

272 1128 582 1196 ἀναστῆναι
606 1125 640 1195 ἢ
680 1124 974 1196 κινηθῆναι
995 1140 1011 1191 ;

346 1217 460 1269 Kal
485 1217 514 1268 6
547 1216 698 1269 ΣᾹΡ.
735 1214 835 1269 Οὔ.

355 1309 418 1362 Ὀ
447 1308 675 1363 χιηετ.
727 1307 835 1361 Τοῦ
882 1292 1020 1359 Θεὸῦ
1051 1306 1321 1370 εἰπόντος,
1353 1302 1441 1378 Μὴ
1489 1300 1718 1377 κλέψῃς,
1780 1304 1856 1378 μὴ

2037 1202 2285 1258 SARAC.
2324 1202 2783 1275 Haudquaquam.

2032 1295 2310 1351 CHRIST.
2352 1296 2577 1352 Dicente
2609 1297 2756 1352 Deo:
2790 1296 2913 1354 Non
2943 1297 3252 1368 furaberis,
3287 1318 3395 1358 non
3429 1306 3541 1359 l'or-

273 1400 604 1471 πορνεύσῃς,
635 1399 712 1470 μὴ
745 1398 1035 1470 φονεύσῃς,
1061 1398 1122 1451 ού
1148 1397 1295 1452 θέλει
1321 1399 1409 1452 ἵνα
1433 1398 1728 1468 κλέψωμεν
1763 1399 1850 1452 καὶ

1962 1388 2271 1451 uicaberis,
2303 1404 2410 1442 non
2436 1389 2658 1445 occides
2687 1408 2703 1457 ;
2735 1405 2870 1446 sane
2900 1407 3013 1447 non
3039 1393 3157 1447 vult
3185 1401 3245 1447 ut
3269 1394 3542 1461 furemur,

268 1489 668 1560 ⁴πορνεύσωμεν
695 1491 791 1543 καὶ
818 1490 1197 1559 φονεύσωμεν.

354 1582 416 1634 '0
450 1582 598 1634 ΣΔΡ.
632 1580 787 1651 Οὐχί.
817 1580 882 1634 El
930 1579 1042 1651 γὰρ
1067 1579 1273 1644 ἔθελεν,
1295 1580 1399 1634 οὐκ
1432 1580 1501 1634 ἂν
1532 1575 1732 1665 ἡεῖπεν,
1759 1580 1852 1650 Μὴ

267 1670 501 1742 κλέψῃς,
535 1670 613 1742 μὴ
644 1670 978 1742 πορνεύσῃς,
1011 1670 1085 1741 μὴ
1122 1669 1415 1741 φονεύσῃς.

351 1848 410 1900 '0
429 1847 657 1902 ΧΡΙΣΤ.
680 1846 821 1912 Δόξα
841 1845 918 1917 τῷ
940 1845 1082 1916 Θεῷ,
1108 1847 1191 1900 ὅτι
1216 1846 1282 1899 σὺ
1295 1844 1655 1915 ὡμολόγησας
1678 1844 1854 1912 λέγων

1961 1478 2306 1533 foruicemur
2337 1488 2432 1533 aut
2460 1478 2810 1536 occidamus.

2028 1570 2275 1625 SARAC.
2324 1570 2442 1625 Non
2493 1572 2706 1642 utique.
2758 1573 2815 1628 Si
2848 1575 2998 1629 enim
3055 1574 3204 1629 istud
3252 1575 3541 1638 voluisset.

1960 1662 2106 1716 haud
2138 1661 2447 1725 edixisset,
2483 1662 2598 1717 Non
2629 1664 2831 1721 l‘ureris
2851 1706 2866 1732 ,
2900 1681 3010 1721 non
3059 1666 3397 1735 lorniceris,
3428 1683 3538 1724 non

1879 1750 1923 1805 Β
1952 1750 2201 1804 occidas.

2027 1838 2304 1895 CHlilST.
2349 1842 2432 1896 Sit
2473 1840 2648 1913 gloria
2689 1838 2838 1904 Deo,
2879 1841 3007 1910 quia
3041 1849 3101 1895 tu
3131 1844 3396 1899 convenis
3425 1860 3539 1899 me-

260 1937 305 1992 &
328 1937 471 1992 θέλω
497 1939 694 1993 εἰπεῖν.
723 1938 857 1991 Ἰδοὺ
891 1938 1116 1991 συνέθου
1152 1954 1264 2007 μοι,
1288 1938 1372 1992 ὅτι
1397 1937 1575 2000 οὐδεὶς
1602 1937 1663 2001 ἐξ
1691 1939 1724 2007 ὴ
1735 1938 1850 2007 μῶν

1953 1946 2077 1986 cum
2109 1947 2173 1991 ea
2203 1932 2431 1998 dicens,
2477 1949 2602 2004 qua:
2652 1932 2841 1987 dicere
2897 1932 3041 1987 volo.
3092 1932 3234 2004 Ergo
3284 1936 3540 2013 convenit

259 2031 397 2085 ἄνευ
419 2029 514 2084 τοῦ
554 2029 690 2084 Θεοῦ
732 2029 959 2083 δύναται
1002 2029 1305 2097 ἀναστῆναι
1335 2027 1368 2098 ἥ
1399 2028 1707 2099 κινηθῆναι.
1743 2028 1850 2081 Kal

1955 2022 2054 2078 tibi
2095 2038 2309 2079 mecum
2332 2066 2349 2091 ,
2376 2024 2525 2094 quod
2558 2033 2813 2079 nostrum
2844 2039 3006 2079 nemo
3037 2025 3248 2096 absque
3284 2026 3395 2083 Deo
3435 2041 3537 2095 po-

260 2122 348 2173 ὄτι
373 2120 436 2173 οὑ
478 2120 625 2173 θέλει
662 2123 692 2175 6
729 2121 865 2184 Θεὸς
894 2121 982 2175 ἵνα
1013 2120 1314 2191 κλήψωμεν
1361 2120 1392 2191 ἢ
1429 2120 1845 2192 πορνεύσωμεν.

274 2211 406 2264 Ἐὰν
436 2211 563 2282 ἄρτι
593 2212 836 2275 ἀναστὰς
876 2212 1122 2273 ἀπέλθω.
1157 2212 1252 2265 καὶ
1283 2211 1468 2280 κλέψω
1504 2211 1536 2280 ἢ
1572 2211 1849 2282 πορνευώ-

261 2319 382 2357 σω·
423 2304 478 2357 τί
519 2304 655 2358 αὐτὸ
698 2303 914 2370 λέγεις;
960 2304 1189 2375 Θέλημα
1220 2301 1381 2368 Θεοῦ,
1410 2303 1445 2374 ἢ
1497 2302 1849 2375 συγχώρησιν

258 2396 359 2448 καὶ
387 2395 589 2465 ἀνοχὴν
613 2394 709 2448 καὶ
741 2394 1168 2466 μακροθυμίανς

344 2570 404 2624 '0
432 2570 818 2641 ΣΔΡ.Νοήσας
857 2570 953 2624 καί
982 2570 1275 2641 θαυμάσας
1303 2569 1410 2640 ἔφη
1434 2586 1447 2600 ’
1481 2566 1725 2639 Ἀληθῶς
1752 2568 1843 2622 οῦ-

256 2678 372 2725 τως
406 2660 543 2731 ιχει.

342 2772 400 2825 ’0
432 2771 659 2826 ΧΡΙΣΤ.
686 2773 899 2844 Νόησον
931 2772 1030 2826 καὶ
1054 2771 1233 2839 τοῦτο,
1264 2774 1347 2827 ὅτι
1367 2774 1675 2845 δυναμένου
1704 2777 1840 2830 Θεοῦ

254 2862 520 2930 πατάξαι,
548 2864 898 2935 ἀνεχώρησεν
918 2864 1056 2935 πρὸς
1078 2865 1170 2917 τὸν
1201 2867 1435 2935 σταυρόν
1455 2884 1471 2898 ·
1495 2866 1641 2920 τοῦτ’
1668 2868 1836 2936 ἔστιν,

253 2952 727 3025 δμακροθύμησεν
774 2954 869 3006 ἐπὶ
900 2953 999 3024 τὴν
1036 2955 1335 3024 ἁμαρτίαν.
1374 2957 1513 3010 Ἀλλ’
1543 2959 1672 3011 ὅταν
1708 2959 1837 3031 θέλῃ

253 3038 394 3117 [ἵνα]
424 3046 770 3116 μετανοήσω,
806 3046 1102 3100 ἀποδίδωσί
1157 3064 1248 3117 μοι
1283 3047 1533 3119 καθάπερ
1587 3052 1683 3102 καὶ
1723 3053 1837 3114 τοῖς
1863 3079 1905 3136 c

263 3135 541 3200 Ἰουδαίοις
566 3138 842 3208 ἐποίησεν.
859 3137 1017 3191 Μετά
1045 3138 1156 3209 γὰρ
1178 3137 1323 3210 [ἔτη]
1346 3138 1504 3207 ὀλίγα
1537 3141 1835 3213 ἀνέστησεν

249 3228 378 3281 κατ’
413 3227 593 3282 αὐτῶν
629 3230 722 3282 τὸν
764 3229 942 3294 Τίτον,
975 3230 1070 3283 xal
1098 3231 1528 3297 Οὐεσπασιανὸν,
1581 3235 1676 3287 καὶ
1707 3234 1834 3298 τοὺς

247 3318 545 3389 Ἕλληνας,
581 3321 676 3372 καὶ
702 3319 954 3373 καθεῖλεν
983 3321 1052 3375 τά
1080 3323 1420 3393 φρυάγματα
1446 3324 1649 3378 αὐτῶν.

336 3409 460 3463 Ἐὰν
483 3409 765 3481 ἐρωτηθῇς
792 3411 948 3483 παρὰ
983 3413 1304 3484 Σαρακηνοῦ
1352 3413 1634 3483 λέγοντοςο
1654 3417 1720 3470 Τί
1748 3418 1833 3471 λέ-

244 3517 372 3563 νςις
412 3498 550 3555 εἶναι
580 3502 673 3555 τὸν
732 3504 1001 3574 Χριστόνς
1038 3505 1161 3557 εἰπὲ
1216 3505 1386 3576 αὐτῷ·
1453 3508 1628 3575 Λόγον
1668 3509 1827 3566 Θεοῦ.

242 3594 435 3665 Μηδὲν
460 3596 519 3646 ὲν
545 3594 723 3665 τούτῳ
753 3596 961 3665 νομίζω
984 3597 1343 3667 ἁμαρτάνειν,
1376 3598 1565 3669 ἐπειδὴ
1594 3600 1689 3652 καὶ
1722 3602 1826 3655 Λό-

245 3701 346 3753 γος
368 3684 588 3751 λέγεται
609 3686 760 3755 παρά
789 3689 855 3756 τῇ
882 3687 1094 3757 Γραφῇ,
1128 3688 1221 3741 καὶ
1245 3690 1429 3758 σοφία,
1455 3691 1549 3743 καὶ
1563 3691 1824 3761 βραχίων,

241 3777 340 3829 καὶ
374 3773 605 3845 δύναμις
641 3775 799 3840 Θεοῦ,
828 3778 921 3829 καὶ
954 3777 1090 3830 ἄλλα
1121 3778 1292 3833 πολλὰ
1326 3780 1573 3846 τοιαῦτα,
1609 3781 1823 3834 πολυώ-

238 3883 416 3935 νυμος
446 3867 555 3937 γάρ
584 3869 755 3921 ἐστιν.
795 3869 903 3921 Kal
926 3870 991 3922 σὺ
1019 3870 1399 3942 ἀντερώτησον
1426 3872 1590 3924 αὑτὸν
1615 3871 1788 3940 λέγων
1806 3890 1821 3904 '

242 3960 312 4012 Τί
352 3960 574 4029 λέγεται
626 3960 780 4030 παρὰ
812 3964 877 4031 τῇ
922 3963 1109 4033 Γραφῇ
1142 3965 1171 4015 6
1220 3964 1492 4033 Χριστός;
1529 3963 1661 4026 ἴσως
1714 3963 1821 4016 κᾶν

242 4050 449 4122 θελήσῃ
491 4052 765 4123 ἐρωτῆσαί
799 4070 856 4105 σε
886 4054 914 4106 6
948 4052 1265 4123 Σαρακηνὸς
1298 4052 1438 4106 »ἄλλο
1498 4053 1656 4124 τι,μή
1679 4054 1819 4106 ἀπο-

236 4145 430 4214 κρίνου
455 4142 623 4213 αὐτῷ,
646 4143 752 4207 ἕως
776 4144 842 4197 ἂν
869 4144 1023 4197 λύσει
1050 4145 1112 4196 τὸ
1140 4144 1403 4215 ἐρώτημά
1430 4162 1545 4198 σου.
1576 4145 1816 4217 ’Λνάγκῃ

236 4234 371 4306 ποίᾳ
394 4235 825 4307 ἀποκριθήσεταί
858 4253 939 4288 σοι
962 4236 1166 4304 λέγων·
1206 4237 1366 4307 Παρά
1392 4238 1458 4307 τῇ
1487 4237 1677 4306 Γραφῇ
1709 4255 1813 4308 μου

234 4325 465 4396 Πνεῦμα
492 4326 587 4379 καὶ
618 4326 791 4394 Λόγος
815 4327 951 4380 Θεοῦ
974 4327 1193 4395 λέγεται
1225 4328 1254 4380 ό
1283 4329 1536 4398 Χριστός.
1564 4328 1673 4380 Kal
1700 4330 1815 4381 τότε

1954 2123 2060 2169 test
2085 2130 2317 2185 surgere
2352 2124 2447 2169 aut
2479 2115 2726 2179 moveri,
2757 2114 3017 2185 quodque
3057 2130 3169 2170 non
3197 2118 3315 2171 vult
3356 2118 3536 2185 Deus,

1950 2215 2010 2260 ut
2044 2203 2296 2275 luremur
2325 2213 2420 2258 aut
2455 2203 2819 2260 fornicemur.
2849 2204 2906 2258 Si
2954 2219 3090 2275 ergo
3134 2204 3248 2275 jam
3296 2220 3536 2276 surgens

1949 2295 2138 2348 abeam
2161 2334 2176 2357 ,
2210 2304 2376 2364 atque
2406 2293 2560 2348 l'urer
2589 2293 2676 2348 vel
2726 2293 2968 2348 fornicer
3002 2311 3016 2346 :
3067 2293 3199 2361 quid
3237 2292 3385 2347 istud
3433 2309 3534 2365 ap-

1947 2387 2167 2455 pellas?
2216 2386 2385 2442 Deine
2440 2387 2785 2441 voluntatem
2831 2386 2916 2440 vel
2973 2385 3413 2456 indulgentiam,
3475 2394 3535 2443 et

1947 2478 2299 2533 tolerantiam
2333 2487 2498 2549 atque
2528 2477 3055 2549 longanimitatem?

2016 2569 2265 2626 SARAC.
2308 2569 2429 2624 Vim
2462 2571 2883 2640 persentiscens
2914 2569 3226 2625 admiratus
3265 2569 3383 2624 ait:
3426 2568 3534 2625 Re-

1946 2661 2065 2732 ipsa
2102 2662 2185 2719 sic
2213 2676 2276 2717 se
2306 2661 2497 2716 habet.

2013 2775 2294 2832 CHRIST.
2338 2776 2534 2848 Cogita
2568 2784 2625 2832 et
2656 2776 2793 2841 hoc,
2824 2774 2973 2846 quod
3006 2762 3132 2830 cum
3167 2786 3355 2846 posset
3386 2777 3532 2832 Deus

1944 2876 2236 2938 percutere
2256 2910 2271 2934 ,
2307 2868 2373 2922 ad
2408 2882 2633 2922 crucem
2666 2867 2992 2922 contendit:
3028 2867 3131 2921 hoc
3159 2876 3244 2923 est
3277 2869 3528 2940 longani-

1943 2959 2139 3013 mitate
2168 2974 2305 3014 usus
2335 2968 2421 3014 est
2450 2973 2578 3028 erga
2619 2967 2925 3027 peceatum.
2960 2958 3030 3012 At
3067 2958 3292 3028 quando
3319 2960 3433 3014 vult
3464 2968 3526 3015 ut

1941 3066 2027 3106 me
2055 3051 2358 3121 poeniteat,
2393 3051 2575 3105 reddit
2607 3051 2781 3117 mihi;
2826 3065 2938 3119 quo
2988 3051 3152 3105 modo
3198 3052 3310 3122 agit
3353 3051 3521 3106 etiam

1935 3156 2067 3212 erga
2097 3140 2341 3195 Judmos.
2374 3140 2505 3195 Post
2534 3140 2878 3211 aliquantum
2912 3140 3061 3195 enim
3097 3141 3361 3196 excitavit
3389 3156 3522 3194 ron—

1937 3243 2024 3288 tra
2060 3234 2186 3288 illos
2217 3232 2403 3287 'l‘itum
2432 3244 2487 3287 et
2517 3231 2924 3302 Vespasianum
2957 3240 3014 3287 et
3043 3232 3295 3299 Graecos,
3326 3241 3382 3288 et
3419 3233 3522 3288 de-

1928 3324 2066 3394 jecit
2100 3324 2459 3394 petulantiam
2497 3338 2714 3378 eorum.

2005 3413 2060 3467 Si
2093 3413 2474 3484 interrogeris,
2506 3413 2784 3467 Saracena
2811 3412 3061 3479 dicente;
3089 3412 3263 3477 Quem
3289 3412 3371 3466 ais
3397 3427 3522 3467 esse

1929 3506 2266 3561 Christum?
2306 3504 2599 3574 Responde
2644 3505 2764 3571 illi,
2823 3504 3066 3559 Verbum
3119 3503 3235 3559 Dei.
3265 3502 3412 3557 Nihil
3462 3506 3520 3559 in

1930 3599 2038 3654 hoc
2065 3600 2326 3653 aberrare
2357 3598 2621 3661 arbitror,
2650 3598 2912 3667 quoniam
2951 3607 3006 3652 et
3043 3596 3282 3652 Verbum
3315 3597 3520 3650 dicitur

1928 3706 1959 3745 ι
2008 3692 2341 3760 Scriptura,
2392 3697 2447 3744 et
2494 3690 2767 3759 sapientia
2790 3697 2847 3744 et
2896 3689 3185 3743 brachium
3237 3696 3293 3744 et
3340 3689 3517 3743 virtus

1928 3781 2046 3845 Dei,
2094 3790 2153 3836 et
2212 3782 2319 3834 alia
2367 3780 2419 3833 id
2460 3796 2633 3849 genus
2686 3781 2880 3833 multa.
2934 3778 3310 3833 Multiuomius
3366 3780 3514 3833 enim

1924 3884 2030 3929 est.
2065 3874 2146 3926 'l'u
2185 3886 2320 3926 vero
2353 3872 2600 3926 vicissim
2635 3872 2914 3937 interroga
2946 3885 3071 3924 eum
3099 3870 3293 3923 dicens
3320 3886 3335 3933 ;
3366 3869 3512 3933 Quid

1925 3969 2157 4015 vocatur
2184 3975 2215 4013 a
2247 3960 2536 4030 Scriptura
2567 3959 2871 4013 Christus?
2896 3959 3152 4013 Fortasse
3174 3958 3390 4012 etiamsi
3416 3974 3514 4011 ve-

1924 4052 1988 4106 lit
2020 4052 2371 4121 interrogare
2406 4059 2463 4104 te
2497 4049 2809 4105 Saracenus
2837 4050 2905 4104 de
2944 4051 3130 4119 aliqua
3164 4049 3271 4102 alia
3316 4065 3413 4112 re;
3445 4065 3513 4105 ne

1924 4143 2265 4214 respondeas
2290 4142 2370 4195 illi
2398 4149 2693 4211 antequam
2721 4141 2947 4195 solverit
2967 4141 3302 4209 postulatum
3330 4149 3507 4195 tuum.

1921 4229 2041 4295 Qua
2074 4232 2407 4287 necessitate
2436 4237 2665 4285 coactus
2692 4230 3056 4300 respondebit
3081 4231 3179 4284 tibi
3215 4230 3442 4285 dicens:
3464 4230 3506 4285 Δ

1923 4322 2212 4392 Scriptura
2241 4338 2359 4378 mea
2387 4321 2628 4393 Spiritus
2649 4330 2704 4377 et
2726 4321 2968 4377 Verbum
2997 4321 3090 4376 Dei
3117 4322 3324 4376 dicitur
3342 4322 3508 4376 Chri-

214 4400 358 4471 ‘elxé
393 4417 545 4488 αὐτῷ
576 4418 641 4471 σὺ
689 4418 887 4471 πάλιν·
918 4416 994 4471 Τὸ
1048 4417 1273 4487 Πνεῦμα
1322 4418 1418 4471 τοῦ
1464 4417 1601 4471 Θεοῦ
1637 4418 1734 4471 καὶ
1788 4412 1850 4472 6i

1954 4426 2064 4472 tus.
2097 4415 2162 4469 Et
2197 4426 2331 4471 tunc
2358 4416 2449 4470 die
2481 4416 2560 4470 illi
2593 4423 2651 4469 tu
2696 4431 2920 4485 quoque
2951 4433 2964 4469 :
3016 4413 3262 4485 Spiritus
3311 4414 3405 4470 Dei
3454 4424 3507 4470 et

228 4509 431 4577 Λόγος,
471 4509 624 4579 παρὰ
660 4513 729 4581 τῇ
784 4510 975 4581 Γραφῇ
1029 4526 1149 4573 σου,
1200 4509 1434 4563 ἀκτιστα
1474 4508 1725 4577 λέγονται
1780 4510 1813 4580 ἢ

229 4601 461 4665 atrata;
494 4602 605 4653 Καὶ
636 4602 774 4654 ὲπὰν
816 4602 944 4672 εἴπῃ
972 4601 1055 4652 ὄτι
1086 4599 1318 4653 ἀκτιστά
1353 4600 1512 4661 εἰσιν,
1558 4602 1682 4653 εἰπὲ
1714 4601 1815 4653 αύ-

228 4692 337 4761 τῷ·
376 4690 485 4744 Καὶ
527 4692 612 4753 τίς
646 4691 831 4744 ἔκτισε
864 4692 924 4743 τὸ
961 4690 1186 4762 Πνεῦμα
1229 4691 1324 4744 καὶ
1372 4691 1462 4744 τὸν
1491 4692 1665 4759 Λόγον
1718 4692 1813 4745 τοῦ

226 4779 401 4847 Θεοῦ;
456 4783 569 4835 Kal
607 4782 704 4835 ἐὰν
757 4781 816 4847 ἐξ
864 4783 1100 4852 ἀπορίας
1134 4782 1263 4852 εἴπῃ
1319 4800 1403 4835 σοι
1432 4822 1446 4846 ,
1490 4783 1572 4835 ὅτι
1603 4785 1631 4836 6
1680 4784 1814 4847 Θεὸς

225 4872 371 4925 αὐτὰ
419 4872 655 4938 ἔκτισεν,
709 4875 862 4926 εἰπὲο
913 4875 1044 4927 Ἰδοὺ
1091 4875 1141 4927 εί
1186 4874 1374 4943 ἔλεγον
1420 4872 1533 4942 ἐγὼ
1571 4874 1708 4945 πρὸς
1749 4876 1812 4929 σὲ

226 4962 406 5022 τοῦτο,
438 4964 624 5032 ἔλεγες
658 4965 724 5019 ἂν
761 4966 897 5036 πρὸς
931 4966 1022 5035 μὲ,
1060 4967 1142 5019 ὅτι
1193 4966 1491 5035 Ἠφάνισας
1531 4966 1632 5036 τὴν
1666 4984 1810 5037 μαρ-

225 5055 421 5125 τυρίαν
450 5073 545 5108 σου
568 5074 582 5087 ·
617 5058 711 5110 καὶ
742 5058 836 5109 τοῦ
876 5056 1067 5111 λοιποῦ
1094 5058 1155 5110 ού
1198 5057 1523 5110 πιστεύεστε
1550 5058 1570 5088 ⁰
1612 5057 1714 5109 ὅσα
1740 5056 1807 5110 ἂν

227 5145 408 5216 εἴπῃς.
433 5147 624 5217 Ὅμως
656 5146 749 5202 οῦν
783 5149 878 5201 καὶ
904 5148 1065 5203 τοῦτο
1097 5148 1287 5221 ἐρωτῶ
1318 5166 1399 5211 σε,
1433 5148 1539 5220 πρὸ
1561 5148 1656 5201 τοῦ
1687 5148 1807 5202 κτί-

228 5248 316 5285 σαι
358 5234 388 5285 ὀ
415 5234 549 5299 Θεὸς
583 5238 676 5289 τὸν
714 5238 888 5306 Λόγον
928 5240 1022 5291 καὶ
1078 5238 1138 5291 τὸ
1202 5238 1462 5309 Πνεῦμα,
1509 5239 1611 5297 οῦκ
1660 5235 1806 5310 εἶχεν

231 5320 454 5391 Πνεῦμα
468 5324 593 5378 οὐδὲ
622 5326 832 5393 Λόγον;
869 5330 979 5382 Kal
1005 5328 1261 5398 φεύξεται
1291 5329 1400 5383 ἀπὸ
1432 5330 1525 5383 σοῦ
1560 5330 1633 5401 μὴ
1668 5330 1807 5399 ἔχων

230 5412 279 5466 τί
300 5413 694 5488 ἀποιριθῆναι.
719 5421 997 5491 Αἱρετικοὶ
1030 5422 1136 5492 γάρ
1166 5422 1304 5475 εἰσιν
1334 5422 1381 5475 οἱ
1407 5422 1641 5475 τοιοῦτοι
1666 5424 1806 5477 κατὰ

1920 4505 2157 4560 Verbum
2183 4525 2210 4559 a
2242 4507 2536 4577 Scriptura
2566 4515 2659 4560 tua
2691 4508 2937 4561 increata
2965 4506 3249 4565 dicuntur.
3276 4523 3343 4561 an
3382 4523 3508 4560 vero

1916 4608 2103 4653 creata
2126 4600 2149 4651 ?
2170 4601 2249 4652 Ac
2277 4600 2366 4652 ubi
2398 4598 2746 4667 rcSponderit
2772 4608 2956 4653 creata
2982 4615 3107 4655 esse
3125 4642 3139 4663 ,
3169 4600 3261 4654 dic
3283 4600 3329 4654 ei
3359 4618 3373 4652 :
3405 4599 3506 4654 Ec-

1915 4692 2040 4761 quis
2084 4691 2293 4745 creavit
2328 4690 2420 4744 Dei
2460 4690 2725 4760 Spiritum
2762 4699 2815 4744 et
2846 4690 3125 4745 Verbum?
3155 4690 3313 4757 Quod
3352 4692 3395 4745 si
3436 4693 3503 4745 ad

1915 4784 2117 4838 incitas
2167 4783 2427 4837 redactus
2476 4781 2680 4836 dixerit
2725 4782 2864 4848 tibi,
2904 4783 3069 4836 Deum
3104 4783 3196 4837 illa
3226 4799 3450 4839 creasse
3483 4802 3498 4849 ;

1916 4890 2107 4946 regere
2142 4892 2155 4926 :
2210 4873 2276 4928 Et
2322 4873 2368 4929 si
2413 4872 2683 4928 dixissem
2717 4890 2820 4944 ego
2855 4874 2955 4928 tibi
2995 4890 3105 4930 rem
3140 4874 3458 4943 hujusmod‘l
3484 4916 3500 4940 ,

1916 4967 2301 5037 respondisses
2340 4965 2757 5035 proferto'mihi
2796 4987 2810 5022 :
2850 4966 2890 5021 Ε
2924 4968 3104 5023 medio
3129 4968 3402 5023 sustulisti
3432 4978 3502 5022 te-

1915 5060 2236 5115 stimonium
2262 5068 2450 5122 tuum,
2475 5073 2538 5113 ac
2562 5074 2731 5129 porro
2753 5060 2900 5114 haud
2925 5060 3338 5114 conﬁrmaveris
3360 5075 3501 5127 qua:-

1913 5169 2133 5223 cunque
2160 5151 2384 5208 dixeris.
2430 5149 2810 5208 Nihilominus
2837 5162 2890 5207 et
2916 5152 3058 5207 istud
3089 5160 3142 5208 te
3174 5153 3454 5222 interrogo
3481 5172 3494 5207 :

1911 5246 2221 5315 Antequam
2255 5252 2469 5300 crearet
2499 5242 2644 5299 Deus
2676 5243 2917 5298 Verbum
2953 5252 3007 5299 et
3039 5244 3305 5314 Spiritum
3332 5283 3347 5307 ,
3384 5260 3494 5301 nou

1910 5336 2146 5391 habebat
2170 5336 2435 5406 Spiritum
2466 5350 2644 5404 neque
2678 5333 2919 5388 Verbum
2946 5335 2968 5388 ?
2999 5342 3162 5402 atque
3194 5333 3493 5390 declinabit

1909 5444 1938 5482 a
1970 5436 2055 5495 te,
2096 5445 2204 5483 non
2247 5428 2459 5483 habens
2499 5425 2630 5497 quid
2670 5427 3020 5505 respondeat.
3059 5424 3312 5483 llzeretici
3343 5424 3489 5482 enim

1498 5583 1728 5639 νΑιιιίΕ
1760 5585 2162 5642 LECTIONES.

276 5682 296 5714 '
344 5680 511 5741 Forte
534 5703 842 5745 πιστεύεται
864 5690 947 5747 vel
976 5694 1417 5765 πιστευθήσεται.
