  <div class='ocr_page' id='page_1' title='image "/cluster/home/n/w/nwhite01/storage/ocr_20150623/96/hvd.32044073502114/685.png"; bbox 0 0 3876 6336; ppageno 0'>
   <div class='ocr_carea' id='block_1_1' title="bbox 424 274 564 341">
    <p class='ocr_par' dir='ltr' id='par_1_1' title="bbox 424 274 564 341">
     <span class='ocr_line' id='line_1_1' title="bbox 424 274 564 341; baseline -0.029 0"><span class='ocrx_word' id='word_1_1' title='bbox 424 274 564 341; x_wconf 62' lang='grc'><strong>1343</strong></span> 
     </span>
    </p>
   </div>
   <div class='ocr_carea' id='block_1_2' title="bbox 1870 281 2252 341">
    <p class='ocr_par' dir='ltr' id='par_1_2' title="bbox 1870 281 2252 341">
     <span class='ocr_line' id='line_1_2' title="bbox 1870 281 2252 341; baseline 0 0"><span class='ocrx_word' id='word_1_2' title='bbox 1870 281 2252 341; x_wconf 71' lang='lat' dir='ltr'><strong>ADDENDA.</strong></span> 
     </span>
    </p>
   </div>
   <div class='ocr_carea' id='block_1_3' title="bbox 3618 270 3731 334">
    <p class='ocr_par' dir='ltr' id='par_1_3' title="bbox 3618 270 3731 334">
     <span class='ocr_line' id='line_1_3' title="bbox 3618 270 3731 334; baseline 0.009 -1"><span class='ocrx_word' id='word_1_3' title='bbox 3618 270 3731 334; x_wconf 60' lang='lat' dir='ltr'><strong>135d</strong></span> 
     </span>
    </p>
   </div>
   <div class='ocr_carea' id='block_1_4' title="bbox 422 385 1996 463">
    <p class='ocr_par' dir='ltr' id='par_1_4' title="bbox 422 387 1996 458">
     <span class='ocr_line' id='line_1_4' title="bbox 422 387 1996 458; baseline 0.003 -14"><span class='ocrx_word' id='word_1_4' title='bbox 422 399 551 446; x_wconf 81' lang='lat' dir='ltr'><strong>sunt</strong></span> <span class='ocrx_word' id='word_1_5' title='bbox 583 389 674 458; x_wconf 86' lang='lat' dir='ltr'><strong>qui</strong></span> <span class='ocrx_word' id='word_1_6' title='bbox 706 388 811 442; x_wconf 84' lang='lat' dir='ltr'><strong>hoc</strong></span> <span class='ocrx_word' id='word_1_7' title='bbox 854 387 1126 443; x_wconf 75' lang='lat' dir='ltr'><strong>aﬂlrmant</strong></span> <span class='ocrx_word' id='word_1_8' title='bbox 1164 390 1307 458; x_wconf 85' lang='lat' dir='ltr'><strong>apud</strong></span> <span class='ocrx_word' id='word_1_9' title='bbox 1344 390 1687 455; x_wconf 75' lang='lat' dir='ltr'><strong>Saracenos,</strong></span> <span class='ocrx_word' id='word_1_10' title='bbox 1726 393 1996 448; x_wconf 55' lang='lat' dir='ltr'><strong>maxime.</strong></span> 
     </span>
    </p>
   </div>
   <div class='ocr_carea' id='block_1_5' title="bbox 2101 385 3728 463">
    <p class='ocr_par' dir='ltr' id='par_1_5' title="bbox 2101 385 3728 463">
     <span class='ocr_line' id='line_1_5' title="bbox 2101 385 3728 463; baseline -0.01 -12"><span class='ocrx_word' id='word_1_11' title='bbox 2101 392 2479 463; x_wconf 78' lang='grc' dir='ltr'><strong>Σαρακηνοὺς,</strong></span> <span class='ocrx_word' id='word_1_12' title='bbox 2516 392 2613 447; x_wconf 69' lang='grc' dir='ltr'><strong>καὶ</strong></span> <span class='ocrx_word' id='word_1_13' title='bbox 2659 392 2803 445; x_wconf 82' lang='grc' dir='ltr'><strong>πάνυ</strong></span> <span class='ocrx_word' id='word_1_14' title='bbox 2842 392 3124 461; x_wconf 75' lang='grc' dir='ltr'><strong>βδελυκτοὶ</strong></span> <span class='ocrx_word' id='word_1_15' title='bbox 3194 387 3300 443; x_wconf 64' lang='grc' dir='ltr'><strong>καὶ</strong></span> <span class='ocrx_word' id='word_1_16' title='bbox 3363 385 3728 452; x_wconf 45' lang='lat' dir='ltr'><strong>dictitatu-</strong></span> 
     </span>
    </p>
   </div>
   <div class='ocr_carea' id='block_1_6' title="bbox 423 480 1999 550">
    <p class='ocr_par' dir='ltr' id='par_1_6' title="bbox 423 480 1999 550">
     <span class='ocr_line' id='line_1_6' title="bbox 423 480 1999 550; baseline 0.005 -17"><span class='ocrx_word' id='word_1_17' title='bbox 423 496 529 549; x_wconf 84' lang='lat' dir='ltr'><strong>que</strong></span> <span class='ocrx_word' id='word_1_18' title='bbox 557 488 687 535; x_wconf 90' lang='lat' dir='ltr'><strong>sunt</strong></span> <span class='ocrx_word' id='word_1_19' title='bbox 715 480 1115 535; x_wconf 80' lang='lat' dir='ltr'><strong>abominabiles</strong></span> <span class='ocrx_word' id='word_1_20' title='bbox 1140 490 1195 535; x_wconf 89' lang='lat' dir='ltr'><strong>et</strong></span> <span class='ocrx_word' id='word_1_21' title='bbox 1224 482 1543 550; x_wconf 90' lang='lat' dir='ltr'><strong>propudiosi</strong></span> <span class='ocrx_word' id='word_1_22' title='bbox 1576 500 1589 537; x_wconf 89' lang='lat'><strong>:</strong></span> <span class='ocrx_word' id='word_1_23' title='bbox 1619 493 1672 539; x_wconf 90' lang='lat' dir='ltr'><strong>et</strong></span> <span class='ocrx_word' id='word_1_24' title='bbox 1707 486 1754 539; x_wconf 88' lang='lat' dir='ltr'><strong>si</strong></span> <span class='ocrx_word' id='word_1_25' title='bbox 1784 487 1999 541; x_wconf 88' lang='lat' dir='ltr'><strong>huncce</strong></span> 
     </span>
    </p>
   </div>
   <div class='ocr_carea' id='block_1_7' title="bbox 426 572 1999 643">
    <p class='ocr_par' dir='ltr' id='par_1_7' title="bbox 426 572 1999 643">
     <span class='ocr_line' id='line_1_7' title="bbox 426 572 1999 643; baseline 0.01 -25"><span class='ocrx_word' id='word_1_26' title='bbox 426 572 666 625; x_wconf 79' lang='lat' dir='ltr'><strong>volueris</strong></span> <span class='ocrx_word' id='word_1_27' title='bbox 698 572 991 625; x_wconf 88' lang='lat' dir='ltr'><strong>traducere</strong></span> <span class='ocrx_word' id='word_1_28' title='bbox 1015 572 1159 640; x_wconf 83' lang='lat' dir='ltr'><strong>apud</strong></span> <span class='ocrx_word' id='word_1_29' title='bbox 1195 574 1436 643; x_wconf 89' lang='lat' dir='ltr'><strong>reliquos</strong></span> <span class='ocrx_word' id='word_1_30' title='bbox 1468 574 1810 639; x_wconf 86' lang='lat' dir='ltr'><strong>Saracenos,</strong></span> <span class='ocrx_word' id='word_1_31' title='bbox 1840 578 1999 633; x_wconf 88' lang='lat' dir='ltr'><strong>time-</strong></span> 
     </span>
    </p>
   </div>
   <div class='ocr_carea' id='block_1_8' title="bbox 423 662 1999 735">
    <p class='ocr_par' dir='ltr' id='par_1_8' title="bbox 423 662 1999 735">
     <span class='ocr_line' id='line_1_8' title="bbox 423 662 1999 735; baseline 0.006 -22"><span class='ocrx_word' id='word_1_32' title='bbox 423 664 502 713; x_wconf 87' lang='lat' dir='ltr'><strong>bit</strong></span> <span class='ocrx_word' id='word_1_33' title='bbox 541 672 592 715; x_wconf 90' lang='lat' dir='ltr'><strong>te</strong></span> <span class='ocrx_word' id='word_1_34' title='bbox 620 662 937 715; x_wconf 77' lang='lat' dir='ltr'><strong>admodum.</strong></span> <span class='ocrx_word' id='word_1_35' title='bbox 976 662 1131 726; x_wconf 86' lang='lat' dir='ltr'><strong>Quod</strong></span> <span class='ocrx_word' id='word_1_36' title='bbox 1159 665 1205 718; x_wconf 88' lang='lat' dir='ltr'><strong>si</strong></span> <span class='ocrx_word' id='word_1_37' title='bbox 1240 665 1660 735; x_wconf 66' lang='lat' dir='ltr'><strong>interrogat-erit</strong></span> <span class='ocrx_word' id='word_1_38' title='bbox 1697 675 1748 721; x_wconf 87' lang='lat' dir='ltr'><strong>te</strong></span> <span class='ocrx_word' id='word_1_39' title='bbox 1772 666 1999 723; x_wconf 87' lang='lat' dir='ltr'><strong>Sarace—</strong></span> 
     </span>
    </p>
   </div>
   <div class='ocr_carea' id='block_1_9' title="bbox 426 752 1999 821">
    <p class='ocr_par' dir='ltr' id='par_1_9' title="bbox 426 752 1999 821">
     <span class='ocr_line' id='line_1_9' title="bbox 426 752 1999 821; baseline 0.005 -16"><span class='ocrx_word' id='word_1_40' title='bbox 426 769 529 805; x_wconf 91' lang='lat' dir='ltr'><strong>nus</strong></span> <span class='ocrx_word' id='word_1_41' title='bbox 561 753 820 821; x_wconf 82' lang='lat' dir='ltr'><strong>inquiens</strong></span> <span class='ocrx_word' id='word_1_42' title='bbox 848 772 861 807; x_wconf 90' lang='lat'>:</span> <span class='ocrx_word' id='word_1_43' title='bbox 896 752 1192 811; x_wconf 80' lang='lat' dir='ltr'><strong>Sermones</strong></span> <span class='ocrx_word' id='word_1_44' title='bbox 1223 756 1312 810; x_wconf 82' lang='lat' dir='ltr'><strong>Dei</strong></span> <span class='ocrx_word' id='word_1_45' title='bbox 1340 759 1514 813; x_wconf 82' lang='lat' dir='ltr'><strong>creati</strong></span> <span class='ocrx_word' id='word_1_46' title='bbox 1545 768 1674 813; x_wconf 91' lang='lat' dir='ltr'><strong>sunt</strong></span> <span class='ocrx_word' id='word_1_47' title='bbox 1699 776 1767 813; x_wconf 86' lang='lat' dir='ltr'><strong>an</strong></span> <span class='ocrx_word' id='word_1_48' title='bbox 1795 762 1999 814; x_wconf 88' lang='lat' dir='ltr'><strong>increa-</strong></span> 
     </span>
    </p>
   </div>
   <div class='ocr_carea' id='block_1_10' title="bbox 424 844 1998 922">
    <p class='ocr_par' dir='ltr' id='par_1_10' title="bbox 424 844 1998 922">
     <span class='ocr_line' id='line_1_10' title="bbox 424 844 1998 922; baseline 0.006 -25"><span class='ocrx_word' id='word_1_49' title='bbox 424 845 509 897; x_wconf 83' lang='lat' dir='ltr'><strong>ti?</strong></span> <span class='ocrx_word' id='word_1_50' title='bbox 548 844 740 899; x_wconf 86' lang='lat' dir='ltr'><strong>Solent</strong></span> <span class='ocrx_word' id='word_1_51' title='bbox 779 848 925 900; x_wconf 88' lang='lat' dir='ltr'><strong>enim</strong></span> <span class='ocrx_word' id='word_1_52' title='bbox 965 848 1126 902; x_wconf 88' lang='lat' dir='ltr'><strong>nobis</strong></span> <span class='ocrx_word' id='word_1_53' title='bbox 1160 850 1402 917; x_wconf 89' lang='lat' dir='ltr'><strong>ohjieere</strong></span> <span class='ocrx_word' id='word_1_54' title='bbox 1434 852 1571 904; x_wconf 82' lang='lat' dir='ltr'><strong>hanc.</strong></span> <span class='ocrx_word' id='word_1_55' title='bbox 1605 852 1998 922; x_wconf 84' lang='lat' dir='ltr'><strong>interrogatio-</strong></span> 
     </span>
    </p>
   </div>
   <div class='ocr_carea' id='block_1_11' title="bbox 425 939 2001 1004">
    <p class='ocr_par' dir='ltr' id='par_1_11' title="bbox 425 939 2001 1004">
     <span class='ocr_line' id='line_1_11' title="bbox 425 939 2001 1004; baseline 0.008 -13"><span class='ocrx_word' id='word_1_56' title='bbox 425 952 545 991; x_wconf 88' lang='lat' dir='ltr'><strong>nem</strong></span> <span class='ocrx_word' id='word_1_57' title='bbox 571 939 1133 1004; x_wconf 71' lang='lat' dir='ltr'><strong>vehementissimam,</strong></span> <span class='ocrx_word' id='word_1_58' title='bbox 1162 941 1405 995; x_wconf 79' lang='lat' dir='ltr'><strong>volentes</strong></span> <span class='ocrx_word' id='word_1_59' title='bbox 1431 943 1721 998; x_wconf 82' lang='lat' dir='ltr'><strong>ostendere</strong></span> <span class='ocrx_word' id='word_1_60' title='bbox 1752 953 2001 1003; x_wconf 84' lang='lat' dir='ltr'><strong>creatum</strong></span> 
     </span>
    </p>
   </div>
   <div class='ocr_carea' id='block_1_12' title="bbox 423 1029 1997 1099">
    <p class='ocr_par' dir='ltr' id='par_1_12' title="bbox 423 1029 1997 1099">
     <span class='ocr_line' id='line_1_12' title="bbox 423 1029 1997 1099; baseline 0.003 -17"><span class='ocrx_word' id='word_1_61' title='bbox 423 1044 549 1083; x_wconf 81' lang='lat' dir='ltr'><strong>esse</strong></span> <span class='ocrx_word' id='word_1_62' title='bbox 585 1029 818 1084; x_wconf 83' lang='lat' dir='ltr'><strong>Verbum</strong></span> <span class='ocrx_word' id='word_1_63' title='bbox 854 1029 983 1093; x_wconf 91' lang='lat' dir='ltr'><strong>Dei,</strong></span> <span class='ocrx_word' id='word_1_64' title='bbox 1013 1032 1159 1099; x_wconf 85' lang='lat' dir='ltr'><strong>quod</strong></span> <span class='ocrx_word' id='word_1_65' title='bbox 1194 1046 1329 1085; x_wconf 87' lang='lat' dir='ltr'><strong>sane</strong></span> <span class='ocrx_word' id='word_1_66' title='bbox 1362 1047 1472 1086; x_wconf 89' lang='lat' dir='ltr'><strong>non</strong></span> <span class='ocrx_word' id='word_1_67' title='bbox 1506 1041 1610 1087; x_wconf 88' lang='lat' dir='ltr'><strong>est.</strong></span> <span class='ocrx_word' id='word_1_68' title='bbox 1639 1032 1794 1099; x_wconf 93' lang='lat' dir='ltr'><strong>Quod</strong></span> <span class='ocrx_word' id='word_1_69' title='bbox 1826 1035 1873 1089; x_wconf 87' lang='lat' dir='ltr'><strong>si</strong></span> <span class='ocrx_word' id='word_1_70' title='bbox 1908 1034 1997 1087; x_wconf 82' lang='lat' dir='ltr'><strong>di—</strong></span> 
     </span>
    </p>
   </div>
   <div class='ocr_carea' id='block_1_13' title="bbox 427 1122 1998 1195">
    <p class='ocr_par' dir='ltr' id='par_1_13' title="bbox 427 1122 1998 1195">
     <span class='ocr_line' id='line_1_13' title="bbox 427 1122 1998 1195; baseline 0.006 -22"><span class='ocrx_word' id='word_1_71' title='bbox 427 1122 573 1177; x_wconf 74' lang='lat' dir='ltr'><strong>xeris</strong></span> <span class='ocrx_word' id='word_1_72' title='bbox 604 1131 851 1187; x_wconf 90' lang='lat' dir='ltr'><strong>creatos,</strong></span> <span class='ocrx_word' id='word_1_73' title='bbox 890 1124 1090 1192; x_wconf 82' lang='lat' dir='ltr'><strong>regerit</strong></span> <span class='ocrx_word' id='word_1_74' title='bbox 1122 1134 1315 1177; x_wconf 83' lang='lat' dir='ltr'><strong>contra</strong></span> <span class='ocrx_word' id='word_1_75' title='bbox 1346 1135 1396 1180; x_wconf 92' lang='lat' dir='ltr'><strong>te</strong></span> <span class='ocrx_word' id='word_1_76' title='bbox 1418 1167 1431 1191; x_wconf 89' lang='lat'><strong>,</strong></span> <span class='ocrx_word' id='word_1_77' title='bbox 1467 1127 1613 1195; x_wconf 89' lang='lat' dir='ltr'><strong>quod</strong></span> <span class='ocrx_word' id='word_1_78' title='bbox 1647 1143 1775 1182; x_wconf 88' lang='lat' dir='ltr'><strong>ecce</strong></span> <span class='ocrx_word' id='word_1_79' title='bbox 1807 1142 1998 1183; x_wconf 88' lang='lat' dir='ltr'><strong>omnes</strong></span> 
     </span>
    </p>
   </div>
   <div class='ocr_carea' id='block_1_14' title="bbox 425 1213 1997 1283">
    <p class='ocr_par' dir='ltr' id='par_1_14' title="bbox 425 1213 1997 1283">
     <span class='ocr_line' id='line_1_14' title="bbox 425 1213 1997 1283; baseline 0.006 -18"><span class='ocrx_word' id='word_1_80' title='bbox 425 1213 499 1265; x_wconf 86' lang='lat' dir='ltr'><strong>dii</strong></span> <span class='ocrx_word' id='word_1_81' title='bbox 549 1228 679 1266; x_wconf 89' lang='lat' dir='ltr'><strong>vero</strong></span> <span class='ocrx_word' id='word_1_82' title='bbox 729 1228 838 1266; x_wconf 89' lang='lat' dir='ltr'><strong>non</strong></span> <span class='ocrx_word' id='word_1_83' title='bbox 881 1223 1030 1268; x_wconf 90' lang='lat' dir='ltr'><strong>sunt.</strong></span> <span class='ocrx_word' id='word_1_84' title='bbox 1078 1213 1219 1269; x_wconf 86' lang='lat' dir='ltr'><strong>Ecce</strong></span> <span class='ocrx_word' id='word_1_85' title='bbox 1278 1224 1337 1269; x_wconf 89' lang='lat' dir='ltr'><strong>tu</strong></span> <span class='ocrx_word' id='word_1_86' title='bbox 1386 1218 1675 1273; x_wconf 81' lang='lat' dir='ltr'><strong>confessus</strong></span> <span class='ocrx_word' id='word_1_87' title='bbox 1718 1234 1812 1283; x_wconf 89' lang='lat' dir='ltr'><strong>es,</strong></span> <span class='ocrx_word' id='word_1_88' title='bbox 1860 1218 1997 1274; x_wconf 86' lang='lat' dir='ltr'><strong>Ver-</strong></span> 
     </span>
    </p>
   </div>
   <div class='ocr_carea' id='block_1_15' title="bbox 427 1303 1996 1371">
    <p class='ocr_par' dir='ltr' id='par_1_15' title="bbox 427 1303 1996 1371">
     <span class='ocr_line' id='line_1_15' title="bbox 427 1303 1996 1371; baseline 0.005 -15"><span class='ocrx_word' id='word_1_89' title='bbox 427 1304 553 1357; x_wconf 83' lang='lat' dir='ltr'><strong>bum</strong></span> <span class='ocrx_word' id='word_1_90' title='bbox 610 1303 725 1369; x_wconf 90' lang='lat' dir='ltr'><strong>Dei,</strong></span> <span class='ocrx_word' id='word_1_91' title='bbox 766 1318 889 1358; x_wconf 89' lang='lat' dir='ltr'><strong>cum</strong></span> <span class='ocrx_word' id='word_1_92' title='bbox 956 1306 1023 1360; x_wconf 91' lang='lat' dir='ltr'><strong>sit</strong></span> <span class='ocrx_word' id='word_1_93' title='bbox 1074 1305 1361 1371; x_wconf 84' lang='lat' dir='ltr'><strong>Christus,</strong></span> <span class='ocrx_word' id='word_1_94' title='bbox 1432 1306 1602 1362; x_wconf 88' lang='lat' dir='ltr'><strong>Deum</strong></span> <span class='ocrx_word' id='word_1_95' title='bbox 1657 1317 1841 1364; x_wconf 88' lang='lat' dir='ltr'><strong>tamen</strong></span> <span class='ocrx_word' id='word_1_96' title='bbox 1889 1325 1996 1364; x_wconf 89' lang='lat' dir='ltr'><strong>non</strong></span> 
     </span>
    </p>
   </div>
   <div class='ocr_carea' id='block_1_16' title="bbox 425 1393 2000 1469">
    <p class='ocr_par' dir='ltr' id='par_1_16' title="bbox 425 1393 2000 1469">
     <span class='ocr_line' id='line_1_16' title="bbox 425 1393 2000 1469; baseline 0.004 -21"><span class='ocrx_word' id='word_1_97' title='bbox 425 1410 567 1448; x_wconf 87' lang='lat' dir='ltr'><strong>esse.</strong></span> <span class='ocrx_word' id='word_1_98' title='bbox 613 1393 1013 1462; x_wconf 86' lang='lat' dir='ltr'><strong>Quamobrem,</strong></span> <span class='ocrx_word' id='word_1_99' title='bbox 1069 1412 1247 1464; x_wconf 86' lang='lat' dir='ltr'><strong>neque</strong></span> <span class='ocrx_word' id='word_1_100' title='bbox 1294 1406 1513 1453; x_wconf 86' lang='lat' dir='ltr'><strong>creatos</strong></span> <span class='ocrx_word' id='word_1_101' title='bbox 1565 1416 1738 1469; x_wconf 88' lang='lat' dir='ltr'><strong>neque</strong></span> <span class='ocrx_word' id='word_1_102' title='bbox 1783 1400 2000 1454; x_wconf 86' lang='lat' dir='ltr'><strong>increa-</strong></span> 
     </span>
    </p>
   </div>
   <div class='ocr_carea' id='block_1_17' title="bbox 426 1487 1995 1561">
    <p class='ocr_par' dir='ltr' id='par_1_17' title="bbox 426 1487 1995 1561">
     <span class='ocr_line' id='line_1_17' title="bbox 426 1487 1995 1561; baseline 0.005 -22"><span class='ocrx_word' id='word_1_103' title='bbox 426 1497 510 1541; x_wconf 86' lang='lat' dir='ltr'><strong>tos</strong></span> <span class='ocrx_word' id='word_1_104' title='bbox 550 1487 897 1543; x_wconf 80' lang='lat' dir='ltr'><strong>Christianus</strong></span> <span class='ocrx_word' id='word_1_105' title='bbox 954 1489 1292 1557; x_wconf 83' lang='lat' dir='ltr'><strong>respondens</strong></span> <span class='ocrx_word' id='word_1_106' title='bbox 1353 1490 1427 1543; x_wconf 89' lang='lat' dir='ltr'><strong>illi</strong></span> <span class='ocrx_word' id='word_1_107' title='bbox 1460 1490 1694 1561; x_wconf 79' lang='lat' dir='ltr'><strong>appellat</strong></span> <span class='ocrx_word' id='word_1_108' title='bbox 1741 1491 1995 1561; x_wconf 86' lang='lat' dir='ltr'><strong>(dicens),</strong></span> 
     </span>
    </p>
   </div>
   <div class='ocr_carea' id='block_1_18' title="bbox 424 1576 1997 1650">
    <p class='ocr_par' dir='ltr' id='par_1_18' title="bbox 424 1576 1997 1650">
     <span class='ocr_line' id='line_1_18' title="bbox 424 1576 1997 1650; baseline 0.005 -23"><span class='ocrx_word' id='word_1_109' title='bbox 424 1576 537 1646; x_wconf 80' lang='lat' dir='ltr'><strong>Ego</strong></span> <span class='ocrx_word' id='word_1_110' title='bbox 564 1591 731 1629; x_wconf 89' lang='lat' dir='ltr'><strong>unum</strong></span> <span class='ocrx_word' id='word_1_111' title='bbox 774 1577 949 1631; x_wconf 89' lang='lat' dir='ltr'><strong>solum</strong></span> <span class='ocrx_word' id='word_1_112' title='bbox 987 1578 1219 1632; x_wconf 75' lang='lat' dir='ltr'><strong>Verbum</strong></span> <span class='ocrx_word' id='word_1_113' title='bbox 1264 1577 1359 1632; x_wconf 86' lang='lat' dir='ltr'><strong>Dei</strong></span> <span class='ocrx_word' id='word_1_114' title='bbox 1394 1581 1446 1633; x_wconf 91' lang='lat' dir='ltr'><strong>in</strong></span> <span class='ocrx_word' id='word_1_115' title='bbox 1499 1581 1779 1650; x_wconf 81' lang='lat' dir='ltr'><strong>hypostasi</strong></span> <span class='ocrx_word' id='word_1_116' title='bbox 1827 1582 1997 1635; x_wconf 84' lang='lat' dir='ltr'><strong>conti-</strong></span> 
     </span>
    </p>
   </div>
   <div class='ocr_carea' id='block_1_19' title="bbox 426 1667 1992 1739">
    <p class='ocr_par' dir='ltr' id='par_1_19' title="bbox 426 1667 1992 1739">
     <span class='ocr_line' id='line_1_19' title="bbox 426 1667 1992 1739; baseline 0.002 -17"><span class='ocrx_word' id='word_1_117' title='bbox 426 1679 544 1723; x_wconf 85' lang='lat' dir='ltr'><strong>tcor</strong></span> <span class='ocrx_word' id='word_1_118' title='bbox 595 1668 740 1738; x_wconf 86' lang='lat' dir='ltr'><strong>quod</strong></span> <span class='ocrx_word' id='word_1_119' title='bbox 791 1667 861 1722; x_wconf 86' lang='lat' dir='ltr'><strong>sit</strong></span> <span class='ocrx_word' id='word_1_120' title='bbox 925 1670 1253 1732; x_wconf 87' lang='lat' dir='ltr'><strong>increatum,</strong></span> <span class='ocrx_word' id='word_1_121' title='bbox 1314 1672 1771 1739; x_wconf 87' lang='lat' dir='ltr'><strong>quemadmodum</strong></span> <span class='ocrx_word' id='word_1_122' title='bbox 1826 1682 1881 1727; x_wconf 90' lang='lat' dir='ltr'><strong>et</strong></span> <span class='ocrx_word' id='word_1_123' title='bbox 1935 1681 1992 1725; x_wconf 93' lang='lat' dir='ltr'><strong>tu</strong></span> 
     </span>
    </p>
   </div>
   <div class='ocr_carea' id='block_1_20' title="bbox 424 1759 1993 1829">
    <p class='ocr_par' dir='ltr' id='par_1_20' title="bbox 424 1759 1993 1829">
     <span class='ocr_line' id='line_1_20' title="bbox 424 1759 1993 1829; baseline 0.004 -17"><span class='ocrx_word' id='word_1_124' title='bbox 424 1759 737 1825; x_wconf 81' lang='lat' dir='ltr'><strong>conﬁteris;</strong></span> <span class='ocrx_word' id='word_1_125' title='bbox 769 1760 909 1814; x_wconf 91' lang='lat' dir='ltr'><strong>hanc</strong></span> <span class='ocrx_word' id='word_1_126' title='bbox 932 1767 1100 1814; x_wconf 87' lang='lat' dir='ltr'><strong>totam</strong></span> <span class='ocrx_word' id='word_1_127' title='bbox 1132 1760 1477 1829; x_wconf 85' lang='lat' dir='ltr'><strong>Seripturam</strong></span> <span class='ocrx_word' id='word_1_128' title='bbox 1512 1777 1685 1816; x_wconf 89' lang='lat' dir='ltr'><strong>meam</strong></span> <span class='ocrx_word' id='word_1_129' title='bbox 1727 1777 1832 1817; x_wconf 92' lang='lat' dir='ltr'><strong>non</strong></span> <span class='ocrx_word' id='word_1_130' title='bbox 1869 1763 1993 1818; x_wconf 89' lang='lat' dir='ltr'><strong>dico</strong></span> 
     </span>
    </p>
   </div>
   <div class='ocr_carea' id='block_1_21' title="bbox 426 1847 1991 1913">
    <p class='ocr_par' dir='ltr' id='par_1_21' title="bbox 426 1847 1991 1913">
     <span class='ocr_line' id='line_1_21' title="bbox 426 1847 1991 1913; baseline 0.001 -12"><span class='ocrx_word' id='word_1_131' title='bbox 426 1863 738 1913; x_wconf 87' lang='lat' dir='ltr'><strong>sermones,</strong></span> <span class='ocrx_word' id='word_1_132' title='bbox 773 1849 866 1901; x_wconf 91' lang='lat' dir='ltr'><strong>sed</strong></span> <span class='ocrx_word' id='word_1_133' title='bbox 914 1848 1181 1903; x_wconf 50' lang='lat' dir='ltr'><strong>dictiones</strong></span> <span class='ocrx_word' id='word_1_134' title='bbox 1218 1847 1332 1902; x_wconf 90' lang='lat' dir='ltr'><strong>Dei.</strong></span> <span class='ocrx_word' id='word_1_135' title='bbox 1375 1847 1526 1913; x_wconf 88' lang='lat' dir='ltr'><strong>Quod</strong></span> <span class='ocrx_word' id='word_1_136' title='bbox 1562 1852 1607 1903; x_wconf 89' lang='lat' dir='ltr'><strong>si</strong></span> <span class='ocrx_word' id='word_1_137' title='bbox 1648 1849 1849 1904; x_wconf 81' lang='lat' dir='ltr'><strong>dixerit</strong></span> <span class='ocrx_word' id='word_1_138' title='bbox 1888 1850 1991 1905; x_wconf 88' lang='lat' dir='ltr'><strong>Sa-</strong></span> 
     </span>
    </p>
   </div>
   <div class='ocr_carea' id='block_1_22' title="bbox 426 1924 1999 2008">
    <p class='ocr_par' dir='ltr' id='par_1_22' title="bbox 426 1924 1999 2008">
     <span class='ocr_line' id='line_1_22' title="bbox 426 1924 1999 2008; baseline 0.004 -16"><span class='ocrx_word' id='word_1_139' title='bbox 426 1953 704 1993; x_wconf 84' lang='lat' dir='ltr'><strong>racenos:</strong></span> <span class='ocrx_word' id='word_1_140' title='bbox 759 1937 1043 2003; x_wconf 85' lang='lat' dir='ltr'><strong>Quomodo</strong></span> <span class='ocrx_word' id='word_1_141' title='bbox 1090 1952 1220 2008; x_wconf 84' lang='lat' dir='ltr'><strong>ergo</strong></span> <span class='ocrx_word' id='word_1_142' title='bbox 1266 1942 1342 1993; x_wconf 88' lang='lat' dir='ltr'><strong>ait</strong></span> <span class='ocrx_word' id='word_1_143' title='bbox 1374 1939 1586 1993; x_wconf 84' lang='lat' dir='ltr'><strong>David:</strong></span> <span class='ocrx_word' id='word_1_144' title='bbox 1631 1958 1649 1991; x_wconf 75' lang='grc' dir='ltr'><strong>ι</strong></span> <span class='ocrx_word' id='word_1_145' title='bbox 1706 1924 1999 1998; x_wconf 72' lang='lat' dir='ltr'><strong>Sermones</strong></span> 
     </span>
    </p>
   </div>
   <div class='ocr_carea' id='block_1_23' title="bbox 414 2028 2000 2098">
    <p class='ocr_par' dir='ltr' id='par_1_23' title="bbox 414 2028 2000 2098">
     <span class='ocr_line' id='line_1_23' title="bbox 414 2028 2000 2098; baseline 0.005 -18"><span class='ocrx_word' id='word_1_146' title='bbox 414 2028 680 2094; x_wconf 86' lang='lat' dir='ltr'><strong>‘Domini,</strong></span> <span class='ocrx_word' id='word_1_147' title='bbox 736 2044 1015 2085; x_wconf 82' lang='lat' dir='ltr'><strong>sermones</strong></span> <span class='ocrx_word' id='word_1_148' title='bbox 1062 2030 1187 2098; x_wconf 89' lang='lat' dir='ltr'><strong>puri</strong></span> <span class='ocrx_word' id='word_1_149' title='bbox 1218 2034 1276 2097; x_wconf 78' lang='grc' dir='ltr'><strong>’ς</strong></span> <span class='ocrx_word' id='word_1_150' title='bbox 1325 2047 1345 2081; x_wconf 75' lang='grc' dir='ltr'><strong>ι</strong></span> <span class='ocrx_word' id='word_1_151' title='bbox 1403 2039 1459 2085; x_wconf 86' lang='lat' dir='ltr'><strong>et</strong></span> <span class='ocrx_word' id='word_1_152' title='bbox 1517 2046 1625 2084; x_wconf 81' lang='lat' dir='ltr'><strong>non</strong></span> <span class='ocrx_word' id='word_1_153' title='bbox 1669 2050 1683 2085; x_wconf 87' lang='lat'><strong>:</strong></span> <span class='ocrx_word' id='word_1_154' title='bbox 1733 2032 2000 2088; x_wconf 87' lang='lat' dir='ltr'><strong>dictiones</strong></span> 
     </span>
    </p>
   </div>
   <div class='ocr_carea' id='block_1_24' title="bbox 428 2117 2000 2193">
    <p class='ocr_par' dir='ltr' id='par_1_24' title="bbox 428 2117 2000 2193">
     <span class='ocr_line' id='line_1_24' title="bbox 428 2117 2000 2193; baseline 0.005 -24"><span class='ocrx_word' id='word_1_155' title='bbox 428 2117 665 2183; x_wconf 83' lang='lat' dir='ltr'><strong>Domini,</strong></span> <span class='ocrx_word' id='word_1_156' title='bbox 711 2118 983 2173; x_wconf 85' lang='lat' dir='ltr'><strong>dictiones</strong></span> <span class='ocrx_word' id='word_1_157' title='bbox 1035 2120 1224 2187; x_wconf 75' lang='lat' dir='ltr'><strong>purae?</strong></span> <span class='ocrx_word' id='word_1_158' title='bbox 1276 2119 1373 2173; x_wconf 92' lang='lat' dir='ltr'><strong>Dic</strong></span> <span class='ocrx_word' id='word_1_159' title='bbox 1401 2120 1451 2173; x_wconf 90' lang='lat' dir='ltr'><strong>ei</strong></span> <span class='ocrx_word' id='word_1_160' title='bbox 1489 2138 1502 2173; x_wconf 87' lang='lat'><strong>:</strong></span> <span class='ocrx_word' id='word_1_161' title='bbox 1568 2119 1726 2176; x_wconf 88' lang='lat' dir='ltr'><strong>Vates</strong></span> <span class='ocrx_word' id='word_1_162' title='bbox 1771 2125 2000 2193; x_wconf 80' lang='lat' dir='ltr'><strong>ﬁgurate</strong></span> 
     </span>
    </p>
   </div>
   <div class='ocr_carea' id='block_1_25' title="bbox 428 2209 1997 2279">
    <p class='ocr_par' dir='ltr' id='par_1_25' title="bbox 428 2209 1997 2279">
     <span class='ocr_line' id='line_1_25' title="bbox 428 2209 1997 2279; baseline 0.003 -18"><span class='ocrx_word' id='word_1_163' title='bbox 428 2210 643 2263; x_wconf 86' lang='lat' dir='ltr'><strong>locutus</strong></span> <span class='ocrx_word' id='word_1_164' title='bbox 671 2219 772 2275; x_wconf 87' lang='lat' dir='ltr'><strong>est,</strong></span> <span class='ocrx_word' id='word_1_165' title='bbox 810 2218 866 2263; x_wconf 92' lang='lat' dir='ltr'><strong>at</strong></span> <span class='ocrx_word' id='word_1_166' title='bbox 911 2225 1019 2263; x_wconf 92' lang='lat' dir='ltr'><strong>non</strong></span> <span class='ocrx_word' id='word_1_167' title='bbox 1072 2209 1311 2279; x_wconf 85' lang='lat' dir='ltr'><strong>preprie.</strong></span> <span class='ocrx_word' id='word_1_168' title='bbox 1347 2209 1502 2276; x_wconf 90' lang='lat' dir='ltr'><strong>Quod</strong></span> <span class='ocrx_word' id='word_1_169' title='bbox 1548 2211 1592 2265; x_wconf 92' lang='lat' dir='ltr'><strong>si</strong></span> <span class='ocrx_word' id='word_1_170' title='bbox 1650 2212 1746 2266; x_wconf 86' lang='lat' dir='ltr'><strong>tibi</strong></span> <span class='ocrx_word' id='word_1_171' title='bbox 1776 2213 1997 2278; x_wconf 79' lang='lat' dir='ltr'><strong>dixerit,</strong></span> 
     </span>
    </p>
   </div>
   <div class='ocr_carea' id='block_1_26' title="bbox 427 2296 1999 2374">
    <p class='ocr_par' dir='ltr' id='par_1_26' title="bbox 427 2296 1999 2374">
     <span class='ocr_line' id='line_1_26' title="bbox 427 2296 1999 2374; baseline 0.005 -23"><span class='ocrx_word' id='word_1_172' title='bbox 427 2296 568 2363; x_wconf 86' lang='lat' dir='ltr'><strong>Quid</strong></span> <span class='ocrx_word' id='word_1_173' title='bbox 604 2308 687 2353; x_wconf 89' lang='lat' dir='ltr'><strong>est</strong></span> <span class='ocrx_word' id='word_1_174' title='bbox 727 2300 959 2369; x_wconf 76' lang='lat' dir='ltr'><strong>llgurata</strong></span> <span class='ocrx_word' id='word_1_175' title='bbox 999 2300 1289 2369; x_wconf 80' lang='lat' dir='ltr'><strong>propriave</strong></span> <span class='ocrx_word' id='word_1_176' title='bbox 1339 2299 1593 2356; x_wconf 83' lang='lat' dir='ltr'><strong>locutio?</strong></span> <span class='ocrx_word' id='word_1_177' title='bbox 1638 2300 1719 2355; x_wconf 89' lang='lat' dir='ltr'><strong>Tu</strong></span> <span class='ocrx_word' id='word_1_178' title='bbox 1777 2318 1999 2374; x_wconf 80' lang='lat' dir='ltr'><strong>regeras</strong></span> 
     </span>
    </p>
   </div>
   <div class='ocr_carea' id='block_1_27' title="bbox 430 2387 1996 2459">
    <p class='ocr_par' dir='ltr' id='par_1_27' title="bbox 430 2387 1996 2459">
     <span class='ocr_line' id='line_1_27' title="bbox 430 2387 1996 2459; baseline 0.006 -20"><span class='ocrx_word' id='word_1_179' title='bbox 430 2388 508 2441; x_wconf 88' lang='lat' dir='ltr'><strong>illi</strong></span> <span class='ocrx_word' id='word_1_180' title='bbox 544 2406 560 2443; x_wconf 87' lang='lat'><strong>:</strong></span> <span class='ocrx_word' id='word_1_181' title='bbox 596 2387 822 2458; x_wconf 83' lang='lat' dir='ltr'><strong>Propria</strong></span> <span class='ocrx_word' id='word_1_182' title='bbox 866 2389 1069 2441; x_wconf 89' lang='lat' dir='ltr'><strong>locutio</strong></span> <span class='ocrx_word' id='word_1_183' title='bbox 1110 2398 1193 2442; x_wconf 83' lang='lat' dir='ltr'><strong>est</strong></span> <span class='ocrx_word' id='word_1_184' title='bbox 1247 2398 1396 2443; x_wconf 88' lang='lat' dir='ltr'><strong>certa</strong></span> <span class='ocrx_word' id='word_1_185' title='bbox 1448 2391 1845 2446; x_wconf 85' lang='lat' dir='ltr'><strong>demonstratio</strong></span> <span class='ocrx_word' id='word_1_186' title='bbox 1896 2394 1996 2459; x_wconf 89' lang='lat' dir='ltr'><strong>rei,</strong></span> 
     </span>
    </p>
   </div>
   <div class='ocr_carea' id='block_1_28' title="bbox 432 2478 2000 2547">
    <p class='ocr_par' dir='ltr' id='par_1_28' title="bbox 432 2478 2000 2547">
     <span class='ocr_line' id='line_1_28' title="bbox 432 2478 2000 2547; baseline 0.004 -17"><span class='ocrx_word' id='word_1_187' title='bbox 432 2478 659 2547; x_wconf 80' lang='lat' dir='ltr'><strong>ﬁgurata</strong></span> <span class='ocrx_word' id='word_1_188' title='bbox 692 2494 823 2533; x_wconf 85' lang='lat' dir='ltr'><strong>vero</strong></span> <span class='ocrx_word' id='word_1_189' title='bbox 860 2479 1065 2533; x_wconf 91' lang='lat' dir='ltr'><strong>locutio</strong></span> <span class='ocrx_word' id='word_1_190' title='bbox 1098 2488 1186 2534; x_wconf 89' lang='lat' dir='ltr'><strong>est</strong></span> <span class='ocrx_word' id='word_1_191' title='bbox 1226 2480 1411 2535; x_wconf 90' lang='lat' dir='ltr'><strong>minus</strong></span> <span class='ocrx_word' id='word_1_192' title='bbox 1452 2491 1605 2536; x_wconf 86' lang='lat' dir='ltr'><strong>certa</strong></span> <span class='ocrx_word' id='word_1_193' title='bbox 1652 2484 1731 2538; x_wconf 86' lang='lat' dir='ltr'><strong>rei</strong></span> <span class='ocrx_word' id='word_1_194' title='bbox 1775 2484 2000 2539; x_wconf 89' lang='lat' dir='ltr'><strong>demon-</strong></span> 
     </span>
    </p>
   </div>
   <div class='ocr_carea' id='block_1_29' title="bbox 432 2570 2000 2640">
    <p class='ocr_par' dir='ltr' id='par_1_29' title="bbox 432 2570 2000 2640">
     <span class='ocr_line' id='line_1_29' title="bbox 432 2570 2000 2640; baseline 0.006 -18"><span class='ocrx_word' id='word_1_195' title='bbox 432 2570 647 2624; x_wconf 79' lang='lat' dir='ltr'><strong>stratio.</strong></span> <span class='ocrx_word' id='word_1_196' title='bbox 677 2570 831 2635; x_wconf 88' lang='lat' dir='ltr'><strong>Quod</strong></span> <span class='ocrx_word' id='word_1_197' title='bbox 881 2571 926 2623; x_wconf 87' lang='lat' dir='ltr'><strong>si</strong></span> <span class='ocrx_word' id='word_1_198' title='bbox 952 2578 1191 2640; x_wconf 85' lang='lat' dir='ltr'><strong>opponat</strong></span> <span class='ocrx_word' id='word_1_199' title='bbox 1226 2571 1326 2624; x_wconf 86' lang='lat' dir='ltr'><strong>tibi</strong></span> <span class='ocrx_word' id='word_1_200' title='bbox 1380 2572 1692 2630; x_wconf 81' lang='lat' dir='ltr'><strong>Saracenos</strong></span> <span class='ocrx_word' id='word_1_201' title='bbox 1726 2592 1741 2629; x_wconf 87' lang='lat'><strong>:</strong></span> <span class='ocrx_word' id='word_1_202' title='bbox 1782 2575 2000 2631; x_wconf 84' lang='lat' dir='ltr'><strong>Fierine</strong></span> 
     </span>
    </p>
   </div>
   <div class='ocr_carea' id='block_1_30' title="bbox 430 2662 1999 2731">
    <p class='ocr_par' dir='ltr' id='par_1_30' title="bbox 430 2662 1999 2731">
     <span class='ocr_line' id='line_1_30' title="bbox 430 2662 1999 2731; baseline 0.006 -17"><span class='ocrx_word' id='word_1_203' title='bbox 430 2668 608 2731; x_wconf 62' lang='lat' dir='ltr'><strong>potest.</strong></span> <span class='ocrx_word' id='word_1_204' title='bbox 638 2672 695 2714; x_wconf 90' lang='lat' dir='ltr'><strong>ut</strong></span> <span class='ocrx_word' id='word_1_205' title='bbox 726 2664 988 2730; x_wconf 82' lang='lat' dir='ltr'><strong>propheta</strong></span> <span class='ocrx_word' id='word_1_206' title='bbox 1016 2662 1271 2718; x_wconf 84' lang='lat' dir='ltr'><strong>enuntiet</strong></span> <span class='ocrx_word' id='word_1_207' title='bbox 1299 2666 1480 2720; x_wconf 88' lang='lat' dir='ltr'><strong>minus</strong></span> <span class='ocrx_word' id='word_1_208' title='bbox 1520 2674 1727 2720; x_wconf 85' lang='lat' dir='ltr'><strong>certam</strong></span> <span class='ocrx_word' id='word_1_209' title='bbox 1776 2669 1854 2722; x_wconf 87' lang='lat' dir='ltr'><strong>rei</strong></span> <span class='ocrx_word' id='word_1_210' title='bbox 1901 2670 1999 2723; x_wconf 87' lang='lat' dir='ltr'><strong>de-</strong></span> 
     </span>
    </p>
   </div>
   <div class='ocr_carea' id='block_1_31' title="bbox 430 2751 1998 2825">
    <p class='ocr_par' dir='ltr' id='par_1_31' title="bbox 430 2751 1998 2825">
     <span class='ocr_line' id='line_1_31' title="bbox 430 2751 1998 2825; baseline 0.004 -21"><span class='ocrx_word' id='word_1_211' title='bbox 430 2751 932 2807; x_wconf 79' lang='lat' dir='ltr'><strong>monstrationem?</strong></span> <span class='ocrx_word' id='word_1_212' title='bbox 978 2751 1079 2807; x_wconf 87' lang='lat' dir='ltr'><strong>Dic</strong></span> <span class='ocrx_word' id='word_1_213' title='bbox 1123 2754 1172 2807; x_wconf 90' lang='lat' dir='ltr'><strong>ei</strong></span> <span class='ocrx_word' id='word_1_214' title='bbox 1216 2753 1401 2808; x_wconf 88' lang='lat' dir='ltr'><strong>statim</strong></span> <span class='ocrx_word' id='word_1_215' title='bbox 1447 2778 1457 2809; x_wconf 87' lang='lat'><strong>;</strong></span> <span class='ocrx_word' id='word_1_216' title='bbox 1495 2756 1552 2808; x_wconf 89' lang='lat' dir='ltr'><strong>ln</strong></span> <span class='ocrx_word' id='word_1_217' title='bbox 1586 2755 1868 2825; x_wconf 81' lang='lat' dir='ltr'><strong>praphetis</strong></span> <span class='ocrx_word' id='word_1_218' title='bbox 1913 2758 1998 2811; x_wconf 85' lang='lat' dir='ltr'><strong>in-</strong></span> 
     </span>
    </p>
   </div>
   <div class='ocr_carea' id='block_1_32' title="bbox 429 2844 1997 2915">
    <p class='ocr_par' dir='ltr' id='par_1_32' title="bbox 429 2844 1997 2915">
     <span class='ocr_line' id='line_1_32' title="bbox 429 2844 1997 2915; baseline 0.005 -18"><span class='ocrx_word' id='word_1_219' title='bbox 429 2844 671 2898; x_wconf 84' lang='lat' dir='ltr'><strong>auimata</strong></span> <span class='ocrx_word' id='word_1_220' title='bbox 697 2859 966 2914; x_wconf 87' lang='lat' dir='ltr'><strong>personas</strong></span> <span class='ocrx_word' id='word_1_221' title='bbox 1001 2844 1141 2907; x_wconf 80' lang='lat' dir='ltr'><strong>ﬁeri,</strong></span> <span class='ocrx_word' id='word_1_222' title='bbox 1173 2846 1480 2915; x_wconf 86' lang='lat' dir='ltr'><strong>oculosque</strong></span> <span class='ocrx_word' id='word_1_223' title='bbox 1510 2858 1561 2902; x_wconf 88' lang='lat' dir='ltr'><strong>et</strong></span> <span class='ocrx_word' id='word_1_224' title='bbox 1592 2863 1692 2904; x_wconf 91' lang='lat' dir='ltr'><strong>ora</strong></span> <span class='ocrx_word' id='word_1_225' title='bbox 1721 2849 1801 2905; x_wconf 89' lang='lat' dir='ltr'><strong>eis</strong></span> <span class='ocrx_word' id='word_1_226' title='bbox 1834 2850 1997 2905; x_wconf 89' lang='lat' dir='ltr'><strong>tribui</strong></span> 
     </span>
    </p>
   </div>
   <div class='ocr_carea' id='block_1_33' title="bbox 429 2934 1992 3012">
    <p class='ocr_par' dir='ltr' id='par_1_33' title="bbox 429 2934 1992 3012">
     <span class='ocr_line' id='line_1_33' title="bbox 429 2934 1992 3012; baseline 0.005 -25"><span class='ocrx_word' id='word_1_227' title='bbox 429 2934 655 2991; x_wconf 84' lang='lat' dir='ltr'><strong>videris.</strong></span> <span class='ocrx_word' id='word_1_228' title='bbox 698 2934 1072 3006; x_wconf 80' lang='lat' dir='ltr'><strong>Quapropter,</strong></span> <span class='ocrx_word' id='word_1_229' title='bbox 1123 2956 1142 2989; x_wconf 81' lang='grc' dir='ltr'><strong>ι</strong></span> <span class='ocrx_word' id='word_1_230' title='bbox 1194 2938 1343 2995; x_wconf 80' lang='lat' dir='ltr'><strong>Mare</strong></span> <span class='ocrx_word' id='word_1_231' title='bbox 1387 2940 1522 2996; x_wconf 87' lang='lat' dir='ltr'><strong>vidit</strong></span> <span class='ocrx_word' id='word_1_232' title='bbox 1574 2949 1626 2995; x_wconf 88' lang='lat' dir='ltr'><strong>ct</strong></span> <span class='ocrx_word' id='word_1_233' title='bbox 1672 2941 1812 3012; x_wconf 78' lang='lat' dir='ltr'><strong>fugit</strong></span> <span class='ocrx_word' id='word_1_234' title='bbox 1861 2944 1927 2997; x_wconf 78' lang='lat'><strong>“’.</strong></span> <span class='ocrx_word' id='word_1_235' title='bbox 1974 2961 1992 2995; x_wconf 75' lang='grc' dir='ltr'><strong>ι</strong></span> 
     </span>
    </p>
   </div>
   <div class='ocr_carea' id='block_1_34' title="bbox 425 3028 1997 3104">
    <p class='ocr_par' dir='ltr' id='par_1_34' title="bbox 425 3028 1997 3104">
     <span class='ocr_line' id='line_1_34' title="bbox 425 3028 1997 3104; baseline 0.006 -22"><span class='ocrx_word' id='word_1_236' title='bbox 425 3028 678 3083; x_wconf 76' lang='lat' dir='ltr'><strong>Attamen</strong></span> <span class='ocrx_word' id='word_1_237' title='bbox 721 3046 872 3083; x_wconf 86' lang='lat' dir='ltr'><strong>mare</strong></span> <span class='ocrx_word' id='word_1_238' title='bbox 903 3030 1092 3085; x_wconf 84' lang='lat' dir='ltr'><strong>oculos</strong></span> <span class='ocrx_word' id='word_1_239' title='bbox 1121 3046 1228 3086; x_wconf 89' lang='lat' dir='ltr'><strong>non</strong></span> <span class='ocrx_word' id='word_1_240' title='bbox 1258 3033 1440 3096; x_wconf 85' lang='lat' dir='ltr'><strong>habet,</strong></span> <span class='ocrx_word' id='word_1_241' title='bbox 1474 3050 1651 3104; x_wconf 87' lang='lat' dir='ltr'><strong>neque</strong></span> <span class='ocrx_word' id='word_1_242' title='bbox 1690 3037 1837 3090; x_wconf 90' lang='lat' dir='ltr'><strong>enim</strong></span> <span class='ocrx_word' id='word_1_243' title='bbox 1878 3037 1997 3090; x_wconf 89' lang='lat' dir='ltr'><strong>ani-</strong></span> 
     </span>
    </p>
   </div>
   <div class='ocr_carea' id='block_1_35' title="bbox 428 3120 1995 3193">
    <p class='ocr_par' dir='ltr' id='par_1_35' title="bbox 428 3120 1995 3193">
     <span class='ocr_line' id='line_1_35' title="bbox 428 3120 1995 3193; baseline 0.004 -18"><span class='ocrx_word' id='word_1_244' title='bbox 428 3120 534 3175; x_wconf 80' lang='lat' dir='ltr'><strong>mal</strong></span> <span class='ocrx_word' id='word_1_245' title='bbox 565 3130 671 3176; x_wconf 84' lang='lat' dir='ltr'><strong>est.</strong></span> <span class='ocrx_word' id='word_1_246' title='bbox 706 3120 921 3177; x_wconf 79' lang='lat' dir='ltr'><strong>Rursus</strong></span> <span class='ocrx_word' id='word_1_247' title='bbox 967 3123 1111 3176; x_wconf 86' lang='lat' dir='ltr'><strong>idem</strong></span> <span class='ocrx_word' id='word_1_248' title='bbox 1160 3123 1427 3193; x_wconf 81' lang='lat' dir='ltr'><strong>Propheta</strong></span> <span class='ocrx_word' id='word_1_249' title='bbox 1471 3127 1619 3180; x_wconf 84' lang='lat' dir='ltr'><strong>velut</strong></span> <span class='ocrx_word' id='word_1_250' title='bbox 1663 3128 1995 3182; x_wconf 85' lang='lat' dir='ltr'><strong>animantem</strong></span> 
     </span>
    </p>
   </div>
   <div class='ocr_carea' id='block_1_36' title="bbox 430 3212 1995 3287">
    <p class='ocr_par' dir='ltr' id='par_1_36' title="bbox 430 3212 1995 3287">
     <span class='ocr_line' id='line_1_36' title="bbox 430 3212 1995 3287; baseline 0.003 -21"><span class='ocrx_word' id='word_1_251' title='bbox 430 3212 563 3266; x_wconf 84' lang='lat' dir='ltr'><strong>illud</strong></span> <span class='ocrx_word' id='word_1_252' title='bbox 606 3213 905 3281; x_wconf 85' lang='lat' dir='ltr'><strong>alloquitur</strong></span> <span class='ocrx_word' id='word_1_253' title='bbox 937 3232 950 3268; x_wconf 90' lang='lat'><strong>:</strong></span> <span class='ocrx_word' id='word_1_254' title='bbox 996 3232 1015 3265; x_wconf 81' lang='grc' dir='ltr'><strong>ι</strong></span> <span class='ocrx_word' id='word_1_255' title='bbox 1051 3214 1192 3278; x_wconf 90' lang='lat' dir='ltr'><strong>Quid</strong></span> <span class='ocrx_word' id='word_1_256' title='bbox 1216 3215 1309 3269; x_wconf 88' lang='lat' dir='ltr'><strong>tibi</strong></span> <span class='ocrx_word' id='word_1_257' title='bbox 1344 3224 1451 3280; x_wconf 88' lang='lat' dir='ltr'><strong>est,</strong></span> <span class='ocrx_word' id='word_1_258' title='bbox 1488 3233 1657 3282; x_wconf 88' lang='lat' dir='ltr'><strong>mare,</strong></span> <span class='ocrx_word' id='word_1_259' title='bbox 1693 3218 1819 3286; x_wconf 86' lang='lat' dir='ltr'><strong>quia</strong></span> <span class='ocrx_word' id='word_1_260' title='bbox 1856 3217 1995 3287; x_wconf 82' lang='lat' dir='ltr'><strong>fugi-</strong></span> 
     </span>
    </p>
   </div>
   <div class='ocr_carea' id='block_1_37' title="bbox 430 3298 1999 3372">
    <p class='ocr_par' dir='ltr' id='par_1_37' title="bbox 430 3298 1999 3372">
     <span class='ocr_line' id='line_1_37' title="bbox 430 3298 1999 3372; baseline 0.005 -17"><span class='ocrx_word' id='word_1_261' title='bbox 430 3304 499 3355; x_wconf 88' lang='lat' dir='ltr'><strong>sti</strong></span> <span class='ocrx_word' id='word_1_262' title='bbox 532 3304 571 3333; x_wconf 79' lang='lat'>“</span> <span class='ocrx_word' id='word_1_263' title='bbox 616 3322 634 3352; x_wconf 74' lang='grc' dir='ltr'><strong>ι</strong></span> <span class='ocrx_word' id='word_1_264' title='bbox 674 3310 726 3356; x_wconf 85' lang='lat' dir='ltr'><strong>et</strong></span> <span class='ocrx_word' id='word_1_265' title='bbox 766 3320 887 3372; x_wconf 75' lang='lat' dir='ltr'><strong>qua‘</strong></span> <span class='ocrx_word' id='word_1_266' title='bbox 927 3313 1254 3372; x_wconf 83' lang='lat' dir='ltr'><strong>sequuntur.</strong></span> <span class='ocrx_word' id='word_1_267' title='bbox 1296 3305 1440 3369; x_wconf 91' lang='lat' dir='ltr'><strong>Quin</strong></span> <span class='ocrx_word' id='word_1_268' title='bbox 1499 3298 1662 3361; x_wconf 69' lang='lat' dir='ltr'><strong>etiam</strong></span> <span class='ocrx_word' id='word_1_269' title='bbox 1699 3327 1717 3358; x_wconf 79' lang='grc' dir='ltr'><strong>ι</strong></span> <span class='ocrx_word' id='word_1_270' title='bbox 1771 3306 1999 3363; x_wconf 86' lang='lat' dir='ltr'><strong>Gladius</strong></span> 
     </span>
    </p>
   </div>
   <div class='ocr_carea' id='block_1_38' title="bbox 429 3387 2000 3459">
    <p class='ocr_par' dir='ltr' id='par_1_38' title="bbox 429 3387 2000 3459">
     <span class='ocr_line' id='line_1_38' title="bbox 429 3387 2000 3459; baseline 0.004 -18"><span class='ocrx_word' id='word_1_271' title='bbox 429 3387 712 3442; x_wconf 82' lang='lat' dir='ltr'><strong>devoravit</strong></span> <span class='ocrx_word' id='word_1_272' title='bbox 748 3404 945 3444; x_wconf 86' lang='lat' dir='ltr'><strong>carnes</strong></span> <span class='ocrx_word' id='word_1_273' title='bbox 971 3408 990 3439; x_wconf 71' lang='grc' dir='ltr'><strong>ι</strong></span> <span class='ocrx_word' id='word_1_274' title='bbox 1014 3390 1147 3445; x_wconf 87' lang='lat' dir='ltr'><strong>dicit</strong></span> <span class='ocrx_word' id='word_1_275' title='bbox 1177 3390 1460 3459; x_wconf 83' lang='lat' dir='ltr'><strong>Scriptura</strong></span> <span class='ocrx_word' id='word_1_276' title='bbox 1488 3394 1550 3446; x_wconf 80' lang='lat'><strong>“.</strong></span> <span class='ocrx_word' id='word_1_277' title='bbox 1576 3395 1645 3447; x_wconf 88' lang='lat' dir='ltr'><strong>At</strong></span> <span class='ocrx_word' id='word_1_278' title='bbox 1670 3397 1817 3450; x_wconf 83' lang='lat' dir='ltr'><strong>enim</strong></span> <span class='ocrx_word' id='word_1_279' title='bbox 1844 3397 2000 3450; x_wconf 78' lang='lat' dir='ltr'><strong>devo-</strong></span> 
     </span>
    </p>
   </div>
   <div class='ocr_carea' id='block_1_39' title="bbox 434 3478 1997 3557">
    <p class='ocr_par' dir='ltr' id='par_1_39' title="bbox 434 3478 1997 3557">
     <span class='ocr_line' id='line_1_39' title="bbox 434 3478 1997 3557; baseline 0.004 -23"><span class='ocrx_word' id='word_1_280' title='bbox 434 3496 552 3535; x_wconf 74' lang='lat' dir='ltr'><strong>rare</strong></span> <span class='ocrx_word' id='word_1_281' title='bbox 576 3478 642 3534; x_wconf 87' lang='lat' dir='ltr'><strong>dc</strong></span> <span class='ocrx_word' id='word_1_282' title='bbox 668 3494 764 3533; x_wconf 89' lang='lat' dir='ltr'><strong>ore</strong></span> <span class='ocrx_word' id='word_1_283' title='bbox 793 3480 997 3533; x_wconf 81' lang='lat' dir='ltr'><strong>dicitur</strong></span> <span class='ocrx_word' id='word_1_284' title='bbox 1025 3482 1170 3548; x_wconf 87' lang='lat' dir='ltr'><strong>quod</strong></span> <span class='ocrx_word' id='word_1_285' title='bbox 1215 3484 1453 3536; x_wconf 90' lang='lat' dir='ltr'><strong>comedit</strong></span> <span class='ocrx_word' id='word_1_286' title='bbox 1484 3499 1569 3557; x_wconf 6' lang='lat' dir='ltr'><strong>ac,</strong></span> <span class='ocrx_word' id='word_1_287' title='bbox 1593 3485 1748 3547; x_wconf 88' lang='lat' dir='ltr'><strong>bibit,</strong></span> <span class='ocrx_word' id='word_1_288' title='bbox 1783 3486 1997 3555; x_wconf 71' lang='lat' dir='ltr'><strong>gladius</strong></span> 
     </span>
    </p>
   </div>
   <div class='ocr_carea' id='block_1_40' title="bbox 428 3569 2000 3643">
    <p class='ocr_par' dir='ltr' id='par_1_40' title="bbox 428 3569 2000 3643">
     <span class='ocr_line' id='line_1_40' title="bbox 428 3569 2000 3643; baseline 0.003 -18"><span class='ocrx_word' id='word_1_289' title='bbox 428 3586 562 3625; x_wconf 75' lang='lat' dir='ltr'><strong>vero</strong></span> <span class='ocrx_word' id='word_1_290' title='bbox 608 3570 770 3624; x_wconf 59' lang='lat' dir='ltr'><strong>euadit</strong></span> <span class='ocrx_word' id='word_1_291' title='bbox 817 3569 1063 3638; x_wconf 87' lang='lat' dir='ltr'><strong>quidem,</strong></span> <span class='ocrx_word' id='word_1_292' title='bbox 1106 3584 1219 3625; x_wconf 86' lang='lat' dir='ltr'><strong>non</strong></span> <span class='ocrx_word' id='word_1_293' title='bbox 1269 3580 1449 3627; x_wconf 84' lang='lat' dir='ltr'><strong>tamen</strong></span> <span class='ocrx_word' id='word_1_294' title='bbox 1505 3573 1758 3643; x_wconf 79' lang='lat' dir='ltr'><strong>deglutit.</strong></span> <span class='ocrx_word' id='word_1_295' title='bbox 1807 3576 1901 3631; x_wconf 89' lang='lat' dir='ltr'><strong>Sic</strong></span> <span class='ocrx_word' id='word_1_296' title='bbox 1944 3585 2000 3631; x_wconf 88' lang='lat' dir='ltr'><strong>et</strong></span> 
     </span>
    </p>
   </div>
   <div class='ocr_carea' id='block_1_41' title="bbox 426 3659 2001 3729">
    <p class='ocr_par' dir='ltr' id='par_1_41' title="bbox 426 3659 2001 3729">
     <span class='ocr_line' id='line_1_41' title="bbox 426 3659 2001 3729; baseline 0.003 -14"><span class='ocrx_word' id='word_1_297' title='bbox 426 3659 702 3715; x_wconf 83' lang='lat' dir='ltr'><strong>dictiones</strong></span> <span class='ocrx_word' id='word_1_298' title='bbox 745 3660 976 3729; x_wconf 79' lang='lat' dir='ltr'><strong>ligurata</strong></span> <span class='ocrx_word' id='word_1_299' title='bbox 1022 3660 1300 3715; x_wconf 82' lang='lat' dir='ltr'><strong>locutione</strong></span> <span class='ocrx_word' id='word_1_300' title='bbox 1338 3676 1473 3717; x_wconf 87' lang='lat' dir='ltr'><strong>usus</strong></span> <span class='ocrx_word' id='word_1_301' title='bbox 1516 3678 1800 3720; x_wconf 85' lang='lat' dir='ltr'><strong>sermones</strong></span> <span class='ocrx_word' id='word_1_302' title='bbox 1834 3680 2001 3720; x_wconf 86' lang='lat' dir='ltr'><strong>voca-</strong></span> 
     </span>
    </p>
   </div>
   <div class='ocr_carea' id='block_1_42' title="bbox 428 3751 1995 3816">
    <p class='ocr_par' dir='ltr' id='par_1_42' title="bbox 428 3751 1995 3816">
     <span class='ocr_line' id='line_1_42' title="bbox 428 3751 1995 3816; baseline 0.003 -10"><span class='ocrx_word' id='word_1_303' title='bbox 428 3752 526 3816; x_wconf 75' lang='lat' dir='ltr'><strong>rit,</strong></span> <span class='ocrx_word' id='word_1_304' title='bbox 562 3752 779 3807; x_wconf 87' lang='lat' dir='ltr'><strong>tametsi</strong></span> <span class='ocrx_word' id='word_1_305' title='bbox 813 3766 922 3809; x_wconf 85' lang='lat' dir='ltr'><strong>non</strong></span> <span class='ocrx_word' id='word_1_306' title='bbox 966 3751 1078 3806; x_wconf 84' lang='lat' dir='ltr'><strong>sint</strong></span> <span class='ocrx_word' id='word_1_307' title='bbox 1118 3766 1405 3808; x_wconf 83' lang='lat' dir='ltr'><strong>sermones</strong></span> <span class='ocrx_word' id='word_1_308' title='bbox 1445 3755 1537 3809; x_wconf 89' lang='lat' dir='ltr'><strong>sed</strong></span> <span class='ocrx_word' id='word_1_309' title='bbox 1573 3754 1864 3813; x_wconf 84' lang='lat' dir='ltr'><strong>dictiones.</strong></span> <span class='ocrx_word' id='word_1_310' title='bbox 1901 3756 1995 3811; x_wconf 87' lang='lat' dir='ltr'><strong>Sin</strong></span> 
     </span>
    </p>
   </div>
   <div class='ocr_carea' id='block_1_43' title="bbox 425 3842 1999 3911">
    <p class='ocr_par' dir='ltr' id='par_1_43' title="bbox 425 3842 1999 3911">
     <span class='ocr_line' id='line_1_43' title="bbox 425 3842 1999 3911; baseline 0.004 -15"><span class='ocrx_word' id='word_1_311' title='bbox 425 3851 610 3897; x_wconf 83' lang='lat' dir='ltr'><strong>autem</strong></span> <span class='ocrx_word' id='word_1_312' title='bbox 687 3842 1008 3898; x_wconf 86' lang='lat' dir='ltr'><strong>sciscitatus</strong></span> <span class='ocrx_word' id='word_1_313' title='bbox 1073 3842 1280 3909; x_wconf 80' lang='lat' dir='ltr'><strong>fuerit;</strong></span> <span class='ocrx_word' id='word_1_314' title='bbox 1360 3844 1646 3911; x_wconf 87' lang='lat' dir='ltr'><strong>Quomodo</strong></span> <span class='ocrx_word' id='word_1_315' title='bbox 1713 3847 1999 3905; x_wconf 88' lang='lat' dir='ltr'><strong>descendit</strong></span> 
     </span>
    </p>
   </div>
   <div class='ocr_carea' id='block_1_44' title="bbox 425 3934 1993 4008">
    <p class='ocr_par' dir='ltr' id='par_1_44' title="bbox 425 3934 1993 4008">
     <span class='ocr_line' id='line_1_44' title="bbox 425 3934 1993 4008; baseline 0.004 -19"><span class='ocrx_word' id='word_1_316' title='bbox 425 3934 572 3991; x_wconf 86' lang='lat' dir='ltr'><strong>Deus</strong></span> <span class='ocrx_word' id='word_1_317' title='bbox 598 3935 652 3989; x_wconf 85' lang='lat' dir='ltr'><strong>in</strong></span> <span class='ocrx_word' id='word_1_318' title='bbox 686 3944 904 3991; x_wconf 84' lang='lat' dir='ltr'><strong>uterum</strong></span> <span class='ocrx_word' id='word_1_319' title='bbox 943 3936 1232 3993; x_wconf 81' lang='lat' dir='ltr'><strong>mulieris?</strong></span> <span class='ocrx_word' id='word_1_320' title='bbox 1277 3936 1627 4008; x_wconf 78' lang='lat' dir='ltr'><strong>Respondeto</strong></span> <span class='ocrx_word' id='word_1_321' title='bbox 1658 3940 1732 3994; x_wconf 88' lang='lat' dir='ltr'><strong>illi</strong></span> <span class='ocrx_word' id='word_1_322' title='bbox 1766 3958 1782 3994; x_wconf 74' lang='grc' dir='ltr'><strong>ε</strong></span> <span class='ocrx_word' id='word_1_323' title='bbox 1821 3940 1993 3996; x_wconf 86' lang='lat' dir='ltr'><strong>Adhi—</strong></span> 
     </span>
    </p>
   </div>
   <div class='ocr_carea' id='block_1_45' title="bbox 420 4021 1999 4099">
    <p class='ocr_par' dir='ltr' id='par_1_45' title="bbox 420 4021 1999 4099">
     <span class='ocr_line' id='line_1_45' title="bbox 420 4021 1999 4099; baseline 0.006 -26"><span class='ocrx_word' id='word_1_324' title='bbox 420 4021 646 4079; x_wconf 86' lang='lat' dir='ltr'><strong>heamus</strong></span> <span class='ocrx_word' id='word_1_325' title='bbox 673 4024 1004 4093; x_wconf 87' lang='lat' dir='ltr'><strong>scripturam</strong></span> <span class='ocrx_word' id='word_1_326' title='bbox 1037 4033 1189 4079; x_wconf 88' lang='lat' dir='ltr'><strong>tuam</strong></span> <span class='ocrx_word' id='word_1_327' title='bbox 1222 4034 1278 4080; x_wconf 90' lang='lat' dir='ltr'><strong>et</strong></span> <span class='ocrx_word' id='word_1_328' title='bbox 1332 4042 1527 4083; x_wconf 85' lang='lat' dir='ltr'><strong>meam.</strong></span> <span class='ocrx_word' id='word_1_329' title='bbox 1576 4029 1867 4099; x_wconf 85' lang='lat' dir='ltr'><strong>Scriptura</strong></span> <span class='ocrx_word' id='word_1_330' title='bbox 1906 4040 1999 4085; x_wconf 89' lang='lat' dir='ltr'><strong>tua</strong></span> 
     </span>
    </p>
   </div>
   <div class='ocr_carea' id='block_1_46' title="bbox 418 4112 1999 4189">
    <p class='ocr_par' dir='ltr' id='par_1_46' title="bbox 418 4112 1999 4189">
     <span class='ocr_line' id='line_1_46' title="bbox 418 4112 1999 4189; baseline 0.005 -24"><span class='ocrx_word' id='word_1_331' title='bbox 418 4112 600 4166; x_wconf 75' lang='lat' dir='ltr'><strong>dicit:</strong></span> <span class='ocrx_word' id='word_1_332' title='bbox 652 4132 669 4163; x_wconf 82' lang='grc' dir='ltr'><strong>ι</strong></span> <span class='ocrx_word' id='word_1_333' title='bbox 712 4113 970 4182; x_wconf 75' lang='lat' dir='ltr'><strong>Purgavit</strong></span> <span class='ocrx_word' id='word_1_334' title='bbox 1035 4114 1178 4171; x_wconf 86' lang='lat' dir='ltr'><strong>Deus</strong></span> <span class='ocrx_word' id='word_1_335' title='bbox 1225 4116 1491 4184; x_wconf 75' lang='lat' dir='ltr'><strong>virginem</strong></span> <span class='ocrx_word' id='word_1_336' title='bbox 1556 4117 1780 4175; x_wconf 76' lang='lat' dir='ltr'><strong>Mariam</strong></span> <span class='ocrx_word' id='word_1_337' title='bbox 1835 4136 1999 4189; x_wconf 87' lang='lat' dir='ltr'><strong>supra</strong></span> 
     </span>
    </p>
   </div>
   <div class='ocr_carea' id='block_1_47' title="bbox 418 4205 1997 4279">
    <p class='ocr_par' dir='ltr' id='par_1_47' title="bbox 418 4205 1997 4279">
     <span class='ocr_line' id='line_1_47' title="bbox 418 4205 1997 4279; baseline 0.006 -23"><span class='ocrx_word' id='word_1_338' title='bbox 418 4218 634 4258; x_wconf 87' lang='lat' dir='ltr'><strong>onmem</strong></span> <span class='ocrx_word' id='word_1_339' title='bbox 666 4205 986 4260; x_wconf 86' lang='lat' dir='ltr'><strong>muliebrem</strong></span> <span class='ocrx_word' id='word_1_340' title='bbox 1017 4219 1264 4269; x_wconf 82' lang='lat' dir='ltr'><strong>carnem,</strong></span> <span class='ocrx_word' id='word_1_341' title='bbox 1310 4205 1707 4277; x_wconf 81' lang='lat' dir='ltr'><strong>descenditque</strong></span> <span class='ocrx_word' id='word_1_342' title='bbox 1749 4209 1997 4279; x_wconf 88' lang='lat' dir='ltr'><strong>Spiritus</strong></span> 
     </span>
    </p>
   </div>
   <div class='ocr_carea' id='block_1_48' title="bbox 424 4290 1999 4365">
    <p class='ocr_par' dir='ltr' id='par_1_48' title="bbox 424 4290 1999 4365">
     <span class='ocr_line' id='line_1_48' title="bbox 424 4290 1999 4365; baseline 0.007 -22"><span class='ocrx_word' id='word_1_343' title='bbox 424 4290 513 4345; x_wconf 61' lang='lat' dir='ltr'><strong>Dei</strong></span> <span class='ocrx_word' id='word_1_344' title='bbox 560 4302 614 4346; x_wconf 90' lang='lat' dir='ltr'><strong>et</strong></span> <span class='ocrx_word' id='word_1_345' title='bbox 664 4291 900 4346; x_wconf 84' lang='lat' dir='ltr'><strong>Verbum</strong></span> <span class='ocrx_word' id='word_1_346' title='bbox 954 4292 1007 4345; x_wconf 88' lang='lat' dir='ltr'><strong>in</strong></span> <span class='ocrx_word' id='word_1_347' title='bbox 1053 4308 1176 4346; x_wconf 84' lang='lat' dir='ltr'><strong>eam</strong></span> <span class='ocrx_word' id='word_1_348' title='bbox 1235 4292 1337 4362; x_wconf 73' lang='grc'><strong>(2).</strong></span> <span class='ocrx_word' id='word_1_349' title='bbox 1374 4313 1393 4344; x_wconf 77' lang='grc' dir='ltr'><strong>ι</strong></span> <span class='ocrx_word' id='word_1_350' title='bbox 1457 4296 1811 4365; x_wconf 79' lang='lat' dir='ltr'><strong>Evangelium</strong></span> <span class='ocrx_word' id='word_1_351' title='bbox 1870 4314 1999 4354; x_wconf 89' lang='lat' dir='ltr'><strong>vero</strong></span> 
     </span>
    </p>
   </div>
   <div class='ocr_carea' id='block_1_49' title="bbox 2025 3080 2067 3137">
    <p class='ocr_par' dir='ltr' id='par_1_49' title="bbox 2025 3080 2067 3137">
     <span class='ocr_line' id='line_1_49' title="bbox 2025 3080 2067 3137; baseline 0 0"><span class='ocrx_word' id='word_1_352' title='bbox 2025 3080 2067 3137; x_wconf 90' lang='lat' dir='ltr'><strong><em>C</em></strong></span> 
     </span>
    </p>
   </div>
   <div class='ocr_carea' id='block_1_50' title="bbox 2100 475 3735 553">
    <p class='ocr_par' dir='ltr' id='par_1_50' title="bbox 2100 475 3735 553">
     <span class='ocr_line' id='line_1_50' title="bbox 2100 475 3735 553; baseline -0.004 -19"><span class='ocrx_word' id='word_1_353' title='bbox 2100 484 2194 535; x_wconf 75' lang='grc' dir='ltr'><strong>καὶ</strong></span> <span class='ocrx_word' id='word_1_354' title='bbox 2224 482 2317 536; x_wconf 78' lang='grc' dir='ltr'><strong>ἐὰν</strong></span> <span class='ocrx_word' id='word_1_355' title='bbox 2353 483 2515 535; x_wconf 79' lang='grc' dir='ltr'><strong>αὐτὸν</strong></span> <span class='ocrx_word' id='word_1_356' title='bbox 2549 482 2707 553; x_wconf 84' lang='grc' dir='ltr'><strong>Θέλῃς</strong></span> <span class='ocrx_word' id='word_1_357' title='bbox 2736 481 3096 552; x_wconf 75' lang='grc' dir='ltr'><strong>δημοσιεῦσαι</strong></span> <span class='ocrx_word' id='word_1_358' title='bbox 3122 484 3249 544; x_wconf 81' lang='grc' dir='ltr'><strong>τοῖς</strong></span> <span class='ocrx_word' id='word_1_359' title='bbox 3279 479 3547 540; x_wconf 72' lang='grc' dir='ltr'><strong>λοιποῖς</strong></span> <span class='ocrx_word' id='word_1_360' title='bbox 3579 475 3735 545; x_wconf 71' lang='grc' dir='ltr'><strong>Σαρι-</strong></span> 
     </span>
    </p>
   </div>
   <div class='ocr_carea' id='block_1_51' title="bbox 2099 570 3737 643">
    <p class='ocr_par' dir='ltr' id='par_1_51' title="bbox 2099 570 3737 643">
     <span class='ocr_line' id='line_1_51' title="bbox 2099 570 3737 643; baseline -0.005 -18"><span class='ocrx_word' id='word_1_361' title='bbox 2099 575 2288 642; x_wconf 82' lang='grc' dir='ltr'><strong>κηνοῖς</strong></span> <span class='ocrx_word' id='word_1_362' title='bbox 2316 573 2690 643; x_wconf 70' lang='grc' dir='ltr'><strong>φοϐηὋήσεταί</strong></span> <span class='ocrx_word' id='word_1_363' title='bbox 2720 590 2778 625; x_wconf 83' lang='grc' dir='ltr'><strong>σε</strong></span> <span class='ocrx_word' id='word_1_364' title='bbox 2805 572 2940 625; x_wconf 85' lang='grc' dir='ltr'><strong>πολύ</strong></span> <span class='ocrx_word' id='word_1_365' title='bbox 2972 582 3020 625; x_wconf 73' lang='grc' dir='ltr'><strong>ι).</strong></span> <span class='ocrx_word' id='word_1_366' title='bbox 3062 573 3168 624; x_wconf 76' lang='grc' dir='ltr'><strong>Καὶ</strong></span> <span class='ocrx_word' id='word_1_367' title='bbox 3208 571 3314 623; x_wconf 76' lang='grc' dir='ltr'><strong>ἐὰν</strong></span> <span class='ocrx_word' id='word_1_368' title='bbox 3354 570 3663 639; x_wconf 67' lang='grc' dir='ltr'><strong>ἐρωτήσῃ</strong></span> <span class='ocrx_word' id='word_1_369' title='bbox 3693 582 3737 617; x_wconf 71' lang='grc' dir='ltr'><strong>σε</strong></span> 
     </span>
    </p>
   </div>
   <div class='ocr_carea' id='block_1_52' title="bbox 2096 659 3741 734">
    <p class='ocr_par' dir='ltr' id='par_1_52' title="bbox 2096 659 3741 734">
     <span class='ocr_line' id='line_1_52' title="bbox 2096 659 3741 734; baseline -0.005 -18"><span class='ocrx_word' id='word_1_370' title='bbox 2096 665 2125 716; x_wconf 91' lang='lat'><strong>6</strong></span> <span class='ocrx_word' id='word_1_371' title='bbox 2152 664 2461 734; x_wconf 81' lang='grc' dir='ltr'><strong>Σαρακηνὸς</strong></span> <span class='ocrx_word' id='word_1_372' title='bbox 2492 664 2662 731; x_wconf 82' lang='grc' dir='ltr'><strong>λέγων</strong></span> <span class='ocrx_word' id='word_1_373' title='bbox 2684 680 2697 695; x_wconf 75' lang='grc' dir='ltr'><strong>ο</strong></span> <span class='ocrx_word' id='word_1_374' title='bbox 2717 664 2797 716; x_wconf 77' lang='grc' dir='ltr'>Τὰ</span> <span class='ocrx_word' id='word_1_375' title='bbox 2820 664 2989 730; x_wconf 82' lang='grc' dir='ltr'><strong>Λὸγια</strong></span> <span class='ocrx_word' id='word_1_376' title='bbox 3017 661 3110 714; x_wconf 86' lang='grc' dir='ltr'><strong>τοῦ</strong></span> <span class='ocrx_word' id='word_1_377' title='bbox 3142 661 3290 715; x_wconf 80' lang='grc' dir='ltr'><strong>Θεοῦ</strong></span> <span class='ocrx_word' id='word_1_378' title='bbox 3342 659 3599 714; x_wconf 69' lang='grc' dir='ltr'><strong>κτιπά</strong></span> <span class='ocrx_word' id='word_1_379' title='bbox 3621 661 3741 711; x_wconf 56' lang='lat' dir='ltr'><strong>eius»</strong></span> 
     </span>
    </p>
   </div>
   <div class='ocr_carea' id='block_1_53' title="bbox 2098 750 3743 823">
    <p class='ocr_par' dir='ltr' id='par_1_53' title="bbox 2098 750 3743 823">
     <span class='ocr_line' id='line_1_53' title="bbox 2098 750 3743 823; baseline -0.002 -16"><span class='ocrx_word' id='word_1_380' title='bbox 2098 753 2439 822; x_wconf 76' lang='grc' dir='ltr'><strong>ἥᾶκτιστα;</strong></span> <span class='ocrx_word' id='word_1_381' title='bbox 2499 754 2672 807; x_wconf 84' lang='grc' dir='ltr'><strong>Τοῦτο</strong></span> <span class='ocrx_word' id='word_1_382' title='bbox 2721 756 2831 823; x_wconf 74' lang='grc' dir='ltr'><strong>γὰρ</strong></span> <span class='ocrx_word' id='word_1_383' title='bbox 2884 753 3291 823; x_wconf 63' lang='grc' dir='ltr'><strong>προϐάλλονται</strong></span> <span class='ocrx_word' id='word_1_384' title='bbox 3378 750 3548 821; x_wconf 73' lang='grc' dir='ltr'><strong>πρὸς</strong></span> <span class='ocrx_word' id='word_1_385' title='bbox 3604 752 3743 817; x_wconf 52' lang='lat' dir='ltr'><strong>funi:</strong></span> 
     </span>
    </p>
   </div>
   <div class='ocr_carea' id='block_1_54' title="bbox 2097 833 3744 915">
    <p class='ocr_par' dir='ltr' id='par_1_54' title="bbox 2097 833 3744 915">
     <span class='ocr_line' id='line_1_54' title="bbox 2097 833 3744 915; baseline -0.006 -15"><span class='ocrx_word' id='word_1_386' title='bbox 2097 844 2363 915; x_wconf 73' lang='grc' dir='ltr'><strong>ἐρώτημα</strong></span> <span class='ocrx_word' id='word_1_387' title='bbox 2384 845 2690 901; x_wconf 80' lang='grc' dir='ltr'><strong>δεινότατον</strong></span> <span class='ocrx_word' id='word_1_388' title='bbox 2712 846 2960 907; x_wconf 81' lang='grc' dir='ltr'><strong>θέλοντες</strong></span> <span class='ocrx_word' id='word_1_389' title='bbox 2978 843 3272 908; x_wconf 78' lang='grc' dir='ltr'><strong>ἀποδεῖξαι</strong></span> <span class='ocrx_word' id='word_1_390' title='bbox 3301 842 3587 896; x_wconf 67' lang='grc' dir='ltr'><strong>κτιστον</strong></span> <span class='ocrx_word' id='word_1_391' title='bbox 3614 833 3744 891; x_wconf 59' lang='lat' dir='ltr'><strong>sint</strong></span> 
     </span>
    </p>
   </div>
   <div class='ocr_carea' id='block_1_55' title="bbox 2096 933 3746 1007">
    <p class='ocr_par' dir='ltr' id='par_1_55' title="bbox 2096 933 3746 1007">
     <span class='ocr_line' id='line_1_55' title="bbox 2096 933 3746 1007; baseline -0.004 -18"><span class='ocrx_word' id='word_1_392' title='bbox 2096 937 2188 989; x_wconf 85' lang='grc' dir='ltr'><strong>τὸν</strong></span> <span class='ocrx_word' id='word_1_393' title='bbox 2210 938 2384 1004; x_wconf 81' lang='grc' dir='ltr'>Λόγον</span> <span class='ocrx_word' id='word_1_394' title='bbox 2422 937 2517 991; x_wconf 84' lang='grc' dir='ltr'><strong>τοῦ</strong></span> <span class='ocrx_word' id='word_1_395' title='bbox 2544 937 2701 1000; x_wconf 75' lang='grc' dir='ltr'><strong>Θεοῦ,</strong></span> <span class='ocrx_word' id='word_1_396' title='bbox 2732 938 2873 1007; x_wconf 84' lang='grc' dir='ltr'><strong>ὅπερ</strong></span> <span class='ocrx_word' id='word_1_397' title='bbox 2928 939 3028 989; x_wconf 80' lang='grc' dir='ltr'><strong>οὐκ</strong></span> <span class='ocrx_word' id='word_1_398' title='bbox 3073 936 3250 990; x_wconf 72' lang='grc' dir='ltr'><strong>ἐστιν.</strong></span> <span class='ocrx_word' id='word_1_399' title='bbox 3293 936 3373 987; x_wconf 76' lang='grc' dir='ltr'><strong>ΕΞ</strong></span> <span class='ocrx_word' id='word_1_400' title='bbox 3410 934 3485 986; x_wconf 77' lang='grc' dir='ltr'><strong>δὲ</strong></span> <span class='ocrx_word' id='word_1_401' title='bbox 3548 933 3746 1001; x_wconf 66' lang='grc' dir='ltr'><strong>εἴπῃς·</strong></span> 
     </span>
    </p>
   </div>
   <div class='ocr_carea' id='block_1_56' title="bbox 2099 1024 3741 1096">
    <p class='ocr_par' dir='ltr' id='par_1_56' title="bbox 2099 1024 3741 1096">
     <span class='ocr_line' id='line_1_56' title="bbox 2099 1024 3741 1096; baseline -0.005 -16"><span class='ocrx_word' id='word_1_402' title='bbox 2099 1028 2311 1081; x_wconf 80' lang='grc' dir='ltr'><strong>Κτιοτά</strong></span> <span class='ocrx_word' id='word_1_403' title='bbox 2336 1030 2500 1093; x_wconf 67' lang='grc' dir='ltr'><strong>εἰσιν,</strong></span> <span class='ocrx_word' id='word_1_404' title='bbox 2532 1029 2683 1096; x_wconf 81' lang='grc' dir='ltr'><strong>λέγει</strong></span> <span class='ocrx_word' id='word_1_405' title='bbox 2714 1045 2821 1093; x_wconf 83' lang='grc' dir='ltr'><strong>σοι,</strong></span> <span class='ocrx_word' id='word_1_406' title='bbox 2855 1028 3086 1081; x_wconf 80' lang='grc' dir='ltr'><strong>ὃτι-ἰδοὺ</strong></span> <span class='ocrx_word' id='word_1_407' title='bbox 3116 1027 3301 1080; x_wconf 84' lang='grc' dir='ltr'><strong>ταῦτα</strong></span> <span class='ocrx_word' id='word_1_408' title='bbox 3327 1026 3560 1080; x_wconf 69' lang='grc' dir='ltr'><strong>πάντα</strong></span> <span class='ocrx_word' id='word_1_409' title='bbox 3596 1024 3741 1091; x_wconf 63' lang='grc' dir='ltr'><strong>λόγια</strong></span> 
     </span>
    </p>
   </div>
   <div class='ocr_carea' id='block_1_57' title="bbox 2097 1116 3743 1190">
    <p class='ocr_par' dir='ltr' id='par_1_57' title="bbox 2097 1116 3743 1190">
     <span class='ocr_line' id='line_1_57' title="bbox 2097 1116 3743 1190; baseline -0.005 -17"><span class='ocrx_word' id='word_1_410' title='bbox 2097 1119 2192 1173; x_wconf 87' lang='grc' dir='ltr'><strong>τοῦ</strong></span> <span class='ocrx_word' id='word_1_411' title='bbox 2221 1120 2357 1173; x_wconf 87' lang='grc' dir='ltr'><strong>Θεοῦ</strong></span> <span class='ocrx_word' id='word_1_412' title='bbox 2389 1121 2724 1190; x_wconf 81' lang='grc' dir='ltr'><strong>ὑπάρχοντα,</strong></span> <span class='ocrx_word' id='word_1_413' title='bbox 2762 1121 2998 1174; x_wconf 83' lang='grc' dir='ltr'><strong>ἄκτιστα</strong></span> <span class='ocrx_word' id='word_1_414' title='bbox 3032 1120 3132 1189; x_wconf 85' lang='grc' dir='ltr'><strong>μέν</strong></span> <span class='ocrx_word' id='word_1_415' title='bbox 3164 1121 3307 1184; x_wconf 77' lang='grc' dir='ltr'><strong>εἰσι,</strong></span> <span class='ocrx_word' id='word_1_416' title='bbox 3339 1119 3506 1171; x_wconf 75' lang='grc' dir='ltr'><strong>θεοὶ</strong></span> <span class='ocrx_word' id='word_1_417' title='bbox 3562 1117 3627 1169; x_wconf 75' lang='grc' dir='ltr'><strong>δὲ</strong></span> <span class='ocrx_word' id='word_1_418' title='bbox 3653 1116 3743 1166; x_wconf 66' lang='grc' dir='ltr'><strong>εει</strong></span> 
     </span>
    </p>
   </div>
   <div class='ocr_carea' id='block_1_58' title="bbox 2098 1202 3741 1281">
    <p class='ocr_par' dir='ltr' id='par_1_58' title="bbox 2098 1202 3741 1281">
     <span class='ocr_line' id='line_1_58' title="bbox 2098 1202 3741 1281; baseline -0.004 -19"><span class='ocrx_word' id='word_1_419' title='bbox 2098 1212 2255 1265; x_wconf 81' lang='grc' dir='ltr'><strong>εἰσιν.</strong></span> <span class='ocrx_word' id='word_1_420' title='bbox 2296 1210 2423 1265; x_wconf 85' lang='grc' dir='ltr'><strong>Ἰδοὺ</strong></span> <span class='ocrx_word' id='word_1_421' title='bbox 2456 1212 2519 1263; x_wconf 79' lang='grc' dir='ltr'><strong>σὺ</strong></span> <span class='ocrx_word' id='word_1_422' title='bbox 2548 1210 2930 1281; x_wconf 78' lang='grc' dir='ltr'><strong>ὡμολόγησας,</strong></span> <span class='ocrx_word' id='word_1_423' title='bbox 2955 1211 3038 1262; x_wconf 78' lang='grc' dir='ltr'><strong>ὅτι</strong></span> <span class='ocrx_word' id='word_1_424' title='bbox 3072 1212 3101 1261; x_wconf 98' lang='lat'><strong>6</strong></span> <span class='ocrx_word' id='word_1_425' title='bbox 3124 1210 3389 1279; x_wconf 76' lang='grc' dir='ltr'><strong>Χριστὸς</strong></span> <span class='ocrx_word' id='word_1_426' title='bbox 3434 1208 3645 1272; x_wconf 69' lang='grc' dir='ltr'><strong>Λόγος</strong></span> <span class='ocrx_word' id='word_1_427' title='bbox 3672 1202 3741 1255; x_wconf 58' lang='grc' dir='ltr'><strong>ὧν</strong></span> 
     </span>
    </p>
   </div>
   <div class='ocr_carea' id='block_1_59' title="bbox 2097 1296 3739 1373">
    <p class='ocr_par' dir='ltr' id='par_1_59' title="bbox 2097 1296 3739 1373">
     <span class='ocr_line' id='line_1_59' title="bbox 2097 1296 3739 1373; baseline -0.002 -17"><span class='ocrx_word' id='word_1_428' title='bbox 2097 1302 2193 1356; x_wconf 73' lang='grc' dir='ltr'><strong>⁶τοῦ</strong></span> <span class='ocrx_word' id='word_1_429' title='bbox 2223 1301 2382 1370; x_wconf 84' lang='grc' dir='ltr'><strong>Θεοῦ,</strong></span> <span class='ocrx_word' id='word_1_430' title='bbox 2402 1304 2505 1357; x_wconf 68' lang='grc' dir='ltr'><strong>οὐκ</strong></span> <span class='ocrx_word' id='word_1_431' title='bbox 2539 1302 2655 1356; x_wconf 75' lang='grc' dir='ltr'><strong>ἔστι</strong></span> <span class='ocrx_word' id='word_1_432' title='bbox 2683 1303 2834 1366; x_wconf 74' lang='grc' dir='ltr'><strong>Θεός.</strong></span> <span class='ocrx_word' id='word_1_433' title='bbox 2857 1296 2950 1355; x_wconf 81' lang='grc' dir='ltr'><strong>Διδ</strong></span> <span class='ocrx_word' id='word_1_434' title='bbox 2973 1301 3110 1373; x_wconf 78' lang='grc' dir='ltr'><strong>μηδὲ</strong></span> <span class='ocrx_word' id='word_1_435' title='bbox 3138 1301 3353 1356; x_wconf 80' lang='grc' dir='ltr'><strong>κτιστὰ</strong></span> <span class='ocrx_word' id='word_1_436' title='bbox 3390 1301 3565 1371; x_wconf 61' lang='grc' dir='ltr'><strong>μηδὲ</strong></span> <span class='ocrx_word' id='word_1_437' title='bbox 3596 1300 3739 1352; x_wconf 66' lang='grc' dir='ltr'><strong>ἄκτι-</strong></span> 
     </span>
    </p>
   </div>
   <div class='ocr_carea' id='block_1_60' title="bbox 2090 1390 3741 1464">
    <p class='ocr_par' dir='ltr' id='par_1_60' title="bbox 2090 1390 3741 1464">
     <span class='ocr_line' id='line_1_60' title="bbox 2090 1390 3741 1464; baseline -0.004 -18"><span class='ocrx_word' id='word_1_438' title='bbox 2090 1409 2201 1446; x_wconf 76' lang='grc' dir='ltr'><strong>στα</strong></span> <span class='ocrx_word' id='word_1_439' title='bbox 2235 1395 2266 1446; x_wconf 92' lang='lat'><strong>6</strong></span> <span class='ocrx_word' id='word_1_440' title='bbox 2298 1393 2623 1464; x_wconf 82' lang='grc' dir='ltr'><strong>Χριστιανὸς</strong></span> <span class='ocrx_word' id='word_1_441' title='bbox 2644 1392 2965 1462; x_wconf 74' lang='grc' dir='ltr'><strong>ἀποκριθεὶς</strong></span> <span class='ocrx_word' id='word_1_442' title='bbox 2994 1391 3146 1460; x_wconf 77' lang='grc' dir='ltr'><strong>αὐτῷ</strong></span> <span class='ocrx_word' id='word_1_443' title='bbox 3175 1390 3345 1458; x_wconf 73' lang='grc' dir='ltr'><strong>λέγει</strong></span> <span class='ocrx_word' id='word_1_444' title='bbox 3367 1408 3383 1421; x_wconf 91' lang='grc'><strong>·</strong></span> <span class='ocrx_word' id='word_1_445' title='bbox 3444 1390 3621 1457; x_wconf 74' lang='grc' dir='ltr'><strong>Ἐγὼ</strong></span> <span class='ocrx_word' id='word_1_446' title='bbox 3653 1390 3741 1440; x_wconf 69' lang='grc' dir='ltr'><strong>ἕνα</strong></span> 
     </span>
    </p>
   </div>
   <div class='ocr_carea' id='block_1_61' title="bbox 2101 1482 3739 1553">
    <p class='ocr_par' dir='ltr' id='par_1_61' title="bbox 2101 1482 3739 1553">
     <span class='ocr_line' id='line_1_61' title="bbox 2101 1482 3739 1553; baseline -0.002 -17"><span class='ocrx_word' id='word_1_447' title='bbox 2101 1484 2263 1553; x_wconf 84' lang='grc' dir='ltr'><strong>μόνον</strong></span> <span class='ocrx_word' id='word_1_448' title='bbox 2277 1484 2450 1552; x_wconf 83' lang='grc' dir='ltr'><strong>Λόγον</strong></span> <span class='ocrx_word' id='word_1_449' title='bbox 2476 1484 2569 1537; x_wconf 85' lang='grc' dir='ltr'><strong>τοῦ</strong></span> <span class='ocrx_word' id='word_1_450' title='bbox 2588 1484 2723 1537; x_wconf 82' lang='grc' dir='ltr'><strong>Θεοῦ</strong></span> <span class='ocrx_word' id='word_1_451' title='bbox 2745 1486 2804 1536; x_wconf 77' lang='grc' dir='ltr'><strong>ὲν</strong></span> <span class='ocrx_word' id='word_1_452' title='bbox 2827 1483 3122 1537; x_wconf 75' lang='grc' dir='ltr'><strong>ὑποστάσει</strong></span> <span class='ocrx_word' id='word_1_453' title='bbox 3149 1482 3429 1552; x_wconf 78' lang='grc' dir='ltr'><strong>ὁμολογῶ</strong></span> <span class='ocrx_word' id='word_1_454' title='bbox 3464 1483 3739 1535; x_wconf 64' lang='grc' dir='ltr'><strong>ἄπτωτον</strong></span> 
     </span>
    </p>
   </div>
   <div class='ocr_carea' id='block_1_62' title="bbox 2097 1574 3739 1646">
    <p class='ocr_par' dir='ltr' id='par_1_62' title="bbox 2097 1574 3739 1646">
     <span class='ocr_line' id='line_1_62' title="bbox 2097 1574 3739 1646; baseline -0.004 -19"><span class='ocrx_word' id='word_1_455' title='bbox 2097 1574 2251 1636; x_wconf 71' lang='grc' dir='ltr'><strong>ὄντα,</strong></span> <span class='ocrx_word' id='word_1_456' title='bbox 2277 1574 2533 1646; x_wconf 80' lang='grc' dir='ltr'><strong>καθάπερ</strong></span> <span class='ocrx_word' id='word_1_457' title='bbox 2565 1574 2662 1629; x_wconf 81' lang='grc' dir='ltr'><strong>καὶ</strong></span> <span class='ocrx_word' id='word_1_458' title='bbox 2696 1576 2761 1627; x_wconf 81' lang='grc' dir='ltr'><strong>σὺ</strong></span> <span class='ocrx_word' id='word_1_459' title='bbox 2798 1574 3192 1645; x_wconf 73' lang='grc' dir='ltr'><strong>ὡμολόγησας·</strong></span> <span class='ocrx_word' id='word_1_460' title='bbox 3236 1574 3354 1642; x_wconf 78' lang='grc' dir='ltr'><strong>τὴν</strong></span> <span class='ocrx_word' id='word_1_461' title='bbox 3387 1574 3457 1627; x_wconf 70' lang='grc' dir='ltr'><strong>δὲ</strong></span> <span class='ocrx_word' id='word_1_462' title='bbox 3512 1574 3739 1627; x_wconf 59' lang='lat' dir='ltr'><strong>amns</strong></span> 
     </span>
    </p>
   </div>
   <div class='ocr_carea' id='block_1_63' title="bbox 2098 1661 3733 1738">
    <p class='ocr_par' dir='ltr' id='par_1_63' title="bbox 2098 1661 3733 1738">
     <span class='ocr_line' id='line_1_63' title="bbox 2098 1661 3733 1738; baseline -0.004 -19"><span class='ocrx_word' id='word_1_463' title='bbox 2098 1666 2323 1738; x_wconf 81' lang='grc' dir='ltr'><strong>Γραφήν</strong></span> <span class='ocrx_word' id='word_1_464' title='bbox 2362 1685 2488 1737; x_wconf 87' lang='grc' dir='ltr'><strong>μου,</strong></span> <span class='ocrx_word' id='word_1_465' title='bbox 2534 1669 2597 1721; x_wconf 83' lang='grc' dir='ltr'><strong>οὐ</strong></span> <span class='ocrx_word' id='word_1_466' title='bbox 2632 1668 2776 1735; x_wconf 78' lang='grc' dir='ltr'><strong>λέγω</strong></span> <span class='ocrx_word' id='word_1_467' title='bbox 2830 1668 3021 1735; x_wconf 81' lang='grc' dir='ltr'><strong>Λὸγια,</strong></span> <span class='ocrx_word' id='word_1_468' title='bbox 3069 1665 3210 1720; x_wconf 80' lang='grc' dir='ltr'><strong>ἀλλά</strong></span> <span class='ocrx_word' id='word_1_469' title='bbox 3268 1667 3533 1736; x_wconf 75' lang='grc' dir='ltr'><strong>ῥήματα</strong></span> <span class='ocrx_word' id='word_1_470' title='bbox 3579 1661 3733 1716; x_wconf 61' lang='grc' dir='ltr'><strong>Θεοῦ.</strong></span> 
     </span>
    </p>
   </div>
   <div class='ocr_carea' id='block_1_64' title="bbox 2026 1739 3733 1827">
    <p class='ocr_par' dir='ltr' id='par_1_64' title="bbox 2026 1739 3733 1827">
     <span class='ocr_line' id='line_1_64' title="bbox 2026 1739 3733 1827; baseline -0.001 -20"><span class='ocrx_word' id='word_1_471' title='bbox 2026 1739 2070 1794; x_wconf 87' lang='grc' dir='ltr'><strong>Β</strong></span> <span class='ocrx_word' id='word_1_472' title='bbox 2101 1756 2209 1807; x_wconf 83' lang='grc' dir='ltr'><strong>Καὶ</strong></span> <span class='ocrx_word' id='word_1_473' title='bbox 2238 1756 2333 1808; x_wconf 78' lang='grc' dir='ltr'><strong>ἐὰν</strong></span> <span class='ocrx_word' id='word_1_474' title='bbox 2363 1757 2490 1827; x_wconf 75' lang='grc' dir='ltr'><strong>ειπη</strong></span> <span class='ocrx_word' id='word_1_475' title='bbox 2518 1757 2547 1808; x_wconf 85' lang='grc' dir='ltr'>ὁ</span> <span class='ocrx_word' id='word_1_476' title='bbox 2574 1755 2911 1827; x_wconf 81' lang='grc' dir='ltr'><strong>Σαρακηνός·</strong></span> <span class='ocrx_word' id='word_1_477' title='bbox 2957 1755 3067 1807; x_wconf 75' lang='grc' dir='ltr'><strong>Καὶ</strong></span> <span class='ocrx_word' id='word_1_478' title='bbox 3094 1754 3216 1817; x_wconf 83' lang='grc' dir='ltr'><strong>πῶς</strong></span> <span class='ocrx_word' id='word_1_479' title='bbox 3255 1755 3427 1815; x_wconf 80' lang='grc' dir='ltr'><strong>λέγει</strong></span> <span class='ocrx_word' id='word_1_480' title='bbox 3451 1757 3491 1807; x_wconf 69' lang='grc' dir='ltr'>ο</span> <span class='ocrx_word' id='word_1_481' title='bbox 3523 1752 3733 1805; x_wconf 62' lang='lat' dir='ltr'><strong>saneta-</strong></span> 
     </span>
    </p>
   </div>
   <div class='ocr_carea' id='block_1_65' title="bbox 2105 1842 3734 1913">
    <p class='ocr_par' dir='ltr' id='par_1_65' title="bbox 2105 1842 3734 1913">
     <span class='ocr_line' id='line_1_65' title="bbox 2105 1842 3734 1913; baseline -0.003 -17"><span class='ocrx_word' id='word_1_482' title='bbox 2105 1845 2308 1912; x_wconf 78' lang='grc' dir='ltr'><strong>«Λόγια</strong></span> <span class='ocrx_word' id='word_1_483' title='bbox 2338 1844 2566 1911; x_wconf 81' lang='grc' dir='ltr'><strong>Κυρίου,</strong></span> <span class='ocrx_word' id='word_1_484' title='bbox 2588 1843 2746 1913; x_wconf 82' lang='grc' dir='ltr'><strong>λόγια</strong></span> <span class='ocrx_word' id='word_1_485' title='bbox 2773 1844 2941 1912; x_wconf 75' lang='grc' dir='ltr'><strong>ἁγνάο</strong></span> <span class='ocrx_word' id='word_1_486' title='bbox 2975 1862 2994 1894; x_wconf 75' lang='grc' dir='ltr'><strong>ι</strong></span> <span class='ocrx_word' id='word_1_487' title='bbox 3028 1846 3121 1896; x_wconf 70' lang='grc' dir='ltr'><strong>καὶ</strong></span> <span class='ocrx_word' id='word_1_488' title='bbox 3154 1842 3313 1913; x_wconf 74' lang='grc' dir='ltr'><strong>οὐχὶ,</strong></span> <span class='ocrx_word' id='word_1_489' title='bbox 3356 1843 3447 1895; x_wconf 76' lang='grc' dir='ltr'><strong>Τὰ</strong></span> <span class='ocrx_word' id='word_1_490' title='bbox 3498 1843 3734 1913; x_wconf 68' lang='grc' dir='ltr'><strong>ῥήματα</strong></span> 
     </span>
    </p>
   </div>
   <div class='ocr_carea' id='block_1_66' title="bbox 2100 1931 3735 2005">
    <p class='ocr_par' dir='ltr' id='par_1_66' title="bbox 2100 1931 3735 2005">
     <span class='ocr_line' id='line_1_66' title="bbox 2100 1931 3735 2005; baseline -0.002 -18"><span class='ocrx_word' id='word_1_491' title='bbox 2100 1935 2345 2004; x_wconf 79' lang='grc' dir='ltr'><strong>Κυρίου,</strong></span> <span class='ocrx_word' id='word_1_492' title='bbox 2402 1937 2627 2005; x_wconf 77' lang='grc' dir='ltr'><strong>ῥήματα</strong></span> <span class='ocrx_word' id='word_1_493' title='bbox 2682 1934 2853 2001; x_wconf 60' lang='lat' dir='ltr'><strong>md;</strong></span> <span class='ocrx_word' id='word_1_494' title='bbox 2887 1933 3010 1985; x_wconf 79' lang='grc' dir='ltr'><strong>εἰπὲ</strong></span> <span class='ocrx_word' id='word_1_495' title='bbox 3048 1931 3202 2003; x_wconf 82' lang='grc' dir='ltr'><strong>αὺτῷ</strong></span> <span class='ocrx_word' id='word_1_496' title='bbox 3226 1949 3241 1962; x_wconf 72' lang='grc' dir='ltr'><strong>ο</strong></span> <span class='ocrx_word' id='word_1_497' title='bbox 3297 1932 3383 1984; x_wconf 79' lang='lat'><strong>&#39;0.</strong></span> <span class='ocrx_word' id='word_1_498' title='bbox 3410 1932 3735 2002; x_wconf 50' lang='grc' dir='ltr'><strong>Προφήτης</strong></span> 
     </span>
    </p>
   </div>
   <div class='ocr_carea' id='block_1_67' title="bbox 2099 2023 3730 2098">
    <p class='ocr_par' dir='ltr' id='par_1_67' title="bbox 2099 2023 3730 2098">
     <span class='ocr_line' id='line_1_67' title="bbox 2099 2023 3730 2098; baseline -0.004 -18"><span class='ocrx_word' id='word_1_499' title='bbox 2099 2026 2514 2098; x_wconf 80' lang='grc' dir='ltr'><strong>τροπολογικῶς</strong></span> <span class='ocrx_word' id='word_1_500' title='bbox 2555 2026 2841 2096; x_wconf 67' lang='grc' dir='ltr'><strong>ἐλάλησεν,</strong></span> <span class='ocrx_word' id='word_1_501' title='bbox 2878 2025 2975 2078; x_wconf 79' lang='grc' dir='ltr'><strong>καὶ</strong></span> <span class='ocrx_word' id='word_1_502' title='bbox 3021 2026 3085 2078; x_wconf 78' lang='grc' dir='ltr'><strong>οὺ</strong></span> <span class='ocrx_word' id='word_1_503' title='bbox 3120 2023 3589 2095; x_wconf 76' lang='grc' dir='ltr'><strong>κυριολονγικῶς.</strong></span> <span class='ocrx_word' id='word_1_504' title='bbox 3624 2023 3730 2075; x_wconf 69' lang='grc' dir='ltr'><strong>Καὶ</strong></span> 
     </span>
    </p>
   </div>
   <div class='ocr_carea' id='block_1_68' title="bbox 2102 2114 3725 2189">
    <p class='ocr_par' dir='ltr' id='par_1_68' title="bbox 2102 2114 3725 2189">
     <span class='ocr_line' id='line_1_68' title="bbox 2102 2114 3725 2189; baseline -0.004 -18"><span class='ocrx_word' id='word_1_505' title='bbox 2102 2121 2197 2173; x_wconf 79' lang='grc' dir='ltr'><strong>ὲὰν</strong></span> <span class='ocrx_word' id='word_1_506' title='bbox 2228 2135 2311 2172; x_wconf 90' lang='grc' dir='ltr'><strong>σοι</strong></span> <span class='ocrx_word' id='word_1_507' title='bbox 2353 2120 2482 2189; x_wconf 75' lang='grc' dir='ltr'><strong>εῐπῃ</strong></span> <span class='ocrx_word' id='word_1_508' title='bbox 2507 2134 2522 2149; x_wconf 75' lang='lat'>&#39;</span> <span class='ocrx_word' id='word_1_509' title='bbox 2552 2120 2615 2171; x_wconf 84' lang='grc' dir='ltr'><strong>Τί</strong></span> <span class='ocrx_word' id='word_1_510' title='bbox 2648 2120 2800 2171; x_wconf 78' lang='grc' dir='ltr'><strong>ἐστιν</strong></span> <span class='ocrx_word' id='word_1_511' title='bbox 2831 2115 3163 2188; x_wconf 76' lang='grc' dir='ltr'><strong>τροπολογία</strong></span> <span class='ocrx_word' id='word_1_512' title='bbox 3196 2116 3302 2170; x_wconf 80' lang='grc' dir='ltr'><strong>καὶ</strong></span> <span class='ocrx_word' id='word_1_513' title='bbox 3340 2114 3725 2186; x_wconf 56' lang='lat' dir='ltr'><strong>stupida-nix;</strong></span> 
     </span>
    </p>
   </div>
   <div class='ocr_carea' id='block_1_69' title="bbox 2100 2207 3726 2282">
    <p class='ocr_par' dir='ltr' id='par_1_69' title="bbox 2100 2207 3726 2282">
     <span class='ocr_line' id='line_1_69' title="bbox 2100 2207 3726 2282; baseline -0.002 -18"><span class='ocrx_word' id='word_1_514' title='bbox 2100 2212 2223 2264; x_wconf 81' lang='grc' dir='ltr'><strong>είπὲ</strong></span> <span class='ocrx_word' id='word_1_515' title='bbox 2257 2210 2438 2281; x_wconf 78' lang='grc' dir='ltr'><strong>αὐτῷ’</strong></span> <span class='ocrx_word' id='word_1_516' title='bbox 2468 2210 2798 2282; x_wconf 83' lang='grc' dir='ltr'><strong>Κυριολογία</strong></span> <span class='ocrx_word' id='word_1_517' title='bbox 2840 2210 2938 2279; x_wconf 87' lang='grc' dir='ltr'><strong>μέν</strong></span> <span class='ocrx_word' id='word_1_518' title='bbox 2975 2210 3148 2273; x_wconf 80' lang='grc' dir='ltr'><strong>ἐστιν,</strong></span> <span class='ocrx_word' id='word_1_519' title='bbox 3186 2208 3401 2278; x_wconf 75' lang='grc' dir='ltr'><strong>βεϐαία</strong></span> <span class='ocrx_word' id='word_1_520' title='bbox 3427 2207 3726 2271; x_wconf 67' lang='grc' dir='ltr'><strong>ἀπόδειξις</strong></span> 
     </span>
    </p>
   </div>
   <div class='ocr_carea' id='block_1_70' title="bbox 2100 2299 3718 2375">
    <p class='ocr_par' dir='ltr' id='par_1_70' title="bbox 2100 2299 3718 2375">
     <span class='ocr_line' id='line_1_70' title="bbox 2100 2299 3718 2375; baseline -0.006 -18"><span class='ocrx_word' id='word_1_521' title='bbox 2100 2305 2448 2375; x_wconf 59' lang='grc' dir='ltr'><strong>πράγματος</strong></span> <span class='ocrx_word' id='word_1_522' title='bbox 2475 2302 2803 2373; x_wconf 76' lang='grc' dir='ltr'><strong>τροπολογία</strong></span> <span class='ocrx_word' id='word_1_523' title='bbox 2827 2302 2884 2354; x_wconf 85' lang='grc' dir='ltr'><strong>δέ</strong></span> <span class='ocrx_word' id='word_1_524' title='bbox 2916 2302 3064 2354; x_wconf 74' lang='grc' dir='ltr'><strong>ἐστιν</strong></span> <span class='ocrx_word' id='word_1_525' title='bbox 3095 2300 3372 2363; x_wconf 82' lang='grc' dir='ltr'><strong>ἀϐέϐαιος</strong></span> <span class='ocrx_word' id='word_1_526' title='bbox 3400 2299 3718 2363; x_wconf 70' lang='grc' dir='ltr'><strong>ἀπόδειξις.</strong></span> 
     </span>
    </p>
   </div>
   <div class='ocr_carea' id='block_1_71' title="bbox 2101 2392 3719 2463">
    <p class='ocr_par' dir='ltr' id='par_1_71' title="bbox 2101 2392 3719 2463">
     <span class='ocr_line' id='line_1_71' title="bbox 2101 2392 3719 2463; baseline -0.005 -14"><span class='ocrx_word' id='word_1_527' title='bbox 2101 2397 2210 2449; x_wconf 82' lang='grc' dir='ltr'><strong>Καὶ</strong></span> <span class='ocrx_word' id='word_1_528' title='bbox 2263 2395 2358 2448; x_wconf 85' lang='grc' dir='ltr'><strong>ὲάν</strong></span> <span class='ocrx_word' id='word_1_529' title='bbox 2402 2411 2484 2447; x_wconf 88' lang='grc' dir='ltr'><strong>σοι</strong></span> <span class='ocrx_word' id='word_1_530' title='bbox 2523 2395 2649 2463; x_wconf 85' lang='grc' dir='ltr'><strong>εῐπῃ</strong></span> <span class='ocrx_word' id='word_1_531' title='bbox 2675 2395 2703 2446; x_wconf 92' lang='lat'><strong>6</strong></span> <span class='ocrx_word' id='word_1_532' title='bbox 2740 2393 3088 2462; x_wconf 76' lang='grc' dir='ltr'><strong>Σαρακηνός·</strong></span> <span class='ocrx_word' id='word_1_533' title='bbox 3128 2392 3463 2461; x_wconf 75' lang='grc' dir='ltr'><strong>Ἐνδέχεται</strong></span> <span class='ocrx_word' id='word_1_534' title='bbox 3492 2393 3719 2461; x_wconf 53' lang='lat' dir='ltr'><strong>mir</strong></span> 
     </span>
    </p>
   </div>
   <div class='ocr_carea' id='block_1_72' title="bbox 2102 2485 3712 2558">
    <p class='ocr_par' dir='ltr' id='par_1_72' title="bbox 2102 2485 3712 2558">
     <span class='ocr_line' id='line_1_72' title="bbox 2102 2485 3712 2558; baseline -0.004 -17"><span class='ocrx_word' id='word_1_535' title='bbox 2102 2506 2203 2558; x_wconf 86' lang='grc' dir='ltr'><strong>την</strong></span> <span class='ocrx_word' id='word_1_536' title='bbox 2232 2490 2407 2541; x_wconf 81' lang='grc' dir='ltr'><strong>εἰπεῖν</strong></span> <span class='ocrx_word' id='word_1_537' title='bbox 2438 2487 2693 2541; x_wconf 85' lang='grc' dir='ltr'><strong>ἀϐέϐαιον</strong></span> <span class='ocrx_word' id='word_1_538' title='bbox 2738 2487 3054 2550; x_wconf 78' lang='grc' dir='ltr'><strong>ἀπόδειξινς</strong></span> <span class='ocrx_word' id='word_1_539' title='bbox 3086 2485 3211 2539; x_wconf 74' lang='grc' dir='ltr'><strong>εἰπὲ</strong></span> <span class='ocrx_word' id='word_1_540' title='bbox 3252 2486 3424 2556; x_wconf 76' lang='grc' dir='ltr'><strong>αὐτῷ</strong></span> <span class='ocrx_word' id='word_1_541' title='bbox 3460 2485 3712 2544; x_wconf 71' lang='grc' dir='ltr'><strong>εἰθέως”</strong></span> 
     </span>
    </p>
   </div>
   <div class='ocr_carea' id='block_1_73' title="bbox 2113 2576 3712 2649">
    <p class='ocr_par' dir='ltr' id='par_1_73' title="bbox 2113 2576 3712 2649">
     <span class='ocr_line' id='line_1_73' title="bbox 2113 2576 3712 2649; baseline -0.005 -17"><span class='ocrx_word' id='word_1_542' title='bbox 2113 2580 2235 2632; x_wconf 70' lang='grc' dir='ltr'><strong>Ἐπὶ</strong></span> <span class='ocrx_word' id='word_1_543' title='bbox 2268 2583 2381 2643; x_wconf 78' lang='grc' dir='ltr'><strong>τοῖς</strong></span> <span class='ocrx_word' id='word_1_544' title='bbox 2405 2580 2715 2649; x_wconf 79' lang='grc' dir='ltr'><strong>προφήταις</strong></span> <span class='ocrx_word' id='word_1_545' title='bbox 2742 2579 2812 2631; x_wconf 73' lang='grc' dir='ltr'><strong>τὰ</strong></span> <span class='ocrx_word' id='word_1_546' title='bbox 2840 2578 3021 2647; x_wconf 74' lang='grc' dir='ltr'><strong>ἀψυχα</strong></span> <span class='ocrx_word' id='word_1_547' title='bbox 3047 2577 3327 2648; x_wconf 74' lang='grc' dir='ltr'><strong>πρόσωπα</strong></span> <span class='ocrx_word' id='word_1_548' title='bbox 3368 2582 3586 2639; x_wconf 78' lang='grc' dir='ltr'><strong>ποιεῖν,</strong></span> <span class='ocrx_word' id='word_1_549' title='bbox 3620 2576 3712 2627; x_wconf 77' lang='grc' dir='ltr'><strong>καὶ</strong></span> 
     </span>
    </p>
   </div>
   <div class='ocr_carea' id='block_1_74' title="bbox 2100 2666 3709 2740">
    <p class='ocr_par' dir='ltr' id='par_1_74' title="bbox 2100 2666 3709 2740">
     <span class='ocr_line' id='line_1_74' title="bbox 2100 2666 3709 2740; baseline -0.002 -18"><span class='ocrx_word' id='word_1_550' title='bbox 2100 2670 2410 2740; x_wconf 74' lang='grc' dir='ltr'><strong>ὀφθαλμοὺς</strong></span> <span class='ocrx_word' id='word_1_551' title='bbox 2441 2670 2534 2723; x_wconf 77' lang='grc' dir='ltr'><strong>καὶ</strong></span> <span class='ocrx_word' id='word_1_552' title='bbox 2576 2670 2826 2739; x_wconf 81' lang='grc' dir='ltr'><strong>στόματα</strong></span> <span class='ocrx_word' id='word_1_553' title='bbox 2862 2669 3033 2739; x_wconf 81' lang='grc' dir='ltr'>θεάσῃ</span> <span class='ocrx_word' id='word_1_554' title='bbox 3077 2669 3304 2732; x_wconf 79' lang='grc' dir='ltr'><strong>αὐτοῖς’</strong></span> <span class='ocrx_word' id='word_1_555' title='bbox 3365 2670 3541 2729; x_wconf 80' lang='grc' dir='ltr'><strong>ὥστε,</strong></span> <span class='ocrx_word' id='word_1_556' title='bbox 3583 2689 3603 2719; x_wconf 79' lang='grc' dir='ltr'><strong>ι</strong></span> <span class='ocrx_word' id='word_1_557' title='bbox 3646 2666 3709 2718; x_wconf 83' lang='grc' dir='ltr'><strong>Ἦ</strong></span> 
     </span>
    </p>
   </div>
   <div class='ocr_carea' id='block_1_75' title="bbox 2102 2757 3710 2829">
    <p class='ocr_par' dir='ltr' id='par_1_75' title="bbox 2102 2757 3710 2829">
     <span class='ocr_line' id='line_1_75' title="bbox 2102 2757 3710 2829; baseline -0.002 -15"><span class='ocrx_word' id='word_1_558' title='bbox 2102 2762 2347 2819; x_wconf 70' lang='grc' dir='ltr'><strong>θάλασσα</strong></span> <span class='ocrx_word' id='word_1_559' title='bbox 2363 2758 2520 2827; x_wconf 72' lang='grc' dir='ltr'><strong>εἶδεν,</strong></span> <span class='ocrx_word' id='word_1_560' title='bbox 2540 2760 2632 2815; x_wconf 77' lang='grc' dir='ltr'><strong>καὶ</strong></span> <span class='ocrx_word' id='word_1_561' title='bbox 2652 2760 2874 2829; x_wconf 75' lang='grc' dir='ltr'><strong>ἔφυγεν.</strong></span> <span class='ocrx_word' id='word_1_562' title='bbox 2898 2780 2917 2812; x_wconf 78' lang='grc' dir='ltr'><strong>ι</strong></span> <span class='ocrx_word' id='word_1_563' title='bbox 2949 2761 3079 2813; x_wconf 78' lang='grc' dir='ltr'><strong>Ἰδοὺ</strong></span> <span class='ocrx_word' id='word_1_564' title='bbox 3098 2760 3192 2813; x_wconf 74' lang='grc' dir='ltr'><strong>καὶ</strong></span> <span class='ocrx_word' id='word_1_565' title='bbox 3214 2760 3484 2815; x_wconf 76' lang='grc' dir='ltr'><strong>θάλασσα</strong></span> <span class='ocrx_word' id='word_1_566' title='bbox 3500 2757 3710 2826; x_wconf 45' lang='grc' dir='ltr'><strong>ὀρθαὶ⁹</strong></span> 
     </span>
    </p>
   </div>
   <div class='ocr_carea' id='block_1_76' title="bbox 2101 2849 3704 2923">
    <p class='ocr_par' dir='ltr' id='par_1_76' title="bbox 2101 2849 3704 2923">
     <span class='ocr_line' id='line_1_76' title="bbox 2101 2849 3704 2923; baseline -0.006 -16"><span class='ocrx_word' id='word_1_567' title='bbox 2101 2854 2239 2923; x_wconf 83' lang='grc' dir='ltr'><strong>μοὺς</strong></span> <span class='ocrx_word' id='word_1_568' title='bbox 2267 2854 2371 2906; x_wconf 80' lang='grc' dir='ltr'><strong>οὐκ</strong></span> <span class='ocrx_word' id='word_1_569' title='bbox 2406 2851 2541 2922; x_wconf 78' lang='grc' dir='ltr'><strong>ἔχει,</strong></span> <span class='ocrx_word' id='word_1_570' title='bbox 2575 2852 2638 2906; x_wconf 81' lang='grc' dir='ltr'><strong>οὒ</strong></span> <span class='ocrx_word' id='word_1_571' title='bbox 2681 2852 2792 2921; x_wconf 84' lang='grc' dir='ltr'><strong>γάρ</strong></span> <span class='ocrx_word' id='word_1_572' title='bbox 2829 2854 2980 2904; x_wconf 80' lang='grc' dir='ltr'><strong>ἑστιν</strong></span> <span class='ocrx_word' id='word_1_573' title='bbox 3010 2851 3271 2921; x_wconf 68' lang='grc' dir='ltr'><strong>ἔμψυχος.</strong></span> <span class='ocrx_word' id='word_1_574' title='bbox 3306 2851 3429 2903; x_wconf 66' lang='grc' dir='ltr'><strong>Καὶ</strong></span> <span class='ocrx_word' id='word_1_575' title='bbox 3466 2850 3643 2903; x_wconf 72' lang='grc' dir='ltr'><strong>πάλιν</strong></span> <span class='ocrx_word' id='word_1_576' title='bbox 3678 2849 3704 2898; x_wconf 76' lang='grc' dir='ltr'><em>ὁ</em></span> 
     </span>
    </p>
   </div>
   <div class='ocr_carea' id='block_1_77' title="bbox 2100 2939 3707 3013">
    <p class='ocr_par' dir='ltr' id='par_1_77' title="bbox 2100 2939 3707 3013">
     <span class='ocr_line' id='line_1_77' title="bbox 2100 2939 3707 3013; baseline -0.004 -16"><span class='ocrx_word' id='word_1_577' title='bbox 2100 2944 2264 3007; x_wconf 77' lang='grc' dir='ltr'><strong>αὐτὸς</strong></span> <span class='ocrx_word' id='word_1_578' title='bbox 2295 2945 2588 3013; x_wconf 69' lang='grc' dir='ltr'><strong>Προφήτης</strong></span> <span class='ocrx_word' id='word_1_579' title='bbox 2616 2942 2691 3005; x_wconf 84' lang='grc' dir='ltr'><strong>ὼς</strong></span> <span class='ocrx_word' id='word_1_580' title='bbox 2718 2942 2965 3012; x_wconf 74' lang='grc' dir='ltr'><strong>ἔμψυχον</strong></span> <span class='ocrx_word' id='word_1_581' title='bbox 2988 2944 3158 3011; x_wconf 75' lang='grc' dir='ltr'><strong>αὐτὴν</strong></span> <span class='ocrx_word' id='word_1_582' title='bbox 3181 2941 3517 3010; x_wconf 78' lang='grc' dir='ltr'><strong>διαλέγεται</strong></span> <span class='ocrx_word' id='word_1_583' title='bbox 3540 2960 3554 2972; x_wconf 87' lang='grc'><strong>·</strong></span> <span class='ocrx_word' id='word_1_584' title='bbox 3600 2960 3621 2990; x_wconf 74' lang='grc' dir='ltr'><strong>ι</strong></span> <span class='ocrx_word' id='word_1_585' title='bbox 3642 2939 3707 2991; x_wconf 77' lang='grc' dir='ltr'><strong>Τί</strong></span> 
     </span>
    </p>
   </div>
   <div class='ocr_carea' id='block_1_78' title="bbox 2102 3034 3699 3103">
    <p class='ocr_par' dir='ltr' id='par_1_78' title="bbox 2102 3034 3699 3103">
     <span class='ocr_line' id='line_1_78' title="bbox 2102 3034 3699 3103; baseline -0.005 -14"><span class='ocrx_word' id='word_1_586' title='bbox 2102 3037 2185 3089; x_wconf 83' lang='grc' dir='ltr'><strong>σοί</strong></span> <span class='ocrx_word' id='word_1_587' title='bbox 2211 3036 2350 3096; x_wconf 78' lang='grc' dir='ltr'><strong>ἐστι,</strong></span> <span class='ocrx_word' id='word_1_588' title='bbox 2385 3035 2654 3097; x_wconf 84' lang='grc' dir='ltr'><strong>θάλασσα,</strong></span> <span class='ocrx_word' id='word_1_589' title='bbox 2684 3036 2766 3087; x_wconf 84' lang='grc' dir='ltr'><strong>ὅτι</strong></span> <span class='ocrx_word' id='word_1_590' title='bbox 2794 3034 3026 3103; x_wconf 75' lang='grc' dir='ltr'><strong>ἔφυγεςς</strong></span> <span class='ocrx_word' id='word_1_591' title='bbox 3067 3053 3086 3085; x_wconf 75' lang='grc' dir='ltr'><strong>ι</strong></span> <span class='ocrx_word' id='word_1_592' title='bbox 3124 3034 3220 3087; x_wconf 74' lang='grc' dir='ltr'><strong>καὶ</strong></span> <span class='ocrx_word' id='word_1_593' title='bbox 3247 3034 3314 3086; x_wconf 79' lang='grc' dir='ltr'><strong>τὰ</strong></span> <span class='ocrx_word' id='word_1_594' title='bbox 3346 3034 3513 3101; x_wconf 78' lang='grc' dir='ltr'><strong>ἑξῆς.</strong></span> <span class='ocrx_word' id='word_1_595' title='bbox 3547 3052 3568 3083; x_wconf 80' lang='grc' dir='ltr'><strong>ι</strong></span> <span class='ocrx_word' id='word_1_596' title='bbox 3594 3034 3699 3085; x_wconf 71' lang='grc' dir='ltr'><strong>Καὶ</strong></span> 
     </span>
    </p>
   </div>
   <div class='ocr_carea' id='block_1_79' title="bbox 2099 3122 3701 3195">
    <p class='ocr_par' dir='ltr' id='par_1_79' title="bbox 2099 3122 3701 3195">
     <span class='ocr_line' id='line_1_79' title="bbox 2099 3122 3701 3195; baseline -0.002 -20"><span class='ocrx_word' id='word_1_597' title='bbox 2099 3123 2131 3191; x_wconf 84' lang='grc' dir='ltr'><strong>ἡ</strong></span> <span class='ocrx_word' id='word_1_598' title='bbox 2172 3122 2418 3195; x_wconf 78' lang='grc' dir='ltr'><strong>μάχαιρα</strong></span> <span class='ocrx_word' id='word_1_599' title='bbox 2449 3124 2684 3190; x_wconf 72' lang='grc' dir='ltr'><strong>φάγεται</strong></span> <span class='ocrx_word' id='word_1_600' title='bbox 2722 3123 2882 3191; x_wconf 86' lang='grc' dir='ltr'><strong>κρέα,</strong></span> <span class='ocrx_word' id='word_1_601' title='bbox 2914 3142 2933 3174; x_wconf 75' lang='grc' dir='ltr'><strong>ι</strong></span> <span class='ocrx_word' id='word_1_602' title='bbox 2970 3122 3117 3188; x_wconf 81' lang='grc' dir='ltr'><strong>λέγει</strong></span> <span class='ocrx_word' id='word_1_603' title='bbox 3148 3124 3180 3191; x_wconf 79' lang='grc' dir='ltr'><strong>ἡ</strong></span> <span class='ocrx_word' id='word_1_604' title='bbox 3221 3123 3454 3190; x_wconf 75' lang='grc' dir='ltr'><strong>Γραφὴ.</strong></span> <span class='ocrx_word' id='word_1_605' title='bbox 3482 3123 3561 3175; x_wconf 81' lang='grc' dir='ltr'>Τὸ</span> <span class='ocrx_word' id='word_1_606' title='bbox 3596 3122 3701 3188; x_wconf 67' lang='grc' dir='ltr'><strong>γὰρ</strong></span> 
     </span>
    </p>
   </div>
   <div class='ocr_carea' id='block_1_80' title="bbox 2098 3212 3701 3283">
    <p class='ocr_par' dir='ltr' id='par_1_80' title="bbox 2098 3212 3701 3283">
     <span class='ocr_line' id='line_1_80' title="bbox 2098 3212 3701 3283; baseline -0.001 -19"><span class='ocrx_word' id='word_1_607' title='bbox 2098 3212 2311 3281; x_wconf 70' lang='grc' dir='ltr'><strong>φαγεῖν</strong></span> <span class='ocrx_word' id='word_1_608' title='bbox 2349 3214 2441 3265; x_wconf 72' lang='grc' dir='ltr'><strong>ἐπὶ</strong></span> <span class='ocrx_word' id='word_1_609' title='bbox 2480 3214 2748 3281; x_wconf 84' lang='grc' dir='ltr'><strong>στόματος</strong></span> <span class='ocrx_word' id='word_1_610' title='bbox 2787 3213 2935 3281; x_wconf 82' lang='grc' dir='ltr'><strong>λέγει</strong></span> <span class='ocrx_word' id='word_1_611' title='bbox 2968 3221 2996 3262; x_wconf 74' lang='grc' dir='ltr'><strong>ιι</strong></span> <span class='ocrx_word' id='word_1_612' title='bbox 3029 3212 3340 3283; x_wconf 84' lang='grc' dir='ltr'><strong>τρώγοντος</strong></span> <span class='ocrx_word' id='word_1_613' title='bbox 3381 3214 3479 3265; x_wconf 73' lang='grc' dir='ltr'><strong>καὶ</strong></span> <span class='ocrx_word' id='word_1_614' title='bbox 3518 3212 3701 3263; x_wconf 65' lang='grc' dir='ltr'><strong>πίνον-</strong></span> 
     </span>
    </p>
   </div>
   <div class='ocr_carea' id='block_1_81' title="bbox 2097 3300 3695 3373">
    <p class='ocr_par' dir='ltr' id='par_1_81' title="bbox 2097 3300 3695 3373">
     <span class='ocr_line' id='line_1_81' title="bbox 2097 3300 3695 3373; baseline -0.003 -17"><span class='ocrx_word' id='word_1_615' title='bbox 2097 3304 2267 3372; x_wconf 80' lang='grc' dir='ltr'><strong>τος,ή</strong></span> <span class='ocrx_word' id='word_1_616' title='bbox 2322 3302 2379 3355; x_wconf 85' lang='grc' dir='ltr'><strong>δὲ</strong></span> <span class='ocrx_word' id='word_1_617' title='bbox 2416 3304 2663 3373; x_wconf 79' lang='grc' dir='ltr'><strong>μάχαιρα</strong></span> <span class='ocrx_word' id='word_1_618' title='bbox 2696 3302 2953 3373; x_wconf 75' lang='grc' dir='ltr'><strong>τέμνεται</strong></span> <span class='ocrx_word' id='word_1_619' title='bbox 2995 3302 3113 3372; x_wconf 79' lang='grc' dir='ltr'><strong>μὲν,</strong></span> <span class='ocrx_word' id='word_1_620' title='bbox 3159 3303 3221 3353; x_wconf 82' lang='grc' dir='ltr'><strong>οὑ</strong></span> <span class='ocrx_word' id='word_1_621' title='bbox 3266 3302 3579 3354; x_wconf 66' lang='grc' dir='ltr'><strong>καταπίνει</strong></span> <span class='ocrx_word' id='word_1_622' title='bbox 3622 3300 3695 3353; x_wconf 71' lang='grc' dir='ltr'><strong>δέ.</strong></span> 
     </span>
    </p>
   </div>
   <div class='ocr_carea' id='block_1_82' title="bbox 2099 3392 3691 3464">
    <p class='ocr_par' dir='ltr' id='par_1_82' title="bbox 2099 3392 3691 3464">
     <span class='ocr_line' id='line_1_82' title="bbox 2099 3392 3691 3464; baseline -0.001 -18"><span class='ocrx_word' id='word_1_623' title='bbox 2099 3393 2287 3457; x_wconf 74' lang='grc' dir='ltr'><strong>Οὕτως</strong></span> <span class='ocrx_word' id='word_1_624' title='bbox 2315 3394 2497 3447; x_wconf 76' lang='grc' dir='ltr'><strong>καὶτὰ</strong></span> <span class='ocrx_word' id='word_1_625' title='bbox 2523 3395 2745 3464; x_wconf 79' lang='grc' dir='ltr'><strong>ῥήματα</strong></span> <span class='ocrx_word' id='word_1_626' title='bbox 2773 3393 3186 3463; x_wconf 82' lang='grc' dir='ltr'><strong>τροπολογήσας</strong></span> <span class='ocrx_word' id='word_1_627' title='bbox 3206 3392 3450 3461; x_wconf 80' lang='grc' dir='ltr'><strong>ὲλάλησε</strong></span> <span class='ocrx_word' id='word_1_628' title='bbox 3476 3392 3691 3459; x_wconf 72' lang='grc' dir='ltr'><strong>λόγους,</strong></span> 
     </span>
    </p>
   </div>
   <div class='ocr_carea' id='block_1_83' title="bbox 2104 3479 3694 3551">
    <p class='ocr_par' dir='ltr' id='par_1_83' title="bbox 2104 3479 3694 3551">
     <span class='ocr_line' id='line_1_83' title="bbox 2104 3479 3694 3551; baseline -0.001 -19"><span class='ocrx_word' id='word_1_629' title='bbox 2104 3479 2249 3550; x_wconf 77' lang='grc' dir='ltr'><strong>ἅπερ</strong></span> <span class='ocrx_word' id='word_1_630' title='bbox 2289 3479 2389 3532; x_wconf 74' lang='grc' dir='ltr'><strong>οὐκ</strong></span> <span class='ocrx_word' id='word_1_631' title='bbox 2434 3482 2570 3533; x_wconf 74' lang='grc' dir='ltr'><strong>εἰσιν</strong></span> <span class='ocrx_word' id='word_1_632' title='bbox 2619 3481 2794 3548; x_wconf 84' lang='grc' dir='ltr'><strong>λόγια,</strong></span> <span class='ocrx_word' id='word_1_633' title='bbox 2836 3481 2972 3535; x_wconf 83' lang='grc' dir='ltr'><strong>ἀλλὰ</strong></span> <span class='ocrx_word' id='word_1_634' title='bbox 3011 3483 3253 3551; x_wconf 75' lang='grc' dir='ltr'><strong>ῥήματα..</strong></span> <span class='ocrx_word' id='word_1_635' title='bbox 3296 3482 3414 3533; x_wconf 77' lang='grc' dir='ltr'><strong>Καὶ</strong></span> <span class='ocrx_word' id='word_1_636' title='bbox 3470 3482 3578 3533; x_wconf 72' lang='grc' dir='ltr'><strong>ἐὰν</strong></span> <span class='ocrx_word' id='word_1_637' title='bbox 3622 3497 3694 3533; x_wconf 66' lang='grc' dir='ltr'><strong>σοι</strong></span> 
     </span>
    </p>
   </div>
   <div class='ocr_carea' id='block_1_84' title="bbox 2105 3570 3691 3640">
    <p class='ocr_par' dir='ltr' id='par_1_84' title="bbox 2105 3570 3691 3640">
     <span class='ocr_line' id='line_1_84' title="bbox 2105 3570 3691 3640; baseline 0.003 -19"><span class='ocrx_word' id='word_1_638' title='bbox 2105 3570 2256 3640; x_wconf 76' lang='grc' dir='ltr'><strong>εἴπῃ,</strong></span> <span class='ocrx_word' id='word_1_639' title='bbox 2290 3570 2415 3634; x_wconf 85' lang='grc' dir='ltr'><strong>Πῶς</strong></span> <span class='ocrx_word' id='word_1_640' title='bbox 2449 3570 2716 3640; x_wconf 81' lang='grc' dir='ltr'><strong>κατῆλθεν</strong></span> <span class='ocrx_word' id='word_1_641' title='bbox 2768 3574 2796 3624; x_wconf 91' lang='lat'><strong>6</strong></span> <span class='ocrx_word' id='word_1_642' title='bbox 2831 3572 2961 3635; x_wconf 79' lang='grc' dir='ltr'><strong>Θεὸς</strong></span> <span class='ocrx_word' id='word_1_643' title='bbox 3003 3575 3083 3635; x_wconf 81' lang='grc' dir='ltr'><strong>είς</strong></span> <span class='ocrx_word' id='word_1_644' title='bbox 3132 3571 3346 3625; x_wconf 78' lang='grc' dir='ltr'><strong>κοιλίαν</strong></span> <span class='ocrx_word' id='word_1_645' title='bbox 3392 3572 3691 3638; x_wconf 71' lang='grc' dir='ltr'><strong>γυναικόςς</strong></span> 
     </span>
    </p>
   </div>
   <div class='ocr_carea' id='block_1_85' title="bbox 2099 3660 3694 3734">
    <p class='ocr_par' dir='ltr' id='par_1_85' title="bbox 2099 3660 3694 3734">
     <span class='ocr_line' id='line_1_85' title="bbox 2099 3660 3694 3734; baseline -0.001 -19"><span class='ocrx_word' id='word_1_646' title='bbox 2099 3662 2223 3715; x_wconf 78' lang='grc' dir='ltr'><strong>εἰπὲ</strong></span> <span class='ocrx_word' id='word_1_647' title='bbox 2248 3661 2428 3732; x_wconf 79' lang='grc' dir='ltr'><strong>αὐτῷ·</strong></span> <span class='ocrx_word' id='word_1_648' title='bbox 2464 3660 2813 3732; x_wconf 80' lang='grc' dir='ltr'><strong>Χρησὼμεθα</strong></span> <span class='ocrx_word' id='word_1_649' title='bbox 2838 3666 2903 3734; x_wconf 78' lang='grc' dir='ltr'><strong>τῇ</strong></span> <span class='ocrx_word' id='word_1_650' title='bbox 2949 3665 3132 3733; x_wconf 67' lang='grc' dir='ltr'><strong>γραφῇ</strong></span> <span class='ocrx_word' id='word_1_651' title='bbox 3167 3679 3283 3726; x_wconf 82' lang='grc' dir='ltr'><strong>σου,</strong></span> <span class='ocrx_word' id='word_1_652' title='bbox 3313 3663 3415 3715; x_wconf 78' lang='grc' dir='ltr'><strong>καὶ</strong></span> <span class='ocrx_word' id='word_1_653' title='bbox 3455 3666 3524 3731; x_wconf 77' lang='grc' dir='ltr'><strong>τῇ</strong></span> <span class='ocrx_word' id='word_1_654' title='bbox 3558 3664 3694 3726; x_wconf 73' lang='grc' dir='ltr'><strong>Γρα-</strong></span> 
     </span>
    </p>
   </div>
   <div class='ocr_carea' id='block_1_86' title="bbox 2102 3753 3693 3825">
    <p class='ocr_par' dir='ltr' id='par_1_86' title="bbox 2102 3753 3693 3825">
     <span class='ocr_line' id='line_1_86' title="bbox 2102 3753 3693 3825; baseline -0.006 -12"><span class='ocrx_word' id='word_1_655' title='bbox 2102 3757 2175 3824; x_wconf 82' lang='grc' dir='ltr'><strong>φῇ</strong></span> <span class='ocrx_word' id='word_1_656' title='bbox 2211 3770 2350 3823; x_wconf 84' lang='grc' dir='ltr'><strong>μου·</strong></span> <span class='ocrx_word' id='word_1_657' title='bbox 2386 3756 2416 3822; x_wconf 75' lang='grc' dir='ltr'>ἡ</span> <span class='ocrx_word' id='word_1_658' title='bbox 2450 3755 2637 3825; x_wconf 78' lang='grc' dir='ltr'><strong>γραφή</strong></span> <span class='ocrx_word' id='word_1_659' title='bbox 2682 3771 2776 3807; x_wconf 74' lang='grc' dir='ltr'><strong>σου</strong></span> <span class='ocrx_word' id='word_1_660' title='bbox 2827 3755 2997 3822; x_wconf 80' lang='grc' dir='ltr'><strong>λέγει,</strong></span> <span class='ocrx_word' id='word_1_661' title='bbox 3043 3756 3125 3808; x_wconf 84' lang='grc' dir='ltr'><strong>ὅτι</strong></span> <span class='ocrx_word' id='word_1_662' title='bbox 3168 3753 3450 3823; x_wconf 71' lang='grc' dir='ltr'><strong>ἐκάθηρεν</strong></span> <span class='ocrx_word' id='word_1_663' title='bbox 3490 3756 3520 3807; x_wconf 88' lang='lat'><strong>6</strong></span> <span class='ocrx_word' id='word_1_664' title='bbox 3564 3754 3693 3814; x_wconf 67' lang='grc' dir='ltr'><strong>Θεὸς</strong></span> 
     </span>
    </p>
   </div>
   <div class='ocr_carea' id='block_1_87' title="bbox 2100 3845 3697 3916">
    <p class='ocr_par' dir='ltr' id='par_1_87' title="bbox 2100 3845 3697 3916">
     <span class='ocr_line' id='line_1_87' title="bbox 2100 3845 3697 3916; baseline -0.001 -18"><span class='ocrx_word' id='word_1_665' title='bbox 2100 3845 2199 3914; x_wconf 80' lang='grc' dir='ltr'><strong>τὴν</strong></span> <span class='ocrx_word' id='word_1_666' title='bbox 2254 3845 2528 3915; x_wconf 76' lang='grc' dir='ltr'><strong>Παρθένον</strong></span> <span class='ocrx_word' id='word_1_667' title='bbox 2581 3845 2798 3915; x_wconf 81' lang='grc' dir='ltr'><strong>Μαρίαν</strong></span> <span class='ocrx_word' id='word_1_668' title='bbox 2857 3846 2998 3916; x_wconf 79' lang='grc' dir='ltr'><strong>ὑπὲρ</strong></span> <span class='ocrx_word' id='word_1_669' title='bbox 3052 3847 3234 3901; x_wconf 81' lang='grc' dir='ltr'><strong>πᾶσαν</strong></span> <span class='ocrx_word' id='word_1_670' title='bbox 3281 3845 3474 3913; x_wconf 75' lang='grc' dir='ltr'><strong>σάρκα</strong></span> <span class='ocrx_word' id='word_1_671' title='bbox 3502 3862 3697 3912; x_wconf 71' lang='grc' dir='ltr'><strong>γυναι-</strong></span> 
     </span>
    </p>
   </div>
   <div class='ocr_carea' id='block_1_88' title="bbox 2102 3931 3693 4003">
    <p class='ocr_par' dir='ltr' id='par_1_88' title="bbox 2102 3931 3693 4003">
     <span class='ocr_line' id='line_1_88' title="bbox 2102 3931 3693 4003; baseline -0.001 -17"><span class='ocrx_word' id='word_1_672' title='bbox 2102 3934 2279 3997; x_wconf 83' lang='grc' dir='ltr'><strong>κείαν,</strong></span> <span class='ocrx_word' id='word_1_673' title='bbox 2317 3934 2409 3987; x_wconf 70' lang='lat' dir='ltr'><strong>xal</strong></span> <span class='ocrx_word' id='word_1_674' title='bbox 2436 3934 2640 4002; x_wconf 78' lang='grc' dir='ltr'><strong>κατέϐη</strong></span> <span class='ocrx_word' id='word_1_675' title='bbox 2666 3934 2727 3986; x_wconf 78' lang='grc' dir='ltr'><strong>τὸ</strong></span> <span class='ocrx_word' id='word_1_676' title='bbox 2758 3933 2981 4003; x_wconf 80' lang='grc' dir='ltr'><strong>Πνεῦμα</strong></span> <span class='ocrx_word' id='word_1_677' title='bbox 3012 3933 3104 3987; x_wconf 89' lang='grc' dir='ltr'><strong>τοῦ</strong></span> <span class='ocrx_word' id='word_1_678' title='bbox 3140 3931 3277 3987; x_wconf 83' lang='grc' dir='ltr'><strong>Θεοῦ</strong></span> <span class='ocrx_word' id='word_1_679' title='bbox 3322 3934 3423 3986; x_wconf 70' lang='grc' dir='ltr'><strong>καὶ</strong></span> <span class='ocrx_word' id='word_1_680' title='bbox 3452 3934 3481 3984; x_wconf 87' lang='lat'><strong>6</strong></span> <span class='ocrx_word' id='word_1_681' title='bbox 3512 3935 3693 4000; x_wconf 71' lang='grc' dir='ltr'><strong>Λόγος</strong></span> 
     </span>
    </p>
   </div>
   <div class='ocr_carea' id='block_1_89' title="bbox 2101 4024 3694 4096">
    <p class='ocr_par' dir='ltr' id='par_1_89' title="bbox 2101 4024 3694 4096">
     <span class='ocr_line' id='line_1_89' title="bbox 2101 4024 3694 4096; baseline -0.001 -18"><span class='ocrx_word' id='word_1_682' title='bbox 2101 4028 2159 4078; x_wconf 81' lang='grc' dir='ltr'><strong>ὲν</strong></span> <span class='ocrx_word' id='word_1_683' title='bbox 2214 4026 2375 4096; x_wconf 71' lang='grc' dir='ltr'><strong>αὐτῇ,</strong></span> <span class='ocrx_word' id='word_1_684' title='bbox 2436 4026 2529 4079; x_wconf 74' lang='grc' dir='ltr'><strong>καὶ</strong></span> <span class='ocrx_word' id='word_1_685' title='bbox 2558 4025 2617 4077; x_wconf 71' lang='grc' dir='ltr'><strong>τὸ</strong></span> <span class='ocrx_word' id='word_1_686' title='bbox 2657 4025 2987 4093; x_wconf 78' lang='grc' dir='ltr'><strong>Εὑαγγέλιόν</strong></span> <span class='ocrx_word' id='word_1_687' title='bbox 3027 4043 3128 4094; x_wconf 84' lang='grc' dir='ltr'><strong>μου</strong></span> <span class='ocrx_word' id='word_1_688' title='bbox 3179 4024 3352 4092; x_wconf 80' lang='grc' dir='ltr'><strong>λέγει’</strong></span> <span class='ocrx_word' id='word_1_689' title='bbox 3402 4044 3422 4076; x_wconf 78' lang='grc' dir='ltr'><strong>ι</strong></span> <span class='ocrx_word' id='word_1_690' title='bbox 3460 4025 3694 4093; x_wconf 68' lang='grc' dir='ltr'><strong>Πνεῦμα</strong></span> 
     </span>
    </p>
   </div>
   <div class='ocr_carea' id='block_1_90' title="bbox 2098 4113 3695 4186">
    <p class='ocr_par' dir='ltr' id='par_1_90' title="bbox 2098 4113 3695 4186">
     <span class='ocr_line' id='line_1_90' title="bbox 2098 4113 3695 4186; baseline -0.002 -16"><span class='ocrx_word' id='word_1_691' title='bbox 2098 4116 2254 4184; x_wconf 75' lang='grc' dir='ltr'><strong>ἅγιον</strong></span> <span class='ocrx_word' id='word_1_692' title='bbox 2276 4116 2628 4169; x_wconf 75' lang='grc' dir='ltr'><strong>ἐπελεύσεται</strong></span> <span class='ocrx_word' id='word_1_693' title='bbox 2657 4117 2749 4171; x_wconf 73' lang='grc' dir='ltr'><strong>ἐπὶ</strong></span> <span class='ocrx_word' id='word_1_694' title='bbox 2784 4116 2863 4179; x_wconf 84' lang='grc' dir='ltr'><strong>σὲ,</strong></span> <span class='ocrx_word' id='word_1_695' title='bbox 2897 4116 2989 4169; x_wconf 82' lang='grc' dir='ltr'><strong>καὶ</strong></span> <span class='ocrx_word' id='word_1_696' title='bbox 3018 4116 3247 4185; x_wconf 81' lang='grc' dir='ltr'><strong>δύναμις</strong></span> <span class='ocrx_word' id='word_1_697' title='bbox 3276 4113 3545 4186; x_wconf 63' lang='grc' dir='ltr'><strong>Ὑψίστου</strong></span> <span class='ocrx_word' id='word_1_698' title='bbox 3574 4118 3695 4168; x_wconf 66' lang='lat' dir='ltr'><strong>sm-</strong></span> 
     </span>
    </p>
   </div>
   <div class='ocr_carea' id='block_1_91' title="bbox 2102 4207 3693 4277">
    <p class='ocr_par' dir='ltr' id='par_1_91' title="bbox 2102 4207 3693 4277">
     <span class='ocr_line' id='line_1_91' title="bbox 2102 4207 3693 4277; baseline 0.001 -17"><span class='ocrx_word' id='word_1_699' title='bbox 2102 4208 2489 4261; x_wconf 75' lang='grc' dir='ltr'><strong>σκιάσεισοι.»</strong></span> <span class='ocrx_word' id='word_1_700' title='bbox 2541 4208 2675 4260; x_wconf 80' lang='grc' dir='ltr'><strong>Ἰδοὺ</strong></span> <span class='ocrx_word' id='word_1_701' title='bbox 2716 4208 2816 4277; x_wconf 80' lang='grc' dir='ltr'><strong>μία</strong></span> <span class='ocrx_word' id='word_1_702' title='bbox 2872 4212 3025 4277; x_wconf 84' lang='grc' dir='ltr'><strong>φωνὴ</strong></span> <span class='ocrx_word' id='word_1_703' title='bbox 3061 4207 3393 4277; x_wconf 75' lang='grc' dir='ltr'><strong>ἀμφοτέρων</strong></span> <span class='ocrx_word' id='word_1_704' title='bbox 3445 4209 3561 4260; x_wconf 81' lang='grc' dir='ltr'><strong>τῶν</strong></span> <span class='ocrx_word' id='word_1_705' title='bbox 3602 4209 3693 4261; x_wconf 82' lang='grc' dir='ltr'><strong>λέ-</strong></span> 
     </span>
    </p>
   </div>
   <div class='ocr_carea' id='block_1_92' title="bbox 2100 4298 3696 4370">
    <p class='ocr_par' dir='ltr' id='par_1_92' title="bbox 2100 4298 3696 4370">
     <span class='ocr_line' id='line_1_92' title="bbox 2100 4298 3696 4370; baseline -0.001 -18"><span class='ocrx_word' id='word_1_706' title='bbox 2100 4299 2258 4367; x_wconf 79' lang='grc' dir='ltr'><strong>ξεων,</strong></span> <span class='ocrx_word' id='word_1_707' title='bbox 2294 4300 2388 4354; x_wconf 75' lang='grc' dir='ltr'><strong>καὶ</strong></span> <span class='ocrx_word' id='word_1_708' title='bbox 2422 4298 2480 4352; x_wconf 77' lang='grc' dir='ltr'><strong>ἒν</strong></span> <span class='ocrx_word' id='word_1_709' title='bbox 2508 4300 2706 4369; x_wconf 85' lang='grc' dir='ltr'><strong>νόημα.</strong></span> <span class='ocrx_word' id='word_1_710' title='bbox 2738 4299 2998 4352; x_wconf 86' lang='grc' dir='ltr'><strong>Γινώσκω</strong></span> <span class='ocrx_word' id='word_1_711' title='bbox 3028 4299 3082 4353; x_wconf 84' lang='grc' dir='ltr'><strong>δὲ</strong></span> <span class='ocrx_word' id='word_1_712' title='bbox 3106 4298 3409 4361; x_wconf 75' lang='grc' dir='ltr'><strong>καὶτοῦτο,</strong></span> <span class='ocrx_word' id='word_1_713' title='bbox 3445 4301 3524 4362; x_wconf 79' lang='grc' dir='ltr'><strong>ὡς</strong></span> <span class='ocrx_word' id='word_1_714' title='bbox 3550 4301 3696 4370; x_wconf 70' lang='grc' dir='ltr'><strong>πρὸς</strong></span> 
     </span>
    </p>
   </div>
   <div class='ocr_carea' id='block_1_93' title="bbox 418 4382 1996 4469">
    <p class='ocr_par' dir='ltr' id='par_1_93' title="bbox 418 4382 1995 4455">
     <span class='ocr_line' id='line_1_93' title="bbox 418 4382 1995 4455; baseline 0.008 -20"><span class='ocrx_word' id='word_1_715' title='bbox 418 4399 601 4438; x_wconf 88' lang='lat' dir='ltr'><strong>meum</strong></span> <span class='ocrx_word' id='word_1_716' title='bbox 644 4383 779 4436; x_wconf 86' lang='lat' dir='ltr'><strong>dicit</strong></span> <span class='ocrx_word' id='word_1_717' title='bbox 824 4402 838 4437; x_wconf 92' lang='lat'><strong>:</strong></span> <span class='ocrx_word' id='word_1_718' title='bbox 888 4401 907 4433; x_wconf 83' lang='grc' dir='ltr'><strong>ι</strong></span> <span class='ocrx_word' id='word_1_719' title='bbox 968 4382 1207 4450; x_wconf 75' lang='lat' dir='ltr'><strong>Spiritus</strong></span> <span class='ocrx_word' id='word_1_720' title='bbox 1259 4392 1485 4442; x_wconf 76' lang='lat' dir='ltr'><strong>sancms</strong></span> <span class='ocrx_word' id='word_1_721' title='bbox 1538 4390 1887 4455; x_wconf 87' lang='lat' dir='ltr'><strong>superveniet</strong></span> <span class='ocrx_word' id='word_1_722' title='bbox 1943 4392 1995 4447; x_wconf 90' lang='lat' dir='ltr'><strong>in</strong></span> 
     </span>
    </p>
   </div>
   <div class='ocr_carea' id='block_1_94' title="bbox 2101 4382 3697 4469">
    <p class='ocr_par' dir='ltr' id='par_1_94' title="bbox 2101 4390 3697 4462">
     <span class='ocr_line' id='line_1_94' title="bbox 2101 4390 3697 4462; baseline -0.001 -19"><span class='ocrx_word' id='word_1_723' title='bbox 2101 4391 2197 4460; x_wconf 84' lang='grc' dir='ltr'><strong>τὴν</strong></span> <span class='ocrx_word' id='word_1_724' title='bbox 2232 4391 2511 4462; x_wconf 77' lang='grc' dir='ltr'><strong>ἡμετέραν</strong></span> <span class='ocrx_word' id='word_1_725' title='bbox 2560 4391 2803 4460; x_wconf 73' lang='grc' dir='ltr'><strong>ἰδιότητα</strong></span> <span class='ocrx_word' id='word_1_726' title='bbox 2857 4390 3006 4458; x_wconf 82' lang='grc' dir='ltr'><strong>λέγει</strong></span> <span class='ocrx_word' id='word_1_727' title='bbox 3057 4391 3090 4460; x_wconf 76' lang='grc' dir='ltr'>ἡ</span> <span class='ocrx_word' id='word_1_728' title='bbox 3144 4390 3337 4460; x_wconf 72' lang='grc' dir='ltr'><strong>Γραφὴ</strong></span> <span class='ocrx_word' id='word_1_729' title='bbox 3377 4390 3697 4443; x_wconf 74' lang='grc' dir='ltr'><strong>κατάϐασιν</strong></span> 
     </span>
    </p>
   </div>
   <div class='ocr_carea' id='block_1_95' title="bbox 421 4472 1991 4538">
    <p class='ocr_par' dir='ltr' id='par_1_95' title="bbox 421 4472 1991 4538">
     <span class='ocr_line' id='line_1_95' title="bbox 421 4472 1991 4538; baseline 0.008 -12"><span class='ocrx_word' id='word_1_730' title='bbox 421 4483 492 4533; x_wconf 88' lang='lat' dir='ltr'><strong>te,</strong></span> <span class='ocrx_word' id='word_1_731' title='bbox 525 4483 577 4525; x_wconf 87' lang='lat' dir='ltr'><strong>et</strong></span> <span class='ocrx_word' id='word_1_732' title='bbox 616 4472 792 4528; x_wconf 89' lang='lat' dir='ltr'><strong>virtus</strong></span> <span class='ocrx_word' id='word_1_733' title='bbox 852 4474 1116 4530; x_wconf 86' lang='lat' dir='ltr'><strong>Altissimi</strong></span> <span class='ocrx_word' id='word_1_734' title='bbox 1176 4476 1528 4533; x_wconf 86' lang='lat' dir='ltr'><strong>obumbrabit</strong></span> <span class='ocrx_word' id='word_1_735' title='bbox 1576 4480 1670 4534; x_wconf 86' lang='lat' dir='ltr'><strong>tibi</strong></span> <span class='ocrx_word' id='word_1_736' title='bbox 1724 4482 1786 4536; x_wconf 79' lang='lat'><strong>&quot;.</strong></span> <span class='ocrx_word' id='word_1_737' title='bbox 1834 4502 1859 4532; x_wconf 46' lang='grc' dir='ltr'><strong>»ν</strong></span> <span class='ocrx_word' id='word_1_738' title='bbox 1915 4482 1991 4538; x_wconf 82' lang='lat' dir='ltr'><strong>En</strong></span> 
     </span>
    </p>
   </div>
   <div class='ocr_carea' id='block_1_96' title="bbox 420 4560 1994 4632">
    <p class='ocr_par' dir='ltr' id='par_1_96' title="bbox 420 4560 1994 4632">
     <span class='ocr_line' id='line_1_96' title="bbox 420 4560 1994 4632; baseline 0.01 -19"><span class='ocrx_word' id='word_1_739' title='bbox 420 4560 561 4615; x_wconf 89' lang='lat' dir='ltr'><strong>idem</strong></span> <span class='ocrx_word' id='word_1_740' title='bbox 597 4561 854 4632; x_wconf 89' lang='lat' dir='ltr'><strong>utrinque</strong></span> <span class='ocrx_word' id='word_1_741' title='bbox 886 4563 1174 4619; x_wconf 87' lang='lat' dir='ltr'><strong>verborum</strong></span> <span class='ocrx_word' id='word_1_742' title='bbox 1215 4581 1388 4623; x_wconf 90' lang='lat' dir='ltr'><strong>sonus</strong></span> <span class='ocrx_word' id='word_1_743' title='bbox 1419 4577 1472 4622; x_wconf 89' lang='lat' dir='ltr'><strong>et</strong></span> <span class='ocrx_word' id='word_1_744' title='bbox 1502 4584 1721 4626; x_wconf 86' lang='lat' dir='ltr'><strong>sensus.</strong></span> <span class='ocrx_word' id='word_1_745' title='bbox 1758 4571 1994 4628; x_wconf 87' lang='lat' dir='ltr'><strong>Adverto</strong></span> 
     </span>
    </p>
   </div>
   <div class='ocr_carea' id='block_1_97' title="bbox 417 4648 1995 4729">
    <p class='ocr_par' dir='ltr' id='par_1_97' title="bbox 417 4648 1995 4729">
     <span class='ocr_line' id='line_1_97' title="bbox 417 4648 1995 4729; baseline 0.009 -24"><span class='ocrx_word' id='word_1_746' title='bbox 417 4659 470 4705; x_wconf 82' lang='lat' dir='ltr'><strong>et</strong></span> <span class='ocrx_word' id='word_1_747' title='bbox 505 4648 675 4714; x_wconf 86' lang='lat' dir='ltr'><strong>istud,</strong></span> <span class='ocrx_word' id='word_1_748' title='bbox 709 4654 857 4721; x_wconf 90' lang='lat' dir='ltr'><strong>quod</strong></span> <span class='ocrx_word' id='word_1_749' title='bbox 892 4669 1086 4724; x_wconf 87' lang='lat' dir='ltr'><strong>nempe</strong></span> <span class='ocrx_word' id='word_1_750' title='bbox 1121 4657 1427 4715; x_wconf 84' lang='lat' dir='ltr'><strong>secundum</strong></span> <span class='ocrx_word' id='word_1_751' title='bbox 1465 4661 1857 4729; x_wconf 85' lang='lat' dir='ltr'><strong>proprietatem</strong></span> <span class='ocrx_word' id='word_1_752' title='bbox 1897 4680 1995 4719; x_wconf 86' lang='lat' dir='ltr'><strong>no-</strong></span> 
     </span>
    </p>
   </div>
   <div class='ocr_carea' id='block_1_98' title="bbox 348 4740 1989 4814">
    <p class='ocr_par' dir='ltr' id='par_1_98' title="bbox 348 4740 1989 4814">
     <span class='ocr_line' id='line_1_98' title="bbox 348 4740 1989 4814; baseline 0.011 -22"><span class='ocrx_word' id='word_1_753' title='bbox 348 4752 349 4755; x_wconf 75' lang='lat'>‘</span> <span class='ocrx_word' id='word_1_754' title='bbox 416 4748 585 4793; x_wconf 90' lang='lat' dir='ltr'><strong>stram</strong></span> <span class='ocrx_word' id='word_1_755' title='bbox 623 4740 769 4796; x_wconf 87' lang='lat' dir='ltr'><strong>dicat</strong></span> <span class='ocrx_word' id='word_1_756' title='bbox 796 4741 1077 4814; x_wconf 90' lang='lat' dir='ltr'><strong>Scriptura</strong></span> <span class='ocrx_word' id='word_1_757' title='bbox 1112 4748 1492 4803; x_wconf 73' lang='lat' dir='ltr'><strong>ascensionem</strong></span> <span class='ocrx_word' id='word_1_758' title='bbox 1529 4747 1625 4804; x_wconf 84' lang='lat' dir='ltr'><strong>Dei</strong></span> <span class='ocrx_word' id='word_1_759' title='bbox 1664 4760 1717 4805; x_wconf 88' lang='lat' dir='ltr'><strong>et</strong></span> <span class='ocrx_word' id='word_1_760' title='bbox 1743 4752 1989 4809; x_wconf 87' lang='lat' dir='ltr'><strong>descen-</strong></span> 
     </span>
    </p>
   </div>
   <div class='ocr_carea' id='block_1_99' title="bbox 415 4833 1993 4915">
    <p class='ocr_par' dir='ltr' id='par_1_99' title="bbox 415 4833 1993 4915">
     <span class='ocr_line' id='line_1_99' title="bbox 415 4833 1993 4915; baseline 0.01 -29"><span class='ocrx_word' id='word_1_761' title='bbox 415 4833 645 4895; x_wconf 86' lang='lat' dir='ltr'><strong>sionem,</strong></span> <span class='ocrx_word' id='word_1_762' title='bbox 681 4836 911 4904; x_wconf 78' lang='lat' dir='ltr'><strong>ligurate</strong></span> <span class='ocrx_word' id='word_1_763' title='bbox 955 4837 1211 4892; x_wconf 88' lang='lat' dir='ltr'><strong>nimirum</strong></span> <span class='ocrx_word' id='word_1_764' title='bbox 1248 4848 1303 4894; x_wconf 88' lang='lat' dir='ltr'><strong>at</strong></span> <span class='ocrx_word' id='word_1_765' title='bbox 1334 4857 1442 4895; x_wconf 89' lang='lat' dir='ltr'><strong>non</strong></span> <span class='ocrx_word' id='word_1_766' title='bbox 1478 4843 1719 4911; x_wconf 84' lang='lat' dir='ltr'><strong>proprie.</strong></span> <span class='ocrx_word' id='word_1_767' title='bbox 1763 4846 1993 4915; x_wconf 87' lang='lat' dir='ltr'><strong>Proprie</strong></span> 
     </span>
    </p>
   </div>
   <div class='ocr_carea' id='block_1_100' title="bbox 416 4923 1989 5007">
    <p class='ocr_par' dir='ltr' id='par_1_100' title="bbox 416 4923 1989 5007">
     <span class='ocr_line' id='line_1_100' title="bbox 416 4923 1989 5007; baseline 0.011 -30"><span class='ocrx_word' id='word_1_768' title='bbox 416 4923 559 4977; x_wconf 79' lang='lat' dir='ltr'><strong>enim</strong></span> <span class='ocrx_word' id='word_1_769' title='bbox 594 4923 895 4983; x_wconf 88' lang='lat' dir='ltr'><strong>descensus</strong></span> <span class='ocrx_word' id='word_1_770' title='bbox 923 4935 977 4983; x_wconf 91' lang='lat' dir='ltr'><strong>et</strong></span> <span class='ocrx_word' id='word_1_771' title='bbox 1012 4943 1277 4986; x_wconf 88' lang='lat' dir='ltr'><strong>ascensus</strong></span> <span class='ocrx_word' id='word_1_772' title='bbox 1321 4931 1481 5000; x_wconf 77' lang='lat' dir='ltr'><strong>juxta</strong></span> <span class='ocrx_word' id='word_1_773' title='bbox 1510 4994 1517 5003; x_wconf 86' lang='lat'><em>_</em></span> <span class='ocrx_word' id='word_1_774' title='bbox 1528 4935 1887 5007; x_wconf 86' lang='lat' dir='ltr'><strong>philosophos</strong></span> <span class='ocrx_word' id='word_1_775' title='bbox 1920 4939 1989 4995; x_wconf 88' lang='lat' dir='ltr'><strong>de</strong></span> 
     </span>
    </p>
   </div>
   <div class='ocr_carea' id='block_1_101' title="bbox 2099 4480 3698 4551">
    <p class='ocr_par' dir='ltr' id='par_1_101' title="bbox 2099 4480 3698 4551">
     <span class='ocr_line' id='line_1_101' title="bbox 2099 4480 3698 4551; baseline -0.001 -17"><span class='ocrx_word' id='word_1_776' title='bbox 2099 4481 2235 4534; x_wconf 82' lang='grc' dir='ltr'><strong>Θεοῦ</strong></span> <span class='ocrx_word' id='word_1_777' title='bbox 2276 4484 2370 4534; x_wconf 72' lang='grc' dir='ltr'><strong>καὶ</strong></span> <span class='ocrx_word' id='word_1_778' title='bbox 2425 4482 2713 4545; x_wconf 78' lang='grc' dir='ltr'><strong>ἀνάϐασιν,</strong></span> <span class='ocrx_word' id='word_1_779' title='bbox 2749 4480 3155 4551; x_wconf 81' lang='grc' dir='ltr'><strong>τροπολογικῶς</strong></span> <span class='ocrx_word' id='word_1_780' title='bbox 3186 4483 3283 4533; x_wconf 81' lang='grc' dir='ltr'><strong>καὶ</strong></span> <span class='ocrx_word' id='word_1_781' title='bbox 3323 4482 3385 4532; x_wconf 80' lang='grc' dir='ltr'><strong>οὐ</strong></span> <span class='ocrx_word' id='word_1_782' title='bbox 3432 4480 3698 4549; x_wconf 71' lang='grc' dir='ltr'><strong>κυριολοο</strong></span> 
     </span>
    </p>
   </div>
   <div class='ocr_carea' id='block_1_102' title="bbox 2100 4568 3695 4643">
    <p class='ocr_par' dir='ltr' id='par_1_102' title="bbox 2100 4568 3695 4643">
     <span class='ocr_line' id='line_1_102' title="bbox 2100 4568 3695 4643; baseline -0.004 -17"><span class='ocrx_word' id='word_1_783' title='bbox 2100 4574 2295 4642; x_wconf 83' lang='grc' dir='ltr'><strong>γικῶς.</strong></span> <span class='ocrx_word' id='word_1_784' title='bbox 2337 4573 2558 4643; x_wconf 81' lang='grc' dir='ltr'><strong>Κυρίως</strong></span> <span class='ocrx_word' id='word_1_785' title='bbox 2608 4572 2717 4643; x_wconf 79' lang='grc' dir='ltr'><strong>γὰρ</strong></span> <span class='ocrx_word' id='word_1_786' title='bbox 2766 4570 3070 4634; x_wconf 82' lang='grc' dir='ltr'><strong>κατάϐασις</strong></span> <span class='ocrx_word' id='word_1_787' title='bbox 3122 4570 3217 4624; x_wconf 75' lang='grc' dir='ltr'><strong>καὶ</strong></span> <span class='ocrx_word' id='word_1_788' title='bbox 3272 4568 3547 4632; x_wconf 73' lang='grc' dir='ltr'><strong>ἀνάϐασις</strong></span> <span class='ocrx_word' id='word_1_789' title='bbox 3601 4569 3695 4621; x_wconf 72' lang='grc' dir='ltr'><strong>ἐπὶ</strong></span> 
     </span>
    </p>
   </div>
   <div class='ocr_carea' id='block_1_103' title="bbox 2102 4660 3695 4735">
    <p class='ocr_par' dir='ltr' id='par_1_103' title="bbox 2102 4660 3695 4735">
     <span class='ocr_line' id='line_1_103' title="bbox 2102 4660 3695 4735; baseline -0.003 -17"><span class='ocrx_word' id='word_1_790' title='bbox 2102 4666 2370 4735; x_wconf 78' lang='grc' dir='ltr'><strong>σωμάτων</strong></span> <span class='ocrx_word' id='word_1_791' title='bbox 2422 4665 2641 4734; x_wconf 89' lang='grc' dir='ltr'><strong>λέγεται</strong></span> <span class='ocrx_word' id='word_1_792' title='bbox 2687 4664 2829 4717; x_wconf 81' lang='grc' dir='ltr'><strong>κατὰ</strong></span> <span class='ocrx_word' id='word_1_793' title='bbox 2860 4662 3208 4733; x_wconf 71' lang='grc' dir='ltr'><strong>φιλοσόφους,</strong></span> <span class='ocrx_word' id='word_1_794' title='bbox 3255 4665 3283 4715; x_wconf 89' lang='lat'><strong>6</strong></span> <span class='ocrx_word' id='word_1_795' title='bbox 3331 4662 3389 4714; x_wconf 81' lang='grc' dir='ltr'><strong>δὲ</strong></span> <span class='ocrx_word' id='word_1_796' title='bbox 3428 4660 3568 4720; x_wconf 80' lang='grc' dir='ltr'><strong>Θεὸς</strong></span> <span class='ocrx_word' id='word_1_797' title='bbox 3625 4663 3695 4713; x_wconf 66' lang='grc' dir='ltr'><strong>τὰ</strong></span> 
     </span>
    </p>
   </div>
   <div class='ocr_carea' id='block_1_104' title="bbox 2101 4753 3689 4829">
    <p class='ocr_par' dir='ltr' id='par_1_104' title="bbox 2101 4753 3689 4829">
     <span class='ocr_line' id='line_1_104' title="bbox 2101 4753 3689 4829; baseline -0.003 -18"><span class='ocrx_word' id='word_1_798' title='bbox 2101 4757 2278 4811; x_wconf 78' lang='grc' dir='ltr'><strong>πάντα</strong></span> <span class='ocrx_word' id='word_1_799' title='bbox 2310 4758 2575 4829; x_wconf 77' lang='grc' dir='ltr'><strong>περιέχει,</strong></span> <span class='ocrx_word' id='word_1_800' title='bbox 2610 4758 2703 4810; x_wconf 76' lang='grc' dir='ltr'><strong>καὶ</strong></span> <span class='ocrx_word' id='word_1_801' title='bbox 2726 4757 2785 4808; x_wconf 80' lang='grc' dir='ltr'><strong>οὐ</strong></span> <span class='ocrx_word' id='word_1_802' title='bbox 2816 4755 3133 4826; x_wconf 76' lang='grc' dir='ltr'><strong>περιέχεται</strong></span> <span class='ocrx_word' id='word_1_803' title='bbox 3175 4754 3283 4806; x_wconf 80' lang='grc' dir='ltr'><strong>ὑπό</strong></span> <span class='ocrx_word' id='word_1_804' title='bbox 3309 4770 3461 4815; x_wconf 87' lang='grc' dir='ltr'><strong>τινος</strong></span> <span class='ocrx_word' id='word_1_805' title='bbox 3496 4753 3689 4806; x_wconf 71' lang='grc' dir='ltr'><strong>τόπου.</strong></span> 
     </span>
    </p>
   </div>
   <div class='ocr_carea' id='block_1_105' title="bbox 2104 4843 3689 4918">
    <p class='ocr_par' dir='ltr' id='par_1_105' title="bbox 2104 4843 3689 4918">
     <span class='ocr_line' id='line_1_105' title="bbox 2104 4843 3689 4918; baseline -0.006 -17"><span class='ocrx_word' id='word_1_806' title='bbox 2104 4849 2250 4917; x_wconf 84' lang='grc' dir='ltr'><strong>Ἔφη</strong></span> <span class='ocrx_word' id='word_1_807' title='bbox 2280 4849 2389 4918; x_wconf 81' lang='grc' dir='ltr'><strong>γάρ</strong></span> <span class='ocrx_word' id='word_1_808' title='bbox 2434 4866 2517 4910; x_wconf 84' lang='grc' dir='ltr'><strong>τις</strong></span> <span class='ocrx_word' id='word_1_809' title='bbox 2544 4847 2655 4901; x_wconf 84' lang='grc' dir='ltr'><strong>τῶν</strong></span> <span class='ocrx_word' id='word_1_810' title='bbox 2702 4845 3038 4916; x_wconf 81' lang='grc' dir='ltr'><strong>προφητῶν·</strong></span> <span class='ocrx_word' id='word_1_811' title='bbox 3088 4865 3107 4897; x_wconf 83' lang='grc' dir='ltr'><strong>ι</strong></span> <span class='ocrx_word' id='word_1_812' title='bbox 3150 4845 3246 4908; x_wconf 86' lang='grc' dir='ltr'><strong>Τίς</strong></span> <span class='ocrx_word' id='word_1_813' title='bbox 3294 4843 3575 4914; x_wconf 76' lang='grc' dir='ltr'><strong>ὲμέτρησε</strong></span> <span class='ocrx_word' id='word_1_814' title='bbox 3624 4843 3689 4912; x_wconf 73' lang='grc' dir='ltr'><strong>τῇ</strong></span> 
     </span>
    </p>
   </div>
   <div class='ocr_carea' id='block_1_106' title="bbox 2097 4934 3687 5011">
    <p class='ocr_par' dir='ltr' id='par_1_106' title="bbox 2097 4934 3687 5011">
     <span class='ocr_line' id='line_1_106' title="bbox 2097 4934 3687 5011; baseline -0.004 -19"><span class='ocrx_word' id='word_1_815' title='bbox 2097 4939 2245 5011; x_wconf 67' lang='grc' dir='ltr'><strong>χειρὶ</strong></span> <span class='ocrx_word' id='word_1_816' title='bbox 2274 4940 2441 4994; x_wconf 83' lang='grc' dir='ltr'><strong>αὑτοῦ</strong></span> <span class='ocrx_word' id='word_1_817' title='bbox 2488 4939 2587 5009; x_wconf 79' lang='grc' dir='ltr'><strong>τὴν</strong></span> <span class='ocrx_word' id='word_1_818' title='bbox 2620 4938 2921 5006; x_wconf 81' lang='grc' dir='ltr'><strong>Θάλασσαν,</strong></span> <span class='ocrx_word' id='word_1_819' title='bbox 2956 4938 3053 4991; x_wconf 78' lang='grc' dir='ltr'><strong>καὶ</strong></span> <span class='ocrx_word' id='word_1_820' title='bbox 3082 4938 3208 5001; x_wconf 73' lang='grc' dir='ltr'><strong>τοὺς</strong></span> <span class='ocrx_word' id='word_1_821' title='bbox 3252 4934 3526 5007; x_wconf 74' lang='grc' dir='ltr'><strong>οὐρανοὺς</strong></span> <span class='ocrx_word' id='word_1_822' title='bbox 3567 4950 3687 4987; x_wconf 75' lang='grc' dir='ltr'><strong>σπι-</strong></span> 
     </span>
    </p>
   </div>
   <div class='ocr_carea' id='block_1_107' title="bbox 482 5078 1996 5161">
    <p class='ocr_par' dir='ltr' id='par_1_107' title="bbox 482 5078 1996 5151">
     <span class='ocr_line' id='line_1_107' title="bbox 482 5078 1996 5151; baseline 0.01 -19"><span class='ocrx_word' id='word_1_823' title='bbox 482 5078 506 5113; x_wconf 82' lang='grc'>⁹</span> <span class='ocrx_word' id='word_1_824' title='bbox 535 5078 675 5136; x_wconf 86' lang='lat' dir='ltr'><strong>Psal.</strong></span> <span class='ocrx_word' id='word_1_825' title='bbox 711 5094 788 5147; x_wconf 74' lang='lat' dir='ltr'><strong>xu,</strong></span> <span class='ocrx_word' id='word_1_826' title='bbox 829 5079 880 5136; x_wconf 89' lang='grc'><strong>7.</strong></span> <span class='ocrx_word' id='word_1_827' title='bbox 960 5084 1004 5116; x_wconf 86' lang='grc'><strong>¹⁰</strong></span> <span class='ocrx_word' id='word_1_828' title='bbox 1032 5082 1177 5139; x_wconf 89' lang='lat' dir='ltr'><strong>Psal.</strong></span> <span class='ocrx_word' id='word_1_829' title='bbox 1211 5101 1334 5151; x_wconf 78' lang='lat' dir='ltr'><strong>cxv,</strong></span> <span class='ocrx_word' id='word_1_830' title='bbox 1368 5086 1419 5145; x_wconf 80' lang='lat'><strong>5.</strong></span> <span class='ocrx_word' id='word_1_831' title='bbox 1500 5090 1540 5122; x_wconf 83' lang='lat'>“</span> <span class='ocrx_word' id='word_1_832' title='bbox 1582 5090 1712 5146; x_wconf 88' lang='lat' dir='ltr'><strong>ibid.</strong></span> <span class='ocrx_word' id='word_1_833' title='bbox 1754 5093 1806 5146; x_wconf 80' lang='grc'><strong>5.</strong></span> <span class='ocrx_word' id='word_1_834' title='bbox 1886 5094 1927 5124; x_wconf 84' lang='grc'>¹¹</span> <span class='ocrx_word' id='word_1_835' title='bbox 1951 5092 1996 5147; x_wconf 74' lang='grc'><strong>1(</strong></span> 
     </span>
    </p>
   </div>
   <div class='ocr_carea' id='block_1_108' title="bbox 2101 5078 2906 5161">
    <p class='ocr_par' dir='ltr' id='par_1_108' title="bbox 2101 5094 2906 5161">
     <span class='ocr_line' id='line_1_108' title="bbox 2101 5094 2906 5161; baseline 0.002 -14"><span class='ocrx_word' id='word_1_836' title='bbox 2101 5110 2151 5148; x_wconf 90' lang='lat' dir='ltr'><strong>n.</strong></span> <span class='ocrx_word' id='word_1_837' title='bbox 2186 5110 2284 5160; x_wconf 77' lang='lat' dir='ltr'><strong>xu,</strong></span> <span class='ocrx_word' id='word_1_838' title='bbox 2318 5094 2405 5151; x_wconf 73' lang='grc'><strong>12.</strong></span> <span class='ocrx_word' id='word_1_839' title='bbox 2489 5095 2534 5126; x_wconf 89' lang='grc'><strong>¹³</strong></span> <span class='ocrx_word' id='word_1_840' title='bbox 2573 5095 2705 5151; x_wconf 86' lang='lat' dir='ltr'><strong>Luc.</strong></span> <span class='ocrx_word' id='word_1_841' title='bbox 2734 5113 2773 5161; x_wconf 87' lang='grc' dir='ltr'><strong>ι,</strong></span> <span class='ocrx_word' id='word_1_842' title='bbox 2815 5094 2906 5151; x_wconf 82' lang='lat'><strong>55.</strong></span> 
     </span>
    </p>
   </div>
   <div class='ocr_carea' id='block_1_109' title="bbox 1694 5264 2379 5325">
    <p class='ocr_par' dir='ltr' id='par_1_109' title="bbox 1694 5264 2379 5325">
     <span class='ocr_line' id='line_1_109' title="bbox 1694 5264 2379 5325; baseline 0.007 -7"><span class='ocrx_word' id='word_1_843' title='bbox 1694 5264 1930 5321; x_wconf 67' lang='lat' dir='ltr'><strong>VARI/I3</strong></span> <span class='ocrx_word' id='word_1_844' title='bbox 1974 5266 2379 5325; x_wconf 80' lang='lat' dir='ltr'><strong>LECTIONES.</strong></span> 
     </span>
    </p>
   </div>
   <div class='ocr_carea' id='block_1_110' title="bbox 478 5371 1969 5453">
    <p class='ocr_par' dir='ltr' id='par_1_110' title="bbox 478 5371 1969 5453">
     <span class='ocr_line' id='line_1_110' title="bbox 478 5371 1969 5453; baseline 0.009 -27"><span class='ocrx_word' id='word_1_845' title='bbox 478 5378 512 5426; x_wconf 79' lang='grc' dir='ltr'><strong>ι’</strong></span> <span class='ocrx_word' id='word_1_846' title='bbox 540 5371 698 5443; x_wconf 81' lang='lat' dir='ltr'><strong>Apud</strong></span> <span class='ocrx_word' id='word_1_847' title='bbox 736 5371 982 5447; x_wconf 87' lang='lat' dir='ltr'><strong>Lequien</strong></span> <span class='ocrx_word' id='word_1_848' title='bbox 1013 5392 1164 5432; x_wconf 89' lang='lat' dir='ltr'><strong>num.</strong></span> <span class='ocrx_word' id='word_1_849' title='bbox 1204 5377 1260 5446; x_wconf 81' lang='lat'><strong>2,</strong></span> <span class='ocrx_word' id='word_1_850' title='bbox 1302 5395 1425 5453; x_wconf 80' lang='lat' dir='ltr'><strong>pag.</strong></span> <span class='ocrx_word' id='word_1_851' title='bbox 1454 5381 1577 5437; x_wconf 60' lang='lat'><strong>466.</strong></span> <span class='ocrx_word' id='word_1_852' title='bbox 1657 5392 1685 5433; x_wconf 73' lang='grc' dir='ltr'><strong>ιι</strong></span> <span class='ocrx_word' id='word_1_853' title='bbox 1718 5382 1969 5452; x_wconf 83' lang='grc' dir='ltr'><strong>Λέγεται.</strong></span> 
     </span>
    </p>
   </div>
   <div class='ocr_carea' id='block_1_111' title="bbox 1934 5553 2162 5612">
    <p class='ocr_par' dir='ltr' id='par_1_111' title="bbox 1934 5553 2162 5612">
     <span class='ocr_line' id='line_1_111' title="bbox 1934 5553 2162 5612; baseline 0 -2"><span class='ocrx_word' id='word_1_854' title='bbox 1934 5553 2162 5612; x_wconf 67' lang='lat' dir='ltr'><strong>NOTAE.</strong></span> 
     </span>
    </p>
   </div>
   <div class='ocr_carea' id='block_1_112' title="bbox 483 5642 3048 5741">
    <p class='ocr_par' dir='ltr' id='par_1_112' title="bbox 483 5642 3048 5741">
     <span class='ocr_line' id='line_1_112' title="bbox 483 5642 3048 5741; baseline 0.006 -33"><span class='ocrx_word' id='word_1_855' title='bbox 483 5655 562 5727; x_wconf 67' lang='lat'><strong>(2)</strong></span> <span class='ocrx_word' id='word_1_856' title='bbox 601 5642 801 5713; x_wconf 83' lang='lat' dir='ltr'><strong>Confer</strong></span> <span class='ocrx_word' id='word_1_857' title='bbox 829 5660 1245 5733; x_wconf 77' lang='lat' dir='ltr'><strong>Guadagnulum</strong></span> <span class='ocrx_word' id='word_1_858' title='bbox 1278 5664 1508 5736; x_wconf 79' lang='lat' dir='ltr'><strong>Apolog.</strong></span> <span class='ocrx_word' id='word_1_859' title='bbox 1547 5680 1649 5737; x_wconf 80' lang='lat' dir='ltr'><strong>pag</strong></span> <span class='ocrx_word' id='word_1_860' title='bbox 1709 5664 1832 5723; x_wconf 76' lang='lat'><strong>277.</strong></span> <span class='ocrx_word' id='word_1_861' title='bbox 1868 5665 1980 5722; x_wconf 88' lang='lat' dir='ltr'><strong>lmo</strong></span> <span class='ocrx_word' id='word_1_862' title='bbox 2014 5676 2179 5723; x_wconf 85' lang='lat' dir='ltr'><strong>totam</strong></span> <span class='ocrx_word' id='word_1_863' title='bbox 2213 5667 2419 5738; x_wconf 86' lang='lat' dir='ltr'><strong>passim</strong></span> <span class='ocrx_word' id='word_1_864' title='bbox 2450 5666 2676 5725; x_wconf 90' lang='lat' dir='ltr'><strong>consule</strong></span> <span class='ocrx_word' id='word_1_865' title='bbox 2705 5666 3048 5741; x_wconf 76' lang='lat' dir='ltr'><strong>Apologiam.</strong></span> 
     </span>
    </p>
   </div>
  </div>
