3876 6336
174 401 354 468 1345
1105 400 1562 465 DISPUTATIO
1603 397 1979 461 SARACENI
2018 398 2114 459 ET
2150 400 2619 463 CHRISTIANI.
3362 406 3501 473 1346

175 520 395 590 θαμῇ,
432 518 620 572 πᾶσαν
653 517 753 589 τὴν
781 518 885 589 γῆν
917 515 1110 589 δρακε;
1147 536 1165 568 ι
1201 519 1312 572 Καὶ
1338 517 1497 582 ὅλως,
1538 518 1719 571 πάντα
1744 515 1799 569 τέ

1925 516 2250 586 corporibus
2304 520 2751 589 pronuntiatur;
2819 520 2963 577 Deus
3014 528 3194 575 autem
3244 518 3501 573 universa

184 608 390 661 ὕδατα
417 606 529 659 ὑπὸ
577 606 780 679 χειρῶν
833 609 974 660 εἰσιν
1018 605 1113 660 τοῦ
1160 606 1297 659 Θεοῦ
1347 606 1477 678 [καὶ
1505 608 1534 660 6
1584 605 1799 677 οὐρανὸς

1925 608 2356 676 comprehendit,
2414 611 2511 665 sed
2556 626 2663 665 non
2715 610 3205 680 comprehenditur
3267 608 3336 663 ab
3390 606 3501 662 ulto

180 699 380 769 δρακι
411 708 435 735 ι·
541 698 666 762 Πῶς
710 698 989 769 ἐνδέχεται
1037 698 1201 762 αὐτὸς
1241 698 1347 769 ἰδίᾳ
1391 699 1538 769 χειρὶ
1582 701 1651 769 τῇ
1682 715 1799 751 κατ·

1925 701 2058 755 loco.
2110 702 2199 755 Ait
2249 714 2491 772 namque
2542 703 2765 773 quidam
2823 701 3210 773 pmplietarum
3252 719 3265 755 :
3306 718 3323 751 ι
3366 696 3502 765 Quis

182 790 424 863 εχούσῃ
455 791 527 844 τά
554 790 738 844 πάντα
766 789 1075 859 καταϐῆναι
1103 790 1200 844 καὶ
1222 789 1530 859 ἀναϐῆναι;
1561 790 1687 842 Ἐὰν
1720 788 1799 841 ml

1925 806 2149 847 mensus
2189 801 2273 846 est
2306 806 2474 848 manu
2509 809 2610 850 sua
2647 808 2819 860 mare,
2857 802 2911 849 et
2941 795 3114 848 caelos
3155 791 3354 862 palmo,
3403 805 3501 859 pu-

188 884 482 957 ἐρωτήσῃ
526 900 585 936 σε
617 886 645 936 ό
686 883 971 952 Σαακηνὸς
1035 882 1239 951 λέγων·
1276 883 1387 936 Καὶ
1429 884 1478 935 ει
1530 882 1663 944 Θεὸς
1688 877 1799 953 ἦνι

1925 882 2048 952 gillo
2110 890 2311 938 terram
2371 886 2688 941 universam
2748 885 2836 938 "‘1
2875 904 2892 937 ι
2949 884 3014 939 Ει
3066 886 3290 937 omnino
3347 894 3502 950 aquae

192 976 485 1046 Χριστὸς,
534 976 631 1027 καὶ
682 974 884 1043 ἔφαγεν
918 975 1012 1027 και
1056 974 1230 1039 ἔπιεν,
1272 975 1368 1026 καὶ
1409 972 1680 1038 ὕπνωσεν,
1720 974 1816 1026 καὶ

193 1067 278 1119 τὰ
341 1066 512 1136 ὲξῆςς
562 1066 684 1119 εἰπὲ
722 1064 895 1136 αὐτῷ,
929 1066 1012 1119 ὅτι
1073 1065 1133 1118 Ὀ
1156 1066 1483 1137 προαιώνιος
1515 1065 1686 1132 Λόγος
1719 1064 1812 1117 τοῦ

199 1156 386 1219 Θεοῦ,
418 1159 448 1209 6
482 1160 675 1219 κτίσας
705 1157 776 1210 τὰ
806 1158 1119 1227 σύμπαντα,
1159 1156 1341 1220 καθὼς
1374 1156 1522 1224 λέγει
1554 1158 1587 1225 ἠ
1619 1151 1811 1227 Γραφή

209 1266 356 1318 μου,
376 1250 477 1301 καὶ
500 1252 531 1319 ή
554 1251 739 1319 γραφή
769 1265 884 1313 σου,
904 1250 1067 1311 αὐτὸς
1095 1252 1161 1302 ὲκ
1184 1250 1283 1318 τῆς
1306 1247 1509 1319 σαρκὸς
1532 1249 1631 1318 τῆς
1651 1248 1815 1316 ἁγίας

214 1340 519 1409 Παρθένου
537 1340 754 1410 Μαρίας
771 1340 869 1394 ἄνθ
877 1357 1059 1411 ρωπος
1072 1341 1364 1410 γενόμενος
1382 1338 1611 1402 τέλειος,
1630 1339 1815 1402 ἔννους

209 1433 318 1485 καὶ
335 1431 609 1501 ἔμψυχοςο
628 1433 834 1494 ἐκεῖνος
864 1431 1090 1500 ἔφαγεν,
1108 1433 1203 1485 καὶ
1229 1430 1405 1495 ἔπιεν,
1423 1431 1517 1484 καὶ
1539 1429 1811 1493 ὕπνωσεν,

204 1523 319 1577 ὁνδὲ
342 1525 517 1585 Λόγος
534 1523 628 1576 τοῦ
652 1522 788 1577 Θεοῦ
808 1522 909 1576 οὐκ
928 1523 1132 1591 ἔφαγεν
1153 1523 1275 1577 οὐδὲ
1290 1523 1444 1576 ἔπιεν
1460 1523 1578 1577 οὐδὲ
1597 1523 1814 1576 ὕπνωσε

206 1616 342 1669 οὐδὲ
373 1614 717 1684 ἐσταυρώθη,
737 1616 832 1668 καὶ
860 1615 930 1668 τά
964 1616 1110 1685 ἑξῆς.
1140 1614 1381 1668 Γίνωσκε
1410 1614 1491 1682 δὲ,
1521 1616 1603 1668 ὅτι
1634 1617 1663 1669 6
1690 1617 1812 1685 Χρι-

210 1707 347 1769 στὸς
376 1706 605 1769 διπλοῦς
656 1707 754 1776 μὲν
810 1706 1032 1774 λέγεται
1075 1708 1197 1770 ταῖς
1256 1706 1512 1776 φύσεσιν,
1548 1701 1635 1770 εἷς
1656 1707 1711 1760 δὲ
1746 1710 1812 1777 τῇ

209 1801 544 1853 ὑποστάσει.
587 1795 680 1863 Εἷς
718 1799 827 1869 γὰρ
867 1800 896 1851 6
933 1799 1265 1870 προαιώνιος
1300 1799 1473 1867 Λόγος
1515 1796 1610 1851 τοῦ
1650 1798 1808 1860 Θεοῦ,

207 1893 313 1945 καὶ
339 1892 481 1962 μετὰ
507 1892 604 1962 τὴν
628 1890 899 1961 πρόληψιν
926 1891 1027 1959 τῆς
1063 1891 1265 1961 σαρκὸς
1294 1891 1468 1944 ὑποστ
1484 1890 1693 1953 ατικῶς
1716 1892 1808 1943 καὶ

206 1983 274 2034 οὐ
317 1981 595 2050 φυσικῶς
623 1982 682 2034 οὐ
730 1981 840 2051 γάρ
876 1982 1181 2052 προσετέθη
1220 1984 1287 2052 τῇ
1324 1981 1515 2051 Τριάδι
1546 1981 1809 2050 τέταρτον

211 2073 514 2144 πρόσωπον
546 2072 686 2143 μετά
718 2073 819 2143 τὴν
849 2073 1090 2144 ἄρρητον
1114 2074 1312 2127 ἕνωσιν
1344 2074 1445 2143 τῆς
1472 2074 1699 2143 σαρκός.

1917 974 2187 1030 universae
2228 976 2331 1031 sub
2376 991 2542 1032 manu
2591 976 2684 1033 Dei
2732 984 2978 1033 sunt.....
3022 975 3124 1040 Qui
3162 974 3274 1029 ﬁeri
3322 981 3499 1043 potest

1916 1075 1975 1120 ut
2007 1067 2052 1123 is
2079 1083 2243 1123 manu
2276 1085 2372 1124 sua
2407 1071 2725 1127 continente
2761 1071 3036 1136 universa,
3085 1068 3386 1123 descendat
3419 1069 3498 1119 vel

1916 1159 2311 1215 ascendat?Et
2361 1162 2406 1217 si
2456 1162 2879 1233 interrogaverit
2941 1170 2993 1217 te
3047 1159 3363 1214 Saraccnus
3416 1158 3502 1212 di-

1914 1267 2044 1307 cens
2082 1269 2096 1306 :
2137 1251 2417 1322 Siquidem
2463 1253 2602 1308 Deus
2636 1264 2754 1309 erat
2807 1254 3084 1317 Christus,
3118 1267 3227 1321 qua
3284 1253 3500 1304 ratione

1914 1343 2149 1398 comedit
2190 1353 2243 1399 et
2288 1345 2420 1399 bibit
2451 1352 2505 1398 ct
2550 1345 2829 1411 dormivit,
2889 1354 2999 1410 etc,
3053 1344 3147 1397 Dic
3188 1343 3275 1398 ei:
3320 1341 3503 1395 [Eter-

1913 1448 2043 1485 num
2104 1430 2344 1488 Verbum
2404 1432 2533 1497 Dei,
2588 1434 2732 1504 quod
2790 1434 2999 1489 creavit
3045 1435 3252 1497 omnia,
3305 1442 3365 1487 ut
3426 1433 3502 1484 ait

1916 1521 2201 1591 Scriptura
2240 1538 2357 1578 mea
2392 1534 2443 1579 et
2485 1534 2598 1586 tua,
2654 1526 2949 1594 ipsummet
2995 1541 3058 1581 ex
3094 1542 3262 1581 carne
3298 1534 3501 1579 sanctze

1914 1612 2161 1681 Virginis
2214 1613 2396 1668 Maria:
2444 1617 2621 1670 fartus
2684 1618 2848 1669 homo
2913 1616 3229 1684 perfectus,
3291 1616 3501 1669 ratione

1913 1711 1967 1758 et
2000 1704 2180 1757 anima
2221 1704 2502 1774 prmditus,
2540 1706 2584 1758 is
2618 1716 2701 1760 est
2732 1706 2824 1775 qui
2865 1706 3102 1761 comedit
3136 1708 3385 1776 bibitqne
3435 1720 3500 1759 ac

1916 1798 2199 1854 dormivit.
2228 1801 2297 1852 At
2325 1800 2563 1854 Verbum
2612 1801 2705 1856 Dei
2758 1818 2857 1856 nec
2909 1803 3149 1856 comedit
3200 1818 3301 1857 nec
3363 1801 3502 1856 bibit

1915 1905 2014 1944 nec
2042 1891 2320 1956 dormivit,
2353 1906 2452 1946 nec
2495 1895 2644 1946 cruci
2695 1894 2913 1947 allixum
2959 1903 3064 1957 est,
3110 1904 3215 1947 etc.
3266 1893 3503 1947 Adverle

1916 1992 2094 2038 autem
2122 1984 2402 2039 Christum
2450 1983 2721 2053 duplicem
2786 1987 2895 2040 dici
2947 1988 3093 2056 quod
3147 1987 3215 2041 ad
3276 1999 3501 2041 naturas

1917 2076 2149 2139 attinet,
2213 2090 2381 2129 mmm
2445 2090 2578 2131 vero
2633 2078 2935 2149 hypostasi.
3004 2077 3157 2132 Unus
3215 2080 3360 2133 enim
3418 2090 3503 2133 cst

209 2176 487 2223 aeternum
516 2167 755 2223 Verbum
791 2169 883 2224 Dei
929 2172 1096 2224 etiam
1171 2181 1298 2239 post
1348 2178 1687 2240 assumptam
1754 2183 1996 2232 carnem.
2079 2172 2358 2242 hypostasi
2418 2181 2599 2229 tamen
2654 2192 2762 2228 non
2842 2184 3060 2230 natura.
3123 2173 3309 2245 Neque
3356 2178 3500 2229 enim

213 2260 434 2331 adjecta
459 2268 542 2315 est
576 2257 835 2312 Triuitati
868 2266 1065 2329 quarta
1107 2261 1357 2330 quaedam
1403 2276 1637 2331 persona
1680 2270 1804 2331 post
1844 2261 2178 2317 ineffabilem
2238 2263 2540 2319 unitionem
2581 2266 2789 2321 carnis.

301 2352 361 2403 '0
392 2354 541 2406 ΣΔΡ.
607 2353 732 2406 Ὅτι
777 2354 844 2423 ῆν
890 2352 1097 2421 ἑγετελ,
1132 2359 1155 2389 ⁸
1206 2353 1392 2407 θεῖκδν
1447 2354 1721 2408 ἀπέθανεν
1770 2354 1803 2425 ἢ

217 2442 327 2513 ζῇς
1066 2488 1069 2491 ‹

293 2534 431 2587 Εἰπὲ
464 2532 646 2605 αὐτῷ’
690 2534 791 2587 οὐκ
825 2533 1123 2601 ἀπέθανεν,
1175 2536 1396 2608 θαρρῶν
1450 2539 1516 2607 τῇ
1553 2535 1805 2608 Γραφικῇ

217 2625 516 2690 ἀποδείξει.
536 2625 697 2695 Λέγει
722 2628 830 2699 γὰρ
852 2631 885 2696 ἠ
906 2629 1098 2699 Γραφὴ
1123 2631 1250 2698 περὶ
1273 2629 1465 2682 τούτου
1490 2645 1504 2659 ’
1532 2624 1763 2683 «Ἦλθεν
1784 2630 1803 2667 ί

217 2716 311 2768 ἐπ’
334 2717 503 2786 αὐτὴν
534 2719 562 2768 6
592 2718 822 2786 φυσικὸς
845 2718 955 2771 τῶν
988 2719 1296 2789 ἀνθρώπων
1326 2718 1558 2781 θάνατος
1586 2720 1809 2789 μνήμην

220 2807 547 2879 καθάρξαςῆ
567 2808 974 2880 χειρωσάμενος
995 2811 1132 2880 πρὸς
1155 2812 1212 2862 ἐν
1232 2812 1363 2880 ἡμῖν
1384 2810 1582 2877 ἄπαγε.
1602 2811 1808 2873 Ἄλλως

219 2898 357 2970 φέρε
391 2901 588 2953 εἰπεῖν.
638 2901 696 2954 Ὀ
730 2900 947 2972 πρῶτος
974 2900 1263 2972 ἄνθρωπος
1296 2900 1567 2968 ὕπνωσεν,
1592 2903 1684 2957 καὶ
1711 2902 1809 2974 τὴν

132 3000 149 3005 '
220 2990 462 3059 πλευράν
496 2992 773 3062 ἀφῃρέθη.

308 3080 364 3134 ’0
398 3083 548 3137 ΣΛΡ.
580 3082 711 3136 Ἰδοὺ
732 3092 759 3119 ιι
794 3084 1118 3154 πέπληγμαι
1152 3084 1207 3136 ἐν
1239 3102 1343 3137 τινι
1377 3088 1526 3159 τόπῳ
1550 3087 1649 3157 τῆς
1681 3104 1812 3158 σαρ-

1980 2355 2228 2411 SARAC.
2271 2356 2425 2424 Quod
2480 2352 2725 2413 divinum
2776 2359 2982 2425 dicitis,
3033 2369 3383 2415 mottuumne
3419 2367 3502 2413 est

1910 2461 1977 2499 an
2016 2449 2190 2501 vivit?

1985 2536 2273 2608 Responde
2322 2540 2399 2595 illi
2444 2558 2551 2596 non
2608 2542 2778 2598 fuisse
2813 2551 3091 2598 mortuum
3142 2542 3314 2598 fretus
3353 2542 3503 2596 Scri-

1910 2631 2115 2699 pturali
2180 2633 2676 2690 demonstratione.
2734 2635 2823 2688 Ait
2878 2634 3022 2688 enim
3070 2635 3135 2689 de
3182 2634 3286 2689 hoc
3351 2634 3502 2689 Scri-

1913 2732 2072 2793 ptura
2120 2743 2132 2777 :
2181 2724 2364 2796 (Venit
2406 2725 2471 2779 ad
2515 2726 2688 2796 ipsam
2726 2727 2997 2781 naturalis
3028 2728 3311 2780 hominum
3355 2743 3503 2780 lllOl‘S

1916 2815 2233 2868 memoriam
2286 2816 2564 2871 lacessens
2628 2818 2713 2871 vel
2773 2818 3037 2885 subigens
3106 2815 3173 2869 ad
3233 2816 3287 2869 in
3342 2816 3504 2869 nobis

1915 2922 2103 2978 apage.
2141 2907 2314 2961 Aliter
2350 2916 2406 2959 ιιι
2442 2910 2510 2959 ita
2542 2905 2722 2961 dicam
2775 2907 2875 2978 (5).
2919 2905 3138 2961 Primus
3168 2906 3329 2960 homo
3369 2906 3500 2962 dor-

1916 2980 2103 3063 mivit,
2133 3010 2187 3053 et
2218 3006 2369 3053 costa
2406 2999 2475 3053 ab
2508 3014 2573 3053 eo
2604 3008 2760 3068 capta
2787 3007 2891 3053 est.

1993 3091 2247 3149 SARAC.
2286 3090 2425 3146 Ecce
2457 3090 2669 3161 plagam
2717 3091 2902 3160 accepi
2933 3097 3086 3145 certo
3111 3088 3347 3159 quodam
3381 3088 3500 3142 loco

222 3177 322 3237 κός
347 3191 470 3243 μου,
512 3175 609 3227 καὶ
642 3175 914 3245 πληγεῖσα
944 3178 977 3247 ἡ
1011 3175 1148 3247 σάρξ
1177 3176 1421 3247 μώλωπα
1452 3180 1797 3244 ἀπετέλεσεν,

1925 3184 2091 3238 :arnis
2137 3198 2292 3248 meae,
2347 3184 2616 3254 plagaque
2662 3184 2854 3239 aﬂ‘ecta
2902 3197 3033 3237 caro
3085 3182 3316 3237 vibicem
3368 3196 3498 3235 con-

219 3266 320 3319 καὶ
347 3267 404 3318 ἐν
434 3266 511 3337 τῷ
540 3265 769 3337 μώλωπι
793 3268 1011 3336 ἐγένετο
1052 3268 1290 3341 σκώληξ.
1318 3271 1415 3334 Τίς
1445 3272 1606 3327 αὐτὸν
1636 3271 1805 3326 ἔπλα-

227 3372 326 3409 σεν
351 3370 365 3419 ;

308 3445 367 3500 '0
398 3447 577 3501 ΧΡΙΣ.
628 3448 795 3515 Λέγει
843 3448 905 3502 τὺ
949 3451 1043 3504 καὶ
1096 3454 1471 3523 προείπομενο
1522 3453 1661 3524 μετὰ
1708 3453 1807 3525 τὴν

227 3537 448 3610 πρώτην
480 3540 754 3612 ἑϐδομάδα
787 3543 885 3613 τῆς
931 3546 1316 3614 κοσμοποιίας,
1350 3547 1450 3617 οὐχ
1481 3548 1808 3618 εὑρίσκομεν

228 3630 615 3701 οἱονδηποτοῦν
659 3635 892 3704 πρᾶγμα
922 3636 1205 3691 πλάσαντα
1245 3638 1335 3691 τὸν
1379 3638 1592 3710 θεδν,ἢ
1634 3640 1806 3694 πλάτ-

228 3737 421 3775 τοντα·
456 3722 592 3776 ἀλλά
629 3723 709 3794 τῷ
754 3728 1140 3798 προστάγματι
1170 3729 1265 3782 τοῦ
1307 3729 1443 3783 Θεοῦ
1490 3733 1805 3804 προσετάγη

230 3813 293 3867 ὲν
335 3816 395 3885 τῇ
428 3815 621 3888 πρώτῃ
665 3810 944 3888 ὲϐδομάδι,
979 3823 1075 3874 καὶ
1125 3823 1378 3890 ἐγένοντο
1423 3824 1492 3875 τὰ
1519 3824 1807 3892 γινόμενα.

231 3906 380 3961 Μετά
427 3909 541 3971 τοῖς
593 3910 978 3981 προστάγμασι
1025 3914 1328 3983 κατεκρίθη
1357 3923 1385 3953 ν
1431 3915 1526 3966 καὶ
1565 3915 1808 3978 ἀκάνθας

234 3997 328 4052 καὶ
350 3998 629 4070 τριϐόλους
652 4014 699 4055 κ.
726 4002 859 4056 Τότε
885 4002 942 4055 δὲ
976 4003 1073 4056 καὶ¹
1102 4005 1135 4074 ή
1168 4000 1306 4074 σὰρξ
1337 4003 1498 4074 ἡμῶν
1531 4006 1806 4075 κριθεῖσα,

239 4088 391 4159 μέχρι
441 4092 542 4161 τῆς
595 4094 833 4166 σήμερον
884 4094 1116 4165 φθεῖρας
1175 4096 1271 4149 καὶ
1320 4094 1613 4168 σκώληκας
1674 4099 1807 4152 ἀνα-

234 4177 377 4231 τελεῖ
393 4187 441 4234 r.

291 4266 346 4319 Ὀ
372 4264 516 4321 ΣΛΡ.
552 4267 759 4343 Ἐρωτᾷ
793 4271 886 4325 τὸν
925 4273 1291 4343 Χριστιανόνο
1335 4274 1536 4330 Λοιπὸν
1576 4277 1662 4341 τίς
1691 4278 1807 4330 ἐστι

238 4356 383 4428 παρά
412 4361 492 4414 σοι
524 4361 726 4432 μείζων
750 4370 802 4429 7,
828 4364 857 4416 6
884 4364 1125 4432 ἁγιάζων
1153 4365 1185 4437 ἢ
1218 4367 1247 4419 6
1285 4366 1651 4439 ἀγιαζόμενος
1679 4384 1694 4434 ;

1910 3276 2099 3339 traxit,
2142 3283 2195 3329 et
2231 3275 2287 3329 in
2327 3275 2508 3351 vibice
2561 3274 2764 3331 vermis
2808 3283 3007 3330 enatus
3041 3281 3149 3329 est.
3192 3273 3327 3339 Quis
3371 3286 3496 3327 eum

1909 3365 2205 3421 formavit?

1978 3457 2140 3513 Clllt.
2187 3456 2326 3512 Dicit
2365 3457 2511 3528 quod
2541 3467 2595 3512 ct
2645 3454 2857 3527 praefati
2906 3470 3120 3511 sumus.
3168 3453 3298 3509 Post
3324 3454 3476 3524 prio-

1918 3567 2033 3607 rem
2070 3551 2467 3605 hebdomadam
2510 3550 2810 3604 creationis
2862 3549 3074 3612 mundi.
3125 3562 3232 3603 non
3289 3547 3500 3617 reperi-

1908 3660 2031 3699 mus
2056 3645 2219 3699 ullam
2258 3660 2371 3699 rem
2409 3642 2683 3698 formasse
2726 3650 2821 3696 aut
2867 3642 3108 3697 formare
3156 3640 3349 3696 Deum.
3391 3639 3496 3694 Sed

1908 3734 2167 3789 mandato
2211 3733 2301 3786 ltei
2348 3741 2680 3802 praceptum
2728 3740 2814 3787 est
2849 3734 2903 3784 in
2949 3732 3119 3799 prima
3159 3732 3249 3783 illa
3290 3730 3493 3782 hebdo-

1909 3827 2089 3888 mada,
2143 3825 2476 3891 fueruntque
2531 3812 2653 3892 qua:
2702 3832 2852 3878 sunt.
2889 3820 3093 3877 Deinde
3138 3822 3491 3890 jussiouibus

1909 3915 2164 3969 damnata
2196 3922 2280 3969 est
2309 3922 2455 3968 terra
2490 3914 2842 3983 (germinare)
2872 3923 2925 3967 et
2978 3915 3168 3983 spinas
3211 3924 3265 3967 et
3315 3913 3494 3967 tribu-

1911 4000 2013 4056 los.
2047 3997 2202 4054 Tunc
2240 4000 2403 4053 etiam
2438 4015 2569 4055 caro
2620 4008 2807 4055 nostra
2863 4001 3155 4064 damnata,
3206 4017 3381 4072 usque
3437 4004 3493 4058 in

1910 4101 2239 4165 przesetttetn
2275 4091 2418 4146 diem
2448 4091 2731 4162 pediculos
2760 4101 2815 4148 et
2841 4107 3055 4148 vermes
3086 4094 3277 4164 gignit.

1983 4272 2234 4329 SABAC.
2310 4271 2623 4345 lnlerrogat
2700 4273 3079 4330 Christianum
3140 4293 3153 4328 :
3218 4274 3489 4329 Ceterum

1908 4376 2043 4420 vero
2066 4365 2191 4435 quis
2225 4366 2365 4436 apud
2396 4374 2452 4422 te
2486 4366 2663 4436 major
2687 4375 2790 4431 est,
2832 4367 2927 4436 qui
2960 4367 3272 4422 sanctiﬁcat
3298 4382 3366 4421 an
3394 4368 3489 4438 qui

1911 4457 2326 4512 sanctilicatnr?

305 4536 462 4602 Γνοὺς
488 4538 547 4593 δὲ
576 4540 605 4592 6
637 4539 863 4596 ΧΡΙΣΤ.
910 4541 1010 4612 τὴν
1053 4544 1276 4597 ἔνοπλον
1313 4545 1481 4599 αὐτοῦ
1514 4547 1799 4620 ἐρώτησιν,

1982 4548 2302 4616 Agnoscens
2345 4522 2797 4601 vero’Cl-iRIST.
2842 4550 3092 4605 hostilem
3144 4553 3266 4621 ejus
3322 4555 3493 4607 inter-

238 4620 381 4679 εἶπεν
399 4643 412 4657 ·
450 4628 517 4684 Ὀ
546 4629 724 4694 θέλεις
756 4632 931 4685 εἰπεῖν
959 4632 1234 4701 γινώσκω.

310 4788 353 4821 ³⁸
380 4764 477 4844 lsa.
507 4806 585 4855 χι,
614 4792 700 4845 ιε.

1917 4641 2263 4708 rogationem
2306 4638 2382 4692 ait
2414 4655 2429 4693 :
2468 4637 2623 4704 Quod
2654 4638 2753 4693 tibi
2784 4642 2897 4704 vis,
2928 4641 3192 4710 intelligo.

1500 4914 1739 4970 VARle
1780 4916 2189 4973 LECTIONES.

313 5033 333 5061 ³
357 5020 473 5104 Hac
495 5025 796 5104 oscitanter
811 5026 1036 5104 inserta.
1102 5036 1137 5066 ’⁸
1168 5026 1285 5104 ’Ότῇ
1321 5027 1387 5104 ᾇν
1416 5027 1553 5100 λέγῃ
1584 5030 1665 5085 τό.
1700 5030 1755 5104 In
1788 5032 2085 5104 Lequienio
2117 5034 2176 5087 ὃν
2209 5034 2396 5103 λέγετε
2426 5035 2846 5101 Θεὸν,ἀπὲθανε.
2875 5031 3266 5104 Quemgdicilis
3296 5030 3487 5104 Deumv

243 5103 547 5177 ntor‘tn‘usn‘e
569 5096 689 5149 est?
818 5095 996 5152 Locus
1030 5095 1592 5177 corrunptissirtius,‘et
1625 5103 1717 5177 qui
1770 5104 1821 5156 in
1855 5095 2155 5173 Ecquicnio
2192 5095 2365 5177 deest.
2442 5114 2470 5142 ιι
2497 5095 2825 5177 Leqiiienius
2854 5095 3004 5158 num.
3040 5103 3093 5158 6.
3170 5111 3197 5139 ν
3227 5100 3489 5177 Lequieu.

247 5163 371 5232 μετά
384 5164 436 5216 δὲ
462 5182 490 5216 τ

247 5163 371 5253 μεγὰ
384 5164 436 5216 δὲ
462 5163 561 5288 ἢν
600 5165 916 5248 παράϐασιν
941 5184 1134 5222 κατεκ.
1181 5163 1314 5224 Post
1342 5163 1558 5235 transgr

244 5240 273 5282 γ
320 5236 510 5289 Aversa
545 5253 615 5290 ει.
695 5245 716 5272 ²
747 5235 1012 5307 Lequten.
1039 5240 1262 5307 num.8,
1281 5256 1403 5312 pag.
1431 5240 1558 5297 469.

533 5185 561 5217 ν
600 5165 916 5245 παράβασιν
941 5184 1134 5222 κατεκ.
1181 5165 1314 5245 Post
1342 5165 1835 5245 transgressionem
1884 5165 2034 5238 vero,
2076 5183 2182 5231 etc.
2261 5188 2285 5216 ι
2322 5165 2810 5245 ’Λνατέλλὲινιιοῳ
2840 5182 2889 5229 et
2915 5188 3040 5229 mox
3068 5165 3487 5243 κατακριθείσα.

1734 5399 1970 5457 NOTAE.

307 5509 378 5580 (3)
416 5509 473 5565 S.
503 5511 752 5568 Andreas
775 5512 1055 5568 Cretensis
1085 5520 1230 5567 orat.
1260 5513 1315 5569 in
1355 5515 1652 5570 Dormit.S.
1684 5517 1795 5571 Ma~

248 5582 385 5657 ri_:e_§
418 5599 444 5657 γ
476 5582 657 5657 initio,
687 5583 754 5638 de
789 5593 990 5657 _morte
1036 5582 1282 5657 Deiparae
1327 5586 1489 5657 habet
1520 5605 1555 5657 εΔ
1584 5589 1795 5657 Μέχρις

247 5652 395 5726 αρτῆίς
418 5654 442 5703 ὃ
474 5653 705 5726 φυσικὸς
746 5654 866 5726 τῶν
901 5653 1205 5726 ἀνθρώπων
1244 5654 1493 5726 ἐχώρησε
1540 5652 1793 5723 θάνατος,

247 5673 442 5720 αυτηςιι
474 5673 702 5721 φυσικος
746 5673 853 5707 των
901 5673 1205 5725 ανυρωπων
1244 5673 1267 5706 ε
1310 5673 1493 5726 ωρησε
1540 5673 1790 5723 υανατος,

245 5721 299 5796 οὐ
338 5721 434 5791 μὴν
459 5722 799 5796 -καθεξρξας,
838 5724 915 5788 ώς
958 5725 1030 5796 γὲν
1065 5725 1220 5796 ἡμῖν,
1274 5673 1315 5795 ᾗ
1364 5727 1790 5796 χειρωσάμενος,

247 5789 427 5860 ἄπαγε.
459 5790 594 5851 Hinc
625 5789 780 5850 locus
820 5789 1139 5850 omnimodo
1179 5789 1527 5861 emendatur,
1556 5789 1798 5862 explica;

1907 5527 2106 5586 lurque
2135 5518 2266 5589 quid
2296 5519 2369 5575 sit
2400 5518 2753 5590 Scripturalis
2782 5518 3196 5577 demonstratio.
3219 5520 3488 5579 Praeterea

1910 5590 2080 5657 liquet
2110 5591 2417 5644 orationem
2444 5589 2595 5643 illam
2623 5589 2874 5645 Cretensi
2902 5591 3185 5657 tributam,
3205 5604 3331 5649 ante
3351 5593 3490 5647 scri-

1909 5661 2150 5732 ptionem
2190 5660 2354 5732 hujus
2382 5660 2585 5729 dialogi
2621 5661 2774 5732 _satis
2817 5663 2999 5715 tritam
3042 5677 3362 5732 magnaeque
3389 5678 3487 5715 au-

1908 5730 2188 5802 ctoritatis
2223 5730 2418 5798 fuisse,
2454 5744 2579 5786 cum
2614 5730 2974 5802 Scripturalis
3006 5730 3221 5789 audiret
3257 5730 3492 5787 deruun-

1910 5801 2130 5856 stratio.
