3882 6356
104 455 280 523 1349

96 572 283 627 εἶναι
312 570 626 642 προϐάτων,
652 569 743 624 διὰ
772 570 929 635 δόξαν
957 568 1121 643 κενὴν
1159 571 1254 624 καὶ
1276 570 1462 640 μόνον,
1490 568 1602 621 τῶν
1627 569 1738 620 Πα-

104 664 318 733 -τὲρων
346 661 448 725 τάς
487 662 673 731 φωνάς
705 662 1127 733 παρωσάμενοι,
1177 661 1323 715 κατά
1374 661 1476 731 τῆς
1508 660 1743 719 πίστεως

112 756 378 817 ἑαυτοὺς
436 753 780 819 ὁπλίσαντες,
818 754 887 808 τά
932 754 1109 824 ὀρθῶς
1167 754 1260 807 ὑπ’
1289 753 1473 807 αὐτῶν
1509 751 1744 822 ῥηθέντα

116 848 489 921 στρεϐλοῦσι,
517 846 664 900 κατά
691 846 784 900 τὸν
815 846 1075 916 ἀδόκιμον
1107 843 1290 899 αὐτῶν
1318 846 1416 900 καὶ
1440 844 1745 914 τεθολωμέ-

120 957 227 993 νον
283 939 415 994 νοῦν
467 939 831 1002 διδάσκοντες,
861 938 1039 1007 Ἀπερ
1087 936 1287 990 πάντα
1339 935 1565 989 ἐνώπια
1619 935 1745 1000 τοῖς

117 1030 456 1092 συνιοῦσι,
483 1029 579 1082 καὶ
606 1027 752 1097 ὀρθὰ
793 1027 920 1092 τοῖς
945 1028 1300 1095 εὑρίσκουσι
1321 1024 1569 1094 γνῶσιν,
1602 1024 1745 1078 κατὰ

117 1123 199 1175 τὸ
226 1121 647 1192 γεγραμμένον.
672 1122 735 1173 Οί
762 1119 862 1191 μὲν
887 1119 997 1192 γὰρ
1022 1117 1149 1192 δόξῃ
1172 1119 1250 1189 (ὅ)
1276 1118 1374 1171 καὶ
1402 1116 1630 1188 καθαρῷ
1645 1117 1745 1188 τῆς

120 1215 384 1276 διανοίας
406 1213 620 1283 ὄμματι
652 1216 767 1275 τοῖς
799 1214 966 1283 ἱεροῖς
999 1212 1101 1281 τῆς
1127 1211 1485 1265 θεοπνεύστου
1521 1211 1745 1283 Γραφῆς

121 1307 640 1377 περιτυγχάνοντες
688 1304 889 1373 λόγοις,
933 1303 1125 1372 δφελος
1155 1304 1320 1365 θεῖον,
1380 1304 1570 1374 ῶσπερ
1622 1304 1746 1356 τινὰ

128 1399 398 1469 οὐράνιον
430 1396 722 1467 θησαυρὸν,
755 1398 875 1457 ταῖς
910 1394 1092 1449 αὐτῶν
1127 1396 1478 1459 εἰσοικίζουσι
1519 1394 1742 1465 ψυχαῖς·

130 1490 187 1542 οἱ
222 1489 285 1541 δὲ
310 1489 404 1541 τὸν
432 1487 558 1541 νοῦν
589 1486 806 1557 ἔχοντες
836 1485 913 1555 τῷ
938 1485 1122 1555 ψεύδει
1170 1486 1629 1556 προσνενευκότα,
1650 1485 1746 1539 καὶ

131 1582 242 1651 τῆς
261 1597 428 1633 τινων
454 1578 854 1649 ἀθυροστομίας
878 1579 1213 1647 ἡττώμενον,
1233 1578 1326 1631 καὶ
1354 1577 1586 1649 βεδήλου
1610 1577 1746 1645 γνῶ·

128 1687 285 1733 σεως
316 1669 572 1738 ἐραστὴν,
620 1668 844 1721 ἐκείνων
880 1666 1092 1729 ἔσονται
1144 1668 1413 1731 κοινωνοὶ,
1447 1668 1577 1738 περὶ
1602 1659 1677 1720 ὧν
1708 1668 1737 1719 δ

131 1757 441 1828 μακάριος»
480 1754 694 1818 Παῦλος
738 1753 961 1824 γράφειο
1031 1754 1135 1808 Ἐν
1192 1750 1283 1819 οῖς
1336 1756 1371 1808 ό
1425 1753 1571 1819 Θεὸς
1634 1752 1745 1807 τοῦ

123 1849 362 1916 αιῶνος
393 1849 610 1904 τούτου
651 1849 970 1917 ἐτύφλωσε
1006 1846 1079 1901 τὰ
1126 1847 1401 1918 νοήματα
1449 1847 1569 1901 τῶν
1607 1847 1745 1901 ἀπί-

128 1954 331 2002 στων,
362 1941 449 2004 εὶς
471 1937 534 1991 τὸ
561 1936 647 2006 μὴ
670 1935 991 2004 διαυγάσαι
1032 1933 1242 2000 αὐτοῖς
1288 1936 1397 1989 τὸν
1432 1936 1743 2005 φωτισμὸν

130 2028 254 2082 τοῦ
275 2028 648 2097 Εὺαπελίου
676 2024 786 2093 τῆς
814 2024 998 2092 δόξης
1029 2024 1135 2077 τοῦ
1151 2026 1430 2093 Χριστοῦ,
1462 2025 1532 2092 ὅς
1570 2027 1744 2079 ἐστιν

130 2119 327 2174 εἰκὼν
346 2119 454 2173 τοῦ
486 2116 654 2173 Θεοῦ.
686 2114 1071 2185 Τυφλώττουσι
1102 2116 1232 2187 γάρ.
1268 2117 1361 2171 καί
1387 2118 1526 2170 είσιν
1554 2116 1741 2187 ὁδηγοὶ

134 2211 386 2281 τυφλῶν*
422 2208 711 2280 τοιγαροῦν
744 2203 895 2262 οὗτοι
928 2210 1023 2262 καὶ
1050 2210 1165 2272 τοῖς
1199 2208 1298 2279 τῆς
1336 2208 1615 2272 ἀπωλείας
1639 2208 1742 2277 ἐμ-

135 2304 409 2359 πίπτουσι
443 2303 677 2375 βόθροις.
738 2301 826 2366 Ὦς
854 2302 963 2373 γάρ
1008 2302 1173 2366 αὐτὸς
1217 2304 1245 2356 ό
1280 2301 1474 2373 Σωτὴρ
1522 2301 1737 2371 εἴρηκε·

144 2398 391 2466 Τυςρλὸς
424 2394 661 2465 τυφλὸν
684 2394 797 2448 ἐὰν
820 2392 1033 2463 ὁδηγῇ,
1063 2394 1382 2463 ἀμφότεροι
1423 2396 1508 2460 είς
1556 2394 1743 2458 ,ϐόθυ-

140 2506 264 2544 νον
294 2487 719 2558 ἐμπεσοῦνται.
752 2486 1219 2556 Καταφλυαροῦσι
1245 2486 1425 2539 τοίνυν
1444 2485 1590 2549 τινὲς
1634 2483 1742 2538 τῶν

142 2582 250 2651 τῆς
278 2579 536 2651 ἀληθείας
569 2578 827 2650 ῐιατέρων
861 2580 955 2632 καὶ
1004 2578 1363 2642 διδασκάλων,
1396 2579 1487 2632 καὶ
1532 2578 1597 2650 δή
1646 2578 1744 2632 καὶ

146 2674 474 2743 σκαιότητος
494 2670 806 2742 διαϐολικῆς
834 2670 924 2723 τὸν
954 2671 1153 2724 οἰκεῖον
1183 2669 1561 2741 ἐμπλήσαντες
1590 2670 1741 2737 νοῦν,

142 2764 596 2835 παραχαράττειν
657 2763 969 2831 ἐπείγονται
1034 2762 1097 2816 τὸ
1148 2762 1250 2830 τῆς
1314 2762 1571 2832 ἀληθείας
1634 2781 1741 2834 μυ-

146 2858 411 2929 στήριον,
444 2856 547 2927 τῆς
579 2855 720 2926 μετά
746 2855 948 2926 σαρκὸς
994 2855 1310 2926 οἰκονομίας
1356 2855 1451 2908 τοῦ
1500 2856 1741 2924 Μονογι-

148 2949 281 3013 νοῦς
339 2948 402 3001 οὐ
458 2947 685 3019 μετρίαν
737 2947 1023 3011 ποιοῦντες
1075 2948 1417 3018 κατάρρησιν
1474 2947 1552 3019 (4)
1580 2988 1594 3012 ,
1651 2947 1740 3016 μὴ

147 3040 440 3107 νοοῦντες
462 3038 615 3109 μήτε
647 3038 687 3093 d
712 3038 986 3109 λέγουσι,
1038 3037 1194 3109 μήτε
1226 3037 1358 3107 περὶ
1393 3038 1573 3091 τίνων
1618 3037 1742 3092 δια-

152 3128 545 3191 ϐεϐαιοῦνται,
575 3127 719 3182 κατά
748 3127 809 3181 τὸ
837 3127 1243 3198 γεγραμμένον.

226 3220 293 3292 β’.
312 3221 546 3291 Εὗρεταὶ
562 3218 619 3272 δὲ
640 3218 744 3292 τῆς
765 3218 1024 3289 τοιαύτης
1045 3218 1303 3282 ἀσεϐείας
1330 3218 1589 3288 γεγόνασι
1618 3218 1742 3271 πολ-

150 3314 239 3367 λοὶ
268 3313 365 3383 μὲν
394 3312 489 3365 καὶ
513 3312 710 3383 ἕτεροι,
745 3310 887 3365 κατά
925 3310 1051 3374 τοὺς
1094 3310 1303 3379 ἀνωθεν
1334 3313 1736 3382 παρῳχηκότας

153 3406 401 3478 καιροὺς,
432 3404 526 3459 νῦν
546 3404 602 3458 δὲ
625 3405 724 3473 τῆς
748 3402 972 3456 ἐκείνων
1001 3403 1343 3473 ἀνοσιότητος
1370 3398 1579 3458 οῦτοιοί
1608 3422 1740 3475 προ-

155 3495 507 3567 φασιζόμενοι
539 3493 680 3547 κατὰ
705 3494 831 3556 τοὺς
860 3492 1014 3555 νέους
1026 3494 1369 3563 Φαρισαίους.
1398 3495 1609 3563 Ὥσπερ
1632 3494 1741 3565 γάρ

155 3588 373 3659 ἀληθῶς
403 3588 558 3641 αὐτοὶ
592 3588 902 3658 ἠρνήσαντο
956 3590 1050 3640 τὸν
1104 3586 1233 3641 Υίὸν
1264 3588 1358 3641 τοῦ
1390 3587 1524 3642 Θεοῦ
1578 3589 1742 3659 σαρκὶ

158 3680 476 3751 ἐληλυθότα,
528 3677 668 3734 οὕτω
701 3680 798 3732 καὶ
852 3678 949 3733 νῦν
978 3681 1311 3751 νεοκήρυκες
1359 3682 1433 3753 μὴ
1491 3680 1742 3745 θέλοντες

156 3775 481 3845 προσκυνεῖν
507 3772 600 3825 καὶ
626 3769 952 3835 σεὸάζεσθαι
975 3771 1075 3843 τῆς
1099 3772 1363 3843 ἐνσάρκου
1392 3773 1485 3827 τοῦ
1500 3774 1738 3844 Χριστοῦ

156 3864 481 3936 παρουσίας,
541 3862 771 3932 καὶτῆς
815 3863 960 3918 κατά
1018 3864 1199 3935 σάρκα
1247 3865 1412 3919 αὐτοῦ
1467 3868 1737 3937 ἀχράντου

155 3956 377 4027 Μητρὸς
405 3956 500 4009 καὶ
534 3957 676 4009 κατὰ
709 3954 970 4026 ἀλήθειαν
1019 3954 1281 4009 Θεοτόκου
1317 3957 1411 4009 καὶ
1441 3958 1739 4029 ἀειπαρθέ-

156 4066 253 4103 νου
283 4047 520 4118 Μαρίας,
551 4047 650 4100 καὶ
683 4047 903 4099 πάντων
928 4046 1036 4100 τῶν
1060 4048 1230 4115 ἁγίων
1258 4048 1419 4100 αὑτοῦ
1448 4049 1547 4112 τὰς
1581 4050 1739 4104 σεσα-

157 4138 349 4209 σμίους
380 4137 473 4190 καὶ
497 4136 702 4200 σεπτάς
725 4136 961 4201 εἰκόνας.
981 4136 1139 4190 Ἀλλά
1166 4136 1290 4190 νέαν
1321 4139 1740 4208 κενοτομοῦντες

154 4228 576 4300 ἐτεκτονήσαντο
634 4228 841 4295 πίστιν,
906 4228 1058 4299 παρά
1089 4228 1188 4299 τὴν
1241 4228 1482 4299 ἀρχῆθεν
1538 4230 1740 4285 ἐκτῶν

152 4319 326 4389 ἁγίων
346 4321 504 4392 ἡμῶν
536 4321 793 4391 Πατέρων
827 4320 921 4375 καὶ
949 4319 1206 4391 μαθητῶν
1232 4322 1325 4373 κα)⁸
1348 4320 1606 4392 διαδόχων
1632 4322 1739 4376 τῶν

154 4413 328 4484 ἁγίων
343 4414 655 4469 ἀποστόλων
686 4413 1062 4485 ὑπαρχόντων.
1103 4413 1190 4477 Ὠς
1236 4413 1343 4485 γὰρ
1375 4414 1558 4478 αὐτοῖς
1592 4415 1737 4482 ἔδοξε

152 4505 252 4561 νῦν
280 4506 549 4577 λέγοντες,
581 4505 742 4560 πλέον
777 4505 885 4559 τῶν
916 4505 1087 4574 ἀγίων
1121 4505 1383 4577 Πατέρων
1404 4502 1477 4560 ὧν
1515 4509 1564 4560 οἱ
1591 4507 1737 4576 λόγοι

151 4598 251 4653 καὶ
278 4599 334 4651 αἱ
353 4599 545 4669 ἀρεταὶ
570 4598 850 4669 στήριγμα
873 4598 968 4652 καὶ
998 4598 1168 4670 στήλη
1196 4600 1292 4669 τῆς
1324 4600 1617 4671 καθολικῆς
1642 4602 1737 4655 καὶ

151 4689 515 4759 ἀποπολικῆς
556 4688 1278 4760 Ἐκκλησίας.ὑπάρχουσιν,
1321 4686 1467 4746 οὗτοι
1513 4693 1611 4764 τὴν
1645 4694 1738 4747 πί-

154 4797 271 4835 στιν
291 4780 578 4848 φυλάττειν
601 4778 1059 4844 διαόεὸαιοῦντες.
1107 4782 1220 4845 Τάς
1250 4782 1360 4855 γὰρ
1404 4784 1586 4837 αὐτῶν
1630 4785 1739 4839 τῶν

155 4872 411 4943 Πατὲρων
440 4872 646 4941 φωνὰς,
678 4870 746 4935 ἃς
768 4871 922 4926 αὐτοὶ
950 4872 1166 4943 τρανῶς
1190 4874 1461 4946 ἐκήρυξαν
1481 4877 1609 4946 περὶ
1627 4876 1736 4929 τῶν

156 4963 466 5033 σεϐασμίων
495 4964 588 5018 καὶ
620 4965 1014 5035 προσκυνητῶν
1045 4965 1289 5031 εἰκόνων,
1310 4962 1454 5021 οῦτοι
1487 4970 1535 5021 ei
1564 4969 1739 5022 νεόσοο

156 5076 244 5129 φοι
263 5056 517 5120 λαϐόντες
550 5055 649 5121 τάς
680 5056 860 5121 καλῶς
888 5057 994 5112 ὑπὸ
1022 5058 1132 5112 τῶν
1151 5061 1445 5129 προφητῶν
1479 5060 1737 5132 ῥηθείσας

156 5149 355 5221 φωνάς,
383 5149 523 5203 κατά
552 5148 651 5211 τὰς
692 5149 830 5212 ἰδίας
852 5150 1146 5221 ἐπιθυμίας
1174 5151 1310 5221 πρὸς
1331 5152 1421 5204 τὸν
1457 5152 1582 5205 ἴδιον
1609 5153 1733 5206 νοῦν

158 5239 521 5312 στρεϐλοῦσιν.
577 5241 666 5305 Ὠς
712 5240 822 5311 γὰρ
881 5242 1041 5295 αὐτοὶ
1097 5243 1228 5315 περὶ
1276 5243 1384 5295 τῶν
1440 5244 1734 5296 εἰδωλικῶν

157 5330 355 5398 ξοάνων
375 5332 471 5384 καὶ
498 5332 831 5403 δαιμονικῶν
882 5332 1090 5402 στηλῶν
1134 5332 1445 5403 φράσαντες
1480 5334 1730 5405 εἴρηκαν,

156 5419 296 5479 οῦτοι
328 5426 409 5489 εἰς
432 5423 532 5488 τὰς
559 5424 723 5493 ἁγίας
758 5424 974 5489 είκόνας
995 5424 1368 5496 μετέστρεψαν
1391 5427 1515 5489 τοὺς
1546 5426 1734 5494 ἁγίους

158 5515 397 5587 Πατέρας
422 5516 518 5569 καὶ
556 5515 909 5581 διδασκάλους
948 5516 1047 5587 τῆς
1091 5517 1251 5585 ἁγίας
1302 5519 1397 5571 καὶ
1429 5518 1731 5590 ἀμωμήτου

228 5692 257 5736 ι’
284 5692 445 5751 Prov.
488 5710 604 5760 vni,
640 5695 691 5750 9.

1275 452 1672 516 ADVERSUS
1710 424 2280 512 ICONOCLASTAS.

1766 3265 1812 3325 C

3296 456 3435 524 13εο

1772 572 1814 626 Α
1845 567 2200 635 ρι’ωιίίιτιιθυιη
2222 605 2239 633 ,
2272 568 2345 621 ub
2382 582 2581 623 vanam
2622 568 2893 625 duntaxat
2932 569 3165 642 gloriam
3191 610 3206 636 ,
3250 582 3432 643 pater-

1846 671 1950 711 nas
1983 671 2149 713 voces
2185 656 2551 725 repudiantes
2573 700 2588 722 ,
2624 659 3014 730 adversusque
3051 661 3214 716 fidem
3256 674 3435 718 semet

1846 748 1950 816 ipsi
1976 757 2263 804 armantes
2289 791 2303 812 ,
2335 764 2459 819 quae
2492 760 2648 807 recte
2679 752 2750 806 ab
2783 752 2898 808 illis
2937 752 3089 807 dicta
3126 762 3257 807 sunt
3297 770 3432 809 cuu-

1846 846 2108 907 torquent
2162 840 2354 909 (juxta
2412 843 2764 911 reprobatam
2826 860 2982 900 suam
3043 845 3434 915 turbidamque

1847 940 2085 984 n'entent
2122 930 2475 1003 docentes),
2506 934 2640 999 Quae
2670 936 2988 991 omnimodis
3024 936 3086 991 ob
3122 937 3303 991 oculos
3335 954 3431 1006 po-

1844 1023 1949 1076 sita
1988 1031 2117 1077 sunt
2158 1024 2571 1096 intelligentium
2596 1067 2611 1091 ,
2656 1037 2901 1092 rectaque
2935 1030 3006 1083 iis
3046 1031 3135 1099 qui
3176 1032 3428 1101 cognitio-

1846 1130 1962 1168 nem
2001 1116 2275 1170 inveniunt
2298 1158 2313 1184 ,
2348 1125 2408 1171 ut
2454 1120 2726 1188 scriptum
2757 1127 2844 1175 est
2880 1120 2930 1175 ι’.
2971 1120 3052 1175 llli
3088 1122 3235 1177 enim
3271 1131 3430 1176 aeuta

1846 1220 2100 1275 puraque
2152 1208 2358 1264 mentis
2415 1210 2535 1265 acie
2584 1224 2780 1266 sacras
2828 1211 3103 1267 divinitus
3148 1213 3432 1283 inspirata:

1850 1296 2153 1368 Scriptura:
2182 1300 2346 1356 verba
2375 1302 2619 1371 legentes
2640 1341 2655 1365 ,
2683 1303 2929 1357 divinum
2956 1304 3390 1360 emolumentum
3410 1344 3427 1364 ,

1846 1392 2005 1460 quasi
2033 1393 2325 1461 quemdam
2352 1394 2637 1450 cwlestcm
2660 1394 2982 1450 thesaurum
3003 1436 3018 1461 ,
3048 1395 3163 1452 suis
3181 1398 3429 1468 ipsorum

1846 1482 2139 1537 animabus
2175 1483 2489 1539 recondunt
2522 1504 2536 1539 :
2574 1485 2666 1540 isti
2705 1501 2841 1541 vero
2879 1495 3118 1541 mentem
3157 1501 3284 1540 eum
3330 1486 3428 1538 ha-

1847 1572 2013 1628 beant
2053 1574 2119 1626 ad
2154 1576 2504 1631 mendacium
2539 1593 2873 1647 propensam
2895 1619 2910 1643 ,
2941 1593 3005 1633 ac
3033 1578 3428 1632 nonnullorum

1848 1663 2246 1734 impotentibus
2326 1668 2700 1723 locutionibns
2774 1670 3103 1733 devictam,
3180 1668 3427 1739 profanae

1844 1754 2011 1810 etiam
2066 1756 2316 1812 scientiae
2348 1766 2664 1820 amantem,
2718 1760 2946 1814 illorum
3002 1761 3195 1831 utique
3250 1760 3427 1815 futuri

1848 1858 1981 1904 sunt
2011 1851 2317 1920 participes
2337 1890 2353 1915 ,
2388 1850 2459 1906 de
2487 1851 2692 1919 quibus
2724 1851 2919 1907 beatus
2948 1852 3152 1909 Paulus
3180 1854 3386 1908 scribit
3411 1874 3424 1909 :

1772 1920 1816 1976 Β
1846 1938 1914 1994 In
1948 1942 2137 2009 quibus
2177 1942 2319 1996 Deus
2354 1944 2539 1996 swculi
2570 1942 2730 2011 hujus
2764 1946 3048 1998 excwcavit
3080 1947 3315 2015 cogitata
3348 1949 3427 1999 in-

1844 2030 2082 2099 ﬁdelium
2106 2072 2120 2095 ,
2171 2040 2228 2084 ut
2276 2048 2381 2085 non
2416 2033 2745 2101 resplendeat
2782 2034 2894 2087 illis
2936 2036 3112 2089 lumen
3149 2035 3430 2106 Evangelii

1842 2123 2028 2193 gloria:
2077 2121 2319 2189 Christi,
2369 2125 2459 2193 qui
2509 2134 2588 2178 est
2643 2125 2822 2194 imago
2875 2125 2976 2179 Dei
3007 2138 3053 2182 ο.
3113 2128 3430 2182 Caecutinnt

1843 2212 2031 2277 enim,
2064 2222 2121 2268 et
2162 2222 2295 2268 sunt
2331 2214 2504 2269 duces
2540 2229 2815 2270 caecorum
2854 2234 2868 2270 :
2914 2218 3276 2281 quamobrem
3318 2218 3425 2272 hu-

1838 2304 2084 2375 jusmodi
2115 2306 2284 2360 etiam
2338 2307 2391 2360 in
2442 2306 2657 2361 foveam
2708 2306 2964 2362 incidunt
3017 2309 3298 2364 interitus.
3354 2308 3426 2364 Ut

1843 2398 1990 2452 enim
2018 2398 2257 2468 ipsemet
2284 2396 2538 2453 Salvator
2560 2399 2675 2453 ait:
2712 2398 2898 2454 chus
2932 2416 3127 2454 meum
3159 2402 3207 2455 si
3232 2400 3424 2465 ducat,

1842 2488 1997 2543 ambo
2028 2490 2082 2542 in
2116 2489 2320 2558 [aream
2351 2490 2540 2544 cadent
2577 2489 2629 2545 ά.
2668 2492 2932 2546 Derident
2965 2492 3135 2560 igitur
3166 2494 3424 2547 nonnulli

1842 2577 2036 2635 Patres
2093 2594 2158 2634 ac
2213 2580 2514 2648 magistros
2564 2580 2871 2634 veritatis:
2914 2581 3027 2634 imo
3077 2595 3209 2636 vero
3256 2582 3423 2636 etiam

1842 2672 2116 2727 diabolica
2157 2672 2434 2739 pravitate
2475 2673 2761 2743 proprium
2804 2672 3098 2743 implentes
3135 2671 3425 2734 animum,

1841 2765 2162 2819 adulterare
2189 2763 2444 2817 nituntur
2473 2764 2728 2817 veritatis
2759 2761 3083 2833 mysterium
3104 2800 3121 2826 ,
3151 2760 3290 2814 nihil
3317 2774 3427 2814 non

1841 2869 1872 2909 e
1913 2855 2092 2910 medio
2134 2854 2325 2909 tollere
2378 2853 2666 2909 studentes
2703 2853 3178 2924 dispensationem
3222 2848 3427 2919 Unige-

1842 2950 1945 3004 niti
2002 2949 2303 3004 secundum
2355 2962 2578 3003 carnem
2603 2987 2618 3012 ,
2660 2964 2764 3001 non
2798 2946 3148 3016 intelligentes
3180 2960 3273 2999 nec
3306 2958 3428 3014 qua:

1840 3041 2055 3103 dicunt,
2088 3056 2180 3095 nec
2214 3039 2277 3094 de
2311 3040 2499 3109 quibus
2530 3039 2785 3108 a/ﬁrment
2824 3048 2870 3104 ο,
2896 3036 3056 3108 juxta
3090 3034 3239 3107 quod
3273 3032 3425 3089 Scri-

1842 3142 2004 3204 ptura
2035 3133 2191 3186 dicit.

1914 3227 1970 3281 2.
2014 3224 2337 3279 luventores
2377 3238 2546 3293 porro
2588 3222 2910 3294 hujusmodi
2952 3221 3258 3293 impietatis
3300 3220 3423 3276 fue-

1845 3329 1976 3373 runt
2007 3316 2230 3387 quidem
2264 3323 2318 3370 et
2350 3314 2440 3368 alii
2476 3316 2665 3385 plures
2701 3330 2797 3386 per
2823 3314 3110 3386 superiora
3138 3322 3426 3383 tempora;

1842 3423 1987 3463 nunc
2022 3422 2149 3460 vero
2186 3406 2410 3459 illorum
2442 3404 2710 3460 facinoris
2750 3405 2842 3460 isti
2882 3420 3058 3460 novas
3098 3403 3429 3474 proﬁtentes

1842 3515 2063 3561 causas,
2091 3498 2249 3567 quasi
2279 3498 2408 3552 novi
2437 3497 2729 3555 Pharisaei.
2762 3496 3244 3563 Quemadmodum
3274 3496 3425 3552 enim

1842 3605 2032 3645 revera
2064 3590 2140 3643 illi
2175 3598 2448 3660 negarunt
2483 3589 2686 3643 Filium
2719 3588 2812 3643 Dei
2846 3604 3015 3643 carne
3048 3590 3311 3655 venisse;
3345 3588 3427 3641 sic

1842 3693 1896 3737 et
1947 3696 2093 3736 nunc
2142 3682 2269 3736 novi
2310 3682 2400 3737 isti
2442 3682 2869 3751 praedicatores,
2922 3681 3052 3735 dum
3095 3682 3288 3735 nolunt
3327 3680 3427 3734 ad.

1841 3792 2001 3831 orare
2031 3787 2081 3829 et
2114 3775 2295 3829 colere
2325 3775 2592 3829 adventus
2619 3774 2826 3829 Christi
2865 3774 2919 3827 in
2954 3789 3121 3827 carne
3144 3812 3160 3836 ,
3192 3773 3427 3842 ejusque

1843 3868 2152 3922 secundum
2178 3882 2403 3919 carnem
2431 3866 2795 3918 immaculata:
2822 3865 3015 3919 Matris
3038 3880 3273 3934 vereque
3299 3864 3425 3919 Dei-

1844 3974 1993 4027 pura:
2020 3974 2084 4011 ac
2110 3972 2328 4026 semper
2358 3953 2599 4025 Virginis
2622 3956 2843 4018 Mat-iw,
2869 3955 2996 4009 item
3021 3956 3265 4008 omnium
3294 3970 3422 4009 san-

1842 4058 2056 4103 ctorum
2096 4047 2215 4115 ejus
2257 4047 2547 4116 religiosas
2596 4045 3069 4115 honorandasque
3124 4046 3421 4117 imagines.

1844 4138 1950 4195 Sed
1989 4155 2183 4193 novam
2227 4140 2390 4193 novis
2428 4139 2595 4192 rebus
2636 4138 2928 4193 studentes
2959 4138 3317 4194 adornarunt
3360 4142 3418 4193 li-

1840 4230 1964 4284 dcm
1990 4270 2005 4294 ,
2039 4236 2235 4282 contra
2272 4237 2437 4298 atque
2478 4230 2547 4282 ab
2588 4228 2747 4283 initio
2787 4229 3106 4297 accepimus
3146 4243 3175 4282 a
3215 4231 3425 4283 sanctis

1842 4319 2052 4375 nostris
2086 4318 2353 4374 Pati-ibus
2372 4358 2387 4383 ,
2419 4317 2716 4389 discipulis
2744 4333 2808 4373 ac
2837 4318 3262 4373 successoribus
3290 4334 3425 4389 apo-

1838 4411 2102 4466 stolorum
2126 4419 2466 4464 sanctorum.
2491 4408 2963 4476 Quemadmodum
2998 4410 3142 4463 enim
3184 4411 3319 4480 ipsis
3344 4412 3424 4465 vi-

1841 4517 1964 4557 sum
2001 4510 2085 4555 est
2118 4516 2266 4555 nunc
2297 4500 2517 4562 dicere,
2554 4501 2756 4555 melius
2789 4516 2954 4569 quam
2987 4503 3162 4557 sancti
3197 4502 3422 4566 Patres.

1768 4615 1814 4670 ι)
1843 4609 2086 4665 quorum
2124 4592 2287 4647 verba
2326 4603 2378 4671 et
2413 4593 2652 4647 virtutes
2684 4591 2923 4648 fulcrum
2961 4603 3092 4648 sunt
3128 4605 3295 4665 atque
3330 4614 3423 4650 cn-

1843 4688 2031 4742 lumna
2056 4685 2347 4740 catholica
2377 4695 2429 4737 et
2457 4683 2773 4752 apostolicae
2802 4682 3067 4738 Ecclesia:
3090 4726 3106 4749 ,
3139 4687 3229 4739 isti
3261 4688 3421 4740 tidem

1841 4796 1901 4837 se
1939 4766 2166 4834 servare
2207 4777 2559 4846 proliteutur.
2609 4774 2681 4828 At
2718 4775 2866 4829 enim
2911 4777 3157 4845 ipsorum
3195 4777 3422 4832 Patrum

1842 4888 2047 4935 voces,
2088 4882 2229 4941 quas
2275 4869 2379 4939 ipsi
2424 4867 2735 4923 luculenter
2774 4869 3218 4939 dcprmdicarunt
3273 4870 3423 4925 circa

1841 4963 2186 5020 venerandus
2218 4961 2650 5027 adorandasque
2686 4960 2961 5031 imagines
2984 5001 2998 5023 .
3037 4961 3129 5016 isti
3167 4960 3292 5015 novi
3326 4975 3423 5015 sa-

1838 5057 2055 5127 pientes
2099 5054 2264 5125 (dum
2316 5055 2595 5123 arripiunt
2639 5069 2762 5123 quae
2813 5055 3155 5123 caateroquin
3211 5053 3348 5109 bene
3388 5067 3420 5107 a

1842 5150 2131 5221 prophetis
2168 5148 2509 5201 anuuntiata:
2553 5153 2688 5200 sunt
2736 5146 2964 5214 voces).
3003 5144 3162 5214 juxta
3194 5143 3420 5214 propria

1805 5220 2116 5296 desideria
2148 5237 2214 5290 ad
2255 5238 2531 5306 propriam
2583 5246 2821 5291 mentem
2868 5245 3214 5305 pervertunt.
3253 5235 3418 5301 Qua:-

1839 5349 2057 5405 cunque
2086 5332 2290 5385 etenim
2329 5330 2409 5383 illi
2445 5332 2510 5384 de
2546 5330 2822 5383 idolorum
2858 5328 3088 5383 statutis
3118 5344 3183 5384 ac
3213 5329 3419 5383 daemo-

1840 5425 2020 5479 niacis
2081 5423 2262 5478 titulis
2313 5421 2482 5476 locuti
2519 5421 2815 5485 dixerunt,
2856 5419 2944 5475 isti
2981 5420 3251 5477 adversus
3283 5436 3416 5477 salt-

1840 5526 1961 5573 (‘tas
1989 5517 2259 5585 imagines
2286 5514 2622 5585 detorquent
2651 5522 2875 5571 sanctos
2907 5513 3101 5571 Patres
3132 5522 3189 5570 et
3221 5511 3417 5568 docto-

775 5706 794 5731 π
829 5693 867 5749 ΙΙ
897 5694 1023 5751 Cor.
1070 5710 1139 5759 Iv,
1174 5696 1226 5749 nl.
1303 5695 1325 5735 τι
1365 5696 1552 5750 Matth.
1580 5713 1667 5761 xv,
1700 5696 1781 5749 Η.
1867 5706 1891 5735 θ
1925 5694 1936 5747 Ι
1972 5693 2115 5747 Tim.
2152 5711 2186 5755 ι,
2231 5696 2283 5749 7.

1687 5791 1897 5848 ΝΟΤίΕ
1908 5830 1923 5847 .

224 5882 298 5956 (ὅ)
337 5880 661 5953 Ὀξυδερκεί.

1922 5882 1998 5947 (’4)
2029 5882 2376 5953 Καθαίρεσιν.
