3882 6356
462 382 600 452 1355

1967 379 2341 441 ADDENDA.

3674 393 3805 460 1356

456 498 670 556 versari
696 497 924 570 poterit,
947 511 1011 552 ae
1043 496 1177 567 quin
1208 505 1391 553 tamen
1415 496 1738 570 mysterium
1763 494 2035 551 edissercr

2140 497 2516 567 ,ἐκπλαγῆναι
2609 502 2699 553 καὶ
2794 504 3124 571 προσκυνεῖν
3193 506 3254 558 τὸ
3339 507 3496 560 θεῖον
3596 512 3799 579 μυστή-

458 598 627 663 queat
646 631 661 655 ,
690 589 938 646 revereri
968 588 1106 643 illud
1138 597 1193 644 et
1229 589 1485 644 adorare.

529 686 582 739 7.
630 681 807 737 Filius
835 696 968 751 ergo
1001 680 1093 736 Dei
1126 680 1224 751 qui
1259 680 1518 751 nuspiam
1549 676 1673 751 capi
1709 684 1928 749 potest,
1965 678 2038 733 in-

456 790 682 847 gressus
717 783 804 829 est
845 783 1101 829 sanctam
1152 772 1474 846 Virginem,
1526 773 1945 843 assumpsitque
1990 788 2053 827 ex

455 873 657 922 natura
709 864 901 921 carnis
947 863 1133 929 illius,
1190 866 1482 934 univitque
1536 864 1775 936 proprize
1825 863 2057 919 deitatis

458 957 745 1029 ltypostasi
779 971 1007 1012 carnem
1055 964 1263 1012 nostrae
1303 955 1886 1021 consubstantialem,
1934 955 2056 1010 ani-

457 1066 544 1105 ma
575 1059 630 1106 et
663 1049 881 1105 ratione
924 1049 1213 1119 praeditam
1240 1088 1254 1113 ,
1304 1062 1415 1120 qua
1468 1049 1585 1119 ipse
1632 1046 1789 1103 solus
1841 1045 2059 1103 ratione

456 1141 632 1194 novit.
660 1137 930 1193 Pratl‘atus
956 1137 1106 1194 enim
1137 1152 1297 1203 sum,
1322 1137 1470 1207 quod
1508 1151 1688 1207 neque
1720 1150 1878 1191 mens
1906 1148 2059 1190 com-

457 1233 810 1301 prehendere
848 1228 1039 1297 'valet,
1077 1245 1259 1301 neque
1292 1229 1473 1285 oratio
1520 1243 1801 1298 exponere
1833 1234 2058 1298 potest,

455 1341 635 1396 neque
661 1324 826 1381 debet
855 1324 1023 1380 homo
1053 1339 1151 1395 per
1179 1323 1464 1378 naturales
1497 1321 1692 1377 modos
1722 1320 2060 1391 investigare

455 1415 600 1484 quod
652 1415 983 1482 investigari
1028 1414 1359 1485 inquirique
1392 1413 1740 1483 impossibile
1771 1420 1881 1467 est.
1916 1410 2058 1465 Cum

458 1510 633 1580 igitur
670 1508 944 1564 univisset
980 1508 1089 1565 sibi
1147 1512 1434 1576 acceptam
1487 1521 1552 1561 ex
1608 1506 1704 1559 illa
1759 1511 2059 1570 naturam,

453 1602 630 1656 crevit
661 1603 755 1671 qui
791 1616 1047 1656 crescere
1082 1608 1284 1655 nactus
1324 1616 1433 1654 non
1488 1607 1574 1654 est
1627 1597 1721 1652 Dei
1771 1595 1952 1651 Filius
2000 1597 2056 1652 in

453 1693 681 1764 propria
718 1707 887 1747 carne
923 1692 1167 1745 animata
1205 1691 1387 1745 anima
1422 1689 1686 1744 rationali
1732 1696 1787 1742 et
1834 1686 2055 1743 intelle-

454 1786 615 1840 tuali.
651 1783 762 1841 Nec
798 1793 981 1837 tamen
1014 1783 1282 1838 amittens
1314 1781 1463 1852 quod
1516 1788 1639 1836 erat
1689 1778 1786 1834 Dei
1840 1779 2054 1848 Filius,

2161 607 2295 658 ριον.

2232 680 2296 743 ζ’.
2342 680 2401 735 Ὀ
2430 676 2524 737 οὖν
2556 684 2683 749 Υἱὸς
2705 684 2802 739 τοῦ
2835 685 2971 741 Θεοῦ
3017 687 3048 740 6
3077 688 3365 761 ἀχώρητος
3392 693 3685 764 grai-15.0”
3729 700 3796 760 EE;
3838 696 3851 703 ,

2162 771 2261 843 τὴν
2281 771 2443 840 ἁγίαν
2463 774 2760 847 Παρθένον,
2783 778 2877 832 καὶ
2896 779 3196 837 ἐπελάϐετο
3229 786 3293 837 ἐκ
3315 786 3429 854 τῆς
3446 787 3690 856 φύσεως
3709 792 3795 860 τῆς

2163 864 2367 934 σαρκὸς
2396 864 2589 937 αὐτῆς,
2623 870 2715 921 καὶ⁹
2744 870 2923 941 ἦνωσε
2951 874 3019 945 τῇ
3076 874 3185 945 ἰδίᾳ
3211 876 3311 946 τῆς
3340 878 3633 950 θεότητος
3662 884 3791 935 ὑπο-

2162 957 2353 1010 στάσει
2381 957 2563 1030 σάρκα
2592 960 2689 1032 τὴν
2711 963 2846 1033 ἡμῖν
2869 965 3177 1035 ὀμοούσιον,
3200 966 3459 1040 ἔμψυχόν
3490 989 3561 1024 τε
3590 975 3693 1027 καὶ
3718 977 3794 1027 ἒν-

2159 1061 2306 1112 νουν,
2347 1047 2425 1111 ὼς
2453 1048 2616 1112 αὐτὸς
2648 1050 2811 1120 μόνος
2831 1048 2961 1107 οἶδε.
3019 1055 3289 1125 Προείπον
3337 1059 3460 1130 γάρ
3523 1062 3625 1115 ὅτι
3679 1064 3793 1117 οὗτε

2160 1135 2286 1200 νοῦς
2319 1139 2725 1194 καταλαϐέσθαι
2772 1143 2972 1214 ἰσχύει,
3013 1144 3141 1198 οὔτε
3194 1146 3354 1217 λόγος
3418 1154 3789 1222 παραστῆσαι

2159 1226 2411 1295 δύναται,
2445 1230 2565 1284 οὔτε
2589 1232 2793 1302 ὀφείλει
2839 1234 3127 1307 ἄνθρωπος
3156 1240 3513 1310 φυσιολογεῖν
3549 1244 3620 1296 τὸ
3644 1245 3785 1310 ἀνεξ-

2166 1320 2444 1390 ιχνίαστον
2506 1325 2598 1377 καὶ
2630 1324 3051 1399 ἀνεξερεύνητον
3087 1332 3342 1401 πρᾶγμα.
3411 1334 3676 1399 Ἐνώσας
3701 1339 3786 1391 οὖν

2159 1413 2339 1483 ἑαυτῷ
2365 1413 2464 1486 τὴν
2495 1415 2555 1482 ἐξ
2587 1417 2761 1488 αὐτῆς
2810 1420 3113 1491 ληφθεῖσαν
3143 1422 3328 1492 φύσιν,
3357 1425 3531 1497 ηὔξει
3559 1431 3593 1482 6
3629 1431 3787 1485 dm-

2160 1501 2257 1573 ξὴς
2287 1504 2416 1568 Υἱὸς
2442 1506 2537 1560 τοῦ
2559 1508 2694 1561 Θεοῦ
2732 1513 2796 1581 τῇ
2839 1512 2945 1584 ίδίᾳ
2974 1515 3160 1584 σαρκὶ,
3193 1517 3595 1594 ἐμψυχωμένῃ
3638 1523 3780 1593 ψυχῇ

2161 1594 2347 1667 λογικῇ
2371 1614 2432 1649 τε
2467 1600 2560 1653 καὶ
2582 1604 2763 1672 νοερᾷ.
2791 1604 2899 1657 Καὶ
2926 1605 3000 1676 μὴ
3031 1607 3261 1677 τραπεὶς
3282 1610 3312 1661 6
3345 1611 3480 1676 Υἱὸς
3512 1615 3623 1667 τοῦ
3649 1615 3778 1669 Θεοῦ

2160 1686 2296 1777 ὅπερ
2329 1682 2418 1758 ἦν,
2450 1690 2665 1757 ἐγένετο
2699 1691 2898 1762 βρέφος
2926 1697 2983 1748 ὲν
3024 1699 3093 1767 τῇ
3139 1699 3319 1770 κοιλίᾳ
3368 1702 3477 1773 τῆς
3542 1708 3775 1777 μητῴς,

2162 1776 2273 1829 Καὶ
2313 1780 2650 1866 άπετελέσθη
2693 1783 2887 1848 ἓνωσις
2944 1785 3252 1858 ἀδιαίρετος
3306 1794 3404 1847 καὶ
3461 1776 3777 1866 άσύγχοτος

454 1877 633 1930 l'actus
661 1882 747 1930 est
783 1872 968 1927 infans
1002 1872 1056 1925 in
1092 1882 1253 1928 utero
1284 1871 1505 1927 matris.
1534 1871 1938 1941 Completaque
1972 1876 2039 1925 es1

2161 1858 2411 1937 θεότητός
2430 1886 2488 1922 τε
2511 1872 2604 1924 καὶ
2623 1872 3045 1945 ἀνθρωπότητος
3065 1893 3077 1905 ·
3116 1878 3212 1931 καὶ
3246 1878 3355 1934 ἰδοὺ
3394 1883 3427 1935 6
3469 1858 3776 1955 ἀσώματος

454 1967 630 2020 unitio
669 1966 945 2020 indivulsa
978 1972 1031 2019 et
1072 1963 1372 2020 inconfusa
1417 1962 1731 2019 divinitatis
1779 1961 1947 2017 simul
1991 1968 2047 2017 et

450 2057 857 2122 humanitatis,
895 2065 1119 2126 propter
1148 2071 1313 2125 quam
1362 2069 1494 2111 ecce
1536 2054 1635 2125 qui
1679 2053 2046 2125 incorporeus

449 2160 536 2206 est
567 2159 621 2205 et
655 2147 1034 2216 intangibilis,
1071 2160 1382 2217 corporeus
1418 2145 1599 2201 factus
1648 2152 1733 2201 est
1779 2142 2046 2216 tangique

450 2249 633 2312 potest
660 2260 672 2295 :
707 2248 761 2295 et
792 2239 886 2310 qui
918 2247 1050 2295 ante
1078 2238 1267 2294 omnia
1300 2238 1505 2295 saecula
1551 2252 1618 2292 ex
1666 2236 1832 2293 Patre
1877 2247 2044 2293 natus

446 2340 570 2396 est,
602 2344 732 2385 ecce
764 2328 1023 2385 idemtnet
1067 2329 1235 2384 etiam
1284 2343 1353 2383 ex
1404 2335 1600 2383 saneta
1632 2325 1867 2397 Virgine
1909 2340 2044 2381 caro

450 2423 637 2481 factus
669 2423 925 2479 nascitur
952 2442 964 2477 :
998 2420 1209 2493 quique’
1240 2435 1269 2475 a
1300 2432 1536 2490 paterno
1582 2418 1708 2474 sinu
1756 2432 2042 2489 nunquam

447 2516 722 2583 recessit,
769 2514 1146 2584 universaque
1188 2513 1507 2569 divinitatis
1553 2511 1761 2566 virtute
1800 2510 2042 2580 comple-

446 2607 639 2669 ctitur,
666 2615 720 2658 et
749 2603 934 2657 omnia
961 2602 1324 2671 omnipotenti
1360 2600 1408 2653 vi
1442 2599 1714 2661 continet,
1745 2597 1889 2651 idem
1923 2596 2043 2667 ipse

447 2696 627 2750 tactus
661 2695 826 2748 homo
876 2708 942 2747 ex
986 2700 1180 2748 saneta
1213 2690 1439 2760 Virgine
1489 2703 1555 2744 ex
1602 2702 1781 2757 eaque
1830 2692 2037 2748 natus,

441 2785 592 2855 jacet
625 2783 681 2838 in
705 2782 977 2854 pnesepio
1002 2798 1159 2853 puer,
1182 2779 1367 2835 fasciis
1389 2779 1899 2843 involutus,sancta
1916 2774 2040 2831 Vir-

444 2879 592 2949 gine,
615 2876 829 2947 virgine
852 2885 1128 2930 manente.
1143 2871 1268 2928 Haec
1288 2874 1431 2928 enim
1448 2872 1639 2928 divina
1661 2876 1809 2928 sunt.
1833 2869 2039 2937 Quem-

442 2970 741 3027 admodum
780 2984 1018 3039 namque
1055 2968 1237 3022 unitio
1268 2967 1461 3022 carnis
1491 2973 1547 3019 et
1582 2964 1897 3020 divinitatis
1934 2964 2039 3018 im-

445 3061 891 3133 pervcstigabilis
923 3068 1003 3115 est
1027 3101 1043 3123 ,
1078 3060 1160 3114 sic
1195 3067 1250 3114 et
1294 3058 1579 3114 nativitas.
1625 3054 1815 3111 Potuit
1860 3054 2038 3126 siqui-

443 3152 564 3207 dem
601 3151 850 3207 divinum
889 3149 1131 3207 Verbum
1162 3150 1312 3222 quod
1346 3150 1706 3221 omnipotens
1737 3156 1825 3205 est
1872 3162 2033 3203 vera-

2153 1959 2249 2012 καὶ
2282 1959 2638 2033 ἅψη).άφητος
2660 1965 3059 2035 σεσωμάτωται
3086 1969 3181 2023 καὶ
3211 1971 3545 2042 ψηλαφᾶται
3566 1994 3585 2008 ο
3630 1980 3726 2031 καὶ
3747 1984 3771 2032 ὁ

2150 2052 2260 2122 πρὸ
2289 2054 2509 2108 πάντων
2540 2056 2649 2109 τῶν
2695 2056 2912 2112 αἰώνων
2957 2060 3022 2114 έκ
3045 2061 3142 2114 τοῦ
3186 2064 3403 2136 Πατρὸς
3451 2072 3773 2142 γεννηθεὶς,

2155 2140 2264 2195 ίδοὺ
2293 2144 2455 2209 αὐτὸς
2482 2146 2577 2198 καὶ
2606 2148 2671 2201 ἐκ
2693 2147 2795 2217 τῆς
2824 2149 2987 2217 ἁγίας
3018 2152 3301 2224 Παρθένου
3327 2140 3775 2232 σεσαρκωμένος

2149 2234 2409 2300 γεννᾶται
2431 2251 2443 2265 ·
2480 2237 2575 2290 καὶ
2593 2239 2621 2291 6
2650 2238 2757 2292 τῶν
2779 2239 2999 2294 κόλπων
3035 2243 3145 2297 τῶν
3173 2248 3464 2317 πατρικῶν
3487 2251 3572 2320 μὴ
3609 2271 3771 2323 χωρι-

2151 2323 2321 2390 σθεὶς,
2357 2328 2452 2381 καὶ
2509 2328 2578 2382 τὰ
2630 2328 2925 2401 σύμπαντα
2979 2336 3045 2405 τῇ
3090 2335 3317 2407 δυνάμει
3361 2338 3466 2408 τῆς
3500 2341 3769 2415 θεότητος

2151 2414 2412 2485 συνέχων,
2471 2421 2565 2472 καὶ
2592 2419 2703 2474 τῶν
2730 2422 2947 2475 πάντων
2981 2426 3047 2495 τῇ
3083 2436 3570 2503 παντοκρατορικῇ
3600 2433 3768 2489 δυνά-

2151 2521 2243 2595 μει
2264 2505 2788 2579 περιδραττόμενος,
2822 2513 2851 2563 6
2884 2512 3051 2576 αὐτὸς
3080 2516 3512 2590 ὲνανθρωπήσας
3538 2524 3612 2575 ἐκ
3664 2525 3765 2595 τῆς

2146 2593 2310 2661 ἁγίας
2334 2595 2617 2666 Παρθένου
2650 2600 2742 2652 καὶ
2772 2600 3076 2673 γεννηθεὶς,
3110 2609 3287 2660 κεῖται
3315 2609 3372 2660 ὲν
3407 2612 3596 2683 φάτνῃ
3630 2593 3764 2668 παι-

2145 2683 2256 2739 δίον
2283 2688 2800 2761 ἐσπαργανωμένον,
2832 2694 2931 2765 τῆς
2958 2696 3118 2763 ἁγίας
3147 2698 3423 2769 Παρθένου
3468 2705 3761 2775 παρθένου

2147 2778 2431 2870 μεινάσης.
2461 2780 2543 2833 Τὰ
2588 2782 2698 2854 γὰρ
2723 2783 2842 2838 θεῖα
2886 2785 3113 2842 τοιαῦτά
3145 2789 3280 2843 ἐστι.
3308 2791 3524 2864 Ὥσπερ
3564 2796 3684 2869 γὰρ
3726 2804 3759 2870 η

2143 2867 2339 2933 ἓνωσις
2377 2872 2476 2940 τῆς
2509 2873 2711 2942 σαρκὸς
2759 2874 2853 2927 καὶ
2883 2877 2981 2947 τῆς
3012 2876 3267 2948 θεότητος
3292 2867 3753 2956 ἀνεξερεύνητος,

2143 2959 2287 3015 οὕτω
2313 2961 2408 3015 καὶ
2434 2964 2467 3035 ἡ
2498 2965 2771 3035 γέννησις.
2818 2968 3077 3041 Ἐδυνήθη
3112 2972 3221 3044 γὰρ
3248 2975 3276 3027 6
3314 2973 3458 3039 θεῖος
3500 2978 3689 3048 Λόγος
3728 2986 3757 3034 6

2142 3053 2554 3127 παντοδύναμος
2584 3056 2725 3112 κατὰ
2773 3059 3036 3131 ἀλήθειαν
3077 3066 3428 3136 σαρκωθῆναι
3457 3071 3556 3123 καὶ
3590 3074 3753 3136 ἐναν-

2143 3142 2433 3237 θρωπῆσαι
2457 3146 2516 3237 ὲν
2546 3149 2613 3218 τῇ
2636 3149 2925 3223 Δεσποίνῃ,
2961 3153 3055 3207 καὶ
3084 3134 3412 3228 γεννηθῆναι
3450 3159 3512 3227 ἐξ
3546 3134 3749 3237 αὐτές,

443 3241 580 3297 citer
615 3239 897 3295 incarnari
928 3248 984 3296 et
1025 3240 1189 3296 homo
1236 3239 1355 3295 fieri
1414 3239 1468 3294 in
1524 3238 1755 3293 Domina
1805 3245 2026 3304 nostra,

2140 3233 2227 3326 καὶ
2248 3233 2348 3326 τὴν
2381 3235 2681 3306 παρθενίαν
2698 3219 3147 3315 ἐσφραγισμένην
3170 3219 3520 3317 διαξολάξαί,
3546 3219 3749 3326 ὥσπερ

443 3334 715 3403 nascique
745 3348 810 3388 ex
841 3333 965 3400 illa,
997 3348 1061 3386 ac
1093 3331 1470 3403 virginitatem
1502 3330 1627 3402 ejus
1654 3329 1817 3401 quasi
1845 3329 2031 3400 sigillo

444 3424 715 3478 munitam
764 3437 1146 3489 conservare;
1202 3438 1312 3493 quo
1364 3429 1527 3493 parto
1585 3422 1798 3478 scilicet
1841 3422 2029 3493 januis

440 3517 610 3570 etiam
643 3515 852 3570 clausis
886 3515 1041 3570 stetit
1070 3515 1127 3569 in
1163 3514 1349 3570 medio
1382 3513 1815 3582 discipulorum.

514 3607 566 3662 8.
616 3606 987 3672 Quamobrem
1045 3616 1236 3661 sancta
1287 3612 1340 3662 et
1409 3605 1716 3675 apostolica
1780 3603 2029 3660 Ecclesia

444 3716 565 3770 qum
597 3706 727 3755 sunt
757 3698 943 3754 divina
990 3698 1177 3753 omnia
1235 3706 1488 3768 prompte
1532 3697 1805 3767 suscipit,
1844 3697 2027 3752 omnia

444 3791 705 3853 tideliter,
756 3791 944 3845 omnia
989 3789 1277 3844 incuriose
1331 3796 1633 3845 veneratur
1660 3796 1715 3844 et
1748 3786 1949 3843 adorat
1976 3794 2029 3844 et

442 3884 596 3938 colit.
645 3881 766 3954 Ipse
800 3897 935 3954 ergo
985 3881 1081 3939 Dei
1129 3879 1306 3939 Filius
1354 3880 1502 3939 Deus
1556 3896 1747 3946 verus,
1804 3887 2031 3952 propter

442 3985 698 4031 nostram
757 3974 994 4029 salutem
1059 3989 1196 4044 puer
1252 3982 1420 4030 natus
1494 3987 1749 4029 crescere
1820 3972 2032 4027 dicitur

443 4067 667 4138 pr0pria
723 4080 911 4132 carne,
961 4068 1173 4123 nostris
1225 4067 1533 4138 inculpatis
1565 4065 1870 4136 assumptis
1903 4080 2031 4136 pas-

442 4157 694 4213 sionibus
718 4197 734 4223 ,
758 4172 822 4212 ac
840 4159 1097 4228 proﬁcere
1155 4158 1420 4228 sapientia
1470 4167 1629 4228 atque
1679 4166 1839 4212 wtate
1879 4158 1932 4222 ὶι,
1965 4171 2031 4213 eo

441 4250 588 4319 quod
657 4250 923 4321 paulatim
981 4251 1177 4305 isthmc
1232 4250 1591 4313 ostenderet,
1642 4266 1753 4321 quo
1798 4250 2029 4305 demon-

441 4349 647 4395 straret
681 4343 903 4410 proprie
946 4356 1188 4410 vereque
1218 4340 1393 4396 fuisse
1426 4341 1886 4397 incarnationem.
1920 4341 2027 4399 Dc-

442 4429 664 4498 fatigari
730 4431 895 4484 etiam
951 4430 1177 4497 dicitur,
1242 4431 1505 4496 esurire,
1550 4433 1742 4497 sitire,
1802 4442 1857 4488 ct
1909 4451 2028 4488 cum

2131 3321 2226 3378 οὖν
2244 3325 2435 3396 ἀμέλει
2453 3330 2548 3383 καὶ
2574 3330 2682 3386 τῶν
2706 3331 2887 3406 θυρῶν
2915 3335 3321 3408 κεκλεισμένων
3342 3340 3475 3415 ἔστη
3504 3346 3569 3398 ἐν
3590 3321 3747 3419 μέσιρ

2132 3418 2239 3499 τῶν
2273 3419 2553 3491 μαθητῶν.

2203 3599 2273 3662 η’.
2314 3593 2415 3649 Διά
2448 3594 2609 3651 τοῦτο
2647 3598 2683 3669 ἡ
2719 3599 2850 3668 ἁγία
2898 3602 2995 3655 καὶ
3035 3606 3376 3679 άποστολικὴ
3434 3607 3737 3684 Ἐκκλησία

2134 3684 2313 3741 πάντα
2339 3688 2611 3754 εὐπειθῶς
2638 3690 2705 3744 τά
2742 3691 2862 3746 θεῖα
2888 3694 3240 3767 ἀποδέχεται,
3278 3698 3463 3755 πάντα
3497 3705 3733 3768 πιστῶς,

2135 3777 2315 3834 πάντα
2345 3780 2864 3853 άπολυπραγμόνως
2893 3784 3046 3839 σέϐει
3069 3787 3165 3840 καὶ
3199 3795 3507 3862 προσκυνεί
3531 3796 3631 3848 καὶ
3658 3813 3738 3849 τι·

2137 3870 2232 3940 μᾷ.
2266 3870 2441 3935 Αὐτὸς
2471 3866 2565 3926 οὖν
2597 3874 2625 3926 6
2648 3872 2776 3937 Υἱὸς
2808 3874 2945 3929 Θεοῦ
2976 3878 3004 3929 6
3033 3877 3287 3949 ἀληθινὸς
3321 3879 3482 3950 Θεὸς,
3512 3884 3606 3939 διὰ
3639 3888 3735 3958 τὴν

2130 3962 2414 4033 ἡμετέραν
2450 3966 2729 4037 σωτηρίαν
2761 3968 2976 4022 παιδίον
3010 3971 3317 4041 γεννηθεὶς,
3350 3974 3543 4042 αὔξειν
3580 3977 3733 4045 λέγε-

2130 4070 2223 4108 ται
2245 4057 2310 4126 τῇ
2332 4056 2437 4128 ίδίᾳ
2458 4059 2645 4128 σαρκὶ,
2668 4059 2738 4113 τὰ
2764 4060 3014 4133 ἡμέτερα
3029 4062 3403 4134 οἰκειούμενος
3429 4069 3731 4143 nautarum

2133 4147 2306 4219 πάθη,
2336 4149 2432 4203 καὶ
2462 4151 2828 4220 προκόπτειν
2864 4157 3054 4224 σοφίᾳ
3104 4158 3202 4211 καί
3239 4158 3455 4228 ἡλικίᾳ
3500 4162 3593 4217 διά
3631 4168 3728 4235 τὴν

2133 4240 2277 4293 κατὰ
2308 4242 2474 4312 μέρος
2505 4240 2799 4309 ἀνάδειξιν,
2852 4244 3002 4310 ὅπως
3032 4246 3180 4321 δείξῃ
3226 4250 3436 4322 κυρίως
3467 4256 3560 4308 καὶ
3591 4259 3728 4311 κατὰ

2133 4332 2393 4404 ἀλήθειαν
2425 4331 2564 4390 εἶναι
2592 4337 2692 4407 τὴν
2722 4336 3163 4411 ένανθρώπησιν.
3193 4344 3305 4397 Καὶ
3337 4349 3539 4418 κοπιᾷν
3574 4348 3726 4415 λέγε⁸

2130 4441 2243 4487 ται,
2269 4424 2360 4477 καὶ
2378 4429 2570 4499 πεινῇν
2600 4428 2697 4481 καὶ
2731 4427 2918 4501 διψῇν,
2947 4431 3043 4484 καὶ
3069 4431 3193 4498 τοῖς
3210 4434 3555 4506 ἀνθρώποις
3579 4457 3725 4497 συτό

441 4520 743 4576 bominibus
773 4532 1111 4579 conversatus
1158 4524 1324 4593 fuisse
1353 4524 1397 4590 ί,
1429 4525 1644 4580 docens
1696 4540 1760 4578 ae
1813 4524 2027 4579 illumi-

2140 4516 2619 4587 αναστραφῆναι,
2650 4520 2866 4586 διδάξας
2901 4521 2997 4577 κα)⁸
3050 4525 3322 4594 φωτίσας
3383 4529 3587 4587 πάντα
3624 4535 3727 4588 ἆν-

439 4628 574 4667 nans
604 4629 808 4669 omnem
842 4616 1101 4672 hominem
1134 4617 1422 4672 venientem
1473 4618 1525 4670 in
1561 4616 1838 4671 mundum.
1904 4618 2025 4688 Ipse

437 4703 585 4760 enim
617 4713 701 4761 est
728 4706 822 4759 lux
858 4724 979 4762 vera
1016 4709 1062 4761 ιι.

506 4798 562 4853 9.
596 4797 868 4855 Caeterum
926 4807 1151 4870 propter
1204 4801 1531 4855 immensam
1570 4814 1727 4855 suam
1766 4799 2020 4871 benigni-

433 4893 604 4943 tatem
638 4903 836 4958 passus
859 4903 1079 4959 quoque
1108 4898 1193 4944 est
1230 4904 1398 4945 carne
1429 4892 1679 4961 propria.
1718 4888 1840 4961 Ipse
1870 4892 2017 4947 enim

2130 4611 2367 4677 θρωπον
2386 4610 2717 4682 ἐρχόμενον
2740 4614 2827 4680 εις
2851 4613 2961 4669 τὸν
2989 4619 3243 4687 κόσμον.
3272 4620 3453 4685 Αὐτὸς
3476 4625 3587 4695 γάρ
3615 4629 3722 4681 ἐστι

2127 4700 2193 4755 τὸ
2218 4701 2346 4771 φῶς
2377 4703 2444 4758 τὸ
2468 4705 2785 4773 ἀληθινόν.

2198 4796 2263 4850 θ’.
2302 4797 2507 4852 Λοιπὸν
2552 4798 2611 4852 δὲ
2646 4799 2736 4854 διὰ
2779 4801 2880 4873 τὴν
2920 4802 3159 4876 ἄμετρον
3201 4804 3371 4860 αὐτοῦ
3414 4809 3719 4884 φιλανθρω-

2127 4887 2259 4941 πίαν
2309 4889 2403 4942 καὶ
2430 4890 2598 4944 ἔπαθε
2628 4893 2696 4962 τῇ
2741 4892 2848 4964 ίδίᾳ
2871 4896 3057 4966 σαρκί.
3092 4896 3265 4961 Αὐτὸς
3309 4899 3423 4970 γὰρ
3462 4902 3493 4953 6
3523 4902 3717 4973 Κύριος

434 4976 701 5035 Dominus
729 4979 922 5050 gloriae
950 4992 1180 5052 propter
1205 4995 1304 5035 nos
1335 4980 1639 5038 cruciﬁxus
1673 4990 1759 5037 est
1783 4997 2020 5053 vereque

2140 4978 2226 5049 τῆς
2245 4979 2403 5053 δόξης
2422 4980 2561 5053 ὑπὲρ
2583 4983 2739 5054 ἡμῶν
2762 4985 3107 5058 ἐσταυρώθη,
3132 4990 3226 5042 καὶ
3248 4990 3453 5063 πάσχει
3479 4992 3713 5064 άληθῶς.

431 5084 652 5139 passus.
712 5068 932 5126 Patitur
984 5072 1152 5142 νοντο
1200 5089 1310 5127 non
1346 5072 1639 5128 divinitate
1668 5112 1683 5139 ,
1713 5073 1808 5129 sed
1853 5088 2022 5131 carne

2140 5072 2335 5142 [Ιάσχει
2360 5074 2467 5147 γὰρ
2501 5078 2561 5129 ού
2595 5079 2661 5148 τῇ
2700 5076 2939 5149 θεότητι,
2966 5079 3101 5135 ἀλλὰ
3136 5083 3202 5152 τῇ
3228 5082 3565 5155 ἀδιαιρέτως
3594 5104 3718 5141 συν-

432 5160 657 5230 propria
722 5163 1169 5230 inseparabiliter
1218 5163 1320 5219 sibi
1372 5162 1629 5233 adaptata
1680 5163 2020 5234 przeditaque

2140 5164 2361 5238 ιφθείσῃ
2388 5166 2540 5238 αύτῷ
2580 5168 2686 5239 ἰδίᾳ
2720 5172 2886 5240 σαρκὶ
2914 5173 3310 5253 ἐμψυχωμένῃ,
3347 5178 3445 5230 καὶ
3480 5178 3713 5250 ἀποθνή-

430 5253 615 5308 anima
648 5254 908 5309 rationali
940 5275 951 5309 :
990 5256 1228 5311 moritur
1264 5245 1445 5311 autem
1473 5296 1487 5320 ,
1522 5264 1777 5326 separata
1819 5255 2020 5311 videli-

430 5351 517 5398 cet
551 5344 734 5398 auima
766 5361 797 5399 a
834 5361 1088 5417 corpore.
1134 5347 1407 5403 Divinitas
1457 5334 1694 5417 namque
1733 5350 2017 5418 insepara-

430 5436 559 5493 bilis
592 5446 644 5491 et
668 5436 963 5494 incont‘usa
994 5438 1304 5509 animaeque
1352 5439 1507 5493 unita
1541 5448 1660 5494 erat
1690 5448 1855 5510 atque
1886 5455 2015 5495 eor-

2122 5273 2261 5319 σκει,
2292 5257 2391 5326 τῆς
2417 5257 2596 5329 ψυχῆς
2625 5261 2871 5331 δηλονότι
2901 5264 3269 5337 χωρισθείσης
3311 5268 3407 5321 τοῦ
3435 5269 3708 5341 σώματος.

2132 5346 2197 5402 ἸΙ
2219 5349 2326 5417 γὰρ
2348 5348 2540 5419 θεότης
2560 5352 2867 5425 ἀδιαίρετος
2897 5358 2994 5410 καὶ
3023 5357 3337 5427 ἀσύγχυτος
3362 5361 3459 5413 καὶ
3478 5364 3546 5432 τῇ
3567 5362 3708 5432 ψυχῇ
3752 5404 3769 5413 -

2119 5439 2372 5510 ἡνωμένη
2401 5437 2469 5512 ἦν
2498 5443 2592 5496 καὶ
2624 5442 2702 5515 τῷ
2736 5446 2971 5517 σώματι.
3030 5449 3317 5519 Κατῆλθεν
3367 5446 3466 5506 οὖν
3503 5455 3533 5507 6
3588 5453 3707 5515 1‘16;

429 5528 573 5596 pori.
633 5528 1113 5602 Descendihergo
1168 5529 1263 5587 Dei
1319 5529 1492 5587 Filius
1534 5530 1737 5602 spiritu
1787 5547 1891 5587 suo
1942 5532 2012 5587 ad

2140 5532 2213 5585 τοῦ
2247 5532 2382 5585 Θεοῦ
2413 5537 2480 5606 τῇ
2513 5536 2621 5608 ίδίᾳ
2649 5538 2797 5611 ψυχῇ
2831 5541 2970 5613 πρὸς
3006 5541 3106 5605 τὰς
3140 5542 3249 5597 τῶν
3292 5543 3473 5613 ἁγίων
3508 5546 3703 5615 ψυχὰς,

427 5627 745 5676 sanctorum
794 5624 1049 5694 spiritus,
1122 5639 1462 5695 rursumque
1522 5625 1800 5687 surrexit.
1850 5624 2008 5680 unita

2140 5625 2214 5679 ιαὶ
2244 5626 2409 5682 πάλιν
2433 5628 2659 5713 άνέστη,
2688 5632 2787 5702 τῆς
2816 5631 2996 5705 ψυχῆς
3025 5634 3326 5707 ένωθείσης
3356 5636 3436 5709 τῷ
3470 5638 3701 5711 σώματι.

497 5803 529 5845 λ
557 5802 690 5858 Luc.
720 5820 778 5867 ιι,
812 5806 901 5863 59..
1005 5807 1258 5863 iBaruclt
1303 5825 1378 5878 tu,
1403 5811 1491 5866 58.
1572 5812 1592 5849 λ
1629 5809 1786 5865 Joau.
1820 5827 1854 5876 I,
1883 5810 1941 5864 9.
