3876 6336
1299 430 1698 495 ADVERSUS
1737 431 2314 498 ICONOCLASTAS.

3277 432 3410 501 I362

720 536 884 609 *ὄχων
914 533 1008 594 καὶ
1041 541 1320 614 μαθητῶν,
1345 544 1634 616 ἡμετέρων
1681 545 1718 598 δί

1841 548 2176 620 illorumque
2204 560 2590 605 successorum
2618 561 2683 602 ac
2720 545 3148 617 discipulorum,
3182 544 3410 602 Patrum

50 691 52 694 τ
85 621 96 630 ’
127 637 214 706 «7.0
822 649 915 700 ων,
949 633 1133 701 καθὼς
1158 637 1313 690 αὐτοὶ
1332 639 1468 708 ἡμῖν
1497 638 1737 710 παραδε-

89 775 98 796 ._
165 719 266 802 ’θλ
905 727 1022 782 ’κοῦ
1063 729 1270 794 πάθους
1307 731 1525 801 καὶτῆς
1558 749 1734 804 σωτη-

50 849 56 894 τ
109 825 228 926 ’θυι
1083 823 1367 926 παρούσης
1402 825 1736 926 ίνδικτιῶνος

93 927 98 930 ·
121 991 146 1014 ί
179 913 274 990 ἐκ
860 915 944 986 με’
964 915 1216 984 λέγουσιν
1237 913 1398 980 εἶναι,
1431 918 1524 972 καὶ
1545 916 1735 972 ῑκτοτε

797 1025 854 1060 δν
889 1009 947 1061 ai
983 1008 1280 1080 σεδάσμιαι
1335 1008 1544 1074 εἰκόνες
1589 1005 1734 1081 ἦσαν

729 1097 958 1166 πιστῶν,
985 1098 1060 1164 ῶς
1085 1100 1444 1172 προείπομεν,
1489 1117 1734 1171 προσκυ-⁸

611 1207 735 1256 ςατε
777 1191 860 1244 ὅτι
892 1191 961 1246 τὰ
1001 1192 1303 1247 ἑπτακόσια
1349 1193 1526 1248 ταῦτα
1553 1193 1646 1264 ἔτη
1695 1194 1730 1264 ἠ

519 1285 574 1334 αἱ
609 1280 942 1352 άποστολική
987 1282 1303 1356 Ἐκκλησία,
1341 1283 1438 1340 καὶ
1490 1283 1540 1337 οἰ
1584 1283 1732 1338 διδά-

415 1389 471 1425 at
502 1374 549 1428 οἰ
581 1375 841 1445 ποιμένες
869 1375 1039 1446 αὑτῆς
1081 1374 1414 1440 ἐπλανῶντο,
1459 1376 1554 1430 καὶ
1604 1376 1732 1446 ὑμῖν

329 1466 461 1534 εοκή
476 1465 626 1537 ρυξιν
647 1465 1010 1538 ἀπεκαλύφθη
1040 1468 1073 1537 ἡ
1090 1465 1316 1536 ἀλήθεια
1333 1466 1432 1537 τῆς
1456 1467 1691 1530 πίστεως
1712 1484 1726 1533 ;

227 1599 252 1623 .,
290 1557 411 1610 ὅτου
449 1555 562 1628 γάρ
593 1554 691 1628 τήν
727 1555 979 1627 ἔρευναν·
1003 1557 1208 1627 ταύτην
1240 1555 1442 1628 ήρξατε
1485 1557 1728 1627 ποιῆσαι,

155 1645 288 1720 εἰσὶν
320 1644 414 1716 ἔτη
443 1646 636 1726 πλεῖον
683 1647 717 1717 ἢ
752 1645 976 1702 ἔλασσον
1004 1653 1115 1718 με’.
1161 1647 1295 1701 Ἀπὸ
1340 1648 1450 1718 γὰρ
1501 1647 1730 1718 ἑννάτης
1765 1681 1782 1689 ς

153 1739 538 1810 ὲπινεμήσεως
595 1739 798 1810 ἦρξα-ιε
845 1742 912 1811 τῇ
961 1739 1189 1810 ἀληθείᾳ
1245 1740 1590 1794 ἀντιπίπτειν
1632 1739 1731 1792 καὶ

50 1837 62 1866 ι’
153 1833 372 1904 ἑρευνᾷν
401 1831 470 1886 τὸ
522 1830 640 1896 πῶς
661 1831 1015 1902 διαστρέψετε
1041 1831 1110 1884 τά
1134 1831 1493 1903 άδιάστροφα.
1546 1831 1730 1886 Ἐπει-

50 1929 52 1960 ῖ
145 1923 213 1994 ’δή
263 1924 355 1977 ἐπὶ
416 1923 524 1994 τὴν
559 1921 769 1992 πέτραν
799 1920 918 1992 ’τῆς
978 1922 1239 1992 ἀληθείας
1285 1922 1644 1998 ᾠκοδόμησαν
1675 1923 1718 1976 οἰ

1831 1921 2040 1976 versari
2096 1919 2344 1990 illudque
2393 1919 2708 1990 inquirere,
2773 1931 3012 1988 quonam
3070 1924 3234 1988 pacto
3281 1929 3404 1986 qua

50 2025 54 2052 τ
152 2017 294 2083 ἅγιοι
321 2014 486 2086 ἡμῶν
512 2015 776 2087 Πατέρες,
810 2014 909 2068 καί
945 2015 1130 2070 πύλαι
1158 2014 1306 2082 ᾅδου
1344 2016 1416 2068 οὐ
1450 2013 1730 2084 κατισχύ-

51 2115 57 2122 ’
151 2122 372 2163 σουσιν
398 2106 597 2176 αὐτῆς
623 2147 638 2172 ,
668 2106 812 2178 ἅπερ
857 2107 964 2160 εἰσὶ
986 2107 1054 2161 τὰ
1073 2107 1236 2162 ἄδικα
1259 2108 1354 2160 καὶ
1387 2107 1600 2177 πονηρά
1621 2105 1730 2160 τῶν

155 2201 446 2273 αἰρετικῶν
489 2201 754 2271 στόματα.
805 2199 1174 2270 Ἦπιστήσατε
1211 2203 1326 2265 τοῖς
1368 2200 1608 2266 πατράσι
1636 2199 1728 2254 καὶ

50 2297 54 2326 ί
155 2293 227 2362 τῷ
263 2291 644 2364 βαπτίσματι,
699 2292 727 2346 δ
761 2293 891 2364 παρ’
943 2292 1124 2346 αὑτῶν
1171 2293 1452 2365 εἰλήφατε,
1501 2293 1596 2347 καὶ
1627 2291 1729 2346 οὑκ

50 2413 51 2416 η
154 2384 401 2450 διέξισθε
431 2383 616 2439 αὐτῶν
640 2383 740 2456 τὴν
777 2381 958 2437 πίστιν
997 2384 1090 2436 καὶ
1134 2383 1260 2446 τοὺς
1305 2383 1516 2451 λόγους.
1559 2381 1730 2435 Ἐδεί-

159 2479 281 2541 ξατε
304 2475 524 2549 τρανῶς
556 2476 720 2530 τίνων
767 2473 1008 2546 μαθηταί
1043 2475 1166 2526 ἐστε
1225 2473 1320 2528 καὶ
1347 2473 1600 2544 διάδοχοι.
1643 2474 1730 2536 Ὠς

157 2566 262 2636 γὰρ
293 2569 326 2637 ἦ
356 2568 516 2622 ἄνοια
558 2565 714 2637 ὑμῶν
740 2564 1004 2634 πρόδηλος
1041 2561 1380 2634 γενησομένη
1425 2563 1623 2633 ἐφάνη,
1645 2563 1728 2616 ὅτι

157 2656 378 2711 ὶκείνων
441 2657 564 2710 ἐστὲ
621 2655 881 2728 μαθηταὶ,
911 2655 1021 2709 τῶν
1070 2654 1388 2726 κραξάντων
1421 2656 1520 2707 σὺν
1562 2655 1730 2726 Ἅννα

159 2749 250 2801 καὶ
275 2747 504 2818 Καῖάφᾳ
541 2746 677 2818 πρὸς
705 2747 956 2810 Πιλᾶτον,
999 2746 1282 2816 λέγουσιν·
1324 2743 1514 2815 Ἡμεῖς
1545 2744 1729 2809 ,βασι-

159 2838 266 2892 λέα
294 2842 406 2894 οὐκ
454 2838 676 2908 ἔχομεν
712 2841 764 2893 εἰ
798 2838 883 2908 μὴ
911 2837 1205 2907 Καίσαρα,
1238 2839 1286 2891 εἰ
1317 2839 1410 2891 καὶ
1455 2835 1729 2907 προϐάτου

155 2928 316 3000 δορὰν
362 2909 741 3000 ὲπέχετεκαὶ
800 2929 1056 2998 ποιμένος
1103 2928 1295 3000 στολὴν
1337 2925 1726 2999 ἀμφιέννυσθε.

167 3021 251 3084 Ὣς
283 3023 392 3092 γὰρ
419 3024 617 3075 ἐκεῖνοι
647 3021 740 3074 τὸν
765 3020 996 3090 Σωτῆρα
1027 3022 1336 3092 ἠρνήσαντο
1372 3018 1515 3073 κατὰ
1563 3018 1730 3089 πρόσ-

154 3129 302 3167 ωπον
356 3113 616 3177 Πιλάτου,
666 3114 761 3166 καλ⁹
813 3111 1002 3166 τοῦτον
1051 3113 1269 3183 σταυρῷ
1314 3110 1730 3183 προσπήξαντες

153 3203 442 3273 ἀνήλωσαν
461 3219 474 3233 ·
512 3200 672 3265 αὑτὸς
691 3201 747 3254 δὲ
775 3204 839 3271 τῇ
875 3201 1029 3272 θεῑκῇ
1060 3202 1224 3256 αὑτοῦ
1254 3201 1483 3272 δυνάμει
1505 3199 1725 3270 ἀνέστη,

1840 657 1904 697 ac
1946 641 2343 712 magistrorum
2400 646 2754 703 nostrorum,
2787 637 3071 710 quomodo
3104 638 3211 710 ipsi
3251 637 3412 694 nobis

1841 733 2196 790 tradiderunt
2253 734 2322 805 (a
2374 741 2626 804 tempore
2677 731 2980 788 Dominica:
3028 730 3306 802 passionis
3359 739 3413 784 et

1837 824 2142 882 salutiferae
2203 823 2635 882 resurrectionis
2706 837 2884 894 usque
2943 821 3009 877 ad
3085 829 3410 892 praesentem

1839 917 2508 999 octavam‘indictionem,
2551 931 2730 972 annos
2756 931 2879 972 esse
2915 915 3072 970 aiunt
3098 911 3412 984 septingen-

1837 1019 1924 1066 tos
1982 1009 2352 1081 quadraginta
2405 1009 2697 1080 quinque,
2740 1015 2908 1077 atque
2945 1005 3014 1062 ab
3063 1021 3130 1060 eo
3161 1012 3410 1074 tempore

1837 1113 2011 1170 usque
2062 1099 2333 1155 hactenus
2386 1096 2734 1154 venerabiles
2771 1095 3056 1166 imagines
3105 1093 3409 1150 fueruntet

1836 1198 1964 1247 sunt
1999 1198 2272 1247 venerata:
2313 1203 2344 1244 a
2387 1189 2643 1245 ﬁdelibus
2694 1186 3155 1260 quemadmodum
3191 1185 3407 1258 praefati
3490 1219 3501 1235 ..

1835 1281 2215 1352 sumus).Vos
2251 1280 2583 1338 ostendistis
2609 1324 2625 1348 ,
2681 1278 2828 1352 quod
2888 1294 2988 1350 per
3030 1277 3408 1350 septingentos

1836 1375 2005 1430 hosce
2037 1389 2214 1430 annos
2252 1372 2526 1428 catholica
2577 1380 2634 1429 et
2679 1372 2985 1445 apostolica
3039 1369 3288 1426 Ecclesia
3317 1368 3410 1426 do-
3497 1415 3504 1424 .

1835 1475 2132 1536 ctoresque
2156 1475 2213 1521 et
2257 1471 2514 1536 pastores
2548 1463 2672 1534 ejus
2713 1463 3045 1528 erraverint,
3089 1461 3246 1518 vobis
3277 1476 3408 1517 vero

1833 1557 2148 1612 recentibus
2209 1555 2666 1626 praedicatoribus
2708 1555 2950 1612 revelata
2998 1554 3164 1610 fuerit
3200 1553 3406 1609 veritas

1833 1647 1992 1702 ﬁdei?
2014 1645 2091 1701 Ex
2124 1662 2234 1717 quo
2261 1647 2413 1702 enim
2447 1645 2865 1716 inquisitionem
2896 1647 3040 1718 hanc
3061 1642 3404 1708 instituistis,

1832 1747 1963 1796 sunt
2017 1739 2148 1793 anni
2207 1739 2331 1810 plus
2384 1737 2570 1792 minus
2625 1738 2866 1808 quinque
2917 1745 2974 1792 et
3016 1733 3402 1808 quadraginta.

1830 1831 2094 1902 Cospistis
2153 1846 2392 1902 namque
2425 1845 2454 1884 a
2484 1843 2628 1886 nona
2679 1829 2984 1884 indictione
3036 1827 3252 1884 veritati
3305 1826 3404 1881 ad-

1831 2011 2142 2068 rectissima
2167 2018 2298 2066 sunt
2337 2018 2653 2080 pervertere
2679 2008 2926 2080 possitis.
2951 2010 3018 2060 At
3053 2005 3201 2062 enim
3235 2020 3404 2078 συρτει

1831 2110 2040 2174 petram
2065 2101 2315 2157 veritatis
2338 2097 2751 2155 mdillcaverunt
2783 2097 2959 2155 sancti
2994 2097 3183 2153 Patres
3200 2098 3399 2159 uestri.

1829 2201 1877 2244 et
1913 2201 2080 2260 porta:
2143 2190 2302 2258 inferi
2355 2204 2457 2244 non
2487 2188 2844 2258 prwvalebu'nt
2901 2186 3152 2242 adversus
3211 2196 3396 2251 eam",

1829 2299 1950 2353 quae
2003 2282 2258 2337 videlicet
2305 2287 2436 2337 sunt
2508 2279 2699 2351 iniqua
2753 2289 2807 2336 et
2863 2276 3404 2334 eonsceleratissima

1831 2373 2216 2428 lizereticorum
2277 2387 2393 2427 ora.
2456 2369 2645 2427 Fidem
2699 2371 2946 2442 praebere
2997 2368 3265 2426 renuistis
3297 2365 3402 2422 Pa-

1832 2465 2008 2521 tribus
2045 2475 2100 2520 et
2133 2465 2445 2535 baptismo,
2487 2479 2652 2535 quem
2685 2464 2753 2519 ab
2795 2463 2904 2519 illis
2947 2463 3266 2535 recepistis,
3301 2477 3404 2518 nec

1830 2573 2022 2612 eorum
2055 2556 2216 2612 ﬁdem
2250 2570 2651 2626 sermonesque
2685 2554 3031 2626 suscepistis.
3063 2552 3416 2609 Ostendlstis

1832 2649 2041 2719 Ii’quido
2077 2662 2451 2721 quorumnam-
2479 2647 2737 2719 discipuli
2769 2647 2895 2704 sitis
2921 2661 2986 2703 ac
3022 2661 3402 2703 successores.

1831 2743 2081 2798 Amentia
2127 2743 2275 2798 enim
2323 2748 2510 2798 vestra
2552 2740 2847 2797 manifesta
2898 2740 3082 2795 futura
3116 2739 3235 2794 visa
3277 2748 3400 2801 est,

1831 2835 1974 2904 quod
2004 2847 2197 2903 nempe
2245 2845 2439 2886 eorum
2474 2829 2597 2886 sitis
2639 2829 2933 2900 discipuli,
2964 2829 3058 2899 qui
3085 2843 3211 2882 eum
3244 2828 3401 2882 Anna

1830 2933 1885 2980 et
1913 2923 2118 2994 Caipha
2178 2922 2265 2977 ad'
2297 2922 2532 2976 Pilatum
2567 2920 2872 2975 clamantes
2895 2918 3132 2975 dicunt:
3171 2917 3286 2974 Nos
3318 2935 3404 2973 rc-

1831 3031 1942 3086 gem
2003 3031 2109 3069 non
2170 3013 2419 3068 habemus
2473 3013 2573 3067 nisi
2602 3011 2869 3068 Cwsarem
2900 3019 2973 3079 °‘,
3012 3013 3230 3068 tametsi
3281 3013 3404 3068 ovis

1833 3106 2028 3176 pellem
2090 3105 2334 3171 habetis,
2401 3113 2455 3161 et
2519 3105 2765 3176 pastoris
2830 3104 3028 3162 stolam
3080 3103 3399 3160 induimini.

1833 3196 2306 3264 Quemadmodum
2357 3197 2502 3252 enim
2583 3196 2661 3251 illi
2724 3195 3066 3252 Salvatorem
3132 3207 3404 3268 negarunt

152 3264 253 3346 καὶ.
279 3290 513 3361 ἀνῆλθεν
536 3293 592 3344 ὲν
624 3264 736 3354 τοῖς
758 3264 1029 3359 ὑψίστοις,
1060 3291 1155 3344 καὶ
1191 3264 1461 3360 ἐκάθησεν
1493 3290 1550 3342 ἐν
1575 3264 1718 3359 δεξιξ

1828 3300 2013 3341 coram
2061 3283 2200 3340 facie
2233 3284 2394 3340 Pilati
2419 3327 2434 3352 ,
2487 3295 2653 3357 atque
2693 3287 2838 3342 hunc
2875 3287 3056 3356 ipsum
3094 3264 3248 3342 cruci
3286 3285 3401 3341 ταί-

149 3383 247 3451 τῆς
303 3381 698 3452 μεγαλωσύνης
752 3381 846 3436 τοῦ
903 3381 1042 3435 Θεοῦ
1091 3383 1186 3435 καὶ
1214 3381 1460 3452 Πατρός’
1495 3383 1564 3434 '0
1615 3383 1724 3450 γὰρ

147 3471 372 3526 ἔπαθεν
392 3470 545 3540 ὑπὲρ
570 3471 740 3540 ἡμῶν
775 3471 979 3541 capaci,
1000 3473 1222 3527 ἔπαθεν
1259 3470 1520 3542 ἐφάπαξ,
1546 3471 1724 3526 θάνα-

149 3579 249 3630 τος
279 3562 471 3618 αὐτοῦ
500 3561 701 3618 οὐκέτι
731 3565 1011 3632 κυριεύει,
1045 3563 1151 3617 κᾶν
1175 3563 1334 3634 ὑμεῖς
1366 3560 1720 3633 φιλοπόλεμοι

148 3654 298 3719 δντες
328 3654 468 3726 πρὸς
494 3655 641 3726 ἡμᾶς
674 3654 1024 3724 φιλονεικεῖτε
1047 3671 1061 3687 ο
1111 3653 1371 3717 ὡσαύτως
1413 3653 1506 3708 καὶ
1539 3653 1717 3724 ὑμεῖς,

149 3746 203 3795 ὲν
225 3742 303 3814 τῷ
328 3744 420 3797 τὸν
449 3743 676 3816 Σωτῆρα
703 3744 778 3815 μὴ
810 3741 1081 3813 ἰσχύοντες
1109 3743 1172 3796 ὲκ
1195 3741 1446 3814 δευτέρου
1476 3743 1720 3815 σταυρῶ-

153 3853 259 3903 σαι,
303 3838 384 3900 εἰς
428 3836 555 3900 τοὺς
581 3836 680 3906 τῆς
706 3836 974 3907 ὲνσάρκου
1008 3837 1321 3907 οἰκονομίας
1348 3835 1514 3890 αὑτοῦ
1545 3852 1720 3908 χαραλ

157 3932 364 4002 κτῆρας
391 3929 488 3984 καὶ
520 3921 632 3993 τὰς
661 3931 1016 4001 ὑπομνήσεις,
1076 3930 1174 3982 σὺν
1225 3931 1290 3997 τῇ
1345 3929 1487 3981 κατὰ
1538 3928 1719 3996 σάρκα

149 4021 310 4075 αὑτοῦ
354 4019 546 4092 μητρὶ,
583 4018 678 4072 καὶ
714 4022 826 4082 τοῖς
864 4019 1042 4086 ἁγίοις
1095 4016 1261 4070 αὑτοῦ
1308 4017 1576 4087 μαθηταῖς
1625 4017 1720 4072 καὶ

149 4117 462 4175 ἀποστόλοις
489 4112 667 4163 πᾶσαν
701 4109 800 4180 τὴν
827 4108 1024 4162 κακίαν
1061 4107 1216 4178 ὑμῶν
1267 4106 1548 4178 προδήλως
1581 4105 1718 4160 ἔδεε-

150 4203 289 4268 ξατε.
351 4205 461 4258 Καὶ
513 4200 622 4273 γὰρ
674 4202 732 4254 ὲν
766 4200 901 4272 πυρὶ
951 4201 1046 4255 καὶ
1094 4202 1152 4254 ἐν
1187 4199 1412 4271 μυρίαις
1447 4201 1717 4271 μηχαναῖς

148 4297 448 4369 ἐχρήσασθε
488 4295 630 4348 κατὰ
657 4293 767 4347 τῶν
793 4295 965 4362 ἁγίων
995 4295 1240 4360 εἰκόνων,
1277 4293 1586 4366 νομίζοντες
1614 4293 1715 4366 τὴν

151 4388 368 4461 μνήμην
395 4387 578 4444 αὐτῶν
600 4386 800 4450 τελέως
828 4386 1225 4457 ἀπαλειφῆναι,
1253 4387 1394 4440 κατὰ
1420 4386 1528 4440 τῶν
1553 4403 1715 4458 χαρα-

149 4479 363 4549 κτήρων
392 4480 492 4550 τῆς
519 4478 982 4551 χρωματουργίας
1000 4478 1182 4532 αὑτῶν
1201 4479 1563 4550 ἀναμνήσεως
1586 4497 1714 4550 μαι-

153 4568 390 4640 νόμενοι.
411 4569 553 4623 Ἀλλ’
578 4571 726 4642 ὅμως
753 4569 1037 4623 καὶταῦτα
1057 4570 1543 4641 πράττοντες,καθ’
1559 4571 1714 4641 ὑμῶν

147 4659 320 4736 αὑτῶν
346 4661 588 4714 άκονᾶτε-
613 4659 673 4714 τὺ
695 4659 847 4730 ξίφος
875 4661 974 4732 τῆς
999 4661 1398 4732 δικαιοκρισίας
1429 4661 1524 4715 τοῦ
1552 4660 1711 4730 Θεοῦ,

146 4753 237 4804 καὶ
266 4753 471 4824 πολλῆς
499 4753 888 4825 μακροθυμίας
911 4754 1005 4807 καὶ
1029 4753 1390 4826 άγαθότητος.
1415 4755 1506 4809 Διὸ
1535 4773 1715 4827 παρα-

146 4842 292 4896 καλῶ
318 4846 465 4917 ὑμᾶς
499 4844 804 4916 άπορρίψαι
834 4844 932 4915 τὴν
962 4843 1123 4916 κενὴν
1159 4845 1506 4900 διδασκαλίαν
1535 4843 1712 4916 ὑμῶν,

146 4933 236 4986 καὶ
265 4935 552 5008 μέμψασθε
601 4937 814 5001 ἑαυτοῖς
839 4936 1039 5004 καλῶς,
1076 4938 1164 5006 ἐφ’
1213 4931 1296 5001 οἷς
1346 4937 1713 5008 διεπράξασθε

145 5023 343 5090 κακῶς.
391 5024 764 5096 Ἀνορθὼσατε
789 5024 859 5078 τά
891 5025 1206 5096 παρειμένα
1240 5027 1444 5094 γόνατα
1475 5027 1573 5095 τῆς
1606 5025 1712 5094 ψυ-

147 5111 262 5181 χῆς.
295 5116 387 5170 καὶ
442 5116 706 5188 τραχείας
757 5116 922 5188 ὀρθὰς
957 5119 1249 5188 ποιήσατε·
1298 5116 1510 5181 καὶτὰς
1543 5117 1704 5184 ἁγίας

147 5205 319 5271 φωνὰς
346 5208 456 5261 τῶν
489 5207 750 5279 Πατέρων
775 5208 882 5261 σὺν-
901 5211 1040 5279 ἡμῖν
1066 5211 1186 5272 ταῖς
1221 5209 1408 5277 ἁγίαις
1435 5207 1608 5260 εἰκόσι
1643 5206 1705 5260 τὸ

147 5295 298 5361 σέϐας
327 5299 716 5370 ἀναπέμψατε,
749 5299 897 5363 ὅπως
925 5303 1079 5372 κοινῇ
1101 5303 1167 5371 τῇ
1207 5303 1358 5371 φωνῇ
1389 5299 1548 5364 δόξαν
1573 5301 1706 5354 dva-

146 5384 440 5460 πέμψωμεν
460 5391 539 5462 τῷ
574 5389 766 5460 Κυρίῳ
791 5389 950 5461 ἡμῶν
1003 5391 1180 5461 Ἰησοῦ
1217 5392 1440 5464 Χριστῷ
1481 5390 1558 5461 τῷ
1589 5389 1704 5462 Υἰῷ

145 5475 232 5529 τοῦ
251 5479 406 5548 Θεοῦ,
436 5484 534 5536 σὺν
553 5483 630 5554 τῷ
653 5483 874 5556 ἀνάρχῳ
901 5485 1067 5539 αὑτοῦ
1102 5486 1297 5557 “arpi,
1339 5489 1432 5539 καὶ
1460 5485 1538 5556 τῷ
1565 5483 1702 5550 ζωο-

147 5570 275 5640 ποιῷ
308 5575 471 5630 αὑτοῦ
503 5575 942 5648 Πνεύματι,νῦν
996 5577 1090 5632 καὶ
1140 5579 1249 5643 ἀεὶ,
1293 5581 1382 5634 καὶ
1439 5582 1518 5644 εἰς
1576 5579 1699 5643 τοὺς

149 5658 338 5744 αἰῶνας
373 5667 478 5722 τῶν
500 5668 733 5724 αἰώνων.
779 5669 971 5740 Ἀμήν·

213 5861 240 5893 ⁸
272 5857 598 5940 Mallius",
641 5865 724 5926 18.

1828 3387 2018 3448 gentes
2071 3393 2102 3432 e
2152 3377 2334 3433 medio
2388 3379 2770 3445 sustulerunt;
2818 3365 2936 3449 ipse
2985 3389 3169 3434 tamen
3211 3378 3399 3432 divina

1826 3485 1925 3527 sua
1963 3469 2172 3549 lvirtute
2227 3470 2577 3543 resurrexit,
2617 3472 2979 3542 ascenditque
3015 3472 3070 3526 in
3107 3472 3279 3527 cmlos
3307 3487 3398 3527 se-

1824 3562 2016 3633 ditque
2066 3563 2155 3618 ad‘
2202 3561 2487 3618 dexteram
2559 3563 2875 3634 majestatis
2923 3563 3014 3620 Dei
3065 3573 3118 3619 et
3175 3561 3396 3628 Patris;

1825 3657 2155 3724 Quod'em'm
2188 3671 2378 3726 passus
2421 3657 2490 3711 sit
2511 3673 2606 3726 pro
2644 3657 2794 3711 nobis
2833 3672 2994 3710 carne
3020 3667 3066 3719 P,
3099 3671 3288 3725 passus
3317 3665 3400 3709 est

1820 3752 2017 3814 semel;
2067 3767 2209 3804 mors
2242 3751 2290 3804 ei
2321 3751 2550 3818 amplius
2599 3767 2700 3804 nou
2741 3749 3051 3804 dominatur
3081 3759 3108 3798 ιι
3131 3787 3145 3812 ,
3173 3749 3396 3804 tametsi

1822 3857 1920 3897 vos
1960 3842 2269 3898 adversarii
2301 3851 2496 3897 contra
2523 3857 2624 3896 nos
2657 3842 2826 3895 rixari
2853 3840 3208 3895 contenditis.
3244 3841 3395 3894 Haud

1821 3916 1982 3987 aliter
2030 3939 2085 3986 et
2126 3948 2243 3996 vos,
2293 3947 2418 3986 cum
2465 3933 2751 4001 nequeatis
2800 3931 3145 3987 Salvatorem
3196 3931 3402 3986 iterum.

1820 4021 1973 4077 cruci
2025 4023 2280 4092 alligere,
2334 4024 2389 4078 in
2445 4024 2712 4094 imagines
2763 4034 2817 4080 et
2848 4026 3187 4080 monimenta
3219 4025 3395 4096 ipsius

1820 4129 1918 4185 per
1973 4128 2194 4170 carnem
2249 4115 2718 4186 dispensationis,
2758 4132 2883 4172 cum
2931 4117 3171 4172 humana
3218 4125 3394 4171 utatre

1817 4204 1974 4276 ejus,
2003 4215 2058 4260 et
2107 4205 2319 4262 sanctis
2369 4206 2519 4264 illius
2573 4207 2863 4279 discipulis
2895 4221 3060 4279 atque
3087 4208 3388 4280 apostolis,

1819 4296 2136 4352 universam
2191 4298 2460 4354 malitiam
2517 4308 2756 4357 vestram
2821 4300 3110 4357 evidenter
3147 4300 3394 4356 ostendi-

1816 4391 1938 4447 stis.
1981 4389 2108 4463 lgne
2157 4392 2303 4448 enim
2356 4400 2418 4447 οι·
2458 4393 2693 4450 inﬁnitis
2748 4381 3252 4460 machinationibus
3302 4395 3386 4451 usi

1814 4482 1950 4536 estis
2004 4485 2271 4540 adversus
2322 4497 2540 4542 sanctas
2583 4487 2852 4557 imagines
2893 4487 3028 4557 (rati
3065 4487 3389 4544 memoriam

1815 4588 2008 4628 eorum
2048 4573 2298 4632 funditus
2331 4577 2709 4632 oblitteratum
2743 4579 2866 4645 iri),
2889 4589 3078 4636 contra
3105 4581 3390 4637 characte-

1767 4663 1788 4698 -'
1817 4681 1908 4721 res
1953 4663 2186 4736 depictas
2232 4682 2425 4723 eorum
2475 4671 2754 4724 memoria:
2798 4669 3008 4726 furiose
3037 4671 3386 4728 debacchati.

1815 4754 2184 4814 Nihilominus
2230 4761 2314 4816 vel
2344 4761 2424 4816 sic
2475 4769 2738 4830 agentes,
2794 4761 3205 4819 adversusvos
3236 4763 3388 4832 ipsos

1811 4849 2052 4920 gladium
2079 4853 2356 4908 exlacuitis
2401 4851 2540 4922 justi
2567 4852 2764 4923 judicii
2799 4855 2891 4910 Dei
2919 4895 2932 4919 ,
2960 4855 3234 4911 et-multae
3265 4855 3386 4926 ejus

1811 4937 2243 5010 longanimitatis
2301 4949 2355 4996 et
2404 4941 2691 4999 bonitatis.
2757 4943 3130 5010 Quamobrem
3194 4943 3387 4998 hortor

1810 5046 1931 5098 vos,
1962 5040 2022 5086 ut
2059 5033 2340 5103 abjiciatis
2388 5051 2588 5091 novam
2637 5037 2956 5092 doctrinam
2986 5046 3255 5100 vestram,
3291 5035 3386 5088 be-

1814 5141 1990 5197 neque
2035 5125 2268 5182 doleatis
2319 5142 2416 5198 pro
2464 5128 2536 5184 iis
2563 5145 2694 5200 quae
2733 5129 2876 5183 male
2926 5125 3388 5198 egistis-Erigite

1812 5217 2079 5274 dissoluta
2112 5234 2290 5291 genua
2341 5220 2572 5286 animas,
2605 5229 2658 5274 et
2703 5228 2890 5276 rectos
2936 5213 3162 5292 gressus
3189 5217 3384 5286 facite,

1811 5309 2116 5365 secundum
2171 5321 2507 5382 sanctasque
2565 5311 2787 5366 Patrum
2857 5326 3020 5368 voces
3091 5310 3378 5366 nobiscum

1810 5402 2022 5456 sanctis
2065 5401 2322 5458 ieonibus
2373 5403 2585 5458 cultum
2639 5403 2910 5459 tribuite:
2962 5419 3072 5475 quo
3102 5403 3384 5458 communi
3469 5401 3477 5410 ’

1809 5507 1944 5549 voce
1973 5494 2206 5564 gloriam
2258 5494 2453 5551 demus
2494 5493 2728 5552 Domino
2772 5504 2968 5552 nostro
3001 5494 3131 5552 Jesu
3164 5495 3384 5551 Christo

1810 5582 1903 5639 Dei
1965 5584 2147 5650 Filio,
2196 5602 2321 5643 cum
2349 5577 2564 5644 aeterno
2591 5588 2716 5656 ejus
2772 5588 2934 5643 Patre
2979 5595 3033 5643 et
3064 5588 3380 5643 viviﬁcante

1806 5675 1927 5746 ejus
1960 5676 2170 5748 Spiritu
2197 5695 2385 5744 ,mmc
2421 5688 2475 5737 et
2503 5695 2742 5750 semper,
2790 5691 2844 5737 ct
2877 5680 2932 5737 in
2963 5680 3167 5736 saecula
3198 5693 3377 5733 smu-

1806 5769 2003 5825 lorum.
2037 5769 2228 5826 Amen.

813 5884 831 5908 ο
859 5868 1014 5926 J'oan.
1055 5888 1166 5942 ms,
1205 5873 1307 5930 ib.‘
1365 5872 1605 5934 rchtr.
1640 5893 1714 5948 iv,
1747 5878 1794 5935 l‘.
1872 5879 2078 5938 vitam.
2107 5883 2240 5950 νηί).
