3876 6336
221 411 353 477 1361

1350 419 1748 484 ADVERSUS
1788 420 2365 487 lCONOCLASTAS.

3328 424 3461 493 I362

210 529 308 583 καὶ
337 526 446 581 τῶν
466 525 647 580 αὑτῶν
674 522 933 597 διαδόχων
965 522 1059 580 καὶ
1093 529 1370 602 μαθητῶν,
1396 533 1684 604 ἡμετέρων
1731 534 1768 588 δὲ

1892 538 2226 610 illorumque
2255 550 2641 594 successorum
2670 550 2733 592 ac
2772 536 3198 608 discipulorum,
3232 535 3460 593 l‘atrum

210 622 471 693 Ιιατέρων
495 621 587 674 καὶ
608 620 965 687 διδασκάλων,
1000 622 1183 688 καθὼς
1208 625 1363 678 αὑτοὶ
1382 628 1517 696 ἡμῖν
1547 627 1787 698 παραδε-

208 711 478 767 δώκασιν·
516 710 626 766 ἀπὸ
667 711 762 766 τοῦ
806 715 1072 786 κυριακοῦ
1114 717 1319 781 πάθους
1358 720 1575 789 καὶτῆς
1608 737 1784 793 σωτη-

208 806 328 877 ρίου
361 807 711 870 ἀναστάσεως
733 847 748 871 ,
785 808 949 881 μέχρι
987 812 1088 877 τῆς
1134 812 1417 884 παρούσης
1452 813 1786 880 ίνδικτιῶνος

205 898 419 969 ὀγδόης,
448 898 544 970 ἔτη
573 900 875 955 ἑπτακόσια
910 901 995 973 με’
1014 903 1266 971 λέγουσιν
1287 902 1447 968 εἶναι,
1480 906 1574 959 καί
1594 904 1785 960 ἔκτοτε

206 992 301 1045 καὶ
338 992 446 1055 ἕως
476 992 640 1063 μέχρι
676 993 770 1046 κα)⁸
808 994 904 1047 νῦν
940 996 996 1048 αἱ
1033 996 1330 1067 σεϐάσμιαι
1385 996 1593 1061 εἰκόνες
1639 993 1783 1069 ἦσαν

207 1083 303 1137 καὶ
337 1083 478 1136 εἰσὶν
510 1083 615 1137 ὑπὸ
635 1084 744 1136 τῶν
779 1084 1007 1152 πιστῶν,
1034 1085 1109 1151 ὡς
1135 1088 1494 1159 προείπομεν,
1539 1105 1783 1159 προσκυ-

205 1175 469 1246 νούμεναι
495 1192 509 1206 ·
545 1175 785 1243 ἐδείξατε
826 1178 909 1231 ὅτι
942 1178 1011 1232 τά
1051 1179 1353 1234 ἑπτακόσια
1399 1181 1575 1235 ταῦτα
1602 1181 1695 1252 ἔτη
1744 1182 1779 1252 ἡ

207 1266 473 1338 καθολικὴ
528 1268 623 1322 καὶ
658 1268 991 1340 άποστολικὴ
1037 1270 1352 1342 Ἐκκλησία,
1391 1271 1487 1327 καὶ
1539 1272 1589 1325 οῖ
1633 1271 1781 1326 διδά-

206 1360 396 1414 σκαλοι
426 1360 519 1414 καὶ
551 1361 597 1414 oi
630 1362 889 1431 ποιμένες
918 1362 1088 1433 αὑτῆς
1131 1362 1463 1428 ἐπλανῶντο,
1509 1364 1602 1417 καὶ
1653 1365 1781 1435 ὑμῖν

202 1440 320 1515 τοῖς
351 1453 511 1521 νεοκή
525 1451 675 1523 ρυξιν
695 1452 1059 1525 ἀπεκαλύφθη
1089 1456 1122 1524 ὴ
1140 1453 1365 1525 ἀλήθεια
1381 1455 1480 1524 τῆς
1504 1456 1739 1519 πίστεως
1761 1473 1775 1522 ;

216 1542 308 1609 Ἐξ
346 1543 468 1596 ὅτου
502 1542 610 1614 γὰρ
641 1542 740 1614 τὴν
777 1541 1006 1614 ἔρευναν
1052 1544 1257 1614 ταύτην
1290 1544 1490 1616 ἤρξατε
1534 1545 1777 1615 ποιῆσαι,

203 1632 344 1705 εἰσὶν
377 1631 470 1702 ἔτη
499 1633 684 1686 πλεῖον
732 1633 765 1704 ἢ
801 1633 1025 1689 ἔλασσον
1053 1641 1163 1706 με’.
1210 1636 1344 1689 Ἀπὸ
1389 1636 1499 1706 γάρ
1550 1636 1779 1707 ὲννάτης
1816 1671 1831 1679 κ

200 1725 587 1796 ἑπινεμήσεως
643 1726 847 1796 ήρξατε
894 1730 960 1799 τῇ
1009 1727 1237 1799 ἀληθείᾳ
1295 1729 1638 1783 ἀντιπίπτειν
1681 1728 1780 1782 καὶ

198 1819 428 1889 ὲρευνᾷν
458 1818 518 1872 τὸ
571 1818 688 1882 πῶς
710 1818 1064 1889 διαστρέψετε
1090 1819 1158 1873 τά
1183 1820 1541 1891 άδιάστροφα.
1595 1820 1778 1875 Ἐπει-

1891 646 1955 686 ac
1997 630 2393 701 magistrorum
2451 636 2805 695 nostrorum,
2839 628 3121 701 quomodo
3154 630 3261 701 ipsi
3300 629 3463 685 nobis

1892 723 2246 779 tradiderunt
2304 723 2372 794 (a
2425 731 2676 794 tempore
2729 721 3031 778 Dominicze
3078 722 3355 793 passionis
3409 732 3463 776 et

1888 813 2192 871 salutifera:
2254 813 2686 872 resurrectionis
2758 829 2935 885 usque
2994 812 3059 868 ad
3135 820 3460 883 praesentem

1890 918 2156 988 octavam
2171 908 2558 973 indictionem,
2602 922 2780 963 annos
2807 922 2929 963 esse
2966 906 3122 961 aiunt
3148 903 3461 975 septingen-

1887 1009 1973 1054 tos
2033 999 2402 1071 quadraginta
2456 999 2748 1070 quinque,
2791 1006 2958 1067 atque
2995 997 3063 1054 ab
3112 1013 3180 1051 eo
3211 1004 3459 1066 tempore

1886 1103 2061 1158 usque
2112 1088 2384 1145 hactenus
2437 1087 2785 1145 venerabiles
2821 1087 3106 1156 imagines
3155 1085 3458 1141 fueruntet

1886 1188 2014 1236 sunt
2049 1188 2322 1237 veneratae
2364 1194 2396 1235 a
2437 1179 2694 1235 ﬁdelibus
2745 1178 3204 1250 quemadmodum
3241 1177 3456 1249 πινακίωιί
3539 1212 3551 1227 .,

1885 1271 2265 1342 sumus).Vos
2302 1271 2633 1329 ostendistis
2659 1315 2675 1339 ,
2731 1270 2878 1342 quod
2939 1286 3038 1341 per
3080 1269 3457 1341 septingentos

1886 1364 2055 1420 hosce
2088 1379 2264 1420 annos
2302 1362 2576 1419 catholica
2627 1372 2684 1420 et
2729 1363 3035 1436 apostolica
3089 1361 3337 1418 Ecclesia
3366 1360 3460 1418 do-
3546 1405 3553 1413 ,

1885 1464 2182 1526 ctoresque
2206 1465 2262 1511 et
2307 1462 2564 1526 pastores
2599 1454 2721 1524 ejus
2764 1454 3094 1519 erraverint,
3138 1453 3295 1509 vobis
3326 1468 3457 1509 vero

1884 1547 2198 1601 recentibus
2259 1546 2715 1615 praedicatoribus
2757 1546 2999 1602 revelata
3047 1546 3213 1602 fuerit
3250 1546 3455 1600 veritas

1883 1636 2042 1692 ﬁdei?
2063 1635 2140 1691 Ex
2174 1652 2284 1707 quo
2310 1637 2463 1692 enim
2498 1635 2914 1706 inquisitionem
2945 1638 3089 1691 banc
3110 1634 3452 1701 instituistis,

1882 1736 2013 1785 sunt
2066 1729 2197 1783 anni
2256 1729 2381 1799 plus
2433 1728 2619 1783 minus
2674 1728 2915 1799 quinque
2967 1736 3022 1783 et
3065 1726 3451 1799 quadraginta.

1880 1821 2143 1892 Caepistis
2203 1837 2442 1892 namque
2474 1835 2503 1874 a
2534 1835 2677 1877 nona
2728 1820 3033 1875 indictione
3085 1819 3301 1875 veritati
3354 1818 3453 1873 all--

197 1910 267 1981 δὴ
319 1911 413 1963 ἐπὶ
474 1910 572 1981 τὴν
608 1909 817 1980 πέτραν
846 1909 966 1980 ⁴τῆς
1027 1911 1286 1981 ἀληθείας
1333 1912 1693 1983 ᾠκοδόμησαν
1725 1912 1768 1965 oi

1880 1911 2089 1966 versari
2146 1909 2393 1980 illudque
2442 1910 2757 1981 inquirere,
2822 1923 3062 1980 quonam
3119 1915 3283 1978 pacto
3331 1920 3454 1977 qut:

198 2004 351 2070 ἆγιοι
378 2002 534 2073 ήμῶν
561 2003 825 2075 Πατέρες,
859 2002 957 2056 καὶ
994 2004 1178 2058 πύλαι
1206 2002 1353 2070 ᾅδου
1392 2004 1464 2057 οὐ
1499 2003 1779 2072 κατισχύ-

196 2109 429 2150 σουσιν
456 2094 644 2164 αὐτῆς
672 2135 687 2159 ,
716 2094 861 2165 άπερ
905 2095 1012 2148 εἰσὶ
1035 2096 1101 2149 τὰ
1122 2096 1283 2150 ἄδικα
1306 2096 1401 2149 καὶ
1434 2096 1648 2166 πονηρὰ
1670 2095 1779 2150 τῶν

199 2188 499 2261 αἱρετικῶν
537 2189 802 2259 στόματα.
853 2186 1221 2258 Ἠπιστήσατε
1259 2192 1373 2253 τοῖς
1416 2189 1657 2255 πατράσι
1684 2189 1777 2243 καὶ¹

199 2280 282 2349 τῷ
318 2279 691 2351 βαπτίσματι,
747 2280 775 2334 ὃ
809 2281 939 2351 παρ’
991 2280 1171 2334 αὑτῶν
1218 2281 1499 2353 είλήφατε,
1550 2282 1645 2335 καὶ
1675 2281 1778 2335 οὑκ

199 2372 456 2437 ὲζέξισθε
486 2372 663 2426 αὑτῶν
688 2371 787 2443 τὴν
825 2370 1005 2425 πίστιν
1043 2372 1137 2423 καὶ
1181 2372 1307 2434 τοὺς
1351 2371 1564 2439 λόγους.
1608 2371 1777 2424 Ἐδεί-

204 2466 335 2529 ξατε
359 2464 571 2535 τρανῶς
604 2464 767 2517 τίνων
815 2462 1054 2533 μαθηταί
1090 2464 1213 2515 ἐστε
1272 2462 1367 2516 καὶ
1395 2463 1648 2532 διάδοχοι.
1691 2464 1778 2526 Ὠς

200 2553 315 2623 γάρ
347 2555 379 2624 ἢ
410 2554 563 2608 άνοια
605 2552 760 2624 ὑμῶν
788 2551 1051 2621 πρόδηλος
1088 2551 1427 2623 γενησομένη
1473 2552 1671 2623 ἐφάνη,
1693 2552 1776 2606 ὅτι

199 2643 431 2697 ἐκείνων
490 2644 611 2697 ἐστὲ
667 2643 928 2715 μαθηταὶ,
958 2643 1069 2697 τῶν
1118 2643 1435 2714 κραξάντων
1469 2646 1567 2696 σὺν
1610 2645 1778 2715 ’Ἅννα

201 2735 302 2807 καὶ
329 2734 550 2804 Καῖάφᾳ
587 2733 723 2804 πρὸς
752 2733 1003 2797 Πιλᾶτον,
1047 2734 1297 2803 λέγουσιν
1317 2752 1329 2765 ’
1371 2733 1561 2803 Ἡμεῖς
1592 2733 1776 2797 βασι-

200 2824 319 2879 ,ῖέα
346 2828 455 2879 οὐκ
501 2825 721 2895 ἔχομεν
759 2828 809 2880 εὶ
845 2826 930 2895 μὴ
959 2826 1252 2895 Καίσαρα,
1285 2828 1332 2879 εἰ
1364 2827 1456 2879 καὶ
1502 2824 1775 2895 προϐάτου

195 2914 367 2985 δορὰν
412 2894 787 2985 ὲπέχετελκαὶ
846 2916 1103 2985 ποιμένος
1150 2894 1341 2986 στολὴν
1384 2894 1772 2986 ἀμφιέννυσθε.

209 3009 303 3070 Ὠς
334 3008 439 3077 γάρ
466 3010 662 3061 ἐκεῖνοι
692 3008 785 3060 τὸν
811 3006 1042 3077 Σωτῆρα
1074 3009 1382 3078 ἠρνήσαντο
1419 3006 1561 3060 κατὰ
1609 3006 1777 3077 πρόσ-

194 3116 351 3153 ωπον
404 3100 661 3163 Πιλάτου,
712 3100 806 3152 καὶ
859 3098 1047 3152 τοῦτον
1099 3100 1315 3169 σταυρῷ
1360 3098 1777 3171 προσπήξαντες

192 3190 487 3259 ἀνήλωσαν
507 3205 520 3219 ·
557 3187 718 3251 αὐτὸς
736 3188 792 3240 δὲ
820 3191 885 3258 τῇ
921 3188 1074 3259 θεῖκῇ
1106 3189 1271 3243 αὑτοῦ
1301 3189 1529 3259 δυνάμει
1552 3188 1771 3258 ἀνέστη,

1880 2001 2190 2058 rectissima
2216 2009 2346 2057 sunt
2386 2009 2701 2070 pervertere
2727 2000 2974 2071 possitis.
2998 2000 3067 2052 At
3102 1996 3250 2053 enim
3284 2011 3453 2069 supra

1880 2100 2089 2163 petram
2114 2092 2363 2147 veritatis
2387 2088 2799 2146 mdiﬂcaverunt
2831 2088 3007 2145 sancti
3042 2088 3232 2144 Patres
3250 2089 3448 2150 uestri.

1878 2191 1926 2234 et
1962 2191 2129 2250 porta:
2192 2180 2350 2247 inferi
2403 2196 2505 2234 non
2536 2179 2893 2248 pmoalebtint
2949 2177 3201 2233 adversus
3260 2188 3446 2242 eant“,

1879 2289 1999 2343 quae
2053 2272 2306 2327 videlicet
2354 2279 2484 2327 sunt
2556 2271 2746 2343 iniqua
2801 2280 2855 2327 et
2911 2268 3453 2326 consceleratissimu

1880 2363 2264 2417 haereticorum
2325 2377 2441 2417 ora.
2504 2360 2693 2418 Fidem
2748 2362 2993 2433 praebere
3044 2360 3313 2417 renuistis
3344 2357 3450 2414 Pa-

1881 2456 2055 2511 tribus
2093 2465 2148 2510 et
2182 2456 2493 2524 baptismo,
2535 2470 2700 2525 quem
2733 2455 2800 2510 ab
2842 2455 2952 2510 illis
2994 2455 3313 2526 recepistis,
3349 2469 3453 2510 nec

1878 2562 2070 2601 eorum
2104 2545 2264 2601 {idem
2298 2560 2698 2617 sermonesque
2732 2545 3079 2617 suscepistis.
3111 2544 3464 2601 Ostendlstis

1879 2638 2088 2708 liquido
2125 2653 2499 2710 quornmnam
2527 2638 2784 2709 discipuli
2816 2637 2942 2694 sitis
2969 2653 3033 2694 ac
3070 2653 3449 2694 successores.

1878 2733 2129 2787 Auxentia
2175 2733 2322 2787 enim
2372 2739 2557 2788 vestra
2599 2731 2894 2787 manifesta
2945 2732 3129 2786 futura
3164 2731 3282 2786 visa
3324 2740 3447 2794 est,

1878 2823 2021 2891 quod
2051 2837 2244 2892 nempe
2293 2835 2486 2876 eorum
2521 2820 2644 2875 sitis
2687 2820 2979 2891 discipuli,
3012 2821 3105 2891 qui
3134 2835 3258 2874 cum
3293 2821 3449 2874 Anna

1877 2921 1931 2968 et
1960 2912 2164 2983 Caipha
2226 2912 2312 2966 ad'
2346 2911 2579 2965 Pilatum
2614 2911 2919 2966 clamantes
2943 2910 3179 2967 dicunt:
3220 2908 3332 2966 Nos
3366 2928 3450 2965 rc-

1878 3018 1989 3075 gem
2051 3021 2156 3058 non
2218 3003 2466 3058 habemus
2520 3003 2620 3057 nisi
2649 3001 2916 3059 Cwsarem
2948 3010 3020 3070 ο,
3060 3006 3277 3061 tametsi
3328 3005 3450 3060 ovis

1879 3095 2076 3165 pellem
2138 3095 2380 3161 habetis,
2448 3104 2502 3151 et
2567 3096 2812 3166 pastoris
2878 3096 3074 3152 stolam
3128 3095 3445 3151 induimini.

1880 3186 2352 3253 Quemadmodum
2404 3186 2549 3241 enim
2630 3187 2707 3241 illi
2772 3186 3112 3244 Salvatorem
3180 3200 3450 3259 negarunt

192 3254 303 3333 καὶ.
328 3277 557 3346 ἀνῆλθεν
581 3279 638 3330 ἐν
670 3279 780 3340 τοῖς
804 3254 1074 3346 ὑψίστοις,
1106 3278 1201 3331 καὶ
1238 3254 1507 3348 ἐκάθησεν
1539 3278 1597 3330 ὲν
1622 3254 1768 3347 δεξιά

1875 3290 2059 3330 coram
2108 3274 2247 3330 facie
2280 3274 2441 3330 Piiati
2466 3317 2480 3342 ,
2533 3285 2700 3347 atque
2740 3277 2886 3332 hunc
2923 3278 3103 3347 ipsum
3141 3254 3294 3333 cruci
3333 3277 3447 3332 alii-

189 3370 296 3437 τῆς
352 3368 743 3438 μεγαλωσύνης
798 3368 891 3423 τοῦ
949 3369 1086 3422 Θεοῦ
1137 3371 1231 3422 καὶ
1262 3368 1506 3439 Πατρός·
1541 3372 1610 3422 Ὃ
1664 3372 1771 3438 γὰρ

186 3460 418 3512 ἔπαθεν
438 3457 590 3526 ὑπὲρ
616 3457 785 3527 ’ἡμῶν
821 3458 1024 3528 σαρκὶ,
1045 3461 1267 3514 ἔπαθεν
1305 3458 1566 3528 ἐφάπαξ,
1592 3460 1770 3514 adra-

188 3569 298 3617 τος
328 3548 515 3605 αὑτοῦ
545 3549 746 3605 οὐκέτι
776 3552 1055 3620 κυριεύει,
1090 3551 1196 3605 κᾶν
1221 3551 1380 3622 ὑμεῖς
1412 3548 1766 3620 φιλοπόλεμοι

185 3644 346 3705 ὅντες
376 3641 511 3711 πρὸς
538 3642 686 3714 ήμᾶς
719 3642 1069 3711 φιλονεικεῖτε
1092 3660 1105 3674 ο
1156 3640 1417 3704 ὡσαύτως
1458 3641 1551 3695 καὶ
1584 3642 1762 3712 ὑμεῖς,

186 3735 252 3785 έν
275 3729 352 3800 τῷ
375 3731 465 3783 τὸν
494 3730 722 3802 Σωτῆρα
748 3731 823 3802 μὴ
855 3729 1125 3800 ἰσχύοντες
1152 3731 1216 3783 ἐκ
1240 3729 1491 3801 δευτέρου
1522 3731 1765 3803 σταυρῶ-

190 3841 308 3889 σαι,
352 3824 431 3885 είς
474 3823 599 3887 τοὺς
626 3823 725 3893 τῆς
751 3824 1018 3894 ὲνσάρκου
1052 3824 1366 3895 οἰκονομίας
1393 3823 1558 3877 αὑτοῦ
1590 3840 1765 3895 χαραλ

194 3919 412 3988 κτῆρας
438 3916 533 3970 καὶ
565 3915 663 3980 τὰς
706 3917 1060 3987 ὑπομνήσεις,
1121 3917 1217 3969 σὺν
1270 3918 1334 3985 τῇ
1390 3917 1531 3969 κατὰ
1583 3916 1764 3984 σάρκα

184 4006 358 4062 αὑτοῦ
402 4006 590 4078 μητρὶ,
628 4006 723 4059 καὶ
759 4009 871 4069 τοῖς
908 4007 1086 4073 ἁγίοις
1140 4004 1305 4057 αὑτοῦ
1352 4004 1621 4075 μαθηταῖς
1670 4006 1765 4060 καὶ

183 4102 506 4161 ἀποστόλοις
534 4098 712 4150 πᾶσαν
746 4095 844 4165 τὴν
871 4095 1069 4149 κακίαν
1106 4095 1261 4164 ὑμῶν
1311 4094 1593 4166 προδήλως
1626 4095 1763 4149 ἐδεί-

186 4193 337 4257 ξατε.
399 4191 506 4243 Καὶ
558 4187 666 4259 γὰρ
718 4189 776 4240 ὲν
810 4186 945 4258 πυρὶ
997 4188 1089 4240 καὶ
1139 4189 1197 4242 ἐν
1232 4186 1456 4258 μυρίαις
1493 4190 1761 4258 μηχαναῖς

182 4282 493 4355 ἐχρήσασθε
533 4280 675 4334 κατὰ
701 4279 810 4333 τῶν
838 4281 1010 4348 ἁγίων
1040 4281 1286 4347 εἰκόνων,
1322 4281 1632 4352 νομίζοντες
1659 4281 1759 4353 τὴν

185 4376 415 4447 μνήμην
441 4374 622 4428 αὑτῶν
645 4372 844 4437 τελέως
872 4373 1270 4445 ἁπαλειφῆναι,
1299 4374 1439 4428 κατὰ
1464 4373 1573 4427 τῶν
1599 4392 1759 4445 χαρα-

181 4467 409 4537 κτήρων
439 4466 537 4536 τῆς
563 4466 1026 4538 χρωματουργίας
1044 4466 1227 4519 αὑτῶν
1246 4468 1607 4539 ἀναμνήσεως
1631 4485 1759 4539 μαι-

186 4557 435 4628 νόμενοι.
456 4556 597 4609 Ἀλλ’
623 4558 770 4628 ὅμως
798 4557 1082 4611 καὶταῦτα
1102 4559 1586 4629 πράττοντες,καθ’
1604 4561 1758 4629 ὑμῶν

178 4647 366 4702 αὐτῶν
392 4648 623 4700 άκονᾶτε
658 4646 717 4700 τὺ
740 4646 892 4717 ξίφος
920 4648 1019 4719 τῆς
1044 4649 1442 4720 δικαιοκρισίας
1474 4650 1567 4704 τοῦ
1596 4650 1754 4718 Θεοῦ,

177 4742 281 4794 καὶ
312 4739 514 4810 πολλῆς
544 4740 932 4811 μακροθυμίας
956 4742 1049 4794 καὶ
1074 4742 1433 4813 άγαθότητος.
1459 4743 1550 4797 Διὸ
1579 4762 1759 4815 παρα·-

175 4832 336 4889 καλῶ
364 4832 508 4902 ὑμᾶς
543 4831 849 4903 άπορῥίψαι
880 4831 977 4902 τὴν
1007 4831 1167 4904 κενὴν
1203 4833 1550 4888 διδασκαλίαν
1580 4833 1755 4903 ὑμῶν,

174 4923 277 4979 καὶ
309 4922 596 4995 μέμψασθε
646 4924 858 4988 ἑαυτοῖς
884 4924 1084 4991 καλῶς,
1122 4926 1208 4993 ἐφ’
1257 4919 1340 4989 οἷς
1390 4925 1757 4997 διεπράξασθε

174 5012 387 5078 κακῶς.
436 5011 808 5083 Ἀνορθώσατε
834 5012 904 5065 τά
936 5013 1250 5083 παρειμένα
1284 5015 1487 5082 γόνατα
1519 5014 1617 5083 τῆς
1650 5013 1755 5082 ψυ-

174 5104 304 5175 χῆς,
338 5104 431 5157 καὶ
486 5104 750 5175 τραχείας
801 5104 966 5175 ὀρθὰς
1001 5107 1293 5176 ποιήσατεο
1342 5105 1555 5168 καὶτὰς
1586 5106 1747 5172 ἁγίας

174 5195 362 5265 φωνὰς
388 5195 499 5248 τῶν
534 5195 794 5267 Πατέρων
820 5196 918 5248 σὺν
945 5199 1080 5267 ήμῖν
1110 5199 1230 5259 ταῖς
1265 5196 1452 5264 ἁγίαις
1480 5195 1652 5248 εἰκόσι
1687 5194 1749 5248 τὸ

173 5288 339 5351 σέϐας
369 5286 759 5358 ἀναπέμψατε,
794 5287 941 5350 ὅπως
970 5290 1122 5359 κοινῇ
1144 5291 1210 5359 τῇ
1250 5290 1402 5359 φωνῇ
1433 5287 1591 5352 δόξαν
1616 5289 1748 5342 ἀνα-

170 5378 483 5450 πέμψωμεν
504 5378 582 5449 τῷ
618 5377 811 5448 Κυρίῳ
835 5376 993 5448 ήμῶν
1047 5379 1222 5448 Ἰησοῦ
1260 5380 1483 5451 Χριστῷ
1526 5378 1601 5449 τῷ
1633 5378 1747 5450 Υίῷ

167 5470 268 5525 τοῦ
288 5470 448 5536 Θεοῦ,
479 5471 577 5523 σὺν
596 5471 674 5541 τῷ
696 5472 918 5543 άνάρχῳ
945 5472 1110 5526 αὑτοῦ
1146 5474 1340 5545 Πατρὶ,
1384 5476 1477 5527 καὶ
1504 5473 1583 5544 τῷ
1610 5471 1745 5538 {too-

170 5563 312 5634 ποιῷ
347 5563 512 5618 αὑτοῦ
546 5563 986 5634 Πνεύματι,νῦν
1040 5565 1134 5618 καὶ
1183 5568 1292 5631 ἀεὶ,
1336 5569 1426 5621 καὶ
1484 5570 1562 5631 εἰς
1620 5567 1743 5631 τοὺς

170 5655 376 5719 αἰῶνας
414 5655 521 5708 τῶν
542 5655 776 5712 αἰώνων,
823 5657 1015 5727 Ἀμήν.

243 5858 273 5890 ⁸
306 5850 641 5927 Μιιιιιιηχνι,
685 5854 767 5914 18.

856 5872 873 5895 ε
903 5856 1056 5915 Jean.
1099 5876 1209 5929 xix,
1249 5860 1330 5918 lo.
1410 5873 1436 5915 Ρ
1462 5861 1480 5917 ι
1504 5860 1648 5921 Fctr.
1683 5882 1757 5935 tv,
1790 5866 1836 5922 l‘.

1874 3377 2063 3437 gentes
2117 3383 2147 3422 e
2199 3367 2379 3423 medio
2434 3369 2816 3435 sustulerunt;
2865 3356 2983 3439 ipse
3033 3380 3215 3424 tamen
3258 3370 3444 3424 divina

1873 3474 1971 3515 sua
2009 3459 2218 3539 virtute
2272 3460 2622 3526 resurrexit,
2662 3462 3025 3532 ascenditque
3062 3463 3116 3515 in
3153 3463 3325 3518 C(Blns
3354 3478 3444 3517 se-

1870 3550 2062 3622 ditque
2112 3552 2201 3607 ad‘
2248 3550 2531 3607 dexteram
2605 3553 2921 3624 majestatis
2971 3553 3061 3609 Dei
3112 3563 3164 3608 ct
3222 3552 3442 3618 Patris;

1871 3646 2200 3712 Quod‘enim
2233 3661 2422 3714 passus
2466 3647 2535 3700 sit
2557 3663 2651 3716 pro
2690 3647 2840 3700 nobis
2880 3662 3040 3700 carne
3066 3657 3113 3709 ι),
3145 3662 3334 3714 passus
3363 3656 3445 3699 est

1866 3740 2063 3803 semel;
2113 3755 2254 3793 mors
2287 3740 2335 3792 ei
2366 3741 2595 3808 amplius
2645 3757 2746 3793 non
2788 3738 3097 3793 dominatur
3128 3749 3155 3788 (ι
3178 3778 3191 3802 ,
3220 3740 3441 3794 tametsi

1868 3845 1966 3885 vos
2006 3831 2314 3886 adversarii
2347 3840 2541 3886 contra
2568 3847 2670 3886 nos
2704 3832 2871 3885 rixari
2899 3831 3255 3885 contenditis.
3290 3831 3441 3884 Haud

1866 3919 2027 3975 aliter
2077 3927 2131 3974 ct
2172 3936 2288 3985 vos,
2339 3936 2463 3975 cum
2510 3924 2796 3992 nequeatis
2846 3922 3191 3977 Salvatorcm
3242 3922 3449 3977 iterum.

1866 4010 2019 4065 cruci
2071 4011 2325 4081 alligere,
2380 4013 2435 4066 in
2490 4014 2757 4083 imagines
2808 4024 2862 4069 et
2894 4016 3233 4069 monimenta
3266 4016 3441 4086 ipsius

1866 4118 1964 4174 per
2019 4117 2240 4159 carnem
2295 4104 2763 4175 dispensationis,
2804 4121 2929 4161 cum
2978 4107 3216 4161 humana
3263 4115 3440 4161 matre

1862 4193 1982 4264 ejus
2003 4235 2019 4261 ,
2049 4204 2103 4249 et
2152 4194 2364 4251 sanctis
2414 4196 2564 4253 illius
2619 4197 2908 4267 discipulis
2941 4210 3106 4268 atque
3133 4199 3432 4270 apostolis,

1864 4285 2181 4340 universam
2236 4287 2504 4343 malitiam
2562 4297 2801 4345 vestram
2867 4290 3155 4346 evidenter
3193 4290 3438 4345 ostendi-

1861 4379 1983 4436 stis.
2026 4378 2153 4451 igne
2202 4381 2347 4437 enim
2401 4390 2463 4436 et
2502 4381 2738 4440 inﬁnitis
2794 4372 3297 4449 machinationibus
3346 4385 3432 4442 usi

1859 4471 1994 4525 estis
2049 4474 2316 4529 adversus
2367 4486 2585 4530 sanctas
2628 4476 2897 4547 imagines
2939 4476 3073 4547 (rati
3111 4478 3434 4533 memoriam

1861 4577 2052 4617 eorum
2092 4563 2342 4621 funditus
2375 4567 2753 4622 oblitteratum
2789 4569 2910 4633 iri),
2934 4580 3123 4625 contra
3151 4571 3435 4627 characte-

1862 4670 1953 4710 res
1998 4652 2231 4724 ulepicta:
2277 4671 2469 4711 eorum
2520 4660 2799 4713 memoria:
2842 4659 3052 4715 furiose
3082 4662 3430 4717 debacchati.

1859 4743 2229 4802 Nihilominus
2275 4749 2357 4803 vel
2388 4750 2469 4804 sic
2519 4758 2782 4819 agentes,
2839 4751 3249 4807 adversusvos
3281 4752 3433 4821 ipsos

1856 4837 2096 4907 gladium
2124 4840 2400 4896 ex-acuitis
2446 4840 2585 4910 justi
2611 4841 2813 4911 judicii
2845 4844 2935 4899 Dei
2963 4884 2976 4908 ,
3004 4844 3279 4900 et‘multte
3310 4844 3430 4915 ejus

1856 4926 2287 4998 longanimitatis
2345 4938 2399 4985 et
2448 4930 2735 4987 bonitatis.
2801 4932 3174 4998 Quamobrem
3239 4932 3431 4987 hortor

1855 5035 1975 5087 vos,
2006 5029 2077 5075 ut
2104 5022 2383 5092 abjiciatis
2432 5040 2631 5080 novam
2681 5026 2999 5081 doctrinam
3030 5035 3299 5089 vestram,
3336 5024 3430 5077 he-

1858 5130 2034 5185 neque
2079 5115 2312 5171 doleatis
2361 5131 2459 5187 pro
2508 5117 2579 5173 iis
2607 5133 2741 5189 quae
2777 5118 2920 5173 male
2970 5115 3432 5187 cgistis.qErigite

1856 5206 2123 5263 dissoluta
2157 5222 2333 5279 genua
2385 5210 2615 5275 animae,
2649 5218 2702 5263 et
2746 5217 2933 5265 rectos
2979 5204 3206 5281 gressus
3233 5208 3427 5275 facite,

1855 5298 2160 5354 secundum
2214 5310 2550 5371 sanctasque
2608 5300 2831 5355 Patrum
2901 5316 3064 5357 voces
3135 5300 3421 5356 nobiscum

1854 5391 2065 5445 sanctis
2109 5389 2365 5447 ieonibus
2417 5392 2629 5446 cultum
2683 5392 2953 5447 tribuite:
3005 5408 3115 5464 quo
3147 5393 3426 5449 communi
3512 5391 3519 5403 ³

1853 5496 1988 5537 voce
2017 5482 2249 5552 gloriam
2302 5482 2496 5539 demus
2538 5481 2771 5540 Domino
2816 5493 3011 5541 nostro
3046 5483 3175 5541 Jesu
3208 5484 3426 5540 Christo

1853 5570 1946 5626 Dei
2008 5572 2190 5638 Filio,
2240 5590 2365 5630 cum
2394 5568 2759 5645 teternoej‘us
2816 5577 2978 5633 Patre
3023 5584 3077 5632 et
3108 5576 3423 5631 vivilicante

1850 5663 1970 5732 ejus
2003 5664 2212 5735 Spiritu
2240 5706 2253 5731 ,
2285 5683 2428 5724 nunc
2465 5676 2518 5725 et
2546 5684 2785 5738 semper,
2834 5680 2887 5726 et
2920 5670 2975 5727 in
3006 5668 3209 5725 sazcnla
3241 5682 3419 5721 saecu-

1849 5757 2046 5812 lorum.
2080 5757 2272 5813 Amen.

1914 5879 1947 5919 (ι-
1964 5866 2121 5925 llom.
2152 5884 2220 5937 ιι,
2240 5871 2283 5926 9.
