3882 6356
162 388 301 456 1365

975 382 1223 446 CANON
1267 382 1348 443 ΙΝ
1391 380 1937 442 DORMITIONEM
1977 382 2106 442 DEI
2143 382 2609 445 GENITBICIS.

3296 386 3433 453 1266

228 501 303 553 Τὸ
327 499 519 561 σκεῦος
552 496 814 567 διέπρεπε
845 494 945 565 τῆς
981 496 1209 566 ἐκλογῆς
1244 497 1356 558 τοῖς
1384 494 1577 565 ὕμνοις
1609 512 1703 547 σου
1725 510 1740 525 ο

1917 494 2027 550 Vas
2072 495 2363 553 electionis
2407 498 2552 555 inter
2603 497 2743 555 alios
2790 499 2991 556 claruit
3024 500 3173 568 tuis,
3219 500 3429 573 Virgo»

158 593 278 657 ὅλος
310 589 684 659 ἐξιστάμενος,
710 587 954 659 Παρθένε
977 604 990 617 ·
1025 588 1260 659 ἔκδημος
1293 588 1413 651 ὅλος
1443 586 1740 660 ἱερώμενος

158 684 278 755 (ν)εῷ
309 687 422 745 τοῖς
452 684 587 737 πᾶσι
613 680 912 753 θεόληπτος
950 681 1046 736 καὶ
1097 681 1172 735 ὢν
1208 681 1379 747 ὅντως
1408 681 1504 736 καὶ
1531 681 1742 735 δεικνύ-

162 793 343 845 μενος,
363 773 594 828 Θεοτόκε
620 772 963 845 πανύμνητε.

232 958 324 1024 εἶ’.
358 953 472 1025 Τὴν
525 952 677 1006 θείαν
721 950 928 1023 ταύτην
980 951 1076 1005 καὶ
1132 951 1414 1023 πάνδημον
1462 948 1743 1013 τελοῦντες

164 1046 383 1120 ἑορτὴν,
410 1047 459 1099 οἱ
495 1044 805 1115 θεόφρονες,
832 1044 935 1114 τῆς
963 1044 1306 1114 Θεομήτορος
1339 1042 1491 1097 δεῦτε
1512 1042 1611 1108 τὰς
1631 1044 1741 1114 χεῖ-

167 1158 266 1212 ρας
288 1139 647 1211 κροτήσωμεν
662 1136 754 1190 τδν
778 1135 838 1203 ἐξ
866 1135 1040 1206 αὐτῆς
1061 1135 1326 1207 τεχθέντα
1349 1137 1563 1200 πιστοῖς
1590 1134 1744 1200 δοξά-

162 1247 477 1372 ςοῖἒῗροῦ
509 1316 623 1389 ζωὴ
653 1316 988 1371 άνατέταλκε
1020 1317 1120 1381 τὰς
1150 1318 1298 1381 κλεῖς
1319 1318 1417 1388 τῆς
1447 1316 1744 1391 παρθενίας

168 1412 245 1483 μὴ
274 1411 507 1465 λύσασα.
538 1410 661 1474 Πῶς
688 1405 782 1464 οὖν
816 1409 878 1464 τὸ
908 1409 1178 1480 ἄχραντον
1220 1410 1530 1481 ζωαρχικόν
1554 1410 1616 1463 τέ
1649 1427 1742 1463 σου

169 1503 440 1573 σκήνωμα
495 1501 591 1571 τῆς
647 1500 739 1554 τοῦ
787 1499 1021 1555 θανάτου
1083 1500 1282 1572 πείρας
1334 1500 1567 1571 γέγονας
1614 1500 1744 1571 μέτ-

168 1612 293 1647 ογος
323 1613 334 1647 Ξ

233 1612 264 1647 ο
324 1613 334 1624 .

201 1612 397 1756 χΖςωξγς
431 1682 724 1754 ὑπάρξασα
757 1683 1008 1754 τέμενος,
1045 1683 1191 1755 ζωῆς
1244 1686 1343 1754 τῆς
1376 1681 1549 1737 ἀϊδίου
1590 1683 1747 1736 τετύ-

1850 590 2118 654 canticis,
2158 598 2308 645 totus
2341 590 2395 645 in
2432 590 2859 647 admirationem
2902 602 3127 662 raptus;
3178 596 3426 665 peregri-

1849 695 1954 736 nus
1987 683 2173 736 omnis
2206 679 2531 738 sacriﬁcans
2593 680 2741 748 Deo,
2797 692 2852 738 et
2901 684 3221 755 quicunque
3249 686 3433 741 omni—

1852 773 1955 829 bus
1977 780 2062 829 est
2088 814 2103 839 ,
2134 781 2190 829 et
2225 790 2356 829 vere
2404 775 2728 831 ostenditur
2774 775 2977 833 divino!
3020 778 3249 835 numine
3291 777 3435 832 allia-

1814 873 1941 919 ~tns
1962 903 1976 925 .
2013 879 2047 919 ο
2077 863 2248 936 Virgo
2274 865 2422 919 omni
2454 881 2689 936 prorsus
2711 869 3250 941 cantu-dignissima.

1924 951 2011 1008 Vl.
2052 953 2306 1008 Divinam
2357 954 2502 1010 banc
2548 964 2602 1010 et
2644 956 2923 1026 publicam
2977 956 3074 1012 Dei
3111 959 3303 1015 matris
3336 974 3435 1015 co-

1851 1039 2028 1096 lentes
2084 1040 2487 1111 festivitatem,
2540 1058 2575 1098 ο
2619 1042 2815 1098 Divina
2868 1046 3192 1116 sapientes,
3253 1049 3431 1120 agite,

1851 1134 2111 1190 manibus
2167 1134 2539 1206 plaudamus,
2578 1152 2643 1193 ex
2698 1136 2790 1192 illa
2838 1147 3028 1194 natum
3062 1140 3317 1197 ﬁdelibus
3344 1157 3435 1198 ce-

1850 1227 2151 1285 lebrantes.

1923 1319 2001 1375 Ex
2038 1327 2094 1377 te
2135 1329 2254 1376 orta
2297 1327 2383 1376 est
2423 1321 2534 1377 vita
2586 1320 2941 1393 Virginitatis
2987 1325 3175 1382 claves
3204 1324 3431 1381 minime

1852 1412 2092 1468 solvens.
2188 1411 2477 1479 Quomodo
2558 1415 2746 1485 igitur,
2819 1430 2945 1474 cum
3017 1418 3430 1473 immaculatum

1852 1509 2023 1571 atque
2053 1503 2108 1557 in
2150 1505 2345 1573 primis
2371 1505 2540 1559 vitale
2594 1507 3009 1563 tabernaculum
3046 1518 3201 1563 tuum
3240 1507 3428 1573 fuerit,

1851 1594 2051 1651 mortis
2081 1596 2435 1665 experientiae
2468 1597 2614 1651 facta
2645 1614 2705 1653 es
2738 1600 3058 1670 particeps?

1924 1687 2063 1742 Vitae
2093 1687 2213 1758 ipsa
2241 1690 2532 1759 templum,
2568 1690 2736 1744 vitam
2785 1702 2951 1746 nacta
2983 1708 3043 1747 es
3077 1700 3431 1762 perpetuam;

168 1792 346 1847 χηκας
367 1792 379 1804 -
403 1774 492 1827 διὰ
519 1774 748 1829 θανάτου
766 1773 876 1845 γὰρ
900 1774 1035 1845 πρὸς
1057 1773 1155 1845 τὴν
1184 1773 1331 1843 ζωὴν
1365 1772 1748 1844 μεταϐέϐηκας

1893 1793 1952 1835 er
1980 1787 2217 1835 mortem
2252 1781 2401 1836 enim
2438 1782 2507 1836 ad
2541 1783 2711 1836 vitam
2754 1785 3026 1840 transiisti
3054 1825 3067 1851 ,
3100 1801 3224 1855 quae
3267 1787 3442 1839 vitam

169 1871 203 1937 ή
238 1866 337 1937 τὴν
371 1865 517 1937 ζωὴν
546 1864 781 1918 τεκοῦσα
805 1865 904 1935 τὴν
936 1865 1325 1919 ὲνυπόστατον.

240 1960 315 2013 Z'.
357 1958 471 2011 Οὐκ
498 1957 832 2028 ἐλάτρευσαν
857 1959 925 2028 τῇ
964 1956 1140 2011 κτίσει
1185 1959 1235 2010 οἱ
1263 1956 1553 2027 θεόφρονες
1599 1956 1753 2027 παρὰ

168 2052 264 2106 τὸν
289 2051 572 2105 κτίσαντα
591 2066 605 2083 ⁸
644 2050 781 2105 ἀλλὰ
813 2050 985 2123 πυρὸς
1018 2050 1252 2121 ἀπειλὴν
1287 2051 1551 2122 ἀνδρείως
1578 2050 1754 2121 πατήρ

171 2164 368 2209 σαντες
393 2187 408 2211 ,
456 2145 676 2216 ἔχαιρον
741 2142 1059 2213 ψάλλοντες,
1121 2142 1520 2213 Ὑπερύμνητε
1558 2144 1592 2197 ό
1636 2140 1754 2195 τῶν

171 2239 453 2307 ιιατέρων
481 2239 698 2306 Κύριος
719 2235 819 2292 καὶ
849 2235 1018 2303 Θεὸς,
1052 2234 1383 2304 εὐλογητὸς
1416 2230 1494 2290 ετ.

242 2329 542 2384 Νεανίσκοι
602 2328 698 2381 καὶ
751 2325 1014 2398 παρθένοι
1062 2325 1165 2395 τῆς
1212 2324 1489 2396 Παρθένου
1548 2343 1607 2379 τε
1664 2328 1756 2380 καὶ

171 2424 525 2495 Θεομήτορος
554 2420 654 2491 τὴν
707 2420 934 2491 μνήμην
986 2418 1256 2483 σέϐοντες,
1319 2417 1622 2488 πρεσϐύται
1663 2419 1757 2473 καὶ

173 2515 444 2585 ἄρχοντες
496 2512 592 2565 καὶ
645 2510 888 2581 βασιλεῖς
939 2510 1037 2564 σὺν
1095 2510 1314 2580 κριταῖς
1370 2507 1753 2579 μελῳδήσατε,

187 2607 254 2659 '0
309 2604 430 2659 τῶν
481 2604 757 2673 πατέρων
801 2603 1020 2671 Κύριος
1071 2600 1171 2655 καὶ
1198 2601 1368 2667 Θεὸς,
1428 2598 1760 2671 εὐλογητὸς

173 2694 251 2753 εἶ.

250 2789 684 2845 Σαλπισάτωσαν
725 2792 791 2861 τῇ
846 2790 1108 2858 σάλπιγγι
1150 2786 1247 2841 τοῦ
1296 2786 1607 2857 πνεύματος
1655 2787 1759 2858 όρη

173 2885 432 2957 οὐράνια,
486 2882 943 2952 ἁγαλλιάσθωσαν
977 2882 1159 2953 βουνοὶ
1209 2881 1304 2935 καὶ
1338 2880 1756 2952 σκιρτάτωσαν⁶

174 2978 314 3031 θεῖοι
342 2975 657 3041 ἀπόστολοι,
678 2977 711 3045 ἡ
743 2976 1054 3046 πανήγυρις
1073 2974 1175 3041 τῆς
1209 2971 1499 3036 Θεοτόκου,
1522 2972 1760 3043 σήμερον

178 3068 466 3140 μυστικῶς
489 3067 982 3139 πανηγυρίσωμεν.
1160 3116 1163 3117 ,
1612 3068 1629 3084 ‘

264 3163 330 3217 Ἢ
362 3163 617 3231 πανίερος
657 3163 989 3234 μετάστασις
1024 3160 1124 3231 τῆς
1158 3160 1305 3223 θείας
1346 3176 1440 3213 σου
1480 3158 1574 3212 καὶ
1619 3159 1760 3229 ἀκη-

178 3255 353 3325 ράτου
395 3253 599 3324 μητρὸς
650 3254 718 3306 τά
755 3252 1107 3323 ὕπερκόσμια
1168 3250 1278 3304 τῶν
1312 3250 1426 3305 ἄνω
1474 3249 1762 3320 δυνάμεων

175 3347 409 3419 ήθροισε
433 3346 694 3415 τάγματα
716 3361 731 3375 ⁸
760 3342 1221 3415 συνευφραίνεσθε
1284 3346 1395 3405 τοῖς
1425 3342 1516 3395 ἐπὶ
1544 3342 1647 3412 γῆς
1677 3358 1762 3394 σοι

178 3438 489 3510 μέλπουσιν
509 3452 523 3466 ·
567 3438 630 3489 '0
659 3437 825 3504 Θεὸς,
862 3434 1195 3505 εὐλογητὸς
1222 3429 1295 3490 εἶ.
1450 3434 1457 3441 ’

258 3528 342 3581 H'.
380 3526 582 3590 Παῖδας
634 3526 850 3593 εὐαγεῖς
883 3526 941 3577 ἐν
992 3526 1058 3595 τῇ
1116 3522 1335 3594 καμίνῳ
1383 3523 1412 3575 ό
1459 3521 1617 3583 τόκος
1666 3519 1765 3591 τῆς

177 3620 453 3675 Θεοτόκου
483 3617 811 3672 διεσώσατο*
839 3617 959 3671 τότε
1006 3615 1107 3687 μὲν
1153 3614 1496 3686 τυπούμενος
1516 3653 1533 3677 ,
1566 3612 1665 3667 νῦν
1706 3611 1767 3666 δὲ

176 3712 609 3785 ἑνεργούμενος,
647 3712 749 3782 τὴν
793 3710 1119 3781 οἰκουμένην
1156 3709 1375 3764 ἃπασαν
1412 3711 1599 3779 ήγειρε
1625 3707 1767 3777 ψάλ-

178 3809 408 3872 λουσαν,
429 3805 543 3860 Τὸν
566 3805 788 3873 Κύριον
810 3801 1073 3872 ὑμνεῖτε,
1104 3800 1177 3855 τὰ
1204 3800 1373 3871 ἔργα.

257 3897 374 3969 Τὴν
407 3897 629 3969 μνήμην
659 3912 777 3960 σου,
810 3896 1048 3966 ἄχραντε
1070 3891 1339 3967 Παρθένε,
1369 3890 1562 3960 Ἀρχαί
1591 3906 1650 3942 τε
1676 3890 1770 3942 καὶ

192 3990 475 4055 Ἐξουσίαι
531 3987 626 4041 καὶ
679 3986 984 4055 Δυνάμεις,
1032 3982 1324 4051 Ἄγγελοι,
1379 3979 1771 4049 Ἀρχάγγελοι,

178 4083 404 4155 Θρόνοι,
439 4080 799 4150 κυριότητες,
822 4077 891 4129 τά
915 4073 1198 4145 Χερουϐὶμ
1230 4070 1545 4145 δοξάζουσιο
1580 4070 1675 4123 καὶ
1704 4070 1775 4126 τὰ

181 4174 400 4246 φρικτὰ
429 4170 713 4242 Σεραφίμ·
752 4164 1059 4237 ἀνθρώπων
1085 4164 1141 4219 δὲ
1170 4163 1233 4217 τὸ
1270 4162 1430 4232 γένος
1457 4160 1734 4234 ὑμνοῦμεν
1754 4200 1775 4229 ,

182 4266 291 4322 καὶ
315 4261 708 4335 ὑπερυψοῢμεν
738 4262 815 4323 εἰς
850 4257 1063 4319 πάντας
1090 4256 1218 4318 τοὺς
1249 4254 1479 4319 αἰῶνας.

269 4451 335 4504 ’0
372 4447 540 4516 ξένως
568 4444 800 4516 οἰκήσας
829 4443 887 4495 ἐν
925 4443 993 4513 τῇ
1025 4440 1282 4511 άχράντῳ
1319 4457 1415 4494 σου
1445 4438 1600 4509 νηδύϊ
1642 4456 1779 4510 ἰσαρ-

1783 1860 1827 1917 Β
1855 1886 1985 1927 vere
2021 1870 2430 1927 subsistentem
2464 1873 2766 1943 pepereris.

1925 1960 2041 2017 Vll.
2075 1961 2271 2016 Divina
2312 1963 2599 2032 sapientes
2631 1964 2738 2018 viri
2780 1971 3094 2019 creaturam
3138 1980 3240 2036 pro
3265 1966 3437 2022 Crea-

1857 2059 1976 2107 tore
2021 2065 2133 2106 non
2182 2051 2594 2119 adoraverunt;
2654 2054 2748 2108 sed
2807 2054 2954 2124 ignis
2996 2054 3176 2110 minas
3208 2056 3437 2111 viriliter

1856 2145 2147 2215 patientes,
2181 2145 2539 2212 laetabantur,
2575 2154 2881 2202 canentes:
2924 2146 3143 2202 Summe
3189 2147 3438 2203 laudabi-

1858 2238 1928 2291 lis
1964 2236 2191 2291 Patrum
2223 2236 2447 2291 Domine
2479 2253 2541 2291 ac
2572 2236 2736 2301 Deus,
2780 2236 3084 2292 benedictus
3113 2254 3190 2293 es.

1927 2328 2218 2384 Juvcnculi
2272 2337 2329 2383 et
2378 2328 2652 2397 virgines,
2714 2336 2829 2383 tum
2874 2327 3141 2400 Virginis,
3194 2338 3307 2384 tum
3342 2328 3436 2385 Dei

1858 2419 2052 2476 Matris
2091 2421 2417 2475 memoriam
2447 2427 2812 2485 venerantes,
2856 2435 3018 2476 senes
3064 2428 3117 2475 et
3154 2421 3438 2491 principes

1858 2520 1913 2567 et
1941 2528 2099 2582 reges
2130 2526 2257 2567 cum
2297 2511 2585 2581 judicibus
2628 2518 2850 2566 cantate
2885 2530 2898 2566 :
2958 2510 3184 2566 Patrum
3217 2511 3441 2568 Domine

1861 2624 1923 2660 ac
1961 2605 2128 2673 Deus,
2172 2604 2474 2661 benedictus
2505 2620 2579 2659 es.

1933 2786 2087 2842 Tuba
2118 2786 2350 2857 spiritus
2398 2794 2617 2842 montes
2651 2786 2910 2843 caelestes
2960 2786 3241 2856 clangant,
3274 2787 3445 2842 colles

1861 2878 2138 2950 gaudeant
2169 2888 2221 2935 et
2252 2880 2554 2935 exsultent.
2594 2876 2789 2946 llodie,
2825 2878 3059 2949 apostoli
3088 2878 3286 2944 divini,
3322 2879 3447 2934 Dei-

1863 2986 2011 3037 paraa
2040 2969 2588 3041 laudatio;_mystice
2621 2969 2935 3026 laudemus.

1940 3144 2346 3202 Sanctissimus
2390 3142 2596 3200 divina:
2625 3151 2682 3199 et
2710 3143 3051 3214 incorrupta:
3108 3145 3305 3201 Matris
3337 3152 3446 3199 tua:

1867 3238 2141 3295 transitus
2204 3237 2455 3294 ctelestia
2514 3251 2887 3307 supernarum
2946 3234 3289 3291 Potestatum
3347 3252 3442 3307 ag-

1866 3333 2013 3387 mina
2067 3330 2396 3389 tremefecit.
2440 3330 2579 3387 Cum
2630 3330 2742 3386 illis
2795 3329 3172 3401 gaudendum,
3212 3331 3308 3401 qui
3341 3330 3442 3384 tibi

1865 3424 1921 3480 in
1957 3436 2103 3479 terra
2142 3431 2386 3479 canunt:
2428 3421 2749 3477 Benedictus
2779 3438 2860 3485 es,
2895 3420 3055 3476 Deus.

1940 3514 2074 3570 Vlll.
2128 3513 2367 3571 Sanctos
2417 3528 2622 3585 pueros
2671 3513 2917 3568 servavit
2961 3513 3015 3566 in
3076 3512 3299 3567 fornace
3353 3511 3448 3566 Dei

1866 3608 2163 3667 Genitricis
2215 3615 2430 3678 partus,
2474 3616 2608 3662 tunc
2667 3604 2936 3675 ﬁguratus
2992 3605 3244 3675 quidem;
3302 3618 3451 3659 nunc

1866 3717 2000 3757 vero
2032 3700 2320 3771 impletus,
2352 3698 2677 3753 universum
2707 3696 2900 3751 orbem
2940 3696 3209 3750 excitavit
3241 3710 3448 3749 canen-

1870 3803 1980 3850 tem
2016 3812 2029 3847 :
2068 3791 2334 3853 Laudate,
2376 3805 2560 3857 opera,
2595 3788 2906 3842 Dominum.

1942 3881 2141 3947 Tuam,
2175 3880 2529 3934 immaculata
2568 3876 2764 3946 Virgo,
2797 3877 3122 3931 memoriam
3160 3876 3453 3947 Principa-

1874 3980 1983 4035 tus,
2034 3969 2345 4025 Potestates
2406 3982 2471 4022 ac
2515 3966 2803 4031 Virtutes;
2840 3966 3060 4037 Angeli,
3096 3967 3451 4037 Archangeli,

1874 4061 2108 4129 Throni,
2168 4058 2609 4125 Dominationes,
2679 4057 2981 4112 Cberubim
3048 4073 3112 4112 ac
3165 4059 3453 4114 tremenda

1879 4153 2173 4223 Seraphim
2221 4150 2485 4207 laudibus
2527 4149 2959 4216 concelebrant;
3000 4148 3286 4204 hominum
3320 4165 3454 4206 vero

1877 4259 2051 4316 genus
2101 4242 2356 4299 canimus
2393 4251 2447 4298 et
2488 4239 2974 4312 supercxtollimus
3040 4242 3098 4296 in
3142 4241 3328 4297 omnia
3359 4257 3457 4298 sa:-

1878 4336 2023 4391 cula.
3140 4402 3153 4405 _

1949 4427 2053 4494 Qui
2085 4428 2141 4482 in
2176 4434 2271 4481 tuo
2318 4424 2675 4480 immaculato
2735 4436 2926 4481 ventre
2972 4425 3310 4496 hospitatus.
3337 4439 3458 4482 car-

187 4540 293 4595 κού
305 4553 470 4610 μενος
501 4530 657 4597 οὗτος
686 4533 747 4586 τὸ
789 4532 1053 4599 πανίερον
1085 4530 1303 4601 πνεῦμά
1340 4547 1434 4582 σου
1461 4529 1756 4600 δεξάμενος

1891 4534 2008 4575 nem
2064 4516 2283 4576 induit.
2335 4516 2383 4571 is
2414 4516 2831 4571 sanctissimum
2885 4516 3145 4585 spiritum
3178 4526 3335 4571 tuum
3365 4533 3461 4574 ex-

185 4634 249 4684 ὲν
273 4627 460 4697 ἑαυτῷ
495 4625 841 4680 κατέπαυσεν
872 4622 945 4685 ὡς
989 4620 1273 4691 ὀφειλέτης
1299 4619 1447 4684 Υἱός.
1478 4620 1570 4673 Διό
1598 4636 1657 4672 σε
1680 4619 1779 4690 τὴν

186 4718 481 4791 Παρθένον
508 4716 787 4789 ὑμνοῦμεν
819 4714 916 4767 καὶ
943 4711 1356 4785 ὑπερυψοῦμεν.

267 4817 338 4868 Ὢ
372 4812 481 4866 τῶν
511 4810 652 4882 ὑπὲρ
696 4808 907 4863 ἔννοιαν
951 4805 1252 4876 θαυμάτων
1283 4804 1384 4875 τῆς
1417 4802 1781 4875 άειπαρθένου

191 4907 294 4962 καὶ
324 4901 707 4972 Θεομήτοροςῐ
737 4899 921 4966 Τάφον
951 4895 1060 4966 γὰρ
1098 4896 1370 4966 οἱκήσασα
1398 4893 1569 4961 ἔδειξε
1604 4894 1785 4967 παρά-

189 4993 380 5045 δεισον
413 4982 458 5057 ᾧ
484 4986 834 5057 παρεστῶτες
857 4986 1099 5056 σήμερον
1143 4983 1449 5054 χαίροντες,
1469 4981 1749 5055 ψάλλομεν
1768 5000 1780 5015 ·

198 5084 322 5139 Τὸν
358 5082 580 5151 Κύριον
610 5077 852 5149 mer-sits
886 5078 983 5132 καὶ
1016 5076 1423 5146 ὐπερυψοῦτε.

270 5175 353 5228 8'.
401 5174 587 5236 ’Ἅπας
616 5169 857 5242 γηγενὴς
902 5168 1183 5239 σκιρτάτω
1225 5166 1305 5239 τῷ
1336 5167 1611 5239 πνεύματι
1646 5168 1786 5240 λαμ-

195 5264 674 5337 παδουχούμενος.
709 5260 1145 5332 Πανηγυριζέτω
1171 5259 1227 5313 δὲ
1262 5257 1443 5313 άΰλων
1458 5259 1594 5313 νόων
1624 5259 1786 5329 φύσις

196 5354 672 5429 γεραίρουσα’τὴν
703 5353 857 5424 ἱερὰν
894 5352 1234 5425 μετάστασιν
1271 5350 1373 5420 τῆς
1400 5350 1743 5422 Θεομήτθρος
1768 5367 1780 5379 .

198 5451 309 5505 καὶ
335 5446 535 5518 βοάτω,
558 5446 819 5514 Χαίροις,
845 5442 1305 5513 παμμακάριστε
1326 5443 1592 5509 Θεοτόκε,
1610 5443 1787 5514 ἁγνὴ,

196 5539 587 5609 ἀειπάρθενε.

284 5630 453 5685 Δεῦτε
483 5632 540 5685 ὲν
574 5627 717 5682 Σιὼν
744 5625 820 5700 τῷ
850 5626 979 5695 θείῳ
1017 5624 1113 5679 καὶ
1140 5624 1287 5679 πίονι
1310 5625 1430 5695 ὄρει
1463 5624 1556 5679 τοῦ
1592 5625 1792 5689 ζῶντος

198 5720 351 5775 Θεοῦ
383 5718 847 5789 άγαλλιασώμεθα
892 5716 992 5786 τὴν
1015 5715 1280 5769 Θεοτόκον
1316 5715 1788 5786 ὲνοπτριζόμενοιι

200 5813 350 5889 πρὸς
384 5827 493 5886 γάρ
520 5814 618 5885 τὴν
650 5812 771 5865 λίαν
819 5810 1104 5879 κρείττονα
1132 5806 1225 5861 κοιλ⁸
1276 5806 1557 5879 θειοτέραν
1588 5808 1794 5881 σκηνὴν

1883 4610 2127 4681 cipiens,
2159 4611 2216 4664 in
2252 4608 2394 4679 ipso,
2446 4614 2707 4676 tanquam
2748 4606 2966 4661 debitor
3017 4606 3214 4672 Filius,
3245 4610 3461 4679 requie-

1884 4707 1982 4761 vit.
2020 4704 2149 4758 ldeo
2173 4712 2226 4758 te
2260 4700 2543 4772 Virginem
2573 4700 2829 4756 canimus
2857 4706 2913 4755 et
2952 4702 3461 4771 superextollimus.

1952 4797 1997 4853 0
2064 4795 2353 4851 intellectu
2423 4793 2625 4849 altiora
2677 4808 2895 4865 settiper
2949 4792 3198 4866 Virginis
3253 4809 3319 4850 ac
3366 4796 3466 4852 Dei

1887 4888 2195 4946 Gcnitricis
2228 4885 2863 4957 miraculalPostquam
2938 4886 3087 4941 enim
3147 4886 3465 4958 sepulcrum

1889 4979 2181 5044 habitavit,
2219 4976 2541 5048 paradisum
2574 4976 2855 5040 ostendit,
2893 4978 2985 5033 cui
3025 4985 3273 5035 astantes
3301 4978 3468 5035 hodie

1889 5072 2000 5126 laati
2039 5070 2335 5126 canimus:
2372 5066 2602 5124 Cantate
2640 5076 2689 5122 et
2713 5069 3119 5138 superextollite
3154 5069 3462 5124 Dominum.

1962 5161 2053 5218 IX.
2106 5160 2411 5234 Terrigena
2459 5161 2644 5219 omnis
2696 5162 2897 5232 spiritu
2969 5165 3229 5229 exsultet,
3286 5162 3465 5218 facem

1891 5254 2093 5310 ferens.
2145 5253 2414 5309 Mcntium
2463 5269 2597 5310 vero
2637 5253 2883 5309 materiae
2928 5254 3238 5309 exsortium
3268 5261 3469 5309 natura

1892 5346 1946 5399 in
1982 5345 2172 5401 laudes
2216 5354 2338 5411 eat,
2384 5352 2638 5401 sanctum
2689 5343 2781 5399 Dei
2829 5344 3130 5401 Genitrieis
3178 5345 3473 5400 transitum

1891 5451 2165 5493 venerans
2193 5457 2209 5507 ;
2244 5445 2299 5493 et
2329 5438 2635 5494 exclamet:
2672 5436 2847 5505 Salve,
2876 5437 3184 5495 beatissima
3214 5438 3476 5509 Deipara,

1892 5546 2053 5599 pura,
2080 5546 2285 5601 semper
2326 5530 2508 5602 Virgo.

1962 5624 2123 5695 Agite
2148 5665 2162 5689 ,
2198 5625 2251 5679 in
2329 5623 2463 5679 Sion
2492 5664 2507 5691 ,
2567 5624 2755 5681 divino
2785 5633 2839 5680 et
2866 5626 3053 5697 pingui
3110 5625 3207 5683 Dei
3241 5626 3478 5684 viventis

1896 5724 2086 5771 monte
2150 5716 2581 5782 exsultabimus,
2661 5715 2951 5787 Deiparam
3024 5718 3177 5773 velut
3236 5720 3291 5775 in
3351 5733 3480 5790 spe-

1898 5808 2024 5866 culo
2055 5807 2338 5866 intuentes
2367 5825 2381 5875 ;
2407 5807 2551 5863 hanc
2582 5807 2729 5865 enim
2767 5808 2860 5864 ille
2883 5850 2897 5877 ,
2930 5815 3194 5881 tanquam
3223 5820 3481 5866 matrem.
