3876 6336
186 404 210 469 J
221 406 331 469 369

1085 407 1163 468 IN
1199 408 1342 468 SEX
1378 409 1687 469 llYMNUS
1727 411 2167 481 SEQUENTES
2214 413 2594 473 MONl'l‘UM.

3320 419 3455 484 1370

181 517 390 589 Κύριε,
416 510 524 570 τῶν
551 514 784 569 αἰωνίων
835 534 928 570 σου
960 518 1182 587 ἀγαθῶν
1214 520 1444 585 ἀξίωσον
1486 522 1575 575 τὸν
1609 540 1772 593 μετα·
1804 532 1845 587 Α

1880 521 2110 578 Domine
2139 526 2366 579 {etet-nis
2403 527 2514 581 tuis
2557 528 2718 582 bonis
2751 528 2895 583 dona
2931 547 3054 586 cum
3092 532 3184 602 qui
3236 550 3265 585 a
3302 536 3460 589 nobis

1112 608 1336 683 [στάντα
1362 613 1420 679 ἐξ
1451 614 1627 684 ἡμῶν,

196 704 528 759 Ἀναπαύων
558 704 721 759 αὐτὸν
747 704 805 757 ἐν
827 705 893 774 τῇ
927 702 1123 775 ἀγήρῳ
1151 704 1539 776 μακαριότητι.

3049 624 3352 695 (migravit.

1881 705 1939 759 ln
1975 706 2317 764 indelicienti
2349 710 2694 768 beatitudine
2725 712 2855 770 data
2887 715 2964 770 illi
2996 718 3207 787 requie.

1461 870 1491 887 κ

1929 927 3429 954 Μ*-

958 970 995 982 ’κ

952 1081 1376 1150 ΜΟΝΙΤΠΜ
1425 1081 1527 1145 ΙΝ
1552 1082 1717 1143 SEX
1756 1081 1855 1141 ll)

1871 1080 2121 1143 'MNOS
2157 1079 2509 1157 SEQUEN
2517 1080 2698 1141 res.

1136 1248 1286 1311 (At-ta.
1325 1246 1437 1297 Μιι.
1481 1241 1717 1309 Spiciteg.
1760 1246 1894 1295 Rom.
1932 1245 2015 1307 IX,
2051 1260 2099 1308 p.
2126 1258 2229 1306 xxx,
2252 1245 2344 1293 715
2369 1244 2502 1305 sqq.)

257 1571 318 1630 In
347 1572 671 1631 evolvendis
702 1573 914 1629 Grmcis
948 1569 1231 1627 Vaticante
1263 1570 1612 1628 bibliotheca:
1646 1572 1936 1628 codicibus
1967 1590 2054 1630 res
2087 1577 2368 1647 insperata
2402 1578 2536 1633 mihi
2571 1580 2793 1635 accidit.
2828 1582 2960 1636 Dum
2996 1583 3143 1638 enim
3177 1583 3449 1654 poeticum

171 1667 442 1723 volumen
470 1665 827 1736 inspicerem,
860 1668 915 1721 in
945 1681 1056 1737 quo
1097 1682 1206 1721 non
1242 1666 1365 1721 sine
1402 1668 1576 1720 multo
1606 1667 1950 1722 scholiorum
1976 1670 2246 1725 comitatu
2273 1681 2404 1727 sunt
2438 1670 2737 1738 Pindarus,
2776 1674 3075 1744 Hesiodus,
3124 1686 3310 1746 partes
3342 1675 3451 1729 Ho-

174 1761 345 1828 meri,
379 1760 655 1833 Esehyli,
687 1770 743 1818 et
769 1762 1074 1829 Theocriti,
1100 1761 1472 1817 animadverti
1510 1763 1677 1831 paulo
1712 1762 2004 1819 dill'crenle
2045 1765 2370 1823 charactere
2401 1767 2608 1837 scripta
2654 1766 2780 1823 folia
2815 1783 2910 1824 sex
2944 1770 2998 1824 in
3031 1770 3270 1825 diversis
3303 1769 3454 1824 codi—

171 1851 267 1909 cis
302 1854 577 1923 partibus,
599 1853 788 1924 ibique
812 1853 1043 1909 totidem
1068 1852 1408 1923 deprehendi
1435 1855 1725 1924 prosaicos
1749 1856 1926 1911 sancti
1951 1855 2185 1912 Joannis
2208 1857 2536 1914 Damasccni
2572 1860 2831 1931 hymnos,
2853 1877 2996 1931 quos
3023 1860 3196 1917 Graeci
3220 1862 3453 1923 κανόνας

172 1946 486 2017 appellant,
518 1946 760 2003 ineditos
790 1961 1023 2017 prorsus
1053 1953 1111 2000 et
1140 1946 1458 2015 incognitus
1491 1946 1696 2000 Allatio
1728 1947 1858 2017 ipsi,
1899 1945 2181 2011 Fabricio.
2210 1960 2266 2003 et
2291 1950 2582 2019 Lequinio.
2613 1953 2706 2021 qui
2734 1953 2802 2007 de
2842 1954 3023 2007 sancti
3053 1954 3158 2009 viri
3194 1953 3455 2009 lucubra-

174 2043 436 2100 tionibus
484 2050 595 2097 tam
652 2048 917 2097 accurate
962 2040 1335 2109 scripserunt.
1367 2037 1558 2108 Neque
1599 2054 1733 2094 vero
1765 2040 1881 2095 haec
1915 2039 2047 2096 folia
2072 2041 2251 2096 aliena
2281 2051 2413 2096 sunt
2451 2057 2480 2095 a
2514 2043 2727 2109 codice,
2759 2045 2845 2098 vel
2873 2045 3146 2109 obtrusa;
3194 2047 3287 2101 sed
3324 2048 3452 2118 quia

175 2134 393 2191 scholia
423 2134 491 2189 ad
537 2132 837 2205 praedictos
866 2140 1061 2201 poetas
1096 2131 1373 2188 interdum
1404 2130 1744 2187 rarescentia
1774 2134 2015 2202 spatium
2051 2148 2287 2188 vacuum
2332 2134 2378 2189 si
2412 2148 2521 2189 non
2571 2135 2817 2190 universi
2860 2135 2980 2190 lolii
3036 2146 3091 2189 at
3124 2138 3303 2207 partis
3334 2139 3455 2207 ejus

176 2208 438 2283 maxima:
468 2223 879 2296 relinquebant,
910 2222 1121 2278 ideirco
1154 2222 1515 2277 amanuensis
1547 2222 1749 2292 aliquis
1780 2224 1867 2278 vel
1887 2223 2101 2279 codicis
2133 2223 2393 2279 dominus
2427 2231 2713 2277 vacantem
2750 2232 2950 2279 nactus
2986 2225 3194 2289 locum,
3224 2227 3454 2281 Damas-

175 2323 311 2377 ceni
341 2320 443 2378 hos
476 2321 734 2392 hymnos,
770 2318 973 2389 quibus
1019 2318 1304 2388 praecipue
1351 2316 1766 2384 delectabatur,
1813 2318 1931 2373 illic
1987 2318 2288 2387 descripsit
2321 2317 2571 2387 profanis
2612 2315 2844 2371 seholiis
2888 2317 3253 2388 interpositos
3292 2337 3304 2372 :
3342 2319 3446 2373 etsi

172 2412 503 2469 earumdem
545 2412 874 2484 hymnorum
904 2419 1089 2478 partes
1120 2410 1359 2481 aliquot,
1406 2410 1697 2466 consuetis
1727 2410 1982 2466 codicum
2016 2410 2245 2467 casibus
2272 2412 2578 2481 perierunt.
2610 2409 2724 2482 Ego
2752 2412 2921 2484 igitur
2950 2419 3005 2465 et
3037 2412 3175 2466 tanti
3209 2416 3454 2467 auctoris

176 2508 429 2576 nomine,
464 2509 612 2579 quod
644 2509 701 2563 in
734 2506 1079 2579 singulorum
1117 2506 1446 2577 hymnorum
1466 2505 1645 2562 titulis
1674 2508 2029 2572 occurrebat,
2056 2515 2109 2562 et
2139 2507 2255 2576 ipsa
2290 2523 2346 2562 re
2386 2507 2715 2572 delectatus,
2750 2508 2862 2577 pati
2905 2523 3013 2560 non
3048 2506 3227 2579 potui,
3262 2519 3321 2563 nt
3372 2509 3454 2564 ha:

175 2600 515 2658 Christiana:
547 2616 660 2658 non
709 2600 1101 2658 contemnendi
1138 2601 1300 2670 pretii
1347 2599 1598 2671 reliquite
1639 2602 1694 2656 in
1730 2602 1956 2657 ethnico
1986 2601 2194 2656 diutius
2237 2603 2449 2656 tuumlo
2480 2602 2754 2673 dispersae
2785 2602 3058 2673 jacercnt.
3113 2601 3451 2675 Hymnorum

175 2691 321 2747 ordo
354 2693 410 2748 in
445 2693 638 2748 codice
684 2694 775 2747 hic
801 2701 908 2749 est.
964 2690 1005 2756 Ι,
1042 2690 1135 2746 fol.
1170 2694 1203 2748 4
1230 2704 1283 2746 et
1314 2692 1380 2756 ὃς
1422 2693 1476 2747 in
1512 2702 1771 2750 sanetum
1818 2693 2082 2751 Basilium
2127 2693 2408 2766 Magnum.
2439 2698 2516 2767 (I)
2552 2695 2613 2757 ll.
2654 2696 2690 2750 Γ.
2726 2697 2793 2760 5,
2841 2698 2893 2750 in
2953 2706 3216 2753 sanctum
3284 2694 3451 2750 Joan-

178 2801 310 2841 nem
340 2783 930 2857 Chrysostomum.lll,
967 2786 1005 2839 l'.
1060 2784 1196 2848 107,
1234 2786 1286 2839 in
1329 2794 1583 2841 sanctum
1634 2784 1923 2840 Nicolaum
1973 2785 2305 2856 Hyrensem.
2370 2785 2460 2847 IV.
2497 2786 2535 2840 Γ.
2600 2787 2701 2840 1οἹ
2728 2788 2793 2851 b,
2831 2788 2885 2842 in
2920 2799 3177 2843 sanctum
3224 2785 3448 2842 Petrum

178 2879 564 2948 apostolorum
614 2879 943 2949 principem.
982 2876 1048 2942 ν,
1100 2876 1314 2943 £155,
1358 2876 1414 2932 in
1467 2890 1726 2934 sanctum
1760 2878 2060 2950 Georgium
2093 2886 2425 2949 martyrem,
2460 2877 2549 2942 Vl,
2587 2879 2623 2932 l.
2672 2879 2775 2931 l72
2819 2891 2873 2934 et
2922 2880 3060 2942 175,
3110 2879 3163 2932 in
3196 2887 3448 2933 sanctum

178 2970 422 3026 Blasioni
447 2987 603 3042 teque
643 2978 943 3042 martyrem
987 2989 1001 3024 :
1042 2968 1097 3023 in
1130 2969 1333 3040 quibus
1371 2970 1478 3025 rite
1506 2968 1572 3023 ad
1601 2967 1804 3024 Cratere
1832 2969 2070 3041 liturgiae
2104 2984 2354 3023 normam
2382 2984 2445 3023 ae
2479 2970 2626 3040 leges
2661 2968 3070 3025 constituendis
3102 2969 3449 3024 commodam

179 3066 316 3119 mihi
347 3079 575 3137 operam
607 3063 843 3134 praebuit
873 3061 940 3117 ιι.
974 3060 1173 3117 Petrus
1221 3058 1509 3131 Matranga
1550 3060 2019 3125 Graeco-Siculus,
2053 3076 2216 3130 quem
2249 3068 2302 3115 ct
2332 3059 2470 3114 alias
2505 3060 2735 3115 honoris
2767 3074 2934 3115 causa
2965 3059 3261 3130 appellavi.
3307 3060 3452 3115 Sane

175 3160 405 3217 occasio
438 3160 582 3214 forte
609 3173 716 3212 non
744 3157 942 3221 deerit,
976 3172 1082 3228 qua
1116 3156 1219 3211 hos
1238 3155 1501 3227 pulchros
1526 3156 1759 3227 hymnos
1791 3155 2091 3213 Latinitate
2126 3155 2294 3212 simul
2321 3162 2374 3209 et
2407 3156 2607 3210 idoneo
2637 3154 3042 3210 commentario
3075 3152 3285 3208 donare
3315 3154 3450 3209 lice-

179 3259 262 3314 hit
289 3278 301 3312 :
343 3272 491 3313 nune
515 3256 570 3311 hi
602 3262 788 3309 tamen
815 3254 904 3308 vix
933 3254 986 3308 in
1019 3254 1219 3323 angulo
1244 3253 1394 3324 pleni
1422 3252 1535 3322 jam
1569 3252 1871 3307 voluminis
1914 3253 2183 3323 hospitari
2214 3259 2447 3324 queunt.
2496 3252 2721 3308 Interim
2761 3252 3154 3324 praedictorum
3190 3252 3446 3307 divorum

175 3351 351 3406 rebus
387 3346 583 3417 gestis,
622 3343 876 3414 scriptis,
908 3344 1218 3412 miraculis,
1251 3358 1315 3400 ae
1351 3343 1634 3414 martyriis
1664 3358 1841 3399 novus
1866 3358 1930 3398 ae
1962 3343 2066 3399 ﬁde
2094 3344 2297 3415 dignus
2331 3344 2546 3399 accedit
2578 3345 2736 3400 testis
2765 3342 3012 3400 Joannes
3048 3344 3446 3398 Damascenus.

177 3442 368 3499 Basilii
401 3449 569 3511 atque
602 3438 983 3510 Chrysostomi
1019 3439 1380 3494 celebrantur
1401 3437 1673 3508 sapientia
1704 3444 1756 3492 et
1790 3435 2220 3508 piettts.Nicolai
2246 3439 2478 3493 virtutes
2502 3448 2558 3493 et
2597 3438 2847 3509 prodigia
2882 3456 2895 3492 :
2928 3437 3214 3508 quarto,iu
3244 3436 3450 3506 hymno

176 3535 315 3591 dicit
351 3534 729 3590 Damascenus
770 3532 1217 3588 commendatam
1251 3531 1418 3590 Petro
1448 3530 1755 3586 Ecclesiam
1798 3545 1829 3584 a
1863 3530 2111 3596 Christo,
2149 3545 2313 3601 quam
2339 3532 2431 3586 ille
2453 3533 2670 3603 egregie
2701 3533 2855 3587 navis
2888 3534 3063 3587 instar
3092 3532 3444 3603 gubernavit.

175 3626 431 3697 Appellat
466 3626 697 3696 insuper
728 3621 953 3679 Petrum
991 3621 1177 3680 Romae
1202 3632 1465 3689 tutorem,
1492 3624 1649 3694 regni
1684 3623 1924 3678 ccelestis
1944 3623 2267 3679 divitiarum
2306 3625 2622 3690 custodem,
2665 3624 2789 3679 ﬁdei
2813 3635 3049 3696 petram,
3080 3635 3133 3680 et
3163 3624 3448 3680 catholica:

179 3718 442 3775 Ecclesitc
471 3716 685 3772 lirmum
724 3715 1169 3771 fundamentum.
1207 3712 1466 3770 Raditum
1499 3729 1723 3785 quoque
1759 3712 2008 3782 ejusdem
2035 3714 2182 3770 Petri
2227 3713 2665 3787 Hierosolymam
2700 3717 2827 3784 (sub
2857 3715 3091 3771 Claudio
3122 3718 3279 3786 imp.)
3325 3736 3437 3771 mc—

177 3821 384 3875 morat,
418 3825 518 3865 nec
558 3809 681 3880 ejus
714 3809 783 3863 de
822 3807 1052 3864 Simone
1087 3806 1242 3877 Mago
1277 3806 1623 3875 triumphum
1648 3804 1861 3860 reticet.
1888 3804 2138 3876 Hymnus
2171 3807 2227 3860 in
2262 3806 2558 3875 Georgium
2600 3818 2900 3877 martyrem
2926 3824 2993 3861 eo
3049 3807 3287 3862 fortasse
3320 3820 3440 3862 stti-

174 3907 398 3963 diosius
432 3907 668 3978 legetur,
700 3905 830 3975 quia
860 3903 972 3959 divi
1022 3903 1187 3972 hujus
1224 3902 1452 3957 historia
1487 3901 1677 3955 multis
1708 3900 1958 3954 tenebris
1989 3902 2169 3955 adhuc
2191 3908 2278 3955 est
2314 3903 2599 3956 obvoluta.
2638 3901 2885 3972 Hymnus
2918 3905 3157 3973 denique
3195 3904 3250 3959 in
3293 3923 3434 3960 Hlar-

175 4009 352 4070 tyrem
384 3997 628 4055 Blasium
669 3998 758 4051 vix
803 3994 955 4050 brevi
988 3994 1175 4061 aliqua
1211 3993 1410 4046 lacuna
1434 3990 1693 4055 laborat;
1732 4005 1908 4059 quare
1931 3993 2319 4046 continentem
2347 4001 2629 4062 gestorum
2678 3994 2799 4063 ejus
2828 4012 2894 4048 ac
2929 3996 3309 4066 prodigiorum
3347 4002 3443 4052 dr-

174 4090 540 4161 seriptionem
568 4086 1035 4143 videmusJ’orro
1067 4083 1398 4139 Damasceni
1432 4082 1542 4137 vim
1572 4082 2104 4153 hymnOgraphicam
2132 4098 2233 4138 cur
2261 4098 2363 4154 ego
2396 4084 2653 4139 laudem?
2682 4086 3012 4156 jampridem
3037 4087 3376 4146 dilattdatam
3410 4112 3438 4145 a

171 4182 390 4241 Joanne
415 4181 908 4254 Hierosolymitano
938 4181 1059 4251 ejus
1090 4179 1395 4250 biographo
1420 4193 1542 4249 cap.
1577 4179 1640 4234 51
1666 4187 1722 4234 et
1751 4194 1933 4250 seqq.,
1954 4187 2005 4235 et
2037 4196 2066 4234 a
2099 4179 2271 4235 Suida
2294 4194 2516 4250 quoque
2546 4193 2667 4234 voc.
2713 4179 2887 4233 Ἰωκν.
2919 4181 3171 4251 Δαμασκ.
3213 4181 3299 4237 his
3322 4200 3442 4238 ver-

174 4279 265 4334 bis
316 4256 674 4346 amplissimis
702 4293 716 4329 :
748 4274 1171 4344 Συγγρὰμματα
1204 4272 1369 4326 αὑτοῦ
1427 4273 1519 4326 καὶ
1550 4273 1599 4325 οἱ
1624 4274 1920 4344 ᾁσματικοὶ
1962 4275 2189 4339 κανόνες
2242 4275 2489 4347 ἰαμϐικοξ
2524 4293 2581 4330 τε
2635 4276 2732 4329 καὶ
2772 4276 3181 4347 καταλογάδην·
3230 4280 3277 4332 οἱ
3311 4282 3443 4349 γοῦν

169 4370 475 4441 ᾀσματικοὶ
523 4367 750 4430 κανόνες
792 4364 1039 4419 Ἰωάννου
1094 4381 1153 4417 τε
1192 4364 1286 4418 καὶ
1327 4365 1527 4436 Κοσμᾶ
1555 4364 1843 4436 σύγκρισιν
1865 4366 1965 4419 οὐκ
1993 4366 2265 4432 ἐδέξαντο,
2290 4368 2411 4422 οὐδὲ
2438 4367 2701 4433 δέξαιντο,
2739 4367 2933 4439 μέχρις
2961 4367 3027 4423 ἂν
3049 4370 3077 4423 ὁ
3144 4369 3265 4423 καθ’
3294 4372 3442 4442 ἡμᾶς

174 4461 294 4532 βίος
324 4459 796 4533 περαιωθήσεται·
834 4458 983 4513 Inter
1019 4457 1247 4513 Joannis
1278 4460 1481 4528 scripta
1514 4468 1855 4514 numerantur

1891 4463 2224 4516 canticorum
2274 4480 2524 4528 canones,
2564 4473 2671 4516 tum
2696 4464 2885 4517 iambis
2927 4474 3038 4518 tum
3070 4465 3235 4519 etiam
3264 4467 3443 4521 soluta

171 4556 420 4611 oratione
446 4553 655 4622 scripti.
690 4553 762 4606 Ili
796 4552 1127 4606 canticorum
1158 4567 1409 4613 canones,
1448 4560 1558 4604 tam
1580 4549 1810 4605 Joannis
1834 4569 1997 4622 quam
2022 4553 2232 4608 Cosme:
2260 4554 2464 4607 nullout
2498 4571 2613 4608 cum
2634 4555 2864 4608 aliorum
2883 4558 3032 4623 paris
3064 4560 3265 4627 generis
3293 4562 3441 4614 scri-

169 4647 279 4719 ptis
311 4645 759 4714 comparationem
790 4659 1021 4712 unquam
1057 4642 1414 4708 admiserunt,
1449 4658 1611 4711 neque
1642 4642 1943 4709 admittant,
1980 4646 2218 4715 quaudiu
2249 4645 2525 4699 hominum
2555 4647 2665 4699 vita
2694 4646 2934 4699 durabit.

1685 4820 1918 4878 ΝΟΤιιΕ.

247 4919 323 4989 (l)
346 4921 611 4989 Diversus
647 4916 805 4989 plane
841 4915 930 4971 hic
962 4923 1046 4970 est
1080 4915 1313 4989 hymnus
1354 4913 1422 4966 ab
1460 4912 1567 4989 alio
1601 4911 1752 4989 ejus-
1863 4914 2402 4989 multiplicabantur.
2440 4946 2507 4989 —-_-
2563 4914 2688 4989 lltee
2739 4918 2791 4971 in
2824 4919 2947 4989 loco

166 4983 315 5048 dein'
340 4983 664 5042 Damasceni
702 4987 757 5040 in
791 4994 1042 5041 sanetum
1096 4983 1388 5047 Basilium,
1411 4984 1505 5053 qui
1554 4983 1752 5052 legitur

171 5066 233 5118 in
268 5060 469 5117 Memno
492 5054 811 5112 Graecorum
844 5057 934 5113 die
968 5056 989 5108 l
1020 5054 1293 5120 Januarii,
1317 5062 1373 5109 et
1398 5054 1559 5123 cujus
1586 5054 1751 5106 verba

2987 4937 3098 4990 pra:
3108 4921 3222 4976 lato
3262 4923 3435 4980 refert

1860 4984 1995 5039 Anc.
2037 4983 2183 5037 MM:
2228 5003 2246 5034 r
2288 4984 2346 5039 lu
2378 4987 2570 5041 codice
2594 4987 2746 5109 leal.
2784 4988 2914 5059 225]
2952 4983 3149 5046 [[250.
3191 4994 3434 5064 legitur:

1860 5054 2222 5109 Δαμασκηνὸς
2256 5056 2313 5107 ἐν
2362 5055 2438 5107 τῶ
2465 5059 2541 5109 εἰς
2572 5075 2601 5109 τ
2638 5076 2664 5109 ν
2699 5059 2873 5109 μέγαν
2906 5060 3188 5109 Βασίλειον
3226 5064 3431 5109 κανόνι,

1859 5054 2222 5129 έαμασκηνδς
2256 5056 2313 5107 ἐν
2350 5055 2541 5129 Elpei;
2572 5054 2664 5109 τὸν
2698 5059 2873 5127 μέγαν
2896 5054 3188 5114 ’Βασίλειον
3226 5054 3436 5129 iac/6w,

168 5133 382 5200 aliquot
429 5129 891 5200 recitavimus,‘t.
937 5126 1030 5187 Vl.
1073 5125 1330 5200 Prail‘._p.
1380 5125 1468 5200 ﬁt}.
1508 5123 1654 5200 sane
1692 5132 1752 5176 ut

166 5192 418 5272 ejusdem
455 5216 601 5270 sape
625 5198 867 5255 oratoris
906 5196 1223 5272 complures
1248 5192 1517 5272 heminas
1542 5192 1610 5272 d_e
1639 5208 1749 5272 uno

169 5263 477 5343 eodemque
507 5263 836 5341 argumento
860 5270 946 5344 vel
993 5263 1186 5344 sancto
1220 5267 1341 5320 viro
1369 5265 1421 5319 in
1459 5263 1620 5344 libris
1650 5263 1747 5344 ha-

172 5335 601 5413 bemus;prout'
629 5356 815 5413 annua
865 5338 1191 5413 solemnitas
1247 5335 1609 5413 recurrebat,
1666 5335 1749 5389 sic

173 5406 616 5486 hymniq'uoque
648 5412 718 5468 ob
756 5409 1001 5466 eamdem
1039 5406 1482 5464 anniversariam
1524 5419 1747 5461 causam

1860 5124 2061 5198 βὶκῲν,
2097 5124 2253 5198 φησὶ,
2281 5125 2377 5178 τοῦ
2410 5127 2622 5198 Harpe;
2674 5124 2711 5181 ὅ
2739 5129 2890 5192 Υἱὸς,
2933 5131 3028 5182 καὶ
3066 5130 3161 5184 τσῦ
3211 5132 3344 5186 Υῑοῦ
3378 5124 3438 5188 τδ

1859 5196 2085 5273 ρνεᾷξξα
2104 5212 2118 5225 °
2146 5196 2602 5273 ‘Damasccnus‘in
2632 5214 2835 5273 canone
2847 5203 3141 5273 _(_tropario)
3162 5201 3226 5257 de
3244 5219 3437 5273 magno

1859 5266 2222 5338 Basilio_ait:
2260 5268 2459 5338 imago
2498 5277 2583 5338 est
2632 5268 2810 5323 Patris
2847 5269 3046 5338 Filius,
3083 5266 3209 5329 Filii
3251 5266 3433 5331 autem

1859 5339 2039 5409 imago
2063 5336 2328 5409 Spiritus.
2365 5336 2391 5389 »⁷
2426 5336 2518 5392 Eo.
2553 5336 2792 5394 l'n‘ltOt..
