3882 6356
140 419 289 484 1Ὑὶ3

1283 415 1602 477 HYMNUS
1641 413 1721 475 IN
1761 414 1824 474 S.
1870 415 2256 477 BASILIUM.

3270 425 3409 491 1374

142 526 225 600 μὴ
251 525 539 588 συναπτῶς
567 524 704 594 μετὰ
731 523 944 597 Πατρός
971 523 1066 578 καὶ
1089 523 1221 578 Υἱοῦ
1252 524 1325 588 ὼς
1357 523 1517 594 φύσει
1545 523 1730 591 ὁμότι-

1875 523 2027 589 uisti,
2079 526 2184 580 nisi
2237 527 2633 584 convenienter
2677 543 2803 585 cum
2855 529 3018 587 Patre
3060 543 3113 588 ct
3156 533 3295 590 Filio
3349 549 3408 593 ut

143 636 250 690 μον
278 617 507 692 [λέ]γοις
535 617 670 670 αὐτὸ
693 616 754 670 τὸ
781 615 1006 688 Πνεῦμα
1039 615 1134 670 καὶ
1163 616 1236 679 ὡς
1264 617 1570 688 όμοούσιον.

212 791 420 862 Σοφίας
451 791 547 845 καὶ
579 788 892 860 ἐπιστήμης
938 789 1194 860 ἐκράτεις
1226 791 1304 861 τῷ
1348 793 1591 864 περιόντι
1623 795 1732 848 τῶν
1805 801 1812 812 ’·

145 884 494 956 μετεχόντων
513 882 611 951 τῆς
633 881 803 950 αὐτῆς
830 877 1078 943 παιδείας
1103 881 1188 942 σὺ,
1212 879 1477 934 Βασίλειε’
1503 881 1597 935 σοῦ
1623 881 1732 953 γάρ

143 973 289 1045 πρὸς
332 974 424 1027 τ’»ν
454 973 655 1044 δρόμον
689 973 784 1026 καὶ
826 971 916 1024 τὸν
945 970 1146 1040 τρόπον
1185 972 1341 1025 αὐτοὶ
1384 971 1540 1037 πεζοὶ
1584 975 1734 1044 παρὰ

129 1064 330 1119 Λύδιον
354 1065 507 1136 ἆρμα
533 1063 755 1118 ἐδόκουν
780 1063 1023 1132 τρέχειν,
1051 1061 1156 1116 κᾶν
1190 1061 1506 1136 συντρέχειν
1537 1062 1728 1134 ᾤοντο.

231 1269 442 1333 Ἰθύνας
464 1267 656 1339 ὥσπερ
687 1265 891 1321 ὁλκάδα
923 1265 1112 1330 δεινῶς
1139 1263 1610 1336 κλυδωνιζομένην
1634 1263 1733 1335 τὴν

161 1359 498 1430 Ἐκκλησίαν
523 1357 603 1430 τῷ
635 1356 850 1430 σφοδρῷ
875 1355 1105 1428 χειμῶνι
1140 1357 1248 1410 τῶν
1283 1355 1569 1428 αἱρέσεων,
1598 1355 1735 1425 πρὸς

148 1453 461 1524 ὸρθοδοξίας
481 1452 651 1524 ὅρμον
667 1449 936 1504 ἄκλυστον
955 1449 1050 1502 τοῦ
1074 1448 1342 1513 κλύδωνος
1357 1448 1456 1520 τῆς
1478 1446 1734 1512 ἀσεϐείας

151 1544 372 1617 ἐρῤύσω
399 1541 628 1612 ταύτην,
659 1539 804 1594 οἴακι
838 1540 948 1593 τῶν
982 1539 1158 1606 λόγων
1189 1556 1304 1593 σου.

226 1741 562 1797 Θεοτόκιον.
595 1767 666 1780 --
716 1735 1052 1805 Ἐξαλείφειν
1082 1735 1354 1807 ἁμαρτίας
1382 1737 1410 1790 ὁ
1436 1736 1734 1806 δυνάμενος

1835 621 2034 669 natura
2094 617 2210 686 pari
2248 615 2458 675 honore
2493 619 2748 675 affectum
2781 633 2836 677 et
2871 626 3407 682 consubstantialem

1837 704 2102 776 Spiritum
2145 717 2400 764 sanctmn
2439 713 2806 782 proﬁtereris.

1904 796 2007 854 Per
2045 799 2374 869 sapientiam
2425 811 2594 873 atque
2625 806 2938 872 scientiam,
2973 822 3006 861 ο
3043 807 3236 871 Basili,
3291 827 3410 866 om-

1835 901 1932 942 nes
2008 888 2312 960 participes
2395 890 2643 961 ejusdem
2719 893 3088 952 institutionis
3183 899 3409 966 vicisti;

1835 989 1959 1030 nam
1997 979 2300 1034 secundum
2351 991 2506 1036 tuum
2559 998 2785 1040 cursum
2832 995 2887 1042 et
2922 996 3048 1043 tuos
3085 1004 3291 1056 mores,
3329 991 3409 1045 illi

1835 1079 1894 1122 ut
1952 1070 2167 1140 pedites
2227 1073 2294 1128 ad
2352 1074 2585 1146 Lydium
2639 1092 2865 1133 currmn
2927 1081 3206 1137 cursitare
3263 1083 3415 1137 vide-

1835 1157 2058 1230 bantur,
2103 1165 2360 1234 quamvis
2399 1174 2454 1223 te
2493 1169 2650 1240 sequi
2689 1185 2854 1240 posse
2882 1173 3287 1228 existimarent.

1906 1271 2208 1347 Postquam
2275 1277 2530 1337 direxisti
2572 1290 2631 1336 ut
2668 1297 2892 1348 navem,
2927 1284 3256 1352 Eccleslam,
3288 1301 3416 1357 gra-

1835 1365 1976 1422 viter
2031 1368 2291 1440 agitatam
2339 1371 2653 1430 vehementi
2715 1375 3000 1432 haereseon
3064 1386 3411 1448 tempestate,

1837 1453 1892 1510 in
1929 1457 2249 1514 orthodoxae
2275 1459 2402 1518 ﬁdei
2432 1474 2648 1534 portum
2673 1472 2852 1520 tutum
2877 1481 2908 1520 a
2933 1469 3188 1537 procellis
3219 1469 3414 1539 impie-

1837 1550 2004 1612 tatis,
2079 1565 2398 1608 sermonum
2480 1563 2701 1612 tuorum
2793 1559 2952 1628 quasi
3036 1559 3414 1629 gubernaculo

1837 1641 2068 1696 duxisti.

1913 1756 2178 1827 Deiparw.
2235 1785 2305 1798 -—-
2354 1760 2456 1827 Qui
2509 1768 2687 1830 potest
2736 1764 2855 1819 solo
2901 1774 3037 1821 nutu
3095 1767 3415 1822 oblitterare

155 1835 307 1906 μόνῳ
349 1831 612 1902 νεύματι,
652 1828 753 1900 τὴν
802 1828 1048 1899 μεγάλην
1089 1827 1364 1896 ἁμαρτίαν
1402 1826 1496 1879 τοῦ
1541 1825 1732 1928 πιστρῦ

1869 1858 2088 1916 ιοςοαιο,
2145 1865 2312 1922 grave
2378 1853 2557 1910 fidelis
2625 1852 2842 1912 femina:
2904 1869 3194 1928 peccatum
3251 1860 3415 1914 oblit-

151 1923 384 1994 γυναίου
431 1921 714 1993 ἐξήλειψε·
754 1919 849 1972 καὶ
885 1919 994 1972 τῶν
1029 1917 1293 1972 πάντοθεν
1337 1917 1506 1971 αὐτοῦ
1548 1917 1734 1970 κακῶν

1869 1941 2060 2004 eravit,
2095 1917 2191 2012 per
2231 1952 2395 2012 teque
2431 1947 2620 2000 omnia
2652 1947 2796 2001 mala
2847 1917 3109 2020 perpetua
3137 1951 3418 2006 oblivione

149 2014 244 2068 διὰ
277 2013 371 2068 σοῦ
401 2013 578 2084 ἄκραν
607 2008 1006 2065 κατεσκέδασεν
1035 2006 1450 2078 ἀμνημοσύνη-ι.

377 2125 517 2198 ᾯδὴ
558 2128 638 2180 E’.
671 2123 755 2191 Τῷ
781 2121 1106 2193 συνδέσμῳ
1130 2121 1240 2192 τῆς
1267 2122 1528 2192 ἀγάπης.

217 2244 364 2298 Ἴσον
379 2241 578 2304 πάντες
602 2237 747 2294 κατὰ
766 2236 926 2308 λόγον
953 2237 1156 2310 ἀρετήν
1167 2235 1228 2291 τέ
1245 2252 1340 2291 σου
1357 2235 1738 2291 ἀπελείποντο·

153 2331 386 2406 ούρανοῦ
447 2329 735 2402 καθάπερ,
794 2328 985 2399 μάκαρ
1017 2368 1032 2394 ,
1084 2327 1187 2398 τῆς
1242 2329 1462 2414 ἀκτῖνος
1510 2327 1741 2399 ἡλιακῆς

154 2422 398 2495 ἀτεχνῶς
437 2423 486 2475 οἱ
522 2420 864 2490 πανταχόθεν
901 2420 1039 2492 πρὸς
1075 2419 1216 2505 αὐτὰ
1253 2419 1573 2491 βλέποντες·
1613 2419 1740 2490 ’ύψει

156 2514 438 2579 πολιτείας
465 2511 574 2584 γὰρ
603 2511 830 2584 οὐρανὸς
857 2509 1068 2581 ὤφθης.

230 2693 484 2768 Οὐρανίῳ
515 2691 646 2763 θείῳ
676 2691 849 2763 ἄρτῳ,
887 2681 1080 2763 ὑφηλῷ
1119 2708 1213 2745 σου
1252 2691 1431 2764 λόγῳ,
1465 2693 1738 2758 Βασίλειε,

155 2789 330 2858 Λόγος
348 2782 514 2860 ἄρτος
531 2785 641 2856 γάρ
660 2784 931 2855 ἀγγέλων,
944 2785 1254 2857 διατρέφεις
1275 2784 1456 2856 ψυχάς
1473 2784 1742 2850 πεινώσας

155 2878 326 2944 Θεὸν,
363 2878 458 2932 καὶ
497 2875 838 2947 ἐκζητούσας
882 2876 1090 2947 τροφὴν
1133 2876 1195 2929 οὐ
1239 2876 1492 2945 ῥέουσαν,
1542 2876 1743 2948 μᾶλλον

160 2969 264 3040 μὲν
288 2961 381 3020 οὖν
415 2963 686 3036 μένουσαν
714 2965 796 3027 είς
823 2961 916 3015 τὸν
945 2963 1138 3018 αἰῶνα.

233 3075 616 3151 [Πεπνιευκὼς
647 3074 781 3128 είσω
817 3075 909 3128 καὶ
937 3071 1163 3138 σύννους
1193 3073 1260 3128 τά
1290 3074 1482 3136 πολλὰ.
1513 3077 1744 3146 τρισμά-

1840 2035 2126 2088 exstinxit.

2193 2145 2306 2200 Ode
2363 2144 2421 2202 V.
2477 2146 2702 2202 Vincula
2757 2149 3062 2205 charilatis.

1911 2252 2128 2311 Pariter
2167 2270 2361 2313 omnes
2405 2258 2674 2328 sapientia
2703 2269 2758 2315 et
2791 2261 2994 2317 virtute
3045 2263 3098 2320 te
3125 2263 3419 2325 inferiores

1841 2354 2034 2412 erant;
2094 2348 2251 2418 quasi
2297 2365 2326 2404 e
2371 2349 2559 2418 caelis,
2601 2366 2635 2406 0
2679 2351 2870 2417 beate,
2925 2368 3118 2411 omnes
3161 2357 3420 2416 homines

1843 2434 2090 2506 undique
2116 2439 2546 2496 circumstantes
2595 2441 2870 2498 habebant
2898 2459 2960 2498 ea
2994 2457 3144 2502 certe
3182 2450 3416 2504 solarem

1838 2526 2094 2596 radium;
2143 2528 2368 2584 sublimi
2411 2531 2559 2586 enim
2597 2532 2722 2587 vita:
2753 2547 2953 2604 genere
2977 2531 3189 2591 coelum
3259 2547 3418 2609 puta-

1845 2616 2022 2674 baris.
2247 2615 2255 2626 “

1911 2714 2134 2771 Caelesti
2165 2714 2353 2772 divino
2381 2730 2547 2787 pane,
2597 2733 2694 2788 per
2730 2726 2854 2777 tuos
2897 2721 3167 2779 sublimes
3211 2740 3420 2780 sermo—

1845 2820 1965 2871 nes,
1995 2821 2026 2860 o
2068 2805 2235 2863 Basili
2279 2806 2431 2877 (nam
2461 2809 2690 2865 verbum
2721 2812 2883 2881 panis
2912 2821 2998 2868 est
3038 2816 3417 2888 angelorum),

1846 2897 2026 2954 nutris
2069 2899 2283 2954 animas
2310 2899 2478 2955 Deum
2514 2901 2849 2967 esurientes,
2896 2919 2962 2959 ac
3001 2915 3310 2974 quaerentes
3340 2912 3420 2964 ci-

1846 2989 1974 3044 bum
2003 3005 2110 3044 non
2133 2990 2474 3057 lluxum,sed
2497 2993 2679 3063 potius
2706 2994 2760 3048 in
2790 3006 3054 3051 aeternum
3083 3008 3416 3054 manentem.

1917 3099 2122 3157 Tecum
2162 3115 2424 3174 reputans
2453 3114 2508 3160 et
2555 3107 2878 3179 plerumque
2929 3111 3357 3181 cogitabundus.
3389 3132 3422 3166 0

158 3186 297 3241 καρ,
326 3167 570 3229 ἐδείκνυς
598 3165 697 3237 τὴν
730 3162 936 3234 ἐσθῆτα
971 3164 1068 3267 καὶ
1113 3162 1216 3234 τὴν
1273 3161 1744 3267 βρῶσινῆειέτελὴς

2225 3161 2238 3174 .
2407 3161 2410 3162 ν
2555 3161 2572 3178 .
2936 3161 3357 3181 "gn—"ww.
3392 3161 3417 3166 -

1871 3208 1930 3247 er
1999 3195 2193 3259 beate,
2267 3211 2484 3267 semper
2548 3197 2827 3256 videbaris
2904 3203 3103 3257 vestitu
3171 3219 3236 3257 ac
3299 3206 3423 3260 cibo

158 3261 254 3314 ἀεὶ
280 3257 375 3312 καὶ
397 3255 697 3318 λιτότατος,
721 3252 898 3323 ὠχρὸς
914 3252 976 3304 τὸ
999 3247 1160 3314 εἶδες,
1183 3251 1381 3321 σεμνὸς
1396 3250 1458 3304 τὸ
1481 3249 1742 3322 βάδισμα,
1761 3305 1766 3308 ,

159 3347 462 3419 σιωπηλὸς,
487 3346 548 3399 οὐ
580 3344 872 3418 πρόχειρος
907 3341 1036 3414 περὶ
1063 3342 1152 3396 τὸν
1183 3341 1359 3411 λόγον.

237 3440 574 3494 Θεοτόκιον.
623 3463 696 3478 -—-
745 3433 859 3505 Τὴν
899 3433 1082 3505 ψυχὴν
1132 3431 1488 3500 ἁγιασθείσα,
1543 3437 1639 3486 καὶ
1683 3432 1747 3486 τὸ

162 3535 330 3606 σῶμα
367 3528 842 3603 προκαθαρθεῖσα,
875 3525 1086 3600 σεμνὴ,
1119 3525 1438 3592 ἐπελθόντος
1467 3525 1560 3580 τοῦ
1588 3525 1746 3596 ἁγίου

159 3629 264 3683 ἐπὶ
291 3626 382 3694 σέ,
429 3623 776 3696 πανάμωμε,
823 3620 1147 3692 Πνεύματος
1167 3658 1184 3686 ,
1212 3619 1314 3691 τὴν
1345 3618 1440 3673 τοῦ
1488 3619 1747 3689 Ὑψίστου

159 3721 396 3792 ἄπειρον
423 3715 660 3788 δύναμιν
692 3717 775 3769 σοὶ
797 3715 1201 3776 ἐπισκιάσασαν
1233 3710 1605 3776 καθυπεδέξω.

634 3807 775 3879 ’ῼδὴ
821 3809 913 3875 ς’.
959 3804 1286 3876 Συνεχέθη.
1335 3832 1340 3836 -

250 3901 577 3976 Ὀρθοδόξων
619 3900 736 3955 ἀλλ’
774 3899 835 3953 οὐ
873 3897 1184 3961 κακοδόξων
1226 3895 1511 3968 πρόμαχος
1537 3893 1749 3963 ἄμαχος

159 3995 378 4068 ὀφθεὶς,
401 3994 499 4066 τὴν
526 3993 760 4065 πυρίνην
783 3989 1035 4059 γλῶσσαν
1055 3987 1133 4051 ὡς
1173 3986 1452 4058 ῥομφαίαν
1478 3981 1750 4053 φλογερὰν

159 4089 401 4160 ἐκχέας,
450 4085 766 4152 ἐξεναντίας
817 4081 927 4134 τῶν
965 4079 1176 4150 ἐχθρῶν
1222 4077 1613 4138 συνέκλεισας·
1655 4073 1749 4128 τοῦ

159 4184 330 4254 ἀέρος
359 4179 418 4234 δέ
445 4179 548 4248 τῆς
577 4173 830 4242 ἐξουσίας
854 4173 946 4226 τὸν
977 4170 1176 4244 πικρὸν
1205 4171 1445 4244 ἄρχοντα
1477 4168 1751 4239 κατέτρω-

159 4290 272 4337 ea;
299 4274 354 4326 ἐν
382 4269 523 4340 αὐτῇ
551 4269 665 4332 τοῖς
694 4267 795 4337 τῆς
816 4264 1102 4328 ἀπειθείας
1133 4262 1463 4335 ἐνεργοῦντα
1487 4263 1642 4326 υἱοῖς.

237 4361 722 4434 Νοουμὲνων,άλλ’
755 4359 819 4414 οὐ
860 4358 1235 4431 βλεπομένων,
1271 4355 1645 4428 ἐλπιζομένων
1671 4355 1750 4421 δέ,

160 4455 359 4526 σαφῶς
393 4455 693 4516 ὑπόστασις
726 4453 761 4524 ἡ
798 4451 1017 4514 πίστις’
1051 4450 1120 4521 ἦν
1168 4451 1232 4504 σὺ
1267 4450 1610 4521 κτησάμενος
1642 4447 1752 4502 τῶν

1847 3286 2078 3357 simplex
2135 3304 2201 3343 ac
2259 3288 2510 3360 frugalis,
2566 3288 2722 3347 fusco
2783 3294 2959 3360 vultu,
3013 3296 3195 3365 gravis
3246 3297 3424 3354 inces-

1848 3395 1946 3443 su,
1992 3381 2302 3436 taciturnus
2327 3421 2342 3448 ,
2377 3382 2521 3437 haud
2560 3399 2770 3454 pronus
2811 3385 2876 3438 ad
2924 3388 3173 3440 verbum.

1918 3470 2188 3540 Deiparw.
2242 3503 2309 3514 —-
2362 3472 2567 3530 Sancta
2622 3476 2808 3530 anima
2864 3486 2918 3532 et
2977 3493 3209 3548 corpore
3262 3495 3424 3552 puro,

1847 3577 1882 3619 0
1911 3565 2222 3620 veneranda
2255 3565 2443 3638 Virgo,
2487 3567 2696 3638 Spiritu
2756 3578 2956 3625 sancto
3014 3572 3080 3626 ad
3125 3582 3200 3636 te.
3243 3588 3275 3628 o
3322 3575 3426 3629 im-

1848 3655 2144 3724 maculata,
2163 3657 2440 3724 veniente,
2474 3660 2802 3717 immensam
2824 3663 3096 3720 Altissimi
3125 3666 3426 3734 potentiam

1850 3757 1902 3804 te
1933 3747 2353 3806 adutnbrautem
2401 3752 2652 3808 subiisti.

2279 3841 2391 3895 Od:
2458 3841 2553 3896 Vl.
2600 3842 2836 3897 Collecta
2879 3845 3003 3913 fuit.

1921 3915 2384 3994 Orthodoxorum,
2412 3946 2524 3986 non
2556 3932 3023 3991 hcterodoxorum
3055 3936 3169 3991 Lux
3195 3938 3430 3994 invictus

1853 4020 2190 4092 apparuisti,
2227 4029 2282 4076 et
2332 4021 2546 4092 igneam
2583 4023 2830 4094 linguam
2872 4034 2934 4079 ιιι
2985 4027 3296 4082 flammeum
3333 4045 3432 4084 on-

1853 4127 1968 4170 sem
2013 4112 2372 4184 distringens,
2405 4113 2752 4173 adversarius
2776 4116 3096 4175 confudisti.
3125 4118 3194 4174 Ea
3229 4135 3429 4177 szevum

1853 4205 2000 4260 aeris
2032 4201 2338 4276 principem
2385 4203 2696 4276 adjutorem
2734 4207 2969 4264 ﬁliorum
2997 4209 3295 4280 impietatis
3317 4227 3434 4282 pcr-

1852 4295 2062 4351 culisti.

1926 4388 1984 4444 ln
2027 4389 2284 4462 cogitatis
2333 4405 2398 4447 ac
2430 4391 2685 4462 speratis,
2734 4407 2846 4448 non
2880 4409 3012 4449 vero
3069 4395 3124 4450 in
3173 4397 3432 4469 aspectis.

1863 4498 1990 4538 vera
2019 4483 2158 4539 lides
2187 4492 2272 4538 est
2297 4483 2636 4555 hypostasis,
2673 4499 2836 4555 quam
2864 4496 2920 4541 ιιι
2951 4489 3270 4558 acquirens,
3305 4490 3437 4545 visi-

163 4546 552 4622 βλεπομένων,
598 4545 674 4609 ὡς
710 4543 1030 4614 λυομένων,
1069 4541 1339 4648 νουνεχῶς
1371 4541 1645 4614 ὴλόγησας
1686 4543 1747 4612 τῇ

1869 4576 2022 4642 bilia,
2073 4582 2136 4629 ut
2169 4541 2388 4630 caduca
2415 4541 2706 4646 sapienter.
2738 4541 3052 4648 despexisti-
3076 4581 3436 4637 invisibilium

161 4641 358 4712 ἐφέσει
381 4637 492 4693 τῶν
515 4637 591 4710 μὴ
614 4635 964 4708 βλεπομένων
979 4652 994 4668 ο
1025 4633 1096 4688 τὰ
1112 4633 1223 4707 γὰρ
1253 4633 1565 4706 βλεπόμενα
1584 4636 1756 4710 πρόσ-

164 4748 344 4803 καιρα
371 4731 467 4786 καὶ
494 4728 720 4802 ῥευστὰ.
751 4728 820 4783 τά
840 4729 898 4782 δὲ
925 4728 1001 4799 μὴ
1033 4725 1350 4798 βλεπόμενα
1371 4725 1585 4782 αίώνια.

243 4822 647 4894 Μεγαλόφρων,
686 4819 802 4873 ἀλλ’
829 4819 890 4873 οὗ
937 4817 1320 4889 ταπεινόφρων
1344 4859 1359 4883 ,
1399 4817 1589 4890 ὤφθης
1620 4817 1757 4874 Θεοῦ

170 4915 568 4990 προπολεμῶν,
606 4915 636 4968 ὀ
672 4915 805 4967 πᾶσι
843 4912 910 4968 δι’
941 4914 1150 4965 ἐκεῖνον
1189 4912 1619 4984 ταπεινούμενος
1663 4913 1760 4967 καὶ

177 5009 544 5084 προσπίπτων
566 5006 701 5088 ’,καὶ
735 5005 845 5076 γάρ
875 5005 1139 5077 ὑπάρχων
1172 5005 1379 5075 κτίσμα
1415 5004 1575 5072 Θεοῦ,
1610 5006 1761 5077 ὅμως

174 5104 274 5159 καὶ
312 5101 446 5165 Θεὸς
494 5093 635 5154 εἶναι
680 5098 1148 5169 κεκελευσμένος,
1199 5097 1444 5162 ἀπείπας
1499 5097 1761 5168 κτίσματι

173 5193 505 5265 προσκυνεῖν
553 5189 628 5254 ὡς
680 5188 802 5260 Θεῷ
826 5205 840 5220 ο
891 5188 1026 5252 Θεὸς
1053 5186 1161 5260 γὰρ
1205 5189 1235 5242 ό
1273 5187 1501 5260 κτίστης
1545 5188 1762 5242 πάντων

173 5285 456 5346 ᾶκτιστος.

257 5373 348 5426 Ἐν
387 5371 467 5443 τῷ
505 5372 789 5444 πράττειν,
829 5368 944 5422 ἀλλ’
967 5369 1070 5422 οὐκ
1105 5371 1167 5422 ἐν
1203 5367 1282 5440 τῷ
1325 5369 1526 5436 λέγειν,
1561 5368 1760 5439 μᾶλλον

177 5465 332 5530 εἰδὼς
346 5464 447 5535 τὴν
476 5464 681 5536 ἀρετήν
696 5477 710 5491 ⁸
745 5462 840 5516 καὶ
867 5460 974 5531 γὰρ
996 5463 1284 5533 ἀπράκτου
1306 5460 1466 5529 λόγου
1487 5464 1760 5534 κρεῖσσον,

176 5556 252 5618 ὥς
279 5573 468 5626 φησιν,
499 5554 716 5625 ἄφωνον
741 5555 926 5624 ἔργονο
957 5553 1027 5605 τὰ
1053 5551 1284 5606 πλεῖστα
1312 5551 1569 5620 πράττων
1599 5551 1630 5619 ἦ
1662 5568 1766 5620 μαο

178 5645 308 5707 θὼν,
340 5643 641 5706 ἐδίδασκες·
675 5643 706 5696 ό
739 5643 976 5710 ποιήσας
1005 5643 1136 5711 γάρ,
1173 5637 1291 5694 εἶτα
1320 5640 1570 5706 διδάξας.
1609 5635 1765 5706 οὗτος

121 5726 140 5736 ’
179 5737 516 5807 κληθήσεται
559 5739 737 5808 μέγας
769 5739 826 5789 ἐν
857 5738 1128 5804 οὐρανοῖς,
1175 5737 1202 5786 ό
1244 5735 1350 5786 τῶν
1384 5736 1628 5804 οὐρανῶν
1665 5735 1762 5803 βα-

181 5830 363 5892 σιλεὺς
402 5831 643 5902 εἴρηκεν.
689 5828 890 5896 (liccst
925 5829 1082 5883 Θεοτ.
1126 5835 1180 5884 ct
1215 5827 1330 5881 udae
1375 5826 1481 5880 \'ll.
1526 5829 1762 5899 celius.)

1862 4668 2092 4734 studio;
2119 4682 2246 4722 nam
2279 4683 2370 4724 res
2407 4668 2540 4723 visa:
2567 4676 2696 4722 sunt
2718 4657 2880 4724 ﬂuxae
2905 4685 2966 4722 ac
2991 4673 3358 4741 temporariae,
3384 4683 3441 4729 at

1865 4778 1956 4818 I'CS
1989 4776 2099 4817 non
2135 4768 2374 4831 aspecta:
2401 4770 2530 4816 sunt
2559 4769 2796 4816 aeternae.

1934 4852 2339 4923 Magnanimus,
2380 4862 2436 4908 at
2465 4867 2575 4907 non
2603 4853 2899 4919 demissus,
2932 4868 3032 4924 pro
3061 4852 3171 4910 Deo
3197 4853 3350 4910 visus
3380 4870 3442 4910 es

1869 4961 2247 5018 propugnans,
2264 4947 2524 5003 omnibus
2541 4946 2766 5001 humilis
2779 4947 2848 5002 ob
2866 4947 3017 5001 illum
3036 4957 3091 5002 et
3115 4947 3438 5014 modestus;

1867 5053 1928 5099 ut
1965 5043 2114 5100 enim
2145 5057 2270 5098 eras
2310 5041 2405 5098 Dei
2445 5053 2722 5110 creatura,
2753 5043 2882 5098 licet
2927 5041 3073 5096 Deus
3103 5057 3226 5098 esse
3249 5042 3440 5112 jussus

1854 5136 2075 5201 fueris,
2133 5151 2258 5191 non-
2301 5135 2522 5191 voluisti
2601 5135 2837 5189 adorare
2905 5143 3215 5189 creaturam
3269 5131 3440 5188 veluti

1867 5229 2038 5286 Deum
2065 5245 2080 5296 ;
2118 5229 2266 5285 Deus
2294 5229 2439 5282 enim
2475 5237 2692 5284 creator
2714 5227 2960 5282 omnium
2987 5233 3072 5283 est
3095 5227 3404 5282 increatus.

1935 5407 1993 5462 ln
2026 5404 2185 5471 actis,
2225 5418 2336 5460 non
2370 5403 2426 5459 in
2461 5403 2646 5460 verbis
2687 5417 2898 5473 ponens
2931 5403 3113 5474 potius
3154 5401 3440 5466 virtutem,

1869 5514 1996 5555 nam
2031 5497 2302 5553 inefficaci
2337 5496 2525 5560 verbo,
2555 5503 2617 5549 ut
2638 5493 2733 5558 ait,
2757 5502 2981 5566 prazstat
3028 5504 3216 5549 mutus
3263 5502 3439 5549 actus.

1868 5591 2202 5661 Plerumque
2257 5603 2451 5659 agens,
2497 5588 2790 5645 discensve
2845 5587 3123 5656 docebas;
3158 5587 3249 5659 qui
3297 5587 3442 5642 enim

1869 5685 2001 5755 egit,
2038 5683 2166 5738 dein
2206 5681 2412 5746 docuit,
2451 5681 2545 5736 ille
2577 5681 2865 5738 vocabitur
2907 5695 3140 5752 magnus
3174 5680 3228 5736 in
3263 5680 3444 5747 melis,

1871 5788 1927 5831 ut
1980 5779 2088 5832 llcx
2151 5775 2419 5830 cmlorum
2480 5771 2632 5828 dixit.
