3882 6356
475 402 616 467 1375

1102 567 1212 623 Ode
1244 564 1407 620 ΗΠ.

539 690 716 742 Curru
756 692 946 740 vectus
995 683 1166 745 aerio,
1221 697 1330 736 non
1379 693 1509 734 vero
1545 676 1810 732 llammeis
1844 675 2033 745 equis,

471 775 718 834 insidens
748 774 896 828 aerio
930 771 1185 827 vehiculo
1209 771 1493 834 virtutum,
1519 783 1550 823 ο
1581 764 1780 830 Basili,
1827 763 1892 820 ad
1926 779 2036 819 me-

471 875 578 919 tam
608 865 890 920 caelestem
917 877 977 918 es
1003 868 1316 932 provectus.

539 1037 816 1094 Pastorale
829 1050 1190 1090 carmencum
1223 1043 1316 1094 tuo
1347 1032 1603 1104 pastorali
1631 1031 1770 1103 pedo
1805 1030 2042 1101 tubaque

469 1128 744 1198 spirituali
777 1141 981 1182 canens
1011 1125 1355 1196 congregasli
1398 1138 1529 1178 oves
1566 1123 1622 1176 in
1657 1137 1822 1177 unam
1856 1120 2040 1185 fidem,

470 1219 522 1272 in
563 1217 704 1272 idem
741 1231 1029 1287 pascuum,
1069 1215 1326 1283 spinosas
1353 1213 1587 1267 luereses
1623 1210 1914 1282 fugientes.

539 1387 687 1444 Neve
731 1386 930 1452 Paule,
963 1384 1337 1440 Eeelcsiarum
1390 1382 1674 1454 magister,
1730 1383 2042 1437 universam

469 1493 668 1535 terram
725 1493 858 1533 voce
925 1489 1013 1530 tua
1077 1475 1570 1544 comprehendens,
1622 1489 1654 1527 ο
1705 1489 1859 1528 mens
1925 1486 2041 1526 cm-

470 1573 641 1638 lestis,
677 1569 960 1640 theologia:
991 1569 1194 1622 tonitru
1233 1566 1531 1634 divinaque
1575 1564 1702 1618 tuba
1725 1602 1741 1626 ,
1793 1563 2040 1626 laudare,

469 1682 503 1714 υ
527 1663 714 1717 Basili.
809 1670 812 1672 ’
1818 1656 1824 1662 ’

537 1753 675 1807 Cum
729 1751 990 1807 Creatore
1051 1749 1303 1818 quisquis
1355 1747 1408 1801 in
1448 1746 1643 1817 lingua
1705 1746 1844 1816 gerit
1887 1755 2040 1800 tuum

1902 394 1941 450 Α
1955 387 2253 451 DDENDA
2266 432 2278 446 .

3639 389 3770 454 1376

2763 557 2952 631 ’[ᾨδὴ
3019 551 3134 625 an]

2227 669 2671 742 Ἀρματηλάτης,
2710 671 3035 743 ἀεροὸατῶν
3080 666 3322 738 αίθέριος
3361 670 3436 722 οὐ
3490 669 3776 737 φλογίνας.

2144 763 2327 815 ’ίππων
2361 764 2593 828 ἐπιϐάς,
2642 766 2932 834 πτερόεντι
2978 765 3035 820 δὲ
3079 761 3298 832 ἀρετῶν
3331 762 3616 835 ὀχήματι
3661 766 3776 816 ἐπι-

2140 852 2432 924 διφρεύων,
2460 852 2734 920 Βασίλειε,
2764 855 2860 908 καὶ
2886 855 3020 926 πρὸς
3047 854 3256 908 νύσσαν
3296 855 3590 925 οὐράνιον
3617 854 3776 908 ἐλατί-

2141 961 2248 996 νων
2254 983 2268 996 ο

2214 1035 2420 1104 Νόμιον
2457 1036 2619 1106 μέλος
2663 1041 2961 1108 ποιμενικῇ
2999 1055 3093 1092 σου
3136 1037 3494 1109 καλαύροπι,
3565 1040 3778 1110 λογικῇ

2142 1139 2201 1176 τε
2239 1123 2460 1194 σύριγγι
2503 1127 2697 1195 φωνῶν
2725 1127 2829 1197 τῆς
2861 1129 3103 1199 ποίμνης
3137 1129 3418 1201 ἧθροισας
3465 1132 3546 1184 τά
3598 1130 3768 1199 θρέμ-

2147 1232 2294 1285 ματα
2326 1217 2407 1280 είς
2441 1218 2572 1287 μίαν
2603 1217 2819 1283 πίστιν,
2859 1221 2940 1282 εἰς
2993 1219 3089 1272 ἕνα
3119 1221 3288 1274 τόπον
3329 1219 3514 1291 χλόης
3538 1260 3556 1285 ,
3591 1224 3768 1274 azm-

2145 1304 2336 1370 θώδεις
2367 1307 2611 1377 αἱρέσεις
2647 1307 2981 1378 ἐκφυγόντα.

2227 1399 2284 1451 '0
2315 1399 2436 1462 νέος
2469 1399 2683 1464 Παῦλος
2704 1440 2721 1466 ,
2767 1401 3110 1472 Ἐκκλησιῶν
3156 1405 3185 1458 ὀ
3212 1405 3584 1468 διδάσκαλος.
3621 1409 3654 1458 ό
3683 1409 3766 1474 τῷ

2146 1489 2370 1560 φθόγγῳ
2409 1490 2859 1562 συμπαραλαϐὼν
2899 1493 3002 1562 τὴν
3040 1494 3131 1548 ὑπ’
3159 1496 3440 1566 οὐρανῶν,
3479 1499 3517 1550 ὁ
3571 1498 3704 1558 ναῦς
3735 1503 3762 1550 '3

2144 1579 2414 1650 οὐράνιος,
2452 1581 2486 1651 ή
2517 1579 2764 1650 θεολόγος
2802 1581 3000 1655 βροντὴ
3041 1584 3135 1638 καὶ
3169 1585 3287 1638 θεία
3337 1586 3599 1655 σάλπιγξ
3621 1627 3638 1650 ,
3667 1589 3760 1640 εῦ-

2147 1671 2460 1740 φημείσθω,
2487 1673 2796 1738 Βασίλειος.

2212 1764 2369 1818 Μετὰ
2415 1765 2510 1819 τοῦ
2545 1765 2786 1820 κτίστου
2831 1771 2940 1832 πᾶς
2970 1771 2997 1822 ὀ
3031 1767 3132 1838 τὴν
3156 1767 3255 1837 σὴν
3289 1769 3621 1840 ὲξαήμερον
3665 1772 3762 1826 διὰ

473 1844 834 1896 ιιοχαεωετοη
867 1849 922 1896 et
960 1841 1011 1895 ei
1046 1839 1297 1903 attendit,
1329 1847 1385 1892 et
1438 1837 1588 1890 novit
1645 1846 1915 1892 creatura:
1955 1850 2040 1889 ra-

2175 1853 2392 1926 ).tbt'rq;
2435 1857 2619 1928 φέρων
2671 1859 2767 1912 καὶ
2815 1859 2957 1930 αὐτῇ
3010 1859 3101 1912 τὸν
3151 1859 3277 1913 νοῦν
3326 1861 3606 1929 ἐφιστῶν,
3661 1879 3760 1914 και

472 1934 682 2000 tiones,
724 1938 780 1986 et
843 1931 1157 1986 Creatorem
1205 1930 1438 1982 miratur
1471 1928 1588 1982 visu
1639 1928 1756 1983 solo
1794 1927 2039 1982 doctoris

471 2031 649 2076 utens.

542 2114 807 2184 Deipam.
859 2144 930 2154 —-
983 2111 1127 2166 Idem
1196 2110 1336 2166 Deus
1392 2109 1600 2165 nostris
1658 2107 1904 2178 patribus
1961 2106 2044 2160 loc

470 2212 635 2258 cutus
683 2210 844 2258 antea
895 2200 1112 2257 diverse
1157 2216 1221 2255 ac
1265 2199 1644 2266 multifariam,
1677 2198 1834 2253 nobis
1867 2198 1922 2251 in
1953 2195 2038 2251 Fi-

474 2295 547 2349 lio
606 2302 886 2364 posterum
937 2291 1158 2348 locutus
1185 2301 1289 2356 eSI,
1343 2307 1467 2345 nam
1520 2289 1664 2346 Dens
1698 2287 1934 2344 Verbum
1967 2288 2044 2341 in-

471 2391 731 2437 carnatus
779 2397 1018 2453 regnans
1076 2397 1202 2436 cum
1266 2380 1376 2436 Deo
1441 2380 1604 2436 Patre
1664 2395 1725 2434 ex
1784 2389 1833 2434 te
1878 2387 2045 2432 natus

473 2485 580 2541 est,
616 2489 648 2528 ο
679 2472 849 2543 Virgo
885 2479 1096 2528 saneta.

787 2649 897 2705 Ode
955 2647 1060 2702 IX.
1117 2646 1308 2716 Legum
1356 2655 1719 2714 paternarum.

548 2763 776 2820 Noctem
819 2761 1146 2834 profundam
1193 2757 1594 2828 obscuramque
1633 2755 2046 2812 tenebrosarum

479 2860 755 2915 lucrcseon
786 2853 1091 2924 dissipasti,
1129 2867 1362 2921 surgens
1388 2860 1447 2902 ut
1484 2849 1588 2914 sol,
1625 2863 1900 2918 supraque
1931 2861 2049 2901 oru-

478 2967 578 3006 nes
609 2947 888 3020 esplieans
934 2954 1094 2999 rech
1139 2943 1261 2997 fidei
1293 2939 1501 3003 radios,
1537 2939 1847 3009 iucolisqne
1876 2946 2050 2993 terra-

479 3059 620 3107 rum,
659 3056 690 3094 o
739 3039 926 3102 Basili,
985 3037 1158 3090 lucem
1213 3035 1333 3089 fidei
1371 3032 1688 3088 orthodoxa:
1745 3046 2047 3102 spargens;

479 3137 720 3191 tenebrae
775 3132 920 3187 enim
953 3131 1007 3185 in
1064 3129 1240 3183 lucem
1303 3125 1700 3189 immutantur,
1739 3130 1792 3178 et
1836 3121 2048 3176 veritati

479 3224 626 3280 cedit
658 3219 1029 3278 mendacium.

551 3314 830 3370 Ornavisti
865 3323 916 3366 te
955 3309 1125 3364 variis
1166 3306 1432 3363 doctrina:
1462 3305 1658 3360 divina:
1705 3303 1932 3358 floribus
1988 3301 2043 3356 iu

481 3403 656 3476 pratis
728 3399 1154 3470 spiritualibns;
1229 3395 1596 3466 intelligibiles
1669 3394 1814 3447 enim
1893 3390 2048 3447 Scri-

479 3503 654 3567 ptum
693 3491 885 3546 hortos
924 3486 1365 3550 circnmvolasti;
1423 3495 1480 3539 ut
1517 3484 1758 3556 prudens
1804 3484 1920 3553 apis
1961 3482 2048 3536 in-

479 3587 690 3641 dustria
735 3592 822 3638 ac‘
858 3580 1166 3646 laboriosa,
1231 3577 1523 3649 mysticum
1572 3575 1865 3630 condidisti
1904 3574 2051 3628 theo-

482 3675 635 3747 lngiaa
666 3673 793 3737 mel,
841 3669 1258 3725 amaritudinem
1303 3667 1579 3720 lmreseon
1620 3664 1911 3728 hebetaus,
1951 3663 2050 3718 ba-

479 3780 714 3836 eumque
741 3762 1032 3833 participes
1059 3759 1397 3815 demulcens.

549 3857 788 3928 Tempus
829 3863 883 3910 et
904 3853 1224 3924 sepulcrum
1254 3865 1374 3920 quae
1403 3850 1730 3905 oblivionem
1779 3849 2048 3903 inducunt

480 3953 584 4005 \‘i'n
608 3951 848 4005 innatam
873 3947 1202 4011 amiserunt,
1228 3961 1336 3998 non
1372 3944 1708 3999 sustinentes
1744 3951 1849 3997 tua:
1879 3957 2051 3998 sacra:

481 4038 758 4095 memoria!
775 4035 1020 4108 pondus;
1046 4050 1168 4089 nam
1205 4034 1353 4100 licet,
1372 4050 1404 4084 υ
1425 4033 1600 4099 beate,
1623 4045 1687 4085 ex
1713 4031 1865 4086 hisee
1889 4031 2050 4086 terris

480 4131 812 4196 excesseris,
850 4128 988 4184 vivis
1043 4135 1259 4192 tmnen;
1285 4123 1421 4194 justi
1451 4122 1595 4176 enim
1630 4122 1682 4174 in
1713 4119 1821 4175 Deo
1861 4120 2051 4175 vivunt

479 4233 534 4280 et
561 4233 684 4294 post
721 4230 956 4276 mortem
1009 4219 1174 4271 vitam
1210 4216 1264 4271 in
1309 4214 1538 4270 Christo
1589 4212 1854 4277 abditam,
1888 4212 2048 4284 cujus

481 4319 565 4371 fac
600 4332 701 4370 nus
740 4311 1042 4383 participes
1074 4307 1183 4362 tuis
1216 4305 1494 4376 precibus.

551 4423 876 4475 lnunensam
929 4417 1142 4485 igneam
1177 4414 1486 4470 columnam
1523 4421 1574 4468 te
1614 4412 1745 4468 vidit
1796 4415 2047 4469 columna

2142 1940 2376 2008 γίνεται,
2405 1944 2500 1996 καὶ
2529 1944 2757 2009 κτίσεως
2791 1947 3056 2014 γινώσκει
3083 1948 3298 2016 λόγους,
3328 1951 3430 2001 καὶ
3461 1949 3758 2021 θαυμάζει

2143 2047 2200 2084 τε
2235 2032 2324 2084 τὸν
2356 2033 2598 2105 Κτίστην
2628 2035 2745 2105 δψει
2788 2039 2928 2109 μόνῃ
2964 2040 3249 2109 χρώμενος
3275 2041 3649 2095 διδασκάλου.

2215 2124 2551 2178 Θεοτόκιον.
2595 2157 2663 2166 ——
2703 2127 2759 2182 '0
2795 2131 2905 2192 τοῖς
2946 2133 3188 2200 πατράσι
3226 2131 3357 2194 Θεὸς
3394 2133 3666 2205 λαλήσας
3695 2137 3758 2185 τῖ.

2146 2214 2408 2284 πρότερον
2447 2217 2807 2289 πολυτρόπως
2842 2221 2938 2274 καὶ
2972 2221 3324 2292 πολυμερῶς,
3360 2225 3503 2294 ἡμῖν
3536 2226 3604 2276 ἐν
3635 2225 3758 2296 Υἱῴ

2146 2307 2370 2378 ὕστερον
2401 2309 2656 2380 ἐλάλησε.
2697 2315 2806 2366 Καὶ
2835 2315 2947 2386 γάρ
2977 2317 3004 2368 ό
3035 2315 3227 2371 τούτου
3271 2319 3588 2390 σύνθρονος
3619 2321 3754 2382 Θεὸς

2145 2396 2317 2466 Λόγος
2350 2402 2690 2471 σαρκοφόρος
2718 2405 2781 2455 ὲκ
2806 2402 2900 2456 σοῦ
2925 2405 3186 2476 προῆλθε,
3223 2407 3398 2477 Κόρη.

2528 2639 2666 2709 ’ῼδὴ
2697 2646 2776 2696 6'.
2811 2647 3025 2715 Νόμων
3060 2652 3362 2718 πατρῴων.

2223 2752 2408 2804 Νύκτα
2464 2752 2823 2822 βαθεῖανκαὶ
2878 2759 3141 2830 ἀσέληνον
3193 2763 3300 2815 τῶν
3348 2763 3621 2836 ζοφερῶν
3669 2770 3756 2821 αίο

2157 2842 2766 2912 ρὲσεωνδιεσκέδασας,
2829 2851 3122 2916 ἀνατείλας
3179 2853 3368 2924 ὥσπερ
3403 2856 3600 2927 ἥλιος,
3657 2861 3749 2912 καὶ

2149 2935 2316 2988 πᾶσιν
2361 2938 2691 3006 ἐφαπ).ώσας
2730 2945 2938 3014 χρυσᾶς
2985 2947 3212 3010 ἀκτῖνας
3251 2947 3496 3012 πίστεως
3531 2949 3748 3021 ὀρθῆς,

2151 3030 2246 3082 καὶ
2279 3031 2391 3093 τοῖς
2433 3032 2492 3086 ἐν
2537 3035 2606 3103 γῇ
2640 3035 3037 3106 κατασπείρας,
3091 3038 3340 3090 Βασίλειε
3364 3081 3378 3104 ,
3419 3041 3748 3109 όρθοδοείας

2154 3119 2378 3190 φέγγος·
2408 3121 2686 3187 ἐξίσταται
2729 3126 2868 3194 φωτὶ
2895 3127 3005 3199 γὰρ
3033 3129 3094 3181 ab
3125 3129 3335 3194 σκότος,
3371 3132 3469 3182 καὶ
3503 3134 3576 3201 τῇ
3605 3131 3746 3201 diu}-

2075 3194 2118 3253 (ἶ
2151 3212 2273 3282 θείᾳ
2305 3215 2570 3285 ἐπιχωρεῖ
2603 3216 2664 3270 τὸ
2701 3194 2917 3286 ψεῦδος.

2224 3303 2395 3375 Ἀνθη
2441 3305 2664 3360 ποικίλα
2697 3307 2847 3372 Θείας
2878 3307 3136 3378 γνώσεως
3171 3313 3235 3363 ὲκ
3264 3310 3510 3379 λογικῶν
3538 3311 3743 3382 λειμώ-

2149 3409 2255 3446 νων
2303 3393 2773 3468 άπανθισάμενοςο
2827 3399 3050 3470 νοεροὺς
3093 3401 3202 3469 γάρ
3253 3403 3601 3472 περιίπτασο
3645 3404 3740 3470 τῆς

2149 3481 2374 3554 Γραφῆς
2423 3485 2824 3556 παραδείσους⁸
2871 3488 2948 3552 ὡς
2981 3490 3145 3559 νοερά
3183 3507 3269 3554 τις
3321 3491 3566 3560 μέλισσα
3605 3495 3738 3561 σοφή

2150 3573 2245 3626 καὶ
2268 3574 2548 3646 φιλεργδς,
2584 3577 2849 3648 μυστικὸν
2879 3578 3235 3650 ὲγεώργησας
3263 3581 3554 3650 θεολογίας
3590 3585 3736 3651 μέλι,

2151 3663 2416 3735 αἱρέσεων
2446 3667 2676 3739 πικρίαν
2708 3668 3013 3739 suam“,
3052 3671 3148 3725 καὶ
3180 3673 3312 3736 τοὺς
3357 3676 3735 3744 μετασχόντας

2150 3754 2315 3808 αὑτοῦ
2345 3759 2824 3827 καταγλυκαίνων.

2223 3848 2434 3918 Χρόνος
2470 3850 2568 3904 καὶ
2617 3850 2788 3920 τάφος
2831 3851 3004 3922 λήθης
3052 3851 3304 3924 πρόξενοι
3353 3853 3459 3925 τὴν
3507 3859 3736 3926 φυσικὴν

2151 3939 2438 4011 ἐνέργειαν
2468 3942 2882 4014 άπηρνήσαντο,
2919 3945 3014 3998 ἐπὶ
3056 3946 3142 3998 σοὶ
3180 3947 3258 4016 μὴ
3297 3947 3736 4017 κατισχύσαντες

2151 4033 2251 4102 τῆς
2293 4034 2446 4104 ἱερᾶς
2487 4051 2581 4088 σου
2636 4036 2883 4108 μνήμης*
2931 4037 3035 4091 κᾶν
3066 4038 3190 4108 ξγὰρ
3240 4038 3473 4100 ἐνθάδε.
3529 4043 3733 4110 μάκαρ.

2151 4124 2498 4196 ἀπηλλάγης,
2538 4125 2679 4180 ἀλλὰ
2719 4127 2840 4199 ζῇς.
2883 4127 2972 4182 Ἐν
3001 4129 3122 4201 Θεῷ
3151 4131 3260 4200 γὰρ
3287 4131 3337 4182 el
3374 4131 3575 4185 δίκαιοι
3608 4132 3734 4196 ζῶσι

2153 4215 2246 4269 καὶ
2285 4217 2426 4287 μετά
2469 4217 2622 4282 τέλος
2657 4218 2804 4290 ζωὴν
2837 4219 2934 4290 τὴν
2969 4222 3028 4274 ὲν
3071 4222 3294 4293 Χριστῷ
3322 4226 3732 4293 κρυπτομένης

2150 4301 2220 4376 ἧς
2255 4308 2402 4378 ἡμᾶς
2434 4308 2697 4379 μετόχους
2727 4311 3009 4378 ἀνάδειξον
3038 4313 3224 4383 εὐχαῖς
3262 4329 3379 4368 σου.

2225 4419 2599 4492 Οὐρανομήκη
2632 4421 2825 4475 στύλον
2860 4421 3087 4492 πύρινον
3111 4425 3140 4476 ό
3177 4425 3280 4494 τῆς
3303 4425 3520 4506 ἐρήμου
3549 4424 3732 4485 στύλος

481 4510 680 4566 deserti
718 4507 1004 4589 prraim;
1050 4506 1166 4560 visu
1201 4504 1616 4574 obstupefactus
1644 4519 1922 4576 occupans
1954 4522 2044 4560 ur-

2175 4509 2405 4582 ¹Εφραὶμ
2433 4513 2649 4566 κατεῖδε
2693 4513 2776 4567 σέ·
2811 4514 3112 4584 ἐκπλαγεὶς
3149 4515 3208 4569 δὲ
3239 4504 3615 4588 τῷὁράματι,
3643 4518 3732 4585 τὴν

483 4607 605 4660 bcm
635 4603 936 4668 Caesarum,
971 4615 1094 4655 cum
1124 4598 1334 4654 invenit
1363 4605 1414 4652 te
1445 4613 1567 4652 cum
1595 4597 1792 4667 populo
1825 4613 2049 4654 versan-

484 4709 614 4761 tem,
677 4695 913 4749 miratur
964 4690 1214 4763 prodigia
1275 4690 1484 4760 majora
1539 4690 1842 4760 prioribus,
1884 4691 2055 4761 siqui-

480 4789 603 4842 dem
667 4787 885 4858 aspexit
949 4785 1004 4838 in
1069 4783 1331 4855 mysterio
1387 4782 1698 4837 columbam
1747 4783 1924 4837 albam
1985 4784 2052 4838 ad

481 4895 666 4935 aurem
707 4878 803 4932 tibi
843 4877 1178 4946 loquentem.

557 4990 886 5059 Deiparw.—
909 4990 1153 5056 Corpore
1175 4986 1416 5054 indutus,
1443 4987 1534 5056 qui
1569 4995 1652 5043 est
1675 4987 2050 5058 incorporeus,

478 5101 541 5136 ex
579 5091 763 5137 ventre
796 5090 912 5146 tuo,
958 5095 991 5136 ο
1035 5079 1262 5151 Regina,
1309 5079 1478 5143 exiit;
1515 5079 1608 5149 qui
1649 5078 1813 5134 verbo
1848 5082 2055 5134 creavit

482 5173 860 5244 incorpoream
890 5179 1162 5234 naturam,
1186 5180 1351 5239 atque
1383 5185 1575 5227 omnes
1602 5178 1908 5236 creaturas,
1943 5181 2053 5226 tum

481 5268 776 5321 rationales
810 5274 923 5320 lum
951 5264 1615 5328 irrationales,essistere
1635 5261 1788 5326 fecit,
1817 5261 1910 5318 Dei
1947 5261 2054 5330 ,Ρα-

481 5358 580 5412 tris
605 5354 838 5412 Verbum
866 5355 1088 5424 ;itaqne
1114 5355 1444 5424 cupiditates
1471 5353 1718 5424 corporis
1743 5353 2044 5425 reslingue,

480 5463 599 5518 quae
628 5447 864 5502 animam
916 5462 1089 5502 meam
1146 5445 1492 5512 interimunt,
1549 5460 1583 5500 ο
1610 5444 1742 5501 Vita:
1783 5444 1978 5501 Mater.

660 5579 770 5634 Ode
809 5579 880 5634 X.
927 5579 1030 5634 Ne,
1056 5581 1235 5652 lugeas
1265 5595 1422 5650 super
1448 5596 1546 5642 me,
1584 5599 1614 5634 υ
1642 5579 1840 5636 Mater.

552 5689 869 5759 Postquam,
911 5699 972 5744 ut
1017 5692 1238 5746 divinus
1283 5691 1526 5761 pontifex
1561 5693 1708 5760 regni
1745 5693 1856 5755 Dei,
1913 5695 2053 5748 cele-

481 5780 652 5838 hrasti
693 5780 1062 5836 venerandum
1108 5792 1160 5838 et
1218 5798 1406 5838 revera
1440 5799 1654 5838 sacrum
1705 5785 2049 5855 mysterium,

2155 4601 2484 4672 Καισαρέων
2515 4603 2672 4658 πόλιν
2699 4604 3159 4675 καταλαμϐάνων,
3191 4607 3635 4678 προσομιλοῦντα
3663 4607 3733 4674 τῷ

2153 4691 2268 4764 λαῷ
2301 4694 2558 4766 εὑρηκώς
2593 4712 2675 4761 σε,
2723 4695 2977 4750 τεθέαται
3007 4699 3302 4768 καινότερα
3329 4697 3440 4750 τῶν
3471 4699 3730 4768 πρώτων,

2151 4781 2352 4854 λευκὴν
2374 4784 2710 4856 περιστερὰν
2736 4786 2872 4855 πρὸς
2898 4787 2962 4838 τὸ
2989 4783 3084 4850 οῦς
3115 4804 3198 4840 σοι
3221 4787 3586 4856 διαλέγουσαν
3615 4788 3730 4841 ἰδὼν

2153 4875 2212 4928 ὲν
2240 4876 2547 4947 μυστηρίῳ.

2227 4989 2562 5046 Θεοτόκιον.
2595 5022 2664 5032 -
2697 4993 3094 5065 Σωματοφόρος
3134 4995 3162 5046 ό
3211 4992 3512 5063 ἀσώματος
3545 4996 3607 5047 ἐκ
3641 4996 3727 5062 τῆς

2155 5083 2396 5152 γαστρός
2428 5099 2558 5149 σου,
2594 5083 2885 5150 Δέσποινα,
2941 5084 3329 5156 προελήλυθεν·
3380 5087 3411 5138 ὁ
3457 5085 3540 5155 τῷ
3594 5084 3726 5151 λόγῳ

2156 5173 2568 5245 συστησάμενος
2618 5175 2718 5246 τὴν
2751 5175 3049 5246 ἀσώματον
3081 5176 3243 5245 φύσιν
3265 5213 3280 5240 ,
3321 5176 3420 5230 καὶ
3469 5175 3728 5236 οὖσιὼσας

2155 5268 2370 5321 ἃπασαν
2399 5266 2587 5320 οὐσίαν
2619 5269 2908 5340 γεννητὴν,
2935 5268 3160 5339 λογικὴν
3183 5285 3241 5321 τε
3272 5269 3368 5321 καὶ
3396 5268 3612 5336 ἄλογον,
3641 5264 3727 5318 τοῦ

2155 5355 2292 5409 Θεοῦ
2324 5355 2540 5426 Πατρδς
2571 5357 2767 5426 Λόγος*
2799 5356 2882 5410 διό
2916 5375 3017 5428 μου
3050 5357 3121 5410 τά
3157 5357 3254 5410 τοῦ
3299 5355 3555 5426 σώματος
3585 5356 3724 5425 πάθη

2154 5447 2452 5520 νέκρωσον,
2488 5448 2787 5519 νεκροῦντα
2820 5449 2912 5503 τὸν
2941 5449 3067 5504 νοῦν
3096 5466 3220 5520 μου,
3253 5449 3399 5519 ζωῆς
3429 5449 3625 5518 μῆτερ.

2401 5582 2536 5654 ᾨδὶι
2565 5581 2633 5638 l'.
2666 5583 2764 5652 Μὴ
2793 5584 3087 5654 exodi.ng
3112 5603 3252 5654 μου,
3283 5583 3500 5652 Μᾶτερ.

2239 5695 2626 5768 Ἱερουργήσας
2655 5695 2730 5758 ὡς
2761 5695 2902 5762 θεῖος
2928 5696 3019 5750 τοῦ
3054 5696 3189 5750 Θεοῦ
3225 5697 3488 5766 ἱεράρχης
3511 5699 3606 5764 τῆς
3639 5696 3721 5762 ῥα·

2161 5786 2363 5850 σιλείας
2405 5788 2462 5840 τὸ
2499 5786 2697 5843 σεπτὸν
2734 5789 2827 5842 καὶ
2871 5789 3040 5854 ὅντως
3088 5789 3266 5861 ἱερὸν,
3312 5789 3425 5860 ἱερὶ
3467 5785 3718 5846 Βασίλειε,
