3882 6356
134 349 277 422 1377

1159 346 1476 410 HYMNUS
1518 349 1598 410 IN
1640 349 1698 410 S.
1741 348 2381 416 ClIRYSOSTOMUR-I.

3277 353 3414 416 137R

133 454 514 528 Εὑαγγέλιον,
554 454 656 524 τῆς
703 452 803 524 σῆς
838 451 1151 526 ἱερουργίας
1183 454 1498 526 ἀπείληφας
1535 455 1727 527 μισθὸν

1870 454 2114 525 ccepisti,
2148 470 2181 508 o
2211 470 2370 510 sacer
2405 454 2593 521 Basili,
2629 459 2933 513 mercedem
2966 457 3255 512 sacerdotii
3293 458 3416 512 sino

135 554 309 626 χωρὶς
339 549 574 622 αἵματος
621 545 966 619 μαρτυρικοῦ
1013 547 1107 600 καὶ
1154 549 1483 619 στεφανίτης
1517 548 1727 616 φανείς.

221 735 312 800 Ὠς
355 731 575 806 οὐρανῷ
613 732 988 804 παμμεγέθει,
1029 734 1106 798 ὡς
1146 733 1282 805 ἡλίῳ
1324 733 1580 805 ἐμψύχῳ,
1611 733 1640 785 ὁ
1674 733 1731 788 ὲν

139 825 280 899 ἡλίῳ
315 823 514 879 ἑαυτοῦ
546 822 609 876 τὸ
641 823 914 894 σκήνωμα
943 822 1137 888 τιθεὶς,
1170 823 1264 878 καὶ
1293 823 1376 887 εἰς
1408 823 1535 886 τοὺς
1567 823 1734 893 οὑραο

143 920 268 982 γοὺς
293 917 352 969 έν
383 915 470 969 σοὶ
487 913 750 985 ὲνῲκισεν
770 930 784 944 ·
809 914 1118 984 Ἐνοικήσω
1141 915 1272 986 γὰρ,
1291 913 1417 984 ἔφη,
1461 913 1594 985 περὶ
1621 912 1732 966 τῶν

140 1009 288 1065 κατά
313 1008 396 1076 σὲ,
424 1007 521 1064 καὶ
548 1005 992 1078 ἐμπεριπατήσω
1017 1005 1342 1076 θεοπρεπῶς
1370 1006 1430 1058 ἐν
1451 1006 1658 1070 αὐτοῖς.

228 1142 586 1218 Ἀναδραμὼν
619 1143 684 1197 ὲκ
711 1141 820 1198 τῶν
854 1143 1009 1198 κάτω
1033 1143 1168 1214 πρὸς
1195 1142 1296 1215 τήν
1323 1143 1438 1199 ἄνω
1468 1143 1731 1214 πατρίδα,

139 1237 242 1294 καὶ
269 1238 367 1290 σὺν
393 1235 652 1305 ἀγγέλοις
680 1235 972 1307 παρεστὼς
993 1233 1072 1306 τῷ
1097 1233 1273 1306 θρόνῳ
1293 1233 1370 1306 τῷ
1395 1233 1609 1306 φρικτῷ
1633 1233 1735 1304 τῆς

137 1324 473 1398 ὑτεερουσίου
525 1325 778 1396 Τριάδος,
802 1325 933 1379 κὸσιε
953 1368 968 1392 ,
1021 1325 1164 1396 ὑπὲρ
1196 1320 1264 1398 ἦς
1295 1325 1555 1397 ἠγωνίσω
1597 1325 1736 1396 πρὸς

137 1417 376 1488 δύναμιν
401 1418 461 1471 ὲν
489 1417 585 1488 γῇ,
613 1415 964 1488 μεμνημένος
999 1416 1076 1488 μὴ
1105 1415 1272 1488 λίπῃς
1301 1416 1411 1470 τῶν
1443 1416 1735 1489 μεμνημέ-

140 1524 432 1566 νουν,σου..

217 1643 502 1707 Νεανικῶς
534 1643 838 1716 ἐξηλέγχθη
866 1645 1020 1716 παρά
1052 1643 1148 1699 σοῦ
1173 1645 1200 1698 ὁ
1231 1645 1510 1717 τολμήσας
1543 1661 1737 1699 συντα-

142 1735 416 1790 πεινῶσαι
455 1734 635 1808 ἑαυτῷ
671 1736 927 1808 θεότητος
963 1737 1200 1810 μορφὴν,
1237 1739 1319 1802 είς
1350 1737 1598 1791 δουλείαν
1643 1735 1732 1789 έλ-

1834 547 2103 617 sanguine
2149 547 2392 617 martyrii
2440 563 2644 603 corona
2684 549 2975 606 redimitus
3015 563 3307 620 apparens.

1908 729 1980 786 Ut
2020 733 2073 787 in
2110 731 2251 787 cmlo
2283 732 2575 795 immenso,
2611 741 2670 786 ut
2713 733 2766 787 in
2800 731 2919 788 sole
2944 731 3282 794 viviﬁcante,
3327 731 3417 786 ille

1833 823 1928 894 qui
1963 823 2190 879 tetendit
2223 823 2276 876 in
2310 822 2424 877 sole
2455 836 2616 876 suum
2651 823 3066 878 tabernaculum
3120 831 3174 876 et
3217 821 3274 875 in
3307 835 3416 874 ραι·
3477 879 3481 884 ι

1835 914 1888 968 lo
1933 913 1986 969 in
2026 923 2078 970 te
2110 913 2414 968 habitavit:
2451 912 2773 968 lnbabitabo
2801 914 2969 977 enim,
3029 912 3212 982 inquit
3239 909 3308 965 de
3338 912 3416 963 tui

1836 1004 2131 1069 similibus,
2166 1012 2222 1060 et
2260 1003 2552 1074 magniﬁce
2603 1005 2655 1058 in
2689 1005 2769 1060 eis
2793 1003 3108 1059 ambulabo.

1903 1141 2211 1197 Transiens
2261 1141 2329 1197 de
2379 1141 2466 1197 his
2525 1141 2687 1197 terris
2735 1140 2802 1196 ad
2838 1141 3122 1197 cwlestem
3158 1148 3416 1210 patriam.

1837 1233 2173 1304 adstansque
2227 1249 2352 1290 cum
2407 1234 2618 1305 angelis
2673 1233 2872 1288 throno
2933 1231 3246 1287 venerando
3291 1245 3420 1287 san-

1837 1324 2099 1380 ctissimae
2133 1325 2417 1382 Trinitatis
2437 1367 2450 1391 ,
2489 1340 2522 1379 ο
2545 1331 2753 1391 sancte,
2782 1338 2882 1394 pro
2908 1337 3038 1394 qua,
3071 1332 3336 1392 quantum
3363 1321 3418 1375 in

1837 1421 1890 1467 te
1933 1414 2054 1476 fuit,
2111 1416 2165 1469 in
2231 1415 2398 1470 terris
2433 1413 2760 1477 deccrtasti,
2807 1427 3016 1468 memor
3065 1427 3134 1468 ne
3182 1411 3420 1466 derelin-

1839 1505 1977 1577 quas
2030 1521 2126 1562 eos
2159 1507 2252 1578 qui
2283 1508 2359 1562 tui
2393 1506 2779 1562 meminerunt.

1819 1614 1830 1628 ’
1907 1635 2142 1692 Omnino
2167 1651 2197 1690 a
2228 1645 2280 1692 te
2302 1638 2615 1694 confutatus
2658 1638 2762 1693 fuit
2789 1639 2890 1694 iste
2925 1638 3020 1708 qui
3062 1637 3294 1693 formam
3332 1634 3424 1704 Di:-

1838 1730 2088 1785 vinitatis
2120 1745 2292 1800 usque
2324 1731 2394 1786 ad
2431 1746 2490 1786 se
2523 1732 2830 1801 deprimere
2855 1745 3025 1786 ausus
3077 1739 3164 1786 est
3191 1772 3202 1793 .
3257 1743 3424 1800 prave

146 1845 264 1883 κων
303 1827 402 1900 τήν
432 1799 762 1900 δεσποτικήν
795 1799 1017 1898 κακῶς,
1188 1799 1536 1903 ⁷ι’)τιιξνρχρονον
1571 1828 1736 1899 φύσιν

1870 1829 2063 1877 uertens
2087 1821 2141 1874 in
2184 1821 2440 1876 servilem
2479 1820 2822 1876 Dominicam
2857 1821 3122 1890 speciem,
3169 1830 3423 1875 naturam

145 1920 247 1973 καὶ
278 1921 554 1986 ἀκτιστον,
589 1921 763 1985 τιθεὶς
791 1922 1032 1992 πονηρὸν
1069 1916 1156 1975 οἷα
1200 1922 1411 1993 κτίσμα
1454 1922 1592 1993 μετά
1635 1920 1738 1990 τῆς

149 2009 404 2076 κτίσεως.

223 2099 408 2168 Νέφος
455 2102 600 2172 παχὺ
641 2101 738 2156 τοῦ
779 2102 1009 2173 σαρκίον
1059 2101 1300 2173 διασχὼν
1347 2103 1442 2157 καὶ
1487 2103 1548 2156 τὸ
1584 2104 1741 2167 δάνος

153 2191 549 2263 διαλυσάμενος
577 2195 642 2264 τῇ
678 2196 773 2264 γῇ,
817 2193 1034 2264 ἀσχέτῳ
1060 2196 1125 2264 τῇ
1150 2193 1320 2264 ψυχῇ,
1353 2194 1448 2248 καὶ
1475 2195 1558 2248 νοῒ
1591 2194 1740 2264 ἀΰλῳ

152 2282 254 2336 νῦν
282 2283 660 2355 ,εἰσελήλυθας
717 2286 810 2338 τὸν
869 2286 1112 2340 ἀνείδεον
1173 2288 1373 2356 γνόφον
1425 2287 1520 2342 καί⁵
1581 2287 1741 2342 eam

153 2375 368 2446 ὁμιλεῖν
395 2377 488 2431 καὶ
512 2381 759 2433 ’συνεῖναι
787 2378 882 2433 καὶ
913 2378 1426 2451 συνευφραίνεσθαι.

169 2491 200 2503 ο
241 2467 308 2530 Ἥ
339 2469 432 2523 τοῦ
469 2469 604 2524 Θεοῦ
662 2471 958 2542 Ἐκκλησία
1005 2471 1265 2541 ἀσφαλῶς
1310 2470 1616 2542 ἑδρασμένη
1667 2473 1744 2536 ὡς

158 2559 398 2632 θεμελίῳ
433 2561 669 2632 άρῤαγεί
696 2560 793 2614 καὶ
821 2561 1000 2634 πέτρᾳ
1028 2561 1246 2632 στερεᾷ,
1277 2563 1344 2631 τῇ
1376 2561 1617 2632 ἀσείστῳ
1648 2559 1744 2632 βά-

154 2665 242 2708 ιστε
278 2655 344 2722 τῇ
373 2653 482 2706 τῶν
510 2652 797 2724 δογμάτων
838 2670 932 2708 σου
953 2693 968 2718 ,
1016 2653 1274 2708 ἐναντίων
1305 2653 1524 2724 ἀνέμων
1554 2654 1745 2717 πνοαῖς

152 2748 492 2814 τιδφωνικαῖς
513 2745 920 2816 άπερίτρεπτος
955 2744 1054 2817 μὲν
1088 2745 1240 2816 πόθῳ
1267 2744 1488 2816 τιμῶσά
1517 2762 1598 2798 σε.

231 2922 570 2978 Occiderat-3
597 2955 667 2964 —-
687 2925 774 2987 Σὲ,
808 2923 1050 2994 παναγία
1071 2923 1339 2997 Παρθένε,
1371 2923 1745 2995 ἀκαταίσχυν-

150 3032 248 3068 τον
310 3014 545 3086 πρέσϐιν
597 3018 694 3070 καὶ
760 3015 1042 3086 μεσιτείαν
1097 3014 1304 3086 εὐμενῆ
1369 3014 1744 3086 προϐάλλομαι

1841 1923 2100 1968 reternam
2139 1920 2194 1968 et
2227 1913 2528 1967 increatam
2558 1953 2572 1977 ,
2605 1923 2660 1967 et
2705 1913 2863 1983 quasi
2908 1911 3070 1967 vilem
3110 1919 3423 1967 creaturam

1843 2006 2008 2060 rebus
2035 2004 2237 2058 creatis
2271 2018 2663 2058 annumerans.

1917 2093 2127 2150 Nubem
2172 2109 2419 2149 crassam
2461 2095 2645 2149 carnis
2690 2108 3090 2164 perrumpens,
3133 2093 3429 2164 debitaque

1845 2195 2003 2240 terra:
2055 2187 2303 2251 solvens,
2359 2200 2465 2240 una
2504 2200 2629 2240 cum
2675 2184 2884 2239 invicto
2927 2185 3109 2238 animo
3147 2192 3203 2240 et
3245 2191 3429 2239 mente

1844 2277 2055 2332 coalesti
2128 2291 2272 2332 nunc
2345 2277 2566 2331 habitas
2644 2276 2910 2330 informes
2959 2283 3016 2330 et
3075 2275 3428 2344 incorporeas

1847 2370 2098 2426 tenebras
2134 2369 2187 2423 in
2229 2369 2430 2440 quibus
2465 2369 2593 2424 licet
2625 2369 2831 2423 versari
2869 2378 3036 2438 atque
3071 2365 3330 2438 gaudere.

1918 2459 2107 2514 Divina
2160 2460 2410 2516 Ecclesia
2463 2467 2585 2514 tuto
2637 2457 2861 2514 condita
2919 2458 3071 2512 velut
3137 2457 3190 2512 in
3254 2455 3430 2512 infra-

1843 2561 1935 2608 cto
1980 2551 2354 2625 fundamento,
2385 2561 2439 2606 et
2491 2550 2819 2622 inscopulo
2869 2549 3063 2614 ﬁrmo,
3096 2548 3428 2604 inconcussa

1846 2645 1967 2700 basi
2025 2655 2246 2699 tuorum
2307 2643 2625 2714 dogmatum
2657 2685 2672 2709 ,
2733 2642 3090 2697 adversorum
3140 2651 3430 2699 ventorum

1847 2735 1975 2792 llatu
2001 2737 2238 2792 violento
2266 2726 2371 2791 non
2412 2743 2678 2800 movetur,
2709 2745 2869 2806 teque
2898 2742 3192 2790 veneratur
3221 2743 3274 2790 et
3302 2749 3432 2790 sus-

1847 2830 1999 2901 picit.

1921 2918 2181 2988 Deiparw.
2219 2947 2290 2960 ο-
2340 2915 2446 2981 Te,
2504 2916 2854 2974 sanctissima
2903 2915 3105 2986 Virgo,
3159 2914 3436 2975 honoran-

1849 3010 1973 3065 dam
2025 3011 2255 3080 legatam
2305 3011 2682 3079 optimamque
2736 3009 3108 3063 ruediatricem
3160 3007 3433 3078 praemitti.

151 3107 371 3171 πιστῶς
400 3107 475 3178 τῷ
503 3121 566 3161 εκ
595 3102 688 3162 eo;
710 3107 977 3178 τεχθέντι·
1007 3109 1101 3161 καὶ
1125 3107 1356 3162 ἱκετεύω
1379 3125 1460 3174 σε,
1488 3107 1596 3162 τῶν
1619 3109 1742 3161 πολ-

1875 3101 2085 3156 ibenter
2131 3101 2196 3156 ad
2232 3099 2428 3155 Filium
2461 3101 2528 3155 de
2557 3110 2609 3155 te
2641 3101 2907 3172 genitum,
2942 3109 3103 3170 teque
3144 3098 3431 3168 supplico,

150 3199 268 3252 λῶν
301 3216 403 3270 μου
439 3199 799 3270 πταισμάτων
832 3199 900 3253 τὰ
927 3199 1110 3271 πλήθη
1139 3199 1210 3253 τὰ
1241 3199 1414 3254 πολλὰ
1448 3201 1746 3271 μητρικαῖς

153 3308 253 3344 σου
281 3290 604 3362 πρεσϐείαις
632 3291 804 3362 ἄρδην
837 3291 1140 3361 ἐξάλειψον.

599 3394 882 3449 ἸΩΑΝΝο
895 3398 940 3451 Υ
965 3399 1022 3450 Μ
1029 3393 1225 3450 οΝΑΧ
1233 3399 1275 3449 0
1289 3397 1332 3450 Υ

393 3508 632 3563 ΚᾹΝΩΝ
668 3507 776 3564 ΕΙΣ
805 3507 946 3564 ΤΟΝ
975 3509 1512 3575 ΧΡΥΣΟΣΤΟΜΟΝ,

160 3617 249 3679 Οὔ
302 3625 340 3692 ἠ
381 3625 734 3698 ἀξιροστιχὶς
765 3626 950 3698 αὕτη·
987 3626 1314 3698 Συνώνυμος
1354 3627 1548 3698 μέλπει
1590 3645 1648 3682 σε
1690 3628 1752 3681 τὸ

235 3694 472 3769 χρυσοδν
494 3694 688 3766 στόμα.
711 3697 944 3769 Οίκτρδς
971 3694 1322 3769 μοναχὸςκαὶ
1349 3694 1538 3769 ἱκέτης
1570 3699 1752 3752 Ἰωάν-

235 3759 570 3890 ζὲἑίἐὲιχος
593 3759 702 3821 11.1.
743 3765 826 3830 β’.
852 3759 1087 3838 ’Κύιὶατι
1112 3759 1444 3835 ’θαλάσσης
1483 3759 1591 3822 θέτ’
1619 3771 1752 3836 κρέ’

241 3927 478 3997 Στὸματι
519 3927 726 4000 πηλίνῳ
772 3905 868 3981 καλ
900 3927 1123 4003 γλώσσῃ
1165 3928 1359 3997 γεώδει
1392 3947 1450 3982 σε
1483 3929 1575 3982 τὸν
1604 3929 1752 3996 Χρυ-

161 4018 434 4088 σὸστομον
470 4018 660 4085 ὑμνεῖν
706 4018 952 4090 ὁρμῶντί
979 4036 1093 4088 μοι,
1120 4019 1430 4089 χρυσοφαὲς
1455 4017 1754 4088 οὐρανόθεν

158 4107 319 4170 θείας
350 4107 605 4175 γνώσεως
650 4107 960 4178 ἀμάρυγμα
988 4105 1371 4177 gemmam,
1399 4107 1634 4176 φῶτισον
1663 4107 1754 4161 τὸν

162 4197 295 4253 νοῦν
331 4200 426 4254 καὶ
454 4199 552 4270 τὴν
582 4198 816 4270 καρδίαν
846 4216 972 4270 μου.

243 4290 416 4363 ’Ὕλην
445 4289 812 4362 φθειρομένην
837 4293 936 4346 καὶ
962 4293 1194 4364 ῥέουσαν
1217 4292 1398 4360 δόξαν,
1424 4293 1518 4348 καὶ
1547 4292 1752 4364 κόσμον

166 4382 463 4453 σύμπαντα
491 4383 584 4437 καὶ
615 4386 1036 4455 κοσμοκράτορα
1064 4384 1442 4458 περιδραμὼν,
1473 4385 1594 4440 ἀντὶ
1617 4386 1754 4440 πᾶν·

1853 3193 2116 3264 plurimos
2166 3193 2352 3263 lapsus
2394 3207 2546 3248 meos
2589 3201 2643 3247 et
2689 3201 2915 3264 peccata
2969 3201 3216 3245 materna
3257 3189 3434 3242 inter-

1851 3287 2103 3341 cessione
2127 3293 2218 3340 tua
2253 3286 2478 3352 omnlino
2520 3286 2660 3342 dele.

2274 3395 2600 3453 JOANNIS
2639 3395 3016 3453 MONACIII.

2116 3507 2407 3564 llYMNUS
2444 3507 2510 3563 IN
2561 3507 3168 3576 C-llRYSOSTOMUM.

1859 3621 2055 3676 Prima!
2089 3637 2330 3677 versuum
2377 3621 2571 3676 [imm
2609 3621 2916 3691 signiﬁcant
2958 3637 2978 3675 :
3006 3620 3156 3675 Alter
3197 3618 3437 3676 Joannes

1928 3693 2124 3746 laudat
2155 3703 2228 3752 te.
2255 3707 2484 3746 aureum
2507 3706 2594 3745 os.
2619 3691 2781 3746 Miser
2804 3692 3107 3746 monachus
3127 3702 3180 3745 et
3209 3694 3435 3760 supplex

1923 3760 2183 3818 Joannes.
2217 3761 2394 3816 Sanus
2427 3761 2499 3827 pl.
2533 3760 2617 3826 Il,
2647 3760 2901 3829 ﬂuctibus
2933 3762 3098 3815 maris
3125 3761 3403 3814 celantem.

1926 3915 2033 3970 Ore
2067 3915 2215 3969 luteo
2263 3922 2318 3968 et
2367 3915 2554 3984 lingua
2590 3915 2839 3970 terrestri
2881 3923 2933 3968 te
2977 3913 3435 3985 Chrysostomum

1855 4005 2137 4060 celebrare
2163 4005 2436 4067 tentanti,
2467 4004 2675 4060 emisso
2713 4005 2780 4062 de
2831 4004 2988 4061 cmlis
3035 4004 3438 4076 lulgentissimo

1855 4095 2058 4150 divinae
2082 4093 2392 4164 disciplinac
2421 4093 2740 4163 splendore,
2793 4103 3030 4150 mentem
3079 4095 3324 4149 illumiua
3363 4096 3438 4151 si-

1856 4187 1969 4242 mul
1998 4195 2053 4241 et
2082 4194 2299 4257 pectus.

1928 4275 2010 4332 Tu
2065 4275 2289 4347 quidem
2334 4277 2672 4349 contemptis
2715 4293 2836 4349 quae
2883 4275 3132 4348 peritura
3191 4283 3340 4338 sunt,
3385 4288 3437 4330 et

1861 4367 2088 4441 fugitiva
2122 4370 2315 4442 gloria,
2369 4382 2423 4428 et
2480 4371 2744 4428 universo
2803 4369 3031 4432 mundo,
3084 4378 3140 4424 et
3189 4367 3438 4438 principe

159 4492 279 4529 των
312 4472 405 4526 τὸν
432 4473 669 4545 Χριστὸν
699 4475 934 4545 ἐκτήσω,
969 4476 1278 4546 πάγχρυσε·
1311 4471 1373 4532 οὗ
1404 4477 1636 4548 τρωθεὶς
1667 4477 1742 4548 τῷ

1870 4464 2048 4518 mundi
2079 4461 2308 4530 Satana,
2336 4465 2420 4520 vir
2466 4480 2655 4530 aurec,
2694 4465 2818 4520 loco
2859 4463 3105 4517 omnium
3158 4461 3438 4516 Christum

163 4564 336 4635 ἔρωτι
365 4563 556 4635 ήγήσω
581 4564 760 4620 πάντα
791 4565 1060 4621 σκύϐαλα.

245 4738 449 4808 Νόμοις
491 4739 582 4793 τοῦ
614 4740 869 4810 Σωτῆρος
920 4742 1159 4812 Χριστοῦ
1192 4743 1602 4815 πειθαρχήσας,
1637 4743 1746 4798 ἀπὸ

165 4830 430 4900 νεότητος
467 4831 557 4883 ἐπὶ
587 4831 693 4884 τῶν
723 4831 888 4902 ὤμων
930 4850 1024 4887 σου
1060 4835 1349 4888 ἀναλαϐὼν
1389 4836 1482 4888 τὸν
1516 4835 1752 4907 σταυρόν

168 4939 290 4981 σου.
336 4921 424 4975 διὰ
458 4922 637 4976 πόνων
685 4923 779 4994 τῆς
831 4926 1118 4997 ἀσκήσεως
1158 4925 1309 4998 αὐτῷ
1353 4926 1751 4997 ἡκολούθησας,

170 5015 383 5082 σαρκὸς
408 5015 620 5086 νεκρῶν
643 5017 705 5070 τὸ
729 5018 1006 5089 φρόνημα.

244 5107 491 5178 ’ᾨκησας
551 5109 793 5179 ἐρήμους
843 5111 1099 5176 ἀϐάτους,
1141 5110 1429 5183 ἀνύδρους,
1489 5111 1745 5181 ἄστεγος,

169 5200 426 5263 ἄσκευος,
459 5199 720 5271 ἄτροφος,
749 5202 1048 5269 ἄγνωστος,
1074 5203 1266 5273 ὥσπερ
1285 5203 1314 5256 ὁ
1335 5203 1510 5274 μέγας
1543 5204 1755 5271 Ἠλίας,

183 5291 444 5354 Ἰωάννης
482 5308 540 5344 τε
570 5294 598 5344 ὁ
630 5293 943 5364 πρόδρομος
965 5334 978 5358 ,
1011 5288 1087 5350 ὧν
1127 5296 1305 5368 ζηλῶν
1333 5295 1613 5368 ἐζήλωσσς
1659 5298 1759 5368 τὴν

173 5386 511 5462 παρρησίαν,
548 5387 692 5455 ἅγιε.
1359 5370 1362 5374 ’

245 5479 428 5551 Νίκην
453 5475 851 5550 λαμπροτάτην
878 5478 1154 5551 ἀράμενος
1173 5517 1190 5543 ,
1233 5479 1443 5550 μάκαρ,
1477 5479 1620 5533 κατά
1663 5479 1758 5532 τοῦ

173 5569 472 5641 δράκοντος
499 5570 638 5638 μετὰ
668 5570 948 5640 τροπαίων
969 5568 1242 5641 λαμπρῶν
1260 5611 1272 5633 ,
1293 5569 1370 5632 ὥς
1389 5585 1473 5632 τις
1495 5569 1760 5640 ὀλυμπιο-

175 5660 354 5731 νίκης,
376 5659 506 5732 θείῳ
529 5662 810 5729 Πνεῦματι
835 5660 1156 5730 φερόμενος,
1189 5656 1345 5725 αὖθις
1381 5660 1760 5734 ἐπανέδρσμες

179 5753 445 5828 πρὺςκτὴν
475 5753 848 5824 ἐνεγκαμένης]
885 5770 964 5806 σε.
1744 5742 1752 5769 ”

1857 4555 2088 4626 adeptus
2117 4569 2215 4620 es;
2255 4557 2420 4626 cujus
2443 4570 2630 4610 amore
2669 4556 2894 4610 saucius
2929 4553 3115 4607 omnia
3141 4553 3443 4607 detrimen-

1858 4659 1969 4704 tqu
1996 4649 2260 4703 ducebas.

1929 4741 2164 4812 Legibus
2193 4737 2502 4794 Salvatoris
2539 4737 2745 4794 Christi
2782 4736 3096 4808 indulgens,
3129 4751 3159 4789 a
3207 4735 3440 4806 pueritia

1857 4847 2026 4904 super
2064 4833 2327 4887 humeros
2357 4845 2578 4885 crucem
2611 4828 2732 4899 ejus
2781 4829 3098 4898 suscepisti,
3152 4825 3440 4897 ipsiusque

1858 4941 1954 4998 per
1979 4923 2288 4995 disciplinae
2312 4923 2531 4980 labores
2549 4923 2855 4988 adlucsisti,
2885 4921 3237 4977 mortiﬁcatis
3257 4920 3443 4974 carnis

1857 5016 2133 5073 sensibus.
3280 5088 3284 5091 _

1928 5108 2252 5168 lnbabitasti
2288 5107 2506 5164 deserta
2539 5107 2710 5174 invia,
2753 5107 3043 5178 inaquosa,
3075 5104 3443 5168 exsul,vesti-

1859 5200 2062 5257 mentis
2085 5199 2321 5271 ciboque
2353 5199 2680 5264 destitutus,
2713 5197 2955 5268 ignotus,
2990 5195 3136 5250 hami
3183 5197 3344 5250 secus
3376 5208 3440 5247 ac

1860 5309 2092 5364 magnus
2131 5292 2305 5358 Elias,
2349 5299 2516 5361 atque
2561 5290 2804 5346 Joannes
2838 5303 3170 5360 pt‘mcursor,
3201 5303 3439 5358 quorum

1863 5382 2115 5438 ﬁduciam
2147 5383 2351 5437 imitari
2389 5381 2675 5444 studuisti,
2705 5379 3080 5436 sanctissime.

1934 5472 2124 5528 “elata
2157 5471 2388 5529 victoria
2431 5468 3081 5540 splemlissima,beatus,
3107 5466 3174 5522 de
3201 5465 3443 5522 dracone

1864 5565 2102 5620 illustria
2134 5573 2361 5632 tronaea,
2421 5562 2567 5616 velut
2609 5560 2784 5615 victor
2829 5561 2883 5615 in
2934 5557 3236 5631 Olympicis
3273 5557 3442 5617 ludis,

1863 5655 2050 5709 divino
2089 5653 2284 5722 spiritu
2335 5663 2645 5721 reportans,
2699 5666 2894 5705 rursus
2951 5651 3017 5702 ad
3061 5661 3180 5702 eam
3231 5643 3445 5700 rediisti

1866 5765 1986 5820 ηικυ
2024 5756 2074 5800 te
2109 5754 2366 5816 ερςςυνσι.
