3882 6356
510 356 645 422 1379
1937 351 2314 413 ADDENDA.
3684 337 3815 403 13'30

562 465 830 533 Πείρεω-αι.
851 491 917 500 ——
948 459 1051 525 Qui
1082 458 1136 513 in
1163 456 1451 514 indeﬁnito
1473 458 1598 515 sinu
1639 458 1750 513 divi
1794 458 2072 513 Gcnituris

2252 456 2588 510 Θεοτόκιον.
2620 487 2689 496 ——
2728 453 2787 506 Ὀ
2822 452 3267 523 ἁπεριγράπτοις
3303 449 3667 521 καθήμενος
3702 454 3811 505 24;.

488 555 687 613 intiniti
723 550 936 614 Patris,
974 558 1235 619 tanquam
1288 548 1634 605 indeliuit-um
1677 547 1916 603 Verbum
1985 562 2072 602 re-

2182 566 2297 614 ποις
2346 548 2492 602 θείου
2556 546 2891 617 Γεννήτορος
2948 543 3375 615 ἀπεριγράπτσυ
3439 542 3698 611 Πατρδς
3744 548 3809 608 ἐξ

489 650 652 711 sidet,
672 645 816 699 idem
844 657 1016 697 carne
1045 641 1235 697 ﬁnitus
1268 656 1433 712 quam
1462 656 1491 695 a
1511 650 1563 697 te
1582 641 1850 711 suscepit,
1874 640 1928 694 in
1965 639 2071 694 im-

2182 639 2592 713 ἄπερίγραπτος
2642 639 2839 708 Λόγος,
2885 638 2953 706 τῇ
3005 635 3172 706 σαρκὶ⁸
3214 636 3627 705 περιγραφεὶς
3659 638 3809 704 τῇέι

490 739 762 795 maculato
787 746 883 792 tuo
899 736 1111 806 gremio
1127 736 1393 807 puerulus
1411 734 1672 807 quiescit,
1693 732 2070 791 sanctissima.

2182 733 2293 798 σοῦ,
2317 734 2432 797 τοῖς
2460 731 2755 804 ἀκράντοις
2784 728 3009 792 κόλποις
3037 743 3133 780 σου
3164 725 3389 797 βρέφος,
3428 725 3622 798 ἁγνὴ,
3679 730 3807 781 καθ-

2173 825 2380 889 έζεται.

871 954 985 1012 Ode
1025 953 1151 1011 Ill.
1188 952 1261 1010 Te
1298 969 1456 1024 super
1484 967 1677 1024 aquas.

2507 935 2647 1006 ᾮδὴ
2685 936 2770 989 Γ’.
2798 936 2879 988 Σὲ
2914 931 3036 987 τῶν
3062 932 3162 987 ἐπὶ
3192 931 3460 988 ὑδάτων.

557 1073 767 1133 Christi
792 1079 1034 1129 mentem
1085 1077 1441 1134 consecutus,
1476 1066 1913 1126 misericordiam
1954 1064 2073 1131 ejus

2246 1053 2320 1105 Σὺ
2346 1050 2472 1105 νοῦν
2501 1048 2743 1123 Χριστοῦ
2772 1050 3088 1122 πλουτήσας
3106 1089 3120 1113 ,
3150 1049 3443 1119 ὲζήλωσας
3476 1049 3591 1119 τὴν
3632 1050 3806 1104 αὐτοῦ

488 1158 548 1225 in
581 1174 854 1239 quantum
906 1163 1151 1219 hominis
1179 1169 1302 1217 erat
1355 1160 1604 1215 imitatus
1659 1174 1758 1225 es;
1791 1164 1846 1213 et
1881 1171 2074 1212 omnes

2182 1143 2582 1214 εὐσπλαγχνίαν
2634 1143 2712 1209 ὡς
2772 1142 3004 1198 δυνατὸν
3067 1140 3389 1214 ἀνθρώπῳο
3455 1144 3570 1195 καὶ
3624 1143 3805 1197 σῶσαι

490 1258 703 1316 servari
742 1253 966 1311 voluisti
1005 1268 1100 1324 per
1130 1253 1406 1307 malorum
1452 1248 1862 1305 confessionem
1893 1255 1947 1301 et
1986 1243 2073 1301 fu-

2182 1237 2389 1300 πάντας
2412 1235 2762 1299 ἐσπούδασας
2789 1235 2858 1291 δι’
2902 1234 3260 1306 ὲξομολογίας
3290 1236 3391 1289 καί⁵
3423 1236 3679 1307 ἀποχῆς
3706 1256 3800 1292 και

489 1368 650 1423 gam,
720 1363 816 1420 per
879 1347 1159 1404 sinceram
1235 1343 1732 1411 vehementemque
1796 1337 2075 1409 poeniten-

2182 1331 2314 1399 κῶν,
2339 1331 2437 1385 καὶ
2465 1331 2790 1402 ἐμπράκτου
2817 1328 3114 1401 μετανοίας
3137 1327 3376 1400 θερμῆς.

492 1444 643 1498 tiam.

562 1533 741 1590 Unxit
763 1542 817 1588 te
844 1539 1073 1587 sanctus
1096 1529 1339 1600 Spiritus
1362 1527 1530 1594 Deus,
1566 1526 1713 1581 Deus
1747 1530 1898 1588 tuus,
1924 1530 1984 1575 ut
2018 1520 2074 1576 in

2251 1504 2480 1576 Ἐχρισέ
2517 1521 2577 1557 σε
2600 1503 2663 1556 τὸ
2688 1501 2917 1573 Πνεῦμα
2942 1501 3003 1555 τὸ
3026 1501 3184 1570 ἄγιον
3216 1503 3246 1555 6
3268 1502 3431 1567 Θεὸς,
3465 1504 3500 1557 6
3531 1502 3683 1568 Θεός
3704 1521 3793 1558 σου

492 1639 617 1683 tuos
639 1628 818 1682 oleum
852 1622 1246 1680 exsultationis
1276 1593 1614 1685 eﬂunderes,
1652 1625 1706 1672 et
1735 1622 2073 1687 unguentum

2182 1598 2274 1653 ἐπὶ
2303 1597 2431 1661 τοὺς
2484 1596 2611 1659 σοὺς
2657 1593 2919 1665 μετόχους
2976 1593 3355 1661 ἀγαλλιάσεως
3407 1594 3636 1659 ἔλαιον,
3705 1600 3789 1649 καὶ

490 1720 689 1775 divina:
726 1715 1026 1783 unctionis,
1053 1722 1107 1769 et
1128 1712 1327 1777 dillluit
1349 1712 1417 1767 de
1441 1708 1605 1765 labiis
1644 1705 1762 1764 suis
1794 1685 2074 1760 ditissima

2183 1690 2356 1762 μύρον
2401 1689 2552 1743 θείου
2599 1687 2930 1760 χρίσματος,
2975 1686 3071 1739 καὶ
3114 1685 3347 1757 ἐξεχύθη
3402 1702 3511 1740 σου
3556 1687 3787 1757 δαψιλὴς

490 1811 692 1884 gratia.
1011 1781 1019 1783 ἓ
1147 1805 1151 1809 ’

2182 1783 2344 1855 χάρις
2372 1782 2431 1836 ὲν
2465 1781 2728 1851 χείλεσιν.

560 1900 847 1967 Tanquam
883 1908 1032 1949 mare
1052 1891 1304 1963 erupisti,
1338 1889 1764 1961 Chrysostome,
1802 1885 2074 1943 suavissi-

2255 1876 2499 1944 Πέλαγος
2531 1872 2832 1945 ὲξηρεύξω,
2866 1870 3227 1942 Χρυσόστομε
3256 1909 3272 1935 ,
3300 1870 3559 1941 διδαχῶν
3585 1870 3785 1941 γλυκυ-

490 2004 705 2045 tuarum
745 1986 1156 2049 doctrinarum,
1196 1992 1249 2040 et
1304 1960 1564 2037 arefactis
1618 1979 1784 2036 simul
1830 1977 2075 2033 comesis

2184 1966 2665 2039 τάτων,αίρέσεων
2690 1966 2945 2036 ξηραῖνον
2965 1963 3037 2017 τὰ
3065 1960 3385 2035 βορσορώδη
3407 1962 3609 2034 όμὸρή
3619 1980 3784 2032 ματα,

494 2082 847 2152 turbidisquc
881 2086 937 2133 et
980 2078 1178 2133 invisis
1230 2084 1286 2131 et
1322 2073 1646 2132 salsissimis
1688 2071 2075 2127 haereticorum

2187 2060 2283 2114 καὶ
2305 2057 2522 2130 θολερὰ,
2541 2057 2636 2110 zeal.
2668 2056 2869 2121 ἄποτα,
2896 2053 2993 2108 καὶ
3031 2052 3447 2125 ωμυρόόρυτα,
3496 2054 3606 2119 τὰς
3648 2071 3785 2125 καρ-

496 2147 811 2248 paludibus,
838 2180 892 2228 et
924 2170 1144 2226 retectis
1178 2168 1441 2224 cordibus
1469 2163 1704 2220 nostris.

2185 2152 2304 2214 δίας
2337 2152 2550 2205 πιαίνον
2578 2147 2757 2220 ήμῶν.

578 2235 842 2335 vespm.
862 2293 930 2304 -
956 2261 1026 2316 Ut
1062 2258 1500 2330 comprehendas
1526 2263 1702 2310 totum
1727 2252 2073 2325 splendorem

2258 2240 2595 2295 Θεοτόκιον.
2631 2268 2701 2280 -
2742 2239 2862 2293 Ἵνα
2893 2238 3153 2308 χωρήσῃς
3188 2235 3317 2307 ὃλην
3357 2235 3465 2307 τὴν
3508 2236 3781 2306 man

496 2368 706 2416 sanctze
739 2355 1056 2422 Trinitatis,
1093 2328 1499 2407 illuminasti...
1531 2347 1898 2420 rejicientem.

2182 2334 2280 2401 τῆς
2311 2332 2473 2401 ἁγίας
2498 2331 2751 2403 Τριάδος,
2784 2328 3118 2392 ὲστίλδωσας
3137 2328 3249 2384 τὸν.
3270 2368 3284 2381 .
3306 2328 3735 2382 ἀναπτὺσοντα.
3765 2367 3779 2381 .

2184 2427 2345 2482 Deest
2364 2440 2492 2498 pars
2528 2424 2686 2479 Θεοτ.
2726 2431 2781 2481 et
2799 2422 2919 2479 Odm
2945 2419 3014 2476 ιν
3050 2420 3236 2476 echus.

1168 2556 1282 2612 Ode
1323 2554 1349 2609 1
1368 2553 1427 2610 ν.

2857 2534 2996 2606 me,
3023 2537 3098 2587 A'.

723 2674 917 2747 purior
945 2670 1206 2744 apparuit
1245 2683 1399 2725 mens
1432 2665 1969 2736 tua,Chrysostome
1997 2668 2076 2715 ter

2257 2680 2271 2693 .
2318 2678 2333 2694 .
2401 2636 2496 2692 σοῦ
2555 2637 2800 2709 εῦροίζου
2851 2634 3241 2705 καθαρώτερος
3270 2637 3300 2688 6
3350 2638 3445 2699 ab;
3503 2636 3775 2689 δέδεικται

2182 2730 2326 2795 νοῦς,
2350 2730 2705 2800 Χρυσόστομε
2722 2728 3188 2800 τρισμάκαρ,πᾶν
3211 2728 3462 2799 ἐμπαθὲς
3485 2729 3588 2782 καὶ
3608 2730 3775 2798 πρός-

494 2771 673 2835 beate,
698 2766 926 2823 allectus
956 2777 1208 2835 quosque
1238 2762 1486 2831 impuros
1522 2766 1578 2812 et
1614 2754 1945 2811 libidinosos
1988 2766 2076 2807 ca-

2183 2822 2309 2876 υλον
2359 2822 2540 2892 νόημα
2563 2837 2578 2852 ο
2629 2824 2724 2875 καὶ
2750 2820 2859 2888 γὰρ
2888 2820 2989 2889 τὴν
3014 2819 3237 2889 ἁγνείαν
3267 2820 3473 2891 χωνείᾳ
3510 2822 3774 2873 ἐναπετέ-

494 2862 704 2920 stitatis
728 2860 952 2917 camino
985 2858 1040 2912 in
1072 2857 1313 2913 cinerem
1348 2850 1632 2924 redegisti.

2184 2932 2219 2983 φ
2229 2931 2424 2985 ρωσσν.

568 3039 737 3111 Virga
770 3039 928 3109 ignea
958 3048 1139 3090 aureae
1175 3043 1286 3088 tuae
1319 3028 1610 3094 doctrinae,
1634 3035 1690 3084 et
1717 3024 1923 3081 Christi
1954 3038 2076 3093 ope.

2262 3005 2474 3077 Ῥᾶϐόῳ
2520 3006 2724 3077 πυρίνῃ
2752 3004 2863 3059 τῶν
2904 3004 3241 3076 παγχρυσῶν
3271 3020 3368 3058 σου
3416 3004 3661 3075 διδαχῶν
3694 3005 3771 3058 διὰ

474 3135 579 3195 .vel
622 3132 960 3188 tumultuans
987 3127 1230 3183 avaritia:
1261 3140 1416 3181 mare
1449 3120 1795 3178 miserationi
1830 3117 2076 3188 pervium

2182 3098 2444 3171 Χριστοῦ,
2476 3099 2571 3153 καὶ
2602 3101 2703 3169 τῆς
2737 3097 3105 3169 φιλαργυρίας
3132 3090 3557 3168 κυμαινομὲνηῦ
3578 3096 3769 3151 Oileo-

494 3225 695 3291 fecisti,
730 3238 851 3295 quae
890 3222 1022 3276 illuc
1052 3220 1207 3290 prius
1250 3216 1512 3273 accedere
1544 3228 1654 3269 non
1679 3184 1936 3268 audebat.

2185 3209 2287 3248 σαν
2316 3190 2522 3263 ἔθηκας
2565 3190 2736 3262 βατὴν
2765 3192 2832 3262 τῇ
2877 3188 3243 3260 ὲλεημοσύνῂ.
3282 3188 3488 3243 ἄϐατον
3514 3184 3689 3243 οὖσαν
3714 3187 3769 3241 τὸ

2184 3285 2337 3356 πρίν.
2670 3318 2673 3321 -

563 3397 733 3453 Primi
754 3394 1000 3467 pastoris
1032 3392 1276 3457 numine,
1295 3390 1521 3447 admisit
1539 3396 1593 3445 te
1614 3386 1870 3458 egregius
1892 3392 2076 3456 pastor

2253 3375 2362 3431 Τοῦ
2396 3375 2794 3448 ἀρχιποιμένος
2816 3376 2930 3440 τοῖς
2964 3374 3229 3444 νεύμασιν
3254 3371 3284 3425 6
3311 3371 3527 3444 ποιμὴν
3550 3375 3581 3428 6
3610 3374 3765 3437 καὶδλς

492 3489 562 3544 ad
602 3463 823 3542 ararum
856 3483 1248 3547 ministerium,
1290 3495 1418 3536 mox
1449 3485 1734 3550 pastorum
1776 3475 2076 3548 principem

2182 3468 2332 3535 ἄξιον
2361 3466 2724 3539 παραστάτην
2750 3467 3021 3537 προσάγει
3050 3482 3109 3519 σε
3146 3463 3227 3534 τῷ
3264 3463 3501 3533 βήματι,
3534 3464 3628 3516 τὸν
3654 3464 3764 3534 μετ’

493 3582 766 3636 futurum.

2182 3560 2241 3614 οὐ
2278 3558 2414 3613 πολὺ
2453 3558 2565 3612 τῶν
2592 3558 2869 3629 ποιμένων
2895 3557 3076 3629 μέγαν
3108 3554 3393 3625 ἐσόμενον.

565 3667 1001 3741 Deiparaz.—'i‘u
1031 3682 1154 3739 qua:
1176 3663 1490 3737 incorporei
1518 3676 1652 3718 voce
1683 3661 2076 3729 incorporeum

2254 3651 2593 3706 Θεοτόκιον.
2617 3678 2693 3694 —-
2719 3648 3125 3721 Σωματοφόρον
3172 3649 3263 3737 τόν
3300 3632 3609 3716 ἀσώματον
3626 3646 3764 3700 ἀτω-

494 3762 733 3832 genuisti
757 3775 822 3817 ex
844 3768 896 3814 te
917 3772 1120 3829 corpus
1142 3749 1713 3826 sumpturumﬂirgo,
1733 3763 1765 3803 a
1789 3744 2076 3815 corporeis

2184 3744 2356 3814 μάτου
2386 3745 2536 3815 φωνῇ
2568 3743 2885 3814 γεννήσασα
2909 3783 2923 3807 ,
2958 3724 3243 3811 Παρθενί,
3278 3739 3621 3809 σωματικῶν
3653 3739 3760 3808 όρέ-

495 3854 790 3912 all‘ectibus
839 3827 1033 3907 libera
1065 3854 1303 3903 mentem
1352 3858 1551 3912 meam,
1580 3856 1704 3915 qua:
1733 3838 2076 3911 incorporeis

2182 3832 2318 3898 ξεων
2344 3832 2508 3905 ρῦσαί
2537 3849 2639 3903 μου
2670 3832 2759 3885 τὸν
2786 3830 2934 3897 νοῦν,
2967 3830 3275 3901 ἀσωμάτων
3302 3827 3561 3896 ἀγγέλων
3606 3828 3761 3896 ὑπερο

496 3948 709 4018 angelis
753 3952 1000 4015 pmstas.

2182 3926 2304 3995 έχου
2312 3941 2397 3979 σα.

599 4040 712 4095 ΟιΙε
857 4037 1062 4093 Divitiae
1092 4028 1548 4103 manifestarium:
1578 4040 1703 4092 mw,
1738 4026 1967 4083 Christe.

2442 4013 2584 4084 ᾮδὴ
2617 4014 2695 4068 E'.
2732 4012 3099 4083 Gsogparsr'ac
3139 4026 3279 4075 σου,
3308 4009 3557 4078 Χριστέ.

563 4133 692 4200 Qui,
728 4143 778 4188 te
803 4131 1049 4187 nondum
1073 4098 1278 4199 genito,
1312 4123 1661 4195 splendorem
1695 4120 2076 4195 fulgoremque

2264 4106 2325 4160 Ὀ
2348 4106 2455 4178 πρὸ
2484 4106 2797 4175 γεννήσεως
2819 4103 2976 4165 εἰδὼς
3002 4102 3064 4156 τὸ
3084 4100 3398 4173 χρυσαυγὲς
3423 4099 3522 4154 καὶ
3546 4098 3755 4166 φαιδρὸν

492 4225 691 4280 anima:
712 4232 815 4278 tute
849 4188 1149 4292 prmacivit,
1178 4188 1388 4284 quique
1417 4220 1469 4268 te
1503 4188 1874 4267 sanctiﬁca'vi't
1921 4216 2076 4277 ante-

2182 4197 2282 4267 τῆς
2308 4196 2492 4268 ψυχῆς
2523 4213 2642 4258 σου,
2676 4196 2772 4250 καὶ
2799 4195 2905 4273 πρὸ
2930 4192 3024 4247 τοῦ
3055 4192 3367 4261 πλασθῆναι
3398 4192 3459 4245 ὲν
3483 4188 3551 4261 τῇ
3588 4190 3755 4260 μήτρᾳ

493 4332 659 4386 quam
702 4315 757 4369 in
794 4320 955 4367 utero
992 4306 1335 4370 formarcris,
1372 4312 1563 4359 sancte
1601 4301 1687 4355 vir
1722 4298 2073 4363 auree,idem

2184 4305 2242 4342 σε
2277 4288 2535 4356 ἁγιάσας,
2563 4286 2687 4356 ἄγιε
2726 4285 3037 4357 πάγχρυσε,
3066 4284 3142 4349 ὡς
3168 4283 3465 4354 προφήτην
3488 4282 3645 4337 ἄλλον
3667 4297 3754 4333 ca-

496 4407 643 4461 velut
683 4405 852 4458 alium
884 4398 1175 4456 Jeremiam
1212 4412 1344 4453 sane
1376 4403 1430 4451 te
1465 4394 1681 4467 vigilem
1715 4400 1990 4463 pastorem
2020 4397 2075 4446 et

2182 4381 2297 4449 φῶς
2331 4379 2605 4451 Ἱερεμίαν
2634 4395 2692 4432 σε
2718 4378 3000 4452 ἄγρυπνον
3024 4376 3260 4447 ποιμένα
3300 4374 3397 4429 καὶ
3428 4370 3646 4444 φύλακα
3669 4371 3753 4439 τῆς

494 4495 781 4551 custodem
816 4494 968 4564 gregi
1001 4506 1104 4548 suo
1132 4488 1458 4561 praposuit.

2185 4472 2353 4526 αὐτοῦ
2384 4472 2622 4543 ποίμνης
2652 4472 3041 4545 προϐάλλεται.

569 4591 614 4641 Α
652 4586 790 4648 Deo.
814 4559 1363 4658 paupertati—nostra:
1392 4580 1741 4643 consulente,
1774 4591 2076 4650 pauperum

2265 4563 2401 4617 Ὑπὸ
2424 4562 2560 4617 Θεοῦ
2588 4563 2997 4636 προχειρισθεὶς
3021 4562 3116 4617 τοῦ
3142 4563 3242 4631 τὴν
3265 4559 3426 4632 ήμῶν
3450 4560 3751 4621 ὑπελθόντος

496 4680 834 4738 constitutus
854 4694 1058 4751 praeses
1074 4686 1127 4734 et
1154 4677 1470 4743 auxiliator,
1489 4685 1543 4731 et
1556 4671 1864 4731 communis
1882 4684 2076 4740 egeno-

2185 4658 2463 4728 πτωχείαν
2488 4697 2502 4722 ,
2539 4658 2648 4711 τῶν
2684 4658 2914 4729 πτωχῶν
2949 4656 3261 4728 προστάτης
3301 4655 3398 4708 καὶ
3430 4655 3746 4725 ὕπέρμαχος.

497 4791 619 4831 rum
642 4772 1011 4846 providentia,
1031 4772 1276 4843 linguam
1297 4778 1442 4825 tuam
1470 4774 1692 4822 auream
1712 4765 1862 4821 velut
1884 4763 2076 4818 clavim

2185 4750 2282 4804 καὶ
2307 4750 2464 4820 κοινή
2492 4751 2745 4822 πενήτων
2787 4748 3107 4821 προμήθεια
3126 4788 3141 4813 ,
3175 4745 3436 4818 ἐμϐαλὼν
3467 4745 3545 4809 ὡς
3588 4746 3746 4799 κλεῖδα

497 4880 793 4922 avarorum
823 4879 989 4935 gazas
1017 4870 1073 4919 ct
1102 4864 1395 4920 thesauros
1446 4857 1751 4925 reclusisti,
1784 4870 1848 4911 ac
1878 4868 2076 4927 paupe-

2186 4842 2396 4914 χρυσῆν
2433 4841 2688 4911 γλῶσσαν
2721 4840 2820 4912 τὴν
2848 4841 3169 4910 πάγχρυσον
3201 4840 3316 4902 τοῖς
3346 4836 3460 4890 τῶν
3504 4834 3747 4905 apud”)-

498 4958 653 5014 ribus
695 4928 1012 5026 resignasti.

2188 4952 2301 5007 ρων
2350 4934 2600 5006 ταμείοις
2650 4933 2745 4989 καὶ
2776 4933 3109 5005 θησαυροῖς,
3152 4929 3368 5002 ήνοιξας
3411 4928 3587 4983 ταῦτα
3621 4945 3746 4981 πτω-

468 5110 475 5111 ,
2185 5043 2321 5096 χοις.
3646 5054 3654 5068 ι

572 5136 768 5194 Merita
802 5134 1108 5195 celeritate,
1159 5130 1468 5199 meritoque
1510 5126 1694 5182 studio
1742 5122 1959 5178 voravit
2006 5128 2076 5183 te1

2258 5118 2508 5189 Συντόνῳ
2534 5118 2689 5190 τάχει
2714 5118 2811 5172 καὶ
2858 5116 3064 5186 σπουδῇ
3100 5114 3283 5177 πίστις
3315 5112 3499 5184 θερμὴ
3533 5111 3745 5166 εὐσεϐῶν

498 5245 601 5286 ceu
657 5227 910 5298 angelum
952 5223 1069 5285 Dei.
1110 5222 1313 5277 ardens
1362 5220 1575 5291 piorum
1626 5231 1813 5287 regum
1848 5213 1983 5269 ﬁdes
2017 5227 2076 5268 ex

2191 5211 2457 5282 βασιλέων
2506 5211 2566 5275 ἐξ
2612 5208 2948 5282 Ἀντιοχείας
2998 5209 3099 5278 τῆς
3146 5206 3353 5275 Συρίας
3399 5222 3463 5257 σε
3508 5206 3634 5273 πρὸς
3662 5202 3746 5273 τὴν

503 5322 795 5379 Antiochia
838 5319 1016 5391 Syria:
1047 5324 1101 5374 et
1125 5315 1371 5387 reginam
1403 5312 1689 5367 civitatum
1714 5324 1839 5365 cum
1872 5320 2076 5363 summa

2191 5301 2441 5372 βασιλίδα
2471 5301 2582 5355 τῶν
2609 5302 2836 5366 πόλεων,
2869 5300 3007 5372 μετὰ
3045 5298 3204 5367 δόξης
3232 5298 3318 5351 ὅτι
3364 5294 3587 5365 πολλῆς,
3611 5294 3748 5365 δορυο

469 5466 475 5472 .
506 5415 702 5482 gloria,
747 5427 872 5469 cum
904 5424 1106 5482 magno
1147 5406 1412 5463 comitatu
1450 5401 1832 5475 condignoque
1876 5400 2076 5456 honore

2191 5393 2387 5463 φορίας
2412 5409 2472 5445 τε
2510 5393 2603 5447 καὶ
2630 5393 2796 5464 τιμῆς
2829 5393 2924 5445 καὶ
2950 5389 3270 5462 πρεπούσης
3299 5385 3513 5450 εὐκτῶς
3531 5384 3605 5448 ὡς
3629 5382 3746 5439 θεοῦ

472 5572 475 5577 ς
502 5505 827 5562 deductum.

2191 5485 2421 5556 ἄγγελον
2444 5485 2617 5540 ἔθετο.

576 5594 714 5651 Tota
749 5594 992 5651 civitatis
1023 5594 1199 5665 plebs,
1234 5601 1496 5662 tanquam
1523 5590 1591 5645 ad
1625 5589 1900 5661 publicam
1932 5587 2076 5644 festi-

2273 5591 2332 5643 Ὀ
2368 5592 2474 5654 πᾶς
2496 5592 2595 5662 τῆς
2628 5591 2838 5656 πόλεως
2861 5589 2989 5653 λαὸς
3017 5590 3093 5654 ὡς
3117 5589 3199 5653 είς
3220 5589 3409 5661 κοινὴν
3431 5586 3620 5659 ἑορτήν
3640 5602 3746 5639 συν-

506 5687 731 5741 vitatem
768 5701 1129 5753 concurrens,
1165 5696 1221 5743 et
1263 5696 1521 5756 tanquam
1568 5682 1636 5740 ad
1683 5682 2076 5739 solemnitatem

2190 5682 2508 5753 δραμόντες,
2540 5684 2633 5736 καὶ
2664 5682 2740 5746 ὡς
2779 5684 2857 5745 είς
2902 5682 3209 5752 πανήγυριν
3242 5679 3588 5751 χαρμόσυνον
3618 5676 3745 5740 ἐξελ·

510 5779 711 5834 Lmtitia:
746 5778 1057 5863 plenamex
1082 5781 1213 5836 urbe
1247 5792 1573 5849 properans,
1607 5775 1937 5834 clamoribus
1976 5774 2070 5829 tibi

2193 5775 2375 5837 θὸντες
2412 5773 2516 5839 ἔξω
2548 5774 2641 5829 τοῦ
2664 5774 2894 5842 ἄστεως,
2922 5774 3061 5844 μετὰ
3101 5772 3313 5844 κρότων
3342 5770 3651 5844 περιχαρῶς
3678 5784 3743 5821 m
