3882 6356
188 339 321 408 i331

1217 354 1535 418 HYMNUS
1576 358 1659 422 IN
1700 361 1759 419 S.
1796 359 2445 424 CIIRYSUSTOMUM.

3326 371 3463 438 i382

183 457 644 537 προηπὶγιτησαν,
674 458 1050 531 ἑπισατηρίων
1090 463 1404 535 ποιούμενοι
1441 473 1769 543 προπομπήν

1891 473 2170 530 exsultans
2196 476 2358 531 obvia
2387 477 2560 541 venit,
2597 485 2650 532 et
2676 477 2819 533 inter
2854 479 3081 537 festivos
3104 481 3308 553 gradus
3332 501 3462 556 pro-

187 562 272 599 σοι
300 550 626 605 ἐπεισόδιον.

257 637 592 696 Θεοτόκιον.
626 671 696 683 —-
724 643 877 715 Μόνη
912 644 969 699 ἐν
1003 648 1206 715 πάσαις
1233 658 1447 721 γενεαῖς
1472 656 1768 728 ὑπερφυῶς

183 732 285 784 καὶ
314 730 595 804 Παρθένος
648 735 744 788 καὶ
786 737 987 810 Μήτηρ
1037 745 1421 813 χρηματίζεις,
1472 749 1762 815 Δέσποινα,

179 823 503 911 γεννήσασα
566 823 768 905 βρέφος
829 830 1156 899 πρωιώνιον
1209 833 1458 905 ἄχρονον,
1506 840 1768 911 γεννηθὲν

182 910 292 981 μὲν
324 912 389 964 ἐκ
427 913 523 967 τοῦ
583 915 796 986 Πατρὸς
840 918 969 972 ἄνευ
1011 922 1221 993 μητρὸς
1268 926 1375 996 πρὸ
1424 910 1667 994 παντόςέ
1703 934 1768 985 ὲκ

126 1031 155 1037 β
181 1002 285 1054 σοῦ
300 1003 418 1146 0τέῆς
474 1006 684 1077 μητρὸς
712 1008 786 1070 ὡς
833 1005 942 1062 οἶδε
972 1011 1115 1080 μετὰ
1153 1012 1217 1066 τδ
1262 1017 1371 1069 πᾶν
1409 1016 1532 1087 δίχα
1566 1021 1769 1090 πατρὸς

179 1108 293 1146 κυη
364 1110 411 1146 ν.

179 1108 411 1163 κυηυεν.

790 1213 931 1285 ᾮὸὴ
997 1218 1087 1285 (τ’.
1121 1258 1134 1274 .
1171 1260 1184 1273 .

275 1322 586 1390 ’Δνατείλας
608 1318 695 1380 οἷα
719 1330 1105 1399 χρυσαυγίζων
1130 1332 1281 1403 ἥλιος
1315 1335 1409 1388 καὶ
1429 1339 1766 1409 χρυσοφαὴς,

181 1409 269 1502 ὡς
293 1414 357 1467 ὲκ
391 1416 600 1469 παστοῦ
636 1419 894 1488 νυμφίος,
932 1423 991 1475 ὲν
1018 1423 1097 1491 τῷ
1131 1424 1254 1494 ὕψει
1292 1426 1371 1498 τῷ
1402 1429 1503 1498 τῆς
1543 1430 1769 1502 Ἐκκλη-

183 1500 315 1565 σίας
345 1506 574 1576 χρυσαῖς
599 1507 781 1559 ἀκτῖσι
802 1507 901 1577 τῆς
925 1508 1272 1578 διδασκαλίας
1294 1530 1389 1566 σου
1418 1500 1769 1585 κατεχρύσω-

180 1608 292 1656 σας
320 1586 419 1664 τὴν
445 1596 626 1651 πᾶσαν
650 1598 846 1660 κτίσιν,
877 1600 971 1653 καὶ
994 1600 1352 1669 διεσκέδασας
1370 1604 1494 1676 ἔαρι
1520 1607 1771 1679 μυστικῷ

176 1685 281 1740 τὸν
316 1686 489 1759 βαρὺν
516 1690 764 1760 χειμῶνα
789 1690 900 1745 τῶν
930 1692 1220 1763 αἱρέσεων.

1876 564 2156 621 cedentem
2196 568 2251 621 in
2279 568 2561 624 civitatem
2594 568 2845 624 deduxit.

1950 655 2301 726 Deiparw.—
2327 660 2454 715 Sola
2511 675 2577 715 ex
2612 661 2876 717 onmibus
2920 662 3186 733 singulari
3237 680 3463 723 munere

1874 744 2044 818 Virgo
2070 747 2312 805 simulet
2339 749 2510 806 Mater
2533 754 2772 816 vocaris,
2793 750 3047 819 Domina,
3076 770 3199 823 qua:
3231 770 3461 824 puerum

1873 842 2111 913 genuisti
2168 853 2293 899 ante
2348 844 2549 899 smcula
2604 859 2667 900 ac
2733 853 2985 914 tempora
3040 846 3457 910 subsistentem,

1875 941 2004 1015 ante
2064 934 2249 989 omnia
2274 936 2528 1007 genitum
2583 951 2651 990 ex
2698 944 2853 1007 patre
2884 937 3005 992 sine
3035 946 3230 1005 matre,
3297 955 3364 996 cx
3408 948 3462 993 te

1876 1030 2058 1077 autem
2092 1030 2265 1079 matre
2294 1032 2480 1095 postea
2510 1032 2693 1079 ortum
2734 1024 2944 1095 absque
2984 1033 3160 1095 patre.

2545 1222 2658 1278 Ode
2714 1222 2806 1278 Vl.

1942 1337 2148 1392 Oriens
2167 1337 2312 1393 velut
2342 1338 2423 1394 sol
2452 1352 2592 1394 auro
2614 1338 2833 1409 fulgens
2848 1346 2903 1394 et
2933 1327 3277 1409 splendidus,
3312 1340 3459 1395 velut

1874 1442 2116 1497 sponsus
2142 1443 2206 1483 ex
2242 1430 2523 1495 thalamo,
2583 1429 2638 1483 in
2694 1444 2937 1484 summa
2973 1429 3216 1485 Ecclesia
3272 1432 3456 1484 aureis

1876 1520 2145 1574 doctrinae
2175 1528 2280 1574 tuae
2311 1520 2481 1574 radiis
2514 1535 2732 1575 omnem
2760 1530 3078 1576 creaturam
3108 1522 3455 1583 illuminasri,

1875 1618 1932 1665 et
1962 1610 2196 1681 mystica
2227 1618 2417 1665 astate
2463 1625 2686 1681 gravem
2735 1611 3042 1668 haereseum
3082 1613 3320 1668 hiemem
3363 1612 3458 1666 de-

1877 1699 2087 1769 pulisti.

261 1779 597 1873 ιςατεπλάγη
664 1780 940 1850 βασιλεὺς,
996 1784 1093 1837 καὶ
1139 1785 1334 1857 δῆμος,
1372 1788 1469 1842 καὶ
1520 1791 1712 1861 ἱερέων
1739 1793 1768 1844 ὁ

1948 1789 2247 1860 Obstupuit
2287 1807 2415 1855 rex,
2450 1798 2504 1845 et
2539 1792 2810 1863 populus,
2846 1802 2900 1848 et
2931 1796 3285 1850 sacerdotum
3322 1794 3455 1849 cho-

179 1871 349 1941 χορὸς
385 1870 624 1942 ὁρῶντες
649 1873 921 1945 ἀριδήλως
960 1875 1053 1929 τοῦ
1095 1876 1352 1949 λαμπροῦ
1401 1882 1495 1934 καὶ
1526 1882 1770 1953 καθαροῦ

180 1959 310 2030 βίου
332 1962 430 2032 τὴν
459 1963 767 2034 μαρτυρίαν
795 1964 1107 2036 φερομένην
1134 1966 1341 2021 ἄνωθεν
1374 1984 1389 2001 ο
1414 1970 1443 2022 ὁ
1471 1972 1529 2025 ἐν
1559 1972 1772 2043 οὐρανῷ

178 2050 379 2114 πιστὸς
404 2051 512 2122 γὰρ
540 2053 751 2124 μάρτυς
784 2055 1246 2127 ὲπεμαρτύρησεν
1284 2058 1359 2124 ὡς
1395 2060 1465 2115 τὰ
1496 2062 1675 2117 πάντα
1696 2066 1772 2117 εί-

177 2141 295 2206 δὼς
328 2147 392 2215 τῇ
422 2144 720 2216 ὡραιότητι
742 2146 851 2201 τῶν
874 2148 1095 2219 τρόπων
1131 2167 1250 2205 σου.

265 2235 347 2288 Τὰ
379 2236 450 2288 σὰ
496 2236 651 2308 χείλη
691 2238 1010 2310 ιινεύματος
1055 2243 1211 2311 ἁγίου
1257 2244 1447 2314 γέγονε
1504 2246 1641 2318 λύρα
1671 2228 1772 2320 μυ-

179 2329 375 2399 στικὴ,
408 2330 503 2382 καὶ
552 2330 855 2400 μελουργὸς
905 2333 1110 2405 κιθάρα
1158 2339 1531 2410 παναρμόνιον
1568 2342 1771 2413 ᾅδουσα

182 2419 374 2489 μέλος,
427 2421 687 2491 μουσικὸν
734 2419 908 2495 ᾆσμα,
955 2426 1177 2498 λιγυρὸν
1234 2429 1507 2501 ἀπήχημα
1558 2435 1623 2504 τῇ
1682 2436 1773 2487 εῦ-

182 2506 387 2580 ρύθμῳ
437 2510 683 2584 γλυκερᾷ
738 2514 1024 2587 συνθήκῃ,
1076 2517 1171 2570 καὶ
1231 2517 1309 2588 τῷ
1367 2520 1612 2593 χαρίεντι
1672 2524 1772 2594 τῆς

178 2600 298 2653 τῶν
328 2602 521 2669 φωνῶν
552 2605 876 2676 συμπλοκῆς
908 2605 1174 2677 θέλγουσα
1202 2609 1382 2682 ψυχὰς
1410 2612 1504 2667 καὶ
1532 2613 1771 2686 καθηδύ-

181 2708 378 2748 νουσα.

271 2783 609 2856 Ῥητορεύων
667 2785 894 2853 ἔπεισας
946 2791 1209 2862 ἀπείρους
1274 2792 1464 2862 φίλους
1515 2794 1769 2863 γενέσθαι

179 2875 283 2929 τοῦ
317 2875 471 2939 Θεοῦ,
498 2878 591 2931 καὶ
624 2877 829 2949 ἀρετῆς
856 2881 1112 2952 ἐργάτας,
1144 2882 1239 2935 καὶ¹
1281 2885 1471 2956 μάκαρ
1494 2885 1615 2957 ὅρος
1640 2888 1771 2956 γλυ-

180 2969 401 3037 κασμὸν
427 2968 714 3037 σταλάζον,
737 2972 801 3025 σὺ
826 2972 944 3025 θεία
961 2973 1151 3043 δρόσος
1172 2976 1465 3046 οὐρανόθεν
1496 2970 1791 3032 πίπτουσαν

183 3059 286 3113 καὶ
344 3062 633 3116 πιαίνουσα
686 3062 874 3134 ψυχῶν
929 3065 1210 3137 ἀρούραςο
1257 3067 1336 3120 διὸ
1363 3070 1412 3121 oi
1470 3070 1617 3139 λόγοι
1675 3089 1768 3124 σου

1876 1896 1970 1937 rus
1997 1882 2231 1936 videndo
2258 1897 2453 1951 puram
2490 1883 2875 1954 illustremque
2907 1885 3073 1939 vitam
3112 1886 3180 1941 de
3209 1901 3458 1955 superno

1874 1974 2170 2030 manifeste
2208 1974 2626 2042 confirmatam;
2657 1984 2896 2032 testatus
2926 1986 3011 2033 est
3043 1978 3190 2032 enim
3238 1993 3452 2033 mormn

1874 2066 2534 2135 tuarmn'prtestantiam,
2586 2067 2680 2136 qui
2743 2067 2796 2121 in
2847 2068 2987 2122 coelo
3046 2068 3204 2123 testis
3255 2068 3455 2136 fidelis,

1875 2166 2061 2230 utpote
2089 2159 2337 2214 omnium
2372 2159 2651 2215 conscius.

1942 2251 2110 2307 Facta
2143 2262 2269 2308 sunt
2306 2252 2449 2308 labia
2482 2259 2574 2307 tua
2610 2251 2841 2322 mystica
2885 2252 3004 2323 lyra
3044 2254 3219 2308 sancti
3274 2252 3453 2323 Spiri-

1874 2351 1985 2409 tus,
2012 2351 2061 2398 et
2095 2342 2281 2399 suavis
2310 2342 2523 2397 cithara
2552 2343 2889 2397 concinnum
2908 2358 3134 2398 carmen
3163 2359 3452 2409 resonans,

1872 2433 2033 2489 dulce
2056 2448 2303 2498 carmen,
2337 2442 2532 2504 arguta
2563 2434 2908 2500 resonantia,
2941 2433 3185 2503 jucunda
3211 2449 3452 2490 concen-

1872 2530 1966 2578 tus
1989 2523 2388 2591 modulatione,
2418 2532 2472 2579 et
2497 2532 2647 2593 grata
2672 2537 2870 2579 vocum
2900 2524 3277 2581 concinnitate
3304 2540 3454 2581 men-

1874 2625 1958 2671 tes
1988 2615 2189 2688 juvans
2226 2623 2281 2671 et
2312 2630 2592 2673 recreans.

1945 2786 2308 2846 Sermonibus
2330 2789 2555 2846 suasisti
2582 2789 2822 2845 indoctis
2841 2798 2900 2844 ut
2918 2790 3079 2844 amici
3114 2790 3307 2845 ﬁerent
3338 2790 3453 2851 Dei.

1872 2887 1926 2934 ct
1956 2880 2182 2935 virtutis
2213 2889 2557 2950 operatores,
2584 2891 2641 2936 tu
2672 2896 2835 2937 mons
2876 2882 3065 2937 beatus
3098 2880 3450 2936 dulcedinem

1873 2972 2113 3038 stillans,
2141 2980 2199 3026 tu
2224 2973 2449 3029 divinus
2478 2987 2571 3028 ros
2611 2972 2680 3027 de
2707 2973 2849 3027 cmlo
2882 2975 3088 3027 cadens
3138 2982 3194 3028 et
3238 2974 3451 3026 anima-

1877 3078 1999 3119 rum
2058 3079 2284 3135 campos
2332 3064 2777 3135 pinguefaciens.
2823 3064 3005 3130 Quare
3055 3078 3341 3120 sermones
3373 3065 3452 3117 tui

176 3140 452 3219 ὤφθησαν
494 3152 609 3216 τοῖς
654 3150 803 3217 λαοῖς
856 3152 1075 3224 μέλιτος
1126 3156 1492 3229 γλυκύτεροι,
1553 3161 1766 3233 Χρυσό-

1891 3155 2090 3226 mpulis
2118 3155 2223 3211 visi
2254 3163 2384 3211 sunt
2421 3154 2582 3209 melle
2604 3153 2907 3220 dulciores,
2947 3152 3364 3223 Chrysostome.

180 3252 379 3310 στομε.

262 3333 598 3389 θεοτόκιον.
656 3367 720 3377 -
777 3338 942 3409 ’θρος
1003 3341 1144 3406 πῖον,
1206 3342 1493 3415 πάγχρυσε
1546 3345 1762 3416 λυχνία,

180 3423 395 3494 στάμνε
430 3426 525 3479 τοῦ
560 3428 734 3498 μάννα
763 3429 865 3499 τῆς
902 3471 915 3484 .
952 3467 969 3484 .
999 3471 1012 3485 .
1042 3474 1055 3497 ,
1096 3436 1542 3507 παγχρυσωμένη
1577 3439 1718 3511 πύλη
1749 3481 1764 3504 ,

175 3514 569 3584 ἀκατάφλεκτε
611 3520 859 3592 πυρφόρε
910 3521 1060 3591 βάτε,
1101 3522 1311 3595 ἔμψυχε
1352 3524 1527 3595 θρόνε,
1571 3528 1769 3599 ούρανὲ

177 3605 501 3675 πολύφωτε,
550 3610 865 3684 περιώνυμε
919 3614 1160 3685 Χριστοῦ
1221 3617 1499 3689 καθέδρα,
1554 3623 1770 3689 παστὰς

177 3698 785 3769 χρυσόπλοκε,εύωδίας
811 3706 985 3778 πηγὴ,
1010 3709 1274 3781 σκήνωμα
1294 3710 1452 3775 Θεοῦ,
1478 3713 1768 3782 Δέσποινα,

182 3786 367 3844 σῶσόν
398 3807 487 3862 με.

556 3907 693 3979 ᾨδὴ
717 3909 795 3964 Z'.
830 3911 1169 3982 Ἀφραστον
1186 3916 1404 3986 θαῦμα.

257 4014 490 4086 Συχναίς
539 4017 718 4073 λισάσι
784 4020 882 4074 καὶ
934 4022 1263 4094 ὲπομσρίαις
1284 4023 1391 4077 τῶν
1450 4025 1626 4094 λόγων
1675 4044 1766 4081 σου

178 4104 485 4178 ἁρδομὲνη,
516 4104 605 4162 οἶα
630 4108 839 4180 λιπαρὰ
860 4109 955 4162 καὶ
980 4108 1191 4179 εὔγειος
1219 4113 1314 4183 γῆ,
1340 4112 1585 4170 δέδεκται
1613 4118 1769 4172 πολυ·

181 4198 406 4267 φόροςὴ
442 4198 762 4267 Ἐκκλησία,
791 4199 1219 4271 καρποφοροῦσα
1255 4204 1467 4278 ἀρετῶν
1495 4206 1767 4280 διαφόρων

182 4292 576 4364 παγκαρπίαν.

258 4382 378 4449 Νὺξ
406 4383 646 4455 ἀθυμίας
671 4384 768 4440 καὶ
789 4386 1090 4457 κατηφείας
1113 4390 1446 4461 σκοτόμαινα
1469 4392 1531 4457 ἐξ
1553 4393 1769 4465 αἰθρίας

1943 3330 2204 3401 Deiparw.
2234 3362 2303 3371 —
2332 3330 2490 3387 Mons
2545 3331 2797 3403 pinguis,
2841 3331 3072 3388 lucerna
3112 3347 3303 3399 aurea,
3351 3346 3453 3385 vas

1869 3437 2205 3488 mannae....,
2271 3423 2441 3493 janua
2498 3438 2698 3489 aurea,
2768 3422 2945 3479 rubus
2991 3439 3209 3495 semper
3248 3422 3455 3478 ardens

1869 3521 1926 3568 et
1955 3528 2235 3583 nunquam
2282 3515 2728 3581 consumendus,
2765 3514 3000 3571 thronus
3031 3515 3214 3578 vivus,
3250 3515 3450 3569 malum

1869 3605 2409 3677 splendidissimum,
2448 3608 2830 3665 illustrissima
2857 3609 3066 3665 Christi
3098 3608 3283 3674 sedes,
3321 3609 3448 3663 tha-

1870 3697 2049 3753 lamus
2098 3712 2234 3754 auro
2284 3699 2559 3770 implexus
2592 3740 2607 3764 ,
2645 3700 2770 3757 fons
2802 3701 3167 3771 fragrantium
3197 3703 3451 3768 odorum,

1870 3792 2290 3849 tabernaculum
2323 3794 2442 3855 Dei,
2468 3793 2722 3855 Domina,
2749 3808 2907 3847 serva
2945 3810 3051 3850 me.

2173 3904 2287 3960 Od:
2329 3903 2458 3959 VII.
2504 3903 2786 3972 Ine/fabile
2820 3904 3165 3959 miraculum,

1941 4016 2235 4087 Frequenti
2266 4030 2391 4072 rore
2418 4026 2474 4071 et
2510 4015 2685 4071 imbre
2726 4030 3046 4072 sermonum
3080 4025 3301 4072 tuorum
3325 4018 3452 4073 irri-

1871 4116 2021 4178 gata,
2057 4108 2205 4163 velut
2248 4107 2470 4178 pinguis
2501 4106 2662 4163 tellus
2701 4115 2757 4162 et
2790 4106 2944 4173 felix,
2984 4107 3214 4176 juvatur
3250 4109 3450 4165 fertilis

1871 4198 2141 4268 Ecclesia,
2198 4211 2253 4257 et
2308 4205 2589 4255 variarum
2631 4200 2901 4255 virtutum
2957 4200 3231 4255 fructibus
3284 4216 3450 4257 exor-

1870 4299 2059 4348 natur.

1942 4386 2013 4440 At
2036 4383 2222 4441 subito
2264 4399 2372 4440 nox
2412 4383 2822 4455 desperationis
2865 4393 2918 4441 et
2971 4386 3193 4442 ruboris
3245 4387 3448 4458 caligo,

176 4476 481 4549 ἡμεροφαῆ
549 4477 647 4543 τὴν
688 4476 909 4549 νύμφην
940 4478 1178 4549 Χριστοῦ
1216 4479 1416 4550 αἴφνης
1465 4486 1769 4539 κατεκάλυ-

1891 4473 2006 4528 lum
2050 4483 2248 4528 cuncta
2315 4489 2537 4534 serena,
2601 4474 2871 4528 illustrem
2932 4474 3138 4531 Christi
3192 4491 3450 4545 sponsam

176 4572 311 4640 ψεν,
363 4570 717 4625 ἀποϐαλοῦσα
759 4571 851 4625 τὸν
905 4571 1079 4641 μέγαν
1117 4588 1178 4625 σε
1223 4574 1490 4648 φωστῆρα
1534 4578 1770 4651 ἐπηρείᾳ

179 4661 287 4718 τοῦ
319 4662 577 4734 ἄρχοντος
598 4663 692 4717 τοῦ
729 4680 816 4719 σα.
854 4704 870 4720 .
909 4704 921 4717 .

264 4755 552 4824 ’Δρπαγες
577 4755 733 4809 λύκοι
763 4757 1041 4826 ποιμένων
1072 4757 1343 4827 πρόσωπα
1377 4757 1639 4828 φέροντες
1676 4760 1769 4813 καὶ

184 4846 482 4918 προεάτων
509 4845 708 4911 ἔξωθεν
733 4848 897 4916 δορὰν
916 4887 931 4911 ,
964 4848 1064 4919 τὴν
1099 4848 1388 4917 ἀλωπεκὴν
1417 4849 1527 4903 ἔσω
1555 4851 1769 4905 ἔνδοθεν

182 4937 246 4993 δὲ
279 4936 635 5008 κρύπτοντες,
666 4938 759 4992 καὶ
784 4938 861 5009 τῷ
885 4928 1071 5009 κωδίῳ
1089 4940 1456 5004 καλύπτοντες
1483 4941 1574 4996 τὸν
1604 4942 1769 5013 θῆρα,

182 5028 282 5085 τὸν
316 5026 479 5083 καλόν
504 5046 562 5082 σε
600 5029 926 5100 κατέκριναν
960 5032 1218 5100 ποιμένα.

258 5120 422 5191 Χήρα
470 5120 722 5191 καθάπερ
770 5122 1122 5193 βαρυπενθὴς
1169 5124 1263 5178 καὶ
1308 5126 1650 5196 πολύδακρυς
1681 5126 1773 5180 τὸν

184 5215 422 5283 νυμφίον
451 5232 510 5269 σε
538 5214 628 5269 τὸν
657 5216 861 5287 ἑαυτῆς
885 5216 1123 5287 ζητοῦσα
1154 5218 1367 5289 πικρῶς
1390 5218 1596 5284 ἔστενε,
1626 5220 1770 5291 Χρυ-

189 5308 447 5377 οόστομε,
499 5308 533 5378 η
568 5307 890 5377 Ἐκκλησία,
920 5310 1064 5378 ἥτις,
1110 5308 1198 5362 διὰ
1242 5309 1341 5379 τὴν
1417 5311 1593 5382 χήραν
1618 5352 1631 5378 ,
1672 5310 1773 5383 τὴν

187 5400 429 5472 χωρείαν
457 5399 554 5472 τὴν
577 5400 758 5472 ἄωρον
796 5401 1027 5471 ὑπέστη.

262 5492 602 5563 Θεοζόκιον.
635 5523 703 5535 —-
740 5494 801 5549 '0
839 5494 999 5561 μόνος
1033 5495 1236 5566 κρίνων
1262 5498 1612 5571 δικαιοσύνην
1636 5499 1770 5554 ἑκά-

189 5584 344 5639 θισεν
364 5582 457 5638 ἐπὶ
490 5581 704 5653 θρόνου,
733 5585 1003 5644 Δέσποινα
1030 5603 1041 5615 ·
1072 5585 1169 5639 καὶ
1192 5586 1300 5658 γὰρ
1331 5591 1394 5642 ὲκ
1430 5585 1524 5642 σοῦ
1552 5605 1770 5659 σαρκω-

193 5675 308 5738 Usi;
339 5675 531 5746 θρόνον
564 5692 625 5729 σε
666 5677 1018 5747 πυρίμορφον
1050 5676 1276 5743 ἔδειξεν,
1307 5679 1432 5734 ὅθεν
1466 5682 1524 5734 ὲν
1549 5681 1770 5745 κόλποις

195 5768 430 5840 κάθηταί
470 5783 589 5835 σου,
622 5768 698 5832 ὠς
729 5769 785 5823 ἐν
814 5768 988 5841 θρόνῳ
1016 5768 1411 5840 βρεφοπρεπῶς
1444 5773 1602 5843 ἁγίῳ.

1873 4563 2201 4630 obscurant,
2256 4561 2638 4632 dejiciuntque
2698 4571 2751 4617 te
2808 4563 3026 4632 fulgens
3078 4565 3287 4629 lumen,
3347 4579 3452 4633 ope

1871 4655 2138 4728 principis
2169 4655 2407 4709 Satanze.

1944 4747 2083 4818 Lupi
2113 4762 2344 4817 rapaces
2375 4752 2661 4817 pastorum
2698 4744 2938 4815 speciem
2979 4744 3221 4801 ferentes
3247 4747 3450 4800 extrin-

1873 4854 2034 4896 secus
2058 4847 2113 4893 et
2138 4839 2334 4893 ovilem
2382 4837 2613 4908 pellem,
2660 4836 2812 4891 intus
2849 4845 3031 4892 autem
3072 4836 3318 4906 lupinam
3356 4852 3452 4892 cc-

1874 4932 2074 4995 lantes,
2103 4940 2158 4986 et
2190 4930 2391 4985 vellere
2423 4929 2594 4985 feram
2630 4927 3067 4995 dissimulantes,
3092 4928 3367 5000 egregium
3396 4940 3449 4982 te

1874 5034 2149 5097 pastorem
2189 5022 2610 5079 damnaverunt.

1948 5119 2101 5175 Tunc
2122 5133 2223 5176 ceu
2255 5116 2423 5173 vidua
2453 5116 2649 5171 amicta
2672 5125 2726 5171 et
2759 5114 2966 5171 sull’usa
2997 5115 3253 5185 lacrymis
3284 5129 3451 5185 spon-

1873 5231 1994 5272 smn
2027 5229 2187 5270 suum
2231 5209 2411 5276 deﬂet,
2454 5208 2676 5265 dolebat
2711 5217 2763 5263 te
2792 5221 2999 5272 amare,
3032 5204 3448 5274 Chrysostomc.

1876 5306 2144 5372 Ecclesia,
2182 5319 2303 5375 qum
2357 5309 2583 5373 propter
2624 5300 2865 5366 viduam,
2926 5298 3044 5368 ipsa
3096 5297 3451 5359 durissimum

1874 5392 2195 5454 viduitatem
2226 5394 2472 5466 pertulit.

1955 5482 2408 5557 Deiparw.——Qui
2433 5479 2811 5549 solusjudicat
2829 5480 3106 5550 justitiam
3133 5477 3261 5535 fecit
3287 5491 3453 5548 super

1876 5581 2131 5638 thronum
2170 5578 2386 5643 sedere,
2428 5574 2676 5631 Domina.
2708 5572 2844 5628 Nam
2876 5573 2968 5643 qui
3006 5587 3071 5629 ex
3125 5580 3178 5627 te
3225 5586 3453 5626 carnem

1874 5672 2118 5742 suscepit
2144 5671 2403 5725 thronum
2443 5678 2494 5723 te
2534 5668 2752 5738 igneum
2785 5666 3035 5737 prarbuit,
3067 5665 3211 5720 unde
3239 5664 3294 5719 in
3324 5667 3453 5720 sinu

1876 5775 1968 5819 tuo
2003 5759 2259 5831 quiescit,
2288 5766 2345 5813 ut
2375 5759 2430 5814 in
2464 5766 2657 5815 sancto
2684 5758 2882 5813 throno
2911 5770 3188 5827 pueroque
3218 5754 3409 5826 digno.
