3876 6336
204 370 347 438 1385

1269 378 1589 441 HYMNUS
1632 382 1709 440 IN
1756 382 1816 441 S.
1852 383 2248 447 NICOLAUM

3343 380 3477 447 i388

290 482 519 553 Ἀστέρα
571 481 807 553 βλέπων,
840 484 920 547 είς
959 485 1058 552 τὴν
1092 484 1285 538 ἄδυτον
1317 488 1417 557 τὴν
1455 488 1655 543 ὁλκάδα
1702 487 1780 542 τοί

1969 496 2134 549 Astra
2192 490 2549 563 suspiciens,
2608 502 2799 544 navem
2857 488 3058 545 mentis
3114 487 3351 544 invisam
3414 492 3480 545 atl

199 577 298 631 νοῦ
326 577 464 647 πρὸς
496 576 596 640 τὰς
635 575 817 629 αὐτῶν
856 578 1102 648 κινήσεις
1132 579 1319 642 ίθυνας
1354 582 1450 633 καὶ
1491 579 1793 649 προσώκει-

197 670 301 734 λας
323 671 437 742 ὅρῳ
467 669 713 743 γαληνῷ,
752 671 1094 743 κυὸερνήτης
1119 672 1194 734 ὡς
1236 672 1456 743 ἄριστος
1488 672 1558 726 τά
1594 673 1794 728 θαλάτ-

197 780 316 817 τια.

290 854 378 906 Ἐν
426 854 654 926 ἀνδρείᾳ
718 854 888 926 πολλῇ
931 855 1034 923 τῆς
1089 855 1276 925 θεῖκῆς
1324 855 1509 926 ίσχύος
1558 857 1795 927 Χριστὸν

202 946 662 1016 ἐπικαλούμενος,
694 946 822 1010 τοὺς
863 948 921 1000 ὲν
959 945 1198 1018 φυλακῇ,
1235 948 1442 1020 μάκαρ,
1475 949 1793 1021 πεπεδημέ-

202 1055 331 1101 νους
365 1037 577 1107 ἐξάγων
611 1038 786 1100 ἔλυες.

290 1132 475 1202 Ἀγίου
530 1134 747 1203 πλήρης
803 1130 941 1187 οὖσα
969 1132 1289 1204 Πνεύματος
1333 1137 1366 1205 ἡ
1399 1135 1598 1205 καρδία
1624 1138 1658 1207 η
1700 1136 1790 1208 σὴ,

200 1226 464 1295 γλυκεῖαν
522 1225 789 1290 εὐωδίαν,
848 1226 1028 1295 ὀσμὴν
1089 1228 1559 1296 ἁρωματίζουσα,
1624 1228 1792 1302 αίγλῃ

204 1320 483 1389 συμμιγῆ,
512 1319 605 1371 καὶ
638 1318 777 1385 φωτὶ
807 1317 1162 1387 κεκραμένην
1193 1319 1358 1372 πάλιν
1398 1320 1691 1374 ἀπέπνεεν.

281 1412 618 1465 Θεοτόκιον.
647 1438 716 1449 —
743 1409 853 1480 Τὴν
884 1410 1023 1479 ὑπὲρ
1047 1410 1255 1463 ἔννοιάν
1288 1428 1381 1464 σου
1408 1412 1666 1482 γέννησιν
1695 1415 1790 1486 έρ-

204 1500 482 1571 μηνεῦσαι
517 1500 724 1572 βροτῶν
756 1501 1060 1569 πτωχόνοια
1094 1501 1153 1553 οὐ
1196 1500 1407 1554 σθένει·
1443 1503 1471 1554 ὁ
1501 1503 1660 1572 λόγος
1682 1506 1789 1575 γάρ

199 1590 583 1660 ἀνέκφραστος
614 1589 820 1659 ταύτης
870 1587 1174 1654 παντελῶς,
1208 1591 1303 1643 καὶ
1330 1591 1357 1643 ὁ
1382 1591 1607 1662 τρόπος,
1636 1594 1787 1663 Παρ-

199 1681 352 1748 θένε,
374 1681 764 1751 ἀκατανόητος.

572 1775 708 1845 ᾨδὶι
737 1778 817 1829 Ε’.
846 1776 1004 1843 Πρὸς
1041 1776 1117 1830 σὲ
1146 1777 1402 1845 ὀρθρίζω.

1897 601 2090 642 eorum
2123 594 2308 640 motus
2329 583 2626 654 tlirigebas,
2659 587 2714 634 et
2741 579 2808 633 ad
2854 588 3093 635 montem
3123 580 3275 650 pacis
3310 582 3485 651 appli-

1898 678 2090 743 cuisti,
2143 685 2202 730 ut
2237 676 2576 748 gubernator
2627 673 2885 743 egregius
2931 687 3028 743 per
3071 671 3245 726 maria
3285 672 3484 727 decur-

1898 782 2045 822 1⁵8113.

1971 858 2035 913 Vi
2074 873 2292 914 summa
2327 857 2531 913 divina:
2573 857 2795 912 virtutis
2843 854 3129 910 Christum
3190 854 3480 913 invocasti.

1896 965 2207 1019 omnesque
2233 949 2507 1015 liberasti,
2535 948 2713 1014 beate,
2755 946 2851 1015 qui
2898 944 2954 999 in
2992 943 3244 1001 custodia
3267 944 3483 999 detine-

1894 1044 2115 1100 bantur.

1967 1136 2077 1191 Cor
2110 1145 2264 1191 tuum
2295 1134 2539 1206 Spiritus
2578 1134 2758 1189 sancti
2787 1132 3033 1203 plenum,
3093 1143 3317 1184 suavem
3370 1126 3482 1180 fra-

1896 1230 2191 1301 grantiam,
2229 1227 2448 1283 dulcem
2484 1225 2712 1282 odorem
2764 1238 3054 1295 spargens,
3107 1220 3319 1291 fulgore
3359 1234 3481 1289 per-

1896 1322 2148 1387 mistum,
2178 1329 2234 1376 et
2268 1322 2397 1375 luce
2427 1317 2780 1390 splendidum
2818 1330 3017 1372 rursus
3037 1313 3336 1369 exhalavit.

1964 1412 2229 1481 Deiparae.
2259 1442 2330 1452 —
2360 1410 2524 1465 Omni
2555 1408 2894 1481 cogitatione
2932 1405 3201 1475 majorem
3255 1417 3483 1474 genera-

1894 1502 2100 1557 tionem
2138 1511 2289 1557 tuam
2324 1502 2613 1557 hominum
2668 1499 2964 1555 infirmitas
3014 1499 3330 1568 exprimere
3370 1509 3481 1549 non

1895 1598 2074 1661 valet;
2118 1596 2281 1665 cujus
2330 1598 2474 1651 enim
2507 1595 2653 1650 ratio
2681 1595 2908 1648 omnino
2938 1590 3257 1657 inef‘f‘abilis,
3290 1589 3477 1661 Virgo,

1892 1698 1947 1745 et
1980 1689 2176 1744 modus
2210 1687 2418 1743 nemini
2460 1687 2847 1757 intelligibilis.

2246 1776 2358 1831 Ode
2404 1775 2464 1829 V.
2499 1775 2583 1828 Ad
2614 1784 2663 1828 te
2689 1774 2929 1829 diluculo
2960 1776 3129 1829 venio.

286 1864 547 1935 Ῥαγῆναι
597 1844 839 1934 κόσμου,
890 1866 988 1919 καὶ
1039 1844 1511 1937 προσκολληθῆναι
1561 1867 1641 1938 τῷ
1688 1885 1780 1923 κα-

1964 1871 2227 1926 Mundum
2255 1884 2543 1939 rcSpnere,
2584 1877 2638 1923 et
2689 1868 2911 1921 vocanti
2954 1867 3064 1921 Deo
3094 1868 3394 1929 adhaerere,
3425 1878 3481 1921 et

194 1958 386 2012 λοῦντι
450 1957 718 2031 Δεσπότῃ,
768 1959 906 2029 πρὸς
960 1957 1111 2022 Θείας
1166 1958 1497 2021 ἀπολαύσεις
1552 1960 1789 2032 ὑπερκο-

197 2052 423 2121 σμίους,
468 2053 595 2115 τοὺς
629 2053 688 2104 ὲν
733 2052 924 2121 κόσμῳ
957 2051 1224 2122 θορύϐους
1269 2053 1628 2123 μισήσαντας,
1674 2054 1788 2118 τοῖς

192 2142 425 2212 γλυκέσι
463 2160 554 2197 σου
583 2143 765 2213 λόγοις
799 2143 1029 2206 πολλοὺς
1064 2142 1310 2206 ἔπεισας.

285 2236 461 2306 ’ἰσχὺν
508 2236 603 2289 καὶ
648 2235 842 2297 σθένος
887 2234 1029 2288 θεῖον
1070 2234 1398 2304 ὲξωσμένος,
1430 2236 1525 2289 καὶ
1559 2253 1788 2306 περιπε-

191 2327 518 2399 φραγμένος
569 2326 715 2397 ἀΰλῳ
764 2326 1088 2397 παντευχίᾳ,
1133 2328 1253 2389 ταῖς
1297 2325 1391 2379 τοῦ
1447 2326 1645 2399 Βελίαρ
1686 2329 1787 2381 οὐκ

190 2417 454 2490 ιτρώθης
491 2417 711 2487 βολίσιν,
744 2416 860 2471 ἀλλ’
890 2417 1138 2488 έτρωσας
1170 2416 1270 2487 τὴν
1300 2417 1530 2488 καρδίαν
1573 2419 1784 2473 ἐκείνου

188 2512 301 2582 τὴν
339 2529 415 2564 πα
424 2506 716 2581 μὸέὸηλον.

271 2603 578 2675 Τετράορον
637 2608 801 2675 ἅρμα,
856 2602 1040 2673 ὄχημα
1094 2603 1377 2674 πυρφόρον
1419 2604 1633 2675 ἀρετῶν
1686 2605 1785 2678 τὴν

188 2697 435 2768 τετράδα
481 2695 796 2766 πηξάμενος
824 2697 1055 2767 ἀνῆλθες
1104 2698 1183 2760 είς
1212 2697 1304 2750 τὸν
1349 2698 1599 2767 οὐρανὸν,
1649 2701 1783 2753 ὅπου

186 2791 510 2862 πρόδρομος
538 2788 731 2861 πρώην
759 2787 958 2858 ἀνῆλθε
988 2788 1245 2859 Χριστὸς,
1278 2790 1356 2860 τῷ
1383 2788 1662 2861 προσώπῳ
1688 2792 1785 2845 αύ-

184 2882 295 2936 τοῦ
324 2882 790 2953 ἐποφθησόμενος.

280 2974 370 3038 Ὠς
418 2975 552 3037 ἃλας
607 2975 770 3041 θεῖον,
810 2975 1018 3045 μάκαρ,
1067 2976 1364 3046 ὲνεὸλήθης
1409 2978 1489 3040 είς
1518 2977 1609 3031 τὸν
1648 2978 1785 3047 σύμ-

186 3084 377 3119 παντα
407 3067 628 3137 κόσμον,
654 3064 816 3119 ἱστῶν
845 3066 944 3136 τὴν
977 3066 1247 3134 σηπεδόνα
1274 3068 1375 3133 τῆς
1402 3068 1662 3136 ἀθυμίας,
1688 3068 1783 3120 καὶ

1890 1978 2079 2018 amore
2163 1976 2529 2031 supernarum
2604 1960 3032 2029 divinarumque
3108 1960 3474 2028 voluptatum,

1891 2054 2081 2108 mundi
2114 2054 2414 2107 tumultum
2452 2051 2659 2115 odisse,
2694 2049 2951 2106 dulcibus
2981 2053 3329 2108 orationibus
3364 2068 3479 2122 per-

1891 2147 2093 2202 multos
2118 2146 2379 2201 docuisti.

1960 2238 2077 2291 Vim
2096 2247 2150 2293 et
2167 2240 2429 2295 virtutem
2457 2240 2552 2294 Dei
2585 2240 2839 2303 indutus,
2861 2246 2914 2293 et
2935 2244 3215 2291 armatura
3237 2235 3476 2291 circum-

1889 2339 2082 2401 septus
2111 2333 2354 2387 materia:
2391 2334 2625 2403 experti,
2662 2333 2828 2388 Belial
2853 2331 3072 2402 sagittis
3109 2345 3219 2384 non
3260 2329 3477 2385 saucia-

1891 2431 1980 2479 tus
2009 2439 2090 2488 es,
2129 2423 2240 2477 imo
2268 2423 2556 2495 profanum
2590 2424 2711 2495 ejus
2741 2439 2841 2478 cor
2863 2423 3125 2479 sauciasti
3157 2423 3295 2491 ipse.

1958 2607 2301 2679 Quadrijugo
2351 2606 2581 2673 currui,
2643 2607 2804 2678 igneo
2860 2606 3155 2672 vehiculo,
3209 2605 3473 2665 virtutum

1886 2700 2238 2771 quaternioni
2270 2700 2496 2755 innixus
2526 2700 2593 2755 ad
2623 2700 2845 2766 caelum,
2879 2714 2991 2770 quo
3033 2713 3209 2767 nuper
3241 2712 3469 2768 prmces~

1887 2802 2033 2848 serat
2060 2807 2369 2864 praecursor
2390 2791 2670 2856 Christus,
2695 2790 2796 2860 ipsi
2823 2787 3254 2859 conspiciendus
3278 2801 3475 2843 ascen-

1886 2884 2034 2939 disti.

1961 2979 2120 3033 Velut
2159 2979 2240 3034 sal
2274 2979 2549 3043 divinum.
2590 2978 2770 3043 beate,
2806 2976 3013 3031 missus
3053 2989 3113 3031 es
3159 2975 3215 3028 in
3249 2975 3475 3029 univer-

1888 3086 2009 3126 sum
2073 3072 2360 3136 mundmn,
2414 3072 2766 3141 putredinem
2812 3068 3222 3140 desperationis
3250 3077 3476 3121 sanatu-

188 3156 471 3228 ξηραίνων
503 3157 603 3225 τὴν
638 3155 794 3225 ῥύσιν
837 3156 947 3209 τῶν
978 3157 1233 3227 θλίψεων,
1277 3159 1371 3211 καὶ
1405 3158 1657 3227 συνάγων
1686 3160 1780 3212 καί

1910 3176 2032 3227 ιω),
2070 3171 2122 3215 et
2149 3161 2565 3216 tribulationum
2595 3160 2797 3215 fluctus
2838 3162 3203 3227 siccaturum,
3256 3157 3473 3214 animas

188 3247 450 3316 σφίγγων
476 3248 853 3317 χαυνωθείσας
883 3248 1083 3318 ψυχάς.

274 3342 607 3394 Θεοτόκιον.
638 3370 707 3381 --
737 3341 828 3411 Μὴ
874 3342 1192 3411 ἐκφυτήσας
1217 3340 1325 3394 τῶν
1357 3341 1630 3413 πατρῴων
1664 3342 1787 3396 κόλ-

183 3453 340 3501 πων,
395 3436 509 3499 τοῖς
562 3434 839 3505 μητρῲοις
875 3451 967 3487 σου
1017 3433 1241 3496 κόλποις
1285 3434 1601 3499 καθέζεται,
1638 3437 1784 3506 Hap-

183 3529 345 3593 θένε,
397 3528 634 3599 Χριστὸς
685 3530 713 3581 ό
757 3527 928 3591 Θεός·
984 3529 1011 3580 ό
1045 3527 1280 3598 ἀμήτωρ
1315 3527 1590 3597 προῆλθεν
1644 3528 1786 3581 ἁπάο

182 3635 313 3690 τωρ
369 3621 432 3673 ἐκ
497 3620 633 3674 σοῦ’
701 3619 953 3691 Ἀϐραάμ
1009 3618 1064 3672 δὲ
1136 3620 1264 3682 τοὺς
1326 3619 1560 3684 κόλπους
1620 3621 1783 3677 πάλιν

182 3708 418 3781 ἠνοίξω.

350 3802 485 3874 ’ῼδὴ
516 3806 605 3870 (τ’.
642 3804 987 3874 Συνεσχέοη
1012 3807 1148 3862 ἀλλ’
1171 3808 1241 3861 οὺ
1276 3806 1683 3878 κατε[σχέθη].

282 3896 628 3960 ’Υπακούσας
673 3896 789 3950 ἀλλ’
852 3900 911 3951 ού
976 3899 1356 3967 παρακούσας,
1417 3899 1627 3967 μάκαρ,
1684 3899 1783 3967 τῆς

180 3988 348 4055 θείας
379 3990 621 4060 ἐντολῆς,
648 3990 770 4060 ἥτις
800 3990 969 4057 φησί’
995 3989 1085 4057 Μὴ
1119 3988 1312 4055 γνώτω
1338 3989 1368 4055 ἡ
1397 3988 1527 4038 λαιά
1558 4004 1651 4038 σου
1683 3989 1783 4056 τῆς

176 4078 374 4143 δεξιᾶς
426 4080 489 4131 τὸ
545 4079 727 4150 ἔργον,
776 4077 957 4146 πολλῷ
1012 4077 1217 4145 ταύτην
1251 4074 1630 4145 ὑπερήλασας,
1674 4074 1783 4127 οὐδ’

182 4172 356 4226 αὑτὸν
402 4173 462 4226 ὃν
507 4171 824 4241 εὐηργέτεις
868 4169 1039 4241 ἀνδρα
1084 4167 1534 4240 παραδεξάμενος
1589 4185 1784 4221 κοινω-

182 4265 285 4317 νὸν
311 4266 410 4335 τῆς
449 4264 665 4332 βουλῆς,
702 4262 823 4315 οὐδὲ
854 4261 945 4315 τοῦ
978 4263 1183 4315 σκοποῦ
1203 4262 1297 4317 τοῦ
1326 4263 1420 4315 σοῦ
1458 4263 1771 4335 συνίστορα.

278 4349 589 4420 Ῥιζοτόμος
643 4348 758 4403 ἀλλ’
827 4351 886 4403 ού
958 4352 1267 4419 φυτοκόμος
1330 4351 1512 4421 πάσης
1580 4353 1781 4416 κακίας

182 4442 481 4513 πέφηναςθ
537 4440 879 4511 ὲμφύτευσόν
933 4460 1047 4511 μοι,
1107 4443 1329 4512 Πάτερ,
1386 4444 1588 4515 εὐθαλῆ
1649 4463 1775 4498 συν-

1890 3254 2098 3307 laxatas
2130 3254 2472 3309 confirmans
2510 3260 2563 3307 et
2595 3252 3009 3324 constringens.

1964 3345 2225 3415 Deiparaz.
2247 3345 2586 3416 —Quipatre
2618 3347 2770 3401 nullo
2798 3355 2977 3411 ortus,
3008 3353 3261 3401 materno
3290 3342 3348 3399 in
3378 3352 3474 3399 tuo

1888 3441 2013 3495 sinu
2053 3441 2309 3510 quiescit,
2338 3438 2529 3511 Virgo,
2563 3438 2818 3495 Christus
2850 3438 3027 3506 Deus;
3055 3439 3147 3509 qui
3172 3438 3327 3508 prius
3344 3437 3472 3491 abs-

1886 3548 1992 3602 que
2048 3540 2241 3598 matre,
2284 3548 2436 3587 nunc
2486 3532 2694 3603 absque
2744 3542 2900 3601 patre
2955 3547 3022 3586 ex
3078 3539 3128 3587 te
3177 3528 3469 3600 processit.

1883 3625 2162 3680 Abraham
2201 3626 2383 3681 sinum
2422 3640 2617 3681 rursus
2649 3624 2933 3695 aperuisti.

2036 3802 2147 3858 Ode
2188 3801 2282 3856 VI.
2330 3802 2623 3856 Contentus
2653 3810 2753 3863 est,
2782 3800 2872 3851 sed
2906 3816 3009 3852 non
3047 3809 3303 3851 retentus.

1958 3892 2134 3945 Divini
2168 3892 2430 3961 prtecepti
2470 3893 2818 3953 observator,
2855 3906 2960 3942 non
2994 3899 3176 3943 autem
3212 3889 3467 3955 violator,

1887 3980 2069 4044 beate,
2126 3980 2270 4048 quod
2334 3979 2471 4032 dicit
2509 3997 2520 4032 :
2560 3977 2775 4047 Ignorct
2810 3977 3040 4032 sinistra
3083 3986 3174 4030 tua
3232 3976 3470 4033 dexterae

1886 4085 2048 4139 opus,
2084 4069 2259 4124 multo
2296 4070 2600 4140 perfectius
2652 4069 2836 4138 egisti,
2882 4069 2976 4137 qui
3015 4084 3116 4124 nec
3169 4070 3346 4124 virum
3380 4071 3469 4124 cui

1886 4159 2273 4217 benefaciebas
2306 4162 2523 4216 consilii
2553 4161 2879 4231 participem
2911 4161 3119 4230 fecisti,
3148 4177 3248 4217 nec
3279 4163 3470 4217 volun-

1886 4254 2017 4308 tatis
2056 4262 2162 4308 tuac
2193 4253 2498 4309 conscium.

1959 4342 2279 4413 Eradicare,
2309 4361 2417 4401 non
2452 4355 2634 4401 autem
2670 4362 2802 4402 cura
2834 4347 3039 4412 fovere,
3066 4362 3286 4402 omnem
3317 4348 3470 4401 mali-

1885 4438 2015 4491 tiam
2046 4439 2200 4494 visus
2222 4454 2302 4503 cs,
2340 4438 2550 4503 Insere,
2591 4438 2771 4503 Pater,
2807 4440 2993 4495 animo
3045 4454 3167 4495 meo
3213 4449 3469 4494 truncum

178 4534 376 4607 ηρεφῆ
418 4533 683 4606 στελέχη,
742 4536 1076 4597 κατασκίους
1128 4534 1465 4605 πολυχύτους
1526 4537 1778 4607 ὄρπηκας

1910 4531 2208 4586 imbrosum
2240 4539 2295 4586 et
2340 4529 2647 4595 florentem,
2697 4547 2882 4584 ramos
2934 4547 3137 4602 opacos
3171 4542 3223 4587 ct
3273 4533 3468 4590 divites

181 4629 401 4700 ἀρετῶν
431 4629 523 4682 καὶ
560 4628 721 4699 ἱερῶν
781 4630 1039 4699 χαρίτων,
1073 4629 1170 4700 τὴν
1192 4630 1477 4699 ἀκανθώδη
1513 4649 1615 4699 μου
1649 4630 1778 4699 βλά-

183 4735 324 4788 στην
386 4718 727 4790 ριζοτομῶν,
785 4721 879 4773 καὶ
930 4722 1029 4784 τὰς
1078 4721 1352 4792 ἐμπαθεῖς
1412 4724 1779 4795 παραφυάδας

184 4810 475 4879 πιμπλῶν.

262 4903 529 4974 Οὐρανίου
576 4903 692 4956 ἀλλ’
738 4906 838 4959 οὑκ
887 4906 1132 4975 ἐπιγείου
1158 4905 1319 4978 δόξης
1354 4911 1536 4978 τυχεῖν
1582 4910 1778 4963 ἐπιπο-

183 4988 324 5051 θῶν,
369 4989 467 5061 τὴν
505 4993 814 5064 συρομένην
862 4996 1012 5051 κάτω
1059 4997 1343 5068 ὑπερεῖδες
1389 4998 1464 5061 ὡς
1498 5016 1776 5070 παρερχο-

185 5078 384 5149 μένην,
417 5080 491 5143 th;
512 5082 801 5155 λυομένην,
826 5085 899 5148 ὡς
930 5088 1061 5157 σκιᾷ
1085 5086 1444 5154 κατάλληλον,
1479 5087 1553 5150 ὡς
1582 5088 1777 5158 ὀνείρῳ

182 5172 697 5243 παρεικαξομένην,
748 5175 824 5239 ὡς
866 5178 1239 5231 ἀνυπόστατον
1276 5178 1371 5231 καὶ
1417 5180 1612 5249 ὁμοίαν
1652 5198 1777 5249 τραυ

182 5263 297 5326 νῶς
329 5265 524 5337 καπνῷ
555 5268 691 5339 πρὸς
723 5269 863 5341 ἀέρα
895 5270 1221 5343 διαρρέοντι.

263 5354 589 5426 Βεὸηλώσας
626 5359 740 5413 ἀλλ’
769 5362 831 5413 ού
876 5361 1204 5431 καθηλώσας
1239 5365 1303 5416 ὲκ
1334 5362 1427 5417 τοῦ
1467 5364 1561 5417 σοῦ
1605 5365 1772 5433 φόϐου

181 5445 288 5509 τὰς
338 5446 478 5516 ἐμάς
530 5450 767 5521 σάρκας,
811 5453 904 5504 καὶ
939 5452 1038 5523 τὴν
1084 5455 1311 5521 ἁγνείαν
1360 5456 1435 5519 ὡς
1471 5459 1499 5509 ό
1548 5456 1774 5528 βέϐηλος

197 5537 375 5591 Ἡσαῦ
425 5541 520 5593 καὶ
574 5543 795 5613 πόρνος,
852 5543 1023 5607 λύσας
1081 5546 1329 5618 λαγνείᾳ,
1362 5548 1570 5619 πόρνης
1634 5550 1771 5623 μέλη

186 5631 398 5703 βέϐηλα
465 5634 535 5687 τὰ
590 5637 659 5689 σά
713 5636 847 5704 μέλη
900 5638 968 5692 τὰ
1011 5639 1361 5709 ἡγιασμένα,
1420 5642 1647 5710 Χριστὲ,
1675 5660 1772 5696 πε-

184 5727 394 5794 ποίηκα
420 5743 434 5755 ·
466 5726 589 5780 ὅθεν
604 5728 680 5798 ’με
707 5730 823 5791 ταῖς
854 5729 1045 5799 εὐχαῖς
1063 5731 1158 5783 τοῦ
1193 5732 1288 5786 σού
1314 5732 1580 5790 Νικολάου
1611 5734 1771 5790 πάλιν

183 5818 426 5888 ἅγνισον.

467 5913 741 5978 Parnm.
782 5916 898 5978 Gn.
934 5919 1145 5984 XCVI.

1885 4624 2152 4676 virtutum
2192 4633 2245 4678 et
2302 4630 2619 4677 sanctarum
2661 4623 2987 4691 gratiarum,
3020 4625 3242 4691 spinosa
3293 4624 3472 4679 eradi-

1885 4730 2046 4781 cans,
2076 4723 2129 4770 et
2164 4712 2534 4786 cupiditatum
2569 4714 2926 4785 propaginem
2962 4715 3182 4770 tollens.

1956 4918 2229 4981 Caelestis,
2254 4930 2360 4971 nun
2391 4918 2673 4973 terrestris
2704 4918 2891 4988 gloriae
2916 4918 3229 4974 obtinendae
3255 4917 3469 4981 avidus,

1885 5021 2159 5068 terrenam
2192 5011 2584 5082 contempsisti
2630 5020 2891 5083 tanquam
2928 5012 3238 5083 fugitivam,
3296 5010 3464 5080 fragi-

1886 5107 2014 5172 lem,
2057 5105 2250 5159 umbra
2302 5105 2820 5169 inconstantiorem,
2852 5105 3050 5158 somnii
3106 5102 3465 5173 persimilem,

1882 5199 2172 5264 caducam,
2219 5206 2273 5250 et
2320 5196 2456 5251 fumi
2495 5197 2640 5252 haud
2674 5195 3009 5252 dissimilem
3070 5195 3126 5248 in
3166 5208 3290 5248 aera
3339 5208 3467 5247 eva-

1882 5290 2177 5344 nescentis.

1954 5378 2163 5434 Violavi
2218 5394 2417 5434 carnes
2471 5393 2643 5442 meas,
2680 5378 2883 5431 timore
2921 5383 3016 5430 tuo
3071 5390 3179 5429 non
3225 5374 3455 5441 confixi;

1879 5470 2251 5526 contaminari
2281 5471 2591 5525 castitatem
2637 5483 2811 5522 meam
2846 5468 2990 5521 sicut
3024 5465 3167 5521 Esau
3199 5466 3465 5537 profanus

1877 5571 1931 5617 ct
1961 5570 2271 5627 scortator;
2300 5563 2607 5618 meretricis
2653 5561 2867 5616 libidini
2905 5559 3150 5615 membra
3188 5560 3464 5626 commisi,

1876 5652 2115 5718 Christe,
2152 5666 2187 5731 Ξ
2231 5661 2283 5706 te
2332 5651 2713 5719 sanctificata;
2754 5651 2898 5707 beati
2954 5649 3170 5707 Nicolai
3208 5650 3465 5723 precibus

1881 5760 2073 5801 rursus
2109 5761 2195 5802 me
2224 5745 2559 5811 sanctifica.’

3062 5919 3142 5982 44
