3874 6350
354 854 357 855 ν
433 820 642 885 culum,
676 819 826 891 quod
855 827 909 876 et
948 834 1051 891 ego
1079 820 1396 893 contingam
1423 836 1591 891 opera
1632 832 1744 877 tua.

437 340 569 405 i387
1835 344 2092 406 ADDEN
2102 346 2217 404 DA.
3605 346 3753 410 1383

502 452 814 507 Dealbatam
842 465 952 507 non
992 450 1253 507 foedatam
1286 452 1607 522 passionum
1629 454 1800 511 livore
1823 457 2011 512 stolam

2193 452 2602 508 Λευκανθεῖσαν
2647 455 2763 509 ἀλλ’
2797 456 2858 509 οὐ
2898 457 3263 527 μελανθεῖσαν
3298 458 3360 523 ἐξ
3399 459 3751 531 ἀμαυρότη.

427 545 678 609 indutus,
718 554 772 599 et
813 543 1107 613 fulgentem
1149 545 1604 616 splendidamque
1640 546 1817 603 facem
1850 564 2011 604 mauu

2142 562 2207 607 ro;
2268 544 2460 601 παθῶν
2512 547 2707 617 στολὴν
2756 548 3121 619 ἐνδεδυμένος,
3174 550 3269 602 καὶ
3310 550 3563 620 φαιδρὰν
3620 552 3749 604 huc

431 651 651 706 gerens,
703 634 941 689 illustris
996 632 1636 705 Nicolae,supernarum
1697 639 2011 708 nuptiarum

2142 636 2303 707 ιοφαῆ
2363 636 2627 707 λαμπάδα
2678 640 2836 709 χερσὶ
2885 640 3172 711 κατέχων,
3225 640 3403 707 ἕνδοξε
3462 642 3746 705 Νικόλαε,

433 727 733 782 thalamum
764 727 1082 792 iutroivisti,
1105 735 1157 782 et
1188 729 1410 784 caeleste
1438 729 1843 801 mysticumque
1862 731 2011 787 cubi-

2152 729 2198 791 ἰς
2233 730 2502 800 νυμφῶνα
2543 729 2743 801 νοητὴν
2793 732 3076 802 εἰσῆλθες,
3122 735 3204 793 είς
3251 734 3603 804 ἐπουράνιον
3646 736 3747 789 θά-

2117 820 2288 890 λαμον
2338 822 2621 891 μυστικὸν,
2656 817 2719 877 οὗ
2764 824 2860 877 καὶ
2885 825 3046 895 ἡμεῖς
3087 824 3352 896 τύχοιμεν
3392 828 3744 897 πρεσϐείαις

2122 930 2236 967 σου.

497 1000 765 1071 Deiparw.
794 1029 867 1040 —
898 999 1181 1057 Excelsior
1208 1011 1263 1058 et
1310 1003 1600 1061 sublimior
1629 1007 1745 1063 visa
1779 1022 1840 1065 es
1866 1024 2011 1064 crea-

2191 1008 2528 1062 Θεοτόκιον.
2557 1038 2626 1047 -
2662 1007 2973 1077 ’Υπερτέρα
3003 1008 3097 1061 καὶ
3123 1007 3433 1081 ὑψηλοτέρα
3460 1012 3569 1081 τῆς
3603 1014 3741 1081 ὁρα-

433 1102 555 1147 tura
586 1107 748 1163 quam
776 1094 954 1152 oculis
985 1103 1038 1151 et
1068 1106 1249 1152 mente
1266 1098 1624 1169 percipimus,
1661 1097 1847 1175 Virgo.
1878 1100 2011 1156 Nam

2142 1093 2218 1163 ἧς
2243 1094 2339 1148 καὶ
2365 1095 2563 1165 νοητῆς
2592 1094 2823 1158 κτίσεως
2860 1094 3073 1166 ὤφθης,
3100 1097 3252 1168 Κόρη
3283 1113 3296 1127 ο
3327 1098 3435 1168 τῆς
3468 1100 3587 1170 γὰρ
3616 1104 3737 1153 κτε.

426 1192 701 1240 creatura:
731 1185 898 1241 totius
922 1186 1268 1245 conditorem
1308 1189 1564 1246 manibus
1605 1192 1882 1258 contines,
1913 1207 2011 1247 ceu

2142 1202 2258 1249 ιεως
2300 1184 2394 1238 τὸν
2426 1184 2656 1254 συνοχέα
2687 1186 2848 1256 χερσὶ
2889 1185 3137 1256 συνέχεις
3164 1185 3356 1258 ῶσπερ
3388 1187 3594 1259 θρόνος
3629 1190 3739 1244 πύ-

435 1278 665 1333 thronus
697 1278 925 1350 igneus;
957 1296 1121 1350 quem
1156 1295 1302 1347 ores,
1331 1297 1538 1352 quaeso,
1570 1291 1630 1339 ut
1666 1299 1752 1340 me
1803 1284 1874 1341 ab
1914 1301 2011 1341 au-

430 1372 630 1440 gustiis
656 1381 710 1427 et
733 1372 1138 1430 calamitatibus
1160 1373 1502 1432 infernorum
1525 1376 1812 1443 liberet,el
1841 1377 1926 1435 bis
1959 1377 2014 1433 in

433 1462 597 1518 terris
627 1463 697 1519 ab
718 1464 1082 1521 obduratioue
1105 1466 1160 1521 in
1194 1468 1374 1522 malis.

896 1556 1009 1613 Ode
1059 1556 1187 1613 VII.
1242 1557 1543 1628 Ineffabt’le.

502 1644 640 1700 Tres
675 1646 915 1717 virgines
941 1663 1061 1702 cum
1097 1656 1254 1719 patre
1292 1650 1347 1703 in
1384 1649 1684 1705 discrimen
1739 1650 2012 1720 adductm,

433 1737 486 1790 in
526 1737 720 1791 ultima
752 1739 895 1792 mala
925 1748 1091 1809 atque
1120 1748 1385 1794 aeternam
1414 1748 1647 1795 mortem
1684 1741 2009 1811 delapsum,

2121 1295 2300 1349 ρινος·
2330 1277 2389 1330 ὃν
2434 1278 2647 1331 ἱκέτευε
2686 1277 3069 1350 λυτρώσασθαί
3116 1298 3185 1350 με
3229 1282 3356 1353 ᾅδου
3398 1284 3734 1347 nudam);

2118 1370 2212 1423 xui.
2247 1370 2452 1439 πικρᾶς
2496 1369 2748 1440 συνοχῆς,
2784 1370 2881 1424 καὶ
2912 1371 3015 1440 τῆς
3063 1372 3397 1443 συνεχούσης
3423 1391 3498 1443 με
3526 1376 3735 1445 πωρώ-

2121 1477 2262 1524 σεως
2288 1459 2404 1516 νῦν.

2596 1552 2733 1624 ’ῼδὴ
2766 1556 2844 1609 Z'.
2879 1555 3240 1623 Ἀφραστον.

2189 1644 2350 1710 Τρεῖς
2385 1643 2689 1713 Θυγατέρες
2738 1645 2878 1716 μετά
2912 1645 3120 1715 πατρὸς
3157 1644 3583 1702 κινδυνεύουσαι
3651 1651 3731 1711 εἰς

2118 1735 2358 1805 ἐσχάτην
2390 1736 2655 1808 χάρυὸδιν
2687 1736 2879 1790 κακῶν
2919 1739 3109 1790 πεσεῖν
3135 1738 3230 1790 καὶ
3261 1737 3450 1791 θανεῖν
3490 1739 3730 1794 θάνατον

434 1845 528 1898 per
556 1838 610 1884 te
641 1828 708 1883 ad
734 1838 953 1898 portum
984 1830 1109 1884 vitae
1144 1830 1469 1887 immortalis
1502 1840 1558 1887 et
1594 1834 1742 1904 regni
1770 1834 2011 1891 caelestis

2142 1824 2358 1891 ιίώνιον,
2387 1825 2522 1895 πρὸς
2545 1826 2818 1880 ἀθανάτου
2847 1826 2994 1898 ζωῆς
3023 1829 3118 1881 καὶ
3152 1828 3432 1899 βασιλείας
3478 1831 3595 1885 ὑπὸ
3634 1832 3730 1885 σοῦ

433 1916 679 1973 deductae
706 1924 857 1973 sunt.

500 2008 809 2063 Candidum
848 2017 1000 2063 tuum
1038 2025 1153 2073 cor,
1202 2010 1445 2080 sapiens,
1482 2011 1671 2080 gloriae
1718 2010 1850 2067 Sole
1886 2013 2016 2067 illu-

431 2103 723 2167 minatum,
757 2100 1129 2171 praestantiori
1180 2101 1391 2156 lumine
1437 2102 1630 2171 procul
1688 2100 1914 2168 effulsit,
1961 2112 2015 2159 et

431 2196 553 2252 luce
576 2209 674 2250 sua
704 2194 1008 2249 videntium
1037 2201 1249 2250 mentes
1278 2208 1511 2265 prorsus
1547 2194 1869 2250 illustravit.

502 2376 823 2431 Divinarum
883 2376 1265 2432 doctrinarum
1332 2374 1503 2430 funda
1557 2374 1851 2444 peSIiferos
1883 2388 2013 2445 gra-

428 2485 634 2540 vesque
658 2470 841 2541 lupos,
880 2479 1096 2532 sancte,
1121 2469 1317 2538 procul
1350 2483 1378 2520 a
1411 2483 1575 2539 grege
1604 2478 1698 2523 tuo
1727 2467 2009 2538 repulisti,

429 2571 487 2617 et
514 2562 582 2618 ab
616 2563 799 2618 insani
827 2560 1019 2617 Martis
1050 2562 1381 2631 garrulitate
1397 2561 1610 2630 plebem
1637 2568 1786 2616 tuam
1810 2561 2014 2617 immu-

432 2669 555 2708 nem
596 2652 852 2708 servasti.

502 2743 669 2799 Juxta
699 2743 929 2798 Paulum
972 2751 1126 2800 totus
1166 2744 1405 2799 mundus
1440 2742 1537 2798 tibi
1568 2742 1865 2800 crucifixus
1888 2750 1972 2800 est
1994 2785 2010 2811 ,

433 2837 847 2893 concrucifixus
880 2853 940 2894 es
971 2837 1197 2895 Christo
1237 2838 1525 2905 crucilixo,
1566 2849 1621 2894 et
1673 2855 1838 2910 super
1883 2855 2012 2896 cru-

426 2947 548 2989 cetu
582 2930 868 3002 antiquam
901 2929 1337 2988 exsecrationem
1368 2931 1634 2988 solvente.

2116 1916 2587 1988 καθωρμίσθησαν
2606 1917 2827 1989 λιμένα.

2199 2006 2261 2061 Ἦ
2293 2008 2510 2079 καθαρά
2541 2025 2635 2061 σου
2679 2008 2879 2079 καρδία
2913 2008 3124 2063 ἐνοικον
3147 2010 3348 2081 ἔχουσα
3378 2012 3476 2065 τὸν
3504 2012 3613 2082 τῆς
3640 2013 3730 2066 ὅου

2119 2095 2217 2167 ξης
2252 2096 2466 2161 Ἥλιον,
2494 2096 2648 2166 σοφὲ,
2698 2096 2849 2168 ἀύλῳ
2902 2099 3043 2167 φωτὶ
3075 2099 3171 2169 ὅλη
3211 2099 3601 2171 κατέλαμπεν,
3628 2103 3728 2155 καὶ

2114 2188 2213 2260 τῆς
2243 2188 2451 2252 οἰκείας
2488 2188 2684 2261 αἴγλης
2733 2190 2834 2253 τὰς
2874 2189 3143 2255 διαδόσεις
3185 2193 3441 2266 ἐναργεῖς
3479 2197 3726 2248 ἐποιεῖτο

2114 2283 2229 2344 τοῖς
2248 2280 2471 2352 ὁρῶσιν.
3244 2330 3252 2337 .

2199 2377 2287 2429 Ἐν
2315 2378 2381 2447 τῇ
2433 2375 2697 2448 σφενδόνῃ
2736 2376 2846 2431 τῶν
2890 2377 3201 2432 θεοπλόκων
3250 2378 3555 2449 δογμάτων
3589 2381 3724 2444 τοὺς

2115 2468 2404 2538 λοιμώδεις
2460 2468 2662 2532 λύκους
2690 2471 2786 2522 καὶ
2836 2469 3025 2541 βαρεῖς
3050 2469 3249 2533 ἐλάσας
3287 2471 3539 2541 μακράν,
3574 2472 3718 2533 ὅσιε.

2116 2557 2218 2628 τῆς
2244 2559 2483 2629 ποίμνης
2526 2575 2644 2624 σου,
2678 2559 2779 2629 τῆς
2815 2559 3120 2630 μανιώδους
3168 2561 3381 2632 Ἀρείου
3417 2562 3717 2631 γλωσσαλ-

2116 2650 2243 2720 γίας
2276 2651 2437 2722 ἀσινῆ
2467 2651 2559 2704 τὸν
2588 2650 2717 2705 λαόν
2750 2669 2844 2705 σου
2875 2651 3139 2706 διεσώσω.

2189 2743 2347 2798 Κατὰ
2384 2744 2477 2797 τὸν
2523 2743 2738 2799 Παῦλον
2777 2744 2862 2797 σοὶ
2907 2744 3115 2815 κόσμος
3152 2743 3297 2810 ἀπας
3320 2746 3711 2817 ὲσταύρωταιυ

2117 2835 2596 2905 συσταυρούμενος
2676 2834 2754 2905 τῷ
2836 2835 3209 2908 σταυρωθέντι
3278 2838 3551 2908 Χριστῷ,
3617 2841 3713 2893 καὶ

2116 2924 2215 2997 τὴν
2280 2924 2516 2996 ἀρχαίαν
2593 2924 2671 2996 τῷ
2731 2925 2956 2997 σταυρῷ
3018 2926 3184 2981 αὐτοῦ
3248 2926 3481 2982 λύσαντι
3538 2933 3712 2985 κατά-

2119 3032 2238 3086 ραν.

498 3114 837 3182 Deiparaz.——
865 3110 1036 3167 Mater
1066 3108 1253 3183 Virgo,
1285 3111 1404 3167 sola
1425 3110 1541 3167 visa
1570 3126 1631 3167 es
1668 3110 1926 3181 magistra
1956 3111 2011 3165 in

2190 3107 2523 3162 Θεοτόκιον.
2550 3137 2623 3147 -
2661 3108 2864 3179 Μήτηρ
2902 3107 3201 3179 Παρθένος,
3239 3110 3484 3182 ἄσπορον
3507 3110 3710 3181 βρέφος

433 3205 631 3271 terris;
666 3218 786 3274 qua:
811 3218 1040 3275 puerum
1069 3203 1290 3261 lactasti
1321 3202 1536 3272 absque
1564 3202 1775 3256 semine
1798 3209 2013 3269 natum,

426 3310 530 3366 per
554 3310 719 3364 quem
755 3302 945 3365 potum
1000 3308 1201 3349 novum
1232 3292 1404 3347 Israel
1434 3292 1611 3348 ebibit
1638 3291 1707 3348 de
1730 3300 2010 3364 praerupta

432 3391 487 3439 et
521 3384 656 3437 dura
698 3398 866 3453 rupe;
906 3397 1001 3454 per
1037 3396 1201 3453 quem
1231 3380 1412 3437 oleum
1442 3388 1496 3436 et
1529 3381 1634 3437 mel
1677 3381 1905 3451 accepit.

774 3557 886 3613 Ode
933 3557 1100 3613 VIII.
1139 3558 1337 3630 Legum
1366 3560 1680 3628 primarum.

505 3651 788 3707 Altissima
831 3652 1088 3705 columna
1140 3650 1296 3721 ignea
1340 3650 1709 3706 antecedebas
1749 3650 2018 3706 Christia-

440 3760 563 3798 nam
606 3743 848 3815 plebem,
878 3757 1020 3798 novo
1043 3742 1595 3814 lsrael'prazlucebas,
1621 3744 1800 3808 beate,
1834 3743 2015 3799 tribus

436 3846 560 3906 post
599 3846 649 3891 te
688 3834 1006 3906 gradientes
1045 3836 1384 3902 illuminans,
1425 3844 1480 3891 et
1506 3834 1728 3891 roscida
1755 3836 1900 3893 nube
1929 3852 2015 3893 re-

434 3930 664 3997 ficiens;
698 3929 860 3984 simul
892 3937 947 3984 et
987 3928 1205 3984 nebulis
1248 3937 1303 3983 et
1356 3928 1615 4000 caligine,
1677 3938 1733 3984 et
1782 3928 1929 3986 fumo
1962 3938 2017 3984 et

435 4023 676 4078 tenebris
709 4022 1001 4093 impiorum
1033 4036 1229 4093 agmen
1259 4021 1589 4077 obscurans.

506 4282 749 4354 Legibus
790 4294 991 4351 parens
1038 4276 1238 4330 summi
1282 4275 1543 4341 Pastoris,
1583 4289 1692 4329 non
1733 4288 2016 4329 mercena-

440 4375 555 4430 rius
589 4370 913 4443 apparuisti,
946 4367 1131 4433 Pater,
1176 4367 1272 4422 sed
1317 4366 1496 4422 bonus
1548 4364 1782 4431 Pastor;
1812 4366 2013 4420 etenim

2117 3195 2450 3268 θηλάζουσα,
2515 3196 2651 3269 μόνη
2716 3196 2907 3270 ὤφθης
2965 3199 3225 3254 δέσποινα
3274 3202 3331 3253 ὲν
3373 3203 3468 3272 γῇ,
3526 3201 3594 3254 δι’
3649 3194 3708 3255 οὗ

2132 3287 2347 3360 Ἰσραὴλ
2400 3287 2556 3357 πόμα
2611 3288 2797 3342 καινὸν
2843 3290 2997 3344 ἔπιεν
3065 3290 3127 3355 ἐξ
3178 3292 3491 3362 ἁκροτόμου
3543 3293 3698 3364 σκληο

2120 3381 2220 3451 ρᾶς
2275 3379 2511 3451 άνίκμου
2580 3380 2789 3453 πέτρας
2827 3397 2841 3412 ·
2902 3382 2997 3435 καὶ
3047 3381 3315 3451 ἑθήλασεν
3368 3382 3553 3438 ἔλαιον
3613 3386 3708 3440 καὶ

2122 3472 2268 3543 μέλι.

2521 3565 2661 3637 ’ῼδὴ
2687 3564 2771 3623 H'.
2800 3568 3016 3637 Νόμων
3038 3568 3306 3637 πρώτων.

2188 3655 2590 3728 Οὐρανομήκης
2646 3656 2839 3720 στύλος
2891 3657 3119 3728 πύρινος
3163 3659 3260 3713 τοῦ
3307 3661 3705 3733 Χριστωνύμου

2118 3749 2303 3813 ἔθνους
2353 3750 2851 3821 προπορευόμενος,
2912 3751 3008 3805 καὶ
3046 3750 3143 3804 τοῦ
3184 3751 3307 3805 νέου
3357 3754 3706 3825 προηγούμε-

2119 3856 2208 3903 νος
2243 3838 2464 3910 Ἰσραὴλ
2508 3838 2717 3909 ὤφθης,
2768 3840 2977 3909 μάκαρ,
3022 3840 3276 3909 φωτίζων
3309 3840 3434 3913 ἅμα
3460 3843 3566 3907 τὰς
3616 3846 3707 3913 ξφ·

2120 3931 2392 4002 επομένας
2443 3949 2525 3985 σοι
2560 3932 2756 3999 φυλὰς,
2791 3933 2887 3984 καὶ
2909 3932 3149 3998 σκιάζων
3180 3933 3284 4003 τῆς
3313 3933 3541 4006 χάριτος
3585 3935 3708 4003 δρο-

2122 4024 2357 4086 σοϐόλων
2400 4023 2635 4096 νεφέλῃ⁵
2698 4023 2928 4095 ὁμίχλης
2978 4025 3035 4078 δὲ
3067 4024 3317 4094 πληρῶν,
3370 4026 3465 4079 καὶ
3510 4025 3707 4096 ἀχλύος

2122 4114 2213 4169 καὶ
2250 4112 2461 4168 καπνοῦ
2499 4114 2594 4166 καὶ
2630 4113 2831 4181 γνόφου
2868 4110 2966 4183 τὴν
3017 4112 3276 4181 φάλαγγα
3324 4113 3437 4167 τῶν
3486 4114 3705 4168 κακοδό-

2122 4206 2247 4270 ξων.

2189 4297 2393 4368 Νόμοις
2446 4294 2674 4366 στοιχῶν
2720 4292 2815 4347 τοῦ
2864 4295 3280 4365 ἀρχιποιμένος,
3324 4296 3390 4349 οὐ
3439 4296 3703 4366 μισθωτὸς

2122 4385 2391 4457 ὑπῆρξας,
2420 4386 2626 4454 Πάτερ,
2668 4382 2834 4445 καλὸς
2867 4384 2925 4436 δὲ
2976 4385 3188 4455 ποιμήν
3216 4400 3231 4413 ·
3266 4384 3367 4455 τὴν
3402 4385 3583 4457 ψυχήν
3614 4403 3700 4438 σου

441 4466 676 4521 animam
710 4473 857 4518 tuam
884 4474 984 4533 pro
1014 4460 1213 4515 ovibus
1244 4457 1500 4530 posuisti,
1537 4458 1774 4513 animam
1812 4458 2011 4514 dedisti

2142 4480 2217 4532 ιαὶ
2253 4479 2365 4549 γὰρ
2395 4479 2646 4539 τέθεικας
2686 4477 2827 4548 ὑπὲρ
2864 4477 2973 4529 τῶν
3007 4475 3117 4530 σῶν
3149 4478 3466 4546 προϐάτων,
3492 4479 3589 4532 καὶ
3612 4478 3703 4547 τὴν

437 4569 538 4627 pro
561 4553 718 4609 nobis
754 4550 925 4608 Deum
955 4550 1197 4607 Verbum
1234 4550 1498 4617 imitatus,
1543 4549 1848 4620 pretiosum
1886 4564 2016 4605 san-

437 4646 657 4718 guinem
686 4644 981 4699 humanius
1012 4657 1111 4714 pro
1144 4642 1373 4713 ingratis
1408 4640 1800 4697 effundentem.

509 4848 889 4906 Delicientium
927 4848 1194 4910 levamen,
1234 4852 1484 4917 prompta
1516 4844 1841 4900 alliictorum
1876 4844 2020 4899 sola-

438 4941 536 5009 tio,
567 4939 756 4994 mundi
788 4953 992 5009 prazses
1016 4937 1247 4992 idoneus
1263 4946 1317 4992 et
1348 4936 1668 5006 aptissimus
1696 4935 2017 4999 auxiliator,

439 5031 523 5085 sol
552 5030 708 5087 visus
738 5045 797 5086 es
850 5028 1330 5101 splendidissimus
1356 5068 1369 5092 ,
1426 5027 1692 5082 virtutum
1735 5027 2019 5098 quadrigis

442 5129 652 5190 vectus,
697 5121 939 5191 sapiens,
976 5128 1031 5174 et
1083 5119 1382 5190 gratiarum
1443 5134 1613 5174 aureo
1655 5134 1823 5174 curru
1880 5120 2021 5175 insi-

437 5215 595 5269 deus.

509 5307 903 5364 Miraculorum
932 5305 1244 5376 splendore,
1273 5311 1329 5361 et
1357 5302 1777 5359 benefactorum
1809 5303 2021 5373 fulgore

441 5415 660 5455 omnem
692 5398 933 5454 animam
972 5397 1262 5453 illustrans
1298 5404 1351 5451 et
1400 5394 1676 5459 refovens,
1726 5402 1807 5450 ter
1841 5395 2020 5460 beate,

443 5503 494 5545 et
528 5492 767 5547 tristitiae
813 5491 1069 5548 tenebras
1128 5490 1249 5545 luce
1288 5487 1585 5543 hilaritatis
1625 5496 1680 5542 et
1736 5487 1939 5542 laetitiae
1970 5495 2023 5543 et

446 5584 636 5653 gratiae
669 5586 959 5655 repellens.
1214 5579 1230 5594 ’

516 5677 832 5733 Certamina
883 5687 996 5746 tua,
1031 5687 1084 5733 et
1117 5693 1287 5741 curae,
1323 5687 1377 5733 et
1426 5679 1660 5742 labores,
1691 5688 1745 5732 et
1769 5676 2021 5740 sudores,

454 5773 597 5828 velut
631 5772 962 5828 sacrificium
1011 5782 1064 5828 ct
1119 5774 1366 5844 fragrans
1418 5780 1755 5842 unguentum
1799 5768 2024 5824 Chriso

2123 4569 2260 4623 ίδίαν
2300 4568 2529 4639 θέμενος
2563 4568 2743 4639 ψυχὴν
2764 4568 2905 4639 ὑπὲρ
2936 4568 3117 4639 ἡμῶν,
3140 4568 3275 4621 Θεὸν
3305 4570 3484 4637 Λόγον
3515 4569 3702 4641 μιμού-

2124 4679 2283 4733 μενος
2321 4662 2417 4715 καὶ
2468 4662 2528 4714 τὸ
2563 4662 2749 4730 τίμιον
2808 4657 2949 4731 αἷμα
2983 4659 3303 4715 κενώσαντα
3338 4661 3701 4733 φιλανθρώπῳ

2121 4754 2306 4825 τρόπῳ
2329 4754 2470 4825 ὑπὲρ
2502 4754 2837 4826 ἀχαρίστων.

2204 4844 2584 4914 Ἀθυμούντων
2657 4844 2944 4914 ἀνάφυξις,
3020 4839 3367 4896 πενθούντων
3424 4839 3699 4911 ἀντίληψις

2120 4937 2289 5005 ὀξεῖα,
2330 4936 2424 4990 τοῦ
2461 4937 2667 5008 κόσμου
2697 4938 2916 5008 ἕτοιμος
2946 4934 3260 5007 προστάτης
3290 4933 3386 4986 καλ⁵
3419 4933 3697 5003 πρόχειρος

2121 5028 2432 5099 ἐπικουρία,
2488 5027 2804 5100 χρυσοφαὴς
2851 5026 3075 5099 ὼράθης
3111 5025 3285 5096 ἥλιος,
3334 5025 3448 5077 τῶν
3500 5024 3697 5095 ἀρετῶν

2121 5119 2409 5191 τεθρίππῳ
2440 5120 2823 5190 ὲπιδιφρεύων,
2851 5120 3001 5187 σοφὲ,
3036 5119 3129 5172 καὶ
3150 5117 3450 5187 ὀχούμενος
3474 5118 3696 5185 ὀχήματι

2122 5213 2360 5283 χαρίτων
2401 5213 2768 5282 χρυσαντίγῳ.

2192 5303 2501 5373 Θαυμάτων
2552 5303 2733 5375 αἴγλῃ,
2784 5300 3115 5373 εὐεργεσιῶν
3177 5300 3520 5371 μαρμαρυγῇ
3572 5313 3698 5366 φρυ-

2126 5396 2274 5450 κτῶν
2306 5396 2487 5468 ψυχὴν
2528 5396 2748 5450 ἅπασαν
2772 5397 2867 5449 καὶ
2900 5395 3209 5466 πυρσεύων,
3240 5394 3581 5464 τρισμάκαρ,
3614 5391 3700 5442 καὶ

2123 5487 2266 5541 λύων
2299 5488 2538 5558 ἀθυμίας
2564 5488 2655 5540 τὸν
2690 5488 2874 5557 ζόφον,
2908 5487 3100 5557 φέγγει
3148 5486 3418 5555 εὐθυμίας
3451 5483 3547 5535 καὶ
3575 5499 3699 5552 χαρο

2129 5583 2296 5653 μονῆς
2329 5583 2423 5635 καὶ
2461 5580 2824 5651 εὐφροσύνης.

2197 5674 2261 5726 Οἱ
2294 5672 2389 5725 σοῦ
2436 5672 2645 5739 ἀγῶνες
2683 5673 2778 5724 καὶ
2811 5674 2860 5724 οἱ
2898 5673 3136 5741 κάματοι
3183 5668 3276 5722 καὶ
3321 5669 3371 5720 οἱ
3409 5666 3573 5737 ἀτμοὶ
3602 5664 3701 5716 τῶν

2128 5767 2325 5834 πόνων,
2360 5765 2453 5819 καὶ
2488 5766 2535 5818 οἱ
2586 5764 2811 5834 ἱδρῶτές
2848 5782 2963 5830 σου,
3007 5764 3083 5827 ὡς
3117 5761 3369 5832 θυμίαμα
3403 5760 3696 5816 συνθέσεως
