3874 6350
282 295 418 360 1389

1389 305 1702 366 HYMNUS
1734 309 1816 368 IN
1858 309 1918 372 S.
1955 311 2296 372 PETRUM.

3410 316 3542 380 1293

276 411 370 462 καὶ
410 409 707 481 πολύτιμον
745 412 915 484 μύρον
953 415 1032 478 εἰς
1055 415 1281 482 εὐωδίας
1309 418 1489 490 ὀσμὴν
1521 422 1861 492 προσαχθέν-

1992 428 2169 490 πωπω,
2225 439 2276 482 te
2307 426 2512 480 mundo
2557 424 2758 480 [lumen
2801 425 3266 480 sanctiﬁcationis
3301 430 3545 497 praebia-

275 517 368 564 τες
415 499 491 570 τῷ
531 501 773 572 Χριστῷ,
829 505 1076 575 ποταμὸν
1127 507 1491 578 άγιᾶσματος,
1548 511 1643 562 καὶ
1679 513 1862 581 πηγὴν

279 593 426 647 θείου
452 595 648 667 μύρου,
685 597 782 649 καὶ
811 597 1050 668 πέλαγος
1077 599 1472 676 θαυματουργη
1484 605 1667 675 μάτων
1681 605 1860 661 ἔθεντό

278 703 337 739 σε
366 686 578 756 κόσμῳ,
601 687 850 742 ’Νικόλαε
885 690 1208 761 ἱερομύστα.

347 781 684 835 θεοτόκιον.
720 810 791 821 -—-
831 781 1001 852 ’Υπὲρ
1052 784 1255 850 αἰτίαν,
1321 779 1461 856 ὑπὲρ
1515 785 1724 840 ἔννοιαν
1773 787 1862 840 τὸν

276 872 617 943 προελθόντα
654 873 828 942 Λόγον
863 874 922 940 ἐξ
960 876 1206 930 άναιτίου
1247 878 1480 946 Πατρὺς,
1524 879 1616 931 καὶ
1641 880 1748 931 τῶν
1777 878 1863 931 δν-

275 983 382 1019 των
405 966 625 1019 πάντων
668 967 842 1020 αἴτιον
873 969 1269 1039 ὲσωμάτωσας,
1307 971 1459 1042 Κόρη
1487 987 1501 1001 θ
1535 972 1596 1024 σὲ
1617 969 1726 1042 γὰρ
1776 974 1862 1024 αἰ-

272 1057 398 1110 τίαν
459 1056 662 1130 ἔσχηκε
715 1059 1092 1130 σαρκούμενος
1148 1062 1213 1114 ἐκ
1264 1061 1382 1123 σοῦ,
1435 1061 1522 1115 ἵνα
1570 1061 1720 1134 σώσῃ
1773 1062 1862 1115 τὸν

274 1147 590 1220 ἄνθρωπον,
622 1150 699 1214 ὡς
729 1149 1112 1224 φιλάνθρωπος
1143 1151 1340 1220 φύσει·
1377 1153 1443 1206 δι’
1473 1146 1548 1206 ὧν
1583 1155 1680 1208 καὶ
1709 1155 1864 1225 ένην-

276 1241 537 1313 θρὼπησε
586 1242 780 1310 θέλων,
816 1243 914 1297 καὶ
953 1245 1375 1316 συνανεστράφη
1409 1244 1722 1319 ἀνθρώποις
1770 1263 1861 1316 φι-

275 1333 405 1389 λανθ
416 1333 636 1405 ρώπως.

630 1443 772 1516 ᾮδὴ
809 1447 889 1501 Θ’.
923 1443 1021 1513 Μή
1049 1444 1351 1515 ἐποδύρου
1374 1464 1517 1516 μου.

348 1557 535 1620 Ἶλεως
565 1556 656 1610 ἔσο
699 1574 814 1627 μοι,
851 1557 1058 1628 Σῶτερ,
1094 1558 1154 1612 ἐν
1191 1558 1376 1631 ἡμέρᾳ
1410 1559 1513 1630 τῆς
1564 1559 1740 1632 δίκης,
1772 1562 1860 1615 ὅτε

275 1649 621 1719 παρίσταμαι
678 1647 887 1716 γυμνὸς
938 1647 1017 1717 τῷ
1075 1647 1282 1719 βήματι
1322 1648 1402 1720 τῷ
1452 1649 1529 1720 σῷ
1555 1668 1568 1683 °
1605 1651 1702 1706 καὶ
1736 1651 1862 1720 ἵλεῳ

272 1738 394 1790 τότε
449 1736 688 1808 πρόσχες
762 1755 852 1808 μοι
926 1737 1158 1808 ὄμματι,
1221 1739 1494 1793 Νικολάου
1544 1740 1640 1794 τοῦ
1715 1741 1860 1795 θείου

274 1828 633 1899 πρεσϐείαις·
693 1830 758 1883 σὺ
790 1828 900 1900 γάρ
949 1825 999 1882 εἴ
1054 1828 1218 1900 μόνος
1263 1829 1435 1894 ὅντως
1485 1832 1726 1904 χρηστὸς
1763 1833 1858 1886 καὶ

275 1920 457 1984 ἵλεως.

355 2012 444 2076 Ὠς
475 2011 577 2084 τὴν
619 2012 904 2085 πραότητα
933 2013 1165 2085 στέρξας
1210 2015 1306 2068 τοῦ
1336 2015 1562 2070 θεόπτου
1593 2017 1857 2082 Μωσέως,

273 2104 369 2158 καὶ
413 2103 515 2175 τὴν
558 2102 770 2157 ἐκείνου
804 2101 1108 2174 ὲκληρὼσω
1153 2103 1313 2170 δόξαν
1361 2105 1461 2175 τῆς
1515 2107 1769 2176 μορφῆς·
1800 2105 1862 2158 τὸ

274 2194 384 2265 γὰρ
431 2193 725 2264 πρόσωπόν
774 2210 868 2246 σου
899 2194 996 2246 καὶ
1037 2194 1177 2264 μετὰ
1225 2193 1455 2252 θάνατον
1505 2195 1862 2267 σελασφόροις

273 2287 458 2338 ἀκτῖσι
501 2283 667 2338 άΰλου
704 2282 987 2354 φωτισμοῢ
1021 2285 1113 2339 καὶ
1155 2285 1297 2354 αὐγῇ
1331 2285 1646 2358 γλυκυτάτη
1705 2304 1862 2358 περι-

272 2376 570 2445 ελάμπετο.

360 2467 800 2538 Ἀναμοχλεύσας
835 2468 901 2520 ὲκ
931 2466 1151 2540 βάθρων
1201 2467 1279 2538 τῷ
1315 2468 1500 2540 μοχλῷ
1532 2469 1642 2522 τῶν
1684 2469 1862 2540 εὐχῶν

277 2577 394 2624 σου,
426 2560 524 2615 καὶ
551 2559 892 2632 τειχοσείστῃ
917 2559 1164 2630 κραταιῷ
1191 2559 1272 2630 τῷ
1286 2560 1436 2629 ὅπλῳ
1465 2560 1560 2614 τοῦ
1595 2560 1858 2632 σταυροῦ,

275 2653 447 2722 έναγῆ
501 2650 707 2722 τεμένη
769 2653 1134 2722 μιαρωτάτων
1189 2649 1350 2722 θεῶν,
1401 2653 1623 2720 εὐαγεῖς
1654 2655 1860 2720 οἴκους,

278 2744 490 2814 μάκαρ,
526 2744 816 2814 ἀνήγειρες
859 2743 1084 2814 Χριστῷ
1112 2744 1191 2816 τῷ
1230 2746 1438 2816 κυρίως
1467 2745 1563 2799 καὶ
1594 2745 1741 2818 μόνῳ
1768 2747 1864 2801 καὶ

275 2836 424 2889 κατὰ
444 2833 606 2903 φύσιν
633 2833 777 2904 Θεῷ.

348 2923 489 2990 Noe;
537 2922 877 2977 ἀνύστακτον
922 2921 1078 2994 ὄμμα
1111 2924 1454 2993 κεκτημένος
1483 2925 1579 2979 καὶ
1610 2925 1860 2998 θεόφρον,

275 3014 374 3068 καὶ
431 3013 735 3084 καιομένην
779 3013 1003 3084 ἀρεταῖς
1061 3013 1322 3085 λαμπάδα
1377 3016 1566 3087 νοερὰν
1617 3016 1711 3070 καὶ
1759 3019 1863 3089 ἀρ-

1966 530 2112 584 runl,
2151 533 2432 576 sacrarum
2479 519 2743 589 magister
2773 516 3019 584 Nicolae,
3045 527 3098 574 et
3128 516 3334 573 fontem
3373 515 3543 576 divini

1965 611 2174 675 odoris,
2208 619 2262 665 et
2296 610 2701 680 prmStigiosum
2734 625 2903 665 mare.

2040 788 2305 856 υεὶραηε.
2328 818 2397 828 -
2417 787 2622 842 Praeter
2648 802 2895 854 causam,
2924 798 3232 862 praeterque
3252 792 3542 863 cogitatio-

1964 893 2086 934 nem
2104 893 2168 934 ex
2192 887 2396 934 aeterno
2413 876 2574 932 Patre
2607 877 2851 948 genitum
2869 893 3054 934 rerum
3082 880 3328 935 omnium
3354 893 3545 936 aucto-

1966 987 2078 1027 rem
2119 986 2352 1042 corpore
2389 970 2630 1035 donasti,
2673 969 2876 1041 Virgo;
2931 979 2984 1027 te
3029 974 3178 1027 enim
3221 958 3544 1042 genitricem

1964 1062 2178 1131 habuit,
2214 1071 2501 1134 assumpto
2531 1075 2786 1133 corpore,
2821 1072 2882 1118 ut
2911 1063 3189 1119 hominem
3225 1065 3440 1120 salvum
3467 1064 3545 1117 fa-

1965 1163 2136 1219 ceret,
2171 1165 2360 1226 utpote
2401 1163 2599 1211 natura
2632 1154 3104 1227 benignissimus;
3169 1169 3276 1225 qua
3331 1155 3547 1210 ratione

1966 1247 2143 1303 libens
2176 1247 2342 1304 homo
2363 1246 2540 1303 factus
2567 1254 2672 1312 est,
2705 1258 2760 1303 et
2785 1246 3078 1318 benignius
3115 1245 3260 1302 inter
3290 1245 3544 1300 homines

1965 1352 2326 1398 conversatus
2359 1349 2463 1398 est.

2400 1454 2514 1511 Ode
2550 1453 2656 1508 IX.
2675 1442 2778 1508 'Ne
2807 1471 2885 1508 me
2911 1452 3116 1508 doleas.

2037 1571 2355 1628 Misericors
2396 1570 2530 1625 mihi
2567 1575 2712 1633 esto,
2777 1569 3056 1632 Salvator,
3081 1566 3142 1621 in
3186 1565 3276 1620 die
3301 1563 3544 1634 .judicii,

1964 1661 2186 1733 quando
2230 1659 2412 1714 nudus
2443 1659 2510 1713 ad
2556 1657 2793 1714 tribunal
2827 1665 2980 1711 tuum
3015 1655 3308 1716 accedam;
3358 1662 3415 1707 et
3448 1653 3545 1706 hc-

1894 1773 1935 1828 Β
1966 1755 2131 1825 nigno
2169 1758 2304 1806 tunc
2345 1765 2431 1804 me
2457 1749 2622 1803 oculo
2655 1747 2998 1811 consideres,
3039 1745 3250 1801 Nieolai
3286 1745 3397 1799 divi
3422 1759 3543 1814 gra-

1962 1847 2067 1914 tia;
2103 1852 2160 1900 tu
2190 1844 2336 1900 enim
2367 1841 2519 1898 solus
2553 1854 2677 1896 vere
2695 1838 2882 1894 bonus
2906 1845 2958 1893 et
2992 1837 3328 1892 misericors.

2034 2022 2512 2080 Mansuetudinem
2569 2021 2662 2088 qui
2719 2019 2987 2089 diligebas
3037 2017 3150 2072 divi
3203 2015 3436 2087 Moysis,
3475 2015 3543 2069 il-

1963 2119 2190 2175 lustrem
2217 2116 2338 2187 ejus
2381 2113 2614 2170 formam
2647 2113 2878 2167 sortitus
2906 2125 3002 2177 es;
3033 2124 3158 2164 nam
3190 2109 3380 2164 vultus
3418 2115 3544 2162 tuus

1963 2211 2049 2265 vel
2082 2217 2202 2280 post
2238 2216 2468 2262 mortem
2503 2204 2675 2260 radiis
2725 2202 2972 2272 fulgebat
3013 2199 3320 2270 splendidis
3360 2199 3546 2253 incor-

1965 2301 2118 2382 porei
2141 2299 2373 2383 luminis
2403 2307 2453 2353 et
2491 2299 2610 2352 lucc
2636 2294 2976 2366 gratissima.

2034 2477 2303 2534 Funditus
2326 2475 2568 2531 avellens
2602 2479 2752 2528 vecte
2783 2483 3004 2540 precum
3043 2477 3288 2531 tuarum,
3329 2473 3389 2519 ut
3414 2479 3544 2519 cru-

1965 2572 2047 2626 eis
2077 2569 2253 2624 ariete
2282 2580 2474 2622 muros
2505 2562 2784 2634 quatiens,
2814 2556 3180 2616 exsecrabilia
3211 2555 3412 2624 templa
3437 2554 3544 2608 im-

1967 2663 2185 2734 piorum
2229 2659 2457 2715 deorum
2500 2653 2770 2715 evertisti,
2809 2651 2970 2708 beate
2994 2666 3010 2715 ;
3035 2656 3091 2705 et
3132 2655 3354 2705 sanctas
3385 2645 3544 2702 sedes

1967 2754 2190 2811 Christo
2215 2748 2499 2807 zedilicasti
2525 2746 2618 2827 qui
2650 2745 2805 2827 solus
2835 2751 2890 2798 et
2913 2751 3107 2798 natura
3138 2754 3264 2796 vere
3289 2738 3456 2794 Deus.

2043 2928 2285 3000 Spiritus
2318 2923 2482 2980 oculo
2521 2919 2788 2993 praeditus
2842 2915 2990 2987 vigili
3028 2922 3084 2970 et
3121 2913 3234 2985 pio,
3264 2920 3319 2968 et
3345 2909 3544 2966 ‘faoem

1968 3037 2168 3096 gerens
2200 3016 2502 3074 virtutibus
2534 3013 2817 3067 ardentem
2841 3049 2858 3077 ,
2905 3017 2960 3064 et
3005 3003 3398 3064 misericordiae
3423 3001 3546 3057 oleo

273 3101 576 3174 δευομένην
657 3101 935 3165 πλουσίως
1012 3101 1242 3156 πάντοτε
1315 3104 1414 3173 τῆς
1489 3103 1863 3176 ὲλεημοσύνης

1992 3113 2314 3171 ιὺυηόειιιοῐι
2367 3110 2692 3173 instructus,
2751 3104 2804 3158 in
2869 3099 3131 3173 gaudium
3195 3095 3410 3151 Domini
3463 3094 3546 3148 in-

275 3194 446 3264 ὲλαιῳ
491 3193 724 3265 δαψιλεῖ,
769 3195 850 3258 εἰς
898 3193 1076 3264 χαρὰν
1121 3194 1473 3267 εἰσελήλυθας
1516 3195 1612 3249 τοῦ
1652 3196 1860 3268 Κυρίου

279 3304 404 3341 σου.
1241 3303 1256 3314 ’”

351 3377 496 3433 Νοῦν
525 3377 905 3450 αὐτοκράτορα
933 3376 1072 3448 ἔχων
1100 3376 1210 3432 τῶν
1241 3377 1502 3449 ὀρέξεων,
1548 3379 1756 3452 Πάτερ,
1789 3381 1866 3452 τῷ

278 3473 688 3543 κοσμοκράτορι
742 3470 924 3542 ἐχθρῷ
989 3471 1255 3542 άντέστης
1310 3472 1620 3542 κραταιῶς,
1677 3473 1866 3546 βοηθὸν

280 3566 597 3637 πλουτήσας
629 3565 721 3618 τὸν
752 3565 1181 3636 Παντοκράτορα
1209 3582 1223 3597 ο
1259 3566 1352 3619 καὶ
1389 3565 1578 3619 παθῶν
1621 3567 1869 3637 βασιλεύ-

281 3679 384 3724 σας
433 3661 716 3731 παρέστης
771 3660 828 3712 ὲν
884 3658 1038 3711 νυκτὶ
1091 3659 1304 3730 βασιλεῖ
1349 3660 1747 3731 Κωνσταντίνῳ
1791 3659 1869 3730 τῷ

277 3749 670 3823 αὐτοκράτορι.

356 3845 492 3900 Οὐδὲ
543 3845 810 3916 παράλιος
855 3845 1105 3916 ψάμμος,
1153 3843 1275 3897 οὐδὲ
1323 3844 1530 3913 πλῆθος
1582 3843 1866 3914 κυμάτων,

274 3939 316 4010 ἢ
354 3938 496 4009 βόλοι
522 3937 714 4008 δρόσου
737 3939 834 3992 καὶ
865 3937 1059 3990 λεπταὶ
1084 3935 1320 4006 ψεκάδες
1349 3933 1592 4004 νιφετοῦ,
1619 3936 1679 3987 οὐ
1711 3935 1869 4005 χορὸς

279 4030 553 4102 ἀστέρων,
574 4030 698 4084 οὐδὲ
723 4029 982 4097 σταγόνες
1004 4027 1227 4098 βροχῆς,
1259 4026 1353 4078 καὶ
1379 4027 1623 4095 ποτάμια
1657 4027 1869 4096 ῥεῖθρα,

275 4122 344 4175 οὐ
375 4124 591 4192 νάματα
627 4121 821 4190 πηγῶν
854 4122 970 4181 τοῖς
1015 4120 1128 4182 σοῖς
1176 4117 1436 4187 θαύμασι,
1470 4117 1674 4188 Πάτερ,
1727 4135 1872 4189 παρ-

281 4212 676 4283 ισωθήσονται.

354 4306 694 4360 Θεοτόκιον.
727 4333 797 4342 -
826 4301 931 4356 Τοῦ
984 4302 1121 4356 Θεοῦ
1165 4305 1308 4358 κατὰ
1341 4304 1500 4376 χάριν
1549 4304 1676 4368 τοὺς
1724 4304 1875 4366 υἱοὺς

275 4396 392 4448 τῶν
424 4393 728 4465 ἀνθρώπων
759 4396 787 4447 ό
812 4394 1084 4458 συναῖδιος
1115 4395 1243 4459 Υἱὸς
1273 4396 1365 4450 καὶ
1395 4397 1564 4464 Λόγος
1594 4395 1688 4449 τοῦ
1715 4395 1869 4460 Θεοῦ,

238 4538 246 4560 ι
282 4487 363 4547 ὡς
396 4486 524 4550 Υἱδς
571 4484 862 4557 ἀνθρώπου
908 4487 972 4540 ὲκ
1003 4487 1094 4540 σοῦ
1139 4487 1432 4558 γενόμενος
1471 4489 1870 4558 ἀπειργάσατο,

245 4582 251 4606 ί
277 4575 462 4645 Κόρη·
481 4576 539 4628 ὃν
557 4573 781 4647 αἴτησαι
803 4574 948 4645 κάμὲ
979 4574 1095 4628 υἱὸν
1122 4574 1250 4628 ὄντα
1293 4575 1519 4646 γεέννης
1559 4576 1694 4630 Θεοῦ
1724 4574 1873 4645 ποιῆ-

283 4689 380 4723 σαι
412 4671 547 4722 υἱόν.

727 4780 997 4834 ΙΩΑΝΝΟ
1013 4781 1058 4832 Υ
1099 4781 1398 4833 ΜΟΝΑΧΟ
1413 4780 1456 4830 Υ

423 4893 662 4947 ΚΑΝΩΝ
701 4893 809 4945 ΕΙΣ
845 4893 984 4946 ΤΟΝ
1031 4893 1238 4945 APION
1268 4891 1547 4945 ΠΕΤΡΟΝ
1600 4893 1737 4945 ’1⁸οΝ

866 4962 1287 5015 ΚΟΡΥΦΑΙΟΝ.

286 5075 375 5136 Οὗ
405 5079 442 5146 ἠ
473 5079 822 5147 ἀκροστιχίς
855 5093 866 5106 '
901 5076 1131 5145 Μολπὴν
1167 5077 1278 5146 ᾄδω
1309 5093 1412 5140 σοι,
1447 5074 1641 5146 Πέτρε.
1661 5075 1872 5143 ’Ύμνος

963 5148 1211 5200 Ἰωάννου
1225 5187 1236 5200 .

302 5263 443 5334 ’ῼδὴ
471 5268 551 5327 A',
586 5259 770 5331 Ἦχος
803 5263 1022 5331 βαρύς.
1059 5261 1276 5315 Νεύσει
1323 5274 1441 5313 σου
1473 5257 1622 5326 πρὸς
1658 5256 1868 5326 γεώδη.

363 5355 524 5428 [C0d.
555 5355 592 5410 f.
644 5355 746 5410 107
781 5353 861 5426 1).]
904 5355 1089 5424 Μόνην
1134 5352 1474 5423 ὲπιποθήσας
1508 5351 1618 5404 τῶν
1651 5349 1874 5419 ἀγαθῶν

286 5448 400 5524 τῶν
435 5447 758 5517 μελλόντων,
778 5446 928 5514 σοφὲ,
946 5446 1044 5516 τὴν
1068 5445 1388 5510 ἀπόλαυσιν,
1413 5443 1483 5496 τὰ
1511 5443 1702 5513 ῥέοντα
1734 5459 1870 5512 παρ-

288 5542 562 5611 ἐόραμες·
599 5539 720 5591 ὅθεν
777 5537 996 5608 Χριστῷ
1044 5537 1340 5608 ὲκολλήθης
1390 5535 1483 5589 καὶ
1531 5531 1872 5603 συνεκράθης

289 5631 443 5699 αὐτῷ
472 5630 721 5700 διαπύρῳ
762 5631 984 5698 στοργῇ.

367 5721 529 5774 "Oi-ev
608 5739 666 5775 σε
737 5718 1106 5792 πυρακτώσας
1175 5719 1310 5789 πυρὶ
1367 5716 1516 5785 aen?
1577 5715 1668 5768 καὶ
1739 5713 1866 5782 θείῳ

1969 3206 2168 3264 troisti.

2041 3382 2276 3440 Mentem
2322 3379 2533 3438 habens
2591 3374 2876 3432 aﬂ‘erlibus
2929 3369 3326 3429 dominantem,
3363 3363 3545 3428 Pater,

1971 3478 2164 3533 mundi
2235 3475 2468 3546 principi
2527 3470 2704 3526 valide
2771 3463 3059 3528 restitisti,
3145 3456 3548 3528 Omnipotentis

1971 3571 2174 3626 auxilio
2230 3569 2452 3640 adjutus
2525 3563 2822 3620 allectuum
2882 3572 2976 3612 rex
3029 3549 3336 3625 apparuisti
3386 3554 3548 3602 nocte

1971 3661 2340 3719 Constantino
2367 3653 2709 3727 imperatori.

2041 3837 2154 3892 Nec
2185 3847 2354 3887 arena
2382 3826 2582 3883 littoris
2614 3839 2713 3878 nec
2745 3822 3011 3874 ﬂuctuum
3047 3817 3228 3880 turba,
3268 3827 3367 3867 nec
3407 3811 3552 3866 roris

1974 3925 2223 3997 guttulze,
2264 3934 2364 3974 nec
2411 3927 2602 3970 tenues
2660 3911 2802 3965 nivis
2833 3908 3086 3980 globulae,
3142 3919 3242 3958 nec
3274 3908 3548 3955 astrorum

1974 3993 2199 4080 chorus,
2232 4025 2334 4066 nec
2369 4006 2683 4063 nimborum
2723 4002 2914 4065 stillae,
2957 4006 3052 4052 aut
3094 3995 3334 4050 ﬂutninis
3369 3993 3549 4055 undae,

1973 4121 2068 4164 aut
2102 4106 2334 4162 fontium
2370 4099 2588 4173 lympha
2621 4102 2854 4168 possunt
2895 4089 3176 4146 miraculis
3209 4087 3340 4156 tuis,
3365 4085 3550 4146 Pater,

1975 4214 2090 4254 com
2101 4194 2302 4266 parari.

2049 4289 2313 4355 Deiparre.
2347 4311 2414 4322 —-
2445 4280 2539 4335 Dei
2592 4277 2765 4348 gratia
2807 4275 2948 4329 lilios
2994 4270 3276 4326 hominum
3327 4266 3552 4328 liberet,

1987 4382 2079 4452 qui
2111 4378 2282 4434 Filius
2317 4376 2409 4431 Dei
2443 4383 2750 4428 coaeternus
2793 4377 2847 4423 et
2882 4366 3141 4429 Verbum,
3166 4377 3263 4432 per
3287 4367 3340 4414 te
3382 4356 3556 4412 Filius

1907 4445 1950 4498 θ
1979 4445 2219 4528 hominis
2252 4469 2428 4524 factus
2461 4473 2567 4530 est,
2600 4462 2804 4533 Virgo;
2837 4459 2930 4531 qui
2965 4473 3051 4514 mc
3077 4457 3246 4512 lilium
3295 4451 3556 4523 gehennae

1985 4564 2262 4635 inquirere
2294 4561 2440 4616 venit
2473 4570 2530 4612 ut
2562 4556 2656 4611 Dei
2687 4555 2827 4608 lilius
2861 4551 3067 4607 ﬁerem.

2382 4779 2509 4836 10A
2525 4774 2710 4831 Nms
2756 4751 3108 4828 nomen!

2120 4890 2412 4947 HYMNUS
2457 4889 2518 4942 IN
2548 4877 3175 5011 ΒῧίἣὲΐὲἰῦῐΜΡΕΉζυΜ
3204 4873 3418 4931 CORY-

1984 5078 2180 5131 Primw
2192 5090 2434 5130 versuum
2459 5072 2651 5124 liuent
2667 5070 2972 5136 signiﬁcant
2991 5083 3008 5119 .·
3023 5065 3256 5119 Carmen
3275 5058 3372 5115 tibi
3392 5069 3551 5120 cano,

2391 5141 2584 5206 Petre;
2621 5135 2856 5212 hymnus
2898 5135 3148 5190 Joannis.

2019 5257 2131 5313 Ode
2156 5256 2204 5308 1.
2241 5253 2414 5310 Sanus
2444 5253 2641 5323 gravis.
2684 5247 3035 5302 Inclinatione
3067 5254 3155 5297 tua
3185 5243 3252 5296 ad
3291 5251 3518 5294 terrena.

2048 5348 2224 5406 Unico
2242 5346 2441 5401 ardens
2467 5343 2773 5396 futurorum
2796 5341 3062 5392 honorum
3087 5334 3289 5395 studio,
3316 5331 3552 5399 sapiens,

1952 5431 2206 5508 fugitiva
2247 5431 2544 5497 fast‘d'isti;
2575 5429 2720 5484 unde
2751 5426 2972 5481 Christo
3003 5422 3277 5478 adlucsisti
3341 5419 3553 5473 ferven-

1980 5533 2192 5586 tissima
2228 5544 2351 5582 cum
2388 5540 2453 5580 eo
2485 5521 2778 5578 dilectione
2808 5518 3158 5589 conjunctus.

2050 5707 2245 5762 Totum
2302 5713 2352 5758 te
2412 5704 2535 5773 igne
2582 5701 2906 5768 incorporeo
2957 5703 3008 5752 et
3064 5691 3250 5749 divino
3309 5682 3553 5762 perussit
