3874 6350
380 254 508 320 1391

1850 256 2229 317 ADDENDA.

3539 253 3701 319 1392

371 369 782 434 carbunculus;
816 381 978 438 quem
1021 366 1156 421 vidit
1213 366 1345 421 olim
1400 364 1571 422 Isaias
1616 366 1834 420 ﬂamma
1868 367 1949 421 in-

2130 362 2339 435 άνθραξ
2388 363 2548 426 άῦλος
2578 379 2591 393 ·
2624 362 2684 416 δν
2739 355 2878 415 εἶδεν
2934 361 3165 426 Ἠσαϊας
3225 363 3357 416 ποτὲ
3410 364 3697 435 ἄνθρακα

373 471 639 530 corporea
663 472 917 515 errorum
956 471 1159 527 corpus
1192 455 1630 513 comburentem.

439 638 743 695 Lucernam
800 637 1087 695 ardentem
1141 645 1197 695 et
1240 637 1494 709 lampada
1557 636 1958 709 Splendentcm,

375 738 490 791 luce
521 734 720 790 divinae
746 732 1055 804 disciplina:
1088 741 1298 789 mentes
1324 732 1752 796 illuminantem,
1776 730 1956 796 Petre,

372 827 608 899 praebuit
634 837 685 883 te
728 825 969 896 Spiritus
994 835 1223 882 sanctus
1247 825 1505 897 gentibus
1534 824 1679 881 inter
1702 825 1959 881 tenebras

369 918 716 989 degentibus.

439 1008 626 1074 Fides,
657 1025 809 1080 spes,
838 1010 1105 1077 cbaritas,
1132 1010 1343 1067 militia:
1373 1019 1480 1067 tua:
1501 1026 1689 1077 arma;
1723 1011 1957 1068 infracta

370 1099 565 1168 lorica,
604 1103 863 1173 utrinque
888 1111 1085 1161 acutus
1125 1104 1301 1171 ensis,
1333 1113 1390 1161 et
1428 1105 1580 1176 galea
1615 1104 1834 1169 salutis,
1867 1120 1958 1160 ve-

372 1196 615 1251 nerande
648 1196 916 1267 apostolo.

442 1372 785 1441 Deiparw.—
804 1373 1043 1444 Apertus
1079 1380 1191 1440 est,
1219 1372 1317 1429 Dei
1346 1372 1624 1440 Genitrix,
1659 1371 1956 1444 purissimo

371 1476 465 1521 tuo
480 1463 622 1522 Filio
652 1465 915 1536 antiquus
944 1465 1254 1536 paradisus,
1283 1480 1449 1535 quem
1477 1465 1751 1520 clauserat
1779 1462 1956 1534 prima

370 1571 609 1627 parens;
649 1564 703 1614 et
742 1557 928 1629 generi
960 1557 1243 1613 hominum
1282 1558 1538 1614 restituta
1583 1567 1669 1613 est
1722 1556 1954 1626 pristina

370 1651 567 1720 patria.

759 1767 871 1821 Odc
896 1763 1034 1845 111..
1056 1765 1161 1832 Qui
1199 1766 1253 1819 in
1281 1766 1563 1835 principio.

438 1882 637 1953 Aquila
668 1881 975 1951 apparuisti
1002 1881 1241 1937 nubibus
1280 1882 1537 1948 invecta;
1572 1897 1697 1939 nam
1732 1885 1785 1939 in
1809 1885 1952 1940 oculi

371 1971 527 2038 ictu,
579 1972 768 2029 divino
810 1980 867 2029 et
918 1974 1290 2044 omnipotente
1332 1975 1590 2045 Spiritu,
1661 1975 1729 2031 de
1781 1975 1953 2031 Roma

369 2066 427 2121 in
455 2065 590 2122 Sion
621 2080 717 2137 per
749 2064 947 2122 nubem
980 2066 1281 2124 translatus
1312 2082 1391 2133 es,
1409 2066 1587 2123 vivam
1622 2067 1715 2123 Dei
1751 2068 1952 2125 nubem

367 2168 686 2215 curaturus.

436 2337 570 2405 Quae
597 2339 853 2410 purgavit
906 2340 1072 2404 Deus,
1128 2342 1284 2398 solus
1341 2348 1540 2395 natura
1594 2342 1856 2407 mundus,
1888 2357 1955 2399 ne

366 2430 533 2487 violet
566 2432 755 2501 homo,
795 2432 997 2504 inquit.
1032 2431 1167 2487 Nam
1201 2434 1385 2488 omnia
1419 2433 1514 2489 Dei
1549 2449 1717 2504 opera
1749 2438 1953 2490 munda

367 2523 632 2589 mundis;
669 2532 1031 2596 quapropter,
1064 2524 1247 2591 Petre,
1284 2525 1516 2596 purillca
1548 2542 1635 2583 me
1694 2528 1955 2598 precibus

366 2612 476 2670 tuis
503 2613 574 2669 ab
600 2614 901 2671 immundis
932 2615 1245 2673 allectihus.

432 2794 654 2852 Plebem
687 2796 960 2853 allocutus
988 2798 1043 2854 in
1097 2797 1256 2865 Sion,
1309 2810 1362 2856 et
1416 2800 1491 2856 ibi
1551 2802 1791 2873 primum
1827 2803 1951 2859 Iidei

366 2904 675 2947 sermonem
710 2890 1044 2961 praedicans,
1087 2893 1274 2949 statim
1312 2908 1549 2950 messem
1585 2894 1761 2949 tulisti
1804 2893 1953 2949 fera-

364 2996 505 3050 cem,
528 2991 584 3039 et
615 2984 668 3039 in
696 2984 915 3042 Christo
937 2987 1173 3057 genuisti
1196 2986 1649 3045 celebratissima
1670 2986 1949 3052 Trinitati,

364 3074 652 3133 ecclesiam
685 3076 849 3133 trium
888 3079 1118 3133 millium
1146 3079 1414 3137 virorum.

443 3250 598 3308 Velut
638 3254 741 3309 faex
778 3256 927 3309 aeria
959 3265 1119 3313 nocte
1160 3272 1256 3327 per
1291 3259 1462 3314 maria
1497 3260 1841 3330 navigantes,
1876 3260 1951 3315 ita

366 3357 519 3398 mare
546 3345 900 3408 tenebrosum
931 3355 985 3403 et
1044 3350 1344 3405 obscurum
1403 3352 1695 3421 procellosi
1741 3354 1950 3409 erroris

367 3435 719 3492 traducentes
754 3437 874 3494 luce
906 3439 1031 3495 Iidei
1064 3440 1415 3507 illuminasti,
1448 3442 1630 3499 Petre.

440 3723 705 3793 Deiparar.
737 3754 806 3767 —
830 3724 905 3781 Te
933 3739 1210 3782 summum
1230 3727 1528 3799 refugium,
1553 3736 1606 3784 et
1630 3729 1698 3783 ad
1730 3729 1950 3785 salvan-

365 3817 489 3872 dam
531 3818 942 3889 paratissimam
984 3820 1415 3886 auxiliatricem,
1470 3821 1726 3888 Domina,
1782 3825 1949 3880 vehe-

365 3918 578 3967 menter
611 3927 710 3969 oro
738 3921 792 3969 et
832 3915 1119 3984 deprecor,
1173 3915 1413 3969 animam
1463 3931 1640 3971 meam
1683 3918 1907 3990 suscipe
1931 3958 1945 3982 ,

363 4018 393 4058 a
441 4005 800 4063 tabernaculo
850 4008 1213 4079 migrantem,
1284 4018 1377 4075 et,
1441 4009 1705 4067 derelicta
1760 4019 1942 4078 terra,

363 4096 525 4153 aliam
562 4099 838 4171 regionem
879 4100 1197 4171 petituram.

813 4216 924 4272 Ode
966 4216 1071 4272 IV.
1114 4218 1219 4285 Qui
1250 4228 1521 4289 paternos.

432 4307 535 4375 Qui
574 4308 977 4380 discipulorum
1016 4310 1264 4365 omnium
1294 4313 1513 4381 primus
1549 4318 1844 4372 cucurristi
1879 4318 1946 4373 ad

2071 456 2244 528 πυρὸς
2285 455 2452 510 ἀῢλου
2504 455 2771 509 καίονται
2812 456 2912 526 τὴν
2962 454 3097 526 ὓλην
3147 456 3248 526 τῆς
3292 455 3516 525 πλάνης
3562 457 3698 510 ἀπ-

2070 546 2289 618 ἔφηνεν.

2139 638 2347 708 Λύχνον
2379 636 2796 708 φωτοὸολοῦντα
2837 640 2934 692 καὶ
2962 639 3250 710 χρυσαυγῆ
3280 656 3341 692 σε
3376 642 3691 710 λαμπάδα,

2066 728 2128 783 τὸ
2200 730 2405 800 φέγγος
2442 731 2861 801 ’πυρσεύουσαν
2924 732 3025 801 τῆς
3071 730 3227 795 Θείας
3281 733 3689 801 ἐπιγνώσεως,

2068 822 2264 895 Πέτρε,
2288 824 2351 877 τὸ
2372 822 2529 893 ἅγιον
2553 823 2776 895 Πνεῦμα
2804 825 2917 889 τοῖς
2947 825 3361 897 ὲσκοτισμένοις
3387 826 3691 893 ἀνέδειξεν

2067 914 2299 969 ἔθνεσιν.

2140 1006 2362 1073 Πίστις,
2417 1007 2609 1071 ἐλπὶς,
2663 1008 2897 1080 ἀγάπη,
2946 1009 3049 1079 τῆς
3108 1008 3214 1079 σῆς
3271 1011 3545 1080 στρατιᾶς
3608 1012 3686 1063 τά

2066 1098 2208 1153 ὅπλα
2237 1116 2255 1131 ο
2314 1102 2343 1153 ὁ
2401 1097 2589 1171 θώραξ
2617 1100 2647 1153 δ
2689 1101 2990 1172 ἄρρηκτος,
3030 1103 3065 1172 ἡ
3102 1102 3354 1172 μάχαιρα
3402 1103 3441 1170 ἠ
3488 1102 3687 1155 δίστο-

2069 1207 2191 1259 μος,
2227 1191 2323 1245 καὶ⁵
2348 1192 2382 1263 ἠ
2411 1191 2817 1263 περικεφαλαία
2837 1194 2871 1264 ἡ
2899 1193 2997 1247 τοῦ
3046 1194 3343 1265 σωτηρίου,
3391 1194 3685 1248 άπόστοὶε

2064 1280 2237 1352 τίμιε.

2139 1376 2474 1433 Θεοτόκιον.
2518 1409 2590 1421 —
2643 1380 2963 1446 Ἥνοικται,
3014 1377 3326 1450 Θεομῆτερ,
3385 1378 3470 1448 τῷ
3528 1398 3679 1433 πταν-

2066 1465 2323 1538 αχράντῳ
2351 1485 2446 1523 σου
2472 1471 2619 1543 τόκῳ
2643 1472 2682 1539 ,ὁ
2710 1470 2882 1525 πάλαι
2910 1471 3259 1540 παράδεισος,
3288 1470 3351 1524 δν
3381 1472 3415 1541 ἡ
3447 1473 3681 1541 προμή·

2064 1572 2179 1627 τωρ
2206 1556 2419 1613 ἔκλεισε
2446 1578 2461 1593 ·
2503 1562 2600 1615 καὶ
2643 1561 2723 1632 τῷ
2766 1562 2879 1614 τῶν
2907 1560 3214 1633 ἀνθρώπων
3246 1563 3397 1631 γένει
3430 1564 3605 1618 πάλιν
3641 1566 3677 1633 ἠ

2065 1643 2269 1717 ἀρχαία
2301 1649 2501 1722 πατρὶς
2529 1650 2866 1705 ἀποδέδοται.

2397 1762 2537 1832 ’ῼδὴ
2563 1766 2651 1821 Γ’.
2700 1764 2763 1818 '0
2793 1764 2922 1818 κατ’
2942 1764 3139 1834 ἀρχὰς
3169 1767 3335 1832 τούς.

2134 1872 2548 1945 Νεφελοδρόμος
2576 1874 2735 1938 ἀετὸς
2758 1877 2787 1929 ὁ
2812 1877 3119 1947 πεζοπόρος
3154 1878 3405 1949 ἐδείχθης
3424 1893 3440 1907 ·
3477 1881 3541 1933 ἐν
3574 1885 3676 1952 ῥο-

2065 1967 2140 2036 πῇ
2203 1965 2315 2033 γὰρ
2380 1965 2574 2038 ὥσπερ
2625 1966 2931 2039 ὀφθαλμοῦ,
2983 1969 3062 2039 τῷ
3112 1973 3512 2042 παντουργικῷ
3566 1976 3675 2027 καὶ

2062 2053 2192 2126 θείῳ
2258 2057 2564 2127 Πνεύματι,
2640 2059 2751 2112 ἀπὸ
2815 2059 2919 2129 τῆς
2982 2058 3203 2130 Ῥώμης
3262 2064 3322 2116 ὲν
3364 2061 3510 2115 Σιὼν
3571 2064 3670 2117 διά

2060 2148 2292 2220 νεφέλης
2350 2150 2577 2219 ἐγένου,
2632 2150 2901 2223 κηδεῦσαι
2960 2153 3061 2223 τὴν
3117 2154 3364 2224 ἔμψυχον
3420 2157 3667 2227 νεφέλην

2060 2240 2221 2294 Θεοῦ.

2135 2336 2204 2387 Ἀ
2252 2335 2548 2407 ὲκαθάρισε
2582 2336 2735 2404 Θεὸς,
2771 2341 2801 2392 ὁ
2844 2337 3085 2409 καθαρὸς
3140 2340 3303 2406 φύσει
3360 2343 3552 2410 μόνος,
3583 2346 3666 2413 μὴ

2058 2427 2322 2482 κοινούτω
2368 2428 2679 2501 ἄνθρωπος,
2723 2430 2892 2501 φησί’
2948 2432 3045 2484 καὶ
3095 2432 3207 2503 γὰρ
3268 2433 3492 2504 καθαρὰ
3540 2439 3667 2498 τοῖς

2056 2518 2319 2588 καθαροῖς
2351 2519 2468 2573 ἔστι
2501 2520 2678 2575 πάντα
2708 2522 2779 2575 τά
2809 2521 2949 2594 ἔργα
2993 2523 3090 2577 τοῦ
3121 2523 3260 2579 Θεοῦ
3284 2542 3299 2556 ο
3344 2526 3429 2580 διὸ
3462 2528 3661 2581 παθῶν

2056 2611 2386 2681 ἀκαθάρτων
2436 2612 2679 2684 καθαρόν
2743 2632 2834 2685 με,
2891 2616 3090 2687 Πέτρε,
3143 2618 3289 2680 ταῖς.
3325 2620 3662 2688 πρεσϐείαις

2059 2719 2177 2758 σου.

2124 2798 2531 2868 Δημηγορήσας
2560 2800 2617 2852 ὲν
2652 2799 2814 2865 Σιὼν,
2858 2800 2955 2853 καὶ
2988 2802 3080 2854 τὸν
3129 2803 3232 2872 τῆς
3276 2802 3522 2867 πίστεως
3562 2804 3661 2857 λό-

2054 2905 2150 2957 γον
2203 2891 2581 2961 κατασπείρας
2621 2892 2840 2963 πρῶτος
2887 2896 2946 2946 ιν
2976 2895 3136 2965 αὐτῇ,
3186 2895 3458 2965 πολύχουν
3494 2897 3658 2959 εὐθὺς

2053 2980 2145 3034 τὸν
2174 2984 2377 3053 στάχυν
2420 2984 2685 3054 ἧνεγκας,
2734 2986 3174 3056 καρποφορήσας
3214 2988 3275 3039 ὲν
3307 2985 3535 3058 Χριστῷ
3584 2992 3657 3057 τῇ

1976 3074 2020 3134 C
2056 3076 2392 3146 πανυμνήτῳ
2444 3074 2658 3145 Τριάδι,
2712 3076 2923 3144 ἀνδρῶν
2977 3078 3298 3149 τρισχιλίων
3355 3078 3657 3151 ἐκκλησίαν

2057 3166 2284 3235 σεπτήν.

2135 3257 2223 3321 Ὧς
2284 3257 2524 3331 διαέριος
2570 3259 2779 3333 πυρσὸς
2821 3263 2931 3323 τοῖς
2980 3262 3039 3313 ἐν
3085 3260 3320 3330 πελάγει
3374 3263 3654 3334 θαλάσσης

2055 3350 2450 3421 ποντουμένοις
2517 3351 2685 3420 μέσον
2747 3351 2846 3422 τῆς
2921 3353 3137 3417 νυκτὸς,
3209 3354 3480 3418 ὡσαύτως
3541 3359 3655 3419 τοῖς

2055 3442 2279 3496 πλέουσι
2326 3444 2426 3513 τὴν
2468 3442 2747 3498 θάλασσαν
2791 3443 2893 3514 τὴν
2941 3443 3179 3516 ζοφερὰν
3225 3446 3323 3499 καὶ
3367 3447 3651 3516 σκοτεινὴν

2052 3535 2153 3605 τῆς
2194 3536 2572 3607 πολυκύμονος
2619 3537 2826 3608 πλάνης
2865 3536 3072 3607 ἔφανας
3108 3537 3272 3608 φωτὶ,
3315 3537 3519 3610 Πέτρε,
3556 3540 3649 3609 τῆς

2053 3628 2315 3692 πίστεως.
3440 3692 3455 3707 θ

2126 3724 2462 3777 Θεοτόκιον.
2498 3754 2566 3766 -
2593 3724 2660 3777 Σὲ
2692 3723 2962 3794 κραταιάν
2993 3724 3343 3794 καταφυγὴν,
3376 3726 3474 3778 καὶ
3516 3726 3649 3797 πρὸς

2051 3817 2113 3869 τὸ
2143 3816 2341 3880 σώζειν
2374 3816 2602 3887 ἑτοίμην
2632 3819 2989 3889 προστασίαν,
3041 3818 3334 3883 Δέσποινα,
3380 3819 3644 3885 πλουτῶν,

2053 3906 2272 3978 θερμῶς
2305 3908 2533 3962 ἱκετεύω
2574 3926 2632 3962 σε
2665 3910 2759 3963 καὶ
2787 3909 3002 3979 δέομαι,
3036 3910 3137 3980 τῆς
3186 3911 3327 3981 ἐμῆς
3380 3912 3646 3983 πρόστηθι

2050 3998 2250 4070 ψυχῆς,
2281 4000 2663 4072 χωριζομένης
2689 4000 2785 4054 τοῦ
2819 4003 3077 4074 σκήνους,
3128 4004 3223 4057 καὶ
3268 4006 3408 4074 πρὸς
3443 4005 3646 4075 κόσμον

2052 4092 2209 4147 ἄλλον
2231 4094 2573 4164 άπαιρούσης
2598 4096 2662 4148 ἐκ
2690 4096 2814 4166 γῆς.

2479 4207 2620 4278 ’ῼδὴ
2651 4209 2727 4262 Δ’.
2772 4208 2836 4261 '0
2871 4209 3221 4276 πατρικούς.

2132 4301 2191 4355 Ὀ
2246 4300 2582 4372 προδραμὼν
2630 4300 2849 4355 πάντων
2909 4300 3171 4373 μαθητῶν
3214 4303 3309 4355 ἐπὶ
3349 4303 3442 4356 τὸν
3478 4304 3639 4373 τάφον

344 4401 674 4471 sepulcrum
720 4401 1195 4471 praestantissimae
1245 4405 1382 4470 vitae,
1438 4404 1495 4460 in
1543 4408 1798 4477 sepulcro
1853 4426 1944 4480 pe-

2086 4396 2148 4465 ῆς
2198 4394 2563 4448 ὲνυποστάτου
2625 4392 2795 4461 ζωῆς,
2848 4393 2943 4448 τὸν
3000 4395 3057 4446 ὲν
3109 4392 3269 4465 τάφῳ
3329 4412 3398 4465 με
3446 4396 3634 4449 καθεά-

360 4501 508 4547 ιῑαεαξ
553 4490 934 4548 obdurationis
967 4492 1330 4551 dormientem
1385 4496 1565 4553 excita
1598 4514 1685 4556 me
1710 4515 1807 4571 per
1831 4517 1946 4573 poc-

360 4578 671 4635 nitentiam.

433 4670 733 4728 Recordari
765 4672 954 4729 horret
989 4688 1146 4730 mens
1174 4682 1308 4745 quot
1344 4683 1547 4743 terras,
1586 4687 1723 4747 quot
1767 4681 1941 4734 maria

358 4764 679 4835 pervadere,
710 4774 843 4836 quot
872 4766 1126 4835 sudores,
1157 4775 1290 4837 quot
1320 4768 1537 4824 labores
1570 4772 1809 4841 perferre
1833 4788 1940 4827 non

359 4857 625 4914 dubitasti
655 4872 755 4928 pro
781 4857 1078 4929 Evangelio
1108 4858 1319 4929 gratiae.

416 5036 486 5091 ‘ln
517 5035 664 5090 malo
692 5050 1099 5092 consenescens
1130 5037 1324 5105 procul
1370 5051 1399 5090 a
1426 5037 1518 5091 via
1554 5036 1674 5103 Dei,
1707 5050 1942 5112 utroque

360 5126 563 5195 poplite
595 5126 879 5181 clauilico:
922 5124 1166 5190 devium,
1205 5134 1417 5194 sancte,
1447 5126 1515 5181 ad
1540 5129 1805 5185 virtutem
1854 5148 1943 5188 re-

356 5216 554 5273 forma.

424 5331 725 5402 Acceptam
763 5345 791 5385 a
822 5331 1044 5388 Christo
1085 5331 1420 5398 'Ecclesiam,
1467 5349 1632 5403 quam
1673 5334 1791 5405 ipse
1829 5334 1939 5392 Do-

355 5421 541 5479 minus
564 5423 879 5486 constituit,
904 5439 1011 5479 non
1038 5433 1223 5481 autem
1259 5424 1533 5491 homines,
1565 5424 1704 5482 bene
1738 5427 1939 5499 guber-

354 5514 522 5577 nasti,
554 5524 614 5569 ut
647 5532 862 5580 navent,
893 5517 1155 5588 apostole.

424 5691 503 5748 Te
526 5694 765 5765 speciem
786 5695 976 5766 Jacob,
1010 5713 1173 5771 quam
1205 5696 1488 5767 mundam,
1523 5709 1574 5757 et
1603 5702 1856 5770 elcc1am,
1883 5711 1935 5760 et

2054 4487 2213 4541 δοντα
2252 4485 2511 4549 λιθώδους
2554 4484 2888 4557 πωρώσεως,
2933 4485 3021 4539 διὰ
3063 4487 3356 4558 μετάνοιαν
3405 4490 3634 4561 ἀνάστη-

2056 4589 2170 4627 σον.

2138 4670 2367 4742 Ἰλιγγιᾷ
2409 4670 2532 4735 νοῦς
2576 4670 2863 4725 κατανοεῖν
2908 4669 3005 4739 τὴν
3047 4669 3104 4722 ὲν
3154 4668 3403 4739 θαλάσσῃ
3457 4672 3547 4724 καὶ
3581 4673 3633 4725 ὲν

2053 4767 2122 4835 γῇ
2169 4762 2455 4833 περίοδον·
2512 4764 2640 4827 τοὺς
2709 4761 2965 4833 ἱδρῶτας,
3020 4762 3148 4823 τοὺς
3198 4762 3485 4831 καμάτους
3544 4780 3629 4817 σου

2051 4856 2146 4920 οὓς
2185 4856 2343 4927 ἔτλης
2385 4855 2690 4926 γηθόμενος
2736 4854 2879 4927 ὑπὲρ
2918 4853 3015 4907 τοῦ
3046 4850 3387 4922 Εὐάγγελίου
3413 4853 3510 4922 τῆς
3542 4856 3629 4924 χά-

2056 4964 2219 5018 ριτος.

2122 5038 2459 5101 Παλαιωθεὶς
2485 5038 2606 5101 ὅλος
2654 5039 2711 5090 ὲν
2763 5038 2954 5099 κακοῖς
3002 5035 3109 5090 ἀπὸ
3151 5035 3262 5089 τῶν
3308 5035 3513 5107 τρίϐων
3542 5031 3623 5087 τοῦ

2050 5126 2186 5182 Θεοῦ
2258 5126 2506 5198 ὲχώλανα
2581 5126 2927 5197 ἀμφοτέραις
2999 5127 3123 5188 ταῖς
3188 5123 3408 5192 ἰγνύαις
3485 5138 3620 5193 μου’

2050 5220 2344 5289 ἀρτίωσον,
2377 5219 2526 5288 ἅγιε,
2560 5218 2654 5272 τὸν
2685 5217 2824 5289 προς
2858 5218 3066 5288 ἀρετήν
3092 5233 3159 5286 με
3189 5216 3519 5286 χωλεύοντα.

2134 5332 2229 5385 Ἐκ
2253 5331 2348 5385 τοῦ
2400 5331 2639 5402 Χριστοῦ
2674 5331 2738 5385 σὺ
2768 5327 3106 5402 παραλαϐὼν
3137 5327 3239 5399 τὴν
3284 5324 3619 5398 Ἐκκλησίαν,

2049 5425 2115 5495 ἥν
2172 5423 2339 5487 αὐτὸς
2378 5424 2407 5477 ὁ
2464 5422 2673 5495 Κύριος
2732 5423 2827 5476 καί
2879 5423 2980 5475 οὐκ
3034 5419 3320 5494 ἄνθρωποι
3371 5419 3619 5489 ἐπήξατο,

2051 5515 2229 5580 καλῶς
2312 5515 2691 5586 ὲκυὸέρνησας
2771 5515 2848 5577 ὡς
2921 5513 3123 5568 ὁλκάδα
3190 5512 3439 5584 ταύτην,
3498 5509 3623 5566 ἀπδ-

2050 5611 2221 5666 στολε.

2123 5706 2454 5765 Θεοτόκιον.
2490 5737 2560 5750 -
2588 5703 2701 5777 Τὴν
2735 5701 3004 5775 καλλονὴν
3035 5718 3095 5755 σε
3144 5699 3240 5755 τοῦ
3281 5697 3500 5763 Ἰακὼϐ,
3530 5698 3617 5765 τὴν
