3874 6350
253 508 393 576 1393

1438 513 1758 575 HYMNUS
1783 515 1863 575 IN
1899 518 1959 576 S.
2002 517 2432 580 GEORGIUM.

3404 528 3538 589 135M

247 619 497 691 καθαράν
566 620 660 674 καὶ
711 618 974 691 ἐκλεκτὴν
1023 620 1121 674 καὶ
1170 619 1404 692 ἄμωμον
1449 623 1518 694 ἢν
1576 624 1833 695 ἠγάπησε

1964 618 2353 684 ιθηόῐίδεὶηιαηι
2402 625 2599 683 dilexit
2634 627 2892 685 Christus
2948 628 3094 687 Deus
3126 632 3539 702 pulchritudine

246 713 486 783 Χριστὸς
514 714 543 766 6
570 712 725 779 Θεὸς,
756 714 786 765 6
823 712 1016 767 κάλλει
1052 714 1415 785 ἀσύγκριτος,
1450 714 1703 780 ἱκετεύω,
1739 716 1842 769 Δέ-

251 821 468 871 σποινα,
497 803 673 858 σῶσόν
708 821 799 873 με.

618 896 759 965 ’ῼδὴ
793 894 879 950 Ε¹.
912 897 1088 966 Κύριε
1113 900 1145 952 ό
1176 900 1321 965 Θεός
1344 915 1486 967 μου.

332 983 555 1056 Ῥώμης
586 985 615 1037 6
642 985 953 1058 πολιοῦχος,
986 989 1082 1042 καὶ
1108 989 1207 1057 τῆς
1244 988 1524 1059 βασιλείας
1553 992 1582 1045 6
1612 992 1843 1064 ταμιοῦ-

246 1094 365 1147 χος,
419 1078 454 1148 ἡ
510 1076 688 1150 πέτρα
751 1080 851 1150 τῆς
898 1080 1175 1147 πίστεως,
1222 1084 1250 1136 6
1309 1084 1539 1156 στερρὸς
1590 1085 1845 1157 θεμέλιος

246 1168 347 1236 τῆς
376 1168 676 1241 καθολικῆς
719 1171 1048 1245 Ἐκκλησίας
1075 1176 1241 1244 ἱεροῖς
1272 1175 1549 1246 ὑμνείσθω
1583 1178 1641 1232 ὲν
1663 1178 1844 1251 ᾄσμα-

247 1276 356 1315 σιν.

215 1352 222 1381 .-
321 1354 471 1419 Ἕως
510 1354 763 1424 ἑπτάκις
813 1358 982 1412 πάλαι
1027 1358 1121 1413 τοῦ
1172 1361 1411 1432 Χριστοῦ
1460 1364 1769 1434 πυθόμενος
1795 1366 1843 1419 εί

244 1445 482 1515 ἀφήσεις
518 1449 632 1511 τοῖς
680 1448 1160 1522 ἐξαμαρτάνουσιν
1204 1454 1286 1516 είς
1325 1454 1408 1517 σὲ,
1440 1455 1643 1526 Πέτρε,
1683 1457 1847 1528 ἡκου-

249 1553 372 1603 σας,
399 1539 483 1591 Οὐ
512 1538 668 1609 λέγω
692 1554 791 1595 σοι
812 1541 925 1609 ἕως
958 1543 1226 1610 ἑπτάκις,
1249 1544 1759 1615 ἑϐδομηκοντάκις
1775 1548 1846 1602 δὲ

242 1629 485 1698 μᾶλλον
506 1629 680 1684 ἑπτά.

322 1719 521 1791 Τίμιος
538 1722 819 1776 ἐναντίον
832 1725 1057 1792 Κυρίου
1076 1729 1110 1779 δ
1128 1727 1386 1795 θάνατος
1405 1729 1524 1784 τῶν
1536 1731 1726 1786 ὁσίων
1742 1735 1847 1786 ai;-

248 1813 378 1880 τοῦ,
402 1812 583 1877 καθὼς
619 1813 931 1886 γέγραπται
953 1835 966 1849 ·
1004 1820 1031 1870 ὁ
1056 1818 1148 1881 σὸς
1179 1819 1259 1888 δὲ,
1287 1821 1637 1895 πανεύφημε,
1664 1825 1846 1897 πολλῷ

244 1901 574 1975 τιμιώτερος
599 1903 802 1973 ὅντως,
831 1907 908 1972 ὡς
947 1906 1043 1961 τοῦ
1080 1909 1227 1963 θείου
1276 1912 1488 1977 πάθους
1533 1916 1841 1988 ἐκσφράγι-

247 2010 384 2065 σμα.

320 2087 546 2142 Ἅπασα
580 2087 824 2160 μαλακία
854 2090 919 2143 ὲκ
948 2090 1057 2145 τῶν
1088 2093 1493 2161 πιστευόντων,
1544 2096 1640 2150 καὶ
1685 2098 1839 2151 πᾶσα

245 2180 405 2245 νόσος
441 2182 562 2245 ταῖς
595 2180 944 2246 ἀλεξικάκοις
992 2199 1088 2236 σου
1134 2182 1421 2255 παλάμαις
1450 2186 1745 2257 ἠλαύνετο,
1773 2190 1839 2253 ἃς

244 2273 516 2337 ἐπιτιθεὶς
541 2276 654 2338 τοῖς
679 2273 951 2339 νοσοῦσιν,
985 2275 1158 2344 ὑγιεῖς
1192 2277 1437 2343 ἑδείκνυς
1461 2320 1476 2344 ,
1544 2281 1834 2335 ἀπόστολε.

320 2367 659 2420 Θεοτόκιον.
683 2365 1046 2435 -“Υψωσας,
1071 2367 1324 2433 Θεοτὸκε,
1358 2371 1458 2440 τὴν
1485 2372 1844 2426 ταπεινωθεῖ-

247 2473 348 2510 σαν
402 2455 710 2527 ἀνθρώπων
764 2458 950 2527 φύσιν,
1000 2460 1096 2513 καλ⁸
1144 2461 1350 2532 ταύτην
1392 2461 1685 2533 ὲξήγειρας
1744 2464 1839 2518 τοῦ

245 2549 480 2620 ἀρχαίου
497 2548 791 2621 πτώματος
812 2567 825 2584 ο
846 2552 939 2605 τὸν
965 2553 1202 2623 Χριστὸν
1225 2553 1355 2623 γάρ,
1386 2554 1477 2608 τὸν
1505 2554 1841 2627 ἀνορθοῦντα

242 2644 375 2707 τοὺς
396 2643 908 2715 κατερῤαγμένους,
934 2645 1258 2717 ἐγέννησας.

699 2758 839 2829 ’ῼδὴ
876 2762 968 2827 ς’.
999 2759 1368 2818 Ναυτιῶντα.

319 2869 402 2922 Τά
432 2867 599 2938 ψευδῆ
636 2872 860 2939 σημεῖα,
902 2873 998 2925 καὶ
1041 2872 1138 2935 τὰς
1169 2872 1554 2944 φασματώδεις
1583 2875 1841 2944 δυνάμεις

239 2958 341 3012 τοῦ
394 2959 663 3029 Σίμωνος,
690 2961 891 3033 Πέτρε,
922 2961 1018 3015 τοῦ
1070 2964 1385 3033 καταράτου
1427 2967 1507 3029 είς
1557 2966 1618 3019 τὸ
1669 2965 1841 3035 μηθὲν

237 3050 509 3113 διαλύσας
531 3050 819 3116 ἀνέλυσας,
840 3053 916 3116 ὡς
931 3052 1084 3124 ἥλιος
1106 3056 1304 3124 γνόφον
1333 3057 1425 3110 καὶ
1453 3057 1686 3128 ὁμίχλην
1704 3075 1716 3089 ·
1746 3058 1841 3111 καὶ

240 3139 448 3205 πολλάς
479 3142 737 3213 δυνάμεις
772 3143 832 3196 ὲν
870 3143 990 3214 Θεῷ
1019 3145 1308 3215 ἐποίησας.

326 3234 395 3287 Ἠ
421 3233 558 3288 Θεοῦ
591 3233 753 3305 σοφία
800 3236 833 3305 ἡ
886 3234 1279 3303 ὲξουσιάζουσα
1326 3238 1566 3304 πάντων,
1601 3239 1697 3292 καὶ
1733 3236 1839 3302 σοὶ,

1949 720 2405 792 incomparabilis
2436 740 2450 777 :
2483 736 2603 789 oro,
2627 721 2880 792 Domina,
2913 724 3063 781 salva
3095 738 3197 782 me.

2323 902 2435 958 Ode
2470 901 2531 958 V.
2567 903 2792 960 Domine
2824 905 2966 961 Deus
2994 922 3161 967 meus.

2022 996 2209 1050 Romae
2230 1010 2457 1067 praeses.
2484 1003 2539 1051 et
2570 998 2708 1067 regii
2739 998 2942 1061 aerarii,
2975 1005 3126 1068 petra
3150 997 3292 1062 ﬁdei,
3321 998 3537 1053 ﬁrmum

1948 1088 2231 1144 catholicae
2264 1087 2526 1145 Ecclesiae
2559 1088 2997 1157 fundamentum,
3038 1091 3212 1147 sacris
3244 1089 3537 1147 celebrcris

1947 1178 2308 1235 carminibus.

2024 1357 2201 1429 Usque
2255 1360 2466 1429 septies,
2521 1358 2806 1430 respondit
2870 1358 2969 1414 tibi
3028 1357 3283 1413 Christus
3334 1355 3535 1427 petenti

1947 1450 2167 1518 quoties
2196 1450 2558 1522 peccantibus
2606 1449 2659 1504 in
2693 1457 2745 1504 te
2781 1448 3197 1513 dimittendum,
3249 1445 3374 1501 Non
3418 1447 3537 1501 dico

1949 1542 2046 1594 tibi
2071 1557 2235 1611 usque
2265 1542 2481 1609 septies,
2514 1541 2604 1596 sed
2635 1556 2799 1610 usque
2832 1541 3126 1611 septuagies
3156 1538 3368 1607 septies.

2020 1721 2363 1776 Honorabitis
2394 1737 2572 1775 coram
2604 1721 2832 1776 Domino
2877 1738 3021 1776 mors
3056 1729 3362 1777 sanctorum
3395 1720 3526 1789 ejus,

1950 1816 2031 1868 uti
2064 1814 2332 1884 scriptum
2354 1821 2438 1869 est
2462 1831 2477 1880 ;
2512 1820 2603 1868 tua
2628 1829 2759 1869 vero
2782 1815 2959 1869 multo
2984 1813 3383 1878 honorabilior,
3405 1812 3527 1882 quia

1949 1904 2147 1958 divinae
2170 1903 2447 1974 passionis
2486 1917 2612 1958 vera
2643 1903 2849 1974 imago.

2012 2095 2208 2151 Omnis
2258 2110 2426 2166 sopor
2472 2096 2666 2166 procul
2725 2110 2754 2149 a
2810 2095 3184 2160 credentibus,
3235 2105 3321 2151 et-
3353 2097 3531 2152 omnis

1944 2187 2170 2242 morbus
2231 2187 2539 2257 pellebatur
2568 2186 2876 2243 salutiferis
2910 2187 3021 2241 tuis
3080 2186 3358 2251 manibus,
3395 2202 3533 2257 quas

1944 2278 2282 2347 imponendo
2313 2277 2618 2349 languidis,
2647 2279 2886 2333 sanahas
2912 2292 3127 2342 omnes,
3153 2279 3424 2348 apostole.

2013 2368 2368 2443 Deiparre.-.—
2389 2367 2745 2423 llumiliatam
2771 2369 3053 2423 hominum
3076 2375 3332 2423 naturam
3370 2370 3531 2426 restio

1946 2460 2123 2524 tuisti,
2144 2459 2239 2514 Dei
2272 2458 2544 2526 Genitrir,
2576 2459 2803 2529 antiquo
2841 2473 2974 2513 casu
3014 2458 3332 2529 depressam
3359 2462 3532 2516 erexi.

1946 2555 2049 2620 sti;
2092 2568 2216 2607 nam
2253 2553 2489 2624 genuisti
2524 2552 2832 2617 Christum,
2864 2552 2960 2622 qui
2991 2553 3198 2608 exaltat
3230 2554 3493 2611 humiles.

2414 2752 2525 2808 Ode
2569 2750 2662 2807 VI.
2717 2751 3039 2806 Vomentem.

2015 2868 2253 2922 Fallacia
2279 2867 2435 2937 signa
2473 2864 2745 2920 maledicti
2779 2864 3041 2927 Simonis,
3066 2862 3245 2927 Petre,
3282 2873 3334 2917 et
3354 2878 3528 2922 vanas

1944 2962 2177 3017 virtutes
2200 2972 2433 3031 prorsus
2450 2950 2717 3019 avertisti.
2747 2956 2890 3009 sicut
2915 2954 2996 3009 sol
3028 2955 3288 3010 tenebras
3312 2963 3368 3009 et
3395 2954 3523 3011 cali-

1945 3054 2125 3124 ginem
2156 3051 2309 3123 l‘ugat
2336 3068 2349 3114 ;
2380 3059 2434 3106 et
2465 3049 2637 3104 multa
2670 3048 2921 3120 prodigia
2945 3048 2999 3103 in
3025 3048 3137 3103 Deo
3169 3048 3369 3105 fecisti.

2014 3229 2376 3300 Omnipotens
2410 3229 2502 3285 Dei
2544 3227 2837 3300 sapientia,
2892 3227 2992 3283 tibi
3045 3243 3287 3299 quoque,
3342 3230 3522 3293 Pctre,

239 3310 445 3396 Πέτρε,
472 3325 708 3379 δέδωκεν
730 3327 979 3393 ἐξουσίαν
1008 3330 1196 3381 πατεῖν
1224 3327 1411 3383 ἐπάνω
1435 3329 1712 3401 σκορπίων
1740 3330 1833 3383 καὶ

1964 3320 2254 3376 nouitatem
2316 3319 2467 3376 dedit
2519 3334 2685 3388 super
2738 3318 3066 3388 scorpiones
3132 3318 3525 3375 deambulandi

236 3418 423 3486 ὄφεων
455 3417 562 3470 τῶν
599 3434 658 3470 τε
688 3419 902 3489 ὁρατῶν
936 3419 1029 3473 καὶ
1063 3420 1314 3491 ἀοράτων
1336 3461 1351 3488 ,
1387 3414 1462 3475 ὧν
1498 3423 1596 3493 τῆς
1631 3420 1837 3476 ίοὸόλου

238 3509 586 3578 κακουργίας
623 3508 786 3580 ῥῦσαί
821 3526 914 3581 με.

320 3623 428 3677 Καὶ
474 3623 696 3694 μᾶλλον,
735 3623 934 3694 Πέτρε,
988 3624 1113 3688 τοὺς
1159 3623 1535 3695 ὡραιοτάτους
1589 3643 1685 3679 σου
1739 3627 1839 3681 πό-

238 3716 368 3778 δας.
414 3755 428 3771 .
475 3755 487 3769 .
512 3715 731 3787 Reliqua
761 3716 1152 3772 desiderantur.

678 3832 956 3886 ΙΩΑΝΝΟ
968 3832 1015 3884 Υ
1053 3831 1359 3885 ΜΟΝΑΧυ
1371 3832 1418 3883 Υ

423 3921 665 3975 ΚΑΝΩΝ
705 3922 817 3976 ΕΙΣ
854 3923 993 3976 ΤΟΝ
1034 3923 1240 3976 APION
1293 3922 1655 3987 ΓΕΩΡΓΙΟΝ,

275 4028 354 4091 οὗ
379 4033 418 4103 ἠ
444 4034 693 4103 άκροστι
741 4037 827 4100 ις’
856 4033 1130 4119 Γεωργίου
1167 4034 1243 4101 μά
1281 4051 1443 4104 τυρος
1486 4033 1644 4105 ὑμνῶ
1674 4034 1801 4098 τοὺς

673 4054 901 4155 ﬁlms.
940 4105 1101 4155 Awoc
1138 4054 1409 4155 Ἰωάννου.

673 4104 874 4164 ἄθλους
888 4145 901 4159 .
940 4104 1101 4167 Αἶνος
1138 4104 1409 4160 Ἰωάννου.

443 4194 582 4263 ᾨδή
608 4191 689 4248 A'.
716 4186 901 4260 Ἦχος
931 4195 1036 4247 πλ.
1074 4192 1144 4246 δ’.
1185 4193 1655 4262 Ἀρματηλὰτην.

317 4289 478 4362 [C04].
515 4287 555 4342 Υ.
586 4284 735 4356 155.]
778 4285 1124 4357 Γεοπονήσας
1162 4285 1239 4357 τῷ
1287 4286 1509 4357 σταυρῷ
1537 4286 1637 4357 τὴν
1665 4286 1833 4358 ἄρου-

237 4399 348 4455 ραν
378 4380 480 4451 τῆς
505 4377 775 4443 διανοίας,
810 4376 907 4430 καὶ
954 4379 1013 4430 ὲν
1063 4378 1202 4448 αὐτῇ
1254 4378 1485 4447 σπείρας
1528 4378 1730 4449 ἀρετὰς
1776 4380 1833 4432 ὲν

229 4475 496 4543 δάκρυσι,
529 4470 768 4543 θερίζεις
814 4468 1170 4538 ἀγαλλίασιν·
1222 4468 1311 4521 διά
1343 4468 1453 4539 γὰρ
1500 4470 1828 4540 μαρτυρίου,

233 4563 280 4616 Γ
284 4560 506 4632 εὼργιε,
538 4558 894 4631 ὲγεώργησας
931 4558 1136 4628 στάχυν
1162 4558 1510 4629 ψυχοτρόφον
1540 4558 1790 4623 ἀείζωον.

1940 3414 2187 3470 visibiles
2233 3421 2289 3469 et
2349 3411 2689 3477 invisibiles;
2742 3425 2978 3482 quorum
3032 3425 3063 3465 a
3103 3420 3372 3467 venenata
3413 3428 3528 3469 ma-

1940 3504 2189 3577 lignitate
2218 3519 2307 3561 me
2332 3504 2556 3562 liberes.

2009 3615 2090 3671 Ac
2120 3617 2328 3685 potius,
2360 3615 2543 3681 Petre,
2592 3614 3036 3686 speciosissimos
3081 3618 3249 3688 pedes
3277 3625 3521 3688 _tuos.....
3622 3696 3625 3697 ν

1941 3706 2163 3778 Reliqua
2193 3708 2589 3764 desiderantur.

2347 3822 2683 3878 JOANNIS
2730 3824 3083 3882 MONACHI

2146 3910 2438 3967 HYMNUS
2479 3910 2546 3965 IN
2585 3910 2875 3969 BEATUM
2923 3914 3310 3972 GEORGIUM.

1937 4024 2134 4080 Prima!
2173 4042 2416 4080 versuum
2454 4026 2658 4104 [inerte
2690 4038 2882 4104 sonant
2927 4028 3215 4104 :_Georgii
3267 4032 3522 4104 martyris

2236 4104 2401 4152 canto
2430 4099 2754 4152 certamina.
2784 4096 2930 4155 Laus
2958 4096 3210 4156 Joannis.

2094 4187 2206 4242 Ode
2245 4185 2296 4242 Ι.
2332 4185 2511 4243 Sanus
2551 4186 2645 4241 πλ.
2689 4188 2742 4242 4.
2774 4187 2979 4244 Curru;
3007 4191 3351 4261 agitatorem.

2006 4281 2183 4336 Cruce
2210 4293 2464 4350 campum
2498 4280 2703 4335 mentis
2745 4280 3071 4349 excoluisti,
3122 4281 3312 4352 ibique
3346 4282 3403 4338 in
3438 4283 3517 4337 la-

1934 4374 2141 4445 crymis
2170 4372 2401 4428 virtutes
2445 4371 2728 4429 seminasti
2752 4412 2766 4436 ,
2802 4388 2953 4430 nunc
2988 4372 3152 4431 metis
3194 4375 3519 4431 exsultatio-

1935 4480 2058 4519 nem
2084 4481 2099 4529 ;
2134 4479 2260 4519 nam
2294 4480 2393 4534 per
2421 4464 2771 4535 martyrium,
2801 4463 3025 4536 Georgi,
3047 4481 3281 4523 messem
3306 4469 3516 4540 parasti

1934 4554 2318 4623 spiritualibus
2339 4554 2676 4623 aeternisque
2714 4554 2988 4611 fructibus
3017 4556 3301 4613 refertam.

325 4653 413 4705 ’Ev
441 4651 521 4722 τῷ
551 4651 768 4722 σφοδρῷ
796 4651 896 4721 τῆς
928 4648 1186 4714 ἀσεϐείας
1217 4648 1448 4704 κλύδωνι
1476 4648 1672 4721 ἔστης,
1704 4651 1817 4704 ἀοί-

2005 4642 2185 4697 Media
2210 4643 2263 4697 in
2294 4643 2587 4713 impiorum
2612 4651 2931 4713 tempestate
2952 4646 3215 4704 immotus
3238 4650 3513 4716 restitisti,

229 4746 386 4815 διμε,
421 4744 498 4807 ὡς
544 4742 796 4815 ἀρραγὴς
843 4742 1044 4813 πέτρα,
1077 4740 1173 4795 καὶ
1201 4742 1279 4805 ὡς
1307 4741 1518 4813 πύργος
1546 4742 1821 4809 ἄσειστος,

231 4833 474 4906 γενναίῳ
522 4833 871 4905 ἀναστήματι
918 4833 1021 4902 τῆς
1075 4834 1302 4903 στερεᾶς
1351 4849 1447 4885 σου
1498 4832 1726 4903 καρδίας
1756 4833 1824 4886 τά

230 4927 349 4983 τῶν
379 4924 658 4981 κολάσεων
687 4925 913 4996 κύματα
941 4925 1087 4980 λύων
1125 4927 1206 4990 εἰς
1243 4924 1517 4997 ἀφρὼδεις
1549 4926 1825 4997 πομφόλυ-

232 5038 367 5091 γας.

312 5110 525 5181 Ὠφθης
552 5110 628 5174 ὼς
657 5110 795 5164 λέων
820 5107 1100 5173 πεποιθὼς
1129 5109 1157 5161 6
1181 5108 1392 5174 δίκαιος
1412 5125 1425 5142 ·
1451 5109 1561 5164 τῶν
1583 5109 1824 5179 ἀγεννῶν

232 5202 347 5273 γάρ
382 5201 569 5255 παθῶν
598 5200 893 5271 βασιλικῶς
919 5199 1112 5272 ἄρξας,
1140 5201 1428 5273 άπτοήτως
1457 5200 1726 5273 ὥρμησας
1749 5203 1826 5266 ὼς

206 5291 375 5351 ,λέων
404 5292 485 5355 είς
513 5290 574 5344 τὸ
609 5291 823 5345 στάδιον
842 5331 858 5351 ,
884 5290 1014 5353 τοὺς
1054 5290 1290 5361 ἐχθροὺς
1320 5291 1721 5362 καταπλήττων
1749 5291 1826 5357 ὥς

230 5398 390 5446 τινας
441 5379 652 5451 φαύλας
682 5379 981 5443 ἀλώπεκας
1030 5380 1110 5451 τῷ
1157 5380 1426 5452 βασιλικῷ
1480 5398 1576 5436 σου
1623 5381 1826 5453 βρυχή-

237 5492 391 5545 ματι.

318 5566 474 5622 Ῥοῦν
525 5566 626 5637 τῆς
673 5565 892 5636 ἀπάτης
940 5564 1195 5636 ἀκρατῶς
1235 5568 1558 5638 φερόμενον,
1592 5567 1821 5641 μάρτυς,

232 5656 533 5726 ἀνέκοψαςο
575 5656 637 5710 τὸ
674 5655 782 5730 γὰρ
823 5654 991 5709 αὑτοῦ
1042 5656 1165 5720 ζέον
1212 5659 1306 5711 καὶ
1345 5659 1407 5711 τὸ
1452 5660 1823 5729 ἀκμαιότατον

236 5746 503 5814 ῥαγδαίας
537 5747 918 5818 προσϐαλόντα
953 5765 1036 5801 σοι
1066 5749 1161 5801 καὶ
1191 5748 1437 5819 σφοδρῶς
1483 5754 1823 5823 προσραγέν-

230 5847 327 5899 τα,
366 5828 453 5887 οἷα
504 5837 758 5909 φραγμδς
798 5837 1183 5910 ἀκαθαίρετος,
1216 5838 1393 5893 ὀπίσω
1444 5844 1639 5913 χωρεῖν
1690 5861 1821 5899 κατ-

232 5926 447 5996 ηνάγκα
456 5942 575 5992 σας.

1927 4734 2011 4788 vir
2032 4733 2329 4799 celebrate,
2375 4734 2524 4789 velut
2550 4735 2883 4791 inconcussa
2914 4744 3161 4806 petra,et
3176 4739 3323 4796 velut
3343 4742 3515 4800 turris

1930 4825 2278 4890 ﬁrmissima,
2341 4826 2577 4897 ingenua
2639 4827 2826 4886 cordis
2875 4829 3135 4887 ﬁrmitate
3168 4834 3513 4891 cruciatnum

1929 4916 2131 4977 tinctus
2160 4917 2405 4975 elunlisti.

1998 5134 2318 5206 Apparuisti
2356 5136 2499 5191 velut
2524 5136 2609 5193 leo
2645 5137 2786 5195 lidus
2817 5147 2871 5193 et
2896 5138 3120 5209 justus;
3159 5153 3283 5192 nam
3331 5140 3513 5208 pravis

1929 5228 2330 5298 cupiditatibus
2354 5228 2608 5301 regaliter
2651 5229 2968 5285 dominatus
2996 5245 3077 5295 es,
3130 5238 3389 5299 tanquam
3428 5230 3513 5286 leo

1931 5317 2241 5389 intrepidus
2290 5319 2529 5376 stadium
2585 5319 2867 5386 invadisti,
2923 5320 3220 5391 hostesque
3269 5321 3510 5377 terruisti

1928 5426 2026 5467 ceu
2061 5412 2295 5470 miseras
2328 5412 2518 5484 vulpes
2546 5411 2697 5482 regio
2722 5412 2927 5483 rugitu.

1998 5591 2353 5662 lmpotentem
2393 5591 2601 5649 erroris
2653 5591 2858 5647 ﬂuxum
2897 5591 3219 5658 cohibuisti,
3256 5606 3503 5668 martyr;

1927 5698 2053 5738 nam
2080 5684 2198 5754 ejus
2233 5683 2341 5738 vim
2379 5684 2756 5741 vehementem
2798 5692 2853 5741 et
2887 5685 3187 5752 turbidam,
3222 5704 3506 5761 asperum-

1926 5789 2034 5844 que
2079 5773 2366 5844 impetum,
2418 5776 2569 5832 vclut
2620 5783 2834 5847 septum
2887 5777 3298 5844 inconcussum,
3327 5788 3505 5836 retro-

1925 5866 2075 5949 gredi
2101 5866 2347 5939 coegisti.
