3874 6350
379 516 516 581 1395

1813 514 2067 576 ADDEN
2076 518 2193 576 DA.

3528 516 3688 581 1396

445 625 653 693 Lingua
686 620 837 676 tarda
886 626 938 675 et
967 618 1148 682 exilis,
1181 633 1352 689 osque
1395 618 1611 675 discors
1641 628 1692 673 te
1726 619 1944 689 hymnis

2121 625 2454 680 Θεοτόκιον.
2483 653 2549 663 -—
2580 621 2807 676 Γλῶσσα
2842 623 3065 695 βραδεῖα
3105 626 3203 678 καὶ
3240 627 3434 695 σαφῶς
3480 629 3685 700 ἰσχνό-

376 715 652 771 celebrare
676 712 966 785 gloriatur,
998 712 1263 778 Domina;
1311 720 1365 767 te
1396 711 1543 767 enim
1578 720 1807 765 cantant
1837 727 1954 766 om-

378 822 473 861 nes
502 805 818 874 angelorum
857 804 1057 875 lingua-'2
1084 814 1135 859 et
1171 803 1436 859 flammeae
1475 814 1528 858 et
1562 803 1755 873 igneae,
1784 811 1838 857 et
1870 804 1953 857 in-

377 912 767 969 corporeorum
804 911 923 950 ora.

786 1079 896 1135 Odc
936 1077 1055 1132 Ill.
1102 1077 1203 1142 Qui
1245 1077 1549 1145 conﬁrmat.

448 1169 518 1226 Ut
543 1170 770 1241 gloriam
801 1177 853 1223 et
890 1169 1056 1223 vitam
1083 1169 1135 1221 in
1185 1168 1406 1223 Christo
1451 1164 1788 1223 reconditam
1822 1178 1959 1218 con-

375 1263 638 1331 tingeres,
671 1252 968 1331 despexisti
1008 1260 1237 1331 gloriam
1271 1258 1541 1331 fugacem,
1599 1266 1654 1313 et
1684 1258 1961 1327 corrupti-

380 1354 539 1409 bilem
573 1352 742 1406 vitam
763 1352 1044 1422 sapienter
1072 1351 1361 1422 neglexisti
1383 1368 1398 1416 ;
1426 1364 1597 1420 quare
1615 1363 1714 1418 per
1729 1355 1957 1402 mortem

375 1446 545 1499 vitam
575 1444 834 1499 invenisti
863 1453 1148 1499 aeternam.

450 1536 567 1591 Non
630 1536 938 1593 laborando
995 1535 1276 1600 defecisti,
1339 1549 1448 1588 non
1527 1531 1860 1601 defatigatus
1901 1544 1961 1584 es

378 1626 525 1683 velut
544 1628 669 1696 igne
694 1633 747 1681 et
766 1627 914 1682 ferro
935 1640 1209 1697 pugnans,
1234 1623 1380 1679 ferro
1411 1633 1464 1678 et
1488 1622 1638 1677 omni
1672 1620 1963 1673 adamante

382 1718 613 1785 ﬁrmior,
654 1717 747 1774 sed
798 1718 981 1773 omnia
1033 1717 1308 1787 pertulisti
1359 1716 1514 1769 velut
1566 1712 1720 1767 testis
1770 1710 1963 1764 aliena:

383 1810 685 1877 passionis.

451 1900 561 1955 Pro
582 1900 808 1955 Christo
858 1896 1266 1959 conversantis,
1306 1892 1691 1949 instrumentis
1721 1900 1963 1946 tortores

2058 730 2255 782 φωνος,
2288 713 2384 765 καὶ
2433 714 2607 782 στόμα
2643 712 2880 783 δύσηχὶν
2926 731 3007 768 σοι
3051 719 3402 785 προσφωνεῖν
3453 717 3685 788 ὕμνους

2056 802 2436 866 εὐλαϐοῦνται,
2462 803 2734 856 Δέσποινα
2753 821 2767 834 ⁸
2805 805 2861 856 σὲ
2886 805 2993 875 γὰρ
3020 805 3280 874 ὑμνοῦσιν
3304 807 3524 860 ἅπασαι
3554 809 3681 860 τῶν

2058 894 2304 964 ἀγγέλων
2328 896 2383 947 αἱ
2403 894 2646 962 γλῶσσαι
2674 895 2730 947 αἱ
2751 895 3025 966 φλογεροὶ,
3044 898 3139 949 καὶ
3157 896 3529 967 πυρίμορφοι,
3572 901 3680 951 καὶ

2058 986 2168 1040 τῶν
2200 987 2507 1057 ἀσωμάτων
2538 988 2607 1039 τά
2628 986 2900 1057 στόματα.

2492 1077 2629 1149 ’ῼδὴ
2659 1080 2747 1131 Γ’.
2776 1078 2829 1129 '0
2855 1078 3214 1145 στερεώσας.

2133 1171 2251 1223 Ἵνα
2283 1170 2381 1240 τῆς
2412 1168 2571 1238 δόξης
2603 1169 2697 1221 καὶ
2727 1170 2873 1239 ζωῆς
2910 1169 3007 1239 τῆς
3051 1171 3110 1223 ὲν
3141 1170 3367 1240 Χριστῷ
3412 1186 3677 1240 κρυπτο-

2065 1261 2236 1330 μένης
2265 1259 2553 1329 ἐπιτύχῃς,
2581 1262 2994 1330 κατεφρόνησας
3030 1260 3189 1329 δόξης
3224 1260 3528 1331 λυομένης,
3576 1265 3679 1315 καὶ

2063 1350 2308 1421 φθαρτῆς
2341 1348 2619 1419 ἠλόγησας
2667 1349 2910 1417 εὐλόγως
2944 1350 3118 1420 ζωῆς
3155 1351 3238 1404 διὸ
3280 1351 3368 1405 διὰ
3421 1352 3677 1406 Θανάτου

2064 1437 2222 1512 εὗρες
2254 1442 2401 1511 ζωὴν
2431 1442 2528 1513 τὴν
2555 1442 2796 1496 αἰώνιον.

2135 1532 2208 1585 Οὐ
2242 1532 2660 1603 κατενάρκησας
2693 1531 2890 1604 καμὼν
2911 1574 2927 1599 ,
2958 1533 3059 1587 οὐκ
3087 1534 3389 1598 ὲκοπίασας
3417 1535 3564 1598 δλως
3596 1537 3677 1599 ὡς

2068 1624 2379 1696 μαχόμενος
2414 1626 2546 1695 πυρὶ
2582 1627 2678 1678 καὶ
2712 1626 2940 1697 σιδήρῳ,
2974 1628 3001 1678 ό
3034 1627 3259 1698 σιδήρου
3305 1627 3403 1680 καὶ
3457 1630 3677 1691 παντὸς

2064 1716 2374 1786 ἀδάμαντος
2424 1717 2808 1787 στερρότατος,
2856 1716 2970 1770 ἀλλ’
2988 1717 3163 1781 οὕτως
3211 1719 3544 1789 ὲκαρτέρεις
3598 1719 3678 1781 ὼς

2066 1808 2270 1879 θεωρὸς
2300 1808 2460 1863 ἄλλου
2498 1809 2820 1879 πάσχοντος.

2148 1902 2321 1972 ’Υπὲρ
2347 1901 2583 1971 Χριστοῦ
2609 1901 2978 1973 προσομιλῶν,
2999 1900 3387 1972 κολαστηρίοις
3404 1903 3677 1972 ὀργάνοις

383 2006 584 2062 corpus
614 1989 670 2044 in
700 1997 887 2059 partes
934 1986 1213 2050 dividunt,
1259 1995 1311 2039 et
1357 1992 1545 2054 partes
1567 1984 1623 2038 in
1658 1984 1962 2039 minutissi-

2105 1993 2499 2063 ατατέμνουσιν
2543 1993 2619 2057 ὡς
2672 1993 2811 2063 μέρη
2841 2034 2856 2056 ,
2912 1994 3006 2046 καὶ
3046 1994 3183 2064 μέλη
3228 1994 3541 2063 διαιροῦσιν
3593 1997 3679 2057 είς

380 2099 493 2151 ma,
523 2081 864 2147 fortissime;
896 2079 990 2135 sed
1028 2077 1301 2134 charitate
1331 2076 1541 2131 Christi
1570 2085 1810 2132 mentem
1842 2091 1959 2131 ser—

380 2191 477 2230 vas
511 2173 945 2243 integerrimam.

449 2263 698 2319 Alnietus
729 2270 954 2333 propter
983 2260 1262 2317 Christum
1286 2302 1299 2326 ,
1342 2260 1436 2330 qui
1470 2267 1695 2331 propter
1741 2268 1793 2313 te
1823 2256 1961 2311 ami-

380 2362 507 2411 ctus
522 2364 629 2421 est,
656 2354 809 2408 illum
836 2353 890 2406 in
912 2352 1176 2407 membris
1200 2352 1310 2406 tuis
1326 2349 1677 2431 glorificasti,
1700 2358 1960 2418 tanquam

382 2449 637 2520 stigmata
666 2447 791 2518 ejus
816 2446 999 2501 ferens
1026 2445 1181 2500 carni
1209 2453 1317 2500 tua:
1339 2444 1517 2505 allisa.
1543 2452 1599 2499 et
1647 2444 1765 2513 ipse
1789 2441 1963 2511 glori-

382 2541 580 2596 ticatus
602 2555 662 2595 es
699 2538 898 2608 magis,
930 2538 1310 2592 illustrissime
1331 2535 1551 2605 Georgi.

452 2630 723 2701 Deiparw.
750 2661 821 2673 —
851 2628 1203 2683 Peccatorum
1260 2628 1502 2697 procella
1532 2664 1546 2688 ,
1610 2624 1962 2694 iniquitatum

386 2729 719 2793 tempestas,
761 2718 1122 2790 malignitatis
1181 2718 1399 2789 scopuli
1452 2716 1720 2787 dejieiunt
1781 2730 1869 2770 me
1906 2715 1960 2768 iu

385 2817 549 2868 imam
603 2813 977 2882 impietatem;
1039 2810 1109 2864 da
1164 2810 1320 2875 mihi,
1352 2808 1545 2880 Virgo,
1580 2808 1853 2873 dextram,
1894 2822 1964 2861 ne

384 2902 586 2959 ﬂuctus
616 2902 886 2957 viventem
920 2916 1005 2956 me
1052 2901 1275 2955 obruat.
1358 2938 1363 2941 τ

599 2994 711 3051 Ode
742 2993 849 3051 IV.
891 2993 993 3061 Tu,
1030 2992 1271 3065 Christe,
1298 2992 1553 3047 Dominus
1585 3008 1749 3048 meus.

457 3086 788 3142 Rhetoricas
841 3085 1227 3155 contempsisti
1282 3084 1714 3155 disputationes,
1743 3090 1798 3139 et
1831 3082 1966 3138 insi-

387 3178 661 3250 pientium
685 3191 861 3248 nugas
884 3178 1101 3231 veritati
1129 3176 1343 3248 sibique
1370 3175 1720 3231 contentiose
1744 3182 1966 3231 contra-

388 3269 732 3335 dicentium;
765 3266 973 3323 Christi
1009 3266 1103 3323 Dei
1135 3267 1464 3339 sapientiam
1498 3268 1704 3325 doctus
1731 3276 1785 3326 et
1816 3267 1967 3340 inge-

388 3362 582 3419 niosus
606 3376 674 3416 ex
699 3360 884 3416 anima
919 3360 1189 3427 dilexisti,
1222 3360 1449 3433 Georgi.

460 3452 789 3508 Turbulenti
822 3453 1239 3508 vehementium
1276 3456 1678 3508 tormentorum
1705 3451 1966 3524 impetus,

390 3557 445 3604 ct
494 3546 850 3602 amarissima
907 3546 1246 3618 flagellorum
1299 3544 1568 3611 ﬂumina,
1635 3554 1688 3601 et
1748 3546 1969 3601 turbida

391 3642 665 3711 igneaque
694 3638 883 3709 pluvia
910 3635 1076 3691 simul
1107 3644 1162 3693 te
1194 3636 1487 3699 invadunt,
1518 3644 1573 3692 et
1606 3636 1793 3692 subito
1828 3637 1971 3690 arri-

394 3735 573 3805 piunt,
602 3732 698 3788 sed
733 3716 1100 3789 confessionis
1145 3737 1249 3785 tua:
1290 3731 1485 3785 turrim
1518 3720 1827 3784 labefacere
1862 3744 1969 3783 non

392 3827 611 3893 valent;
642 3840 769 3883 nam
797 3824 852 3879 in
874 3831 1035 3894 petra
1070 3822 1298 3879 fundata
1328 3829 1472 3877 erat.

464 3915 769 3971 Fornacem
801 3915 995 3970 multis
1025 3915 1192 3986 lignis
1220 3929 1571 3978 succensum,
1610 3913 1758 3967 velut
1795 3912 1972 3966 thala—

395 4023 547 4065 mum
584 4007 862 4063 roscidum
924 4008 1213 4077 ingressus
1271 4021 1368 4073 es;
1419 4006 1652 4076 angelus
1690 4005 1837 4059 enim
1876 4003 1971 4059 Dei

397 4114 580 4154 rorem
614 4099 909 4170 quemdam
943 4113 1213 4169 spargens
1241 4097 1490 4153 fornacis
1513 4096 1855 4166 temperabat
1884 4110 1975 4150 ar—

397 4190 611 4256 tiorem,
642 4190 952 4246 excutiebat
978 4188 1285 4255 ﬂammam,
1307 4197 1364 4244 et
1391 4189 1517 4258 igne
1547 4186 1888 4256 superiorem
1922 4194 1975 4242 te

398 4283 713 4353 pmstabat.

468 4372 711 4426 Verbum
736 4371 829 4425 Del
864 4369 1050 4425 vivum
1075 4376 1131 4423 et
1161 4368 1510 4423 salutiferum
1544 4368 1728 4439 lingua
1758 4383 1972 4440 gerens,

398 4463 812 4527 illustrissime,
837 4461 1101 4533 gentilem
1151 4460 1446 4517 vivificasti
1496 4469 1624 4517 ante
1647 4462 1851 4518 Christi
1877 4462 1974 4518 de-

400 4569 659 4611 scensum
704 4554 1069 4625 defunctum;
1107 4555 1300 4612 divino
1332 4554 1666 4625 baptismate
1728 4555 1974 4626 baptiza-

2067 2086 2240 2140 λεπτά
2258 2085 2318 2139 τὸ
2349 2085 2512 2156 σῶμά
2539 2103 2655 2150 σου,
2680 2084 2953 2139 πολύαθλε
2974 2103 2987 2115 ·
3016 2086 3111 2138 τὸν
3144 2085 3406 2155 λογισμὸν
3441 2088 3676 2157 ὲτήρεις

2068 2179 2311 2248 ἄτμητον
2344 2180 2408 2231 ὲκ
2437 2179 2536 2248 τῆς
2575 2178 2798 2246 ἀγάπης
2830 2178 3093 2248 Χριστοῦ.

2138 2268 2524 2337 Μαστιγωθεὶς
2546 2268 2633 2321 διὰ
2665 2268 2901 2337 Χριστὸν
2929 2268 3022 2320 τὸν
3051 2267 3139 2321 διὰ
3169 2270 3229 2321 σὲ
3262 2268 3670 2338 μαστιχθέντα,

2068 2362 2163 2415 καὶ
2192 2360 2427 2427 δοξάσας
2454 2363 2570 2424 τοῖς
2594 2361 2706 2424 σοῖς
2732 2360 2925 2430 μέλεσι
2953 2358 3163 2423 τοῦτον,
3182 2359 3259 2423 ὡς
3287 2360 3358 2413 τὰ
3384 2362 3673 2430 στίγματα

2068 2453 2235 2507 αὑτοῦ
2260 2453 2537 2524 βαστάσας
2559 2455 2624 2524 τῇ
2652 2452 2832 2524 οίκεία
2854 2451 3024 2523 σαρκὶ
3047 2451 3447 2523 ἀντεδοξάσθης
3474 2453 3673 2519 πλέον,

2068 2544 2426 2616 δεδοξασμένε
2457 2543 2722 2615 Γεώργιε.

2141 2637 2479 2688 Θεοτόκιον.
2519 2632 2919 2704 -Ἃμαρτιῶν
2974 2650 3042 2703 με
3089 2632 3366 2701 καταιγὶς,
3420 2633 3675 2703 ἀνομιῶν

2068 2723 2357 2794 τρικυμία,
2385 2723 2780 2794 ἀλλεπάλληλοι
2804 2723 3067 2787 σπιλάδες
3097 2724 3297 2787 κακίας
3320 2723 3669 2777 συνωθοῦσιν

2070 2815 2149 2877 είς
2181 2812 2351 2882 βαθὺν
2383 2812 2546 2882 βυθὸν
2567 2813 2669 2882 τῆς
2694 2812 3069 2882 ἀπογνώσεως
3089 2830 3104 2845 ·
3129 2813 3213 2877 δός
3250 2831 3365 2883 μοι,
3388 2814 3664 2885 Παρθένε,

2068 2906 2251 2975 χεῖρα,
2285 2902 2360 2973 μὴ
2392 2901 2545 2973 κῦμα
2581 2903 2763 2967 ζῶντα
2793 2895 3014 2976 καλύψῃ
3048 2920 3137 2973 με.

2331 2992 2470 3064 ’ῼδὴ
2502 2996 2575 3047 A'.
2624 2994 2708 3048 Σύ
2728 3011 2872 3063 μου,
2900 2994 3140 3063 Χριστὲ,
3174 2995 3410 3063 Κύριος.

2151 3085 2480 3157 Ῥητορικὴν
2532 3086 2852 3158 έρεσχελίαν
2905 3086 3243 3152 διέπτυσας,
3294 3087 3393 3140 καὶ
3442 3087 3668 3157 ἀσόφων

2071 3176 2370 3247 φλήναφον,
2396 3179 2463 3248 τῇ
2491 3175 2724 3247 ἀληθείᾳ
2751 3177 2845 3230 καὶ
2867 3178 3083 3240 ἑαυτοῖς
3101 3177 3521 3249 διαμαχομένων
3546 3181 3665 3249 ἐρι-

2076 3270 2283 3331 στικοῖς
2316 3266 2648 3333 ἀντιθέσεσι,
2695 3267 2935 3340 Χριστοῦ
2966 3268 3104 3323 Θεοῦ
3140 3270 3335 3339 σοφίαν
3377 3270 3455 3333 ὡς
3501 3270 3666 3339 σοφὸς

2074 3359 2169 3413 καὶ
2198 3357 2454 3429 ἀγχίνους
2490 3360 2556 3412 ὲκ
2594 3358 2773 3431 ψυχῆς
2812 3361 3127 3432 ἀγαπήσας,
3154 3360 3416 3432 Γεὼργιε.

2147 3448 2469 3519 Τυφωνικαὶ
2503 3450 2751 3521 σφοδρῶν
2782 3451 3033 3521 βασάνων
3068 3453 3400 3518 ἀντίπνοιαι,
3428 3453 3526 3507 καὶ
3555 3472 3663 3523 μσς

2079 3542 2279 3611 στίγων
2324 3543 2562 3612 ποταμοὶ
2611 3543 2963 3614 πικρότατοι,
2995 3546 3093 3598 καὶ
3128 3546 3418 3616 πυραυγής
3465 3545 3662 3615 θολερὰ

2080 3636 2247 3706 βροχὴ
2280 3636 2396 3706 ἅμα
2432 3636 2807 3707 προσϐαλόντα
2830 3678 2845 3702 ,
2878 3640 2973 3691 καὶ
3002 3640 3272 3707 αἰφνίδιόν
3300 3658 3382 3694 σοι
3414 3642 3662 3713 προσρή-

2080 3728 2274 3794 ξαντα,
2305 3729 2407 3782 οὐκ
2434 3727 2683 3781 ἕπτωσαν
2710 3729 2801 3782 τὸν
2829 3728 3039 3801 πύργον
3071 3731 3173 3800 τῆς
3203 3731 3302 3802 σῆς
3329 3732 3623 3802 ὁμολογίας
3646 3750 3659 3762 ·

2077 3822 2134 3873 ὲν
2172 3823 2238 3889 τῇ
2274 3820 2451 3891 πέτρᾳ
2476 3821 2583 3891 γὰρ
2607 3820 2992 3889 τεθεμελίωτο.

2150 3913 2294 3985 ’Ύλῃ
2324 3912 2492 3983 πολλῇ
2541 3912 2650 3983 γάρ
2680 3912 2997 3983 έξάφθησάν
3036 3930 3121 3966 σοι
3158 3914 3413 3984 κάμινον,
3446 3913 3525 3977 ὥς
3554 3931 3660 3967 παι

2082 4007 2247 4061 στάδα
2272 4004 2540 4076 δροσερὰν
2570 4005 2895 4076 είσέδραμες
2916 4022 2931 4035 ο
2976 4006 3210 4073 ἄγγελος
3244 4005 3387 4069 θεῖος
3432 4007 3543 4075 γὰρ
3568 4023 3666 4059 και

2078 4096 2289 4159 ταπτάς
2316 4093 2404 4151 οἶα
2433 4095 2601 4162 πνοὴν
2627 4096 2817 4166 δρόσου
2847 4096 3177 4168 διασυρίζων
3209 4097 3434 4167 ἐποίησε
3477 4097 3536 4150 τὸ
3571 4098 3663 4165 μέ-

2079 4204 2168 4251 νος
2199 4186 2298 4255 τῆς
2330 4185 2586 4255 καμίνου,
2626 4184 2937 4239 ἐκτινάσσει
2987 4184 3087 4255 τὴν
3125 4184 3301 4255 φλόγα
3350 4186 3445 4239 καὶ
3495 4187 3663 4256 πυρὴ

2078 4275 2443 4347 δυνατώτερον
2466 4275 2647 4340 δείξας
2679 4292 2760 4330 σε.

2164 4365 2345 4436 Ῥῆμσ.
2391 4364 2526 4418 Θεοῦ
2573 4364 2683 4429 ζῶν
2734 4364 2831 4418 καὶ
2877 4363 3025 4436 ζωὴν
3069 4366 3442 4436 παρεχόμενον
3494 4367 3552 4418 ὲν
3598 4368 3665 4436 σῇ

2080 4456 2306 4527 γλώσσῃ
2340 4455 2523 4527 φέρων
2543 4495 2558 4522 ,
2591 4455 2952 4526 παναοίδιμε,
2983 4456 3179 4527 νεκρὸν
3208 4456 3467 4521 έζὼωσας
3491 4457 3559 4509 δι’
3582 4458 3668 4510 εὑ-

2081 4550 2182 4620 χῆς
2205 4548 2444 4618 Ἕλληνα
2474 4547 2701 4601 θανόντα
2731 4548 2840 4619 πρὸ
2870 4548 2975 4619 τῆς
3010 4548 3251 4619 Χριστοῦ
3276 4548 3662 4612 καταϐάσεως.

401 4657 541 4711 tum,
599 4647 655 4701 in
687 4648 936 4718 gehenna
984 4648 1135 4719 ignis
1181 4648 1459 4705 liberasti.
1510 4647 1711 4718 (Deest.
1748 4648 1891 4701 Θεοτ.
1925 4663 1964 4701 el

2104 4642 2425 4712 ιαπτίσματι
2453 4642 2510 4695 δὲ
2541 4642 2670 4712 θείῳ
2705 4641 2995 4712 βαπτίσας,
3026 4641 3215 4695 τοῦτον
3241 4643 3299 4694 ὲν
3330 4642 3525 4711 γεέννῃ
3564 4659 3664 4693 πυ-

398 4739 500 4793 odo
544 4737 583 4792 γ
613 4739 817 4795 cchus.\

1069 4830 1181 4887 Ode
1244 4830 1307 4886 γ.

476 4957 494 4975 .
526 4960 542 4975 .
582 4963 596 4976 ,
626 4936 812 4976 amare
856 4931 1210 4989 gemuerunt,
1242 4928 1295 4976 et
1327 4921 1485 4976 deum
1523 4919 1616 4976 Dei
1645 4936 1825 4991 praeco
1879 4922 1981 4976 hu-

401 5025 563 5066 mana
587 5025 723 5066 voce
761 5011 816 5065 in
857 5010 1136 5081 pulverem
1176 5009 1412 5081 redegit.
1466 5008 1636 5064 Deum
1678 5010 1874 5066 videns
1913 5012 1981 5066 ab

400 5102 586 5171 impiis
622 5101 971 5172 principibus
996 5099 1265 5157 offensum
1321 5114 1430 5155 non
1483 5100 1841 5165 sustinuisti,
1883 5102 1978 5157 sed

404 5192 591 5248 divino
621 5192 811 5247 studio
844 5207 941 5247 cor
966 5191 1365 5257 inﬂammatus,
1391 5206 1648 5262 magnum
1672 5193 1979 5247 errantium

402 5299 645 5341 errorem
699 5284 1041 5357 increpasti,
1092 5294 1147 5340 et
1202 5285 1373 5340 Deum
1423 5284 1712 5341 Christum
1758 5286 1979 5343 confes-

405 5391 501 5430 SllS
538 5391 619 5431 es.

476 5466 723 5538 Martyrii
746 5469 850 5531 tui,
877 5466 1150 5535 Salvator,
1187 5468 1327 5522 viam
1351 5483 1606 5538 peragam
1637 5478 1691 5523 et
1722 5468 1980 5541 laetabor;

2089 4736 2181 4805 ρδς
2210 4733 2599 4805 ἠλευθέρωσας
2625 4734 2723 4805 (1).
2754 4730 2777 4799 (
2793 4733 2943 4787 Deest
2970 4737 3136 4819 Θεοτ.
3166 4744 3215 4787 et
3245 4733 3361 4788 σάω
3403 4732 3440 4786 γ
3463 4735 3664 4803 celius.)

2754 4822 2892 4895 ’ῼδὴ
2925 4820 3004 4876 E'.

2217 4956 2231 4971 .
2273 4957 2286 4971 .
2330 4915 2545 4987 πικρῶς
2578 4915 2843 4985 οἱμῶξαν,
2881 4915 2977 4970 καὶ
3017 4914 3112 4969 τὸν
3165 4914 3285 4968 θεὸν
3328 4913 3465 4967 Θεοῦ
3496 4913 3665 4984 κήρυξ

2082 5008 2398 5080 ἀνθρωπίνη
2430 5011 2583 5079 φωνῇ
2616 5008 2919 5079 ὲλεπτύνθη
2952 5009 3032 5071 είς
3056 5006 3206 5077 χοῦν.

2165 5100 2288 5153 ’Υπ’
2313 5100 2534 5170 ἀνόμων
2564 5099 2841 5169 ἀρχόντων
2886 5099 3099 5168 βλέπων
3132 5095 3492 5167 ὑϐριζόμενον
3539 5093 3663 5147 Θεὸν

2082 5194 2181 5247 οὐκ
2207 5194 2468 5263 ἦνεγκας,
2497 5190 2633 5245 ἀλλά
2664 5190 2791 5261 θείῳ
2814 5190 2962 5263 ζήλῳ
2994 5188 3258 5259 ἀναφθεὶς
3292 5188 3393 5258 τὴν
3419 5186 3659 5257 καρδίαν,

2081 5284 2366 5356 διήλεγξας
2414 5282 2701 5353 παρελθὼν
2736 5283 2817 5346 είς
2847 5282 3095 5352 μεγάλην
3138 5280 3249 5334 τῶν
3302 5277 3661 5347 πλανωμένων

2081 5376 2181 5447 τὴν
2211 5376 2428 5446 ἀπάτην
2449 5415 2464 5441 ,
2492 5376 2587 5428 καὶ
2619 5374 2752 5427 Θεὸν
2787 5373 2879 5427 τὸν
2911 5373 3151 5445 Χριστὸν
3178 5371 3563 5442 ὡμολόγησας.

2153 5467 2470 5540 Μαρτυρίου
2523 5484 2640 5532 σου,
2672 5465 2878 5535 Σῶτερ,
2921 5464 3184 5535 ἔψαλλες,
3226 5462 3536 5534 δραμοῦσαι
3576 5458 3663 5530 μω

407 5558 478 5615 ita
497 5559 787 5625 cantabas,
811 5557 1034 5630 Georgi,
1073 5557 1203 5613 dum
1229 5558 1468 5627 speciosi
1493 5559 1571 5613 tui
1601 5561 1762 5629 pedes
1785 5559 1964 5618 ferreis

2104 5562 2234 5635 :0d.]
2260 5563 2378 5618 ὁδὸν
2410 5563 2506 5616 καὶ
2529 5562 2931 5635 τερφθήσομα.,
2963 5562 3021 5615 ὲν
3047 5561 3124 5631 τῷ
3150 5558 3522 5631 καθηλοῦσθαι
3546 5557 3665 5618 τοὺς

1926 5745 2157 5803 NOTAE.

479 5852 1212 5942 “illiYiIiIDJS.'GchOI'i.i
1250 5874 1355 5942 par
1380 5860 1491 5915 fere
1532 5863 1646 5942 de“
1673 5863 1915 5942 Traiano
1958 5867 2011 5923 fit
2089 5872 2350 5938 narratio,
2414 5886 2576 5942 quam
2626 5860 2864 5942 theologi
2923 5885 3115 5926 omnes
3182 5866 3444 5923 refutant.
3502 5863 3663 5916 Iustar

413 5927 653 5980 muniunt
679 5925 908 5980 Allatius
932 5926 984 5979 in
1011 5925 1276 5984 Examiue
1302 5930 1564 5987 librorum
1609 5934 1751 5989 Eccl.
1781 5925 1875 5990 Gr.
