3874 6350
257 409 399 477 1397

1458 420 1780 481 IlYMNUS
1811 421 1892 481 IN
1925 423 1988 484 S.
2022 420 2454 482 GEORGIUM.

3415 421 3548 487 1398

253 530 497 598 ἀραιους
533 539 628 576 σου
666 521 868 585 πόδας,
905 521 1167 595 Γεώργιε,
1202 525 1448 596 σιδηραῖς
1487 528 1721 597 κρηπῖσι
1758 529 1853 582 καὶ

2000 528 2203 599 repidis
2243 529 2665 598 configebantur
2694 569 2707 593 ,
2763 538 2817 585 et
2845 530 3049 594 clavis,
3101 538 3156 585 et
3211 544 3412 585 cruore
3452 540 3545 587 luo

257 614 685 689 περιπείρετθαι
714 617 827 680 τοῖς
852 616 1025 688 ἥλοις,
1060 620 1151 671 καὶ
1184 617 1262 688 τῷ
1288 618 1473 691 λύθρῳ
1497 620 1775 688 φοινίσσον
1798 619 1858 674 τὸ

257 712 479 779 ἔδαφος.

334 802 541 872 Νοερὸν
607 800 905 870 ἀνδριάντα
968 803 1061 854 καὶ
1131 802 1462 873 περικαλλὲς
1525 802 1859 873 ὡραιότητος

258 894 489 965 ἄγαλμα
518 892 615 945 τοῦ
648 893 785 946 Θεοῦ
821 893 878 944 αί
908 894 1111 964 χεῖρες,
1143 894 1197 948 αί
1223 893 1315 947 τὸν
1362 894 1652 965 ἄνθρωπον
1692 912 1861 949 κατα-

260 987 607 1041 σκευάσασαι
644 987 700 1039 ἐν
737 984 904 1057 πολλῇ
940 986 1104 1057 σοφίᾳ
1128 987 1224 1040 καὶ
1258 986 1543 1059 ἐπιστήμῃ
1581 985 1772 1051 ἐξεσάν
1803 1004 1861 1039 σε

260 1078 359 1130 καὶ
394 1078 474 1140 είς
507 1074 707 1137 κάλλος
736 1074 1096 1146 εύρύθμησαν
1130 1075 1362 1144 ἄφατον.

339 1167 1091 1237 Θεοτόκιον.-Ὠρυόμενος
1118 1168 1257 1221 λέων
1292 1167 1477 1239 κύκλῳ
1509 1169 1861 1241 περιέρχεται

261 1254 557 1315 καταπιεῖν
592 1277 660 1330 με
689 1259 869 1330 ζητῶν
898 1262 1010 1323 τοῖς
1043 1259 1207 1313 αὐτοῦ
1240 1260 1421 1313 ὀδοῦσι
1446 1277 1459 1291 ο
1502 1261 1577 1331 μή
1625 1277 1691 1331 με
1721 1262 1861 1335 δῲης

262 1353 345 1414 εἰς
371 1351 585 1422 θήραν,
614 1350 957 1419 πανάμωμε,
994 1352 1028 1421 ὴ
1058 1350 1197 1403 Θεὸν
1224 1350 1464 1404 τεκοῦσα
1494 1354 1588 1406 τὸν
1621 1353 1862 1422 κραταιᾷ

267 1444 497 1513 παλάμῃ
525 1441 647 1512 θείᾳ
672 1441 783 1494 τῶν
813 1442 1045 1495 λεόντων
1076 1441 1174 1506 τὰς
1218 1442 1389 1513 μύλας
1428 1443 1824 1502 συνθλάσαντα.

613 1533 756 1604 ’ῼδὴ
790 1536 879 1601 (τ’.
917 1533 1044 1603 Τὴν
1071 1534 1288 1603 δέησιν
1312 1534 1522 1605 ἐκχεῶ.

338 1626 444 1679 Τὸν
472 1624 727 1678 τείναντα
755 1625 847 1677 ἐπὶ
877 1623 1037 1689 ξύλου
1064 1624 1161 1688 τάς
1193 1627 1405 1696 χεῖρας,
1436 1626 1531 1677 καὶ
1577 1627 1644 1696 τῇ
1695 1624 1863 1695 λόγχῃ

268 1718 368 1787 τὴν
398 1715 641 1787 πλευράν
668 1715 995 1787 ὀρυχθέντα,
1012 1717 1186 1785 Λόγον
1214 1715 1349 1770 Θεοῦ
1376 1717 1470 1769 καί¹
1501 1715 1635 1770 Θεὸν
1660 1733 1867 1784 καταγ-

268 1808 502 1877 γέλλων,
536 1804 869 1878 ἀναρτηθεὶς
901 1809 993 1861 ἐπὶ
1044 1807 1225 1873 ξύλου,
1255 1805 1519 1878 Γεώργιε,
1546 1808 1757 1871 κοντοῖς
1787 1807 1865 1860 δι-

268 1899 492 1971 επείρου
543 1897 643 1962 τάς
695 1898 956 1969 πλευράς,
991 1899 1107 1952 ἀλλ’
1134 1902 1271 1972 εὐχῇ
1320 1900 1420 1963 τάς
1462 1897 1650 1968 ἀκμὰς
1683 1898 1864 1952 αὐτῶν
1900 1878 1938 1931 Β

268 1991 578 2064 ἦμϐλυνας.

353 2082 416 2136 '0
443 2079 611 2134 λίθων
643 2079 1104 2152 ἀναισθητότερος
1130 2080 1324 2145 οὕτως,
1352 2081 1427 2143 ὡς
1462 2082 1557 2135 καὶ
1582 2080 1751 2144 λίθοις
1772 2082 1866 2133 άν-

269 2174 555 2247 αισθήτοις
582 2173 887 2245 λατρεύων,
914 2174 1107 2227 ὓπτιόν
1134 2191 1194 2227 σε
1217 2174 1304 2227 ἐπ’
1325 2174 1559 2243 ἐδάφους
1583 2174 1865 2235 ἀπλώσας,

269 2267 405 2339 λίθῳ
440 2266 615 2339 βαλεῖ,
648 2266 894 2330 ἐκπιέζει
923 2266 991 2319 τά
1024 2266 1312 2337 σπλάγχνα
1348 2283 1463 2331 σου,
1495 2266 1659 2329 αὐτὸς
1686 2264 1744 2318 δὲ
1769 2262 1869 2335 τὴν

272 2356 483 2427 πέτραν
514 2354 614 2427 τῆς
642 2354 792 2426 ζωῆς
810 2393 825 2418 ,
853 2354 945 2409 τὸν
977 2354 1279 2426 πολύτιμον
1303 2356 1453 2410 λίθον
1484 2354 1702 2419 ἐπόθεις
1731 2355 1869 2426 Χρι-

274 2449 423 2504 στόν.

356 2542 723 2613 ’Υπὲκκαυμα
748 2540 843 2593 τοῦ
876 2539 1047 2611 πυρὸς
1082 2538 1178 2593 τοῦ
1219 2538 1485 2593 ἀσϐέστου
1514 2537 1871 2611 χρηματίζων

272 2639 301 2690 6
348 2635 464 2700 υίὸς
508 2637 538 2689 6
584 2636 685 2705 τῆς
714 2634 978 2704 γεέννης,
1010 2634 1230 2686 νεοκαεῖ
1261 2632 1358 2686 καὶ
1388 2630 1584 2703 ζεούσῃ
1624 2631 1872 2701 ἀσϐέστῳ

274 2728 651 2799 καταχωννύει
684 2744 767 2793 σε,
806 2727 1019 2797 μάρτυς
1038 2742 1052 2757 ο
1086 2724 1203 2780 ἀλλ’
1224 2724 1469 2795 εὕρηκας
1500 2724 1748 2796 συνήθως
1774 2725 1873 2792 ἄγ-

274 2818 436 2888 γελον
464 2818 726 2889 φρουρὸν,
762 2816 855 2871 τὸν
886 2816 1156 2887 ρυόμενόν
1190 2833 1251 2869 σε
1285 2818 1352 2869 ἐκ
1381 2814 1657 2887 νεότητος.

348 2906 606 2981 Σιδήρου,
636 2908 811 2976 λίθου,
842 2907 1070 2979 χαλκοῦ,
1122 2907 1432 2978 ἀδάμαντος
1483 2905 1870 2977 ίσχυρὼτερος,

277 3003 549 3076 Γεὼργιε,
592 3000 784 3073 ὤφθης
809 3015 823 3029 ⁸
856 3001 1092 3054 ἕκαστον
1118 3002 1231 3071 γάρ
1257 3000 1368 3053 τῶν
1393 2998 1875 3071 ἀπηριθμημένων

276 3097 602 3168 παραχωρεῖ
640 3093 720 3165 τῷ
766 3094 901 3165 πυρὶ
927 3090 1325 3162 δαπανώμενον
1350 3107 1364 3124 ο
1394 3092 1559 3155 αὐτὸς
1584 3092 1665 3157 δὲ,
1697 3087 1743 3145 ὧ
1772 3091 1873 3162 χά-

280 3205 431 3260 ριτος
463 3187 691 3258 πολλῆς,
728 3189 823 3240 καὶ
854 3184 1157 3256 παμφάγου
1188 3184 1362 3256 πυρὸς
1388 3185 1783 3256 ὑπερίσχυσας.

354 3276 1058 3350 ﬂeatﬂeat—13611090.
1086 3277 1179 3332 τὸν
1205 3278 1460 3347 ἀμήτορα
1490 3277 1701 3340 τίκτεις
1733 3276 1873 3348 ὑπὲρ

279 3371 490 3425 ἔννοιαν
523 3371 616 3423 καὶ
647 3368 811 3439 φύσιν
841 3368 937 3423 καὶ⁵
965 3368 1155 3437 λόγον,
1190 3367 1280 3421 ἵνα
1310 3367 1445 3420 Θεὸν
1480 3368 1874 3439 ἀπεργάσηται

281 3462 466 3515 θέσει·
520 3460 612 3514 τὸν
661 3460 994 3515 πεπτωκότα
1043 3458 1262 3525 ἐλπίδι,
1311 3458 1570 3528 θεότητος
1616 3459 1872 3526 ἀξίωσον,

280 3553 571 3619 Δέσποινα,
603 3551 750 3622 κάμέ
780 3553 881 3622 τῆς
909 3550 1174 3619 γλυκείας
1205 3550 1373 3603 αὐτοῦ
1408 3550 1767 3621 ὠραιότητος.

606 3644 747 3715 ᾯδὴ
775 3642 857 3700 Z'.
906 3646 970 3697 Ol
998 3642 1068 3697 ἐκ
1099 3640 1207 3711 τῆς
1241 3641 1562 3709 Ἰουδαίας.

353 3737 490 3793 Θεοῦ
528 3755 587 3791 σε
631 3738 725 3791 τὸν
772 3736 1004 3809 ὁπλίτην
1063 3736 1217 3790 οὐδὲν
1255 3736 1444 3806 ἴσχυσε
1498 3735 1721 3809 βλάψαι.
1754 3734 1875 3790 οὐδέ

282 3827 646 3899 λυμήνασθαι,
669 3827 730 3880 οὐ
761 3826 1055 3897 βράσματα
1081 3825 1347 3896 λεϐήτων,
1366 3826 1427 3878 οῦ
1451 3826 1709 3895 χάσματα
1730 3825 1878 3878 λεόν-

178 3982 181 3983 ν
281 3939 390 3976 των
412 3937 426 3952 ⁸
461 3920 520 3973 οὐ
548 3920 657 3991 γάρ
683 3919 749 3991 δὴ
770 3917 1082 3990 παραδώσει
1113 3917 1247 3982 Θεὸς
1272 3918 1457 3988 ψυχὴν
1490 3915 1701 3986 θηρίοις
1729 3915 1878 3984 αὐτῷ

283 4013 610 4085 ἐξομολογου
619 4014 809 4084 μένην.

351 4106 616 4176 Λογισμῷ
646 4104 934 4174 διαιτήσας
961 4105 1028 4173 τῇ
1062 4102 1209 4172 ψυχῇ
1242 4099 1340 4154 καὶ
1374 4099 1538 4169 σαρκί
1571 4114 1665 4151 σου
1686 4137 1701 4163 ,
1735 4096 1877 4170 μάρ-

280 4218 380 4263 τυς
410 4198 677 4269 Γεώργιε,
700 4195 779 4266 τῷ
815 4194 1090 4265 πνεύματι
1118 4194 1178 4247 τὸ
1206 4192 1388 4264 σῶμα,
1416 4190 1495 4259 τῷ
1527 4191 1798 4262 κρείττονι
1817 4188 1878 4242 τὸ

281 4294 469 4364 χεῖρον
516 4286 787 4358 νουνεχῶς
837 4286 1224 4350 καθυπέταξας
1251 4328 1265 4350 ,
1319 4283 1600 4356 διαιτητὴς
1642 4280 1878 4353 ἀκριϐὴς

283 4382 477 4452 φανεὶς
502 4380 614 4434 τῶν
641 4379 778 4449 πρὸς
803 4377 982 4443 ἀξίαν.

367 4474 427 4526 '0
474 4471 686 4534 κλεινὸς
734 4470 1054 4541 άθλοφόρος,
1083 4471 1111 4523 6
1162 4468 1366 4541 πολλὴν
1390 4466 1708 4540 παρρησίαν
1736 4466 1876 4539 πρὸς

1903 3208 1951 3271 C

1964 623 2344 691 pavimentum
2382 619 2636 676 rubebat.

2033 794 2167 861 Qua:
2188 804 2425 850 statuam
2451 795 2751 851 effecerunt
2788 798 3027 853 rationis
3057 812 3311 868 capacem
3351 807 3405 852 et
3431 800 3551 869 pul-

1964 886 2293 941 cherrimam
2324 888 2564 958 speciem
2591 887 2686 944 Dei
2721 904 2941 952 manus,
2973 889 3253 945 hominem
3293 902 3551 961 parentes

1964 978 2021 1031 in
2062 980 2234 1034 multa
2276 979 2550 1049 sapientia
2588 989 2640 1035 et
2681 981 2909 1036 scientia
2939 1022 2952 1046 ,
2985 982 3373 1051 exspoliarunt
3410 992 3461 1037 te
3499 992 3553 1037 et

1963 1070 2387 1140 pulchritudine
2419 1079 2471 1126 te
2496 1080 2907 1128 exornaverunt
2940 1072 3226 1128 incllabili.

2038 1161 2301 1229 Deiparaz.
2344 1192 2412 1200 -—
2478 1162 2721 1233 llugiens
2770 1163 2970 1218 circuit
3036 1164 3123 1219 leo
3173 1180 3427 1235 quwrens
3469 1182 3553 1220 me

1964 1254 2224 1310 dentibus
2285 1255 2585 1322 devorare;
2628 1271 2696 1311 ne
2760 1272 2846 1311 me
2905 1255 3095 1312 tradas
3158 1257 3209 1310 in
3277 1256 3545 1327 pnedam,

1966 1346 2229 1400 inviolata
2259 1345 2350 1401 Dei
2386 1346 2646 1417 genitrix,
2676 1347 2767 1417 qui
2802 1346 3015 1416 potenti
3053 1362 3154 1403 sua
3175 1346 3359 1401 divina
3386 1364 3551 1401 manu

1968 1438 2221 1493 maxillas
2249 1437 2469 1501 leonum
2514 1436 2838 1508 confringit.

2395 1529 2508 1585 Ode
2552 1529 2650 1583 Vl.
2682 1530 2869 1586 Preces
2908 1531 3143 1601 e/I'undo.

2039 1618 2145 1685 Qui
2180 1635 2376 1675 manus
2419 1637 2589 1692 super
2629 1624 2840 1694 lignum
2896 1624 3147 1688 tetendit,
3201 1621 3363 1693 cujus
3413 1621 3556 1678 latus

1969 1712 2158 1767 lancea
2184 1711 2551 1782 perforatum,
2594 1715 2835 1770 Verbum
2870 1716 2965 1771 Dei
3010 1725 3064 1770 et
3115 1715 3283 1771 Deum
3338 1715 3454 1785 ipse
3502 1715 3556 1768 in

1971 1804 2119 1875 ligno
2141 1803 2423 1860 exaltatns
2447 1806 2787 1876 praedicasti,
2808 1805 3042 1877 Georgi;
3069 1806 3185 1877 ipse
3209 1806 3353 1862 latus
3381 1807 3559 1861 hastis

1969 1895 2260 1965 perfossus
2306 1912 2388 1964 es,
2431 1898 2525 1953 sed
2576 1897 2839 1967 precibus
2875 1912 3070 1953 earum
3105 1897 3337 1952 vulnera
3391 1901 3553 1951 obtu-

1968 1990 2119 2043 disti.
2310 2051 2326 2063 κ

2044 2081 2139 2135 Sic
2173 2080 2453 2152 lapidibus
2486 2080 2702 2147 durior,
2729 2095 2828 2135 ceu
2860 2080 3105 2150 lapidum
3153 2080 3363 2142 fautor,
3404 2079 3555 2132 humi

1972 2172 2209 2243 supinus
2229 2173 2535 2243 explicatus
2562 2186 2647 2237 es,
2671 2179 2725 2227 et
2749 2171 2975 2242 injectis
3007 2170 3309 2242 lapidibus,
3345 2172 3558 2226 viscera

1971 2265 2298 2335 expressisti
2327 2271 2454 2330 tua;
2486 2266 2601 2335 ipse
2626 2271 2808 2319 autem
2836 2276 3045 2334 petram
3073 2264 3216 2330 vitae,
3242 2272 3297 2319 et
3321 2262 3557 2333 lapidem

1970 2357 2278 2427 pretiosum
2317 2355 2601 2413 Christum
2629 2356 2985 2427 exquirebas.

2044 2538 2184 2592 Dum
2217 2542 2272 2590 te
2311 2532 2753 2607 inexstingnibili
2787 2532 2902 2605 igni
2947 2531 3167 2589 tradere
3220 2539 3455 2589 conatur
3494 2533 3558 2587 li-

1974 2630 2084 2685 lius
2115 2627 2400 2699 gehennae,
2426 2624 2730 2680 ferociente
2756 2632 2810 2679 et
2839 2622 3048 2679 ardenti
3078 2624 3301 2677 flamma
3321 2632 3560 2693 torquet,

1976 2730 2217 2790 martyr;
2255 2716 2354 2772 sed
2384 2722 2713 2771 consuetum
2752 2713 3019 2769 invenisti
3054 2711 3360 2780 fautorem,
3390 2713 3482 2784 qui
3514 2722 3565 2768 te

1976 2826 2041 2866 ex
2076 2809 2373 2879 juventute
2412 2806 2655 2863 fovebat.

2047 2899 2242 2968 Ferro,
2277 2899 2483 2969 lapide,
2523 2914 2654 2962 mre,
2714 2898 3014 2952 adamante
3062 2896 3287 2962 fortior,
3341 2895 3568 2966 Georgi,

1977 2992 2133 3047 visus
2184 3006 2273 3057 es;
2312 2991 2513 3046 horum
2562 2991 2709 3046 enim
2756 2989 2996 3057 quodvis
3028 2989 3155 3059 igne
3210 2987 3472 3054 solvitur;
3515 2998 3572 3045 at.

1979 3093 2059 3150 tu,
2083 3084 2259 3155 gratia
2293 3083 2516 3149 referte,
2542 3082 2767 3141 edacem
2795 3082 2977 3137 vicisti
3008 3083 3211 3152 ignem.

2053 3260 2317 3331 Πείρου-ω.
2370 3290 2437 3302 -—
2502 3260 2727 3332 Absque
2782 3269 2958 3315 matre
3010 3260 3255 3331 genitum
3294 3299 3309 3325 ,
3371 3274 3563 3314 rursus

1979 3352 2190 3422 absque
2211 3359 2372 3422 patre
2395 3353 2578 3423 gignis
2604 3359 2805 3423 praeter
2830 3352 3220 3422 cogitationem
3243 3357 3299 3406 et
3316 3359 3569 3405 naturam

1978 3451 2034 3498 et
2065 3442 2361 3507 rationem,
2399 3453 2460 3497 ut
2485 3444 2621 3499 deos
2654 3458 2760 3499 nos
2782 3443 3020 3508 elIiciat;
3049 3457 3146 3513 spe
3170 3441 3448 3511 dejectum
3479 3441 3567 3493 (ii-

1978 3533 2213 3590 vinitate
2262 3534 2534 3606 digneris,
2567 3534 2827 3600 Domina,
2857 3543 2913 3592 et
2940 3535 3089 3591 dulci
3125 3534 3246 3605 ejus
3272 3533 3471 3604 gratia.

2399 3628 2512 3685 Ode
2554 3625 2685 3683 VII.
2722 3628 2827 3695 Qui
2857 3628 2920 3683 de
2940 3626 3158 3683 Juda'a.

2051 3722 2129 3780 Te
2149 3723 2245 3778 Dei
2271 3721 2501 3778 militem
2536 3721 2707 3777 voluit
2736 3719 2875 3775 nihil
2906 3720 3107 3776 lazdere
3142 3727 3239 3775 ant
3267 3717 3570 3785 offendere,

1978 3832 2083 3872 nec
2108 3815 2254 3885 ignis
2286 3813 2494 3877 fervor,
2527 3827 2629 3867 nec
2656 3812 2878 3866 leonum
2912 3810 3103 3877 furor;
3139 3824 3250 3864 non
3280 3809 3428 3864 enim
3462 3819 3573 3862 tra-

1979 3908 2075 3959 det
2112 3905 2257 3958 Deus
2300 3903 2434 3958 feris
2458 3943 2472 3968 ,
2507 3917 2631 3971 quae
2676 3902 2855 3970 ipsum
2891 3900 3144 3957 confessa
3188 3898 3399 3965 fuerit,
3460 3902 3574 3955 ani-

1981 4012 2143 4052 mam.

2052 4103 2289 4162 Ratione
2340 4105 2587 4175 dirigens
2648 4104 2889 4160 animam
2949 4114 3004 4162 et
3059 4121 3307 4172 carnem,
3362 4117 3570 4178 martyr

1980 4197 2204 4269 Georgi,
2234 4196 2458 4269 spiritui
2513 4212 2740 4267 corpus,
2793 4197 3010 4254 meliori
3068 4200 3228 4269 pejus
3276 4199 3568 4271 subjecisn

1981 4291 2285 4361 sapienter,
2307 4291 2552 4361 prudens
2574 4291 2883 4361 apparuisti
2917 4291 3047 4348 vitae
3076 4293 3387 4349 institutor.

2052 4472 2263 4544 lnclyte
2290 4473 2519 4537 athleta,
2545 4475 2642 4545 qui
2667 4481 2876 4530 tantam
2909 4489 3099 4530 coram
3132 4473 3419 4530 Salvatore
3445 4474 3569 4528 lan-

284 4568 377 4620 τὸν
409 4563 640 4635 Σωτῆρα
670 4562 938 4627 πλουτῶν,
965 4563 1058 4615 τὸν
1089 4560 1318 4615 πλοῦτον
1361 4560 1470 4614 τῶν
1517 4559 1709 4614 παθῶν
1745 4577 1865 4630 μου,

2000 4565 2101 4621 lem
2124 4566 2931 4636 promeruisti,multitudinem
2954 4566 3278 4638 passionum
3299 4582 3566 4630 mearum,

286 4659 378 4713 τὸν
394 4656 591 4729 φόρτον
616 4655 724 4709 τῶν
756 4654 943 4709 κακῶν
973 4672 1075 4726 μου
1101 4654 1491 4725 διασκόρπισον
1519 4653 1877 4724 δέομαι,ἀνα-

287 4750 471 4820 κωχήν
507 4766 598 4818 μοι
629 4747 829 4812 διδοὺς,
859 4748 953 4801 καὶ
988 4747 1296 4817 κουφισμὸν
1341 4746 1434 4799 τοῦ
1467 4745 1685 4817 βάρους.

359 4840 594 4910 ’Ὑμνοις
627 4839 837 4910 μάρτυς
874 4839 1172 4909 ὑμνείσθω,
1204 4840 1232 4891 6
1264 4838 1363 4909 τὴν
1413 4838 1627 4890 σύνεσιν
1679 4837 1875 4908 μέγας,

290 4934 386 4987 καὶ
430 4931 528 5003 τὴν
583 4931 778 5000 σοφίαν
821 4929 1011 4993 πολὺς,
1040 4933 1069 4983 6
1117 4931 1297 4999 λόγοις
1351 4929 1744 5000 στηλιτεύσας,
1782 4930 1878 4983 καὶ

290 5022 473 5093 ἔργοις
527 5020 902 5093 θριαμϐεύσας
949 5021 1048 5091 τὴν
1094 5020 1311 5092 ἀπάτην
1354 5021 1454 5093 τὴν
1506 5021 1727 5093 ἄεργον,
1783 5021 1878 5075 καὶ

290 5114 659 5183 καταγγείλας
688 5112 927 5185 Χριστὸν
954 5111 1084 5167 Υίὸν
1111 5113 1248 5167 Θεοῦ
1278 5112 1372 5167 καὶ
1401 5112 1592 5181 Λόγον.

364 5208 773 5259 Θεοτόκιον.-
800 5205 872 5258 Σὺ
900 5204 1060 5273 γενοῦ
1092 5223 1183 5277 μοι
1216 5206 1537 5277 προστάτις,
1580 5203 1645 5257 σὺ
1681 5204 1880 5275 φαιδρά

290 5298 651 5370 παραστάτις,
690 5296 1120 5369 θεογεννήτριαε
1175 5299 1338 5371 ἡνίκα
1392 5299 1491 5371 τὴν
1538 5298 1719 5370 ψυχήν
1774 5314 1876 5369 μου

226 5460 231 5465 γ
289 5391 494 5463 ἐσχάτη
527 5391 620 5444 καὶ
645 5391 856 5461 μεγάλη
886 5393 1171 5464 καταλάϐῃ
1202 5393 1549 5465 περίστασις,
1575 5392 1671 5447 καὶ
1692 5390 1876 5456 ἐξελοῦ

291 5499 360 5553 με
391 5482 575 5553 χειρὸς
601 5481 815 5552 λῃστῶν
849 5483 1189 5555 ἀεροπὸρων.

568 5576 701 5649 ᾨδὶι
725 5580 809 5632 H'.
845 5578 1308 5645 Ἐπταπλασίως
1337 5578 1592 5649 κάμινος.

374 5668 701 5723 Ἀθανασὶαν
743 5670 945 5741 εὕρατο
972 5670 1061 5724 διά
1093 5670 1190 5724 σοῦ
1226 5671 1545 5736 ’Λθανάσιος
1568 5713 1580 5736 ,
1614 5672 1712 5741 τῆς
1741 5672 1876 5726 ἀθα-

289 5760 481 5826 νασίας
510 5765 537 5816 ὁ
564 5763 788 5836 φαιδρὸς
812 5764 1099 5834 ἐπώνυμος
1118 5782 1129 5796 ·
1152 5765 1420 5832 τυράννου
1449 5766 1741 5835 προστάξει
1768 5766 1877 5836 γὰρ

289 5854 666 5927 θανατηφόρον
699 5857 990 5930 φάρμακόν
1026 5875 1107 5912 σοι
1139 5857 1478 5929 κεκερακὼς,
1513 5858 1738 5923 ἀπαθῶς
1781 5875 1877 5911 πε-

1981 4657 2202 4713 turbam
2235 4659 2507 4714 malorum
2543 4674 2793 4715 meorum
2828 4657 3052 4729 disjice,
3084 4675 3295 4729 quaeso,
3322 4659 3568 4729 requiem

1979 4746 2046 4801 da
2088 4747 2244 4814 mihi,
2277 4754 2333 4802 et
2354 4748 2543 4805 oneris
2581 4750 2850 4804 levamen.

2051 4836 2286 4909 Hymnis
2314 4839 2617 4896 celebreris
2649 4847 2882 4912 martyr,
2909 4839 3278 4910 intelligentia
3313 4857 3568 4913 magnus,

1980 4930 2255 5000 sapientia
2284 4930 2461 4995 dives,
2496 4932 2594 5002 qui
2624 4932 2809 4989 verbis
2841 4932 3227 4988 incriminatus
3248 4947 3331 4998 es,
3358 4943 3411 4988 et
3441 4950 3572 5004 ope-

1982 5022 2138 5077 ribus
2179 5022 2485 5080 confudisti
2541 5025 2786 5082 otiosum
2828 5041 3101 5092 errorem,
3139 5028 3231 5098 qui
3283 5026 3572 5086 Christum

1982 5115 2295 5184 prmdicasti
2325 5114 2527 5171 Filium
2565 5116 2659 5173 Dei
2688 5129 2742 5173 et
2777 5118 3042 5175 Verbum.

2056 5208 2321 5278 Deiparw.
2356 5240 2426 5251 —-
2475 5209 2557 5264 Tu
2630 5226 2716 5267 me
2774 5211 3024 5283 adjuves,
3088 5224 3144 5269 tn
3205 5232 3292 5271 me
3345 5218 3566 5288 egregie

1983 5301 2270 5370 defendas,
2345 5302 2437 5358 Dei
2496 5303 2766 5360 Genitrixl
2809 5307 3036 5376 quando
3087 5310 3325 5364 animam
3392 5328 3570 5364 meam

1983 5397 2248 5466 corripiet
2294 5399 2484 5453 ultima
2511 5406 2566 5453 et
2590 5414 2806 5454 summa
2834 5402 3163 5468 necessitas,
3192 5403 3369 5459 libera
3391 5420 3475 5459 me
3505 5405 3573 5458 de

1987 5488 2298 5543 latronibus
2334 5488 2610 5544 :rthereis.

2332 5582 2444 5638 Ode
2490 5582 2648 5638 VIII.
2682 5583 2934 5655 Sepluplo
2965 5588 3230 5642 caminus.

2066 5677 2394 5730 ’Λθανασίαν
2460 5675 2651 5731 habuit
2710 5695 2803 5746 per
2840 5688 2890 5733 te
2928 5680 3289 5748 Athanasius,
3326 5680 3430 5735 hoc
3479 5696 3570 5735 no-

1986 5769 2130 5823 mine
2171 5768 2369 5821 merito
2427 5769 2781 5837 conspicuus.
2810 5770 2944 5824 Nam
2976 5773 3191 5843 tyranni
3220 5772 3382 5842 jussu
3428 5788 3569 5827 mor-

1986 5860 2205 5916 tiferum
2235 5859 2330 5916 tibi
2358 5861 2761 5930 promiscucrat
2787 5881 3093 5939 venenum;
3125 5880 3363 5926 cernens
3384 5876 3568 5922 autem
