  <div class='ocr_page' id='page_1' title='image "/cluster/home/n/w/nwhite01/storage/ocr_20150623/96/hvd.32044073502114/715.png"; bbox 0 0 3874 6350; ppageno 0'>
   <div class='ocr_carea' id='block_1_1' title="bbox 342 363 480 429">
    <p class='ocr_par' dir='ltr' id='par_1_1' title="bbox 342 363 480 429">
     <span class='ocr_line' id='line_1_1' title="bbox 342 363 480 429; baseline 0.007 -1"><span class='ocrx_word' id='word_1_1' title='bbox 342 363 480 429; x_wconf 76' lang='lat'><strong>1399</strong></span> 
     </span>
    </p>
   </div>
   <div class='ocr_carea' id='block_1_2' title="bbox 1808 363 2190 426">
    <p class='ocr_par' dir='ltr' id='par_1_2' title="bbox 1808 363 2190 426">
     <span class='ocr_line' id='line_1_2' title="bbox 1808 363 2190 426; baseline -0.003 -2"><span class='ocrx_word' id='word_1_2' title='bbox 1808 363 2064 426; x_wconf 87' lang='lat' dir='ltr'><strong>ADDEN</strong></span> <span class='ocrx_word' id='word_1_3' title='bbox 2072 364 2165 424; x_wconf 84' lang='lat' dir='ltr'><strong>DA</strong></span> <span class='ocrx_word' id='word_1_4' title='bbox 2177 412 2190 423; x_wconf 92' lang='lat'><strong>.</strong></span> 
     </span>
    </p>
   </div>
   <div class='ocr_carea' id='block_1_3' title="bbox 3498 368 3677 425">
    <p class='ocr_par' dir='ltr' id='par_1_3' title="bbox 3498 368 3677 425">
     <span class='ocr_line' id='line_1_3' title="bbox 3498 368 3677 425; baseline -0.017 0"><span class='ocrx_word' id='word_1_5' title='bbox 3498 368 3531 425; x_wconf 82' lang='lat' dir='ltr'>l</span> <span class='ocrx_word' id='word_1_6' title='bbox 3556 370 3677 425; x_wconf 67' lang='grc' dir='ltr'>εσυ</span> 
     </span>
    </p>
   </div>
   <div class='ocr_carea' id='block_1_4' title="bbox 340 450 1933 547">
    <p class='ocr_par' dir='ltr' id='par_1_4' title="bbox 340 450 1919 547">
     <span class='ocr_line' id='line_1_4' title="bbox 340 450 1919 547; baseline -0.003 -16"><span class='ocrx_word' id='word_1_7' title='bbox 340 487 393 533; x_wconf 86' lang='lat' dir='ltr'><strong>te</strong></span> <span class='ocrx_word' id='word_1_8' title='bbox 420 476 554 531; x_wconf 89' lang='lat' dir='ltr'><strong>illud</strong></span> <span class='ocrx_word' id='word_1_9' title='bbox 604 475 829 547; x_wconf 99' lang='lat' dir='ltr'><strong>impune</strong></span> <span class='ocrx_word' id='word_1_10' title='bbox 858 473 1159 539; x_wconf 76' lang='lat' dir='ltr'><strong>bibentem,</strong></span> <span class='ocrx_word' id='word_1_11' title='bbox 1216 450 1506 545; x_wconf 86' lang='lat' dir='ltr'><strong>obstupuit</strong></span> <span class='ocrx_word' id='word_1_12' title='bbox 1548 483 1602 529; x_wconf 92' lang='lat' dir='ltr'><strong>et</strong></span> <span class='ocrx_word' id='word_1_13' title='bbox 1656 474 1919 529; x_wconf 72' lang='lat' dir='ltr'><strong>virtutem</strong></span> 
     </span>
    </p>
   </div>
   <div class='ocr_carea' id='block_1_5' title="bbox 2065 450 3670 547">
    <p class='ocr_par' dir='ltr' id='par_1_5' title="bbox 2065 467 3670 540">
     <span class='ocr_line' id='line_1_5' title="bbox 2065 467 3670 540; baseline -0.004 -17"><span class='ocrx_word' id='word_1_14' title='bbox 2065 472 2252 527; x_wconf 72' lang='grc' dir='ltr'>τωκότα</span> <span class='ocrx_word' id='word_1_15' title='bbox 2283 469 2409 525; x_wconf 80' lang='grc' dir='ltr'><strong>ίδών</strong></span> <span class='ocrx_word' id='word_1_16' title='bbox 2440 487 2523 533; x_wconf 91' lang='grc' dir='ltr'><strong>σε,</strong></span> <span class='ocrx_word' id='word_1_17' title='bbox 2559 467 2883 539; x_wconf 80' lang='grc' dir='ltr'><strong>κατεπλάγη</strong></span> <span class='ocrx_word' id='word_1_18' title='bbox 2910 507 2926 530; x_wconf 86' lang='grc'><strong>,</strong></span> <span class='ocrx_word' id='word_1_19' title='bbox 2961 468 3055 521; x_wconf 71' lang='grc' dir='ltr'><strong>καὶ</strong></span> <span class='ocrx_word' id='word_1_20' title='bbox 3082 468 3141 521; x_wconf 61' lang='lat' dir='ltr'><strong>ab</strong></span> <span class='ocrx_word' id='word_1_21' title='bbox 3173 469 3382 540; x_wconf 81' lang='grc' dir='ltr'>κράτος</span> <span class='ocrx_word' id='word_1_22' title='bbox 3416 470 3670 533; x_wconf 70' lang='grc' dir='ltr'>ἐπέγνω</span> 
     </span>
    </p>
   </div>
   <div class='ocr_carea' id='block_1_6' title="bbox 339 567 1472 640">
    <p class='ocr_par' dir='ltr' id='par_1_6' title="bbox 339 567 1472 640">
     <span class='ocr_line' id='line_1_6' title="bbox 339 567 1472 640; baseline -0.001 -16"><span class='ocrx_word' id='word_1_23' title='bbox 339 569 561 640; x_wconf 85' lang='lat' dir='ltr'><strong>agnovit</strong></span> <span class='ocrx_word' id='word_1_24' title='bbox 589 567 794 623; x_wconf 81' lang='lat' dir='ltr'><strong>Christi</strong></span> <span class='ocrx_word' id='word_1_25' title='bbox 826 569 922 638; x_wconf 85' lang='lat' dir='ltr'><strong>qui</strong></span> <span class='ocrx_word' id='word_1_26' title='bbox 946 577 1187 638; x_wconf 84' lang='lat' dir='ltr'><strong>mortem</strong></span> <span class='ocrx_word' id='word_1_27' title='bbox 1222 568 1472 623; x_wconf 84' lang='lat' dir='ltr'><strong>sustulit.</strong></span> 
     </span>
    </p>
   </div>
   <div class='ocr_carea' id='block_1_7' title="bbox 412 678 1929 737">
    <p class='ocr_par' dir='ltr' id='par_1_7' title="bbox 412 678 1929 737">
     <span class='ocr_line' id='line_1_7' title="bbox 412 678 1929 737; baseline 0.001 -4"><span class='ocrx_word' id='word_1_28' title='bbox 412 679 628 735; x_wconf 78' lang='lat' dir='ltr'><strong>Robore</strong></span> <span class='ocrx_word' id='word_1_29' title='bbox 657 678 878 733; x_wconf 64' lang='lat' dir='ltr'><strong>coalitus</strong></span> <span class='ocrx_word' id='word_1_30' title='bbox 926 685 982 734; x_wconf 92' lang='lat' dir='ltr'><strong>et</strong></span> <span class='ocrx_word' id='word_1_31' title='bbox 1010 678 1221 735; x_wconf 88' lang='lat' dir='ltr'><strong>invicta</strong></span> <span class='ocrx_word' id='word_1_32' title='bbox 1278 680 1332 735; x_wconf 88' lang='lat' dir='ltr'><strong>vi</strong></span> <span class='ocrx_word' id='word_1_33' title='bbox 1366 682 1615 737; x_wconf 89' lang='lat' dir='ltr'><strong>munitus</strong></span> <span class='ocrx_word' id='word_1_34' title='bbox 1651 689 1783 736; x_wconf 65' lang='lat' dir='ltr'><strong>rotae</strong></span> <span class='ocrx_word' id='word_1_35' title='bbox 1811 688 1929 736; x_wconf 88' lang='lat' dir='ltr'><strong>tor-</strong></span> 
     </span>
    </p>
   </div>
   <div class='ocr_carea' id='block_1_8' title="bbox 339 770 1932 843">
    <p class='ocr_par' dir='ltr' id='par_1_8' title="bbox 339 770 1932 843">
     <span class='ocr_line' id='line_1_8' title="bbox 339 770 1932 843; baseline 0 -18"><span class='ocrx_word' id='word_1_36' title='bbox 339 778 582 825; x_wconf 89' lang='lat' dir='ltr'><strong>mentum</strong></span> <span class='ocrx_word' id='word_1_37' title='bbox 605 770 881 841; x_wconf 85' lang='lat' dir='ltr'><strong>pertulisti</strong></span> <span class='ocrx_word' id='word_1_38' title='bbox 906 787 921 836; x_wconf 88' lang='lat'>;</span> <span class='ocrx_word' id='word_1_39' title='bbox 956 771 1155 843; x_wconf 79' lang='lat' dir='ltr'><strong>gladiis</strong></span> <span class='ocrx_word' id='word_1_40' title='bbox 1183 771 1503 836; x_wconf 79' lang='lat' dir='ltr'><strong>confossus,</strong></span> <span class='ocrx_word' id='word_1_41' title='bbox 1530 771 1695 827; x_wconf 84' lang='lat' dir='ltr'><strong>ﬁbras</strong></span> <span class='ocrx_word' id='word_1_42' title='bbox 1724 781 1779 827; x_wconf 89' lang='lat' dir='ltr'><strong>et</strong></span> <span class='ocrx_word' id='word_1_43' title='bbox 1806 787 1932 827; x_wconf 89' lang='lat' dir='ltr'><strong>ner-</strong></span> 
     </span>
    </p>
   </div>
   <div class='ocr_carea' id='block_1_9' title="bbox 337 858 1931 936">
    <p class='ocr_par' dir='ltr' id='par_1_9' title="bbox 337 858 1931 936">
     <span class='ocr_line' id='line_1_9' title="bbox 337 858 1931 936; baseline 0.006 -27"><span class='ocrx_word' id='word_1_44' title='bbox 337 873 436 914; x_wconf 84' lang='lat' dir='ltr'><strong>vos</strong></span> <span class='ocrx_word' id='word_1_45' title='bbox 453 858 727 927; x_wconf 82' lang='lat' dir='ltr'><strong>divulsus,</strong></span> <span class='ocrx_word' id='word_1_46' title='bbox 750 869 917 933; x_wconf 85' lang='lat' dir='ltr'><strong>rupta</strong></span> <span class='ocrx_word' id='word_1_47' title='bbox 940 877 1196 917; x_wconf 91' lang='lat' dir='ltr'><strong>ossorum</strong></span> <span class='ocrx_word' id='word_1_48' title='bbox 1226 864 1544 931; x_wconf 82' lang='lat' dir='ltr'><strong>concordia,</strong></span> <span class='ocrx_word' id='word_1_49' title='bbox 1566 874 1624 920; x_wconf 91' lang='lat' dir='ltr'><strong>et</strong></span> <span class='ocrx_word' id='word_1_50' title='bbox 1652 865 1931 936; x_wconf 87' lang='lat' dir='ltr'><strong>spicarum</strong></span> 
     </span>
    </p>
   </div>
   <div class='ocr_carea' id='block_1_10' title="bbox 340 951 1538 1028">
    <p class='ocr_par' dir='ltr' id='par_1_10' title="bbox 340 951 1538 1028">
     <span class='ocr_line' id='line_1_10' title="bbox 340 951 1538 1028; baseline 0.003 -22"><span class='ocrx_word' id='word_1_51' title='bbox 340 951 516 1007; x_wconf 90' lang='lat' dir='ltr'><strong>instar</strong></span> <span class='ocrx_word' id='word_1_52' title='bbox 550 967 749 1010; x_wconf 84' lang='lat' dir='ltr'><strong>sacros</strong></span> <span class='ocrx_word' id='word_1_53' title='bbox 782 954 989 1026; x_wconf 79' lang='lat' dir='ltr'><strong>digitos</strong></span> <span class='ocrx_word' id='word_1_54' title='bbox 1018 969 1214 1011; x_wconf 86' lang='lat' dir='ltr'><strong>omnes</strong></span> <span class='ocrx_word' id='word_1_55' title='bbox 1244 955 1538 1028; x_wconf 86' lang='lat' dir='ltr'><strong>collegisti.</strong></span> 
     </span>
    </p>
   </div>
   <div class='ocr_carea' id='block_1_11' title="bbox 406 1148 1930 1222">
    <p class='ocr_par' dir='ltr' id='par_1_11' title="bbox 406 1148 1930 1222">
     <span class='ocr_line' id='line_1_11' title="bbox 406 1148 1930 1222; baseline 0.002 -19"><span class='ocrx_word' id='word_1_56' title='bbox 406 1148 739 1206; x_wconf 88' lang='lat' dir='ltr'><strong>Crudelibus</strong></span> <span class='ocrx_word' id='word_1_57' title='bbox 796 1150 981 1206; x_wconf 84' lang='lat' dir='ltr'><strong>nervis</strong></span> <span class='ocrx_word' id='word_1_58' title='bbox 1038 1152 1206 1222; x_wconf 89' lang='lat' dir='ltr'><strong>pedes</strong></span> <span class='ocrx_word' id='word_1_59' title='bbox 1268 1161 1321 1207; x_wconf 92' lang='lat' dir='ltr'><strong>et</strong></span> <span class='ocrx_word' id='word_1_60' title='bbox 1348 1166 1546 1207; x_wconf 92' lang='lat' dir='ltr'><strong>manus</strong></span> <span class='ocrx_word' id='word_1_61' title='bbox 1597 1150 1930 1222; x_wconf 89' lang='lat' dir='ltr'><strong>discerptus,</strong></span> 
     </span>
    </p>
   </div>
   <div class='ocr_carea' id='block_1_12' title="bbox 341 1240 1935 1312">
    <p class='ocr_par' dir='ltr' id='par_1_12' title="bbox 341 1240 1935 1312">
     <span class='ocr_line' id='line_1_12' title="bbox 341 1240 1935 1312; baseline 0.001 -17"><span class='ocrx_word' id='word_1_62' title='bbox 341 1256 570 1297; x_wconf 85' lang='lat' dir='ltr'><strong>nervum</strong></span> <span class='ocrx_word' id='word_1_63' title='bbox 601 1242 879 1298; x_wconf 86' lang='lat' dir='ltr'><strong>enervasti</strong></span> <span class='ocrx_word' id='word_1_64' title='bbox 907 1242 1086 1297; x_wconf 90' lang='lat' dir='ltr'><strong>hostis</strong></span> <span class='ocrx_word' id='word_1_65' title='bbox 1118 1242 1381 1310; x_wconf 79' lang='lat' dir='ltr'><strong>ferreum,</strong></span> <span class='ocrx_word' id='word_1_66' title='bbox 1410 1240 1571 1312; x_wconf 80' lang='lat' dir='ltr'><strong>cujus</strong></span> <span class='ocrx_word' id='word_1_67' title='bbox 1588 1243 1775 1297; x_wconf 81' lang='lat' dir='ltr'><strong>cervix</strong></span> <span class='ocrx_word' id='word_1_68' title='bbox 1801 1258 1935 1297; x_wconf 91' lang='lat' dir='ltr'><strong>con-</strong></span> 
     </span>
    </p>
   </div>
   <div class='ocr_carea' id='block_1_13' title="bbox 339 1331 1935 1389">
    <p class='ocr_par' dir='ltr' id='par_1_13' title="bbox 339 1331 1935 1389">
     <span class='ocr_line' id='line_1_13' title="bbox 339 1331 1935 1389; baseline 0.001 -3"><span class='ocrx_word' id='word_1_69' title='bbox 339 1331 513 1387; x_wconf 80' lang='lat' dir='ltr'><strong>fracta</strong></span> <span class='ocrx_word' id='word_1_70' title='bbox 575 1331 680 1387; x_wconf 82' lang='lat' dir='ltr'><strong>fuit</strong></span> <span class='ocrx_word' id='word_1_71' title='bbox 718 1333 1030 1389; x_wconf 82' lang='lat' dir='ltr'><strong>manifeste.</strong></span> <span class='ocrx_word' id='word_1_72' title='bbox 1090 1333 1350 1389; x_wconf 86' lang='lat' dir='ltr'><strong>Christus</strong></span> <span class='ocrx_word' id='word_1_73' title='bbox 1401 1334 1549 1388; x_wconf 91' lang='lat' dir='ltr'><strong>enim</strong></span> <span class='ocrx_word' id='word_1_74' title='bbox 1596 1333 1851 1389; x_wconf 91' lang='lat' dir='ltr'><strong>ﬁrmabat</strong></span> <span class='ocrx_word' id='word_1_75' title='bbox 1885 1343 1935 1387; x_wconf 91' lang='lat' dir='ltr'><strong>te</strong></span> 
     </span>
    </p>
   </div>
   <div class='ocr_carea' id='block_1_14' title="bbox 339 1418 1935 1491">
    <p class='ocr_par' dir='ltr' id='par_1_14' title="bbox 339 1418 1935 1491">
     <span class='ocr_line' id='line_1_14' title="bbox 339 1418 1935 1491; baseline 0 -13"><span class='ocrx_word' id='word_1_76' title='bbox 339 1418 571 1479; x_wconf 86' lang='lat' dir='ltr'><strong>militem</strong></span> <span class='ocrx_word' id='word_1_77' title='bbox 624 1440 809 1491; x_wconf 89' lang='lat' dir='ltr'><strong>suum,</strong></span> <span class='ocrx_word' id='word_1_78' title='bbox 863 1425 1049 1481; x_wconf 88' lang='lat' dir='ltr'><strong>nervis</strong></span> <span class='ocrx_word' id='word_1_79' title='bbox 1104 1433 1158 1480; x_wconf 90' lang='lat' dir='ltr'><strong>te</strong></span> <span class='ocrx_word' id='word_1_80' title='bbox 1211 1425 1373 1480; x_wconf 87' lang='lat' dir='ltr'><strong>aereis</strong></span> <span class='ocrx_word' id='word_1_81' title='bbox 1434 1424 1817 1489; x_wconf 89' lang='lat' dir='ltr'><strong>circumdans,</strong></span> <span class='ocrx_word' id='word_1_82' title='bbox 1875 1434 1935 1479; x_wconf 93' lang='lat' dir='ltr'><strong>ut</strong></span> 
     </span>
    </p>
   </div>
   <div class='ocr_carea' id='block_1_15' title="bbox 340 1516 1936 1588">
    <p class='ocr_par' dir='ltr' id='par_1_15' title="bbox 340 1516 1936 1588">
     <span class='ocr_line' id='line_1_15' title="bbox 340 1516 1936 1588; baseline 0.001 -18"><span class='ocrx_word' id='word_1_83' title='bbox 340 1518 517 1583; x_wconf 89' lang='lat' dir='ltr'><strong>aiunt,</strong></span> <span class='ocrx_word' id='word_1_84' title='bbox 548 1525 716 1587; x_wconf 89' lang='lat' dir='ltr'><strong>atque</strong></span> <span class='ocrx_word' id='word_1_85' title='bbox 744 1518 853 1571; x_wconf 89' lang='lat' dir='ltr'><strong>vim</strong></span> <span class='ocrx_word' id='word_1_86' title='bbox 892 1517 991 1571; x_wconf 86' lang='lat' dir='ltr'><strong>tibi</strong></span> <span class='ocrx_word' id='word_1_87' title='bbox 1024 1517 1307 1588; x_wconf 86' lang='lat' dir='ltr'><strong>inspirans</strong></span> <span class='ocrx_word' id='word_1_88' title='bbox 1333 1517 1389 1571; x_wconf 91' lang='lat' dir='ltr'><strong>in</strong></span> <span class='ocrx_word' id='word_1_89' title='bbox 1433 1516 1545 1573; x_wconf 90' lang='lat' dir='ltr'><strong>Deo</strong></span> <span class='ocrx_word' id='word_1_90' title='bbox 1565 1517 1817 1588; x_wconf 87' lang='lat' dir='ltr'><strong>prodigia</strong></span> <span class='ocrx_word' id='word_1_91' title='bbox 1856 1516 1936 1572; x_wconf 82' lang='lat' dir='ltr'><strong>fa-</strong></span> 
     </span>
    </p>
   </div>
   <div class='ocr_carea' id='block_1_16' title="bbox 340 1608 1646 1674">
    <p class='ocr_par' dir='ltr' id='par_1_16' title="bbox 340 1608 1646 1674">
     <span class='ocr_line' id='line_1_16' title="bbox 340 1608 1646 1674; baseline 0.002 -12"><span class='ocrx_word' id='word_1_92' title='bbox 340 1608 545 1674; x_wconf 89' lang='lat' dir='ltr'><strong>ciendi,</strong></span> <span class='ocrx_word' id='word_1_93' title='bbox 584 1624 647 1664; x_wconf 91' lang='lat' dir='ltr'><strong>ac</strong></span> <span class='ocrx_word' id='word_1_94' title='bbox 678 1610 938 1664; x_wconf 87' lang='lat' dir='ltr'><strong>virtutem</strong></span> <span class='ocrx_word' id='word_1_95' title='bbox 981 1609 1233 1666; x_wconf 87' lang='lat' dir='ltr'><strong>solvendi</strong></span> <span class='ocrx_word' id='word_1_96' title='bbox 1267 1610 1646 1665; x_wconf 87' lang='lat' dir='ltr'><strong>tenebrarum.</strong></span> 
     </span>
    </p>
   </div>
   <div class='ocr_carea' id='block_1_17' title="bbox 411 1718 1935 1787">
    <p class='ocr_par' dir='ltr' id='par_1_17' title="bbox 411 1718 1935 1787">
     <span class='ocr_line' id='line_1_17' title="bbox 411 1718 1935 1787; baseline 0.001 -13"><span class='ocrx_word' id='word_1_97' title='bbox 411 1718 700 1787; x_wconf 86' lang='lat' dir='ltr'><strong>Quomodo</strong></span> <span class='ocrx_word' id='word_1_98' title='bbox 731 1720 880 1777; x_wconf 88' lang='lat' dir='ltr'><strong>Deus</strong></span> <span class='ocrx_word' id='word_1_99' title='bbox 902 1721 1156 1777; x_wconf 90' lang='lat' dir='ltr'><strong>Christus</strong></span> <span class='ocrx_word' id='word_1_100' title='bbox 1175 1729 1229 1777; x_wconf 92' lang='lat' dir='ltr'><strong>et</strong></span> <span class='ocrx_word' id='word_1_101' title='bbox 1251 1722 1433 1777; x_wconf 92' lang='lat' dir='ltr'><strong>omnis</strong></span> <span class='ocrx_word' id='word_1_102' title='bbox 1454 1729 1727 1778; x_wconf 73' lang='lat' dir='ltr'><strong>creatura:</strong></span> <span class='ocrx_word' id='word_1_103' title='bbox 1749 1721 1935 1776; x_wconf 85' lang='lat' dir='ltr'><strong>Domi-</strong></span> 
     </span>
    </p>
   </div>
   <div class='ocr_carea' id='block_1_18' title="bbox 344 1812 1930 1885">
    <p class='ocr_par' dir='ltr' id='par_1_18' title="bbox 344 1812 1930 1885">
     <span class='ocr_line' id='line_1_18' title="bbox 344 1812 1930 1885; baseline 0.001 -20"><span class='ocrx_word' id='word_1_104' title='bbox 344 1825 448 1866; x_wconf 92' lang='lat' dir='ltr'><strong>nus</strong></span> <span class='ocrx_word' id='word_1_105' title='bbox 477 1812 819 1885; x_wconf 68' lang='lat' dir='ltr'><strong>ethumanaz</strong></span> <span class='ocrx_word' id='word_1_106' title='bbox 852 1820 1065 1868; x_wconf 86' lang='lat' dir='ltr'><strong>naturae</strong></span> <span class='ocrx_word' id='word_1_107' title='bbox 1091 1821 1311 1877; x_wconf 88' lang='lat' dir='ltr'><strong>auctor,</strong></span> <span class='ocrx_word' id='word_1_108' title='bbox 1348 1815 1435 1869; x_wconf 86' lang='lat' dir='ltr'><strong>vel</strong></span> <span class='ocrx_word' id='word_1_109' title='bbox 1467 1814 1677 1870; x_wconf 89' lang='lat' dir='ltr'><strong>invitos</strong></span> <span class='ocrx_word' id='word_1_110' title='bbox 1700 1814 1930 1885; x_wconf 79' lang='lat' dir='ltr'><strong>coegisti</strong></span> 
     </span>
    </p>
   </div>
   <div class='ocr_carea' id='block_1_19' title="bbox 342 1903 1930 1973">
    <p class='ocr_par' dir='ltr' id='par_1_19' title="bbox 342 1903 1930 1973">
     <span class='ocr_line' id='line_1_19' title="bbox 342 1903 1930 1973; baseline 0.005 -18"><span class='ocrx_word' id='word_1_111' title='bbox 342 1904 621 1959; x_wconf 83' lang='lat' dir='ltr'><strong>daemones</strong></span> <span class='ocrx_word' id='word_1_112' title='bbox 679 1903 850 1959; x_wconf 90' lang='lat' dir='ltr'><strong>Deum</strong></span> <span class='ocrx_word' id='word_1_113' title='bbox 885 1905 1178 1973; x_wconf 63' lang='lat' dir='ltr'><strong>conﬁteri,</strong></span> <span class='ocrx_word' id='word_1_114' title='bbox 1221 1907 1347 1962; x_wconf 90' lang='lat' dir='ltr'><strong>licet</strong></span> <span class='ocrx_word' id='word_1_115' title='bbox 1398 1916 1601 1962; x_wconf 89' lang='lat' dir='ltr'><strong>natura</strong></span> <span class='ocrx_word' id='word_1_116' title='bbox 1635 1907 1930 1963; x_wconf 88' lang='lat' dir='ltr'><strong>mendaces</strong></span> 
     </span>
    </p>
   </div>
   <div class='ocr_carea' id='block_1_20' title="bbox 342 1994 1928 2068">
    <p class='ocr_par' dir='ltr' id='par_1_20' title="bbox 342 1994 1928 2068">
     <span class='ocr_line' id='line_1_20' title="bbox 342 1994 1928 2068; baseline 0.001 -17"><span class='ocrx_word' id='word_1_117' title='bbox 342 1996 476 2051; x_wconf 79' lang='lat' dir='ltr'><strong>sint.</strong></span> <span class='ocrx_word' id='word_1_118' title='bbox 505 1994 639 2050; x_wconf 82' lang='lat' dir='ltr'><strong>Nam</strong></span> <span class='ocrx_word' id='word_1_119' title='bbox 660 2003 988 2066; x_wconf 86' lang='lat' dir='ltr'><strong>potestatem</strong></span> <span class='ocrx_word' id='word_1_120' title='bbox 1016 2005 1165 2051; x_wconf 90' lang='lat' dir='ltr'><strong>tuam</strong></span> <span class='ocrx_word' id='word_1_121' title='bbox 1184 1999 1239 2053; x_wconf 93' lang='lat' dir='ltr'><strong>in</strong></span> <span class='ocrx_word' id='word_1_122' title='bbox 1269 2000 1421 2068; x_wconf 94' lang='lat' dir='ltr'><strong>ipsos</strong></span> <span class='ocrx_word' id='word_1_123' title='bbox 1449 1998 1630 2059; x_wconf 87' lang='lat' dir='ltr'><strong>veriti,</strong></span> <span class='ocrx_word' id='word_1_124' title='bbox 1657 2013 1755 2052; x_wconf 87' lang='lat' dir='ltr'><strong>ceu</strong></span> <span class='ocrx_word' id='word_1_125' title='bbox 1783 2000 1928 2054; x_wconf 88' lang='lat' dir='ltr'><strong>servi</strong></span> 
     </span>
    </p>
   </div>
   <div class='ocr_carea' id='block_1_21' title="bbox 341 2084 1460 2159">
    <p class='ocr_par' dir='ltr' id='par_1_21' title="bbox 341 2084 1460 2159">
     <span class='ocr_line' id='line_1_21' title="bbox 341 2084 1460 2159; baseline 0.004 -19"><span class='ocrx_word' id='word_1_126' title='bbox 341 2084 657 2157; x_wconf 85' lang='lat' dir='ltr'><strong>ﬁagriones,</strong></span> <span class='ocrx_word' id='word_1_127' title='bbox 686 2087 946 2143; x_wconf 87' lang='lat' dir='ltr'><strong>mandata</strong></span> <span class='ocrx_word' id='word_1_128' title='bbox 978 2096 1068 2143; x_wconf 86' lang='lat' dir='ltr'><strong>tua</strong></span> <span class='ocrx_word' id='word_1_129' title='bbox 1102 2090 1460 2159; x_wconf 79' lang='lat' dir='ltr'><strong>peragebant.</strong></span> 
     </span>
    </p>
   </div>
   <div class='ocr_carea' id='block_1_22' title="bbox 416 2307 1931 2381">
    <p class='ocr_par' dir='ltr' id='par_1_22' title="bbox 416 2307 1931 2381">
     <span class='ocr_line' id='line_1_22' title="bbox 416 2307 1931 2381; baseline 0.002 -19"><span class='ocrx_word' id='word_1_130' title='bbox 416 2307 684 2380; x_wconf 61' lang='grc' dir='ltr'>Πείραιε.</span> <span class='ocrx_word' id='word_1_131' title='bbox 714 2341 782 2351; x_wconf 91' lang='grc'><strong><em>-</em></strong></span> <span class='ocrx_word' id='word_1_132' title='bbox 813 2309 1051 2365; x_wconf 87' lang='lat' dir='ltr'><strong>Carnem</strong></span> <span class='ocrx_word' id='word_1_133' title='bbox 1086 2310 1395 2380; x_wconf 89' lang='lat' dir='ltr'><strong>suscipiens</strong></span> <span class='ocrx_word' id='word_1_134' title='bbox 1428 2326 1491 2365; x_wconf 81' lang='lat' dir='ltr'><strong>ex</strong></span> <span class='ocrx_word' id='word_1_135' title='bbox 1529 2312 1801 2381; x_wconf 87' lang='lat' dir='ltr'><strong>sanguine</strong></span> <span class='ocrx_word' id='word_1_136' title='bbox 1837 2323 1931 2367; x_wconf 87' lang='lat' dir='ltr'><strong>tuo</strong></span> 
     </span>
    </p>
   </div>
   <div class='ocr_carea' id='block_1_23' title="bbox 348 2394 1932 2472">
    <p class='ocr_par' dir='ltr' id='par_1_23' title="bbox 348 2394 1932 2472">
     <span class='ocr_line' id='line_1_23' title="bbox 348 2394 1932 2472; baseline -0.001 -17"><span class='ocrx_word' id='word_1_137' title='bbox 348 2394 736 2472; x_wconf 75' lang='lat' dir='ltr'><strong>incorporeus,</strong></span> <span class='ocrx_word' id='word_1_138' title='bbox 775 2400 1053 2456; x_wconf 86' lang='lat' dir='ltr'><strong>hominem</strong></span> <span class='ocrx_word' id='word_1_139' title='bbox 1091 2400 1407 2455; x_wconf 85' lang='lat' dir='ltr'><strong>carnalibus</strong></span> <span class='ocrx_word' id='word_1_140' title='bbox 1440 2400 1753 2469; x_wconf 88' lang='lat' dir='ltr'><strong>subjectum</strong></span> <span class='ocrx_word' id='word_1_141' title='bbox 1780 2400 1932 2456; x_wconf 86' lang='lat' dir='ltr'><strong>desi-</strong></span> 
     </span>
    </p>
   </div>
   <div class='ocr_carea' id='block_1_24' title="bbox 342 2489 1932 2562">
    <p class='ocr_par' dir='ltr' id='par_1_24' title="bbox 342 2489 1932 2562">
     <span class='ocr_line' id='line_1_24' title="bbox 342 2489 1932 2562; baseline 0.001 -16"><span class='ocrx_word' id='word_1_142' title='bbox 342 2492 533 2557; x_wconf 89' lang='lat' dir='ltr'><strong>deriis,</strong></span> <span class='ocrx_word' id='word_1_143' title='bbox 563 2499 620 2547; x_wconf 90' lang='lat' dir='ltr'><strong>et</strong></span> <span class='ocrx_word' id='word_1_144' title='bbox 648 2492 880 2562; x_wconf 91' lang='lat' dir='ltr'><strong>spiritus</strong></span> <span class='ocrx_word' id='word_1_145' title='bbox 907 2501 1214 2562; x_wconf 78' lang='lat' dir='ltr'><strong>expertem,</strong></span> <span class='ocrx_word' id='word_1_146' title='bbox 1275 2489 1519 2561; x_wconf 88' lang='lat' dir='ltr'><strong>Spiritus</strong></span> <span class='ocrx_word' id='word_1_147' title='bbox 1555 2492 1733 2546; x_wconf 91' lang='lat' dir='ltr'><strong>sancti</strong></span> <span class='ocrx_word' id='word_1_148' title='bbox 1786 2492 1932 2547; x_wconf 92' lang='lat' dir='ltr'><strong>dono</strong></span> 
     </span>
    </p>
   </div>
   <div class='ocr_carea' id='block_1_25' title="bbox 344 2581 1934 2652">
    <p class='ocr_par' dir='ltr' id='par_1_25' title="bbox 344 2581 1934 2652">
     <span class='ocr_line' id='line_1_25' title="bbox 344 2581 1934 2652; baseline 0.004 -20"><span class='ocrx_word' id='word_1_149' title='bbox 344 2581 649 2642; x_wconf 85' lang='lat' dir='ltr'><strong>roboravit,</strong></span> <span class='ocrx_word' id='word_1_150' title='bbox 685 2594 749 2635; x_wconf 89' lang='lat' dir='ltr'><strong>ac</strong></span> <span class='ocrx_word' id='word_1_151' title='bbox 779 2581 888 2635; x_wconf 82' lang='lat' dir='ltr'><strong>vim</strong></span> <span class='ocrx_word' id='word_1_152' title='bbox 913 2581 1064 2635; x_wconf 87' lang='lat' dir='ltr'><strong>dedit</strong></span> <span class='ocrx_word' id='word_1_153' title='bbox 1086 2595 1289 2650; x_wconf 89' lang='lat' dir='ltr'><strong>corpus</strong></span> <span class='ocrx_word' id='word_1_154' title='bbox 1316 2581 1614 2650; x_wconf 87' lang='lat' dir='ltr'><strong>superbum</strong></span> <span class='ocrx_word' id='word_1_155' title='bbox 1653 2583 1934 2652; x_wconf 87' lang='lat' dir='ltr'><strong>sapienter</strong></span> 
     </span>
    </p>
   </div>
   <div class='ocr_carea' id='block_1_26' title="bbox 346 2671 1865 2747">
    <p class='ocr_par' dir='ltr' id='par_1_26' title="bbox 346 2671 1865 2747">
     <span class='ocr_line' id='line_1_26' title="bbox 346 2671 1865 2747; baseline 0.004 -23"><span class='ocrx_word' id='word_1_156' title='bbox 346 2671 768 2741; x_wconf 82' lang='lat' dir='ltr'><strong>comprimendi,</strong></span> <span class='ocrx_word' id='word_1_157' title='bbox 801 2684 855 2727; x_wconf 91' lang='lat' dir='ltr'><strong>et</strong></span> <span class='ocrx_word' id='word_1_158' title='bbox 893 2673 947 2725; x_wconf 93' lang='lat' dir='ltr'><strong>in</strong></span> <span class='ocrx_word' id='word_1_159' title='bbox 983 2672 1309 2727; x_wconf 85' lang='lat' dir='ltr'><strong>servitutem</strong></span> <span class='ocrx_word' id='word_1_160' title='bbox 1336 2673 1640 2744; x_wconf 82' lang='lat' dir='ltr'><strong>redigendi,</strong></span> <span class='ocrx_word' id='word_1_161' title='bbox 1674 2673 1865 2747; x_wconf 84' lang='lat' dir='ltr'><strong>Virgo.</strong></span> 
     </span>
    </p>
   </div>
   <div class='ocr_carea' id='block_1_27' title="bbox 620 2870 1661 2944">
    <p class='ocr_par' dir='ltr' id='par_1_27' title="bbox 620 2870 1661 2944">
     <span class='ocr_line' id='line_1_27' title="bbox 620 2870 1661 2944; baseline 0.001 -15"><span class='ocrx_word' id='word_1_162' title='bbox 620 2873 733 2929; x_wconf 84' lang='lat' dir='ltr'><strong>Ode</strong></span> <span class='ocrx_word' id='word_1_163' title='bbox 770 2872 875 2928; x_wconf 82' lang='lat' dir='ltr'><strong>IX.</strong></span> <span class='ocrx_word' id='word_1_164' title='bbox 906 2873 1191 2944; x_wconf 75' lang='lat' dir='ltr'><strong>Infremuit</strong></span> <span class='ocrx_word' id='word_1_165' title='bbox 1215 2870 1386 2930; x_wconf 73' lang='lat' dir='ltr'><strong>omnis</strong></span> <span class='ocrx_word' id='word_1_166' title='bbox 1420 2875 1661 2931; x_wconf 79' lang='lat' dir='ltr'><strong>auditus.</strong></span> 
     </span>
    </p>
   </div>
   <div class='ocr_carea' id='block_1_28' title="bbox 414 3004 1934 3076">
    <p class='ocr_par' dir='ltr' id='par_1_28' title="bbox 414 3004 1934 3076">
     <span class='ocr_line' id='line_1_28' title="bbox 414 3004 1934 3076; baseline 0.001 -15"><span class='ocrx_word' id='word_1_167' title='bbox 414 3004 716 3061; x_wconf 88' lang='lat' dir='ltr'><strong>Gressibus</strong></span> <span class='ocrx_word' id='word_1_168' title='bbox 747 3005 919 3059; x_wconf 87' lang='lat' dir='ltr'><strong>animi</strong></span> <span class='ocrx_word' id='word_1_169' title='bbox 956 3005 1039 3060; x_wconf 93' lang='lat' dir='ltr'><strong>tui</strong></span> <span class='ocrx_word' id='word_1_170' title='bbox 1095 3006 1151 3063; x_wconf 92' lang='lat' dir='ltr'><strong>in</strong></span> <span class='ocrx_word' id='word_1_171' title='bbox 1197 3014 1351 3076; x_wconf 90' lang='lat' dir='ltr'><strong>petra</strong></span> <span class='ocrx_word' id='word_1_172' title='bbox 1389 3006 1513 3062; x_wconf 87' lang='lat' dir='ltr'><strong>ﬁdei</strong></span> <span class='ocrx_word' id='word_1_173' title='bbox 1544 3006 1815 3074; x_wconf 84' lang='lat' dir='ltr'><strong>fundatis,</strong></span> <span class='ocrx_word' id='word_1_174' title='bbox 1848 3024 1934 3064; x_wconf 85' lang='lat' dir='ltr'><strong>er-</strong></span> 
     </span>
    </p>
   </div>
   <div class='ocr_carea' id='block_1_29' title="bbox 347 3097 1932 3169">
    <p class='ocr_par' dir='ltr' id='par_1_29' title="bbox 347 3097 1932 3169">
     <span class='ocr_line' id='line_1_29' title="bbox 347 3097 1932 3169; baseline 0.003 -18"><span class='ocrx_word' id='word_1_175' title='bbox 347 3097 492 3154; x_wconf 89' lang='lat' dir='ltr'><strong>roris</strong></span> <span class='ocrx_word' id='word_1_176' title='bbox 544 3097 842 3153; x_wconf 88' lang='lat' dir='ltr'><strong>simulacra</strong></span> <span class='ocrx_word' id='word_1_177' title='bbox 898 3098 952 3152; x_wconf 94' lang='lat' dir='ltr'><strong>in</strong></span> <span class='ocrx_word' id='word_1_178' title='bbox 1015 3098 1298 3167; x_wconf 89' lang='lat' dir='ltr'><strong>pulverem</strong></span> <span class='ocrx_word' id='word_1_179' title='bbox 1356 3099 1648 3169; x_wconf 89' lang='lat' dir='ltr'><strong>dejecisti;</strong></span> <span class='ocrx_word' id='word_1_180' title='bbox 1689 3101 1833 3156; x_wconf 91' lang='lat' dir='ltr'><strong>collo</strong></span> <span class='ocrx_word' id='word_1_181' title='bbox 1866 3101 1932 3155; x_wconf 81' lang='lat' dir='ltr'><strong>ad</strong></span> 
     </span>
    </p>
   </div>
   <div class='ocr_carea' id='block_1_30' title="bbox 347 3187 2004 3267">
    <p class='ocr_par' dir='ltr' id='par_1_30' title="bbox 347 3187 2004 3267">
     <span class='ocr_line' id='line_1_30' title="bbox 347 3187 2004 3267; baseline 0.003 -25"><span class='ocrx_word' id='word_1_182' title='bbox 347 3187 516 3243; x_wconf 90' lang='lat' dir='ltr'><strong>Deum</strong></span> <span class='ocrx_word' id='word_1_183' title='bbox 544 3187 829 3255; x_wconf 86' lang='lat' dir='ltr'><strong>inclinato,</strong></span> <span class='ocrx_word' id='word_1_184' title='bbox 858 3194 913 3243; x_wconf 90' lang='lat' dir='ltr'><strong>et</strong></span> <span class='ocrx_word' id='word_1_185' title='bbox 940 3194 1195 3244; x_wconf 87' lang='lat' dir='ltr'><strong>truncata</strong></span> <span class='ocrx_word' id='word_1_186' title='bbox 1220 3189 1403 3260; x_wconf 87' lang='lat' dir='ltr'><strong>gladio</strong></span> <span class='ocrx_word' id='word_1_187' title='bbox 1433 3190 1671 3256; x_wconf 82' lang='lat' dir='ltr'><strong>cervice,</strong></span> <span class='ocrx_word' id='word_1_188' title='bbox 1701 3192 1931 3260; x_wconf 85' lang='lat' dir='ltr'><strong>athleta,</strong></span> <span class='ocrx_word' id='word_1_189' title='bbox 1962 3213 2004 3267; x_wconf 61' lang='grc' dir='ltr'><strong>(ς</strong></span> 
     </span>
    </p>
   </div>
   <div class='ocr_carea' id='block_1_31' title="bbox 350 3279 1394 3351">
    <p class='ocr_par' dir='ltr' id='par_1_31' title="bbox 350 3279 1394 3351">
     <span class='ocr_line' id='line_1_31' title="bbox 350 3279 1394 3351; baseline 0.002 -18"><span class='ocrx_word' id='word_1_190' title='bbox 350 3279 419 3335; x_wconf 92' lang='lat' dir='ltr'><strong>ad</strong></span> <span class='ocrx_word' id='word_1_191' title='bbox 449 3295 636 3336; x_wconf 89' lang='lat' dir='ltr'><strong>rerum</strong></span> <span class='ocrx_word' id='word_1_192' title='bbox 654 3280 899 3337; x_wconf 87' lang='lat' dir='ltr'><strong>omnium</strong></span> <span class='ocrx_word' id='word_1_193' title='bbox 922 3287 1087 3351; x_wconf 90' lang='lat' dir='ltr'><strong>caput</strong></span> <span class='ocrx_word' id='word_1_194' title='bbox 1118 3280 1394 3351; x_wconf 85' lang='lat' dir='ltr'><strong>migrasti.</strong></span> 
     </span>
    </p>
   </div>
   <div class='ocr_carea' id='block_1_32' title="bbox 420 3485 1940 3560">
    <p class='ocr_par' dir='ltr' id='par_1_32' title="bbox 420 3485 1940 3560">
     <span class='ocr_line' id='line_1_32' title="bbox 420 3485 1940 3560; baseline 0.002 -19"><span class='ocrx_word' id='word_1_195' title='bbox 420 3485 533 3542; x_wconf 86' lang='lat' dir='ltr'><strong>Ceu</strong></span> <span class='ocrx_word' id='word_1_196' title='bbox 562 3485 736 3541; x_wconf 83' lang='lat' dir='ltr'><strong>lilium</strong></span> <span class='ocrx_word' id='word_1_197' title='bbox 772 3486 898 3543; x_wconf 89' lang='lat' dir='ltr'><strong>nive</strong></span> <span class='ocrx_word' id='word_1_198' title='bbox 923 3486 1217 3543; x_wconf 86' lang='lat' dir='ltr'><strong>candidius</strong></span> <span class='ocrx_word' id='word_1_199' title='bbox 1247 3487 1301 3541; x_wconf 92' lang='lat' dir='ltr'><strong>in</strong></span> <span class='ocrx_word' id='word_1_200' title='bbox 1336 3488 1478 3543; x_wconf 87' lang='lat' dir='ltr'><strong>valle</strong></span> <span class='ocrx_word' id='word_1_201' title='bbox 1506 3497 1810 3560; x_wconf 85' lang='lat' dir='ltr'><strong>martyrum</strong></span> <span class='ocrx_word' id='word_1_202' title='bbox 1842 3487 1940 3544; x_wconf 87' lang='lat' dir='ltr'><strong>ﬁo-</strong></span> 
     </span>
    </p>
   </div>
   <div class='ocr_carea' id='block_1_33' title="bbox 353 3578 1938 3649">
    <p class='ocr_par' dir='ltr' id='par_1_33' title="bbox 353 3578 1938 3649">
     <span class='ocr_line' id='line_1_33' title="bbox 353 3578 1938 3649; baseline 0 -16"><span class='ocrx_word' id='word_1_203' title='bbox 353 3578 550 3645; x_wconf 90' lang='lat' dir='ltr'><strong>ruisti;</strong></span> <span class='ocrx_word' id='word_1_204' title='bbox 591 3578 783 3634; x_wconf 89' lang='lat' dir='ltr'><strong>divino</strong></span> <span class='ocrx_word' id='word_1_205' title='bbox 832 3579 1086 3649; x_wconf 86' lang='lat' dir='ltr'><strong>martyrii</strong></span> <span class='ocrx_word' id='word_1_206' title='bbox 1115 3578 1342 3633; x_wconf 89' lang='lat' dir='ltr'><strong>lavacro</strong></span> <span class='ocrx_word' id='word_1_207' title='bbox 1374 3579 1718 3645; x_wconf 82' lang='lat' dir='ltr'><strong>rubefactus,</strong></span> <span class='ocrx_word' id='word_1_208' title='bbox 1754 3595 1938 3636; x_wconf 85' lang='lat' dir='ltr'><strong>rosam</strong></span> 
     </span>
    </p>
   </div>
   <div class='ocr_carea' id='block_1_34' title="bbox 350 3670 1938 3739">
    <p class='ocr_par' dir='ltr' id='par_1_34' title="bbox 350 3670 1938 3739">
     <span class='ocr_line' id='line_1_34' title="bbox 350 3670 1938 3739; baseline 0 -11"><span class='ocrx_word' id='word_1_209' title='bbox 350 3672 573 3728; x_wconf 90' lang='lat' dir='ltr'><strong>edidisti</strong></span> <span class='ocrx_word' id='word_1_210' title='bbox 600 3670 881 3739; x_wconf 87' lang='lat' dir='ltr'><strong>rubidam,</strong></span> <span class='ocrx_word' id='word_1_211' title='bbox 918 3671 1060 3727; x_wconf 88' lang='lat' dir='ltr'><strong>bene</strong></span> <span class='ocrx_word' id='word_1_212' title='bbox 1108 3672 1373 3734; x_wconf 88' lang='lat' dir='ltr'><strong>olentem,</strong></span> <span class='ocrx_word' id='word_1_213' title='bbox 1405 3671 1714 3737; x_wconf 89' lang='lat' dir='ltr'><strong>odoratam,</strong></span> <span class='ocrx_word' id='word_1_214' title='bbox 1744 3687 1938 3729; x_wconf 90' lang='lat' dir='ltr'><strong>omnes</strong></span> 
     </span>
    </p>
   </div>
   <div class='ocr_carea' id='block_1_35' title="bbox 350 3759 1724 3834">
    <p class='ocr_par' dir='ltr' id='par_1_35' title="bbox 350 3759 1724 3834">
     <span class='ocr_line' id='line_1_35' title="bbox 350 3759 1724 3834; baseline -0.004 -15"><span class='ocrx_word' id='word_1_215' title='bbox 350 3763 618 3834; x_wconf 83' lang='lat' dir='ltr'><strong>singulari</strong></span> <span class='ocrx_word' id='word_1_216' title='bbox 652 3761 971 3833; x_wconf 87' lang='lat' dir='ltr'><strong>passionum</strong></span> <span class='ocrx_word' id='word_1_217' title='bbox 999 3760 1205 3817; x_wconf 88' lang='lat' dir='ltr'><strong>Christi</strong></span> <span class='ocrx_word' id='word_1_218' title='bbox 1242 3759 1413 3816; x_wconf 90' lang='lat' dir='ltr'><strong>odore</strong></span> <span class='ocrx_word' id='word_1_219' title='bbox 1440 3760 1724 3816; x_wconf 89' lang='lat' dir='ltr'><strong>recreasti.</strong></span> 
     </span>
    </p>
   </div>
   <div class='ocr_carea' id='block_1_36' title="bbox 420 3962 1936 4036">
    <p class='ocr_par' dir='ltr' id='par_1_36' title="bbox 420 3962 1936 4036">
     <span class='ocr_line' id='line_1_36' title="bbox 420 3962 1936 4036; baseline 0 -18"><span class='ocrx_word' id='word_1_220' title='bbox 420 3962 589 4021; x_wconf 85' lang='lat' dir='ltr'><strong>Ferro</strong></span> <span class='ocrx_word' id='word_1_221' title='bbox 624 3964 842 4020; x_wconf 87' lang='lat' dir='ltr'><strong>ﬁrmius</strong></span> <span class='ocrx_word' id='word_1_222' title='bbox 881 3963 1166 4036; x_wconf 80' lang='lat' dir='ltr'><strong>praebuisti</strong></span> <span class='ocrx_word' id='word_1_223' title='bbox 1193 3978 1398 4035; x_wconf 88' lang='lat' dir='ltr'><strong>corpus</strong></span> <span class='ocrx_word' id='word_1_224' title='bbox 1437 3970 1596 4017; x_wconf 90' lang='lat' dir='ltr'><strong>tuum</strong></span> <span class='ocrx_word' id='word_1_225' title='bbox 1649 3964 1936 4030; x_wconf 88' lang='lat' dir='ltr'><strong>invictum,</strong></span> 
     </span>
    </p>
   </div>
   <div class='ocr_carea' id='block_1_37' title="bbox 349 4056 1940 4128">
    <p class='ocr_par' dir='ltr' id='par_1_37' title="bbox 349 4056 1940 4128">
     <span class='ocr_line' id='line_1_37' title="bbox 349 4056 1940 4128; baseline 0 -15"><span class='ocrx_word' id='word_1_226' title='bbox 349 4056 573 4128; x_wconf 84' lang='lat' dir='ltr'><strong>Georgi,</strong></span> <span class='ocrx_word' id='word_1_227' title='bbox 605 4067 1011 4113; x_wconf 85' lang='lat' dir='ltr'><strong>tormentorum</strong></span> <span class='ocrx_word' id='word_1_228' title='bbox 1041 4057 1257 4113; x_wconf 90' lang='lat' dir='ltr'><strong>malleis</strong></span> <span class='ocrx_word' id='word_1_229' title='bbox 1292 4056 1667 4126; x_wconf 88' lang='lat' dir='ltr'><strong>nequidquam</strong></span> <span class='ocrx_word' id='word_1_230' title='bbox 1713 4071 1940 4125; x_wconf 87' lang='lat' dir='ltr'><strong>percus-</strong></span> 
     </span>
    </p>
   </div>
   <div class='ocr_carea' id='block_1_38' title="bbox 348 4147 1937 4221">
    <p class='ocr_par' dir='ltr' id='par_1_38' title="bbox 348 4147 1937 4221">
     <span class='ocr_line' id='line_1_38' title="bbox 348 4147 1937 4221; baseline -0.001 -16"><span class='ocrx_word' id='word_1_231' title='bbox 348 4165 506 4217; x_wconf 89' lang='lat' dir='ltr'><strong>sum;</strong></span> <span class='ocrx_word' id='word_1_232' title='bbox 531 4150 683 4206; x_wconf 85' lang='lat' dir='ltr'><strong>velut</strong></span> <span class='ocrx_word' id='word_1_233' title='bbox 707 4164 849 4220; x_wconf 89' lang='lat' dir='ltr'><strong>aqua</strong></span> <span class='ocrx_word' id='word_1_234' title='bbox 873 4148 1070 4221; x_wconf 79' lang='lat' dir='ltr'><strong>frigida</strong></span> <span class='ocrx_word' id='word_1_235' title='bbox 1091 4149 1359 4219; x_wconf 87' lang='lat' dir='ltr'><strong>sanguine</strong></span> <span class='ocrx_word' id='word_1_236' title='bbox 1380 4156 1475 4202; x_wconf 91' lang='lat' dir='ltr'><strong>tuo</strong></span> <span class='ocrx_word' id='word_1_237' title='bbox 1499 4147 1675 4203; x_wconf 85' lang='lat' dir='ltr'><strong>calido</strong></span> <span class='ocrx_word' id='word_1_238' title='bbox 1705 4148 1937 4203; x_wconf 91' lang='lat' dir='ltr'><strong>tinctum</strong></span> 
     </span>
    </p>
   </div>
   <div class='ocr_carea' id='block_1_39' title="bbox 349 4239 1939 4312">
    <p class='ocr_par' dir='ltr' id='par_1_39' title="bbox 349 4239 1939 4312">
     <span class='ocr_line' id='line_1_39' title="bbox 349 4239 1939 4312; baseline -0.001 -15"><span class='ocrx_word' id='word_1_239' title='bbox 349 4244 533 4300; x_wconf 90' lang='lat' dir='ltr'><strong>acrius</strong></span> <span class='ocrx_word' id='word_1_240' title='bbox 568 4241 823 4299; x_wconf 62' lang='lat' dir='ltr'><strong>enectum</strong></span> <span class='ocrx_word' id='word_1_241' title='bbox 853 4249 961 4307; x_wconf 90' lang='lat' dir='ltr'><strong>est,</strong></span> <span class='ocrx_word' id='word_1_242' title='bbox 1000 4242 1126 4312; x_wconf 87' lang='lat' dir='ltr'><strong>igne</strong></span> <span class='ocrx_word' id='word_1_243' title='bbox 1146 4239 1437 4295; x_wconf 87' lang='lat' dir='ltr'><strong>charitatis</strong></span> <span class='ocrx_word' id='word_1_244' title='bbox 1473 4240 1680 4295; x_wconf 87' lang='lat' dir='ltr'><strong>Christi</strong></span> <span class='ocrx_word' id='word_1_245' title='bbox 1711 4240 1939 4295; x_wconf 87' lang='lat' dir='ltr'><strong>indura-</strong></span> 
     </span>
    </p>
   </div>
   <div class='ocr_carea' id='block_1_40' title="bbox 351 4344 492 4388">
    <p class='ocr_par' dir='ltr' id='par_1_40' title="bbox 351 4344 492 4388">
     <span class='ocr_line' id='line_1_40' title="bbox 351 4344 492 4388; baseline 0.007 -1"><span class='ocrx_word' id='word_1_246' title='bbox 351 4344 492 4388; x_wconf 91' lang='lat' dir='ltr'><strong>tum.</strong></span> 
     </span>
    </p>
   </div>
   <div class='ocr_carea' id='block_1_41' title="bbox 418 4458 1938 4532">
    <p class='ocr_par' dir='ltr' id='par_1_41' title="bbox 418 4458 1938 4532">
     <span class='ocr_line' id='line_1_41' title="bbox 418 4458 1938 4532; baseline -0.001 -15"><span class='ocrx_word' id='word_1_247' title='bbox 418 4460 622 4517; x_wconf 90' lang='lat' dir='ltr'><strong>Christi</strong></span> <span class='ocrx_word' id='word_1_248' title='bbox 653 4459 829 4532; x_wconf 89' lang='lat' dir='ltr'><strong>gratia</strong></span> <span class='ocrx_word' id='word_1_249' title='bbox 862 4459 955 4530; x_wconf 90' lang='lat' dir='ltr'><strong>qui</strong></span> <span class='ocrx_word' id='word_1_250' title='bbox 986 4458 1248 4513; x_wconf 90' lang='lat' dir='ltr'><strong>mundum</strong></span> <span class='ocrx_word' id='word_1_251' title='bbox 1276 4459 1429 4526; x_wconf 85' lang='lat' dir='ltr'><strong>vicit,</strong></span> <span class='ocrx_word' id='word_1_252' title='bbox 1461 4458 1618 4528; x_wconf 83' lang='lat' dir='ltr'><strong>juxta</strong></span> <span class='ocrx_word' id='word_1_253' title='bbox 1642 4460 1938 4530; x_wconf 88' lang='lat' dir='ltr'><strong>promissa,</strong></span> 
     </span>
    </p>
   </div>
   <div class='ocr_carea' id='block_1_42' title="bbox 2030 559 3414 635">
    <p class='ocr_par' dir='ltr' id='par_1_42' title="bbox 2030 559 3414 635">
     <span class='ocr_line' id='line_1_42' title="bbox 2030 559 3414 635; baseline -0.003 -17"><span class='ocrx_word' id='word_1_254' title='bbox 2030 563 2271 635; x_wconf 82' lang='grc' dir='ltr'><strong>Χριστοῦ</strong></span> <span class='ocrx_word' id='word_1_255' title='bbox 2299 562 2392 616; x_wconf 88' lang='grc' dir='ltr'><strong>τοῦ</strong></span> <span class='ocrx_word' id='word_1_256' title='bbox 2423 560 2751 625; x_wconf 80' lang='grc' dir='ltr'><strong>καθελόντος</strong></span> <span class='ocrx_word' id='word_1_257' title='bbox 2778 560 2873 614; x_wconf 82' lang='grc' dir='ltr'><strong>τὸν</strong></span> <span class='ocrx_word' id='word_1_258' title='bbox 2904 559 3134 614; x_wconf 83' lang='grc' dir='ltr'>θάνατον</span> <span class='ocrx_word' id='word_1_259' title='bbox 3165 561 3414 631; x_wconf 76' lang='grc' dir='ltr'>θανάτῳ.</span> 
     </span>
    </p>
   </div>
   <div class='ocr_carea' id='block_1_43' title="bbox 2113 674 3673 748">
    <p class='ocr_par' dir='ltr' id='par_1_43' title="bbox 2113 674 3673 748">
     <span class='ocr_line' id='line_1_43' title="bbox 2113 674 3673 748; baseline -0.003 -17"><span class='ocrx_word' id='word_1_260' title='bbox 2113 677 2289 748; x_wconf 79' lang='grc' dir='ltr'>Ἰσχὺν</span> <span class='ocrx_word' id='word_1_261' title='bbox 2335 676 2432 730; x_wconf 68' lang='grc' dir='ltr'>καὶ</span> <span class='ocrx_word' id='word_1_262' title='bbox 2478 675 2665 738; x_wconf 79' lang='grc' dir='ltr'><strong>σθένος</strong></span> <span class='ocrx_word' id='word_1_263' title='bbox 2703 676 2920 745; x_wconf 85' lang='grc' dir='ltr'>ἄμαχον</span> <span class='ocrx_word' id='word_1_264' title='bbox 2950 674 3249 745; x_wconf 78' lang='grc' dir='ltr'>οὐρανόθεν</span> <span class='ocrx_word' id='word_1_265' title='bbox 3303 675 3673 744; x_wconf 64' lang='grc' dir='ltr'>ζωσάμενας</span> 
     </span>
    </p>
   </div>
   <div class='ocr_carea' id='block_1_44' title="bbox 2030 767 3671 842">
    <p class='ocr_par' dir='ltr' id='par_1_44' title="bbox 2030 767 3671 842">
     <span class='ocr_line' id='line_1_44' title="bbox 2030 767 3671 842; baseline -0.002 -19"><span class='ocrx_word' id='word_1_266' title='bbox 2030 771 2129 842; x_wconf 82' lang='grc' dir='ltr'><strong>τὴν</strong></span> <span class='ocrx_word' id='word_1_267' title='bbox 2185 770 2277 823; x_wconf 67' lang='grc' dir='ltr'><strong>ἐπὶ</strong></span> <span class='ocrx_word' id='word_1_268' title='bbox 2330 769 2523 841; x_wconf 77' lang='grc' dir='ltr'>τροχὸν</span> <span class='ocrx_word' id='word_1_269' title='bbox 2576 768 2885 839; x_wconf 81' lang='grc' dir='ltr'>περιφορὰν</span> <span class='ocrx_word' id='word_1_270' title='bbox 2930 767 3244 839; x_wconf 77' lang='grc' dir='ltr'>ὑπέφερες’</span> <span class='ocrx_word' id='word_1_271' title='bbox 3286 768 3671 838; x_wconf 68' lang='grc' dir='ltr'>τεμνόμενος</span> 
     </span>
    </p>
   </div>
   <div class='ocr_carea' id='block_1_45' title="bbox 2032 858 3671 932">
    <p class='ocr_par' dir='ltr' id='par_1_45' title="bbox 2032 858 3671 932">
     <span class='ocr_line' id='line_1_45' title="bbox 2032 858 3671 932; baseline -0.002 -17"><span class='ocrx_word' id='word_1_272' title='bbox 2032 863 2235 932; x_wconf 80' lang='grc' dir='ltr'><strong>ξίφεσι,</strong></span> <span class='ocrx_word' id='word_1_273' title='bbox 2267 858 2390 925; x_wconf 77' lang='grc' dir='ltr'>ἶνας</span> <span class='ocrx_word' id='word_1_274' title='bbox 2424 862 2517 914; x_wconf 73' lang='grc' dir='ltr'><strong>καὶ</strong></span> <span class='ocrx_word' id='word_1_275' title='bbox 2550 859 2719 932; x_wconf 47' lang='lat' dir='ltr'><strong>vei”</strong></span> <span class='ocrx_word' id='word_1_276' title='bbox 2744 859 3055 930; x_wconf 79' lang='grc' dir='ltr'><strong>σπώμενος,</strong></span> <span class='ocrx_word' id='word_1_277' title='bbox 3084 861 3178 912; x_wconf 72' lang='grc' dir='ltr'><strong>καὶ</strong></span> <span class='ocrx_word' id='word_1_278' title='bbox 3219 859 3671 931; x_wconf 55' lang='grc' dir='ltr'>περιθραώμεο</span> 
     </span>
    </p>
   </div>
   <div class='ocr_carea' id='block_1_46' title="bbox 2032 950 3665 1024">
    <p class='ocr_par' dir='ltr' id='par_1_46' title="bbox 2032 950 3665 1024">
     <span class='ocr_line' id='line_1_46' title="bbox 2032 950 3665 1024; baseline -0.002 -19"><span class='ocrx_word' id='word_1_279' title='bbox 2032 970 2123 1016; x_wconf 92' lang='grc' dir='ltr'><strong>νος</strong></span> <span class='ocrx_word' id='word_1_280' title='bbox 2148 951 2325 1005; x_wconf 81' lang='grc' dir='ltr'>ὀστῶν</span> <span class='ocrx_word' id='word_1_281' title='bbox 2366 952 2656 1024; x_wconf 76' lang='grc' dir='ltr'>ἁρμονίας,</span> <span class='ocrx_word' id='word_1_282' title='bbox 2690 952 2785 1006; x_wconf 75' lang='grc' dir='ltr'>καὶ</span> <span class='ocrx_word' id='word_1_283' title='bbox 2823 952 2985 1021; x_wconf 87' lang='grc' dir='ltr'>δίκην</span> <span class='ocrx_word' id='word_1_284' title='bbox 3016 950 3309 1021; x_wconf 77' lang='grc' dir='ltr'>ἀσταχύων</span> <span class='ocrx_word' id='word_1_285' title='bbox 3334 950 3665 1020; x_wconf 69' lang='grc' dir='ltr'>θεριζὸμε-</span> 
     </span>
    </p>
   </div>
   <div class='ocr_carea' id='block_1_47' title="bbox 2033 1041 3085 1110">
    <p class='ocr_par' dir='ltr' id='par_1_47' title="bbox 2033 1041 3085 1110">
     <span class='ocr_line' id='line_1_47' title="bbox 2033 1041 3085 1110; baseline -0.001 -13"><span class='ocrx_word' id='word_1_286' title='bbox 2033 1062 2124 1108; x_wconf 86' lang='grc' dir='ltr'><strong>νος</strong></span> <span class='ocrx_word' id='word_1_287' title='bbox 2157 1044 2366 1107; x_wconf 81' lang='grc' dir='ltr'>πάντας</span> <span class='ocrx_word' id='word_1_288' title='bbox 2396 1044 2520 1107; x_wconf 76' lang='grc' dir='ltr'>τοὺς</span> <span class='ocrx_word' id='word_1_289' title='bbox 2554 1044 2738 1110; x_wconf 77' lang='grc' dir='ltr'>ἱεροὺς</span> <span class='ocrx_word' id='word_1_290' title='bbox 2761 1041 3085 1104; x_wconf 78' lang='grc' dir='ltr'>δακτύλους.</span> 
     </span>
    </p>
   </div>
   <div class='ocr_carea' id='block_1_48' title="bbox 2105 1152 3665 1228">
    <p class='ocr_par' dir='ltr' id='par_1_48' title="bbox 2105 1152 3665 1228">
     <span class='ocr_line' id='line_1_48' title="bbox 2105 1152 3665 1228; baseline -0.003 -18"><span class='ocrx_word' id='word_1_291' title='bbox 2105 1156 2340 1228; x_wconf 83' lang='grc' dir='ltr'>Νεύροις</span> <span class='ocrx_word' id='word_1_292' title='bbox 2369 1156 2541 1226; x_wconf 84' lang='grc' dir='ltr'>ὠμοῖς</span> <span class='ocrx_word' id='word_1_293' title='bbox 2576 1154 2890 1224; x_wconf 80' lang='grc' dir='ltr'>ξαινόμενος</span> <span class='ocrx_word' id='word_1_294' title='bbox 2925 1152 3035 1206; x_wconf 90' lang='grc' dir='ltr'><strong>τῶν</strong></span> <span class='ocrx_word' id='word_1_295' title='bbox 3078 1153 3279 1222; x_wconf 75' lang='grc' dir='ltr'>χειρῶν</span> <span class='ocrx_word' id='word_1_296' title='bbox 3314 1154 3414 1206; x_wconf 76' lang='grc' dir='ltr'><strong>καὶ</strong></span> <span class='ocrx_word' id='word_1_297' title='bbox 3455 1154 3665 1206; x_wconf 70' lang='grc' dir='ltr'>ποδῶν</span> 
     </span>
    </p>
   </div>
   <div class='ocr_carea' id='block_1_49' title="bbox 2038 1242 3662 1317">
    <p class='ocr_par' dir='ltr' id='par_1_49' title="bbox 2038 1242 3662 1317">
     <span class='ocr_line' id='line_1_49' title="bbox 2038 1242 3662 1317; baseline -0.002 -15"><span class='ocrx_word' id='word_1_298' title='bbox 2038 1268 2155 1316; x_wconf 91' lang='grc' dir='ltr'>σου,</span> <span class='ocrx_word' id='word_1_299' title='bbox 2202 1249 2297 1302; x_wconf 86' lang='grc' dir='ltr'><strong>τὸν</strong></span> <span class='ocrx_word' id='word_1_300' title='bbox 2346 1247 2542 1317; x_wconf 77' lang='grc' dir='ltr'>ἐχθρὸν</span> <span class='ocrx_word' id='word_1_301' title='bbox 2586 1246 2946 1317; x_wconf 78' lang='grc' dir='ltr'>ὲξηνεύρισας</span> <span class='ocrx_word' id='word_1_302' title='bbox 2995 1245 3187 1315; x_wconf 84' lang='grc' dir='ltr'>νεῦρον</span> <span class='ocrx_word' id='word_1_303' title='bbox 3240 1245 3526 1316; x_wconf 81' lang='grc' dir='ltr'>σιδηροῦν,</span> <span class='ocrx_word' id='word_1_304' title='bbox 3590 1242 3662 1298; x_wconf 70' lang='grc' dir='ltr'>οὗ</span> 
     </span>
    </p>
   </div>
   <div class='ocr_carea' id='block_1_50' title="bbox 2037 1335 3663 1411">
    <p class='ocr_par' dir='ltr' id='par_1_50' title="bbox 2037 1335 3663 1411">
     <span class='ocr_line' id='line_1_50' title="bbox 2037 1335 3663 1411; baseline -0.002 -18"><span class='ocrx_word' id='word_1_305' title='bbox 2037 1339 2330 1411; x_wconf 80' lang='grc' dir='ltr'>προφανῶς</span> <span class='ocrx_word' id='word_1_306' title='bbox 2358 1340 2387 1391; x_wconf 87' lang='grc' dir='ltr'><strong>ό</strong></span> <span class='ocrx_word' id='word_1_307' title='bbox 2409 1338 2681 1409; x_wconf 83' lang='grc' dir='ltr'>τράχηλος</span> <span class='ocrx_word' id='word_1_308' title='bbox 2700 1379 2713 1392; x_wconf 94' lang='grc'><strong>.</strong></span> <span class='ocrx_word' id='word_1_309' title='bbox 2748 1336 2985 1405; x_wconf 75' lang='grc' dir='ltr'>Χριστὸς</span> <span class='ocrx_word' id='word_1_310' title='bbox 3012 1335 3122 1407; x_wconf 75' lang='grc' dir='ltr'><strong>γὰρ</strong></span> <span class='ocrx_word' id='word_1_311' title='bbox 3145 1337 3371 1402; x_wconf 80' lang='grc' dir='ltr'>ἑνεύρου</span> <span class='ocrx_word' id='word_1_312' title='bbox 3405 1355 3470 1389; x_wconf 85' lang='grc' dir='ltr'><strong>σε</strong></span> <span class='ocrx_word' id='word_1_313' title='bbox 3496 1339 3663 1408; x_wconf 76' lang='grc' dir='ltr'>ὑπὲρ</span> 
     </span>
    </p>
   </div>
   <div class='ocr_carea' id='block_1_51' title="bbox 2036 1426 3659 1501">
    <p class='ocr_par' dir='ltr' id='par_1_51' title="bbox 2036 1426 3659 1501">
     <span class='ocr_line' id='line_1_51' title="bbox 2036 1426 3659 1501; baseline -0.001 -18"><span class='ocrx_word' id='word_1_314' title='bbox 2036 1430 2201 1483; x_wconf 79' lang='grc' dir='ltr'>αὑτοῦ</span> <span class='ocrx_word' id='word_1_315' title='bbox 2240 1429 2581 1501; x_wconf 74' lang='grc' dir='ltr'>μαχόμενον,</span> <span class='ocrx_word' id='word_1_316' title='bbox 2618 1428 2788 1500; x_wconf 87' lang='grc' dir='ltr'>νεῦρά</span> <span class='ocrx_word' id='word_1_317' title='bbox 2817 1445 2902 1481; x_wconf 92' lang='grc' dir='ltr'><strong>σοι</strong></span> <span class='ocrx_word' id='word_1_318' title='bbox 2936 1426 3120 1497; x_wconf 81' lang='grc' dir='ltr'>χαλκᾶ</span> <span class='ocrx_word' id='word_1_319' title='bbox 3152 1428 3472 1499; x_wconf 80' lang='grc' dir='ltr'>περιτιθεὶς</span> <span class='ocrx_word' id='word_1_320' title='bbox 3503 1428 3593 1490; x_wconf 77' lang='grc' dir='ltr'>ὡς</span> <span class='ocrx_word' id='word_1_321' title='bbox 3628 1433 3659 1482; x_wconf 83' lang='grc' dir='ltr'>ὁ</span> 
     </span>
    </p>
   </div>
   <div class='ocr_carea' id='block_1_52' title="bbox 2034 1518 3659 1591">
    <p class='ocr_par' dir='ltr' id='par_1_52' title="bbox 2034 1518 3659 1591">
     <span class='ocr_line' id='line_1_52' title="bbox 2034 1518 3659 1591; baseline -0.002 -18"><span class='ocrx_word' id='word_1_322' title='bbox 2034 1522 2212 1590; x_wconf 88' lang='grc' dir='ltr'>λόγος,</span> <span class='ocrx_word' id='word_1_323' title='bbox 2239 1521 2336 1575; x_wconf 79' lang='grc' dir='ltr'><strong>καὶ</strong></span> <span class='ocrx_word' id='word_1_324' title='bbox 2364 1522 2594 1591; x_wconf 84' lang='grc' dir='ltr'>δύναμιν</span> <span class='ocrx_word' id='word_1_325' title='bbox 2623 1520 2878 1591; x_wconf 62' lang='grc' dir='ltr'>ἐμπνέων</span> <span class='ocrx_word' id='word_1_326' title='bbox 2898 1518 2991 1571; x_wconf 87' lang='grc' dir='ltr'><strong>τοῦ</strong></span> <span class='ocrx_word' id='word_1_327' title='bbox 3022 1518 3252 1586; x_wconf 75' lang='grc' dir='ltr'>ποιῆσαι</span> <span class='ocrx_word' id='word_1_328' title='bbox 3280 1519 3563 1589; x_wconf 76' lang='grc' dir='ltr'>δυνάμεις</span> <span class='ocrx_word' id='word_1_329' title='bbox 3590 1520 3659 1570; x_wconf 81' lang='grc' dir='ltr'>ἐν</span> 
     </span>
    </p>
   </div>
   <div class='ocr_carea' id='block_1_53' title="bbox 2036 1609 3393 1685">
    <p class='ocr_par' dir='ltr' id='par_1_53' title="bbox 2036 1609 3393 1685">
     <span class='ocr_line' id='line_1_53' title="bbox 2036 1609 3393 1685; baseline -0.004 -18"><span class='ocrx_word' id='word_1_330' title='bbox 2036 1615 2112 1685; x_wconf 82' lang='grc' dir='ltr'><strong>τῷ</strong></span> <span class='ocrx_word' id='word_1_331' title='bbox 2142 1613 2282 1685; x_wconf 81' lang='grc' dir='ltr'>Θεῷ,</span> <span class='ocrx_word' id='word_1_332' title='bbox 2307 1614 2402 1668; x_wconf 80' lang='grc' dir='ltr'><strong>καὶ</strong></span> <span class='ocrx_word' id='word_1_333' title='bbox 2435 1613 2598 1666; x_wconf 86' lang='grc' dir='ltr'>λῦσαι</span> <span class='ocrx_word' id='word_1_334' title='bbox 2630 1613 2730 1683; x_wconf 82' lang='grc' dir='ltr'>τὴν</span> <span class='ocrx_word' id='word_1_335' title='bbox 2760 1613 2992 1682; x_wconf 87' lang='grc' dir='ltr'>δύναμιν</span> <span class='ocrx_word' id='word_1_336' title='bbox 3016 1609 3111 1663; x_wconf 85' lang='grc' dir='ltr'><strong>τοῦ</strong></span> <span class='ocrx_word' id='word_1_337' title='bbox 3141 1611 3393 1673; x_wconf 79' lang='grc' dir='ltr'>σκότους.</span> 
     </span>
    </p>
   </div>
   <div class='ocr_carea' id='block_1_54' title="bbox 2111 1724 3657 1798">
    <p class='ocr_par' dir='ltr' id='par_1_54' title="bbox 2111 1724 3657 1798">
     <span class='ocr_line' id='line_1_54' title="bbox 2111 1724 3657 1798; baseline -0.003 -17"><span class='ocrx_word' id='word_1_338' title='bbox 2111 1728 2234 1781; x_wconf 86' lang='grc' dir='ltr'>Ὅτι</span> <span class='ocrx_word' id='word_1_339' title='bbox 2278 1727 2413 1790; x_wconf 83' lang='grc' dir='ltr'>Θεὸς</span> <span class='ocrx_word' id='word_1_340' title='bbox 2460 1727 2555 1780; x_wconf 63' lang='lat' dir='ltr'><strong>xei.</strong></span> <span class='ocrx_word' id='word_1_341' title='bbox 2604 1725 2811 1797; x_wconf 82' lang='grc' dir='ltr'>Κύριος</span> <span class='ocrx_word' id='word_1_342' title='bbox 2844 1726 2872 1777; x_wconf 87' lang='grc' dir='ltr'><strong>ό</strong></span> <span class='ocrx_word' id='word_1_343' title='bbox 2900 1727 3136 1798; x_wconf 82' lang='grc' dir='ltr'>Χριστὸς</span> <span class='ocrx_word' id='word_1_344' title='bbox 3167 1726 3351 1794; x_wconf 82' lang='grc' dir='ltr'>πάσης</span> <span class='ocrx_word' id='word_1_345' title='bbox 3396 1724 3657 1787; x_wconf 79' lang='grc' dir='ltr'>κτίσεως</span> 
     </span>
    </p>
   </div>
   <div class='ocr_carea' id='block_1_55' title="bbox 2038 1815 3654 1890">
    <p class='ocr_par' dir='ltr' id='par_1_55' title="bbox 2038 1815 3654 1890">
     <span class='ocr_line' id='line_1_55' title="bbox 2038 1815 3654 1890; baseline -0.004 -16"><span class='ocrx_word' id='word_1_346' title='bbox 2038 1822 2135 1875; x_wconf 78' lang='grc' dir='ltr'><strong>καὶ</strong></span> <span class='ocrx_word' id='word_1_347' title='bbox 2165 1820 2511 1890; x_wconf 81' lang='grc' dir='ltr'>Δημιουργὸς</span> <span class='ocrx_word' id='word_1_348' title='bbox 2538 1820 2638 1889; x_wconf 74' lang='grc' dir='ltr'>τῆς</span> <span class='ocrx_word' id='word_1_349' title='bbox 2671 1815 3025 1888; x_wconf 76' lang='grc' dir='ltr'>ἀνθρωπίνης</span> <span class='ocrx_word' id='word_1_350' title='bbox 3053 1816 3288 1886; x_wconf 83' lang='grc' dir='ltr'>φύσεως,</span> <span class='ocrx_word' id='word_1_351' title='bbox 3324 1815 3425 1868; x_wconf 65' lang='grc' dir='ltr'><strong>καὶ</strong></span> <span class='ocrx_word' id='word_1_352' title='bbox 3470 1816 3654 1869; x_wconf 73' lang='grc' dir='ltr'>ἄκον-</span> 
     </span>
    </p>
   </div>
   <div class='ocr_carea' id='block_1_56' title="bbox 2032 1906 3655 1981">
    <p class='ocr_par' dir='ltr' id='par_1_56' title="bbox 2032 1906 3655 1981">
     <span class='ocr_line' id='line_1_56' title="bbox 2032 1906 3655 1981; baseline -0.003 -16"><span class='ocrx_word' id='word_1_353' title='bbox 2032 1930 2132 1975; x_wconf 88' lang='grc' dir='ltr'><strong>τας</strong></span> <span class='ocrx_word' id='word_1_354' title='bbox 2163 1912 2379 1975; x_wconf 82' lang='grc' dir='ltr'>ἕπειθες</span> <span class='ocrx_word' id='word_1_355' title='bbox 2434 1911 2721 1981; x_wconf 84' lang='grc' dir='ltr'>ὁμολογεῖν</span> <span class='ocrx_word' id='word_1_356' title='bbox 2748 1910 2877 1972; x_wconf 78' lang='grc' dir='ltr'>τοὺς</span> <span class='ocrx_word' id='word_1_357' title='bbox 2910 1909 3173 1978; x_wconf 88' lang='grc' dir='ltr'>δαίμονας</span> <span class='ocrx_word' id='word_1_358' title='bbox 3194 1948 3210 1972; x_wconf 97' lang='grc'><strong>,</strong></span> <span class='ocrx_word' id='word_1_359' title='bbox 3244 1906 3432 1960; x_wconf 82' lang='grc' dir='ltr'>καίτοι</span> <span class='ocrx_word' id='word_1_360' title='bbox 3472 1925 3655 1976; x_wconf 78' lang='grc' dir='ltr'>φανε-</span> 
     </span>
    </p>
   </div>
   <div class='ocr_carea' id='block_1_57' title="bbox 2037 2000 3654 2076">
    <p class='ocr_par' dir='ltr' id='par_1_57' title="bbox 2037 2000 3654 2076">
     <span class='ocr_line' id='line_1_57' title="bbox 2037 2000 3654 2076; baseline -0.002 -20"><span class='ocrx_word' id='word_1_361' title='bbox 2037 2004 2146 2076; x_wconf 84' lang='grc' dir='ltr'><strong>ρῶς</strong></span> <span class='ocrx_word' id='word_1_362' title='bbox 2192 2003 2534 2073; x_wconf 68' lang='grc' dir='ltr'>φιλοψευδεῖς</span> <span class='ocrx_word' id='word_1_363' title='bbox 2564 2002 2721 2065; x_wconf 78' lang='grc' dir='ltr'>ὄντας</span> <span class='ocrx_word' id='word_1_364' title='bbox 2754 2001 2915 2069; x_wconf 85' lang='grc' dir='ltr'>φύσει</span> <span class='ocrx_word' id='word_1_365' title='bbox 2934 2016 2951 2032; x_wconf 71' lang='grc'><strong>⁸</strong></span> <span class='ocrx_word' id='word_1_366' title='bbox 2981 2001 3083 2072; x_wconf 79' lang='grc' dir='ltr'>τὴν</span> <span class='ocrx_word' id='word_1_367' title='bbox 3125 2002 3227 2069; x_wconf 83' lang='grc' dir='ltr'><strong>σὴν</strong></span> <span class='ocrx_word' id='word_1_368' title='bbox 3257 2000 3368 2071; x_wconf 77' lang='grc' dir='ltr'><strong>γάρ</strong></span> <span class='ocrx_word' id='word_1_369' title='bbox 3395 2000 3654 2061; x_wconf 76' lang='grc' dir='ltr'>δεδιότες</span> 
     </span>
    </p>
   </div>
   <div class='ocr_carea' id='block_1_58' title="bbox 2034 2092 3651 2163">
    <p class='ocr_par' dir='ltr' id='par_1_58' title="bbox 2034 2092 3651 2163">
     <span class='ocr_line' id='line_1_58' title="bbox 2034 2092 3651 2163; baseline -0.003 -14"><span class='ocrx_word' id='word_1_370' title='bbox 2034 2096 2157 2150; x_wconf 83' lang='grc' dir='ltr'>κατ’</span> <span class='ocrx_word' id='word_1_371' title='bbox 2179 2097 2357 2149; x_wconf 80' lang='grc' dir='ltr'>αὐτῶν</span> <span class='ocrx_word' id='word_1_372' title='bbox 2387 2094 2661 2161; x_wconf 77' lang='grc' dir='ltr'>ἐξουσίαν,</span> <span class='ocrx_word' id='word_1_373' title='bbox 2694 2095 2771 2158; x_wconf 89' lang='grc' dir='ltr'>ὡς</span> <span class='ocrx_word' id='word_1_374' title='bbox 2798 2094 2978 2148; x_wconf 86' lang='grc' dir='ltr'>δοῦλοι</span> <span class='ocrx_word' id='word_1_375' title='bbox 3011 2092 3337 2163; x_wconf 84' lang='grc' dir='ltr'>μαστυγίαι,</span> <span class='ocrx_word' id='word_1_376' title='bbox 3366 2093 3435 2145; x_wconf 77' lang='grc' dir='ltr'><strong>τὸ</strong></span> <span class='ocrx_word' id='word_1_377' title='bbox 3467 2110 3651 2162; x_wconf 74' lang='grc' dir='ltr'>προσ-</span> 
     </span>
    </p>
   </div>
   <div class='ocr_carea' id='block_1_59' title="bbox 2031 2190 2619 2262">
    <p class='ocr_par' dir='ltr' id='par_1_59' title="bbox 2031 2190 2619 2262">
     <span class='ocr_line' id='line_1_59' title="bbox 2031 2190 2619 2262; baseline -0.007 -17"><span class='ocrx_word' id='word_1_378' title='bbox 2031 2192 2231 2262; x_wconf 78' lang='grc' dir='ltr'>ταχθὲν</span> <span class='ocrx_word' id='word_1_379' title='bbox 2265 2190 2461 2260; x_wconf 81' lang='grc' dir='ltr'>ὲνεπλή</span> <span class='ocrx_word' id='word_1_380' title='bbox 2471 2205 2619 2261; x_wconf 92' lang='grc' dir='ltr'>ρουν.</span> 
     </span>
    </p>
   </div>
   <div class='ocr_carea' id='block_1_60' title="bbox 2107 2302 3647 2376">
    <p class='ocr_par' dir='ltr' id='par_1_60' title="bbox 2107 2302 3647 2376">
     <span class='ocr_line' id='line_1_60' title="bbox 2107 2302 3647 2376; baseline -0.006 -12"><span class='ocrx_word' id='word_1_381' title='bbox 2107 2310 2443 2364; x_wconf 80' lang='grc' dir='ltr'>Θεοτόκιον.</span> <span class='ocrx_word' id='word_1_382' title='bbox 2474 2337 2544 2347; x_wconf 89' lang='grc'><strong><em>-</em></strong></span> <span class='ocrx_word' id='word_1_383' title='bbox 2580 2305 2768 2376; x_wconf 85' lang='grc' dir='ltr'>Σάρκα</span> <span class='ocrx_word' id='word_1_384' title='bbox 2813 2302 2997 2357; x_wconf 78' lang='grc' dir='ltr'>λαϐὼν</span> <span class='ocrx_word' id='word_1_385' title='bbox 3028 2304 3056 2355; x_wconf 89' lang='grc' dir='ltr'>ὁ</span> <span class='ocrx_word' id='word_1_386' title='bbox 3086 2304 3334 2373; x_wconf 80' lang='grc' dir='ltr'>ἄσαρκος</span> <span class='ocrx_word' id='word_1_387' title='bbox 3382 2304 3451 2355; x_wconf 83' lang='grc' dir='ltr'><strong>ἐκ</strong></span> <span class='ocrx_word' id='word_1_388' title='bbox 3496 2320 3647 2355; x_wconf 69' lang='grc' dir='ltr'>παν.</span> 
     </span>
    </p>
   </div>
   <div class='ocr_carea' id='block_1_61' title="bbox 2036 2394 3647 2471">
    <p class='ocr_par' dir='ltr' id='par_1_61' title="bbox 2036 2394 3647 2471">
     <span class='ocr_line' id='line_1_61' title="bbox 2036 2394 3647 2471; baseline -0.006 -15"><span class='ocrx_word' id='word_1_389' title='bbox 2036 2405 2219 2471; x_wconf 89' lang='grc' dir='ltr'>άγνων</span> <span class='ocrx_word' id='word_1_390' title='bbox 2268 2400 2521 2471; x_wconf 82' lang='grc' dir='ltr'>αἱμάτων</span> <span class='ocrx_word' id='word_1_391' title='bbox 2573 2415 2692 2462; x_wconf 83' lang='grc' dir='ltr'>σου,</span> <span class='ocrx_word' id='word_1_392' title='bbox 2729 2397 2821 2450; x_wconf 79' lang='grc' dir='ltr'><strong>τὸν</strong></span> <span class='ocrx_word' id='word_1_393' title='bbox 2861 2394 3286 2466; x_wconf 82' lang='grc' dir='ltr'>καθυπαχθέντα</span> <span class='ocrx_word' id='word_1_394' title='bbox 3341 2398 3647 2466; x_wconf 76' lang='grc' dir='ltr'>σαρκικοῖς</span> 
     </span>
    </p>
   </div>
   <div class='ocr_carea' id='block_1_62' title="bbox 2036 2486 3641 2562">
    <p class='ocr_par' dir='ltr' id='par_1_62' title="bbox 2036 2486 3641 2562">
     <span class='ocr_line' id='line_1_62' title="bbox 2036 2486 3641 2562; baseline -0.004 -18"><span class='ocrx_word' id='word_1_395' title='bbox 2036 2491 2163 2562; x_wconf 83' lang='grc' dir='ltr'>θελή</span> <span class='ocrx_word' id='word_1_396' title='bbox 2174 2508 2331 2562; x_wconf 85' lang='grc' dir='ltr'>μασι,</span> <span class='ocrx_word' id='word_1_397' title='bbox 2360 2490 2455 2543; x_wconf 71' lang='grc' dir='ltr'><strong>καὶ</strong></span> <span class='ocrx_word' id='word_1_398' title='bbox 2483 2489 2798 2559; x_wconf 86' lang='grc' dir='ltr'>πνεύματος</span> <span class='ocrx_word' id='word_1_399' title='bbox 2832 2488 3061 2558; x_wconf 82' lang='grc' dir='ltr'>ἄμοιρον</span> <span class='ocrx_word' id='word_1_400' title='bbox 3087 2486 3499 2558; x_wconf 77' lang='grc' dir='ltr'>γεγεννημένον</span> <span class='ocrx_word' id='word_1_401' title='bbox 3535 2488 3641 2540; x_wconf 75' lang='grc' dir='ltr'><strong>ἄν-</strong></span> 
     </span>
    </p>
   </div>
   <div class='ocr_carea' id='block_1_63' title="bbox 2036 2575 3643 2653">
    <p class='ocr_par' dir='ltr' id='par_1_63' title="bbox 2036 2575 3643 2653">
     <span class='ocr_line' id='line_1_63' title="bbox 2036 2575 3643 2653; baseline -0.003 -19"><span class='ocrx_word' id='word_1_402' title='bbox 2036 2582 2276 2653; x_wconf 87' lang='grc' dir='ltr'>θρωπον,</span> <span class='ocrx_word' id='word_1_403' title='bbox 2308 2580 2629 2649; x_wconf 88' lang='grc' dir='ltr'>Πνεύματος</span> <span class='ocrx_word' id='word_1_404' title='bbox 2676 2578 2835 2647; x_wconf 81' lang='grc' dir='ltr'>ἁγίου</span> <span class='ocrx_word' id='word_1_405' title='bbox 2893 2580 3111 2649; x_wconf 85' lang='grc' dir='ltr'>παροχῇ</span> <span class='ocrx_word' id='word_1_406' title='bbox 3154 2575 3511 2647; x_wconf 85' lang='grc' dir='ltr'>δυναμώσας,</span> <span class='ocrx_word' id='word_1_407' title='bbox 3550 2594 3643 2629; x_wconf 80' lang='grc' dir='ltr'>σο-</span> 
     </span>
    </p>
   </div>
   <div class='ocr_carea' id='block_1_64' title="bbox 2036 2667 3641 2740">
    <p class='ocr_par' dir='ltr' id='par_1_64' title="bbox 2036 2667 3641 2740">
     <span class='ocr_line' id='line_1_64' title="bbox 2036 2667 3641 2740; baseline -0.003 -16"><span class='ocrx_word' id='word_1_408' title='bbox 2036 2672 2152 2740; x_wconf 86' lang='grc' dir='ltr'><strong>φῶς</strong></span> <span class='ocrx_word' id='word_1_409' title='bbox 2201 2670 2522 2735; x_wconf 79' lang='grc' dir='ltr'>ὑποπιὲζειν</span> <span class='ocrx_word' id='word_1_410' title='bbox 2557 2670 2619 2722; x_wconf 85' lang='grc' dir='ltr'><strong>τὸ</strong></span> <span class='ocrx_word' id='word_1_411' title='bbox 2663 2668 2981 2738; x_wconf 84' lang='grc' dir='ltr'>δυσάγωγον</span> <span class='ocrx_word' id='word_1_412' title='bbox 3038 2667 3222 2739; x_wconf 88' lang='grc' dir='ltr'>σῶμα,</span> <span class='ocrx_word' id='word_1_413' title='bbox 3257 2667 3641 2736; x_wconf 85' lang='grc' dir='ltr'>δουλαγωγεῖν</span> 
     </span>
    </p>
   </div>
   <div class='ocr_carea' id='block_1_65' title="bbox 2035 2760 2893 2831">
    <p class='ocr_par' dir='ltr' id='par_1_65' title="bbox 2035 2760 2893 2831">
     <span class='ocr_line' id='line_1_65' title="bbox 2035 2760 2893 2831; baseline 0 -17"><span class='ocrx_word' id='word_1_414' title='bbox 2035 2779 2093 2814; x_wconf 88' lang='grc' dir='ltr'><strong>τε</strong></span> <span class='ocrx_word' id='word_1_415' title='bbox 2126 2760 2284 2814; x_wconf 87' lang='grc' dir='ltr'>τοῦτο</span> <span class='ocrx_word' id='word_1_416' title='bbox 2310 2761 2593 2831; x_wconf 78' lang='grc' dir='ltr'>ἐνίσχυσε,</span> <span class='ocrx_word' id='word_1_417' title='bbox 2626 2760 2893 2831; x_wconf 81' lang='grc' dir='ltr'>Παρθένε.</span> 
     </span>
    </p>
   </div>
   <div class='ocr_carea' id='block_1_66' title="bbox 2387 2872 3289 2945">
    <p class='ocr_par' dir='ltr' id='par_1_66' title="bbox 2387 2872 3289 2945">
     <span class='ocr_line' id='line_1_66' title="bbox 2387 2872 3289 2945; baseline -0.003 -18"><span class='ocrx_word' id='word_1_418' title='bbox 2387 2873 2525 2945; x_wconf 75' lang='grc' dir='ltr'><strong>’ῼδὴ</strong></span> <span class='ocrx_word' id='word_1_419' title='bbox 2556 2873 2886 2944; x_wconf 57' lang='grc' dir='ltr'>ΘηἝφριξε</span> <span class='ocrx_word' id='word_1_420' title='bbox 2922 2872 3091 2928; x_wconf 77' lang='grc' dir='ltr'>πᾶσα</span> <span class='ocrx_word' id='word_1_421' title='bbox 3114 2872 3289 2939; x_wconf 74' lang='grc' dir='ltr'>ἀκοή.</span> 
     </span>
    </p>
   </div>
   <div class='ocr_carea' id='block_1_67' title="bbox 2121 3008 3637 3083">
    <p class='ocr_par' dir='ltr' id='par_1_67' title="bbox 2121 3008 3637 3083">
     <span class='ocr_line' id='line_1_67' title="bbox 2121 3008 3637 3083; baseline -0.001 -17"><span class='ocrx_word' id='word_1_422' title='bbox 2121 3013 2363 3083; x_wconf 85' lang='grc' dir='ltr'>Ἱδρύσας</span> <span class='ocrx_word' id='word_1_423' title='bbox 2396 3028 2489 3065; x_wconf 90' lang='grc' dir='ltr'><strong>σου</strong></span> <span class='ocrx_word' id='word_1_424' title='bbox 2519 3012 2587 3066; x_wconf 70' lang='grc' dir='ltr'><strong>τὰ</strong></span> <span class='ocrx_word' id='word_1_425' title='bbox 2626 3011 2794 3081; x_wconf 89' lang='grc' dir='ltr'>νοητά</span> <span class='ocrx_word' id='word_1_426' title='bbox 2839 3010 3155 3081; x_wconf 74' lang='grc' dir='ltr'>διαδήματα</span> <span class='ocrx_word' id='word_1_427' title='bbox 3204 3010 3263 3061; x_wconf 86' lang='grc' dir='ltr'>ὲν</span> <span class='ocrx_word' id='word_1_428' title='bbox 3298 3008 3481 3080; x_wconf 64' lang='grc' dir='ltr'><strong>’πέτρᾳ⁵</strong></span> <span class='ocrx_word' id='word_1_429' title='bbox 3531 3010 3637 3074; x_wconf 78' lang='grc' dir='ltr'>τῆς</span> 
     </span>
    </p>
   </div>
   <div class='ocr_carea' id='block_1_68' title="bbox 2038 3102 3638 3176">
    <p class='ocr_par' dir='ltr' id='par_1_68' title="bbox 2038 3102 3638 3176">
     <span class='ocr_line' id='line_1_68' title="bbox 2038 3102 3638 3176; baseline -0.002 -19"><span class='ocrx_word' id='word_1_430' title='bbox 2038 3105 2299 3169; x_wconf 84' lang='grc' dir='ltr'>πίστεως,</span> <span class='ocrx_word' id='word_1_431' title='bbox 2330 3104 2397 3158; x_wconf 81' lang='grc' dir='ltr'>τὰ</span> <span class='ocrx_word' id='word_1_432' title='bbox 2425 3104 2862 3176; x_wconf 86' lang='grc' dir='ltr'>ἀφιδρύματατά</span> <span class='ocrx_word' id='word_1_433' title='bbox 2880 3104 2979 3174; x_wconf 84' lang='grc' dir='ltr'>τῆς</span> <span class='ocrx_word' id='word_1_434' title='bbox 3008 3103 3226 3172; x_wconf 80' lang='grc' dir='ltr'>ἀπάτης</span> <span class='ocrx_word' id='word_1_435' title='bbox 3257 3104 3334 3165; x_wconf 80' lang='grc' dir='ltr'><strong>εἰς</strong></span> <span class='ocrx_word' id='word_1_436' title='bbox 3362 3103 3495 3172; x_wconf 88' lang='grc' dir='ltr'>χοῦν</span> <span class='ocrx_word' id='word_1_437' title='bbox 3521 3102 3638 3155; x_wconf 81' lang='grc' dir='ltr'><strong>ὲλέο</strong></span> 
     </span>
    </p>
   </div>
   <div class='ocr_carea' id='block_1_69' title="bbox 2038 3194 3636 3267">
    <p class='ocr_par' dir='ltr' id='par_1_69' title="bbox 2038 3194 3636 3267">
     <span class='ocr_line' id='line_1_69' title="bbox 2038 3194 3636 3267; baseline -0.001 -16"><span class='ocrx_word' id='word_1_438' title='bbox 2038 3214 2279 3261; x_wconf 79' lang='grc' dir='ltr'>πτυνας⁶</span> <span class='ocrx_word' id='word_1_439' title='bbox 2324 3198 2513 3261; x_wconf 84' lang='grc' dir='ltr'>κλίνας</span> <span class='ocrx_word' id='word_1_440' title='bbox 2559 3197 2765 3267; x_wconf 78' lang='grc' dir='ltr'>αὐχένα</span> <span class='ocrx_word' id='word_1_441' title='bbox 2798 3196 2853 3249; x_wconf 82' lang='grc' dir='ltr'>δὲ</span> <span class='ocrx_word' id='word_1_442' title='bbox 2881 3196 3001 3263; x_wconf 83' lang='grc' dir='ltr'><strong>Θεῷ</strong></span> <span class='ocrx_word' id='word_1_443' title='bbox 3026 3196 3124 3249; x_wconf 74' lang='grc' dir='ltr'>καὶ</span> <span class='ocrx_word' id='word_1_444' title='bbox 3154 3194 3297 3263; x_wconf 81' lang='grc' dir='ltr'>ξίφει</span> <span class='ocrx_word' id='word_1_445' title='bbox 3324 3195 3422 3265; x_wconf 79' lang='grc' dir='ltr'><strong>τὴν</strong></span> <span class='ocrx_word' id='word_1_446' title='bbox 3452 3197 3636 3266; x_wconf 82' lang='grc' dir='ltr'>χάραν</span> 
     </span>
    </p>
   </div>
   <div class='ocr_carea' id='block_1_70' title="bbox 2040 3286 3634 3360">
    <p class='ocr_par' dir='ltr' id='par_1_70' title="bbox 2040 3286 3634 3360">
     <span class='ocr_line' id='line_1_70' title="bbox 2040 3286 3634 3360; baseline -0.003 -17"><span class='ocrx_word' id='word_1_447' title='bbox 2040 3307 2135 3343; x_wconf 93' lang='grc' dir='ltr'><strong>σου</strong></span> <span class='ocrx_word' id='word_1_448' title='bbox 2165 3289 2533 3360; x_wconf 76' lang='grc' dir='ltr'>ἀποτμηθεὶς,</span> <span class='ocrx_word' id='word_1_449' title='bbox 2568 3289 2805 3360; x_wconf 86' lang='grc' dir='ltr'>ἀθλητά,</span> <span class='ocrx_word' id='word_1_450' title='bbox 2839 3288 2978 3359; x_wconf 81' lang='grc' dir='ltr'>πρὸς</span> <span class='ocrx_word' id='word_1_451' title='bbox 3006 3286 3107 3357; x_wconf 85' lang='grc' dir='ltr'><strong>τὴν</strong></span> <span class='ocrx_word' id='word_1_452' title='bbox 3137 3287 3357 3341; x_wconf 82' lang='grc' dir='ltr'>πάντων</span> <span class='ocrx_word' id='word_1_453' title='bbox 3386 3287 3634 3357; x_wconf 69' lang='grc' dir='ltr'>κεφαλὴν</span> 
     </span>
    </p>
   </div>
   <div class='ocr_carea' id='block_1_71' title="bbox 2038 3381 2395 3453">
    <p class='ocr_par' dir='ltr' id='par_1_71' title="bbox 2038 3381 2395 3453">
     <span class='ocr_line' id='line_1_71' title="bbox 2038 3381 2395 3453; baseline 0.003 -19"><span class='ocrx_word' id='word_1_454' title='bbox 2038 3381 2395 3453; x_wconf 85' lang='grc' dir='ltr'>ἀνελήλυθας.</span> 
     </span>
    </p>
   </div>
   <div class='ocr_carea' id='block_1_72' title="bbox 2122 3490 3631 3565">
    <p class='ocr_par' dir='ltr' id='par_1_72' title="bbox 2122 3490 3631 3565">
     <span class='ocr_line' id='line_1_72' title="bbox 2122 3490 3631 3565; baseline -0.004 -17"><span class='ocrx_word' id='word_1_455' title='bbox 2122 3494 2212 3557; x_wconf 80' lang='grc' dir='ltr'>Ὠς</span> <span class='ocrx_word' id='word_1_456' title='bbox 2253 3493 2441 3565; x_wconf 90' lang='grc' dir='ltr'>κρίνον</span> <span class='ocrx_word' id='word_1_457' title='bbox 2468 3493 2825 3564; x_wconf 79' lang='grc' dir='ltr'>χιονοφεγγὲς</span> <span class='ocrx_word' id='word_1_458' title='bbox 2858 3494 2917 3546; x_wconf 79' lang='grc' dir='ltr'>ὲν</span> <span class='ocrx_word' id='word_1_459' title='bbox 2947 3493 3161 3546; x_wconf 75' lang='grc' dir='ltr'>κοιλάσι</span> <span class='ocrx_word' id='word_1_460' title='bbox 3193 3491 3305 3544; x_wconf 87' lang='grc' dir='ltr'><strong>τῶν</strong></span> <span class='ocrx_word' id='word_1_461' title='bbox 3338 3490 3631 3561; x_wconf 79' lang='grc' dir='ltr'>μαρτύρων</span> 
     </span>
    </p>
   </div>
   <div class='ocr_carea' id='block_1_73' title="bbox 2040 3584 3628 3657">
    <p class='ocr_par' dir='ltr' id='par_1_73' title="bbox 2040 3584 3628 3657">
     <span class='ocr_line' id='line_1_73' title="bbox 2040 3584 3628 3657; baseline 0.001 -20"><span class='ocrx_word' id='word_1_462' title='bbox 2040 3584 2342 3657; x_wconf 78' lang='grc' dir='ltr'>ὲξήνθησας</span> <span class='ocrx_word' id='word_1_463' title='bbox 2361 3600 2376 3615; x_wconf 85' lang='lat'><strong><em>°</em></strong></span> <span class='ocrx_word' id='word_1_464' title='bbox 2408 3584 2486 3654; x_wconf 81' lang='grc' dir='ltr'>τῷ</span> <span class='ocrx_word' id='word_1_465' title='bbox 2520 3584 2652 3656; x_wconf 84' lang='grc' dir='ltr'>θείῳ</span> <span class='ocrx_word' id='word_1_466' title='bbox 2679 3584 2864 3657; x_wconf 81' lang='grc' dir='ltr'>λύθρῳ</span> <span class='ocrx_word' id='word_1_467' title='bbox 2890 3586 2948 3639; x_wconf 79' lang='grc' dir='ltr'>δὲ</span> <span class='ocrx_word' id='word_1_468' title='bbox 2978 3586 3057 3656; x_wconf 82' lang='grc' dir='ltr'><strong>τῷ</strong></span> <span class='ocrx_word' id='word_1_469' title='bbox 3078 3587 3177 3656; x_wconf 84' lang='grc' dir='ltr'>τῆς</span> <span class='ocrx_word' id='word_1_470' title='bbox 3201 3585 3483 3656; x_wconf 84' lang='grc' dir='ltr'>ἀθλήσεως</span> <span class='ocrx_word' id='word_1_471' title='bbox 3508 3603 3628 3653; x_wconf 76' lang='grc' dir='ltr'>φοιο</span> 
     </span>
    </p>
   </div>
   <div class='ocr_carea' id='block_1_74' title="bbox 2040 3675 3633 3748">
    <p class='ocr_par' dir='ltr' id='par_1_74' title="bbox 2040 3675 3633 3748">
     <span class='ocr_line' id='line_1_74' title="bbox 2040 3675 3633 3748; baseline -0.002 -18"><span class='ocrx_word' id='word_1_472' title='bbox 2040 3676 2393 3747; x_wconf 88' lang='grc' dir='ltr'>νισσόμενος,</span> <span class='ocrx_word' id='word_1_473' title='bbox 2435 3676 2584 3747; x_wconf 77' lang='grc' dir='ltr'>ῥόδον</span> <span class='ocrx_word' id='word_1_474' title='bbox 2634 3677 2839 3747; x_wconf 80' lang='grc' dir='ltr'>ἐφάνης</span> <span class='ocrx_word' id='word_1_475' title='bbox 2882 3675 3159 3748; x_wconf 74' lang='grc' dir='ltr'>ἐρυθρὸν,</span> <span class='ocrx_word' id='word_1_476' title='bbox 3210 3677 3432 3741; x_wconf 82' lang='grc' dir='ltr'>εὐῶδες,</span> <span class='ocrx_word' id='word_1_477' title='bbox 3475 3676 3633 3747; x_wconf 82' lang='grc' dir='ltr'>μυρί-</span> 
     </span>
    </p>
   </div>
   <div class='ocr_carea' id='block_1_75' title="bbox 2040 3767 3633 3841">
    <p class='ocr_par' dir='ltr' id='par_1_75' title="bbox 2040 3767 3633 3841">
     <span class='ocr_line' id='line_1_75' title="bbox 2040 3767 3633 3841; baseline 0 -18"><span class='ocrx_word' id='word_1_478' title='bbox 2040 3787 2230 3837; x_wconf 85' lang='grc' dir='ltr'>πνουν,</span> <span class='ocrx_word' id='word_1_479' title='bbox 2261 3770 2358 3823; x_wconf 75' lang='grc' dir='ltr'><strong>καὶ</strong></span> <span class='ocrx_word' id='word_1_480' title='bbox 2402 3771 2571 3823; x_wconf 81' lang='grc' dir='ltr'>πᾶσιν</span> <span class='ocrx_word' id='word_1_481' title='bbox 2616 3769 2886 3834; x_wconf 81' lang='grc' dir='ltr'>ἔπνευσας</span> <span class='ocrx_word' id='word_1_482' title='bbox 2911 3767 3287 3841; x_wconf 83' lang='grc' dir='ltr'>ὑπερκόσμιον</span> <span class='ocrx_word' id='word_1_483' title='bbox 3316 3769 3493 3840; x_wconf 81' lang='grc' dir='ltr'>ὀσμὴν</span> <span class='ocrx_word' id='word_1_484' title='bbox 3523 3770 3633 3823; x_wconf 83' lang='grc' dir='ltr'><strong>τῶν</strong></span> 
     </span>
    </p>
   </div>
   <div class='ocr_carea' id='block_1_76' title="bbox 2043 3860 2670 3931">
    <p class='ocr_par' dir='ltr' id='par_1_76' title="bbox 2043 3860 2670 3931">
     <span class='ocr_line' id='line_1_76' title="bbox 2043 3860 2670 3931; baseline 0 -18"><span class='ocrx_word' id='word_1_485' title='bbox 2043 3860 2235 3913; x_wconf 85' lang='grc' dir='ltr'>παθῶν</span> <span class='ocrx_word' id='word_1_486' title='bbox 2275 3860 2373 3913; x_wconf 84' lang='grc' dir='ltr'><strong>τοῦ</strong></span> <span class='ocrx_word' id='word_1_487' title='bbox 2407 3861 2670 3931; x_wconf 87' lang='grc' dir='ltr'>Χριστοῦ.</span> 
     </span>
    </p>
   </div>
   <div class='ocr_carea' id='block_1_77' title="bbox 2111 3972 3630 4046">
    <p class='ocr_par' dir='ltr' id='par_1_77' title="bbox 2111 3972 3630 4046">
     <span class='ocr_line' id='line_1_77' title="bbox 2111 3972 3630 4046; baseline 0.003 -21"><span class='ocrx_word' id='word_1_488' title='bbox 2111 3972 2292 4026; x_wconf 86' lang='grc' dir='ltr'>Μόνον</span> <span class='ocrx_word' id='word_1_489' title='bbox 2343 3973 2563 4043; x_wconf 78' lang='grc' dir='ltr'>σιδήρου</span> <span class='ocrx_word' id='word_1_490' title='bbox 2613 3973 2818 4037; x_wconf 81' lang='grc' dir='ltr'>παντὸς</span> <span class='ocrx_word' id='word_1_491' title='bbox 2866 3975 2929 4028; x_wconf 78' lang='grc' dir='ltr'><strong>τὸ</strong></span> <span class='ocrx_word' id='word_1_492' title='bbox 2980 3973 3287 4028; x_wconf 85' lang='grc' dir='ltr'>πολύαθλόν</span> <span class='ocrx_word' id='word_1_493' title='bbox 3345 3993 3442 4029; x_wconf 86' lang='grc' dir='ltr'><strong>σου</strong></span> <span class='ocrx_word' id='word_1_494' title='bbox 3477 3975 3630 4046; x_wconf 80' lang='grc' dir='ltr'>σῶμα</span> 
     </span>
    </p>
   </div>
   <div class='ocr_carea' id='block_1_78' title="bbox 2044 4062 3630 4135">
    <p class='ocr_par' dir='ltr' id='par_1_78' title="bbox 2044 4062 3630 4135">
     <span class='ocr_line' id='line_1_78' title="bbox 2044 4062 3630 4135; baseline 0.004 -20"><span class='ocrx_word' id='word_1_495' title='bbox 2044 4062 2402 4135; x_wconf 77' lang='grc' dir='ltr'>στερρότερον</span> <span class='ocrx_word' id='word_1_496' title='bbox 2429 4062 2607 4133; x_wconf 79' lang='grc' dir='ltr'>ὤφθη,</span> <span class='ocrx_word' id='word_1_497' title='bbox 2635 4062 2897 4135; x_wconf 85' lang='grc' dir='ltr'>Γεὼργιε,</span> <span class='ocrx_word' id='word_1_498' title='bbox 2927 4064 3179 4135; x_wconf 75' lang='grc' dir='ltr'>βασάνων</span> <span class='ocrx_word' id='word_1_499' title='bbox 3213 4064 3447 4135; x_wconf 81' lang='grc' dir='ltr'>σφύραις</span> <span class='ocrx_word' id='word_1_500' title='bbox 3475 4067 3630 4135; x_wconf 72' lang='grc' dir='ltr'>μένον</span> 
     </span>
    </p>
   </div>
   <div class='ocr_carea' id='block_1_79' title="bbox 2026 4150 3625 4229">
    <p class='ocr_par' dir='ltr' id='par_1_79' title="bbox 2026 4150 3625 4229">
     <span class='ocr_line' id='line_1_79' title="bbox 2026 4150 3625 4229; baseline 0.003 -21"><span class='ocrx_word' id='word_1_501' title='bbox 2026 4150 2363 4209; x_wconf 76' lang='grc' dir='ltr'>ἀτύπωτονο</span> <span class='ocrx_word' id='word_1_502' title='bbox 2394 4156 2469 4219; x_wconf 85' lang='grc' dir='ltr'>ὡς</span> <span class='ocrx_word' id='word_1_503' title='bbox 2510 4156 2567 4209; x_wconf 78' lang='grc' dir='ltr'>δὲ</span> <span class='ocrx_word' id='word_1_504' title='bbox 2604 4158 2662 4209; x_wconf 86' lang='grc' dir='ltr'>ὲν</span> <span class='ocrx_word' id='word_1_505' title='bbox 2708 4156 2860 4210; x_wconf 77' lang='grc' dir='ltr'>ὕδατι</span> <span class='ocrx_word' id='word_1_506' title='bbox 2894 4156 3085 4229; x_wconf 72' lang='grc' dir='ltr'>ψυχρῷ</span> <span class='ocrx_word' id='word_1_507' title='bbox 3111 4158 3189 4228; x_wconf 85' lang='grc' dir='ltr'><strong>τῷ</strong></span> <span class='ocrx_word' id='word_1_508' title='bbox 3220 4159 3299 4229; x_wconf 80' lang='grc' dir='ltr'><strong>σῷ</strong></span> <span class='ocrx_word' id='word_1_509' title='bbox 3330 4158 3516 4229; x_wconf 81' lang='grc' dir='ltr'>θερμῷ</span> <span class='ocrx_word' id='word_1_510' title='bbox 3542 4161 3625 4212; x_wconf 82' lang='grc' dir='ltr'>αἴ-</span> 
     </span>
    </p>
   </div>
   <div class='ocr_carea' id='block_1_80' title="bbox 2046 4246 3628 4322">
    <p class='ocr_par' dir='ltr' id='par_1_80' title="bbox 2046 4246 3628 4322">
     <span class='ocr_line' id='line_1_80' title="bbox 2046 4246 3628 4322; baseline 0.002 -22"><span class='ocrx_word' id='word_1_511' title='bbox 2046 4265 2179 4318; x_wconf 89' lang='grc' dir='ltr'>ματι</span> <span class='ocrx_word' id='word_1_512' title='bbox 2212 4246 2383 4317; x_wconf 80' lang='grc' dir='ltr'>βαφὲν</span> <span class='ocrx_word' id='word_1_513' title='bbox 2412 4249 2756 4320; x_wconf 80' lang='grc' dir='ltr'>ὲστώμωται,</span> <span class='ocrx_word' id='word_1_514' title='bbox 2788 4249 2866 4319; x_wconf 80' lang='grc' dir='ltr'>τῷ</span> <span class='ocrx_word' id='word_1_515' title='bbox 2914 4251 3047 4321; x_wconf 71' lang='grc' dir='ltr'>πυρὶ</span> <span class='ocrx_word' id='word_1_516' title='bbox 3094 4250 3505 4321; x_wconf 81' lang='grc' dir='ltr'>προχαλκευθὲν</span> <span class='ocrx_word' id='word_1_517' title='bbox 3533 4252 3628 4322; x_wconf 77' lang='grc' dir='ltr'>τῆς</span> 
     </span>
    </p>
   </div>
   <div class='ocr_carea' id='block_1_81' title="bbox 2043 4340 2567 4411">
    <p class='ocr_par' dir='ltr' id='par_1_81' title="bbox 2043 4340 2567 4411">
     <span class='ocr_line' id='line_1_81' title="bbox 2043 4340 2567 4411; baseline 0.002 -18"><span class='ocrx_word' id='word_1_518' title='bbox 2043 4340 2267 4410; x_wconf 82' lang='grc' dir='ltr'>ἀγάπης</span> <span class='ocrx_word' id='word_1_519' title='bbox 2305 4340 2543 4411; x_wconf 80' lang='grc' dir='ltr'>Χριστοῦ</span> <span class='ocrx_word' id='word_1_520' title='bbox 2556 4381 2567 4395; x_wconf 92' lang='grc'><strong>.</strong></span> 
     </span>
    </p>
   </div>
   <div class='ocr_carea' id='block_1_82' title="bbox 2115 4453 3629 4525">
    <p class='ocr_par' dir='ltr' id='par_1_82' title="bbox 2115 4453 3629 4525">
     <span class='ocr_line' id='line_1_82' title="bbox 2115 4453 3629 4525; baseline 0 -18"><span class='ocrx_word' id='word_1_521' title='bbox 2115 4453 2367 4524; x_wconf 86' lang='grc' dir='ltr'>Νικήσας</span> <span class='ocrx_word' id='word_1_522' title='bbox 2396 4454 2582 4523; x_wconf 89' lang='grc' dir='ltr'>χάριτι</span> <span class='ocrx_word' id='word_1_523' title='bbox 2628 4454 2869 4525; x_wconf 84' lang='grc' dir='ltr'>Χριστοῦ</span> <span class='ocrx_word' id='word_1_524' title='bbox 2919 4454 3011 4508; x_wconf 90' lang='grc' dir='ltr'><strong>τοῦ</strong></span> <span class='ocrx_word' id='word_1_525' title='bbox 3062 4457 3389 4522; x_wconf 79' lang='grc' dir='ltr'>νικήσαντος</span> <span class='ocrx_word' id='word_1_526' title='bbox 3420 4456 3511 4508; x_wconf 77' lang='grc' dir='ltr'><strong>τὸν</strong></span> <span class='ocrx_word' id='word_1_527' title='bbox 3545 4454 3629 4507; x_wconf 82' lang='grc' dir='ltr'>κό-</span> 
     </span>
    </p>
   </div>
   <div class='ocr_carea' id='block_1_83' title="bbox 351 4526 1933 4624">
    <p class='ocr_par' dir='ltr' id='par_1_83' title="bbox 351 4526 1933 4624">
     <span class='ocr_line' id='line_1_83' title="bbox 351 4526 1933 4624; baseline 0.002 -17"><span class='ocrx_word' id='word_1_528' title='bbox 351 4526 683 4624; x_wconf 76' lang='lat' dir='ltr'><strong>potestatein</strong></span> <span class='ocrx_word' id='word_1_529' title='bbox 716 4526 988 4622; x_wconf 82' lang='lat' dir='ltr'><strong>principis</strong></span> <span class='ocrx_word' id='word_1_530' title='bbox 1015 4551 1182 4622; x_wconf 89' lang='lat' dir='ltr'><strong>hujus</strong></span> <span class='ocrx_word' id='word_1_531' title='bbox 1216 4551 1402 4605; x_wconf 87' lang='lat' dir='ltr'><strong>mundi</strong></span> <span class='ocrx_word' id='word_1_532' title='bbox 1455 4526 1730 4623; x_wconf 73' lang='lat' dir='ltr'><strong>superasti</strong></span> <span class='ocrx_word' id='word_1_533' title='bbox 1778 4556 1933 4610; x_wconf 90' lang='lat' dir='ltr'><strong>inhu-</strong></span> 
     </span>
    </p>
   </div>
   <div class='ocr_carea' id='block_1_84' title="bbox 2065 4526 3627 4624">
    <p class='ocr_par' dir='ltr' id='par_1_84' title="bbox 2065 4526 3627 4619">
     <span class='ocr_line' id='line_1_84' title="bbox 2065 4526 3627 4619; baseline 0.001 -21"><span class='ocrx_word' id='word_1_534' title='bbox 2065 4526 2314 4616; x_wconf 52' lang='grc' dir='ltr'>ςμον,“ὡς</span> <span class='ocrx_word' id='word_1_535' title='bbox 2346 4545 2517 4617; x_wconf 78' lang='grc' dir='ltr'>ἔφησε</span> <span class='ocrx_word' id='word_1_536' title='bbox 2546 4547 2640 4601; x_wconf 90' lang='grc' dir='ltr'><strong>τοῦ</strong></span> <span class='ocrx_word' id='word_1_537' title='bbox 2668 4548 3115 4619; x_wconf 84' lang='grc' dir='ltr'>κοσμοκράτορος</span> <span class='ocrx_word' id='word_1_538' title='bbox 3141 4550 3239 4611; x_wconf 81' lang='grc' dir='ltr'>τὰς</span> <span class='ocrx_word' id='word_1_539' title='bbox 3270 4549 3519 4614; x_wconf 77' lang='grc' dir='ltr'>ἐξουσίας</span> <span class='ocrx_word' id='word_1_540' title='bbox 3540 4548 3627 4601; x_wconf 76' lang='grc' dir='ltr'><strong>καὶ</strong></span> 
     </span>
    </p>
   </div>
   <div class='ocr_carea' id='block_1_85' title="bbox 349 4644 1937 4716">
    <p class='ocr_par' dir='ltr' id='par_1_85' title="bbox 349 4644 1937 4716">
     <span class='ocr_line' id='line_1_85' title="bbox 349 4644 1937 4716; baseline 0.003 -17"><span class='ocrx_word' id='word_1_541' title='bbox 349 4659 684 4714; x_wconf 87' lang='lat' dir='ltr'><strong>manumque</strong></span> <span class='ocrx_word' id='word_1_542' title='bbox 723 4644 1061 4716; x_wconf 87' lang='lat' dir='ltr'><strong>imperium;</strong></span> <span class='ocrx_word' id='word_1_543' title='bbox 1096 4645 1278 4699; x_wconf 89' lang='lat' dir='ltr'><strong>victor</strong></span> <span class='ocrx_word' id='word_1_544' title='bbox 1337 4644 1547 4700; x_wconf 88' lang='lat' dir='ltr'><strong>athleta</strong></span> <span class='ocrx_word' id='word_1_545' title='bbox 1602 4662 1632 4701; x_wconf 92' lang='lat' dir='ltr'><strong>e</strong></span> <span class='ocrx_word' id='word_1_546' title='bbox 1672 4656 1817 4703; x_wconf 85' lang='lat' dir='ltr'><strong>terra</strong></span> <span class='ocrx_word' id='word_1_547' title='bbox 1870 4649 1937 4703; x_wconf 90' lang='lat' dir='ltr'><strong>ad</strong></span> 
     </span>
    </p>
   </div>
   <div class='ocr_carea' id='block_1_86' title="bbox 348 4740 1709 4811">
    <p class='ocr_par' dir='ltr' id='par_1_86' title="bbox 348 4740 1709 4811">
     <span class='ocr_line' id='line_1_86' title="bbox 348 4740 1709 4811; baseline 0 -13"><span class='ocrx_word' id='word_1_548' title='bbox 348 4742 599 4799; x_wconf 77' lang='lat' dir='ltr'><strong>ccclestia</strong></span> <span class='ocrx_word' id='word_1_549' title='bbox 627 4742 885 4808; x_wconf 87' lang='lat' dir='ltr'><strong>evolasti,</strong></span> <span class='ocrx_word' id='word_1_550' title='bbox 909 4740 1119 4811; x_wconf 89' lang='lat' dir='ltr'><strong>potenti</strong></span> <span class='ocrx_word' id='word_1_551' title='bbox 1157 4740 1348 4796; x_wconf 80' lang='lat' dir='ltr'><strong>dextra</strong></span> <span class='ocrx_word' id='word_1_552' title='bbox 1387 4753 1709 4798; x_wconf 87' lang='lat' dir='ltr'><strong>coronatus.</strong></span> 
     </span>
    </p>
   </div>
   <div class='ocr_carea' id='block_1_87' title="bbox 420 4941 1937 5014">
    <p class='ocr_par' dir='ltr' id='par_1_87' title="bbox 420 4941 1937 5014">
     <span class='ocr_line' id='line_1_87' title="bbox 420 4941 1937 5014; baseline 0 -18"><span class='ocrx_word' id='word_1_553' title='bbox 420 4942 739 4997; x_wconf 80' lang='lat' dir='ltr'><strong>Fluminum</strong></span> <span class='ocrx_word' id='word_1_554' title='bbox 781 4942 945 4997; x_wconf 88' lang='lat' dir='ltr'><strong>undis</strong></span> <span class='ocrx_word' id='word_1_555' title='bbox 973 4949 1265 5012; x_wconf 60' lang='lat' dir='ltr'><strong>aequantur</strong></span> <span class='ocrx_word' id='word_1_556' title='bbox 1321 4941 1610 5005; x_wconf 84' lang='lat' dir='ltr'><strong>innumera</strong></span> <span class='ocrx_word' id='word_1_557' title='bbox 1665 4942 1937 5014; x_wconf 87' lang='lat' dir='ltr'><strong>prodigia,</strong></span> 
     </span>
    </p>
   </div>
   <div class='ocr_carea' id='block_1_88' title="bbox 353 5022 1937 5107">
    <p class='ocr_par' dir='ltr' id='par_1_88' title="bbox 353 5022 1937 5107">
     <span class='ocr_line' id='line_1_88' title="bbox 353 5022 1937 5107; baseline -0.001 -17"><span class='ocrx_word' id='word_1_558' title='bbox 353 5022 475 5107; x_wconf 64' lang='lat' dir='ltr'><strong>quae</strong></span> <span class='ocrx_word' id='word_1_559' title='bbox 511 5035 670 5090; x_wconf 89' lang='lat' dir='ltr'><strong>vivus</strong></span> <span class='ocrx_word' id='word_1_560' title='bbox 713 5041 883 5104; x_wconf 91' lang='lat' dir='ltr'><strong>atque</strong></span> <span class='ocrx_word' id='word_1_561' title='bbox 937 5034 1108 5088; x_wconf 90' lang='lat' dir='ltr'><strong>etiam</strong></span> <span class='ocrx_word' id='word_1_562' title='bbox 1157 5040 1284 5103; x_wconf 90' lang='lat' dir='ltr'><strong>post</strong></span> <span class='ocrx_word' id='word_1_563' title='bbox 1324 5043 1556 5088; x_wconf 91' lang='lat' dir='ltr'><strong>mortem</strong></span> <span class='ocrx_word' id='word_1_564' title='bbox 1609 5032 1937 5103; x_wconf 84' lang='lat' dir='ltr'><strong>perfecisti;</strong></span> 
     </span>
    </p>
   </div>
   <div class='ocr_carea' id='block_1_89' title="bbox 354 5127 1938 5197">
    <p class='ocr_par' dir='ltr' id='par_1_89' title="bbox 354 5127 1938 5197">
     <span class='ocr_line' id='line_1_89' title="bbox 354 5127 1938 5197; baseline -0.001 -15"><span class='ocrx_word' id='word_1_565' title='bbox 354 5145 483 5186; x_wconf 78' lang='lat' dir='ltr'><strong>vere</strong></span> <span class='ocrx_word' id='word_1_566' title='bbox 504 5129 652 5185; x_wconf 90' lang='lat' dir='ltr'><strong>enim</strong></span> <span class='ocrx_word' id='word_1_567' title='bbox 672 5128 865 5182; x_wconf 89' lang='lat' dir='ltr'><strong>vivunt</strong></span> <span class='ocrx_word' id='word_1_568' title='bbox 889 5127 944 5182; x_wconf 92' lang='lat' dir='ltr'><strong>in</strong></span> <span class='ocrx_word' id='word_1_569' title='bbox 974 5128 1083 5182; x_wconf 82' lang='lat' dir='ltr'><strong>Deo</strong></span> <span class='ocrx_word' id='word_1_570' title='bbox 1106 5127 1190 5181; x_wconf 84' lang='lat' dir='ltr'><strong>vel</strong></span> <span class='ocrx_word' id='word_1_571' title='bbox 1215 5133 1340 5197; x_wconf 89' lang='lat' dir='ltr'><strong>post</strong></span> <span class='ocrx_word' id='word_1_572' title='bbox 1371 5136 1601 5183; x_wconf 89' lang='lat' dir='ltr'><strong>mortem</strong></span> <span class='ocrx_word' id='word_1_573' title='bbox 1619 5127 1783 5197; x_wconf 85' lang='lat' dir='ltr'><strong>justi;</strong></span> <span class='ocrx_word' id='word_1_574' title='bbox 1811 5142 1938 5181; x_wconf 90' lang='lat' dir='ltr'><strong>nam</strong></span> 
     </span>
    </p>
   </div>
   <div class='ocr_carea' id='block_1_90' title="bbox 358 5219 1215 5278">
    <p class='ocr_par' dir='ltr' id='par_1_90' title="bbox 358 5219 1215 5278">
     <span class='ocr_line' id='line_1_90' title="bbox 358 5219 1215 5278; baseline -0.001 -3"><span class='ocrx_word' id='word_1_575' title='bbox 358 5222 409 5277; x_wconf 93' lang='lat' dir='ltr'><strong>in</strong></span> <span class='ocrx_word' id='word_1_576' title='bbox 441 5237 608 5278; x_wconf 91' lang='lat' dir='ltr'><strong>manu</strong></span> <span class='ocrx_word' id='word_1_577' title='bbox 645 5220 739 5277; x_wconf 88' lang='lat' dir='ltr'><strong>Dei</strong></span> <span class='ocrx_word' id='word_1_578' title='bbox 774 5219 971 5275; x_wconf 73' lang='lat' dir='ltr'><strong>anima:</strong></span> <span class='ocrx_word' id='word_1_579' title='bbox 999 5235 1215 5275; x_wconf 88' lang='lat' dir='ltr'><strong>eorum.</strong></span> 
     </span>
    </p>
   </div>
   <div class='ocr_carea' id='block_1_91' title="bbox 2049 4637 3627 4709">
    <p class='ocr_par' dir='ltr' id='par_1_91' title="bbox 2049 4637 3627 4709">
     <span class='ocr_line' id='line_1_91' title="bbox 2049 4637 3627 4709; baseline -0.001 -18"><span class='ocrx_word' id='word_1_580' title='bbox 2049 4637 2475 4709; x_wconf 83' lang='grc' dir='ltr'>μισανθρώπους</span> <span class='ocrx_word' id='word_1_581' title='bbox 2513 4638 2689 4708; x_wconf 83' lang='grc' dir='ltr'>ἀρχάς</span> <span class='ocrx_word' id='word_1_582' title='bbox 2709 4654 2723 4669; x_wconf 75' lang='grc' dir='ltr'><strong>ο</strong></span> <span class='ocrx_word' id='word_1_583' title='bbox 2756 4640 3162 4709; x_wconf 86' lang='grc' dir='ltr'>τροπαιοφόρος</span> <span class='ocrx_word' id='word_1_584' title='bbox 3190 4639 3433 4707; x_wconf 81' lang='grc' dir='ltr'>ἀθλητὴς</span> <span class='ocrx_word' id='word_1_585' title='bbox 3467 4638 3627 4707; x_wconf 73' lang='grc' dir='ltr'>γῆθεν</span> 
     </span>
    </p>
   </div>
   <div class='ocr_carea' id='block_1_92' title="bbox 2042 4729 3626 4802">
    <p class='ocr_par' dir='ltr' id='par_1_92' title="bbox 2042 4729 3626 4802">
     <span class='ocr_line' id='line_1_92' title="bbox 2042 4729 3626 4802; baseline -0.001 -19"><span class='ocrx_word' id='word_1_586' title='bbox 2042 4729 2406 4801; x_wconf 81' lang='grc' dir='ltr'>ἀνεφοίτησας</span> <span class='ocrx_word' id='word_1_587' title='bbox 2439 4732 2575 4801; x_wconf 83' lang='grc' dir='ltr'>πρὸς</span> <span class='ocrx_word' id='word_1_588' title='bbox 2618 4731 2687 4783; x_wconf 84' lang='grc' dir='ltr'>τὰ</span> <span class='ocrx_word' id='word_1_589' title='bbox 2739 4730 2989 4802; x_wconf 81' lang='grc' dir='ltr'>οὐράνια,</span> <span class='ocrx_word' id='word_1_590' title='bbox 3027 4730 3177 4802; x_wconf 79' lang='grc' dir='ltr'>δεξιᾷ</span> <span class='ocrx_word' id='word_1_591' title='bbox 3218 4729 3481 4801; x_wconf 79' lang='grc' dir='ltr'>νικοποιῷ</span> <span class='ocrx_word' id='word_1_592' title='bbox 3517 4747 3626 4783; x_wconf 79' lang='grc' dir='ltr'>στε-</span> 
     </span>
    </p>
   </div>
   <div class='ocr_carea' id='block_1_93' title="bbox 2046 4818 2408 4889">
    <p class='ocr_par' dir='ltr' id='par_1_93' title="bbox 2046 4818 2408 4889">
     <span class='ocr_line' id='line_1_93' title="bbox 2046 4818 2408 4889; baseline 0.008 -19"><span class='ocrx_word' id='word_1_593' title='bbox 2046 4818 2408 4889; x_wconf 81' lang='grc' dir='ltr'>φθησόμενος.</span> 
     </span>
    </p>
   </div>
   <div class='ocr_carea' id='block_1_94' title="bbox 2112 4933 3627 5006">
    <p class='ocr_par' dir='ltr' id='par_1_94' title="bbox 2112 4933 3627 5006">
     <span class='ocr_line' id='line_1_94' title="bbox 2112 4933 3627 5006; baseline 0.003 -19"><span class='ocrx_word' id='word_1_594' title='bbox 2112 4933 2339 5003; x_wconf 84' lang='grc' dir='ltr'>Νάμασι</span> <span class='ocrx_word' id='word_1_595' title='bbox 2366 4936 2479 4997; x_wconf 86' lang='grc' dir='ltr'>τοῖς</span> <span class='ocrx_word' id='word_1_596' title='bbox 2506 4934 2614 4988; x_wconf 85' lang='grc' dir='ltr'><strong>τῶν</strong></span> <span class='ocrx_word' id='word_1_597' title='bbox 2646 4935 2911 5006; x_wconf 88' lang='grc' dir='ltr'>ποταμῶν</span> <span class='ocrx_word' id='word_1_598' title='bbox 2942 4935 3306 5006; x_wconf 84' lang='grc' dir='ltr'>παρισοῦνται</span> <span class='ocrx_word' id='word_1_599' title='bbox 3332 4937 3403 4989; x_wconf 76' lang='grc' dir='ltr'><strong>τά</strong></span> <span class='ocrx_word' id='word_1_600' title='bbox 3436 4936 3627 5006; x_wconf 76' lang='grc' dir='ltr'>ἄπειρα</span> 
     </span>
    </p>
   </div>
   <div class='ocr_carea' id='block_1_95' title="bbox 2047 5025 3623 5100">
    <p class='ocr_par' dir='ltr' id='par_1_95' title="bbox 2047 5025 3623 5100">
     <span class='ocr_line' id='line_1_95' title="bbox 2047 5025 3623 5100; baseline 0.003 -21"><span class='ocrx_word' id='word_1_601' title='bbox 2047 5025 2330 5097; x_wconf 85' lang='grc' dir='ltr'>θαύματα,</span> <span class='ocrx_word' id='word_1_602' title='bbox 2363 5027 2508 5098; x_wconf 84' lang='grc' dir='ltr'>ἆπερ</span> <span class='ocrx_word' id='word_1_603' title='bbox 2539 5028 2815 5093; x_wconf 80' lang='grc' dir='ltr'>ὲτέλεσας,</span> <span class='ocrx_word' id='word_1_604' title='bbox 2843 5029 2941 5080; x_wconf 74' lang='grc' dir='ltr'><strong>καὶ</strong></span> <span class='ocrx_word' id='word_1_605' title='bbox 2987 5026 3097 5091; x_wconf 80' lang='grc' dir='ltr'>ζῶν</span> <span class='ocrx_word' id='word_1_606' title='bbox 3145 5029 3241 5081; x_wconf 76' lang='grc' dir='ltr'><strong>καὶ</strong></span> <span class='ocrx_word' id='word_1_607' title='bbox 3288 5028 3370 5083; x_wconf 77' lang='grc' dir='ltr'>ἔτι</span> <span class='ocrx_word' id='word_1_608' title='bbox 3409 5029 3545 5100; x_wconf 84' lang='grc' dir='ltr'><strong>μετά</strong></span> <span class='ocrx_word' id='word_1_609' title='bbox 3571 5029 3623 5083; x_wconf 82' lang='grc' dir='ltr'><strong>τὸ</strong></span> 
     </span>
    </p>
   </div>
   <div class='ocr_carea' id='block_1_96' title="bbox 2048 5119 3620 5192">
    <p class='ocr_par' dir='ltr' id='par_1_96' title="bbox 2048 5119 3620 5192">
     <span class='ocr_line' id='line_1_96' title="bbox 2048 5119 3620 5192; baseline 0 -20"><span class='ocrx_word' id='word_1_610' title='bbox 2048 5119 2200 5184; x_wconf 78' lang='grc' dir='ltr'>τέλος</span> <span class='ocrx_word' id='word_1_611' title='bbox 2228 5119 2404 5183; x_wconf 84' lang='grc' dir='ltr'>τελεῖς</span> <span class='ocrx_word' id='word_1_612' title='bbox 2422 5136 2437 5149; x_wconf 73' lang='grc' dir='ltr'><strong>ο</strong></span> <span class='ocrx_word' id='word_1_613' title='bbox 2468 5120 2639 5183; x_wconf 79' lang='grc' dir='ltr'>ὅντως</span> <span class='ocrx_word' id='word_1_614' title='bbox 2669 5121 2777 5191; x_wconf 80' lang='grc' dir='ltr'><strong>γάρ</strong></span> <span class='ocrx_word' id='word_1_615' title='bbox 2813 5120 2979 5185; x_wconf 80' lang='grc' dir='ltr'>ζῶσιν</span> <span class='ocrx_word' id='word_1_616' title='bbox 3015 5121 3075 5174; x_wconf 84' lang='grc' dir='ltr'>ὲν</span> <span class='ocrx_word' id='word_1_617' title='bbox 3099 5121 3220 5191; x_wconf 84' lang='grc' dir='ltr'><strong>ϐεῷ</strong></span> <span class='ocrx_word' id='word_1_618' title='bbox 3253 5123 3350 5175; x_wconf 77' lang='grc' dir='ltr'><strong>καὶ</strong></span> <span class='ocrx_word' id='word_1_619' title='bbox 3376 5122 3515 5192; x_wconf 82' lang='grc' dir='ltr'><strong>μετά</strong></span> <span class='ocrx_word' id='word_1_620' title='bbox 3544 5122 3620 5173; x_wconf 83' lang='grc' dir='ltr'>τὸν</span> 
     </span>
    </p>
   </div>
   <div class='ocr_carea' id='block_1_97' title="bbox 2051 5209 3619 5284">
    <p class='ocr_par' dir='ltr' id='par_1_97' title="bbox 2051 5209 3619 5284">
     <span class='ocr_line' id='line_1_97' title="bbox 2051 5209 3619 5284; baseline 0.001 -21"><span class='ocrx_word' id='word_1_621' title='bbox 2051 5209 2280 5265; x_wconf 87' lang='grc' dir='ltr'>θάνατον</span> <span class='ocrx_word' id='word_1_622' title='bbox 2314 5210 2532 5282; x_wconf 87' lang='grc' dir='ltr'>ἀληθῶς</span> <span class='ocrx_word' id='word_1_623' title='bbox 2560 5213 2610 5264; x_wconf 80' lang='grc' dir='ltr'><strong>οἱ</strong></span> <span class='ocrx_word' id='word_1_624' title='bbox 2636 5211 2836 5265; x_wconf 86' lang='grc' dir='ltr'>δίκαιοι</span> <span class='ocrx_word' id='word_1_625' title='bbox 2865 5227 2877 5241; x_wconf 91' lang='grc'><strong>·</strong></span> <span class='ocrx_word' id='word_1_626' title='bbox 2921 5213 2979 5265; x_wconf 81' lang='grc' dir='ltr'>ἐν</span> <span class='ocrx_word' id='word_1_627' title='bbox 3022 5213 3167 5284; x_wconf 72' lang='grc' dir='ltr'>χειρὶ</span> <span class='ocrx_word' id='word_1_628' title='bbox 3214 5213 3326 5284; x_wconf 82' lang='grc' dir='ltr'>γὰρ</span> <span class='ocrx_word' id='word_1_629' title='bbox 3375 5212 3471 5267; x_wconf 79' lang='grc' dir='ltr'><strong>τοῦ</strong></span> <span class='ocrx_word' id='word_1_630' title='bbox 3503 5211 3619 5266; x_wconf 73' lang='grc' dir='ltr'>Θεσῦ</span> 
     </span>
    </p>
   </div>
   <div class='ocr_carea' id='block_1_98' title="bbox 1944 5300 2536 5373">
    <p class='ocr_par' dir='ltr' id='par_1_98' title="bbox 1944 5300 2536 5373">
     <span class='ocr_line' id='line_1_98' title="bbox 1944 5300 2536 5373; baseline 0 -17"><span class='ocrx_word' id='word_1_631' title='bbox 1944 5300 1950 5306; x_wconf 80' lang='grc'><em>’</em></span> <span class='ocrx_word' id='word_1_632' title='bbox 2049 5303 2106 5356; x_wconf 78' lang='grc' dir='ltr'>αἱ</span> <span class='ocrx_word' id='word_1_633' title='bbox 2136 5302 2305 5373; x_wconf 76' lang='grc' dir='ltr'>ψυχαὶ</span> <span class='ocrx_word' id='word_1_634' title='bbox 2335 5302 2536 5356; x_wconf 74' lang='grc' dir='ltr'>αὐτῶν.</span> 
     </span>
    </p>
   </div>
   <div class='ocr_carea' id='block_1_99' title="bbox 423 5418 1944 5483">
    <p class='ocr_par' dir='ltr' id='par_1_99' title="bbox 423 5418 1944 5483">
     <span class='ocr_line' id='line_1_99' title="bbox 423 5418 1944 5483; baseline -0.005 -5"><span class='ocrx_word' id='word_1_635' title='bbox 423 5422 561 5478; x_wconf 91' lang='lat' dir='ltr'><strong>Cum</strong></span> <span class='ocrx_word' id='word_1_636' title='bbox 596 5433 907 5477; x_wconf 89' lang='lat' dir='ltr'><strong>sermonem</strong></span> <span class='ocrx_word' id='word_1_637' title='bbox 940 5418 1196 5475; x_wconf 90' lang='lat' dir='ltr'><strong>idoneum</strong></span> <span class='ocrx_word' id='word_1_638' title='bbox 1230 5435 1340 5474; x_wconf 90' lang='lat' dir='ltr'><strong>non</strong></span> <span class='ocrx_word' id='word_1_639' title='bbox 1398 5420 1654 5483; x_wconf 80' lang='lat' dir='ltr'><strong>habeam,</strong></span> <span class='ocrx_word' id='word_1_640' title='bbox 1712 5433 1815 5473; x_wconf 86' lang='lat' dir='ltr'><strong>nec</strong></span> <span class='ocrx_word' id='word_1_641' title='bbox 1844 5418 1944 5472; x_wconf 88' lang='lat' dir='ltr'><strong>lin-</strong></span> 
     </span>
    </p>
   </div>
   <div class='ocr_carea' id='block_1_100' title="bbox 354 5510 1943 5589">
    <p class='ocr_par' dir='ltr' id='par_1_100' title="bbox 354 5510 1943 5589">
     <span class='ocr_line' id='line_1_100' title="bbox 354 5510 1943 5589; baseline -0.004 -16"><span class='ocrx_word' id='word_1_642' title='bbox 354 5531 516 5589; x_wconf 79' lang='lat' dir='ltr'><strong>guam</strong></span> <span class='ocrx_word' id='word_1_643' title='bbox 554 5514 846 5572; x_wconf 86' lang='lat' dir='ltr'><strong>facundam</strong></span> <span class='ocrx_word' id='word_1_644' title='bbox 871 5528 994 5584; x_wconf 85' lang='lat' dir='ltr'><strong>quae</strong></span> <span class='ocrx_word' id='word_1_645' title='bbox 1024 5513 1313 5568; x_wconf 87' lang='lat' dir='ltr'><strong>innumera</strong></span> <span class='ocrx_word' id='word_1_646' title='bbox 1343 5520 1437 5567; x_wconf 86' lang='lat' dir='ltr'><strong>tua</strong></span> <span class='ocrx_word' id='word_1_647' title='bbox 1477 5518 1629 5582; x_wconf 90' lang='lat' dir='ltr'><strong>gesta</strong></span> <span class='ocrx_word' id='word_1_648' title='bbox 1661 5510 1943 5566; x_wconf 84' lang='lat' dir='ltr'><strong>celebrare</strong></span> 
     </span>
    </p>
   </div>
   <div class='ocr_carea' id='block_1_101' title="bbox 356 5598 1941 5675">
    <p class='ocr_par' dir='ltr' id='par_1_101' title="bbox 356 5598 1941 5675">
     <span class='ocr_line' id='line_1_101' title="bbox 356 5598 1941 5675; baseline -0.006 -13"><span class='ocrx_word' id='word_1_649' title='bbox 356 5608 554 5669; x_wconf 83' lang='lat' dir='ltr'><strong>valeat,</strong></span> <span class='ocrx_word' id='word_1_650' title='bbox 589 5604 755 5660; x_wconf 88' lang='lat' dir='ltr'><strong>verba</strong></span> <span class='ocrx_word' id='word_1_651' title='bbox 802 5603 1044 5675; x_wconf 89' lang='lat' dir='ltr'><strong>suscipe,</strong></span> <span class='ocrx_word' id='word_1_652' title='bbox 1101 5611 1404 5673; x_wconf 86' lang='lat' dir='ltr'><strong>martyrum</strong></span> <span class='ocrx_word' id='word_1_653' title='bbox 1471 5598 1672 5668; x_wconf 87' lang='lat' dir='ltr'><strong>decor;</strong></span> <span class='ocrx_word' id='word_1_654' title='bbox 1730 5616 1830 5656; x_wconf 85' lang='lat' dir='ltr'><strong>oro</strong></span> <span class='ocrx_word' id='word_1_655' title='bbox 1887 5610 1941 5656; x_wconf 91' lang='lat' dir='ltr'><strong>et</strong></span> 
     </span>
    </p>
   </div>
   <div class='ocr_carea' id='block_1_102' title="bbox 357 5694 1937 5771">
    <p class='ocr_par' dir='ltr' id='par_1_102' title="bbox 357 5694 1937 5771">
     <span class='ocr_line' id='line_1_102' title="bbox 357 5694 1937 5771; baseline -0.004 -18"><span class='ocrx_word' id='word_1_656' title='bbox 357 5712 554 5771; x_wconf 87' lang='lat' dir='ltr'><strong>precor</strong></span> <span class='ocrx_word' id='word_1_657' title='bbox 602 5696 940 5751; x_wconf 86' lang='lat' dir='ltr'><strong>Salvatorem</strong></span> <span class='ocrx_word' id='word_1_658' title='bbox 997 5710 1178 5749; x_wconf 85' lang='lat' dir='ltr'><strong>meum</strong></span> <span class='ocrx_word' id='word_1_659' title='bbox 1235 5694 1515 5750; x_wconf 88' lang='lat' dir='ltr'><strong>Christum</strong></span> <span class='ocrx_word' id='word_1_660' title='bbox 1554 5699 1613 5748; x_wconf 91' lang='lat' dir='ltr'><strong>ut</strong></span> <span class='ocrx_word' id='word_1_661' title='bbox 1666 5707 1790 5750; x_wconf 88' lang='lat' dir='ltr'><strong>cum</strong></span> <span class='ocrx_word' id='word_1_662' title='bbox 1833 5694 1937 5750; x_wconf 90' lang='lat' dir='ltr'><strong>mei</strong></span> 
     </span>
    </p>
   </div>
   <div class='ocr_carea' id='block_1_103' title="bbox 356 5786 1147 5850">
    <p class='ocr_par' dir='ltr' id='par_1_103' title="bbox 356 5786 1147 5850">
     <span class='ocr_line' id='line_1_103' title="bbox 356 5786 1147 5850; baseline -0.011 -1"><span class='ocrx_word' id='word_1_663' title='bbox 356 5793 637 5850; x_wconf 81' lang='lat' dir='ltr'><strong>misereat.</strong></span> <span class='ocrx_word' id='word_1_664' title='bbox 674 5786 828 5842; x_wconf 66' lang='lat' dir='ltr'><strong>Deest</strong></span> <span class='ocrx_word' id='word_1_665' title='bbox 859 5786 1147 5841; x_wconf 75' lang='grc' dir='ltr'>θεοπόκιον.</span> 
     </span>
    </p>
   </div>
   <div class='ocr_carea' id='block_1_104' title="bbox 2120 5414 3619 5491">
    <p class='ocr_par' dir='ltr' id='par_1_104' title="bbox 2120 5414 3619 5491">
     <span class='ocr_line' id='line_1_104' title="bbox 2120 5414 3619 5491; baseline 0.004 -24"><span class='ocrx_word' id='word_1_666' title='bbox 2120 5415 2234 5468; x_wconf 80' lang='grc' dir='ltr'>Οὐκ</span> <span class='ocrx_word' id='word_1_667' title='bbox 2283 5414 2421 5485; x_wconf 75' lang='grc' dir='ltr'>ἔχων</span> <span class='ocrx_word' id='word_1_668' title='bbox 2465 5415 2627 5483; x_wconf 78' lang='grc' dir='ltr'>λόγου</span> <span class='ocrx_word' id='word_1_669' title='bbox 2678 5418 2982 5489; x_wconf 82' lang='grc' dir='ltr'>προφορὰν,</span> <span class='ocrx_word' id='word_1_670' title='bbox 3019 5418 3140 5472; x_wconf 76' lang='grc' dir='ltr'>οὐδὲ</span> <span class='ocrx_word' id='word_1_671' title='bbox 3174 5418 3431 5485; x_wconf 76' lang='grc' dir='ltr'>γλῶσσαν</span> <span class='ocrx_word' id='word_1_672' title='bbox 3472 5420 3619 5491; x_wconf 80' lang='grc' dir='ltr'>ὑμνο-</span> 
     </span>
    </p>
   </div>
   <div class='ocr_carea' id='block_1_105' title="bbox 2047 5508 3619 5585">
    <p class='ocr_par' dir='ltr' id='par_1_105' title="bbox 2047 5508 3619 5585">
     <span class='ocr_line' id='line_1_105' title="bbox 2047 5508 3619 5585; baseline 0.004 -25"><span class='ocrx_word' id='word_1_673' title='bbox 2047 5508 2258 5579; x_wconf 83' lang='grc' dir='ltr'>γράφον</span> <span class='ocrx_word' id='word_1_674' title='bbox 2290 5509 2468 5562; x_wconf 84' lang='grc' dir='ltr'>πάντα</span> <span class='ocrx_word' id='word_1_675' title='bbox 2495 5508 2863 5583; x_wconf 87' lang='grc' dir='ltr'>δεδυνημένην</span> <span class='ocrx_word' id='word_1_676' title='bbox 2905 5510 3088 5576; x_wconf 85' lang='grc' dir='ltr'>καλῶς</span> <span class='ocrx_word' id='word_1_677' title='bbox 3131 5512 3223 5567; x_wconf 59' lang='grc' dir='ltr'><strong>τάε</strong></span> <span class='ocrx_word' id='word_1_678' title='bbox 3243 5512 3314 5566; x_wconf 77' lang='grc' dir='ltr'><strong>σά</strong></span> <span class='ocrx_word' id='word_1_679' title='bbox 3356 5514 3619 5585; x_wconf 77' lang='grc' dir='ltr'>γεραίρειν</span> 
     </span>
    </p>
   </div>
   <div class='ocr_carea' id='block_1_106' title="bbox 2047 5600 3617 5678">
    <p class='ocr_par' dir='ltr' id='par_1_106' title="bbox 2047 5600 3617 5678">
     <span class='ocr_line' id='line_1_106' title="bbox 2047 5600 3617 5678; baseline 0.004 -25"><span class='ocrx_word' id='word_1_680' title='bbox 2047 5600 2327 5671; x_wconf 79' lang='grc' dir='ltr'>ἀνάριθμα</span> <span class='ocrx_word' id='word_1_681' title='bbox 2348 5603 2604 5671; x_wconf 80' lang='grc' dir='ltr'>’ῥήματα</span> <span class='ocrx_word' id='word_1_682' title='bbox 2633 5604 2764 5667; x_wconf 78' lang='grc' dir='ltr'>ἰδοὺ,</span> <span class='ocrx_word' id='word_1_683' title='bbox 2786 5605 3083 5675; x_wconf 83' lang='grc' dir='ltr'>μαρτύρων</span> <span class='ocrx_word' id='word_1_684' title='bbox 3112 5604 3369 5677; x_wconf 81' lang='grc' dir='ltr'>καλλονὴ,</span> <span class='ocrx_word' id='word_1_685' title='bbox 3408 5607 3617 5678; x_wconf 81' lang='grc' dir='ltr'>προσδέ-</span> 
     </span>
    </p>
   </div>
   <div class='ocr_carea' id='block_1_107' title="bbox 2048 5694 3618 5771">
    <p class='ocr_par' dir='ltr' id='par_1_107' title="bbox 2048 5694 3618 5771">
     <span class='ocr_line' id='line_1_107' title="bbox 2048 5694 3618 5771; baseline 0.001 -23"><span class='ocrx_word' id='word_1_686' title='bbox 2048 5711 2142 5765; x_wconf 84' lang='grc' dir='ltr'><strong>χου</strong></span> <span class='ocrx_word' id='word_1_687' title='bbox 2162 5710 2175 5724; x_wconf 73' lang='grc'><strong>⁸</strong></span> <span class='ocrx_word' id='word_1_688' title='bbox 2208 5694 2487 5765; x_wconf 81' lang='grc' dir='ltr'>τρέπομαι</span> <span class='ocrx_word' id='word_1_689' title='bbox 2520 5696 2617 5749; x_wconf 70' lang='grc' dir='ltr'><strong>καὶ</strong></span> <span class='ocrx_word' id='word_1_690' title='bbox 2646 5696 2874 5750; x_wconf 79' lang='grc' dir='ltr'>ἱκετεύω</span> <span class='ocrx_word' id='word_1_691' title='bbox 2900 5696 2993 5751; x_wconf 77' lang='grc' dir='ltr'><strong>τὸν</strong></span> <span class='ocrx_word' id='word_1_692' title='bbox 3015 5698 3243 5768; x_wconf 72' lang='grc' dir='ltr'>Σωτῆρα</span> <span class='ocrx_word' id='word_1_693' title='bbox 3277 5716 3382 5769; x_wconf 86' lang='grc' dir='ltr'><strong>μου</strong></span> <span class='ocrx_word' id='word_1_694' title='bbox 3404 5698 3618 5771; x_wconf 66' lang='grc' dir='ltr'>Χριστδν</span> 
     </span>
    </p>
   </div>
   <div class='ocr_carea' id='block_1_108' title="bbox 2050 5786 2910 5853">
    <p class='ocr_par' dir='ltr' id='par_1_108' title="bbox 2050 5786 2910 5853">
     <span class='ocr_line' id='line_1_108' title="bbox 2050 5786 2910 5853; baseline 0.002 -14"><span class='ocrx_word' id='word_1_695' title='bbox 2050 5786 2271 5839; x_wconf 75' lang='grc' dir='ltr'>ἰλεῶσαί</span> <span class='ocrx_word' id='word_1_696' title='bbox 2304 5804 2389 5853; x_wconf 66' lang='grc' dir='ltr'>με.</span> <span class='ocrx_word' id='word_1_697' title='bbox 2425 5786 2576 5842; x_wconf 73' lang='lat' dir='ltr'><strong>Deest</strong></span> <span class='ocrx_word' id='word_1_698' title='bbox 2607 5788 2910 5844; x_wconf 81' lang='grc' dir='ltr'>Θεοτὸκιον.</span> 
     </span>
    </p>
   </div>
  </div>
