3874 6350
130 452 269 520 1401

554 569 832 627 ΙΩΑΝΝΟ
846 575 891 626 Υ
923 574 1227 628 ΜΟΝΑΧΟ
1240 575 1286 626 Υ

333 661 575 715 ΚΑΝΩΝ
612 663 720 715 ΕΙΣ
758 665 895 717 TON
934 664 1137 718 ΑΙΊΟΝ
1179 665 1494 728 ΒΛΑΣΙΟΝ,

155 747 232 808 οὗ
264 754 301 821 ἡ
335 753 725 824 ἀκροστιχίς·
764 754 1037 817 Βλαστοὺς
1067 754 1324 824 ἀνυμνῶν
1358 754 1467 807 τῶν
1500 753 1677 806 πόνων

496 823 591 875 τοῦ
640 824 870 876 Βλασίου
917 825 1029 892 ἐγὼ
1064 823 1339 894 Ἰωάννης.

338 913 477 983 ’ῼδὴ
508 911 782 983 Α’.Ἦχος
812 919 915 971 ml.
948 915 1510 985 δ’.⁹Αρματηλάτην.

194 1003 363 1076 [Cod.
406 1006 577 1061 £172
604 1007 705 1079 b.]
755 1008 996 1079 Ἀληθῶς
1038 1007 1444 1073 καθυποτάξας,
1490 1004 1710 1070 Βλάσιε,

122 1096 273 1167 πάθη
307 1098 374 1151 τὰ
409 1098 581 1167 ἄλογα
615 1100 694 1171 τῷ
725 1102 936 1173 ἀρχικῷ
970 1101 1136 1171 λόγῳ,
1172 1099 1441 1171 βασιλέως
1472 1099 1713 1171 πρόστα-

84 1174 243 1258 Χγμα
290 1191 388 1243 καὶ
435 1190 594 1260 λόγον
640 1194 962 1263 ὲφαύλισας,
1004 1194 1238 1249 Βασιλέα
1286 1193 1551 1266 κηρύξας,
1585 1188 1712 1265 οὗή

118 1280 267 1350 ἀρχὴ
303 1280 587 1353 ἁδιάδοχος
617 1286 710 1337 καὶ⁵
743 1285 988 1356 βασιλεία
1020 1287 1261 1351 αἰώνιος.

196 1373 399 1442 Σοφίαν
421 1377 479 1429 ἐν
511 1378 713 1446 ἀνοίξει
750 1380 1017 1451 στόματος
1050 1382 1193 1435 δίδου
1228 1401 1339 1453 μοι,
1378 1383 1520 1451 Λόγε
1553 1384 1711 1447 Θεοῦ,

120 1463 218 1517 τὸν
244 1465 390 1536 ἱερὸν
411 1467 583 1532 ὅντως
603 1471 912 1543 ἀνυμνῆσαι
938 1474 1190 1527 Βλάσιον’
1218 1476 1383 1539 αὐτὸς
1404 1476 1513 1547 γάρ
1540 1475 1714 1547 τούτῳ

121 1555 333 1621 ἔδωκας
374 1560 586 1628 σοφίαν,
627 1557 659 1637 ᾖ
698 1564 1020 1635 ἀντιστῆναι
1068 1566 1167 1619 οὐκ
1203 1570 1434 1638 ἴσχυσαν
1482 1573 1530 1622 οἱ
1564 1567 1714 1638 αὐτῷ

121 1648 520 1720 ἀντικείμενοι.

197 1738 499 1809 Ἀμπέλου,
538 1744 741 1816 Πάτερ,
786 1746 1075 1820 ζωηφόρου
1112 1750 1341 1817 γέγονας
1382 1750 1569 1820 κλῆμα
1620 1768 1716 1803 πο-

118 1829 383 1901 λύφορον,
418 1833 517 1898 τὰς
547 1836 749 1906 ἀρετὰς
785 1840 970 1909 φέρων
1004 1840 1078 1905 ὡς
1107 1842 1407 1911 πεπείρους
1440 1842 1673 1913 βότρυας
1694 1855 1711 1870 ⁸

1278 458 1597 520 HYMNUS
1643 457 1726 518 IN
1768 457 1830 517 S.
1886 457 2248 519 BLASIUM.

1737 576 1784 633 Δ

3262 463 3399 529 1402

2231 571 2965 647 ,ιοΑΝΝιεμοΝΑεΗς

2048 658 2344 717 HYMMUS
2382 662 2452 717 ΙΝ
2491 662 2820 721 ὃΑΝΟΤυΜ
2858 665 3182 733 BLASIUM,

1814 750 1870 804 in
1893 766 1994 821 quo
2028 753 2214 827 prima:
2251 770 2494 827 versuum
2520 756 2713 809 littera:
2748 757 3056 827 signiﬁcant
3082 774 3101 811 :
3134 758 3397 815 Germina

2045 823 2295 877 laborum
2328 824 2495 880 Blasii
2521 827 2740 880 celebro
2774 823 3166 896 ego—Joannes.

1995 913 2106 969 Ode
2144 915 2197 970 Ι.
2241 915 2417 971 Sanus
2446 918 2523 986 pl.
2550 919 2605 972 4.
2645 918 2849 974 Curras
2882 922 3220 991 agitatorem.

1888 1003 2107 1060 Rationi
2132 1022 2261 1063 vere
2298 1009 2590 1079 subjecisti
2621 1012 2875 1067 carnales
2917 1012 3169 1081 aﬂectus,
3216 1013 3398 1081 Blasi;

1815 1098 1960 1169 regis
2019 1101 2338 1156 mandatum
2378 1110 2433 1157 et
2480 1117 2671 1158 vocem
2732 1106 3136 1175 contempsisti,
3197 1105 3398 1177 Regem

1818 1190 2121 1261 praedicans
2155 1194 2243 1248 cui
2285 1203 2532 1271 potestas
2575 1196 2764 1252 innata
2817 1208 2873 1254 et
2916 1206 3184 1254 aeternum
3228 1200 3400 1270 impe-

1816 1298 1980 1337 rium.

1888 1374 1963 1431 Os
2009 1376 2284 1446 aperienti
2340 1377 2665 1447 sapientiam
2725 1387 2951 1449 praesta,
2990 1381 3229 1436 Verbum
3276 1382 3397 1449 Dei,

1816 1482 1926 1537 quo
1964 1475 2215 1523 sanetum
2248 1469 2493 1524 Blasium
2544 1469 2708 1541 digne
2743 1472 3055 1541 celebrem;
3112 1475 3216 1543 ipsi
3252 1480 3399 1531 enim

1817 1560 2150 1629 sapientiam
2207 1560 2430 1626 dedisti,
2486 1567 2576 1616 cui
2625 1565 2887 1620 resistere
2944 1580 3051 1619 non
3108 1566 3400 1621 valuerunt

1818 1652 2147 1706 adversarii.

1892 1739 2097 1807 Vincat,
2142 1740 2328 1805 Pater,
2377 1742 2710 1798 vivificantis
2767 1744 2950 1801 factus
2994 1762 3055 1803 es
3084 1748 3294 1817 palmes
3333 1750 3404 1805 fe-

1818 1832 2056 1897 cundus,
2120 1834 2420 1889 virtutibus
2480 1835 2628 1889 velut
2682 1834 2805 1890 uvis
2857 1839 3092 1892 maturis
3138 1850 3401 1902 ornatus,

117 1922 551 1992 ἀποτυλὼμενος
583 1927 725 1997 ξίφει
763 1929 819 1982 δὲ
854 1933 949 1983 καὶ
988 1935 1146 1985 ποσὶν
1186 1936 1284 2003 οὐχ
1316 1934 1539 2004 ὡραίοις
1571 1936 1709 1988 ἀπο-

1847 1930 2016 1984 ladiis
2069 1929 2326 1984 abscisus
2365 1938 2420 1983 et
2475 1932 2711 1999 pedibus
2748 1931 3111 1987 conculcatus
3144 1934 3409 2002 importu-

119 2011 331 2076 Ολιὸεὶς
355 2016 512 2082 πᾶσι,
546 2017 763 2085 Βλάσιε,
798 2023 975 2085 οἴνους
998 2024 1345 2089 κατανύξεως
1378 2024 1636 2088 ἔϐλυσας.

197 2195 500 2267 Προφανῶς
531 2196 625 2248 ἐπὶ
658 2195 766 2249 τῶν
803 2196 982 2269 ἔργων
1017 2198 1275 2264 δέδειξαι,
1307 2199 1448 2252 κατά
1491 2198 1581 2251 τὸν
1620 2198 1716 2270 μέ-

120 2307 233 2358 γαν
253 2287 398 2356 Ἰὼϐ,
440 2289 717 2361 ἀληθινὸς,
757 2292 955 2359 πρᾶος,
1002 2291 1320 2362 συμπαθὴς,
1359 2292 1453 2345 καὶ
1483 2292 1710 2356 δίκαιος,

120 2381 364 2452 εὐσεϐὴς
387 2382 480 2435 καὶ
503 2381 819 2452 ἄμεμπτος,
839 2384 1179 2453 ἀπεχόμενος
1203 2384 1371 2447 ὅντως
1390 2387 1451 2437 ἐκ
1474 2383 1712 2456 πονηροῦ

121 2475 479 2546 πράγματος,
516 2476 563 2528 is
571 2492 714 2546 ρομα
723 2475 819 2547 ρτύ
830 2494 939 2545 ρων
973 2477 1276 2547 ἀγλάϊσμα.

201 2571 543 2625 Θεοτόκιον.
573 2601 643 2610 -
665 2572 762 2625 Ἐκ
791 2573 889 2643 τῆς
922 2574 1080 2644 ῥίζης
1106 2574 1307 2628 Ἰεσσαὶ
1332 2575 1714 2648 βλαστήσασαν

123 2662 328 2736 ῥάϐδον
369 2663 697 2735 ὑπέρτιμον,
744 2666 804 2718 τὸ
844 2665 934 2718 τὸν
967 2668 1207 2737 Χριστὸν
1262 2667 1454 2733 ἄνθος,
1497 2668 1715 2739 ἀληθῶς

120 2757 470 2828 ἀμάραντον,
500 2758 605 2810 ὑπὸ
636 2757 731 2810 σοῦ
756 2759 1075 2828 ἀνθήσασαν
1100 2761 1200 2831 τὴν
1226 2761 1387 2828 ἁγίαν
1414 2760 1713 2831 Παρθένον,

120 2850 267 2904 Θεοῦ
297 2851 399 2921 τὴν
442 2850 598 2904 πόλιν
635 2848 735 2921 τὴν
789 2850 1033 2922 ἔμψυχον
1073 2854 1423 2926 ἱεροπρεπῶς
1474 2853 1716 2924 μακαρί-

124 2965 209 3001 σω
217 2964 340 3016 μεν.

620 3040 762 3112 ᾮδὴ
796 3043 882 3094 Γ⁹.
916 3039 1232 3108 Οὐρανίας.

197 3129 571 3201 Βουληθέντες
611 3130 899 3202 ζωγρῆσαι
951 3148 1011 3184 σε
1067 3130 1204 3201 πρὸς
1251 3128 1470 3199 σφαγὴν
1502 3129 1711 3191 ἄδικον,

120 3220 282 3282 ὄντες
312 3219 416 3272 ὑπὸ
450 3219 545 3272 σοῦ
578 3219 963 3291 ζωγρηθέντες
996 3219 1135 3291 πρὸς
1165 3220 1393 3273 αἰωνίαν
1418 3217 1564 3289 ζωὴν
1596 3217 1715 3288 Θεῷ

1822 2021 1933 2085 nis,
1962 2019 2241 2086 omnibus,
2268 2019 2438 2084 Blasi,
2467 2021 2656 2075 vinum
2685 2022 2917 2087 largitus
2945 2037 3007 2077 es
3035 2026 3407 2094 compunctio—

1821 2112 1931 2167 nis.

1894 2203 2180 2261 Manifeste
2213 2205 2476 2276 Operibus
2519 2205 2786 2275 probatus
2835 2220 2919 2271 es,
2954 2208 3109 2279 juxta
3141 2222 3405 2279 magnum

1822 2293 1926 2350 Job
1953 2310 2140 2362 verus,
2193 2304 2538 2365 mansuetus,
2587 2297 2932 2365 misericors,
2964 2300 3246 2368 etjustus,
3284 2303 3407 2371 pius

1823 2394 1878 2441 et
1937 2388 2465 2458 irreprebensibilis,
2519 2390 2807 2445 abstinens
2841 2406 2973 2446 vere
3025 2392 3094 2447 ab
3147 2394 3297 2447 omni
3349 2408 3409 2447 re

1826 2478 1993 2542 mala,
2020 2487 2327 2551 martyrum
2357 2479 2550 2535 decus.

1893 2568 2161 2638 Deiparaz.
2192 2602 2265 2611 —
2290 2569 2510 2641 Virgam
2554 2571 2853 2641 pretiosam
2894 2587 2957 2626 ex
3004 2570 3190 2626 radice
3237 2571 3411 2627 Jessae

1824 2661 2249 2730 germinantem,
2284 2662 2565 2719 Christum
2606 2662 2795 2719 ﬂorem
2848 2679 2975 2719 vere
3022 2665 3409 2719 amaranthum

1822 2752 2162 2818 efferentem,
2200 2754 2418 2810 beatam
2457 2754 2763 2826 Virginem,
2810 2755 2992 2810 vivam
3043 2754 3140 2810 Dei
3200 2756 3407 2821 sedem,

1824 2844 2219 2899 convenienter
2251 2845 2615 2901 celebremus.

2322 3025 2433 3081 Ode
2466 3025 2527 3080 ΙΙ
2538 3025 2588 3081 Ῑ.
2632 3026 2903 3083 Οωιεειεε.

1894 3117 1999 3183 Qui
2034 3127 2086 3173 te
2130 3118 2388 3173 volebant
2438 3120 2502 3174 ad
2555 3119 2817 3188 injustam
2870 3120 3262 3176 mactationem
3300 3137 3410 3177 ser-

1824 3224 1978 3275 vare,
2002 3224 2031 3263 a
2073 3216 2128 3264 te
2150 3210 2217 3264 ad
2259 3209 2431 3264 vitam
2481 3218 2746 3266 aeternam
2792 3214 2995 3268 servati
3025 3220 3176 3279 sunt,
3212 3221 3269 3268 et
3298 3214 3410 3269 Deo

122 3311 527 3383 προσήχθησαν
565 3312 792 3384 θήραμα
825 3313 982 3378 ζώων
1038 3312 1252 3381 ἀλόγων
1286 3310 1467 3380 πολλῴ
1519 3327 1710 3381 τιμιω-

1847 3302 1989 3357 ὼιοιὶ
2015 3311 2144 3357 sunt
2168 3301 2404 3357 victima:
2425 3304 2624 3360 ovibus
2650 3304 2866 3360 ratione
2893 3306 3213 3363 carentibus
3232 3306 3407 3361 multo

120 3406 308 3459 τάτων
346 3404 422 3474 τῷ
448 3406 883 3476 Παντοκράτορι.

210 3496 388 3566 Ὑπὲρ
442 3497 627 3567 ἄμμον
657 3498 936 3568 θαλάσσης
963 3498 1031 3551 τά
1079 3498 1167 3563 σὰ,
1210 3496 1362 3563 σοφὲ,
1415 3494 1673 3565 θαύματα
1698 3512 1714 3529 δ

122 3591 330 3656 παὺεις
381 3592 490 3665 γὰρ
540 3592 729 3664 ψυχῶν
786 3596 883 3647 καὶ
941 3588 1219 3663 σωμάτων
1277 3592 1425 3663 πάθη
1480 3592 1712 3646 ἀνίατα·

122 3684 345 3753 λαιμῶν
378 3684 681 3756 παθήματα
727 3685 823 3738 καὶ
858 3684 1171 3755 φλεγμονὰς
1223 3684 1484 3750 διαλύεις,
1518 3685 1610 3737 καὶ
1647 3683 1716 3737 τὰ

123 3776 273 3830 κατὰ
308 3775 409 3847 τὴν
438 3776 699 3845 φάρυγγα
731 3774 1009 3847 ξηραίνεις
1042 3776 1313 3846 ῥεύματα.

198 3868 536 3931 Σεϐαστείας
569 3868 662 3921 τὸν
695 3868 960 3939 μέγαν....
984 3868 1155 3932 ὡς....

192 3960 509 4032 Ἀγρυπνίᾳ
545 3961 784 4030 συντόνῳ
822 3960 919 4013 καὶ
950 3960 1228 4030 προσευχῇ
1265 3957 1497 4024 γέγονας
1528 3955 1714 4017 τόπος,

118 4056 255 4128 ὄρος
290 4052 371 4123 τῷ
419 4052 612 4123 Κυρίῳ
660 4053 755 4105 καὶ
807 4049 926 4119 Θεῷ
966 4047 1197 4101 Ἰακώ6’
1247 4047 1402 4114 ἆγιον
1447 4046 1716 4115 σκήνωμα

117 4150 237 4219 γὰρ
267 4145 364 4200 καὶ
395 4144 644 4214 Πνεῦμα,
679 4145 714 4213 ἡ
748 4141 919 4212 Τριάς
966 4141 1276 4209 ἐσκήνωσεν
1307 4141 1364 4192 ἐν
1415 4141 1482 4211 τῇ
1516 4137 1717 4209 καρδίᾳ

1729 4250 1736 4282 ;
1818 4227 1933 4273 tuo.

118 4259 546 4385 σοέεοτόκιον.
581 4354 653 4364 -
699 4321 914 4394 Νοεράν
966 4339 1026 4374 σε
1074 4320 1263 4375 λαόίδα
1312 4321 1403 4373 τὸν
1459 4318 1716 4390 ἀληθινὸν

116 4424 383 4493 ἄνθρακα
425 4418 702 4490 φέρουσαν
754 4414 991 4486 Χριστὸν
1025 4415 1083 4467 ὲν
1134 4411 1406 4480 ἀγκάλαις
1447 4411 1714 4479 ἔγνωμεν,

112 4518 425 4571 Δέσποινα·
457 4512 515 4563 ὲν
540 4503 583 4578 ᾧ
612 4506 953 4577 κατάφλεξον
982 4504 1052 4559 τὰ
1093 4501 1424 4576 φρυγανὼδη
1468 4518 1569 4572 μου
1607 4500 1715 4553 πά-

114 4610 222 4681 θη,
253 4604 352 4659 καὶ
381 4603 473 4657 τὸν
504 4601 628 4654 νοῦν
658 4598 900 4670 καθαρὸν
927 4597 1375 4668 ὑλομανήσαντα.

483 4692 622 4765 ’ῼδὴ
654 4691 729 4745 Δ’,
763 4687 1133 4755 Εἱσακήκοα,
1167 4687 1364 4754 Κύριε.

202 4786 520 4861 Ὑπερέὸης
542 4785 641 4857 τὴν
666 4784 923 4853 αἴσθησιν
948 4782 1038 4834 καὶ
1068 4781 1160 4833 τὸν
1184 4780 1555 4850 ὑπέραισχρον
1580 4794 1714 4846 παρ-

117 4882 439 4956 εχώρησας,
484 4878 715 4949 χρυσαῖς
756 4873 1016 4946 πτέρυξιν
1053 4872 1349 4942 ίπτάμενος
1395 4870 1496 4939 τῆς
1551 4869 1713 4939 ἱερω-

119 4979 297 5045 σύνης
336 4972 431 5027 καὶ
456 4970 761 5041 ἀθλήσεως.

192 5065 506 5139 Μυροθήκη
530 5064 820 5133 γενόμενος
839 5058 1158 5129 Πνεύματος
1196 5055 1352 5125 ἁγίου
1389 5054 1482 5108 καὶ
1510 5054 1713 5108 εὐωδία

121 5162 510 5238 Χριστοῦ,τὴν
540 5161 715 5233 ὀσμὴν
743 5159 843 5229 τῆς
867 5156 1032 5211 αὐτοῦ
1059 5154 1315 5225 γνώσεως
1343 5152 1440 5207 καὶ
1466 5151 1574 5206 τῶν
1610 5167 1715 5203 παι

124 5262 196 5332 θη
206 5259 395 5331 μάτων
417 5256 667 5316 ἔπεισας.

199 5336 567 5420 Νοσευμένων
595 5346 877 5416 λυτήριον,
902 5341 1155 5412 πονηρῶν
1184 5336 1511 5407 πνευμάτων
1544 5349 1715 5403 φυγα-

125 5446 417 5515 δευτήριον
463 5441 558 5495 καὶ
610 5438 886 5508 δαιμόνων
919 5435 1036 5498 δέος
1082 5434 1347 5487 ἀστεκτον
1372 5428 1467 5482 καὶ
1519 5426 1713 5498 βαρεῖα

127 5535 339 5612 μάστιξ
364 5535 426 5589 τὸ
456 5535 549 5588 σὸν
581 5533 775 5604 ὄνομα.

209 5631 303 5695 Ὣς
342 5627 549 5699 ποιμὴν
584 5626 682 5697 μὲν
731 5619 1056 5693 ὲποίμανας,
1106 5616 1314 5673 ἄνωθεν
1348 5614 1423 5677 ὡς
1462 5610 1716 5683 πρόϐατα

135 5720 578 5794 ποιμαινόμενος,
605 5717 684 5788 τῷ
708 5715 913 5769 τιθέντι
938 5713 994 5767 δὲ
1024 5710 1098 5774 ὡς
1132 5708 1427 5781 πρόϐατον,
1457 5703 1533 5768 ὡς
1560 5700 1714 5773 κριὸς

129 5814 537 5891 προσηνέχοης,
568 5808 855 5881 ἱερώτατε.

205 5910 538 5966 Θεοτόκιον.
557 5935 627 5948 -
654 5904 757 5957 Τὸν
791 5904 849 5957 ἐν
881 5902 1049 5954 πᾶσιν
1091 5894 1375 5969 ἀχὼρητον
1404 5894 1715 5962 ἀστενοχω-

1818 3395 2113 3465 gratiores.
2213 3412 2225 3426 ·

1891 3487 2070 3542 Arena
2097 3488 2267 3543 maris
2328 3488 2486 3557 plura
2536 3494 2631 3543 tua
2662 3488 2940 3560 prodigia,
2977 3488 3218 3560 sapiens.
3270 3488 3407 3546 Nam

1819 3580 2130 3635 animarum
2160 3594 2569 3651 corporumque
2589 3580 2934 3637 insanabiles
2954 3581 3179 3637 morbos
3206 3595 3407 3649 curas;

1818 3673 2058 3743 gutturis
2089 3671 2309 3730 dolores
2338 3675 2508 3730 solvis
2530 3684 2584 3730 et
2613 3684 2880 3744 tumores,
2910 3683 2965 3730 et
2988 3674 3231 3747 laryngis
3256 3675 3409 3731 sistis

1818 3764 2023 3820 ﬂuxus.

1821 3898 1836 3911 ο
1916 3896 1930 3909 ο
2010 3897 2024 3910 ο
2107 3895 2122 3908 ο
2201 3896 2214 3910 ο
2295 3894 2310 3908 ο
2388 3896 2403 3912 ο
2486 3894 2499 3907 ι
2598 3893 2613 3908 ο
2693 3894 2710 3910 0
2802 3892 2822 3909 ο
2900 3893 2916 3911 0
3008 3895 3025 3911 0
3100 3894 3117 3911 0
3198 3897 3213 3911 0
3291 3897 3308 3913 0
3389 3900 3402 3915 ο

1887 3945 2144 4000 Assiduis
2170 3946 2373 4014 vigiliis
2402 3952 2455 4000 et
2476 3946 2725 4000 oratione
2751 3946 2933 4002 factus
2955 3962 3016 4002 es
3046 3948 3220 4013 locus,
3247 3965 3407 4007 mons

1818 4035 2051 4090 Domino
2081 4044 2137 4089 et
2164 4036 2272 4091 Deo
2302 4034 2511 4100 Jacob;
2548 4051 2672 4089 nam
2710 4045 2965 4093 sanctum
2987 4039 3406 4095 tabernaculum

1817 4136 1873 4183 et
1920 4135 2148 4183 sanctus
2206 4128 2490 4197 Spiritus,
2539 4127 2786 4185 Trinitas
2824 4129 3100 4186 habitavit
3138 4132 3196 4186 in
3240 4136 3406 4190 corde

1890 4312 2158 4382 Deiparw.
2206 4345 2275 4354 —
2306 4313 2617 4383 Supernum
2652 4320 2709 4369 te
2736 4329 2834 4370 vas
2871 4318 3248 4387 agnoscimus,
3282 4319 3405 4374 Do-

1817 4407 1989 4469 mina,
2017 4421 2140 4477 qua:
2161 4421 2352 4462 verum
2378 4407 2670 4462 carbonem
2710 4407 2992 4463 Christum
3022 4409 3076 4463 in
3104 4411 3251 4467 ulnis
3282 4427 3406 4483 por-

1818 4498 1984 4565 tasti;
2013 4498 2107 4553 illo
2134 4498 2399 4554 combure
2430 4500 2754 4556 surculosas
2781 4516 2929 4557 meas
2960 4502 3250 4571 passiones
3278 4521 3403 4575 quae

1746 4590 1791 4646 D
1820 4592 2018 4648 animae
2045 4590 2343 4645 candorem
2377 4590 2685 4659 inquinant.

2199 4681 2310 4737 Ode
2345 4680 2450 4737 IV.
2488 4681 2775 4749 Exaudwi,
2810 4682 3048 4739 Domine.

1895 4778 2123 4831 Omnem
2160 4790 2383 4829 sensum
2422 4774 2719 4844 superasti.
2743 4784 2798 4830 et
2838 4776 3224 4846 turpissimum
3248 4793 3407 4834 exce-

1821 4869 1976 4936 disti,
2013 4868 2197 4923 aureis
2238 4866 2532 4923 sacerdotii
2559 4875 2613 4922 et.
2649 4867 2900 4940 martyrii
2945 4868 3047 4923 alis
3076 4868 3275 4924 elatus.

1895 5050 2251 5119 Unguentum
2288 5046 2469 5103 factus
2507 5046 2749 5118 Spiritus
2785 5048 2966 5104 sancti
3010 5056 3061 5102 et
3104 5046 3406 5118 fragrantia

1822 5139 2053 5205 Christi,
2081 5138 2287 5194 bonum
2311 5138 2535 5195 odorem
2566 5139 2817 5195 scientia:
2844 5146 2899 5194 ct
2929 5138 3248 5208 passionum
3282 5138 3404 5208 ejus

1823 5232 2117 5288 diﬂ'udisti.

1895 5325 2241 5381 lnﬂrmorum
2278 5325 2449 5389 salus,
2492 5324 2601 5377 mal
2618 5339 2763 5376 rrum
2796 5323 3090 5392 spirituum
3130 5321 3403 5391 refugium

1823 5423 1877 5472 et
1903 5415 2211 5471 daemonum
2251 5421 2430 5471 terror
2456 5412 2822 5469 intolerabilis
2852 5419 2906 5467 et
2934 5425 3101 5481 grave
3130 5408 3405 5480 ﬂagellum

1826 5513 1981 5560 tuum
2013 5521 2235 5561 nomen.

1897 5599 2012 5654 Ceu
2043 5607 2235 5667 pastor
2272 5611 2490 5667 gregem
2529 5592 2745 5657 rexisti,
2771 5591 3061 5647 desursum
3096 5590 3240 5646 velut
3275 5605 3407 5645 oves

1827 5707 2083 5766 pascens,
2132 5688 2364 5744 Domino
2409 5695 2594 5743 autem
2644 5693 2907 5755 tanquam
2966 5682 3087 5740 ovis
3127 5692 3222 5738 aut
3260 5683 3406 5736 aries

1827 5786 2047 5844 oblatus
2077 5800 2158 5848 es,
2188 5781 2563 5838 sanctissime.

1904 5885 2236 5957 Dciparm.—-
2266 5876 2445 5934 Nullis
2470 5874 2743 5931 limitibus
2777 5873 3133 5930 terminatum
3170 5878 3223 5923 et
3250 5864 3407 5922 cadis
