3874 6350
503 458 523 521 1
538 459 640 521 403

1928 441 2303 503 ADDENDA.

3673 448 3793 511 11:13

501 573 770 631 latiorem,
804 566 985 639 Virgo,
1012 569 1151 622 mire
1184 564 1519 636 concepisti;
1550 571 1603 618 et
1629 570 1686 617 ut
1718 560 1893 615 bonus
1927 572 2061 627 prae-
2094 560 2114 617 Δ

2249 573 2384 620 τως,
2441 555 2616 627 Κόρη,
2670 557 2956 629 ὲχώίδησας
3006 558 3255 630 οὐρανῶν
3306 551 3789 634 εὐρυχωρξτερς.

504 667 690 730 ceptor
726 659 996 712 innocuos
1049 657 1213 714 simul
1241 670 1295 711 et
1327 656 1666 724 negligentes
1694 663 1916 721 pueros.
1950 683 1964 697 .
2003 686 2017 699 .
2054 684 2066 698 .

1177 854 1289 909 Ode
1346 851 1404 907 V.

574 944 648 1001 Ut
687 961 773 1000 me
802 944 1010 999 divitiis
1042 984 1056 999 .
1094 984 1107 997 .
1143 980 1159 998 .
1190 944 1298 998 Deo
1327 941 1576 998 obtulisti
1613 939 1762 995 velut
1804 939 2076 993 innocen-

2174 648 2314 717 ὑπὲρ
2344 645 2468 701 νοῦν
2489 665 2502 679 ·
2539 648 2635 701 καὶ
2665 649 2741 712 ὼς
2774 648 2935 713 καλὸς
2965 649 3325 722 παιδοτρίϐης
3357 654 3574 708 ἄκακα.
3606 656 3791 709 angi:

2175 738 2270 791 καὶ
2295 737 2471 809 βρέφη
2499 737 2771 808 ἀκηδῆ....

2842 850 2980 920 ’ῼδὴ
3016 854 3096 906 E’.

2252 942 2370 995 Ἵνα
2401 942 2451 994 τί
2484 959 2550 1012 με
2582 942 2924 1013 χρήματι....
2958 943 3036 1012 τῷ
3066 943 3187 1013 Θεῷ
3225 943 3526 1013 προσῆξας
3570 944 3792 1014 aufras:

507 1046 588 1092 tes
614 1049 790 1107 agnos
813 1046 867 1090 ct
891 1049 1127 1101 amoma,
1147 1048 1243 1103 per
1264 1047 1469 1087 novum
1497 1032 1699 1103 ignem,
1720 1044 1815 1100 per
1835 1027 2077 1098 gladium

2249 1052 2257 1095 ς
2291 1034 2455 1102 ἀρνία
2483 1034 2578 1087 καὶ
2608 1034 2818 1105 ἄμωμα
2852 1035 3296 1090 ὁλοκαυτωθέντα
3320 1037 3415 1090 διὰ
3444 1056 3529 1090 πυ
3539 1039 3649 1108 pb;
3680 1058 3795 1090 και-

506 1129 751 1192 incensa,
775 1128 996 1182 odorem
1036 1125 1356 1195 fragrantia:
1402 1123 1653 1178 Domino.

579 1217 843 1273 Somnum
904 1218 1249 1287 negligentia:
1304 1216 1373 1269 ab
1404 1214 1580 1269 oculis
1624 1213 1935 1277 excutiens,
1987 1210 2082 1265 diu

508 1318 788 1379 noctuque
834 1308 942 1364 Deo
992 1308 1357 1373 inserviebas,
1409 1305 1671 1376 precibus
1697 1305 1961 1359 continuo
1998 1302 2084 1357 in-

511 1398 777 1469 dulgebas
824 1405 876 1452 et
926 1397 1149 1467 psalmis
1175 1405 1228 1451 et
1272 1395 1518 1465 hymnis,
1570 1394 1701 1448 tibia
1747 1392 1963 1447 Domini
2009 1390 2088 1445 la-

511 1497 655 1545 ctus.

594 1579 825 1634 Omnem
855 1580 1095 1634 laborem
1122 1579 1365 1643 levabas,
1399 1592 1617 1632 omnem
1645 1574 2015 1630 inﬁrmitatem
2037 1578 2092 1627 et

2187 1121 2277 1175 νοῦ
2302 1122 2396 1175 τοῦ
2429 1122 2613 1191 ξίφη..
2644 1124 2823 1194 ὀσμὴν
2854 1125 3083 1188 εὐωδίας
3108 1125 3185 1195 τῷ
3218 1128 3495 1180 Κτίσαντι
3533 1146 3550 1193 ;

2253 1213 2587 1284 Νυσταγμὸν
2610 1214 2887 1286 ῥᾳθυμίας
2918 1216 3393 1284 ἀποτιναεάμενος
3422 1219 3546 1272 ἀπὸ
3593 1218 3795 1287 βλεφά-

2191 1322 2298 1375 ρων
2327 1321 2442 1372 σου,
2474 1306 2820 1377 πανημέριός
2863 1324 2921 1359 τε
2971 1310 3065 1361 καὶ
3097 1310 3395 1380 παννύχιος
3435 1312 3575 1382 Θεῷ
3628 1331 3791 1385 προτ-

2188 1396 2452 1466 ήδρευες,
2502 1400 2839 1467 προσευχαῖς
2893 1398 3172 1469 σχολάζων
3203 1402 3616 1473 ὲπαγρύπνοις
3662 1406 3793 1473 ψαλ-

2196 1491 2316 1558 μοῖς
2345 1488 2442 1541 καὶ
2476 1487 2689 1559 ὕμνοις,
2721 1490 2816 1543 καῖ⁵
2850 1490 3010 1554 άῦλος
3050 1492 3200 1563 αὐτῷ
3237 1494 3695 1564 συγγενόμενος.

2263 1581 2447 1635 Πάντα
2472 1581 2632 1634 πόνον
2652 1582 2952 1650 κουφίζων,
2974 1585 3153 1638 πᾶσαν
3189 1586 3477 1655 μαλακίαν
3503 1588 3620 1639 καὶ
3642 1588 3789 1639 vim:

516 1674 769 1729 morbum
805 1672 1083 1735 sanabas;
1144 1670 1238 1739 qui
1300 1685 1472 1737 usque
1512 1667 1579 1720 ad
1635 1675 1687 1721 te
1744 1676 2095 1720 accesserunt

2249 1690 2449 1743 ›μενος,
2484 1674 2611 1737 τοὺς
2637 1673 3083 1745 προστρέχοντάς
3113 1692 3195 1728 σοι
3221 1675 3293 1727 δι’
3317 1677 3496 1747 εὐχῆς
3530 1679 3639 1731 καὶ
3660 1680 3791 1747 ἁφῆς

516 1766 661 1821 votis
693 1771 748 1819 et
783 1778 948 1817 manu
986 1761 1273 1815 reiiciebas
1308 1777 1321 1813 :
1358 1775 1486 1812 nam
1516 1758 1687 1828 gratis
1726 1757 2006 1826 accepisti,
2042 1765 2095 1812 et

2249 1764 2555 1833 ιεράπευες·
2588 1764 2797 1835 δωρεὰν
2832 1763 3013 1817 λαϐὼν
3044 1764 3175 1836 γάρ,
3203 1766 3297 1818 καὶ
3323 1765 3556 1835 δωρεὰν
3596 1769 3791 1831 ὲδίὼθς

521 1856 694 1926 gratis
716 1852 939 1918 dedisti,
974 1852 1121 1905 velut
1144 1850 1417 1920 ingenuus
1448 1848 1655 1903 Christi
1693 1847 2023 1916 discipulus.

592 1945 868 1999 Laborum
890 1952 1109 1997 tuorum
1138 1940 1160 1993 l‘
1165 1948 1353 1993 ructus
1380 1938 1587 2007 spicam
1618 1938 1867 2007 martyrii
1906 1936 2095 2007 profu-

2201 1856 2356 1919 πᾶσι,
2384 1854 2459 1918 ὡς
2491 1856 2732 1926 Χριστοῦ
2767 1856 3016 1928 μαθητὴς
3051 1856 3463 1927 γνησιώτατος.

2286 1946 2343 1999 'U
2362 1946 2471 1998 τῶν
2497 1946 2678 2000 πόνων
2701 1964 2792 2000 σου
2819 1947 3035 2018 καρπὸς
3061 1948 3265 2017 στάχυν
3293 1950 3629 2020 μαρτυρίου
3660 1950 3799 2002 em-

523 2037 624 2100 dit,
648 2034 814 2099 Blasi,
848 2033 1130 2102 plagarum
1159 2029 1297 2083 falce
1328 2027 1642 2095 decerptam
1665 2034 1720 2080 et
1752 2026 1804 2079 in
1830 2027 2093 2079 caelorum

2249 2054 2390 2107 ιησε,
2436 2038 2655 2105 Βλάσιε,
2690 2038 2969 2108 αἰκισμῶν
3017 2039 3266 2110 δρεπάνῃ
3299 2040 3688 2112 θεριζόμενον
3716 2042 3795 2092 καὶ

527 2129 725 2180 horreo
750 2123 1065 2186 collectam,
1092 2128 1149 2178 et
1171 2118 1400 2174 Domino
1426 2119 1482 2172 iu
1510 2132 1705 2187 panem
1738 2117 2095 2187 purissimum

2249 2128 2570 2200 υναγόμενον
2621 2129 2703 2192 είς
2751 2130 3038 2201 ἀποθήκας
3084 2131 3198 2184 τῶν
3244 2132 3528 2204 οὐρανῶν,
3588 2133 3693 2186 καὶ
3733 2133 3793 2202 τῷ

527 2219 979 2268 transmutatam.

602 2304 860 2372 Deiparw.
897 2299 1147 2355 --Nunc
1179 2307 1233 2354 te
1269 2298 1509 2363 beatam,
1546 2296 1928 2363 Sanctissima,
1957 2294 2103 2350 cele-

2205 2219 2455 2293 Δεσπότῃ
2477 2219 2869 2291 καθαρώτατον
2908 2220 3073 2292 ἄρτον
3102 2222 3418 2293 γινόμενον.

2280 2309 2703 2364 Θεοτόκιον.-
2732 2309 2850 2363 Νῦν
2899 2326 2994 2377 σε,
3042 2311 3327 2380 Πάναγνε,
3381 2313 3575 2367 πᾶσαι
3624 2312 3795 2379 γενεαὶ

530 2398 694 2452 brent
742 2408 934 2449 omnes
973 2391 1385 2464 generationum
1413 2390 1818 2461 generationes.
1839 2387 1979 2443 Nam
2009 2388 2103 2458 qui

2249 2400 2412 2455 ενεῶν
2459 2388 2852 2472 μακαρίζουσι,
2886 2401 3162 2475 μακαρίαν
3198 2397 3403 2455 οὖσαν·
3455 2403 3487 2455 ὁ
3528 2405 3793 2474 μακάρια

532 2488 685 2543 solus
732 2488 927 2541 beatus
977 2483 1259 2548 Dominus,
1308 2498 1395 2538 me
1425 2498 1455 2535 a
1489 2482 1798 2537 daemonum
1838 2490 2105 2553 potestate

2249 2491 2376 2553 ,όνος
2409 2490 2688 2561 Δεσπότης
2742 2489 2853 2561 γὰρ
2908 2490 3052 2544 κατά
3103 2491 3431 2554 δυναστείας
3474 2493 3793 2564 δαιμονικῆς

533 2581 789 2644 liberato,
817 2574 1244 2647 benignissimus
1275 2589 1369 2644 per
1392 2580 1447 2629 te
1475 2574 1750 2642 apparuit.

1196 2688 1307 2744 Ode
1347 2686 1438 2742 Vl.

607 2803 681 2860 Ut
705 2805 838 2861 olim
870 2804 1041 2875 piscis
1058 2804 1272 2875 spinam
1309 2804 1465 2874 pueri
1500 2804 1705 2873 gutturi
1756 2801 1980 2856 inﬁxam
2002 2800 2112 2855 eri-

539 2897 728 2967 puisti,
751 2897 835 2952 sic
855 2904 908 2951 et
937 2910 1084 2953 nunc
1117 2910 1147 2949 a
1178 2895 1522 2965 voluptatum
1560 2895 1743 2964 spina,
1776 2894 1926 2948 velut
1949 2900 2112 2947 acuta

541 2989 743 3058 sagitta
770 2988 827 3042 in
854 2989 1099 3043 animum
1124 2987 1395 3053 immissa,
1438 2988 1615 3044 libera
1648 3001 1734 3042 me
1761 3000 1860 3057 per
1890 2998 2111 3039 manum

545 3088 692 3133 tuam
716 3078 1001 3133 intactam.

2217 2579 2479 2650 ῥυόμενος
2511 2597 2601 2652 με,
2629 2581 2720 2635 διά
2754 2579 2854 2635 σοῦ
2886 2581 3271 2654 φιλάνθρωπος
3296 2582 3617 2652 ὲπὲφανεν.

2877 2694 3014 2767 ma
3055 2697 3147 2763 cr.

2299 2806 2387 2869 Ὠς
2427 2805 2597 2861 πάλαι
2641 2806 2739 2879 τὴν
2781 2807 2875 2861 τοῦ
2920 2807 3104 2878 ἰχθύος
3155 2805 3402 2862 ἀκανθαν
3450 2809 3795 2879 ὲμπαγείσσκ

2220 2897 2296 2967 τῷ
2349 2898 2530 2970 λαιμῷ
2583 2898 2678 2952 τοῦ
2729 2899 2968 2966 παιδίου,
2999 2898 3143 2953 οὕτω
3200 2901 3293 2952 καὶ
3338 2898 3438 2954 νῦν
3496 2901 3579 2964 ὡς
3632 2903 3793 2969 ὀξεῖαι»

2223 2987 2451 3060 β[ολίδα]
2503 2990 2562 3042 ὲν
2608 2989 2687 3059 τῷ
2738 2988 2919 3059 λαιμῷ
2968 2989 3072 3058 τῆς
3114 2988 3292 3060 ψυχῆς
3347 2991 3667 3059 ἱσταμένου
3716 3009 3793 3043 σου

2168 3118 2181 3129 .
2220 3079 2321 3149 τὴν
2359 3078 2602 3133 ἄκανθαν
2661 3079 2769 3133 τῶν
2813 3077 3038 3148 ἡδονῶν,
3084 3078 3277 3135 ἀναφεί
3317 3080 3517 3151 ἐπαφῇ
3571 3097 3671 3136 σου
3724 3082 3792 3146 EE.

2225 3171 2411 3224 ἐλαυνε
2422 3209 2437 3223 .

618 3255 965 3312 Mortalitatis
988 3266 1168 3312 vestes
1190 3252 1495 3318 coriaceas,
1528 3259 1581 3307 et
1604 3250 1865 3306 interitus
1890 3263 2114 3305 sensum

2289 3260 2629 3334 Νεκρώσεως
2678 3260 3042 3331 δερματίνους
3090 3259 3331 3330 χιτῶνας
3375 3260 3480 3313 καὶ
3525 3262 3592 3314 τὸ
3644 3262 3794 3322 πάθος

548 3348 787 3413 exuisti;
836 3348 1041 3401 amictu
1095 3345 1365 3416 deposito,
1399 3343 1634 3415 gloriam
1675 3344 1904 3419 adeptus
1937 3354 2122 3411 es.per

552 3439 891 3502 nuditatem;
931 3452 1056 3491 nam
1086 3438 1266 3491 nudus
1288 3438 1355 3490 ad
1382 3437 1621 3491 tabulam
1652 3435 1910 3504 alligatus
1942 3447 2122 3502 ungu-

554 3529 621 3582 lis
661 3528 993 3583 dilaceratus
1022 3543 1081 3582 es
1109 3528 1300 3581 latera.

624 3702 802 3758 Mollis
827 3708 880 3757 et
909 3701 1122 3755 infirma
1165 3701 1365 3756 mulier
1406 3716 1713 3772 pugnarum
1761 3710 1978 3755 tuarum
2010 3703 2125 3756 vir-

558 3803 672 3849 tute
724 3795 984 3850 roborata
1025 3802 1131 3861 est,
1163 3794 1473 3850 etviriliter
1517 3792 1737 3848 hostem
1766 3794 2124 3864 repugnavit;

560 3888 764 3943 restitit
793 3887 940 3942 enim
977 3887 1060 3942 vel
1089 3886 1333 3956 periculo
1360 3885 1486 3941 vita:
1514 3887 1658 3940 malo
1701 3893 1952 3955 peccato,
1988 3900 2129 3956 prae-

559 3988 644 4036 ter
674 3988 928 4035 naturam
970 3979 1287 4033 colluetata.

632 4164 739 4231 Qui
792 4161 910 4217 vult
950 4173 1143 4214 omnes
1184 4157 1369 4212 salvos
1406 4154 1520 4210 ﬁeri
1578 4163 1634 4209 et
1676 4153 1744 4207 ad
1797 4151 2131 4223 agnitionem

561 4253 813 4310 veritatis
835 4251 1045 4313 venire,
1077 4246 1426 4302 confortatas
1457 4260 1553 4300 ore
1583 4252 1678 4299 tuo
1699 4244 1975 4306 mulieres,
1996 4255 2134 4312 quas

560 4348 716 4417 juxta
744 4343 903 4396 Pauli
934 4339 1156 4396 ell‘atum
1188 4341 1244 4392 in
1280 4336 1515 4392 vinculis
1555 4335 1835 4407 genuisti,
1866 4336 1941 4389 ita
1975 4334 2137 4391 robo-

566 4435 707 4488 ravit
737 4441 796 4487 ut
818 4428 1031 4502 gladios
1061 4438 1117 4484 et
1146 4428 1338 4499 plagas
1362 4434 1417 4482 et
1450 4426 1628 4497 ignem
1660 4426 1896 4483 adirent.

2222 3351 2324 3421 τῆς
2365 3351 2571 3422 φθορᾶς
2600 3350 2839 3416 ὲξεδύσω
2874 3350 3216 3421 καταστολὴν
3257 3350 3442 3420 ἀφεὶς,
3504 3353 3605 3404 καὶ
3656 3353 3794 3421 δέξης

2224 3444 2634 3516 ἀμφιεσάμενος
2668 3444 2757 3498 διὰ
2802 3443 3171 3515 γυμνώσεως·
3227 3443 3438 3514 γυμνὸς
3494 3446 3609 3515 γάρ
3655 3446 3792 3515 [19‘3-

2226 3552 2379 3599 πτιος
2427 3535 2605 3599 δεθεὶς
2655 3535 2754 3600 τὰς
2806 3534 3050 3605 πλευρὰς
3091 3533 3452 3605 κατεσκάφης
3515 3539 3632 3599 τοῖς
3688 3537 3791 3589 6w-

2228 3625 2335 3692 ξιν.

2296 3716 2370 3770 Τὸ
2395 3714 2590 3786 χαῦνον
2625 3714 2719 3769 καὶ
2746 3714 2971 3780 ἀσθενὲς
2994 3715 3088 3770 τοῦ
3112 3716 3322 3787 θήλεως
3351 3715 3432 3786 τῷ
3464 3718 3683 3791 περρῷ
3704 3718 3789 3770 τὼ

2231 3808 2340 3861 σῶν
2376 3807 2603 3876 ἀγώνων
2638 3807 2913 3881 ἐρρώσθη,
2946 3809 3042 3863 καὶ⁵
3075 3808 3344 3881 ἀνδρικῶς
3372 3809 3453 3880 τῷ
3478 3809 3663 3882 ἐχθρῷ
3684 3828 3789 3864 συγ-

2231 3900 2467 3969 επλάκησ
2512 3900 2877 3971 ἀντικατέστη
2911 3900 3008 3954 καλ⁸
3035 3902 3145 3972 γάρ
3178 3900 3378 3973 μέχρις
3404 3901 3646 3971 αἵματος
3676 3904 3788 3971 πρὶς

2229 3990 2330 4060 τὴν
2372 3990 2650 4062 ἁμαρτίαν
2706 3992 2975 4064 πονηρὰν,
3013 3993 3157 4065 ὑπὲρ
3206 3991 3374 4062 φύσιν
3428 3994 3791 4061 ἀνταγωνισάο

2237 4100 2419 4154 μενον.

2315 4175 2375 4229 '0
2432 4173 2601 4228 θέλων
2650 4175 2859 4239 πάντας
2912 4174 3238 4246 ἀνθρώπους
3278 4176 3524 4247 σωθῆναι
3578 4178 3673 4230 καὶ
3716 4176 3791 4230 ἐπὶ

2235 4263 2437 4334 γνῶσιν
2460 4261 2723 4332 ἀληθείας
2748 4266 2870 4329 ταῖς
2899 4267 3020 4330 σαῖς
3044 4264 3232 4335 εὐχαῖς
3260 4265 3364 4330 τὰς
3388 4268 3657 4334 γυναῖκας
3696 4284 3783 4319 cm

2240 4354 2451 4426 μώσας,
2486 4351 2555 4417 ἃς
2596 4352 2655 4405 ὲν
2676 4353 2897 4425 δεσμοῖς
2915 4354 3059 4410 κατά
3078 4354 3288 4410 Παῦλον
3316 4354 3646 4425 ἐγέννησας,
3680 4356 3791 4426 πρὸς

2239 4448 2393 4519 ξίφος
2424 4449 2523 4503 καὶ
2564 4448 2838 4521 μάστιγας
2888 4450 2987 4504 καὶ
3030 4448 3146 4519 πῦρ
3178 4447 3581 4515 ἀντιτάξασθαι
3610 4448 3791 4508 ταύτας

2242 4543 2544 4611 ἐνίσχυσεν.

638 4626 900 4695 Deiparw.
936 4654 1005 4665 —
1026 4624 1195 4680 Coelis
1218 4622 1493 4679 excelsius
1518 4622 1934 4678 tabernaculum
1963 4630 2015 4678 te
2052 4622 2114 4677 in

2316 4633 2651 4685 Θεοτόκιον.
2673 4660 2741 4671 —
2782 4630 2955 4701 ’Υπὲρ
2987 4629 3157 4698 ὕψους
3186 4627 3418 4700 οὐρανοῦ
3459 4646 3522 4681 σε
3554 4631 3789 4700 σκήνωμα

567 4720 792 4775 veniens
830 4719 881 4772 in
927 4719 1087 4773 terris
1129 4716 1255 4772 coeli
1297 4715 1581 4780 Conditor,
1626 4714 1719 4769 Dei
1768 4714 2044 4780 Genitrix,
2080 4725 2142 4767 ut

568 4825 805 4882 sponsus
841 4810 970 4865 exiit
998 4825 1064 4864 ex
1090 4808 1375 4879 splendido
1405 4807 1650 4861 thalamo
1689 4807 1896 4861 ventris
1935 4808 2036 4873 tui,
2078 4820 2143 4859 ac

569 4918 791 4958 carnem
847 4900 1044 4955 exinde
1096 4901 1200 4955 sibi
1246 4899 1545 4970 assumpsit
1582 4897 1727 4954 Deus
1779 4898 2042 4953 cmlorum
2090 4906 2144 4952 et

569 4997 749 5052 omnis
778 4995 983 5049 carnis.

987 5104 1096 5160 Ode
1146 5102 1266 5157 VII.
1300 5102 1405 5168 Qui
1434 5117 1498 5157 ea:
1525 5101 1741 5155 Judu'a.

642 5219 1055 5274 Validissimum
1111 5216 1264 5273 senis
1315 5216 1574 5269 baculum
1639 5212 1871 5283 portasti
1918 5227 2141 5268 crucem

569 5309 849 5374 divinam;
886 5308 1053 5378 virgis
1083 5322 1224 5363 caesa
1259 5314 1344 5361 est
1377 5306 1525 5373 virga
1552 5303 1771 5373 pietatis
1800 5319 1947 5359 nunc
1969 5314 2022 5360 et
2049 5305 2144 5360 ba-

570 5402 730 5467 culus
760 5408 906 5456 tuus.
943 5438 959 5453 .
987 5438 1002 5454 .
1038 5438 1052 5453 .
1082 5408 1137 5455 et
1171 5414 1256 5454 me
1285 5397 1592 5453 admonuit.

643 5577 777 5648 Lupi
811 5592 872 5633 os
908 5592 1072 5631 vorax
1105 5574 1265 5631 freno
1300 5612 1315 5627 .
1350 5615 1363 5629 .
1401 5613 1415 5627 .
1442 5572 1700 5643 praesidio
1729 5572 1930 5628 divinae
1954 5572 2144 5642 gratiae

571 5678 627 5723 ct
662 5669 976 5723 morborum
1009 5670 1224 5724 turbam
1262 5667 1660 5722 miraculorum
1689 5667 1900 5738 [uigore
1928 5667 2141 5736 disper-

570 5776 677 5833 gis.

641 5850 1009 5921 Conjicicntes
1059 5854 1112 5907 in
1150 5854 1328 5909 laeum
1365 5892 1380 5911 .
1424 5896 1437 5912 .
1474 5895 1488 5910 .
1523 5854 1807 5921 mulieres,
1859 5852 2139 5910 caelicolas

2240 4720 2268 4771 ὁ
2295 4721 2562 4791 Δομήτωρ
2593 4719 2845 4789 οὐρανοῦ,
2877 4720 3199 4790 Θεομήτωρ,
3254 4716 3432 4789 εὑρὼν
3487 4720 3547 4773 ὲν
3587 4722 3682 4789 γῇ,
3729 4718 3787 4777 ὡς

2244 4812 2481 4882 νυμφίος
2516 4812 2755 4883 προῆλθε
2802 4813 2866 4864 ὲκ
2898 4812 3220 4882 φωτοφόρου
3255 4809 3465 4863 παστοῦ
3498 4811 3597 4879 τῆς
3622 4811 3788 4879 νηδύσς

2243 4917 2360 4966 σου,
2386 4900 2485 4970 τὴν
2521 4901 2703 4972 σάρκα
2733 4900 3052 4971 νυμφεύσας
3084 4898 3265 4970 ἑαυτῷ
3292 4900 3320 4951 ὁ
3349 4898 3482 4961 Θεὸς
3519 4899 3626 4953 τῶν
3654 4902 3786 4966 sipa-

2243 4992 2347 5045 νῶν
2381 4995 2477 5045 καὶ
2498 4993 2677 5062 πάσης
2714 4992 2939 5064 σαρκός.

2567 5092 2699 5170 ’ῼδὴ
2735 5098 2812 5154 Z’.
2858 5102 2920 5153 Ol
2948 5098 3019 5152 ἐκ
3046 5097 3158 5166 τῆς
3188 5098 3509 5163 Ἰουδαίας.

2313 5210 2630 5281 Βακτηρίαν
2682 5204 3035 5280 τού’γὴραος
3078 5210 3152 5273 ὡς
3200 5209 3454 5276 δυνατὴν,
3516 5210 3681 5280 φέρων
3712 5208 3785 5261 τὸν

2244 5302 2389 5355 θεῖον
2430 5300 2701 5371 σταυρόν·
2756 5300 3093 5368 τυπτόμενος
3133 5304 3254 5362 ταῖς
3296 5300 3573 5370 ράὁδοιςή
3620 5300 3785 5368 ράὃὸος

2245 5392 2529 5457 εὐσεϐείας
2576 5392 2672 5447 νῦν
2715 5393 2811 5447 καὶ
2851 5394 2881 5464 ἡ
2932 5391 3207 5464 βακτηρία
3243 5408 3338 5444 σου
3368 5393 3488 5447 ὲ....
3536 5392 3626 5446 καὶ
3672 5409 3783 5459 παρ’

2244 5484 2505 5538 εκάλεσέν
2543 5503 2632 5555 με.

2314 5575 2496 5629 Λύκου
2531 5576 2708 5647 στόμα
2738 5576 3059 5647 παμφάγον,
3102 5574 3400 5645 χαλινῷ...
3436 5576 3658 5644 χορηγεῖ
3685 5571 3777 5639 θείᾳ

2245 5669 2432 5739 χάριτι
2490 5669 2585 5721 καὶ⁵
2652 5671 2983 5742 νοσημάτων
3048 5669 3216 5739 ἀχλὺν
3294 5665 3460 5737 αἴγλῃ
3525 5665 3773 5745 θαξμάτων

2246 5759 2415 5822 λύεις.

2316 5852 2777 5925 Συγκλεισάμεναι
2825 5853 3104 5924 λάκκῳηη
3143 5851 3438 5921 γυναῖκες,
3478 5851 3594 5912 τοὺς
3641 5849 3771 5917 9'59:-
