3874 6350
114 493 275 558 1495
1248 492 1565 551 IIYMNUS
1601 492 1679 551 IN

1841 494 2182 554 BLASIUM.
2268 543 2277 553 .
3262 503 3397 565 Ihm

112 608 339 669 νὶωνας
366 603 493 665 τοὺς
521 598 775 672 μάκαρας
798 598 1017 661 ἀθλίους
1044 598 1350 669 ἀπέφηναν,
1374 601 1467 651 καὶ
1494 599 1720 663 τούτους

1847 602 2226 671 mbecillitatis
2257 611 2585 673 arguerunt,
2615 605 2874 677 ipsosque
2912 609 3218 677 praccipites
3246 613 3385 682 deje-

116 698 207 768 τῷ
245 695 400 768 βυθῷ
444 694 850 763 καθῶρμησαν,
891 692 1173 762 Μωσαῖκῷ
1206 695 1328 745 κατ’
1354 692 1533 745 αὐτῶν
1559 709 1720 762 τερα-

1841 699 2043 755 :erunt,
2083 693 2251 749 Mosis
2277 696 2343 749 ad
2377 696 2555 753 instar
2592 698 2846 768 prodigia
2879 700 2933 753 in
2965 716 3062 756 eos
3094 703 3338 760 edentes.

117 787 481 861 τουργοῦσαι
513 786 724 856 τρόπῳ.

207 882 558 934 Θεοτόκιον.
587 876 793 928 -Ἷνα
844 874 994 945 σώσῃ
1042 875 1133 925 τὸν
1178 874 1382 942 κόσμον
1421 873 1449 923 ὁ
1488 873 1725 940 Ποιήσας

121 975 227 1025 τὸν
278 972 514 1040 κόσμον,
562 966 718 1037 ὤφθη
759 966 951 1037 βροτὸς
990 966 1084 1017 ἐπὶ
1132 967 1270 1033 γῆς’
1305 965 1401 1018 καὶ
1452 962 1560 1033 γὰρ
1603 979 1726 1016 συν·

124 1063 465 1132 ανεστράφη
494 1059 805 1129 ἀνθρώποις
853 1057 1267 1128 φιλάνθρωπος,
1310 1055 1528 1125 όραθεὶς
1556 1054 1725 1117 ὅντως

124 1154 434 1223 ἄνθρωπος
465 1154 523 1204 ἐν
559 1154 625 1221 τῇ
673 1149 862 1204 δούλου
899 1150 1081 1218 μορφῇ
1127 1146 1330 1218 μητρὸς
1365 1146 1424 1212 ἐξ
1462 1145 1723 1216 ἀπειράν-

1905 867 2173 935 Deiparw.
2207 900 2275 908 -—
2308 869 2379 925 Ut
2409 873 2583 927 salvet
2624 875 2890 929 mundum
2920 876 3156 933 Creator
3181 883 3394 950 mundi,

1826 962 2074 1017 mortalis
2097 963 2251 1019 visus
2293 971 2376 1019 est
2414 964 2467 1018 in
2514 974 2693 1027 terra;
2735 983 2857 1021 nam
2899 969 3181 1025 hominum
3216 973 3399 1030 fautor

1827 1053 2102 1122 apparuit,
2122 1069 2250 1110 vere
2272 1056 2432 1110 homo
2460 1057 2731 1125 probatus
2762 1059 2997 1114 formam
3025 1064 3253 1118 scrviex
3279 1081 3395 1120 ma-

1826 1156 1907 1203 tre
1938 1148 2154 1219 virgine
2180 1150 2475 1220 accipiens.

128 1262 292 1313 Ορϋυ.

549 1329 688 1400 ᾨδὴ
713 1331 801 1383 H'.
848 1328 1337 1393 Ἐπταπλασίως.

223 1426 317 1486 Ὠς
354 1423 494 1492 ἁγίῳ
524 1421 808 1489 Πνεύματι
836 1418 1249 1489 κουφιζόμενος,
1277 1420 1497 1484 Βλὰσιε,
1525 1418 1724 1487 λίμνης

135 1519 238 1569 ἐπὶ
272 1516 458 1567 νώτων
505 1512 763 1582 ἀσφαλῶς
815 1511 1131 1581 ὀχούμενος,
1176 1511 1423 1580 ἀτρέμας
1466 1510 1723 1574 ἐϐάδισας

136 1610 266 1661 καθ’
300 1607 476 1676 ὑγρὰν
524 1605 643 1658 ὁδὸν
674 1604 751 1674 τῷ
794 1606 979 1669 παντὶ,
1014 1604 1108 1656 καὶ
1158 1605 1249 1656 ἐπὶ
1279 1604 1485 1671 λεπτῆς
1533 1605 1726 1671 ἐπιφα-

134 1700 293 1761 νείας
349 1697 557 1749 ὑδάτων
629 1695 946 1764 κεκάθηκας
1005 1695 1238 1763 ἑδραῖος,
1284 1695 1510 1765 στερεοῦ
1582 1712 1724 1757 τινος

135 1791 334 1859 ὥσπερ
373 1789 589 1858 ἔχοντος
626 1784 849 1855 βυθόθεν
885 1785 1069 1855 ἡρέμα
1100 1801 1194 1836 σου
1229 1786 1291 1836 τὸ
1325 1776 1507 1853 σῶμα.

224 1882 582 1953 ’Υλογεώδεις
611 1880 812 1948 ἄψυχοι
845 1880 894 1930 οί
943 1878 1057 1930 θεοὶ
1086 1876 1519 1948 χρηματίζοντες
1553 1876 1723 1947 ἄρδην

2287 1329 2399 1384 Ode
2441 1328 2604 1387 VIII.
2633 1330 2918 1404 Septuplo.

1896 1415 2058 1473 Velut
2097 1429 2298 1474 sancto
2332 1420 2809 1493 Spirituadjutus,
2845 1426 3017 1494 Blasi,
3052 1446 3218 1500 super
3243 1433 3400 1490 lacus

1825 1505 2049 1560 dorsum
2083 1522 2281 1563 secure
2320 1510 2488 1575 latus,
2522 1512 2814 1570 interritus
2853 1521 3078 1573 omnino
3117 1521 3397 1577 humidam

1826 1598 1966 1651 viam
1998 1598 2302 1661 incessisti.
2330 1610 2384 1654 et
2408 1602 2647 1657 instabili
2686 1605 2739 1658 in
2768 1621 2921 1675 aqua:
2955 1614 3277 1668 summitate
3305 1615 3401 1668 lir-

1826 1688 1987 1741 miter
2016 1688 2317 1743 consedisti
2349 1730 2364 1752 ,
2402 1690 2546 1746 haud
2596 1709 2759 1750 secus
2810 1712 2876 1751 ac
2930 1699 2977 1753 si
3013 1714 3213 1771 corpus
3245 1712 3398 1759 tuum

1828 1780 2065 1849 abyssus
2100 1782 2218 1850 ipse
2239 1783 2565 1839 sustineret.

1895 1867 2100 1939 Lignea
2144 1870 2447 1926 simulacra
2501 1890 2626 1943 quae
2677 1874 2773 1931 Dei
2808 1876 3153 1939 habebantur
3181 1888 3399 1954 penitus

134 1978 457 2040 ἀπώλεσαν,
486 1974 566 2035 είς
594 1972 755 2043 βυθὸν
785 1970 1111 2035 κατέδυσαν,
1135 1970 1359 2021 κάκεῖνο
1387 1968 1720 2021 πεπόνθασιν

1841 1960 2177 2052 ηηιοτίοτυιιι,
2227 1964 2283 2017 in
2314 1966 2587 2035 gurgitem
2627 1969 2881 2026 demersa
2917 1986 3068 2041 sunt,
3122 1947 3198 2034 et-
3223 1982 3398 2052 legem

134 2072 280 2141 ὅπερ
335 2067 490 2121 αὐτοὶ
534 2064 849 2135 δεδράκασι,
886 2063 1140 2132 ῥίψαντες
1182 2062 1413 2124 πολλοὺς
1453 2060 1559 2113 ὑπὸ
1594 2062 1723 2131 Χρι-

140 2164 268 2212 στὸν
298 2157 558 2227 ποιμένα,
588 2154 664 2217 ὡς
691 2153 784 2207 νῦν
814 2152 941 2214 τοὺς
975 2150 1317 2221 στρατιώτας
1369 2150 1497 2215 τοὺς
1538 2150 1722 2214 αὐτοῖς

140 2250 497 2313 πεποιθότας,
544 2248 674 2309 τοὺς
703 2245 876 2307 ὅντως
929 2244 1325 2314 παραπλῆγας,
1371 2246 1498 2307 τοὺς
1551 2244 1721 2308 ὅντως

138 2336 408 2406 ἠλιθίους.

225 2429 353 2481 Ἐπὶ
381 2428 614 2495 ἄντυγος
660 2425 950 2489 καταπτὰς
1008 2425 1153 2488 θεῖος
1196 2425 1428 2493 ἄγγελος
1466 2425 1724 2495 ἐπικαθη-

145 2520 299 2592 μένῳ
332 2522 449 2582 τοῖς
476 2519 576 2589 τῆς
601 2518 801 2589 λίμνης
833 2517 1011 2580 ὕδασι,
1040 2516 1121 2582 τὸ,
1148 2516 1345 2587 Χαῖρε,
1386 2516 1471 2569 σοὶ⁸
1501 2516 1725 2584 φθέγγε-

141 2630 275 2677 ται,
335 2611 432 2665 καὶ
484 2608 739 2679 γλυκερῷ
795 2608 1064 2679 φιλήματι
1123 2624 1180 2659 σε
1238 2608 1571 2678 ἐπιχαρίτως
1629 2607 1725 2660 καὶ

142 2705 451 2769 ἀσπάζεται
481 2703 655 2772 λέγων
675 2701 995 2774 ’Ἄνᾶστηθι
1020 2702 1116 2754 καλ⁹
1138 2699 1335 2772 δεῦρο,
1366 2699 1724 2769 ἀπολάμϐανε

120 2797 352 2869 χαίρων
412 2795 502 2849 τὸν
556 2794 821 2863 στέφανον
860 2794 959 2865 τῆς
992 2792 1172 2864 δόξης,
1224 2793 1316 2847 τὸν
1381 2794 1463 2846 σοὶ
1507 2794 1728 2863 ήτοιμα-

284 2902 363 2940 ον.

284 2902 312 2937 ο
348 2925 363 2940 .

146 2886 343 3046 cpi-ii:
363 2975 458 3029 καὶ
509 2974 704 3044 πηλὸς,
762 2973 856 3027 καὶ
906 2973 1189 3043 βόρϐορος,
1230 2972 1588 3044 χρηματίζων
1631 2973 1727 3026 τύ-

147 3083 345 3139 ραννος
372 3067 537 3136 γήϊνα
564 3066 754 3135 φρονεῖ
782 3064 878 3118 καὶ
899 3062 1141 3135 κοσμικὰ
1164 3064 1468 3132 λογίζεται·
1494 3066 1553 3117 τὸ
1585 3064 1728 3135 μέγα

144 3154 430 3225 τεράστιον
465 3153 566 3223 τῆς
604 3150 696 3205 τοῦ
741 3151 982 3222 Χριστοῦ
1033 3152 1340 3222 δυνάμεως,
1370 3152 1591 3223 δαίμοσι
1632 3170 1727 3206 σα-

146 3248 307 3318 προῖς
348 3244 622 3307 ἀνατιθεὶς
661 3242 990 3306 ἁνιάτως....
1038 3260 1131 3295 τον
1176 3242 1280 3313 γὰρ
1323 3243 1491 3306 ὅντως
1525 3244 1724 3313 ὀνομά-

146 3338 263 3403 ζειν
300 3336 519 3407 σωτῆρα
552 3335 680 3399 τοὺς
724 3332 1187 3406 προαπολωλότας
1238 3335 1331 3387 ὑπ’
1365 3334 1609 3387 ἀσθενῶν
1636 3351 1720 3403 γο-

146 3428 306 3483 νέων.

222 3518 552 3572 Θευτόκιον.
579 3545 648 3557 --
689 3516 778 3579 Ὦς
810 3515 1059 3586 καθαρὰν
1096 3517 1436 3585 κατοικήσας
1467 3520 1568 3585 την
1609 3517 1716 3586 μή·

144 3624 284 3678 τραν
331 3622 425 3658 σου
480 3605 511 3657 ό
551 3604 897 3676 Δημιουργδς
934 3605 1035 3674 τῆς
1081 3604 1430 3676 ἀνθρωπίνης
1480 3605 1717 3674 φύσεως,

146 3699 414 3767 ἐξῴκησε,
446 3696 733 3762 Δέσποινα,
766 3696 865 3763 τὴν
907 3697 967 3749 ἐν
1002 3697 1134 3766 ήμῖν
1168 3698 1471 3768 οίκήσασαν
1501 3714 1719 3768 προπα-

145 3789 373 3860 τορικὴν
417 3788 743 3858 παρθενίαν,
772 3789 897 3851 τοὺς
920 3788 1095 3842 πάλαι
1130 3790 1343 3861 πικρῶς
1367 3790 1716 3844 ἀποικισθέν-

144 3897 245 3942 τας
274 3877 369 3931 τοῦ
418 3878 655 3947 τερπνοῦ
696 3879 1067 3950 παραδείσου,
1121 3878 1386 3949 ἐνῴκισεν
1435 3882 1494 3933 ἐν
1542 3882 1717 3947 τούτῳ

146 3974 308 4028 αὐτὸν
336 3972 772 4041 δοξολογοῦντας.

489 4082 629 4153 ’ῼδὴ
667 4081 745 4134 6'.
793 4079 1045 4145 Ἐξέστη
1075 4075 1379 4146 ἐπιτιμῶν.

228 4175 354 4229 Ἰλύῖ
388 4176 482 4227 καὶ
526 4171 775 4243 βορϐόρῳ
803 4168 1112 4240 ἁμαρτιῶν,
1146 4164 1235 4222 οἷα
1271 4171 1452 4240 χοῖρος
1486 4170 1572 4223 ἀεὶ
1611 4186 1718 4224 xm-

148 4266 469 4336 ταξάμενος,
498 4262 593 4315 καὶ
618 4261 710 4313 τὸν
740 4260 906 4331 ὑγρὸν
949 4259 1083 4330 βίον,
1113 4259 1213 4331 τὴν
1263 4261 1496 4327 ῥέουσαν
1523 4262 1716 4333 ἡδονὴν

145 4358 374 4419 διώκων,
413 4353 685 4425 ἇρπασμα
734 4351 1039 4423 πρόκειμαι
1076 4348 1154 4419 τῷ
1204 4349 1354 4419 λύκῳ
1399 4349 1477 4419 τῷ
1514 4353 1715 4422 νοητῷ,

146 4446 308 4500 αὑτοῦ
335 4444 469 4498 θεοῦ
496 4443 827 4513 θεράποντος
855 4444 953 4512 τῆς
974 4440 1149 4512 θήρας
1177 4439 1485 4510 ἐξελοῦμαι,
1506 4442 1716 4513 μήποτε

150 4536 342 4608 βρῶμα
371 4535 575 4587 τούτων
598 4532 869 4601 γένωμαι.

1826 2050 2118 2107 subierunt
2174 2069 2341 2123 quam
2372 2069 2697 2125 posuerant,
2749 2065 2937 2119 multis
2983 2068 3051 2121 ad
3113 2050 3399 2129 Christum

1824 2150 2101 2213 pastorem
2136 2145 2379 2215 rejectis,
2412 2148 2490 2203 ita
2521 2156 2580 2203 ut
2617 2152 2822 2208 milites
2846 2158 2941 2224 qui
2972 2158 3111 2227 ipsis
3132 2163 3401 2222 inservie-

1824 2233 1977 2300 bant,
1999 2244 2097 2290 aut
2119 2246 2347 2308 stupore
2379 2248 2474 2294 aut
2505 2242 2709 2299 rubore
2745 2247 3175 2306 conﬁcerentur.

1892 2411 2074 2471 Lacus
2106 2416 2272 2471 undis
2320 2419 2652 2476 insidentem
2701 2423 2926 2483 divinus
2957 2430 3187 2499 angelus
3219 2434 3399 2493 valere

1816 2504 1999 2574 jubet,
2032 2516 2086 2562 et
2118 2507 2269 2563 dulci
2302 2512 2498 2567 osculo
2555 2514 2861 2581 blanditur,
2908 2534 2973 2575 ac
3022 2537 3192 2580 curru
3227 2534 3278 2582 te
3307 2544 3398 2585 re.

1823 2596 2036 2665 cipiens
2066 2598 2203 2653 dicit
2235 2618 2247 2653 :
2284 2601 2533 2673 Assurge
2565 2615 2620 2660 et
2650 2609 2799 2675 veni,
2836 2611 3027 2682 accipe
3057 2613 3213 2673 laetus
3241 2632 3401 2674 coro-

1827 2700 1951 2740 nam
1985 2688 2177 2760 gloriae
2206 2707 2328 2762 quae
2356 2694 2452 2749 tibi
2475 2704 2669 2766 parata
2701 2707 2808 2757 est.

1897 2948 2089 3015 Terra,
2123 2966 2365 3019 omnum,
2387 2963 2441 3009 et
2463 2954 2629 3013 limus
2652 2974 2667 3025 ;
2691 2959 2784 3027 qui
2817 2970 3047 3016 voratur
3070 2981 3162 3020 rex
3181 2973 3399 3024 terrena

1827 3038 1996 3092 sentit
2030 3047 2084 3091 et
2112 3041 2391 3095 mundana
2418 3044 2645 3114 cogitat.
2670 3045 2867 3118 Magno
2896 3052 3149 3123 prodigio
3175 3057 3401 3116 virtutis

1806 3126 2036 3185 ‘Christi
2062 3141 2249 3201 turpes
2279 3132 2558 3192 daemones
2584 3136 2835 3195 funditus
2861 3144 3158 3211 perdidisti
3191 3188 3202 3202 .
3236 3189 3250 3203 .
3282 3188 3297 3203 .
3333 3189 3349 3206 .
3383 3190 3397 3206 .

1828 3234 1953 3274 vere
1981 3236 2180 3278 vocare
2212 3225 2542 3281 salvatorem
2578 3229 2673 3298 qui
2706 3230 2775 3286 ab
2805 3231 3043 3291 intlrmis
3077 3240 3400 3306 parentibus

1750 3280 1793 3335 ο
1828 3308 2073 3365 damnati
2094 3312 2335 3369 fuerant.

1889 3486 2153 3555 Deiparte.
2188 3519 2261 3530 -—
2291 3490 2773 3556 Quemadmodum
2815 3498 2908 3567 qui
2943 3497 3218 3569 integrum
3245 3513 3399 3560 tuum

1819 3584 2037 3631 uterum
2090 3579 2356 3635 habitavit
2410 3581 2665 3641 humana:
2697 3597 2909 3643 natura;
2936 3590 3227 3660 Conditor,
3256 3598 3399 3665 pris-

1821 3666 1991 3722 tinam
2029 3671 2335 3739 qurenobis
2376 3673 2555 3729 inerat
2587 3676 2962 3748 integritatem
2999 3686 3266 3755 restituit,
3300 3690 3396 3756 ita,

1820 3770 1950 3814 sunt
2002 3760 2138 3816 illuc
2226 3764 2355 3819 olim
2389 3780 2457 3819 ex
2511 3769 2891 3829 amantissimo
2944 3777 3201 3841 paradiso
3230 3779 3412 3848 ejecti,

1818 3848 2169 3919 Domina,qui
2182 3851 2400 3906 reduxit
2431 3854 2611 3921 ipsum
2635 3857 3007 3915 celebrantes.

2127 4049 2239 4105 Ode
2267 4049 2369 4104 IX.
2407 4049 2635 4106 Exstt'tit
2672 4056 3077 4123 reprehendens.

1886 4140 2048 4196 Limo
2072 4150 2128 4197 et
2152 4156 2312 4196 emno
2343 4151 2696 4213 peccatorum
2721 4162 2819 4201 ceu
2853 4163 3054 4217 porcus
3077 4152 3391 4226 indulgens,

1818 4244 1872 4289 et
1901 4235 2072 4288 vitam
2129 4234 2403 4290 lubricam
2452 4243 2508 4292 et
2550 4238 2885 4309 voluptatem
2936 4242 3222 4314 fugitivam
3266 4249 3395 4305 aﬂ‘e-

1819 4337 1999 4391 ctans,
2022 4326 2206 4396 prada
2238 4327 2441 4384 habeor
2472 4329 2587 4399 lupi
2622 4332 2931 4400 spiritalis;
2967 4333 3060 4390 Dei
3079 4338 3339 4406 presidio
3363 4355 3394 4395 a

1821 4417 1935 4473 fera
1971 4418 2176 4475 liberer
2199 4435 2269 4474 ne
2296 4421 2458 4477 istius
2485 4422 2748 4490 pabulum
2779 4423 3003 4481 elIiciar.

133 4640 138 4677 ⁵
228 4647 427 4718 Ὠραῖοί
471 4664 565 4699 σου
597 4646 645 4697 οἱ
686 4645 866 4712 πόδες,
895 4643 1183 4716 ἱερουργέ·
1223 4645 1319 4714 τὴν
1349 4646 1574 4716 εἰρήνην
1609 4646 1717 4717 γὰρ

1892 4628 2135 4699 Speciosi
2171 4629 2339 4699 pedes
2360 4630 2461 4696 tui,
2486 4629 2868 4698 sanctissime;
2903 4647 3027 4684 nam
3064 4648 3250 4700 pacem
3273 4650 3405 4703 qum

146 4741 245 4810 τὴν
270 4737 643 4809 ὑπερέχουσαν
676 4735 895 4789 ἅπαντα
921 4735 1070 4799 νοῦν,
1106 4737 1202 4790 καὶ
1236 4735 1307 4789 τὰ
1337 4737 1477 4807 ὑπὲρ
1508 4735 1717 4791 ἔννοιαν

148 4830 325 4901 ἀγαθὰ
367 4827 728 4896 εὐαγγελίσω,
758 4827 980 4892 Βλάσιε,
1014 4825 1220 4897 βήματι
1261 4827 1546 4898 τυράννου,
1579 4846 1720 4899 παρ-

150 4920 392 4991 εστηκὼς
424 4922 482 4973 ἐν
514 4920 671 4972 ὓδασι
703 4918 920 4982 πολλοῖς
950 4936 1008 4971 τε
1059 4917 1156 4981 τὰς
1201 4917 1422 4989 τρίϐους
1453 4920 1714 4991 ἐποιήσω,

150 5013 240 5069 καὶ
266 5012 365 5064 οὐκ
399 5008 755 5078 ἐγνώσθησαν
793 5008 860 5061 τὰ
899 5008 1019 5078 ἴχνη
1058 5025 1174 5062 σου.

220 5125 326 5178 Καὶ
386 5122 611 5187 ἔπνιξας
659 5120 867 5190 ἀγχόνῃ
913 5119 1024 5172 τῶν
1061 5120 1325 5189 νηστειῶν
1380 5121 1717 5192 λαιμαργίαν

154 5214 352 5284 θηρίων
401 5211 723 5281 ἀκόρεστον,
764 5208 1000 5262 σκύλλαν
1054 5209 1282 5279 πικρὰν,
1335 5208 1502 5281 ὕδραν
1550 5211 1716 5264 πολυ-

152 5304 403 5373 κέφαλον,
441 5301 710 5371 μυθικήν*
745 5299 995 5352 ἐντεῦθεν
1026 5300 1184 5370 χάριν
1208 5299 1441 5369 εἴληφας
1474 5301 1541 5355 τὰ
1581 5305 1718 5356 κατά

151 5400 238 5452 τὸν
267 5395 489 5467 θώρακα
540 5395 636 5448 καὶ
679 5392 877 5462 λαιμὸν
921 5392 1246 5463 πηγνύμενα
1284 5394 1447 5446 ὀστέα
1478 5391 1719 5458 ἐξέλκειν

152 5487 429 5551 ἀνωδύνως
455 5485 576 5557 θεία
609 5482 955 5556 προσψαύσει
988 5482 1095 5537 τῶν
1132 5484 1399 5553 λειψάνων
1436 5503 1551 5539 σου.

221 5731 239 5750 .
260 5732 274 5746 .
298 5728 313 5747 .
335 5730 350 5745 .
380 5689 532 5752 ὁδους
564 5687 812 5758 διαρτίας
843 5682 1164 5756 μεταλαχὼν
1198 5685 1519 5755 ἐπαλλήλοις
1551 5686 1719 5738 πάλαι

154 5783 472 5852 νοσήμασιν,
494 5779 669 5831 ἕλκων
696 5776 843 5847 ζωὴν
872 5773 1359 5843 πολυπαθεστάτην
1394 5774 1486 5826 καὶ
1515 5775 1721 5844 μοχθη-

159 5877 252 5946 ράν
272 5889 284 5903 ο
314 5874 374 5928 τὸ
404 5871 511 5942 γὰρ
546 5872 644 5941 τῆς
671 5868 822 5939 ὕλης.
849 5906 863 5923 .
890 5906 903 5920 .
933 5905 947 5921 .
974 5883 1100 5921 κτον
1130 5864 1361 5919 πάντοτε
1393 5865 1711 5934 φερόμενον,

1819 4728 2117 4791 exsuperat
2142 4736 2360 4774 onmem
2387 4735 2637 4786 sensum,
2665 4729 2719 4774 et
2754 4736 2990 4790 superna
3027 4722 3166 4777 bona
3196 4723 3394 4792 przedi-

1820 4814 1981 4878 casti,
2016 4812 2203 4879 Blasi;
2254 4826 2443 4867 coram
2480 4827 2626 4883 rege,
2669 4812 2813 4866 viam
2872 4813 2971 4867 tibi
3004 4829 3174 4883 super
3222 4828 3395 4884 aquas

1820 4902 2053 4972 parasti,
2084 4918 2186 4958 nec
2228 4909 2605 4973 apparuerunt
2640 4903 2862 4974 vestigia
2895 4914 3006 4958 tua.

1891 5098 2115 5169 Laqueo
2166 5099 2523 5168 strangulasti
2585 5098 2958 5154 insatiabilem
3024 5103 3392 5157 esurientium

1824 5189 2067 5245 ferarum
2129 5190 2453 5260 ingluviem,
2512 5190 2738 5261 scyllam
2785 5191 3110 5257 terribilem,
3166 5193 3392 5263 hydram

1816 5283 1974 5353 juxta
2022 5281 2236 5337 fabulas
2289 5282 2478 5335 multis
2537 5281 2811 5351 capitibus
2856 5280 3217 5349 inSIructam;
3253 5283 3396 5338 unde

1824 5378 2058 5445 gratiam
2126 5374 2395 5444 accepisti
2454 5388 2580 5428 ossa
2619 5374 2828 5444 absque
2865 5374 3054 5428 dolore
3087 5374 3397 5445 expellendi

1822 5468 2039 5537 pectori
2072 5473 2125 5520 et
2158 5465 2366 5536 gutturi
2418 5465 2607 5531 inﬁxa,
2655 5465 2844 5520 divino
2880 5466 3244 5536 reliquiarum
3276 5475 3395 5521 tua-

1825 5575 1946 5613 rum
1970 5567 2252 5613 contactu.

1897 5716 1911 5729 .
1954 5714 1967 5727 .
2004 5712 2016 5727 .
2052 5712 2065 5725 .
2102 5712 2114 5724 .
2153 5709 2167 5725 .
2203 5711 2216 5725 .
2245 5671 2530 5726 continuis
2579 5670 2690 5739 jam
2726 5668 2937 5739 pridem
2995 5670 3205 5724 morbis
3257 5669 3409 5724 alllim

1826 5777 1968 5831 ctus,
1990 5765 2157 5818 vitam
2186 5763 2346 5817 traho
2372 5761 2737 5815 miserrimam
2762 5770 2813 5815 ct
2836 5760 3237 5815 difﬁcillimam.
3260 5758 3407 5812 Nam.

1826 5861 2077 5921 carnales
2128 5855 2359 5911 allectus
2413 5854 2520 5908 huc
2585 5853 2825 5923 indeque
2869 5852 3036 5907 invita
3071 5861 3249 5907 mente
3285 5850 3403 5917 agit
