3874 6350
490 501 625 567 14⁸1⁷1

1929 463 2303 529 ADDENDA.

3684 448 3810 509 Ῑὲίῖὶε

488 617 609 677 tati,
643 624 732 665 me
764 599 1210 661 circumveniunt
1261 592 1734 667 Opprimuntque;
1778 584 2062 641 doloribus

2189 573 2502 647 πλημμελῶς
2526 570 2622 625 τού
2645 558 2763 634 νοῦ,
2792 566 3074 637 πολιορκεῖ
3100 581 3190 634 με,
3214 561 3479 634 σφοδρῶς
3512 575 3607 630 με
3644 575 3801 611 2.1::-

492 700 679 757 multis
701 695 942 753 crucior.

559 789 712 856 Alios
743 783 976 841 sanandi
1010 782 1064 837 vi
1108 778 1336 850 gaudes,
1372 773 1624 846 prodigia
1669 766 1933 841 operandi
1958 765 2070 819 vir-

491 887 663 933 tutem
699 891 729 930 a
766 876 876 930 Deo
899 875 1156 943 adeptus,
1192 867 1477 939 praemium
1514 862 1816 917 illustrium
1849 865 2069 911 tuorum

491 970 856 1029 certaminum
880 967 1207 1035 ;vulnerum
1237 971 1487 1016 tumores
1517 964 1571 1012 et
1596 952 1832 1025 gutturis
1860 947 2073 1004 inﬂam-

493 1064 765 1118 mationes
792 1062 911 1116 sine
950 1059 1142 1114 dolore
1173 1052 1500 1123 restinguis,
1549 1058 1891 1119 prorsusque
1922 1040 2071 1095 tollis

494 1156 704 1227 potenti
736 1163 828 1208 tua
869 1166 1025 1206 cura.

564 1246 739 1311 Quam
764 1242 997 1298 Domino
1026 1235 1317 1309 profudisti
1345 1245 1583 1302 precem,
1612 1229 1795 1291 Pater,
1830 1231 2075 1292 tempore

496 1333 755 1389 interitus
796 1330 900 1395 tui,
937 1337 990 1383 et
1029 1339 1179 1380 nunc
1212 1321 1483 1393 profunde
1530 1328 1593 1372 ut
1645 1318 2074 1370 intercessorem

493 1436 549 1482 te
592 1425 901 1479 habeamus
948 1419 1046 1490 qui
1101 1428 1153 1472 te
1199 1417 1556 1475 invocamus;
1607 1407 1685 1463 Te
1730 1405 2076 1461 inveniamus

497 1517 884 1573 auxiliatorem
914 1521 967 1567 et
995 1510 1351 1565 liberatorem
1384 1505 1439 1557 in
1471 1501 1781 1563 doloribus,
1805 1498 1860 1551 in
1885 1509 2078 1550 neces-

498 1608 779 1669 sitatibus,
811 1606 866 1658 in
898 1601 1129 1666 morbis,
1158 1600 1212 1653 in
1256 1596 1540 1666 periculis,
1572 1594 1629 1646 in
1658 1586 2076 1647 discriminibus

498 1710 551 1755 et
582 1694 1090 1754 vicissitudinibus.
1838 1722 1845 1725 .

567 1788 835 1855 Πείρου-ιε.
865 1812 937 1823 —-
968 1780 1309 1835 Salvatorem
1342 1784 1395 1830 et
1425 1774 1713 1827 Dominum
1751 1778 1806 1825 et
1848 1768 2078 1823 Libera-

2169 667 2389 739 τρύχον,
2435 663 2661 725 πολλαῖς
2689 660 2926 723 ὠδύναις
2954 657 3116 712 ἁπολ.
3134 698 3146 711 .
3170 699 3184 712 .
3209 695 3224 711 .

2241 759 2363 813 Τῶν
2402 756 2652 827 ἰαμάτων
2685 754 2828 823 ἔχων
2863 751 3047 822 πηγὴν
3078 749 3152 811 ὡς
3183 748 3497 817 θαυμάτων
3545 743 3802 813 πλουτή-

2174 868 2272 914 σας
2304 848 2586 920 ἐνέργειαν
2615 846 2710 897 ἐπὶ
2737 841 2895 908 Θεοῦ,
2920 840 3151 894 ἔπαθλον
3176 838 3290 893 τῶν
3315 838 3510 892 άθλων
3544 851 3662 888 σου
3697 836 3803 888 τὲτ

2174 940 2410 1005 σεπτῶν,
2453 938 2522 991 τά
2569 936 2679 990 τῶν
2710 934 2971 1006 τρώσεων
3018 930 3421 1001 αιρῤώματα,
3452 926 3571 981 καὶ
3604 926 3724 988 τὰς
3752 927 3805 977 ξι

2173 1031 2249 1101 τῷ
2276 1030 2513 1101 λάρυγγι
2561 1026 2873 1097 φλεγμονὰς
2915 1023 3215 1093 μαλάσσεις
3250 1018 3599 1083 ἀνωδύνως,
3647 1034 3803 1087 σκορ-

2174 1121 2355 1185 πίζεις
2385 1118 2690 1189 λεληθότως
2715 1115 3066 1176 ἐπιστασίαις
3099 1128 3250 1165 σου..
3272 1150 3289 1164 .
3316 1150 3330 1165 .
3352 1108 3657 1163 κώδεσιν.

2250 1214 2353 1264 Ἦν
2396 1209 2547 1280 ηὔξω
2589 1208 2668 1279 τῷ
2718 1206 2990 1278 Δεσπότῃ,
3023 1204 3231 1272 Πάτερ,
3263 1200 3438 1270 εύχὴν
3492 1201 3567 1251 ἐν
3615 1198 3801 1267 καιρῷ

2175 1302 2253 1372 τῷ
2282 1301 2379 1373 τῆς
2411 1300 2512 1369 σῆς
2549 1297 2900 1361 τελειώσεως,
2937 1295 3099 1364 εὔχου
3129 1292 3227 1346 καὶ
3266 1290 3388 1355 νῦν,
3424 1290 3602 1352 ὅπως
3644 1290 3799 1341 ἀντι-

2176 1392 2423 1462 λήπτορα
2471 1388 2685 1459 ἔχωμεν
2713 1389 2765 1440 οί
2816 1386 2878 1440 σὲ
2910 1383 3369 1452 ἐπικαλούμενον
3422 1381 3681 1450 ἔχοιμεν
3708 1380 3799 1431 καὶ

2180 1484 2384 1553 ρύστην
2415 1480 2510 1533 καλ⁸
2545 1477 2738 1548 βοηθὸν
2779 1478 2837 1529 ὲν
2872 1474 3093 1537 λύπαις,
3122 1472 3184 1524 ὲν
3232 1470 3518 1537 ἀνάγκαις
3540 1509 3560 1531 ,
3612 1471 3677 1521 ἐν
3710 1468 3795 1520 νέ-

2181 1595 2315 1642 σοις,
2342 1578 2398 1629 ὲν
2431 1573 2722 1637 κινδύνοις,
2757 1570 3046 1639 διαφοραῖς
3076 1568 3171 1620 καὶ
3195 1566 3649 1637 περιστάσεσιν.

2250 1754 2581 1810 Θεοτόκιογ.
2620 1780 2690 1790 —-
2743 1747 2975 1817 Σωτῆρα
3022 1746 3118 1798 καὶ
3172 1744 3460 1812 Δεσπότην
3519 1743 3635 1795 καὶ
3683 1746 3787 1795 Ae-

498 1889 670 1934 torem
698 1892 818 1947 quae
850 1880 1044 1944 praeter
1078 1878 1337 1933 mentem,
1379 1878 1433 1923 et
1462 1867 1756 1928 rationem,
1791 1871 1846 1918 et
1868 1863 2071 1933 cogita-

2189 1847 2392 1919 ιρωτὴν
2425 1846 2565 1915 ὑπὲρ
2593 1842 2755 1909 λόγον
2786 1841 2880 1892 καὶ
2907 1837 3031 1891 νοῦν
3062 1838 3157 1889 καὶ
3181 1837 3458 1900 διάνοιαν,
3500 1835 3783 1896 πάθος...

501 1925 670 1934 ·ν·ν·-·
702 1925 816 1947 *ι’-τ-
851 1925 1003 1944 ιν---νε
1325 1925 1336 1933 ι
1744 1925 1752 1928 -
1938 1925 1964 1933 ν

499 1970 705 2023 tionem
724 1964 1019 2021 carnaliter
1034 1960 1299 2033 genuisti,
1318 1957 1573 2023 Domina,
1593 1956 1663 2009 ab
1686 1953 1972 2008 aﬂectibus
1989 1965 2071 2006 me

2189 1941 2471 2002 Δέσποινα,
2505 1933 2744 1988 τεκοῦσα
2777 1927 3129 1999 σωματικῶς,
3162 1930 3226 1981 ὲκ
3254 1928 3366 1981 τῶν
3423 1927 3641 1979 παθῶν
3691 1945 3783 1996 μου

499 2060 673 2113 libera
704 2054 955 2124 corporis
988 2060 1043 2108 et
1095 2051 1289 2117 animi;
1318 2048 1603 2104 circumda
1646 2045 1774 2098 mihi
1812 2042 2071 2097 amictum

499 2149 671 2203 divini
701 2145 923 2211 auxilii;
974 2143 1122 2200 salva
1161 2156 1269 2207 me,
1321 2139 1487 2207 Virgo
1530 2134 1719 2189 mundi
1768 2132 2073 2187 liberatrix.

510 2357 662 2368 ...ι-

1384 2487 1478 2572 S.
1578 2480 2092 2574 JOANNIS

2183 2026 2346 2099 ῥῦσαί
2402 2043 2467 2097 με
2510 2025 2623 2078 τῶν
2678 2019 3008 2093 σωματικῶν
3040 2020 3134 2072 καὶ
3173 2019 3287 2073 τῶν
3338 2018 3656 2089 ψυχικῶν·
3702 2024 3785 2072 xz‘:

2180 2122 2331 2181 θείας
2362 2116 2613 2188 βοηθείας
2643 2114 2837 2184 στολὴν
2866 2109 3262 2183 περιϐαλοῢσα,
3288 2110 3477 2166 σῶσόν
3510 2129 3613 2182 με,
3632 2112 3781 2181 Κόρη

2185 2209 2628 2281 κοσμοσώτειρα.

704 2319 3744 2365 ________________________________________._..

2205 2475 2867 2565 DAMASCENI

901 2697 1884 2828 FRAGMENTA
1945 2696 2101 2819 IN
2220 2694 2349 2822 S.
2416 2674 3410 2822 MATTHZEUM

1309 2932 1432 3005 (Ex
1490 2934 1692 2989 Catena
1760 2932 1965 3015 Nicete:
2027 2930 2213 2988 Bauli.
2278 2930 2533 2985 Corderio
2595 2930 2954 3000 interprete.)

498 3191 628 3247 CAP.
659 3185 780 3251 XII,
839 3186 890 3238 1.
925 3201 945 3237 ι
984 3182 1041 3236 In
1072 3182 1171 3235 illo
1196 3190 1447 3251 tempore
1473 3178 1612 3234 abiit
1646 3177 1809 3234 Jesus
1835 3195 1931 3248 per
1954 3188 2071 3235 sata

2253 3198 2281 3251 li
2310 3180 2398 3232 Ἐν
2423 3176 2745 3251 ἐκείνῳμτῷ
2792 3176 2971 3251 καιρῷ
3016 3175 3287 3251 ἐπορεύθη
3336 3178 3364 3228 ὁ
3396 3175 3633 3251 “Insui;
3652 3183 3763 3251 _‘:o?._;

574 3249 813 3313 Sabbato
848 3273 860 3308 :
901 3252 1158 3321 discipuli
1187 3258 1369 3305 autem
1401 3249 1521 3321 ejus
1555 3251 1873 3305 esurientes
1891 3263 2076 3321 cmpe-

572 3334 700 3381 runt
729 3325 929 3380 vellere
960 3318 1168 3391 spicas,
1195 3329 1250 3375 et
1279 3320 1589 3374 comedere.
1637 3338 1655 3369 ι
1986 3318 2017 3321 "

598 3479 663 3534 Et
702 3491 893 3532 servus
921 3482 1070 3537 tuus,
1100 3473 1303 3542 inquit,
1327 3481 1378 3526 et
1400 3472 1687 3541 subjugale
1738 3474 1791 3527 in
1833 3474 2076 3529 Sabbato

505 3570 854 3639 requiescet:
928 3565 980 3618 id
1060 3572 1174 3626 est,
1215 3563 1270 3615 in
1330 3562 1716 3617 liebdomadali
1786 3564 1888 3618 bac
1938 3565 2072 3629 vita,

502 3659 791 3730 subjugale
830 3656 1056 3726 quidem
1113 3654 1278 3723 quasi
1331 3667 1537 3722 corpus
1569 3668 1597 3707 a
1648 3655 1913 3710 servitute
1947 3671 2075 3725 pec-

498 3751 613 3806 cati
669 3748 1023 3819 requiescet,
1080 3743 1289 3799 divinis
1339 3752 1524 3800 autem
1579 3745 1852 3800 mandatis
1897 3746 2073 3802 inser-

501 3841 651 3907 vict;
686 3842 768 3894 ira
792 3853 927 3894 vero
970 3845 1025 3891 et
1056 3836 1534 3904 concupiscentia,
1572 3843 1838 3907 tanquam
1881 3854 2075 3894 servus

502 3930 831 3999 requiescet,
881 3927 995 3981 Deo
1047 3933 1231 3980 autem
1277 3924 1822 3993 vacarejubebitur:
1868 3941 2074 3983 concu-

501 4020 775 4092 piscentia
829 4018 1057 4088 quidem
1117 4015 1301 4071 omnis
1335 4014 1403 4069 ad
1460 4014 1631 4070 Deum
1675 4017 1947 4083 tendens,
1992 4019 2074 4072 ira

502 4128 652 4177 vero,
678 4118 872 4166 contra
906 4124 1003 4165 eos
1031 4107 1126 4179 qui
1159 4106 1325 4163 Deum
1357 4114 1701 4177 oppugnant,
1733 4116 1949 4163 armata
1973 4110 2072 4181 (1).

504 4346 513 4351 ,
571 4288 737 4343 XVII.
795 4287 849 4341 2.
889 4302 908 4337 ι
967 4282 1035 4336 Ει
1086 4281 1518 4351 transﬁguratus
1548 4289 1635 4335 est
1672 4290 1799 4337 ante
1835 4297 1953 4338 eos.
2009 4283 2076 4338 Et

501 4376 846 4449 resplenduit
910 4373 1083 4433 facies
1157 4371 1279 4441 ejus
1362 4372 1510 4426 sicut
1559 4372 1679 4437 sol;
1744 4373 2075 4430 vestimenta

503 4477 684 4523 autem
715 4466 840 4535 ejus
872 4464 998 4519 alba
1031 4463 1179 4517 facta
1223 4471 1373 4525 sunt,
1402 4462 1551 4518 sicut
1582 4464 1695 4517 nix.
1734 4481 1751 4514 ι

571 4557 1023 4629 Transﬁguratur
1067 4555 1364 4618 Dominus,
1416 4570 1526 4609 non
1582 4557 1728 4626 quod
1784 4570 1897 4610 non
1951 4565 2069 4612 erat

501 4665 817 4716 assumens,
867 4648 964 4705 sed
1014 4647 1163 4717 quod
1218 4656 1339 4703 erat
1382 4647 1688 4703 ostendens
1740 4647 2065 4719 discipulis:

499 4753 554 4798 et
583 4743 834 4812 splendet
883 4741 1056 4795 facies
1106 4738 1231 4809 ejus
1266 4738 1412 4794 sicut
1463 4740 1544 4793 sol
1583 4739 1751 4805 (luce
1789 4739 1932 4793 enim
1962 4739 2070 4793 alia

500 4833 758 4889 clarescit
786 4832 1089 4888 secundum
1130 4831 1504 4901 hypostasim)
1533 4848 1549 4897 ;
1584 4831 1732 4886 sicut
1766 4832 1858 4886 nix
1886 4840 2069 4887 autem

500 4926 791 4981 albescunt
858 4923 1164 4979 secundum
1234 4920 1481 4975 Marcum
1536 4922 1664 4993 ejus
1716 4924 2070 4991 vestimenta,

500 5017 737 5072 amictus
770 5016 918 5072 enim
950 5014 1144 5069 habitu
1188 5012 1559 5084 gloriﬁcatur,
1591 5029 1700 5070 non
1731 5015 1933 5070 unione
1966 5015 2070 5085 ιιγ⁴

501 5109 792 5179 postatica.
826 5107 900 5164 Ut
949 5122 1080 5162 vero
1113 5106 1217 5170 sol,
1258 5121 1404 5160 unus
1447 5120 1572 5159 cum
1603 5105 1697 5171 sit,
1735 5107 1871 5161 duas
1902 5106 2067 5161 habet

499 5201 867 5266 substantias,
919 5200 1132 5255 scilicet
1168 5212 1330 5252 unam
1381 5197 1545 5263 lucis,
1585 5212 1706 5265 quae
1731 5199 1887 5265 prior
1918 5197 2067 5252 facta

497 5302 601 5357 est,
653 5301 710 5347 et
762 5292 993 5345 alteram
1051 5288 1304 5358 corporis
1360 5288 1646 5343 creatione
1695 5288 2063 5356 posterioris;

500 5398 599 5452 per
631 5393 805 5438 totum
849 5390 1034 5437 autem
1086 5396 1293 5451 corpus
1325 5381 1414 5434 lux
1446 5394 1556 5433 non
1596 5378 1815 5433 divisim
1848 5381 2061 5449 unitur,

499 5489 563 5529 ac
600 5489 834 5545 corpore
893 5481 1148 5528 manente
1175 5472 1283 5540 ,lux
1325 5470 1586 5526 omnibus
1620 5477 1782 5524 teme
1813 5473 2067 5541 partibus

2176 3250 2420 3303 Σάϐϐασι
2471 3247 2558 3300 διὰ
2588 3245 2724 3299 τῶν
2759 3245 3044 3315 σπορίμων
3072 3286 3087 3309 ,
3129 3248 3181 3298 oi
3209 3245 3266 3298 δὲ
3311 3245 3558 3314 μαθηταὶ
3602 3248 3763 3300 αὐτοῦ

2177 3319 2492 3441 Ξξδὲνανσαν,
2572 3316 2670 3369 καὶ
2742 3315 2978 3386 ἧρξαντο
3048 3315 3247 3369 τίλλειν
3316 3317 3604 3385 στάχυας,
3676 3320 3763 3370 καὶ

2303 3406 2351 3440 ει
2391 3428 2404 3442 .
2448 3406 2468 3440 ι

2246 3481 2356 3533 Kal.
2385 3476 2618 3541 ὀδοῦλός
2674 3494 2793 3542 σου,
2823 3477 2978 3547 φησὶ,
3032 3478 3127 3530 καὶ
3148 3478 3209 3530 τὸ
3269 3477 3569 3545 ὑποζύγιον
3601 3482 3660 3533 ὲν
3689 3482 3758 3550 τῷ

2176 3569 2437 3639 Σαϐϐάτῳ
2492 3567 2942 3639 άναπαυθήσεται
2969 3583 2983 3598 ·
3013 3566 3312 3631 τουτέστιν,
3371 3570 3429 3620 ἐν
3485 3568 3565 3638 τῷ
3620 3571 3758 3624 ἑϐδο-

2179 3660 2393 3733 ματικῷ
2449 3658 2623 3731 τούτῳ
2675 3658 2774 3729 βίῳ
2807 3674 2822 3687 ·
2852 3657 2929 3721 ὡς
2988 3658 3086 3727 μὲν
3151 3658 3450 3728 ὑποζύγιον
3498 3660 3558 3713 τὸ
3604 3662 3754 3731 σῶμα

2175 3752 2276 3821 τῆς
2331 3752 2577 3815 δουλείας
2626 3753 2728 3821 τῆς
2774 3749 3049 3821 ἁμαρτίας
3099 3748 3442 3819 παυθήσεται
3477 3769 3494 3783 ο
3542 3755 3665 3816 ταῖς
3704 3755 3752 3806 δι

2128 3890 2133 3893 .
2177 3845 2347 3907 θείαις
2411 3843 2659 3905 ἐντολαῖς
2722 3842 3233 3913 ὲξυπηρετήσεται·
3275 3841 3352 3905 ὡς
3407 3844 3467 3896 δὲ
3527 3845 3751 3908 δοῦλοςὸ

2179 3936 2349 4007 θυμὸς
2402 3937 2498 3989 καὶ
2527 3934 2815 4003 ἐπιθυμία,
2837 3936 2936 4005 τῆς
2970 3936 3067 4005 μὲν
3087 3935 3367 4006 ἁμαρτίας
3398 3936 3750 4005 καταπαυθήο

2180 4043 2349 4089 σεται,
2377 4025 2451 4095 τῷ
2481 4025 2538 4078 δὲ
2568 4023 2688 4094 Θεῴ
2745 4023 3027 4092 σχολάζειν
3076 4022 3519 4093 ἐπιτραπήσεται
3541 4041 3556 4053 ·
3589 4026 3625 4093 ἠ
3658 4024 3746 4093 μὲν

2177 4116 2441 4186 ἐπιθυμία
2499 4116 2634 4186 πρὸς
2684 4114 2817 4168 Θεὸν
2871 4115 3061 4169 ἆπασα
3112 4115 3746 4186 τεινομένη,ὀδὲθυμοκ

2177 4210 2318 4264 κατὰ
2337 4209 2443 4262 τῶν
2474 4207 2568 4262 τοῦ
2589 4205 2725 4260 Θεοῦ
2755 4205 3093 4276 δυσμενειῶν
3122 4206 3509 4275 ὀπλιζόμενος.

2251 4320 2268 4352 ι
2303 4300 2411 4352 Kal
2442 4296 2843 4369 μετεμορφώθη
2875 4298 3189 4369 ἔμπροσθεν
3216 4298 3417 4351 αὐτῶν.
3444 4298 3554 4350 Καὶ
3580 4297 3739 4368 ἔλαμ-

2173 4392 2242 4462 ψε
2286 4392 2347 4445 τὸ
2390 4391 2681 4463 πρόσωπον
2737 4388 3028 4454 αύτοῦ,ὼς
3055 4389 3257 4460 ὁῆλιος
3286 4406 3297 4417 ’
3329 4390 3399 4443 τὰ
3450 4389 3510 4442 δὲ
3564 4391 3738 4460 ἱμάτια

2175 4483 2338 4536 αὐτοῦ
2367 4482 2617 4550 ἐγένοντο
2642 4481 2837 4545 λευκά,
2865 4481 2940 4543 ὡς
2966 4480 3029 4534 τὸ
3052 4481 3187 4550 φῶς.
3218 4499 3238 4532 ι
3434 4524 3443 4535 .

2242 4572 2703 4644 Μεταμορφοῦται
2750 4574 2779 4625 ὁ
2842 4572 3046 4643 Κύριος
3095 4572 3267 4642 ούχ,ὂ
3295 4573 3397 4625 οὐκ
3429 4566 3522 4642 ἦν,
3582 4590 3734 4643 προσο

2172 4664 2490 4734 λαϐόμενος,
2523 4664 2640 4717 ἀλλ’
2692 4666 2831 4736 ὅπερ
2861 4660 2929 4735 ἦν
2958 4666 3070 4727 τοῖς
3122 4662 3393 4736 μαθηταῖς
3422 4664 3730 4732 ἐκφαινόμε-

2171 4771 2280 4820 νος,
2331 4756 2425 4806 καὶ
2472 4754 2680 4824 λάμπει
2734 4754 2795 4806 τὸ
2845 4754 3141 4824 πρόσωπον
3202 4752 3366 4808 αὑτοῦ
3399 4754 3477 4817 ὡς
3515 4757 3544 4807 ὁ
3596 4754 3730 4825 ἣλιος

2174 4844 2337 4913 (φωτὶ
2391 4842 2501 4914 γὰρ
2553 4843 2698 4914 ἄλλῳ
2764 4843 3075 4908 ταυτίζεται
3122 4844 3246 4901 καθ’
3278 4844 3724 4915 ύπόστασινΗΞΥ

2176 4935 2251 4998 ὼς
2280 4936 2335 4988 δὲ
2364 4934 2499 5005 χιὼν
2555 4935 2897 4989 λευκαίνεται
2955 4936 3101 4990 κατὰ
3148 4938 3373 5007 Μάρκον
3426 4936 3496 4989 τά
3535 4939 3722 5007 ἱμάτια.

2166 5030 2437 5103 Περιϐολὴ
2465 5030 2575 5101 γὰρ
2622 5028 3135 5098 δοξάζεται¹σχέσει,
3169 5027 3266 5098 οὐχ
3303 5026 3495 5080 ὲνὼσει
3532 5029 3595 5097 τῇ
3618 5026 3724 5080 καθ’

2168 5121 2486 5176 ὑπόστασιν.
2515 5120 2729 5190 Ὥσπερ
2781 5119 2837 5172 δὲ
2885 5118 2914 5170 ὁ
2971 5118 3125 5189 ἥλιος
3177 5112 3255 5179 εἷς
3306 5117 3476 5180 ἐστιν,
3526 5115 3629 5183 ἔχει
3674 5115 3719 5166 δὲ

2172 5212 2362 5276 οὐσίας
2415 5212 2531 5277 δύο,
2566 5211 2663 5266 τοῦ
2691 5229 2751 5265 τε
2778 5209 2977 5281 φωτὸς,
3006 5210 3035 5263 ὅ
3060 5209 3250 5279 γέγονε
3307 5208 3584 5280 πρότερον,
3638 5205 3719 5261 καὶ

2170 5299 2264 5353 τοῦ
2292 5304 2360 5372 τῇ
2396 5302 2574 5355 κτίσει
2624 5300 3071 5372 ἐφυπερίζοντος
3123 5301 3400 5371 σώματος,
3442 5298 3508 5351 δι’
3533 5298 3646 5351 ὅλον
3670 5296 3717 5348 δὲ

2167 5389 2262 5442 τού
2316 5391 2569 5460 σώματος
2608 5391 2669 5444 τὸ
2699 5391 2813 5460 φῶς
2880 5391 3202 5462 ἀδιαιρέτως
3251 5390 3475 5460 ἥνωται,
3512 5388 3598 5441 καὶ
3634 5384 3715 5438 τοῦ

2171 5479 2423 5550 σώματος
2452 5483 2726 5553 μένοντος,
2748 5484 2808 5536 τὸ
2837 5481 2953 5551 φῶς
2983 5484 3117 5536 πᾶσι
3147 5483 3245 5554 τῆς
3274 5480 3378 5552 γῆς
3402 5477 3713 5551 ὲφαπλοῦται

566 5586 587 5606 ⁸
610 5585 909 5658 Vestiganti
941 5585 1073 5641 mihi
1119 5585 1425 5654 tragmenta
1453 5580 1567 5636 hate
1593 5581 1815 5639 nonnisi
1867 5585 2170 5656 excerptim
2204 5589 2258 5645 in
2301 5591 2465 5648 editis
2507 5601 2825 5649 occurrunt.
2864 5588 3021 5647 Eon.

1994 5701 2226 5760 NOTIE.

568 5791 643 5862 tt)
686 5789 769 5862 tif.
797 5798 928 5844 tom.
964 5790 1147 5862 XCIV,
1194 5791 1325 5846 1202
1359 5808 1473 5862 seq.

565 5841 645 5931 (is
676 5841 766 5915 cf,
