3874 6350
132 292 274 357 1509

1163 310 1629 375 FRAGMENTA
1670 317 1752 378 ΙΝ
1792 318 1852 378 S.
1897 320 2373 381 MATTH/EUM.

3254 325 3392 390 1410

117 410 238 471 τοῖς
291 407 515 479 μέρεσιν
547 428 560 442 °
607 411 748 467 οῦτω
806 417 902 472 καὶ
930 421 1217 490 όΧριστδς
1262 424 1381 493 φῶς
1426 428 1492 480 ἐκ
1525 429 1698 498 φωτὸς

1808 430 2144 486 diﬂ‘unditur
2177 450 2192 485 :
2226 431 2304 485 ita
2336 430 2508 486 etiam
2543 428 2827 495 Christus,
2859 429 3043 485 lumen
3074 427 3142 484 de
3180 429 3391 485 lumine

113 498 363 569 ἄναρχον
390 498 474 567 ὃν,
506 504 602 556 καὶ
633 506 951 577 ἀπρόσιτον,
983 511 1042 564 ὲν
1071 512 1150 584 τῷ
1180 517 1419 588 χρονικῷ
1450 519 1544 572 καὶ
1580 537 1703 573 κτι-

112 591 235 679 στῷ
258 592 552 663 γενόμενος
578 595 816 665 σώματι,
850 594 936 663 εἷς
966 601 1083 655 ἐστι
1106 604 1457 679 δικαιοσύνης
1488 610 1699 674 Ἥλιος,

109 676 202 745 εἷς
259 684 498 754 Χριστὸς
527 686 586 739 ἐν
610 686 733 742 δυσὶ
760 692 880 754 ταῖς
927 692 1126 760 φύσεσι
1145 711 1158 725 ·
1188 700 1364 752 καὶτὸ
1397 676 1496 766 μὲν
1543 701 1703 771 σῶμα

110 774 524 844 περίγραπτον,
556 778 589 847 ἡ
621 778 679 832 δὲ
717 779 908 853 θεότης
936 784 1220 857 ἀχώρητος
1246 790 1305 841 ὲν
1337 792 1505 844 πᾶσιν
1546 788 1700 860 οὖσα,

108 863 215 916 καὶ
242 866 459 921 πάντων
483 866 744 922 ἐπέκεινα
775 886 790 901 ·
819 874 914 926 καὶ
968 875 1158 947 ὥσπερ
1204 877 1394 949 ἕτερον
1423 882 1521 951 μὲν
1551 883 1704 953 ἥλιος

106 954 296 1024 (πηγὴ
348 957 457 1026 γάρ
515 959 632 1013 ἐστι
696 963 896 1029 φωτὸς,
932 966 1275 1037 καθορᾶσθαι
1299 970 1373 1041 μὴ
1404 971 1703 1042 δυνάμενος

104 1044 376 1117 τρανῶς),
414 1048 603 1119 ἐτέρου
637 1050 695 1104 δὲ
727 1053 788 1106 τὸ
819 1054 937 1123 φῶς
962 1097 978 1122 ,
1008 1057 1068 1111 τὸ
1100 1060 1159 1125 ἐξ
1188 1061 1353 1114 αὐτοῦ
1408 1064 1547 1135 πρὸς
1595 1065 1701 1134 γῆν

99 1138 513 1208 ἀφικνούμενον
564 1142 781 1213 (ὁρᾶται
836 1148 1069 1219 γὰρκαὶ
1118 1152 1488 1222 προὸλέπεται
1538 1159 1702 1226 σοφία

97 1226 205 1280 τοῦ
253 1229 390 1283 Θεοῦ
440 1232 536 1285 καὶ
591 1235 999 1308 φιλανθρωπία,
1042 1241 1125 1304 ὡς
1177 1242 1245 1296 ἂν
1293 1246 1367 1315 μὴ
1421 1248 1703 1313 παντελῶς

104 1318 377 1410 ἀμέτοχοι
430 1323 542 1378 τῶν
587 1326 770 1381 καλῶν
827 1333 1301 1405 κατασταίημεν)·
1339 1336 1482 1391 οὕτω
1514 1339 1576 1392 τὸ
1602 1340 1702 1410 μὲν

106 1409 407 1498 πρόσωπον
453 1413 548 1467 τοῦ
605 1417 855 1487 Χριστοῦ
910 1421 1121 1492 λάμπει
1176 1426 1509 1498 τρανότερον
1555 1409 1631 1493 ὡς
1673 1431 1703 1482 ό

99 1496 263 1565 ἥλιος
314 1500 491 1572 (ὅπερ
536 1503 648 1575 γὰρ
699 1507 758 1560 ὲν
803 1509 1084 1579 αἰσθητοῖς
1132 1513 1160 1565 ό
1191 1514 1384 1583 ἥλιος,
1416 1496 1599 1570 τοῦτο
1643 1521 1701 1572 ἐν

103 1589 323 1657 νοητοῖς
357 1590 385 1643 ό
412 1589 576 1662 Θεὸς)
615 1594 715 1667 (5),
755 1596 831 1662 ὡς
880 1600 937 1653 δὲ
971 1600 1085 1669 φῶς
1110 1601 1454 1657 λευκαίνεται
1482 1605 1552 1659 τὰ
1585 1607 1701 1676 ἱμά-

106 1695 226 1741 τια,
260 1682 326 1751 τῇ
355 1684 641 1751 μεταδόσει
688 1688 784 1743 τοῦ
845 1692 992 1746 Θείου
1058 1694 1238 1762 φωτὸς
1298 1696 1697 1767 ἀγλαῖζόμενα.

1803 523 1928 578 sine
1978 523 2283 593 principio,
2334 530 2391 577 et
2447 520 2866 586 iuaccessibile,
2922 520 2979 574 in
3014 522 3305 591 temporali
3335 530 3392 576 et

1803 622 1993 668 creato
2039 612 2321 668 exsistens
2369 626 2627 682 corpore,
2674 625 2821 665 unus
2864 617 2952 665 est
2989 611 3072 664 sol
3118 610 3346 678 justitiaz
3373 649 3387 673 ,

1804 717 1952 758 unus
1978 700 2240 757 Christus
2273 702 2331 755 in
2361 701 2581 757 duabus
2608 700 2830 755 naturis
2861 717 2875 753 :
2928 715 2992 754 ac
3025 714 3229 768 corpus
3259 700 3387 770 qui-

1803 793 1928 848 dem
1961 794 2467 863 circumscriptum,
2490 792 2762 847 divinitas
2798 790 2922 847 sine
2961 791 3084 845 loco
3115 790 3169 843 in
3205 790 3387 844 omni-

1802 883 1907 939 bus
1937 884 2238 948 exsistens,
2294 884 2663 953 omnibusque
2714 881 2972 951 superior
3029 898 3043 934 :
3117 895 3184 933 ac
3243 879 3387 940 sicut

1802 973 1953 1027 aliud
2004 973 2231 1044 quidem
2282 974 2366 1027 sol
2408 980 2496 1028 est
2542 971 2708 1043 (fons
2763 971 2916 1026 enim
2962 979 3047 1025 est
3090 968 3254 1032 lucis,
3286 983 3387 1022 nec

1802 1062 1979 1118 videri
2015 1072 2195 1133 potest
2235 1064 2481 1135 exacte),
2535 1064 2686 1118 aliud
2738 1079 2871 1119 vero
2922 1063 3041 1126 lux,
3079 1076 3202 1131 quae
3226 1061 3293 1114 ab
3320 1075 3385 1115 eo

1803 1153 1858 1207 in
1893 1160 2100 1208 terram
2156 1154 2491 1209 diﬂ'unditur
2538 1155 2804 1224 (videtur
2853 1153 3005 1209 enim
3030 1160 3085 1207 et
3116 1151 3386 1221 aspicitur

1802 1245 2078 1314 sapientia
2125 1244 2243 1311 Dei,
2284 1255 2340 1301 et
2371 1246 2710 1313 benignitas,
2750 1260 2809 1299 ιιι
2868 1244 3076 1313 ubique
3108 1243 3382 1297 bonorum

1803 1337 1956 1392 illius
2000 1338 2285 1406 possimus
2320 1353 2445 1393 esse
2489 1338 2841 1408 participes)
2878 1354 2892 1390 :
2946 1336 3017 1391 ita
3058 1334 3230 1389 facies
3256 1333 3382 1403 qui-

1802 1429 1924 1483 dem
1957 1427 2173 1483 Christi
2206 1429 2466 1499 splendet
2502 1429 2688 1484 lucida
2716 1431 2864 1483 sicut
2905 1428 2987 1484 sol
3022 1426 3205 1498 (quod
3234 1426 3380 1480 enim

1801 1522 1860 1575 in
1886 1521 2250 1577 sensibilibus
2275 1522 2360 1576 sol
2390 1529 2496 1586 est,
2531 1522 2635 1576 hoc
2662 1523 2717 1576 in
2751 1521 3138 1592 spiritualibus
3176 1518 3379 1587 Deus);

1804 1612 1950 1667 sicut
1991 1614 2083 1667 lux
2110 1620 2292 1666 autem
2325 1614 2617 1668 albescunt
2644 1615 2975 1669 vestimenta
2998 1612 3381 1675 communica-

1804 1702 1955 1755 tione
1983 1701 2187 1756 divinaa
2209 1702 2350 1757 lucis
2381 1703 2675 1757 radiantia.
2696 1703 2886 1773 Neque
2916 1712 3064 1759 certe
3083 1711 3141 1757 ut
3164 1701 3246 1757 sol
3263 1709 3381 1755 tan-

102 1768 455 1862 .OftApéVTOt
504 1776 603 1847 οὐχ
631 1778 707 1842 ὡς
734 1782 761 1833 ό
788 1782 941 1851 ἥλιος
981 1784 1247 1857 ἔλαμψεν,
1278 1788 1415 1843 ἀλλὰ
1470 1791 1552 1842 ὅτι
1602 1789 1698 1843 καὶ

1808 1801 1916 1847 tum
1942 1792 2310 1862 resplenduit,
2345 1794 2443 1848 sed
2476 1794 2580 1848 hac
2602 1768 2967 1848 similitudine
2999 1794 3177 1848 lucem
3210 1794 3377 1849 etiam

100 1858 204 1947 τοῦ
237 1860 635 1935 ύποδείγματος
694 1870 877 1938 μεῖξον
906 1867 975 1941 ἦν
1004 1873 1066 1926 τὸ
1094 1875 1230 1942 φῶς,
1260 1875 1470 1942 ἔδειξαν
1499 1877 1547 1929 οἱ
1590 1894 1696 1947 μα-

99 1946 275 2018 Οηταὶ
326 1953 609 2018 πεσόντες.
656 1957 718 2010 ΕΞ
760 1959 867 2029 γὰρ
925 1961 1001 2031 μὴ
1065 1961 1306 2033 ἄκρατον
1357 1958 1425 2034 ἦν
1463 1963 1524 2017 τὺ
1555 1946 1691 2033 φῶς,

100 2044 247 2099 ἀλλὰ
268 2048 363 2100 καὶ
389 2047 466 2119 τῷ
497 2050 633 2122 ἡλίῳ
657 2051 996 2126 σύμμετρον,
1028 2056 1131 2111 οὐκ
1162 2058 1228 2112 ἂν
1259 2058 1476 2113 ἔπεσον.

185 2153 205 2186 ι
236 2130 406 2201 Οῦτός
460 2141 608 2193 ἐστιν
674 2142 801 2205 Υἱός
849 2162 949 2215 μου
971 2148 1000 2199 ό
1032 2148 1340 2218 ἀγαπητὸς,
1371 2150 1428 2202 ὲν
1462 2141 1506 2217 ᾧ
1533 2149 1693 2220 ηὐδό-

105 2242 281 2295 κησα,
311 2228 478 2283 αὐτοῦ
506 2231 757 2286 ἀκούετε.
792 2254 810 2287 ι

196 2316 570 2391 Ἐπισήμηναι
629 2325 713 2379 ὅτι
780 2326 1048 2400 πρότερον
1106 2329 1207 2400 μὲν
1251 2332 1308 2383 ὲν
1365 2332 1608 2404 Ἰορδάνῃ
1658 2334 1691 2402 ἡ

105 2406 286 2478 Τριὰς
314 2411 670 2486 ἐμαρτυρήθη
718 2415 815 2470 τοῦ
864 2418 993 2471 Υίοῦ
1027 2418 1455 2490 βαπτιζομένου,
1484 2422 1694 2492 Πατρὸς

105 2497 771 2575 ἄνωθενμαρτυροῦντος.
790 2510 883 2562 τοῦ
907 2510 1225 2581 Πνεύματος
1240 2511 1372 2564 ὡσεὶ
1396 2514 1697 2584 περιστερὰ

110 2607 248 2644 κατε
256 2593 544 2664 ρχομένου.
576 2596 693 2651 Νῦν
712 2598 770 2652 δὲ
795 2599 855 2653 ἐν
877 2599 1077 2671 Θαϐὼρ
1098 2603 1132 2673 ἠ
1147 2602 1285 2672 αὐτὴ
1303 2601 1465 2656 πάλιν
1492 2620 1697 2675 μαρτυ-

110 2684 381 2755 ρεῖταιτῷ
395 2687 743 2758 κηρύττοντι,
775 2690 853 2762 τῷ
876 2692 1283 2765 κηρυττομένῳ,
1306 2697 1373 2765 τῇ
1401 2695 1598 2768 νεφέλῃ
1620 2694 1697 2765 τῷ

112 2772 261 2828 Πνεύ
270 2791 420 2844 ματι.
434 2777 621 2833 Ταῦτά
635 2796 721 2832 τοι
743 2780 840 2833 καὶ
854 2781 1016 2834 Δαῦὶδ
1029 2782 1476 2854 προανεφώνησε.
1488 2786 1698 2852 ,Θαϐὼρ

110 2858 220 2911 καὶ
254 2860 478 2930 Ἐρμὼν
499 2864 569 2917 ἐν
587 2864 669 2932 τῷ
693 2867 947 2937 ὀνόματι
971 2886 1087 2924 σου
1112 2871 1612 2939 ἀγαλλιάσονται,
1625 2874 1698 2927 Τὸ

114 2951 223 3017 μὲν
254 2950 362 3022 γὰρ
385 2953 602 3025 Ἑρμὼν
632 2958 1003 3027 ἠγαλλιάσατο
1033 2961 1429 3033 βαπτιζομένου
1447 2962 1542 3016 τοῦ
1566 2964 1698 3035 Χρι-

112 3043 272 3097 στοῦ.
290 3046 363 3099 Τὸ
377 3046 433 3098 δὲ
456 3047 656 3121 Θαϐὼρ
678 3067 1034 3122 μεταμορφου
1044 3052 1227 3121 μένου,
1248 3053 1432 3123 ἐπειδὴ
1454 3057 1511 3110 ὲν
1526 3056 1701 3125 ἀμφο-

1798 1884 1971 1940 l'uisse
1998 1884 2289 1954 majorem,
2342 1885 2711 1941 ostenderunt
2757 1884 3023 1940 cadentes
3074 1884 3376 1954 discipuli:

1796 1974 1906 2031 nisi
1942 1976 2093 2029 enim
2128 1975 2435 2044 purissima
2467 1976 2560 2028 lux
2594 1976 2815 2041 fuisset,
2847 1975 2944 2031 sed
2970 1976 3074 2032 soli
3102 1989 3383 2030 commen-

1796 2073 2015 2125 surata,
2053 2064 2251 2131 utique
2276 2078 2390 2116 non
2420 2063 2782 2119 cecidissent.

1868 2155 1922 2209 5.
1961 2172 1980 2205 ι
2020 2153 2120 2208 Hic
2150 2162 2235 2209 est
2264 2152 2446 2209 Filius
2489 2169 2647 2209 meus
2689 2155 2956 2223 dilectus,
2997 2153 3052 2208 in
3092 2167 3205 2223 quo
3244 2153 3381 2209 mihi

1797 2244 1940 2300 bene
1973 2246 2312 2315 complacui,
2350 2246 2534 2315 ipsum
2574 2245 2784 2301 audite.
2822 2264 2843 2298 ι

1869 2336 2171 2400 Iudicatur,
2204 2336 2353 2407 quod
2386 2338 2541 2407 prius
2586 2338 2808 2408 quidem
2842 2338 2896 2392 in
2923 2336 3165 2392 Iordane
3203 2336 3381 2407 bapti-

1799 2435 1924 2483 zato
1973 2427 2115 2482 Filio
2147 2436 2358 2483 testata
2385 2436 2472 2483 est
2498 2428 2771 2492 Trinitas,
2820 2430 2989 2483 Patre
3026 2437 3265 2484 testante
3286 2420 3381 2481 de-

1798 2534 1985 2589 super,
2046 2518 2264 2590 Spiritu
2332 2528 2594 2588 tanquam
2665 2520 2924 2576 columba
2981 2518 3375 2575 descendente.

1798 2610 1956 2665 Nunc
2011 2625 2142 2666 vero
2189 2611 2246 2665 iu
2301 2609 2524 2665 Thabor
2583 2611 2689 2681 ipsi
2745 2627 2945 2667 rursus
2995 2610 3377 2667 testimonium

1799 2701 2121 2772 perhibetur
2154 2716 2184 2755 a
2222 2700 2570 2772 praedicante
2602 2742 2617 2768 ,
2678 2702 2748 2756 ab
2788 2716 2855 2757 eo
2913 2701 3008 2772 qui
3045 2701 3380 2771 prredicatus

1799 2801 1905 2856 est,
1937 2800 1991 2845 et
2020 2791 2187 2854 nube,
2221 2808 2343 2862 qua:
2369 2792 2618 2863 Spiritus
2648 2803 2731 2847 est
2761 2808 2775 2844 :
2813 2792 2928 2846 hate
2957 2792 3126 2845 David
3149 2806 3372 2859 quoque

1800 2881 2093 2949 prmdixit:
2136 2880 2352 2935 Thabor
2378 2890 2429 2935 et
2469 2880 2705 2935 Harmon
2736 2882 2789 2934 in
2835 2880 3046 2934 nomine
3082 2889 3169 2933 tuo
3199 2878 3380 2932 exsul-

1807 2977 2046 3024 taverunt
2073 2970 2112 3024 ¹.
2140 2970 2375 3023 Hermon
2405 2969 2548 3021 cnim
2583 2969 2872 3023 exsultavit
2906 2969 3172 3038 haptizato
3213 2970 3371 3022 Chri¢

1808 3068 1913 3114 sto.
1961 3058 2097 3113 illud
2134 3074 2261 3113 vero
2296 3059 2548 3112 Thabore
2596 3067 2826 3125 mutato,
2859 3060 2985 3128 quia
3029 3059 3082 3112 in
3122 3059 3365 3129 utrisque

112 3138 297 3206 τέροις
323 3138 523 3212 ἠνέχθη
553 3142 745 3214 φωνὴ,
783 3139 975 3210 Οὗτός
995 3144 1168 3198 ἐστιν
1203 3148 1235 3199 ὀ
1280 3147 1412 3212 Υἱός
1450 3164 1571 3215 μου
1603 3144 1694 3197 λέ-

1808 3165 1899 3205 νωι
1931 3150 2054 3205 data
2080 3160 2164 3205 est
2193 3165 2206 3201 :
2237 3148 2338 3203 Hic
2372 3159 2448 3203 est
2485 3148 2655 3204 Filius
2689 3165 2854 3215 metu,
2881 3149 3086 3206 dicens.

111 3244 312 3295 γουσα,

197 3340 217 3373 ι
265 3323 377 3377 Καὶ
441 3323 625 3379 λαϐὼν
698 3327 758 3380 τὸ
819 3329 1078 3401 ποτήριον
1136 3328 1229 3381 καὶ
1302 3328 1703 3399 εὐχαριστήσας

112 3413 322 3468 ἔδωκεν
342 3416 523 3480 αὐτοῖς
559 3416 735 3486 λέγων
761 3437 775 3452 ·
814 3420 973 3473 Πίετε
1002 3420 1062 3484 ἐξ
1086 3419 1253 3478 αὐτοῦ
1281 3419 1504 3482 πάντες.
1538 3439 1556 3471 ι

185 3505 303 3559 Ούκ
322 3506 439 3560 ἐστι
460 3508 629 3573 τύπος
660 3511 688 3563 ὁ
708 3511 876 3583 ἄρτος
905 3512 1002 3568 καὶ
1029 3507 1173 3576 οἶνος
1200 3512 1296 3566 τοῦ
1326 3511 1580 3582 σώματος
1610 3512 1704 3565 καὶ

110 3596 350 3665 αἵματος
375 3597 470 3650 τοῦ
503 3600 741 3670 Χριστοῦ
762 3642 777 3667 ,
811 3603 888 3672 μὴ
920 3602 1152 3671 γένοιτο,
1176 3603 1295 3657 ἀλλ’
1322 3602 1524 3656 αὐτότὸ
1544 3602 1703 3672 σῶμα

111 3682 213 3734 καὶ
237 3682 372 3734 αὐτὸ
385 3682 444 3735 τὸ
457 3678 596 3756 αἷμα
613 3688 694 3751 είς
730 3688 989 3743 σύστασιν
1015 3694 1119 3762 τῆς
1138 3692 1419 3763 ἡμετέρας
1448 3691 1626 3763 ψυχῆς
1643 3710 1702 3746 τε

108 3772 212 3825 καὶ
241 3771 494 3844 σώματος
518 3778 750 3847 χωροῦν,
777 3781 837 3833 ού
865 3780 1275 3852 δαπανώμενον,
1309 3784 1370 3836 οὐ
1405 3783 1701 3855 φθειρόμε-

108 3880 227 3925 νον,
245 3864 348 3918 οὐκ
379 3867 457 3930 είς
480 3868 767 3937 ἀφεδρῶνα
792 3874 1159 3941 χωροῦν,ἀλλ’
1185 3874 1267 3936 εἰς
1297 3873 1396 3943 τὴν
1425 3874 1585 3943 ήμῶν
1620 3875 1703 3926 οὐ·

108 3950 234 4006 σίαν
260 3970 318 4005 τε
350 3954 447 4007 καὶ
476 3958 979 4029 συντήρησιν.Είδὲ
1010 3962 1102 4014 καί
1129 3978 1274 4022 τινες
1300 3960 1571 4012 ἀντίτυπα
1605 3960 1700 4012 τοῦ

108 4044 369 4113 σώματος
405 4048 499 4100 καὶ
529 4049 623 4100 τοῦ
655 4051 890 4119 αἵματος
915 4051 1011 4103 τοῦ
1040 4050 1247 4119 Κυρίου
1282 4050 1374 4101 τὸν
1407 4049 1571 4120 ἄρτον
1608 4051 1701 4103 καὶ

105 4135 206 4189 τὸν
260 4132 406 4191 οἶνον
463 4139 751 4205 ἐκάλεσαν,
790 4140 852 4192 ού
895 4140 1035 4209 μετὰ
1068 4142 1130 4193 τὸ
1154 4140 1484 4211 ἁγιασθῆναι
1526 4137 1698 4208 εἶπον,

105 4226 250 4281 ἀλλὰ
305 4229 439 4298 πρὶν
481 4229 850 4300 ἁγιασθῆναι,
884 4231 981 4302 τὴν
1020 4232 1336 4304 προσφορὰν
1366 4232 1508 4287 οὕτω
1542 4234 1702 4287 καλέ-

106 4333 326 4379 σαντες.
367 4316 666 4371 Ἀντίτυπα
698 4318 754 4372 δὲ
787 4318 897 4373 τῶν
933 4320 1237 4390 μελλόντων
1297 4322 1568 4391 λέγονται,
1600 4323 1700 4391 οὐχ

103 4407 177 4472 ὡς
230 4407 307 4477 μὴ
334 4407 464 4462 ὄντα
492 4407 708 4479 ἀληθῶς
747 4408 907 4480 σῶμα
954 4413 1049 4465 καὶ
1101 4406 1240 4480 αἷμα
1268 4414 1530 4482 Χριστοῦ,
1583 4413 1698 4466 ἀλλ’

102 4499 186 4552 ὅτι
222 4497 318 4551 νῦν
357 4498 456 4568 μὲν
487 4499 555 4552 δι’
587 4500 769 4555 αὐτῶν
803 4503 1107 4572 μετέχομεν
1135 4502 1235 4573 τῆς
1281 4504 1522 4573 Χριστοῦ
1574 4503 1698 4557 θεό-

102 4604 307 4657 τητος,
342 4587 463 4641 τότε
487 4588 544 4642 δὲ
570 4590 780 4661 νοητῶς
804 4590 895 4645 διὰ
932 4594 1101 4662 μόνης
1141 4593 1243 4663 τῆς
1276 4594 1424 4656 Θέας.
1467 4594 1698 4664 Λέγεται

102 4678 154 4730 δὲ
205 4678 511 4748 μετάληψις
571 4681 692 4750 μὲν,
751 4682 833 4735 ὃτι
870 4683 939 4736 δι’
973 4684 1144 4754 αὐτῆς
1210 4684 1698 4755 μεταλαμϐάνομεν

105 4772 207 4840 τῆς
253 4768 432 4839 Ἰησοῦ
484 4770 744 4844 θεότητος
765 4793 779 4806 υ
815 4778 1073 4831 κοινωνία
1100 4777 1180 4842 δὲ,
1206 4777 1296 4831 διὰ
1322 4778 1385 4831 τδ
1418 4785 1698 4834 κοινωνεῖν

108 4862 260 4931 ἡμᾶς
299 4858 366 4913 δι’
391 4860 561 4932 αὐτῆς
588 4864 666 4934 τῷ
690 4866 931 4937 Χριστῷ,
966 4868 1061 4922 καὶ
1115 4869 1366 4939 μετέχειν
1399 4869 1567 4923 αὐτοῦ
1592 4872 1693 4941 τῆς

111 4952 320 5025 σαρκός
354 4970 414 5006 τε
445 4955 539 5007 καὶ
575 4954 848 5028 θεότητος.
906 4960 1199 5014 Κοινωνεῑν
1225 4960 1282 5013 δὲ
1313 4962 1407 5015 καὶ
1432 4962 1692 5017 ἐνοῦσθαι

112 5047 205 5100 καὶ
240 5045 494 5117 ἀλλήλοις
518 5046 584 5100 δι’
607 5048 798 5119 αὐτῆς.
848 5050 1068 5122 Ἐπειδὴ
1123 5053 1231 5123 γὰρ
1267 5053 1328 5118 ἐξ
1366 5053 1484 5117 ἑνὸς
1528 5056 1692 5125 ἄρτου

115 5136 613 5221 μεταλαμὸἀνρμεν
675 5140 899 5207 πάντες,
923 5140 983 5196 ἓν
1009 5142 1167 5213 σῶμα
1211 5143 1449 5214 Χριστοῦ
1492 5125 1600 5199 ’καὶ
1634 5146 1694 5199 ἓν

115 5223 280 5299 αἷμα,
314 5230 412 5282 καὶ
467 5230 714 5301 ἀλλήλων
751 5232 891 5304 μέλη
931 5234 1216 5305 γινόμεθα,
1248 5236 1531 5308 σύσσωμοι
1556 5238 1692 5309 Χρι-

118 5315 246 5371 στοῦ
285 5318 738 5387 χρηματίζοντες.

192 5495 210 5525 ⁸
241 5494 387 5549 Psal.
420 5510 686 5562 Lnxvm,
733 5498 818 5551 15.

1876 3324 2065 3390 XXVI,
2094 3326 2185 3380 27.
2227 3344 2243 3376 ι
2278 3324 2343 3377 Ει
2381 3327 2658 3396 accipiens
2686 3326 2914 3380 calicem
2946 3324 3150 3393 gratias
3176 3323 3308 3393 egit,
3331 3331 3384 3378 et

1803 3417 1956 3473 dedit
1991 3416 2071 3473 eis
2094 3416 2283 3473 dicens
2310 3436 2323 3469 :
2360 3416 2537 3471 Bibite
2566 3433 2632 3472 ex
2669 3417 2773 3471 hoc
2800 3430 3015 3471 omnes.
3048 3436 3065 3468 ι

1874 3509 2039 3565 Panis
2074 3517 2128 3562 et
2154 3508 2343 3562 vinum
2394 3524 2502 3563 non
2543 3517 2627 3563 est
2659 3510 2834 3579 ﬁgura
2879 3509 3137 3577 corporis
3167 3517 3221 3564 et
3247 3524 3380 3564 san-

1803 3601 1988 3671 guinis
2041 3599 2277 3664 Christi,
2321 3600 2503 3654 absitl
2547 3599 2646 3655 sed
2696 3601 2877 3670 ipsum
2920 3615 3150 3670 corpus,
3179 3608 3234 3654 et
3264 3600 3382 3669 ipse

1804 3688 2033 3758 sanguis
2077 3688 2144 3743 ad
2186 3689 2643 3745 constitutionem
2682 3689 2884 3744 animat
2936 3700 3141 3745 nostr-te
3183 3704 3383 3757 corpo-

1804 3780 1997 3847 risque
2051 3778 2370 3845 conferens,
2420 3793 2529 3831 non
2577 3788 2993 3846 consumptum,
3048 3793 3226 3846 neque
3259 3792 3383 3831 cor-

1803 3878 2050 3936 ruptum,
2094 3883 2203 3921 non
2248 3870 2300 3921 in
2339 3881 2622 3922 secessum
2651 3867 2864 3929 abiens,
2900 3868 2997 3922 sed
3026 3869 3084 3921 in
3116 3868 3379 3922 substan-

1804 3960 1934 4012 tiam
1974 3952 2260 4012 nostram
2330 3972 2394 4012 ac
2460 3958 2965 4014 conservationem.
3032 3957 3129 4012 Sin
3197 3967 3380 4010 autem

1803 4047 2057 4101 nonnulli
2126 4048 2291 4101 etiam
2352 4048 2599 4117 antitypa
2666 4047 2922 4116 corporis
2971 4057 3027 4102 et
3088 4048 3380 4116 sanguinis

1804 4137 2023 4192 Domini
2086 4152 2284 4206 panem
2320 4146 2376 4192 et
2426 4141 2613 4193 vinum
2666 4147 3031 4204 vocaverunt,
3088 4155 3195 4193 non
3259 4146 3380 4208 post

1803 4228 2291 4285 consecrationem
2347 4229 2634 4298 dixerunt,
2690 4231 2786 4286 sed
2817 4232 3141 4300 priusquam
3175 4246 3379 4285 conse-

1803 4327 2079 4386 craretur,
2132 4320 2206 4374 ita
2265 4322 2601 4378 oblationem
2654 4324 2999 4393 appellantes
3052 4342 3066 4378 :
3131 4322 3378 4393 antitypa

1805 4418 1987 4464 autem
2044 4409 2358 4465 futurorum
2414 4412 2698 4478 dicuntur,
2760 4429 2873 4467 non
2931 4421 3193 4483 tanquam
3253 4427 3381 4465 vere

1804 4512 2006 4567 corpus
2034 4506 2089 4552 et
2120 4499 2346 4567 sanguis
2377 4500 2584 4555 Christi
2615 4516 2725 4554 non
2757 4503 2869 4556 sint
2895 4518 2909 4565 ;
2948 4501 3043 4556 sed
3077 4503 3205 4573 quia
3233 4516 3382 4557 nunc

1803 4588 2024 4659 quidem
2055 4588 2127 4643 iis
2160 4586 2366 4642 Christi
2396 4590 2795 4659 participamus
2839 4591 3211 4655 divinitatem,
3247 4602 3379 4646 tunc

1803 4694 1934 4735 vero
1967 4679 2420 4735 intellectualiter
2471 4696 2568 4750 per
2608 4681 2784 4735 solam
2834 4683 3376 4750 contemplationem.

1802 4772 2015 4826 Dicitur
2051 4781 2232 4825 autem
2267 4772 2545 4841 susceptio
2576 4772 2822 4843 quidem,
2855 4789 2921 4828 eo
2949 4774 3096 4844 quod
3133 4789 3227 4843 per
3256 4787 3377 4827 eam

1802 4861 1932 4917 .lesu
1968 4861 2344 4930 suscipiamus
2397 4860 2744 4916 divinitatem
2774 4879 2788 4919 :
2819 4863 3139 4917 communio
3170 4871 3376 4923 autem,

1804 4969 1868 5008 eo
1897 4950 2044 5022 quod
2088 4966 2187 5006 nos
2217 4966 2341 5005 cum
2373 4951 2601 5006 Christo
2642 4952 3124 5007 communicemus
3148 4966 3212 5006 ac
3248 4967 3375 5021 par—

1805 5045 2002 5114 ticipes
2034 5044 2213 5097 simus
2269 5044 2457 5098 carnis
2514 5044 2665 5099 illius
2722 5060 2785 5099 ac
2831 5043 3100 5099 deitatis:
3163 5060 3227 5099 ac
3284 5059 3379 5113 per

1801 5151 1922 5190 eam
1964 5135 2094 5189 aliis
2141 5150 2363 5205 quoque
2437 5136 2933 5201 communicemur,
2987 5150 3049 5190 ac
3098 5135 3378 5190 uniamur.

1801 5226 1939 5281 Cum
1998 5227 2146 5281 enim
2194 5242 2261 5280 ex
2312 5243 2423 5282 uno
2453 5243 2595 5297 pane
2663 5242 2950 5284 sumamus
2980 5241 3171 5281 omnes
3205 5242 3375 5280 unum

1799 5319 2008 5374 Christi
2042 5333 2269 5389 corpus,
2300 5336 2582 5390 unumque
2610 5320 2963 5390 sanguinem,
2992 5327 3182 5373 mutua
3211 5317 3375 5373 etiam

1806 5411 2047 5465 membra
2078 5411 2259 5475 ﬁmus,
2303 5413 2662 5482 concorporei
2706 5411 2912 5468 Christi
2947 5411 3246 5482 nuncupati
3276 5409 3376 5481 (4).

1641 5590 1874 5648 NOT/‘E.

192 5679 268 5751 (ὅ)
297 5678 382 5737 Cf.
415 5697 602 5753 supra,
647 5684 756 5738 col.
780 5682 903 5750 799,
932 5682 1056 5738 800.

1878 5686 1951 5756 (ι)
1978 5684 2061 5739 cr.
2107 5684 2288 5754 χειν,
2316 5686 2475 5754 m7,
2516 5688 2671 5744 um.
