3874 6350
509 312 639 377 Mli

1291 300 1672 361 ADDENDA.
1702 322 1772 331 --
1801 292 2264 355 FRAGMENTA
2306 291 2386 350 IN
2429 290 2490 347 Β.
2521 288 2992 348 MATTII/EUM.

3700 278 3827 341 liii

578 422 792 488 XXVII,
822 420 875 475 5.
902 437 930 469 τ
957 417 1029 469 Ἐι
1070 410 1337 485 projectis
1361 408 1637 481 argenteis
1669 407 1723 460 in
1759 402 1962 473 templo
1997 416 2086 456 re-

2265 418 2284 449 ι
2330 398 2441 463 Καὶ
2485 396 2646 467 ῥίψας
2677 396 2744 448 τὰ
2776 396 3017 466 ἀργύρια
3045 396 3102 446 ὲν
3144 392 3222 461 τῷ
3266 392 3407 461 ναῷ,
3437 389 3823 457 ἀνεχὼρηλι

508 517 698 578 cessit,
741 521 792 568 et
832 511 1026 565 abiens
1059 511 1255 576 laqueo
1284 518 1343 559 se
1374 500 1689 571 suspendit.
1727 518 1746 551 ι

580 603 872 659 Derelictio
898 601 1003 654 alia
1033 598 1254 669 quidem
1296 606 1380 651 cst
1406 596 1477 649 ob
1504 593 1779 647 occ'ultam
1819 589 2081 644 virtutem

510 707 568 750 ut
600 693 1012 756 manifestetur,
1045 691 1194 745 sicut
1232 689 1325 742 illa
1368 686 1533 752 Jobi;
1570 685 1679 738 alia
1716 696 1847 737 vero
1885 681 1956 735 ob
1992 694 2087 733 su-

511 787 714 855 perbiaa
762 784 1134 846 aversionem,
1194 788 1256 835 ut
1299 780 1393 833 illa
1438 777 1635 843 Pauli;
1666 774 1770 829 alia
1811 780 1988 827 autem
2019 769 2089 825 ad

515 874 743 929 alterius
778 873 1206 934 correctionem,
1237 876 1297 923 ut
1332 865 1530 921 Lazari
1558 880 1623 919 ac
1660 863 1870 918 divitis.
1914 861 2090 916 Natu-

513 968 709 1021 raliter
746 966 896 1019 enim
925 980 1053 1019 cum
1089 964 1340 1018 videmus
1366 959 1512 1014 alios
1544 958 1678 1027 pati,
1710 955 2087 1025 reprimimur.

516 1059 640 1112 Alia
678 1071 810 1112 vero
843 1056 908 1109 ad
940 1054 1169 1109 alterius
1214 1052 1447 1123 gloriam
1474 1068 1488 1117 ;
1518 1057 1576 1104 ut
1607 1049 1780 1109 illius,
1811 1046 1902 1116 qui
1933 1060 1963 1098 a
1988 1058 2090 1098 na-

519 1149 734 1203 tivitate
769 1162 950 1202 caecus
974 1146 1109 1210 fuit,
1146 1145 1212 1198 ad
1235 1142 1447 1199 Christi
1479 1141 1731 1211 gloriam.
1760 1139 1880 1192 Alia
1909 1145 2090 1191 autem

514 1241 583 1294 ad
614 1242 849 1297 alterius
880 1241 1082 1304 zelum,
1122 1246 1182 1292 ut
1222 1238 1280 1291 in
1335 1233 1740 1291 testimonium.
1773 1234 1848 1287 Ac
1882 1230 2098 1298 simpli-

516 1333 658 1387 citer
725 1329 839 1385 duo
893 1337 1022 1385 sunt
1065 1324 1453 1382 derelictionis
1504 1336 1729 1393 genera.
1788 1321 1887 1375 Est
1944 1318 2094 1374 enim

516 1423 808 1478 derelictio
858 1438 957 1493 per
1011 1420 1489 1491 dispensationem
1537 1426 1593 1473 et
1640 1416 2091 1477 instructionem,

519 1524 695 1571 etest
750 1515 1041 1571 derelictio
1070 1529 1212 1586 quae
1256 1514 1327 1569 sit
1384 1511 1567 1566 ﬁnalis
1615 1507 1975 1579 reprobatio;
2009 1506 2101 1560 Di-

520 1608 839 1676 spensativa
888 1607 1112 1677 quidem
1165 1620 1229 1659 ac
1284 1603 1616 1658 instrnctiva
1665 1614 1788 1669 quae
1817 1596 1885 1651 ad
1916 1611 2100 1651 corre-

508 1700 761 1752 actionem
798 1712 861 1751 ac
885 1698 1119 1753 salutem
1154 1705 1208 1751 et
1246 1694 1483 1767 gloriam
1514 1692 1666 1746 illius
1705 1691 1789 1753 ﬁt,
1826 1688 1921 1758 qui
1951 1686 2098 1757 pati-

506 1793 635 1851 rtur,
670 1792 767 1839 aut
815 1784 880 1838 ad
931 1785 1165 1837 aliorum
1219 1783 1401 1837 zelum
1453 1796 1517 1835 ac
1574 1778 1966 1840 imitationem,
2004 1784 2100 1831 aut

2198 490 2290 543 καὶ
2319 486 2570 541 ἀπελθὼν
2588 486 2895 557 ἀπήγξατο.
2945 506 2963 538 ι

2257 580 2378 633 Τῶν
2409 578 2872 648 ὲγκαταλείψεων,
2908 578 2941 647 ή
2980 577 3079 647 μὲν
3108 576 3224 629 ἔστι
3277 574 3367 628 διὰ
3400 571 3815 641 κεκρυμμὲιττεε

2187 673 2410 743 ἀρετὴν,
2465 673 2555 724 ἵνα
2607 671 2919 742 φανερωθῇ,
2978 670 3124 739 ὼςή
3174 668 3272 721 τοῦ
3341 665 3519 719 Ἰώϐο
3560 667 3605 733 ἡ
3660 665 3718 716 δὲ
3760 668 3817 717 E.’

2188 763 2508 835 ἀποτροπὴν
2566 763 2978 832 ὑπερηφανίας,
3039 762 3115 823 ὡς
3160 758 3254 813 ἐπὶ
3312 757 3410 810 τοῦ
3470 756 3723 808 Παύλου
3755 756 3811 793 δέ

2189 856 2245 909 δὲ
2274 856 2412 927 πρὸς
2431 855 2720 925 διόρθωσιν
2770 854 2958 915 ἄλλου,
2986 853 3062 915 ὡς
3095 851 3190 904 ἐπὶ
3240 853 3337 902 τοῦ
3386 847 3686 916 Λαζάρου
3738 852 3817 897 zz";

2191 947 2286 1000 τοῦ
2314 948 2604 1000 πλουσίου.
2631 946 2883 1006 Φυσικῶς
2918 946 3027 1014 γὰρ
3057 941 3297 1014 ὁρῶντές
3342 957 3509 1002 τινας
3570 940 3817 1006 στάσιον-

2192 1056 2312 1105 τας,
2338 1037 2765 1107 συστελλόμεθα.
2813 1038 2880 1089 Ἥ
2908 1036 2966 1089 δὲ
2993 1036 3074 1098 είς
3125 1034 3290 1088 ἄλλου
3347 1032 3549 1097 δόξαν,
3604 1031 3690 1092 ὡς
3712 1032 3741 1081 ὁ
3766 1033 3818 1082 1:2

2194 1130 2427 1199 γενετῆς
2473 1129 2696 1198 τυφλὸς,
2726 1129 2807 1191 είς
2827 1128 2987 1194 δόξαν
3030 1125 3296 1198 Χριστοῦ.
3339 1125 3407 1177 Ἢ
3440 1123 3503 1175 δὲ
3534 1124 3636 1184 είς
3665 1122 3817 1173 ille.

2196 1218 2379 1291 ζῆλθνν
2413 1220 2489 1283 ὡς
2522 1220 2614 1272 ἐπὶ
2634 1218 2731 1289 τὴν
2766 1217 3097 1288 μαρτυρίαν.
3122 1216 3231 1268 Καὶ
3257 1213 3457 1276 ἁπλῶς
3484 1215 3605 1282 τῆς
3650 1212 3819 1279 ἐγυ-

2193 1309 2494 1378 ταλείψεως
2523 1308 2662 1361 εἰσιν
2683 1308 2799 1377 ετδη
2827 1305 2922 1359 δύο
2945 1323 2959 1337 ·
2996 1306 3114 1359 ἔστι
3133 1304 3244 1375 γὰρ
3268 1302 3567 1371 ὲγκατὰλε
3578 1300 3706 1371 vim;
3740 1305 3819 1353 οξ-

2199 1400 2465 1471 κονομική
2488 1401 2585 1452 καὶ
2612 1398 2961 1467 παιδευτικὴ,
2994 1396 3092 1450 καὶ
3115 1396 3263 1449 ἔστιν
3284 1393 3714 1463 braca-talari“
3742 1409 3819 1443 τε-

2199 1494 2319 1547 λεία
2347 1491 2761 1560 ἀπογνωστική.
2835 1488 3167 1559 Οίκονομικὴ
3188 1488 3286 1558 μὲν
3309 1488 3409 1539 καὶ
3444 1486 3816 1551 παιδευτικῆ.

2199 1584 2232 1655 ἢ
2256 1584 2391 1655 πρὸς
2407 1583 2691 1653 διόρθωσιν
2712 1582 2805 1634 καὶ
2836 1579 3131 1650 σωτηρίαν,
3150 1578 3435 1644 καὶδόξαν
3448 1576 3553 1630 τοῦ
3579 1576 3816 1643 πάσχοιε

2198 1699 2290 1744 τος
2319 1681 2601 1751 γινομένη,
2632 1679 2664 1750 ἦ
2689 1680 2783 1731 καὶ
2810 1678 2948 1747 πρὸς
2973 1675 3148 1729 ἄλλων
3185 1674 3352 1745 ζῆλον
3416 1673 3521 1726 καὶ
3555 1672 3811 1741 μίμησιν,

2202 1770 2235 1841 ἢ
2268 1769 2519 1841 καὶπρὸς
2542 1768 2702 1832 δόξαν
2753 1766 2915 1820 Θεοῦ.
2960 1766 3023 1818 Ἦ
3050 1764 3107 1817 δὲ
3131 1763 3315 1817 τελεία
3343 1761 3722 1829 κατάλειψις,
3741 1764 3813 1812 ὅτε

521 1878 690 1930 etiam
745 1875 813 1929 ad
852 1874 945 1930 Dei
982 1874 1240 1945 gloriam.
1291 1872 1505 1927 Fiualis
1536 1880 1718 1925 autent
1786 1868 2097 1933 derelictio,

2240 1863 2302 1917 οὗ
2345 1860 2489 1916 Θεοῦ
2543 1860 2723 1914 πάντα
2753 1858 2890 1929 πρὸς
2924 1855 3202 1926 σωτηρίαν
3230 1852 3653 1923 πεποιηκότος,
3680 1852 3813 1903 ἀνίσ-

523 1983 650 2023 cum
679 1967 791 2023 Deo
828 1968 1014 2023 omnia
1045 1967 1111 2020 ad
1157 1965 1393 2019 salutem
1423 1971 1743 2033 peragente,
1773 1960 2103 2016 i’ncurabilis

524 2074 588 2114 ex
616 2059 845 2128 proprio
868 2057 1066 2112 affectu
1091 2057 1255 2113 homo
1277 2056 1545 2127 persistit.
1575 2054 1715 2109 Tum
1742 2053 1892 2109 enim
1920 2052 2105 2123 perdi-

526 2151 666 2205 tioni
694 2150 937 2204 traditur
963 2157 1023 2205 ut
1055 2150 1230 2205 Judas
1260 2149 1361 2220 (5).
1392 2172 1403 2178 -

599 2239 767 2295 Vens.
801 2240 890 2295 57.
952 2258 971 2291 ι
1025 2239 1090 2292 Ει
1120 2239 1513 2309 imposuerunt
1566 2253 1733 2309 super
1781 2236 2106 2307 caputeius

522 2344 756 2385 causam
825 2330 1002 2400 ipsius
1058 2330 1324 2401 scriptam
1360 2347 1375 2383 :
1428 2330 1521 2386 hic
1571 2338 1656 2386 est
1687 2328 1851 2385 Jesus
1886 2344 1979 2384 rex
2009 2326 2108 2381 Ju-

530 2424 797 2478 daeorum.
830 2441 850 2474 ι

606 2510 775 2569 Tituli
802 2504 1044 2585 ‘scriptio
1082 2529 1251 2585 quam
1298 2513 1510 2569 Pilatus
1545 2528 1716 2584 supra
1760 2511 2107 2568 Dominicum

538 2614 704 2674 caput
733 2604 932 2671 aﬂixit,
974 2606 1236 2675 implebat
1270 2604 1485 2659 Domini
1520 2619 1711 2659 vocem
1742 2620 1756 2658 :
1793 2601 1928 2659 Cum
1955 2604 2109 2658 exal-

534 2705 683 2751 tatus
714 2696 889 2765 fuero,
931 2698 1193 2764 dicentis,
1223 2697 1405 2750 omnia
1429 2696 1642 2749 traham
1672 2694 1742 2749 ad
1772 2697 2033 2766 meipsum
2061 2699 2105 2762 ¹,

535 2789 857 2844 declarabat
894 2790 1064 2861 igitur
1113 2788 1319 2844 ibidem
1367 2789 1486 2843 haec
1517 2788 1706 2852 lectio,
1743 2803 1852 2844 non
1884 2803 1984 2858 pro
2017 2788 2109 2843 .lu-

531 2881 648 2933 daea
684 2888 919 2945 tantum,
953 2893 1146 2934 verum
1183 2879 1346 2934 etiam
1393 2877 1604 2934 Graecis
1638 2886 1694 2933 et
1721 2877 1985 2934 Barbaris
2022 2894 2107 2935 sa-

533 2969 769 3023 lutarem
808 2969 925 3024 ﬁeri
958 2969 1296 3038 passionem.

603 3061 695 3116 45.
736 3080 755 3112 ι
794 3062 836 3114 Α
870 3071 1025 3117 sexta
1080 3070 1261 3117 autem
1303 3062 1435 3116 hora
1499 3061 1737 3117 tenebrae
1780 3062 1936 3118 factae
1984 3072 2115 3118 sunt

532 3168 697 3223 super
720 3154 1031 3209 universam
1059 3160 1260 3209 terram
1316 3169 1493 3224 usque
1519 3154 1587 3209 ad
1617 3154 1807 3209 horam
1835 3169 2057 3210 nonam.
2091 3174 2108 3207 ι

606 3244 800 3301 Deﬁcit
822 3246 904 3300 sol
935 3245 1079 3299 luna:
1098 3260 1335 3315 corpore
1366 3254 1629 3315 tanquam
1664 3244 1852 3299 medio
1874 3243 2112 3317 quodam

535 3329 885 3400 interposito,
946 3346 1013 3386 ac
1053 3332 1458 3395 obumbrante,
1528 3346 1705 3400 neque
1762 3331 2115 3401 permittente

537 3422 654 3475 dari
692 3423 852 3477 nobis
886 3425 1084 3478 lucem.
1121 3409 1578 3495 Quandocunque
1626 3425 1794 3495 igitur
1832 3425 2115 3479 inventum

538 3513 705 3568 fuerit
749 3515 897 3567 lunae
937 3529 1144 3585 corpus
1209 3517 1383 3571 solent
1444 3516 1819 3582 abscondere,
1872 3526 1988 3573 tum
2060 3519 2117 3572 lit

538 3604 764 3674 eclipsis
813 3605 970 3668 solis,
1013 3606 1241 3675 eclipsis
1274 3621 1406 3660 vero
1447 3606 1593 3660 lunae
1618 3621 1683 3660 ex
1720 3609 1913 3661 umbra
1958 3615 2120 3664 terra:

539 3697 740 3761 oritur,
771 3711 898 3750 cum
940 3698 1134 3766 quinta
1184 3707 1237 3752 et
1273 3697 1487 3757 decima
1526 3697 1657 3753 luna
1692 3698 1880 3762 fuerit,
1923 3700 2120 3754 inven-

538 3799 703 3857 taque
734 3804 800 3843 ex
835 3788 1071 3843 adverso
1102 3790 1469 3844 extremitatis
1519 3790 1739 3856 centri,
1781 3790 1863 3846 sol
1896 3790 2117 3860 quidem

538 3881 642 3935 sub
672 3888 841 3943 terra,
876 3881 999 3935 luna
1029 3896 1158 3936 vero
1198 3897 1365 3951 supra
1408 3890 1635 3938 terram.
1671 3882 1937 3939 Umbram
1970 3884 2118 3938 enim

539 3968 675 4024 facit
706 3978 877 4036 terra,
917 3984 1096 4039 neque
1128 3970 1263 4024 sinit
1292 3971 1476 4026 solare
1507 3972 1693 4028 lumen
1725 3975 2021 4044 pervenire
2052 3975 2119 4028 ad

539 4061 749 4122 lunam,
789 4069 955 4130 atque
991 4069 1107 4114 tum
1147 4062 1416 4133 temporis
1452 4063 1658 4121 deﬁcit.

612 4230 853 4298 XXVII],
876 4231 995 4285 ΞΟΑ
1022 4232 1088 4287 Et
1111 4247 1241 4287 ecce
1274 4248 1374 4303 ego
1406 4233 1687 4288 vobiscum
1709 4249 1827 4288 sum
1865 4235 2122 4290 omnibus

542 4326 761 4388 diebus,
786 4340 959 4392 usque
992 4324 1059 4376 ad
1097 4326 1631 4378 consummationem
1661 4326 1869 4381 saaculi.
1890 4327 2117 4382 Amen.»

614 4416 733 4468 Non
791 4430 918 4469 cum
962 4415 1072 4468 illis
1108 4422 1318 4469 tantum
1351 4415 1573 4472 dixitse
1600 4416 1876 4484 futurum,
1925 4436 2116 4477 verum

2205 1972 2298 2018 τος
2322 1953 2381 2020 ἐξ
2417 1952 2633 2015 οίκείας
2665 1949 2977 2021 προθέσεως
3002 1946 3235 2017 διαμένῃ
3265 1948 3295 1998 ὁ
3322 1945 3663 2015 ἄνθρωπος.
3695 1945 3811 1995 Τότε

2204 2044 2313 2117 γὰρ
2344 2047 2424 2109 είς
2448 2044 2726 2098 ἀπώλειαν
2760 2040 3119 2111 παραδίδοται
3151 2039 3227 2102 ὡς
3249 2041 3277 2091 ό
3315 2037 3558 2100 Ἰούδας.

2282 2242 2299 2273 ι
2327 2224 2436 2275 Kal.
2464 2221 2744 2290 ἐπέθηκαν
2767 2218 2955 2272 ἐπάνω
2981 2217 3080 2287 τῆς
3106 2213 3353 2283 κεφαλῆς
3382 2211 3570 2266 αὐτοῦ
3610 2211 3711 2282 τὴν
3737 2214 3809 2264 αἱ.

2205 2315 2327 2369 τίαν
2350 2312 2517 2367 αὐτοῦ
2543 2311 2948 2382 γεγραμμένην
2977 2326 2992 2341 ο
3021 2302 3189 2371 Οὗτός
3222 2308 3375 2359 ἔστιν
3415 2303 3655 2374 Ἰησοῦς
3676 2306 3705 2357 ὀ
3731 2306 3811 2373 βα·

2210 2405 2389 2467 σιλεὺς
2415 2404 2524 2457 τῶν
2551 2401 2841 2456 Ἰουδαίων.
2878 2420 2896 2453 ι

2289 2497 2354 2549 Ἦ
2382 2494 2474 2547 τοῦ
2516 2493 2871 2562 λευκὼματος
2913 2490 3101 2562 γραφὴ
3151 2490 3219 2559 ήν
3247 2487 3495 2549 nas-:0;
3554 2485 3675 2555 πρὸ
3724 2485 3804 2548 τῆς

2210 2587 2499 2659 Κυριακῆς
2535 2580 2702 2655 ἔπηξε
2759 2581 3023 2651 κεφαλῆς,
3054 2577 3154 2650 τὴν
3184 2576 3281 2631 τοῦ
3328 2577 3551 2647 Κυρίου
3574 2576 3803 2643 ἐπλήροι

2211 2678 2416 2750 φωνὴν,
2442 2675 2715 2730 Ἐπειδὰν
2731 2671 2975 2743 ὑψωθῶ,
2999 2671 3269 2740 λέγοντος,
3291 2669 3533 2733 πάντας
3568 2668 3806 2720 ἑλκύσω

2212 2770 2362 2838 πρὸς
2377 2770 2652 2839 ἐμαυτόν.
2671 2768 2892 2838 Ἐδήλου
2906 2765 3087 2819 τοίνυν
3103 2765 3138 2834 ἡ
3157 2762 3369 2816 ἐκεῖθεν
3382 2763 3707 2829 ἀνάγνωσις
3722 2761 3803 2826 σεχ

2214 2860 2356 2932 ὑπὲρ
2394 2861 2657 2925 Ἰουδαίας
2686 2859 2854 2931 μόνης
2874 2902 2888 2925 ,
2920 2857 3059 2910 ἀλλὰ
3090 2857 3187 2909 καὶ
3207 2855 3392 2923 πάσης
3433 2848 3804 2924 Ἑλληνίικῇεῖ

2215 2953 2309 3005 καὶ
2340 2951 2620 3023 βαρϐάρου
2640 2950 2979 3021 γεγενῆσθαι
3007 2948 3070 3001 τὸ
3106 2949 3376 3017 σωτήριον
3406 2943 3615 3007 πάθος.

2301 3062 2320 3096 ι
2362 3045 2495 3099 Ἀπὸ
2524 3043 2581 3097 δὲ
2606 3044 2773 3113 ἕκτης
2803 3042 2953 3113 ὧρας
2987 3039 3180 3103 σκότος
3208 3039 3427 3107 ἐγένετο
3477 3035 3578 3089 ἐπὶ
3638 3038 3799 3089 πᾶσαί.

2218 3140 2314 3212 τὴν
2345 3136 2597 3208 γῆν,ἒως
2628 3133 2778 3204 ὥρας
2802 3131 3053 3201 ὲννάτης.
3080 3148 3098 3181 ι

2304 3228 2577 3283 Ἐκλείπει
2610 3228 2640 3279 ὁ
2666 3225 2817 3295 ήλιος
2869 3221 2965 3276 τοῦ
3000 3221 3252 3293 σώματος
3284 3220 3386 3290 τῆς
3451 3218 3696 3289 σελήνης
3716 3215 3799 3269 ὦσ-

2223 3339 2331 3393 περ
2371 3338 2424 3374 τι
2478 3318 2794 3391 μεσότειχον
2847 3314 3145 3384 γενομένου
3196 3313 3291 3366 καὶ
3346 3310 3796 3373 ἀποσκιὰζΟντος,

2224 3414 2319 3469 καὶ
2345 3414 2419 3484 μὴ
2452 3411 2649 3472 ἐῶντος
2702 3407 3013 3477 διαδοθῆναι
3072 3408 3208 3476 ἡμῖν
3236 3404 3295 3457 τὺ
3329 3404 3467 3472 φῶς.
3504 3403 3677 3455 ὐσον
3719 3399 3796 3453 οὖν

2225 3504 2424 3576 εὑρεθῇ
2445 3502 2545 3570 τῆς
2565 3500 2798 3571 σελήνης
2828 3497 3205 3569 ἀποκρύπτειν
3236 3496 3327 3548 τὸν
3352 3494 3529 3564 ήλιον,
3554 3490 3796 3545 τοσοῦτον

2227 3596 2323 3651 καὶ⁸
2353 3598 2385 3665 ὴ
2416 3592 2658 3662 ἔκλειψις
2681 3590 2913 3659 γίνεται.
2958 3590 3023 3641 Ἡ
3054 3588 3111 3641 δὲ
3136 3586 3238 3656 τῆς
3279 3585 3515 3654 σελήνης
3572 3582 3795 3648 ἔκλειψις

2229 3691 2293 3741 ἐκ
2321 3686 2414 3740 τοῦ
2442 3683 2891 3751 ἀποσκιάσματος
2921 3681 3021 3748 τῆς
3071 3678 3177 3747 γῆς
3227 3676 3457 3746 γίνεται,
3491 3676 3624 3728 ὅταν
3648 3674 3793 3741 γέγη-

2228 3798 2318 3833 ται
2369 3771 2895 3830 πεντεκαιδεκαταία
2953 3771 2986 3840 ἡ
3038 3767 3271 3837 σελήνη,
3337 3767 3433 3818 καὶ
3498 3763 3700 3833 εὑρεθῇ
3746 3762 3793 3823 ἐξ

2230 3867 2476 3928 ἐναντίας
2526 3862 2667 3916 κατὰ
2697 3860 2755 3913 τὸ
2779 3860 2947 3929 ἄκρον
3001 3857 3249 3925 κέντρον,
3281 3855 3309 3906 ὁ
3346 3853 3477 3923 μὲν-
3504 3851 3660 3920 ἥλιος

2229 3960 2356 4030 γῆν,
2389 3958 2423 4028 ἡ
2443 3956 2500 4009 δὲ
2526 3953 2727 4024 σελήνη
2752 3951 2893 4020 ὑπὲρ
2918 3945 3447 4019 γῆν.Ἀποσκίασμα
3473 3944 3585 4011 γὰρ
3617 3942 3791 4007 ποιεΞὴ

2228 4050 2322 4119 γῆ,
2361 4048 2453 4101 καὶ
2478 4047 2540 4100 οὐ
2558 4044 2751 4114 φθάνει
2776 4042 2837 4095 τὸ
2859 4040 3082 4111 ἡλιακὸν
3120 4038 3237 4107 φῶς
3266 4036 3504 4104 φωτίσαι
3528 4036 3626 4102 τὴν
3666 4033 3791 4099 σελή-

2229 4156 2347 4210 νην,
2380 4134 2635 4191 κακείθεν
2671 4131 2934 4186 ἐκλείπει.

2308 4248 2327 4281 ι
2355 4228 2467 4281 Καὶ
2493 4226 2599 4280 ἰδοὺ
2617 4223 2729 4293 ἐγὼ
2765 4222 2885 4294 μεθ’
2912 4220 3071 4290 ὑμῶν
3096 4220 3212 4289 είμι
3242 4219 3422 4277 πάσας
3445 4215 3545 4278 τὰς
3574 4214 3790 4285 ἡμέρας,

2227 4324 2333 4386 ἕως
2358 4322 2456 4392 τῆς
2482 4318 2793 4382 συντελείας
2822 4314 2914 4368 τοῦ
2939 4312 3157 4376 αἰῶνος.
3175 4313 3368 4381 ’Δμήν,
3401 4328 3419 4361 ι

2290 4414 2365 4467 Οὐ
2391 4412 2508 4483 μετ’
2531 4410 2756 4465 ἐκείνων
2780 4408 2941 4478 μόνον
2958 4401 3112 4457 εἶπεν
3132 4402 3372 4465 ἔσεσθαι,
3397 4399 3534 4453 ἀλλὰ
3557 4400 3650 4451 καὶ
3676 4398 3789 4467 μετὶ

544 4505 707 4557 etiam
736 4521 863 4559 cum
896 4508 1153 4562 omnibus
1184 4506 1280 4577 qui
1316 4516 1443 4577 post
1482 4508 1606 4564 illos
1634 4522 1794 4566 erant
1824 4512 2108 4567 credituri.

2239 4506 2456 4560 πάντων
2487 4502 2596 4555 τῶν
2631 4500 2748 4571 μετ’
2786 4499 3028 4560 ἐκείνους
3085 4495 3473 4549 πιστευόντων.
3512 4493 3585 4543 Οὐ
3612 4494 3713 4561 γᾶρ
3737 4491 3787 4557 δὴ

2239 4597 2253 4603 μ
2412 4594 2438 4603 α
2698 4592 2715 4603 ι
2765 4591 2777 4603 ι
2961 4588 2987 4599 ~
3057 4587 3111 4603 ου
3269 4587 3282 4603 ο
3316 4586 3333 4603 ι
3396 4583 3570 4603 )-__\_
3636 4583 3692 4603 ηε
3728 4600 3773 4603 -.ν

543 4587 664 4644 Νοιι
692 4592 837 4646 enim
871 4608 1044 4662 usque
1076 4592 1140 4647 ad
1172 4597 1711 4651 consummationem
1744 4599 1931 4653 szeculi
1961 4616 2118 4654 man-

546 4683 662 4737 suri
692 4695 849 4738 erant
911 4684 1182 4754 apostoli,
1233 4686 1327 4748 sed
1359 4696 1621 4757 tanquam
1685 4704 1853 4743 unum
1915 4706 2122 4761 corpus

548 4774 736 4830 ﬁdeles
756 4775 1078 4844 alloquitur.
1098 4775 1174 4831 Ne
1196 4778 1364 4846 enim,
1384 4778 1581 4849 inquit,
1613 4782 1745 4834 tnihi
1773 4797 1955 4838 rerum
1984 4785 2123 4839 dim-

545 4866 807 4918 cultatem
864 4867 1179 4934 objieiatis;
1218 4883 1317 4937 ego
1350 4873 1493 4923 enim
1530 4871 1818 4949 vobiscum
1856 4890 1997 4941 sum,
2028 4877 2119 4944 qui

549 4954 733 5005 omnia
759 4953 925 5007 reddo
949 4953 1151 5009 iacilia.
1181 4955 1293 5009 lloc
1332 4959 1614 5027 prophetis
1645 4965 1934 5031 quoquein
1968 4966 2113 5018 anti-

547 5060 654 5113 qua
674 5045 789 5118 lege
808 5046 1033 5102 assidue
1054 5048 1216 5113 dixit,
1237 5059 1348 5103 tum
1374 5050 1627 5108 Jercmize
1646 5056 1935 5124 pueritiam
1956 5074 2126 5113 excu-

549 5138 691 5191 santi
716 5178 730 5201 ,
772 5145 887 5191 tum
932 5138 1223 5199 Ezecl'ieli.
1261 5150 1372 5195 tum
1407 5141 1604 5214 Moysi,
1646 5146 1859 5202 obrutis
1886 5148 2121 5204 diﬂicul-

547 5237 660 5284 tate
689 5247 702 5283 :
738 5229 850 5301 Ego
883 5234 1149 5286 vobiscum
1182 5250 1319 5288 smn.
1355 5235 1432 5289 Ita
1451 5238 1615 5291 etiam
1646 5240 1798 5293 hisce
1831 5241 1942 5296 hic.
1971 5243 2119 5298 Con-

550 5319 735 5375 sidera
764 5337 895 5376 vero
925 5323 1056 5377 mihi
1089 5325 1257 5378 etiam
1292 5326 1381 5380 hic
1408 5327 1599 5381 horum
1627 5328 2011 5387 differentiam.
2039 5335 2118 5390 Illi

549 5413 819 5485 siquidem
852 5414 917 5467 ad
956 5430 1119 5468 unam
1168 5426 1384 5485 gentem
1420 5419 1571 5474 missi
1615 5436 1991 5492 saepenumero
2030 5441 2115 5480 re-

514 5576 519 5579 .
620 5525 642 5556 ³
673 5523 833 5578 Joan.
861 5541 955 5587 xu.
988 5525 1075 5579 3'2.

626 5706 702 5776 (5)
731 5706 811 5761 CI'.
842 5708 1028 5773 XCIV,
1064 5710 1167 5763 col.
1208 5706 1362 5773 1186,
1411 5706 1570 5761 1091.

2230 4597 2335 4660 ἓως
2378 4594 2479 4664 τῆς
2537 4591 2848 4653 συντελείας
2897 4588 2991 4642 τοῦ
3016 4587 3211 4649 αἰῶνος
3235 4587 3283 4638 οί
3306 4583 3599 4637 ἀπόστολοι
3632 4583 3789 4653 μένειν

2233 4690 2482 4761 ἔμελλον·
2506 4688 2619 4743 ἀλλ’
2649 4685 2724 4749 ὡς
2751 4683 2833 4737 ἑνὶ
2859 4681 3073 4752 σώματι
3096 4678 3403 4745 διαλέγεται
3428 4677 3546 4737 τοῖς
3580 4674 3785 4733 πιστοῖς.

2233 4781 2325 4851 Μὴ
2346 4782 2456 4850 γάρ
2519 4795 2629 4849 μοι,
2654 4776 2807 4845 φησὶ,
2831 4773 2930 4843 τὴν
2960 4768 3249 4823 δυσκολίαν
3277 4765 3472 4835 εἴπητε
3501 4765 3611 4816 τῶν
3672 4781 3789 4832 πρα-

2234 4874 2482 4944 γμάτων.
2537 4867 2682 4936 Ἐγὼ
2724 4869 2831 4935 γάρ
2886 4864 3004 4932 εἰμι
3038 4860 3158 4931 μεθ’
3213 4858 3365 4928 ὑμῶν
3420 4856 3601 4909 πάντα
3646 4856 3785 4907 ποιῶ-ι

2234 4969 2453 5023 εὔκολα.
2486 4964 2657 5019 Τοῦτο
2687 4962 2781 5014 καὶ
2822 4961 2933 5021 τοῖς
2957 4959 3269 5026 προφήταις
3306 4951 3491 5018 ἔλεγεν
3521 4953 3577 5002 ἐν
3602 4954 3662 5019 τῇ
3696 4950 3783 5000 Il:-

2235 5060 2361 5128 λαιᾷ
2409 5052 2674 5124 συνεχῶς,
2711 5049 2809 5102 καὶ
2838 5046 2917 5115 τῷ
2958 5042 3205 5115 Ἱερεμίᾳ
3250 5039 3483 5107 νεότητα
3513 5033 3781 5128 3906:919-

2237 5125 2403 5221 μένῳ,
2428 5146 2522 5201 καὶ
2544 5143 2621 5214 τῷ
2660 5141 2858 5208 Μωσῇ,
2897 5136 2993 5189 καὶ
3017 5128 3377 5200 τῷῚεζεκιήλ
3408 5125 3780 5192 ἀναδυομένοις,

2237 5214 2384 5311 ἶΕγιί)
2408 5242 2525 5309 εἰμι
2555 5234 2686 5307 μεθ’
2725 5230 2914 5300 ὑμῶν.
2948 5224 3107 5279 Οὕτω
3165 5222 3259 5275 καὶ
3289 5217 3525 5272 ἐνταῦθα
3582 5214 3778 5272 τούτοις.

2230 5304 2429 5387 Σκόπει
2460 5304 2568 5382 *δέ*
2614 5342 2703 5397 μοι
2749 5318 3028 5376 κάνταῦθα
3088 5315 3188 5383 τὴν
3254 5311 3461 5363 τούτων
3532 5304 3778 5397 διαςορᾶᾼν,

2241 5427 2468 5480 Ἐκεῖνοι
2526 5393 2626 5479 μὲν
2689 5416 2792 5485 γὰρ
2818 5414 2895 5475 είς
2921 5410 2978 5465 ἓν
3012 5409 3167 5469 ἔθνος
3189 5400 3647 5468 ἀποστελλόμενοι
3674 5393 3778 5446 πολ-

2138 5622 2368 5678 NOTAE.
