3874 6350
148 335 286 403 1513
1015 334 1350 397 JOANNES
1388 331 1877 395 PATRIARCIIA
1911 334 2018 393 CP.
2056 358 2123 367 —
2162 332 2494 395 NOTITIA.
3277 340 3412 405 μη

147 451 309 515 λάκις
361 448 708 522 παρῃτοῦντο
742 466 755 481 ·
788 443 936 504 οὗτοι
963 448 1022 502 δὲ
1079 449 1229 502 οὐδὲν
1272 448 1514 503 τοιοῦτον
1543 445 1735 514 ἐφθέγ-

1842 453 2149 508 cusarunt,
2197 446 2250 499 lii
2280 461 2412 501 vero
2441 446 2576 501 nihil
2624 446 2731 503 tale
2791 449 3150 519 protulerunt
3188 463 3312 503 cum
3347 452 3415 504 ad

146 540 313 603 ξαντο
342 541 423 604 εις
472 542 571 610 τὴν
629 538 958 609 οἰκουμένην
1009 538 1374 609 πεμπόμενοι.
1411 538 1484 590 T6
1511 537 1568 590 δὲ
1602 536 1733 601 ἕως,

1841 536 2165 591 universum
2199 544 2480 592 terrarum
2513 538 2703 593 orbem
2736 540 3112 596 mitterentur.
3150 539 3285 594 Illud
3322 555 3420 593 au-

144 628 422 699 πολλαχοΰ
439 629 540 698 τῆς
556 628 805 700 Γραφῆς,
828 628 926 700 τὴν
953 628 1053 697 μὲν
1078 627 1171 681 τοῦ
1193 627 1503 699 ὡρισμένου
1536 626 1731 696 χρόνου

1841 634 1973 691 tem,
2007 643 2201 698 usque,
2233 628 2562 699 plerumque
2604 629 2658 684 in
2696 644 2858 685 sacra
2886 631 3171 702 Scriptura
3204 628 3418 685 detinui

146 719 491 790 προθεσμίαν
550 721 810 791 σημαίνει
842 737 856 754 ’
902 720 1002 774 οὐκ
1065 721 1377 790 ἀποφάσκει
1406 720 1463 773 δὲ
1500 719 1561 771 τδ
1597 716 1734 789 μετὰ

1841 720 2111 790 temporis
2148 721 2606 776 constitutionem
2649 722 2859 778 indicat
2888 764 2903 790 ,
2952 738 3064 778 non
3094 722 3285 778 deﬁnit
3318 739 3417 776 au-

141 810 341 865 ταῦτα.
360 810 587 881 Εἴρηται
623 811 716 863 νῦν
745 813 873 883 περὶ
902 812 1003 882 τῆς
1037 813 1431 882 Ἀειπαροένου
1465 810 1731 864 Θεοτόκου

1841 820 1947 864 tem
1981 810 2128 880 quod
2171 821 2359 882 postea
2389 814 2515 867 erit.
2552 811 2772 868 Dictum
2810 815 2923 884 jam
2960 823 3045 869 est
3078 815 3145 869 de
3199 829 3418 883 semper

135 904 230 956 ὅτι
253 904 353 956 οὐκ
380 903 682 971 ἐγίνωσκεν
713 904 884 975 αὐτὴν
920 906 949 957 6
991 906 1214 975 Ἰωσὴφ,
1243 905 1348 966 ἕως
1375 898 1436 957 οὗ
1464 903 1617 956 ἔτεκε
1643 902 1733 955 τὸν

1841 900 2066 973 Virgine
2096 902 2330 973 Deipara
2354 945 2367 967 ,
2404 904 2550 974 quod
2582 920 2695 961 non
2731 908 3102 977 cognoscebat
3140 907 3288 960 illam
3321 905 3417 960 Jo-

135 994 265 1046 υἱὸν
311 993 487 1061 αὐτῆς
539 993 632 1045 τὸν
672 994 1022 1064 πρωτότοκον
1048 1010 1061 1022 ·
1095 993 1191 1046 καὶ
1221 991 1282 1046 οὗ
1312 992 1365 1044 τί
1390 1007 1492 1045 που
1522 992 1733 1062 οἰητέον

135 1087 232 1139 ὅτι
300 1084 439 1156 μετά
491 1083 666 1137 ταῦτα
743 1084 939 1155 ἀνδρὸς
1006 1085 1308 1151 συνάφειαν
1380 1082 1729 1147 κατεδέξατο.

150 1176 566 1246 Ἐπηγγείλατο
605 1174 702 1229 οὖν
740 1174 1019 1229 κάνταῦθα
1057 1176 1085 1228 6
1112 1174 1320 1245 Κύριος
1348 1175 1453 1238 ἕως
1482 1174 1581 1244 τῆς
1611 1192 1733 1227 συν-

136 1270 364 1331 τελείας
393 1263 536 1321 εἶναι
571 1267 689 1338 μεθ’
709 1266 891 1337 ἡμῶν,
915 1267 1016 1337 οὐχ
1039 1266 1114 1328 ὡς
1140 1265 1280 1335 μετά
1298 1264 1396 1335 τὴν
1422 1264 1516 1316 τοῦ
1538 1264 1734 1326 αἰῶνος

138 1359 467 1414 συντέλειαν
499 1358 999 1431 χωρισθησόμενος.
1030 1358 1168 1428 Φησὶ
1199 1355 1331 1425 γοῦν
1358 1357 1385 1409 6
1405 1354 1547 1419 θεῖος
1573 1355 1732 1408 Ἀπό-

141 1453 358 1519 στοὶος,
409 1454 491 1506 ὅτι
551 1452 693 1523 μετά
754 1451 854 1521 τὴν
896 1449 1086 1521 κοινὴν
1139 1447 1441 1503 ἀνάστασιν
1514 1448 1732 1515 Ἀρπα-

139 1546 458 1615 γησόμεθα
471 1545 542 1598 ἐν
560 1542 847 1613 νεφέλαις
874 1545 963 1608 είς
994 1541 1345 1610 ἀπάντησιν
1373 1542 1481 1596 τοῦ
1508 1541 1732 1609 Κυρίου

141 1644 238 1706 εις
269 1640 439 1707 ἀέρα,
469 1638 567 1691 καὶ
595 1638 784 1703 οὕτως
806 1636 1067 1690 πάντοτε
1092 1635 1219 1689 σὺν
1239 1634 1435 1702 Κυρίῳ
1454 1634 1732 1703 ἐσόμεθα.

155 1730 598 1800 Ἀναμιμνήσκει
628 1727 687 1781 δὲ
708 1727 908 1790 αὐτοὺς
968 1726 1063 1779 καὶ
1116 1728 1219 1796 τῆς
1256 1723 1590 1788 συντελείας,
1645 1724 1730 1777 ἴνα

144 1820 354 1891 μᾶλλον
410 1822 608 1884 αὐτοὺς
667 1819 1066 1889 ἀφελκύσηται,
1120 1817 1220 1872 καὶ
1269 1816 1444 1889 μὴτά
1487 1815 1733 1888 παρόντα

142 1914 284 1984 όρᾷν
311 1912 454 1983 ἀηδῆ
511 1911 695 1981 μόνον,
742 1911 880 1964 ἀλλά
910 1910 1007 1964 καὶ⁸
1036 1909 1104 1963 τὰ
1146 1909 1409 1980 μέλλοντα
1446 1907 1628 1976 ἀγαθά
1663 1907 1733 1961 τά

145 2002 438 2073 ἀπέραντα
463 2018 477 2033 ο
517 2001 584 2055 τά
608 2001 704 2071 μὲν
768 2000 880 2072 γὰρ
929 2000 1157 2074 λυπηρά
1198 2015 1363 2070 φησιν
1413 1997 1559 2069 ἅπερ
1600 1998 1734 2051 ὐπο-

145 2094 419 2166 στήσεσθε
443 2094 502 2147 ὲν
531 2091 610 2164 τῷ
639 2092 870 2163 παρόντι
904 2090 1027 2163 βίῳ,
1067 2089 1559 2159 συγκαταλύονταιο
1595 2089 1732 2142 ὅπου

146 2204 214 2255 γε
238 2187 335 2240 καὶ
369 2186 532 2250 αὐτὸς
564 2188 592 2241 6
618 2184 755 2241 αἰὼν
812 2179 969 2249 οὗτος
998 2186 1077 2247 είς
1105 2181 1417 2237 συντέλειαν
1468 2180 1589 2251 ἥξει
1611 2196 1626 2211 ο
1666 2179 1736 2233 τὰ

146 2278 207 2330 δὲ
247 2276 462 2348 χρηστά
490 2269 567 2332 ὧν
598 2275 979 2331 ἀπολαύσεσθε
1035 2274 1283 2330 ἀθάνατα
1338 2274 1510 2345 μένει.
1550 2271 1735 2336 Οὕτως

145 2367 381 2437 ἀλείψας
440 2369 537 2423 καὶ
596 2366 820 2439 ἐγείρας
865 2365 1048 2420 αὐτῶν
1082 2365 1153 2419 τὰ
1172 2369 1520 2436 φρονήματα,
1557 2363 1734 2434 καὶτῇ

151 2460 347 2531 μνήμῃ
411 2458 515 2525 τῆς
577 2458 792 2529 ἡμέρας
846 2456 1061 2527 ἐκείνης
1115 2454 1444 2525 ἐξέπεμψεν.
1508 2454 1576 2507 Ἦ
1628 2455 1738 2526 γὰρ

149 2550 336 2621 ἡμέρα
384 2549 570 2618 ἐκείνη
609 2550 724 2611 τοῖς
760 2551 817 2602 ὲν
852 2547 1247 2619 κατορθώμασι
1301 2546 1434 2612 ζῶσι
1491 2546 1736 2617 ποθεινὴ,

150 2639 343 2711 ὥσπερ
395 2634 489 2693 οὖν
516 2641 629 2702 τοῖς
663 2640 723 2691 ὲν
758 2639 1128 2709 ἁμαρτήμασι
1190 2636 1420 2709 φοϐερὰ,
1481 2636 1738 2707 καθάπερ

148 2735 268 2797 τοῖς
315 2730 631 2794 καταδίκοις
673 2747 686 2763 ο
730 2730 869 2784 ἀλλὰ
916 2730 991 2801 μὴ
1055 2728 1383 2800 φοϐηθῶμεν
1437 2729 1599 2800 μόνον
1645 2729 1741 2782 καὶ⁵

153 2828 494 2895 φρίττωμεν,
540 2823 681 2879 ἀλλά
715 2823 811 2877 καὶ
870 2821 1340 2892 μεταϐαλλώμεθα
1387 2821 1493 2887 ἕως
1547 2821 1741 2893 καιρός

153 2920 297 2981 ἐστι,
358 2916 459 2987 τὴν
515 2914 690 2986 καλὴν
745 2914 1031 2968 ἀλλοίωσιν
1092 2913 1485 2984 ἀλλοιούμενοι,
1520 2914 1607 2967 ἵνα
1643 2914 1741 2984 τῆς

154 3005 381 3061 αἰωνίου
439 3004 588 3075 ζωῆς
648 3004 1052 3074 ἀπολαύσωμεν
1082 3005 1140 3059 ὲν
1175 3004 1397 3074 Χριστῷ
1446 3004 1619 3075 Ἰησοῦ
1658 3003 1737 3074 τῷ

155 3099 353 3171 Κυρίῳ
411 3098 592 3170 ἡμῶν,
616 3092 661 3167 ᾧ
694 3099 728 3170 ή
764 3097 893 3162 δόξα
929 3098 1022 3151 καὶ
1046 3098 1105 3150 τὸ
1131 3097 1336 3168 κράτος
1396 3099 1493 3152 σὺν
1538 3096 1617 3169 τῷ
1649 3098 1745 3152 ἀνα

1840 994 1976 1064 sepli
2040 993 2215 1049 donec
2264 995 2485 1066 peperit
2536 998 2709 1053 lilium
2752 1014 2913 1053 suum
2952 997 3416 1069 primogenitum;

1838 1105 2018 1161 neque
2044 1091 2226 1145 simile
2256 1091 2465 1161 aliquid
2498 1094 2803 1162 putandum
2838 1101 2945 1157 est,
2973 1092 3118 1163 quod
3149 1100 3272 1163 post
3301 1092 3418 1145 ltarc

1837 1182 1943 1235 viri
1977 1184 2230 1253 copulam
2270 1185 2601 1253 susceperit,
2640 1186 3000 1239 annuutiavit
3049 1185 3222 1255 igitur
3252 1183 3416 1237 etiam

1837 1272 1927 1327 hic
1949 1272 2217 1331 Dominus
2274 1293 2288 1329 :
2314 1291 2491 1347 usque
2522 1276 2587 1330 ad
2620 1277 3154 1332 consummationem
3182 1290 3240 1330 se
3269 1274 3419 1327 futu-

1838 1380 1959 1419 rum
1992 1365 2308 1431 nobiscum,
2339 1382 2449 1422 non
2486 1374 2746 1437 tanquam
2779 1376 2905 1437 post
2934 1367 3119 1421 saeculi
3151 1379 3417 1420 consum-

1836 1456 2138 1512 mationem
2170 1456 2571 1529 segregandus.
2594 1458 2684 1512 Ait
2712 1457 2887 1529 igitur
2916 1458 3143 1514 divinus
3176 1458 3417 1527 Aposto-

1837 1550 1966 1605 lus:
2001 1548 2135 1605 Post
2156 1563 2509 1605 communem
2549 1551 3033 1606 resurrectionem
3062 1551 3333 1619 rapiemur
3360 1549 3419 1601 in

1835 1640 2062 1695 nubibus
2096 1640 2302 1696 obviam
2338 1640 2563 1696 Domino
2591 1643 2643 1695 in
2675 1658 2825 1707 aera,
2853 1652 2902 1696 et
2938 1641 3015 1696 sic
3067 1655 3272 1708 semper
3302 1656 3421 1692 cunt

1841 1730 2062 1786 Domino
2115 1732 2311 1787 erimus
2358 1732 2399 1786 ⁸.
2438 1731 2497 1786 1η
2537 1735 2859 1786 memoriam
2940 1741 3123 1788 autem
3201 1739 3423 1785 revocat

1838 1823 2400 1887 consummationem,
2434 1828 2493 1876 ut
2522 1820 2698 1892 magis
2738 1836 2836 1877 eos
2881 1821 3190 1891 pertrahat,
3238 1835 3415 1890 neque

1837 1912 2129 1982 praesentia
2164 1922 2378 1966 tantum
2413 1912 2639 1967 videant
2672 1928 2800 1982 qua:
2832 1912 3103 1966 terribilia
3139 1919 3293 1975 sunt,
3322 1927 3389 1966 ve
3410 1940 3422 1950 -

1838 2017 1963 2058 rum
1994 2004 2161 2058 etiam
2197 2001 2390 2056 futura
2425 2002 2567 2056 bona
2599 2002 2814 2057 inﬁnita
2846 2020 2858 2056 :
2885 2003 3071 2059 tristia
3118 2004 3291 2066 enim,
3328 2003 3421 2065 in-

1838 2095 1979 2165 quit,
2009 2108 2131 2164 quae
2162 2095 2216 2149 in
2239 2096 2501 2165 praesenti
2535 2095 2740 2150 saaculo
2772 2094 3085 2161 sustinetis,
3105 2096 3423 2151 dissolveno

1842 2193 1954 2251 tur;
2000 2185 2074 2240 ibi
2115 2187 2283 2242 etiam
2320 2187 2618 2258 ipsummet
2664 2185 2931 2241 saeculum
2965 2185 3034 2240 ad
3063 2200 3420 2240 consumma-

1843 2278 2048 2333 tionem
2080 2278 2284 2344 veniet,
2320 2279 2465 2334 bona
2494 2293 2626 2333 vero
2648 2278 2854 2347 quibus
2890 2275 3157 2332 fruemiui
3189 2276 3419 2330 immoro

1842 2369 1975 2424 talia
2028 2378 2273 2425 manent.
2347 2369 2429 2423 Ita
2485 2369 2727 2440 erigens,
2789 2367 3155 2436 excitansque
3227 2380 3420 2421 eorum

1842 2466 2078 2526 mentes,
2129 2459 2184 2514 in
2238 2459 2563 2515 memoriam
2615 2458 2725 2513 diei
2778 2458 2927 2513 illius
2990 2457 3238 2513 admisit.
3294 2456 3422 2512 Dies

1841 2553 1990 2608 enim
2024 2553 2119 2606 illa
2171 2551 2240 2607 iis
2269 2553 2363 2622 qui
2395 2558 2564 2623 Opera
2618 2552 2759 2606 bona
2793 2549 3158 2621 praestiterint
3188 2550 3243 2603 in
3278 2548 3425 2604 desi-

1843 2643 1997 2699 derio
2022 2651 2126 2708 est,
2169 2634 2639 2713 quemadmodum
2696 2640 2752 2695 in
2805 2639 3046 2711 peccatis
3104 2637 3424 2693 viventibus

1855 2736 2146 2803 terribilis,
2180 2743 2370 2805 utpote
2403 2733 2788 2789 condemnatis
2814 2751 2829 2786 :
2853 2731 2951 2788 sed
2982 2745 3094 2785 non
3129 2730 3424 2786 timeamus

1848 2835 2062 2883 tantum
2102 2835 2159 2883 et
2197 2827 2685 2889 exhorrescamus,
2742 2839 2930 2879 verum
2980 2822 3148 2877 etiam
3188 2834 3427 2877 conver-

1849 2929 2033 2976 tamur
2062 2920 2195 2975 dum
2220 2927 2439 2988 tempus
2467 2925 2573 2983 est,
2607 2916 2754 2970 bona
2784 2913 3088 2967 mutatione
3113 2911 3331 2979 mutati,
3365 2919 3426 2965 ut

1848 3013 2187 3083 sempiterna
2223 3010 2336 3065 vita
2368 3007 2619 3063 fruamur
2661 3005 2716 3060 in
2759 3002 2986 3059 Christo
3010 3001 3142 3057 Jesu
3189 3000 3425 3057 Domino

1850 3114 2079 3172 nostro;
2120 3102 2213 3157 cui
2266 3100 2446 3172 gloria
2491 3106 2543 3154 et
2583 3095 2874 3168 imperium
2929 3108 3055 3149 cum
3090 3091 3254 3148 Patre
3306 3091 3427 3147 sine

156 3190 315 3261 ἀρχῳ
379 3188 574 3259 Πατρὶ,
639 3188 842 3258 καὶτῷ
868 3188 1119 3260 ζωοποιῷ
1173 3189 1478 3260 Πνεύματι,
1528 3188 1624 3243 νῦν
1644 3191 1735 3243 καὶ

1851 3194 2143 3267 principio,
2166 3200 2221 3249 et
2243 3190 2461 3246 viviﬁco
2488 3189 2725 3260 Spiritu,
2742 3195 2798 3242 et
2823 3200 2991 3251 nunc,
3022 3192 3077 3242 et
3103 3197 3345 3254 semper,
3368 3190 3423 3235 et

158 3280 269 3342 ἀεὶ,
297 3281 392 3335 καὶ
415 3283 495 3345 είς
518 3281 646 3344 τοὺς
675 3279 881 3345 αἰῶνας
905 3281 1014 3335 τῶν
1034 3280 1269 3337 αἰώνων.
1316 3283 1374 3336 ’A
1382 3284 1507 3354 μήν.

279 3436 518 3493 lTliess.
553 3453 628 3506 tv,
663 3436 752 3493 16.

1847 3286 1902 3341 in
1936 3284 2139 3341 saecula
2173 3282 2523 3338 saeculorum.
2558 3279 2750 3333 Amen.

182 3632 3416 3686 Μ

1431 3815 1605 3863 ANNO
1657 3815 1886 3861 DOMINI
1934 3816 2161 3860 DCCXV.

1309 3969 2279 4170 JOANNES

560 4300 1965 4400 CONSTANTINOPOLITAN
1991 4302 2127 4392 US
2249 4295 3043 4389 PATRIARCHA.

1363 4658 2209 4775 NOTITIA.

1178 4873 1341 4935 (Mica.
1382 4872 1587 4929 [εουιεισ
1613 4872 1783 4922 Oriens
1818 4866 2079 4920 Christian.
2102 4873 2137 4916 t.
2167 4866 2205 4926 Ι,
2234 4880 2281 4929 ρ.
2305 4864 2441 4930 Ξὸί.)

258 5191 417 5268 Cyro
465 5186 769 5268 suffectus
814 5185 1090 5268 J_oan_nes_
1139 5185 1378 5268 fuit_ex
1435 5184 1703 5268 diacono
1761 5188 1822 5268 et
1878 5178 2255 5268 chartulario
2289 5193 2321 5268 ;_
2365 5176 2442 5235 de
2496 5187 2626 5251 quo
2670 5166 3421 5268 ATlreopliauesinand“Ian:

176 5244 411 5328 nui“)?
430 5244 765 5346 Ρὶιῖἧρξνίἑί
801 5244 1468 5346 ΑΒᾶᾑῐξξῘξῆιῖΒ-ἷῄίιΡφΓῐὮ
1510 5257 2192 5346 Ρὴὶιὶρρὶοιιε,ηἱηᾳυὶῖ,
2248 5244 2544 5346 adversus
2578 5244 2876 5346 sanetam
2915 5252 2976 5308 et
3009 5244 3429 5346 universalreru

180 5325 766 5424 ἑξῶἆυιυεθῖιῖδέυ
794 5325 1011 5405 invehi
1056 5360 1186 5424 non
1217 5342 1491 5424 erubuit,
1525 5325 2008 5424 sacrajluzeilla
2028 5325 2315 5397 sanxerat
2346 5333 2634 5424 dogmata
2679 5327 2946 5424 studens
2972 5331 3285 5424 evertere:
3306 5325 3432 5424 Qui

179 5409 245 5485 in
266 5422 429 5486 hanc
459 5441 636 5486 suam
667 5424 1044 5486 sententiam
1065 5422 1252 5489 irent.
1296 5409 1606 5483 Joannem
1655 5409 1769 5479 (3Ρῖ
1803 5417 2197 5495 episcOpum,
2230 5429 2445 5495 quem,
2485 5409 2808 5495 Cyroﬂeius
2839 5414 3173 5495 decessore
3193 5409 3430 5495 amoto.

181 5480 245 5565 et
263 5480 1222 5573 iiiiiioh'é'siériaehbi'aﬁméa,
1240 5480 1593 5570 creaverat,
1627 5480 2005 5559 Germanum
2027 5480 2606 5578 'Cyzi'ciiAntir'eam
2633 5480 2826 5546 Cretee
2859 5491 2921 5544 et
2951 5483 3106 5572 alios
3143 5480 3431 5578 φίὶξιξοιίῇῐξ

181 5580 289 5658 qui
312 5581 642 5643 anathema
673 5581 737 5641 in
770 5587 1048 5641 sanctam
1080 5567 1392 5657 synodum
1432 5567 1669 5638 sextam
1700 5567 2108 5636 intorserunt'.
2162 5594 2195 5658 _»
2241 5571 2360 5658 Tot
2386 5567 2475 5627 illi
2506 5568 2717 5642 itaque
2756 5567 2965 5658 magni
2997 5567 3435 5658 _nomiuis__vj:t‘l

182 5635 391 5738 i'mpiis
414 5635 663 5738 tyranni
698 5635 1807 5738 hujus-vnio“minimis—moremtunc
1856 5656 2199 5738 gesserunt,
2234 5647 2463 5738 quibus
2530 5635 2659 5732 non
2693 5648 2782 5701 sat
2815 5635 3036 5738 virium
3059 5638 3133 5738 ad
3169 5637 3245 5728 'ei
3271 5635 3434 5738 resi-

189 5718 1012 5800 stendumesset/meretur;
1043 5738 1272 5797 Verum
1318 5734 1671 5813 Philippico
1716 5718 1970 5797 detruso
2010 5735 2069 5790 et
2118 5718 2454 5798 excmcato,
2503 5722 2763 5800 ejusque
2818 5719 2882 5779 in
2918 5718 3123 5779 locum
3164 5718 3437 5792 inaugu—
