3874 6350
458 372 611 440 1419
965 393 974 402 ·
1559 372 2414 435 ΙΟΑΝΝΙΞ-ΡΑΤΒΙΑΗΟΗᾹΞ
2450 372 2559 432 CP.
3609 374 3769 439 “in

469 492 692 547 lentia:n
716 530 730 556 ,
765 505 873 545 non
914 488 1061 559 quod
1089 486 1301 558 justum
1331 497 1417 543 est
1447 500 1510 543 ac
1542 487 1868 561 legitimum,
1894 504 2039 559 prte-

2152 488 2239 559 ιύχ
2272 486 2431 557 ἡμῶν
2464 486 2580 539 ἐστι
2602 484 2714 541 τῶν
2744 485 2907 540 θείων
2934 487 3221 559 χριμάτων
3249 489 3339 543 τὸν
3370 488 3547 561 βυθὸν
3587 492 3767 560 ἔρευ-

475 592 739 648 struens;
782 589 908 636 ante
935 581 1117 652 ipsum
1156 595 1317 636 suum
1353 581 1703 652 ingressum,
1745 596 1847 653 pro
1877 582 2040 652 regite

2152 579 2290 651 νᾷν),
2326 578 2585 650 θεμέλιον
2640 577 2735 631 καὶ⁵
2795 577 3110 650 ὑπόϐαθρον
3172 581 3269 634 τοῦ
3328 583 3591 654 κράτους
3623 621 3645 647 ,
3703 582 3763 634 τὸ

464 676 752 731 vestibulis
796 673 1137 744 propositam
1178 687 1352 728 sacra:
1392 681 1563 730 sextae
1600 674 1795 747 synodi
1847 673 2041 744 imagi-

2152 670 2320 741 βίαιον
2367 671 2464 724 καὶ
2496 670 2597 723 οὐκ
2627 668 2854 740 ἔννομον
2881 670 3330 742 προϐαλλόμενος
3359 671 3611 726 καθεῖλε
3662 672 3763 741 μὲν

466 780 619 830 nem,
653 766 905 821 sustulit.
945 765 1084 820 Cum
1116 780 1283 836 porro
1304 764 1595 835 profanum
1628 766 1707 837 (ὃ)
1737 780 1837 821 nec
1861 765 2040 820 eccle-

2152 762 2237 817 ιιαὶ
2271 761 2381 833 πρὸ
2402 761 2503 831 τῆς
2526 758 2722 815 ἑαυτοῦ
2748 760 2959 815 εἰσόδου
2996 763 3098 833 την
3127 762 3505 820 ἀνα-τεθεῖσαν
3541 766 3613 817 ἐν
3644 767 3764 827 τοις

464 856 676 913 siastici
733 857 912 912 nostri
967 855 1184 912 ordinis
1244 857 1559 925 hominem,
1608 857 1798 913 eadem
1852 868 2039 911 secum

2152 853 2459 924 προαυλίοις
2482 851 2591 907 τῶν
2638 851 2955 924 βασιλικῶν”
2978 853 3161 908 εἰκόνα
3204 855 3306 925 τῆς
3356 856 3540 925 άγίας
3572 857 3765 926 ἕκτης

462 960 726 1017 perverse
764 946 1095 1018 sapientem,
1131 946 1189 1001 in
1236 946 1538 1016 pontiﬁcali
1591 946 1795 1001 throno
1834 942 2043 1001 consti-

444 1048 625 1095 -tuere
659 1038 845 1106 vellet,
868 1037 1201 1093 venerabilis
1227 1037 1360 1092 cleri
1393 1038 1568 1093 nostri
1595 1037 1802 1107 impetu
1842 1051 1907 1091 ac
1942 1052 2032 1092 re-

466 1129 709 1185 nitentia
769 1128 1099 1200 prohibente
1120 1169 1135 1194 ,
1166 1128 1300 1183 nihil
1350 1143 1453 1184 nos
1482 1128 1594 1183 tale
1624 1136 2031 1198 exspectantes,

468 1221 608 1275 nihil
632 1220 901 1284 volentes,
929 1234 1033 1276 nec
1062 1220 1184 1275 sine
1205 1220 1397 1275 dolore
1414 1229 1471 1275 et
1495 1219 1746 1275 molestia
1779 1219 2043 1289 luctuque

462 1310 643 1378 omni,
677 1324 791 1364 rem
828 1309 1097 1379 ejusmodi
1128 1309 1421 1379 patientes,
1452 1308 1520 1363 ad
1550 1309 1903 1380 pontiﬁcatus
1925 1307 2046 1379 dig-

468 1402 696 1456 nitatem
755 1400 1079 1472 apicemque
1111 1399 1379 1471 provexit.
1420 1398 1559 1465 Quis
1611 1399 1759 1454 enim
1813 1413 2045 1470 prorsus

470 1491 797 1561 inexpertus
851 1489 930 1545 rei
964 1490 1203 1545 nautica:
1239 1502 1431 1545 navem
1466 1486 1839 1553 conscendat,
1878 1487 2049 1544 susti-

450 1590 741 1653 neatque,
776 1581 865 1638 vel
915 1580 1113 1637 fretum
1153 1581 1447 1652 trajicere;
1488 1589 1548 1637 ut
1599 1596 1668 1637 ne
1699 1581 1903 1642 dicam.
1948 1595 2047 1651 per

472 1674 616 1745 longi
645 1674 814 1729 maris
842 1680 1056 1729 tractus
1086 1673 1488 1744 profectionem
1517 1674 1790 1729 adornare
1817 1689 1833 1739 ;
1889 1672 2046 1728 solus

2102 980 2111 993 ι
2145 944 2392 998 συνόδου’
2418 945 2826 1015 ἐγκαταστῆσαι
2864 944 2921 998 δὲ
2950 945 3234 1017 βουληθεὶς
3275 945 3477 1010 είςτὸν
3498 948 3613 1017 τῆς
3653 948 3763 1017 ἀρ-

2143 1034 2483 1106 χιερωσύνης
2530 1033 2743 1106 θρόνον,
2795 1035 2967 1108 ἄνδρα
3014 1036 3117 1090 οὐκ
3165 1037 3232 1091 ἐκ
3280 1037 3380 1090 τοῦ
3429 1038 3762 1108 ἐκκλησια-

2146 1124 2330 1180 στικοῦ
2366 1123 2524 1196 ἡμῶν
2562 1110 2822 1194 συλλόγου
2869 1127 3249 1198 τυγχάνοντα,
3274 1128 3382 1199 τῆς
3413 1128 3477 1181 δὲ
3526 1130 3761 1191 οἰκείας

2145 1216 2533 1284 ἑνδιαστρόφου
2561 1215 2790 1288 γνώμης
2839 1217 3155 1289 ὁμόφρονα,
3194 1219 3349 1289 ὅμως
3380 1221 3455 1290 τῇ
3486 1218 3595 1272 τοῦ
3626 1217 3758 1271 καθ’

2144 1308 2296 1379 ἡμᾶς
2321 1305 2552 1378 εύαγοῦς
2597 1308 2806 1381 κλήρου
2854 1309 3003 1381 ὁρμῇ
3046 1309 3142 1363 καὶ
3172 1309 3422 1364 ινστάσει
3461 1309 3755 1381 βιασθεὶς.

2147 1396 2466 1468 προήγαγεν
2495 1396 2646 1469 ἡμᾶς
2676 1397 2738 1451 οὐ
2775 1398 3220 1470 προσδοκῶντας,
3251 1399 3310 1453 οὐ
3339 1399 3755 1472 βουλομένους,

2145 1486 2248 1541 οὐκ
2281 1486 2507 1551 ἀπαθῶς
2533 1505 2591 1542 τε
2617 1489 2710 1542 καὶ
2738 1488 2961 1563 ἀϐαρῶς
2988 1490 3083 1543 καὶ
3105 1489 3228 1561 δίχα
3258 1491 3471 1555 παντὸς
3497 1490 3755 1563 ὀδυρμσῦ

2145 1577 2208 1630 τὺ
2243 1577 2503 1632 τοιοῦτον
2528 1579 2950 1651 ὑπομείναντας,
2987 1582 3125 1652 πρὸς
3174 1582 3274 1653 τὴν
3314 1583 3420 1654 τῆς
3456 1584 3756 1654 ἀρχιερω-

2148 1666 2318 1740 σύνης
2346 1669 2505 1735 ἀξίαν
2533 1671 2628 1724 καὶ
2649 1672 2922 1742 κορυφήν.
2954 1672 3053 1736 Τίς
3082 1672 3193 1745 γὰρ
3212 1673 3279 1727 ἂν
3302 1675 3575 1745 ἀπείρως
3608 1674 3753 1743 ἔχων

475 1765 591 1833 ipse
628 1765 900 1820 creditum
923 1766 1132 1819 habens
1165 1765 1324 1819 navis
1362 1765 1824 1833 gubernaculum,
1863 1762 2041 1819 ident-

2152 1761 2326 1832 πάντη
2356 1760 2451 1815 τοῦ
2492 1762 2676 1816 πλέειν
2697 1761 2793 1833 τὴν
2830 1762 3130 1828 θάλασσαν,
3162 1765 3287 1835 νηὸς
3313 1765 3629 1837 ἐπιϐαίνῃ,
3659 1768 3753 1820 καὶ

472 1871 578 1927 que
608 1859 745 1924 ipse,
778 1870 887 1909 una
917 1870 1043 1908 cum
1074 1855 1393 1909 vectoribus
1424 1855 1545 1909 aliis
1579 1855 2037 1925 gubernationem

477 1945 788 2015 recipiens?
815 1945 970 2011 Quod
1005 1955 1058 1999 et
1088 1948 1141 1999 in
1192 1946 1354 1999 nobis
1401 1946 1658 2015 quisquis
1693 1945 1991 2015 dispexerit
2025 1963 2039 2000 :

476 2053 657 2108 neque
711 2037 856 2093 enim
919 2036 1218 2103 aliquando
1260 2037 1327 2091 iis
1366 2035 1724 2092 adhibuimus
1764 2035 2041 2102 studium,

444 2142 595 2199 'qum
632 2127 869 2181 maxime
916 2125 1110 2181 decent
1160 2127 1483 2197 pontiﬁces,
1540 2142 1605 2182 ac
1653 2128 1734 2183 eis
1790 2142 2039 2197 congrua

471 2226 621 2285 sunt,
656 2232 757 2273 nec
784 2216 997 2272 illustre
1027 2217 1234 2288 aliquid
1281 2220 1576 2277 habuimus
1602 2222 1659 2275 in
1682 2220 2042 2291 dignitatibus

448 2308 887 2370 ecclesiasticis,
934 2310 1323 2379 mysteriorum
1360 2312 1462 2366 soli
1518 2313 1832 2367 ministerio
1863 2312 2045 2368 inces-

450 2412 659 2458 santer
691 2408 989 2465 vacantes;
1026 2400 1169 2453 haud
1202 2415 1353 2457 certe
1404 2404 1583 2458 nostri
1636 2403 1689 2456 in
1732 2403 1837 2458 hoc
1870 2405 2042 2458 animi

472 2490 936 2553 involuntarium,
988 2490 1267 2557 putaverit
1316 2505 1425 2545 non
1469 2492 1676 2547 habere
1709 2492 1904 2560 ﬁdem;
1937 2494 2041 2548 hoc

473 2582 634 2636 nobis
677 2588 879 2633 nostra:
929 2580 1283 2634 conscientia:
1332 2580 1742 2650 proferentihus
1792 2582 2041 2636 testimo-

469 2671 651 2731 nium,
685 2665 832 2736 quod
884 2665 1049 2722 divus
1095 2669 1397 2738 Apostolus
1450 2671 1832 2739 gloriationem
1885 2686 2041 2725 suam

472 2758 718 2814 deﬁnivit
752 2759 797 2822 ⁸,
838 2760 904 2815 ad
945 2774 1137 2814 eorum
1166 2775 1292 2829 quae
1347 2775 1450 2815 nos
1488 2761 1591 2830 ipsi
1641 2770 1929 2828 testamur,
1960 2777 2045 2816 re-

442 2852 915 2920 ipmsentandam
960 2853 1271 2906 veritatem.
1334 2849 1434 2904 llic
1491 2851 1694 2921 itaque,
1744 2854 1840 2922 qui
1891 2854 2045 2909 ineo

471 2959 637 2999 suum
663 2944 833 3001 decus
862 2944 1226 2999 constitutum
1258 2943 1449 3009 vellet;
1492 2952 1553 2997 ut
1578 2942 1838 3000 Ecclesia!
1876 2943 2043 2999 «lede-

474 3050 577 3091 cus
598 3050 661 3090 ac
683 3036 1157 3091 inhonorationem
1182 3033 1424 3100 afferret,
1451 3035 1709 3105 parturiit
1735 3036 1956 3105 quidem
1980 3051 2043 3091 ac

475 3143 671 3195 parere
699 3128 899 3184 enixus
922 3135 1008 3183 est
1029 3127 1376 3193 basiliscum,
1400 3128 1643 3183 auctoris
1668 3129 1796 3182 mali
1816 3142 2045 3200 serpen-

477 3221 550 3275 tis
598 3220 846 3291 prolem;
877 3228 939 3274 ut
986 3219 1246 3273 nimirum
1290 3220 1508 3289 publice
1549 3220 1601 3274 in
1654 3221 1926 3285 ecclesiis,
1981 3236 2046 3277 ac

478 3312 582 3365 sub
631 3309 982 3366 confessione
1050 3310 1491 3381 episcoporum,
1560 3310 1786 3381 praefata
1856 3320 2049 3367 sancta

478 3409 635 3456 sexta
686 3401 935 3473 synodus
974 3402 1318 3458 anathemati
1359 3402 1757 3471 subjiceretur,
1792 3416 1855 3457 ac
1885 3410 2049 3473 quot-

478 3501 613 3558 quot
639 3492 954 3563 apostolica:
999 3506 1064 3547 ac
1097 3491 1424 3546 veneranda
1451 3491 1603 3547 sedis
1636 3501 1833 3547 vestrae
1862 3491 2052 3547 deces-

480 3597 658 3649 sores,
686 3582 965 3639 sincerum
984 3581 1233 3636 veritatis
1258 3583 1458 3651 dogma
1486 3576 1812 3636 d'ocuissent
1840 3600 1855 3637 :
1881 3592 2053 3649 utque

483 3672 607 3728 ﬁdei
665 3672 899 3726 formula
946 3671 1229 3726 communi
1286 3669 1553 3741 suffragio
1603 3670 2053 3740 discrepantibus

480 3763 712 3819 vocibus
739 3762 1017 3826 ederetur,
1080 3760 1398 3831 nullamque
1432 3758 1750 3815 afﬁnitatem
1800 3761 2056 3816 habenti-

481 3856 610 3920 bus,
640 3867 768 3909 eum
791 3853 1047 3918 vocibus,
1074 3851 1279 3923 quibus
1318 3851 1567 3922 mysterii
1587 3849 1794 3907 Christi
1844 3851 2055 3908 intelli-

483 3946 667 4017 gentia
702 3944 942 4017 perfecta
971 3944 1337 4015 exprimitur;
1372 3943 1646 4007 divinum.
1679 3944 1929 4015 inquam,
1962 3959 2054 4000 as-

483 4048 758 4107 sumptaaa
795 4033 978 4091 Verbo
1019 4020 1232 4090 natura:
1287 4034 1539 4090 humanae
1595 4045 2000 4091 sacramentum
2037 4053 2053 4089 :

482 4129 556 4181 ita
597 4142 729 4182 sane
763 4135 822 4181 ut
852 4127 964 4197 jam
992 4127 1304 4197 proximum
1343 4126 1659 4192 videretur;
1700 4126 1834 4195 quin
1867 4128 2054 4196 potius

480 4218 547 4273 id'
564 4218 675 4287 jam
705 4218 876 4287 aliqui
907 4218 1071 4272 etiam
1102 4215 1363 4270 dentibus
1408 4230 1590 4285 operae
1645 4216 1882 4285 pretium
1916 4218 2051 4273 sub-

484 4308 1079 4374 mutirent;utsancta
1100 4304 1568 4361 Chalcedonensis
1602 4306 1851 4378 synodus
1884 4308 2054 4363 abro-

482 4406 731 4469 garetur,
789 4406 1049 4467 tanquam
1089 4394 1313 4464 praefata
1354 4402 1549 4450 sancta
1604 4405 1766 4451 sexta
1808 4399 2052 4470 synodo.

2152 1852 2398 1924 πορθμὸν
2412 1853 2864 1923 διαπραιοῦσθαι
2880 1855 3171 1925 ἀνάσχοιτο
3197 1855 3371 1923 (πολὺ
3391 1855 3517 1926 γὰρ
3540 1857 3753 1918 είτλῖν,

2148 1946 2248 2017 τὴν
2291 1944 2376 1998 διά
2412 1942 2627 2015 μακροῦ
2653 1944 2925 2013 πελάγους
2971 1945 3285 1999 στέλλεσθαι
3333 1945 3749 2016 ἀποδημίαν),

2148 2032 2309 2098 αὐτὸς
2348 2033 2559 2105 μέλλων
2592 2035 2753 2105 μόνος
2777 2035 2876 2105 τῆς
2896 2035 3121 2100 ὁλκάδος
3157 2036 3593 2107 ἐγχειρισθῆναι
3621 2038 3750 2099 τοὺς

2148 2125 2360 2191 οἴακας,
2392 2124 2591 2178 ἑαυτοῦ
2635 2142 2693 2178 τε
2731 2127 2826 2179 καὶ
2863 2126 2972 2180 τῶν
3025 2128 3418 2197 συμπλεόντων
3469 2129 3749 2199 ἀναδεχο-

2152 2217 2331 2288 μένων
2381 2217 2482 2287 τὴν
2528 2215 2893 2289 κυϐέρνησινς
2946 2218 3125 2289 Ὅπερ
3167 2220 3259 2273 καὶ
3294 2221 3384 2290 ἐφ’
3430 2222 3584 2291 ἡμῖν
3638 2223 3749 2283 πᾶς

2146 2326 2230 2371 τις
2264 2308 2515 2378 καθορῶν
2551 2307 2648 2379 (ού
2696 2307 2805 2379 γὰρ
2835 2307 2943 2361 τῶν
2980 2309 3037 2361 ἐν
3094 2308 3385 2380 ίεράρχαις
3440 2309 3747 2379 πρεπωδεο

2151 2400 2360 2454 στάτων
2406 2400 2499 2451 καὶ
2541 2398 2816 2469 ἀρμοδίων
2846 2400 2905 2453 ὲν
2951 2398 3148 2470 μελέτῃ
3200 2395 3348 2470 ἦμέν
3383 2417 3563 2463 ποτε,
3594 2402 3633 2471 ἢ
3688 2401 3746 2454 τὸ

2148 2490 2446 2559 περιφανὲς
2468 2491 2525 2542 ἐν
2551 2491 2673 2552 ταῖς
2699 2490 3183 2559 ἐκκλησιαστικαῖς
3206 2492 3505 2562 κετημένοι
3534 2494 3743 2561 ἀξίαις,

2152 2583 2286 2652 μόνη
2341 2584 2408 2652 τῇ
2472 2579 2753 2657 ὑπηρεσίαν
2808 2579 2918 2634 τῶν
2987 2583 3305 2653 μυστηρίων
3363 2584 3745 2648 ἀδιαλείπτως

2151 2669 2547 2741 σχολάζοντες),
2576 2671 2676 2725 οὐκ
2719 2672 2949 2725 ἄπιστον
2983 2674 3249 2742 ἡγήσεται
3278 2674 3338 2726 τὸ
3379 2677 3517 2746 περὶ
3543 2676 3741 2729 τούτου

2147 2765 2246 2834 τῆς
2278 2764 2554 2834 ἡμετέρας
2578 2762 2806 2833 γνώμης
2834 2761 3120 2833 ἀθέλητον,
3159 2765 3291 2818 αὐτὸ
3327 2767 3390 2818 τὸ
3423 2768 3743 2838 μαρτύριον

2147 2853 2250 2923 τῆς
2277 2852 2637 2922 συνειδήσεως
2655 2852 2833 2922 ἡμῶν,
2859 2852 2997 2922 ὅπερ
3019 2852 3281 2923 καύχημα
3305 2854 3509 2907 ἑαυτοῦ
3540 2856 3570 2908 ό
3599 2856 3743 2919 θεῖος

2162 2940 2483 3004 Ἀπόστολος
2507 2939 2817 3011 διωρίσατο,
2847 2940 3302 3013 προϐαλλομένων
3326 2942 3491 3013 ἡμῶν
3515 2944 3602 3007 είς
3634 2961 3741 2997 πα-

2153 3036 2416 3107 ράστασιν
2460 3032 2720 3102 ἀληθείας
2743 3032 2857 3085 τῶν
2895 3032 2953 3100 ἐξ
2989 3033 3149 3105 ἡμῶν
3189 3034 3533 3104 λεγομένων.
3569 3027 3742 3099 Οὗτος

2149 3126 2329 3180 τοίνυν
2354 3126 2383 3178 ό
2405 3125 2609 3195 κόσμον
2639 3127 2841 3178 οίκεῐον
2859 3126 2959 3197 τὴν
2978 3126 3252 3196 ἀκοσμίαν
3270 3127 3372 3198 τῆς
3400 3127 3742 3198 Ἐκκλησίας

2152 3217 2456 3287 τιθέμενος,
2486 3215 2643 3270 ὥδινε
2691 3216 2788 3286 μὲν
2837 3216 2933 3269 καὶ
2971 3216 3277 3283 ἐσπούδαζε
3322 3220 3426 3288 τῆς
3472 3216 3741 3279 ἀσεϐείας

2151 3310 2461 3382 ἀποκυῆσαι
2492 3310 2584 3363 τὸν
2616 3308 2930 3379 βασιλίσκον
2974 3310 3035 3362 τδ
3068 3308 3163 3362 τοῦ
3209 3310 3529 3382 ἀρχεκάκου
3560 3310 3738 3379 ὄφεως

2152 3404 2430 3474 γέννημαο
2464 3400 2605 3455 ὥστε
2627 3400 2861 3472 δημοσίᾳ.
2892 3401 2978 3454 ἐπ’
3011 3401 3331 3470 ἐκκλησίαις
3378 3401 3480 3454 καὶ
3531 3403 3593 3454 ὲν
3618 3402 3737 3463 ταῖς

2152 3495 2465 3567 ὁμολογίαις
2485 3493 2595 3547 τῶν
2622 3492 2962 3558 ἐπισκόπων,
2993 3491 3299 3563 ἀναθεματι
3327 3491 3737 3545 ύποϐάλλεσθαι

2152 3585 2252 3654 τὴν
2295 3584 2597 3655 εἰρημένην
2631 3583 2791 3650 ἀγίαν
2824 3583 2995 3655 εκτην
3028 3581 3274 3646 σύνοδον,
3313 3582 3410 3635 καὶ
3456 3583 3596 3645 τοὺς
3640 3581 3733 3634 τοῦ

2154 3674 2280 3729 καθ’
2305 3675 2449 3744 ὑμᾶς
2490 3670 2854 3728 ἀποστολικοῦ
2888 3673 2986 3726 καὶ
3035 3672 3336 3744 σεϐασμίου
3375 3672 3573 3743 θρόνου
3602 3688 3734 3744 προ-

2154 3760 2421 3835 πατίρας,
2439 3764 2553 3818 δσοι
2577 3763 2640 3816 τδ
2661 3763 2856 3833 εὐαγὲς
2881 3763 2982 3835 τῆς
3008 3763 3274 3833 ἀληθείας
3296 3764 3735 3835 διεπρεσϐεύσαν

2154 3856 2361 3927 δόγμα·
2390 3858 2544 3927 κοινῇ
2583 3854 2641 3908 δὲ
2676 3854 3158 3925 ουνομολογεῐσθαι
3187 3855 3401 3921 λέξεσιν
3449 3859 3733 3926 ἀπεμφαι·

2155 3949 2413 4015 νούσαις,
2448 3947 2543 4003 καὶ
2594 3946 2869 4018 μηδεμίαν
2920 3947 3175 4018 ἐχούσαις
3224 3948 3557 4016 συγγένειαν
3598 3947 3735 4017 πρὸς

2156 4042 2255 4103 τὰς
2280 4039 2653 4111 γνωριστικάς
2688 4039 2790 4109 τῆς
2831 4037 3171 4108 τελειότητος
3199 4038 3295 4091 τοῦ
3323 4038 3469 4091 κατά
3499 4037 3733 4109 Χριστὸν

2160 4128 2484 4201 μυστηρίου,
2515 4126 2726 4191 ἑννοίας
2749 4144 2764 4159 ο
2796 4128 2928 4181 αὐτὸ
2954 4127 3019 4199 δὴ
3054 4128 3114 4181 τὸ
3144 4127 3292 4181 θεῖον
3326 4127 3430 4196 τῆς
3460 4126 3731 4197 ὲνανθρω-

2156 4221 2380 4293 πήσεως
2404 4218 2499 4274 τοῦ
2526 4220 2701 4288 Λόγου
2740 4220 3038 4291 μυστήριον
3059 4234 3075 4248 ·
3098 4216 3174 4281 ὥς
3205 4217 3265 4271 οὐ
3311 4219 3508 4290 πόρρω
3533 4218 3731 4287 τυγχά-

2158 4329 2292 4378 νειν,
2327 4311 2528 4383 μᾶλλον
2549 4310 2606 4365 δὲ
2636 4308 2737 4382 ἤδη
2768 4310 2919 4375 τινάς
2950 4309 3044 4365 καὶ
3077 4307 3172 4363 ὕπ’
3212 4309 3435 4372 ὀδόντας
3481 4306 3728 4379 γρύζειν,

2155 4404 2248 4459 τοῦ
2279 4403 2374 4458 καὶ
2401 4403 2573 4475 αὐτὴν
2598 4404 2699 4473 τὴν
2730 4401 2894 4471 ἁγίαν
2931 4402 2991 4455 ἐν
3025 4400 3337 4471 Χαλκηδόνι
3364 4398 3587 4453 σύνοδον
3608 4398 3730 4452 ἀθε-

483 4489 553 4542 ab
573 4502 659 4551 ea,
691 4502 791 4557 pro
820 4489 1141 4557 tiogmatum
1170 4486 1462 4557 utriusque
1484 4489 1892 4555 gonvenieutia,
1921 4505 2046 4560 pen-

2156 4493 2399 4559 τεῖσθαι,
2448 4492 2527 4557 ὥς
2574 4492 2757 4563 εκείνη
2799 4491 3226 4562 συνηρτημόνης
3277 4489 3420 4543 κατά
3474 4488 3580 4560 τὴν
3624 4488 3729 4541 τῶν

484 4579 672 4645 dente,
704 4578 964 4650 illamque
994 4580 1144 4634 velut
1175 4579 1416 4635 radicem
1434 4593 1500 4635 ac
1531 4579 1934 4636 rmamentutu
1956 4582 2053 4635 ha-

484 4670 665 4727 bente.
702 4669 856 4726 Mitto
886 4670 1159 4744 siquidem
1186 4671 1391 4738 dicere,
1420 4682 1555 4743 quot
1585 4671 1746 4729 nobis
1771 4672 2052 4729 molestias

486 4764 735 4820 intulerit
766 4765 914 4819 velut
964 4779 1065 4835 pro
1100 4765 1330 4821 veritate
1367 4766 1688 4823 sollicitans
1712 4805 1728 4829 ,
1785 4781 1898 4834 quo
1942 4780 2046 4822 no-

555 4905 577 4935 ‘
608 4901 649 4957 ll
671 4901 801 4960 Cor.
840 4916 880 4967 ι,
911 4900 965 4955 8.

2160 4585 2446 4658 δογμάτων
2477 4583 2805 4654 οἰκειότητα,
2847 4582 2942 4637 καὶ
2974 4576 3087 4636 οἷον
3129 4583 3325 4644 εἰπεῖν,
3363 4579 3543 4651 αὐτὴν
3575 4578 3726 4650 ἑχού-

2161 4692 2260 4745 σης
2310 4673 2467 4747 ῥίζαν
2506 4688 2569 4728 τε
2613 4674 2708 4728 καὶ
2761 4671 3055 4744 βεϐαίωσιν
3088 4672 3192 4742 τῆς
3218 4670 3525 4743 είρημόνης
3577 4670 3728 4737 ἁγίας

2157 4766 2324 4837 ἕκτης
2356 4764 2602 4821 συνόδου.
2649 4763 2755 4817 Ἐῶ
2796 4765 2907 4836 γάρ
2937 4764 3123 4835 λέγειν
3156 4763 3289 4827 ὅσας
3313 4762 3451 4833 ἡμῖν
3482 4760 3729 4832 ὀχλήσεις

1955 4993 2183 5050 ΝΟΤΑΕ.

558 5088 635 5158 (3)
678 5083 811 5141 Cum
840 5100 998 5158 porro
1026 5084 1332 5158 profanum.
1372 5082 1569 5158 Magna
1612 5085 1830 5158 licentia
1867 5084 2037 5158 impe-

487 5152 723 5221 ratores,
758 5162 811 5209 et
840 5152 1202 5224 ’deponebant
1245 5152 1609 5223 patriarchas,
1634 5165 1707 5225 et
1754 5152 2039 5225 depositis,

488 5242 627 5298 quos
664 5226 866 5298 vellent
900 5223 1288 5298 subrogabant,
1338 5232 1525 5298 contra
1574 5223 1742 5298 etiam
1788 5223 2044 5298 espressa

490 5293 760 5351 canonum
787 5293 932 5362 jura,
965 5308 1027 5347 ac
1055 5294 1221 5348 laicos
1250 5294 1523 5362 homines.
1551 5294 1699 5346 nulla
1730 5294 1784 5346 in
1820 5295 2048 5349 minori-

454 5372 457 5377 '
492 5368 618 5428 bus,
651 5379 749 5435 pro
777 5361 955 5435 inore,
985 5364 1327 5435 probatione.
1350 5434 1355 5435 γ
1378 5361 1557 5416 Voluit
1588 5377 1718 5435 ergo
1744 5362 2045 5435 Bardaues,

489 5433 719 5505 expulso
747 5433 926 5505 _C‘yro,
962 5433 1106 5503 quod
1160 5434 1361 5505 r_ece_nti
1400 5433 1660 5505 memoria
1736 5433 1937 5505 factum
1966 5434 2049 5489 vi—

492 5501 646 5559 derat
675 5521 702 5557 a
741 5501 1051 5559 Iustiniano
1077 5507 1129 5557 in
1173 5502 1361 5568 Paulo,
1392 5504 1627 5571 aliquem
1668 5516 1698 5556 e
1731 5502 2048 5559 domesticis

495 5575 588 5627 illa
640 5573 902 5642 dignitate
944 5590 1180 5644 augere;
1225 5574 1506 5644 nimirum,
1539 5571 1815 5644 ὁμόφρονα
1876 5574 2050 5644 horni-

500 5658 645 5706 netn,
676 5641 974 5713 eademque
1000 5641 1161 5698 modo
1189 5644 1383 5713 haeresi
1416 5641 1889 5713 Mouothelitarum
1924 5641 2055 5698 al'fe-

499 5722 671 5771 ctum,
699 5727 861 5778 quam
888 5708 1319 5767 'instaurandam
1356 5712 1740 5775 meditabatur,
1786 5714 1921 5766 nihil
1967 5726 2055 5765 ce-

497 5782 610 5835 lato
636 5781 863 5835 consilio
894 5800 907 5837 :
947 5797 1054 5851 qua
1101 5783 1409 5852 hypothesi,
1445 5796 1551 5837 non
1599 5781 1756 5838 video
1790 5790 1849 5837 ut
1883 5782 2053 5837 meri-

2140 5092 2203 5142 to
2246 5085 2513 5155 culpanda
2546 5081 3076 5156 videatur_Joannis
3115 5086 3289 5140 nostri
3333 5085 3729 5156 qualiscunque

2138 5153 2424 5223 intrusio,
2470 5165 2635 5225 utque
2671 5156 2761 5210 ille
2800 5153 3106 5210 detrectare
3143 5153 3485 5211 obstinatius
3534 5153 3727 5212 debue—

2150 5227 2223 5281 rit
2251 5243 2393 5297 onus
2419 5225 2751 5297 pontiﬁcale,
2788 5225 3177 5297 acquiescante
3200 5241 3266 5278 ac
3308 5235 3543 5297 urgente
3577 5236 3637 5297 ut
3672 5228 3727 5279 ia

2156 5313 2214 5352 se
2250 5292 2463 5350 tandem
2502 5296 2791 5365 reciperet,
2823 5292 2954 5365 cuin
2989 5296 3341 5363 imperatOre,
3383 5292 3541 5350 clero
3579 5292 3723 5350 Cott-

2158 5361 2668 5431 stantinopolitano,
2698 5363 2798 5417 sibi
2826 5378 2891 5417 ac
2916 5361 3175 5433 Ecclesia:
3204 5367 3302 5418 toti
3331 5375 3564 5420 cavente
3604 5381 3726 5433 grao

2149 5436 2324 5495 viora,
2368 5435 2469 5489 viri
2495 5437 2548 5488 in
2580 5436 2700 5503 ipso
2733 5432 2969 5504 probati,
3006 5449 3320 5504 quanquam
3346 5450 3441 5503 per
3472 5432 3724 5502 iniuriam

2150 5506 2402 5570 alterius,
2433 5502 2615 5573 quant
2648 5502 2941 5573 prohibere
2956 5502 3079 5573 Διιόιι
3124 5502 3357 5573 possiet,
3384 5506 3439 5557 in
3468 5507 3722 5572 patriar.

2153 5576 2311 5629 chain
2359 5570 2733 5644 provectione.
2787 5570 2898 5626 Nec
2941 5570 3459 5644 Cyrus—depositus.
3494 5570 3573 5629 iis
3621 5576 3723 5628 eir-

2154 5644 2498 5697 cumstantiis
2552 5641 2725 5713 videri
2779 5641 3002 5713 poterat
3043 5642 3449 5698 rationabiliter
3510 5657 3611 5713 pro
3655 5657 3715 5698 ea

2156 5714 2396 5778 invitus;
2432 5710 2648 5767 tametsi
2679 5711 2752 5764 ita
2782 5710 2998 5766 invitus
3036 5728 3133 5783 pro
3164 5727 3264 5783 sua
3316 5713 3435 5783 ipse
3465 5710 3714 5768 eiauctu-

2162 5783 2395 5850 ratione,
2426 5797 2589 5853 quam
2626 5795 2821 5851 passus
2860 5790 3007 5839 esset
3040 5782 3348 5855 tyrannice.
