3874 6350
112 384 148 449 ι
164 385 269 450 425
1068 389 1430 451 EPISTOLA
1453 391 1552 450 AD
1591 391 1727 452 CON

1838 392 2187 452 ANTINUM
2223 392 2494 452 ΡᾹΡΛΜ.
3266 383 3424 448 1426

103 497 373 552 ιναντίον
404 498 837 567 περιτραπῆναι,
868 497 1007 551 ὥστε
1056 499 1130 569 μὴ
1165 500 1426 572 ἀλλότρια
1465 501 1713 573 δόγματα

1838 513 1991 574 itque
2025 519 2144 560 eam
2179 502 2366 557 subtili
2403 501 2647 571 cegitatu
2689 497 2742 552 in
2769 491 3120 552 contrarium
3153 507 3399 553 vertere-

111 588 437 656 ἁναςρανδδν
488 587 886 659 ἐπεισαχθῆναι
931 591 998 659 τῇ
1038 590 1358 662 Ἐκκλησία,
1394 592 1489 646 καὶ
1527 594 1713 647 τέλεον

1838 608 1942 648 nus
1981 610 1994 645 :
2025 608 2092 647 ne
2124 591 2261 646 adeo
2283 591 2464 646 aliena
2493 592 2750 660 dogmata
2781 587 2958 657 palam
2993 587 3070 640 in-
3093 586 3396 642 Ecclesium

103 679 556 751 διασαλευθῆναι
589 680 658 734 τὰ
689 680 870 744 καλῶς
921 684 1208 754 πεπηγότα
1258 685 1355 737 καὶ
1399 685 1713 754 ἁκράδαντα

1841 682 2253 746 inducerentur,
2313 695 2378 735 ac
2434 679 2653 734 tandem
2708 675 3217 739 labefactarentur,
3279 691 3404 745 quae

112 771 394 841 μείναντα
424 773 559 842 περὶ
607 771 705 824 τοῦ
735 771 1100 843 προκειμένου
1145 775 1246 841 τῆς
1296 775 1579 839 εὑσεδείας
1621 775 1713 829 θε-

115 864 454 936 σπίσματα⁶
503 864 599 918 καί⁵
638 863 756 934 ἅμα
792 865 935 935 μέγα
988 865 1287 936 τιθέμενοι,
1325 867 1385 920 τὸ
1425 869 1519 920 καὶ
1564 869 1715 939 παρὰ

109 956 241 1009 τῶν
294 955 577 1026 πολεμίων
622 957 720 1028 τῆς
755 956 1206 1029 διονομασθείσης
1255 959 1416 1027 ἁγίας
1469 960 1714 1024 συνόδου,

107 1051 230 1121 τὴν
267 1049 387 1102 κατ’
434 1049 646 1103 ἔννοιαν
679 1049 854 1120 αὐτῆς
905 1050 1289 1121 ὁμολογεῖσθαι
1337 1052 1710 1108 διδασκαλίαν.

117 1139 300 1194 ’Ὅθεν
331 1140 408 1212 μὴ
443 1141 783 1212 ἀνατροπὴν,
819 1141 955 1196 ἀλλὰ
997 1141 1289 1212 βεϐαίωσιν
1323 1143 1524 1214 μᾶλλον
1570 1146 1715 1198 ὲκεί-

115 1249 232 1302 νης
271 1231 460 1301 σαφῶς
507 1231 930 1287 ἀποδείκνυσθαι
959 1234 1113 1304 παρά
1141 1251 1205 1303 γε
1240 1238 1353 1299 τοῖς
1377 1237 1520 1303 ὑγιεῖ
1538 1254 1597 1290 τε
1625 1240 1718 1290 καὶ

113 1323 493 1396 ἀπροσκλινεῖ
526 1324 623 1393 τῆς
664 1323 774 1377 τῶν
814 1326 1157 1396 πραγμάτων
1199 1329 1582 1398 κατανοήσεως
1622 1330 1719 1397 ὀφο

124 1416 337 1488 Θαλμῷ
362 1415 432 1470 τὰ
462 1416 693 1470 τοιαῦτα
720 1416 886 1470 εἰδόσι
915 1420 1165 1482 σκοπεῖν,
1201 1417 1342 1472 αὐτὰ
1374 1418 1440 1489 δὴ
1479 1419 1548 1472 τά
1575 1420 1717 1473 κατὰ

119 1508 234 1580 τῆς
265 1506 484 1562 συνόδου
506 1505 584 1578 τῷ
614 1507 862 1578 τυράννῳ
893 1509 1328 1580 σκαιωρηθὲντα.

207 1689 284 1743 Τὸ
322 1687 432 1758 γὰρ
481 1688 767 1759 θελητικόν
797 1706 858 1742 τε
895 1692 1006 1744 ’καὶ
1049 1691 1400 1763 ἐνεργητικὸν
1444 1693 1565 1747 καθ’
1602 1695 1719 1748 ἑτέ-

127 1797 244 1850 ραν
270 1791 290 1818 ε
329 1778 492 1849 φύσιν
516 1779 698 1847 λέγειν
731 1781 823 1834 τὸν
854 1783 1116 1852 Χριστὸν,
1150 1783 1303 1837 οὐδὲν
1335 1784 1522 1855 ἕτερόν
1549 1788 1718 1854 ἐστιν,

1824 773 2065 830 fuissent
2097 773 2237 828 bene
2268 772 2504 837 tirmata,
2541 785 2604 824 ac
2659 771 2993 824 inconcussa
3041 767 3397 825 mansissent.

1823 869 2049 939 pietatis
2080 867 2197 929 illa,
2230 866 2376 921 circa
2401 864 2709 934 subiectam
2745 862 3032 916 materiam
3056 860 3254 930 placita
3284 878 3296 913 :
3331 860 3418 914 ad-

1821 958 1936 1013 ha-c
1972 974 2106 1013 vero
2139 958 2313 1028 pluris
2373 957 2479 1011 hoc
2542 956 2834 1018 iacientes,
2881 964 2939 1008 ut
2987 955 3408 1022 praenominane

1822 1059 2027 1104 sanctae
2059 1048 2251 1120 synodi
2284 1047 2615 1112 doctrinam,
2649 1045 2838 1100 hOSleS
2874 1045 2981 1117 ipsi
3004 1052 3300 1113 quantum
3332 1045 3399 1098 ad

1820 1139 2239 1209 intelligentiam
2271 1153 2335 1192 ac
2363 1153 2588 1194 sensum
2619 1136 3038 1191 conﬁterentur.
3103 1135 3180 1189 Ita
3215 1137 3399 1205 plane.

1822 1239 1881 1286 ut
1907 1231 2051 1302 apud
2075 1247 2194 1296 eos,
2229 1231 2321 1302 qui
2361 1246 2497 1286 sano
2527 1244 2594 1283 ac
2623 1228 2894 1283 in’deﬂexo
2935 1227 3402 1283 considerationis

1822 1342 2006 1382 rerum
2037 1327 2222 1390 oculo,
2253 1341 2341 1381 res
2397 1323 2675 1395 ejusmodi
2740 1329 3019 1378 noverunt
3052 1321 3399 1391 perSpicere.

1822 1417 1996 1486 palam
2023 1416 2373 1479 conficiatur,
2413 1416 2531 1486 ipsa
2564 1414 2784 1486 tyranni
2829 1413 3101 1467 adversus
3129 1411 3400 1483 synodum

1823 1507 2104 1561 molimina
2138 1522 2203 1560 ac
2235 1515 2486 1570 struem,
2532 1520 2640 1558 non
2678 1504 2730 1557 in
2765 1503 3106 1558 eversionem
3139 1545 3153 1567 ,
3218 1503 3310 1557 sed
3349 1502 3401 1554 in

1823 1601 1946 1668 ejus
1983 1599 2166 1669 potius
2199 1597 2674 1652 confirmationem
2717 1595 2977 1651 cessisse.

1895 1691 2112 1762 Quippe
2175 1689 2463 1744 Christum
2539 1689 2696 1744 fateri
2742 1687 3047 1744 secundum
3115 1694 3406 1753 utramque

1829 1791 2082 1836 naturam
2121 1779 2342 1836 volcndi
2367 1795 2432 1833 ac
2465 1779 2732 1849 operandi
2774 1778 3037 1832 facultate
3089 1777 3403 1846 praeditum,

124 1869 167 1940 ἢ
195 1869 294 1924 δύο
318 1872 525 1940 φυσικὰ
557 1870 862 1943 θελήματα,
890 1875 990 1926 καὶ
1017 1872 1113 1927 δύο
1143 1875 1382 1944 φυσικὰς
1412 1877 1717 1948 ἐνεργείας,

1838 1873 1961 1928 nihil
1985 1881 2072 1929 est
2104 1872 2250 1927 aliud
2282 1887 2450 1942 quam
2485 1869 2773 1925 naturales
2793 1868 2934 1924 duas
2965 1869 3282 1922 voluntates
3314 1867 3403 1920 in-

123 1963 304 2014 νοεῖν.
348 1959 510 2015 Κατά
553 1961 761 2033 ταύτην
798 1962 907 2034 γὰρ
949 1963 1130 2034 ῥητῶς
1180 1966 1280 2035 τὴν
1327 1965 1568 2019 διάνοιαν
1620 1967 1720 2030 τὰς

127 2051 399 2116 τοιαύτας
432 2051 670 2106 νοεῖσθαι
720 2054 928 2123 φωνὰς,
961 2058 1018 2109 ὲν
1062 2056 1139 2126 τῷ
1169 2058 1542 2128 ὲκερωνηθέντι
1589 2061 1718 2132 παρ’

128 2145 313 2213 αὐτῆς
339 2144 449 2213 δρῳ
487 2144 910 2214 προεθέσπισεν,
952 2149 984 2218 ἡ
1024 2151 1082 2201 ὲν
1104 2152 1169 2219 τῇ
1216 2148 1337 2202 καθ’
1360 2150 1507 2221 ὑμᾶς
1549 2168 1721 2222 μεγα-

128 2231 362 2284 λοπόλει
401 2230 587 2304 Ῥώμῃ
620 2235 950 2305 συναχθεῖσα
982 2235 1202 2301 σύνοδος
1231 2239 1354 2309 ἱερὰ
1385 2240 1479 2293 ἐπὶ
1506 2241 1602 2294 τοῦ
1625 2242 1723 2310 τῆς

133 2321 450 2391 σεϐασμίας
507 2325 732 2394 μνήμης
789 2326 1106 2395 Μαρτίνου,
1163 2328 1258 2381 τοῦ
1300 2331 1400 2400 τῆς
1450 2331 1723 2402 ὑμετέρας

135 2411 996 2486 προεδρεΰσαντοςἘκκλησίας·
1037 2419 1112 2483 ὡς
1165 2421 1348 2475 ἐκεῖνα
1397 2423 1582 2491 σαφῶς
1629 2426 1724 2478 καὶ

135 2505 241 2558 ἐπὶ
274 2505 433 2576 ἡμῶν
459 2506 568 2559 τῶν
604 2508 946 2579 ἁμαρτωλῶν
996 2513 1092 2564 καί
1137 2512 1462 2583 ἐλαχίστων,
1492 2514 1591 2588 τὴν
1629 2516 1723 2569 τοῦ

135 2594 287 2649 Θεοῦ
341 2597 534 2665 σοφίαν
589 2599 988 2671 οἰκονομῆσαι,
1044 2604 1138 2657 τοῦ
1189 2606 1560 2679 δρασσομένου
1618 2610 1727 2662 τῶν

143 2686 334 2756 σοφῶν
379 2689 437 2741 tv
485 2691 550 2759 τῇ
611 2692 921 2764 πανουργία
957 2694 1165 2759 αὐτῶν,
1216 2697 1360 2768 ἅπερ
1407 2699 1434 2752 ὀ
1463 2700 1726 2770 Θεολόγος

138 2778 455 2850 Γρηγόριος
504 2781 562 2833 ιν
612 2780 692 2852 τῷ
730 2785 809 2846 είς
855 2783 949 2837 τὸν
989 2785 1164 2857 μέγαν
1199 2789 1480 2845 Βασίλειον
1513 2793 1728 2864 τίθησιν

139 2870 426 2943 ἐπιταφίῳ
462 2873 628 2944 λόγῳ,
660 2873 790 2928 ἔνθα
818 2877 1030 2930 ἐκεῖνον
1069 2881 1285 2950 εἰσάγει
1319 2884 1611 2956 συμὸούλῳ
1649 2887 1728 2958 τῷ

139 2961 284 3032 θείῳ
313 2962 478 3017 Δαδὶδ
514 2966 857 3036 κεχρημένον
900 2970 994 3021 καὶ
1036 2972 1428 3044 οἰκονομοῦντα
1466 2980 1590 3042 τοὺς
1637 2977 1725 3030 λό-

139 3069 284 3121 γους
309 3053 475 3109 αὐτοῢ
508 3057 565 3108 ἐν
597 3056 818 3128 κρίσει·
846 3062 1241 3132 παρησυχάσαι
1272 3066 1369 3135 μὲν
1405 3067 1504 3137 τὴν
1533 3068 1728 3139 κυρίαν

139 3147 248 3198 ἐπὶ
274 3145 371 3200 τοῦ
405 3147 564 3215 ἁγίου
598 3148 919 3220 Πνεύματος
951 3151 1156 3224 φωνὴν,
1191 3155 1404 3225 ἑτέραις
1433 3158 1488 3210 δὲ
1524 3161 1729 3227 φωναῖς

140 3237 350 3292 ταυτὸν
397 3239 729 3310 δυναμέναις
776 3242 838 3296 τδ
896 3244 1118 3308 εὐσεϐὲς
1177 3248 1466 3319 κρατύνειν
1502 3249 1602 3320 τῆς
1645 3249 1735 3302 πί-

145 3348 330 3396 στεως
359 3334 650 3403 κήρυγμα·
686 3333 867 3388 καίτοι
901 3335 962 3388 τὸ
996 3336 1256 3409 διάφορον
1299 3339 1423 3392 ὅσον
1466 3341 1736 3414 ἑκατέρας

142 3421 489 3489 ὑποθέσεως,
542 3424 643 3494 τῆς
671 3441 731 3477 τε
783 3427 916 3497 περὶ
949 3428 1121 3498 αὐτήν
1151 3445 1296 3499 φημι
1337 3430 1436 3501 τὴν
1478 3431 1580 3502 τῆς
1615 3432 1735 3486 θεό-

143 3530 318 3582 τητος
368 3513 555 3568 πίστιν
585 3531 643 3568 τε
684 3518 780 3570 καὶ
829 3518 1145 3588 ὁμολογίαν,
1176 3522 1269 3573 καὶ
1308 3523 1417 3574 τῶν
1475 3525 1604 3596 περὶ
1636 3525 1734 3594 τῆς

144 3604 312 3668 θείας
353 3604 709 3675 σαρκώσεως,
763 3607 840 3671 ὼς
892 3610 921 3662 ό
970 3609 1134 3674 αὐτὸς
1159 3611 1216 3665 ὲν
1251 3612 1430 3680 ἁγίοις
1472 3612 1735 3684 Θεολόγος

149 3697 483 3767 Γρηγόριος,
517 3701 962 3771 φροντισμάτων,
996 3703 1096 3756 ὃσα
1125 3705 1156 3775 ἡ
1189 3705 1536 3778 λεπτομερὴς
1571 3711 1737 3778 ἀναγ-

145 3787 332 3852 καίως
362 3788 612 3859 ἐπιζητεῖ
669 3791 872 3862 θεωρία
902 3793 1036 3863 πρὸς
1071 3793 1296 3859 ἔνδειξιν
1334 3797 1432 3867 τῆς
1460 3798 1583 3852 καθ’
1612 3801 1738 3852 ἑκα-

145 3882 324 3952 τέραν
360 3881 522 3951 φύσιν
562 3884 924 3954 τελειότητος,
958 3888 1153 3940 οὐδένα
1197 3890 1263 3940 ἂν
1302 3886 1457 3959 οἶμαι
1497 3891 1733 3957 ἀγνοεῖν.

143 3975 271 4044 Οὐχ
301 3973 328 4012 ά
375 3974 451 4038 ὡς
478 3975 585 4028 τῶν
631 3976 763 4050 περὶ
802 3977 902 4044 τῆς
952 3976 1102 4039 θείας
1137 3979 1374 4046 φύσεως,
1423 3980 1590 4047 ἤγουν
1639 3981 1736 4049 τῆς

144 4063 428 4128 ζωοποιοῦ
461 4064 690 4135 Τριάδος
737 4065 910 4131 λόγων
939 4082 998 4116 τε
1050 4067 1146 4117 καὶ
1176 4065 1485 4134 δογμάτων,
1537 4068 1737 4136 μᾶλλον

144 4159 217 4210 τὸ
255 4157 681 4228 προηγούμενον
731 4155 987 4223 ἑχόντων,
1049 4157 1491 4227 ὑπερανεστηκός
1540 4176 1598 4211 τε
1644 4163 1738 4214 καὶ

148 4248 579 4318 προτιμότερον.

229 4336 386 4391 Οὕτω
439 4337 548 4409 γὰρ
578 4337 673 4391 καὶ
700 4338 768 4393 τὰ
796 4341 919 4393 κατ’
968 4338 1320 4410 Εὑνομιανῶν
1382 4343 1512 4413 περὶ
1557 4344 1738 4397 θεολο-

145 4432 288 4503 γίας
316 4430 460 4499 λόγῳ
485 4432 760 4503 εἰρημένα
787 4432 866 4504 τῷ
897 4433 1047 4504 αὑτῷ
1073 4434 1222 4506 σοφῷ
1246 4434 1494 4506 Θεολόγῳ
1517 4437 1737 4502 ὲκδεξό-

1824 1965 2110 2036 telligere,
2155 1963 2407 2034 duasque
2475 1961 2759 2016 naturales
2809 1959 3189 2030 operationes.
3231 1959 3403 2011 Sacra

1825 2057 2097 2127 siquidem
2128 2056 2376 2128 synodus
2413 2056 2469 2110 in
2505 2068 2703 2124 magna
2732 2052 2870 2106 urbe
2893 2050 3087 2114 Roma,
3113 2067 3234 2120 qua:
3263 2051 3406 2119 apud

1824 2161 1922 2201 vos
1954 2153 2060 2209 est,
2092 2145 2196 2200 sub
2231 2143 2563 2200 venerabilis
2595 2141 2873 2198 memoriae
2907 2139 3144 2193 Martino
3165 2177 3180 2201 ,
3207 2137 3406 2192 deces—

1829 2250 1956 2291 sore
1978 2241 2164 2290 vestro
2194 2232 2461 2288 Romana:
2497 2232 2760 2287 Ecclesiae
2789 2229 3047 2301 praesule,
3078 2237 3290 2290 coacta.
3320 2243 3406 2292 ea,

1827 2343 1996 2399 quam
2030 2327 2333 2396 publicavit
2357 2325 2716 2388 definitione,
2752 2321 3057 2378 secundum
3092 2321 3241 2375 hunc
3291 2335 3409 2375 scn-

1833 2433 1954 2472 sum
1999 2417 2390 2488 intelligendas
2442 2431 2606 2472 voces
2653 2414 2984 2484 ejusmodi,.
3016 2412 3147 2467 olim
3201 2411 3411 2466 diserte

1830 2508 2050 2575 sanxit;
2078 2516 2137 2562 ut
2161 2507 2216 2562 in
2245 2509 2404 2564 nobis
2432 2522 2653 2578 quoque
2685 2505 3070 2576 peccatoribus
3105 2517 3168 2558 ac
3202 2501 3405 2558 humil-

1831 2604 2000 2668 limis,
2037 2604 2087 2658 id
2137 2612 2329 2674 aperte
2360 2600 2453 2658 Dei
2485 2600 2780 2672 sapientia,
2813 2598 2906 2669 qui
2943 2597 3228 2668 sapientes
3261 2610 3412 2650 com-

1831 2696 2123 2766 prehendit
2162 2697 2218 2750 in
2247 2695 2446 2750 astutia
2471 2707 2666 2748 eorum
2697 2691 2744 2753 ⁸.
2776 2689 3010 2761 provide
3039 2687 3236 2759 egerit,
3265 2686 3412 2757 quod

1833 2787 1990 2860 ponit
2056 2785 2362 2859 Gregorius
2411 2785 2723 2855 Theologus
2763 2783 3016 2837 oratione
3049 2781 3104 2834 in
3148 2794 3407 2848 magnum

1833 2879 2123 2944 Basiliam,
2155 2879 2245 2933 ubi
2275 2893 2424 2943 eum,
2466 2876 2642 2930 divini
2683 2874 2906 2930 Davidis
2958 2888 3118 2928 usum
3149 2870 3413 2933 consilio,

1831 2987 1965 3027 suos
2007 2973 2061 3026 in
2099 2971 2310 3042 judicio
2345 2969 2554 3024 inducit
2593 2968 3013 3037 dispensantem
3051 2963 3416 3028 sermones”;

1833 3079 1898 3119 ac
1934 3065 2214 3135 propriam
2240 3061 2463 3133 quidem
2496 3075 2725 3124 vocem,
2759 3058 2905 3129 quod
2943 3064 3158 3127 spectat
3198 3055 3265 3110 ad
3293 3054 3420 3124 Spi-

1787 3210 1800 3228 ,
1837 3157 2004 3209 ritum
2036 3162 2315 3216 sanctum.
2367 3153 2594 3208 silentio
2628 3151 2924 3221 pressisse,
2955 3149 3082 3204 aliis
3116 3163 3246 3202 vero
3272 3145 3415 3202 idem

1837 3245 2152 3301 valentibus
2177 3246 2326 3314 piam
2358 3243 2480 3298 ﬁdei
2507 3242 2956 3313 praedicationem
2985 3240 3204 3294 firmare
3236 3257 3250 3294 :
3279 3251 3419 3292 tam-

1836 3340 1942 3395 etsi
1982 3339 2255 3392 neminem
2298 3337 2514 3392 nescire
2555 3345 2708 3405 puto,
2737 3345 3008 3405 quantum
3035 3337 3179 3388 inter
3204 3340 3422 3386 utrum-

1837 3448 1944 3501 que
1994 3437 2388 3502 argumentum
2422 3428 2658 3496 referat;
2719 3430 2899 3492 inter,
2935 3431 3164 3498 inquam
3192 3470 3205 3490 ,
3242 3427 3418 3496 ipsam

1837 3523 2064 3578 deitatis
2090 3521 2248 3576 fidem
2277 3536 2339 3577 ac
2371 3520 2818 3585 confessionem,
2853 3527 3300 3588 commentaque,
3359 3533 3423 3572 ac

1840 3614 2077 3670 subtiles
2103 3613 2475 3684 cogitationes
2501 3611 2569 3666 de
2587 3611 2773 3666 divina
2799 3609 3210 3672 incarnatione,
3229 3622 3423 3677 quem-

1839 3709 2136 3764 admodum
2183 3709 2261 3762 ait
2305 3706 2450 3763 idem
2485 3716 2712 3762 sanctus
2755 3705 3058 3775 Gregorius
3084 3702 3421 3770 Theologns,

1841 3809 2117 3872 quotquot
2184 3801 2408 3855 subtilis
2458 3796 2900 3867 contemplatio,
2952 3795 3021 3848 ad
3073 3792 3434 3862 probandam-

1842 3892 2133 3958 utriusque
2164 3898 2374 3942 naturae
2404 3886 2824 3955 perfectionem,
2861 3882 3194 3937 necessitate
3235 3883 3420 3950 requi-

1844 3985 1934 4033 rit.
1971 3979 2181 4047 Quippe
2227 3980 2401 4047 liquet
2457 3985 2516 4030 ut
2551 3990 2840 4032 sermones
2891 3990 2956 4028 ac
2996 3974 3253 4043 dogmata
3301 3988 3424 4044 spe«

1840 4073 2049 4126 ctantia
2091 4070 2159 4124 ad
2199 4070 2444 4124 divinam
2479 4078 2758 4130 naturam,
2797 4068 2848 4121 id
2884 4067 3055 4122 estad
3089 4065 3419 4119 Trinitatem

1841 4162 2156 4230 viviﬂcam,
2209 4162 2603 4232 principaliora
2656 4171 2819 4225 sunt,
2869 4160 3248 4229 maioremque
3284 4158 3421 4212 emi-

1844 4257 2084 4312 nentiam
2117 4271 2179 4310 ac
2210 4255 2584 4325 praastantiam
2624 4253 2848 4309 habent.

1914 4348 2006 4403 Sic
2029 4349 2176 4403 enim
2199 4349 2362 4403 etiam
2393 4347 2668 4416 accepturi
2692 4359 2884 4400 sumus
2907 4345 2976 4399 ab
2996 4344 3187 4400 eodem
3215 4345 3424 4414 sapien-

1845 4444 1885 4498 ti
1917 4441 2200 4513 Theologo
2259 4440 2467 4510 prolata
2521 4439 2782 4493 adversus
2830 4436 3223 4502 Eunomianos,
3265 4436 3420 4491 Orat.

149 4519 327 4592 μεθα,
366 4521 424 4574 ἑν
464 4514 547 4583 οἷς
604 4521 784 4576 τοιάδε
855 4523 1020 4594 φησί’
1069 4525 1398 4594 «Φιλοσόφει
1463 4545 1555 4598 μοι
1613 4531 1727 4600 περτ

1848 4535 1914 4589 de
1941 4533 2216 4603 theologia
2239 4533 2302 4597 '°,
2327 4547 2448 4586 cum
2474 4532 2548 4585 ita
2581 4533 2693 4585 ait:
2726 4549 2744 4581 ι
2769 4529 2898 4586 Mihi
2922 4531 2988 4586 de
3015 4531 3218 4586 mundo
3243 4531 3423 4602 philo-

147 4610 394 4683 κόσμου,
447 4614 576 4686 περὶ
635 4613 791 4683 ὕλης,
825 4618 953 4686 περὶ
985 4614 1186 4686 ψυχῆς,
1212 4619 1341 4688 περί
1372 4617 1611 4688 λογικῶν
1638 4623 1740 4692 φύ-

151 4721 302 4757 σεων
337 4703 626 4775 βελτιόνων
654 4723 713 4759 τε
745 4707 839 4760 καὶ
891 4706 1174 4778 χειρόνων,
1209 4711 1335 4780 περὶ
1361 4711 1735 4781 ἀναστάσεως,

1847 4625 2102 4695 sephare,
2129 4625 2198 4680 de
2232 4623 2486 4684 materia,
2512 4621 2579 4676 dc
2613 4621 2818 4682 anima.
2853 4622 2919 4676 de
2939 4621 3152 4677 naturis
3177 4623 3424 4677 rationa-

1847 4717 1991 4773 libus
2014 4724 2122 4770 tam
2170 4713 2333 4770 bonis
2359 4728 2521 4785 quam
2548 4712 2706 4768 malis
2733 4711 2832 4782 (7),
2868 4711 2933 4765 de
2993 4713 3423 4772 resurrectione.

231 4816 391 4876 'Job.
419 4837 473 4887 v,
512 4821 610 4888 {3;
648 4819 667 4874 Ι
694 4822 822 4878 Cor.
853 4840 933 4889 ιιι,
965 4824 1047 4880 l9.
1126 4826 1146 4857 ’
1179 4824 1324 4883 Psal.
1352 4843 1462 4897 cn,
1489 4830 1544 4887 5.
1607 4834 1649 4863 ¹⁰
1679 4835 1829 4888 Orat.
1859 4834 1951 4889 55.

1478 4940 1710 4997 νΑιιιΑι
1759 4943 2160 5001 LECTIONES.

240 5040 261 5067 ο
296 5029 389 5084 καὶ
421 5029 716 5101 ἑκατέραν.
787 5029 813 5069 δ
845 5047 1077 5100 sapite.
1111 5032 1174 5085 τὸ
1209 5032 1330 5103 οὐχ.

1681 5104 1915 5161 NOTAE.

161 5192 415 5248 viderent
477 5194 692 5315 tlyiranni
752 5194 842 5247 illa
899 5198 1274 5264 persuasione.
1334 5193 1403 5249 Ut
1456 5195 1724 5250 charitate
1832 5197 2068 5268 probare
2099 5197 2210 5252 ullo
2243 5197 2414 5252 modo.
2437 5197 2670 5267 professi
2715 5199 2845 5258 sint.
2879 5197 3021 5252 hami
3055 5200 3282 5252 omnino
3318 5215 3414 5255 ex-

165 5261 460 5315 indulserit
535 5264 728 5315 asilius
777 5264 1159 5315 Eunomianis-
1195 5265 1360 5315 etiam
1399 5265 1726 5315 indulserint
1833 5267 2062 5315 cnsandi
2108 5269 2240 5315 sint-
2300 5269 2516 5315 ιιιιιιριςί
2599 5269 2743 5315 illata
2804 5270 2883 5315 vis
2937 5269 3141 5315 crimen
3197 5269 3414 5315 diurnum

165 5261 460 5318 indulserit

535 5264 728 5338 asilius
777 5264 1160 5338 Eunomianis,
1195 5265 1360 5338 etiam
1399 5265 1726 5338 indulserint
1833 5264 2062 5321 cusandi
2108 5269 2240 5331 sint,
2300 5264 2516 5322 tametsi
2598 5269 2744 5323 illata
2804 5270 2883 5323 vis
2937 5269 3142 5323 crimen
3197 5269 3419 5338 dignum

167 5331 382 5414 praefati
415 5333 682 5415 episcopi.
709 5334 1102 5415 infirmioribus
1143 5335 1508 5415 orthodoxis_:_
1558 5336 1729 5389 nihilo
1836 5338 1992 5415 venia
2031 5339 2184 5415 facit,
2215 5338 2359 5407 quod
2388 5338 2622 5415 Joannes
2660 5347 2850 5394 noster
2879 5340 3066 5394 multis
3093 5341 3145 5394 in
3177 5331 3417 5408 seqvuen-

169 5402 400 5458 minoris
427 5404 709 5465 momenti,
744 5413 896 5458 utne
926 5402 1166 5473 Spiritus
1207 5414 1431 5460 sanctus
1457 5405 1733 5460 diceretur
1821 5405 2185 5464 tibnserndite
2219 5402 2481 5463 ostendit.

175 5475 316 5527 Deus
364 5475 529 5527 etiam
585 5473 773 5528 Basilii
833 5483 1012 5539 :etate,
1061 5490 1225 5543 quam
1283 5486 1443 5530 utne
1481 5475 1733 5532 Christus

1914 5462 1993 5548 (Ἰ)
2036 5462 2179 5532 Ταηιή
2219 5462 2396 5545 bonis,
2422 5496 2603 5560 fluant
2642 5462 2816 5534 malis.
2870 5480 3293 5560 Manichaeorum
3331 5496 3418 5560 er—

170 5545 402 5597 duarum
440 5543 784 5620 voluntatum
830 5558 893 5598 ac
947 5546 1346 5620 operationum,
1399 5555 1523 5620 post
1570 5547 1731 5600 etiam
1844 5543 1989 5610 rore,
2022 5563 2085 5620 ac
2115 5565 2305 5603 eorum
2341 5543 2638 5620 qui'malos
2694 5565 2721 5603 ιι
2767 5559 2966 5605 natura
3016 5551 3293 5607 daemones
3323 5551 3419 5604 do-

174 5626 224 5665 vt
288 5613 556 5693 synodum
582 5631 610 5693 _:
666 5625 958 5693 utrumque
991 5613 995 5614 “
1027 5617 1282 5693 nimirum
1344 5613 1617 5693 negati've,
1668 5632 1736 5693 _a_c
1845 5628 1995 5693 cent.
2023 5617 2118 5693 Sic
2148 5621 2201 5672 in
2234 5613 2460 5693 reliquis
2496 5621 2794 5693 varii_sunt
2831 5636 3069 5686 errores,
3107 5638 3248 5693 quos
3269 5622 3418 5693 velut

173 5684 409 5751 quadam
475 5684 884 5747 ahstractione.’
935 5699 1043 5738 non
1100 5685 1250 5740 velut
1313 5684 1609 5741 contrarie.
1668 5685 1737 5741 Ut

174 5751 716 5828 aliudApeccavcrint
763 5755 1002 5828 episcopi
1035 5753 1342 5828 Orientales
1392 5757 1444 5810 in
1485 5773 1536 5810 vt
1571 5773 1736 5828 syno-

178 5826 302 5882 dum
335 5823 390 5879 in
433 5825 662 5896 gratiam
698 5823 1257 5895 ltzerctici’principis,
1302 5841 1529 5899 eamque
1557 5823 1614 5884 se
1651 5843 1736 5884 re-

1848 5689 2196 5764 nihililiabet
2239 5683 2550 5764 theologus.
2587 5683 2706 5764 ejus
2755 5683 3186 5761 comparatione.
3219 5692 3311 5764 qui
3355 5694 3410 5745 in

1849 5760 1962 5829 ipsa
2022 5757 2114 5829 Dei
2157 5770 2352 5816 natura
2407 5757 2468 5816 ac
2520 5757 2818 5829 "trinitate,
2879 5757 3078 5819 temere
3133 5757 3418 5819 scrutanti

1844 5828 2222 5885 committitur.
