3874 6350
206 370 225 434 l
238 371 340 435 499

1084 367 1445 430 EPISTULA
1470 368 1569 427 AD
1607 365 2202 431 CONSTANTINUM
2243 370 2513 430 PAPAM.

3313 376 3449 442 1430

201 504 343 558 μησε
393 486 487 539 καὶ
546 484 641 539 νῦν
675 485 753 555 τῷ
778 484 1029 549 κλυδώνι,
1053 486 1114 539 οὑ
1140 484 1233 539 τοῦ
1268 484 1481 547 ὓδατος,
1511 482 1648 536 ἀλλά
1676 480 1763 535 τοῦ

1875 500 1987 539 non
2016 500 2171 555 aqua:
2201 486 2349 550 illos,
2391 485 2488 541 sed
2517 485 2689 556 iniqui
2745 495 2996 543 conatus.
3030 490 3106 544 Ac
3153 495 3446 559 procellam

194 577 441 647 ἀθέσμου
488 578 930 648 ἐγχειρήματοςο
967 576 1060 629 καὶ
1106 576 1197 628 τὸν
1263 574 1360 645 μὲν
1402 572 1652 644 χειμῶνα
1672 572 1773 642 τῆς

194 668 305 724 τῶν
342 667 682 737 Ἑκκλησιῶν
728 667 899 738 ζάλης
960 664 1272 719 κατέπαυσε
1307 682 1320 695 ·
1358 663 1671 733 ἐδωρήσατο
1717 661 1775 715 δὲ

196 763 329 832 ἡμῖν
360 760 461 830 τὴν
492 759 737 830 μεγάλην
762 758 872 812 τῶν
904 748 1246 829 πραγμάτων
1276 755 1542 827 γαλήνην,
1571 753 1773 824 εὐσεδῆ

196 849 424 921 βασιλέα
470 850 747 904 καὶκατὰ
808 850 987 903 πάντα
1049 850 1327 922 ἐνάρετον,
1386 847 1685 919 ἐφάμιλλόν
1714 864 1772 900 τε

193 944 293 997 καὶ
312 943 465 1008 ἀξιον
494 940 592 996 τοῦ
628 942 797 1012 ὕψους
831 944 930 1013 τῆς
972 942 1274 1013 βασιλείας,
1308 941 1643 1011 κεκτημένον
1673 942 1773 1010 τῆς

190 1035 510 1107 ὀρθοδοξίας
550 1035 643 1089 τὸν
670 1034 853 1105 ζῆλον,
900 1037 995 1089 καὶ
1041 1034 1150 1087 τῶν
1194 1032 1414 1104 τρόπων
1434 1031 1495 1085 τὸ
1522 1030 1770 1101 κόσμιον,

192 1128 539 1202 φερωνύμως
564 1128 952 1198 ἀναστήσαντα
983 1128 1113 1202 ἡμῖν
1162 1124 1262 1196 τὴν
1309 1122 1772 1195 ἐκκλησιαστικην

188 1200 422 1293 εἰρήνην
449 1237 511 1273 τε
544 1220 634 1277 καὶ
665 1219 943 1290 ὁμόνοιαν.
982 1200 1347 1288 Ἦεποίθαμεν
1368 1215 1425 1269 δὲ
1456 1214 1532 1285 τῷ
1564 1213 1772 1285 ταύτην

187 1312 329 1383 ἡμῖν
348 1309 730 1382 χαρισαμὲνῳ,
760 1310 845 1363 ὃτι
872 1308 968 1362 καὶ
996 1307 1105 1362 τῶν
1136 1307 1237 1376 τῆς
1281 1305 1556 1371 πολιτείας
1621 1322 1768 1377 πρα-

190 1402 423 1472 γμάτων
446 1401 543 1473 τὴν
564 1400 854 1473 ἀνέγερσιν
870 1402 1005 1472 ἡμῖν
1024 1398 1393 1471 ὲπωνυμικῶς
1415 1397 1768 1471 προοιμιάζε-

186 1509 305 1549 ται.

276 1676 467 1747 Ὑμεῖς
532 1669 646 1742 οὖν,
677 1668 722 1728 ὧ
754 1676 880 1747 ίερά
912 1676 1141 1747 κεφαλὴ,
1172 1678 1240 1746 τῇ
1276 1678 1333 1730 ὲν
1353 1677 1484 1745 ὑμῖν
1527 1675 1766 1745 διορατι-

189 1766 424 1834 κωτάτῳ
470 1764 702 1835 δυνάμει
731 1764 827 1817 τοῦ
858 1763 1197 1835 Πνεῦματος,
1227 1763 1326 1835 τὴν
1350 1765 1508 1834 χεῖρα
1543 1765 1643 1833 τῆς
1674 1763 1766 1815 εὐ·

1879 574 2099 645 quidem
2149 583 2319 631 aestus
2352 575 2723 632 Ecclesiarum
2777 576 3022 643 sedavit;
3056 580 3285 634 indulsit
3318 597 3449 635 vero

1881 682 2133 737 magnam
2162 682 2346 722 rerum
2377 668 2851 738 tranquillitatem,
2883 670 3033 739 pium
3083 670 3320 741 largiens
3348 672 3447 726 im-

1877 763 2212 826 peratorem,
2246 772 2310 812 ac
2337 759 2487 813 onmi
2517 757 2718 813 virtute
2749 768 3005 814 ornatum
3039 761 3239 826 virum,
3291 762 3447 828 plane

1878 847 2105 918 dignum
2160 847 2375 917 imperii
2416 848 2642 912 vertice,
2676 849 2835 918 eique
2867 850 3284 920 respondentem
3348 851 3447 904 ha-

1878 940 2097 995 bentem
2136 939 2312 993 zelum
2348 938 2668 994 orthodoxa:
2708 938 2856 1004 ﬁdei,
2898 955 2962 995 ac
3007 956 3221 996 morum
3280 941 3448 995 hone-

1876 1039 2096 1097 statem,
2150 1030 2254 1100 'qni
2305 1044 2403 1100 pro
2435 1030 2676 1084 nominis
2715 1031 2953 1095 ratione,
3009 1032 3445 1087 ecclesiasticam

1876 1120 2034 1175 nobis
2070 1134 2257 1190 pacem
2313 1128 2368 1174 et
2400 1121 2755 1175 concordiam
2803 1122 2955 1175 velut
2985 1129 3253 1177 mortuam
3294 1133 3446 1192 poste

1875 1209 2089 1265 liminio
2146 1211 2512 1267 suscitaverit.
2568 1210 2741 1268 Porro
2778 1212 3105 1269 conﬁdimus
3153 1223 3447 1283 praestante

1874 1316 1962 1365 eo,
2027 1300 2122 1372 qui
2154 1315 2273 1358 eam
2310 1302 2768 1374 tranquillitatem
2824 1304 3059 1376 largitus
3103 1312 3206 1370 est,
3241 1314 3301 1359 ut
3339 1308 3446 1360 rei-

1875 1392 2109 1464 publicae
2176 1394 2500 1449 amictarum
2553 1410 2737 1451 rerum
2800 1399 3283 1465 resurrectionem,
3345 1414 3446 1469 pro

1875 1485 1959 1539 sui
1990 1486 2364 1555 appellatione
2410 1487 2673 1555 nominis,
2728 1487 3067 1544 instaurator
3123 1489 3345 1545 inchoet
3381 1502 3479 1544 ac‘

1872 1574 2213 1631 esordiatur.

1946 1667 2057 1724 Vos
2119 1668 2326 1739 itaque,
2359 1683 2394 1723 ο
2425 1682 2646 1724 sacrum
2707 1677 2895 1739 caput,
2926 1670 3233 1741 perspicaci
3259 1672 3349 1726 illa
3386 1674 3442 1727 in

1871 1759 2030 1815 vobis
2056 1759 2259 1814 virtute
2293 1758 2543 1828 spiritus,
2573 1759 2790 1814 blandae
2825 1762 2879 1815 in
2908 1776 3010 1816 nos
3066 1763 3442 1819 inclinationis

187 1830 554 1926 μενοῦς-ὴμῖν
584 1830 919 1917 ἰκτείνοντες
946 1830 1294 1925 ἐπικλήσεως
1349 1830 1553 1925 πραείᾳ
1579 1830 1762 1925 ἐπαφῇ

1870 1850 2232 1907 extendentes
2261 1863 2505 1917 manum,
2544 1849 2652 1905 leni
2702 1859 2960 1906 contactu
2988 1854 3286 1923 reciprocae
3343 1870 3442 1925 per
3476 1881 3487 1892 -

182 1945 499 2018 ἀμοιϐαίων
563 1945 909 2015 γραμμάτων
971 1944 1112 1998 κατά
1168 1945 1259 1998 τὸν
1310 1944 1764 2016 ἐκκλησιαστικὸν

182 2034 414 2105 θεσμὸν,
462 2033 627 2103 ἧγουν
656 2035 724 2104 τῇ
750 2033 861 2087 τῶν
910 2032 1330 2087 ἀντισυνοδικῶν
1378 2033 1673 2104 ἀποστολῇ,
1702 2032 1766 2085 τὸ

182 2126 289 2198 τῆς
341 2124 565 2195 ἀγάπης
600 2124 989 2196 ,προσάγοντες
1051 2125 1345 2196 φάρμακον
1378 2123 1440 2177 τδ
1468 2124 1675 2177 λυποῦν
1704 2126 1762 2179 ὲν

179 2218 321 2288 ἡμῖν
363 2216 460 2270 καὶ
520 2214 856 2285 ὑποσφύζον,
906 2213 1240 2286 θεραπεῦσαι
1287 2214 1649 2269 σπουδάσατε.
1686 2214 1761 2268 οὐ

180 2311 300 2380 γάρ
359 2306 476 2361 ιστί
528 2322 664 2360 ποτε
718 2305 904 2369 ἄνεσις
932 2308 997 2376 τῇ
1026 2305 1195 2377 ψυχῇ,
1232 2305 1265 2376 ἢ
1300 2308 1412 2369 τοῖς
1462 2305 1762 2377 ὀφθαλμοῖς

179 2400 516 2472 ὶπιδησεδιαι
546 2397 736 2462 ὕπνος,
768 2397 864 2451 καὶ
900 2397 1211 2461 ἀνάπαυσις
1240 2398 1352 2458 τοῖς
1374 2394 1693 2468 κροτάφοις,
1725 2395 1758 2465 ἢ

179 2494 303 2556 τοῖς
331 2490 626 2563 βλεφάροις
649 2489 808 2561 ἡμῶν
830 2489 1285 2559 vus-carpit;th
1312 2487 1378 2543 ἀν
1405 2488 1507 2560 τὴν
1530 2487 1761 2542 καθόλου

178 2581 513 2654 θεασώμεθα
533 2581 630 2635 τοῦ
668 2581 804 2635 Θεοῦ
844 2581 1199 2652 Ἐκκλησίαν,
1224 2579 1341 2649 τὴν
1369 2580 1622 2647 ἑνότητα
1655 2581 1763 2636 τοῦ

178 2675 530 2744 πνεύματος
574 2674 669 2741 καὶ
719 2668 877 2737 αὖθις
896 2672 968 2727 ἐν
995 2670 1076 2738 τῷ
1101 2672 1429 2742 συνδέσμῳ
1457 2672 1569 2743 τῆς
1601 2672 1764 2743 sipri-

176 2783 303 2832 γης
325 2764 721 2829 διασώζουσαν.
753 2764 865 2817 Καὶ
920 2764 1030 2834 γὰρ
1071 2764 1281 2817 ἐκείνου
1327 2764 1481 2826 δντες
1522 2761 1764 2833 μαθηταὶ

178 2857 288 2910 καὶ
310 2856 570 2927 διάδοχοι,
592 2855 689 2909 τοῦ
721 2856 872 2927 παρά
898 2855 994 2909 τοῦ
1020 2858 1226 2929 Κυρίου
1257 2854 1590 2920 ἀκούσαντος
1617 2872 1633 2887 ο
1663 2856 1761 2909 Σί-

169 2962 334 3018 μων·
391 2947 617 3016 Σίμων,
667 2945 799 3000 ίδοὺ
823 2948 856 3000 ό
889 2945 1161 3012 Σατανᾶς
1217 2946 1559 3017 ἐξῃτήσατο
1608 2944 1765 3017 ὑμᾶς

177 3035 461 3105 σινιάσαι
517 3036 599 3102 ὡς
645 3035 753 3090 τὸν
801 3035 977 3091 σῖτον
1007 3052 1023 3068 ’
1064 3036 1179 3107 ἐγὼ
1219 3037 1289 3091 δὲ
1326 3038 1585 3106 ἐδεήθην
1630 3037 1765 3107 περί

1865 1943 2079 1999 litteras
2109 1943 2295 2013 gratia:
2321 1942 2478 2013 juxta
2508 1941 2764 1998 Ecclesiae
2793 1944 2986 2014 legem,
3016 1944 3071 1999 id
3116 1953 3220 2010 est,
3255 1947 3445 2003 missis

1864 2033 2115 2089 vicissim
2148 2032 2449 2104 synodicis,
2485 2032 2800 2089 dilectionis
2833 2035 3136 2090 remedium
3166 2036 3442 2092 adhiben—

1866 2136 1967 2192 tes,
1996 2125 2142 2197 quod
2168 2124 2222 2179 in
2250 2124 2410 2181 nobis
2440 2122 2688 2181 dolorem
2730 2122 2882 2189 facit,
2910 2138 2975 2179 ac
3008 2125 3204 2181 subtus
3233 2128 3440 2197 pulsat,

1865 2218 2124 2273 festinate
2177 2231 2394 2272 curare.
2446 2214 2603 2270 Nulla
2638 2215 2915 2287 siquidem
2954 2216 3154 2271 anima:
3186 2219 3445 2274 remissio

1863 2320 1970 2376 est,
2006 2324 2107 2366 nec
2138 2325 2370 2365 somnus
2400 2308 2580 2364 oculis
2606 2309 2674 2374 “,
2704 2316 2799 2363 aut
2831 2308 3052 2379 requies
3076 2309 3438 2380 temporibus,

1864 2405 1951 2459 vel
2000 2402 2283 2474 palpebris
2346 2402 2672 2457 dormitatlo
2708 2401 2896 2472 aliqua
2957 2401 3440 2467 insidebit,donec

1866 2496 2066 2551 iterum
2118 2496 2425 2551 universam
2504 2492 2603 2549 Dei
2655 2491 2964 2549 Ecclesiam
3037 2495 3224 2550 videre
3280 2493 3442 2548 liceat

1866 2597 2177 2645 servantem
2236 2588 2495 2642 unitatem
2564 2587 2788 2657 spiritus
2846 2588 2904 2641 in
2961 2586 3170 2641 vinculo
3195 2587 3434 2655 pacis“.

1866 2682 2082 2739 Etenim
2115 2696 2241 2737 cum
2272 2680 2395 2751 ejus
2425 2680 2546 2737 sitis
2591 2680 2851 2750 discipuli
2875 2689 2930 2735 et
2956 2693 3313 2735 successores
3346 2682 3438 2748 qui

1865 2790 1896 2829 a
1933 2773 2167 2829 Domino
2224 2771 2431 2827 audivit
2464 2788 2476 2824 :
2512 2770 2717 2835 Simon,
2770 2771 2955 2826 Simon
2992 2786 3010 2823 :
3057 2786 3175 2824 ecce
3205 2768 3441 2824 Satanas

1864 2863 2109 2931 expetivit
2140 2878 2229 2917 vos
2258 2873 2313 2916 ut
2340 2861 2597 2915 cribraret
2634 2862 2769 2915 sicut
2817 2860 3052 2913 triticum
3083 2876 3102 2923 ;
3130 2873 3224 2928 ego
3265 2866 3441 2910 autem

1867 2972 1962 3025 pro
1997 2964 2044 3008 te
2078 2954 2262 3025 rogavi
2313 2962 2370 3006 ut
2424 2969 2529 3006 non
2555 2952 2769 3021 deﬁciat
2805 2950 2936 3019 ﬁdes
2968 2960 3059 3003 tua
3081 2959 3173 3014 ;¢t
3223 2959 3278 3001 tu
3334 2948 3453 3003 ali-.

1866 3045 2076 3117 quando
2130 3060 2431 3108 conuersus,
2468 3044 2727 3112 conﬁrma
2762 3042 2958 3110 fratres
3014 3051 3130 3095 tuos
3178 3042 3247 3104 ",
3280 3041 3441 3109 plane

178 3129 324 3195 σοῦ,
356 3130 458 3184 ἵνα
484 3129 567 3200 μὴ
588 3130 841 3200 ἐκλείπῃ
878 3131 915 3198 ἠ
944 3132 1149 3198 πίστις
1186 3146 1302 3187 σου
1336 3149 1351 3164 ⁸
1377 3133 1474 3187 καὶ
1504 3135 1586 3188 σύ
1615 3147 1762 3189 ποτε

1870 3134 2081 3193 debetis
2154 3150 2184 3189 a
2237 3134 2349 3190 Deo
2389 3132 2667 3197 honorati,
2730 3146 2855 3187 cum
2912 3146 2977 3186 ea
3032 3131 3218 3187 studio
3282 3129 3442 3184 adhi-

177 3222 582 3292 ἐπιστρέψας,
610 3222 905 3292 στήριξω·
920 3224 1061 3290 τοὺς
1094 3224 1400 3293 ἀδελφούς
1420 3238 1557 3280 σου.
1577 3226 1760 3293 ὐφει-

178 3314 340 3367 λὲται
406 3315 550 3376 ἐστὲ,
602 3315 938 3386 θεοτίμητοι,
968 3314 1039 3368 τὰ
1063 3316 1182 3385 μὲν,
1241 3315 1336 3369 τοῦ
1374 3316 1510 3387 πρὸς
1530 3315 1762 3387 ἐπανόρ-

179 3406 357 3460 θωσιν
412 3405 721 3478 στηριγμοῦ
764 3407 996 3475 ἐπάγειν
1052 3408 1348 3477 ἐπιμελῶς,
1401 3408 1471 3461 τά
1514 3408 1605 3470 δὲ,
1657 3409 1759 3479 τῆς

180 3498 510 3571 συμπαθοῦς
553 3497 778 3569 γνώμης
844 3501 1260 3573 προχειρότερον
1315 3502 1515 3573 μᾶλλον
1541 3504 1761 3575 χαρίζε-

179 3594 333 3647 σθαι.
381 3592 536 3646 Ἐπεὶ
593 3592 690 3646 καὶ
751 3593 844 3646 τὸν
876 3597 1176 3665 κορυφαῖον
1209 3595 1392 3659 αὐτὸν,
1418 3598 1483 3649 ἐκ
1515 3596 1607 3650 τοῦ
1636 3596 1760 3649 καθ’

177 3684 379 3737 ἑαυτὸν
438 3683 735 3757 προτρέπει
777 3686 805 3738 ό
848 3684 1076 3755 Κύριος,
1140 3686 1438 3741 συνειδέναι
1503 3689 1605 3758 μὲν
1659 3688 1760 3758 τῆς

177 3775 393 3844 σαρκὸς
420 3774 521 3846 τὴν
569 3775 858 3831 ἀσθένειαν
883 3794 897 3809 ·
933 3779 1060 3843 τοὺς
1086 3779 1143 3833 δὲ
1173 3782 1290 3835 κατ’
1324 3782 1594 3852 ἐπήρειαν
1651 3782 1761 3835 τῶν

176 3866 343 3929 ἐκτὸς
371 3904 386 3929 ,
411 3865 628 3920 ὀλίσθου
703 3869 912 3939 τροπὴν
969 3871 1369 3940 ὑπομείναντας
1411 3912 1427 3936 ,
1491 3872 1627 3924 καθὸ
1692 3874 1758 3940 δὴ

176 3956 459 4009 πέπονθεν
512 3957 607 4010 καὶ
659 3958 823 4021 αὐτὸς
851 3961 910 4011 ὲν
948 3958 1025 4028 τῷ
1070 3960 1165 4012 τοῦ
1230 3961 1503 4031 σωτηρίου
1552 3960 1758 4023 πάθους

175 4045 385 4117 καιρῷ,
422 4046 498 4118 μὴ
535 4047 941 4115 ἀποπελῆσθαι
974 4058 999 4086 ε
1033 4050 1132 4116 τῆς
1198 4048 1319 4101 κατ’
1382 4049 1759 4120 ἐπανόρθωσιν

175 4136 319 4209 πρὸς
347 4136 447 4206 τὴν
478 4134 751 4205 προτέραν
769 4133 1037 4188 ἀπάθειαν
1060 4135 1582 4201 ἀποκαταστάσεως.

244 4227 366 4283 Καὶ
428 4224 689 4291 τοῦτοδὲ,
713 4226 813 4297 τὴν
874 4228 1025 4298 ίεράν
1068 4228 1224 4299 ὑμῶν
1289 4230 1508 4300 μνήμην
1542 4232 1616 4303 μὴ
1637 4232 1759 4287 δια-

172 4316 456 4389 φευγέτω,
492 4316 568 4381 ὣς
589 4334 736 4381 τινες
767 4317 877 4371 τῶν
903 4317 1238 4395 καθελόντων
1265 4320 1357 4374 τὸν
1378 4322 1553 4392 ἀσεϐῆ
1587 4323 1758 4378 Εὐτυ-

172 4414 282 4484 xta.
343 4410 437 4463 επὶ
491 4409 587 4463 τοῦ
644 4410 747 4479 τῆς
797 4411 960 4481 ἀγίας
991 4414 1212 4483 μνήμης
1249 4414 1576 4481 Φλασιανοῦ,
1603 4417 1661 4471 ὲν
1690 4420 1759 4487 τῇ

1866 3230 2015 3292 bere,
2073 3241 2196 3299 qua:
2240 3234 2370 3282 sunt
2397 3224 2844 3279 conﬁrmationis
2876 3222 2945 3278 ad
2969 3222 3439 3285 etnendationem,

1863 3329 1980 3375 tum
2000 3334 2124 3389 quae
2145 3314 2544 3388 compatientis
2576 3318 2744 3370 animi
2758 3330 2765 3337 ‘
2779 3315 3107 3385 propensive
3127 3314 3438 3369 ostendere.

1862 3410 1999 3465 Nam
2040 3418 2094 3466 et
2152 3410 2455 3479 principem
2506 3408 2684 3475 ipsum
2713 3422 2778 3462 ac
2829 3406 3204 3476 apostolorum
3253 3412 3440 3474 caput,

1864 3505 2123 3558 admonet
2181 3501 2448 3557 Dominus
2475 3514 2539 3554 ex
2571 3498 2639 3555 iis
2670 3513 2792 3568 qua:
2816 3498 2871 3552 in
2896 3513 2965 3552 eo
3005 3497 3355 3560 acciderunt,
3382 3503 3443 3549 ut

1864 3595 1979 3665 ipse
2041 3593 2262 3664 quidem
2316 3590 2507 3647 carnis
2574 3590 2949 3646 inﬁrmitatem
3005 3590 3304 3659 intelligat;
3340 3604 3443 3643 eos

1862 3695 2043 3742 autem
2067 3687 2160 3758 qui
2224 3695 2449 3741 externa
2479 3686 2719 3756 quadam
2755 3683 3016 3739 violentia
3041 3696 3105 3737 ac
3128 3684 3331 3736 insultn
3373 3682 3445 3733 ad

1862 3792 2050 3832 casum
2082 3777 2308 3846 impulsi
2372 3772 3100 3842 fuerunt,quemadmodum
3122 3773 3239 3840 ipse
3271 3772 3438 3825 etiam

1862 3881 2061 3936 passus
2118 3874 2205 3919 est
2232 3866 2338 3919 sub
2391 3872 2609 3933 tempus
2645 3864 2905 3917 salutaris
2945 3861 3244 3930 passionis,
3292 3861 3439 3917 haud

1864 3960 1940 4010 ita
1970 3958 2195 4017 habere,
2230 3964 2286 4008 ut
2350 3970 2419 4009 ne
2456 3955 2656 4024 prioris
2713 3962 2894 4010 status
2936 3952 3004 4009 ab
3048 3952 3441 4009 aﬁ'ectionibus

1861 4048 2018 4104 vacui
2049 4046 2485 4109 absolutionem,
2517 4045 2900 4101 emendatione
2934 4044 3151 4099 valeant
3174 4044 3437 4113 recipere.

1932 4235 2043 4291 Nec
2076 4233 2210 4289 illud
2242 4247 2376 4289 vero
2402 4245 2559 4289 sacra
2586 4236 2768 4286 vestra
2809 4229 3074 4284 memoria
3108 4230 3345 4292 excidat,
3377 4236 3441 4283 ut

1863 4330 2124 4385 nimirum
2165 4325 2416 4382 nonnulli
2472 4338 2689 4390 eorum,
2720 4323 2814 4393 qui
2852 4321 2957 4377 sub
2992 4327 3200 4377 sanctae
3230 4335 3439 4376 memo-

1864 4424 1958 4478 riae
2017 4420 2277 4476 Flaviano
2335 4418 2564 4489 impium
2608 4415 2908 4486 Eutychem
2937 4412 3317 4479 damnassent,
3380 4414 3438 4468 in

180 4500 335 4573 μετά
364 4500 537 4553 ταῦτα
583 4500 678 4554 ἐπὶ
704 4502 1001 4573 Διοσκόρου
1037 4504 1095 4557 ὲν
1132 4502 1343 4573 Ἐφέσῳ
1404 4504 1629 4576 συνόδῳ,
1669 4506 1761 4559 τὸν

1870 4513 2139 4585 Ephesius
2210 4510 2561 4582 postmodum
2614 4507 2827 4580 synodo
2867 4506 2935 4561 ab
2970 4505 3256 4571 Dioscoro,
3287 4521 3434 4568 eum,

176 4591 413 4654 hoino;
475 4591 881 4664 κατακριθέντα
904 4593 1320 4660 δικαιώσαντες,
1346 4595 1449 4665 τὴν
1489 4597 1759 4651 ἀδικωτά-

176 4700 286 4757 την
315 4684 633 4755 ὲπήρτησαν
681 4683 971 4757 ολαδιανῷ
997 4684 1078 4757 τῷ
1115 4688 1528 4759 μακαριωτάτῳ
1585 4691 1758 4745 κατά-

177 4792 366 4849 κρισιν
386 4789 400 4805 '
431 4776 528 4829 καὶ
580 4775 732 4847 ὅμως
756 4776 816 4831 ιν
852 4779 920 4848 τῇ
948 4777 1089 4832 κατά
1118 4776 1438 4850 Χαλκηδόνα
1472 4781 1605 4853 ἀγίᾳ
1629 4798 1756 4837 συν-

176 4865 292 4934 όδῳ
340 4864 545 4934 ἢρκεσε
586 4864 800 4929 τούτοις
841 4866 980 4937 πρὸς
1031 4866 1248 4923 τελείαν
1309 4869 1631 4942 ἀποτροπὴν
1657 4873 1753 4928 τοῦ

179 4954 535 5026 ἐγκλήματος
558 4955 594 5027 ἠ
618 4956 719 5027 τῆς
776 4957 967 5027 ὑγιοῦς
1023 4960 1314 5031 ὁμολογίας
1354 4962 1630 5032 σύνθεσις,
1663 4967 1761 5021 καὶ

178 5048 245 5101 οῦ
264 5045 478 5100 πολλῶν
529 5047 661 5119 περ)⁸
700 5047 895 5105 τούτου
949 5050 1177 5123 ιδέησαν
1215 5054 1397 5108 πόνων
1436 5055 1533 5109 καὶ
1558 5055 1757 5124 λόγων.

181 5133 310 5191 θῐδε
326 5136 437 5209 γὰρ
463 5138 729 5211 ἀδελφικὴ
750 5142 974 5214 στοργὴ,
996 5144 1071 5214 μὴ
1098 5145 1330 5199 ἐπιπολὺ
1352 5145 1762 5202 ἀναϐάλλεσθαι

183 5230 248 5284 τὸ
272 5230 410 5301 πρὸς
463 5231 561 5285 τοῦ
598 5232 768 5297 πέλας
816 5238 1085 5306 προσηνὲς
1111 5236 1205 5292 καὶ
1241 5238 1527 5310 μειλίχιον.
1575 5241 1761 5297 Ταῦτα

191 5325 297 5394 γὰρ
356 5324 470 5387 τοῖς
496 5323 555 5377 ἐν
600 5324 740 5397 αὐτῇ
768 5327 836 5397 τῇ
863 5327 919 5379 ὲν
951 5326 1256 5400 Χαλκηδόνι
1317 5331 1756 5403 συνειλεγμένοις

1866 4606 1959 4676 qui
1980 4603 2128 4674 justo
2165 4601 2566 4656 condemnatus
2586 4595 2805 4659 fuisset,
2830 4596 3040 4663 justum
3075 4596 3439 4664 pronuntian-

1866 4703 1972 4761 tes,
2034 4692 2186 4748 omni
2217 4690 2433 4763 plenam
2491 4686 2768 4757 injustitia
2792 4683 3281 4739 condemnationis
3307 4699 3439 4741 sen-

1866 4785 2093 4843 tentiam
2124 4783 2180 4839 in
2228 4779 2608 4839 beatissimum
2644 4775 2968 4833 Flavianum
3012 4774 3252 4830 tulerint.
3284 4774 3321 4830 li
3353 4776 3437 4831 ni-

1866 4877 2171 4935 hilominus
2228 4873 2365 4929 satis
2412 4871 2729 4928 habuerunt
2777 4869 2833 4924 in
2881 4875 3073 4925 sancta
3131 4866 3437 4924 Chalcedo-

1866 4970 2024 5027 nensi
2075 4964 2310 5040 synodo,
2366 4962 2436 5019 ad
2472 4961 2713 5035 perfecte
2766 4960 3162 5033 depellendum
3199 4958 3436 5021 crimen.

1867 5069 1929 5117 ut
1983 5075 2134 5117 sane
2204 5056 2546 5114 confessioni
2596 5069 2886 5112 assensum
2945 5052 3278 5123 praeberi-nt,
3337 5067 3438 5106 nec

1867 5152 2055 5208 multis
2116 5150 2185 5205 ad
2228 5150 2332 5205 hoc
2368 5148 2650 5203 laboribus
2674 5147 2968 5215 verbisque
3012 5144 3096 5200 eis
3142 5158 3280 5209 Optls
3311 5142 3433 5198 fuit.

1867 5243 2083 5313 Quippe
2130 5240 2285 5297 novit
2327 5238 2610 5295 fraternus
2657 5252 2814 5293 amor
2846 5251 2952 5292 non
2990 5235 3085 5292 diu
3113 5235 3333 5293 dilIcrre
3358 5234 3440 5289 le-

1871 5334 2102 5389 nitatem
2160 5334 2215 5388 in
2267 5331 2600 5403 proximum,
2660 5345 2723 5387 ac
2766 5327 2999 5387 blandos
3054 5342 3257 5386 mores.
3313 5324 3438 5382 ilico

263 5493 302 5523 ”
334 5499 477 5556 Psal.
509 5514 694 5567 onst,
721 5501 774 5557 4.
855 5502 898 5535 ¹⁵
925 5500 1125 5575 Ephes.
1152 5519 1229 5569 Iv.
1252 5506 1309 5561 3.
1388 5507 1431 5543 "
1460 5507 1599 5566 Luc.
1624 5524 1759 5576 χχιι,
1792 5508 1884 5566 5t.

1452 5660 1685 5722 VARUS
1725 5660 2129 5722 LECTIONES.

269 5752 287 5777 ⁸
319 5765 445 5841 Leg.
482 5769 935 5841 ἀποστερεῖσθαι.
