3874 6350
429 386 555 455 1431

421 502 571 558 enim
606 503 995 559 sanctissimus
1025 501 1135 559 Leo
1187 502 1449 558 Patrihus
1493 502 1844 559 Chalcedone
1883 517 2019 557 con-
2051 503 2098 560 Α

422 594 670 665 gregalis
725 594 977 663 mittens,
1026 603 1227 654 vestrae
1266 596 1361 653 ille
1392 596 1709 667 apostolicae
1733 594 2020 660 Ecclesiae,

421 688 558 758 quin
590 696 647 743 et
673 687 920 745 universi
958 688 1114 746 orbis
1133 690 1510 747 clarissimum
1543 690 1753 755 lumen,
1786 689 1843 745 in
1867 689 2019 745 hunc

423 779 648 836 modum
706 781 931 853 scripsit
962 782 1044 838 ης
1079 801 1098 836 ι
1129 781 1237 840 Sed
1304 785 1436 856 quia
1487 784 1665 839 multa
1697 798 1864 854 sape,
1898 797 2021 854 qua:

426 872 838 943 pcnitudinem
893 866 1116 946 possint
1179 890 1484 948 generare,
1549 876 1926 947 proveniunt,
1966 882 2021 930 et

426 965 864 1037 superatculpas
882 967 1318 1040 delinquentium
1344 965 1725 1024 misericordia
1755 965 1875 1029 Dei,
1899 964 2023 1021 ideo

426 1058 791 1130 suspenditur
851 1058 1012 1126 ultio,
1065 1070 1126 1115 ut
1181 1060 1362 1131 possit
1392 1059 1575 1115 locum
1600 1057 1804 1114 habere
1833 1072 2023 1113 corre-

427 1149 560 1207 ctio.
595 1168 615 1204 »
678 1150 761 1207 Ad
789 1151 907 1207 haec
938 1167 1073 1208 vero
1110 1153 1274 1208 etiam
1326 1154 1414 1224 pie
1441 1151 1849 1209 recordationis
1880 1151 2021 1207 scri-

428 1244 566 1300 bens
588 1241 896 1302 Pulclieriaa
912 1245 1193 1315 Augustae,
1220 1246 1273 1301 in
1294 1246 1529 1318 cpistola
1561 1245 1721 1315 cujus
1754 1244 1970 1299 initium
2007 1260 2019 1295 :

436 1353 456 1387 s
475 1334 808 1405 Religiosam
843 1337 1148 1394 clementiae
1171 1346 1368 1394 vestra:
1385 1337 1837 1402 sollicitudinem,
1858 1349 2021 1407 quam

430 1428 719 1485 catholicae
770 1428 897 1485 ﬁdei
936 1428 1321 1487 indesinenter
1382 1430 1729 1502 impenditis,
1754 1449 1774 1481 ι
1804 1432 2022 1501 cjusce-

432 1516 582 1572 modi
672 1517 869 1574 scribit
922 1519 1430 1589 principalissimus
1494 1518 1697 1576 Leonis
1751 1521 2019 1575 animus:

438 1628 459 1663 s
490 1607 649 1666 Sicut
711 1612 859 1668 enim
886 1627 917 1667 a
948 1613 1227 1684 principio
1260 1612 1423 1685 hujus
1468 1628 1656 1669 causa:
1691 1612 2023 1683 frequentis-

434 1702 572 1759 sime
627 1703 853 1776 scripsi,
896 1705 1040 1761 hanc
1087 1706 1234 1761 inter
1264 1705 1555 1763 discordes
1580 1721 1784 1762 sensus
1816 1716 1870 1762 et
1901 1721 2020 1759 ear.

434 1796 595 1852 nales
627 1797 1012 1854 aemulationes
1059 1798 1503 1854 moderationem
1533 1798 1679 1854 volui
1712 1799 2020 1865 custodire,

434 1895 498 1947 ut
528 1889 850 1959 integritati
882 1890 1106 1960 quidem
1132 1890 1257 1947 fidei
1288 1890 1425 1946 nihil
1457 1891 1638 1957 evelli,
1671 1890 1811 1946 nihil
1838 1891 2030 1946 liceret

435 1979 663 2051 apponi,
723 1980 792 2037 ad
844 1980 1114 2039 unitatem
1186 1997 1317 2037 vero
1390 1996 1696 2054 pacemque
1751 1983 2035 2051 redeunti:

435 2074 562 2136 bus,
595 2072 902 2129 remedium
936 2075 1110 2130 venia:
1134 2082 1523 2145 praestaretur.
1558 2074 1695 2142 Quia
1731 2084 1861 2130 tunc
1896 2091 2033 2145 ope-

434 2178 557 2220 rum
613 2163 819 2235 diaboli
876 2166 1133 2237 potentia:
1205 2166 1597 2232 destruuntur,
1642 2180 1769 2221 cum
1813 2166 1879 2221 ad
1940 2165 2031 2220 Dei

437 2256 789 2329 proximique
847 2255 1199 2315 dilectionem
1231 2258 1518 2315 hominum
1565 2256 1737 2314 corda
1764 2272 2033 2314 revocan-

438 2360 553 2408 tur.
592 2369 613 2403 ι
674 2349 791 2408 Hoc
846 2350 1027 2424 ipsum
1085 2353 1249 2425 longe
1304 2353 1476 2409 etiam
1540 2353 1698 2424 prius
1751 2352 2034 2409 invenitur

438 2449 737 2510 prestasse
809 2442 868 2498 in
920 2442 1126 2500 divinis
1207 2450 1503 2500 accuratus
1562 2443 1822 2515 Cyrillus,
1886 2445 1940 2497 in
1970 2457 2034 2499 ea

440 2546 606 2605 quam
660 2532 1015 2589 babuitcum
1080 2534 1356 2607 episcopis
1420 2534 1799 2593 Orientalibus
1852 2535 2032 2591 disce-

2058 1848 2101 1903 Β

439 2622 689 2690 ptatione
744 2624 1175 2697 studiorumque
1220 2625 1500 2682 conflictu.
1556 2625 1767 2697 Quippe
1810 2626 1869 2692 ii,
1893 2640 2035 2696 prae-

439 2716 758 2773 damnatum
788 2713 1105 2774 Nestorium
1136 2718 1421 2776 absolvere
1462 2718 1735 2784 volentes,
1759 2717 2035 2788 latamque

442 2810 498 2870 in
525 2823 651 2866 eum
711 2809 1043 2865 sententiam
1077 2816 1394 2881 satagentes
1439 2809 1653 2865 irritam
1690 2808 1894 2876 facere,
1919 2823 2032 2865 rem

442 2910 916 2974 prmsumpserunt
966 2903 1197 2959 minime
1244 2902 1562 2969 ferendam;
1597 2902 1732 2973 quin
1791 2902 2033 2957 maxime

443 3010 506 3053 se
536 2994 747 3053 scelere
799 2996 1301 3064 constrinxerunt;
1337 2996 1547 3068 quippe
1577 2996 1671 3066 qui
1731 2994 1895 3051 beato
1928 2995 2034 3066 Cy-

442 3088 591 3153 rillo,
625 3103 692 3145 ac
725 3090 851 3160 ejus
877 3087 1092 3162 synodo
1126 3088 1423 3145 anathema
1459 3088 1722 3144 dixerint.
1758 3086 2031 3143 Caternm

444 3183 498 3239 is
527 3195 750 3254 quoque
795 3190 1111 3253 promptum
1164 3181 1445 3247 adhibuit,
1512 3180 1767 3250 nihilque
1814 3178 2032 3235 ditlicile
2061 3211 2104 3268 ο

444 3273 751 3329 remedium
788 3288 803 3325 :
833 3271 940 3329 hoc
998 3288 1171 3330 unum
1206 3272 1617 3331 satisfactionis
1646 3274 1770 3328 loco
1796 3271 2032 3343 exigens

447 3372 510 3418 ut
565 3362 830 3421 nimirum
891 3363 963 3422 iis
1029 3379 1152 3435 quae
1202 3364 1436 3421 fuissent
1475 3363 1743 3436 synodice
1786 3362 2032 3425 decreta,

455 3454 660 3526 pieque
684 3453 934 3523 detluita,
959 3470 1249 3513 assensum
1276 3463 1624 3528 praestarent,
1649 3455 2033 3526 sancitamque

448 3547 506 3604 in
556 3548 783 3619 impium
834 3548 1234 3605 confirmarent
1253 3550 1707 3615 damnationem;
1741 3551 1795 3605 in
1828 3564 1925 3605 eas
1952 3548 2037 3603 in-

450 3637 614 3694 terim
644 3638 818 3695 totitis
868 3639 1056 3709 gaudii
1101 3638 1295 3710 plenas
1329 3653 1496 3695 voces
1528 3646 1921 3709 prorumpente
1948 3653 2037 3692 eo-

450 3730 576 3788 dem
612 3732 732 3804 ipso
758 3731 971 3789 deifero
1002 3732 1189 3797 Patre,
1238 3746 1382 3804 quas
1411 3742 1571 3804 putet
1600 3731 1807 3801 aliquis
1834 3730 2032 3794 dictas,

450 3825 603 3882 velut
654 3826 775 3897 ipse
830 3826 1017 3897 potius
1071 3825 1292 3883 veniam
1333 3832 1485 3882 esset
1543 3833 1879 3881 consecutus
1937 3838 2035 3893 pro

450 3919 656 3990 quibus
709 3918 1051 3986 offendisset,
1104 3935 1275 3990 quam
1343 3920 1415 3975 iis
1451 3918 1801 3984 indulsisset,
1836 3918 1931 3988 qui
1961 3918 2035 3972 ita

447 4010 867 4069 offendissent:
907 4030 926 4064 ι
964 4012 1248 4068 Laetentur
1310 4014 1481 4077 enim,
1549 4012 1748 4082 inquit,
1802 4011 1949 4075 coeli,
1981 4019 2036 4065 et

449 4106 693 4162 exsultet
718 4112 866 4161 terra
896 4123 912 4161 :
939 4105 1153 4161 medius
1177 4105 1364 4176 paries
1389 4104 1643 4160 maceria:
1677 4104 1899 4158 solutus
1928 4111 2033 4168 est,

453 4209 519 4252 ac
542 4196 795 4268 cujusvis
818 4198 1034 4268 generis
1059 4197 1277 4252 sublata
1310 4195 1617 4261 dissensio,
1639 4196 2031 4251 universorum

451 4289 739 4346 Salvatore
765 4289 988 4346 Christo
1020 4288 1284 4344 Ecclesiis
1315 4289 1434 4344 suis
1469 4301 1655 4357 pacem
1686 4288 1979 4358 largiente.
2011 4306 2030 4340 ι

450 4382 629 4437 Porro
675 4381 844 4436 etiam
901 4378 1122 4435 habetis
1173 4394 1274 4436 vos
1298 4395 1327 4434 a
1358 4379 1471 4436 Deo
1497 4379 1691 4444 aﬂlati,
1718 4379 1930 4435 flrmam
1959 4382 2037 4437 le-

450 4474 831 4546 gitimamque,
862 4488 929 4529 ac
978 4472 1296 4531 nullatenus
1349 4473 1724 4545 repellendam
1751 4473 2035 4530 defensio-

1416 392 1419 393 ⁷
1520 388 1843 449 JOANNIS
1886 384 2396 449 PATRIARCHA’.
2436 389 2545 450 (ΞΡ.

3640 384 3791 451 li?!

2127 501 2373 575 Πατράσι
2406 503 2558 558 Λέων
2580 506 2607 557 ὁ
2638 501 2946 573 ἀγιώτατος
3005 501 3371 567 διεστείλατο,
3410 502 3443 553 ὁ
3480 500 3617 570 τῆς
3649 500 3786 555 καθ’

2124 599 2269 669 ὑμᾶς
2323 596 2692 668 ἀποπολικῆς
2755 594 3051 668 καθέδρας,
3086 594 3296 666 μᾶλλον
3324 592 3389 647 δὲ
3418 592 3545 662 τῆς
3576 593 3783 645 olm-so

2126 690 2297 762 μένης
2358 690 2580 762 ἀπάσης
2626 687 2947 760 φανώτατος
3004 688 3269 758 λαμπτὴρ
3301 686 3506 739 τοιάδε
3548 701 3785 754 γεγρα-

2124 782 2241 852 φώς
2270 799 2283 813 ο
2319 799 2338 836 ι
2399 781 2540 837 Ἀλλ’
2577 782 2700 835 ἐπεὶ
2756 779 2930 835 πολλὰ
2977 780 3274 850 συμϐαίνει
3333 778 3656 843 πολλάκις
3708 784 3783 831 τε

2122 875 2405 947 δυνάμενα
2438 874 2734 947 μετάνοιαν
2796 875 3072 945 ἐμποιεῖν,
3096 872 3193 925 καὶ
3216 875 3245 926 ὁ
3272 872 3438 934 ἔλεος
3468 870 3589 925 τοῦ
3630 870 3780 924 Θεοῦ

2123 970 2251 1041 νικᾷ
2302 968 2413 1023 τῶν
2462 968 2897 1040 ἁμαρτανόντων
2960 965 3031 1019 τά
3087 964 3625 1035 πλημμελήματα,
3686 964 3779 1016 διά

2124 1060 2303 1124 τοῦτο,
2362 1059 2432 1114 τά
2473 1061 2573 1131 τῆς
2622 1057 2898 1130 τιμωρίας
2940 1058 3001 1109 ἓν
3031 1056 3333 1127 ἀναρτήσει
3363 1053 3767 1116 καθίσταται,

2125 1152 2275 1216 ὅπως
2307 1150 2374 1207 ἂν
2398 1150 2586 1223 χώραν
2636 1151 2781 1222 ἔχειν
2808 1152 2842 1217 ή
2880 1148 3169 1221 διόρθωσις
3231 1147 3541 1217 δυνηθείη.
3578 1166 3602 1198 s
3644 1147 3773 1200 Ἔτι

2129 1248 2236 1318 μὴν
2264 1244 2360 1299 καὶ
2394 1243 2702 1315 Πουλχερίᾳ
2724 1246 2790 1314 τῇ
2819 1242 2920 1314 τῆς
2959 1240 3219 1303 εὗσεὸοὖς
3251 1238 3477 1311 λήξεως
3510 1239 3773 1309 γράεων

2126 1344 2185 1395 ὲν
2215 1333 2595 1411 ὲπιστολῇκῆς
2616 1339 2649 1409 ή
2673 1336 2849 1408 ἀρχὴ,
2896 1356 2914 1388 ι
2940 1335 3055 1406 Τὴν
3088 1334 3314 1403 θεοφιλῆ
3374 1333 3492 1404 τῆς
3566 1334 3775 1402 ὕμετέο

2129 1448 2229 1504 ρας
2275 1428 2691 1500 φιλανθρωπίας
2717 1427 3000 1498 φροντίδα,
3023 1427 3094 1497 ήν
3124 1428 3190 1496 τῇ
3221 1423 3507 1496 καθολικῇ
3569 1426 3771 1478 πίστει

2126 1522 2477 1578 ἀδιάλειπτον
2507 1521 2839 1589 ἀπονέμετε,
2855 1539 2873 1570 ι
2899 1518 3079 1573 τοιάδε
3105 1519 3274 1589 φησιν
3291 1519 3318 1571 ὁ
3343 1516 3771 1589 ἀρχικώτατος

2127 1615 2220 1669 τοῦ
2253 1614 2485 1678 Λέοντος
2514 1611 2640 1677 νοῦς
2666 1628 2679 1642 ·
2716 1632 2733 1664 ι
2767 1610 3039 1681 Καθάπερ
3080 1611 3191 1680 γὰρ
3223 1610 3285 1676 ἐξ
3314 1610 3513 1681 ἀρχῆς
3539 1608 3769 1680 ταύτης

2126 1707 2229 1777 τῆς
2254 1704 2565 1765 ὑποθέσεως
2596 1705 2904 1775 συχνὸτατα
2928 1703 3214 1776 γέγραφα,
3250 1700 3477 1772 ταύτην
3531 1701 3759 1770 μεταξὺ

2128 1797 2236 1852 τῶν
2260 1814 2319 1852 τε
2336 1796 2695 1868 διχονοουσῶν
2710 1793 2985 1859 διανοιῶν,
3008 1793 3236 1847 καὶτῶν
3259 1792 3577 1864 σαρκικῶν
3599 1792 3765 1863 ζηλο-

2137 1890 2346 1945 τυπιῶν
2366 1890 2465 1962 τὴν
2484 1889 2790 1943 ἐπιείκειαν
2817 1886 3082 1958 βούλομαι
3100 1884 3483 1957 φυλαχθῆναιο
3507 1886 3673 1938 ὥστε
3697 1889 3761 1956 τῇ

2140 1981 2239 2052 μὲν
2258 1981 2559 2051 τελειότητι
2578 1981 2677 2047 τῆς
2706 1979 2947 2041 πίστεως
2976 1975 3145 2047 μηδὲν
3177 1976 3387 2040 ἐξεῖναι
3419 1975 3761 2047 προστεθῆ-

2137 2090 2248 2136 ναι,
2299 2072 2438 2143 μήτε
2472 2070 2579 2143 μὴν
2623 2068 2993 2140 ἀφαιρεθῆναι
3028 2083 3042 2096 '
3078 2068 3193 2130 τοῖς
3218 2065 3274 2118 δὲ
3308 2067 3460 2137 πρὸς
3493 2066 3610 2138 τὴν
3643 2068 3760 2120 ἑνί..-

2137 2182 2274 2238 τητα
2304 2166 2398 2221 καὶ
2424 2164 2522 2234 τὴν
2555 2163 2784 2235 εἰρήνην
2836 2159 3146 2224 ὲπανιοῦσι,
3171 2160 3232 2213 τὸ
3261 2159 3364 2230 τῆς
3396 2161 3760 2231 συγγνώμης

2141 2256 2278 2327 ίαμα
2338 2254 2779 2326 παραηεθῆναι.
2842 2251 3067 2322 Ἐπειδὴ
3137 2250 3261 2304 τότε
3317 2250 3385 2303 τὰ
3450 2250 3610 2322 ἔργα
3665 2253 3756 2304 τοῦ

2137 2348 2387 2405 διαϐόλου
2435 2346 2806 2419 δυνατώτερον
2862 2344 3279 2417 καθαιροῦνται,
3310 2344 3447 2397 ὅταν
3472 2345 3629 2415 πρὸς
3660 2344 3761 2415 τήν

2138 2442 2233 2497 τοῦ
2259 2441 2395 2496 Θεοῦ
2418 2441 2513 2497 καὶ
2536 2440 2633 2495 τοῦ
2661 2439 2893 2512 πλησίον
2919 2440 3165 2511 ἀγάπην,
3195 2440 3252 2491 αἱ
3275 2438 3390 2491 τῶν
3425 2437 3530 2492 ἀνθ
3542 2437 3753 2509 ρώπων

2138 2536 2518 2592 ἀνακαλῶνται
2539 2535 2783 2607 καρδίαι.
2810 2554 2829 2587 s
2852 2535 2996 2589 Αὐτὸ
3017 2534 3073 2587 δὲ
3098 2534 3261 2590 τοῦτο
3293 2533 3435 2586 πολὺ
3468 2534 3754 2604 πρότερον

2140 2631 2236 2685 καὶ
2276 2628 2546 2700 Κύριλλος
2573 2631 2603 2683 ὁ
2633 2627 2872 2698 ἀκριϐὴς
2933 2626 3065 2698 περὶ
3099 2627 3168 2680 τά
3198 2625 3319 2680 θεῖα
3364 2627 3752 2695 πεποιηκέναι

2139 2725 2453 2797 εὑρίσκεται
2514 2724 2607 2777 ἐπὶ
2662 2726 2727 2794 τῇ
2807 2722 2918 2776 τῶν
2983 2720 3345 2775 ’Δνατολικῶν
3410 2719 3751 2773 ἐπισκόπων

2140 2816 2277 2889 πρὸς
2341 2816 2505 2871 αὑτὸν
2563 2814 2791 2879 διενέξει
2815 2831 2877 2868 τε
2903 2813 2999 2867 καὶ⁵
3054 2801 3393 2867 ἅντιστάσει.
3442 2811 3750 2867 Ἀπολύειν

2138 2906 2247 2979 γάρ
2277 2906 2661 2978 κατακρίσεως
2685 2906 2887 2959 ἐκεῖνοι
2917 2902 3236 2975 βουλομένοι
3273 2901 3367 2955 τὸν
3404 2901 3743 2973 Νεστόριον.

2139 3003 2235 3057 καὶ
2287 3000 2387 3072 τὴν
2417 3001 2505 3053 ἐπ’
2529 2998 2679 3071 αὐτῷ
2730 2998 2911 3070 ψῆφον
2970 2994 3213 3068 ἀκυροῦν
3263 2994 3647 3061 σπεύδοντες,
3684 2996 3743 3047 οὐ

2141 3096 2356 3169 φορητά
2407 3094 2845 3166 τετολμήκασιν,
2893 3092 3033 3147 ἀλλά
3083 3091 3345 3162 μέγιστον
3396 3091 3745 3161 εἰργάσαντο

2140 3189 2542 3262 πλημμέλημα.
2570 3188 2768 3253 ,Αὑτὸν
2810 3187 2923 3258 γάρ
2945 3186 3038 3240 τὸν
3101 3184 3377 3256 μακάριον
3436 3181 3739 3254 Κύριλλσν,

2137 3285 2231 3339 καὶ
2283 3283 2383 3356 τὴν
2431 3282 2554 3336 κατ’
2607 3281 2772 3336 αὐτὸν
2823 3278 3234 3349 ἀνεθεμάτισαν
3271 3275 3520 3330 σύνοδον.

2137 3378 2389 3441 κάκεῖνος
2420 3377 2645 3446 ταχεῖαν
2691 3374 2788 3429 καὶ
2816 3373 2919 3426 οὐκ
2956 3370 3171 3443 ἐργώδη
3208 3370 3611 3438 προσηγάγετο
3640 3367 3736 3437 τήν

2136 3469 2474 3541 ἀνάκτησιν*
2499 3466 2633 3522 αὐτὸ
2685 3466 2846 3537 μόνον
2885 3464 2948 3518 τὸ
2988 3461 3285 3517 συνθέσθαι
3351 3460 3560 3521 αὐτοὺς
3620 3462 3736 3522 τοῖς

2138 3560 2430 3624 συνοδικῶς
2443 3559 2810 3630 δεδογμένοις,
2863 3557 2961 3612 καὶ
2984 3553 3228 3618 εὐσεϐῶς
3249 3552 3607 3623 διορισθεῖσι,
3638 3552 3732 3605 καὶ

2135 3652 2233 3707 τοῦ
2279 3650 2512 3714 ἀσεϐοῦς
2567 3650 2818 3722 κυρῶσαι
2868 3647 2967 3720 τήν
3014 3646 3344 3717 καταδίκην,
3385 3645 3613 3708 ὲκείνας
3642 3645 3731 3698 ἐπὶ

2136 3743 2347 3808 τούτοις
2378 3745 2479 3809 τὰς
2522 3743 2704 3815 πάσης
2750 3740 3115 3814 περιχαρείας
3153 3737 3501 3809 ὲπιμέστους
3543 3737 3727 3807 φωνὰς

2138 3836 2505 3907 ὲκϐοήσαντος
2559 3835 2653 3889 τοῦ
2703 3834 2871 3889 αὑτοῦ
2920 3833 3184 3902 θεοφόρου
3232 3830 3479 3901 Πατρδς,
3512 3828 3578 3892 ἃς
3608 3828 3732 3882 ὑπτι-

2138 3929 2351 4002 νοήσειέ
2403 3947 2489 3993 τις
2518 3927 2787 4002 ὲρρἧσθαι
2811 3927 2887 3989 ώς
2922 3924 3089 3980 αὑτοῦ
3148 3924 3352 3995 μᾶλλον
3384 3923 3727 3992 πταίσματος

2141 4021 2492 4095 συγχώρησιν
2542 4019 2863 4091 δοξαμένου,
2913 4020 3013 4072 καὶ
3036 4020 3097 4071 οῦ
3127 4020 3243 4082 τοῖς
3298 4017 3565 4071 πταίσασι
3605 4033 3726 4083 συγ-

2139 4115 2526 4186 χωρήσαντος·
2564 4132 2583 4164 ι
2607 4111 3106 4183 Εὑφραινέσθωσαν
3163 4110 3295 4181 γάρ,
3339 4111 3533 4181 φησιν,
3565 4112 3613 4162 ei
3638 4110 3723 4161 οὔ·

2142 4206 2317 4278 ρανοὶ,
2347 4206 2442 4258 καὶ
2503 4200 2855 4271 ἀγαλλιάσθω
2885 4202 2919 4271 ή
2949 4201 3021 4269 γῆ
3048 4217 3061 4231 ·
3096 4197 3316 4251 λέλυται
3347 4198 3540 4269 γάρτὸ
3569 4199 3722 4268 μεσό-

2137 4313 2316 4366 τοιχον
2344 4293 2439 4349 τοῦ
2467 4292 2746 4365 φραγμοῦ,
2780 4291 2875 4346 καὶ
2902 4289 3177 4360 διχονοίας
3198 4289 3427 4359 ἀπάσης
3453 4290 3719 4360 ἀνῄρηται

2138 4390 2361 4461 τρόπος,
2389 4385 2485 4440 τοῦ
2516 4387 2736 4441 πάντων
2785 4385 2942 4457 ἡμῶν
3000 4382 3262 4454 Σωτῆρος
3313 4381 3557 4453 Χριστοῦ
3608 4385 3721 4444 ταῖς

2138 4482 2331 4536 ἑαυτοῦ
2387 4480 2740 4551 Ἐκκλησίαις
2786 4478 2885 4549 τὴν
2945 4478 3173 4548 εἰρήνην
3239 4474 3664 4546 βραϐεύσαντος.
3698 4494 3714 4526 ι

448 4582 598 4633 nem,
647 4582 778 4639 qua,
846 4567 1078 4624 omnino
1141 4583 1237 4640 per
1295 4567 1506 4624 illatam
1562 4568 1673 4623 vim
1733 4568 2030 4625 commissa

2144 4576 2339 4645 Ἔχετε
2380 4574 2562 4628 τοίνυν
2589 4576 2683 4627 καὶ
2715 4572 2897 4643 ὑμεῖς,
2919 4564 2967 4624 ὦ
2995 4568 3309 4640 θεόληπτοι,
3339 4565 3438 4640 τὴν
3460 4569 3719 4638 ἀναιρετιο

447 4656 685 4715 oﬂ‘ensio
720 4657 994 4716 abolenda
1027 4658 1137 4724 sit;
1172 4673 1367 4728 puram
1417 4658 1678 4714 nimirum
1730 4673 1795 4714 ac
1825 4658 2031 4714 claram

448 4760 614 4807 recta:
653 4748 781 4807 ﬁdei
831 4750 1271 4806 confessionem.
1313 4749 1396 4806 Ne
1421 4765 1581 4821 ergo,
1610 4764 1644 4805 ο
1669 4750 1839 4816 beati,
1874 4748 2033 4806 tarde

447 4841 715 4914 pigreque
742 4843 810 4898 ad
833 4857 932 4898 eos
965 4841 1275 4899 habueritis
1319 4858 1468 4914 quos
1498 4843 1657 4900 vobis
1680 4842 2033 4900 consociatos

446 4949 514 4991 ac
565 4934 851 4993 iudividue
907 4935 1143 5007 spiritali
1172 4937 1594 5008 conspiratione
1637 4951 1704 4993 ac
1728 4937 2029 4993 concordia

444 5027 661 5084 habetis
724 5027 1088 5100 coniunctos;
1126 5044 1227 5085 nec
1282 5030 1351 5086 iis
1388 5030 1741 5087 attendentes
1772 5047 1897 5104 quae
1931 5046 2029 5101 per

443 5119 554 5175 vim
583 5127 802 5192 patrata
868 5131 1024 5189 sunt,
1054 5137 1175 5178 eam
1228 5137 1426 5194 passos
1456 5138 1486 5178 a
1515 5132 1703 5180 vestra
1730 5124 2029 5183 dilectione

440 5213 624 5271 velitis
668 5214 957 5286 repellere,
993 5223 1089 5271 aut
1121 5224 1381 5287 reputare
1404 5226 1464 5273 ut
1518 5217 1797 5281 inimicos.
1833 5234 2029 5290 quem-

441 5305 734 5361 admodum
785 5307 864 5362 ait
907 5305 1131 5363 divinus
1180 5309 1483 5380 Apostolus
1510 5310 1575 5375 ι’,
1632 5311 1728 5366 sed
1771 5312 2028 5367 consola-

438 5395 578 5452 snini
633 5404 695 5453 ut
756 5396 979 5467 fratres,
1042 5401 1403 5457 ostendentes
1484 5401 1815 5468 imitatione,
1875 5406 2025 5476 quod

440 5488 690 5547 divinum
737 5498 847 5548 est.
904 5490 1143 5548 Omnino
1191 5494 1493 5564 siquidem,
1546 5495 1920 5566 sanctissimi,
1957 5516 2022 5555 ex

440 5581 679 5639 Aaronis
732 5586 912 5641 sancti
947 5584 1164 5641 Domini
1211 5586 1447 5643 historia
1472 5588 1515 5621 ¹⁹
1544 5595 1829 5659 pensaturi
1864 5592 2025 5657 estis.l

2142 4666 2244 4738 κὴν
2269 4665 2364 4720 τοῦ
2409 4665 2531 4719 κατ’
2552 4666 2819 4739 ἐπήρειαν
2867 4661 3210 4731 σφάλματος,
3243 4659 3546 4728 ἀπολογίαν
3574 4662 3714 4730 ἰσχυ-

2142 4760 2244 4830 ράν
2266 4775 2325 4812 τε
2353 4759 2451 4813 καὶ
2500 4757 2748 4827 ἔννομον,
2781 4756 2879 4809 καὶ
2908 4752 3160 4823 οὐδαμῶς
3208 4751 3525 4821 δυναμένην
3547 4768 3713 4821 παραυ

2139 4852 2497 4923 κρουσθῆναι,
2548 4851 2648 4921 τὴν
2706 4849 2957 4921 καθαρὰν
3004 4850 3101 4901 καὶ
3154 4847 3714 4917 πεπαρρησιασμένην

2136 4947 2236 5015 τῆς
2289 4943 2607 5017 ὁρθοδοξίας
2650 4942 2962 5016 ὁμολογίαν.
3014 4942 3107 5014 Μὴ
3134 4936 3228 4994 οῦν
3295 4939 3516 5009 βραδεῖς
3535 4955 3592 4991 τε
3630 4940 3712 4992 καὶ

2134 5038 2362 5111 ὀκνηροὶ
2390 5039 2526 5109 πρὸς
2542 5037 2600 5091 τὸ
2619 5034 3077 5107 συνηρμοσμένον
3103 5033 3234 5103 ὑμῖν
3264 5032 3363 5086 καὶ
3392 5030 3707 5102 ἀδιάτμητον

2136 5135 2196 5186 ὲν
2240 5132 2588 5202 πνευματικῇ
2645 5128 2928 5199 συμπνοίιιι⁴
2983 5127 3080 5180 καὶ
3117 5124 3351 5197 ὁμονοίᾳ
3403 5117 3707 5193 γένησθε,ὧ

2139 5223 2428 5297 μακάριοι,
2477 5224 2618 5293 μήτε
2669 5223 2781 5283 τοῖς
2813 5218 2957 5274 κατὰ
2987 5218 3110 5289 βίαν
3132 5216 3532 5286 γεγενημένοις
3559 5232 3706 5281 προσ-

2135 5315 2374 5387 έχοντες,
2402 5314 2530 5378 τοὺς
2560 5311 2883 5383 βιασθέντας
2908 5311 3078 5382 ήμᾶς,
3105 5309 3206 5378 τῆς
3260 5307 3476 5361 ἑαυτῶν
3506 5308 3706 5377 ἀγάπης

2136 5410 2451 5465 ἀπώσασθε·
2528 5408 2663 5480 μηδὲ
2693 5407 2770 5472 ώς
2798 5406 3032 5478 ἐχθροὺς
3086 5403 3334 5475 ἡγεῖσθε,
3367 5403 3446 5467 ὥς
3492 5420 3647 5473 φησ.ν
3680 5405 3702 5455 ὁ

2134 5501 2277 5566 θεῖος
2316 5498 2641 5565 Ἀπόστολος
2661 5539 2677 5564 ,
2729 5498 2868 5553 ἀλλὰ
2920 5496 3299 5568 παρακαλεῖτε
3328 5495 3408 5560 ὡς
3435 5494 3701 5560 ἀδελφοὺς.

2130 5593 2193 5646 τὸ
2222 5592 2557 5664 θεομίμητον
2579 5590 3009 5662 ἐνδεικνύμενοι.
3037 5590 3268 5652 Πάντως
3281 5587 3395 5661 γὰρ
3420 5585 3698 5656 λογιεῖσθε,

442 5680 501 5731 ιιι
522 5671 740 5730 divinus
768 5676 889 5748 ipse
912 5676 1178 5751 Spiritus,
1230 5680 1557 5751 consignata
1591 5681 1769 5739 sacris
1805 5683 2021 5754 paginis

2137 5681 2448 5754 ἁγιώτατοι,
2478 5684 2541 5737 ὲκ
2567 5683 2667 5752 τῆς
2729 5683 2871 5736 κατά
2909 5683 3001 5735 τὶν
3042 5678 3253 5751 ’Δαρὼν
3308 5679 3402 5734 τὸν
3430 5678 3579 5750 ἅγιον
3605 5679 3702 5735 Κυο

513 5852 557 5891 ⁸⁸
579 5850 756 5931 Epist.
791 5853 927 5936 ιτ.-
962 5855 1007 5938 ιζ
1036 5855 1212 5947 ίῗιιὶει.
1245 5854 1333 5927 51,
1360 5871 1408 5913 c.
1452 5858 1507 5915 2.
1592 5858 1632 5893 "
1656 5856 1701 5914 ll
1723 5856 2022 5926 Thcss.ttt.
2054 5859 2113 5915 ll

2127 5901 2138 5916 .
2221 5858 2262 5895 ¹⁹
2294 5859 2467 5918 Exod.
2498 5875 2672 5928 sunt,
2712 5859 2911 5931 iscqq.
