3874 6350
420 380 557 442 ΗὫ

1709 374 2028 435 JOA‘NNIS
2067 373 2342 432 ΝΙΕᾸΞΝῙ

3593 370 3762 433 1440

415 500 475 543 ιιι
512 487 782 544 Nativitas
813 504 877 543 ac
911 487 1191 556 Baptisma
1246 483 1595 539 celebrentur
1624 483 1657 539 6
1700 482 1950 538 Januarii

2105 483 2225 552 ρίου
2253 491 2303 548 ς’
2342 484 2594 554 περιέχον
2619 485 2713 537 τοῦ
2745 487 2916 536 τελεῖν
2941 484 3036 554 τὴν
3067 483 3330 553 Γὲννησιν
3358 484 3465 537 καὶ
3501 484 3590 535 τὸ
3631 484 3752 537 Βά-

415 597 518 636 nos
555 590 758 645 tamen,
798 579 1042 633 mundus
1079 578 1198 647 ipse
1233 584 1403 640 totus,
1437 575 1666 630 invicem
1701 576 1988 646 conspira-

412 673 680 733 verimns,
713 678 771 722 ιιι
802 678 855 724 et
880 669 1069 737 populi
1096 683 1288 722 omnes
1319 666 1675 720 Nativitatem
1706 668 1987 722 celebrent

415 762 486 818 25
516 762 802 826 Decemb.,
837 759 1116 830 Baptisma
1160 775 1313 823 vero,
1338 758 1370 813 6
1404 757 1675 813 Januarii.

486 944 755 1015 Equidem
795 942 1060 1006 Verbum,
1104 942 1249 1011 quod
1284 957 1311 995 a
1336 940 1498 995 Patre
1537 941 1849 1004 descendit,
1876 951 1988 996 tres

413 1033 651 1088 initiavit
693 1032 1007 1085 nativitates
1044 1048 1057 1083 :
1089 1030 1357 1093 alteram,
1408 1044 1518 1097 qua
1579 1028 1815 1098 sumpsit
1864 1043 1989 1082 car-

413 1143 538 1182 nem
575 1141 638 1179 ex
687 1133 882 1180 sancta
909 1121 1170 1193 Virgine;
1219 1137 1381 1192 quam
1435 1130 1488 1175 et
1522 1120 1826 1186 honorans,
1871 1120 1988 1174 die-

414 1236 536 1273 rum
571 1217 754 1272 factus
785 1216 1177 1286 quadraginta,
1209 1214 1360 1268 venit
1391 1213 1445 1266 in
1484 1213 1770 1282 templum.
1802 1213 1987 1268 Altera

414 1308 677 1363 nativitas
709 1317 793 1360 est
816 1347 829 1369 ,
868 1307 1011 1376 quod
1047 1306 1100 1358 in
1131 1302 1373 1358 Jordane
1406 1303 1654 1372 suscepit
1686 1302 1986 1371 baptisma,

411 1399 636 1468 quando
667 1412 696 1450 a
723 1395 946 1450 diabolo
975 1403 1240 1456 tentatus,
1275 1393 1453 1462 ipsum
1486 1393 1643 1447 vicit.
1681 1391 1866 1446 Tertia
1896 1392 1989 1446 de-

415 1491 584 1559 nique
621 1487 911 1552 terribilis,
969 1487 1306 1539 resurrectio
1341 1500 1405 1538 ex
1453 1485 1711 1538 mortuis.
1748 1483 1987 1537 Mirabili

413 1588 596 1634 autem
634 1580 849 1632 ratione
887 1585 1252 1632 conversatus
1283 1577 1337 1629 in
1368 1575 1552 1629 medio
1582 1575 1984 1642 discipulorum

413 1685 641 1728 suorum
699 1685 796 1738 per
854 1667 974 1722 dies
1025 1667 1413 1736 quadraginta,
1456 1680 1484 1716 a
1520 1674 1704 1718 monte
1746 1663 1976 1728 Oliveli,

413 1771 734 1834 assumptus
768 1771 851 1816 est
887 1761 953 1813 ad
996 1760 1231 1812 Patrem.
1271 1757 1423 1810 Beati
1459 1771 1590 1823 ergo
1625 1757 1860 1826 apostoli
1920 1772 1986 1810 ac

2097 592 2342 644 πτισμα·
2374 577 2533 644 ἡμεῖς
2577 575 2655 640 δέ,
2708 578 2736 628 ό
2766 576 2971 644 κόσμος
3012 575 3149 639 ὅλος,
3210 576 3523 644 συνεφωνή
3541 593 3754 644 δάμεν

2094 668 2212 734 μετ’
2270 666 2518 736 ἀλλήλων
2577 666 2916 728 ἀκολουθεῖν,
2967 667 3055 720 ἵνα
3098 667 3193 720 καὶ
3229 668 3446 730 πάντες
3482 668 3550 718 οἱ
3607 668 3748 719 λαοὶ

2089 759 2286 811 τελῶσι
2316 759 2413 828 τὴν
2444 759 2701 828 Γέννησιν
2728 757 3049 828 Δεκεμϐρίῳ
3076 765 3174 821 κε’,
3212 760 3307 812 καὶ
3357 760 3427 811 τὸ
3484 758 3742 812 Biant-

2092 865 2226 919 σμα,
2271 849 2587 920 Ἰανουαρίῳ
2621 856 2693 913 ς’.

2161 945 2360 996 Μέντοι
2389 959 2451 1010 γε
2486 945 2636 1014 τρεῖς
2665 943 2952 1012 γεννήσεις
3007 941 3253 994 ἐτέλεσεν
3288 943 3315 994 ό
3348 941 3550 1008 Λόγος
3589 943 3626 993 ὁ
3667 945 3736 994 ἐκ

2089 1031 2184 1084 τοῦ
2219 1033 2430 1103 Πατρός
2460 1032 2736 1096 καταϐάς·
2793 1032 2894 1100 τὴν
2948 1031 3066 1101 μὲν,
3121 1031 3448 1100 σαρκωθεὶς
3495 1032 3576 1082 ἐκ
3619 1031 3732 1099 τῆς

2091 1125 2254 1192 ἁγίας
2289 1124 2591 1194 Παρθένου,
2619 1124 2686 1194 ἢν
2715 1124 2808 1176 καὶ
2839 1124 3103 1192 τιμήσας,
3129 1122 3352 1192 ἔρχεται
3380 1123 3445 1173 ἐν
3471 1106 3565 1191 ei?»
3602 1124 3729 1190 ναῷ

2089 1214 2502 1285 τεσσαράκοντα
2526 1213 2767 1284 ἡμερῶν.
2802 1214 3043 1280 Δευτέρα
3064 1213 3340 1282 γέννησις,
3369 1213 3436 1266 τὸ
3466 1215 3531 1265 ἐν
3565 1215 3725 1283 ἰορο

2088 1307 2220 1377 δάνη
2257 1306 2561 1375 βάπτισμα,
2597 1307 2688 1358 ὅτε
2718 1304 3114 1374 πειραζόμενος
3141 1303 3246 1357 ὑπὸ
3278 1304 3377 1356 τοῦ
3407 1304 3718 1366 διαϐόλου,

2089 1396 2340 1463 ἐνίκησεν
2391 1395 2574 1449 αὐτόν.
2629 1395 2692 1448 Ἠ
2737 1395 2794 1447 δὲ
2828 1395 2988 1464 τρίτη
3039 1394 3268 1465 φοϐερά,
3304 1397 3337 1466 ἡ
3373 1398 3447 1448 ἐκ
3479 1397 3720 1465 verpe?»

2088 1485 2406 1548 ἀνάστασις.
2446 1486 2791 1555 Θαυμαστῶς
2841 1485 2899 1538 δὲ
2964 1489 3387 1556 συνανεστράσρη
3434 1491 3496 1540 ἐν
3547 1490 3720 1556 μέσῳ

2087 1579 2197 1631 τῶν
2229 1579 2486 1648 μαθητῶν
2520 1577 2708 1642 αὑτοῦ,
2740 1579 2807 1632 δι’
2858 1579 3081 1649 ἡμερῶν
3130 1583 3571 1651 τεσσαράκοντα
3597 1601 3612 1610 ο
3649 1584 3716 1633 ἐκ

2087 1669 2141 1722 δὲ
2169 1671 2262 1723 τοῦ
2284 1671 2439 1741 ὅρους
2460 1671 2567 1723 τῶν
2600 1671 2824 1724 Ἐλαιῶν
2857 1671 3135 1742 ἀνελήφθη
3167 1675 3303 1742 πρὸς
3323 1675 3421 1726 τὸν
3447 1676 3712 1745 Πατέρα.

2088 1759 2152 1810 Ol.
2183 1758 2275 1811 οῦν
2324 1760 2584 1829 μακάριοι
2620 1759 2908 1812 ἀπόστολοι
2947 1760 2995 1812 οί
3039 1760 3283 1830 μαθηταὶ
3335 1762 3438 1814 τοῦ
3480 1765 3716 1835 Κυρίου

413 1856 675 1926 discipuli
707 1853 922 1907 Domini
960 1850 1134 1905 nostri
1165 1847 1296 1904 Jesu
1324 1848 1554 1912 Christi,
1589 1864 1685 1917 per
1719 1865 1983 1902 manuum

2100 1849 2244 1918 ἡμῶν
2271 1848 2446 1917 Ἰησοῦ
2474 1851 2734 1921 Χριστοῦ,
2770 1851 2856 1904 διὰ
2878 1852 2976 1922 τῆς
3007 1852 3309 1916 ἐπιθέσεως
3335 1855 3453 1906 τῶν
3487 1853 3715 1925 χειρῶν

416 1946 630 2002 Dominl
667 1943 1081 2014 impositionem
1125 1941 1178 1994 in
1219 1950 1404 1996 monte
1433 1941 1716 1997 Olivarum
1749 1943 1983 2012 gratiam

413 2044 766 2107 acceperunt,
820 2043 878 2086 ut
938 2029 1005 2085 ad
1078 2029 1492 2100 Scripturarum
1556 2031 1985 2103 intelligentiam

412 2142 600 2184 eorum
639 2140 796 2180 mens
825 2124 1165 2193 aperiretur;
1195 2123 1361 2192 inque
1395 2122 1643 2192 Spiritus
1670 2126 1851 2178 sancti
1885 2126 1986 2179 ad-

414 2228 603 2283 ventu,
652 2218 846 2286 repleti
883 2225 1013 2272 sunt
1073 2218 1220 2272 omni
1282 2219 1553 2284 scientia;
1598 2218 1988 2290 Evangeliique

415 2309 893 2380 pradicationem.
939 2312 1085 2380 quod
1140 2320 1260 2367 erat
1315 2313 1641 2368 tradendum
1704 2315 1984 2385 gentibus,

413 2414 479 2454 ac
509 2402 764 2456 universa
802 2401 986 2456 futura
1038 2402 1375 2460 didicerunt.
1415 2405 1648 2474 Propter
1685 2413 1869 2460 tamen
1903 2422 1989 2461 se-

416 2501 562 2562 ptem
620 2493 841 2548 illarum
897 2496 1178 2550 haereseon
1236 2513 1302 2551 ex
1334 2495 1537 2552 Judacis
1595 2508 1986 2568 prognatarum
2025 2549 2037 2564 ,

415 2585 843 2655 grassationem,
879 2585 1139 2642 Ecclesiae
1169 2588 1339 2643 latius
1364 2589 1540 2643 officia
1578 2591 1869 2660 speciatim
1900 2599 1988 2642 at-

414 2689 525 2745 que
577 2674 807 2740 ordine,
861 2675 1285 2749 haudquaquam
1331 2697 1612 2751 exponere
1671 2697 1734 2736 ac
1771 2682 1989 2736 sancire

417 2768 591 2822 licuit.
629 2767 686 2822 Id
730 2784 856 2824 vero
901 2787 1067 2824 unum
1128 2773 1366 2828 sollicite
1421 2773 1676 2844 agebant,
1742 2781 1802 2826 ut
1833 2773 1992 2828 Chri-

414 2860 770 2925 slum,Deum
803 2878 866 2916 ex
905 2862 1034 2929 Deo,
1068 2865 1160 2934 qui
1200 2865 1407 2920 mundo
1440 2866 1819 2936 apparuisset,
1851 2880 1992 2934 pra:-

416 2950 689 3005 dicarent.
741 2951 959 3022 Septem
1013 2965 1194 3009 autem
1255 2957 1537 3010 haereseon
1592 2956 1816 3010 nomina
1873 2955 1988 3010 luet:

417 3050 590 3095 sunt:
640 3046 691 3096 1.
724 3043 1047 3111 Scribmﬂ.
1093 3045 1388 3112 Pharisaei;
1441 3047 1495 3100 3.
1541 3046 1871 3110 Sadduczei;
1932 3047 1987 3100 4.

2090 1941 2185 1994 τοῦ
2214 1942 2417 2012 Κυρίου
2456 1945 2512 1995 ἐν
2538 1942 2614 2012 τῷ
2645 1943 2762 2013 δρει
2803 1943 2914 1997 τῶν
2975 1943 3225 2008 Ἐλαιῶν,
3281 1945 3485 1999 ἔλαϐον
3529 1950 3712 2019 χάριν

2090 2032 2151 2084 τὸ
2198 2033 2565 2103 διανοιχθῆναι
2612 2034 2792 2088 αὐτῶν
2841 2035 2934 2087 τὸν
2990 2036 3116 2089 νοῦν
3155 2037 3251 2090 τοῦ
3292 2038 3557 2092 συνιέναι
3604 2041 3710 2103 τὰς

2093 2121 2314 2191 Γραφάς
2340 2137 2354 2151 ·
2385 2125 2477 2174 καὶ
2508 2125 2564 2175 ἐν
2596 2127 2662 2194 τῇ
2695 2124 2978 2177 ἐπελεύσει
3020 2125 3112 2178 τοῦ
3141 2127 3298 2193 ἁγίου
3330 2128 3701 2198 Πνεῦματος,

2091 2215 2441 2285 ἐπλήσθησαν
2474 2217 2651 2285 πάσης
2696 2218 2966 2281 συνέσεως
2988 2233 3000 2245 °
3054 2218 3232 2270 καὶτὸ
3259 2221 3542 2289 κήρυγμα
3603 2221 3702 2274 τοῦ

2094 2307 2450 2376 Εὑαγγελίου,
2478 2307 2572 2362 τοῦ
2600 2308 2892 2380 μέλλοντος
2920 2309 3310 2379 παραδίδοσθαι
3333 2313 3458 2374 τοῖς
3481 2311 3705 2377 ἔθνεσι,

2094 2401 2189 2453 καὶ
2220 2401 2398 2454 πάντα
2429 2401 2497 2454 τὰ
2531 2401 2792 2471 μέλλοντα
2847 2400 3219 2473 μεμαθήκασι.
3256 2402 3410 2472 Πλὴν
3461 2401 3560 2456 διὰ
3597 2404 3704 2467 τὰς

2096 2491 2405 2561 προσδολάς
2456 2493 2564 2546 τῶν
2619 2493 2888 2564 αἱρέσεων
2942 2492 3051 2546 τῶν
3102 2492 3243 2546 ἐπτὰ
3295 2495 3536 2548 ἐκείνων
3587 2494 3703 2548 τῶν

2097 2585 2335 2656 φυεισῶν
2362 2586 2425 2638 ἐκ
2450 2585 2559 2638 τῶν
2592 2585 2882 2645 Ἰουδαίων.
2907 2585 3006 2637 οὐκ
3038 2584 3386 2656 ἠδυνήθησαν
3420 2587 3525 2658 τὴν
3553 2589 3696 2641 dato--

2093 2679 2309 2731 λουθίαν
2349 2678 2527 2747 πάσης
2555 2677 2654 2746 τῆς
2698 2675 3029 2745 Ἐκκλησίας
3066 2677 3312 2748 μερικῶς
3343 2680 3494 2732 κατὰ
3525 2681 3696 2744 τάξιν

2092 2769 2349 2824 ἐκθέσθαι
2383 2771 2478 2823 καὶ
2511 2768 2782 2822 θεσπίσαι.
2832 2767 2995 2821 Ἀλλὰ
3027 2768 3182 2821 τοῦτο
3219 2769 3381 2838 μόνον
3404 2773 3692 2826 ἐσπούδα-

2095 2879 2216 2927 σαν,
2236 2863 2327 2916 τὸν
2349 2860 2581 2930 Χριστὸν
2597 2861 2729 2914 θεὸν
2749 2861 2815 2913 ἐκ
2840 2860 2976 2914 Θεοῦ
2995 2860 3330 2928 ἐπιφανέντα
3355 2861 3437 2931 τῷ
3461 2864 3689 2935 κόσμῳ,

2094 2953 2350 3026 κηρῦξαι.
2403 2953 2527 3005 Τῶν
2571 2952 2626 3005 δὲ
2683 2950 2823 3005 ἐπτὰ
2869 2953 3133 3022 αἱρέσεων
3161 2953 3428 3023 όνόματα,
3467 2955 3687 3010 ταῦτα·

2095 3047 2332 3117 πρῶτον,
2369 3046 2725 3117 Γραμματεῖς
2749 3061 2762 3074 °
2799 3044 3078 3118 δεύτερον,
3109 3047 3395 3115 Φαρισαῖοι
3422 3065 3440 3080 ο
3472 3050 3686 3118 τρίτον,

419 3133 930 3206 llemerobaptisti;
976 3137 1028 3191 5.
1073 3139 1302 3204 Asiani;
1341 3137 1395 3193 6.
1450 3137 1752 3204 Nazareni;
1791 3138 1846 3192 7.
1885 3137 1987 3192 lle-

2100 3138 2446 3192 Σαδδουκαῖοι
2470 3154 2484 3169 ·
2509 3137 2787 3208 τέταρτον,
2821 3136 3322 3208 Ἥμεροὸάπτιστοι
3341 3155 3354 3168 ·
3402 3141 3684 3209 πέμπτον,

418 3225 656 3284 rodiani.
689 3228 754 3283 Hi
780 3243 974 3283 omnes
1010 3229 1451 3285 adversabantur
1475 3231 1652 3286 beatis
1680 3231 1985 3301 apostolis;

419 3332 484 3372 ac
518 3334 642 3371 cum
682 3319 813 3384 illis,
870 3319 1206 3387 Simoniani,
1231 3320 1597 3386 Cerinthiani,
1638 3323 1849 3386 Ariani,
1886 3322 1988 3375 Sa-

418 3407 638 3463 belliani
674 3424 737 3463 ac
793 3409 1124 3465 Eunomiani
1152 3452 1164 3475 ,
1205 3413 1295 3476 qui
1334 3414 1494 3481 plane
1530 3414 1800 3467 contrarii
1831 3422 1990 3467 erant

419 3506 626 3552 sanctae
658 3498 939 3553 Ecclesiae.
993 3501 1134 3564 Quin
1168 3509 1222 3554 et
1275 3500 1483 3556 Pascha
1527 3504 1655 3557 luna
1699 3504 1764 3557 Η
1800 3505 1989 3560 multis

421 3588 583 3641 annis
615 3588 915 3660 celebravit
948 3589 1218 3645 Ecclesia.
1269 3591 1388 3645 Non
1447 3595 1592 3648 enim
1623 3609 1818 3649 omnes
1860 3605 1990 3649 tunc

421 3685 635 3748 poterat
673 3669 950 3744 coercere,
977 3695 1037 3734 ac
1059 3697 1234 3754 usque
1262 3682 1328 3737 ad
1355 3691 1568 3753 tempus
1599 3685 1815 3754 paciﬁci
1843 3685 1990 3742 illius

419 3769 916 3842 ConstantiniLqui
941 3773 1222 3828 celebrata
1247 3774 1469 3829 Nicaena
1493 3776 1726 3847 synodo,
1746 3792 1808 3832 os
1829 3793 1992 3833 omne

421 3863 808 3919 haereticorum
850 3867 1154 3931 obstruxit,
1189 3883 1253 3922 ac
1319 3867 1583 3924 Ecclesia:
1637 3885 1808 3925 cornu
1843 3871 1991 3926 exal-

421 3955 579 4010 tavit.

487 4149 570 4203 Ab
606 4164 672 4203 eo
703 4147 887 4217 itaque
918 4147 1180 4216 deinceps
1228 4154 1479 4215 tempore
1502 4186 1517 4211 ,
1567 4149 1744 4202 sancti
1801 4148 1992 4203 Patres

417 4255 482 4293 ac
509 4240 654 4293 beati
682 4240 950 4308 episcopi,
985 4247 1307 4293 sanctorum
1341 4238 1721 4306 apostolorum
1759 4239 1989 4308 vestigia

419 4329 770 4400 indagantes,
811 4339 1064 4384 sanctum
1102 4325 1317 4380 Pascha
1347 4343 1377 4380 a
1429 4327 1663 4384 Judaico
1711 4329 1993 4386 discreve-

419 4429 574 4486 runt,
601 4421 729 4490 jure
764 4421 966 4476 merito
1003 4422 1344 4475 honorantes
1405 4431 1651 4475 sanctam
1690 4422 1991 4479 Ecclesiam

2106 3228 2343 3282 Ἀσιανοί
2370 3246 2383 3259 ο
2416 3228 2595 3293 ἕκτον,
2632 3228 2940 3299 Ναζαραῖοι
2966 3223 3278 3300 ”ἓὸδομον,
3329 3232 3680 3304 Ἦρωδιανοί.

2095 3317 2252 3376 υῦτοι
2288 3320 2488 3383 πάντες
2520 3320 2828 3372 ἀντέκειντο
2850 3322 2963 3383 τοῖς
2997 3321 3292 3393 μακαρίοις
3329 3323 3677 3390 ἀποστόλοις,

2094 3414 2186 3466 καὶ
2243 3414 2359 3484 μετ’
2409 3412 2634 3466 ἐκείνων
2674 3414 2722 3465 οἱ
2768 3413 3120 3482 Σιμωνιανοὶ,
3164 3417 3256 3469 καὶ
3286 3427 3313 3456 ι
3349 3417 3676 3488 Κηρυναῖοι,

2107 3506 2404 3574 ’Λρειανοὶ,
2453 3503 2842 3569 Σαδελλιανοὶ,
2894 3505 2990 3557 καὶ
3054 3505 3415 3575 Εὖνομιανοὶ,
3480 3511 3677 3573 οἵτινες

2094 3596 2325 3646 ἐναντίοι
2356 3593 2769 3663 κατεστάθησαν
2826 3597 2893 3665 τῇ
2932 3594 3064 3665 ἁγίᾳ
3109 3597 3434 3667 Ἐκκλησία.
3473 3601 3583 3652 Καὶ
3617 3601 3674 3653 τὸ

2095 3686 2286 3756 Πάσχα
2315 3686 2372 3737 ἐν
2404 3685 2621 3748 πολλοῖς
2651 3685 2868 3757 χρόνοις
2914 3687 3172 3758 ἐόρταζεν
3199 3692 3232 3760 ἡ
3278 3689 3581 3761 Ἐκκλησία
3610 3696 3672 3763 τῇ

2098 3776 2178 3828 ιδ’.
2204 3775 2317 3828 Οὐκ
2350 3774 2582 3844 ἠδύνατο
2605 3775 2713 3846 γὰρ
2741 3776 2860 3828 τότε
2899 3779 2978 3840 είς
3012 3779 3224 3842 πάντας
3267 3783 3300 3851 η
3354 3780 3670 3854 Ἐκκλησία,

2093 3869 2196 3931 ἓως
2229 3867 2319 3920 τοῦ
2355 3867 2546 3938 χρόνου
2571 3866 2661 3920 τοῦ
2688 3868 3060 3939 φιλειρηνικοῦ
3110 3872 3547 3938 Κωνσταντίνου,
3585 3876 3671 3929 τοῦ

2093 3959 2179 4011 διὰ
2217 3959 2315 4028 τῆς
2349 3958 2406 4008 ἐν
2443 3957 2646 4026 Nimia.
2679 3957 2896 4009 συνόδου
2948 3959 3332 4032 ἐμφράξαντος
3366 3966 3475 4016 πᾶν
3504 3967 3669 4036 στόμα

2095 4049 2405 4120 αἱρετικῶν,
2439 4050 2532 4101 καὶ
2562 4047 2875 4117 ὑψώσαντος
2907 4051 2968 4103 τὸ
2997 4053 3167 4123 κέρας
3189 4055 3285 4123 τῆς
3312 4054 3664 4125 Ἐκκλησίας.

2166 4143 2366 4196 Λοιπὸν
2401 4141 2506 4195 ἀπὸ
2538 4143 2681 4206 τότε,
2715 4145 2762 4195 οἱ
2798 4145 2943 4212 ἆγιοι
2973 4146 3238 4217 Πατέρες,
3270 4149 3368 4200 καὶ
3412 4151 3462 4202 οἱ
3494 4153 3664 4220 μακά-

2098 4252 2204 4306 ριοι
2231 4234 2540 4298 ἐπίσκοποι,
2589 4235 2640 4287 οἱ
2680 4235 2961 4306 ίχνηλάται
2993 4239 3100 4290 τῶν
3129 4239 3300 4307 ἁγίων
3338 4241 3662 4308 ἀποστόλων,

2095 4325 2420 4397 διεχώρισαν
2461 4327 2522 4379 τὸ
2553 4326 2710 4395 ἅγιον
2741 4328 2933 4398 Πάσχα
2969 4329 3034 4382 ἐκ
3063 4328 3158 4382 τοῦ
3183 4331 3504 4396 Ἰουδαϊκοῦ,
3535 4337 3665 4390 κατὰ

2095 4418 2252 4486 λόγον
2296 4418 2626 4488 τιμήσαντες
2650 4417 2748 4489 τὴν
2795 4419 2956 4486 ἁγίαν
2986 4419 3278 4492 καθολικὴν
3325 4423 3661 4495 Ἐκκλησίαν,

420 4513 773 4578 catholicam,
837 4527 902 4567 ac
960 4512 1207 4583 psalmis,
1254 4521 1308 4567 et
1356 4512 1596 4584 hymnis,
1655 4515 1987 4585 canticisque

2101 4512 2194 4565 καὶ
2255 4510 2642 4579 φαιδρύναντες
2702 4511 2939 4582 ψαλμοῖς
3001 4514 3096 4566 καὶ
3122 4513 3284 4583 ᾠδαῖς
3316 4518 3412 4569 καὶ
3463 4518 3661 4589 ᾅτμασι

416 4601 768 4672 spiritalibus
795 4603 1196 4667 cxhilarantes,
1220 4603 1514 4672 variasque
1532 4604 1859 4659 festivitates
1882 4606 1992 4660 sin-

417 4693 584 4767 gulas
619 4693 824 4750 diebus
854 4695 1100 4766 prapriis
1147 4695 1394 4750 ordinari
1433 4706 1760 4751 sanxerunt.
1821 4695 1992 4753 Porro

2093 4602 2508 4670 πνευματικοῖς,
2539 4601 2746 4664 καὶτὰς
2777 4601 2971 4672 ὲορτάς
3004 4603 3102 4666 τὰς
3134 4604 3387 4669 ποικίλας
3418 4610 3661 4677 ἐνομοθέ-

2090 4710 2288 4764 τησαν,
2314 4694 2620 4760 κατατάξαι
2652 4695 2892 4766 ἑκάστην
2924 4699 3005 4760 είς
3043 4696 3140 4767 την
3173 4697 3306 4751 ἰδίαν
3336 4700 3571 4772 ἡμέραν.
3605 4704 3661 4757 Oi

411 4784 449 4838 ii
484 4785 716 4854 apostoli
757 4787 854 4856 qui
903 4794 1162 4841 erantex
1210 4786 1386 4840 sancti
1449 4784 1676 4842 Joannis
1736 4786 1987 4867 Baptista:

2100 4785 2146 4838 5ἐ
2171 4785 2457 4838 ἀπόστολοι
2505 4785 2556 4838 oi
2601 4786 2753 4850 ὄντες
2777 4787 2841 4840 ἐκ
2895 4787 3001 4841 τῶν
3057 4787 3318 4860 μαθητῶν
3367 4789 3464 4842 τοῦ
3513 4793 3659 4860 ἁγίου

409 4874 728 4945 discipulis,
761 4876 952 4931 audito
1001 4875 1148 4945 quod
1181 4874 1424 4931 Joannes
1458 4878 1834 4932 testimonium
1863 4893 1988 4948 per-

409 4966 593 5022 hibuit
625 4967 695 5024 de
753 4967 1026 5035 Domino,
1080 4968 1403 5033 credentes,
1459 4968 1749 5024 Dominum
1807 4973 1980 5026 secuti

407 5066 574 5124 sunt;
613 5072 850 5128 cumque
883 5057 1176 5112 Dominum
1228 5058 1282 5111 in
1327 5055 1570 5113 Jordanc
1604 5059 1874 5129 baptizari
1903 5062 1984 5115 vi-

407 5148 645 5214 disscnt,
678 5163 740 5204 ea
773 5148 862 5204 die
895 5148 1161 5220 Baptismi
1196 5163 1419 5218 quoque
1457 5147 1816 5206 festivitatem
1877 5162 1992 5206 sla-

2102 4877 2351 4932 Ἰωάννου
2382 4877 2474 4932 τοῦ
2497 4877 2824 4944 Βαπτιστοῦ,
2858 4879 2946 4933 ὅτε
2964 4881 3198 4951 ἥκουσαν
3233 4882 3331 4952 τὴν
3368 4885 3659 4954 μαρτυρίαν

2104 4969 2350 5023 Ἰωάννου
2381 4970 2508 5040 περὶ
2540 4967 2634 5022 τοῦ
2675 4970 2906 5040 Κυρίου,
2939 4971 3338 5038 πιστεύσαντες
3370 4974 3657 5046 ηκολούθη-

2090 5078 2190 5114 σαν
2215 5062 2292 5132 τῷ
2307 5062 2497 5134 Κυρίῳ
2521 5079 2535 5094 ο
2569 5064 2663 5116 καὶ
2681 5064 2770 5117 ὅτε
2800 5059 2939 5115 είδον
2960 5063 3051 5116 τὸν
3068 5062 3274 5132 Κύριον
3305 5062 3655 5136 βαπτισθῆναι

2087 5156 2144 5206 ἐν
2180 5153 2438 5225 Ἰορδάνῃ,
2469 5156 2548 5218 είς
2585 5154 2801 5227 ἐκείνην
2830 5155 2927 5226 τὴν
2960 5155 3172 5225 ἡμέραν
3218 5154 3314 5208 κα)⁸
3345 5156 3446 5226 τὴν
3480 5158 3652 5228 ἑορτὴν

1675 5240 1714 5293 ν
1734 5242 1924 5296 Alile
1955 5243 2363 5302 LECTIONES.

511 5342 535 5371 ι
578 5332 664 5384 ισ.
696 5331 1042 5401 Κεριντιανοὶ
1072 5329 1153 5383 vel
1192 5331 1513 5400 Κυρηναῖοι.

1886 5447 2118 5506 ΝΟΤᾸΕ.

409 5535 628 5621 χοι-ιρις
683 5544 950 5621 tanquam
984 5550 1049 5591 ea
1105 5543 1261 5618 parte
1282 5539 1634 5621 excesserint
1680 5543 1895 5621 traditae
1941 5560 1969 5598 a
2079 5561 2272 5617 porum
2306 5548 2548 5621 _I_'atione
2602 5549 2997 5621 iudicaverint.
3060 5548 3196 5604 Nam
3247 5559 3302 5606 et
3362 5551 3417 5605 in
3465 5557 3646 5621 veteri,

409 5605 626 5658 Christo
656 5605 944 5677 potestatis
968 5647 983 5670 ,
1028 5621 1091 5660 ac
1109 5605 1241 5676 puri
1279 5605 1558 5677 Evangelii
1603 5611 1825 5670 limites.
1861 5613 1968 5668 Im-

407 5688 600 5744 purum
631 5685 778 5732 certe
812 5676 1198 5754 Evangelium,
1244 5686 1302 5731 ut
1357 5676 1463 5732 non
1502 5683 1717 5749 possint
1764 5686 1965 5754 praelati

409 5752 665 5810 statuere,
700 5746 895 5814 quode
918 5746 982 5805 re
999 5748 1331 5816 Christiana,
1369 5764 1469 5819 pro
1504 5746 1697 5808 rerum
1736 5746 1795 5810 ac
1824 5763 1967 5810 tem-

2081 5616 2275 5690 ιιι-αξιοι·
2305 5616 2552 5688 Moysen,
2595 5620 2762 5690 etiam
2792 5620 3079 5690 pontiﬁces
3109 5621 3203 5674 alii
3228 5660 3241 5684 ,
3275 5621 3451 5678 festos
3492 5616 3645 5680 novos

2077 5688 2215 5755 dies,
2251 5697 2444 5747 sancte
2486 5703 2550 5746 ac
2588 5705 2715 5746 cum
2751 5688 2911 5748 laude
2949 5699 3258 5748 noscuntur
3300 5692 3614 5751 saneivisse.
