3874 6350
289 316 420 381 lii-1

1323 331 1415 390 DE
1455 335 1686 396 πετο
1722 323 2160 400 ΒῙΕΝΑΤΑΙΛ
2213 341 2513 400 DOMINI.

3417 350 3554 416 1142

285 431 380 487 τοῦ
407 432 791 506 Βαπτίσματος
823 439 1148 506 κατίταξαν.
1191 441 1248 495 '0
1272 442 1326 496 δὲ
1363 445 1619 510 Ἰάκωῦος
1654 450 1680 500 6
1709 451 1860 502 αδελο

1978 463 2219 508 tuerunt;
2251 452 2499 511 Jacobus
2531 462 2718 510 autem
2767 456 2986 512 Domini
3026 458 3217 526 frater,
3253 461 3346 529 qui
3389 479 3552 519 vene-

287 526 501 596 φόθεος,
530 529 588 581 ἐν
618 529 865 602 Βηθλεὲμ
914 535 1359 605 παραγενόμενος
1411 537 1470 590 ἰν
1517 541 1584 609 τῇ
1613 541 1866 610 γεννήσει

284 618 378 672 τοῦ
407 620 636 690 Κυρίου,
684 622 713 674 6
740 624 832 676 καὶ
865 624 924 676 ἑν
968 626 1328 698 Ἰερουσαλὴμ
1366 629 1410 681 λ’
1446 630 1540 700 ἔτη
1565 633 1868 703 ἐπισκοπή-

286 728 409 776 σας,
466 713 567 764 ούκ
602 711 844 767 ἐκώλυσε
901 718 1027 779 τοὺς
1072 718 1367 784 τελοῦντας
1419 721 1517 793 τὴν
1565 724 1863 795 Γέννησινο

291 801 491 872 μᾶλλον
520 803 576 856 δὲ
632 805 872 859 ἐπαινῶν
907 806 1115 876 ἔλεγεν,
1153 811 1233 862 ὅτι
1269 814 1347 876 είς
1378 813 1548 885 ἄλλην
1583 817 1739 870 πόλιν
1769 820 1868 889 τὴν

287 893 545 966 Γέννησιν
572 895 840 951 τελοῦσιν.
869 899 982 969 υύχ
1001 901 1082 952 ὅτι
1103 902 1246 955 κατά
1273 905 1582 973 ἀντιλογίαν
1607 907 1863 978 ἔγραψενο

284 987 365 1039 ὅτι
395 987 483 1039 ὅτε
524 989 604 1049 εἰς
638 987 806 1058 ἀλλην
833 990 989 1044 πόλιν
1021 992 1235 1046 τελοῦσι
1278 995 1305 1034 1)
1339 999 1865 1068 πεπλανημένοι.....

289 1077 366 1148 ρῷ
395 1078 506 1131 τόν.
551 1079 658 1130 Καὶ
709 1077 768 1142 ἐξ
820 1080 997 1150 ἀρχῆς
1025 1121 1040 1144 ,
1080 1083 1275 1148 ἀλλους
1328 1087 1562 1152 κανόνας
1607 1088 1792 1143 ἔθεντο
1819 1091 1866 1142 oi

286 1167 578 1222 ἀπόστολοι
621 1171 736 1232 τοῖς
791 1170 850 1237 ἐξ
901 1171 1074 1226 ὲθνῶν
1134 1180 1550 1245 πεπιστευκόσι,
1593 1181 1864 1249 λέγοντες,

285 1259 668 1330 ἀπέσχοσθαι
700 1261 820 1315 ἀπὸ
853 1265 1128 1331 πνικτοῦ,
1156 1268 1254 1322 καὶ
1293 1272 1600 1338 πορνείας,
1648 1273 1746 1326 καί
1775 1274 1868 1326 αἵ-

283 1369 495 1421 ματος.
533 1355 597 1407 υί
645 1355 704 1409 δὲ
749 1357 870 1410 νυνὶ
920 1358 1149 1422 κανόνες
1179 1362 1416 1416 ποικίλοι
1455 1364 1743 1435 δογμάτων
1773 1367 1869 1420 καὶ

285 1445 636 1516 διδαγμάτων
664 1457 686 1487 ο
722 1448 1094 1520 περιέχουσιν.
1137 1453 1212 1506 Οὐ
1269 1456 1378 1528 γὰρ
1407 1457 1464 1509 ὲν
1501 1460 1664 1512 παντὶ⁸
1690 1461 1868 1534 καιρῷ

289 1537 383 1591 καὶ
431 1537 608 1610 χρόνῳ
663 1538 763 1611 τὴν
824 1541 995 1611 αὐτὴν
1052 1545 1375 1614 νομοθεσίαν
1413 1550 1806 1621 ἐνομοθέτησεν
1839 1555 1868 1606 6

291 1629 588 1699 ’Υψιστοςο
626 1630 744 1684 ἀλλ’
786 1632 1004 1705 ἑκάστῳ
1053 1635 1230 1706 χρόνῳ
1280 1638 1526 1705 διάταξιν
1573 1643 1668 1695 καὶ
1702 1643 1867 1714 νόμον

288 1736 477 1790 ωρισε.

361 1811 506 1882 Πλὴν
556 1811 647 1866 διὰ
697 1813 796 1884 τὴν
850 1813 1112 1886 Γέννησιν
1165 1817 1258 1870 τοῦ
1286 1819 1560 1891 Σωτῆρος,
1619 1823 1702 1875 ὅτι
1749 1823 1866 1888 πῶς

289 1903 601 1971 διετάξαντο
639 1907 914 1978 Δεκεμόρ.
956 1906 1035 1961 κε’
1073 1910 1369 1973 τελεῖσθαι,
1402 1911 1576 1977 οὕτως
1609 1915 1865 1987 εὕρομεν.

295 1993 544 2065 Ἔγραψέ
574 2012 700 2049 ποτε
738 1996 1026 2068 Κύριλλος,
1062 1997 1088 2037 ἀ
1116 1999 1144 2051 6
1175 2000 1392 2070 γράψας
1444 2003 1542 2072 τὴν
1578 2005 1870 2076 ἐπιστολὴν

291 2087 714 2157 Κωνσταντίνῳ,
753 2089 870 2143 ἀλλ’
900 2089 928 2141 6
975 2092 1092 2159 μετ’
1126 2094 1336 2145 ἐκεῖνον
1367 2093 1751 2164 διαδεξάμενος
1779 2096 1872 2149 τὸν

291 2177 479 2248 θρόνον
504 2177 692 2244 αὐτοῦ,
729 2179 867 2250 πρὸς
907 2180 1129 2235 Ἰούλιον
1159 2183 1252 2236 τὸν
1299 2185 1520 2256 Ῥώμης
1545 2187 1868 2253 ἐπίσκοπον,

291 2269 496 2340 [γραψε
526 2270 720 2340 λέγων,
755 2272 836 2326 δτι
877 2290 895 2324 ι
931 2274 1121 2341 Μέγας
1160 2275 1328 2338 κόπος
1359 2277 1454 2330 καί
1505 2276 1760 2346 στέρησις
1788 2279 1873 2345 γί-

292 2379 442 2416 νεται
476 2365 556 2426 είς
605 2364 706 2427 τὰς
741 2364 985 2434 μεγάλας
1013 2367 1109 2418 καὶ
1135 2365 1394 2436 λαμπρὰς
1426 2369 1639 2437 ἑορτὰς,
1666 2371 1745 2422 ὄτι
1785 2387 1873 2422 τε·

291 2451 512 2508 λοῦνται
535 2456 593 2507 ὲν
625 2455 727 2525 μιᾷ
759 2455 943 2526 ἡμέρᾳ
965 2473 978 2487 ο
1022 2457 1117 2509 καὶ
1158 2457 1226 2510 τὰ
1251 2457 1674 2528 ἀναγνώσματα,
1715 2461 1809 2514 καὶ
1841 2463 1870 2530 ἡ

291 2546 586 2598 ἀκολουθία
609 2546 977 2617 ἀπομένουσιν
1011 2549 1241 2619 ἡμιτελῆ
1274 2551 1382 2602 τῶν
1417 2550 1508 2602 δύο
1539 2552 1761 2623 ἑορτῶν,
1787 2552 1874 2606 διά

291 2636 354 2690 τὺ
386 2636 460 2707 μὴ
495 2637 754 2691 δύνασθαι
782 2639 881 2708 τὴν
907 2639 1166 2709 Γέννησιν
1197 2642 1292 2693 καὶ
1316 2642 1374 2694 τὸ
1403 2643 1695 2712 Βάπτισμα
1723 2646 1874 2697 ἐκτε-

292 2728 447 2782 λέσαι
477 2729 572 2782 τοῦ
606 2729 834 2800 Κυρίου.
871 2731 956 2794 Ὦς
993 2732 1055 2801 δὴ
1081 2733 1140 2784 οὐ
1171 2733 1446 2804 δυνάμεθα
1475 2736 1532 2787 ὲν
1562 2736 1660 2806 μιᾷ
1691 2737 1874 2808 ἡμέρᾳ

293 2821 608 2892 ἀπαντῆσαι
638 2823 718 2883 εἰς
753 2822 918 2874 τόπον
965 2821 1058 2874 τοῦ
1093 2822 1467 2895 βαπτίσματος
1493 2843 1507 2856 ο
1544 2827 1668 2879 ἐπεὶ
1697 2829 1729 2896 ἡ
1770 2827 1874 2898 Βη-

292 2911 477 2982 θλεὲμ,
508 2912 637 2983 τρία
676 2912 828 2984 μίλια
853 2913 1049 2982 ἀπέχει
1090 2916 1198 2968 ἀπὸ
1237 2915 1595 2988 Ἰερουσαλὴμ
1624 2919 1767 2972 κατά
1790 2919 1875 2970 νό-

291 3020 381 3056 τον
399 3045 414 3070 ,
447 3003 540 3055 καὶ
562 3006 589 3056 6
619 3003 888 3075 Ἰορδάνης
917 3006 980 3058 ιε’
1019 3007 1167 3076 μίλια
1192 3007 1385 3077 ἀπέχει
1423 3008 1564 3061 κατά
1587 3010 1871 3074 ἀνατολάς·

1974 552 2057 598 rat
2098 544 2394 611 Bethleem,
2439 561 2564 600 cum
2589 546 2641 599 in
2663 560 2726 599 ea
2747 546 3011 604 Dominus
3038 558 3202 605 natus
3219 561 3323 617 est,
3347 553 3552 626 quique

1973 634 2135 689 annis
2168 634 2238 688 30
2282 633 2681 706 llierosolymis
2738 636 3124 707 episcopatum
3181 642 3374 708 gessit,
3406 643 3544 697 nihil

1971 739 2068 780 eos
2099 727 2273 780 vetuit
2320 727 2414 796 qui
2454 726 2644 780 Natale
2687 728 3034 782 celebrarent
3079 746 3092 782 :
3127 730 3261 799 quin
3316 732 3547 788 laudans

1972 818 2156 888 potius
2184 815 2407 871 dicebat
2463 818 2730 871 celebrari
2767 817 2985 872 Domini
3034 817 3293 874 Natalitia
3331 824 3384 874 in
3439 823 3544 876 alia

1971 910 2218 965 civitate.
2245 908 2364 964 Non
2404 919 2664 978 tanquam
2715 912 2999 964 contraria
3053 913 3378 980 scripserit;
3418 928 3543 967 nam

1971 1016 2095 1055 cum
2125 1001 2409 1056 celebrant
2441 1002 2493 1055 iu
2535 1003 2639 1056 alia
2666 1002 2887 1056 civitate
2919 1001 3017 1072 (εί),
3062 1005 3331 1073 temporis
3363 1004 3544 1058 hallu-

1970 1093 2252 1148 ciuatione
2287 1095 2590 1148 celebrant.
2626 1093 2730 1148 Sed
2761 1102 2815 1149 et
2839 1110 2868 1147 a
2902 1095 3179 1165 principio
3208 1097 3342 1150 alias
3381 1112 3545 1166 regu-

1973 1183 2055 1238 las
2087 1192 2399 1253 posuerunt
2432 1185 2668 1255 apostoli
2712 1185 2779 1238 iis
2806 1185 2899 1256 qui
2933 1185 3284 1240 crediderant
3315 1203 3379 1241 ex
3415 1203 3545 1256 gen-

1971 1276 2138 1339 tibus,
2173 1276 2446 1342 dicentes,
2477 1286 2535 1330 ut
2569 1277 2888 1332 abstinerent
2914 1295 2947 1330 a
2976 1278 3259 1347 stt/focale,
3288 1287 3337 1332 et
3369 1278 3547 1347 [or-nio

1971 1369 2202 1432 ratione,
2251 1378 2298 1422 et
2348 1371 2604 1438 sanguine
2627 1370 2668 1423 '.
2702 1367 2862 1424 Nunc
2910 1377 3095 1424 autem
3137 1371 3308 1425 varia:
3364 1372 3544 1426 eccle-

1972 1459 2214 1514 siastica:
2242 1460 2446 1530 regula
2481 1474 2544 1513 ac
2585 1474 2852 1526 canones,
2885 1474 3006 1530 qua:
3037 1469 3293 1531 spectant
3323 1463 3389 1514 ad
3441 1461 3540 1514 do-

1971 1559 2152 1620 gmata
2179 1564 2241 1604 ac
2305 1550 2614 1604 doctrinam
2669 1550 3135 1621 complectuntur.
3203 1550 3321 1604 Non
3398 1550 3545 1604 enim

1970 1642 2219 1697 eamdem
2275 1643 2595 1697 Altissimus
2648 1644 2797 1698 omni
2832 1651 3077 1713 tempore
3129 1642 3299 1712 legem
3337 1641 3544 1704 sanxit,

1971 1733 2067 1788 sed
2099 1732 2304 1802 cuique
2357 1733 2589 1801 tempori
2632 1746 2938 1802 congruam
2987 1731 3446 1786 constitutionem
3480 1742 3544 1782 ac

1975 1827 2147 1895 legem
2180 1824 2452 1880 deﬁnivit.

2044 1917 2314 1972 Caeterum
2343 1914 2490 1986 quod
2526 1921 2740 1983 spectat
2771 1913 2835 1967 ad
2879 1911 3182 1966 Salvatoris
3236 1911 3450 1974 Natale,
3486 1919 3546 1963 ut

1973 2008 2367 2066 celebrandum
2415 2006 2812 2061 constituerint
2857 2004 2929 2058 25
2967 2004 3254 2058 Decembr.
3312 2003 3365 2057 in
3399 2002 3547 2056 hunc

1975 2101 2195 2156 modum
2256 2099 2590 2154 invenimus.
2629 2095 2862 2166 Scripsit
2924 2095 3220 2165 aliquando
3281 2095 3546 2164 Cyrillus.

1974 2210 2084 2250 nou
2117 2193 2213 2264 qui
2246 2191 2468 2261 scripsit
2500 2187 2798 2258 Epistolam
2817 2188 2894 2257 (5)
2918 2187 2985 2240 ad
3011 2186 3423 2249 Constantium,
3452 2185 3548 2238 sed

1975 2286 2070 2354 qui
2105 2291 2229 2352 post
2261 2298 2386 2337 eum
2423 2281 2684 2333 thronum
2720 2277 2840 2347 ejus
2876 2290 3170 2330 successor
3205 2275 3441 2343 accepit,
3475 2273 3546 2326 ad

1974 2375 2182 2431 Julium
2212 2372 2518 2428 Romanum
2545 2371 2886 2440 pontiﬁcem,
2915 2369 2971 2422 in
3003 2368 3116 2421 haec
3145 2367 3311 2420 verba
3343 2383 3355 2418 :
3388 2385 3404 2417 ι
3438 2364 3547 2418 Ma-

1976 2482 2117 2538 gnus
2143 2473 2227 2521 est
2250 2465 2428 2527 labor,
2458 2478 2522 2515 ac
2559 2461 2842 2514 hominum
2880 2458 3130 2527 paucitas
3157 2456 3212 2509 in
3248 2455 3460 2526 magnis
3485 2467 3549 2505 ac

1979 2558 2260 2629 pra-claris
2319 2552 2770 2609 solumuitatibus
2793 2591 2807 2612 .
2835 2565 2900 2604 eo
2925 2549 3068 2618 quod
3101 2547 3289 2602 eadem
3334 2545 3422 2600 die
3450 2561 3542 2600 ce-

1979 2651 2264 2705 lebrentur
2296 2668 2309 2702 :
2346 2646 2724 2713 lectionesque
2762 2657 2824 2695 ac
2873 2641 3050 2693 omcia
3081 2639 3366 2692 ambarum
3402 2637 3549 2690 cele~

1976 2744 2236 2798 britatum
2273 2741 2362 2793 vix
2420 2739 2602 2791 media
2635 2744 2791 2805 parte
2825 2733 3208 2796 absolvuntur,
3245 2729 3394 2797 quod
3437 2742 3550 2783 ne-

1977 2849 2248 2905 queamus
2271 2842 2327 2886 et
2358 2830 2554 2884 Natale
2588 2827 2803 2882 Domini
2834 2827 3138 2886 celebrare,
3165 2831 3217 2877 et
3249 2820 3548 2890 Baptisma.

1975 2927 2245 2981 Nimirum
2272 2923 2389 2977 ﬁeri
2417 2936 2522 2975 nou
2549 2926 2731 2989 potest
2773 2925 2832 2971 ut
2855 2915 3045 2971 eadem
3070 2913 3160 2968 die
3186 2924 3551 2966 occurramus

1979 3014 2045 3067 ad
2104 3013 2284 3067 locum
2320 3008 2705 3078 baptismatis;
2741 3021 2865 3059 nam
2900 3003 3179 3058 Bethleem
3216 3001 3390 3056 tribus
3423 2999 3549 3051 mil-

291 3095 655 3165 προσταξάτω
676 3091 768 3149 οῦν
793 3097 1117 3167 ἡάγιωσύνη
1156 3116 1246 3151 σου
1276 3101 1564 3170 ἐρευνῆσαι
1607 3103 1784 3155 πάντα
1806 3102 1870 3156 τὰ

1984 3104 2213 3158 liaribus
2254 3102 2421 3156 distat
2457 3100 2556 3154 abs
2587 3097 2893 3152 Jerusalem
2929 3095 2996 3149 ad
3033 3104 3281 3149 austrum
3314 3090 3550 3144 :Jorda-

293 3187 710 3257 συγγράμματα
768 3189 878 3241 τῶν
941 3190 1234 3255 Ἰουδαίων,
1289 3192 1448 3246 ἅτινα
1494 3194 1798 3259 σκυλεύσας
1851 3197 1870 3249 ἐ

1979 3196 2064 3250 nis
2099 3209 2231 3248 vero
2293 3194 2463 3246 distat
2514 3188 2830 3260 quindecim
2889 3187 2957 3241 ad
3007 3186 3303 3240 orientem.
3354 3181 3552 3236 Jubeat

293 3279 514 3348 Καῖσαρ
545 3280 724 3344 Τίτος,
754 3281 1046 3352 ἀπήγαγεν
1083 3285 1191 3338 ἀπὸ
1241 3285 1596 3358 Ἰερουσαλὴμ
1627 3291 1706 3352 είς
1745 3289 1879 3342 Ῥώ-

295 3385 406 3438 μην
427 3383 441 3397 °
485 3369 616 3432 ἴσως
671 3370 854 3442 εὕροις
905 3373 1141 3441 βεϐαίως
1174 3375 1273 3444 τὴν
1303 3376 1517 3448 ἡμέραν
1551 3379 1648 3448 τῆς
1680 3382 1878 3448 γεννή-

294 3474 434 3522 σεως
467 3458 560 3512 τοῦ
590 3461 830 3532 Χριστοῦ
856 3462 950 3515 καὶ⁴
983 3463 1120 3516 Θεοῦ
1150 3464 1330 3536 ἡμῶν.
1374 3485 1391 3517 ι

365 3640 499 3694 Τότε
523 3640 738 3706 Ἰούλιος
761 3644 789 3696 6
826 3643 1048 3716 Ῥώμης
1080 3647 1355 3719 ἐπιμελῶς
1395 3648 1577 3720 ἐζήτει
1611 3652 1738 3724 περὶ
1772 3653 1870 3722 τῆς

291 3731 565 3802 αἰτήσεως
609 3738 840 3802 ταύτης·
879 3738 974 3790 καὶ⁹
1027 3743 1348 3810 συναγαγὼν
1389 3743 1566 3795 πάντα
1595 3745 1662 3797 τὰ
1689 3746 1873 3816 γράμ-

296 3839 447 3892 ματα
475 3822 584 3877 τῶν
613 3823 882 3879 Ἰουδαίων
907 3829 974 3882 τά
995 3831 1506 3900 αίχμαλωτισθὲντα
1527 3833 1622 3885 καὶ
1639 3834 1873 3901 ἀχθέντα

292 3916 376 3980 είς
410 3913 648 3986 Ῥώμην,
682 3910 805 3986 εὗρε
839 3917 1180 3989 σύγγραμμά
1199 3939 1251 3973 τι
1277 3923 1584 3987 Ἰωσήππου
1614 3921 1707 3972 τοῦ
1735 3924 1876 3992 Χρο-

409 4032 428 4060 ²
462 4031 584 4086 Act.
617 4047 703 4092 xv,
733 4028 827 4084 29.

1977 3304 2110 3358 ergo
2140 3286 2260 3339 Tua
2306 3283 2583 3339 Sanctitas
2611 3280 2852 3352 perquiri
2888 3279 3093 3348 scripta
3120 3276 3302 3333 omnia
3333 3273 3554 3328 Judaeo-

1976 3393 2121 3439 rum.
2175 3392 2297 3450 quae
2348 3377 2509 3429 Titus
2567 3375 2751 3428 Caesar
2783 3373 2884 3426 abs
2936 3369 3236 3426 Jerusalem
3275 3367 3554 3438 prmdatus

1976 3469 2209 3522 Romam
2240 3468 2470 3522 abduxit
2506 3484 2519 3520 :
2551 3465 2696 3520 forte
2722 3462 3004 3518 inveneris
3030 3469 3236 3517 certam
3270 3459 3414 3514 diem
3446 3455 3553 3511 Na-

1977 3561 2210 3616 tivitatis
2239 3559 2442 3615 Christi
2474 3574 2536 3611 ac
2563 3557 2657 3613 Dei
2692 3557 2888 3612 nostri.
2931 3575 2948 3606 ι

2050 3656 2290 3723 Accepta
2324 3651 2508 3707 Julius
2541 3650 2796 3720 epistola,
2833 3648 3026 3703 sedulo
3086 3662 3148 3700 ea
3183 3644 3249 3700 dc
3278 3660 3336 3698 re
3359 3644 3555 3713 (ιιιωεί-

1982 3744 2079 3798 vit.
2116 3744 2476 3812 Congregans
2528 3741 2716 3808 itaque
2745 3737 3059 3790 Judaeorum
3118 3735 3320 3802 scripta
3368 3732 3550 3786 omnia

1980 3835 2284 3901 spoliorum
2328 3831 2449 3882 loco
2483 3830 2685 3893 ablata,
2725 3843 2787 3881 ac
2825 3827 3051 3879 Romam
3089 3825 3278 3885 ducta,
3341 3822 3554 3877 invenit

1981 3921 2204 3990 Josephi
2235 3919 2645 3988 chronographi
2685 3919 3018 3988 scripturam
3056 3913 3347 3985 quamdam
3388 3913 3456 3967 ab
3485 3927 3553 3967 eo

1537 4117 1764 4173 VARI/ﬁ
1803 4116 2220 4174 LECTIONES.

409 4214 436 4252 δ
461 4214 666 4268 Littera
694 4214 914 4270 vitiosa.
1027 4225 1047 4253 ο
1084 4215 1168 4268 ισ.
1192 4214 1259 4267 τὰ
1287 4216 1412 4286 περὶ
1439 4215 1602 4286 δογμ.

1713 4214 1739 4254 δ
1764 4217 1924 4271 λείπ.
1946 4216 2064 4286 ούχ.

1806 4325 2035 4382 ΝΟΤέΕ.

371 4422 449 4490 (ι)
494 4419 635 4493 Nam
671 4435 789 4472 cum
824 4419 1183 4493 celebrantrin
1229 4419 1612 4493 aliqcivitale.
1675 4418 1864 4476 Jacobi
1902 4432 1944 4485 [)
1974 4422 2196 4493 quando
2237 4437 2337 4476 nec
2373 4422 2576 4477 festum
2609 4421 2883 4478 Occursus
2921 4422 3187 4493 agebatur
3218 4435 3320 4477 suo
3355 4420 3448 4475 illo
3489 4435 3553 4475 ac

300 4491 600 4553 sententia,
626 4500 891 4560 quantum
923 4506 986 4544 ex
1019 4491 1215 4544 vitioso
1241 4491 1432 4545 codice
1486 4506 1776 4560 assequor,
1806 4507 1868 4546 ea

300 4570 406 4624 est,
443 4571 503 4613 ut
535 4568 589 4613 et
627 4560 1070 4629 Hierosolymita:
1113 4575 1353 4629 congrue
1376 4561 1723 4615 celebrarent
1763 4561 1872 4616 Na-

305 4632 413 4685 tale
444 4629 835 4684 Dominirumﬁ
864 4629 1137 4696 Januarii,
1173 4631 1394 4697 quando
1416 4631 1580 4685 etiam
1624 4640 1757 4685 tunc
1777 4648 1869 4685 ure

307 4701 399 4754 bes
429 4700 550 4753 alia!
574 4701 938 4765 celebrarent,
962 4701 1178 4754 tametsi
1208 4699 1430 4755 Christo
1458 4710 1587 4754 nato
1623 4703 1732 4754 alio
1762 4702 1871 4756 die.

309 4768 374 4825 Ut
406 4769 598 4824 Natale
639 4770 880 4835 Christi,
915 4771 1009 4824 alii
1046 4777 1252 4838 partem
1295 4770 1418 4825 festi
1471 4771 1619 4824 illius
1675 4772 1863 4839 praeci-

344 4855 467 4892 uam
501 4839 788 4905 ducerent,
810 4841 903 4895 alii
932 4841 1203 4894 haberent
1256 4840 1311 4894 in
1368 4839 1651 4895 secundis.
1691 4841 1782 4895 Sic
1820 4849 1874 4896 et

349 4917 575 4964 actenus
614 4909 666 4962 iu
721 4924 786 4964 eo
832 4911 1018 4965 videas
1092 4910 1280 4963 minus
1345 4913 1502 4964 nobis
1566 4911 1874 4964 concordes

307 4979 548 5044 Graecos,
577 4993 704 5033 cum
748 4996 815 5035 ne
846 4980 1100 5035 recolunt
1121 4981 1344 5049 quidem
1377 4996 1439 5033 ea
1475 4979 1564 5034 die
1594 4980 1875 5034 ad0ratio-

309 5065 432 5103 nem
475 5063 756 5118 magorum
809 5052 968 5105 stella
993 5051 1154 5110 duce,
1193 5050 1270 5118 uti
1308 5050 1642 5118 deprehendi
1677 5065 1745 5104 ex
1780 5065 1875 5104 an-

309 5120 462 5190 tiquo
492 5117 677 5173 rituali
703 5121 893 5190 codice
925 5117 1444 5190 'l‘ilianaeDibliot’h.
1479 5118 1774 5190 videasque
1808 5136 1874 5174 ex

309 5185 601 5259 Gregorio,
625 5198 767 5244 orat.
798 5189 888 5250 39.
917 5205 980 5245 ac
1010 5191 1132 5244 aliis
1164 5187 1269 5245 PP.
1299 5188 1614 5244 Graecorum
1651 5185 1704 5243 in
1737 5188 1874 5244 festa

309 5257 570 5312 Natalitia
621 5260 928 5321 encomiis,
965 5275 1089 5313 cum
1145 5270 1325 5314 tamen
1371 5261 1497 5323 illa,
1555 5260 1678 5324 ejus
1718 5260 1877 5315 nobis

309 5329 432 5384 iesti
471 5329 766 5397 praecipua,
803 5345 867 5383 ac
906 5331 1018 5383 fere
1077 5344 1183 5383 una
1221 5330 1361 5384 ratio
1393 5331 1484 5383 sit.
1528 5329 1606 5383 Illi
1656 5338 1873 5383 tantum

311 5401 567 5453 recolunt
601 5400 744 5453 inter
783 5401 900 5468 ipsa
945 5400 1083 5453 festa
1137 5399 1419 5463 Natalitia,
1460 5401 1719 5470 tropariis
1770 5400 1874 5452 ali-

311 5479 445 5539 quot
475 5470 529 5524 in
562 5484 685 5522 eum
722 5470 883 5523 linem
921 5470 1270 5538 compositis.
1303 5473 1522 5539 quando
1555 5485 1730 5536 neque
1773 5484 1875 5522 nos

311 5539 539 5593 omnino
561 5539 716 5608 fugit,
743 5539 863 5605 ejus
889 5540 1192 5608 relegentes
1215 5541 1504 5594 historiam
1529 5541 1676 5594 inter
1703 5539 1878 5606 majo-

312 5610 388 5663 ris
425 5609 604 5679 Μίδεω
631 5609 737 5679 diei
767 5609 978 5662 Natalis
1016 5611 1304 5664 solemnia.
1330 5609 1435 5663 Sed
1481 5619 1535 5664 et
1566 5610 1874 5679 spectantia

313 5679 381 5732 ad
409 5678 553 5733 diem
581 5677 652 5733 40
683 5694 712 5732 a
744 5679 1039 5733 Nativitate
1070 5694 1439 5734 memoramus
1472 5677 1756 5734 Dominica
1791 5679 1876 5732 in-

315 5749 397 5804 {ra
411 5749 536 5819 eius
551 5757 794 5819 octavas,
817 5765 916 5806 ceu
947 5749 1188 5822 quodam
1207 5750 1436 5821 vestigio
1469 5750 1607 5806 ritus
1640 5749 1874 5820 antiqui,

1977 4494 2237 4563 peculiari
2283 4493 2392 4554 die,
2421 4509 2530 4562 quo
2567 4509 2717 4563 nunc
2737 4495 2974 4563 agimus.

2052 4564 2127 4634 (5)
2166 4562 2287 4616 Non
2317 4564 2406 4630 qui
2429 4561 2640 4630 scripsit
2677 4561 2991 4634 Epistulam.
3024 4562 3331 4634 Utconstet
3355 4561 3553 4615 adver-

1977 4630 2176 4696 sativa,
2210 4635 2433 4702 planum
2460 4641 2546 4686 est
2581 4634 2652 4684 ita
2691 4630 2982 4699 legendum
3019 4640 3078 4684 ut
3111 4633 3332 4686 ascribo
3369 4646 3547 4702 marg.

1977 4719 2040 4755 ac
2098 4700 2254 4772 lego:
2314 4701 2456 4755 haud
2483 4710 2663 4754 tamen
2696 4703 2898 4772 patitur
2931 4709 3238 4772 temporum
3281 4700 3423 4772 ratio
3492 4710 3553 4753 ut

1975 4769 2172 4842 Cyrilli
2214 4773 2363 4826 illius
2400 4769 2713 4842 successor,
2749 4771 2845 4842 qui
2892 4771 3120 4838 scripsit
3156 4769 3224 4842 ad
3280 4769 3551 4842 Constan-

1978 4839 2135 4899 tium.
2171 4843 2434 4895 nimirum
2464 4841 2736 4910 celebrem
2794 4840 2940 4893 illam
2969 4841 3262 4910 epistolam
3291 4839 3358 4893 de
3383 4853 3550 4891 cruce

1978 4913 2093 4966 visa
2125 4911 2523 4981 Hierosolymis
2564 4910 2616 4963 in
2644 4907 3086 4981 Pentecostefad
3119 4907 3322 4963 Julium
3355 4924 3549 4978 papam

1977 4981 2288 5051 scripserit.
2316 4980 2478 5051 quem
2499 4988 2714 5051 constet
2740 4981 2896 5051 prius
2911 4980 3052 5034 vivis
3069 4988 3549 5051 esernpturn_ess_e,

1977 5044 2137 5121 quam
2170 5044 2441 5120 apparitio
2474 5050 2563 5103 illa
2592 5044 2869 5121 fieret'Nel
2901 5065 3031 5117 ergo
3050 5044 3246 5121 auctor
3261 5063 3358 5118 pro
3379 5044 3550 5121 Julio,

1977 5116 2469 5185 Liberiumvoluit,
2487 5121 2568 5173 vel
2591 5119 2646 5190 in
2671 5119 2877 5190 Cyrillo
2897 5116 3129 5190 erravit.
3150 5116 3348 5190 Multos
3370 5116 3549 5190 Cyrilg

1979 5192 2061 5245 los
2086 5208 2112 5243 a
2146 5190 2383 5259 Mzrximo
2413 5191 2567 5257 ponit
2605 5187 2976 5259 Hieronymus
3009 5189 3060 5242 in
3092 5187 3550 5259 Cltrouico.quod

1979 5261 2182 5314 merito
2207 5251 2482 5314 Baronius
2504 5251 2860 5326 depravatum
2889 5259 3228 5328 suspicatur.
3254 5251 3549 5326 Nicephort

1977 5331 2290 5385 Chronicon
2349 5340 2462 5384 tres
2507 5329 2788 5398 intersierit
2822 5343 2852 5381 a
2888 5326 3068 5398 primo
3101 5326 3293 5398 Cyrilli
3333 5341 3551 5398 episco-

1979 5411 2129 5470 patu,
2159 5401 2254 5454 sed
2284 5416 2390 5454 non
2428 5407 2585 5452 vocat
2615 5397 3248 5470 Cyrillos.’[£piphanius
3293 5397 3550 5470 agnoscit

1979 5465 2172 5524 saltem
2207 5471 2346 5524 duos
2377 5484 2443 5523 eo
2482 5465 2726 5522 nomine.
2765 5465 2967 5521 lidem‘
3001 5465 3132 5522 sunt
3183 5483 3323 5536 quos
3355 5465 3551 5520 Hiero-

1979 5556 2174 5610 nymus
2214 5541 2482 5602 nominat,
2515 5547 2569 5593 et
2601 5553 2742 5610 quos
2768 5537 3112 5610 Nicephorus
3147 5553 3432 5610 :‘cumque
3460 5552 3550 5610 eo-

1981 5604 2103 5664 rum
2133 5611 2294 5664 sedes
2351 5611 2562 5663 incerta
2596 5604 2692 5671 sit,
2728 5607 2872 5661 haud
2907 5604 3136 5660 omnino
3171 5604 3366 5676 liquet,
3397 5604 3549 5675 quis,

1978 5694 2044 5732 ac
2079 5679 2318 5748 quando.
2351 5679 2513 5734 cuive
2553 5678 2806 5733 Romano
2837 5677 3108 5749 pontifici.
3138 5691 3305 5748 super
3328 5676 3552 5747 negotio

1983 5752 2088 5806 isto
2126 5750 2435 5822 scripserit.
