3874 6350
386 318 519 383 1M3
1386 310 1391 313 ’
1472 308 1479 309 ί
1704 307 2024 384 JOANNrs
2059 323 2338 381 Niciam
3600 317 3632 379 1
3654 318 3765 380 ut

320 475 325 480 -
380 433 646 502 scriptam
691 449 704 484 :
739 442 797 485 ut
828 430 1095 484 nimirum
1126 431 1180 485 in
1215 430 1405 486 mense
1427 432 1480 495 7,
1514 426 1569 485 i’n
1599 424 1956 487 solemnitate
1990 470 1995 490 ι

2100 430 2337 502 ογράφου
2371 429 2687 500 συγγραφὲν
2721 429 2855 500 παρ’
2885 427 3089 481 αὐτοῦ’
3132 429 3216 482 ὅτι
3249 429 3313 481 ἐν
3346 425 3529 498 μηνὶ
3569 425 3672 491 τῷ
3714 430 3761 489 ζ·

326 552 331 557 ~
383 524 880 580 Taberaaculorum
915 522 1017 592 (6).
1052 535 1115 576 ac
1157 522 1247 577 die
1277 524 1646 592 Expiationis,
1685 538 1959 594 apparue-

2100 541 2121 576 ν
2151 525 2216 593 τῇ
2251 524 2412 592 ἑορτῇ
2445 522 2547 591 τῆς
2587 522 2995 592 Σκηνοπηγίας,
3027 522 3106 585 εἰς
3148 520 3248 591 τὴν
3300 519 3589 591 ἡμέραν
3652 519 3761 572 τοῦ

385 613 460 666 rit
494 610 587 669 Dei
640 611 895 675 angelus,
939 611 1317 681 sacerdosque
1365 620 1555 666 mutus
1606 612 1959 676 remanserit,

2100 610 2349 683 ἱλασμοῦ,
2377 611 2534 684 ὤφθη
2562 614 2591 665 ὁ
2621 612 2854 682 ἄγγελος
2878 612 2973 667 τοῦ
2997 612 3156 674 Θεοῦ,
3186 612 3286 665 καὶ
3319 609 3705 679 musa;
3731 614 3761 660 ὁ

385 714 564 773 usque
596 701 727 756 dum
759 700 1039 757 Elisabeth
1073 702 1199 772 ejus
1231 716 1369 757 uxor
1414 702 1469 756 in
1500 708 1789 757 senectute
1821 712 1961 755 eon-

2100 705 2268 774 ερεὺς,
2308 704 2580 774 διέμεινεν
2624 705 2844 772 ἄλαλος,
2875 704 2983 769 ἕως
3008 697 3070 757 οὗ
3101 704 3295 757 ἔτεκεν
3329 705 3367 775 ὴ
3402 701 3600 772 γυννὴ
3640 702 3757 755 αὖε

383 795 551 864 cepit.

2100 794 2157 848 οὔ
2187 794 2469 849 Ἐλισάδετ
2495 797 2552 848 ὲν
2583 798 2749 868 γήρᾳ.

451 884 572 939 Jam
633 898 768 954 ergo
812 884 971 954 juxta
1029 900 1254 941 menses
1307 885 1703 948 Hebraeorum,
1745 886 1962 957 primus

2134 885 2252 938 Νῦν
2282 882 2376 940 οὖν
2408 887 2551 941 κατὰ
2573 889 2702 951 τοὺς
2752 889 2930 959 μῆνας
2958 888 3067 941 τῶν
3108 887 3418 959 Ἑϐραίων,
3464 886 3748 955 πρῶτος

386 974 659 1028 mensium
692 973 891 1029 Nesan.
926 972 1026 1028 llic
1052 982 1400 1038 numeratur,
1447 987 1610 1046 atque
1636 976 1708 1031 ab
1735 991 1803 1030 eo
1839 976 1905 1029 ad
1930 978 1961 1029 7

2100 976 2255 1046 ιηνῶν
2287 977 2469 1030 Νεσάν
2491 978 2658 1033 ἐστιν.
2694 973 2865 1042 Οὗτος
2897 979 3239 1048 ἀριθμεῖται,
3271 979 3377 1032 καὶ
3414 979 3565 1031 ἀπὸ
3598 976 3743 1029 τού-ν

334 1104 337 1107 μ
388 1081 630 1122 mensem
654 1065 994 1137 proceditur,
1029 1068 1132 1121 hoc
1155 1068 1317 1122 modo
1349 1086 1361 1122 :
1397 1069 1597 1133 Nesan,
1629 1069 1735 1133 lar,
1767 1068 1964 1132 Sibau,

2100 1084 2159 1119 ου
2178 1066 2318 1138 [καὶ]
2337 1066 2539 1135 ὑπάγει
2566 1069 2645 1131 εἰς
2663 1067 2754 1120 τὸν
2782 1068 3035 1139 ἕϐδομον,
3060 1070 3264 1134 Νεσάν,
3292 1069 3447 1138 Ἰαρ,
3499 1068 3733 1129 Σιϐὰν,

334 1198 343 1199 κ
390 1157 655 1221 Tamous,
700 1157 841 1226 Aph,
890 1156 1068 1223 Eloul,
1109 1157 1353 1213 Tesirin.
1391 1161 1494 1214 Hic
1525 1171 1614 1214 est
1671 1161 1876 1214 mensis
1908 1162 1963 1223 7,

2100 1159 2315 1228 ἀμοὺς,
2349 1160 2479 1221 “Art,
2513 1159 2726 1222 Ἐλοὺλ,
2762 1161 3015 1231 Τησιρίν.
3050 1156 3221 1223 Οὗτός
3270 1163 3429 1214 ἐστιν
3456 1162 3497 1213 ὁ
3545 1159 3729 1212 E669-

334 1286 339 1291 .
392 1253 446 1303 in
479 1264 589 1320 quo
620 1249 763 1303 facta
791 1258 877 1304 est
919 1250 1269 1303 annuntiatio
1305 1250 1623 1311 Zacharize;
1671 1265 1732 1304 ac
1765 1265 1964 1305 nume-

2100 1269 2170 1315 ιος
2200 1252 2327 1324 μὴν.
2361 1256 2440 1316 εἰς
2469 1253 2528 1305 ὃν
2556 1254 2778 1323 ἐγένετο
2804 1255 2830 1307 ὁ
2855 1254 3260 1323 εὐαγγελισμὸς
3288 1252 3375 1323 τῷ
3399 1252 3723 1321 Ζηαρὶᾳο

395 1350 553 1396 ratur
592 1356 769 1410 usque
801 1342 869 1394 ad
929 1340 1426 1396 Annuntiationem
1486 1342 1579 1395 Dei
1642 1341 1964 1405 Genitricis,

2100 1343 2165 1395 Lai.
2192 1341 2508 1413 ἀριθμεῖται
2533 1342 2640 1406 ἕως
2669 1343 2763 1396 τοῦ
2822 1341 3234 1413 εὐαγγελισμοῦ
3270 1344 3376 1412 τῆς
3399 1342 3723 1396 Θεοτόκου

397 1433 605 1489 mensis
627 1433 718 1488 hic
747 1443 940 1489 sextus
965 1431 1170 1495 Nesan,
1203 1433 1257 1487 id
1287 1441 1394 1495 est,
1436 1432 1707 1500 Martius;
1738 1434 1791 1488 in
1823 1436 1969 1488 hunc

2104 1449 2228 1493 κτος
2280 1433 2385 1504 μὴν
2436 1426 2591 1495 οὗτος
2622 1434 2824 1499 Νεσὰν,
2873 1435 3040 1507 {mw
3089 1435 3381 1505 Μάρτιοςο
3410 1434 3719 1505 Μηρσᾶν,

396 1524 643 1590 modum,
692 1521 931 1587 Mersan,
972 1522 1205 1589 Chasili,
1240 1522 1430 1591 Tapet,
1472 1521 1646 1593 Sipat,
1685 1524 1839 1588 Atar,
1865 1522 1972 1577 Ne—

2100 1524 2290 1590 ἱασιλὶ,
2320 1523 2525 1589 Ταπὲτ,
2550 1525 2745 1590 Σιπὰτ,
2784 1525 2972 1595 Ἀτὰρ,
3016 1526 3223 1591 Νεσὰν,
3254 1527 3283 1579 ὅ
3324 1526 3493 1578 ἐστιν
3528 1526 3718 1588 ἕκτος

342 1662 347 1667 .
398 1631 520 1680 san,
555 1616 647 1686 qtti
678 1623 763 1671 est
793 1622 986 1671 sextus
1015 1617 1226 1671 mensis
1257 1631 1286 1668 a
1322 1614 1535 1670 Mersan
1567 1631 1742 1687 usque
1773 1614 1840 1669 ad
1868 1614 1973 1670 Ne-

2100 1617 2181 1687 ιὴν
2201 1617 2309 1670 ἀπὸ
2343 1617 2435 1670 τοῦ
2462 1618 2697 1689 Μηρσὰν
2744 1618 2849 1682 ἓως
2882 1617 2973 1671 τοῦ
3005 1619 3211 1682 Neo-iv,
3244 1617 3437 1681 καθὼς
3473 1620 3719 1687 γέγραο

398 1723 524 1771 san,
557 1709 702 1762 sicut
732 1708 1000 1777 scriptum
1034 1717 1122 1763 est
1148 1725 1171 1762 ηε
1207 1708 1267 1761 In
1294 1722 1468 1762 mense
1493 1717 1642 1762 sexto
1663 1710 1857 1762 missus
1893 1716 1973 1761 est

2100 1722 2244 1762 ιται·
2290 1708 2373 1772 Τῷ
2408 1710 2554 1777 μηνὶ
2607 1708 2688 1773 τῷ
2745 1709 2916 1777 ἕκτῳ,
2971 1710 3288 1774 ἀπεστάλη
3318 1711 3638 1777 Γαϐριὴλ
3680 1712 3715 1760 ὁ

401 1797 617 1852 Gabriel
649 1799 998 1869 arcltangelus
1041 1799 1110 1852 ad
1140 1799 1371 1852 Mariam
1400 1799 1457 1865 ’ς
1499 1806 1666 1866 atque
1706 1817 1736 1853 a
1782 1816 1973 1854 mense

2100 1798 2449 1868 ὶρχὰγγελος
2474 1799 2621 1868 πρὸς
2651 1800 2886 1869 Μαριάμ
2907 1816 2920 1831 ·
2963 1802 3057 1853 mi.
3106 1801 3215 1853 ἀπὸ
3241 1800 3335 1853 τοῦ
3373 1800 3575 1871 μηνὸς
3607 1799 3711 1853 τοῦ

400 1888 619 1955 Nesan,
673 1904 782 1958 quo
832 1889 976 1943 facta
1031 1899 1116 1944 est
1172 1890 1559 1954 Annuntiatio,
1611 1902 1973 1945 numerantur

2100 1892 2155 1944 Ἱε
2165 1892 2283 1955 σὰν,
2297 1893 2355 1943 ὲν
2371 1884 2414 1958 ᾧ
2430 1891 2654 1961 γέγονεν
2672 1894 2699 1945 ὁ
2720 1892 3145 1962 εὐαγγελισμὸς,
3170 1891 3349 1955 οὕτως
3370 1893 3515 1962 apte
3528 1891 3713 1961 μοῦν-

402 1996 623 2035 meuses
658 1996 874 2047 novem,
900 1982 1164 2051 usquead
1201 1982 1414 2036 Domini
1450 1981 1830 2047 Nativitatem,
1868 1984 1973 2037 hoc

2100 2000 2169 2036 ται
2194 1981 2349 2036 ἐννέα
2375 1982 2544 2051 μῆνες
2570 1983 2675 2046 ἕως
2698 1983 2795 2051 τῆς
2820 1984 3132 2053 Γεννήσεως
3154 1983 3248 2037 τοῦ
3274 1986 3527 2054 Κυρίου.
3554 1984 3706 2051 ’lip,

402 2073 741 2137 modo:lar,
785 2072 974 2139 Siban,
1021 2073 1247 2138 Tamus,
1297 2075 1441 2143 Aph,
1492 2075 1678 2138 Eloul,
1731 2075 1973 2141 Mcrsan,

2100 2072 2268 2129 Σιϐὰν,
2301 2073 2542 2141 Ταμοὺς,
2573 2073 2702 2135 “Art,
2735 2072 2944 2135 Ἐλοῦὶη
2972 2075 3229 2144 Μηρσᾶν,
3262 2075 3542 2145 Τησερὶν,
3581 2074 3707 2128 X1-

511 2252 531 2284 ³
561 2251 695 2305 Luc.
723 2267 760 2317 ι,
786 2250 883 2304 26.

1946 2342 2173 2398 ΝΟΤᾹῢ.

477 2464 552 2531 (6)
582 2463 642 2516 In
675 2461 1008 2516 solemnitate
1032 2460 1541 2531 Tabernaculorum.
1566 2475 1628 2513 ac
1655 2458 1739 2512 die
1770 2457 1973 2531 Expin-

408 2529 585 2588 tionis.
622 2534 1090 2602 Chrysostomus,
1133 2530 1333 2583 llomil.
1386 2532 1442 2584 in
1512 2531 1713 2602 festum
1768 2529 1975 2602 Natalis

410 2603 648 2663 Domini,
675 2598 799 2655 cuin
832 2602 997 2669 paulo
1032 2610 1155 2655 ante
1189 2602 1448 2667 cmpisset
1487 2602 1541 2653 iu
1571 2598 1792 2653 Oriente
1831 2599 1976 2653 cele-

409 2671 581 2731 brari,
619 2670 879 2723 traditum
914 2671 981 2723 ah
1010 2670 1255 2725 Ecclesia
1290 2670 1557 2731 Romana,
1580 2684 1686 2721 non
1725 2669 1790 2722 ad
1821 2669 1979 2723 istam

350 2738 351 2741 “
410 2741 650 2796 recurrit
680 2738 900 2809 Josephi
929 2742 1289 2809 scripturam,
1317 2739 1412 2793 sed
1436 2741 1500 2793 ad
1529 2739 1745 2792 tabulas
1764 2753 1986 2809 census,

406 2827 476 2867 ex
522 2811 723 2880 quibus
739 2806 1021 2880 existimat
1041 2806 1307 2864 imbuisse
1340 2812 1633 2880 iltomanos
1654 2816 1864 2880 certum
1889 2806 1993 2859 Do-

348 2904 359 2933 :
408 2881 598 2935 miuici
615 2880 817 2935 Natalis
834 2879 1000 2941 diem,
1015 2880 1227 2934 tametsi
1244 2879 1387 2932 nuda
1403 2880 1723 2946 conjectura
1739 2879 1988 2946 loquens.

350 3004 357 3011 ,
411 2950 487 3006 Ut
528 2952 641 3005 haec
668 2967 733 3003 ex
766 2948 1008 3018 Josepho
1058 2956 1405 3011 constarent,
1444 2949 1721 3018 haberent
1743 2962 1866 3001 cum
1896 2961 1994 2999 au-

2082 2457 2173 2510 illa
2200 2457 2411 2512 incensi
2451 2457 2507 2511 in
2544 2458 2772 2528 templo,
2798 2473 2863 2513 ac
2886 2459 3237 2514 sacerdotum
3267 2459 3437 2519 atrio.
3470 2461 3699 2528 popqu

2084 2528 2220 2581 foris
2254 2537 2558 2597 spectante,
2602 2543 2667 2582 ac
2719 2530 2771 2581 in
2831 2531 2973 2581 atrio
3016 2530 3297 2591 exteriori,
3364 2545 3434 2583 ac
3475 2545 3691 2598 magna

2083 2599 2301 2666 quidem
2333 2599 2702 2659 multitudine,
2741 2607 2799 2650 ut
2829 2598 3046 2652 videtur
3077 2598 3131 2651 Β.
3174 2598 3355 2652 Lucas
3393 2600 3647 2654 innuere
3674 2618 3690 2650 :

2093 2667 2472 2724 sacerdotibus
2523 2679 2704 2722 autem
2761 2669 2931 2731 aliis,
2990 2669 3276 2737 occupatis
3335 2669 3392 2722 in
3449 2670 3525 2723 iis
3559 2685 3692 2736 qua

2090 2748 2249 2793 erant
2298 2739 2441 2790 ritus
2473 2737 2594 2805 ejus
2623 2737 2753 2799 diei,
2792 2753 2858 2791 ac
2883 2739 3032 2792 circa
3076 2738 3421 2806 pontificem.
3455 2738 3578 2793 Sed
3635 2751 3692 2794 ct

2093 2806 2488 2867 advertendum
2518 2807 2675 2873 illud,
2718 2808 2983 2874 scriptum
3032 2824 3156 2861 esse
3193 2823 3221 2860 a
3251 2807 3527 2874 Josephu,
3570 2825 3687 2863 non

2092 2876 2427 2948 pontificem,
2490 2876 2582 2930 sed
2634 2879 3005 2948 sacerdotem,
3044 2878 3228 2947 ἱερέα,
3290 2879 3441 2931 velut
3497 2893 3683 2932 unum

2089 2946 2326 3017 aliquem
2359 2963 2389 3002 e
2418 2948 2605 2999 multis
2623 2946 2793 3005 dicat.
2833 2962 2953 3017 non
2986 2946 3163 3015 ipsqu
3203 2949 3454 3000 omnium
3480 2959 3681 3017 caput,

410 3033 534 3076 ctor
555 3030 668 3074 tum
685 3015 1135 3089 Chrysostomus,
1156 3018 1325 3074 fuisse
1355 3028 1680 3089 conceptum
1696 3015 1987 3089 Joannem,

418 3106 524 3145 non
576 3090 699 3157 ipso
747 3084 835 3144 die
869 3088 1208 3155 Expiationis
1234 3128 1247 3149 .
1288 3103 1351 3143 ac
1385 3104 1493 3157 qua
1524 3086 1824 3157 Zacharias
1857 3084 1986 3157 eﬂc~

571 3140 692 3214 fuit
708 3140 916 3229 mutus:
942 3140 1055 3213 sed,
1069 3140 1300 3228 aliquot,
1315 3140 1379 3213 ac
1392 3140 1601 3229 ipaucis
1616 3140 1747 3229 post
1762 3140 1980 3229 diebus.
2012 3140 2054 3196 α

418 3230 529 3285 Nec
558 3230 704 3284 enim
750 3227 1051 3282 Zacharias
1084 3226 1204 3297 ipsa
1249 3229 1340 3284 die
1379 3226 1607 3283 domum
1651 3226 1835 3297 rediit,
1889 3226 1984 3279 sed

419 3311 543 3370 post
572 3300 847 3369 expletum
894 3295 1117 3370 munus
1153 3314 1338 3370 suum,
1374 3308 1430 3351 ut
1461 3313 1617 3370 sacer
1651 3295 1767 3366 ipse
1808 3303 1987 3370 textus

352 3380 357 3389 ‘
419 3365 615 3423 tradit.
646 3365 1000 3439 'Scntentiatn
1035 3368 1181 3439 illam
1210 3368 1593 3439 Chrysostomi
1619 3408 1633 3431 ,
1676 3365 1749 3420 ac
1789 3365 1989 3439 multo-

356 3466 359 3469 ν
421 3455 545 3494 rum
570 3447 838 3497 veterum,
862 3445 920 3488 ut
941 3438 1237 3491 Zacharias
1258 3436 1406 3493 esset
1435 3451 1685 3491 summus
1705 3436 1985 3495 sacerdos.

424 3526 526 3564 nec
562 3507 667 3562 nisi
712 3507 851 3559 intra
890 3505 1094 3560 Sancta
1139 3517 1481 3570 sanctorum,
1509 3521 1575 3559 ac
1616 3516 1869 3562 sanctum
1908 3507 1991 3558 in-

428 3579 601 3633 terius
626 3575 824 3630 viderit
857 3578 1135 3644 angelum,
1171 3578 1260 3631 ubi
1308 3580 1458 3634 solus
1497 3591 1595 3645 pro
1629 3590 1858 3628 munere
1909 3574 1992 3645 dij

429 3632 611 3701 vinam
665 3660 779 3699 rem
819 3632 1134 3715 perageret;
1154 3632 1414 3701 omnibus
1461 3632 1809 3714 roprobatur,
1843 3643 1989 3712 quod
2038 3632 2041 3635 ’

430 3731 700 3786 nusquam
734 3714 942 3785 legatur
964 3714 1261 3786 Zacharias
1285 3719 1338 3770 in
1369 3716 1992 3786 Catalogosummgrum

431 3783 804 3850 sacerdotum,
834 3801 899 3839 ac
931 3794 1060 3841 tunc
1090 3785 1356 3842 Joazarus
1395 3786 1479 3842 vel
1506 3784 1760 3838 Matthias
1811 3783 1990 3838 Theo-

435 3858 566 3926 phili
610 3856 772 3920 filius,
805 3854 1157 3910 Hebraeorum
1187 3858 1432 3927 pontifex
1461 3864 1645 3927 esset:
1674 3854 1934 3927 quodque
1956 3867 1995 3927 _a

438 3924 581 3981 Luca
613 3933 849 3995 ponatur
880 3927 1143 3995 sacerdos
1180 3924 1246 3981 de
1304 3928 1395 3981 tali
1433 3926 1573 3987 vice.
1630 3924 1998 3995 et’qui_ohti-

437 3992 843 4065 gisset’puncre
877 3994 1164 4059 incensum
1197 4014 1211 4049 :
1249 3996 1448 4065 Ἐλαχε
1486 3992 1769 4065 (lepidast.
1832 3992 1993 4065 Vulg.

437 4064 589 4121 Sorte
623 4067 749 4119 exiit
775 4074 831 4117 ut
863 4075 1073 4132 poneret
1103 4064 1557 4130 incensum.Qum
1590 4064 1807 4118 sortitio
1838 4064 1998 4130 longe

436 4144 556 4191 erat
608 4150 636 4187 a
702 4150 916 4189 summo
976 4135 1253 4203 pontifice.
1315 4135 1521 4190 Deinde
1584 4132 2000 4202 iugrediebatur

438 4220 688 4261 summus
726 4203 968 4273 pontifex
996 4213 1055 4256 ut
1086 4205 1358 4273 praecipue
1373 4203 1698 4273 sanguinem
1737 4203 1998 4256 insancta

439 4276 687 4338 inferret,
732 4272 908 4341 eoque
943 4274 1033 4325 illa
1068 4272 1337 4340 expiaret,
1373 4272 1519 4341 quod
1556 4273 1731 4326 Lucas
1773 4274 2001 4326 omnino

440 4352 626 4399 tacet:
678 4357 779 4396 nec
821 4342 928 4412 nisi
981 4342 1517 4412 incensimeminit,
1571 4342 1717 4412 quod
1756 4343 2001 4412 quotidie

441 4413 731 4482 adolebant
762 4410 1007 4482 minores
1029 4411 1365 4482 sacerdotes,
1404 4420 1563 4482 prout
1586 4410 1786 4481 cuique
1816 4413 2001 4467 obtin-

2091 3034 2155 3072 ac
2179 3015 2452 3071 summum
2494 3017 2860 3070 sacerdotem.
2910 3015 3038 3071 Hmc
3077 3029 3258 3070 autem
3289 3018 3440 3071 dicta
3482 3015 3679 3081 velim,

2089 3103 2199 3142 non
2255 3094 2312 3139 ut
2347 3094 2551 3139 certam
2595 3087 2819 3139 omnino
2872 3086 3029 3155 fidem
3083 3098 3323 3141 astrnam
3383 3090 3682 3141 narratis:

2088 3157 2319 3215 Joanne.
2380 3155 2474 3209 sed
2505 3162 2565 3207 ιιι
2603 3155 2892 3210 ostendam
2936 3156 3142 3224 aliqua,
3184 3172 3359 3225 eaque
3402 3172 3515 3209 non
3576 3159 3681 3208 mi-

2091 3228 2236 3280 nima
2280 3225 2378 3278 niti
2426 3225 2833 3292 probabilitate.
2890 3224 3021 3280 Rem
3067 3242 3200 3280 sane
3234 3224 3364 3278 facit
3393 3225 3677 3280 difﬁcilem

2091 3304 2240 3349 tanta
2272 3302 2515 3349 veterum
2543 3296 2610 3349 de
2654 3294 2833 3348 Natali
2866 3295 2955 3351 die
2979 3293 3196 3349 Domini
3231 3296 3563 3363 opinionum
3594 3296 3679 3349 di-

2091 3367 2347 3434 versitas,
2384 3372 2554 3433 utque
2607 3365 3132 3434 nullusin‘.emiuerit
3164 3381 3356 3419 eorum
3385 3380 3533 3434 quae,
3572 3380 3676 3418 nov

2090 3444 2200 3489 ster
2228 3433 2470 3489 Joannes
2506 3435 2585 3488 sic
2606 3433 2846 3488 dilucide
2870 3445 3076 3489 narrat.
3102 3434 3169 3489 Ut
3204 3448 3379 3489 tamen
3410 3433 3533 3489 novi
3571 3436 3675 3487 ali-

2092 3506 2222 3575 quid
2259 3519 2322 3558 ac
2355 3505 2512 3567 certi,
2561 3518 2661 3558 ceu
2702 3520 2767 3556 ex
2820 3505 3233 3571 antiquioribus
3290 3505 3673 3559 monumentis

2091 3580 2241 3629 circa
2297 3590 2372 3643 ea;
2407 3583 2649 3641 tempora
2696 3574 2880 3643 Bonna:
2921 3575 3200 3629 detectum
3255 3575 3355 3637 sit,
3383 3589 3495 3643 quo
3518 3575 3670 3628 diem

2096 3644 2311 3697 homini
2331 3641 2577 3697 Natalem
2597 3659 2659 3696 ea
2675 3642 2762 3697 die
2779 3644 3174 3698 celebrandum
3197 3646 3295 3699 toti
3328 3641 3443 3699 fere
3459 3644 3674 3700 Orienti

2096 3714 2340 3769 Ecclesia
2369 3711 2614 3766 Romana
2668 3714 2747 3767 sic
2774 3713 2947 3783 facile
2981 3716 3341 3783 persuaserit,
3397 3714 3546 3767 haud
3572 3716 3675 3768 ob-

2095 3799 2261 3840 scura
2291 3784 2614 3852 conjectura
2644 3783 2740 3853 sit.
2771 3782 3154 3838 Nedum’euim
3196 3784 3672 3853 ConstantinOpo-

2097 3856 2183 3917 lis,
2209 3851 2585 3909 verum’etiam
2623 3851 2895 3924 Egyptus
2938 3868 3004 3907 ac
3037 3853 3396 3924 Alexandria.
3453 3855 3507 3907 in
3541 3851 3669 3907 eum

2098 3926 2264 3979 ritum
2296 3924 2571 3977 concessit
2606 3942 2619 3977 :
2651 3938 2714 3975 ac
2738 3923 2939 3991 probat
2969 3924 3059 3977 illa
3084 3923 3241 3977 Pauli
3274 3923 3519 3988 Emeseui
3542 3938 3671 3976 ora-

2099 3996 2178 4047 tio
2208 3994 2275 4047 de
2305 3992 2409 4047 lide
2440 3993 2780 4047 Alexandria:
2800 3992 2986 4046 habita
3010 3993 3099 4048 die
3113 3993 3184 4047 29
3209 3997 3413 4049 mensis
3438 3993 3663 4055 Chiach,

2098 4073 2161 4118 ut
2193 4070 2277 4118 est
2308 4065 2363 4116 in
2393 4062 2573 4124 titulo,
2612 4078 2732 4132 qua:
2764 4063 2954 4117 incidit
2975 4065 3030 4117 in
3071 4064 3143 4116 ‘25
3170 4063 3509 4126 Decembris,
3538 4077 3663 4116 cum

2101 4135 2190 4188 ille
2226 4148 2254 4185 a
2282 4133 2483 4203 Cyrillo
2506 4144 2758 4203 receptus
2793 4149 2877 4203 ac
2908 4134 3261 4188 intromissus
3311 4134 3538 4203 fuisset:
3607 4140 3665 4184 ut

2100 4205 2243 4259 enim
2270 4200 2406 4256 bene
2455 4200 2652 4256 Baron.
2690 4218 2819 4255 ann.
2851 4200 2976 4267 452.,
3003 4219 3159 4256 num.
3195 4203 3280 4263 75,
3309 4205 3429 4271 ipso
3461 4201 3665 4255 Natiri-
3694 4212 3697 4213 '

2103 4274 2229 4326 tatis
2265 4273 2470 4325 Christi
2510 4271 2599 4325 die
2633 4273 2899 4333 habitam.
2936 4273 3055 4342 ipso
3082 4273 3205 4340 ejus
3239 4273 3465 4326 exordio
3489 4272 3667 4325 decla-

2102 4353 2278 4407 ratur,
2312 4343 2401 4395 ubi
2427 4342 2629 4397 dicitur
2673 4361 2684 4396 :
2720 4360 2738 4392 ι
2799 4343 3121 4411 Opportune
3156 4343 3318 4397 nobis
3353 4342 3510 4395 hodie
3541 4342 3668 4394 reli-

2105 4415 2317 4483 gionem
2363 4421 2596 4466 vestram
2634 4411 2916 4483 adhortari
2957 4411 3144 4466 datutn
3192 4423 3308 4473 est,
3350 4422 3407 4465 ut
3452 4424 3665 4463 sacrum

441 4484 622 4552 gebat.
653 4478 728 4552 _Ut
763 4481 909 4532 circa
954 4480 1109 4552 illud,
1158 4495 1225 4552 ac
1264 4476 1767 4537 Tabernaculortim
1812 4483 1999 4552 proxi-
2037 4476 2076 4531 D
2106 4476 2395 4551 quemdam
2445 4483 2681 4552 chorum
2734 4482 3178 4552 constituamus,
3217 4490 3282 4552 et
3312 4496 3437 4552 cum
3468 4483 3665 4533 sanctis

442 4546 589 4604 fnum
648 4546 869 4622 fest_um,
922 4564 984 4604 ea
1044 4550 1323 4607 Zacharim
1372 4553 1742 4622 contigerint,
1801 4546 1993 4622 sicque

441 4626 709 4689 concepto
739 4616 950 4675 Joanne
973 4636 1197 4694 _mense
1226 4616 1555 4694 Septembri:
1590 4638 1653 4694 ac
1687 4631 1846 4677 sexto
1871 4616 1996 4692 post

443 4688 631 4745 mense
661 4700 923 4757 concepto
970 4688 1223 4757 Domino,
1284 4688 1445 4746 natus
1478 4694 1549 4745 sit
1594 4688 1995 4747 ltominus'no-

443 4774 564 4814 vein
615 4760 837 4814 circiter
864 4761 1135 4815 mensium
1191 4764 1257 4817 ad
1313 4763 1473 4815 tinem
1508 4763 1865 4827 Decembris,
1934 4775 1997 4815 ac

443 4829 563 4902 ejus
593 4827 957 4902 die25,_pium
973 4830 1187 4902 credito
1210 4841 1312 4894 est.
1338 4847 1435 4885 nec
1456 4832 1752 4902 quidquam
1780 4832 1995 4902 firmum

444 4899 582 4971 satis
598 4898 1049 4971 opponiturtvel
1077 4901 1145 4954 ab
1180 4898 1488 4971 Scaligero,
1523 4898 1622 4956 vel'
1648 4903 1716 4956 ab
1747 4903 1869 4955 aliis
1904 4901 1999 4971 qui

446 4968 559 5024 nati
594 4967 896 5023 Salvatoris
922 4968 1066 5023 diem
1092 4971 1257 5025 alium
1286 4967 1653 5036 contendunt;
1678 4987 1740 5027 ac
1773 4988 1873 5026 nec
1911 4967 2001 5025 Jo-

447 5039 601 5110 sephi
633 5037 725 5092 illa
779 5040 1039 5108 scriptio,
1076 5055 1242 5109 quam
1276 5052 1469 5095 auctor
1495 5040 1724 5110 profert,
1757 5043 1877 5096 falsi
1917 5040 2001 5096 fa-

446 5109 552 5182 cile
577 5113 870 5182 arguatur,
900 5116 959 5182 u_t
990 5116 1199 5182 tantum
1234 5109 1512 5182 signiﬁcet
1551 5113 1853 5182 contigisse
1887 5124 2001 5167 rem

450 5176 505 5251 in
527 5177 880 5251 solemnitate
906 5176 1412 5251 Tabernaculorum
1436 5224 1448 5244 ,
1480 5181 1625 5251 quod
1664 5176 1803 5236 fo'rte
1832 5196 2004 5235 unum

449 5248 687 5326 habebat
724 5244 965 5326 .Josephi
1035 5253 1286 5326 notatio,
1329 5260 1386 5326 u_t
1441 5244 1603 5326 verba
1631 5252 1882 5326 alia._tv
1936 5252 2002 5321 τῇ

446 5317 633 5390 ἡμέρᾳ
656 5317 753 5390 τοῦ
818 5317 1070 5387 Ἱλασμοῦ
1091 5336 1105 5350 ο
1143 5320 1208 5375 1η
1233 5320 1316 5375 die
1342 5320 1672 5389 Expiationis
1696 5358 1711 5379 ,
1748 5317 2005 5390 adjuncta

451 5385 622 5461 siuta
648 5385 860 5461 Joanne
881 5429 895 5451 ,
934 5385 999 5442 es
1037 5385 1460 5461 praesumptione
1510 5385 1832 5461 obtinentis'
1862 5391 2009 5445 illius

451 5454 648 5527 Joantt.
678 5454 1057 5527 Chrysostomi
1080 5475 1145 5515 ac
1168 5454 1398 5515 aliorum
1425 5460 1744 5514 sententia:
1772 5462 1852 5515 vel
1877 5462 1921 5516 si
1953 5462 2007 5514 in

450 5525 544 5602 die
578 5524 950 5596 Expiationis,
992 5543 1103 5602 non
1140 5540 1319 5585 tamen
1353 5531 1404 5602 in
1434 5531 1661 5585 solemni
1700 5546 1796 5599 per
1826 5531 2009 5602 ponti-

456 5596 610 5647 ticem
631 5609 695 5648 ac
716 5610 898 5669 annua
915 5600 1246 5669 expiatione,
1270 5601 1367 5654 sed
1393 5602 1443 5653 in
1466 5596 1741 5669 communi
1762 5596 2008 5663 incenso,

376 5688 381 5699 ι
455 5675 569 5741 quo
584 5664 825 5741 accdies
856 5668 945 5741 il|_a
981 5664 1199 5741 videtur
1230 5684 1476 5724 vacasse.
1504 5668 1748 5741 Forsque
1769 5688 1829 5725 ea
1870 5672 2011 5724 ratio

459 5732 621 5787 fuerit
647 5740 704 5785 ut
734 5736 885 5792 solus
901 5736 1219 5805 Zacharias,
1242 5755 1304 5796 ac
1332 5732 1847 5797 nemoalius't‘uerit
1880 5742 2009 5795 hora

2096 4549 2305 4622 angelis
2334 4551 2707 4622 exclamemus
2730 4568 2751 4622 γε
2778 4549 2967 4605 Gloria
2997 4555 3052 4605 in
3076 4550 3312 4622 excelsis
3344 4549 3481 4622 Deo,
3511 4561 3570 4622 et
3612 4553 3663 4602 in

2098 4619 2245 4677 terra
2274 4636 2398 4688 pax,
2430 4620 2483 4673 in
2512 4620 2828 4675 hominibus
2866 4622 3009 4676 bona
3032 4621 3307 4676 voluntas.
3344 4619 3476 4673 Nam
3509 4619 3665 4672 hodie

2138 4693 2359 4744 arvulus
2401 4700 2561 4745 natus
2607 4700 2691 4744 est
2738 4692 2918 4753 nobis,
2965 4709 2984 4741 ι
3052 4703 3162 4745 etc.
3214 4690 3409 4743 Exstat
3452 4689 3659 4741 cont-itii

2147 4760 2355 4830 phesini
2379 4775 2512 4830 p.ut
2530 4801 2544 4822 .
2562 4775 2610 4813 c.
2630 4762 2714 4815 5|.
2739 4761 3006 4815 Baronius
3027 4761 3079 4813 in
3103 4762 3248 4815 hunc
3267 4759 3660 4830 modumaddu-

2101 4775 2355 4830 Iapnesmt
2421 4776 2500 4814 .ιιι
2530 4801 2544 4822 .
2562 4775 2610 4813 c.
2631 4775 2714 4815 οι.
2740 4775 3006 4815 mrontus
3028 4777 3079 4813 In
3104 4775 3248 4815 nunc
3267 4775 3660 4813 mnuumanuu-

2100 4834 2234 4887 bitat
2266 4849 2278 4883 :
2313 4848 2331 4881 ι
2363 4775 2517 4895 (good
2541 4845 2664 4884 cum
2686 4832 2758 4885 ita
2783 4831 2873 4895 sit,
2902 4831 3133 4885 alterum
3150 4830 3216 4884 de
3248 4830 3459 4883 duobus
3482 4829 3660 4882 dicen-

2101 4903 2228 4955 dum
2264 4910 2369 4962 est,
2405 4901 2483 4953 vel
2504 4900 2727 4953 titulum
2755 4902 2822 4953 de
2854 4910 3005 4954 certa
3036 4903 3243 4955 mensis
3266 4901 3352 4953 die
3373 4913 3490 4953 eSse
3515 4912 3659 4952 men-

2102 4972 2320 5033 dosam,
2350 4969 2433 5023 vel
2482 4968 2697 5039 Egypti
2750 4969 3051 5024 Ecclesiam
3092 4984 3252 5023 usum
3287 4969 3451 5039 illum
3482 4968 3657 5037 pristi-

2106 5056 2234 5095 num
2294 5037 2764 5109 reliquisse','quo
2797 5041 2942 5093 diem
2980 5039 3227 5093 Natalem
3285 5037 3498 5091 Domini
3530 5040 3658 5091 cete.

2106 5117 2266 5166 brare
2299 5111 2587 5163 consuevit
2620 5109 2651 5162 6
2697 5108 2967 5163 Januarii.
3008 5129 3025 5160 ι
3076 5110 3186 5166 Esto
3236 5109 3396 5175 plane
3438 5115 3657 5161 mutasse

2105 5181 2385 5243 existimo,
2415 5179 2655 5248 reliquas
2688 5194 2781 5246 per
2801 5180 3082 5233 Orientem
3106 5177 3384 5232 Ecclesias
3412 5188 3655 5248 secutam,

2107 5265 2231 5306 cum
2259 5258 2410 5303 tanto
2454 5246 2646 5318 plausu
2695 5248 2893 5301 festum
2933 5248 3065 5303 illud
3116 5248 3451 5315 reciperent,
3478 5258 3527 5318 u_t
3554 5246 3655 5299 hoc

2109 5321 2287 5390 ipsum
2334 5316 2770 5390 Chrysnstomus
2819 5321 2961 5373 inter
3006 5326 3349 5390 argumenta
3393 5316 3653 5390 conferat,

2108 5386 2249 5443 verae
2278 5389 2426 5445 illius
2452 5386 2560 5442 diei
2591 5388 2773 5441 Romae
2800 5398 3033 5443 servata:
3070 5386 3410 5444 traditionis.
3459 5401 3511 5438 ac
3542 5386 3659 5439 inde

2111 5460 2163 5512 in
2200 5460 2388 5513 orbem
2410 5459 2678 5527 reliqumn
2712 5459 3008 5513 manantis.
3039 5457 3109 5513 Ut
3135 5471 3266 5526 ergo
3297 5457 3528 5510 Orientis
3560 5454 3656 5508 Er-

2113 5530 2294 5583 clesize
2352 5528 2553 5583 festum
2606 5527 2753 5581 istud
2810 5538 2960 5582 tanta
3016 5527 3288 5596 religione
3315 5528 3654 5595 susciperent.

2114 5600 2426 5653 necessaria
2455 5598 2557 5652 fuit
2580 5600 2759 5666 aliqua
2784 5599 3071 5667 persuasio
3097 5609 3289 5663 pra-ter
3315 5599 3653 5667 Augustorum

2115 5670 2166 5723 in
2209 5670 2341 5721 illud
2366 5667 2628 5722 favorem.
2664 5665 2954 5727 Hac‘vero.
2988 5683 3051 5721 ac
3082 5681 3243 5735 quam
3277 5681 3340 5720 ex
3372 5665 3561 5721 Joanne
3586 5681 3655 5720 rc-

2116 5746 2407 5807 przesento,
2427 5739 2511 5793 vix
2542 5738 2967 5793 eonnnodiorem
3014 5737 3283 5791 invenias.
