3874 6350
157 335 191 436 ‘1
203 335 307 400 440

1197 341 1295 400 DE
1336 341 1570 401 FESTO
1609 343 1740 402 DIE
1780 343 2054 407 NATALI
2097 349 2400 416 DOMINI.

3303 341 3438 420 1450

166 451 484 524 διαπρέοᾷει.
531 450 656 505 Ἐάν
685 451 866 525 πατὴρ
916 453 973 507 τὸ
1005 452 1290 525 βάπτισμα
1315 455 1412 509 καὶ
1445 455 1536 508 τὸν
1570 455 1747 526 γάμον

1871 475 2097 531 :cnsqne
2128 462 2420 529 videatur;
2464 470 2524 516 ut
2558 468 2742 516 autem
2781 467 2958 530 pater,
3003 455 3160 512 unius
3192 454 3302 510 diei
3328 454 3440 507 cir-

167 544 262 599 τοῦ
297 543 630 614 προσφιλοῦς
667 543 784 598 υἱοῦ
824 545 1060 618 ἑορτάσῃ
1083 587 1099 610 ,
1160 545 1255 598 ἐάν
1300 547 1357 598 ὲν
1417 548 1513 617 μιᾷ
1542 549 1747 617 ἡμέρᾳ,

167 637 271 689 οῦκ
300 637 447 688 ἐστιν
477 635 700 698 ἄτοπον,
734 636 856 688 οὐδὲ
887 637 1136 707 ἀπρεπές
1164 655 1177 669 ·
1230 639 1280 690 εἰ
1315 637 1410 691 καὶ
1430 637 1517 690 διὰ
1562 639 1752 690 πενίαν

167 726 333 780 τοῦτο
374 728 614 796 ποιήσει,
643 726 867 796 ἄριστόν
897 729 1064 788 ἐστιν,
1089 728 1155 780 ἂν
1185 728 1342 781 τοῦτο
1368 731 1424 780 ὲν
1451 729 1548 799 μιᾷ
1569 728 1754 800 ἡμέρᾳ

115 825 122 830 ’
170 821 397 891 ποιήσῃ,
422 819 454 888 ἢ
481 817 596 872 δύο.
645 818 709 870 ’Π
735 814 829 872 οῦν
865 819 998 887 ἁγία
1029 816 1352 889 Ἐκκλησέα,
1392 819 1442 871 εἰ
1488 821 1586 873 καὶ
1631 820 1754 872 τότε

175 914 269 965 ἐπὶ
294 912 404 965 τῶν
431 911 748 966 ἀποστόλων
790 913 847 964 ἐν
882 911 1123 982 πτωχεία
1159 911 1396 981 ὑπῆρχε,
1423 909 1511 964 διά
1542 911 1640 973 τὰς
1673 911 1755 963 αἱ·

175 1006 359 1074 ρέσεις
390 1003 500 1054 τῶν
536 1003 875 1068 φιλονείκων,
915 1004 1011 1055 καὶ
1042 1003 1443 1064 ἐπαναστάσεις
1490 1000 1632 1054 κατὰ
1657 1003 1756 1071 τῆς

175 1097 349 1166 ὀρθῆς
385 1095 644 1159 πίστεως,
689 1095 782 1148 καὶ
813 1095 906 1147 διὰ
934 1095 1059 1158 τοὺς
1093 1094 1345 1157 ἑθνικοὺς
1377 1093 1472 1147 καὶ
1494 1094 1756 1156 ἀπίστους

179 1187 445 1257 βασιλεῖς,
479 1187 573 1240 καὶ
606 1186 693 1238 διὰ
718 1187 838 1248 τοὺς
863 1183 1156 1255 διωγμοὺς.
1189 1186 1282 1238 καὶ
1311 1185 1401 1237 διὰ
1437 1185 1534 1254 τὴν
1557 1183 1760 1254 θρασύ-

176 1297 321 1351 τητα
356 1279 463 1332 τῶν
493 1279 778 1343 Ἰουδαίων,
803 1279 851 1331 οἳ
879 1277 1067 1348 ὥσπερ
1098 1277 1320 1346 κύματα
1350 1277 1628 1348 θαλάσσης
1659 1295 1758 1330 πε-

183 1371 676 1442 ριεκύκλωσαν,νῦν
719 1371 775 1423 δὲ
809 1369 1041 1422 πλουσία
1063 1370 1230 1432 ἐστὶν,
1262 1369 1449 1438 ἐπειδὴ
1477 1372 1557 1432 εἰς
1583 1371 1758 1422 πάντα

181 1466 276 1518 τὸν
303 1465 510 1530 κόσμον
537 1460 824 1530 ἐξηπι.ώθη
841 1463 901 1514 τὸ
929 1460 1284 1526 Εὖαγγὲλιον,
1311 1462 1406 1514 καὶ
1441 1462 1604 1532 μέχρι
1629 1479 1758 1530 τερ-

185 1557 374 1625 μάτων
396 1555 493 1621 τῆς
521 1553 622 1622 γῆς
657 1552 889 1620 ἔφθασεν
910 1554 937 1604 ὁ
963 1553 1118 1620 λόγος
1145 1554 1244 1622 τῆς
1273 1552 1552 1621 ἀληθείας.
1604 1553 1760 1606 Ἐπεὶ

182 1648 243 1699 δὲ
276 1646 413 1714 μετὰ
448 1645 734 1714 τριακόσια
767 1643 863 1712 ἐτη
899 1643 1170 1712 ἐχώρισαν
1209 1643 1272 1696 τὸ
1327 1645 1519 1714 Πάσχα
1568 1645 1632 1695 ἐκ
1665 1643 1760 1696 τοῦ

198 1737 498 1791 Ἰουδαϊκοῦ
521 1754 533 1768 ·
570 1735 832 1798 ὡσαύτως
856 1737 948 1788 καὶ
977 1736 1071 1788 νῦν
1093 1735 1190 1806 τὴν
1210 1736 1424 1806 ἡμέραν
1464 1735 1570 1788 τῶν
1602 1736 1762 1788 Γενε-

1857 553 2002 616 culo,
2054 553 2244 607 dilecti
2281 553 2377 607 lilii
2425 554 2699 624 baptisma
2754 551 2962 622 pariter
2991 547 3441 618 atque,nuptias

1855 647 2125 712 celebret,
2179 646 2317 701 nihil
2360 647 2630 702 absonum
2685 647 2780 709 sit,
2837 655 2930 698 aut
2962 643 3152 696 minus
3183 640 3386 694 decens
3421 654 3438 691 :

1855 747 2018 807 atque
2053 747 2112 794 ιιι
2157 746 2400 809 propter.
2446 735 2822 808 paupertatem
2865 734 3028 789 l'aciat
3057 773 3071 797 ,
3105 732 3267 802 plane
3298 745 3444 798 prm-

1854 831 2026 886 stabit
2084 839 2142 884 ut
2177 845 2285 884 uno
2314 831 2500 901 potius
2542 844 2706 899 quam
2739 828 2956 881 duobus
2989 825 3184 879 diebus
3229 837 3341 875 rem
3363 819 3443 874 fa-

1860 923 1991 974 ciat.
2026 919 2229 974 Sancta
2261 935 2391 990 ergo
2420 919 2690 982 Ecclesia,
2723 930 3041 988 quanquam
3081 912 3184 968 sub
3221 917 3442 978 aposto-

1860 1013 1927 1066 lis
1957 1027 2166 1082 pauper
2196 1013 2434 1073 exstitit,
2470 1019 2698 1084 pmpter
2723 1007 3063 1063 contentioni
3103 1003 3438 1061 studentium

1860 1104 2116 1168 haereses,
2142 1119 2206 1158 ac
2229 1119 2326 1159 eos
2362 1088 2454 1174 qui
2491 1111 2654 1158 recta:
2681 1101 2802 1156 lidei
2829 1100 3280 1160 adversarentur,
3312 1108 3444 1147 nec-

1860 1212 1967 1248 non
1995 1203 2216 1265 propter
2241 1211 2398 1266 reges
2425 1195 2683 1250 ethnicos
2705 1209 2769 1248 ac
2799 1193 3073 1253 inlideles,
3105 1198 3441 1260 propterque

1859 1286 2043 1348 illatas
2071 1287 2510 1356 persecutiones,
2545 1301 2608 1339 ac
2651 1295 2872 1354 propter
2917 1281 3234 1337 Iudaeorum
3267 1279 3441 1332 auda-

1860 1378 2025 1442 ciam,
2064 1378 2268 1448 quibus
2319 1393 2418 1433 ceu
2476 1377 2738 1432 [luctibus
2793 1375 2966 1429 maris
3007 1374 3444 1441 circumquaque

1861 1470 2083 1537 obsepta
2124 1477 2242 1522 erat
2285 1481 2300 1520 :
2355 1483 2503 1523 nunc
2555 1476 2737 1522 tamen
2788 1467 2947 1520 dives
2999 1472 3105 1530 cst,
3164 1462 3443 1532 siquidem

1864 1558 2217 1628 livangelium
2241 1553 2574 1628 explidatum
2602 1571 2687 1614 est
2710 1559 2764 1612 in
2795 1557 3061 1610 mundum
3090 1555 3440 1618 universum,

1863 1666 2158 1720 sermoque
2197 1651 2447 1706 veritatis
2488 1652 2754 1720 pervasit,
2781 1665 2958 1718 usque
2992 1647 3059 1701 ad
3095 1648 3232 1701 lines
3260 1654 3440 1700 terrm.

1866 1741 2005 1808 Quia
2046 1757 2174 1811 ergo
2231 1750 2354 1811 post
2405 1757 2581 1796 annos
2619 1749 2898 1796 trecentos
2927 1737 3304 1794 Christianum
3337 1734 3444 1790 Pa-

185 1831 353 1884 Ολὲων
411 1830 508 1882 καὶ
550 1829 644 1882 τοῦ
677 1828 1052 1898 βαπτίσματος
1108 1828 1462 1898 ἑορτάζομεν,
1521 1828 1761 1898 ἑκάστην

1871 1834 1996 1888 scha
2026 1847 2055 1885 a
2082 1830 2313 1886 Judaico
2340 1841 2696 1902 separarunt,
2725 1833 2916 1887 eadem
2947 1847 3094 1884 nunc
3111 1844 3331 1899 quoque
3355 1843 3447 1882 ra-

181 1923 522 1992 τεὶουμένην
550 1925 608 1975 ἐν
642 1925 706 1992 τῇ
737 1923 841 1993 ἰδίᾳ
864 1920 1068 1991 ἡμέρᾳ,
1092 1921 1184 1974 καὶ
1211 1921 1350 1989 μετὰ
1383 1920 1604 1972 τελείων
1635 1921 1763 1973 ἀνα-

181 2014 555 2084 γνωσμάτων,
589 2013 903 2084 τροπαρέων
935 2013 1031 2064 καὶ
1085 2011 1324 2065 κανόνων
1344 2053 1359 2075 ,
1389 2011 1482 2064 τοῦ
1517 2011 1636 2075 ἐνὸς
1669 2011 1764 2064 καὶ

181 2107 286 2160 τοῦ
321 2103 485 2158 αὐτοῦ
513 2103 718 2174 Κυρίου
749 2101 906 2173 ἡμῶν
945 2100 1117 2168 Ἰησοῦ
1140 2100 1380 2171 Χριστοῦ
1407 2117 1420 2130 ·
1447 2101 1542 2154 καὶ
1571 2101 1668 2171 οὐχ
1689 2101 1765 2164 ὡς

199 2197 457 2263 Ἰωάννης
484 2194 512 2246 ὁ
539 2193 967 2263 Μαυροκομετης
1001 2192 1303 2264 ἀπατηθεὶς
1331 2195 1630 2263 κατηγορεί
1667 2193 1764 2263 τῆς

196 2287 554 2357 Ἐκκλησὶας,
610 2286 705 2338 καὶ
742 2284 998 2354 φλυαρῶν
1034 2283 1306 2352 ἔφασκεν
1367 2284 1448 2337 ὅτι
1495 2284 1561 2336 δι’
1593 2287 1768 2337 ἐκεῖνο

184 2380 567 2449 κατεμέρισαν
596 2379 676 2440 εἰς
699 2377 826 2448 τρία
849 2375 946 2446 τὴν
991 2376 1121 2445 μίαν
1153 2376 1372 2446 ἑορτὴν,
1404 2377 1486 2428 ὅτι
1535 2377 1626 2429 καὶ
1676 2375 1768 2429 τὸν

181 2468 428 2538 Χριστὸν
450 2466 592 2520 κατὰ
625 2466 922 2536 Νεστὸριον
974 2465 1166 2519 διεῖλον
1222 2467 1302 2527 εἰς
1349 2465 1442 2518 δύο
1473 2463 1762 2533 πρόσωπα.

196 2559 398 2630 Ἡμεῖς
425 2560 480 2613 δὲ
517 2559 989 2629 ἀναθεματίζομεν
1019 2558 1334 2628 Νεστόριον,
1366 2558 1440 2620 ὡς
1483 2557 1766 2629 ἀνθρωπο-

183 2653 508 2723 παραδότην
543 2662 590 2717 θ,
628 2650 720 2706 καὶ
751 2649 843 2703 τὸν
869 2650 1083 2720 Εὐτυχῆ
1107 2649 1202 2703 καὶ
1228 2647 1535 2713 Ίουλιανὸν,
1564 2648 1658 2702 καὶ
1680 2648 1768 2702 τὸν

181 2745 622 2816 Μαυροκομίτην
657 2744 914 2815 Ἰωάννην
951 2743 1042 2798 τὸν
1081 2742 1384 2814 σύμϐουλον
1417 2742 1602 2798 αὑτοῦ.

266 3023 381 3078 Καὶ
421 3021 441 3061 ί
474 3022 634 3094 ἡμεῖς
671 3020 764 3074 τὸν
797 3020 1004 3094 Κύριον
1034 3019 1288 3090 ἀληθινὸν
1325 3021 1460 3076 Θεὸν
1492 3023 1648 3094 ἡμῶν
1678 3025 1772 3080 καλ⁹

1869 1929 2040 1988 tione,
2073 1925 2455 1980 Natalitiorum
2483 1925 2628 1979 diem
2652 1939 2715 1978 ac
2742 1923 3111 1995 baptismatis.
3132 1937 3234 1978 suo
3255 1936 3448 1991 quem-

1868 2033 1975 2086 que
2010 2032 2073 2071 ac
2103 2016 2324 2086 proprio
2373 2015 2484 2080 die,
2545 2030 2608 2069 ac
2674 2031 2801 2068 cum
2863 2014 3126 2084 perfectis
3191 2011 3448 2069 lcetioni-

1869 2109 1996 2169 bus,
2030 2106 2402 2176 modulisque.
2435 2120 2498 2160 ac
2534 2105 2866 2165 canouibus.
2902 2103 3069 2158 unius
3101 2118 3167 2157 ac
3200 2102 3445 2172 ejusdem

1868 2198 2083 2254 Domini
2122 2197 2297 2252 nostri
2327 2194 2457 2253 Jesu
2513 2195 2748 2259 Christi,
2785 2194 2978 2249 festive
3028 2194 3266 2249 colimus
3300 2233 3314 2247 .
3346 2207 3448 2246 nec

1869 2304 2022 2352 vero,
2058 2289 2133 2342 uti
2164 2304 2356 2344 errore
2389 2287 2656 2358 deceptus
2685 2285 2928 2342 Joannes
2963 2286 3054 2339 ille
3081 2283 3451 2338 Maurocomi-

1872 2389 1954 2435 tes
1979 2378 2288 2435 Ecclesiam
2322 2378 2694 2450 reprehendit,
2729 2393 2792 2431 ac
2833 2392 3048 2446 nugans
3083 2374 3160 2430 ait
3193 2393 3207 2430 :
3237 2373 3448 2428 Idcirco

1871 2472 2274 2526 solemnitatem
2309 2484 2474 2524 unam
2515 2469 2570 2523 in
2613 2479 2723 2524 tres
2759 2468 2948 2538 partiti
3001 2477 3153 2531 sunt,
3212 2465 3340 2535 quia
3395 2473 3451 2517 et

1870 2563 2148 2619 Christum
2189 2560 2524 2616 Nestoriano
2560 2574 2751 2614 errore
2788 2559 2842 2613 in
2873 2557 3012 2613 duas
3061 2570 3330 2626 personas
3358 2553 3448 2608 di-

1872 2657 2142 2712 viserunt.
2171 2653 2284 2709 Nos
2316 2652 2592 2724 siquidem
2617 2651 2909 2705 anathema
2929 2649 3184 2704 Nestor-io
3213 2648 3452 2703 dicimus

1872 2756 2138 2818 tanquam
2169 2744 2414 2800 hominis
2453 2743 2761 2806 adoratori,
2805 2741 3082 2810 simulque
3135 2737 3449 2810 Eutycheti.

1869 2847 1928 2896 et
1971 2836 2231 2903 Juliano,
2305 2837 2538 2908 ejusque
2607 2831 2973 2888 conciliorum
3029 2830 3184 2886 socio
3250 2827 3451 2884 Joanui

1872 2931 2301 2990 Maurocomitze.
3131 2986 3138 2992 ,

1943 3022 2292 3080 Conﬁtentur
2319 3028 2504 3076 autem
2543 3017 2836 3075 Dominum
2886 3031 3079 3072 verum
3144 3012 3316 3070 Deum
3349 3027 3454 3066 no-

187 3118 486 3187 ᾶνθρωπον
511 3113 740 3177 τέλειον,
772 3113 904 3172 θεὸν
935 3115 998 3167 ὲκ
1023 3113 1181 3178 Θεοῦ,
1201 3114 1316 3184 φῶς
1341 3116 1496 3185 ἅγιον
1524 3117 1584 3180 ἐξ
1613 3116 1767 3188 ἀχρά.

1883 3125 2083 3178 strum,
2135 3125 2300 3184 atque
2327 3109 2605 3168 hominem
2640 3107 2973 3183 perfectura,
3007 3106 3177 3161 Deum
3218 3103 3286 3159 de
3319 3103 3454 3166 lien,

189 3225 290 3262 νου
321 3206 516 3276 φωτὸς,
552 3207 616 3258 ἐκ
646 3200 744 3275 τοῦ
768 3206 984 3276 Πατρδς
1015 3204 1348 3274 γεννηθέντα
1379 3205 1486 3277 πρὸ
1512 3205 1621 3260 τῶν
1648 3207 1779 3260 αἰώ-

189 3312 330 3360 νων,
359 3296 453 3348 καλ¹
487 3297 551 3348 ὲκ
580 3295 678 3365 τῆς
701 3293 865 3362 ἁγίας
890 3295 1172 3366 Παρθένου
1208 3294 1314 3348 ὑπὸ
1337 3296 1528 3365 χρόνον
1551 3295 1780 3366 γενὸμ.ε⁴

191 3406 292 3442 νον
323 3387 538 3456 ἀληθῶς
565 3385 870 3456 ἄνθρωπον.
917 3387 1030 3457 Οὐχ
1061 3385 1089 3439 ὃ
1113 3381 1180 3456 ἦν
1221 3386 1543 3457 μεταϐαλὼν
1595 3386 1779 3458 (ἄτρε-

192 3493 338 3537 πτος
359 3478 472 3546 γάρ
501 3477 533 3545 ἠ
567 3475 786 3544 θεότης,
817 3475 1086 3538 como-.0;
1105 3474 1183 3546 τῷ
1211 3478 1405 3547 Πατρι,
1428 3478 1522 3530 καὶ
1556 3475 1782 3548 σύνθρο-

195 3585 297 3631 νος
315 3566 394 3637 τῷ
431 3567 570 3637 ἁγίῳ
597 3565 920 3637 Πνεύματι),
945 3565 1062 3619 ἀλλ’
1093 3567 1122 3619 ὃ
1170 3568 1271 3620 οὐκ
1307 3563 1375 3643 ἦν
1422 3567 1779 3640 προσέλαϐεν.

207 3661 276 3713 Ὀ
315 3658 595 3730 ἀχὼρητος
629 3657 883 3730 ἑχωρήθη
912 3674 925 3687 ⁸
959 3657 1203 3723 καταϐάς
1227 3659 1286 3726 ἐξ
1329 3658 1561 3731 οὐρανοῦ
1612 3661 1782 3733 ἐσαρ-

195 3748 362 3820 κώθη
398 3750 463 3802 ὲκ
491 3749 592 3819 τῆς
642 3749 802 3817 ἁγίας
833 3748 1107 3818 Παρθένου
1127 3792 1141 3814 ,
1178 3751 1273 3803 καὶ
1303 3750 1573 3822 ἐγεννήθη
1601 3753 1680 3815 εἰς
1723 3751 1784 3805 τὸ

197 3841 365 3908 ἅγιον
398 3839 692 3909 σπήλαιον
717 3837 1018 3909 ὲΰαπτίσθη
1049 3839 1108 3891 ὲν
1143 3840 1404 3910 Ἰορδάνῃ,
1433 3841 1780 3910 ἐσταυρώθη,

193 3932 385 4000 ἐτάφη
406 3948 420 3962 ·
448 3930 687 3994 ἀναστάς
719 3930 997 4000 ἀνελήφθη
1023 3932 1104 3993 εἰς
1123 3930 1215 3982 τὸν
1241 3931 1494 3999 οὐρανὸν,
1529 3933 1624 3983 καὶ
1655 3930 1785 3982 ὲκά-

194 4024 361 4076 θισεν
392 4023 455 4074 ὲκ
470 4021 661 4086 δεξιῶν
695 4020 787 4074 τοῦ
813 4023 1025 4090 Πατρός
1045 4039 1057 4053 ·
1092 4021 1372 4074 ἐλεύσεται
1398 4021 1457 4072 δὲ
1485 4022 1669 4090 κρῖναι
1694 4020 1788 4074 τὸν

195 4118 418 4187 κόσμον
447 4120 503 4170 ἐν
536 4115 852 4188 δικαιοσύνῃ
872 4131 884 4144 ·
919 4116 1070 4187 αὐτῷ
1112 4117 1314 4188 ήδόξα,
1351 4117 1448 4170 σὺν
1476 4117 1554 4187 τῷ
1585 4117 1783 4188 Πατρὶ,

193 4211 306 4263 καὶ
335 4208 414 4278 τῷ
442 4209 583 4278 ἁγίῳ
605 4206 905 4278 Πνεῦματι,
933 4210 1013 4273 εἰς
1035 4209 1162 4272 τοῦς
1190 4209 1415 4272 αἰῶνας.
1441 4209 1638 4280 Ἀμήν.

1863 3201 2140 3265 sanctum
2166 3207 2350 3261 lumen
2389 3205 2454 3260 de
2473 3212 2682 3262 aeterno
2712 3202 2942 3268 lumine,
2974 3215 3038 3254 ex
3072 3197 3236 3253 Patre
3265 3204 3456 3251 natum

1881 3309 2007 3356 ante
2030 3299 2254 3364 saecula,
2278 3297 2605 3366 factumque
2625 3297 2730 3350 sub
2758 3301 3008 3364 tempore
3026 3305 3153 3346 vere
3176 3289 3457 3345 hominem

1878 3410 1944 3448 ex
1972 3399 2162 3448 sancta
2188 3388 2432 3460 Virgine.
2463 3385 2583 3442 Non
2616 3386 2810 3440 amisit
2837 3381 2983 3455 quod
3015 3389 3159 3437 erat.
3184 3379 3321 3434 Nam
3343 3378 3458 3433 dei-

1882 3493 1966 3538 tas
2002 3481 2364 3537 mulationem
2394 3495 2502 3534 non
2539 3478 2774 3548 recipit:
2809 3483 3122 3530 coaeternus
3156 3470 3361 3533 Patris,
3394 3483 3460 3522 ac

1880 3572 2066 3630 eadem
2097 3572 2357 3630 sublimis
2397 3571 2525 3626 sede
2563 3587 2687 3624 cum
2717 3574 2913 3624 sancto
2946 3565 3156 3637 Spiritu
3187 3581 3202 3618 :
3238 3563 3335 3618 sed
3367 3577 3460 3616 as-

1881 3664 2116 3735 sumpsit
2152 3664 2298 3732 quod
2337 3679 2445 3717 non
2479 3672 2621 3716 erat.
2666 3657 2769 3727 Qui
2804 3659 2928 3730 capi
2963 3673 3073 3712 non
3101 3663 3346 3728 poterat.
3379 3653 3462 3707 lc.-

1881 3756 1956 3809 cit
1996 3762 2056 3808 ut
2115 3762 2429 3823 caperetur.
2479 3750 2839 3806 Descendens
2891 3749 2957 3800 de
3002 3746 3179 3809 coelo,
3235 3758 3461 3797 carnem

1881 3845 2118 3912 sumpsit
2146 3859 2213 3896 ex
2249 3850 2439 3896 sancta
2479 3837 2729 3908 Virgine,
2762 3853 2827 3891 ac
2863 3837 2916 3889 in
2951 3849 3112 3890 sacra
3156 3849 3327 3904 specu
3364 3849 3462 3886 na-

1883 3943 1972 3988 tus
1999 3941 2106 3986 est.
2141 3930 2462 4001 Baptizatus
2492 3929 2660 3984 estin
2701 3927 2965 3993 Jordane,
3010 3925 3338 3985 cruciﬁxus.
3370 3938 3462 3978 se-

1887 4022 2092 4092 pultus.
2112 4021 2248 4076 Cum
2267 4020 2686 4082 resurrexisset,
2711 4027 3032 4088 assumptus
3053 4024 3138 4072 est
3162 4019 3217 4070 in
3238 4015 3462 4076 caelum,

1885 4116 2136 4186 seditque
2166 4115 2233 4170 ad
2262 4115 2546 4170 dexteram
2572 4113 2754 4168 Patris
2781 4131 2796 4168 :
2820 4118 3090 4168 venturus
3111 4108 3466 4176 estjudicare

1885 4208 2149 4262 mundum
2202 4207 2258 4261 in
2307 4206 2545 4278 iustitia.
2601 4204 2711 4276 lpsi
2762 4203 2942 4275 gloria
2977 4217 3107 4259 cum
3159 4201 3326 4258 Patre
3391 4211 3459 4252 ac

1883 4308 2074 4356 sancto
2105 4299 2310 4372 Spiritu
2348 4298 2403 4355 in
2435 4299 2657 4356 smcula.
2682 4297 2880 4354 Amen.

1480 4477 1714 4534 VARIIE
1743 4475 2156 4533 LECTIONES.

316 4589 340 4614 ε’
367 4574 454 4629 ῑσ.
476 4573 960 4646 άνθρωπολάτρην,

553 5782 820 5844 Ρσιτιιοι.
854 5779 971 5839 Gn.
1013 5777 1215 5853 XCVI.

1045 4573 1061 4612 ί
1089 4575 1248 4626 λείπ.
1282 4571 1694 4644 προσκυνοῦμεν
1715 4613 1729 4638 ,
1763 4569 1916 4639 ἤτοι,
1955 4566 2177 4639 ὁμολογ.

3077 5769 3158 5835 «l6
