3874 6350
439 368 3795 423 -————

493 394 3340 407 “AW

2027 552 2117 608 DE

1237 748 1521 878 JOA
1548 748 1907 876 NNIS
1994 749 2905 880 EUB(EENSIS

810 1044 1439 1141 ORATIONE
1532 1048 1657 1137 IN

1769 1043 2715 1139 CONCEPTIONEM
2822 1042 3396 1137 DEIPARE

1625 1286 2567 1404 Μοιπιτσιπέ

1285 1503 1409 1563 (Ant
1429 1503 1730 1562 .BALLt-anxt,
1756 1499 1960 1565 Syllage
1985 1504 2423 1561 monumentorum,
2457 1507 2582 1561 etc.,
2607 1505 2643 1550 t.
2670 1500 2708 1551 1.
2726 1514 2775 1563 p.
2801 1498 2910 1562 56.)

444 1675 471 1738 ᾗ
497 1673 623 1723 t-IV.
647 1702 706 1738 -έ
731 1672 807 1738 De
829 1672 1081 1738 codicibus
1118 1672 1244 1738 hanc
1286 1673 1563 1738 orationem
1606 1670 2140 1738 conti_nentibus._-_—__§
2164 1671 2221 1738 Υ.
2250 1671 2324 1720 De
2355 1672 2570 1738 auctoris
2605 1676 2754 1738 aetate
2786 1677 2841 1720 et
2890 1671 3407 1738 praest~tntia._Allatii
3444 1677 3772 1735 conjectura

442 1731 469 1749 "
508 1733 815 1797 expendiiur
837 1737 900 1784 de
928 1731 1216 1785 Damasceui
1239 1735 1439 1797 nomine
1460 1732 1878 1797 auctorjftributo.
1915 1762 1977 1797 τ
2000 1734 2025 1797 §
2052 1731 2136 1781 γιῖ
2174 1734 2245 1782 De
2270 1734 2853 1797 v’eteruni_ltomiliarum
2891 1731 2944 1782 in
2978 1733 3372 1796 Conceptionem
3401 1738 3507 1788 Dei

456 1838 459 1839 ,
504 1814 639 1845 (1018.
670 1824 728 1833 ·-’

504 1798 639 1845 dole.
670 1798 904 1859 —-§Vl[.
933 1798 1006 1846 De
1047 1798 1250 1846 historia
1297 1798 1579 1845 Nativitatis
1625 1798 1677 1843 B.
1727 1798 1783 1842 V.
1824 1798 1993 1845 Jacobc

507 1860 767 1921 depereat,
787 1860 919 1921 quod
941 1858 1064 1906 hanc
1095 1859 1348 1907 historiam
1374 1870 1468 1905 ceu
1490 1868 1653 1905 veram
1687 1857 1993 1906 admiserint.

2040 2046 2111 2057 .-

3516 1747 3771 1801 pareto.

749 1797 904 1859 §Vl[.
933 1797 1006 1846 De
1047 1797 1250 1846 historia
1297 1795 1579 1845 Nativitatis
1625 1795 1677 1843 B.
1727 1794 2021 1859 Yatacobo'
2044 1796 2270 1856 ascripta.
2319 1794 2426 1857 --§
2474 1794 2602 1845 γιιι.
2627 1797 2705 1845 An
2742 1798 2994 1859 quidpiam
3035 1794 3320 1847 auctoritati
3368 1794 3600 1850 Patr-13m
3657 1805 3770 1853 inde

522 2192 561 2248 Ι.
595 2194 826 2251 Joannis
860 2194 1186 2250 Enbceeusis
1233 2197 1543 2251 orationem
1574 2198 1629 2249 in
1682 2195 2035 2265 Conceptioue
2066 2202 2108 2257 Α
2140 2197 2608 2268 conscripserant.
2667 2196 2773 2253 Sed
2831 2200 3045 2255 ardenti
3099 2200 3411 2268 prmsertitn
3461 2201 3771 2257 desiderio

441 2286 699 2353 'Deipam'
762 2288 914 2357 prelo
942 2285 1053 2357 jzuu
1100 2297 1396 2357 paraverat
1451 2288 1560 2342 Leo
1620 2287 1879 2353 Allatius,
1926 2306 2034 2343 una

444 2378 579 2433 eum
638 2380 923 2435 nonnullis
965 2380 1091 2436 aliis
1152 2382 1440 2450 opusculis
1492 2381 1685 2436 Cra-ce
1718 2398 1782 2436 ac
1846 2383 2039 2436 Latine

452 2471 706 2537 edendis,
755 2488 994 2545 quorum
1050 2473 1338 2528 elenchum
1386 2474 1528 2545 apal
1586 2474 1903 2530 Michaelem
1968 2475 2041 2531 Le

455 2563 636 2629 Quien
671 2564 861 2619 videre
910 2564 1035 2619 licet
1073 2566 1172 2637 (l).
1208 2564 1435 2631 Verum,
1464 2567 1611 2638 quod
1644 2569 1712 2622 ab
1735 2569 1926 2624 eodem
1959 2570 2041 2624 di-

459 2656 668 2710 scimus
694 2656 766 2709 Le
815 2656 1013 2724 Quien,
1040 2658 1259 2715 labores
1288 2659 1375 2713 isti
1401 2659 1661 2714 Allatiani
1690 2661 2041 2731 iniquissimo

458 2748 575 2803 fato
606 2750 1027 2807 interciderunt.
1088 2751 1289 2807 Narrat
1352 2753 1443 2806 hic
1492 2753 1707 2808 scilicet
1763 2755 1841 2823 (2)
1892 2755 2042 2808 Alla-

459 2844 597 2896 tium
655 2846 1049 2913 opusculorum
1108 2860 1303 2899 eorum
1356 2847 1607 2917 syllogen
1666 2846 1910 2901 Auberto
1959 2847 2042 2901 illi

461 2934 769 2988 liberaliter
837 2934 1238 3000 transmisisse,
1290 2936 1382 3006 qui
1412 2937 1799 2991 demandatam
1842 2952 1870 2990 a
1910 2938 2043 2992 eleri

459 3010 733 3080 Gallicani
795 3026 1037 3083 comitiis
1070 3043 1218 3083 anno
1249 3027 1387 3083 1656
1420 3028 1763 3098 provinciam
1794 3028 2043 3084 edendo-

460 3133 581 3171 rum
641 3122 878 3189 Operutn
928 3119 988 3174 S.
1022 3119 1109 3175 Jo.
1143 3120 1469 3176 Damasceni
1505 3121 1557 3175 in
1599 3137 1659 3177 se
1698 3137 2041 3193 susceperat,

459 3220 520 3265 ut
581 3211 759 3267 instar
809 3213 1145 3285 Appendicis
1200 3213 1269 3269 ad
1323 3213 1380 3269 S.
1417 3214 1671 3269 Doctoris
1702 3215 1912 3285 scripta
1948 3232 2045 3285 pu-

459 3302 604 3356 blica
666 3305 789 3361 lucc
847 3306 1207 3362 donarentur.
1266 3306 1337 3361 At
1380 3321 1513 3361 vero
1554 3306 1685 3361 dum
1740 3307 2044 3374 Aubertus,

461 3393 591 3449 aliis
630 3394 783 3452 curis
819 3397 1115 3462 distentus,
1162 3413 1339 3467 neque
1376 3395 1710 3454 Franscisro
1774 3400 2045 3454 (Zombeli-

460 3487 569 3551 sio,
598 3486 718 3557 qui,
750 3488 873 3558 ipso
914 3496 1217 3555 annuente,
1270 3488 1399 3545 huic
1450 3501 1654 3562 spartae
1713 3490 2045 3546 adornandze

465 3593 693 3632 manum
770 3582 1115 3648 admoverat,
1203 3583 1537 3640 transmissa
1596 3584 1700 3638 sibi
1726 3585 1794 3639 ab
1844 3584 2049 3639 Allatio

450 3664 728 3739 opuscula
762 3677 1181 3730 communicare
1213 3676 1267 3729 in
1293 3676 1537 3730 animum
1568 3675 1807 3740 inducit,
1850 3694 1917 3732 eo
1956 3694 2046 3733 res

463 3763 705 3827 devenit,
742 3776 801 3819 ut
833 3765 926 3820 illo
955 3782 1280 3839 supremmn
1332 3769 1554 3824 interim
1612 3767 1757 3823 diem
1783 3770 2045 3833 abeunte,

444 3848 589 3909 rum
622 3858 849 3929 reliquis
877 3859 998 3929 ejus
1026 3861 1239 3915 chartis
1264 3860 1540 3917 Allatiana
1589 3878 1811 3933 quoque
1839 3863 2047 3935 scripta

466 3946 804 4003 interierint.

536 4039 599 4096 ll.
635 4042 768 4097 Bina
802 4051 981 4100 tamen
1009 4060 1189 4116 eaque
1215 4054 1300 4101 sat
1336 4045 1549 4116 prolixa
1580 4047 1825 4103 homilize
1886 4047 2052 4103 Joan-

465 4133 553 4187 nis
618 4133 948 4192 Eubaaensis
993 4145 1321 4208 supererant
1373 4138 1537 4196 nobis
1573 4137 2053 4210 fragtnenta,quae

465 4228 607 4281 idem
646 4230 877 4284 Allatius
909 4230 1315 4302 prolegomenis
1345 4230 1411 4284 ad
1446 4229 1774 4285 Damasceni
1804 4228 1985 4302 Opera
2021 4249 2051 4289 a

466 4335 525 4375 se
555 4321 784 4389 paratis,
826 4332 879 4375 et
910 4336 939 4375 a
977 4314 1050 4374 Le
1078 4319 1258 4385 Quien
1281 4319 1484 4375 deinde
1545 4319 1739 4386 editis,
1798 4323 2052 4379 inserue-

467 4420 555 4464 rat
603 4411 698 4481 (5).
735 4410 794 4465 In
842 4427 967 4481 quae
995 4427 1120 4465 cum
1149 4411 1499 4474 incidissem.
1529 4413 1795 4470 dcmirari
1826 4415 2051 4487 quidem

471 4502 708 4571 primum
765 4504 903 4573 coepi
959 4503 1478 4571 luculentissitnam,
1520 4521 1687 4577 quam
1722 4508 2050 4578 praeferunt,

470 4596 538 4651 de
570 4604 762 4651 sancta
820 4596 1063 4669 Deiparae
1111 4597 1490 4669 Couceptione
1525 4601 1896 4665 sententiam;
1936 4610 2051 4655 tum

471 4704 601 4745 vero
665 4702 886 4761 stupere
929 4691 1307 4756 vehementer,
1368 4692 1462 4762 qui
1526 4692 1640 4747 ﬁeri
1697 4694 1940 4764 potuerit
1996 4704 2057 4750 ut

471 4790 579 4835 tam
636 4782 850 4854 insigne
910 4784 1312 4848 testimonium,
1362 4800 1472 4854 quo
1528 4794 1581 4839 et
1616 4800 1750 4841 sane
1789 4789 2052 4857 antiquus

2140 2288 2401 2345 incensus
2447 2305 2608 2357 sum,
2660 2290 2973 2361 integram,
3028 2291 3073 2345 si
3137 2307 3247 2360 quo
3302 2294 3478 2347 modo
3540 2294 3671 2350 ﬁeri
3712 2298 3767 2350 id

2139 2391 2350 2453 posset,
2410 2384 2720 2440 orationem
2779 2384 3184 2451 nanciscendi;
3220 2385 3369 2455 quod
3416 2387 3687 2459 denique
3711 2399 3769 2445 et

2142 2482 2436 2531 assecutus
2475 2491 2619 2530 sum.
2675 2473 2810 2533 Post
2851 2475 3209 2532 Lambecinm
3259 2480 3413 2533 enim
3475 2490 3609 2533 tum
3674 2476 3763 2534 Io.

2142 2566 2399 2620 Albertus
2431 2564 2741 2631 Fabricius,
2772 2575 2888 2621 tum
2924 2566 3254 2625 Guillelmns
3281 2570 3433 2625 Cave
3461 2570 3765 2642 duplicem

2144 2672 2247 2713 ms.
2280 2655 2530 2713 Grrecum
2568 2659 2814 2714 codicem
2846 2659 3193 2727 indicabant,
3219 2661 3274 2716 in
3334 2676 3454 2731 quo
3518 2663 3763 2717 bomilia

2144 2748 2234 2801 illa
2272 2744 2573 2819 legebatur,
2608 2755 2906 2819 utrumque
2967 2761 3151 2805 autem
3210 2751 3263 2804 in
3307 2749 3761 2807 Vindobonensi

2144 2839 2391 2895 Caesarea
2446 2840 2778 2896 bibliotheca
2833 2850 3172 2897 exstantem.
3237 2840 3429 2898 Facile
3491 2859 3663 2907 vero,
3702 2853 3762 2897 nt

2144 2932 2423 3003 exemplar
2448 2932 2576 2989 inde
2602 2933 2943 3004 exscripttnu
2975 2934 3210 2991 Romam
3229 2938 3760 3000 transmitteretur,

2146 3025 2214 3080 ab
2271 3024 2471 3095 insigni
2545 3025 2891 3082 humanitate
2950 3027 3169 3084 obtinui
3240 3028 3358 3083 Em.
3415 3029 3528 3085 viri
3593 3031 3755 3087 card.

2144 3115 2406 3181 Fornari,
2441 3120 2530 3173 cui
2569 3126 2759 3190 utpote
2784 3120 3046 3191 praefecto
3080 3122 3231 3177 sacri
3264 3122 3500 3177 concilii
3536 3123 3611 3180 de
3657 3124 3757 3180 de-

2148 3210 2381 3267 ﬁnienda
2423 3210 2655 3282 Dcipara
2693 3212 2816 3268 sine
2870 3213 2997 3267 labe
3056 3222 3363 3285 concepta,
3405 3214 3517 3271 hoc
3582 3232 3755 3290 nego-

2148 3303 2282 3358 tium
2315 3304 2552 3359 maxime
2578 3318 2725 3359 cura:
2749 3316 2865 3361 erat
2892 3305 2990 3376 (Δ).

2218 3392 2306 3450 lll.
2342 3393 2543 3449 Verum
2570 3395 2620 3450 si
2654 3395 2955 3452 laetandum
2981 3397 3116 3452 mihi
3163 3397 3272 3455 fuit
3323 3403 3478 3471 quod
3513 3402 3750 3460 Borean:

2148 3487 2388 3557 denique
2430 3487 2776 3557 pervenisset
2801 3490 3093 3559 exemplar
3117 3506 3148 3546 e
3196 3489 3336 3549 (les.
3367 3495 3575 3551 codice
3606 3499 3751 3552 inter

2079 3545 2119 3599 Β
2149 3545 2342 3637 Theol.
2373 3545 2445 3635 ηδ
2503 3580 2609 3635 ευ
2664 3545 3030 3652 οιςοτῑριιιιὶι,
3080 3545 3747 3657 αᾶάἰίίένιίιῖεξιζιῖεἷζιί

2151 3674 2457 3746 marginem
2497 3672 2829 3729 lectionibus
2868 3674 3225 3731 variantibus
3262 3692 3332 3731 ex
3368 3676 3575 3732 codice
3601 3680 3748 3734 inter

2152 3765 2292 3821 Hist.
2319 3767 2518 3821 cccles.
2550 3782 2605 3821 η.
2639 3766 2770 3831 ili;
2800 3773 2854 3821 et
2889 3766 3193 3821 dolendum
3236 3766 3342 3822 fuit
3369 3771 3743 3835 tantumdem,

2152 3873 2278 3914 cum
2335 3859 2675 3931 experientia
2738 3869 3090 3930 compertum
3120 3870 3228 3923 est,
3286 3861 3536 3927 codices,
3607 3867 3745 3919 unde

2153 3953 2527 4026 apographum
2588 3952 2719 4007 illud
2778 3952 3076 4007 deductum
3133 3951 3338 4021 fuerat,
3398 3964 3557 4010 tanta
3592 3973 3742 4012 meno

2153 4043 2349 4099 dorum
2425 4044 2581 4112 copia
2656 4040 2964 4108 exundare,
3023 4050 3083 4097 ut
3147 4044 3346 4097 merito
3398 4043 3588 4114 Angize
3627 4054 3742 4099 sta-

2153 4135 2670 4215 buloocomparare
2725 4150 2819 4190 eos
2869 4135 3075 4205 possis.
3119 4134 3261 4191 Hinc
3315 4150 3444 4191 cum
3478 4138 3741 4192 adhibitis

2154 4230 2319 4285 etiam
2350 4230 2586 4284 aliorum
2617 4228 2790 4291 curis,
2821 4229 2917 4298 qui
2949 4244 3094 4299 saepe
3125 4229 3332 4299 saepius
3377 4231 3741 4301 coniectando

2155 4326 2341 4396 potius
2397 4340 2564 4396 quam
2645 4323 3067 4395 interpretando
3113 4332 3399 4395 utcunque
3455 4331 3535 4379 tot
3594 4326 3737 4380 labes

2156 4426 2370 4490 tergere
2406 4416 2767 4481 studuerunt,
2809 4416 2992 4471 oratio
3050 4416 3240 4471 multis
3292 4416 3473 4472 adhuc
3532 4418 3739 4473 lacunis

2156 4510 2417 4573 hisceret,
2451 4509 2540 4563 ubi
2571 4524 2769 4580 nempe
2819 4509 2958 4564 adeo
3011 4521 3310 4578 corruptus
3350 4522 3478 4565 erat
3532 4519 3733 4575 textus,

2159 4612 2218 4658 ut
2250 4602 2587 4672 probabilem
2619 4601 2857 4672 aliquem
2898 4617 3129 4657 sensum
3161 4616 3229 4655 ne
3264 4600 3570 4657 divinando
3616 4607 3734 4675 qui-

2159 4696 2282 4750 dem
2320 4694 2541 4763 assequi
2569 4694 2801 4756 liceret,
2832 4693 2947 4764 jam
3000 4693 3325 4756 consilium,
3358 4693 3510 4763 quod
3540 4696 3599 4750 in
3647 4713 3737 4751 au-

2162 4794 2441 4840 tecessum
2474 4784 2738 4851 foveram,
2774 4784 3047 4856 integrann
3074 4785 3374 4855 evulgandi
3406 4787 3731 4853 orationem,

472 4875 718 4945 Deiparae
760 4886 1041 4945 concepta:
1084 4878 1271 4932 cultus
1334 4877 1758 4942 ostendebatur,
1805 4888 1861 4934 et
1907 4880 2056 4947 ejus-
2083 4885 2127 4944 ο
2163 4892 2390 4947 prorsus
2438 4876 2812 4945 abjicieudnm
2842 4874 3126 4941 videbam,
3182 4884 3279 4931 ant
3307 4885 3461 4933 certe
3486 4878 3729 4949 quadarn

471 4971 593 5022 dem
628 4969 814 5024 cultus
853 4969 995 5023 ratio
1025 4980 1134 5024 tam
1167 4970 1459 5040 splendide
1501 4972 1842 5035 tradebatur,
1896 4974 2051 5028 taciti

474 5060 869 5129 ιιιτυιθτὶἱεεθηι
927 5062 1175 5132 plerique
1229 5077 1423 5117 omnes
1475 5064 1566 5133 qui
1631 5064 1698 5117 de
1729 5064 1833 5118 hoc
1882 5079 2050 5133 argu—

477 5162 661 5207 mento
690 5163 812 5223 post
843 5153 989 5210 edita
1012 5155 1123 5224 jam
1151 5170 1177 5208 a
1212 5153 1286 5209 Lc
1317 5152 1495 5220 Quieti
1530 5154 1854 5210 Datnasceni
1880 5156 2056 5226 Opera

2155 4966 2535 5023 tantummodo
2564 4967 2648 5021 eJi
2679 4981 2840 5037 posse
2870 4965 3183 5038 fragmenta
3211 4968 3631 5025 existimabam.

2234 5060 2321 5116 IV.
2351 5062 2418 5114 At
2449 5061 2670 5116 demum
2712 5069 2998 5129 exnptatas
3042 5062 3331 5131 suppetias
3384 5065 3513 5119 tulit
3542 5064 3728 5119 Roma-

2164 5170 2269 5209 nus
2296 5153 2494 5219 codex,
2525 5153 2619 5224 qui
2655 5153 2708 5207 in
2736 5152 2939 5225 insigni
2974 5152 3375 5209 Barbcriniana
3401 5154 3723 5213 bibliotheca

2011 5316 2148 5374 NO'I'
2152 5316 2242 5373 1E.

550 5410 670 5481 (Ι)
727 5410 862 5481 Op_p.
921 5408 979 5481 S_.
1045 5407 1629 5481 ᾄοειιὶ.--ιξειῃιειεερῃῖἨ
1666 5417 1797 5464 tom.
1834 5411 1874 5475 l,
1931 5426 2061 5481 pag.

483 5477 742 5538 xxvu.—-
777 5477 1106 5549 Patrologiw
1139 5487 1179 5533 t.
1214 5477 1394 5545 XCIV,
1436 5494 1489 5549 p.
1529 5479 1653 5534 155.

554 5553 627 5619 (2
662 5549 846 5620 )1ι›ῑι1.
884 5564 1008 5620 pag.
1045 5566 1211 5608 ill-IV.

560 5618 675 5690 (5)
715 5620 743 5691 §
798 5618 907 5691 68,:
942 5621 1078 5689 Opp.
1134 5620 1192 5676 S.
1251 5618 1411 5674 Joan.
1478 5619 1730 5676 Damasc.
1762 5637 1859 5691 per
1887 5621 1957 5676 M.
1995 5620 2069 5677 Le

485 5689 684 5759 Quieti,
725 5689 858 5745 tom.
895 5689 934 5755 I,
969 5706 1090 5759 pag.
1123 5707 1219 5755 ιιι,
1261 5706 1380 5746 LIII.

591 5760 690 5832 t4)
732 5759 882 5817 Novo
911 5776 995 5814 me
1026 5761 1129 5815 sibi
1165 5761 1440 5816 beneficio
1469 5761 1771 5818 obstrinxit
1801 5762 1883 5816 vir
1928 5763 2068 5818 emi-

2164 5409 2550 5483 nentissimus,
2598 5423 2725 5464 cum
2759 5409 2898 5465 duas
2928 5411 3069 5465 alias
3096 5410 3397 5483 homilias,
3426 5426 3566 5483 quas
3601 5429 3729 5469 non-

2164 5482 2295 5533 dum
2352 5479 2530 5549 editas
2595 5494 2998 5549 compererant,
3058 5481 3293 5536 alteram
3374 5479 3460 5536 SC
3504 5482 3727 5541 Tarasii.

2165 5549 2411 5626 Joannis
2451 5548 2967 5626 Thessalonicensis
3016 5551 3242 5626 alteram
3274 5567 3494 5626 ,Aquam
3557 5566 3730 5626 utpote

2169 5620 2701 5695 mere‘historicam‘
2742 5621 2831 5695 hie
2859 5622 3020 5678 cdere
3053 5622 3193 5695 nihil
3216 5620 3438 5687 attinet,
3469 5639 3533 5678 ex
3567 5620 3729 5695 Regia:

2171 5691 2503 5747 Parisiensis
2568 5689 2917 5748 bibliotheca:
2983 5692 3272 5748 codicibus
3357 5689 3725 5755 exscribendas

2171 5771 2523 5830 peramanter
2549 5761 2770 5815 curavit
