3874 6350
96 303 123 367 2
152 305 285 367 ί53

1108 306 1446 371 JOANNES
1478 306 1961 370 EUBGEENSIS.
1993 336 2061 343 —
2088 304 2475 372 MONITUM.

3278 303 3419 376 1454

93 416 526 472 delitescebat.
595 414 745 473 Etre
794 433 929 473 sane
980 432 1107 474 vcra
1168 424 1483 490 quempiam
1548 421 1717 473 alium
1750 422 2053 487 Avetusti,
2110 420 2381 491 ejusmodi
2433 420 2850 492 inscriptionem
2907 434 3015 493 pro:
3072 439 3133 481 se
3186 423 3417 495 ferunt;

90 517 367 560 exstare
411 505 679 571 codicem,
740 508 883 563 unde
944 507 1175 563 Joannis
1240 509 1383 561 hanc
1438 508 1721 562 hontiliam

93 598 532 667 exseripsisset
556 599 815 665 Allatius,
846 600 958 655 duo
986 608 1141 654 erant
1186 615 1308 670 quae
1336 601 1497 669 plane
1521 598 1724 655 suade-

100 690 303 743 bant.
338 689 588 743 Primum
626 694 776 761 quod
816 691 1057 747 Allatius
1084 692 1151 746 de
1189 692 1291 746 hac
1313 692 1567 747 oratione
1602 707 1723 745 scr-

101 796 367 834 mortem
414 782 717 839 instituens
774 782 876 855 (5),
912 784 1048 839 nihil
1106 798 1340 854 prorsus
1398 784 1727 837 tuendorum

101 877 363 941 cupiam
423 873 855 941 lamentaretur;
891 876 1125 931 alterum
1167 875 1313 946 quod
1350 875 1541 931 titulus
1604 890 1734 928 ora-

104 965 284 1018 tioni
343 966 397 1018 in
450 968 753 1037 exemplari
801 968 1081 1023 Allatiano
1134 967 1412 1037 praefixas,
1449 967 1614 1035 plane
1648 966 1733 1020 di—

103 1068 347 1123 versus
396 1059 466 1113 ab
514 1073 581 1115 co
627 1069 779 1116 esset
827 1077 993 1132 quem
1059 1059 1286 1132 praefert
1370 1059 1546 1115 codex
1615 1060 1734 1114 (Tas-

108 1165 186 1202 εει
200 1165 372 1205 1⁵0115.

202 1259 398 1329 llujus
428 1261 609 1333 itaque
642 1258 873 1329 codicis,
912 1274 1023 1334 quo
1051 1263 1183 1320 olim
1222 1273 1278 1320 et
1310 1265 1552 1320 Allatius
1587 1281 1721 1320 usus

108 1362 246 1417 est,
278 1370 556 1423 quemque
579 1355 931 1412 exscribendi
958 1371 1021 1412 ac
1051 1358 1306 1430 vulgandi
1328 1358 1732 1428 amplissimam

114 1445 280 1499 mihi
346 1446 562 1501 veniam
624 1463 841 1502 summa
916 1450 1369 1506 excellentissimi
1463 1449 1736 1520 principis

114 1538 440 1594 Barberini
480 1540 610 1595 fecit
641 1541 979 1608 humanitas,
1014 1545 1290 1615 integrum
1323 1551 1535 1600 textum
1561 1544 1733 1599 dabo.

115 1627 260 1685 Non
304 1640 458 1686 caret
492 1631 711 1703 quidem
768 1641 822 1688 et
858 1634 948 1689 hic
1000 1636 1173 1691 codex
1214 1636 1333 1691 suis
1371 1634 1601 1691 'meudis
1638 1642 1737 1691 :at

117 1723 360 1778 leviora
394 1723 483 1777 illa
515 1732 666 1789 sunt,
705 1740 883 1795 neque
911 1727 1186 1797 ejusmodi
1223 1728 1513 1782 obducunt
1568 1735 1725 1782 tenc-
1765 1756 1811 1813 Β

120 1813 310 1877 bras,
343 1822 403 1867 ut
430 1814 703 1871 orationis
732 1830 931 1872 sensus
965 1818 1194 1873 oumino
1251 1818 1442 1889 fugiat.
1495 1818 1729 1887 Insuper

116 1906 220 1965 his
288 1922 515 1977 quoque
571 1908 920 1979 corrigendis
984 1925 1145 1965 suum
1186 1910 1412 1981 aliquod
1489 1910 1730 1966 Czesarei

117 1994 391 2060 codices,
445 2004 569 2050 utut
621 1998 1054 2067 corruptissimi,
1105 1999 1426 2073 praesidium
1463 1999 1729 2054 conferre

117 2094 479 2155 potuerunt;
510 2087 653 2157 quod
692 2088 868 2142 sicubi
901 2089 1013 2155 fiat,
1046 2090 1113 2145 ad
1134 2092 1343 2145 calcem
1373 2092 1734 2146 subnotatum

122 2177 326 2232 lector
356 2179 622 2235 inveniet.
667 2177 708 2233 E
746 2179 1021 2238 Cmsarcis
1060 2191 1244 2238 autem
1292 2183 1581 2241 codicibus
1627 2200 1735 2238 non

122 2270 456 2324 rccenscbo
492 2270 740 2340 quidem,
776 2281 1037 2343 tanquam
1089 2274 1272 2329 varias
1329 2275 1619 2336 lectiones.
1648 2291 1742 2331 co-

126 2376 262 2417 rum
345 2362 542 2417 menda
603 2378 774 2434 prope
841 2365 1165 2432 innumera;
1224 2367 1499 2422 adnotabo
1559 2378 1742 2422 tamen

128 2450 190 2503 ιο
233 2453 466 2521 quando
518 2455 584 2507 ad
632 2455 827 2510 menda
874 2454 1255 2513 Barbariniani
1290 2457 1499 2514 codicis
1530 2460 1744 2515 abstcr-
1780 2478 1785 2483 ·

132 2546 327 2615 genda
360 2544 569 2614 aliquid
601 2548 973 2616 contulerint;
1001 2549 1059 2603 2°
1082 2550 1127 2606 si
1147 2551 1370 2619 quando
1386 2553 1518 2607 citra
1550 2552 1747 2608 menda

132 2636 359 2689 variam
395 2636 633 2707 aliquam
662 2638 949 2696 lectionem
980 2650 1071 2696 aut
1093 2644 1422 2698 sententiam
1450 2659 1558 2715 prae
1580 2661 1638 2700 se
1671 2645 1750 2701 fe-

136 2735 275 2780 rant
306 2725 413 2797 (Β).

211 2838 284 2896 ν.
326 2840 404 2896 De
444 2840 713 2897 orationis
773 2849 998 2898 auctore
1026 2840 1237 2899 Joanne
1265 2841 1558 2900 Eubtnensi
1617 2859 1753 2914 pan-

137 2948 204 2986 ca
241 2935 484 2989 omnino
515 2942 667 3001 sunt,
694 2951 815 3007 qua:
863 2938 969 2993 dici
1010 2941 1242 3010 possint.
1276 2939 1349 2995 De
1380 2940 1505 3011 ipso
1533 2940 1760 2996 Gnillel.

139 3041 272 3081 mus
298 3026 449 3080 Cave
476 3026 710 3098 (Ilistor.
748 3028 1004 3093 litterar.,
1030 3030 1097 3085 ad
1130 3048 1259 3088 ann.
1294 3032 1418 3103 7H)
1451 3051 1464 3087 :
1520 3032 1754 3089 Joannes

141 3117 446 3172 monac/tus
507 3127 559 3172 et
614 3121 907 3191 presbyter,
959 3134 1163 3191 postea,
1218 3134 1275 3177 ut
1341 3126 1569 3191 videtur,
1624 3124 1742 3179 Eu.

142 3211 276 3263 baca:
315 3210 620 3279 episcopus,
656 3212 857 3266 claruit
888 3214 1031 3267 circa
1063 3232 1260 3270 annum
1291 3216 1414 3272 7H.
1446 3217 1546 3272 Cui
1603 3232 1742 3273 con—

144 3302 495 3356 sentientem
533 3318 630 3358 seu
668 3304 855 3373 potius
910 3318 1245 3377 praeeuntem
1293 3308 1560 3363 habemus
1611 3310 1747 3363 Leo-

146 3408 277 3447 nem
312 3393 607 3459 Allatinm,
657 3396 749 3465 qui
785 3396 839 3450 in
867 3397 1107 3453 laudatis
1164 3400 1422 3470 superius
1492 3402 1745 3471 prolego—

144 3483 336 3537 meuis
407 3482 654 3556 (gilii),
713 3484 918 3540 fatetur
964 3501 1089 3541 eum
1146 3505 1285 3543 nunc
1345 3490 1742 3560 presbyterum,

145 3585 288 3627 nunc
326 3571 544 3628 Euboea:
571 3576 891 3644 episcopum,
927 3578 1258 3633 orationibus
1294 3582 1358 3632 ab
1389 3595 1448 3633 eo
1485 3581 1747 3650 composi-

148 3666 217 3719 tis
251 3668 491 3738 prarligi.
529 3667 727 3727 Subdit
755 3687 885 3729 vero
919 3687 934 3727 :
970 3672 1202 3739 Quanta:
1250 3675 1360 3743 ipse
1416 3674 1467 3728 in
1498 3673 1746 3728 Ecclesia

144 3757 311 3823 fuerit
347 3761 689 3815 auctoritatis
720 3764 794 3818 vel
826 3764 964 3818 illud
991 3766 1209 3827 evincet,
1259 3766 1528 3820 orationes
1578 3767 1729 3820 illius

144 3848 201 3900 in
229 3849 591 3904 a'stimatione
622 3852 793 3920 fuisse
815 3854 946 3907 adeo
1004 3862 1059 3907 ut
1116 3871 1148 3906 a
1184 3855 1364 3907 multis
1397 3855 1491 3906 sub
1547 3853 1744 3905 Damae

146 3943 289 3994 sceni
330 3943 546 3995 nomine
583 3944 948 4014 vulgarentur.

218 4031 432 4087 Verum
485 4037 737 4103 quamvis
786 4035 922 4087 nihil
983 4032 1214 4088 Joannis
1271 4032 1589 4087 auctoritati
1632 4032 1730 4086 de-

148 4131 400 4180 tractum
427 4124 611 4190 velim,
657 4139 767 4178 non
799 4123 1257 4179 dissimulandum
1300 4135 1483 4180 tamen
1546 4138 1749 4180 censeo

149 4218 285 4288 quid
350 4218 419 4272 de
458 4216 567 4271 isto
615 4217 801 4272 Allatii
845 4216 1063 4287 judicio
1104 4218 1429 4273 existimare
1472 4210 1748 4288 quispiam

150 4318 351 4380 posset
400 4317 526 4379 post
564 4324 633 4385 ea
684 4326 806 4380 qum
858 4311 925 4365 de
968 4308 1159 4364 eodem
1197 4306 1411 4364 Joanne
1452 4306 1747 4364 Eubmeusi

152 4402 357 4456 scribit
388 4399 619 4455 Michael
650 4399 724 4455 Le
757 4399 931 4466 Quien
959 4399 1179 4468 (Oriens
1234 4399 1435 4455 Christ.
1459 4440 1474 4465 ,
1514 4410 1646 4456 tom.
1682 4400 1745 4466 ll,

151 4494 261 4547 col.
311 4492 469 4561 2M).
518 4491 584 4547 In
613 4492 880 4549 codicibus
934 4493 1159 4558 Gracia,
1205 4493 1294 4548 hic
1334 4493 1540 4564 inquit,
1590 4510 1751 4548 manu

151 4586 399 4639 exaratis
432 4585 593 4639 etiam
631 4587 873 4649 vetustis,
906 4585 1026 4640 hinc
1061 4584 1180 4639 inde
1215 4586 1420 4653 aliquot
1463 4596 1753 4641 occurrunt

155 4678 434 4730 orationes
466 4676 529 4731 de
573 4676 895 4733 Christiana:
950 4677 1220 4747 religionis
1265 4679 1553 4747 mysteriis,
1613 4687 1662 4733 et
1699 4679 1752 4732 in

155 4769 527 4823 solenmitates
562 4780 867 4824 sanctorum
895 4766 1159 4834 ,Joannis
1194 4767 1518 4825 Damasceni
1547 4777 1602 4824 et
1636 4769 1754 4840 epi-

159 4861 313 4928 scopi
353 4858 531 4917 Evoaae
554 4862 660 4915 sive
686 4862 907 4917 Euwa
936 4862 1146 4915 nomine
1173 4861 1469 4929 inscriptio.
1501 4862 1753 4916 Ἰωάννου

157 4950 252 5003 τοῦ
285 4953 649 5023 Δαμασκηνοῦ
676 4953 769 5007 καὶ
799 4953 1099 5008 ἐπισκόπου
1138 4951 1391 5016 Εὐϐοίας.

234 5042 361 5099 llase
393 5043 467 5100 Le
508 5046 705 5113 Quien,
740 5048 807 5102 de
853 5047 1014 5116 cujus
1042 5046 1147 5101 fide
1178 5054 1369 5117 utpote
1408 5047 1513 5101 viri
1544 5047 1598 5102 in
1632 5062 1757 5103 ver-

164 5136 353 5192 sandis
386 5139 620 5194 vetustis
646 5153 785 5194 mss.
812 5138 1046 5204 assidui,
1068 5138 1212 5193 haud
1253 5138 1413 5193 locus
1445 5137 1612 5195 debet
1630 5155 1754 5196 esse

165 5222 470 5286 dubitandi.
498 5229 672 5289 Porro
702 5233 746 5287 si
781 5233 968 5303 plures
991 5231 1173 5303 reipsa
1199 5230 1442 5297 codices,
1471 5231 1749 5303 iidemque

1830 512 2017 566 nescio
2064 527 2132 566 an
2183 512 2457 581 quispiam
2500 512 2702 566 Allatio
2736 511 2896 567 facile
2922 515 3293 582 permissurus
3323 513 3417 575 sit.

1828 599 2058 657 Joannis
2076 601 2698 659 Eubtecnsisorationcs
2715 603 2840 657 ideo
2861 602 3198 658 Damasceno
3216 604 3420 661 Joanni

1831 695 1974 749 ascri
1983 703 2102 765 ptas
2124 694 2314 762 fuisse,
2336 695 2484 765 quod
2501 694 2864 750 celeberrimo
2884 694 3012 749 huic
3030 693 3150 749 viro
3169 695 3422 765 inspecta

1831 798 2025 838 earum
2063 783 2280 840 indoles
2321 784 2646 840 tribuendas
2676 784 2901 840 easdem
2950 784 3228 839 suaderet.
3278 783 3425 839 Sane

1834 884 1896 929 ut
1933 875 2116 929 Allatii
2154 882 2261 930 stet
2295 874 2643 944 conjectura,
2676 880 2897 945 oportet
2933 874 3046 944 jam
3085 883 3420 940 statuamus,

1838 968 2221 1039 inscriptionis
2253 984 2282 1022 a
2314 967 2389 1022 Le
2420 966 2596 1035 Quien
2631 976 2948 1023 memorata:
2988 976 3243 1022 auctores
3275 966 3426 1036 (qni-

1835 1076 2053 1132 cunque
2099 1061 2136 1116 ii
2186 1061 2405 1116 demum
2446 1059 2674 1129 fuerint)
2712 1059 2876 1130 plane
2928 1059 3033 1114 sibi
3072 1048 3425 1129 persuasisse

1836 1153 2208 1223 percelcbrem
2279 1152 2430 1207 illum
2489 1150 2818 1214 doctorem,
2882 1150 3115 1220 fideique
3181 1150 3425 1221 pugilem

1835 1240 2099 1297 Joannem
2134 1241 2531 1297 Damascennm
2572 1239 2803 1304 Eubwm,
2839 1254 2937 1295 seu
2975 1239 3275 1306 Chalcidis,
3322 1253 3420 1295 seu

1840 1334 2030 1403 Euripi
2057 1336 2205 1403 (nam
2230 1333 2408 1389 tribus
2434 1333 2589 1388 hisce
2610 1331 3080 1403 appellationibus
3107 1330 3429 1401 promiscue.

1840 1427 1987 1481 illam
2020 1425 2203 1481 sedem
2257 1426 2608 1495 indigitatam
2643 1425 2919 1496 novimus)
2965 1425 3291 1495 episcopum
3324 1434 3426 1479 ex-

1840 1518 2072 1573 stitisse.
2116 1521 2296 1587 Atque
2336 1516 2441 1571 hoc
2488 1515 2711 1587 quidem
2766 1516 3279 1587 compertissimum
3306 1522 3428 1578 est;

1838 1610 1933 1680 qui
1992 1600 2137 1664 enim
2199 1605 2285 1662 Jo.
2336 1607 2737 1663 Damascenum
2795 1607 3170 1678 appellassent
3220 1603 3433 1659 Eubmw

1839 1703 2166 1773 episcopum,
2215 1700 2261 1755 si
2308 1715 2372 1755 ea
2405 1699 2673 1770 dignitate
2729 1700 3079 1772 insignitum,
3134 1707 3300 1769 atque
3338 1698 3431 1752 illa

1842 1797 1974 1852 sede
2017 1795 2251 1865 potitum
2294 1809 2417 1850 eum
2455 1792 2632 1849 fuisse
2662 1808 2773 1848 non
2827 1791 3222 1848 censuissent?
3264 1791 3436 1861 Atqui

1832 1887 2075 1953 Graecos,
2112 1885 2423 1956 etquidem
2484 1880 2700 1955 vqeres
2755 1883 3017 1947 Grsccos,
3077 1891 3239 1951 prout
3292 1897 3431 1941 mss.

1835 1976 2091 2032 codicum
2120 1983 2255 2030 artas
2290 1976 2552 2046 postulat,
2586 1975 2913 2029 existimare
2953 1974 3227 2043 potuisse,
3264 1970 3436 2026 Joan-

1839 2083 1962 2126 nem
1988 2069 2140 2123 illum
2172 2067 2595 2130 Damascenum,
2630 2066 2727 2137 qui
2760 2075 2990 2136 propter
3033 2065 3349 2119 exatitlatos
3377 2064 3435 2119 in

1843 2160 1947 2215 fide
1982 2160 2257 2214 catholica
2306 2157 2653 2213 defendenda
2699 2165 2781 2211 tot
2835 2156 3055 2210 labores
3106 2154 3434 2211 notissimus

1842 2258 2117 2314 evaserat,
2167 2250 2420 2305 eumdem
2477 2248 2531 2301 in
2594 2246 2801 2301 Eubcca
2865 2245 3047 2300 insula
3104 2245 3432 2321 episcopum

1847 2343 2041 2408 fuisse,
2086 2343 2191 2397 hoc
2217 2341 2503 2397 enimvero
2533 2341 2589 2395 in
2624 2340 2868 2394 animum
2895 2337 3164 2393 inducere
3192 2330 3438 2393 maxime

1846 2438 2079 2490 arduum
2115 2435 2311 2488 merito
2344 2433 2592 2498 dixeris;
2628 2440 2744 2485 tum
2776 2431 2904 2501 quia
2938 2430 3082 2484 hanc
3111 2429 3181 2484 de
3223 2426 3439 2483 Joanne

1849 2527 2189 2583 Damasceuo
2230 2525 2545 2595 Opinionem
2599 2523 2863 2594 perlatam
2926 2537 3051 2577 esse
3097 2518 3439 2592 aliquando.

1851 2621 2062 2674 nullum
2097 2625 2278 2674 exstat
2315 2617 2608 2681 indicium,
2650 2630 2813 2670 nemo
2852 2617 3131 2669 memoria:
3163 2613 3437 2685 prodidit;

1852 2720 1970 2765 tum
1994 2711 2120 2781 quia
2146 2709 2509 2766 celeberrima
2551 2708 2695 2762 inter
2726 2705 2952 2762 Grtecos
2983 2705 3125 2761 fanra
3158 2715 3443 2779 gestorum

1851 2800 1939 2859 Jo.
1976 2802 2308 2858 Damasceni
2358 2801 2570 2854 nullum
2621 2799 2749 2853 huic
2784 2799 3033 2868 οιιὶιιίοιιί
3078 2798 3261 2852 locum
3303 2798 3443 2851 reli-

1854 2912 2025 2968 quum
2074 2894 2346 2959 faciebat;
2400 2901 2514 2946 tum
2550 2892 2767 2946 demum
2824 2891 2955 2961 quia
3010 2888 3259 2943 historice
3318 2901 3445 2960 quas

1858 2986 2107 3041 omnium
2141 2984 2399 3053 manibus
2433 2983 2776 3046 terebaulur,
2809 2981 3122 3051 cuiusmodi
3165 2986 3294 3036 sunt
3328 2970 3444 3037 mes

1780 3089 1829 3150 ρ
1860 3075 2085 3146 nologia
2130 3089 2197 3128 ac
2247 3087 2475 3133 mentea,
2506 3071 2686 3127 eidem
2730 3072 2983 3145 opinioni
3030 3070 3324 3126 manifeste
3361 3085 3448 3127 res

1850 3166 2193 3239 pugnabanL

1920 3288 2033 3344 Cur
2075 3302 2232 3360 ergo,
2273 3289 2447 3353 dices,
2496 3286 2819 3342 Damasceni
2862 3298 3058 3341 nomen
3093 3278 3294 3340 Joanni
3338 3280 3449 3339 En.

1847 3380 2060 3436 bceensi
2097 3380 2369 3435 adbmsit?
2410 3378 2582 3434 Valde
2626 3378 2879 3443 obvium,
2913 3378 3166 3447 inquam,
3215 3390 3453 3446 respon-

1849 3487 1971 3527 sum
2005 3479 2219 3544 prostat
2258 3490 2272 3528 :
2310 3471 2397 3526 fac
2445 3473 2550 3526 iste
2577 3485 2799 3541 quoque
2844 3468 3094 3525 Joannes
3131 3468 3309 3539 patria
3346 3468 3450 3523 Da-

1850 3576 2144 3620 mascenus
2183 3565 2498 3629 exstiterit;
2530 3578 2597 3617 en
2637 3563 2904 3619 rationem
2944 3563 3092 3617 illius
3120 3561 3450 3633 appellatio-

1850 3657 1938 3711 nis
1974 3657 2027 3711 in
2075 3664 2329 3725 promptu
2378 3655 2567 3710 habes.
2611 3652 2804 3725 Neque
2842 3670 2975 3710 vero
3031 3662 3261 3725 pttgnat,
3309 3654 3451 3708 duos

1847 3750 2133 3805 exstitisse
2191 3747 2432 3804 Joannes
2476 3762 2507 3801 e
2556 3746 2899 3804 Damascena
2953 3746 3091 3800 urbe
3139 3744 3450 3807 oriundos,

1848 3853 2085 3907 quorum
2113 3837 2254 3889 alter
2287 3834 2596 3888 monachus
2631 3836 2686 3887 in
2714 3833 3014 3888 Palaestina
3050 3835 3274 3898 vixerit,
3311 3835 3453 3889 alter

1848 3927 2147 3995 cpiscopus
2176 3926 2231 3979 in
2267 3924 2476 3979 Eubma
2530 3924 2715 3980 insula
2754 3926 3017 3980 evaserit.
3045 3923 3239 3994 Neque
3263 3926 3451 3981 itidem

1851 4032 2053 4074 novum
2087 4016 2315 4080 accidit,
2346 4015 2627 4086 episcopis
2654 4024 2853 4087 preter
2879 4030 3080 4072 nomen
3109 4016 3285 4082 sedis,
3317 4017 3454 4072 alte-

1850 4113 1970 4167 rius
2008 4123 2226 4181 quoque
2256 4110 2360 4165 loci
2400 4109 2505 4164 alia
2529 4108 2598 4164 de
2631 4122 2803 4163 causa
2836 4122 3039 4164 nomen
3068 4107 3321 4177 adiungi.
3357 4106 3451 4162 Sic

1849 4203 1992 4259 duos
2020 4202 2187 4259 babes
2204 4202 2534 4258 Anastasios
2557 4200 2939 4256 Antiochenos
2967 4201 3281 4271 episcopos,
3306 4214 3451 4271 quo-

1851 4310 1974 4351 rum
1995 4295 2218 4367 utrique
2240 4295 2467 4351 Sinnius
2500 4309 2701 4350 nomen
2726 4291 2983 4358 adluesit,
3008 4293 3140 4364 quia
3178 4293 3450 4349 monasti-

1781 4426 1824 4480 υ
1853 4400 1975 4442 cam
1999 4385 2068 4441 ad
2100 4393 2342 4441 montem
2377 4385 2533 4440 Sinai
2580 4374 2746 4440 vitam
2803 4393 3037 4456 uterque
3081 4393 3294 4455 egerat.
3348 4382 3454 4439 Sic

1851 4478 2100 4534 Andreas
2127 4471 2395 4534 Cretensis
2439 4480 2741 4549 episcopus
2770 4478 3086 4548 appellatur
3122 4478 3290 4533 etiam
3322 4476 3454 4532 Ηὲιο

1818 4570 2286 4645 ,τοιοινηιιιαηιιῃ
2314 4569 2443 4639 quia
2468 4569 2619 4624 clero
2658 4568 2830 4637 hujus
2879 4566 3148 4625 Ecclesia
3171 4568 3453 4639 ascriptus

1849 4670 1979 4716 ante
2004 4660 2400 4731 episcopatum
2431 4658 2756 4714 Cretensem
2792 4656 2998 4713 fuerat.

1921 4766 2010 4826 Vl.
2053 4771 2235 4826 Pauca
2283 4784 2431 4825 nunc
2476 4769 2544 4825 de
2583 4767 2771 4824 indole
2808 4767 3051 4823 homilite
3084 4781 3287 4824 censeo
3318 4768 3455 4824 sub-

1856 4866 2159 4937 juugenda,
2199 4871 2426 4936 propter
2459 4877 2558 4919 eos
2619 4863 2863 4918 maxime
2910 4862 3008 4933 qui
3048 4868 3297 4918 veterum
3334 4876 3454 4918 ser—

1862 4972 2053 5013 mones
2087 4958 2141 5011 in
2177 4952 2425 5025 Deiparas
2454 4954 2890 5024 Conceptionem
2932 4967 3217 5023 nunquam
3273 4951 3453 5007 adhuc

1858 5050 2112 5119 legerint.
2145 5048 2221 5103 Es
2254 5048 2323 5103 iis
2362 5047 2573 5103 etenim
2603 5046 2712 5100 erit
2759 5044 3000 5099 fortasse
3035 5044 3156 5113 qui,
3201 5057 3455 5115 praecon-

1855 5150 2013 5213 cepta
2047 5141 2251 5196 ductus
2286 5138 2571 5209 opinione,
2616 5136 2861 5194 sollicite
2904 5135 3181 5207 avideque
3239 5149 3453 5191 sermo.

1854 5249 1978 5289 nem
2013 5232 2319 5303 pervolvat,
2349 5224 2417 5285 an
2450 5228 2646 5286 Patres
2677 5225 3028 5299 privilegium
3053 5225 3189 5282 illud
3208 5224 3456 5298 Virginis

1678 5410 1907 5471 ΝΟΤᾸΞ.

172 5500 428 5626 cnﬁlodn
484 5502 791 5576 Prolegom.
845 5506 913 5562 ad
968 5505 1217 5564 Damasc.
1269 5505 1434 5578 Oper.
1467 5506 1589 5563 loco
1620 5523 1744 5578 sup.

240 5639 341 5713 (ti)
402 5643 634 5702 Codices
681 5643 998 5713 huiusmodi
1043 5647 1191 5702 notis
1219 5645 1610 5702 indicabuntur
1641 5666 1653 5702 :
1689 5646 1752 5704 ϐ.

175 5703 335 5766 Βάτὸζ
385 5714 559 5770 codex
603 5703 985 5772 Darbérinus:
1037 5716 1176 5771 (Iros.
1230 5718 1297 5770 Α.
1353 5715 1526 5772 codex
1569 5703 1750 5773 Caesa?

1860 5506 2470 5585 [eusVindgbont-nsis
2508 5506 2651 5585 inter
2692 5496 3057 5585 Theolog._n.
3288 5494 3447 5585 ρει.

1862 5578 1929 5633 Β.
1958 5579 2107 5702 ﬂt‘er
2163 5576 2608 5635 Vindobonensis
2644 5575 2876 5632 mutilus
2907 5566 3053 5629 inter
3097 5568 3243 5626 Hist.
3279 5566 3447 5634 ecol.,

1868 5665 1924 5702 n.
2069 5686 2083 5702 .

1868 5665 1924 5704 η.
1958 5665 2083 5703 114.
