3874 6350
434 319 586 408 μηδ’

1644 320 1986 410 martyris
2036 347 2503 411 EUBCEENSIS.

3654 348 3801 415 Ῑξῖιδ

435 470 719 525 tueantur.
766 473 833 514 an
869 458 1064 513 validis
1107 456 1327 514 ﬁrment
1381 459 1712 529 rationibus,
1761 476 1829 515 an
1867 460 2020 514 multi
2054 469 2097 524 Α
2128 463 2430 532 praeferens
2482 461 2749 519 Jacobum
2797 462 3126 535 quemdam,
3180 460 3276 534 qui
3330 463 3395 517 in
3452 466 3791 521 nonnullis

437 556 550 609 sint
601 553 656 607 in
708 566 773 607 eo
823 549 1154 607 celebrando
1205 560 1259 607 et
1306 552 1662 620 inculcando,
1728 553 2024 626 diligenter

439 653 808 701 scrutaturus.

511 733 814 789 Mouendus
852 733 1059 804 itaque,
1104 733 1147 789 si
1183 734 1310 805 quis
1353 733 1494 790 forte
1529 734 1601 789 ita
1639 743 1821 789 mente
1872 749 2027 789 com-

442 833 669 895 paratus
720 825 839 890 sit,
905 833 1155 896 tempora
1221 842 1250 881 a
1319 829 1667 897 temporibus
1735 828 2029 897 diligenter

437 918 702 989 distingui
766 927 1041 988 oportere.
1102 919 1238 973 Nam
1287 921 1449 974 aliam
1505 920 1803 989 cujuslibet
1859 935 2024 989 argu-

442 1009 606 1065 menti
654 1011 1033 1079 pertractandi
1065 1011 1336 1065 rationem
1379 1021 1508 1067 ante
1542 1020 1766 1066 exortas
1800 1019 2025 1065 contro-

434 1099 655 1163 ycrsias
704 1111 1024 1169 usurpatam
1082 1100 1275 1163 fuisse,
1337 1101 1499 1153 aliam
1560 1115 1689 1155 vero
1739 1109 2027 1170 postquam

443 1192 838 1244 centrurcrsize
870 1190 1269 1256 cﬂerbncrunt,
1301 1201 1412 1246 tum
1447 1192 1568 1262 ipsa
1596 1193 1675 1247 rei
1712 1201 1909 1246 natura
1937 1207 2034 1261 per

447 1298 503 1337 se
531 1283 748 1345 suadet,
780 1295 892 1337 tmn
923 1286 1215 1340 innumera
1244 1285 1496 1356 exempla
1528 1284 1883 1338 conﬁrmant.
1916 1283 2031 1338 Uti-

444 1390 551 1440 que
586 1383 705 1444 post
740 1385 915 1430 motas
946 1377 1281 1446 qumstiones
1311 1393 1412 1431 usu
1447 1377 1636 1430 venire
1669 1378 1916 1430 ridemus
1978 1383 2034 1428 ut

448 1482 503 1519 ιιι
563 1466 700 1535 ipsis
760 1482 982 1536 quoque
1032 1468 1097 1521 ad
1152 1468 1413 1537 populum
1478 1467 1831 1521 sermonibus
1886 1469 2034 1519 vires

451 1573 643 1613 omnes
668 1557 733 1611 ad
771 1559 1083 1612 doctrinam
1127 1562 1445 1631 quampiam
1484 1561 1770 1619 tuendam.
1814 1559 2037 1629 Opposi-

453 1664 673 1717 tamque
708 1651 1066 1707 refellcndam
1098 1653 1487 1719 c0nl‘crantnr;
1528 1653 1645 1707 imo
1682 1653 1926 1707 eamdem
1968 1652 2038 1706 ob

452 1760 679 1799 causam
714 1758 856 1814 szepe
887 1745 1086 1799 factum
1136 1748 1505 1815 comperimus
1572 1754 1629 1799 ut
1656 1745 1836 1799 oratio
1871 1743 2034 1798 etiam

2125 553 2414 609 codicibus
2453 557 2620 609 etiam
2676 555 2953 624 apostolus
2996 555 3202 609 dicitur
3257 563 3359 609 aut
3413 554 3636 622 frater
3678 554 3789 607 De»

2124 646 2296 711 mini;
2339 662 2659 717 quanquam
2688 648 2793 702 hoc
2819 647 2967 702 inter
2993 648 3376 701 additamenta
3414 647 3787 715 posterioris

2126 737 2306 791 aztatis
2357 738 2765 792 accensendum
2818 755 2970 804 esse,
3002 739 3145 794 bene
3179 746 3338 792 notat
3377 736 3473 792 Jo.
3520 737 3787 793 Carolus

2126 827 2283 883 Thilo
2325 826 2520 898 (Codex
2557 828 2845 899 apocryplt.
2898 826 2970 883 N.
3019 826 3104 893 T.,
3159 838 3293 881 tom.
3327 827 3375 893 l,
3427 828 3786 897 prolegonr.

2129 918 2268 989 §4).
2323 918 2780 988 Autiquissimam
2815 934 2937 973 eam
2975 918 3269 974 historiam
3316 934 3454 973 esse
3496 917 3785 972 dubitari

2130 1010 2267 1066 adeo
2298 1026 2405 1065 non
2438 1018 2639 1081 potest,
2672 1018 2729 1064 ut
2766 1010 2910 1064 idem
2958 1008 3120 1065 Thilo
3153 1011 3280 1079 (loc.
3320 1009 3454 1073 cit.)
3494 1026 3787 1081 pronun-

2131 1099 2269 1153 tiare
2300 1115 2409 1153 non
2463 1099 2699 1165 dubitet,
2743 1100 2891 1153 haud
2943 1099 3370 1170 improbandam
3418 1115 3571 1154 esse
3609 1098 3787 1153 Com-

2131 1191 2308 1246 belisii
2355 1194 2711 1257 sententiam,
2737 1193 2832 1262 qui
2882 1193 3130 1263 (Auctar.
3165 1201 3306 1245 tom.
3346 1192 3396 1254 l.
3435 1193 3573 1246 col.
3616 1192 3781 1253 13:21}

2134 1299 2251 1336 eam
2290 1284 2354 1337 ad
2394 1300 2568 1338 awum
2604 1285 2968 1356 apostolicum
3008 1285 3359 1340 referendam
3412 1293 3668 1339 censet.
3718 1285 3783 1337 Et

2135 1384 2284 1428 certe
2320 1391 2449 1429 usos
2481 1378 2596 1446 ipsa
2645 1392 2768 1432 esse
2811 1376 3126 1447 Origenem,
3182 1375 3505 1446 Nysscnum
3549 1375 3783 1454 Grego—

2137 1470 2300 1532 rium,
2335 1467 2685 1523 Eustathium
2728 1470 3165 1531 Antiochenum,
3197 1468 3635 1539 Epiphaniam,
3662 1469 3779 1521 An-

2137 1561 2322 1615 dream
2363 1560 2715 1625 Cretensem,
2764 1561 3196 1624 Damascenum,
3235 1560 3505 1614 l’iiotinm
3556 1569 3617 1613 ct
3658 1560 3778 1628 ple-

2138 1667 2341 1723 rosqtte
2382 1653 2579 1708 deinde
2612 1668 2805 1708 omnes
2831 1693 2846 1717 ,
2905 1653 3171 1707 evincunt
3224 1652 3435 1705 horum
3496 1652 3772 1720 scripta;

2141 1746 2391 1815 quinimo
2415 1761 2535 1801 eam
2565 1745 2836 1816 allegasse
2884 1752 3000 1797 tum
3036 1743 3376 1797 Clementem
3405 1742 3775 1797 Alexandri-

450 1850 551 1903 per
576 1836 683 1889 vim
739 1850 803 1889 eo
848 1836 1279 1906 pet-traheretur,
1329 1838 1375 1889 si
1405 1836 1627 1905 quando
1667 1836 2031 1904 prmstitutum
2068 1823 2108 1877 Β
2146 1853 2297 1899 ηυιιι.
2334 1845 2450 1891 tum
2498 1837 2784 1900 Irenaeum,
2813 1852 2877 1890 ac
2909 1836 3050 1891 forte
3098 1835 3283 1905 ipsum
3334 1850 3585 1905 quoque
3639 1850 3773 1889 san-

456 1935 840 1997 :irgumcntum
892 1928 1036 1981 ultro
1082 1927 1323 1996 enipiam
1368 1929 1661 1996 quaestioni
1711 1928 1892 1980 locum
1930 1942 2038 1979 non

459 2016 747 2085 prmberet.
785 2019 852 2071 At
889 2035 1017 2071 vero
1050 2030 1174 2073 ante
1206 2019 1367 2073 hasce
1388 2021 1516 2074 lites
1544 2030 1738 2074 enatas
1768 2018 2042 2072 immerito

454 2112 513 2164 in
570 2109 799 2167 Patrum
857 2112 1097 2166 homiliis
1154 2112 1559 2182 apol0geticum
1608 2113 1717 2164 hoc,
1761 2126 1821 2163 ac
1875 2125 2044 2181 prope

462 2219 679 2274 pugnax
735 2204 1253 2273 contentiosumque
1301 2203 1522 2259 dicendi
1580 2220 1755 2275 genus
1815 2204 2045 2273 requiri-

464 2311 602 2350 n‘us.
644 2294 833 2365 Neque
878 2297 1022 2363 enijn
1068 2311 1233 2351 causa
1267 2305 1385 2351 erat
1414 2297 1717 2368 pugnandi,
1754 2297 1843 2351 ubi
1879 2312 2041 2352 nemo

462 2388 805 2459 repugnabat
878 2403 1057 2457 neque
1121 2404 1316 2442 rursus
1388 2404 1554 2443 causa
1628 2390 1891 2455 suberat,
1945 2404 2045 2442 cur

461 2480 709 2552 mysterii
766 2488 899 2532 tunc
952 2481 1248 2535 cnarrandi
1312 2482 1531 2535 cuidam
1584 2484 1850 2536 duntaxat
1876 2482 2043 2537 veluti

452 2571 749 2640 particulae
787 2571 1033 2641 pressius
1073 2588 1135 2628 ac
1172 2573 1281 2627 fere
1313 2575 1409 2627 tuti
1463 2573 1657 2629 Patres
1701 2575 2042 2631 insisterent.

456 2665 669 2716 'l'lurum
720 2663 949 2731 proinde
1007 2665 1188 2729 oratio
1244 2665 1472 2719 liberius
1527 2681 1590 2719 ac
1638 2666 1805 2721 latius
1858 2667 2045 2736 vagari

463 2755 627 2809 solet.
658 2753 721 2807 Et
748 2750 1208 2823 quemadmodum
1241 2755 1296 2808 in
1328 2757 1699 2820 sermonibus,
1734 2757 1828 2828 qui
1863 2759 2047 2828 plures

464 2852 802 2916 supersunt,
865 2845 939 2899 De
992 2844 1289 2901 Natiritale
1357 2846 1717 2904 Pra'rursoris
1793 2849 2045 2916 Domini,

460 2938 672 2990 frustra
712 2945 1023 3006 exspectes,
1068 2937 1212 2992 vires
1261 2953 1326 2992 eo
1382 2939 1619 2993 maxime
1669 2939 1945 3000 contrahi,
1992 2950 2049 2993 ιιι

462 3027 713 3096 ejusdem
740 3029 1045 3083 nativitatis
1073 3028 1364 3082 evincatur
1397 3032 1694 3094 sanctitas;
1732 3031 1827 3085 sed
1857 3030 2048 3086 Patres

464 3120 628 3176 modo
677 3120 730 3175 iu
787 3130 1077 3191 parentmn
1108 3119 1233 3189 ejus
1273 3120 1463 3174 laudes
1509 3120 1738 3190 eli‘undi,
1773 3121 1937 3175 modo
1992 3121 2043 3174 in

462 3211 643 3281 angeli
678 3213 871 3266 nuntio
904 3212 1272 3281 explanando,
1308 3212 1469 3265 modo
1504 3213 1557 3266 in
1599 3212 1878 3267 Zacharire
1913 3228 2043 3267 can-

454 3304 575 3356 iico
625 3302 978 3367 illustrando,
1030 3304 1193 3358 modo
1227 3305 1281 3359 in
1320 3304 1429 3357 vita
1477 3314 1533 3358 et
1590 3305 1758 3374 gestis
1798 3305 2044 3378 ejusdem

464 3393 837 3449 Praecursoris
895 3397 1265 3462 enarrandis,
1321 3397 1483 3450 modo
1536 3398 1587 3451 in
1653 3396 2048 3467 redemptionis

458 3487 721 3540 humanm
775 3488 1061 3556 mysterio,
1107 3487 1269 3555 cujus
1301 3487 1554 3557 quaedam
1609 3488 1891 3542 inchoatio
1931 3495 2050 3541 erat

465 3575 793 3630 admiranda
851 3576 940 3629 illa
987 3578 1276 3640 nativitas,
1336 3578 1776 3632 commendando
1835 3578 2048 3632 versari

464 3665 745 3737 reperias;
771 3666 1007 3736 idipeum
1035 3675 1090 3722 et
1125 3668 1179 3722 in
1222 3669 1567 3721 sermonibus
1590 3668 2051 3737 dc’Couceptione

468 3756 735 3829 Virginis,
771 3760 1020 3830 quinimo
1043 3760 1186 3816 etde
1207 3760 1457 3831 ejusdem
1519 3758 1814 3813 Natiritate
1845 3759 2049 3813 factum

460 3852 674 3920 cogita.

538 3940 655 3997 VII.
697 3941 1062 3997 Occasionem
1100 3957 1274 4013 porro
1316 3942 1493 3998 latius
1525 3941 1760 4013 vagandi
1798 3941 2055 3995 Patribus

470 4033 703 4101 praebuit
734 4051 844 4088 non
883 4035 1046 4089 modo
1076 4035 1451 4105 reparatiouis
1483 4036 1739 4089 immane:
1769 4034 2057 4105 gamliunt,

464 4126 632 4196 cujus
654 4126 980 4180 administra
1009 4137 1172 4195 atque
1202 4126 1628 4180 instrmnentmn
1649 4124 1813 4179 Maria
1837 4126 2055 4180 exorie-

470 4221 664 4283 batur;
702 4234 811 4273 non
845 4218 1010 4272 modo
1039 4218 1251 4272 inﬁnita
1280 4217 1501 4270 laudum
1539 4230 1718 4286 seges,
1749 4230 1913 4284 quam
1942 4214 2053 4267 Ma-

470 4310 826 4381 rizedignitas
851 4325 1131 4378 nunquam
1167 4323 1274 4363 non
1304 4309 1652 4376 suppeditat;
1686 4306 1781 4361 sed
1807 4306 2058 4375 quoidam

467 4414 740 4469 praeterea
765 4402 1152 4467 adjunctorutn
1191 4399 1367 4453 series
1386 4398 1817 4468 Ceueeptienem
1849 4397 1972 4466 ejus
1996 4413 2060 4451 ac

474 4493 823 4547 iiativitatom
854 4492 941 4545 vel
977 4490 1406 4561 prmcedentium
1443 4491 1525 4545 rel
1561 4489 2055 4560 subsequéntium;

470 4580 621 4645 unde
684 4581 888 4637 factum
941 4591 1027 4638 est
1084 4590 1144 4636 ιιι
1192 4582 1359 4636 etiam
1430 4582 1495 4635 ad
1539 4590 1827 4650 parentum
1864 4581 2060 4650 ipsius,

471 4674 721 4730 Joachim
759 4684 812 4731 et
852 4677 1046 4741 Amne,
1109 4676 1299 4730 laudes
1347 4677 1546 4730 uberes
1576 4675 1958 4744 prosiluerint.
1996 4674 2062 4727 Et

471 4768 697 4836 quidem
757 4779 1039 4838 postremo
1094 4776 1425 4837 argumento
1461 4768 1637 4822 fusius
1683 4766 2064 4837 prosequendo

470 4861 711 4931 amplam
763 4862 1046 4918 materiem
1078 4858 1232 4916 dedit
1284 4861 1520 4915 historia
1557 4859 1830 4931 quaedam,
1860 4860 1927 4914 de
1953 4873 2061 4929 qua

470 4954 735 5008 lectorem
788 4967 1012 5008 munere
1068 4966 1251 5022 Operae
1312 4953 1548 5023 pretium
1609 4952 1894 5017 existimo,
1951 4967 2062 5020 quo

475 5045 696 5101 l‘acilius
723 5059 919 5099 corum
943 5060 1064 5114 quze
1086 5044 1142 5102 in
1191 5044 1465 5114 ejusmodi
1499 5044 1850 5099 sermonibus
1870 5057 2056 5096 occur-

472 5145 627 5201 runt,
658 5136 765 5190 vim
800 5139 1084 5206 percipere
1109 5146 1300 5207 queat.

544 5228 848 5284 Notissima
881 5229 1096 5285 scilicet
1130 5243 1193 5282 ac
1223 5228 1383 5283 valde
1407 5227 1648 5282 celebris
1684 5226 1921 5280 maxime
1968 5241 2064 5294 per

472 5321 754 5376 Orientem
786 5321 1067 5376 ferebatur
1100 5322 1347 5376 narratio
1377 5321 1647 5389 inscripta
1685 5318 1846 5372 titulo
1876 5316 2063 5371 "isto-

474 5410 571 5463 riaa
608 5407 929 5463 Naliritatis
982 5409 1080 5463 SS.
1124 5409 1368 5477 Deipane
1410 5408 1622 5473 Mariae,
1675 5416 1728 5462 ct
1781 5416 2063 5465 auctorem

2043 4531 2057 4555 ’
2093 4535 2136 4592 Ι)

2144 1937 2293 1984 ctum
2346 1930 2628 1986 Iustinum
2674 1935 2974 1999 martyrem
3009 1971 3021 1989 ,
3049 1930 3431 1982 communiter
3504 1942 3769 1981 consen-

2145 2024 2289 2076 tiunt
2316 2022 2518 2077 eruditi
2556 2021 2655 2091 (7).
2700 2020 2774 2073 Ex
2814 2037 2924 2090 quo
2962 2020 3097 2073 illud
3123 2019 3292 2073 etiam
3328 2018 3465 2072 licet
3489 2033 3768 2086 arguere,

2147 2112 2287 2186 hanc
2325 2113 2608 2165 historiam
2652 2126 2829 2180 neque
2866 2112 3067 2179 exiguo
3098 2111 3151 2162 in
3188 2110 3370 2180 pretio
3417 2108 3590 2178 apud
3622 2118 3773 2161 rete-

2145 2219 2254 2267 res,
2290 2219 2467 2271 neque
2498 2212 2757 2273 tanquam
2791 2202 3179 2256 hazreticorum
3223 2200 3566 2270 ﬁgmentum
3608 2200 3770 2252 babio

2147 2301 2257 2345 lam
2317 2292 2525 2356 fuisse;
2580 2308 2705 2346 cuin
2756 2299 2951 2345 contra
3000 2291 3279 2344 interdum
3320 2289 3675 2342 incidamus
3712 2289 3765 2341 in

2147 2385 2337 2440 Patres
2387 2384 2476 2453 qui
2509 2385 2577 2438 de
2610 2384 2795 2453 aliqua
2834 2383 3192 2452 corruptione
3230 2382 3286 2435 in
3337 2394 3468 2434 eam
3508 2396 3620 2450 per
3658 2379 3767 2432 h2-

2147 2476 2349 2533 reticos
2378 2476 2600 2531 inducta
2634 2476 2840 2531 acriter
2869 2481 3312 2546 conquerantur.

2218 2612 2376 2681 Quod
2416 2621 2598 2667 autem
2632 2612 2686 2666 in
2720 2626 2965 2682 prtesens
3008 2612 3230 2675 attinet,
3266 2610 3568 2665 ferebatur
3606 2610 3667 2663 in
3699 2625 3761 2664 ea

2147 2706 2516 2769 Joacbimum,
2547 2720 2670 2759 cum
2707 2719 2807 2775 pro
2838 2705 3015 2774 gentis
3053 2702 3469 2758 consuetudine
3518 2717 3757 2756 munera

2152 2800 2264 2854 Deo
2319 2797 2604 2853 oblaturus
2653 2796 2720 2851 ad
2774 2796 3041 2866 templum
3090 2793 3477 2856 ascendiSSet,
3528 2792 3758 2862 probris

2149 2901 2438 2963 exceptum
2459 2906 2521 2945 ae
2555 2890 2835 2960 repulsum
2864 2889 3036 2942 fuisse
3065 2902 3093 2939 a
3115 2887 3376 2957 quopiam
3412 2900 3518 2939 seu
3555 2881 3756 2937 Ruben

2153 3001 2248 3040 seu
2294 2982 2595 3040 Rubcuita.
2641 2988 2933 3051 propterea
2965 2980 3092 3049 quia
3131 2976 3302 3048 (quod
3345 2976 3494 3030 inter
3526 2972 3753 3028 Judzeos

2154 3076 2504 3130 maledictum
2552 3072 2900 3142 habebatur)
2970 3072 3123 3142 prole
3176 3077 3392 3125 careret
3450 3087 3465 3121 :
3515 3067 3763 3139 proinde.

2073 3184 2113 3239 (ς
2148 3170 2311 3223 simul
2348 3184 2473 3223 cum
2512 3183 2681 3221 uxore
2720 3168 2874 3218 Anna
2911 3164 3169 3234 precibus
3203 3178 3266 3216 ac
3294 3161 3534 3232 jejuniis
3569 3160 3753 3213 inten-

2150 3272 2286 3323 tun,
2329 3259 2573 3313 dolorem
2608 3272 2768 3312 suum
2802 3272 2987 3310 coram
3030 3256 3138 3309 Deo
3184 3253 3455 3309 elIudisse
3508 3260 3753 3319 votoque

2151 3353 2541 3407 sancﬁssimos
2588 3350 2857 3419 conjuges
2906 3364 2964 3401 se
3000 3345 3400 3409 obstrinxisse,
3454 3343 3750 3398 oblaturos

2152 3460 2211 3498 se
2251 3442 2379 3504 Deo,
2415 3444 2460 3497 si
2503 3458 2669 3511 quam
2724 3442 2931 3511 prolem
2966 3438 3270 3493 concedere
3301 3434 3443 3505 ipsis
3490 3434 3745 3504 dignare-

2153 3544 2283 3589 tur:
2326 3533 2568 3588 monitos
2616 3533 2742 3587 dein
2781 3547 2878 3601 per
2913 3530 3172 3601 angelum
3229 3527 3399 3581 fuisse
3430 3524 3502 3578 de
3548 3522 3741 3577 SUbUie

2155 3642 2279 3681 mox
2329 3625 2705 3695 suscipienda,
2756 3639 2919 3693 quam
2960 3621 3343 3692 praedicatum
3387 3625 3579 3671 essent
3613 3616 3739 3666 uni-

2154 3734 2327 3773 rcrsxe
2358 3718 2532 3773 tribus
2561 3728 2750 3781 teri-re;
2790 3715 2938 3785 quod
2977 3715 3181 3768 factum
3215 3726 3341 3765 cum
3371 3708 3593 3770 fuisset,
3635 3704 3739 3758 Ila-

2157 3811 2291 3864 ri:un
2328 3811 2594 3865 triennem
2625 3808 2733 3862 Deo
2762 3808 2815 3861 in
2853 3807 3056 3876 templo
3084 3803 3379 3864 obtulisse,
3417 3808 3531 3853 etc.

2230 3924 2367 3979 llinc
2421 3924 2609 3993 itaque
2645 3920 2845 3976 factum
2910 3928 3019 3983 est,
3065 3926 3126 3972 tit
3170 3917 3389 3975 Patres,
3430 3913 3563 3966 dum
3619 3911 3739 3965 buic

2160 4016 2404 4070 bistoriae
2453 4028 2639 4083 presse
2695 4012 2985 4077 inhaerent,
3034 4024 3269 4077 eamque
3298 4006 3463 4061 modo
3501 4006 3737 4075 parcius,

2160 4103 2321 4158 modo
2356 4102 2586 4156 uberius
2625 4101 2946 4171 explanant,
2977 4099 3154 4169 gesris
3186 4095 3465 4151 Joacbimi
3494 4103 3549 4148 ct
3575 4095 3739 4146 Ann:

2159 4192 2521 4259 cuarraudis,
2578 4191 2993 4258 virtutibusque
3046 4203 3240 4242 eorum
3298 4185 3647 4241 celebrandis
3680 4192 3737 4235 ut

2162 4284 2460 4354 plurimum
2505 4282 2868 4334 immorentur
2906 4293 2919 4330 :
2954 4278 3086 4331 hinc
3128 4278 3495 4332 excursiones
3536 4274 3636 4327 illa:
3671 4274 3732 4326 ad

2161 4374 2545 4431 disserendum
2580 4373 2648 4427 de
2694 4370 2951 4425 tribubus
2984 4367 3139 4423 Iuda:
3182 4376 3237 4423 et
3270 4365 3491 4429 Ruben,
3522 4364 3734 4418 alterius

2163 4468 2382 4538 quidem
2418 4464 2702 4535 privilegia
2751 4479 2816 4517 ac
2845 4460 3246 4532 praestantiam,
3299 4458 3531 4513 alterius
3562 4465 3729 4521 autern

2169 4561 2363 4629 probra
2398 4556 2815 4629 prosequendo;
2850 4555 3013 4624 Cujus
3046 4556 3124 4609 rei
3162 4553 3446 4622 specimen
3467 4550 3733 4621 singulare

2159 4652 2327 4708 babss
2358 4652 2410 4705 in
2438 4651 2691 4721 prmsenti
2717 4647 2953 4703 Joannis
2983 4646 3160 4701 nostri
3198 4644 3477 4699 oratione.

2235 4764 2368 4820 Vill.
2417 4763 2608 4834 Atqui,
2662 4762 2902 4831 inquies,
2947 4759 2993 4815 si
3044 4760 3120 4812 ita
3153 4774 3243 4813 res
3289 4756 3481 4816 habet,
3519 4763 3575 4811 et
3601 4755 3645 4810 si
3672 4770 3728 4810 ex

2155 4859 2429 4928 ejusmodi
2464 4856 2818 4912 sermonibus
2849 4854 2918 4908 de
2953 4853 3171 4907 ratione
3198 4865 3263 4906 ac
3288 4864 3460 4920 sc0po
3484 4848 3730 4904 solemni-

2158 4951 2289 5005 tatis
2307 4948 2618 5018 dijudicare
2647 4948 2806 5009 licet,
2830 4946 2946 5015 jam
2965 4944 3075 4999 duo
3109 4945 3270 5014 plane
3290 4948 3725 5011 consequuntur:

2159 5044 2339 5112 primo
2372 5039 2592 5110 quidem
2626 5040 2826 5095 festum
2858 5037 3256 5107 Conceptionis
3294 5045 3461 5105 prout
3482 5049 3515 5088 a
3542 5033 3726 5089 Grais

2161 5134 2566 5196 celebrabatur,
2610 5130 2749 5186 nihil
2803 5130 3003 5185 habere
3037 5143 3337 5183 commune
3366 5143 3495 5180 cum
3543 5134 3727 5198 myste-

2162 5229 2247 5283 rio
2265 5225 2413 5296 quod
2441 5226 2638 5280 Latina
2656 5225 2907 5280 Ecclesia
2922 5224 3213 5278 colendum
3234 5221 3528 5291 proponit;
3556 5219 3728 5274 deinde

2165 5333 2291 5370 rem
2319 5315 2587 5385 quidquid
2620 5315 2838 5368 (lemma
2864 5313 3038 5368 Graeci
3070 5310 3357 5366 Patresde
3388 5311 3731 5380 conceptione

2168 5409 2415 5480 Virginis
2468 5407 2773 5479 proferant,
2809 5407 2859 5461 id
2893 5415 3064 5459 totum
3123 5405 3244 5459 ﬁdei
3294 5404 3453 5459 illius
3485 5404 3727 5467 historia,

1990 5585 2225 5643 NOTAE.

548 5700 629 5765 (‘7)
670 5695 827 5769 (iuni.
884 5700 1043 5754 Tbiln
1092 5703 1123 5754 l.
1170 5718 1243 5763 ρ..
1288 5711 1339 5754 ct
1376 5697 1691 5752 Tetizelinat
1744 5700 1796 5753 iu
1837 5706 1949 5755 not.
1986 5698 2049 5751 ad
2094 5698 2152 5754 S.
2200 5694 2514 5769 Hieronymi
2559 5695 2760 5751 librum
2799 5692 2871 5747 De
2957 5690 3095 5746 l'iris
3138 5691 3470 5755 illustribus,

483 5772 539 5827 in
571 5768 806 5822 lltliiioth
868 5774 1067 5827 cccles.
1103 5771 1360 5834 Fabricii,
1394 5785 1516 5842 pag.
1546 5769 1636 5823 ‘27.

3542 5707 3647 5763 ιιηρ,
3686 5691 3728 5753 2,
