3874 6350
152 440 286 508 1ίῖιῖ

1617 438 1980 504 MONITUM

3281 427 3432 502 14581

144 546 479 622 apocrypha:
529 546 769 616 scilicet,
807 561 871 602 ac
890 557 1183 620 propterea
1236 549 1449 606 nullius
1496 551 1738 606 auctori-
1766 559 1811 626 Α
1841 550 1995 606 hisce
2021 547 2154 604 nihil
2182 553 2269 604 est
2296 560 2456 618 opus.
2476 544 2668 616 Neque
2689 542 2836 600 enim
2863 541 2918 597 in
2941 557 3004 598 ea
3032 538 3216 598 Jacobi
3243 538 3436 596 bisto-:

149 642 304 702 tatis,
346 638 536 693 inniti.

223 727 313 783 IX.
351 729 568 795 Quibus
605 738 666 784 ut
695 731 937 788 breviter
968 743 1321 799 occurratur,
1344 731 1740 788 advertendum

151 822 209 900 in
245 822 440 892 primis
479 829 568 875 est.
603 836 715 876 non
753 837 970 893 semper
998 841 1064 879 ex
1117 826 1468 882 sermonibus
1495 827 1610 881 sive
1648 826 1744 879 ho-

152 914 320 992 miliis
349 913 417 968 de
455 913 581 968 festi
609 914 824 971 ratione
859 916 1129 988 judicium
1166 917 1298 973 ferri
1327 934 1512 988 posse.
1546 917 1743 972 Nonne

150 1018 204 1074 et
221 1006 364 1078 apud
393 1023 493 1061 nos
524 1007 576 1060 in
611 1007 903 1077 proverbio
921 1017 1030 1072 est,
1062 1025 1349 1066 sermones
1377 1010 1744 1081 panegyricos

153 1115 295 1169 smpe
338 1099 590 1165 recitari,
635 1101 728 1170 qui
781 1102 1045 1172 mysteria
1089 1103 1394 1172 singularia
1441 1114 1743 1172 praetervo-

154 1195 292 1255 lant.
349 1201 404 1247 ct
458 1193 705 1247 dictitari
761 1196 942 1249 solent
985 1211 1255 1250 sermones
1309 1194 1374 1249 de
1431 1199 1743 1252 conmiuni?

155 1282 330 1353 Hujus
380 1294 564 1338 autem
596 1285 770 1338 moris
812 1287 1064 1356 exempla
1105 1295 1160 1341 et
1199 1287 1344 1356 apud
1376 1295 1593 1344 veteres
1631 1305 1742 1344 non

154 1377 368 1440 deesse,
407 1377 546 1432 satis
578 1377 672 1431 ille
721 1377 984 1447 novitqui
1027 1379 1111 1432 vel
1161 1379 1349 1445 unius,
1394 1396 1448 1433 v.
1478 1395 1588 1452 gr.,
1633 1386 1740 1434 Au-

155 1467 358 1540 gustini
403 1483 692 1524 sermones
730 1471 1081 1538 pervulveril.
1161 1531 1164 1534 λ

223 1557 433 1614 Deinde
470 1575 602 1612 vero
635 1559 790 1614 aliud
841 1571 928 1616 est
971 1563 1282 1617 orationem
1325 1563 1491 1620 latius
1530 1562 1738 1633 vagari,

157 1649 303 1708 aliud
337 1651 609 1706 est‘nihil
641 1666 760 1705 eam
828 1668 936 1722 pra:
977 1669 1036 1708 se
1079 1654 1220 1710 ferre
1268 1656 1414 1724 quod
1443 1657 1590 1712 satis
1614 1655 1740 1711 l'esti

159 1743 428 1798 rationem
449 1742 717 1799 declaret.
737 1743 1003 1816 Equidem
1029 1748 1198 1817 siqua
1219 1749 1345 1815 alia,
1370 1750 1484 1804 haec
1502 1749 1743 1806 maxime

156 1834 390 1889 Joannis
431 1833 666 1890 homilia
698 1835 809 1890 huc
847 1819 978 1890 illuc
1018 1853 1317 1894 excurrere
1359 1840 1594 1894 dicenda
1631 1846 1737 1899 est.

1845 644 1929 700 ria
1980 641 2264 713 quidpiam
2315 637 2558 709 reperies
2599 651 2712 708 quo
2742 634 3090 708 praefui-mata
3137 632 3207 688 de
3237 632 3420 688 Maria:

1843 734 2193 792 immunitate
2215 748 2244 786 a
2267 739 2492 802 peccato
2521 729 2755 800 originis
2781 729 3053 784 sententia
3074 725 3185 782 dici
3215 726 3415 794 possit.

1841 826 1919 880 Ac
1950 824 2182 895 proinde
2218 821 2487 893 quidquid
2537 821 2758 876 demum
2813 819 2883 874 de
2914 819 3144 874 historia
3175 818 3291 888 ipsa
3323 819 3438 879 Sil,‘-

1847 933 2007 973 nemo
2033 916 2303 972 doctrina:
2339 916 2407 971 de
2460 915 2814 970 immaculato
2844 911 3093 983 \-'ir,-,-in_is
3149 921 3420 984 conceptu

1842 1009 2168 1064 calumniari
2221 1015 2507 1079 propterea
2543 1015 2744 1078 potest,
2785 1008 2934 1080 quod
2981 1008 3050 1063 ab
3105 1006 3422 1078 apocrypha

1844 1101 1985 1156 libro
2018 1101 2260 1170 profecta
2296 1100 2482 1155 videri-
2512 1107 2704 1169 queat.

1913 1192 2006 1248 XI.
2047 1194 2242 1260 Quoad
2284 1208 2347 1250 ea
2388 1208 2520 1248 vero
2553 1207 2676 1262 quae
2721 1191 2788 1247 de
2826 1191 3098 1246 .loachimi
3141 1201 3196 1246 et
3251 1192 3424 1246 Anam

1841 1287 2010 1358 gestis
2043 1287 2114 1339 ab
2149 1286 2239 1339 illa
2289 1285 2520 1342 historia
2555 1284 2790 1340 deducta
2825 1283 3102 1348 videntur,
3135 1284 3440 1353 disputare,

1841 1380 1896 1432 in
1929 1393 2172 1447 praesens
2217 1377 2351 1432 nihil
2393 1377 2646 1433 interest.
2697 1375 2831 1430 Illud
2885 1385 3062 1430 tamen
3109 1391 3215 1430 non
3252 1375 3422 1430 omit-

1844 1480 1978 1533 tam,
2021 1485 2134 1524 non
2159 1469 2345 1524 omnia
2379 1469 2594 1524 scilicet
2623 1469 2692 1522 ab
2729 1467 2991 1524 omnibus
3019 1468 3140 1522 sine
3178 1466 3418 1536 quodam

1840 1560 2056 1616 delectu
2082 1571 2298 1630 recepta
2330 1560 2502 1615 fuisse
2536 1558 2634 1630 (8):
2659 1574 2781 1629 qua:
2813 1558 3334 1613 veroeonununiter
3354 1557 3423 1612 de

1841 1651 2086 1723 Virginis
2115 1652 2476 1721 conceptione
2529 1662 2750 1720 recepta
2779 1659 2930 1714 sunt,
2967 1650 3012 1703 si
3050 1649 3127 1703 rei
3157 1649 3423 1704 substan-

1843 1745 1976 1804 tiam
2008 1743 2350 1807 consideres,
2383 1744 2520 1798 nihil
2557 1744 2828 1798 absonum
2872 1751 2970 1797 aut
3010 1760 3040 1797 ιι
3071 1743 3183 1797 veri
3237 1743 3422 1813 specie

1842 1838 2150 1894 abhorrens
2179 1838 2484 1892 continere.

157 1927 313 1996 Atqui
348 1936 542 1986 tamen
572 1929 834 1998 praeclare
869 1929 1010 1984 adeo
1047 1929 1171 1986 festi
1217 1931 1607 2002 Concept'ronis
1639 1947 1732 1986 ra-
1773 1931 1817 1986 Β
1921 1928 2177 1984 Profecto
2219 1927 2266 1984 si
2308 1944 2433 1981 cum
2485 1927 2552 1982 de
2598 1929 2864 1983 Samsone
2902 1935 3156 1997 ageretur
3217 1924 3422 1996 (Judic.

158 2020 355 2075 tionem
433 2021 706 2090 proponi,
768 2031 827 2074 ιιι
888 2022 1025 2078 nihil
1088 2023 1424 2079 luculentius
1485 2024 1740 2094 exoptari

157 2111 347 2181 possit.
400 2110 458 2166 Si
489 2112 879 2167 dedicationem
918 2114 1255 2184 templorum,
1303 2117 1488 2186 inquit
1525 2121 1641 2186 ipse
1670 2120 1738 2172 ad

159 2206 312 2256 tinem
343 2205 652 2270 sermonis,
679 2205 900 2259 solemni
922 2209 1026 2260 ritu
1060 2207 1382 2272 celebramus
1408 2225 1428 2272 ;
1457 2219 1658 2280 quanto
1685 2210 1739 2264 id

159 2312 271 2349 vero
303 2297 480 2366 magis
521 2297 892 2367 pra’standum
935 2308 1035 2363 est,
1064 2301 1275 2370 quando
1315 2317 1419 2354 non
1453 2317 1520 2355 ea:
1548 2300 1741 2368 lapidi-

163 2386 252 2438 bus
277 2402 436 2439 sacra
475 2388 614 2442 a'des
644 2389 1036 2458 exwdi/icutur,
1078 2391 1169 2444 sed
1209 2391 1532 2458 beneplacito
1569 2391 1661 2446 Dei
1689 2403 1740 2448 et

161 2481 526 2548 cqoperatioue
551 2482 880 2536 sanctissimi
909 2491 957 2536 et
978 2483 1294 2552 viviﬁcantis
1317 2482 1550 2552 Spiritus
1569 2485 1742 2540 vit-unt

165 2565 253 2620 Dei
284 2567 440 2622 Verbi
471 2573 720 2636 templum
753 2571 806 2624 in
837 2582 1012 2626 ventre
1038 2573 1207 2628 Anna:
1229 2575 1597 2629 construitur?
1623 2575 1740 2642 Qua

165 2678 288 2719 sane
318 2665 477 2721 brevi
508 2668 784 2722 sententia
822 2677 876 2722 et
907 2669 1221 2724 clarissime
1250 2671 1587 2741 proponitur
1616 2671 1740 2728 festi

166 2753 319 2820 ratio,
356 2755 481 2825 ipsa
517 2772 710 2827 nempe
741 2757 1272 2831 Marite'Conceptio
1317 2779 1332 2816 :
1386 2772 1441 2816 et
1491 2764 1742 2833 ejusdem

164 2845 554 2917 Conceptionis
587 2851 854 2904 sanctitas
876 2866 938 2904 ac
957 2851 1322 2919 pttritasmira
1347 2855 1744 2925 perspicuitate

163 2940 513 3007 exprimitur.
577 2942 1052 3008 Quemadmodum
1110 2947 1256 2998 enim
1313 2946 1630 3006 Bernartius
1687 2951 1742 3006 in

162 3029 353 3084 celebri
381 3033 455 3086 de
488 3032 591 3086 hoc
628 3044 954 3104 argumento
986 3037 1225 3104 cpistola
1263 3038 1446 3108 (epist.
1502 3041 1623 3105 174,
1674 3049 1743 3096 ad

165 3123 410 3180 Canonic.
432 3126 732 3198 Lugdun.),
763 3145 828 3184 ex
863 3131 1069 3200 peccati
1098 3136 1386 3201 prmsentia
1401 3138 1585 3206 arguit
1615 3137 1743 3211 Spi-

163 3214 298 3270 ritus
327 3216 514 3272 saneti
551 3217 882 3273 vivilicantis
913 3219 1264 3286 absentiam,
1301 3237 1459 3294 atquo
1495 3225 1743 3296 profecto

155 3305 270 3374 jure
297 3308 434 3364 dum
493 3310 669 3364 sant-ti
703 3327 768 3365 ac
800 3311 1127 3368 vivilicantis
1174 3314 1417 3385 Spiritus
1450 3321 1738 3388 praesentia

159 3400 207 3453 in
238 3400 348 3470 ipsa
382 3402 776 3473 Conceptione
815 3405 1172 3474 pra‘dicatur,
1211 3410 1531 3466 necessario
1565 3411 1738 3468 infer-

156 3497 238 3544 tttr
261 3492 572 3563 cujuslibet
605 3493 857 3548 absentia
901 3495 1134 3564 peccati.

216 3581 284 3637 X.
337 3585 507 3654 Quod
543 3585 609 3640 ad
642 3587 878 3642 alterum
907 3604 1036 3644 vero
1071 3599 1304 3661 spectat,
1345 3591 1432 3648 lac
1462 3594 1650 3659 etiam,
1691 3595 1737 3650 si

161 3675 230 3728 ita
258 3677 363 3740 vis,
395 3677 544 3732 nihil
575 3677 642 3733 de
679 3679 782 3734 hac
829 3695 887 3736 re
932 3679 1128 3737 Patres
1157 3684 1390 3754 dixisse,
1440 3689 1588 3757 qttod
1625 3704 1736 3744 non

164 3765 450 3824 deductum
507 3770 577 3824 ab
628 3771 721 3824 illa
775 3769 971 3827 Jacobi
1030 3774 1264 3831 historia
1315 3779 1492 3834 videri
1538 3781 1734 3850 possit.

165 3861 295 3924 Quid
345 3863 474 3918 inde
523 3862 744 3917 detnum
807 3867 1144 3922 concludes?
1198 3868 1455 3925 Proiecto
1515 3872 1609 3924 ubi
1672 3873 1740 3927 de

163 3952 760 4010 tloctritta.Cltristiana
801 3970 1002 4026 agatur
1049 3959 1222 4028 (certe
1245 3969 1429 4014 autem
1467 3961 1649 4030 agitur
1669 3963 1738 4016 de

165 4046 490 4113 gravissimo
518 4045 785 4100 doctrinae.
817 4049 1150 4103 Christianae
1193 4051 1393 4119 capite,
1429 4065 1553 4104 cum
1584 4067 1738 4121 qure-

167 4137 295 4190 ritur
321 4153 392 4191 an
433 4151 628 4192 omnes
674 4137 744 4190 ad
783 4154 952 4191 unum
994 4139 1089 4193 lilii
1121 4140 1273 4206 Adae,
1302 4143 1476 4211 patris
1511 4154 1750 4214 peccato-

167 4229 426 4299 inquinati
461 4229 725 4300 iuerint),
765 4231 921 4286 valde
955 4231 1169 4302 abjecte
1197 4234 1266 4289 de
1307 4233 1567 4293 Pal-ribus
1598 4253 1738 4309 opus

163 4330 239 4376 cst
277 4323 370 4377 ille
396 4322 622 4388 sentiat,
653 4323 746 4392 qui
789 4324 1064 4380 existimet
1096 4343 1191 4382 eos
1225 4343 1335 4382 non
1361 4329 1524 4386 modo
1550 4331 1739 4389 faciles

166 4410 214 4466 in
245 4411 584 4482 recipiendis
623 4412 894 4479 historiis,
933 4416 1026 4468 sed
1057 4430 1234 4470 caecos
1261 4417 1314 4470 in
1342 4417 1410 4474 iis
1469 4435 1590 4489 qua:
1614 4420 1737 4478 lidei

162 4503 470 4576 depositum
507 4505 806 4576 attingunt,
839 4507 1193 4563 admittendis
1231 4524 1355 4565 sese
1391 4511 1734 4571 exhibuisse.

1847 2035 1965 2086 xm,
1990 2019 2068 2089 5),
2091 2027 2186 2072 aut
2209 2015 2276 2072 de
2299 2015 2514 2071 Domini
2537 2031 2882 2086 praecursore
2901 2016 3053 2088 (Luc.
3091 2032 3127 2082 ι,
3151 2016 3436 2086 l'l.seqq.),.

1844 2113 2083 2179 caelitus,
2128 2111 2209 2167 uti
2263 2125 2438 2166 sacrae
2463 2118 2744 2164 testantur
2781 2109 3022 2173 Litterae,
3056 2109 3133 2164 ad.
3165 2119 3426 2178 parentes

1845 2206 2050 2274 missus
2092 2213 2180 2262 est
2221 2205 2486 2275 angelus,
2546 2204 2638 2273 qtti
2700 2203 3020 2258 sterilitatis
3067 2203 3423 2268 solutionem,

1845 2299 2170 2369 prolemque
2212 2297 2614 2367 polliceretur;
2659 2295 2911 2366 utinquid
2964 2295 3205 2352 absurde
3233 2295 3426 2351 existi-

1843 2389 2088 2444 mabitur
2133 2387 2394 2458 idipsum,
2429 2403 2554 2442 cum
2587 2388 2655 2443 de
2695 2387 2976 2443 Genitrice
3011 2387 3103 2442 Dei
3143 2397 3423 2458 ageretur,

1846 2483 2048 2538 factum
2073 2483 2287 2539 fuisse?
2322 2481 2376 2536 Si
2413 2481 2640 2552 antiqua
2667 2481 2757 2535 illa
2795 2481 2955 2535 Anna
2979 2481 3116 2538 fusis
3151 2481 3219 2536 ad
3253 2480 3434 2540 Deuut

1846 2575 2102 2646 precibus
2129 2572 2183 2646 (I
2217 2573 2347 2645 Reg.
2384 2588 2422 2636 ι,
2457 2573 2524 2628 14
2551 2574 2718 2644 seqq.)
2745 2579 2989 2642 optatam
3030 2571 3421 2627 lecunditatetn

1844 2674 2144 2722 consecuta
2177 2675 2296 2730 est;
2329 2680 2431 2721 cur
2467 2664 2522 2720 id
2549 2665 2854 2720 absurdum
2890 2664 2956 2719 de
2990 2665 3146 2718 Anna
3183 2665 3428 2736 Deipara:

1847 2769 2020 2816 matre
2056 2760 2449 2831 reputabitur?
2488 2757 2757 2828 Denique,
2793 2761 2836 2814 si
2870 2775 2935 2813 cx
2982 2768 3096 2813 tota
3141 2774 3425 2815 sacrarum

1847 2851 2184 2908 hitterarum
2221 2854 2372 2910 serie
2398 2854 2757 2910 manifestum
2797 2861 2899 2916 est,
2930 2868 3039 2906 non
3075 2851 3238 2905 modo
3265 2852 3428 2906 steri-

1846 2944 2054 2998 litatem
2085 2944 2415 3015 conjugibus
2451 2945 2622 3000 fuisse
2670 2944 2995 3014 opprobrio,
3029 2958 3216 2997 verum
3257 2945 3424 2997 etiam

1800 3063 1802 3066 -
1847 3044 2110 3107 tanquam
2143 3053 2173 3091 a
2198 3035 2310 3091 Deo
2338 3037 2556 3092 vindice
2587 3038 2898 3106 perculsos,
2927 3051 3016 3090 -ac
3049 3034 3217 3089 veluti
3256 3035 3427 3088 male-

1846 3128 2048 3192 dictos,
2072 3127 2168 3199 qui
2210 3135 2465 3183 carerent
2503 3129 2716 3192 liberis,
2770 3129 2984 3182 habitos
3026 3127 3231 3194 fuiSSe;
3273 3125 3424 3198 quid,

1771 3255 1814 3318 ο
1846 3235 2056 3291 quaeso,
2078 3236 2106 3274 a
2130 3220 2242 3276 veri
2270 3223 2458 3292 specie
2483 3220 2720 3286 abludit,
2753 3218 3039 3274 Joachimo
3065 3219 3428 3290 atque-Anna:

1847 3317 2236 3372 contumeliam
2273 3331 2337 3371 ea
2387 3316 2454 3370 de
2495 3331 2661 3370 causa
2695 3315 2992 3383 irrogatam
3045 3313 3236 3377 luisse,
3284 3311 3428 3367 unde

1847 3411 2054 3466 factum
2087 3411 2161 3467 sit
2215 3421 2270 3464 ut
2310 3409 2390 3465 ad:
2430 3408 2601 3464 Deum
2657 3409 2828 3464 totius
2882 3406 3284 3463 consolationis
3319 3403 3429 3460 ler-

1847 3502 2479 3574 rentiusconfugerent,
2511 3509 2907 3574 compotesque
2937 3499 3160 3554 demum
3193 3499 3300 3554 voti
3329 3497 3422 3552 lie-

1845 3599 2020 3654 rent?’

1917 3689 2054 3744 Cum
2083 3693 2268 3760 itaque
2301 3688 2442 3743 facta
2479 3687 2532 3742 in
2569 3703 2628 3742 se
2672 3693 2917 3758 spectata
2971 3685 3107 3740 nihil
3155 3682 3426 3743 indecori.

1846 3777 1984 3832 nihil
2009 3793 2039 3832 a
2069 3778 2349 3834 verisimili
2383 3779 2626 3831 alienum
2661 3777 2984 3830 contineant
3012 3791 3026 3840 ;
3085 3774 3221 3826 illud
3255 3788 3424 3827 unum

1845 3869 2087 3938 denique
2117 3867 2446 3935 reprehendi
2487 3867 2627 3920 forte
2647 3865 2884 3934 poterit,
2910 3865 3056 3934 quod
3089 3864 3259 3917 nimia
3290 3879 3430 3933 qua-

1845 3960 1972 4012 dam
2014 3957 2302 4021 facilitate,
2347 3967 2400 4012 et
2427 3965 2720 4024 antequam
2761 3957 2828 4010 de
2865 3963 3014 4010 certa
3054 3945 3299 4027 ipsorum
3335 3947 3428 4011 ve-

1844 4045 2007 4100 ritate
2041 4061 2107 4100 ex
2139 4046 2355 4102 idoneis
2382 4046 2712 4101 testimoniis
2754 4053 3062 4110 constaret,
3091 4045 3334 4102 admissa
3362 4062 3431 4100 ea

1845 4139 2088 4206 fuerint;
2137 4139 2396 4210 quodque
2445 4140 2629 4193 habita
2664 4155 2762 4194 ceu
2797 4155 2922 4195 vera
2961 4138 3191 4194 historia
3240 4139 3424 4202 luerit,

1844 4249 1968 4304 quae
1993 4234 2180 4304 reipsa
2203 4233 2391 4304 potius
2418 4233 2622 4298 tabula,
2649 4232 3046 4289 verisimilibus
3069 4233 3258 4304 utique
3275 4234 3428 4289 colo-

1846 4328 2006 4385 ribus
2034 4327 2291 4390 conﬁcta,
2323 4328 2506 4384 fabula
2537 4337 2722 4384 tamen
2755 4335 2926 4383 esset.
2965 4342 2968 4344 ‘

1846 4445 1851 4449 -
1919 4417 2126 4477 Verum
2163 4436 2232 4475 ne
2265 4419 2532 4491 praecipiti
2572 4419 2790 4489 judicio
2819 4419 2902 4474 vel
2933 4419 3048 4474 huic
3089 4419 3207 4490 ipsa
3239 4419 3428 4474 cri‘mia

1846 4514 1998 4570 natio
2021 4523 2138 4567 rata
2172 4513 2462 4578 habeatur,
2490 4511 2888 4567 advertendum
2912 4521 3015 4576 est,
3040 4513 3230 4582 utique
3251 4511 3426 4569 histo-

163 4591 465 4651 Tantumne
490 4611 601 4665 prae
625 4596 737 4651 illis
767 4599 1152 4666 prtesumitnus
1173 4599 1239 4654 de
1258 4600 1744 4666 nobis,tantumnc
1776 4616 1818 4671 Ι)
1850 4604 1987 4658 riam
2022 4604 2171 4657 illam
2221 4603 2366 4657 inter
2397 4603 2708 4672 apocrypha
2748 4617 2776 4655 a
2812 4599 3062 4672 Nysscno
3097 4605 3425 4657 recensitam

167 4683 282 4742 lidei
317 4702 589 4752 amorem,
623 4687 1052 4760 divinarumque
1088 4707 1270 4745 rerum
1305 4695 1560 4749 notitiam
1591 4699 1751 4756 nobis

167 4793 270 4846 pra:
305 4779 414 4835 illis
466 4779 785 4846 tribuimus,
832 4787 891 4833 ut
925 4796 1062 4852 quae
1107 4782 1284 4851 primo
1326 4785 1490 4839 veluti
1544 4786 1748 4843 intuitu

165 4879 255 4925 aut
304 4871 721 4928 lloccil‘acienda
766 4880 861 4927 aut
893 4875 1059 4927 etiam
1103 4890 1333 4942 prorsus
1403 4881 1758 4948 reprobanda-

163 4962 494 5030 judicamus,
523 4964 840 5018 inconsulto
873 4963 999 5018 illos
1025 4966 1316 5035 amplexos
1348 4981 1469 5021 esse
1500 4969 1746 5039 suspice-

169 5059 323 5112 mur?
369 5058 603 5114 Etiamsi
656 5059 844 5127 itaque
873 5057 1146 5112 doctrinae
1184 5059 1355 5126 illius,
1389 5076 1511 5130 quae
1549 5060 1744 5132 Dcipa-

170 5171 276 5210 ram
316 5176 344 5212 a
377 5161 659 5212 communi
696 5156 934 5210 liliorum
956 5154 1084 5210 Atla:
1113 5156 1234 5224 labe
1266 5156 1480 5221 eximit,
1512 5158 1742 5230 vestigia

169 5247 307 5303 inea
360 5250 594 5306 historia
642 5247 1212 5318 deprehenderentur,
1264 5264 1554 5320 perperam
1613 5251 1746 5306 inde

168 5352 278 5394 eam
306 5339 694 5397 contemnendi
724 5355 915 5395 ansam
933 5339 1210 5411 quispiam
1245 5349 1511 5398 sumeret.
1531 5339 1734 5398 Verum

1849 4695 2046 4750 fuisse.
2085 4694 2290 4750 Verum
2320 4693 2636 4763 apocrypha
2668 4691 2816 4746 dicta
2851 4698 2956 4756 est,
2991 4707 3095 4746 non
3125 4692 3283 4762 quasi
3307 4692 3432 4761 ejus

1848 4786 2150 4844 auctoritas
2172 4786 2393 4857 penitus
2417 4785 2565 4839 nulla
2592 4792 2758 4850 esset,
2783 4785 2878 4841 sed
2909 4785 3037 4856 quia
3067 4785 3211 4839 inter
3232 4799 3426 4840 sacros

1845 4880 2069 4937 codices
2102 4895 2211 4934 non
2273 4879 2631 4935 censebatur.
2666 4879 2733 4932 At
2773 4877 3123 4935 manifestum
3155 4885 3261 4944 est,
3313 4893 3426 4932 non

1846 4973 1970 5029 ideo
2006 4975 2153 5028 inter
2193 4971 2410 5028 fabulas
2439 4971 2720 5043 quidpiam
2764 4967 3241 5026 adnumerandum
3279 4985 3421 5034 esse,

1843 5065 1988 5136 quod
2021 5064 2201 5120 locum
2225 5080 2335 5119 non
2367 5063 2570 5118 haheat
2597 5065 2738 5118 inter
2765 5063 2931 5118 libros
2953 5064 3217 5119 divinitus
3253 5064 3428 5134 iaspis

1841 5168 2012 5213 ratos.
2050 5157 2225 5212 Secus
2251 5156 2398 5210 enim
2436 5165 2632 5228 pra-ter
2681 5171 2868 5211 sacras
2909 5155 3168 5223 Litteras,
3214 5155 3421 5212 nullam

1839 5249 2172 5304 haberemus
2201 5247 2512 5311 historiam,
2545 5247 2856 5302 sed‘meras
2897 5246 3125 5302 fabulas.

1910 5342 2018 5398 Res
2061 5343 2248 5414 itaque
2289 5356 2354 5396 eo
2397 5339 2699 5394 adducetur
2767 5347 2826 5394 ut
2869 5338 2990 5394 ideo
3023 5338 3166 5396 inter
3207 5337 3422 5396 fabulas

1715 5457 1939 5514 ΝΟΤίΕ.

233 5552 306 5623 (8)
343 5554 400 5609 In
419 5555 644 5612 exordio
674 5553 956 5610 Orationis
981 5552 1256 5608 historica:
1284 5551 1505 5608 inedita:
1539 5552 1606 5608 de
1625 5551 1748 5608 Dei-

168 5638 304 5689 para:
323 5626 638 5680 dormitione
660 5626 772 5680 hzec
797 5625 961 5679 habet
1009 5623 1251 5678 Joannes
1287 5623 1747 5678 Thessalonicen-

173 5693 244 5765 sis
271 5712 284 5765 ξ
313 5697 465 5760 Τινὲς
501 5697 557 5749 δὲ
585 5697 693 5750 τῶν
717 5698 795 5758 εἰς
828 5695 1053 5765 ὕστερον
1093 5693 1419 5765 κακούργων
1441 5693 1746 5765 pcipe-rtuth

171 5763 234 5848 ta.
273 5764 748 5848 ἔαυτῶγ-βᾳλὸγτεΞ
770 5762 984 5848 ζιζᾲνιὰ
1001 5763 1376 5847 inpedimur:
1398 5762 1466 5848 ’ἰὰ
1501 5780 1746 5848 etin/pato

177 5832 399 5908 Qévtq...
451 5831 561 5908 Καὶ
597 5837 670 5908 μὴ
705 5837 1027 5908 βαυμὰσητε
1081 5831 1211 5908 τιερί
1260 5831 1353 5884 τοῦ
1380 5831 1744 5908 ’διαφοεξρειν

179 5904 268 5971 τὰς
321 5905 538 5980 Γραφὰς
592 5902 882 5973 ἆκῢύοντές
942 5902 1067 5971 rei);
1117 5902 1447 5978 αἱρετικούς.
1509 5903 1741 5974 Quid-am

1845 5573 1963 5611 vero
1986 5555 2369 5622 improborum,
2394 5553 2485 5624 qui
2507 5552 2627 5606 dein
2657 5559 3022 5624 surrexerunt,
3057 5550 3421 5624 ltwreticornm

1844 5644 1942 5680 sua
1973 5625 2455 5694 ipsorumiaizania
2482 5631 2729 5694 serentes.
2766 5623 2916 5690 prius
2959 5623 3261 5694 conscripta
3301 5639 3422 5694 cor-

1845 5691 2166 5764 ruperunt...
2203 5693 2386 5762 Neque
2427 5693 2711 5764 miremini,
2745 5695 2870 5764 dum
2915 5691 3114 5764 auditis
3145 5691 3417 5746 ltwreticus

1843 5761 2042 5836 scripta
2067 5761 2467 5836 corrumpere...
2495 5762 2661 5818 Addit
2695 5763 2892 5820 deinde
2925 5761 3189 5833 Joannes,
3218 5765 3422 5834 depra-

1845 5835 1966 5894 vata
1997 5853 2056 5894 se
2083 5835 2530 5894 emendaturum.

2682 5999 2776 6024 ,μᾶ-
