3874 6350
157 413 289 477 1481

1083 420 1339 483 SERMO
1372 424 1454 485 IN
1493 424 2079 486 CONCEPTIONEM
2121 394 2497 489 DElPA‘R/E.

3299 424 3434 491 1482

152 534 243 588 καὶ
272 531 431 589 εἶπεν
475 530 663 585 “’Λννα’
714 532 978 604 Προσᾶιξω
1012 536 1178 604 αὐτὴν
1223 538 1396 609 δῶρον
1432 542 1622 612 Κυρίῳ
1664 541 1740 612 τῷ

1881 544 2042 605 tetrix
2083 560 2094 595 :
2130 541 2356 597 Filiam.
2389 540 2457 595 Et
2492 540 2924 598 subdiditAnna
2958 557 2973 595 :
3008 537 3247 595 Aﬂ‘eram
3283 540 3435 597 illam

154 625 295 679 υεῶ.

225 718 324 773 ιΔν.
375 717 481 772 Ἴδε
536 716 633 771 οὖν
691 718 880 788 σαφῶς
936 718 1389 790 λειτουργοῦντας
1431 723 1497 794 τῇ
1552 722 1744 793 Τριάδι

154 812 405 883 Μαρίαν,
443 811 540 864 καὶ
574 812 799 877 Ἀνναν,
845 812 940 865 καὶ
988 813 1278 884 Ἰωακείμ⁹
1314 813 1602 885 τεχθείσης
1635 815 1746 887 γὰρ

157 906 260 972 τῆς
297 901 509 967 παιδὸς,
542 902 638 955 καὶ
668 904 1097 976 προκοπτούσης
1127 905 1336 977 ἡλικία,
1369 907 1433 958 οὐ
1465 909 1748 977 προσήγα-

158 1012 260 1063 γον
286 994 461 1064 αὐτὴν
507 993 682 1063 διετῆ,
714 993 840 1046 οὐδὲ
874 994 1039 1048 πάλιν
1073 994 1367 1065 τετραετῆ,
1393 994 1533 1047 ἀλλὰ
1556 996 1746 1066 τριετῆ

155 1086 235 1148 ὡς
267 1085 499 1156 Τριάδος
539 1086 849 1155 ἀχωρίστου
880 1085 1120 1157 νύμφην,
1145 1087 1242 1139 καὶ
1274 1085 1523 1140 παστάδα
1551 1086 1750 1158 ἀμίαν-

157 1194 273 1233 τον·
306 1178 400 1231 καὶ
434 1177 634 1241 κοινῶς
656 1176 700 1209 ⁷⁷
743 1178 1099 1248 προσήγαγον
1128 1176 1412 1247 αὑτὴν,ὡς
1443 1177 1750 1247 μελλούσης

160 1273 335 1342 αὐτῆς
365 1270 656 1342 ἀμφότερα
692 1265 858 1323 εἶναι·
900 1270 995 1324 καὶ
1044 1268 1266 1341 πρῶτον
1307 1269 1405 1340 μὲν
1456 1269 1631 1341 δῶρον
1671 1268 1750 1339 τῷ

159 1363 284 1433 Θεῷ
315 1362 694 1435 προσηνέχθη,
729 1361 922 1416 ἔπειτα
964 1362 1023 1416 δὲ
1062 1364 1158 1417 καὶ
1215 1363 1341 1426 ναὸς
1391 1362 1487 1416 καὶ
1537 1362 1748 1433 θρόνος.

164 1455 536 1525 Προφητικῶς
588 1448 681 1508 οὖν
725 1456 1081 1526 προσήγαγον
1125 1455 1226 1528 τὴν
1256 1454 1539 1526 Παρθένον
1575 1456 1633 1508 ὲν
1671 1453 1752 1524 τῷ

164 1547 281 1617 ναῷ
306 1545 400 1600 τοῦ
426 1546 653 1617 Κυρίου.

242 1732 306 1784 Ὤ
325 1730 417 1785 τοῦ
451 1730 759 1803 θαύματοςί
801 1730 857 1786 Ὀ
886 1730 1130 1804 ἔμψυχος
1167 1732 1295 1797 ναὸς
1323 1733 1418 1807 καὶ
1444 1732 1632 1804 θρόνος
1664 1750 1756 1804 χε-

173 1823 426 1896 ρουὸικὸς
464 1827 543 1888 είς
581 1826 709 1878 ναὸν
740 1826 804 1878 ὲκ
835 1824 1000 1878 λίθων
1035 1824 1554 1895 κατεσκευασμένον
1589 1842 1757 1896 προσ-

1848 636 2052 690 donnm
2082 633 2314 688 Domino
2348 631 2484 689 Deo.

1918 726 2059 781 XIV.
2089 726 2170 781 En
2203 726 2385 795 palam
2418 725 2588 796 igitur
2612 724 2946 781 sacriﬁcium
2978 722 3168 779 Triadi
3189 720 3439 779 otieren-

1850 829 1933 875 tes
1979 818 2232 883 Mariam,
2286 816 2537 881 Annam,
2590 824 2640 872 et
2679 814 3048 872 Joacbimum.
3116 814 3254 870 Cum
3286 812 3439 869 enim

1849 912 1995 968 edita
2032 912 2087 965 in
2118 909 2298 965 lucem
2341 908 2538 965 fuisset
2568 909 2774 979 puella,
2811 916 2979 980 atque
3009 913 3173 963 astate
3209 921 3441 977 progre-

1850 1002 2096 1067 deretur,
2121 999 2443 1054 obtulerunt
2475 1014 2595 1054 eam
2621 1014 2731 1053 non
2759 999 2983 1069 quidem
3013 998 3310 1062 bimulam,
3336 1011 3442 1052 nec

1852 1095 1984 1150 item
2013 1092 2374 1164 quatrimam,
2412 1089 2510 1146 sed
2551 1092 2840 1146 trimulam
2883 1099 3148 1162 tanquam
3183 1090 3439 1146 indivisa:

1852 1185 2147 1242 Trinitatis
2191 1198 2488 1254 sponsam,
2528 1191 2581 1239 et
2630 1184 2937 1237 thalamum
2990 1182 3435 1237 immaculatum.

1853 1278 2147 1335 Coinmuni
2180 1283 2448 1347 praeterea
2486 1287 2612 1330 voto
2652 1275 2834 1345 ipsum
2885 1274 3275 1334 adduxerunt,
3316 1280 3441 1326 tan-

1852 1385 2017 1441 quam
2046 1384 2168 1440 qua:
2194 1376 2494 1439 utrumque
2527 1366 2715 1421 futura
2741 1375 2884 1432 erat,
2913 1382 2979 1421 ac
3008 1365 3190 1437 primo
3214 1363 3440 1435 quidem

1854 1463 2061 1519 donum
2095 1461 2276 1517 oblata
2330 1460 2442 1516 Deo
2471 1468 2578 1525 est,
2630 1459 2833 1516 deinde
2864 1474 3000 1515 vero
3030 1470 3084 1515 et
3127 1455 3440 1527 (tanquam)

1856 1555 2120 1623 templum
2150 1561 2205 1608 et
2235 1553 2493 1608 thronus.
2530 1551 2861 1623 Prophetico
2889 1552 3062 1622 igitur
3087 1550 3288 1621 spiritu
3317 1547 3470 1616 Virg

1858 1646 2041 1718 ginem
2071 1645 2127 1699 in
2159 1645 2372 1715 templo
2411 1644 2630 1699 Domini
2674 1644 3037 1717 obtulerunt.“

1930 1735 1974 1792 Ο
2007 1752 2121 1792 rem
2152 1735 2313 1806 plane
2344 1735 2574 1790 miram!
2630 1736 2689 1790 In
2726 1736 2995 1805 templum
3029 1733 3307 1805 lapidibus
3344 1746 3443 1787 ex-

1860 1827 2189 1883 aediﬁcatum
2230 1826 2461 1882 affertur
2492 1826 2799 1881 animatum
2824 1826 3092 1896 templum
3119 1832 3174 1879 et
3210 1824 3445 1877 thronus

168 1916 421 1986 φέρεται.
482 1914 596 1986 Πρὸ
651 1914 761 1986 γὰρ
814 1916 1031 1969 πολλῶν
1084 1914 1287 1985 γενεῶν
1334 1917 1363 1969 ὁ
1413 1914 1580 1969 Δαυῖϐ
1629 1916 1759 1987 περὶ

1876 1918 2230 1974 Zherubicus.
2276 1918 2341 1972 Et
2370 1933 2504 1973 sane
2532 1918 2645 1988 jam
2686 1932 2716 1971 a
2746 1915 2938 1971 multis
2970 1922 3100 1970 ante
3134 1912 3447 1985 generatio-

169 2007 345 2075 αὐτῆς
374 2006 504 2061 ἐϐόα
533 2007 713 2075 λέγων
733 2023 744 2035 ·
772 2008 1102 2071 Ἀκουσον,
1130 2008 1286 2077 φησὶ,
1306 2006 1455 2061 Θεοῦ
1485 2008 1757 2075 θύγατερ,

170 2098 275 2152 καί
299 2097 410 2159 ἴδε,
444 2097 543 2151 καί
573 2097 788 2151 κλῖνον
818 2097 881 2150 τὸ
912 2092 1023 2162 οὖς
1048 2112 1189 2164 σου,
1215 2097 1315 2151 καὶ
1343 2096 1635 2151 ἐπιλάθου
1656 2096 1762 2151 τοῦ

173 2191 332 2245 λαοῦ
365 2204 503 2253 σου,
545 2190 645 2244 καὶ
686 2189 793 2243 τοῦ
826 2190 1001 2243 οἴκου
1048 2190 1156 2244 τοῦ
1212 2191 1439 2257 πατρός
1480 2202 1630 2243 σου·
1665 2187 1765 2242 καί

175 2282 540 2353 ἐπιθυμήσει
589 2285 622 2336 ό
667 2282 972 2348 ,ϐασιλεὺς
1015 2283 1121 2337 τοῦ
1169 2282 1439 2348 κάλλους
1480 2296 1619 2337 σου.
1654 2282 1766 2335 Καὶ

177 2373 384 2430 πάλιν
435 2374 985 2444 Ἀπενεχθήσονται
1040 2375 1121 2441 τῷ
1178 2374 1430 2439 ,βασιλεῖ
1486 2374 1768 2442 παρθένοι

180 2471 380 2524 ὀπίσω
418 2467 628 2538 αὐτῆς.
683 2468 808 2532 [Ιῶς
863 2468 1365 2540 ἀπενεχθήσονταις
1421 2467 1662 2539 δηλονότι
1700 2468 1770 2520 ἐν

180 2563 535 2631 εὐφροσύνῃ
590 2563 686 2617 καὶ
733 2560 1109 2632 ἀγαλλιάσει.
1157 2564 1295 2617 Ποία
1329 2564 1490 2633 αὑτὴ,
1536 2557 1581 2616 ὦ
1630 2580 1768 2634 προ-

184 2654 372 2724 φῆτα;
424 2656 642 2725 Ἐπειδὴ
672 2657 772 2708 οὐκ
814 2655 919 2709 ἔδει
972 2656 1070 2727 τὴν
1121 2656 1372 2727 βασιλίδα
1401 2656 1448 2689 ⁷³
1482 2655 1650 2726 μόνην
1690 2655 1770 2718 είς

184 2746 279 2799 τὸν
311 2747 438 2801 ναδν
464 2746 559 2800 τοῦ
601 2748 866 2818 βασιλέως
889 2748 1270 2819 ἀπενεχθῆναι,
1298 2748 1456 2802 τοῦτο
1488 2746 1771 2819 πόρρωθεν

182 2836 276 2893 διὰ
316 2838 632 2909 Πνεύματος
667 2840 823 2909 ἁγίου
862 2840 1124 2912 ᾀδόμενον
1154 2842 1391 2913 εἴρηται.
1433 2840 1543 2893 Καὶ
1573 2840 1766 2893 πάλιν·

191 2934 267 2985 Αἱ
331 2933 601 2998 πλησίον
644 2932 835 3009 αὐτῆς
890 2934 1416 3004 ἀπενεχθήσονταί
1458 2951 1579 2990 σοι.
1638 2936 1774 2987 Ἀπ-

185 3022 500 3093 ηνέχθησαν
540 3022 721 3076 τοίνυν
746 3024 791 3055 ⁷³
817 3024 915 3077 σὺν
950 3028 1018 3096 τῇ
1042 3027 1175 3097 ἁγίᾳ
1209 3027 1473 3099 Παρθένῳ
1504 3029 1599 3083 καὶ
1618 3025 1773 3082 ἄλλαι

187 3112 486 3183 παρθένον
542 3115 807 3184 πρόδηλον
866 3116 947 3170 ὅτι
988 3118 1083 3171 καὶ
1116 3119 1278 3172 αὐταὶ
1319 3122 1588 3190 μετέσχον
1619 3122 1776 3187 ἁγια-

191 3203 359 3274 σμοῦ·
385 3204 480 3267 Τίς
509 3206 618 3276 γὰρ
657 3205 980 3275 ὲψιωμένων
1007 3206 1054 3238 ⁸⁸
1078 3208 1325 3279 βασιλέα,
1360 3209 1391 3280 ἢ
1435 3211 1683 3281 βχσιλίδα
1705 3211 1773 3277 δι’

184 3295 342 3366 δῶρα
376 3297 467 3350 καὶ
495 3295 702 3365 ὀψώνια
722 3297 853 3368 παρ’
875 3298 1058 3353 αὐτῶν
1084 3300 1186 3353 οὐκ
1203 3301 1527 3371 ἀμείψεται;

268 3570 421 3625 Εἰσὶν
439 3572 494 3626 δὲ
518 3572 613 3626 καὶ
640 3573 799 3627 ἄλλαι
824 3573 1084 3646 παρθένοι
1106 3591 1119 3605 ·
1150 3574 1267 3629 ἀλλ’
1291 3576 1378 3630 ἵνα
1403 3576 1491 3630 τὸν
1517 3577 1673 3645 λόγον
1704 3578 1778 3649 μὴ

199 3664 590 3735 μακρύνωμεν,
620 3664 777 3734 ὀλίγα
810 3667 901 3720 καὶ
931 3667 1059 3737 περὶ
1087 3667 1310 3721 ἐκείνων
1344 3669 1579 3741 λαλήσω.
1613 3671 1780 3723 Αὑταί

195 3757 341 3809 εἰσιν
375 3755 431 3807 αἱ
460 3756 559 3825 τὴν
599 3757 898 3827 παρθενίαν
941 3756 1133 3828 ῶσπερ
1183 3757 1460 3830 θησαυρὸν
1501 3760 1780 3831 βασιλικὸν

198 3848 602 3918 φυλάξασαι⁸²,
655 3850 1021 3921 προσέχουσαι
1064 3851 1289 3914 ἑαυταῖς
1332 3851 1646 3915 διαπαντὸς,
1696 3853 1783 3905 ἴνα

201 3939 281 4011 μὴ
312 3941 431 4000 ταῖς
476 3939 637 3991 πέντε
679 3942 892 4009 μωραῖς
924 3940 1379 4009 ὀμοιωθήσονται,
1427 3939 1542 3991 ἀλλ’
1572 3940 1657 3992 ἀεὶ
1690 3941 1782 3991 τὸν

198 4031 487 4103 βασιλικὸν
522 4031 690 4101 σηκὸν
733 4031 1103 4098 φυλάττουσαι
1152 4030 1245 4081 καὶ
1285 4028 1433 4099 μόνῳ
1462 4028 1541 4099 τῷ
1566 4028 1784 4098 νυμφίῳ

196 4122 387 4177 αὐτῶν
409 4122 455 4154 ⁸³
492 4122 848 4190 ἀρέσκουσαι.
880 4119 1051 4181 Αὐτὸς
1084 4119 1194 4189 γὰρ
1238 4119 1540 4173 ἐνετείλατο
1570 4120 1744 4189 λέγων
1768 4137 1782 4153 ·

194 4214 413 4280 Οὐδεὶς
446 4213 698 4267 δύναται
720 4212 863 4267 δυσὶ
903 4212 1133 4280 κυρίοις
1157 4211 1495 4267 δουλεύειν.
1523 4214 1634 4266 Καὶ
1660 4214 1789 4267 πολε

200 4308 295 4361 λαὶ
327 4306 428 4377 μὲν
456 4306 545 4359 διὰ
573 4304 667 4357 τοῦ
700 4305 1002 4375 μαρτυρίου
1027 4304 1086 4357 τὸ
1117 4304 1385 4375 μακάριον
1407 4304 1564 4368 τέλος
1595 4304 1753 4376 ἔσχον
1771 4320 1785 4335 ’

1865 2011 2033 2066 nibus
2085 2008 2256 2063 David
2314 2008 2384 2063 de
2448 2009 2569 2077 ipsa
2628 2008 2813 2077 palam
2862 2006 3202 2060 vaticinatus
3252 2010 3340 2058 est
3372 2000 3441 2053 f:

1864 2100 2031 2165 Audi,
2099 2098 2303 2169 inquit,
2364 2097 2462 2151 Dei
2518 2097 2630 2167 (54)
2687 2095 2828 2165 ﬁlia,
2878 2103 2926 2147 et
2960 2093 3095 2157 vide,
3146 2101 3195 2145 et
3246 2090 3449 2145 inclina

1868 2208 2051 2246 aurem
2101 2199 2274 2253 tuam,
2316 2198 2367 2242 et
2418 2186 2729 2241 obliviscere
2786 2184 3041 2254 papulum
3072 2192 3242 2248 tuum,
3283 2189 3333 2234 et
3359 2180 3451 2232 do-

1867 2300 2012 2337 mum
2047 2283 2215 2351 patris
2246 2282 2364 2343 tui;
2409 2288 2457 2333 et
2491 2278 2831 2347 concupiscet
2870 2291 2965 2330 rex
2995 2272 3451 2342 pulchritudinem

1870 2384 2017 2429 tuam
2048 2373 2091 2428 ί.
2132 2375 2197 2428 Et
2246 2387 2442 2428 rursus
2476 2390 2489 2425 :
2537 2370 2885 2423 Adducentur
2926 2368 3037 2437 regi
3069 2366 3294 2435 virgines
3327 2373 3452 2432 post

1868 2485 1986 2524 eam
2015 2471 2061 2521 ε.
2102 2466 2391 2534 Quomodo
2458 2461 2848 2519 adducentur?
2888 2461 2943 2514 in
2991 2458 3183 2514 lwtitia
3239 2455 3454 2512 scilicet

1870 2571 1921 2616 et
1982 2561 2339 2615 exsultatione
2396 2555 2447 2613 ιι.
2484 2555 2677 2622 Qualis
2728 2560 2785 2609 et
2843 2559 3050 2622 quanta
3104 2550 3220 2604 haec
3268 2553 3378 2611 est,
3417 2559 3454 2600 ο

1871 2651 2176 2722 Propheta!
2240 2649 2512 2717 Quoniam
2573 2659 2925 2717 nequaquam
2979 2642 3210 2699 decebat
3279 2646 3340 2693 ut
3398 2636 3455 2691 in

1876 2746 2142 2816 templum
2180 2745 2325 2815 regis
2361 2744 2477 2797 sola
2515 2742 2637 2797 sine
2672 2739 2939 2794 comitatu
2981 2735 3173 2807 regina
3209 2731 3453 2787 adduce-

1875 2849 2064 2907 retur;
2110 2841 2222 2911 jam
2270 2847 2325 2893 et
2375 2838 2467 2892 hic
2516 2835 2815 2891 comitatus
2859 2831 2952 2886 diu
3012 2840 3138 2883 ante
3187 2841 3285 2899 per
3340 2822 3459 2894 Spi-

1875 2933 2044 2987 ritum
2110 2938 2362 2986 sanctum
2424 2926 2830 2997 prmnuntiatus
2897 2922 3029 2977 est!
3092 2919 3160 2973 Et
3218 2930 3455 2972 rursus:

1878 3024 2149 3079 Proxima:
2183 3023 2295 3092 ejus
2344 3021 2637 3090 afferentur
2684 3017 2781 3071 tibi
2818 3015 2862 3073 ί.
2895 3014 3033 3071 Cum
3063 3018 3259 3068 sancta
3289 3008 3461 3080 igitur

1877 3117 2101 3187 Virgine
2135 3116 2255 3169 aliae
2290 3129 2511 3184 quoque
2543 3112 2787 3182 virgines
2824 3107 3116 3173 adducta);
3172 3110 3362 3173 atque,
3397 3106 3463 3154 ut

1880 3209 2233 3266 manifestum
2264 3216 2370 3272 est,
2406 3214 2461 3262 et
2495 3207 2625 3276 ipsa:
2652 3200 3120 3260 sanctiﬁcationis
3158 3195 3461 3269 participes

1882 3304 2126 3359 fuerunt.
2161 3301 2362 3370 Ecquis
2393 3298 2537 3355 enim
2586 3311 2779 3352 eorum
2819 3294 2913 3365 qui
2948 3299 3078 3349 sunt
3113 3291 3167 3345 in
3197 3288 3463 3345 comitatu

1882 3396 2029 3465 regis
2056 3394 2139 3449 vel
2170 3393 2391 3463 regium,
2427 3405 2659 3445 munera
2712 3390 2782 3443 ab
2812 3387 2949 3458 ipsis
2991 3384 3324 3457 praemiaque
3353 3394 3464 3434 non

1884 3486 2119 3543 referat?

1952 3579 2223 3635 Caeterum
2273 3584 2328 3630 et
2392 3575 2513 3630 alia:
2571 3582 2702 3630 sunt
2754 3572 3021 3644 virgines,
3058 3569 3124 3625 de
3164 3565 3367 3638 quibus
3399 3579 3469 3617 ne

1884 3685 2196 3728 sermonem
2247 3667 2469 3738 longius
2512 3666 2855 3737 protraham,
2911 3676 3091 3733 pauca
3139 3665 3351 3713 tantum
3382 3663 3467 3708 at-

1886 3763 2115 3833 tingam.
2164 3759 2258 3814 Hae
2310 3766 2442 3814 sunt
2497 3773 2620 3825 qua:
2665 3754 3039 3823 virginitatem
3070 3758 3333 3817 tanquam
3382 3760 3471 3833 ref

1885 3832 2034 3921 gium
2092 3850 2412 3904 thesaurum
2462 3860 2588 3898 cum
2630 3841 3002 3904 servaverint,
3043 3837 3339 3892 sollicitam
3381 3832 3465 3887 sui

1886 3956 2075 3996 curam
2106 3952 2389 4007 nunquam
2445 3950 2555 3989 non
2601 3933 2899 3997 adhibent,
2934 3939 2994 3986 ut
3030 3929 3281 4000 quinque
3306 3926 3472 3980 fatuis

1888 4044 2240 4101 nequaquam
2291 4027 2502 4084 similes
2556 4023 2910 4089 eiliciantur,
2971 4020 3067 4076 sed
3122 4018 3330 4090 iugiter
3390 4014 3475 4069 vi-

1890 4123 2028 4196 giles
2080 4120 2306 4175 domum
2374 4117 2583 4189 regiam
2636 4114 2978 4177 custodiant,
3033 4119 3089 4167 et
3144 4110 3308 4165 unico
3372 4121 3473 4162 suo

1891 4216 2135 4287 ipsarum
2178 4226 2386 4283 sponso
2417 4211 2686 4281 placeant.
2739 4206 2816 4261 ita
2853 4206 2998 4261 enim
3040 4204 3158 4272 ipse
3188 4198 3471 4287 praecepit,

1893 4304 2150 4375 inquiens
2185 4318 2198 4356 :
2260 4299 2434 4355 Nemo
2484 4306 2657 4369 potest
2707 4296 2911 4351 duobus
2939 4292 3172 4348 dominis
3198 4290 3393 4346 servire
3425 4286 3473 4339 i.

205 4398 370 4452 ἄλλαι
412 4398 469 4450 δὲ
519 4396 613 4450 καὶ
650 4396 716 4447 δι’
758 4396 1043 4467 ἀσκήσεως
1097 4395 1193 4448 καὶ
1222 4394 1311 4448 διὰ
1356 4394 1468 4449 τῶν
1513 4397 1766 4467 σαρκικῶε

1894 4394 1961 4449 Et
1995 4394 2183 4449 multa:
2216 4392 2443 4463 quidem
2497 4391 2647 4445 facto
2690 4387 2961 4458 martyrio
3002 4386 3070 4440 ad
3100 4385 3322 4439 beatum
3354 4378 3476 4436 exi-

205 4488 589 4560 πειρατηρίων
625 4488 1103 4559 ἐστεφανώθησαν,
1162 4490 1257 4541 καὶ
1316 4488 1397 4541 ἔτι
1456 4489 1788 4557 στεφανοῦν-

206 4600 324 4636 ται.

1896 4494 2012 4542 tum
2047 4491 2445 4556 pervenerunt.
2477 4484 2612 4538 Alize
2647 4489 2833 4535 autem
2882 4494 2982 4550 per
3013 4484 3236 4533 sanctas
3266 4472 3480 4531 exerci-

1827 4596 1874 4652 ι)
1903 4577 2142 4633 lationes
2194 4586 2248 4631 et
2301 4575 2493 4629 carnis
2528 4573 2862 4629 tentationes
2907 4578 3190 4625 coronatae
3218 4566 3478 4630 fuerunt,

1912 4685 1975 4726 ac
2005 4684 2175 4741 pOI'I'O
2208 4679 2563 4724 οονοηειηιυν.

297 4799 489 4858 ΐΡειιὶ.
521 4818 667 4870 xuv,
698 4804 784 4857 ll.
867 4806 891 4843 8
927 4803 1062 4859 ibid.
1095 4803 1184 4859 15.
1261 4805 1291 4843 ιι
1346 4803 1461 4859 ibid
1504 4804 1594 4861 16.
1678 4806 1694 4845 ί
1751 4803 1766 4859 Ι

1876 4844 1902 4859 ι.
1934 4820 2079 4870 xuv,
2107 4805 2193 4859 15.
2275 4802 2288 4853 i
2332 4802 2528 4858 Matth.
2594 4817 2671 4867 vt,
2718 4800 2811 4855 2t.

1528 4932 1765 4990 VARle
1794 4935 2204 4992 LECTIONES.

283 5028 329 5060 ⁷⁷
362 5023 527 5078 Barb.
579 5024 717 5088 πῶς,
750 5039 872 5078 cum
910 5024 1047 5080 Czt's.
1097 5025 1163 5077 A.
1206 5024 1420 5093 praetuli
1461 5026 1677 5089 κοινῶς.

1754 5027 1800 5059 ⁷⁸
1910 5028 2073 5082 Barb.
2103 5027 2287 5082 mend.
2311 5026 2607 5097 βασιλεῖδα.
2687 5024 2732 5058 ⁷³
2760 5026 2893 5092 Quae
2929 5025 3189 5094 deinceps
3230 5024 3297 5080 ad
3327 5024 3489 5097 tinem

219 5110 407 5165 usque
435 5105 743 5165 sequuntur
774 5094 974 5149 desunt
1026 5096 1080 5149 in
1115 5096 1310 5149 mutilo
1345 5095 1469 5149 cod.
1539 5096 1678 5150 Caes.
1733 5095 1797 5152 Β.
1872 5098 1919 5130 ⁸ο
1957 5098 2095 5153 Caes.
2137 5100 2203 5151 A.
2254 5100 2283 5153 ὁ

2306 5094 2574 5167 ᾦικεύων,
2608 5110 2708 5151 nec
2764 5099 2949 5167 minus
3001 5098 3264 5151 mendose
3322 5094 3491 5147 Barb.

217 5164 527 5237 ὀψικεῷων.
554 5164 692 5220 Tres
742 5179 908 5237 porro
942 5165 1216 5237 habemus,
1239 5180 1423 5237 voces,
1449 5181 1571 5237 qua:
1605 5173 1657 5220 et
1686 5167 1926 5237 aliquam
1959 5164 2381 5222 similitudinem
2445 5182 2568 5222 cum
2623 5167 2710 5221 his
2736 5166 2973 5230 mendis,
3012 5174 3067 5221 et
3099 5180 3323 5220 sensum
3358 5179 3494 5237 con-

220 5236 399 5308 textui
428 5251 735 5308 congruum
764 5235 1034 5308 habeant,
1056 5235 1311 5308 videlicet
1342 5234 1723 5308 oraoedmvab
1749 5234 2019 5300 ὀπαδεύω,
2044 5239 2422 5308 ὀψικέλευθος.
2455 5238 2600 5308 quod
2664 5248 2747 5292 est
2769 5252 2887 5308 sero
2952 5251 3046 5308 seu
3088 5245 3207 5302 post
3259 5236 3493 5300 veniens,

220 5314 283 5359 et
311 5306 631 5375 ὲψιωμένων
662 5306 729 5360 ab
757 5305 1037 5375 ἑψιάομαι,
1067 5306 1233 5373 quod,
1264 5316 1400 5361 teste
1432 5304 1599 5361 llenr.
1628 5306 1926 5375 Stephano,
1954 5304 2100 5363 idem
2133 5310 2300 5363 etiam
2334 5304 2488 5364 valet'
2505 5321 2567 5360 ac
2595 5306 2926 5360 ἀκολουθέω.
2973 5306 3313 5360 Postremam
3357 5321 3496 5375 pra:-

226 5374 509 5431 ferendam
538 5376 690 5431 duxi.
767 5378 809 5409 ⁸¹
849 5374 1013 5431 Barb.
1040 5377 1223 5431 tuend.
1250 5375 1547 5446 βασιλεῖδα.
1627 5377 1672 5409 ⁸’

1759 5380 1880 5435 arb.
1909 5379 2161 5449 φυλάξαι,
2193 5378 2333 5437 Cas.
2373 5380 2437 5434 A.
2470 5377 2803 5449 φυλάξασαι.
2880 5376 2928 5408 ⁸³
2973 5375 3139 5432 Barb.
3176 5376 3391 5439 αὑταῖς.

1739 5554 1971 5612 ΝΟΤᾹΣ.

308 5644 418 5713 (δι)
462 5644 575 5698 Sno
614 5652 789 5699 marte
834 5640 1073 5699 Joannes
1120 5643 1209 5699 hic.
1255 5645 1405 5701 addit
1440 5660 1629 5701 vocem
1665 5645 1805 5711 Dei;

1911 5649 2337 5727 Deiparamccu
2368 5648 2465 5704 Dei
2512 5650 2684 5719 ﬁliam
2729 5647 3104 5727 celebrarent.
3140 5642 3227 5701 Nil
3246 5644 3493 5727 proinde

234 5716 587 5789 ηεαυψυῖω
623 5716 677 5789 il}
705 5714 928 5789 Psalmo
965 5714 1168 5789 193""?
1211 5715 1310 5770 Dei
1351 5717 1491 5789 ﬁlia,
1527 5716 1619 5771 sed
1653 5732 1806 5789 mere
1912 5714 2134 5789 mirum,
2191 5722 2236 5778 si
2288 5723 2431 5778 ultro
2482 5714 2551 5775 ex
2592 5733 2690 5776 ore
2734 5727 2787 5774 et
2817 5720 3034 5775 calamo
3063 5714 3293 5774 Joannis
3325 5717 3376 5771 id
3405 5730 3502 5771 ex-

234 5783 376 5857 ﬁlia.
412 5783 614 5857 Verum
647 5786 758 5857 jam
782 5784 927 5857 alias
967 5785 1302 5857 notavimus,
1354 5783 1601 5842 Soleinne
1640 5801 1703 5840 ac
1728 5786 1806 5857 fa-

240 5852 454 5913 miliare
480 5856 579 5911 SS.
646 5855 903 5908 Patribus
971 5852 1159 5918 fuisse,
1216 5866 1275 5912 ut
1318 5857 1591 5928 singulari
1640 5856 1803 5917 laude

561 5953 831 6016 PATROL.
876 5952 994 6015 Gn.
1030 5951 1231 6013 XCVI.

1912 5791 2065 5847 cidit.

3064 5941 3133 6002 47
