3874 6350
144 420 161 478 I
173 416 278 481 489

1058 415 1314 476 SERMO
1364 414 1448 476 IN
1491 408 2079 474 CONCEI’TIONEM
2124 404 2499 466 DEIPARE.

3279 398 3418 463 1i90

136 532 332 603 τρόμῳ
360 529 454 584 καὶ
485 528 634 602 φόϐῳ
661 531 762 602 τὴν
797 529 1143 603 λειτουργίαν
1166 525 1590 593 ὲπιτελοῦντας;
1630 523 1730 580 οὐκ

1858 522 2117 576 xercitus
2169 518 2386 573 duces?
2436 531 2546 571 non
2589 514 2760 571 habet
2813 512 3105 576 satellites,
3153 509 3244 582 qui
3290 492 3419 564 cum

137 624 282 677 εἰσιν
332 620 482 692 αὐτῷ
526 620 826 691 βασιλικοί;
887 625 1000 687 ναὶ,
1062 623 1216 693 φησι,
1274 620 1497 690 πᾶσαῆ
1557 616 1733 679 κτίσις

1834 611 2035 666 timore
2062 616 2118 665 et
2167 615 2408 663 tremore
2448 613 2697 661 astantes
2740 604 2979 670 ollicium
3013 600 3279 670 explent?
3311 614 3421 653 non

139 713 316 767 αὑτοῦ
353 691 502 765 ἐστιν
525 730 536 743 ·
570 713 771 766 Χίλιαι
802 712 1075 780 χιλιάδες
1119 691 1189 767 έν
1213 709 1495 780 οὐρανοῖς
1522 710 1541 740 τ
1574 705 1735 773 αὐτῷ

1858 703 2001 757 labet
2034 700 2218 771 regios
2251 697 2584 771 praefectos?
2617 697 2781 753 habet
2809 712 2966 761 sane,
3000 694 3182 749 οιιιιιίε
3217 691 3425 761 quippe

138 809 573 872 παρίστανται,
606 802 707 856 καὶ
739 804 948 872 μύριαι
990 803 1280 874 μυριάδες
1306 804 1327 835 ⁸
1357 798 1736 871 λειτουργοῦ-

138 909 250 946 σιν
275 892 455 959 αὐτῷ.

216 986 330 1040 IH'.
367 983 557 1038 Ταῦτα
591 982 767 1047 οὕτως
814 983 931 1055 ἔχει
969 983 1061 1037 τὸν
1090 986 1295 1056 τρόπον
1333 983 1436 1055 τῆς
1487 982 1735 1037 θεοτόκου

137 1076 371 1146 Μαρίας
428 1075 917 1145 ἀναστρεφομένης
951 1077 1029 1139 είς
1078 1076 1146 1130 τὰ
1181 1075 1349 1144 ’Ἅγια
1382 1075 1493 1129 τῶν
1531 1075 1735 1144 ἁγίων·

139 1167 318 1238 αὐτὴν
350 1167 406 1221 δὲ
437 1168 619 1239 πάσης
652 1166 1005 1237 δικαιοσύνης
1044 1167 1325 1237 ἁνωτέραν
1348 1166 1648 1238 δειχθῆναι.

224 1342 292 1395 ’Ὤ
355 1340 458 1411 τῆς
505 1342 781 1395 Ἰουδαίων
841 1342 1153 1414 πωρώσεως
1182 1345 1234 1396 ’I
1275 1343 1321 1395 ὣ
1362 1343 1463 1413 τῆς
1520 1343 1742 1396 ἐκείνων

140 1435 370 1498 ἁνοίαςῐ
405 1436 468 1488 Ὦ
496 1433 598 1502 τῆς
629 1435 924 1504 αἱρετικῶν
966 1435 1340 1506 βλασφημίας,
1371 1434 1417 1487 ὣ
1454 1438 1552 1507 τῆς
1582 1438 1742 1488 ὲσκο-

143 1528 415 1599 τισμένης
462 1526 647 1579 αὐτῶν
700 1527 951 1599 καρδίας.
1009 1527 1180 1581 Οὐδὲν
1211 1529 1318 1599 γὰρ
1358 1530 1405 1581 οἱ
1458 1529 1595 1599 ἔριδι
1649 1528 1742 1581 καὶ

145 1619 301 1689 ζήλῳ
337 1618 796 1689 προσκρούοντες.
844 1619 921 1682 ὡς
955 1619 1132 1690 χύτρα
1180 1621 1401 1689 λέϐητι,
1447 1621 1596 1692 ἥττω
1648 1618 1742 1672 τοῦ

144 1710 507 1779 φρονήματος
544 1709 652 1762 τῶν
695 1709 969 1763 Ἰουδαίων
1004 1711 1162 1764 εἰσίν.
1226 1712 1390 1764 Αὐτοὶ
1424 1711 1533 1782 γὰρ
1578 1728 1747 1782 προσ·-

146 1801 442 1872 κρούονται
466 1840 480 1866 ,
516 1803 611 1855 καὶ
658 1803 814 1855 αὐτοὶ
868 1804 1264 1876 συντρίϐονται.
1297 1805 1366 1857 Ἢ
1400 1805 1499 1857 οὐκ
1531 1800 1669 1875 ἦσαν
1705 1803 1745 1834 ¹⁰

143 1896 200 1947 οἱ
229 1895 509 1965 προφῆται
540 1894 598 1961 ἐξ
625 1894 837 1961 αύτῶν;
867 1894 982 1949 Νῦν
1018 1896 1075 1949 δὲ
1117 1896 1242 1959 τοὺς
1272 1895 1576 1966 ὁμοφύλους
1607 1912 1742 1965 προ-
1772 1886 1815 1940 Β

146 1987 333 2057 φήτας
369 1987 745 2056 ὁμολογοῦσιν,
772 1990 884 2051 τοῖς
910 1987 965 2041 δὲ
997 1988 1178 2056 λόγοις
1209 1989 1391 2042 αὐτῶν
1421 1990 1481 2042 ού
1528 1988 1742 2042 πείθον-

147 2096 267 2133 ται.
294 2078 403 2131 Ποῦ
436 2078 530 2132 οὖν
562 2076 700 2133 εἶδον
737 2081 817 2144 εἰς
848 2081 1027 2144 πάσας
1051 2081 1248 2150 γενεὰς
1284 2082 1454 2152 κόρην
1486 2082 1526 2112 ’⁸
1554 2078 1633 2145 εἰς
1673 2082 1740 2134 τὰ

151 2171 328 2240 Ἀγια
360 2170 672 2240 τῶνὰγίων
707 2173 1153 2244 ἀνατραφεῖσαν,
1187 2173 1220 2242 ἢ
1264 2175 1425 2228 πάλιν
1476 2174 1743 2246 παρθένον

157 2263 305 2335 μετὰ
351 2264 548 2329 τόκον;
605 2265 743 2335 Οὐχὶ
795 2264 972 2329 αὐτοὶ,
1021 2265 1111 2318 ὅτε
1156 2266 1443 2336 ἀρχιερεὺς
1479 2267 1507 2319 ὁ
1540 2265 1745 2337 Κύριος

155 2357 398 2425 ἐγένετο,
462 2356 618 2420 ἰδίαις
678 2357 865 2428 χερσὶν
913 2356 973 2422 ἐξ
1030 2357 1210 2413 αὐτῶν
1249 2374 1393 2422 τινες
1441 2358 1745 2431 γράφοντες

153 2448 524 2519 ὡμολόγησαν
551 2449 593 2480 ¹²
630 2449 906 2518 Παρθένον
939 2448 1039 2519 τὴν
1076 2450 1238 2518 ἁγίαν
1267 2450 1522 2521 Μαρίαν;
1557 2451 1740 2520 Ψηφι-

159 2543 378 2594 σὰντων
399 2540 509 2610 γάρ
531 2557 691 2593 τινων
719 2539 810 2592 τὸν
832 2539 1036 2611 Κύριον
1070 2540 1129 2605 ἐξ
1154 2542 1335 2596 αὐτῶν
1363 2543 1440 2605 είς
1463 2543 1746 2614 ἀρχιερέα,

162 2633 255 2686 ἵνα
278 2632 538 2704 πληρωθῇ
574 2634 602 2685 ὁ
631 2631 786 2700 λόγος
816 2634 845 2685 ὁ
877 2635 1270 2705 γεγραμμένος
1294 2652 1305 2667 ·
1335 2635 1417 2689 Σὺ
1447 2635 1639 2704 ἱερεὺς
1662 2639 1749 2703 εἱς

160 2727 277 2779 τὸν
314 2724 501 2778 αἰῶνα
551 2727 701 2779 κατὰ
742 2726 856 2794 τὴν
906 2726 1082 2791 τάξιν
1128 2728 1538 2797 Μελχισεδέκο
1609 2730 1750 2783 ὃτιό

164 2819 354 2888 σοφίᾳ
393 2816 551 2887 παρὰ
588 2819 735 2872 Θεοῦ
772 2819 868 2872 καὶ
910 2819 1239 2889 ἀνθρώπων
1280 2818 1358 2892 ἦν
1398 2823 1747 2890 προκόψας’

165 2910 264 2963 καὶ
295 2909 339 2941 ¹³
381 2911 445 2962 ὲκ
498 2909 669 2980 φυλῆς
716 2909 1033 2980 βασιλικῆς,
1092 2912 1188 2965 καὶ
1236 2913 1626 2983 ἀρχιερατικῆς
1683 2908 1752 2985 ἦν

162 2998 355 3070 Μαρία
386 3000 420 3069 ἡ
463 3000 595 3067 ἁγία
644 2999 907 3064 Θεοτόκος
930 3015 944 3031 ⁵
981 3002 1125 3055 κατὰ
1155 3002 1217 3055 τὸ
1251 3002 1558 3074 εἰθισμένον
1582 3005 1624 3035 ¹δ
1657 2999 1753 3058 οὖν

164 3091 355 3151 αὐτοῖς
394 3092 681 3161 ἐποίησαν.
748 3090 870 3144 Τῶν
929 3090 1039 3163 γὰρ
1102 3093 1507 3164 προὸαινόντων
1562 3096 1754 3168 ἱερέων

166 3181 461 3252 ags.sz
486 3181 577 3234 τὸν
607 3182 843 3253 πατέρα,
878 3184 974 3237 καὶ
1001 3185 1102 3256 τὴν
1130 3186 1362 3257 μητέρα,
1397 3188 1491 3241 καὶ
1516 3187 1754 3259 ἔγραφον

164 3274 241 3326 τὰ
273 3273 512 3343 ὀνόματα
546 3274 725 3327 αὐτῶν
750 3276 830 3339 εἰς
860 3276 959 3347 τὴν
991 3279 1035 3309 ¹⁸
1070 3278 1253 3347 ψῆφον
1282 3280 1381 3349 τῆς
1418 3277 1719 3350 ἱερωσύνης
1740 3297 1754 3312 ·

168 3365 272 3419 καὶ
304 3365 667 3437 ἐπηρώτησαν
693 3366 737 3398 ¹⁶
764 3367 862 3438 τὴν
892 3369 1056 3437 ἁγίαν
1086 3370 1127 3401 ⁸⁷
1155 3371 1434 3441 Παρθένον
1470 3371 1721 3441 λέγοντες
1742 3389 1755 3405 ⁸

168 3458 307 3522 Υἱός
341 3475 434 3512 σου
461 3460 609 3512 ἐστιν
647 3461 675 3511 ὁ
715 3460 1041 3531 Ἰησοῦς;Ἡ
1074 3461 1129 3514 δὲ
1155 3462 1387 3531 ἔφησενο
1424 3463 1553 3517 Ναί.
1598 3465 1661 3517 Οἱ
1702 3463 1758 3516 δὲ

174 3547 335 3605 εἷπον
358 3567 371 3581 ·
412 3551 524 3604 Καὶ
565 3550 649 3615 τίς
683 3553 832 3604 ἐστιν
860 3552 888 3604 ὁ
921 3554 1103 3624 πατὴρ
1139 3553 1339 3621 αύτούς
1409 3555 1472 3608 Ἡ
1512 3556 1569 3609 δὲ
1626 3573 1761 3609 παν·

175 3643 412 3712 ἁμωμος
458 3642 736 3714 ἀπεκρίθη
759 3658 774 3671 ·
820 3644 1040 3715 Πατέρα
1083 3644 1183 3715 μὲν
1219 3647 1313 3700 ἐπὶ
1346 3647 1449 3718 γῆς
1478 3648 1578 3701 οὐκ
1607 3647 1721 3719 ἔχει
1745 3667 1757 3679 ο

176 3731 294 3801 ἐγὼ
321 3732 379 3784 δὲ
417 3732 687 3800 ἐγέννησα
717 3733 881 3787 αὑτὸν
904 3733 980 3798 ὡς
1021 3728 1162 3791 οἶδεν
1193 3736 1377 3801 αὑτός.
1421 3737 1612 3809 Πατὴρ
1656 3738 1765 3811 γὰρ

176 3820 347 3877 αὐτοῦ
367 3825 395 3877 ὁ
424 3822 557 3882 Θεός
584 3826 753 3877 ἐστιν.
781 3826 843 3878 υἱ
864 3825 920 3877 δὲ
944 3821 1098 3879 εἶπον
1120 3843 1132 3856 °
1169 3828 1260 3880 καὶ
1281 3829 1584 3898 γράφωμεν
1605 3830 1767 3881 αὐτὸν

178 3917 262 3981 είς
292 3915 390 3986 τὴν
422 3915 642 3987 γραφὴν
682 3915 778 3969 τοῦ
811 3915 978 3987 τὸμου
1028 3918 1144 3971 υἱὸν
1169 3919 1212 3950 ¹⁸
1243 3917 1336 3971 τοῦ
1382 3919 1518 3971 Θεοῦ
1546 3935 1561 3982 ;
1611 3919 1675 3970 Ἠ
1710 3918 1767 3970 δὲ

179 4004 338 4062 εἶπεν
360 4023 373 4039 ⁸
406 4008 679 4079 Γρὰψατε.
710 4009 820 4061 Καὶ
847 4008 1097 4077 ἔγραψαν
1129 4009 1210 4071 εἰς
1243 4008 1334 4061 τὸν
1366 4009 1532 4078 τόμον
1556 4008 1730 4073 οὕτως
1749 4024 1768 4042 ’

196 4099 407 4171 Ἰησοῦς
439 4102 467 4154 ὁ
499 4100 613 4161 υἱὸς
636 4098 732 4151 τοῦ
760 4098 920 4160 Θεοῦ,
954 4099 1049 4151 καὶ
1079 4099 1193 4162 υίὸς
1222 4100 1446 4170 Μαρίας
1472 4102 1536 4171 τῇ
1566 4101 1771 4156 ἄνωθεν

182 4194 352 4265 ψήφῳ
392 4194 471 4253 εἰς
495 4190 587 4243 τὸν
608 4188 782 4243 αἰῶνα
814 4188 1124 4259 ἱερεύσεται
1152 4191 1195 4223 ⁸⁸
1220 4207 1233 4222 ο
1275 4192 1367 4245 καὶ
1394 4192 1686 4266 ἐπληρώθη
1712 4195 1774 4248 τὸ

183 4284 579 4357 γεγραμμένον
607 4282 684 4345 ὡς
705 4281 967 4353 ἀνωτέρω
997 4282 1326 4354 δεδήλωται·
1358 4284 1441 4338 Σὺ
1467 4287 1660 4354 ἱερεὺς
1688 4289 1775 4354 εἰς

185 4380 298 4433 τὸν
324 4375 514 4432 αἰῶνα
538 4376 691 4430 κατὰ
720 4374 834 4445 τὴν
855 4374 1034 4440 τάξιν
1053 4376 1451 4446 Μελχισεδέκ.
1485 4380 1641 4433 Μετὰ
1666 4380 1775 4453 γὰρ

183 4470 284 4526 τοῦ
334 4469 671 4541 ὑποστρέψαι
709 4468 801 4523 τὸν
837 4468 1043 4538 Κύριον
1084 4470 1148 4521 ἐκ
1192 4468 1291 4539 τῆς
1323 4470 1555 4542 ἐρήμου,
1587 4466 1777 4543 ἦλθεν

1785 3234 1827 3291 C

1836 802 2101 850 creatura
2134 792 2309 863 ipsius
2363 799 2452 847 est
2496 808 2509 845 :
2568 789 2743 845 Millia
2796 789 3029 843 millium
3064 793 3245 839 astant
3281 784 3329 837 ei
3369 783 3424 835 in

1839 887 2007 948 caelis,
2039 895 2087 940 et
2134 885 2304 939 decies
2350 893 2570 938 centena
2599 883 2769 936 millia
2801 882 2907 951 ipsi
2941 880 3249 932 ministrant
3280 888 3331 929 ι.

1906 976 2097 1034 XVIII.
2151 976 2277 1031 Haec
2326 976 2402 1030 ita
2451 991 2510 1031 se
2568 975 2778 1029 habent
2825 972 3007 1044 quoad
3044 968 3267 1024 modum
3314 980 3426 1035 quo

1840 1072 1935 1127 Dei
1974 1072 2215 1143 genitrix
2253 1068 2425 1124 Maria
2469 1070 2523 1123 in
2568 1066 2791 1122 Sanctis
2835 1074 3154 1120 sanctorum
3191 1073 3423 1115 conver-

1840 1165 2095 1229 sabatur,
2130 1170 2185 1219 et
2211 1177 2324 1234 quo
2357 1161 2507 1215 omni
2544 1159 2769 1230 justitia
2807 1157 3178 1230 (caeterarum
3215 1160 3428 1209 creatu-

1843 1257 2074 1327 rarum)
2107 1255 2405 1312 sublimior
2441 1263 2668 1309 ostensa
2698 1261 2804 1308 est.

1912 1351 1958 1406 Ο
1985 1348 2299 1404 Iudaeorum
2336 1347 2633 1403 duritiem!
2670 1343 2713 1399 Ο
2744 1344 3067 1399 eorumdem
3101 1344 3425 1399 amentiam!

1845 1443 1951 1498 Sed
1978 1458 2010 1497 ο
2045 1441 2431 1496 luereticorum
2466 1453 2686 1508 quoque
2724 1436 3164 1506 blaspheu‘iiam!
3203 1436 3245 1491 0
3281 1437 3431 1506 ipso-

1845 1550 1967 1589 rum
2010 1547 2229 1604 quoque
2276 1532 2445 1585 corda
2474 1530 2776 1585 obcaecata!
2817 1528 3031 1598 Quippe
3064 1528 3157 1597 qui
3195 1535 3432 1582 conten-

1844 1629 1996 1682 tione
2034 1634 2087 1681 et
2138 1625 2492 1679 aemulatione
2548 1622 2945 1691 impiugentcs,
2992 1632 3254 1691 tanquam
3288 1626 3431 1673 testa

1847 1719 1901 1772 in
1935 1717 2196 1783 lebetem,
2246 1715 2381 1770 nihil
2431 1715 2640 1769 distant
2673 1730 2702 1767 a
2734 1712 3049 1767 Judzeorum
3083 1711 3429 1783 pervicacia.

1850 1807 1956 1878 Ipsi
1983 1807 2132 1861 enim
2166 1805 2535 1868 colliduntur,
2568 1811 2622 1857 ct
2650 1804 2754 1873 ipsi
2788 1813 3177 1858 conteruntur.
3210 1805 3292 1857 An
3325 1819 3431 1858 non

1845 1906 2005 1955 erant
2062 1914 2129 1953 ex
2182 1898 2292 1952 illis
2327 1897 2654 1968 propheta}?
2706 1895 3067 1950 Etiamnunc
3100 1895 3435 1949 conﬁtentur

1847 1990 2123 2062 (Judaai),
2176 1990 2473 2061 prophetas
2517 2004 2583 2044 ex
2625 1988 2877 2058 ipsorum
2940 1997 3093 2043 ortos
3132 1988 3436 2058 propagine

1846 2085 2061 2149 fuisse;
2105 2091 2161 2137 at
2197 2082 2444 2137 oraculis
2488 2094 2682 2135 eorum
2726 2078 2926 2133 cedere
2960 2079 3218 2132 abnuunt
3253 2078 3436 2131 incre—

1848 2177 1985 2231 duli.
2030 2172 2399 2241 Quandonam
2452 2173 2623 2242 igitur
2676 2186 2774 2242 per
2818 2170 3067 2225 omnium
3106 2170 3437 2239 generatio-

1852 2286 1981 2325 num
2024 2269 2325 2323 decursum
2355 2266 2610 2321 viderunt
2643 2264 2941 2335 puellulam
2977 2264 3028 2316 in
3059 2260 3278 2316 Sanctis
3304 2278 3436 2315 san-

1849 2369 2065 2417 ctorum
2109 2358 2479 2414 innutritam?
2516 2357 2600 2411 vel
2641 2371 2870 2421 rursus,
2913 2355 3137 2409 ubinam
3176 2353 3438 2407 viderunt

1850 2452 2121 2521 virginem
2157 2458 2281 2521 post
2316 2447 2584 2519 partum?
2620 2445 2835 2511 Nonne,
2872 2462 2999 2501 cum
3036 2445 3305 2500 Duminus
3340 2444 3438 2499 de-

1851 2545 2099 2599 claratus
2148 2551 2233 2597 cst
2287 2555 2541 2597 summus
2601 2539 2903 2601 sacerdos,
2953 2537 3200 2608 pr0priis
3260 2535 3439 2590 mani-

1853 2637 1958 2692 bus
2012 2651 2079 2691 ex
2149 2634 2285 2705 ipsis
2342 2632 2567 2704 quidam
2634 2631 2942 2686 scribentes
2998 2628 3239 2685 confessi
3308 2636 3442 2683 sunt

1856 2739 2106 2784 sanctam
2150 2726 2378 2780 Mariam
2413 2723 2589 2780 fuisse
2618 2722 2937 2793 virginem?
2968 2720 3105 2775 Cum
3141 2720 3289 2774 enim
3323 2719 3443 2789 qui-

1856 2818 1982 2873 dam
2039 2833 2107 2871 ex
2179 2817 2317 2887 ipsis
2383 2814 2677 2869 Dominum
2743 2815 3108 2868 decernerent
3162 2825 3442 2865 summum

1858 2912 2201 2968 sacerdotem
2259 2908 2359 2978 (ut
2409 2909 2737 2977 impleretur
2788 2920 2975 2960 sermo
3043 2903 3137 2973 qui
3197 2904 3444 2971 scriptus

1860 3014 1986 3060 est:
2032 3004 2113 3059 Tu
2146 3019 2198 3057 es
2248 3005 2501 3056 sacerdos
2544 3000 2597 3053 in
2633 3008 2889 3054 wternum
2947 2995 3237 3052 secundum
3299 3000 3448 3053 ordié

1861 3115 1975 3153 nem
2005 3094 2394 3151 Melchisedech
2429 3093 2541 3163 (48)
2577 3092 2619 3162 ),
2650 3102 2948 3162 pr0pterea
2990 3090 3138 3160 quod
3177 3090 3294 3159 ipse
3318 3104 3446 3157 pro-

1863 3189 2074 3260 ﬁciebat
2128 3186 2394 3258 sapientia
2455 3201 2637 3239 coram
2692 3183 2797 3236 Deo
2852 3192 2901 3237 et
2959 3179 3258 3235 hominibus
3309 3178 3352 3242 ι,
3393 3186 3446 3233 ct

1863 3282 2034 3336 Maria
2092 3288 2282 3336 sancta
2342 3279 2437 3333 Dei
2487 3276 2661 3331 Mater
2709 3281 2830 3330 erat
2883 3288 2950 3329 ex
2999 3272 3173 3341 stirpe
3211 3270 3362 3340 regia
3391 3277 3447 3324 et

1862 3372 2223 3437 sacerdotali,
2277 3369 2512 3441 proinde
2566 3366 2875 3424 secundum
2934 3379 3145 3419 morem
3196 3362 3335 3433 ipsis
3366 3360 3450 3414 fa-

1864 3467 2110 3522 ciebant.
2161 3462 2401 3521 Proinde
2444 3461 2760 3517 astantibus
2795 3458 3181 3514 sacerdotibus
3214 3454 3452 3509 interro-

1864 3565 2137 3631 gaverunt
2200 3564 2416 3627 patrem
2470 3561 2523 3609 et
2571 3563 2843 3614 matrem,
2885 3558 2940 3604 et
2980 3550 3331 3619 scripserunt
3358 3558 3452 3600 eo-

1865 3664 1988 3704 rum
2042 3648 2270 3703 nomina
2319 3647 2374 3701 in
2425 3660 2598 3701 censu
2648 3640 2982 3706 sacerdotii;
3034 3652 3090 3695 et
3140 3639 3453 3707 interroga-

1867 3753 2001 3798 runt
2032 3752 2281 3798 sanctam
2332 3738 2427 3793 Dei
2483 3737 2717 3791 Matrem
2770 3735 3061 3788 dicentes:
3100 3732 3272 3785 Estne
3306 3730 3454 3785 Illius

1870 3844 2000 3888 tuus
2033 3832 2237 3887 Jcsus?
2287 3828 2460 3881 Maria
2524 3840 2657 3879 vero
2719 3823 3047 3893 respondit:
3085 3819 3311 3890 Utique.
3345 3819 3455 3888 Ipsi

1871 3932 2049 3977 autem
2117 3919 2486 3973 addiderunt:
2548 3914 2887 3985 Ecquisnam
2947 3918 3031 3967 est
3090 3918 3248 3981 pater
3296 3908 3461 3979 ejus?

1873 4011 2187 4082 Respondit
2234 4008 2576 4080 purissima:
2606 4005 2664 4059 In
2701 4013 2850 4060 terra
2890 4002 3114 4073 quidem
3153 4016 3264 4055 non
3293 4000 3461 4055 habet

1873 4112 2121 4179 patrem;
2182 4118 2283 4172 ego
2331 4100 2509 4170 ipsum
2568 4096 2733 4169 genui
2808 4105 2866 4150 ut
2894 4094 3049 4149 novit
3110 4093 3250 4164 ipse.
3314 4092 3459 4148 Deus

1874 4195 2019 4252 enim
2052 4204 2137 4249 est
2190 4201 2343 4263 pater
2395 4190 2536 4260 ejus.
2580 4187 2661 4242 Illi
2696 4202 2828 4242 vero
2877 4186 3195 4240 dixerunt:
3231 4181 3458 4237 Scribe-

1875 4301 2073 4343 musne
2142 4286 2195 4340 in
2255 4283 2484 4340 elencho
2532 4280 2765 4345 codicis,
2828 4277 2975 4348 quod
3030 4278 3147 4347 ipse
3184 4276 3256 4331 sit
3310 4274 3460 4330 Iilius

1876 4381 2015 4438 Dei?
2050 4382 2229 4452 Atque
2284 4380 2402 4449 ipsa
2470 4375 2758 4447 reposuit:
2815 4372 2954 4444 (Sic)
3012 4370 3260 4425 scribite.
3291 4367 3355 4422 Et
3379 4367 3459 4422 sic

1878 4474 2194 4529 retulerunt
2247 4472 2301 4525 in
2359 4469 2607 4524 codicem
2642 4486 2653 4521 :
2707 4465 2869 4521 Jesus
2905 4465 3053 4519 [ilius
3103 4461 3195 4517 Dei
3227 4469 3280 4516 ct
3314 4460 3459 4515 ﬁlius

184 4570 279 4631 εἷς
301 4562 579 4631 Ναζαρὲτ,
601 4557 674 4618 οὗ
692 4558 772 4632 ἦν
789 4562 1309 4632 ἀνατεθραμμένος
1329 4579 1344 4595 ο
1368 4563 1464 4618 καὶ
1489 4566 1749 4635 εἰσῆλθεν

1880 4566 2088 4629 Mariae,
2118 4563 2378 4634 suilragio
2410 4578 2441 4617 e
2479 4561 2640 4615 cirlis
2689 4559 2823 4624 lato,
2857 4556 3174 4611 sacerdotio
3202 4553 3463 4625 Iungetur

188 4655 346 4713 κατὰ
383 4655 450 4709 τὸ
478 4655 683 4721 εἰωθὸς
705 4652 780 4722 τῇ
819 4653 1011 4723 ἡμέρᾳ
1031 4654 1139 4708 τοῦ
1177 4655 1485 4711 Σαϐϐάτου
1530 4659 1619 4724 εις
1660 4658 1749 4726 τὴι

1882 4661 1938 4715 in
1980 4666 2273 4714 :etcrnum.
2325 4653 2393 4707 Et
2457 4654 2604 4708 sicut
2666 4648 2921 4719 superius
2962 4646 3301 4699 declaratqu
3354 4650 3462 4707 est,

186 4746 580 4819 συναγωγὴν,
604 4746 703 4801 καὶ
742 4745 968 4813 ἀνέστη
1015 4745 1356 4816 ἀναγνῶναι
1387 4748 1483 4801 καὶ
1514 4748 1749 4804 ὲπεδόθι

1884 4751 2305 4823 implementum
2335 4745 2551 4816 accepit
2587 4741 2881 4811 Scriptura
2907 4737 3171 4807 inquiens
3204 4753 3216 4789 :
3257 4734 3336 4789 Tu
3366 4732 3463 4803 (es)

189 4842 357 4908 αὺτῷ
371 4840 620 4907 ,ϐιϐλίον
655 4840 898 4894 Ἡσαΐου
912 4837 1018 4892 τοῦ
1041 4837 1378 4908 προφήτου,
1405 4841 1501 4894 καὶ
1525 4841 1749 4908 ἀνοίξα.

1885 4844 2131 4900 sacerdos
2164 4845 2218 4896 in
2250 4850 2506 4897 retentum
2554 4833 2842 4891 secundum
2894 4830 3134 4886 ordinem
3184 4825 3465 4882 Melchise-

270 4989 292 5017 ³
325 4980 462 5036 Dan.
505 4994 599 5046 vn,
633 4978 721 5035 lt).
804 4980 819 5013 ι
861 4975 994 5030 Luc.
1031 4990 1091 5038 ιι,
1126 4973 1214 5028 52.

460 5076 469 5085 ‘
1512 5064 1749 5120 ΥΑΠΙᾹΞ
1791 5065 2085 5123 LECTION
2095 5064 2197 5119 ES.
3505 5064 3515 5095 ‘

274 5178 297 5213 ν
334 5168 475 5225 Caes.
514 5167 580 5221 A.
613 5165 762 5220 addit
796 5164 908 5218 τῶν
936 5164 1208 5231 ἀγγέλων.
1284 5160 1306 5189 ⁸
1332 5160 1484 5231 litus.
1518 5157 1583 5211 Α.
1615 5158 1749 5213 addi

1858 5162 1900 5214 iv
1926 5157 2328 5231 ἀρχαγγέλων.Δ
2386 5153 2601 5231 (Πανὶ).
2650 5150 3005 5231 ποριέιὶξσεως,
3033 5149 3170 5231 Caes:
3198 5146 3287 5231 Α.
3316 5147 3471 5231 πωρο

200 5242 446 5316 ῥώσεως.
470 5309 492 5316 μ
526 5238 569 5270 ¹⁶
604 5216 1190 5316 Barb._e?_oz‘nc't-Elaaca.~
1258 5231 1295 5262 “
1328 5229 1490 5283 Barb.
1518 5231 1738 5316 nrnend.

2306 5216 2798 5316 δ.μολέηιςεεν;..ξέι
2828 5216 3301 5316 τξιιιιηιξτξτιὶειέέθ
3352 5218 3469 5316 rex:

200 5286 537 5382 iu‘fxu'ﬁéuru
836 5302 1267 5382 ap_x§pattxi;:‘
1297 5317 1424 5382 quae
1462 5314 1489 5352 a
1518 5298 1749 5382 Datin”:

1858 5308 1953 5382 In_t,
1987 5315 2052 5353 ex
2119 5296 2256 5382 (gms.
2444 5286 2913 5382 si'ippleptur.1“
2953 5286 3090 5374 ’l‘u'm
3141 5286 3303 5382 Bargb.
3356 5295 3472 5382 tupi

840 5356 1105 5447 ίῖθβεὶὲι).
1142 5356 1368 5447 ctu-(1:13:93.
1398 5372 1461 5422 Α.
1485 5369 1627 5447 adv.“
1678 5371 1720 5400 ¹⁶

1858 5356 2015 5447 idose
2046 5369 2285 5447 cpdices.
2336 5356 2750 5447 [Barb.-quidem
2784 5357 3193 5447 ,ἐπερωτησαῇ

202 5425 339 5508 ;'cro
400 5425 755 5521 ὲπιρώτῖσαν.
856 5443 1069 5499 "Caes.
1114 5441 1414 5521 atavayiav.
1520 5440 1562 5470 ¹⁸
1589 5440 1741 5521 (Pum-

1858 5459 1888 5495 ε.
1913 5440 1977 5493 A.
2018 5439 2154 5521 υἱρν,
2180 5452 2311 5521 'nam
2336 5435 2510 5521 Barb.-
2534 5425 2714 5521 Inepti.
2745 5430 2899 5521 ull‘c‘ov.
2919 5425 2929 5431 ’
2953 5429 3022 5521 ⁸³⁸
3052 5425 3271 5521 ροξίίςὶε
3298 5425 3471 5521 1Bari).

204 5522 431 5581 lectioni
485 5495 712 5578 ardhaesi,
756 5530 1073 5587 quanquam
1114 5495 1388 5587 inicerltilit
1421 5524 1549 5564 num
1600 5511 1744 5580 ἱερεύ

1858 5528 1928 5577 ιιι,
1963 5525 2031 5563 an
2076 5495 2357 5575 ἱερώσεται
2394 5505 2465 5558 ibi
2500 5509 2730 5571 legatur.
2765 5503 2904 5557 Cass.
2942 5500 3006 5554 Α.
3055 5497 3259 5554 habet:
3298 5495 3476 5566 ἱερεὺς

200 5599 287 5659 εἰς
314 5594 406 5649 τὸν
432 5591 603 5645 αἰῶνα
628 5583 801 5651 ἔσται’,
825 5583 1072 5642 sacerdos
1104 5584 1203 5638 erit
1236 5584 1288 5636 in
1322 5592 1594 5636 (uernum.

1764 5692 1996 5752 NOT/E.

282 5805 399 5877 (ιὸ)
440 5803 586 5858 Psal.
625 5816 738 5867 cnt,
766 5801 838 5867 4;
897 5814 925 5853 a
982 5796 1175 5854 Graeco
1227 5801 1383 5852 textu
1443 5792 1599 5849 abest
1637 5791 1789 5847 verb.
1833 5786 2111 5845 substant.
2136 5781 2438 5840 secundum
2459 5778 2603 5835 LXX
