3874 6350
268 304 399 371 1501

1239 312 1497 376 SERMO
1535 318 1617 378 IN
1654 318 1987 381 SANCTOS
2030 323 2530 391 INNOCENTES.

3383 342 3403 405 1
3415 344 3517 407 502

278 453 3501 522 W

450 619 952 707 IQANNOY
1040 616 1600 711 ΜΟΝΑΧΟΥ
1687 622 1883 711 ΚΑΙ
1992 629 2781 724 ΠΡΕΣΒΥΤΕΡΟΥ
2857 641 3321 731 ΕΥΒΟΙΑΣ

848 784 1069 839 ΛΟΓΟΣ
1097 785 1206 839 ΕΙΣ
1239 786 1327 839 TA
1352 786 1513 840 ΑΓΙΑ
1541 786 1765 840 ΝΗΠΙΑ
1797 788 1887 841 TA
1916 789 2010 842 EN
2064 790 2398 850 ΒΗΘΛΕΕΜ
2430 797 2922 857 ΛΝΑΙΡΕΘΕΝΤΑ

1500 902 1628 955 ΚΑΙ
1652 902 1779 955 ΕΙΣ
1811 899 1959 956 ΤΗΝ
2002 904 2266 964 ΡΑΧΗΑ.

381 1149 897 1243 JOANNIS
978 1148 1529 1241 ΜΟΝΑοΗί
1623 1153 1770 1241 ΕΤ
1844 1156 2591 1248 PRESBYTERI
2690 1159 3394 1256 EUBGEENSIS

504 1303 765 1366 SERMO
802 1303 887 1365 IN
924 1303 1033 1363 SS.
1072 1302 1562 1364 INNOCENTES
1596 1306 1679 1366 1N
1712 1308 2123 1371 BETHLEEM
2156 1311 2680 1375 INTERFECTOS
2714 1316 2809 1375 ET
2844 1318 2928 1377 IN
2952 1318 3279 1382 RACHEL.

1394 1413 1544 1475 (Aac.
1570 1414 1694 1476 ΜΑΙ,
1724 1415 1799 1467 Cl.
1834 1419 1975 1467 Auct.
2016 1424 2049 1468 t.
2080 1419 2137 1477 X,
2168 1434 2214 1481 p.
2242 1420 2378 1482 570.)

324 1644 392 1694 α’.
434 1635 593 1711 [ϐοά.
637 1653 693 1707 p.
740 1636 804 1691 21
859 1634 934 1709 6.]
984 1638 1152 1691 Πάλιν
1188 1640 1215 1692 6
1250 1638 1418 1703 τάλας
1453 1638 1564 1708 ἐγὼ
1593 1639 1683 1691 τὸν
1714 1638 1830 1691 νοῦν

2014 1636 2070 1691 1η
2095 1634 2371 1691 Bethleem
2397 1637 2591 1691 iterum
2624 1653 2723 1708 ego
2756 1640 2927 1695 miser
2957 1641 3201 1696 animum
3240 1643 3525 1704 intendere

249 1732 344 1785 ἐπὶ
399 1729 498 1801 τὴν
555 1728 807 1799 Βηθλεὲμ
846 1730 1150 1783 ἐκπετάσαι
1198 1729 1484 1800 βούλομαι,
1538 1730 1632 1783 καὶ
1671 1728 1739 1782 τά
1779 1731 1836 1781 ὲν

247 1823 389 1894 αὐτῇ
422 1822 515 1874 ἐπὶ
551 1820 792 1890 Ἡρώδου
824 1819 919 1872 τοῦ
944 1822 1296 1875 παιδοκτόνου
1319 1822 1654 1892 παρανόμως
1684 1822 1838 1875 ἐκτε-

244 1910 511 1969 λεσθέντα
539 1916 604 1984 τῇ
630 1913 811 1984 ἐννοίᾳ
836 1913 934 1983 τῆς
965 1913 1200 1985 θεωρίας
1243 1914 1667 1985 στηλιτεύσομαι
1712 1914 1835 1981 δόγ-

248 2024 419 2078 ματα.
471 2006 642 2059 Φόὸου
693 2005 800 2076 γὰρ
856 2005 948 2058 καὶ
1002 2005 1255 2077 δακρύων
1296 2008 1328 2076 ἡ
1372 2007 1597 2077 τοιαύτη
1641 2006 1833 2077 ἔρευνα

244 2102 409 2170 γέμει
435 2116 448 2130 '
482 2100 582 2152 οὐκ
613 2098 868 2170 ἡμετέρῳ
903 2098 1075 2169 φόόῳ,
1107 2098 1245 2152 ἀλλὰ
1272 2098 1381 2151 τῶν
1401 2099 1524 2152 τότε
1556 2100 1830 2168 μητέρων,

244 2191 355 2244 τῶν
380 2190 671 2262 μακαρίων
704 2190 932 2243 ἐκείνων
959 2190 1187 2254 παίδων,
1215 2184 1290 2244 ὧν
1321 2192 1349 2244 6
1384 2190 1627 2262 Ἡρώδης
1657 2190 1834 2256 ζητῶν

243 2282 335 2335 τὸν
397 2281 733 2351 γεννηθέντα
789 2280 1046 2349 βασιλέα,
1105 2282 1232 2345 τοὺς
1286 2282 1456 2352 μηδὲν
1501 2280 1835 2351 ἠδικηκότας

246 2373 467 2435 παῖδας,
507 2372 686 2442 ἄωρος
732 2370 935 2433 ἀδίκως
979 2371 1222 2441 δρεπάνη
1271 2371 1618 2443 ὲξεθέρησεν.
1666 2371 1835 2426 Τοῦτο

244 2465 352 2536 γάρ
383 2481 485 2535 μου
515 2463 608 2516 τὸν
641 2462 767 2517 νοῦν
799 2463 1200 2535 προετρέψατο,
1233 2464 1328 2518 καὶ
1358 2464 1433 2528 ὡς
1454 2466 1510 2517 ἐν
1533 2464 1834 2536 ὀφθαλμοῖς

243 2557 450 2628 ἀρτίως
489 2555 600 2627 ὁρῶ
634 2556 726 2609 τὸν
762 2556 1081 2627 παράνομον
1140 2554 1388 2626 Ἡρώδην
1426 2556 1712 2627 μεμηνότα
1739 2558 1833 2609 καὶ

246 2647 592 2719 σκυθρωπὸν,
622 2648 715 2701 ἐπὶ
750 2647 845 2700 τοῦ
885 2647 1075 2701 ἀδίκου
1108 2646 1275 2700 αὑτοῦ
1308 2646 1500 2718 θρόνου
1532 2645 1833 2717 καθεζόμε-

244 2760 353 2808 νον,
392 2740 487 2794 xui.
538 2740 785 2803 πλείονος
818 2737 1006 2808 ξίφους
1050 2740 1148 2809 τὴν
1182 2738 1371 2792 τούτου
1426 2738 1654 2808 καρδίαν
1703 2740 1833 2808 ἡκο-

242 2834 506 2905 νημένην,
527 2832 775 2904 καὶπρὸς
801 2830 1101 2903 ἁνταρσίαν
1117 2830 1581 2901 εὐτρεπιζόμενον
1608 2828 1703 2881 τοῦ
1729 2830 1830 2881 Βα-

244 2927 439 2990 σιλέως
474 2927 583 2979 τῶν
620 2924 1019 2997 βασιλευόντων
1057 2924 1151 2977 καὶ
1178 2922 1384 2993 Κυρίου
1407 2922 1516 2974 τῶν
1543 2919 1829 2990 κυριευόν-

1940 1729 2098 1794 volo,
2142 1728 2329 1798 ibique
2363 1729 2543 1784 edicta
2585 1731 2654 1784 ab
2695 1732 2988 1786 infantium
3030 1735 3384 1792 interfectore
3425 1737 3525 1796 lle-

1942 1817 2074 1872 rode
2102 1817 2267 1885 impie
2286 1818 2390 1871 lata
2413 1818 2589 1871 vivida
2608 1822 2949 1889 expositione
2968 1835 3180 1879 notare.
3203 1826 3427 1884 Timore
3451 1838 3525 1883 et-

1941 1907 2085 1963 enim
2104 1916 2157 1961 et
2175 1906 2431 1976 lacrymis
2452 1907 2608 1975 plena
2632 1919 2714 1963 est
2738 1910 2865 1964 talis
2882 1910 3179 1981 indagatio,
3199 1914 3395 1971 timore
3415 1932 3522 1971 non

1940 2002 2151 2058 nostro,
2191 1993 2287 2049 sed
2342 1994 2562 2049 illorum
2608 1997 2895 2052 beatorum
2928 2000 3246 2068 infantium,
3286 2014 3525 2063 matrum

1936 2102 2169 2154 quarunt
2200 2085 2523 2142 innocentes
2565 2103 2762 2157 pueros
2790 2089 3003 2159 gladius
3040 2092 3246 2161 injuste
3272 2098 3525 2162 messuit,

1936 2192 2062 2231 cum
2094 2185 2282 2231 natum
2313 2192 2494 2248 regem
2527 2190 2801 2247 quaereret
2851 2178 3119 2238 Herodes.
3164 2183 3278 2238 lloc
3318 2187 3523 2241 etenim

1936 2269 2181 2322 animum
2236 2285 2416 2323 meum
2463 2272 2817 2339 provocavit,
2855 2279 2908 2327 et
2951 2274 3110 2343 quasi
3152 2277 3329 2332 oculis
3385 2279 3525 2334 meis

1936 2360 2094 2414 video
2135 2360 2364 2429 impium
2414 2359 2684 2416 Ilerodem
2725 2363 3089 2420 insanientem
3142 2368 3412 2438 vultuque
3444 2379 3523 2425 te-

1935 2451 2093 2514 trico,
2141 2450 2330 2519 iniquo
2387 2451 2588 2504 throno
2633 2450 2988 2517 insidentem,
3018 2464 3071 2509 et
3105 2455 3292 2509 multis
3321 2455 3523 2526 gladiis

1933 2541 2101 2596 corde
2119 2543 2421 2611 exagitato,
2454 2540 2924 2614 feStinantemque
2941 2553 3134 2600 contra
3165 2547 3523 2605 insurrcctio-

1935 2648 2060 2687 nem
2129 2633 2295 2703 Regis
2349 2648 2540 2703 regum
2589 2642 2641 2689 et
2691 2632 2906 2689 Domini
2962 2636 3392 2702 dominantium,
3428 2655 3526 2711 per

1932 2739 2094 2792 quem
2125 2739 2282 2793 reges
2316 2736 2545 2795 regnant
2571 2737 2621 2779 et
2646 2726 2925 2798 principes
2953 2736 3117 2783 terra:
3140 2729 3519 2786 dominantur.

1932 2813 2050 2867 Non
2096 2813 2371 2869 Bethleem
2408 2815 2592 2879 modo,
2626 2817 2720 2870 sed
2755 2815 3128 2873 etJerusalem
3162 2821 3526 2876 turbaverunt

1934 2907 2228 2977 impiorum
2292 2910 2574 2963 calumnia
2628 2908 2982 2976 Judarorurn,
3038 2925 3091 2966 et
3151 2912 3524 2969 inimicissimi

240 3036 371 3083 των,
411 3017 479 3070 δι’
544 3009 604 3069 οὗ
660 3015 898 3087 βασιλεῖς
959 3014 1360 3085 βασιλεύουσιν,
1427 3013 1523 3066 καὶ
1575 3014 1827 3083 τύραννοι

1936 3001 2488 3071 praevaricatorisque
2517 2999 2751 3057 Herodis
2790 2990 2963 3056 l‘urOr.
2997 3003 3297 3073 Postquam
3355 3006 3525 3074 igitur

244 3110 506 3180 κρατοῦσι
535 3110 660 3180 γῆς.
707 3108 770 3161 'II
793 3107 1013 3179 διαϐολὴ
1046 3108 1153 3178 γάρ
1181 3107 1291 3160 τῶν
1327 3106 1660 3176 παρανόμων
1705 3106 1831 3159 ’1ου-

241 3203 430 3267 δαίων,
476 3204 569 3256 καὶ
617 3204 643 3255 6
696 3202 865 3273 θυμδς
915 3201 1009 3256 τοῦ
1068 3200 1320 3270 ἐχθίστου
1374 3200 1468 3253 καὶ
1518 3201 1828 3253 άποστάτου

258 3294 520 3365 Ἡρώδου,
554 3295 615 3347 οὐ
648 3294 810 3364 μόνον
849 3295 949 3365 τὴν
981 3294 1254 3366 Βηθλεὲμ,
1292 3294 1430 3348 ἀλλὰ
1467 3297 1564 3348 καὶ
1602 3296 1700 3367 τὴν
1739 3296 1831 3348 Ἰε-

246 3385 528 3458 ρουσαλὴμ
554 3385 907 3456 ὲμόχλευσεν.
950 3385 1071 3439 ’Ότι
1113 3380 1205 3439 οῦν
1258 3387 1285 3437 6
1336 3386 1569 3449 δείλαιος
1623 3387 1831 3449 ἐκεῖνος

243 3476 544 3547 ἐνεπαίχθη
611 3476 715 3529 ὑπὸ
771 3475 881 3529 τῶν
947 3475 1130 3546 σοφῶν
1193 3478 1422 3546 Μάγων,
1490 3478 1696 3548 ἰλιγγιᾷ
1738 3478 1831 3530 καὶ

243 3570 573 3637 ἀλλοιοῦται,
601 3568 934 3638 ταράττεται
987 3573 1051 3642 τῇ
1109 3575 1318 3642 μορφῇ,
1372 3573 1468 3625 καὶ
1521 3574 1585 3643 τῇ
1634 3572 1833 3643 καρδίᾳ

240 3663 415 3734 δειλιᾷ
447 3679 461 3693 ·
495 3661 784 3733 ῥητορεύει
817 3662 952 3732 πρὸς
989 3663 1115 3726 τοὺς
1143 3663 1445 3735 ἀρχιερεῖς,
1470 3665 1565 3717 καὶ
1598 3681 1831 3735 φρατρι-

242 3755 365 3820 άζει
401 3754 543 3825 μετά
581 3752 689 3807 τῶν
729 3755 1044 3826 Φαρισαίων
1068 3771 1082 3785 ⁸
1137 3755 1304 3825 νόμον
1357 3756 1831 3824 ἀναγινώσκεσθαι

242 3844 553 3916 ἐπιτρέπει,
590 3846 685 3899 καὶ
714 3847 1002 3917 προφήτας
1034 3846 1441 3917 ἑρμηνεύεσθαι
1480 3848 1828 3916 προστάττει.

246 3940 498 4008 Ἀφρων,
527 3937 619 3990 καὶ
653 3938 956 4005 κακοῦργε,
983 3938 1079 3990 καὶ
1116 3937 1431 4007 ρᾳδιουργὲ,
1464 3938 1511 3988 εί
1536 3937 1702 4005 νόμος
1736 3940 1832 3990 καὶ

243 4033 525 4102 προφῆται
558 4029 658 4093 ,τὸν
701 4028 1034 4097 γεννηθέντα
1074 4027 1310 4080 Βασιλέα
1341 4028 1548 4080 ἄνωθεν
1574 4028 1830 4098 ἔρχεσθαι

244 4121 654 4197 προεκήρυξαν,
696 4122 761 4174 σὺ
804 4120 857 4173 τί
889 4119 1068 4190 μάτην
1099 4120 1382 4192 rapat-cn;
1418 4121 1678 4194 Ταράττῃ
1709 4122 1827 4191 μὲν,

241 4219 342 4273 οὐκ
374 4213 581 4287 ίσχύεις
608 4214 686 4269 δέ.
722 4213 997 4284 Ταράττῃ,
1023 4214 1137 4266 ἀλλ’
1172 4214 1254 4276 είς
1305 4213 1501 4266 ἑαυτὸν
1534 4213 1830 4284 συντριϐη-

244 4328 379 4374 σεις.
421 4309 537 4363 Οὐκ
570 4307 814 4379 ἤκουσας
845 4307 904 4359 ὲν
947 4308 1013 4377 τῇ
1057 4305 1224 4376 βίϐλῳ
1270 4304 1381 4359 τῶν
1418 4305 1700 4376 Ψαλμῶν,
1747 4305 1830 4358 ὅτι
1858 4324 1899 4381 C

246 4405 426 4475 μάτην
481 4400 824 4473 ταράσσεται
892 4400 1001 4461 πᾶς
1050 4396 1339 4469 ἄνθρωπος
1401 4395 1552 4462 (Civ;
1606 4397 1717 4450 Kal.
1775 4397 1830 4450 τί

241 4496 435 4567 τούτου
468 4493 828 4565 ματαιότερον
865 4491 948 4543 ὅτι
986 4489 1201 4551 διώκεις
1258 4488 1350 4541 τὸν
1396 4488 1782 4559 ἀκατάληπτον
1814 4506 1827 4555 ;

248 4590 451 4659 ’Δνομε
497 4586 594 4640 καὶ
619 4584 949 4656 παράφρων,
976 4583 1024 4635 εί
1055 4581 1150 4635 καὶ
1173 4580 1299 4643 τοὺς
1328 4579 1527 4643 παῖδας
1555 4579 1827 4649 ἐκκόψεις,

244 4682 335 4736 τὸν
367 4678 607 4734 Βασιλέα
633 4679 694 4731 οὐ
720 4676 1033 4748 καταλήψῃ.
1074 4675 1133 4727 Εἰ
1162 4677 1190 4728 6
1216 4674 1379 4743 νόμος
1411 4675 1505 4726 καὶ
1532 4675 1583 4726 οἱ
1620 4674 1833 4744 προφῆ-

243 4793 333 4829 ται
367 4776 424 4827 ὲν
455 4771 706 4843 Βηθλεὲμ
730 4768 961 4823 Βασιλέα
995 4766 1265 4821 ἀθάνατον
1288 4766 1583 4833 γεννᾶσθαι
1615 4783 1831 4836 χρημα-

244 4868 505 4933 τίζουσιν,
567 4865 633 4917 σὺ
688 4864 817 4925 τοὺς
872 4858 1201 4921 ἀνευθύνους
1259 4859 1457 4921 παῖδας
1492 4860 1547 4911 τί
1583 4859 1829 4923 ἁνελεῖς;

248 4961 352 5013 Καὶ
374 4960 407 5029 ἡ
434 4956 533 5027 μὲν
558 4955 627 5027 σὴ
651 4954 865 5008 διάνοια
894 4952 1318 5022 προγέγραπται
1334 4950 1421 5004 διὰ
1437 4950 1531 5004 τοῦ
1549 4951 1830 5021 προφήτου

259 5050 523 5122 Ἰερεμίου
577 5049 864 5115 λέγοντος’
924 5044 1095 5112 Φωνὴ
1153 5045 1224 5097 ἐν
1293 5040 1480 5111 Ῥαμᾷ
1532 5042 1828 5110 ἠκούσθη,

245 5143 484 5213 θρῆνος,
503 5140 601 5197 καὶ
624 5139 952 5207 κλαυθμὸς,
972 5137 1067 5190 καὶ
1086 5136 1344 5205 ὀδυρμὸς
1367 5135 1576 5196 πολύς·
1598 5134 1825 5202 Ῥαχὴλ

242 5237 544 5297 κλαίουσα
581 5234 654 5287 τὰ
681 5234 864 5286 τέκνα
896 5228 1108 5297 αὐτῆς,
1142 5228 1240 5282 καὶ
1278 5230 1390 5280 οὐκ
1440 5226 1657 5295 ἤθελεν
1710 5244 1822 5282 πα-

235 5326 638 5403 ρακληθῆναι,
685 5325 773 5377 ὅτι
831 5326 940 5377 οὐκ
992 5322 1172 5375 εἰσίν.
1230 5319 1322 5391 Μὴ
1381 5318 1476 5373 ἐὰν
1532 5322 1829 5397 ἀποκτείνῃ

244 5421 366 5490 τοὺς
398 5420 592 5481 παῖδας
616 5417 644 5468 6
678 5415 946 5476 Βασιλεὺς
995 5410 1361 5483 στρατόπεδον
1410 5411 1508 5481 οὐχ
1556 5410 1705 5478 ἕξεις
1761 5416 1831 5467 Ἢ

245 5518 300 5569 ὲν
326 5515 394 5584 τῇ
435 5509 740 5582 παρανόμῳ
783 5524 879 5560 σου
919 5505 1123 5576 καρδίᾳ
1175 5504 1434 5573 λογίζεις,
1482 5505 1575 5581 ὅτι⁵
1605 5505 1823 5571 πάντως

1934 3092 2159 3147 timidus
2213 3092 2302 3147 ille
2356 3093 2614 3163 princeps
2659 3109 2686 3146 a
2726 3094 3071 3164 sapientibus
3108 3094 3279 3167 Magis
3326 3098 3524 3154 illusus

1931 3194 2035 3247 est,
2064 3184 2335 3255 vertigine
2372 3185 2625 3250 laborat,
2681 3186 3030 3251 immutatur,
3078 3188 3338 3242 turbatur
3378 3199 3432 3244 et
3466 3190 3523 3245 iu

1932 3277 2100 3331 Corde
2141 3277 2321 3331 timet.
2364 3275 2612 3331 Summis
2656 3277 3039 3333 sacerdotibus
3082 3293 3309 3333 causam
3362 3278 3523 3347 dicit,

1934 3366 2035 3420 init
2061 3381 2186 3420 cum
2222 3365 2521 3422 Pharismis
2554 3367 2914 3434 societatem;
2951 3368 3125 3438 legem
3158 3369 3263 3440 legi
3300 3375 3528 3440 permit-

1933 3461 2019 3525 tit,
2052 3460 2461 3531 prophetasque
2491 3459 2845 3530 interpretari
2872 3460 3048 3530 jubet.
3086 3461 3380 3533 lnsipiens,
3418 3464 3525 3517 im-

1936 3553 2105 3623 probe
2142 3561 2198 3607 et
2227 3552 2751 3617 maleﬁcentissime,
2785 3552 2831 3608 si
2863 3553 2945 3608 lex
2989 3562 3043 3608 et
3085 3555 3365 3624 propheta:
3409 3556 3522 3608 nati

1935 3645 2081 3713 regis
2113 3645 2409 3699 adventum
2448 3645 2845 3716 praedixerunt,
2883 3661 2983 3701 cur
3014 3645 3221 3701 frustra
3247 3649 3527 3703 turbaris?

1935 3738 2206 3794 Turbaris
2234 3739 2481 3809 quidem,
2517 3738 2611 3792 sed
2646 3738 2783 3791 nihil
2817 3739 2989 3792 vales.
3020 3733 3313 3800 Turbaris.
3348 3741 3439 3794 sed
3470 3741 3522 3793 in

1935 3830 2171 3898 teipsum
2225 3827 2557 3882 contercris.
2599 3825 2796 3880 Nonne
2843 3826 3050 3882 audisti
3095 3828 3148 3881 in
3192 3828 3336 3883 libro
3378 3829 3525 3885 Psal-

1934 3933 2150 3973 morum
2191 3918 2337 3987 quod
2384 3917 2441 3971 in
2478 3930 2680 3971 vanum
2729 3917 3098 3972 conturbatur
3144 3919 3326 3974 omnis
3360 3922 3525 3976 homo

1935 4010 2163 4065 vivens?
2195 4008 2261 4063 Et
2288 4009 2431 4080 quid
2459 4008 2636 4079 magis
2658 4024 2861 4064 vanum
2894 4025 3058 4080 quam
3099 4013 3356 4082 persequi
3395 4029 3521 4068 eum

1932 4103 2027 4173 qui
2088 4101 2488 4171 comprehendi
2559 4102 2775 4169 nequit.
2849 4100 3041 4171 Inique
3098 4110 3152 4158 et
3212 4102 3520 4172 insipiens,

1931 4195 2148 4250 etiamsi
2190 4192 2433 4248 infantes
2473 4193 2767 4259 occideris,
2803 4208 2983 4263 regem
3012 4209 3123 4249 non
3154 4196 3521 4266 comprehen-

1932 4288 2051 4342 des.
2105 4284 2163 4341 Si
2216 4286 2303 4341 lex
2355 4291 2411 4340 et
2465 4285 2744 4357 prophetae
2792 4299 2975 4355 regem
3036 4285 3404 4342 immortalem
3465 4287 3520 4342 in

1934 4380 2215 4436 Bethleem
2247 4381 2591 4434 nasciturum
2624 4379 2949 4450 praedicant,
2981 4386 3041 4434 tu
3073 4395 3245 4451 quare
3268 4381 3519 4438 insontes

1930 4487 2132 4543 pueros
2170 4472 2486 4527 interimis?
2512 4471 2878 4526 intentionem
2914 4472 3196 4541 tuamjam
3229 4480 3357 4528 ante
3383 4472 3523 4528 scri-

1932 4566 2039 4636 psit
2063 4564 2330 4619 Jeremias
2355 4564 2621 4633 propheta
2645 4563 2841 4618 dicens
2865 4581 2877 4615 :
2910 4562 3021 4618 νοω
3046 4567 3103 4618 in
3126 4564 3298 4619 Rama
3328 4566 3518 4621 audita

1932 4667 2030 4721 est,
2077 4657 2322 4724 ploratus
2378 4665 2429 4710 et
2477 4655 2716 4709 ululatus
2762 4655 3001 4719 multus;
3058 4655 3255 4710 Rachel
3296 4660 3517 4725 plorans

1936 4752 2077 4820 ﬁlios
2103 4766 2248 4813 suos,
2280 4760 2330 4803 et
2372 4750 2542 4802 noluit
2574 4748 2844 4802 consolari
2875 4748 3001 4817 quia
3032 4764 3137 4801 non
3169 4750 3354 4802 sunt‘.
3375 4748 3517 4803 Num

1932 4844 1975 4897 si
2007 4858 2208 4912 pueros
2239 4839 2587 4894 interfeceris
2627 4839 2939 4893 exercitum
2972 4854 3083 4894 non
3119 4838 3345 4894 habebit
3380 4841 3519 4895 rex!

1937 4935 2029 4990 Vel
2062 4935 2116 4988 in
2149 4932 2317 5003 impio
2337 4932 2501 4986 corde
2531 4939 2626 4985 tuo
2649 4931 2905 5002 cogitasti
2942 4932 3091 5002 quod
3124 4932 3194 4986 ad
3235 4947 3513 4988 summum

1930 5042 2079 5081 unus
2132 5039 2195 5079 ex
2234 5024 2423 5094 pueris
2462 5022 2768 5078 interfectis
2805 5023 2911 5078 erit
2956 5024 3092 5078 rex?
3124 5021 3235 5079 Nec
3267 5022 3314 5078 si
3361 5023 3515 5079 orbis

1931 5118 2175 5173 universi
2231 5131 2429 5186 pueros
2471 5116 2789 5181 occideris,
2851 5116 2967 5172 nati
3016 5116 3166 5186 regis
3218 5116 3514 5185 imperium

1938 5230 2097 5285 linem
2127 5228 2371 5283 habebit.
2406 5225 2451 5283 Ο
2501 5229 2830 5283 amentiam!
2872 5231 2913 5281 0
2956 5228 3129 5298 iniqui
3171 5229 3317 5298 regis
3349 5227 3515 5281 inlut-

1935 5338 2153 5378 znanam
2191 5320 2554 5375 sententiam!
2588 5318 2632 5375 Ο
2658 5320 3198 5391 regisimpietatcm!
3233 5320 3311 5373 Ad
3349 5335 3511 5389 quem

1933 5412 2262 5481 confugient
2312 5411 2356 5465 si
2390 5410 2457 5464 ab
2489 5425 2554 5464 co
2583 5410 2694 5465 vim
2754 5412 3033 5480 patiantur
3078 5427 3106 5465 a
3150 5427 3260 5480 quo
3300 5411 3511 5479 justum

1929 5506 2197 5577 judicium
2231 5503 2487 5573 accipere
2522 5503 2784 5557 deberent
2816 5503 3085 5572 injustitia
3118 5502 3341 5557 allecti?

246 5613 306 5666 ὲκ
333 5609 442 5664 τῶν
476 5604 950 5676 ἀποκτεινομένων
982 5601 1190 5655 παίδων
1224 5595 1302 5663 εἷς
1338 5601 1485 5654 ἐστιν
1514 5601 1540 5653 6
1561 5600 1863 5671 Βασιλεύς;
1906 5604 1965 5656 ΕΞ
2020 5600 2220 5664 παντὸς
2257 5598 2351 5653 τοῦ
2383 5598 2589 5668 κόσμου
2624 5600 2746 5663 τοὺς
2779 5598 2973 5661 παῖδας
3012 5595 3373 5659 ἀποκτείνεις,
3417 5590 3513 5647 τοῦ

318 5752 333 5784 ⁸
370 5747 572 5806 Jerem.
598 5761 748 5815 mu,
781 5746 884 5818 15.;
922 5742 1118 5799 Matth.
1162 5759 1223 5809 ll,
1268 5742 1352 5797 18.
