3874 6350
403 328 541 398 1503

1629 331 1958 395 JOANNIS
1998 333 2446 395 EUBGEENSIS

3568 329 3717 394 1504

397 445 686 517 τεχθέντος
720 443 997 509 Βασιλέως
1028 444 1062 515 ἡ
1096 443 1346 515 βασιλεία
1378 441 1531 509 τέλος
1587 445 1689 499 οὐκ
1736 446 1875 517 ἔχει.
1924 441 1995 500 Ὠ
2032 448 2132 518 τῆς
2164 449 2393 504 ἀνοίαςί
2424 448 2470 503 ῶ
2510 446 2814 520 παραδίκου
2841 446 3108 518 βασιλέως
3173 445 3425 519 ἀνήλεως
3466 444 3714 518 κρίσιςι

397 536 444 598 ὧ
482 538 801 612 παρανομία
845 536 1149 609 βασιλέωςί
1190 540 1322 612 παρ’
1363 532 1424 594 οὗ
1463 538 1692 610 ἔμελλον
1760 540 2106 612 ἀδικούμενοι
2169 543 2358 609 κρίσιν
2416 543 2634 597 δικαίαν
2690 540 3016 613 λαμϐάνειν,
3082 539 3540 612 τυραννούμενοι
3606 536 3719 592 ποεῖ

398 634 824 703 ἀπελεύσονταις

469 768 515 827 0
548 770 824 825 Bethleem
861 777 1076 838 sancta,
1105 785 1219 827 non
1269 787 1368 843 per
1416 770 1585 844 Regis
1634 771 1981 827 nativitatem

399 872 613 918 tantum
652 876 714 917 es
766 861 1133 927 sanctiﬁcata,
1175 863 1274 918 sed
1308 864 1473 919 etiam
1524 878 1622 934 per
1656 863 1984 933 sanguinem

402 970 700 1027 puerorum
734 954 944 1024 iniuste
971 955 1436 1027 interemptorum
1473 957 1751 1028 duplicem
1788 969 1985 1025 repor-

398 1048 531 1102 tasti
583 1046 1107 1103 sanctificationem.
1170 1046 1449 1118 Recogito
1500 1048 1647 1103 enim
1692 1045 1985 1113 Herodem,

396 1140 588 1211 copias
625 1140 958 1208 mittentem,
993 1142 1229 1196 militum
1262 1141 1429 1197 duces
1462 1147 1722 1196 caventes
1747 1153 1816 1194 ne
1836 1137 1985 1193 ullus

399 1232 584 1289 infans
616 1234 771 1304 ipsos
800 1234 1031 1298 celetur,
1058 1242 1262 1288 matres
1293 1240 1689 1301 exspectantes
1707 1230 1835 1285 dum
1862 1244 1985 1285 cer-

396 1330 594 1379 nerent
641 1322 941 1379 infantium
1005 1323 1453 1379 crudelissimam
1503 1336 1739 1387 necem,
1794 1327 1985 1392 portas

398 1417 622 1471 urbium
652 1418 928 1483 occlusas,
970 1418 1125 1472 vicos
1160 1431 1191 1471 a
1231 1415 1503 1471 militibus
1532 1414 1941 1469 circumventos
1966 1449 1983 1475 ,

394 1507 692 1577 exitusque
747 1508 1053 1578 platearum
1112 1514 1450 1577 occupatos,
1517 1504 1723 1558 milites
1786 1500 1982 1573 gladiis

397 1600 685 1667 districtis,
708 1608 766 1654 ut
786 1615 977 1666 canes,
1005 1600 1158 1655 rabie
1180 1600 1420 1671 percitos
1451 1598 1979 1657 circumcurrentes,

403 1692 651 1761 privatos
678 1692 828 1747 cives
858 1692 1136 1755 inclusos,
1161 1697 1214 1744 et
1242 1700 1688 1758 unumquemque
1742 1684 1981 1739 interro-

396 1790 580 1851 gatum
617 1796 857 1851 quonam
894 1783 1014 1836 loco
1046 1788 1252 1846 essent,
1285 1780 1373 1833 cui
1404 1794 1615 1843 eorum,
1642 1784 1695 1832 et
1728 1776 1818 1832 ubi
1853 1785 1980 1830 tunc

396 1874 661 1943 temporis
709 1888 843 1943 puer
884 1882 1048 1928 natus
1106 1878 1252 1927 esset
1286 1888 1301 1938 ;
1332 1878 1586 1940 parentes
1638 1868 1974 1937 inscriptos,

395 1976 463 2017 ne
488 1976 608 2016 mas
644 1976 674 2015 e
707 1972 1007 2031 conspectu
1046 1961 1466 2030 subriperetur;
1514 1960 1800 2015 irruerunt
1833 1958 1976 2014 enim

397 2060 456 2104 ut
487 2052 671 2121 aquila
709 2052 761 2105 in
797 2051 1033 2122 praedam
1068 2050 1379 2117 cadaveris,
1433 2066 1502 2106 ne
1533 2066 1649 2107 mas
1692 2051 1760 2105 ab
1801 2050 1978 2106 oculis

395 2143 682 2198 tolleretur
717 2162 731 2199 :
768 2152 1065 2215 patresque
1092 2153 1297 2198 metum
1344 2144 1488 2215 regis
1521 2142 1971 2207 reformidantes,

392 2232 552 2301 quasi
576 2247 642 2287 ex
675 2233 804 2287 vino
853 2233 1140 2287 temulenti
1173 2232 1443 2303 ebriique,
1492 2233 1814 2288 nesciebant
1842 2230 1974 2302 quid

393 2334 652 2396 agerent;
705 2334 911 2379 matres
968 2333 1148 2379 autem
1204 2340 1363 2381 suum
1419 2337 1653 2395 qumque
1708 2321 1973 2377 infantem

393 2416 783 2485 suscipientes,
821 2416 959 2470 iram
996 2416 1173 2486 iniqui
1209 2416 1355 2485 regis
1391 2415 1581 2486 fugere
1610 2415 1972 2481 festinabant,

393 2506 690 2577 multaeque
714 2507 859 2560 inter
884 2521 1001 2571 eas,
1037 2505 1205 2562 veluti
1237 2507 1617 2574 passerculum
1656 2521 1815 2562 suum
1850 2505 1974 2560 uni-

393 2614 516 2655 cum
541 2613 773 2668 puerum
806 2598 949 2653 inter
974 2599 1130 2654 ulnas
1170 2608 1438 2665 tenentes,
1464 2600 1585 2655 alia:
1631 2614 1762 2654 vero
1809 2599 1971 2662 duos,

393 2698 456 2747 ut
517 2691 764 2763 agnellos
814 2700 1099 2761 gementes
1165 2693 1593 2762 vagientesque,
1665 2693 1974 2763 bajulantes

394 2783 727 2854 fugitabant,
749 2798 911 2838 enses
933 2782 1261 2854 aSpieientes
1280 2797 1568 2859 coruscos)
1597 2783 1760 2837 istum
1797 2782 1978 2853 fngie-

393 2875 551 2941 bant,
597 2874 801 2945 aliique
832 2874 1217 2929 occurrebant.
1263 2874 1578 2945 Aliquando
1608 2889 1734 2928 vero
1763 2881 1976 2928 tentant

393 2964 593 3019 oﬂ'erre
624 2965 897 3019 militibus
929 2964 1251 3035 pecuniam;
1298 2964 1663 3020 lamentantes
1696 2965 1778 3020 sic
1824 2965 1975 3019 dice-

393 3057 528 3111 bant
561 3074 575 3111 :
607 3057 818 3126 Adjuro
859 3066 911 3111 te
946 3071 1042 3127 per
1088 3056 1258 3126 legem
1290 3054 1481 3121 lllosis,
1530 3057 1973 3112 commiseratio-

394 3165 519 3205 nem
551 3149 803 3214 induere,
854 3150 981 3220 quia
1008 3149 1174 3203 etiam
1213 3156 1266 3203 te
1300 3156 1476 3202 mater
1509 3150 1717 3219 genuit,
1758 3148 1974 3203 forsan-

392 3255 503 3311 quc
530 3255 754 3295 uxorem
785 3248 840 3295 et
870 3240 1072 3295 liberos
1106 3239 1299 3295 babes.
1354 3238 1512 3293 Nulla
1565 3240 1669 3293 alia
1711 3240 1848 3295 mihi
1891 3250 1975 3297 est

396 3350 521 3405 spes
579 3336 663 3389 vel
720 3351 855 3401 res,
912 3335 1002 3399 hic
1066 3343 1150 3389 est
1204 3334 1358 3389 solus
1402 3335 1540 3388 mihi
1597 3335 1813 3402 infans,
1882 3351 1977 3391 ac-

394 3426 564 3495 cipito
599 3438 827 3479 aureum
862 3434 1244 3479 ornamentum
1276 3425 1599 3495 parciloque
1627 3441 1748 3481 meo
1778 3443 1971 3496 puero.

2161 765 2229 837 β’.
2262 760 2335 817 ’Ὦ
2384 761 2634 835 Βηθλεέμ
2670 761 2824 830 ἁγία,
2879 761 2964 815 ὅτι
3007 760 3070 814 ού
3102 759 3263 831 μόνον
3288 758 3401 812 ὑπὸ
3432 757 3545 812 τοῦ
3581 775 3719 828 τεχ-

2086 858 2274 922 θέντος
2304 854 2581 918 Βασιλέως
2607 853 2900 926 ἠγιὰσθης,
2935 852 3075 907 ἀλλά
3114 853 3208 906 καὶ
3244 851 3353 906 ἀπὸ
3382 850 3491 904 τοῦ
3528 850 3720 922 αἵμα-

2084 967 2176 1013 τος
2230 948 2342 1002 τῶν
2394 948 2602 1010 ἀδίκως
2653 945 3003 999 ἐκκοπέντων
3057 944 3289 1008 παίδων,
3328 940 3585 996 διπλοῦν
3616 943 3715 995 τὸν

2084 1040 2361 1110 ἁγιασμόν
2396 1038 2642 1110 ἐκομίσω
2671 1055 2684 1068 ·
2717 1037 2969 1092 κατανοῶ
2992 1036 3105 1108 γὰρ
3138 1036 3230 1089 τὸν
3288 1033 3593 1106 Ἡρώδην,
3648 1035 3717 1087 τὰ

2088 1132 2484 1207 στρατεύματα
2521 1130 2949 1196 ἀποστέλλοντα,
2989 1130 3119 1191 τοὺς
3159 1126 3714 1199 στρατοπαιδὰρχας

2088 1225 2517 1298 μηχανωμένους
2534 1224 2607 1295 μή
2626 1240 2742 1287 πως
2760 1222 2982 1276 πώποτε
3005 1223 3132 1284 παῖς
3144 1218 3444 1291 ἀποκρυὸῇ
3466 1219 3658 1271 αὐτοῦ
3668 1236 3711 1281 ς,

2084 1318 2184 1382 τὰς
2206 1317 2458 1389 μητέρας
2485 1314 2853 1386 ἐκδεχομένας
2883 1312 3169 1385 θεωρῆσαι
3198 1312 3312 1365 τῶν
3341 1311 3579 1380 νηπίων
3612 1310 3713 1363 τὸν

2084 1410 2335 1482 ἔχθιστον
2367 1410 2618 1474 θάνατον,
2647 1409 2822 1472 πύλας
2846 1407 2955 1460 τῶν
2980 1405 3192 1459 πόλεων
3215 1404 3708 1473 ἀποκλειομὲνας,

2082 1502 2184 1565 τὰς
2238 1501 2435 1572 κώμας
2478 1501 2585 1554 ὑπὸ
2626 1500 2737 1554 τῶν
2778 1498 3216 1570 στρατευμάτων
3275 1496 3705 1565 κυκλουμένοις,

2082 1595 2182 1657 τὰς
2205 1594 2263 1647 δέ
2294 1594 2510 1660 ἐξόδους
2556 1592 2664 1647 τῶν
2723 1591 2999 1646 πλατειῶν
3061 1589 3515 1661 φρουρουμένας,
3568 1590 3709 1651 τοὺς

2085 1684 2427 1755 στρατιώτας
2476 1684 2727 1754 ξιφήρεις
2774 1681 2964 1752 ὥσπερ
3016 1680 3188 1742 κύνας
3226 1679 3559 1741 λυττῶντας
3608 1680 3707 1731 καὶ

2084 1755 2534 1846 περιτρέχοντας,
2578 1774 2797 1836 ἰδιώτας
2829 1771 3295 1833 ἐναποκλείστους
3323 1770 3705 1839 γενομένους,

2081 1868 2177 1921 καὶ
2206 1868 2471 1930 ἑκάστους
2505 1865 2685 1920 αὐτῶν
2717 1864 3185 1936 ἐπερωτωμένους
3214 1863 3346 1933 περὶ
3370 1862 3489 1915 τῶν
3511 1861 3705 1914 τόπων

2082 1958 2215 2012 ὅπου
2264 1953 2427 2028 ἦσαν,
2486 1956 2575 2020 τίς
2617 1957 2713 2010 καὶ
2761 1954 2865 2008 ποῦ
2915 1956 2975 2008 ἐν
3014 1956 3133 2017 ταῖς
3160 1953 3403 2024 ἡμέραις
3446 1952 3704 2015 ἐκείναις

2086 2048 2251 2104 παῖδα
2294 2048 2581 2119 ἐγέννησε,
2626 2049 2753 2112 τοὺς
2798 2049 2980 2115 γονεῖς
3030 2044 3567 2115 ἀπογραφομένους,
3622 2045 3700 2115 μή

2080 2158 2199 2205 πως
2229 2141 2399 2212 ἄρρεν
2434 2141 2726 2212 ἀποκρυόῇ
2760 2139 2820 2205 ἐξ
2838 2138 3139 2209 ὀφθαλμῶν
3171 2138 3380 2191 αὐτῶν.
3422 2135 3698 2206 Ἐξῆλθον

2079 2231 2188 2300 γὰρ
2217 2228 2408 2300 ὥσπερ
2438 2230 2594 2293 ἀετὸς
2622 2230 2716 2282 ἐπὶ⁵
2740 2229 2906 2300 βοράν
2928 2228 3245 2298 πτώματος,
3284 2229 3442 2291 ὅπως
3503 2244 3565 2279 τε
3618 2226 3695 2297 μὴ

2058 2320 2370 2392 ,ἀποκρυδῇ
2404 2320 2463 2385 ἐξ
2491 2320 2789 2390 ὀφθαλμῶν
2816 2320 3006 2390 ἄρρεν.
3040 2319 3150 2372 Καὶ
3190 2320 3243 2371 οἱ
3293 2319 3395 2389 μὲν
3442 2320 3694 2390 πατέρες

2075 2412 2169 2465 τόν
2202 2411 2367 2482 φόϐον
2404 2410 2502 2464 τοῦ
2541 2411 2807 2482 βασιλέως
2833 2409 3092 2473 δεδιότες,
3121 2408 3315 2478 ῶσπερ
3346 2409 3408 2473 ἐξ
3446 2410 3603 2463 οἴνου
3628 2412 3693 2463 ἐκ

2079 2504 2280 2567 παντὸς
2317 2504 2524 2574 τρόμου
2575 2502 3005 2575 μεμεθυσμένοι,
3058 2503 3161 2555 οὐκ
3214 2502 3449 2573 ᾔδεισαν
3508 2504 3573 2555 τὸ
3636 2504 3689 2555 τί

2076 2596 2468 2669 διαπράξονται
2495 2614 2508 2629 ο
2546 2599 2601 2652 αἱ
2636 2598 2691 2651 δὲ
2723 2598 2961 2668 μητέρες
3020 2598 3288 2651 λαϐοῦσαι
3347 2599 3566 2665 ἐκάστη
3625 2600 3689 2650 τὸ

2082 2689 2211 2743 [διον
2242 2692 2460 2762 νήπιον,
2504 2691 2597 2744 τὸν
2657 2691 2827 2762 θυμὸν
2874 2690 2969 2744 τοῦ
3017 2692 3341 2761 παρανόμου
3405 2691 3686 2758 βασιλέως

2078 2782 2384 2853 ἀποδράσαι
2434 2781 2694 2837 ἔσπευδον
2722 2798 2735 2812 '
2779 2782 2877 2836 καὶ
2932 2782 3128 2836 πολλαὶ
3184 2784 3285 2853 μὲν
3351 2782 3412 2849 ἐξ
3470 2784 3681 2852 αὐτῶν,

2077 2872 2267 2946 ῶσπερ
2289 2875 2575 2945 στρουθίον
2605 2874 2717 2929 ἀπὸ
2746 2874 2865 2938 ἐνὸς
2900 2875 3091 2939 παιδὸς
3137 2877 3198 2928 ἐν
3239 2879 3365 2939 ταῖς
3398 2877 3681 2945 ἀγκάλαις

2078 2967 2434 3038 κατέχουσαι,
2476 2965 2635 3020 ἄλλαι
2668 2967 2724 3019 δὲ
2783 2969 2878 3021 καὶ
2929 2969 3036 3021 ἀπὸ
3086 2968 3201 3034 δύο,
3266 2968 3466 3041 ῶσπερ
3513 2971 3681 3041 ἀρνία

2078 3060 2478 3130 ἀποδυρώμενα
2560 3060 2653 3112 καὶ
2713 3058 3224 3131 κλαυθμυρίζοντα,
3296 3061 3679 3132 βαστάζουσαι

2078 3149 2405 3219 ἀποτρέχειν
2454 3148 2716 3202 ἔσπευδον
2755 3167 2770 3182 ο
2840 3151 2937 3204 καὶ
2990 3152 3199 3222 ὁρῶσαι
3248 3155 3320 3207 τὰ
3377 3154 3511 3224 ξίφη
3565 3157 3677 3209 ἁπ-

2079 3243 2483 3312 αστρὰπτοντα,
2513 3241 2702 3295 τοῦτον
2728 3242 3037 3312 διέφευγον,
3071 3246 3165 3299 καὶ
3199 3248 3280 3309 είς
3324 3247 3489 3301 ἄλλον
3518 3266 3676 3319 περι-

2079 3335 2330 3389 έπιπτον.
2374 3333 2528 3386 Ἔσθ’
2558 3334 2648 3386 ὅτε
2680 3334 2737 3387 δὲ
2770 3337 2866 3389 καὶ
2897 3338 3159 3407 χρήματα
3197 3339 3505 3409 πειρῶνται
3539 3340 3677 3394 διδό-

2082 3442 2173 3480 ναι
2226 3424 2364 3495 πρδς
2413 3425 2540 3487 τοὺς
2584 3424 2963 3494 στρατιώταςο
3022 3428 3455 3500 ἀποδυρώμεναι
3505 3431 3676 3486 ταῦτα

394 3518 620 3587 ἔλεγον·
676 3516 912 3587 Ὁρκίζω
974 3534 1034 3569 σε
1085 3516 1232 3569 κατὰ
1287 3516 1381 3569 τοῦ
1445 3518 1612 3588 νόμου
1670 3520 1972 3586 Μωΰσέως,
2012 3519 2215 3588 κτῆσαι
2283 3517 2571 3586 σπλάγχνα
2616 3520 3043 3589 οίκτιρμῶν,ὃτι
3079 3521 3176 3573 καὶ
3209 3522 3273 3575 σέ
3306 3527 3494 3595 μήτηρ
3525 3527 3675 3592 ἐγέν-

394 3628 558 3681 νησεν
592 3608 741 3676 θέσθ’
771 3610 858 3662 ὅτε
890 3608 945 3660 δὲ
979 3610 1074 3660 καὶ
1122 3611 1485 3682 γυναῖκακαὶ
1536 3612 1735 3675 παῖδας
1785 3611 1929 3683 ἔχεις
1959 3629 1972 3643 ο
2011 3614 2110 3667 οὐκ
2159 3612 2306 3663 ἔστιν
2357 3628 2449 3681 μοι
2500 3610 2634 3683 ἄλλη
2680 3612 2833 3677 ἐλπὶς
2868 3614 2900 3684 ἢ
2941 3615 3264 3681 ὑπόστασις,
3390 3621 3554 3687 μόνον
3618 3622 3678 3674 τὸ

395 3702 587 3773 νήπιον
621 3698 782 3751 τοῦτο
818 3712 831 3726 ·
870 3697 1001 3751 λάϐε
1030 3696 1194 3769 ὁλκὴν
1221 3699 1447 3768 χρυσίου
1492 3701 1584 3753 καὶ
1635 3703 1818 3770 φεῖσαί
1873 3721 1974 3774 μου
2004 3703 2096 3759 τοῦ
2133 3702 2343 3765 παιδός.

463 3828 680 3896 Quibus
702 3843 811 3884 non
860 3844 924 3883 ca
972 3828 1301 3895 ferentibus,
1333 3830 1428 3887 sed
1484 3832 1657 3888 instar
1694 3834 1973 3905 accipitris

2148 3846 2220 3908 γ’.
2259 3839 2382 3894 Τῶν
2413 3839 2471 3893 δὲ
2501 3840 2578 3912 μὴ
2608 3842 2976 3914 ἀνεχομένων,
3036 3846 3154 3900 ἀλλ’
3192 3847 3392 3922 ὥσπερ
3441 3854 3675 3923 ἱεράκων

395 3921 910 3977 immisericorditer
967 3922 1404 3993 irrumpentibus
1463 3924 1516 3979 in
1584 3933 1832 3983 turtures
1887 3928 1974 3983 vel

395 4024 612 4069 teneras
640 4013 950 4077 columbas.
974 4022 1070 4069 aut
1101 4014 1271 4071 veluti
1318 4016 1463 4086 lupis
1489 4031 1665 4087 agnos
1707 4019 1973 4089 diripien-

396 4106 565 4170 tibus,
595 4106 833 4161 velutive
861 4106 1112 4162 leonibus
1138 4119 1356 4163 teneros
1392 4110 1594 4166 vitulos
1619 4125 1683 4164 ex
1712 4112 1973 4167 uberibus

390 4198 751 4267 iuvent-arum
772 4197 1116 4267 rapientibus
1134 4208 1190 4254 et
1218 4214 1326 4253 non
1344 4200 1721 4269 parcentibus,
1745 4217 1974 4258 necesse

391 4298 477 4343 est
505 4298 711 4343 matres
733 4289 1118 4359 circumplecti
1155 4291 1414 4346 manibus
1443 4300 1498 4345 et
1540 4292 1687 4348 ulnis
1728 4286 1973 4348 cervices

395 4391 715 4446 puerorum,
747 4377 995 4446 istosque
1034 4392 1212 4433 saevos
1245 4379 1515 4435 satellites
1544 4380 1833 4450 adjurare:
1864 4384 1973 4436 Atl-

388 4471 519 4539 juro
543 4475 616 4532 te,
639 4467 744 4533 vir,
778 4483 874 4537 per
904 4484 1028 4524 eum
1065 4472 1159 4540 qui
1193 4486 1262 4526 ex
1296 4470 1638 4529 incunabilis
1688 4472 1879 4528 eduxit
1921 4480 1974 4530 te

392 4560 840 4627 adolescentem;
877 4560 1094 4616 trucida
1124 4577 1210 4617 me
1230 4562 1493 4633 primum,
1524 4562 1650 4619 dein
1684 4563 1832 4619 hunc
1886 4565 1974 4620 in-

394 4654 601 4708 fantem
629 4651 683 4706 in
708 4653 854 4708 ulnis
888 4654 1048 4709 meis.
1083 4653 1175 4709 llle
1200 4669 1332 4711 vero
1356 4655 1581 4726 iniquus
1616 4656 1823 4712 invidia
1859 4673 1974 4714 me-

394 4754 564 4813 tuque
606 4743 879 4814 impotens
926 4744 1181 4815 princeps
1230 4747 1609 4817 speculatores
1647 4764 1789 4819 pone
1840 4750 1971 4805 mit-

393 4844 535 4900 tens,
558 4833 1041 4905 jubebatquaarere
1066 4845 1273 4900 utrum,
1296 4838 1523 4905 pecunia
1542 4847 1784 4909 accepta,
1804 4840 1970 4895 alicui

391 4927 796 4996 pepercissent;
827 4941 895 4980 ne
923 4932 1179 4995 parentes
1208 4927 1323 4980 nati
1358 4928 1505 4997 regis
1521 4928 1684 4986 donis
1717 4931 1971 4986 allicien-

392 5028 475 5073 tes
504 5016 706 5072 milites
734 5015 1016 5087 impellant
1039 5017 1104 5072 ad
1140 5018 1629 5076 insurrectionem.
1655 5022 1694 5076 li
1740 5038 1870 5078 vero
1902 5039 1971 5079 ex

390 5104 668 5163 mandatis
706 5107 1025 5162 excitabant
1087 5107 1211 5163 illos
1263 5106 1650 5164 interfectores
1707 5112 1828 5181 qui,
1884 5112 1970 5167 his

390 5197 617 5263 auditis,
668 5199 843 5269 magis
879 5214 944 5253 ac
977 5200 1150 5269 magis
1194 5199 1378 5255 studio
1428 5201 1782 5259 ebulliebant.
1813 5202 1970 5261 Licet

390 5297 575 5346 autem
607 5290 712 5346 isto
754 5292 1072 5361 spectaculo
1105 5306 1217 5346 non
1249 5290 1541 5359 adfuerim,
1580 5293 1784 5347 abhinc
1820 5294 1968 5349 enim

391 5382 727 5454 septingenti
783 5383 1149 5454 quadraginta
1200 5392 1253 5439 et
1310 5384 1732 5454 quatuor_anui
1798 5386 1970 5458 elapsi

389 5483 543 5542 sunt,
580 5492 644 5532 ex
685 5485 811 5532 ortu
852 5475 1058 5532 Christi
1090 5477 1429 5548 septingenti
1456 5477 1587 5531 anni
1619 5484 1673 5532 et
1696 5486 1967 5549 quatuor;

386 5569 458 5624 ab
501 5567 796 5624 infantium
821 5577 1005 5625 autem
1042 5569 1191 5625 caede
1239 5568 1571 5640 septingenti
1607 5570 1968 5642 quadraginta

387 5659 498 5713 duo
536 5660 697 5725 anni;
748 5660 906 5732 quasi
938 5676 1067 5716 vero
1127 5661 1235 5715 huc
1288 5660 1593 5724 assistens,
1641 5661 1722 5714 sic
1775 5661 1877 5716 ista
1912 5662 1963 5714 in

387 5756 626 5813 mentem
664 5751 922 5823 subeunt,
955 5762 1007 5811 et
1029 5753 1216 5810 videre
1244 5752 1380 5808 mihi
1412 5751 1603 5807 videor
1636 5753 1801 5809 istum
1835 5769 1965 5809 eta—

2078 3933 2324 4003 ἁνηλεῶς
2354 3934 2669 4004 ίπταμένων
2691 3936 2835 3991 κατά
2856 3938 3091 3992 νεοττῶν
3115 3943 3466 4013 περιστερῶν
3493 3946 3672 4016 ῆτρυ-

2076 4026 2272 4095 γόνων,
2305 4025 2337 4096 ἢ
2372 4026 2561 4096 ὥσπερ
2592 4026 2774 4083 λύκων
2801 4029 2973 4100 ἄρνας
3022 4031 3442 4104 διαρπαζόντων
3461 4080 3477 4104 ,
3508 4040 3545 4110 ἢ
3570 4040 3671 4092 ῶσ-

2078 4134 2183 4188 περ
2213 4117 2447 4173 λεόντων
2487 4118 2675 4173 ἁπαλά
2708 4121 2986 4192 μοσχάρια
3023 4122 3089 4178 ἐκ
3128 4126 3360 4195 μασθῶν
3420 4131 3668 4202 μητέρων

2076 4208 2491 4279 διαρπαζόντων
2522 4211 2617 4265 καὶ
2656 4213 2741 4283 ’μὴ
2793 4215 3153 4287 φειδομένων,
3186 4220 3404 4291 ἀνάγκη
3435 4225 3539 4287 τὰς
3571 4242 3668 4295 μη-

2078 4298 2245 4371 τέρας
2299 4302 2689 4371 περιπλέκειν,
2728 4303 2846 4375 ἆμα
2878 4307 3082 4377 χειρῶν
3125 4310 3223 4374 τὰς
3251 4311 3466 4377 ὠλένας
3494 4316 3669 4369 αὐτῶν

2075 4393 2191 4454 τοῖς
2219 4392 2409 4461 αὐχέσι
2428 4392 2537 4447 τῶν
2571 4396 2807 4463 νηπίων,
2846 4399 2940 4452 καὶ
2972 4402 3331 4472 κατορκίζειν
3379 4406 3512 4470 τοὺς
3548 4410 3668 4463 ἀνό-

2078 4499 2214 4553 μους
2246 4484 2491 4549 ἐκείνους
2523 4486 2863 4557 στρατιώτας
2898 4506 2913 4521 ⁹
2986 4491 3224 4563 Ὁρκίζω
3259 4513 3341 4562 σε,
3389 4499 3665 4573 ἄνθρωπ,

2077 4575 2157 4636 είς
2182 4573 2273 4627 τὸν
2303 4574 2620 4647 αὐξήσαντά
2642 4595 2700 4633 σε
2724 4582 2789 4634 ἐκ
2814 4581 3046 4653 βρέφους
3072 4586 3240 4658 ἄνδρα
3262 4588 3475 4644 τέλειον
3492 4605 3508 4618 ·
3533 4595 3665 4647 ἀπύ-

2075 4678 2287 4716 κτεινον
2317 4664 2382 4734 δὴ
2418 4666 2520 4737 ἐμὲ
2551 4668 2768 4739 πρῶτον
2789 4712 2804 4735 ,
2849 4672 2945 4725 καλ⁸
2972 4673 3095 4726 τότε
3127 4675 3188 4728 τὸ
3230 4678 3430 4748 νήπιον
3467 4683 3528 4736 ἐν
3553 4687 3666 4748 ταῖς

2073 4751 2347 4845 ἀγκάλαις
2374 4772 2515 4845 μου.
2574 4758 2802 4829 Ἐχθρὸς
2824 4762 2925 4831 τῆς
2960 4763 3319 4837 δικαιοσύνης
3346 4771 3563 4836 ἐκεῖνος
3593 4776 3665 4845 τῷ

2074 4842 2222 4915 ζήλῳ
2245 4844 2339 4897 καὶ
2366 4844 2542 4918 δειλία
2586 4849 2999 4920 ὑπερμεθύσας,
3055 4859 3365 4925 σκοπευτάς
3423 4842 3663 4920 κατὼπιλ

2076 4934 2203 5026 σθεν
2246 4935 2617 5026 ἀποστέλλων,
2652 4943 3036 5014 παρήγγελλεν
3069 4943 3179 5018 ἆρα
3211 4951 3287 5020 μή
3322 4968 3378 5003 τι
3408 4956 3663 5026 χρήματα

2074 5022 2333 5088 λαϐόντες
2359 5024 2470 5078 τινὶ
2491 5027 2781 5096 ἐφείσαντο
2810 5048 2822 5062 ’
2860 5034 2935 5103 μὴ
2963 5036 3013 5087 οἱ
3045 5040 3227 5105 γονεῖς
3255 5039 3352 5093 τοῦ
3376 5022 3660 5115 γέεννηὺἐνο

2074 5133 2164 5210 τος
2189 5117 2462 5183 Βασιλέως
2489 5119 2683 5191 δώροις
2710 5124 3125 5194 ἐκμειλίξαντες
3150 5133 3279 5195 τοὺς
3306 5134 3480 5204 ἐμοὺς
3505 5155 3661 5210 στρα-

2072 5205 2296 5275 τιώτας,
2347 5210 2445 5262 καὶ
2497 5211 2636 5283 πρὸς
2666 5215 2970 5287 ἀνταρσίαν
3006 5220 3131 5289 ἐμοὶ
3158 5205 3655 5296 αἱρεθήσουσινίοί

2070 5298 2126 5352 δὲ
2168 5301 2630 5374 ἀποστελλόμενοι
2665 5307 2734 5361 τὰ
2769 5310 2909 5364 αύτά
2940 5314 3310 5386 παρενόχλουν
3332 5323 3451 5384 τοῖς
3475 5339 3657 5391 φονευ-

2068 5395 2189 5455 ταίς
2210 5392 2445 5458 ἐκείνοις
2483 5412 2497 5426 θ
2532 5415 2781 5455 κακεινοι
2825 5404 3001 5459 ταῦτα
3036 5406 3331 5475 ἀκούοντες
3372 5413 3517 5484 ὑπὲρ
3562 5434 3657 5469 πε-

2073 5483 2261 5553 ρισσοῦ
2318 5485 2398 5557 τῷ
2444 5489 2595 5560 ζήλῳ
2643 5495 3051 5565 κατεμέθυσαν.
3094 5501 3205 5554 Καὶ
3230 5503 3328 5556 νῦν
3359 5507 3411 5558 εἰ
3440 5483 3536 5561 καὶ
3563 5510 3655 5562 οὐκ

2066 5567 2219 5673 ἢμην
2253 5577 2487 5673 περιὼν,
2518 5580 2668 5637 ἐστὶν
2702 5586 2811 5657 γὰρ
2835 5588 2945 5642 ἀπὸ
2974 5590 3097 5645 τότε
3140 5592 3235 5666 ἔτη
3278 5596 3379 5667 ἤδη
3417 5600 3654 5673 τέσσαρα

2075 5666 2170 5717 xal.
2224 5671 2633 5740 τεσσαράκοντα
2684 5679 2779 5732 καί⁸
2841 5680 3166 5752 ἑπτακόσια,
3232 5666 3505 5761 ἀπὸίμέν
3561 5666 3655 5763 ei};

2076 5759 2379 5828 παρουσίας
2436 5763 2679 5836 Χριστοῦ
2746 5770 2839 5843 ἐτη
2901 5773 3203 5831 ἑπτακόσια
3250 5759 3651 5853 τεσσαράκοντα
