3874 6350
181 402 334 469 1505

1211 409 1470 473 SERMO
1505 413 1588 475 IN
1627 414 1958 477 SANCTOS
1995 417 2498 481 INNOCENTES.

3340 429 3477 496 1506

172 518 432 587 τέσσαρα
463 516 563 587 (l),
594 517 704 571 ἀπὸ
736 518 792 572 δὲ
817 518 919 587 τῆς
947 520 1324 587 παιδοκτονίας
1350 524 1446 595 ἔτη
1468 527 1776 582 ἑπτακόσια

1885 529 2057 588 delem
2079 547 2263 603 regem
2284 531 2551 589 Herodem
2575 533 2947 590 stimulantem
2968 537 3054 592 sui
3079 537 3254 608 ipsius
3284 555 3478 611 proce-

170 609 604 676 τεσσαράκοντα
636 609 731 663 δύο
754 627 767 641 ’
794 612 910 665 ἀλλ’
930 611 1007 677 ὡς
1037 614 1229 685 παρὼν
1253 617 1392 681 ἐκεῖ,
1409 616 1586 681 οὕτως
1610 618 1783 675 ταῦτά

177 717 286 769 μοι
317 702 455 753 κατὰ
481 698 609 753 νοῦν
641 700 918 772 πάρεισιν,
948 703 1045 757 καὶ
1071 705 1148 768 ὡς
1180 704 1405 775 θεωρῶν
1429 709 1544 777 εἰμι
1580 707 1670 761 τὸν
1689 706 1781 779 ἔχ-

173 791 372 846 Θιστον
414 791 644 862 βασιλέα
696 792 947 865 Ἡρώδην
985 795 1064 865 τῷ
1095 794 1254 866 θυμῷ
1280 796 1490 862 ζέοντα,
1524 799 1653 862 τοὺς
1686 816 1784 869 με-

172 888 453 952 γιστᾶνας
488 886 658 940 αὐτοῦ
702 888 1241 959 παραμυθουμένους
1284 892 1469 957 αὑτὸν,
1502 892 1628 955 τοὺς
1688 909 1785 961 φο-

172 980 300 1040 νεῖς
330 978 399 1031 τά
422 978 634 1049 δάκρυα
653 979 762 1033 τῶν
793 981 1049 1052 πατέρων
1084 983 1158 1054 μὴ
1188 984 1494 1048 ἐλεοῦντας,
1514 986 1584 1037 τὰ
1614 986 1784 1055 νήπια

177 1069 698 1141 μὴμοίκτείροντας,
743 1072 882 1127 ἀλλά
911 1073 1022 1127 τῶν
1076 1076 1172 1145 μὲν
1208 1076 1308 1139 τὰς
1339 1076 1584 1146 κεφαλὰς
1640 1079 1783 1131 ἀπο-

172 1163 517 1232 τέμνοντας,
545 1163 656 1218 τῶν
690 1165 746 1217 δὲ
799 1168 921 1229 ταῖς
972 1169 1247 1237 μητράσιν
1279 1170 1650 1240 κατεχουσῶν,
1689 1171 1785 1224 καλ⁸

179 1253 270 1323 μὴ
305 1254 644 1327 βουλομένων
673 1257 893 1326 ἀφιέναι
923 1261 979 1312 ἐν
1013 1262 1138 1324 ταῖς
1160 1261 1432 1329 ἀγκάλαις
1456 1263 1639 1316 αὐτῶν
1659 1265 1783 1328 ταῖς

183 1346 497 1419 μαχαίραις
528 1349 928 1414 ἀναλίσκοντας
959 1351 1142 1405 αὐτῶν
1168 1353 1235 1407 τὰ
1272 1354 1467 1425 νήπια.
1511 1354 1698 1407 Ἀλλοι
1726 1354 1783 1409 δὲ

180 1438 558 1510 κατεμέριζον
608 1441 752 1495 αὑτά
803 1442 1119 1515 ἔμπροσθεν
1157 1447 1271 1507 τοῖς
1304 1447 1654 1516 γεννήσασιν,
1687 1448 1785 1501 καὶ

176 1528 370 1601 ἕτεροι
397 1532 731 1603 κρατοῦντες
753 1537 867 1599 τοῖς
890 1536 1021 1589 ποσὶ
1045 1538 1103 1590 ἐν
1123 1540 1244 1601 ταῖς
1271 1538 1503 1608 πέτραις
1534 1538 1784 1606 ἐξεδάφι-

177 1617 305 1683 ζον,
337 1621 433 1673 καὶ
457 1621 632 1687 οὕτως
665 1626 775 1677 τῶν
804 1626 1099 1697 κροτάφων
1131 1628 1314 1681 αὐτῶν
1344 1631 1410 1699 τῇ
1446 1631 1516 1700 γῇ
1553 1647 1783 1699 σκορπι-

175 1707 458 1778 ζομένων,
490 1715 611 1777 ταῖς
652 1714 921 1781 ἐλεειναῖς
954 1718 1229 1790 μητράσιν
1255 1720 1358 1773 οὐκ
1386 1715 1456 1790 ἦν
1492 1720 1782 1791 παράκλη-

177 1816 317 1864 σιςο
381 1805 543 1859 ποῖαν
598 1806 709 1878 γὰρ
765 1810 863 1861 καὶ
912 1810 1273 1881 παραμυθίαν
1324 1806 1471 1881 εἶχον
1520 1812 1665 1882 ἔχειν
1724 1815 1784 1866 ἐν

1891 638 1982 678 res
2016 624 2386 691 consiliarios,
2423 624 2803 681 interfectores
2825 627 3098 699 lacrymas
3125 642 3340 700 patrum
3365 649 3474 690 non

1888 715 2236 784 miserantes,
2257 730 2359 771 nec
2393 718 2580 787 pueris
2604 729 2891 788 parcentes
2914 761 2930 789 ,
2956 721 3052 777 sed
3078 723 3311 778 aliorum
3336 726 3475 781 colla

1885 805 2179 870 caedentes,
2227 807 2461 862 aliorum
2498 810 2767 866 matribus
2788 814 3197 881 resistentibus,
3224 818 3476 886 neganti-

1884 895 2100 967 busque
2120 899 2294 963 abire,
2316 915 2442 954 cum
2471 900 2723 957 viderent
2760 902 3002 961 infantes
3031 905 3086 960 in
3119 906 3267 962 ulnis
3299 922 3477 965 caesos

1885 988 2104 1060 gladiis.
2133 990 2239 1044 Alii
2273 990 2475 1048 milites
2503 994 2890 1065 discerpebant
2911 1011 3009 1051 eos
3041 997 3147 1051 sub
3178 999 3353 1053 oculis
3384 1015 3475 1067 pa-

1885 1092 2143 1149 rentum;
2183 1083 2297 1151 alii,
2328 1086 2466 1155 pede
2487 1101 2582 1141 eos
2604 1088 2993 1158 corripientes,
3033 1091 3084 1144 in
3131 1098 3314 1161 petras
3351 1092 3475 1146 alli-

1885 1174 2108 1240 debant,
2141 1176 2335 1248 sicque
2378 1181 2717 1249 temporibus
2753 1196 2945 1237 eorum
2982 1183 3137 1237 bumi
3178 1184 3471 1253 dispersis,

1884 1266 2035 1320 nulla
2074 1276 2198 1322 erat
2228 1271 2495 1326 matribus
2530 1273 2761 1342 solatio;
2810 1276 3087 1343 quodnam
3137 1278 3285 1333 enim
3325 1278 3473 1333 sola-

1885 1359 2020 1413 tium
2051 1360 2235 1416 all'erri
2293 1365 2563 1433 potuisset
2597 1366 2708 1421 illis
2742 1383 2931 1423 necem
2971 1369 3288 1424 continuam
3342 1386 3470 1425 cer-

1885 1451 2539 1511 nentibus?Vestimenta
2562 1473 2759 1514 cruore
2791 1459 2843 1515 in
2869 1462 3187 1530 pectoribus
3213 1477 3470 1531 aspersa;

1885 1552 2224 1613 pectoraque
2265 1549 2596 1604 contusione
2636 1565 2996 1605 mammarum
3043 1552 3204 1619 laesa;
3264 1560 3471 1607 matres

1885 1635 2029 1690 lacte
2049 1636 2374 1691 vestimenta
2407 1653 2705 1707 puerorum
2738 1641 3049 1712 tingentes;
3092 1658 3326 1711 quarum
3350 1642 3471 1702 aliae

1886 1739 2090 1794 pueros
2115 1725 2347 1782 biennes
2378 1727 2659 1799 lugebant,
2701 1731 2824 1786 alia:
2871 1748 3002 1787 vero
3036 1733 3347 1800 anniculos,
3374 1741 3471 1787 aut

1887 1816 2104 1871 dimidii
2139 1819 2434 1889 temporis,
2460 1819 2697 1890 denique
2732 1823 2911 1877 adhuc
2941 1824 3208 1891 minoris;
3247 1825 3472 1879 biennio

175 1893 414 1984 ἐαυταῖς
478 1898 686 1967 όρῶσαι
746 1901 804 1953 ἐν
859 1901 1163 1973 ὀφθαλμοῖς
1214 1903 1395 1956 αὐτῶν
1452 1904 1545 1957 τὸν
1603 1905 1782 1974 ἄωρον

1885 1909 2029 1962 enim
2064 1887 2518 1977 proﬁciscebatur
2556 1887 2839 1969 decretum
2884 1914 2992 1967 diri
3046 1922 3100 1968 et
3137 1887 3310 1984 iniqui
3367 1912 3474 1969 He-

174 1982 418 2039 θάνατον
451 2005 465 2054 ;
519 1990 589 2043 τά
630 1991 825 2061 ἱμάτια
863 1993 1056 2057 αὑταῖς
1098 1997 1211 2057 τοῖς
1250 1995 1482 2065 αἴμασιν
1538 1996 1782 2049 καταϐα-

1887 1998 2065 2061 rodis,
2103 2006 2159 2053 et
2193 1999 2263 2054 ab
2293 2000 2413 2055 istis
2463 2002 2558 2070 qui
2603 2018 2774 2056 unum
2809 2011 2938 2059 ante
2978 2003 3125 2059 diem
3159 1982 3322 2060 erant
3356 2003 3474 2059 nati

171 2076 357 2145 φέντα
398 2082 582 2152 στήθει
612 2082 872 2148 διανοίας,
908 2084 978 2138 τά
1008 2086 1209 2156 στέρνα
1237 2086 1317 2156 τῷ
1347 2086 1497 2158 πόνῳ
1521 2087 1632 2140 τῶν
1670 2105 1763 2155 γα-

1885 2095 1998 2140 mte
2033 2086 2371 2143 horrendum
2421 2088 2586 2144 istum
2614 2089 2919 2145 decretum.

169 2162 517 2239 λακτοροίων
580 2173 943 2245 τρυχώμενα,
1010 2179 1134 2239 ταῖς
1202 2176 1392 2248 θηλαῖς
1439 2178 1510 2231 τὰ
1580 2177 1773 2247 ἱμάτια
1810 2175 1997 2239 αὐτοῖς
2028 2177 2513 2248 καταϐρέχουσαι·
2545 2181 2641 2234 καὶ
2674 2182 2729 2235 αἱ
2770 2181 2870 2250 μὲν
2910 2181 2969 2249 ἐξ
3036 2181 3218 2236 αὐτῶν
3275 2182 3472 2245 διετεῖς

172 2262 387 2323 παῖδας
417 2264 703 2336 ἐθρήνουν,
741 2269 835 2322 κα)⁸
870 2268 1031 2323 ἄλλαι
1075 2271 1467 2335 ἐνιαυσιαίους,
1502 2260 1607 2323 ’καὶ
1643 2270 1804 2325 ἄλλαι
1847 2268 2043 2337 καιροῦ
2104 2272 2199 2324 καλ¹
2248 2272 2520 2342 ἡμίσεως,
2596 2274 2692 2327 καὶ
2738 2272 2925 2327 λοιπὸν
2979 2275 3320 2346 κατωτέρω·
3359 2277 3470 2330 ἀπὸ

170 2348 392 2418 διετοῦς
442 2356 551 2426 γάρ
581 2351 648 2427 ἦν
684 2356 746 2410 τὸ
774 2358 1107 2430 πρόσταγμα
1138 2359 1234 2414 τοῦ
1266 2360 1500 2413 δειλαίου
1531 2361 1626 2412 καὶ
1694 2358 2018 2429 παρανόμου
2084 2358 2348 2429 Ἡρώδου,
2396 2363 2490 2416 καὶ
2536 2363 2651 2416 ὅσοι
2726 2363 3099 2435 ἐγεννήθησαν
3162 2367 3270 2437 πρὸ
3339 2370 3472 2438 μιᾶς

170 2447 398 2519 ἡμέρας
420 2446 512 2499 τοῦ
545 2449 771 2516 ἐναγοῦς
801 2450 1012 2503 ἐκείνου
1045 2452 1494 2523 προστάγματος.

252 2537 322 2593 δ’.
370 2539 432 2591 Ὦ
486 2540 698 2602 ἐννοίας
754 2540 1009 2609 δακρύων
1044 2542 1523 2613 πεπληρωμένηςῑ
1564 2542 1628 2593 ’Ὠ
1674 2557 1778 2610 μαο

1947 2535 1992 2590 Ο
2023 2534 2298 2590 sententia
2358 2534 2620 2605 lacrymis
2661 2537 2856 2607 plena!
2907 2552 2941 2593 ο
2973 2537 3212 2595 infantes
3238 2554 3472 2610 prorsus

176 2632 401 2704 καρίων
437 2632 642 2685 παίδων
674 2632 842 2703 μηδὲν
863 2634 1229 2704 ἠδικηκότων,
1266 2636 1361 2689 καὶ
1390 2634 1466 2697 ὡς
1496 2633 1779 2703 πολεμίων

1885 2629 2227 2693 innocentes,
2258 2636 2427 2699 utque
2457 2629 2681 2684 barbari
2733 2629 2921 2686 hostes
2953 2630 3243 2686 trucidati!
3281 2648 3314 2689 o
3344 2648 3474 2689 san-

181 2721 493 2794 βαρὸάρων
527 2721 1075 2794 κατασφαζομένωνί
1105 2725 1149 2778 ὢ
1179 2726 1426 2795 αἱμάτων
1459 2725 1663 2785 ἀδίκως
1690 2724 1783 2776 ἐπὶ

1885 2722 2002 2790 guis
2036 2736 2204 2791 super
2259 2731 2405 2775 terra
2445 2721 2734 2791 prolusus,
2776 2732 2829 2778 et
2880 2723 3026 2778 sicut
3085 2724 3272 2793 pluvia
3320 2727 3373 2778 in
3407 2740 3469 2779 ea

177 2814 290 2884 τῆς
326 2812 433 2882 γῆς
478 2812 844 2883 ἐκχεομένων,
887 2814 983 2867 καὶ
1021 2814 1213 2886 ῶσπερ
1268 2814 1493 2885 ὄμϐρων
1542 2816 1598 2867 ἐν
1644 2814 1781 2883 αὐτῇ

1885 2813 2306 2883 pinguel‘actus!
2343 2829 2377 2869 ο
2412 2814 2689 2869 funestam
2724 2814 2921 2869 falcem
2952 2830 3073 2885 quae
3100 2823 3229 2869 ante
3256 2826 3472 2885 tempus

179 2906 568 2961 πιανθέντωνῑ
606 2905 649 2959 ὢ
676 2907 957 2978 δρεπάνης
998 2906 1247 2978 ὀλεθρίου
1300 2906 1406 2978 πρὸ
1456 2906 1649 2977 καιροῦ
1688 2906 1781 2959 τοῦ

1888 2906 2082 2959 messis
2118 2904 2313 2959 mediis
2365 2904 2553 2961 choris
2605 2920 2737 2958 arva
2777 2905 3096 2976 occupasti!
3143 2920 3176 2961 ο
3227 2914 3469 2961 matrum

182 2996 387 3069 θέρους
412 2998 470 3051 ἐν
489 2999 641 3069 ἀκμῇ
670 2997 765 3050 τοῦ
797 2997 960 3069 χοροῦ
998 2997 1098 3061 τὰς
1145 2997 1390 3069 ἀρούρας
1426 2998 1785 3069 αἱχμαλωτη-

183 3089 399 3161 σάσηςί
434 3083 477 3142 ὢ
514 3090 769 3161 μητέρων
804 3089 1004 3161 θρῆνος
1035 3092 1132 3144 καὶ
1166 3090 1474 3162 στεναγμὸς
1498 3092 1591 3145 καὶ
1620 3091 1781 3163 ὀδυρ-

1886 2997 2069 3052 lnctus
2104 3007 2158 3051 et
2192 2996 2434 3067 suspiria
2494 2998 2811 3066 multusque
2853 2998 3107 3067 plangor,
3152 2998 3206 3052 in
3264 2998 3473 3068 quibus

1887 3088 2097 3143 nullum
2126 3098 2245 3143 erat
2296 3088 2589 3143 solatium!
2641 3087 2846 3142 Harum
2882 3090 3027 3143 enim
3079 3089 3322 3145 omnium
3354 3104 3474 3143 ma-

185 3182 298 3253 μὺς
330 3182 520 3248 πολὺς,
543 3184 600 3235 ἐν
631 3175 674 3250 ᾧ
695 3183 796 3236 οὐκ
821 3178 890 3253 ἦν
908 3182 1260 3253 παράκλησις
1277 3182 1531 3253 οὐδεμία.
1560 3181 1783 3237 Τούτων

1888 3188 2071 3245 trum,
2128 3181 2183 3235 in
2242 3181 2407 3237 unius
2460 3181 2857 3236 lamentatione
2912 3182 3180 3253 propheta
3234 3189 3473 3238 obscure

181 3275 301 3345 γὰρ
320 3275 507 3328 πασῶν
537 3276 647 3329 τῶν
676 3278 951 3348 μητέρων,
976 3277 1058 3340 είς
1084 3280 1213 3348 μιᾶς
1236 3276 1468 3347 όδυρμὺν
1494 3277 1783 3347 προφήτης

181 3369 590 3439 αἰνιγματοδῶς
646 3371 1078 3441 προεφήτευσεν.
1138 3368 1367 3439 Θρῆνος
1412 3371 1543 3441 γὰρ,
1590 3369 1781 3439 φησὶν,

182 3459 293 3512 καὶ
358 3460 685 3529 κλαυθμὸς,
740 3460 838 3513 καὶ
912 3459 1170 3529 ὀδυρμὸς
1248 3460 1490 3525 πολύς-ο
1554 3458 1781 3528 Ῥαχὴλ

182 3550 499 3604 κλαίουσα
524 3550 595 3603 τὰ
620 3549 799 3603 τέκνα
829 3548 1038 3616 αὐτῆς,
1092 3552 1191 3604 καὶ
1246 3551 1358 3604 οὐκ
1407 3549 1626 3617 ἤθελεν
1670 3566 1784 3602 πα-

174 3639 591 3709 ρακληθῆναι,
624 3640 710 3693 ὅτι
741 3643 852 3695 οὐκ
889 3642 1050 3695 εἰσιν
1077 3658 1090 3669 ·
1125 3641 1221 3693 καὶ
1259 3640 1333 3711 μὴ
1362 3642 1494 3711 μιᾶς
1522 3641 1682 3711 μόνον
1706 3640 1784 3711 τῷ

181 3731 423 3800 ὀνόματι
456 3731 632 3801 τούτῳ
666 3731 734 3783 τὰ
762 3731 929 3786 τέκνα
952 3733 1409 3802 κατεσφάγησαν,
1448 3732 1570 3802 οὐχί
1603 3750 1617 3764 ο
1648 3732 1786 3785 ἀλλὰ

181 3823 389 3877 πολλαὶ
435 3821 635 3894 Ῥαχὴλ
670 3823 966 3877 ἐκαλοῦντο
992 3841 1005 3854 ·
1048 3824 1167 3877 ἀλλ’
1205 3826 1393 3894 ἐπειδὴ
1438 3826 1624 3894 μήτηρ
1675 3826 1784 3877 τῶν

186 3914 454 3984 μητέρων
471 3909 540 3983 ἦν
568 3916 600 3981 ή
634 3912 729 3966 τοῦ
783 3913 978 3967 Ἰακὼό
1029 3912 1251 3983 Ῥαχὴλ,
1281 3913 1369 3965 διὰ
1404 3913 1564 3964 τοῦτο
1589 3916 1617 3965 ό
1648 3930 1781 3979 προ-

182 4005 459 4076 φήτηςτδ
492 4005 664 4076 ὄνομα
722 4004 821 4074 τῆς
872 4004 1040 4057 πάλαι
1106 4003 1305 4074 Ῥαχὴλ
1343 4002 1433 4056 διὰ
1486 4003 1547 4056 τὸ
1592 4002 1783 4073 μέλλον

183 4098 358 4169 θέρος
395 4096 503 4150 τῶν
537 4096 770 4164 νηπίων,
818 4096 912 4147 καὶ
956 4096 1058 4165 τὴν
1124 4094 1253 4165 περὶ
1308 4093 1518 4148 τούτων
1574 4094 1780 4164 θλίψιν,

182 4189 481 4263 πόρρωθεν
530 4186 877 4257 ἀνήγγειλεν.
922 4187 1189 4241 Κοπετῶν
1221 4186 1402 4240 τοίνυν
1427 4188 1522 4240 καὶ
1556 4205 1785 4256 στεναγ-

187 4285 315 4353 μῶν
344 4280 561 4352 πλήρης
595 4283 626 4351 ή
654 4280 833 4333 ἔννοια
862 4298 876 4311 ’
912 4281 994 4343 τίς
1029 4280 1137 4350 γὰρ
1179 4279 1256 4348 μὴ
1289 4280 1615 4351 θρηνήσειεν
1643 4281 1784 4352 μετά

181 4376 302 4427 τῶν
350 4373 604 4445 μητέρων
654 4371 917 4438 έκείνων;
944 4371 977 4443 ἢ
1012 4371 1096 4434 τίς
1129 4372 1417 4442 σπλάγχνα
1448 4374 1784 4444 οίκτειρμῶν

184 4469 297 4520 οὐκ
343 4467 620 4535 ἐκτήσατο
668 4465 763 4517 ἐπὶ
799 4468 868 4535 τῇ
926 4463 1149 4536 τοιαύτῃ
1178 4464 1349 4533 ἀδίκῳ
1381 4464 1563 4535 πληγῇ
1589 4481 1602 4529 ;
1631 4465 1664 4536 ἢ
1697 4466 1784 4530 τίς

1888 3273 2174 3343 praedixit;
2208 3272 2342 3328 dicit
2364 3275 2509 3329 enim
2542 3292 2555 3328 :
2586 3273 2843 3328 Ploratus
2874 3285 2923 3329 et
2956 3274 3197 3328 ululatus
3225 3275 3426 3330 multus
3449 3292 3470 3330 .'

1886 3364 2086 3418 Rachel
2118 3364 2335 3433 plorans
2378 3365 2520 3433 ﬁlios
2555 3382 2681 3419 suos
2726 3375 2773 3420 et
2829 3366 2999 3419 noluit
3030 3366 3301 3419 consolari
3341 3368 3469 3436 quia

1884 3472 1988 3509 non
2024 3466 2179 3517 sunt;
2208 3465 2283 3522 et,
2323 3473 2392 3512 ne
2434 3458 2601 3512 unius
2636 3467 2848 3511 tantum
2896 3457 3120 3512 nomine
3170 3458 3275 3513 hoc
3312 3459 3469 3529 pueri

1884 3548 2295 3613 occiderentur,
2331 3548 2593 3613 minime;
2627 3550 2739 3603 imo
2765 3549 2950 3604 multa:
2998 3550 3222 3605 fuerunt
3263 3557 3470 3605 matres

1876 3637 2091 3695 Rachel
2140 3640 2469 3705 nominatae;
2514 3641 2608 3695 sed
2647 3642 3104 3713 quandoquidem
3142 3653 3320 3699 mater
3354 3660 3473 3697 ma-

1886 3740 2029 3786 trum
2084 3741 2206 3787 erat
2252 3732 2424 3788 Jacob
2480 3735 2708 3800 Rachel,
2767 3735 2891 3790 ideo
2953 3736 3221 3805 pr0pheta
3267 3752 3470 3792 nomen

1883 3824 2087 3877 veteris
2154 3823 2360 3878 Rachel
2418 3824 2491 3877 ob
2554 3839 2852 3891 puerorum
2924 3824 3166 3879 futuram
3232 3841 3471 3883 messem

1885 3913 2065 3982 obque
2109 3913 2178 3967 de
2230 3914 2341 3969 illis
2386 3915 2833 3981 lamentationes,
2869 3924 3031 3985 antea
3086 3918 3467 3987 proclamavit.

1884 4002 2205 4059 Planctibus
2252 4003 2419 4075 igitur
2478 4005 2861 4075 suspiriiSque,
2898 4006 3060 4076 plena
3110 4014 3233 4062 erat
3286 4023 3468 4064 mens.

1885 4094 2019 4161 Quis
2066 4096 2210 4149 enim
2274 4112 2381 4151 non
2438 4097 2565 4151 ﬂeat
2635 4111 2742 4151 una
2809 4113 2934 4152 cum
2993 4098 3105 4154 illis
3158 4099 3475 4155 matribus?

1885 4187 2101 4256 quodve
2127 4202 2223 4242 cor
2254 4203 2362 4242 non
2384 4188 2435 4241 in
2464 4187 2705 4258 ejulatus
2729 4197 2982 4259 erumpat
3009 4204 3107 4258 pro
3128 4190 3334 4246 talibus
3364 4190 3474 4244 ini-

1885 4279 2009 4350 quis
2034 4279 2270 4335 ictibus?
2298 4282 2382 4336 vel
2406 4282 2530 4351 quis
2560 4281 2626 4336 de
2658 4281 2901 4337 balbutie
2932 4282 3155 4336 illorum
3182 4283 3469 4337 beatorum

1885 4371 2179 4427 infantium
2242 4374 2494 4443 cogitans
2545 4390 2658 4428 non
2714 4374 3153 4445 lacrymabitur?
3206 4374 3473 4432 Videntes

1885 4466 2031 4521 enim
2081 4480 2246 4521 enses
2282 4474 2476 4521 contra
2523 4466 2675 4536 ipsos
2710 4467 2974 4531 vibratos,
3011 4476 3180 4537 utque
3212 4482 3243 4521 a
3277 4467 3409 4522 feris
3439 4482 3473 4522 e

186 4559 291 4611 τοῦ
320 4556 622 4628 ψελλισμοῦ
651 4556 760 4609 τῶν
796 4556 1083 4626 μακαρίων
1118 4555 1344 4608 ἐκείνων
1376 4555 1781 4627 ἐνθυμούμενος

1887 4556 2012 4611 sinu
2050 4564 2286 4610 malrum
2318 4557 2525 4627 arrepti
2556 4557 2626 4611 ad
2671 4557 2808 4613 istos
2843 4558 3161 4611 clamabant
3183 4558 3472 4613 dicebant-

187 4652 249 4702 οὐ
285 4648 709 4719 πληρωθήσεται
737 4646 1025 4718 δακρύων;
1048 4647 1264 4717 ὁρῶντα
1284 4646 1393 4716 γὰρ
1416 4645 1483 4698 τά
1505 4645 1635 4717 ξίφη
1657 4647 1775 4699 κατ’

192 4741 382 4795 αὐτῶν
425 4739 846 4809 ἀκοντιζόμενα,
910 4739 1007 4793 καὶ
1037 4738 1113 4802 ὡς
1159 4737 1266 4791 ὑπὸ
1302 4736 1510 4809 θηρίων
1567 4738 1778 4807 ἀγρίων

195 4834 260 4886 ἐκ
300 4830 412 4885 τῶν
454 4830 673 4883 κόλπων
724 4828 834 4882 τῶν
891 4828 1148 4901 μητέρων
1204 4827 1584 4897 ἀποσπώμενα
1646 4828 1787 4899 πρὸς

197 4924 402 4988 αὐτοὺς
429 4922 840 4993 ἀπεφθέγγοντο
895 4922 993 4976 καὶ
1045 4920 1267 4989 ἔλεγον·
1330 4921 1502 4988 Ἀφες
1554 4936 1646 4989 με,
1690 4919 1785 4972 ἀν-

200 5017 409 5088 θρωπε,
455 5015 556 5070 ποῦ
594 5034 661 5087 με
700 5014 975 5083 ἀπάγεις;
1011 5013 1074 5066 οὐ
1108 5010 1364 5083 γνωρίζω
1401 5028 1460 5064 σε
1486 5027 1504 5044 ο
1538 5011 1640 5064 οὐκ
1668 5006 1786 5064 οἶδα

199 5110 284 5173 τίς
317 5105 368 5162 εἱ
397 5124 409 5139 ·
461 5109 564 5163 οὐκ
615 5104 665 5161 εἷ
706 5107 770 5160 σὺ
807 5105 933 5159 οὕτε
975 5105 1164 5175 πατήρ
1202 5120 1328 5174 μου,
1373 5100 1498 5157 οὔτε
1533 5100 1784 5171 ἀδελφὸς,

1884 4662 2035 4715 que:
2072 4645 2296 4700 Dimitte
2340 4662 2447 4711 me,
2481 4648 2605 4711 vir;
2658 4662 2767 4717 quo
2812 4663 2901 4702 me
2952 4649 3222 4703 abducis?
3271 4664 3382 4704 non
3418 4656 3471 4702 te

1883 4752 2201 4807 cognosco;
2234 4738 2426 4806 ignoro
2481 4738 2608 4807 quis
2638 4738 2748 4805 sis;
2780 4754 2887 4793 non
2943 4746 3001 4792 tu
3056 4738 3187 4792 mihi
3233 4753 3295 4795 es
3369 4753 3472 4809 pa-

1885 4836 1989 4893 ter,
2011 4836 2106 4883 aut
2133 4828 2326 4893 frater,
2358 4838 2452 4883 aut
2477 4830 2808 4894 avunculus,
2849 4838 2945 4884 aut
2998 4838 3233 4899 patruus
3263 4846 3279 4896 ;
3322 4843 3468 4884 non-

1884 4920 2013 4975 dum
2055 4928 2436 4992 cognoverunt
2460 4935 2561 4976 cur
2589 4928 2797 4976 eterra
2850 4929 3043 4991 surgat
3089 4935 3281 4976 eorum
3332 4920 3465 4975 vita.

1885 5009 1930 5067 Ο
1954 5012 2135 5067 scelus
2157 5011 2416 5082 aquatilis
2440 5012 2739 5082 serpentis,
2764 5012 3138 5068 innocentium
3166 5027 3470 5082 puerorum

1885 5119 2109 5160 carnem
2139 5103 2483 5168 devorantis,
2515 5118 2579 5158 ac
2605 5118 2715 5158 non
2757 5104 2940 5158 satiati
2965 5105 2978 5158 !
3007 5105 3144 5160 Cum
3174 5106 3322 5159 enim
3359 5119 3470 5160 caa-

201 5201 325 5255 οῦτε
356 5201 759 5273 μητράδελφος,
780 5200 842 5253 οὐ
867 5197 1269 5269 πατράδελφος,
1300 5196 1396 5250 καὶ
1423 5196 1523 5249 οὐκ
1543 5195 1783 5263 ἔγνωσαν

1885 5196 1982 5251 des
2006 5194 2299 5250 infantium
2323 5203 2545 5265 peracta
2584 5193 2778 5251 fuisset
2807 5197 2928 5252 sine
2960 5197 3468 5262 commiseratione,

203 5294 367 5358 ὅπως,
396 5293 519 5346 οὐδὲ
550 5293 639 5346 διὰ
666 5292 718 5345 τί
766 5294 830 5344 ἐκ
868 5293 968 5361 τῆς
1001 5291 1106 5358 γῆς
1148 5287 1443 5359 ἐπαίρεται
1475 5291 1508 5358 ἡ
1547 5286 1661 5359 ζωὴ
1692 5288 1790 5340 αὐ-

204 5386 330 5443 τῶν.
367 5382 439 5438 Ὠ
471 5384 790 5458 παρανομία
845 5383 941 5437 τοῦ
973 5381 1159 5454 βυθίου
1186 5381 1503 5449 δράκοντος,
1536 5380 1635 5444 τάς
1667 5381 1792 5453 σάρ-

208 5497 308 5545 κας
344 5481 452 5535 τῶν
487 5479 745 5534 ἀναιτίων
785 5478 995 5531 παίδων
1039 5474 1401 5548 βεϐρωκότος,
1440 5475 1531 5528 καλ⁸
1570 5475 1645 5546 μὴ
1679 5477 1781 5545 ep-

1888 5297 2033 5342 metu
2064 5296 2230 5358 atque
2249 5287 2467 5343 insania
2492 5288 2775 5358 quaerebat
2798 5288 2977 5343 adhuc
2995 5289 3239 5360 genitum
3261 5303 3469 5359 regem,

1889 5395 1953 5435 ac
2004 5379 2382 5435 indesinenter
2429 5380 2749 5451 suspirabat
2796 5395 2861 5435 ac
2904 5379 3296 5447 tremescebat,
3333 5379 3471 5434 dum

1891 5473 2073 5527 anima
2098 5471 2221 5543 ejus
2249 5473 2318 5527 ab
2358 5472 2478 5543 ipso
2504 5473 2685 5527 ablata
2714 5481 2882 5529 esset.

210 5536 565 5647 πλησθέντος.
598 5576 722 5628 Ἔτι
752 5572 859 5644 γὰρ
883 5573 977 5626 καὶ
999 5536 1097 5641 si];
1129 5536 1509 5634 παιδοκτονίας
1532 5536 1775 5643 ἀνηλεῶς
1818 5536 2146 5639 γενομένης,
2203 5536 2397 5639 δειλίᾳ-
2429 5569 2524 5622 καὶ⁵
2578 5569 2810 5641 ἀπονοίᾳ
2864 5570 2945 5623 ἔτι
2993 5536 3173 5641 ζητῶν
3240 5562 3311 5641 ἦν
3371 5566 3470 5621 τόν

212 5670 463 5740 τεχθέντα
505 5667 736 5739 βασιλέα
769 5683 782 5697 ·
820 5667 914 5720 καὶ
950 5665 1052 5718 οὒκ
1104 5663 1385 5718 ἐπαύσατο
1432 5666 1633 5718 στένων
1693 5666 1788 5719 καὶ
1825 5663 2066 5734 τρέμων,
2099 5662 2206 5726 ἕως
2245 5655 2307 5717 οῦ
2343 5663 2376 5734 ἡ
2411 5662 2558 5735 ψυχὴ
2592 5662 2758 5719 αὐτοῦ
2789 5663 3061 5737 ἀφαιρέθη
3125 5664 3220 5719 ἀπ’
3281 5662 3471 5721 αὑτοῦ.

1723 5754 1955 5813 NOTAE.

287 5858 360 5928 (l)
386 5861 486 5916 llic
524 5856 686 5915 docet
717 5865 909 5914 auctor
949 5872 1010 5916 se
1046 5858 1252 5916 vixisse
1292 5856 1474 5917 medio
1514 5859 1717 5917 saeculo
1736 5857 1946 5918 Christi
1968 5865 2180 5916 octavo.
