4250 6454
709 430 810 493 155

1868 427 1927 485 S.
1971 424 2290 487 JOANNIS
2348 426 2777 485 DAMASCENI

3855 423 3958 485 156

705 544 799 595 ubi
846 556 1011 596 nemo
1048 540 1281 596 ulterius
1337 542 1517 611 ipsum
1567 555 1793 611 serpere
1829 542 2104 610 prohibet,
2139 556 2281 608 equo
2314 546 2354 600 Α

2280 568 2281 577 ι
2314 546 2354 600 Α
2385 540 2684 601 κωλύοντα,
2719 540 2871 610 ἵππῳ
2898 538 3041 592 ἔοικε
3070 538 3161 592 τὸν
3186 539 3404 611 χαλινὸν
3432 538 3825 612 ἀπορρήξαντι,
3860 541 3958 591 καὶ

707 635 890 690 simile
909 642 1014 698 est,
1033 636 1129 704 qui
1166 650 1465 699 sessorem,
1488 649 1726 689 excusso
1754 634 1927 697 freno,
1957 635 2009 687 in
2035 648 2278 703 praeceps

707 728 844 797 agit.

779 816 980 869 Justiu.
1012 846 1082 859 -—
1117 816 1350 872 Animus
1389 816 1457 870 ad
1497 832 1561 871 ea
1603 817 1753 871 bona
1801 817 2006 885 quibus
2052 813 2279 874 excidit.

710 923 851 975 πετο
900 908 1148 961 revocari
1196 915 1396 977 potest,
1429 924 1531 963 nec
1572 923 1793 963 rursum
1833 907 1995 962 facile
2044 921 2075 959 a
2120 905 2282 957 malis

712 1002 914 1068 quibus
941 1000 1208 1063 assuevit,
1234 1000 1475 1057 extrahi.

786 1091 844 1144 S.
879 1089 1016 1144 Nili.
1053 1120 1122 1131 —-
1150 1090 1206 1145 Si
1242 1094 1313 1146 ob
1342 1107 1403 1145 ea
1441 1108 1563 1161 qua:
1609 1091 1664 1144 in
1696 1090 1935 1144 divinam
1966 1090 2140 1158 legem
2184 1086 2285 1141 ad-

716 1182 943 1242 misisti,
972 1182 1070 1236 tibi
1098 1182 1202 1251 ipsi
1231 1198 1473 1252 unquam
1508 1196 1853 1242 succensere,
1878 1189 1932 1233 et
1957 1178 2287 1249 paenitentiae

719 1276 1071 1339 pharmaeum
1105 1274 1368 1327 adhibere
1399 1273 1697 1337 voluisses,
1729 1272 1929 1325 bonam
1962 1272 2193 1323 fortasse
2220 1268 2289 1323 de

719 1374 809 1413 tua
846 1362 1023 1417 salute
1063 1379 1213 1432 spem
1244 1364 1430 1417 animo
1461 1363 1931 1432 concepissemus.
1952 1361 2022 1413 At
2052 1375 2174 1414 cum
2207 1358 2292 1412 di-

720 1454 905 1505 viuum
964 1462 1170 1506 metum
1216 1468 1443 1522 prorsus
1498 1452 1941 1520 contempseris,
1991 1458 2045 1505 et
2111 1450 2285 1518 ipsam

719 1559 938 1610 quoque
965 1544 1018 1597 in
1052 1543 1333 1598 Christum
1372 1544 1528 1597 ﬁdem
1564 1544 1859 1613 abieceris,
1889 1543 2066 1597 satius
2096 1540 2291 1595 luisset

722 1635 818 1687 tibi
848 1650 912 1688 ex
942 1647 1099 1688 utero
1133 1650 1413 1703 nunquam
1448 1636 1658 1689 editum
1691 1649 1835 1689 esse.

795 1725 855 1780 S.
890 1725 1143 1781 Clement.
1174 1758 1245 1766 ——
1274 1726 1527 1780 Extrema
1565 1726 1805 1779 servitus
1850 1730 1937 1777 est
1989 1721 2137 1776 vitiis
2166 1735 2295 1776 suc-

724 1818 981 1871 cmnbere
1006 1829 1059 1870 et
1089 1832 1283 1870 manus
1321 1816 1482 1882 dare;
1529 1814 1989 1885 quemadmodum
2021 1813 2135 1866 haec
2159 1824 2289 1865 vera

725 1909 945 1964 demum
976 1908 1198 1962 libertas
1229 1916 1313 1962 est
1340 1909 1433 1960 illa
1466 1922 1745 1976 superare.

797 2002 858 2055 S.
886 2000 1100 2070 Cyrilli.
1126 2028 1198 2041 —-
1223 1999 1450 2052 Mortem
1503 2000 1691 2058 timeo,
1724 1997 1852 2067 quia
1914 1996 2047 2050 mihi
2097 1994 2297 2049 acerba

728 2100 831 2146 est.
867 2091 1186 2146 Gebennam
1219 2092 1412 2154 timeo,
1446 2090 1574 2159 quia
1616 2091 1970 2158 sempiterna.
2007 2088 2188 2157 Ignem
2230 2087 2298 2139 ti-

728 2202 874 2249 meo,
906 2187 1033 2255 quia
1059 2200 1341 2254 nunquam
1372 2185 1762 2253 exstlnguitur.
1785 2180 2076 2235 Tartarum
2112 2181 2297 2242 timeo,

730 2278 859 2345 quia
896 2277 1103 2331 caloris
1131 2292 1328 2345 expers
1354 2285 1459 2329 est.
1485 2273 1771 2329 Tenebras
1799 2275 1987 2334 timeo,
2018 2271 2147 2340 quia
2181 2270 2301 2323 luce

730 2373 949 2419 vacant.
977 2365 1230 2420 Vermem
1264 2366 1452 2429 timeo,
1483 2365 1612 2434 quia
1647 2380 1754 2417 non
1785 2364 2035 2417 moritur.
2064 2361 2301 2429 Angelos

731 2458 919 2520 timeo,
954 2457 1086 2526 quia
1140 2455 1615 2511 immisericordes
1671 2462 1826 2508 sunt.
1881 2452 1964 2507 Me
2014 2452 2298 2515 miserum,

730 2548 826 2616 qui
858 2554 911 2600 te
938 2547 1267 2601 clamantem
1313 2561 1419 2601 non
1452 2547 1783 2609 audiverim,
1818 2559 1881 2597 ac
1917 2544 2190 2597 dicentem
2218 2561 2231 2596 :
2259 2541 2303 2596 Ο

731 2641 938 2702 anima,
975 2639 1058 2694 bis
1086 2640 1195 2692 tuis
1231 2639 1449 2692 tandem
1485 2639 1815 2700 sceleribus,
1840 2644 1895 2689 et
1925 2634 2153 2703 reliquis
2183 2649 2306 2703 quae

734 2732 867 2785 mihi
901 2730 1263 2786 exsecrationi
1302 2738 1455 2791 sunt,
1508 2730 1669 2784 linem
1726 2727 1981 2797 impone!
2027 2726 2111 2779 Me
2146 2725 2308 2778 mise-

736 2839 880 2883 rum,
917 2822 1009 2892 qui
1046 2823 1306 2892 templum
1354 2832 1509 2874 tuum
1542 2820 1908 2887 corruperim,
1944 2826 1996 2873 et
2042 2816 2305 2886 Spiritum

737 2922 988 2968 sanctum
1031 2920 1183 2966 tuum
1233 2912 1679 2966 contristaverim
1708 2912 1721 2963 ι
1749 2910 2005 2971 Domine,
2037 2923 2165 2963 vera
2223 2908 2310 2977 iu-

737 3004 883 3057 dicia
926 2998 1016 3057 lu'a
1064 3011 1215 3057 sunt.
1257 3002 1341 3055 0b
1386 3001 1777 3069 temporariam
1814 2999 2023 3067 peccati
2064 2998 2313 3051 oblecta-

741 3098 946 3148 tionem
976 3095 1336 3163 sempiternis
1371 3093 1552 3161 ptenis
1586 3091 1895 3145 excrucior.
1935 3070 2163 3157 Propter
2187 3103 2312 3141 car—

2383 632 2476 685 τδν
2516 631 2794 701 ἀναϐάτην
2825 632 3356 702 κατακρημνίσαντι.

2454 826 2927 889 Δυσαναϐίϐαστος
2966 829 3000 899 η
3037 826 3183 897 ψυχὴ
3241 827 3335 880 ἐπὶ
3373 828 3566 892 ταῦτα,
3599 828 3692 897 ἀφ’
3725 820 3799 880 ὧν
3831 826 3960 879 ὠλί-

2387 917 2553 983 σθησε
2604 918 2827 970 κακῶν·
2868 917 3299 982 δυσεκϐίϐαστος
3352 917 3559 972 τούτων
3603 934 3663 971 τε
3713 912 3789 971 ὧν
3835 934 3961 969 συν-

2386 1006 2598 1078 ειθίσθη
2635 1006 2846 1060 κακῶν.
3626 1076 3627 1081 η

2456 1097 2519 1149 Ei
2557 1098 2655 1164 μὲν
2683 1096 2877 1149 σαυτόν
2908 1113 3038 1149 ποτε
3060 1095 3337 1166 ἠθέλησας
3372 1094 3690 1166 μέμψασθαι
3724 1095 3815 1148 ἐπὶ
3838 1096 3961 1155 ταῖς

2386 1188 2658 1257 ἀνομίαις,
2691 1189 2787 1241 καὶ
2834 1187 3152 1254 ἐξιάσασθαι
3200 1187 3276 1257 τῷ
3319 1188 3594 1259 φαρμάκῳ
3644 1186 3745 1256 τῆς
3797 1203 3964 1255 μετα-

2388 1278 2559 1343 νοίας,
2590 1278 2734 1348 τάχα
2766 1279 2831 1332 ἂν
2860 1278 3103 1348 χρηστάς
3133 1277 3355 1341 ἐλπίδας
3380 1277 3691 1348 ἐθρέψαμεν
3732 1278 3824 1347 ἐπὶ
3859 1276 3959 1327 σοί.

2402 1368 2623 1439 Ἐπειδὴ
2650 1370 2707 1423 δὲ
2751 1370 2973 1432 τελείως
3009 1371 3422 1441 κατεφρόνησας
3466 1368 3560 1422 τοῦ
3592 1369 3737 1422 θείου
3774 1368 3961 1436 φόϐου,

2391 1457 2487 1510 καὶ
2528 1458 2699 1527 αὐτῆς
2735 1458 3083 1521 κατέπτυσας
3126 1461 3227 1528 τῆς
3280 1459 3359 1521 εἰς
3397 1458 3632 1530 Χριστὸν
3689 1457 3963 1519 πίστεως,

2397 1548 2607 1617 βέλτιόν
2660 1566 2743 1603 σοι
2792 1550 3073 1620 ὑπῆρχεν,
3133 1549 3220 1602 ἵνα
3269 1548 3344 1621 μὴ
3398 1548 3693 1619 ἐγεννήθης
3751 1549 3815 1601 ἐκ
3860 1564 3965 1615 γα-

2396 1638 2569 1708 στρός.

2464 1730 2538 1781 Τὸ
2588 1731 2886 1784 ὑποπεσεῖν
2937 1730 3033 1782 καὶ
3073 1732 3481 1802 παραχωρῆσαι
3535 1732 3649 1793 τοῖς
3705 1729 3965 1792 πάθεσιν,

2396 1822 2599 1893 ἐσχάτη
2629 1822 2861 1887 δουλεία,
2898 1824 3091 1894 ὥσπερ
3157 1823 3350 1894 ἀμέλει
3396 1823 3457 1877 τὸ
3494 1824 3716 1895 κρατεῖν
3764 1822 3969 1875 τούτων

2400 1915 2685 1987 ἐλευθερία
2720 1916 2875 1985 μόνη.

2467 2005 2748 2076 ⁴φοϐοῦμαι
2782 2006 2873 2059 τὸν
2908 2005 3162 2069 θάνατον,
3206 2006 3289 2059 ὅτι
3336 2005 3531 2075 πικρός
3560 2004 3650 2076 μοι
3700 2006 3836 2059 ἐστι.
3880 2003 3973 2057 Φοι-

2400 2097 2600 2170 ϐοῦμαι
2629 2099 2728 2169 τὴν
2761 2098 3008 2167 γέενναν,
3045 2099 3126 2151 ὅτι
3152 2097 3368 2160 αἰώνιός
3400 2097 3546 2149 ἐστι’
3602 2096 3873 2167 φοϐοῦμαι
3911 2096 3971 2149 τὸ

2400 2190 2532 2260 πῦρ,
2562 2191 2641 2243 ὅτι
2662 2188 2925 2242 ἀσϐεστόν
2956 2190 3105 2241 ἐστι·
3139 2186 3409 2258 φοϐοῦμαι
3436 2187 3528 2240 τὸν
3565 2188 3860 2257 τάρταρον,
3887 2189 3971 2240 ὅτι

2402 2280 2463 2332 οὑ
2523 2278 2743 2346 μετέχει
2784 2277 3029 2347 θέρμηςο
3083 2275 3356 2346 φοϐοῦμαι
3394 2277 3456 2329 τὸ
3504 2278 3712 2339 σκότος,
3772 2278 3855 2329 ὅτι
3909 2275 3970 2328 οὑ

2406 2369 2625 2440 μετέχει
2656 2368 2834 2439 φωτός
2856 2385 2869 2399 ’
2894 2368 3169 2439 φοϐοῦμαι
3197 2369 3288 2421 τὸν
3332 2367 3614 2441 σκώληκα,
3638 2370 3721 2421 ὅτι
3754 2369 3974 2422 ἀτελεύ-

2403 2461 2565 2530 τητός
2614 2461 2793 2512 ἐστιν·
2846 2459 3119 2529 φοϐοῦμαι
3147 2459 3275 2521 τοὺς
3322 2460 3606 2527 ἀγγέλους,
3636 2459 3718 2511 ὅτι
3750 2459 3974 2527 ἀνελεή-

2408 2553 2568 2622 μονές
2602 2554 2756 2606 εἰσιν.
2790 2552 2971 2622 Οῖμοι,
3006 2552 3088 2604 ὅτι
3125 2550 3217 2603 σοῦ
3250 2551 3479 2621 βοῶντος
3502 2552 3602 2604 οὐκ
3625 2552 3852 2621 ἥκουσα,
3884 2551 3977 2603 καὶ

2405 2646 2654 2713 λέγοντος
2673 2662 2687 2675 ·
2714 2639 2785 2697 Ὦ
2814 2643 2982 2715 ψυχὴ,
3016 2643 3222 2696 παῦσαι
3256 2643 3461 2697 τούτων
3482 2644 3591 2697 τῶν
3630 2642 3975 2714 μιασμάτων,

2408 2736 2504 2789 καὶ
2534 2736 2752 2790 πάντων
2780 2735 2889 2786 τῶν
2915 2735 3044 2805 παρ’
3085 2735 3209 2803 ἐμοὶ⁵
3239 2734 3654 2803 βδελυγμάτωνῐ
3687 2734 3871 2803 Οτμοι,
3895 2735 3979 2785 δτι

2407 2827 2498 2880 τὸν
2522 2827 2647 2879 ναόν
2670 2844 2764 2879 σου
2786 2826 3032 2896 ἕφθειρα,
3079 2826 3174 2877 καὶ
3203 2825 3263 2877 τὸ
3290 2825 3443 2892 ἆγιόν
3480 2842 3574 2877 σου
3604 2824 3826 2894 Πνεῦμα
3860 2824 3981 2876 ἐλύ-

2410 2934 2579 2985 πησα.
2611 2917 2804 2987 Κύριε,
2822 2916 3048 2986 ἀληθινὰ
3072 2916 3141 2969 τὰ
3168 2915 3413 2984 κρίματά
3433 2931 3547 2967 σουσ
3588 2915 3676 2969 διά
3708 2914 3979 2984 πρόσκαι-

2415 3025 2506 3079 ρον
2538 3008 2810 3077 ἁμαρτίας
2856 3006 3157 3060 ἀπόλαυσιν
3195 3007 3437 3060 ἀθάνατα
3490 3004 3879 3075 βασανίζομαι·
3910 3004 3983 3056 δι’

2412 3096 2608 3166 ἡδονῆς
2639 3096 2843 3167 σαρκὸς
2878 3095 2956 3165 τῷ
2984 3096 3116 3164 πυρὶ
3156 3095 3544 3167 παραδίδομαι.
3571 3093 3765 3145 Δικαία
3793 3095 3825 3163 η
3860 3092 3986 3159 κρί-

743 3188 829 3241 nis
855 3186 1194 3255 voluptatem
1230 3186 1282 3238 in
1316 3186 1493 3253 ignem
1527 3182 1820 3249 conjicior.
1848 3179 2067 3234 Justum
2099 3188 2185 3232 est
2219 3177 2310 3233 Dei
2342 3206 2388 3266 ο
2418 3212 2421 3229 ι

2306 3182 2310 3229 l
2342 3206 2388 3266 ε
2418 3204 2502 3249 σις
2530 3186 2622 3239 τοῦ
2662 3186 2820 3239 Θεοῦ.
2867 3186 3279 3255 Ἐδιὸασκόμην,
3327 3186 3420 3238 καὶ
3452 3186 3510 3237 οὐ
3560 3184 3855 3253 προσῆκον.
3890 3186 3984 3233 Δι-

738 3278 1027 3347 judieium.
1062 3277 1323 3335 Docebar,
1358 3290 1461 3328 nec
1497 3277 1740 3325 animum
1782 3272 2164 3325 attendebam.
2210 3268 2314 3321 Te-

744 3368 1126 3423 stiﬁcabantur
1157 3367 1309 3428 mihi,
1336 3372 1389 3419 et
1428 3379 1529 3433 ego
1573 3362 1891 3416 irridebam.
1928 3360 2024 3414 llis
2055 3358 2318 3413 consimi-

745 3460 999 3528 libusque
1026 3458 1212 3513 verbis
1241 3456 1540 3525 aliquando
1566 3454 1762 3513 uteris,
1795 3467 1828 3505 0
1857 3452 2037 3515 homo,
2060 3451 2104 3504 si
2141 3450 2320 3518 prius-

746 3566 908 3621 quam
948 3560 999 3604 le
1044 3551 1313 3604 scelerum
1352 3547 1641 3615 pceniteat,
1680 3545 1811 3597 hinc
1851 3544 2010 3614 θοι
2059 3542 2319 3607 abreptus

745 3642 879 3695 eris.
909 3640 953 3694 0
987 3640 1173 3701 homo,
1214 3639 1297 3693 vel
1346 3638 1657 3708 gehennam
1688 3635 1842 3699 time,
1885 3636 1966 3686 vel
2004 3633 2089 3686 l‘ac
2141 3639 2198 3684 ut
2234 3646 2321 3684 re-

747 3748 914 3801 gnum
952 3746 1236 3801 capessas.

820 3845 1076 3908 Fratres,
1126 3844 1342 3913 qualem
1388 3843 1675 3904 timorem,
1724 3841 2011 3895 horrorem
2048 3844 2101 3889 et
2146 3851 2321 3905 angu-

749 3940 910 3995 stiam
943 3939 1250 4008 persentire
1286 3936 1444 3989 nobis
1482 3949 1707 3989 necesse
1755 3941 1841 3986 est
1881 3936 2117 3985 exeunte
2140 3928 2323 3979 anima

750 4034 818 4087 de
848 4031 1108 4099 corpore!
1136 4028 1343 4083 Praesto
1376 4026 1646 4096 siquidem
1669 4032 1861 4078 contra
1895 4037 1996 4075 nos
2022 4028 2107 4073 est
2129 4018 2325 4071 adver-

751 4124 1025 4177 sariarum
1059 4121 1327 4174 virtutum
1361 4116 1683 4177 exercitus;
1718 4112 2027 4183 principes,
2066 4111 2324 4177 inquam,

754 4213 1104 4266 tenebrarum
1125 4249 1140 4271 .
1167 4217 1410 4263 rectores
1434 4206 1627 4260 mundi
1659 4203 1919 4272 nequitia:
1946 4218 1959 4253 :
1989 4199 2327 4270 principatus

752 4314 809 4357 et
840 4308 1141 4372 potestates
1161 4339 1176 4363 ,
1208 4314 1273 4353 ac
1302 4299 1453 4352 velut
1482 4299 1538 4351 in
1565 4297 1678 4351 litis
1709 4310 1877 4351 causa
1914 4294 2152 4346 animam
2186 4290 2328 4343 deti-

757 4404 923 4457 nent,
957 4392 1143 4446 omnia
1176 4391 1280 4460 ipsi
1314 4398 1580 4459 peccata,
1614 4403 1736 4456 quae
1767 4387 1837 4440 ab
1868 4386 2040 4454 prima
2070 4390 2231 4436 aetate
2263 4382 2329 4434 ad

755 4500 875 4539 eam
903 4498 1078 4552 usque
1106 4496 1216 4551 qua
1242 4490 1464 4550 arri-pta
1486 4486 1570 4534 est
1596 4520 1609 4544 ,
1640 4479 1725 4532 vel
1757 4478 1970 4539 sciens,
2002 4476 2085 4528 vel
2118 4474 2333 4541 impru-

2418 3276 2805 3346 εμαρτύραντό
2834 3294 2945 3345 μοι,
2980 3278 3089 3343 ἐγὼ
3128 3276 3184 3328 δὲ
3224 3275 3549 3343 κατεγέλων.
3575 3275 3761 3326 Ταῦτα
3789 3274 3883 3324 καὶ
3915 3274 3987 3324 τὰ

2416 3367 2639 3420 τοιαῦτα
2668 3370 2833 3438 ἐρεῖς,
2856 3369 2950 3421 ἐὰν
2973 3368 3435 3438 προαναρπασθῇς
3457 3367 3553 3433 τῆς
3577 3366 3710 3436 πρὸς
3733 3365 3821 3417 τὸν
3851 3363 3989 3415 Θεὸν

2423 3459 2729 3529 μετανοίας.
2791 3460 3101 3527 ¹Ἄνθρωπε,
3149 3460 3181 3530 ἢ
3230 3460 3329 3530 τὴν
3356 3459 3581 3529 γέενναν
3611 3458 3912 3528 φοϐήθητι,
3950 3457 3984 3526 ἦ

2419 3552 2518 3619 τῆς
2540 3551 2820 3622 βασιλείας
2846 3550 3250 3621 ἀντιποιήθητι.

2507 3834 2773 3901 Ἀδελφοὶ,
2807 3828 2919 3887 οἷον
2960 3834 3145 3902 φόϐον,
3188 3835 3282 3890 καὶ
3332 3835 3555 3907 τρόμον,
3597 3834 3690 3888 καὶ
3744 3834 3993 3903 ἀνάγκην

2425 3921 2624 3991 ἔχομεν
2658 3923 2806 3984 ἰδεῖν,
2834 3923 2921 3975 ὅτε
2962 3924 2994 3993 ἡ
3045 3922 3191 3993 ψυχὴ
3223 3923 3318 3976 τοῦ
3375 3923 3628 3993 σώματος
3674 3923 3991 3993 χωρίζεται.

2426 4010 2795 4079 Παραγίνεται
2829 4011 2938 4081 γὰρ
2967 4012 3053 4080 ἐφ’
3084 4013 3232 4081 ἡμᾶς
3268 4012 3497 4082 στρατιά
3517 4013 3609 4064 καὶ
3628 4011 3853 4080 δύναμις
3883 4010 3996 4063 τῶν

2427 4099 2686 4151 ἐναντίων
2706 4100 3011 4170 δυνάμεων,
3043 4102 3093 4154 οἱ
3116 4100 3211 4154 τοῦ
3252 4102 3477 4164 σκότους
3515 4102 3793 4171 ἄρχοντες,
3823 4102 3871 4153 οἱ
3904 4118 3997 4154 κο-

2430 4189 2801 4259 σμοκράτορες
2835 4189 2935 4257 τῆς
2964 4191 3253 4262 πονηρίας,
3287 4192 3344 4244 αἱ
3386 4192 3553 4263 ἀρχαὶ
3599 4192 3694 4243 καὶ
3728 4190 3993 4255 ἐξουσίαι,

2430 4276 2522 4329 καὶ
2549 4278 2736 4348 τρόπῳ
2779 4280 2887 4331 τινὶ
2914 4279 3073 4350 δίκης
3101 4279 3394 4349 κατέχουσι
3439 4282 3537 4349 τὴν
3577 4279 3775 4349 ψυχὴν,
3811 4280 4001 4347 ἐπιφέ-

2432 4380 2617 4434 ροντες
2646 4366 2827 4419 πάντα
2856 4368 3027 4437 αὐτῆς
3055 4368 3121 4420 τά
3151 4370 3209 4421 ἐν
3240 4368 3436 4436 γνώσει
3465 4369 3556 4422 καὶ
3589 4368 3779 4439 ἀγνοίᾳ
3813 4370 4000 4439 ἀμαρ-

2429 4457 2684 4527 τήματα,
2733 4458 2842 4510 ἀπὸ
2886 4458 3135 4529 νεότητος
3170 4458 3276 4522 ἐως
3298 4453 3366 4528 ἦς
3386 4458 3698 4528 κατελήφθη
3758 4459 3998 4528 ἡλικίας.

756 4577 891 4629 deus
917 4544 1140 4627 admisit
1162 4612 1176 4634 ,
1212 4544 1566 4641 obiici-entes.
1592 4572 1789 4623 Astant
1818 4570 1986 4639 igitur
2023 4567 2116 4635 qui
2151 4566 2321 4634 ipsam
2357 4544 2399 4597 υ
2428 4549 2434 4563 ⁴

2357 4544 2399 4597 D
2428 4548 2700 4603 Ἴστανται
2716 4544 2867 4602 οὗνοὶ
2886 4548 3321 4619 κατηγοροῦντες
3339 4550 3542 4604 λοιπόν.
3562 4551 3773 4604 Ὀποῐον
3798 4550 4003 4620 τρόμον

760 4673 1043 4719 accusent.
1090 4662 1342 4729 Quonam
1398 4677 1531 4731 ergo
1565 4662 1619 4715 in
1651 4671 1891 4714 lremore
1923 4657 2163 4711 animam
2219 4664 2330 4708 tum

761 4757 971 4810 versari
1005 4766 1201 4825 putas,
1239 4768 1533 4822 quousque
1567 4767 1594 4803 a
1629 4751 1779 4817 justo
1821 4749 2009 4817 judice
2050 4747 2118 4800 de
2162 4747 2335 4813 ipsius

760 4863 927 4903 causa
958 4848 1029 4902 sit
1062 4843 1529 4917 pronuntiatum?
1579 4843 1737 4908 Quod
1776 4843 1821 4895 si
1861 4841 2202 4910 negligenter
2253 4838 2335 4890 vi-

764 4940 912 4993 xisse
940 4938 1341 5006 comperiatur,
1373 4935 1700 4989 horrendam
1731 4932 1883 4985 illam
1912 4944 2098 4983 vocem
2129 4937 2212 4979 est
2242 4943 2338 4979 an-

763 5031 981 5084 ditura:
1012 5028 1260 5083 Tollalur
1282 5028 1477 5095 impius
1495 5067 1509 5089 ,
1535 5042 1596 5079 ne
1620 5024 1792 5078 videat
1815 5023 2044 5093 gloriam
2078 5020 2171 5073 Dei
2196 5018 2335 5088 (ha.

766 5135 926 5180 xxvi.
961 5120 1071 5189 10).
1105 5120 1375 5188 Tuncque
1405 5133 1525 5171 eam
1560 5115 1681 5169 dies
1714 5117 1809 5169 ira
1832 5158 1847 5179 ,
1878 5112 1998 5167 dies
2028 5111 2340 5165 alllictionis

764 5224 819 5263 et
852 5210 1121 5277 angustiae
1142 5247 1157 5273 ,
1188 5208 1309 5262 dies
1344 5208 1699 5260 tenebrarum
1736 5212 1791 5259 et
1837 5203 2093 5272 caliginis
2114 5242 2126 5262 ,
2178 5215 2340 5252 occu-

768 5303 953 5373 pabit,
986 5311 1154 5369 atque
1184 5299 1558 5354 exterioribus
1603 5304 1658 5350 et
1706 5295 2059 5363 sempiternis
2104 5292 2341 5345 ﬂammis

769 5392 1193 5463 mancipabitur,
1250 5390 1456 5460 quibus
1504 5389 1557 5441 in
1608 5395 1928 5458 perpetuam
1976 5386 2341 5438 aeternitatem

770 5485 1049 5557 punienda
1090 5481 1577 5540 condemnabitur.

1205 5617 1340 5672 TIT.
1376 5614 1439 5670 V.
1468 5644 1538 5655 —
1567 5612 1639 5667 De
1668 5612 1911 5668 ebriosis.

844 5730 947 5788 1H
976 5732 1102 5803 Reg.
1139 5746 1208 5786 xx
1232 5771 1246 5796 ,
1284 5729 1372 5783 l6.
1394 5760 1463 5769 —
1486 5748 1505 5780 ι
1532 5725 1705 5781 Filius
1726 5724 1873 5779 Ader
1898 5723 2155 5786 bibebat,
2180 5732 2233 5776 et
2264 5728 2317 5774 te

777 5827 1053 5882 muleutus
1079 5832 1199 5880 erat
1218 5861 1233 5888 ,
1258 5822 1396 5893 ipse,
1420 5828 1474 5877 et
1503 5834 1659 5890 reges
1693 5817 1917 5888 triginta
1948 5815 2080 5885 duo,
2104 5829 2227 5869 cum
2259 5829 2347 5877 eo,

2432 4638 2607 4700 δοκεῖς
2639 4639 2738 4709 τὴν
2766 4639 2943 4710 ψυχὴν
2983 4638 3126 4709 ἔχειν
3153 4640 3211 4691 ὲν
3239 4642 3305 4709 τῇ
3349 4638 3469 4710 ὥρᾳ
3502 4640 3705 4711 ἐκείνῃ,
3739 4640 3844 4701 ἕως
3871 4634 3935 4691 οῦ
3967 4642 4001 4710 ἡ

2432 4729 2613 4799 κρίσις
2641 4730 2814 4798 αὐτῆς
2854 4731 3134 4799 ἀπόφασιν
3161 4729 3302 4802 λάϐῃ
3327 4730 3480 4799 παρά
3518 4731 3611 4783 τοῦ
3642 4731 3849 4782 δικαίου
3883 4748 4002 4800 κριο

2433 4820 2560 4882 τοῦ;
2598 4819 2726 4872 Ἐὰν
2756 4821 2951 4891 εὑρεθῇ
2989 4823 3047 4874 ἐν
3102 4821 3332 4891 ἀμελείᾳ
3364 4821 3597 4891 ζήσασα,
3642 4821 3864 4873 ἀκούσει
3905 4821 3999 4890 τὴν

2435 4908 2748 4981 δεινοτάτην
2779 4910 2994 4980 ἐκείνην
3022 4912 3234 4981 φωνήν*
3284 4911 3533 4978 Ἀρθήτω
3562 4914 3596 4964 ό
3627 4909 3875 4976 ἀσεϐὴς,
3903 4911 4006 4961 ἵνα

2432 5002 2518 5070 μὴ
2553 5002 2648 5068 ιδῃ
2678 5001 2792 5069 τὴν
2825 5002 3015 5064 δόξαν
3044 5002 3151 5056 τοῦ
3187 5003 3427 5069 Κυρίου.
3459 5002 3592 5054 Τότε
3639 5004 3806 5069 αὐτὴν
3838 5018 4009 5053 κατα-

2438 5092 2703 5161 λαμϐάνει
2724 5091 2913 5161 ἡμέρα
2942 5094 3136 5162 ὀργῆς,
3161 5094 3346 5161 ἡμέρα
3367 5091 3597 5159 θλίψεως
3619 5092 3715 5144 καὶ⁷
3735 5092 4003 5159 ἀνάγκης,

2439 5183 2623 5253 ἡμέρα
2654 5184 2879 5246 σκότους
2922 5184 3015 5236 καὶ
3049 5184 3272 5249 γνόφου,
3306 5181 3743 5251 παραδιδομένην
3779 5183 3861 5243 εἰς
3894 5181 4007 5251 πῦρ

2441 5273 2705 5343 ἐξώτερον
2734 5276 2828 5327 καὶ
2872 5274 3092 5328 αἰώνιον
3148 5273 3278 5342 πῦρ,
3323 5276 3381 5325 ἐν
3413 5268 3457 5340 ᾧ
3501 5272 3898 5343 κατακριθεῖσα
3931 5276 4012 5337 εἰς

2443 5365 2645 5429 αἰῶνας
2675 5366 3018 5437 ἀπεράντους
3050 5367 3471 5436 κολασθήσεται.

2745 5606 2925 5660 ἸΊΤΛ.
2968 5606 3043 5659 E'.
3069 5634 3140 5646 --
3172 5604 3309 5673 Περὶ
3332 5604 3697 5675 μεθυόντων.

2526 5737 2543 5769 ι
2584 5717 2710 5780 Υἱὸς
2740 5717 2903 5787 ’Δδερ
2923 5758 2938 5783 ,
2966 5718 3158 5781 πίνων,
3184 5717 3279 5771 καὶ
3310 5715 3544 5787 μεθύων,
3573 5714 3733 5778 αὐτὸς
3790 5718 3887 5769 καὶ
3920 5715 4015 5785 βα-

2452 5809 2616 5872 σιλεῖς
2649 5808 2943 5880 τριάκοντα
2966 5808 3059 5862 δύο
3091 5809 3391 5880 συμϐοηθοὶ
3418 5806 3536 5878 μετ’
3566 5806 3750 5861 αὑτοῦ.
3792 5808 4014 5879 Ἐξῆὶοε
