4202 6496
159 473 260 532 609

230 598 293 661 ζ’.
334 593 639 664 Τοῦ-ιονδη,
688 591 878 645 τοῦτον
921 591 1011 643 τὸν
1045 589 1349 659 ἄνθρωπον,
1394 590 1452 639 ὃν
1490 586 1605 639 κατ’
1658 602 1733 637 οι·
1767 590 1811 643 Α

158 691 311 742 κείαν
342 688 524 741 εἰκόνα
553 686 734 755 νοερὸν
764 683 899 752 ὁμοῦ
942 684 1037 736 καὶ
1080 682 1297 751 λογικὸν
1337 678 1726 737 κατεσκεύασε,

159 781 374 852 πνεῦμα
407 778 552 850 ζωῆς
591 780 847 848 φέροντα,
877 777 933 828 ἐν
958 776 1211 845 κοινωνίᾳ
1243 773 1343 840 τῆς
1372 770 1566 824 ἑαυτοῦ
1596 768 1728 821 καθ-

164 872 342 941 ίστησι
364 871 602 940 χάριτος,
623 867 950 936 παραδείσου
969 881 1025 917 τε
1044 864 1325 932 πολιοῦχον
1347 860 1733 928 πεποίηκεν,ὂν

161 965 283 1017 κατ’
313 961 580 1025 ἀνατολὰς
612 958 1089 1030 πεφυτούργηκεν.
1132 957 1294 1025 Ἐδὲμ
1335 956 1444 1024 γὰρ
1477 953 1576 1025 τὴν
1605 970 1733 1024 τρυ-

162 1057 269 1127 φὴν
303 1055 568 1126 Ἐϐραίων
592 1054 777 1116 παῖδες
797 1052 1224 1121 κατονομάζουσι
1246 1066 1257 1076 '
1294 1049 1566 1119 μακαρίαν
1588 1046 1736 1116 αὑτῷ

164 1146 257 1199 καὶ
286 1144 579 1197 πανολϐίαν
607 1142 787 1212 βιοτὴν
809 1141 1193 1212 χαρισάμενος,
1226 1137 1494 1208 μερίμνης
1519 1137 1737 1203 ἁπάσης

164 1237 588 1308 ἀπηλλαγμένην
619 1238 711 1289 καὶ
738 1236 948 1296 ἄνετον,
974 1234 1031 1299 ἐξ
1058 1228 1126 1305 ἧς
1157 1232 1514 1301 ὲδραπέτευεν
1550 1230 1739 1283 ἅπασα

161 1331 344 1400 ὀδύνη,
379 1330 543 1400 λύπη,
603 1329 700 1383 καὶ
754 1326 1079 1394 στεναγμός.
1134 1319 1234 1377 Οἷα
1266 1324 1373 1391 γάρ
1397 1339 1480 1385 τις
1505 1318 1737 1388 ἄγγελος

162 1421 321 1482 ἄλλος
351 1421 441 1473 ἐπὶ
469 1420 570 1487 γῆς
592 1417 964 1487 διαιτώμενος,
994 1416 1151 1487 ὕμνει
1178 1416 1270 1467 τὸν
1297 1414 1429 1467 Θεὸν
1457 1413 1549 1465 τὸν
1580 1412 1739 1481 ποιή-

164 1530 365 1575 σαντα,
401 1512 558 1565 θείων
586 1511 804 1563 ἐννοιῶν
839 1510 1269 1580 ἐμφορούμενος,
1308 1506 1396 1560 διὰ
1428 1506 1611 1571 πάσης
1641 1504 1739 1572 τῆς

164 1604 397 1665 κτίσεως
430 1602 565 1672 πρὸς
592 1602 683 1654 τὸν
718 1600 1100 1668 γενεσιουργὺν
1133 1599 1422 1667 ἀγόμενος,
1454 1597 1539 1663 ἐφ’
1570 1588 1614 1662 ᾧ
1648 1594 1740 1646 καὶ

164 1693 678 1761 πεπ).αστοὺργητο.
704 1692 874 1744 Τοῦτο
890 1690 997 1758 γάρ
1022 1702 1126 1752 τις,
1143 1685 1317 1759 οἶμαι,
1344 1688 1404 1739 τὸ
1423 1685 1575 1750 ξύλον
1601 1679 1739 1738 εἶναι

163 1783 269 1851 τῆς
292 1781 436 1851 ζωῆς
460 1783 631 1850 λέγων
648 1784 708 1836 τὸ
742 1786 849 1834 πᾶν
872 1782 963 1834 καὶ
988 1780 1209 1849 πλῆρες,
1232 1779 1553 1849 ἀδιαίρετον,
1575 1779 1741 1847 μόνην
1794 1819 1800 1825 .

163 1888 228 1923 τε
264 1872 355 1923 τοῦ
386 1872 550 1924 καλοῦ
588 1873 753 1942 φέρον
788 1871 895 1943 τὴν
943 1870 1181 1942 μέθεξιν,
1219 1869 1510 1937 ἀναγωγῆς
1555 1864 1773 1936 τρόπιρ

772 1956 784 2017 χ
842 2012 845 2017 γ
976 1990 979 1993 .
1505 1997 1508 2000 Α
1710 1960 1713 1962 ·
1780 1946 1819 1999 Β
1850 1949 2269 2003 municationem
2301 1948 2461 2012 ferat,
2496 1948 2794 2012 vocaverit,
2822 1949 2891 2002 ab
2923 1949 3221 2017 anagogico
3256 1960 3421 2002 sensu

162 1964 269 2033 οὑχ
302 1966 697 2041 ἁμαρτήσεται.
774 2010 784 2019 .

1137 470 1461 532 HOMIIJA
1506 468 1585 527 IN
1627 464 2023 525 SABBATUM
2064 464 2436 524 SANCTUM.

1911 582 1964 634 7.
2008 579 2161 634 llnnc
2198 581 2434 644 demum,
2469 580 2607 633 hunc
2636 578 2926 644 hominem,
2965 590 3122 647 quem
3170 581 3236 630 ad
3273 575 3410 631 ima-

1838 675 2018 743 ginem
2050 688 2109 725 su
2129 688 2235 738 am,
2268 671 2629 741 intelligentiae
2665 680 2716 723 ct
2746 671 2967 726 rationis
2996 684 3274 741 capacem,
3300 672 3411 740 spi-

1834 768 1995 818 ritum
2046 765 2168 817 vita:
2217 764 2474 817 ferentem
2510 762 2848 829 condiderat,
2887 764 3071 833 gratire
3120 778 3233 817 sua:
3259 777 3412 817 com-

1837 858 2200 911 muniratione
2260 857 2509 923 dignatus
2561 867 2663 918 est,
2720 871 2782 910 ac
2841 857 3074 926 paradisi
3133 870 3292 923 quem
3348 854 3413 908 ad

1835 950 2097 1001 orientem
2135 949 2492 1016 plantaverat.
2527 948 2807 1016 przesidem
2852 947 2979 1001 fecit
3009 946 3242 1014 (llehrzei
3269 946 3413 999 enim
3474 940 3477 943 ’

1838 1039 2187 1105 voluptatem,
2228 1036 2408 1090 [laden
2434 1040 2789 1106 nuncupant),
2821 1038 2987 1091 vitam
3018 1037 3064 1090 ei
3107 1036 3318 1089 beatam
3350 1050 3417 1087 ac

1840 1130 2230 1193 felicissimam,
2271 1132 2338 1183 ab
2379 1129 2525 1184 omni
2578 1130 2870 1183 immunem
2902 1144 3053 1193 cura,
3083 1129 3320 1197 quietam
3353 1141 3417 1180 ac

1840 1220 2143 1281 remissam,
2179 1235 2208 1272 a
2244 1235 2347 1287 qua
2394 1220 2630 1289 gemitus
2680 1221 2973 1283 exsularet,
3024 1220 3256 1287 benigne
3282 1234 3417 1292 cou-

1838 1313 2019 1367 ferens
2043 1311 2111 1362 τ’.
2152 1310 2304 1365 Velut
2337 1312 2479 1364 enim
2514 1310 2733 1378 angelus
2775 1310 2911 1363 alter
2952 1310 3215 1378 quispiam
3261 1308 3417 1363 habi-

1842 1414 1981 1465 tans,
2015 1400 2181 1456 Deum
2235 1402 2571 1456 conditorem
2621 1416 2778 1455 suum
2840 1399 3172 1461 dilaudabat,
3211 1400 3421 1453 divina-

1842 1484 2083 1562 rumque
2119 1507 2298 1546 rerum
2350 1492 2661 1545 notionibus
2707 1491 2919 1558 plenus,
2964 1505 3058 1558 per
3097 1488 3265 1561 819
3302 1487 3422 1542 uni-

1838 1580 2144 1639 versas'rcs
2174 1593 2387 1638 creatas
2415 1585 2480 1637 ad
2512 1585 2686 1650 ipsum
2718 1583 3049 1637 conditorem
3081 1583 3418 1651 assurgebat,

1842 1676 1993 1745 cujus
2019 1676 2181 1729 etiam
2218 1677 2499 1730 rei'vcansa
2549 1674 2813 1728 formatus
2845 1673 3040 1728 fuerat.
3089 1672 3243 1735 Nam,
3300 1687 3421 1728 meo

1838 1766 2061 1835 judicio,
2082 1769 2126 1819 si
2148 1767 2491 1835 quislignum
2532 1767 2681 1832 vitm,
2708 1782 2888 1821 rerum
2918 1767 3056 1820 hanc.
3095 1767 3421 1835 plenamque

1843 1861 2269 1923 universitatem,
2296 1874 2415 1928 quze
2449 1859 2760 1921 indivisam,
2802 1859 3082 1928 solamque
3112 1860 3235 1912 boui
3270 1872 3424 1912 com-

1732 2105 1741 2117 ,
1804 2038 1805 2041 “
1849 2057 1953 2095 ιιοιι
1984 2041 2280 2094 abcrrabit.

241 2132 314 2203 η’.
358 2134 498 2186 Ἀλλ’
531 2125 883 2205 οὑκῆνεγκέν
915 2136 942 2187 6
962 2135 1070 2203 τῆς
1090 2135 1295 2204 κακίας
1323 2134 1572 2203 εὑρετὴς,
1602 2134 1629 2186 6
1653 2126 1746 2184 τοῦ

165 2226 403 2295 ψεύδους
446 2227 624 2296 πατὴρ
645 2266 657 2288 ,
689 2226 851 2292 λὸίτοῦ
888 2226 1082 2296 φθόνοι)
1112 2225 1442 2295 δημιουργὸς
1476 2223 1747 2291 ὄφις-διὰ-

168 2318 328 2382 6ο).ος
352 2357 366 2379 ,
404 2321 533 2389 ὀρᾷν
564 2319 621 2370 ἐν
675 2317 897 2388 εὑθηνία⁵
948 2317 1055 2371 τῶν
1088 2316 1355 2369 τοσούτων
1407 2315 1627 2384 ἀγαθῶν
1657 2315 1747 2385 τὸν

170 2412 462 2482 ἄνθρωπον
525 2411 912 2480 ἅϐρυνὸμενον.
960 2408 1284 2461 Ἐπιτίθεται
1332 2409 1509 2461 τοίνυν
1564 2406 1744 2475 αὐτῷ,

165 2504 271 2570 τὴν
329 2502 437 2554 τῶν
503 2501 725 2569 ἀγαθῶν
775 2500 1230 2571 προμηθοῦμενος
1274 2500 1576 2568 στέρησιν.
1638 2499 1749 2550 Καὶ

169 2596 526 2666 ὑποκρίνεται
561 2594 657 2663 μὲν
687 2593 783 2665 τὴν
807 2594 1042 2658 εὖνοιαν,
1072 2593 1417 2656 ὑποσκελίζει
1454 2591 1565 2661 (74)
1602 2591 1655 2644 δὲ
1681 2591 1746 2642 δι’

152 2674 391 2757 ἀπάτης
424 2687 514 2739 τὸν
540 2688 847 2758 ἄνθρωπον,
888 2688 979 2739 καὶ⁹
1019 2686 1317 2755 καταψέρει
1353 2685 1568 2754 πτῶμα,
1604 2700 1749 2735 πτω-

172 2778 365 2849 μάτων
394 2780 647 2831 ἁπάντων
688 2778 1067 2831 ὲλεεινότατον.
1111 2778 1224 2830 Καὶ
1256 2778 1505 2829 σκοπεῖτε
1554 2768 1662 2826 οἷον
1690 2774 1750 2825 τὸ

120 2874 121 2877 “
167 2861 389 2938 δέλεαρ.

244 2958 312 3013 θ’.
351 2959 415 3011 Τί
451 2958 557 3010 τῶν
586 2959 843 3012 ἁπάντων
875 2958 1022 3010 ἐστὶν
1046 2956 1376 3025 ὑψηλότερον
1399 2972 1412 3019 ;
1437 2955 1486 3006 τί
1510 2954 1565 3006 δὲ
1592 2954 1749 3023 μόνον

207 3052 324 3103 στὶν
340 3050 667 3121 ὑψηλότερον
684 3053 732 3118 (7
745 3051 819 3118 5);
836 3050 965 3112 Θεὸς
985 3048 1203 3118 δηλαδὴ,
1218 3051 1244 3100 6
1266 3046 1751 3100 πάντωνὲπέκεινα

168 3143 274 3196 καὶ
309 3142 527 3194 πάντων
567 3141 761 3204 αἴτιος.
799 3140 863 3192 Τί
916 3142 1097 3194 τοίνυν
1128 3142 1222 3193 τοῦ
1255 3139 1388 3191 Θεοῦ
1416 3138 1752 3208 χρηματίσαι

166 3229 627 3301 ὲρασμιώτερον;
668 3232 782 3283 Οὑκ
821 3230 968 3283 ἔστιν
1001 3231 1177 3283 οὐδέν.
1213 3230 1290 3299 Τῇ
1344 3229 1528 3297 ὲφέσει
1580 3230 1752 3298 ταύτῃ

168 3324 480 3393 φενακίσας
514 3323 602 3375 τὸν
636 3322 945 3394 ἄνθρωπον,
978 3323 1157 3375 πείθει
1189 3322 1282 3374 τοῦ
1315 3320 1472 3385 ξὺλου
1496 3321 1589 3390 τῆς
1618 3319 1755 3385 γνώ-

171 3432 321 3478 σεως
351 3414 796 3482 ἀπογεύσασθαι,
828 3416 928 3483 τὴν
971 3413 1292 3482 γυναικείαν
1326 3413 1592 3483 πρότερον
1628 3412 1756 3478 λεη-

166 3507 422 3576 λατήσας
453 3506 752 3576 ἁπλότητα.
786 3506 1002 3574 Πέιρυκε
1026 3507 1133 3576 γάρ
1169 3500 1285 3567 πως
1315 3506 1346 3574 ἡ
1376 3504 1542 3557 κακία
1566 3501 1643 3572 τῷ
1664 3501 1757 3554 τοῦ

169 3599 349 3655 καλοῦ
388 3577 736 3670 προσχήματι
788 3597 1230 3666 ὲγκαλὺπτεσθαι
1254 3614 1267 3627 ·
1316 3598 1410 3651 καὶ
1442 3596 1551 3666 γὰρ
1592 3596 1661 3648 τὰ
1692 3597 1764 3647 οξ·

171 3693 308 3745 κεῖα
341 3692 501 3762 αἴσχη
534 3695 599 3759 τῇ
646 3693 813 3760 ἀρετῇ
850 3690 1192 3761 ἐπιτρίϐεται
1221 3707 1233 3718 ·
1267 3684 1327 3743 οὗ
1350 3689 1517 3754 -ξὺλου
1554 3688 1653 3756 τὴν
1679 3687 1760 3737 λί-

172 3800 311 3854 χνον
334 3783 629 3851 ἀπογευσιν
658 3786 684 3836 6
717 3783 895 3836 πάντα
918 3781 1068 3845 εἰδὼς
1089 3781 1474 3851 συμφερόντως
1496 3780 1573 3848 τῷ
1598 3779 1763 3847 Ἀδὰμ

172 3876 523 3947 ἀπεκήρυξε.
557 3876 695 3945 Φησὶ
723 3876 864 3945 γάρ’
914 3875 1044 3928 Ἀπὸ
1075 3874 1302 3937 παντὸς
1341 3873 1531 3935 ξύλου
1564 3869 1668 3922 τοῦ
1696 3870 1765 3921 ἐν

174 3967 267 4033 τῷ
315 3950 657 4035 παραδείσῳ
686 3967 909 4034 ,βρώσει
942 3964 1133 4034 φάγῃ·
1167 3964 1287 4018 ἀπὸ
1318 3962 1386 4014 δὲ
1429 3963 1531 4015 τοῦ
1576 3962 1764 4025 ξύλου

174 4056 295 4113 τοῦ
344 4058 662 4126 γινώσκειν
713 4057 904 4109 καλὸν
938 4056 1036 4108 καὶ
1069 4054 1359 4124 πονηρρν,
1390 4055 1460 4105 οὐ
1502 4051 1766 4120 φάγεσθε

172 4149 289 4204 ἀπ’
318 4148 524 4209 αὑτοῦ,
571 4146 698 4201 οὐδ’
730 4150 802 4201 οὐ
837 4146 922 4216 μὴ
979 4146 1220 4214 figi-nmis
1265 4131 1486 4198 αὑτοῦι
1514 4139 1553 4215 ᾖ
1583 4143 1635 4195 δ’
1693 4143 1770 4196 ἂν

180 4240 382 4309 ἡμέρᾳ
406 4240 632 4309 φάγητε
668 4242 771 4294 ἀπ’
822 4227 1027 4303 αὑτοῦ,
1083 4238 1315 4305 θανάτῳ
1348 4226 1766 4291 ἀποθανεῖσθε.

176 4334 251 4386 Εἰ
293 4333 352 4385 δὲ
384 4333 476 4384 καὶ
514 4332 667 4398 ξύλον
702 4335 842 4384 νοεῖν
873 4331 1189 4401 ἐθελήσειας
1229 4331 1365 4400 πρὸς
1405 4328 1633 4398 δοκιμὴν
1669 4328 1765 4379 καὶ

177 4424 505 4490 ἀπόπειραν
535 4421 783 4489 ὑπακοῆς
814 4439 871 4473 τε
901 4423 994 4473 καὶ
1024 4420 1308 4491 παρακοῆς
1336 4416 1768 4486 πεφυτευμένον,

176 4512 489 4567 κάντεῦθεν
517 4512 669 4575 ξύλον
697 4512 953 4580 γνώσεως
977 4510 1144 4564 καλοῦ
1173 4527 1232 4562 τε
1256 4512 1349 4563 καὶ
1376 4509 1613 4580 πονηροῦ
1641 4526 1775 4562 κατ-

1917 2132 1969 2186 8.
2010 2130 2204 2186 Verum
2240 2148 2341 2186 non
2378 2132 2500 2186 tulit
2533 2132 2784 2199 nequitiae
2834 2132 3121 2195 inventor,
3157 2131 3425 2185 mendacii

1851 2234 2021 2292 pater,
2055 2224 2267 2279 invidia:
2297 2226 2487 2278 artifex
2525 2224 2794 2289 diabolus,
2829 2234 2972 2278 tanta
3004 2225 3270 2278 bonorum
3303 2237 3426 2277 cono

1852 2316 2046 2369 fertum
2073 2318 2227 2385 copia
2256 2332 2319 2370 ac
2350 2317 2556 2371 deliciis
2583 2316 2889 2372 allluentem
2917 2318 3188 2372 hominem
3217 2316 3426 2371 videre.

1853 2409 1982 2461 Eum
2020 2409 2199 2477 itaque
2229 2409 2473 2461 adoritur
2495 2447 2509 2471 ,
2538 2423 2601 2462 eo
2626 2409 2850 2463 consilio
2885 2419 2945 2464 ut
2976 2417 3125 2463 tanta
3156 2409 3321 2461 haece
3351 2406 3432 2461 fe-

1850 2502 2053 2555 licitate
2094 2503 2267 2569 ipsum
2304 2501 2560 2570 spoliaret
2588 2542 2602 2566 ,
2661 2516 2723 2556 ac
2754 2501 3181 2556 benevolentiam
3208 2499 3428 2573 quidem

1852 2608 1962 2659 pra:
2003 2606 2061 2644 se
2087 2589 2288 2652 ferens,
2334 2592 2650 2660 imposturis
2680 2593 2793 2646 suis
2826 2592 2998 2661 ipsum
3033 2591 3235 2661 dejicit,
3262 2590 3428 2658 inque

1853 2684 2057 2752 lapsum
2100 2685 2268 2755 (proh
2302 2685 2523 2754 dolor!)
2548 2687 2786 2738 omnium
2814 2685 3047 2739 maxime
3070 2684 3431 2739 miserandum

1853 2776 2096 2846 impellit.
2136 2776 2250 2841 Qua
2286 2791 2413 2831 vero
2447 2778 2725 2841 illecebra,
2772 2777 3138 2833 considerate.

1924 2958 1978 3014 9.
2005 2958 2143 3025 Quid
2163 2960 2423 3023 omnium,
2445 2959 2689 3027 quinimo
2720 2959 2847 3029 qttid
2879 2975 3045 3014 unum
3072 2960 3434 3016 celsissimum
3462 2986 3465 2988 ·

1855 3052 1976 3106 est?
2019 3053 2157 3107 Dens
2188 3052 2325 3104 haud
2351 3052 2531 3114 dubie,
2563 3052 2653 3120 qui
2693 3067 2853 3121 supra
2880 3053 3058 3106 omnia
3087 3054 3438 3123 omniumque

1858 3148 2009 3215 origo
2036 3154 2137 3199 est.
2168 3144 2303 3210 Quid
2337 3159 2466 3213 ergo
2487 3143 2509 3196 Ἰ
2531 3160 2655 3197 num
2684 3144 2975 3212 quidquam
3004 3144 3433 3207 desiderabilius.

1860 3254 2021 3310 quam
2056 3237 2147 3291 Dci
2181 3236 2398 3289 nomine
2438 3234 2690 3290 censeri?
2726 3234 2873 3290 Nihil
2910 3236 3086 3303 plane.
3139 3234 3308 3305 Hujus
3356 3238 3432 3292 rei

1861 3331 2154 3400 cupiditate
2187 3328 2389 3382 homini
2415 3328 2663 3392 illudens,
2689 3327 2761 3381 illi
2781 3336 2968 3382 auctor
2989 3338 3093 3396 est,
3117 3338 3173 3382 ut
3198 3330 3438 3384 scientia:

1861 3424 2060 3492 lignum
2091 3423 2356 3491 degustet,
2395 3420 2713 3473 muliebrem
2744 3428 2868 3475 ante
2891 3421 3203 3489 deprmdans
3240 3419 3439 3491 simpli-

1863 3517 2080 3568 citatem
2115 3515 2287 3583 (solet
2321 3513 2463 3565 enim
2495 3511 2694 3565 malum
2726 3512 2851 3566 boui
2884 3513 3064 3581 specie
3088 3513 3276 3579 oblini,
3316 3528 3439 3565 sua-

1862 3622 1967 3674 que
2006 3608 2265 3659 dedecora
2294 3603 2479 3656 virtuti
2522 3604 2725 3671 allingit
2748 3604 2852 3673 ⁷³),
2889 3618 2917 3657 a
2950 3618 3057 3673 quo
3109 3604 3261 3674 ligno.
3297 3602 3439 3659 Deus

1863 3697 2101 3750 omnium
2166 3696 2420 3764 prtesrins
2476 3695 2756 3762 cupediam
2796 3693 3074 3750 refrenare
3117 3672 3322 3749 Adamo
3355 3697 3441 3749 de-

1864 3790 2227 3843 uuntiaverat.
2266 3788 2356 3840 Ait
2382 3788 2563 3840 enim:
2611 3784 2693 3839 Ex.
2732 3789 2873 3840 omni
2901 3788 3043 3858 ligno
3081 3790 3218 3857 quod
3274 3798 3345 3841 est
3386 3787 3439 3841 in

1864 3880 2133 3949 paradiso,
2167 3880 2383 3933 vesceris
2418 3894 2435 3931 :
2471 3880 2534 3931 de
2569 3878 2708 3945 ligno
2744 3888 2918 3931 autem
2960 3880 3301 3948 cognoscendi
3345 3876 3459 3932 bo?

1868 3989 1992 4025 nnm
2024 3982 2069 4023 et
2102 3971 2320 4033 malum,
2352 3986 2453 4023 non
2480 3970 2642 4023 edetis
2663 3970 2725 4022 de
2748 3986 2827 4036 eo,
2855 3986 3015 4039 neque
3043 3972 3263 4037 (augetis
3286 3970 3438 4024 illud.

1871 4062 1989 4129 Qua
2026 4072 2199 4115 autem
2236 4063 2318 4129 die
2345 4062 2558 4115 ederitis
2606 4078 2669 4115 e1:
2706 4078 2764 4115 eo
2792 4103 2807 4127 ,
2865 4071 3029 4114 morte
3061 4061 3349 4114 moriemini
3372 4061 3437 4115 ⁷⁵.

1871 4155 2023 4221 Quod
2051 4155 2094 4208 si
2118 4156 2277 4208 etiam
2307 4152 2547 4207 scientia:
2597 4154 2794 4223 lignum
2826 4152 2893 4205 ob
2919 4153 2970 4207 id
2998 4152 3292 4221 plantatum
3325 4167 3445 4208 esse

1875 4246 2172 4313 intelligere
2206 4247 2387 4308 libeat,
2424 4244 2560 4297 utin
2598 4246 2815 4298 homine
2852 4244 2958 4298 Deo
2987 4245 3206 4312 parendi
3233 4243 3313 4298 vel
3340 4259 3444 4298 non

1874 4335 2097 4404 parendi
2117 4335 2354 4388 studium
2374 4334 2769 4403 exploraretur,
2799 4334 3027 4402 indeque
3052 4334 3252 4403 lignum
3283 4333 3450 4389 Scien-

1877 4426 1961 4479 tia:
2018 4426 2141 4479 boni
2191 4433 2243 4479 et
2274 4425 2398 4479 ntali
2445 4425 2733 4479 vocitatum
2763 4466 2778 4490 ,
2808 4427 2920 4479 sive
2960 4425 3103 4494 quod
3144 4426 3449 4495 quicunque

1877 4516 2050 4586 ipsius
2080 4517 2372 4587 participes
2409 4516 2596 4570 fierent
2622 4558 2636 4581 ,
2672 4518 2776 4570 vim
2817 4517 2940 4570 inde
2972 4516 3280 4584 accipereut
3321 4531 3450 4585 pro-

176 4606 591 4674 ωνομασμένον
618 4648 632 4670 ,
743 4605 834 4657 καλ⁵
867 4604 1175 4673 γνωστικὴν
1212 4602 1450 4673 παρέχον
1489 4604 1761 4673 ἐνέργειαι

1880 4609 2049 4678 priatu
2079 4623 2230 4660 suam
2267 4617 2516 4662 naturam
2551 4606 2930 4677 cognoscendi,
2960 4606 3199 4676 procula
3223 4608 3449 4662 veritate

172 4702 291 4770 τῆς
317 4700 525 4761 οἰκείας
548 4701 658 4761 τοῖς
689 4697 1167 4768 μεταλαμϐάνουσι
1200 4696 1437 4763 φύσεως,
1468 4697 1565 4765 οὑχ
1594 4698 1777 4767 ἀμαρ-

176 4798 338 4861 τὴσῃ
376 4790 471 4842 τοῦ
504 4789 825 4860 πρέποντος.
1755 4798 1759 4803 ’

265 4889 323 4935 ι’.
370 4880 715 4948 Ἀλυσιτελὴς
754 4881 809 4933 δὲ
856 4880 1111 4949 ὴτοὺτου
1162 4878 1350 4947 γεῦσις
1396 4878 1502 4949 πρὸ
1557 4877 1777 4930 τελειώ-

174 4992 358 5039 σεως.
400 4975 584 5042 Ἐγνω
613 4974 721 5045 γὰρ
758 4974 948 5027 ἑαυτὸν
987 4972 1194 5043 γυμνὸν
1238 4972 1369 5025 ὄντα
1400 4973 1739 5042 γευσάμενος
1762 5015 1775 5036 ,

172 5068 291 5122 καὶ
324 5065 539 5137 σκέπην
583 5064 1058 5137 ἐπραγματεύετο,
1119 5064 1213 5117 καὶ
1254 5066 1591 5134 περιεσπᾶτο
1618 5105 1632 5129 ,
1682 5064 1779 5116 καὶ

171 5158 530 5229 ἐτυρὸάζετο
566 5159 703 5229 πρὸς
760 5159 856 5228 τὴν
900 5156 995 5210 τοῦ
1044 5156 1245 5209 οἰκείου
1284 5155 1535 5226 σώματος
1588 5156 1781 5225 ὲπιμέ-

169 5256 349 5308 λειαν
377 5252 479 5320 τῆς
505 5252 653 5315 θείας
683 5252 1059 5321 άποφοιτήσας
1090 5250 1493 5319 κατανοήσεως,
1524 5249 1774 5303 ἐντεῦθεν

168 5344 502 5417 γυμνοῦται
536 5347 635 5414 τῆς
668 5345 910 5415 χάριτος,
951 5344 1047 5396 καὶ
1082 5344 1183 5413 τὴν
1210 5342 1417 5413 φθορὰν
1448 5340 1773 5411 περιϐάλλε·

164 5454 307 5497 ται,
338 5436 434 5487 καλ¹
464 5435 595 5505 πρὸς
625 5436 727 5504 γῆν
761 5433 1190 5503 ἀποστρέφεται,
1219 5434 1315 5486 καὶ
1350 5431 1444 5485 τοῦ
1476 5432 1624 5486 θείου
1664 5450 1769 5485 πα-

170 5526 449 5603 ραδείσου
479 5524 753 5596 ὲξόριστος
786 5524 1026 5591 γίνεται,
1063 5522 1159 5576 καὶ
1195 5521 1394 5594 ἱδρῶτα
1419 5562 1434 5588 ,
1467 5523 1561 5576 καὶ⁹
1587 5521 1769 5586 πόνον,

1870 4714 2208 4768 nequaquam
2248 4698 2465 4753 abieris.

1950 4881 2039 4936 10.
2084 4882 2382 4935 Damnosus
2423 4891 2600 4934 autem
2640 4890 2755 4934 erat
2789 4881 2931 4937 illius
2960 4890 3151 4951 gustus
3174 4920 3190 4945 ,
3225 4883 3451 4937 necdum

1878 4974 2261 5043 perfectionem
2316 4974 2535 5041 adepto.
2583 4972 2842 5041 Cognovit
2874 4977 3052 5035 enim,
3107 4973 3266 5027 simul
3294 4983 3454 5043 atque

1878 5066 2134 5135 gustavit,
2172 5078 2231 5119 se
2267 5079 2385 5118 esse
2421 5066 2643 5129 nudum,
2698 5064 2907 5134 sibique
2944 5076 3154 5135 tegmen
3188 5066 3455 5119 coniicere

1879 5156 2167 5227 cogitavit,
2221 5170 2284 5208 ac
2313 5156 2539 5209 distrahi
2575 5156 2769 5226 cmpit,
2812 5157 3007 5225 suique
3040 5156 3282 5224 corporis
3310 5155 3454 5210 curis

1886 5250 2121 5302 intentus
2146 5246 2371 5311 turbari,
2390 5263 2419 5299 a
2445 5247 2620 5300 divina
2644 5248 3101 5317 contemplatione
3129 5248 3447 5302 semotus".

1885 5337 2021 5393 Hinc
2055 5338 2144 5391 Dei
2185 5339 2356 5405 gratia
2393 5348 2605 5403 exutus,
2634 5340 2998 5409 corruptelam
3034 5340 3229 5406 induit,
3264 5339 3318 5393 in
3348 5348 3455 5393 tor-

1884 5444 1997 5483 ram
2041 5430 2348 5493 revertitur,
2375 5430 2553 5483 divino
2577 5432 2829 5498 paradiso
2848 5432 3257 5495 exterminatur,
3294 5430 3455 5486 sudo-

1883 5520 2066 5585 ribus,
2099 5520 2403 5586 laboribus,
2437 5531 2489 5576 ct
2528 5523 2688 5577 morti
2723 5524 2899 5577 divina
2940 5524 3275 5581 districtione
3307 5523 3456 5577 addi-

265 5685 315 5716 "
350 5682 466 5736 Lib.
504 5696 538 5735 tt
568 5679 645 5734 De
671 5679 775 5748 ﬁde
804 5695 853 5734 c.
878 5678 938 5733 Η
966 5697 980 5744 ;
1009 5677 1171 5750 Greg.
1206 5675 1457 5750 Nyss.‘de
1481 5674 1611 5740 unil.
1641 5674 1880 5750 homno:
1906 5675 2005 5737 19;
2032 5671 2171 5750 βίη.
2201 5674 2435 5750 _()rat._°.’..
2468 5677 2534 5731 de
2567 5678 2756 5731 Pasch.
2782 5697 2795 5746 ;
2829 5688 2879 5733 et
2909 5677 3149 5738 Nicetas.
3223 5681 3268 5713 "
3290 5679 3455 5750 Creg.

166 5759 332 5816 Nae.
364 5762 421 5806 et
465 5753 621 5823 {\‘yss.
653 5768 771 5821 cap.
806 5750 895 5805 20.
974 5749 1178 5804 "Gen.
1224 5764 1284 5814 tt,
1320 5748 1420 5813 16;
1454 5756 1505 5801 et
1532 5762 1613 5810 ιιι,
1642 5749 1694 5801 5.

267 5910 386 5984 (τί)
422 5909 563 5966 Edit.
598 5907 852 5971 σκελίζει.
892 5906 959 5963 Et
993 5906 1152 5978 paulo
1183 5914 1299 5977 post
1332 5903 1481 5960 deest
1504 5902 1723 5974 πτῶμα.

1777 5747 1821 5778 ⁷⁵
1845 5746 2002 5812 Greg.
2032 5744 2162 5798 Naz.
2193 5748 2291 5799 loc.
2325 5748 2415 5801 cit.
2444 5761 2461 5797 :
2487 5763 2552 5802 ex
2587 5764 2691 5818 quo
2721 5744 2830 5805 lucc
2860 5750 3110 5807 Damasc.

1950 5901 2061 5972 (75)
2098 5901 2223 5958 Mss.
2250 5902 2469 5973 ὑψηλόν.
