4202 6496
177 471 277 534 ίῖΠ

1174 454 1505 514 ΙΙΟΜΙΙᾹΛ
1547 452 1626 511 ΙΝ
1670 453 2067 513 δΑΒΒᾹΊἪΜ
2110 454 2484 515 SANCTUM.

3347 455 3452 518 618

180 586 296 637 ἐστι
326 579 580 651 ἴριστδς,
620 577 747 640 Υἱός
793 594 850 629 τε
888 575 980 628 καὶ
1016 574 1218 645 Κύριος
1270 577 1328 627 ἐν
1378 574 1499 626 δυσὶ
1531 572 1766 635 τελείαις

1876 570 2039 641 liuius
2072 574 2251 642 itaque
2282 576 2448 629 etiam
2498 575 2832 643 repudiatam
2887 574 3219 628 voluntatem
3284 574 3444 629 scias.

187 678 297 739 ταῖς
348 674 573 742 φύσεσι,
634 672 724 724 καὶ
780 670 894 730 τοῖς
951 666 1131 718 αυτῶν
1178 667 1430 734 φυσικοῖς
1484 662 1769 734 ίδιώμασιν

183 766 500 834 ἀδιαιρέτως
533 764 649 831 ἃμα
681 760 777 815 καὶ
810 758 1133 828 ἀσυγχύτως
1173 756 1342 809 θέλων
1376 756 1472 809 καὶ
1510 757 1765 826 πράττων

184 862 246 913 τά
270 860 540 929 ἑκατέρας
566 855 779 925 φύσεως
800 852 939 923 μετά
957 852 1054 921 τῆς
1076 851 1307 921 θατέρου
1328 850 1609 911 κοινωνίας
1626 849 1761 918 (84),

184 951 319 1005 κατά
355 950 448 1020 τὴν
485 949 543 1000 ὲν
576 946 834 1015 ἀλλήλαις
872 944 980 997 τῶν
1010 942 1224 1011 φύσεων
1258 941 1564 1010 ἀσύγχυτον
1601 956 1761 1008 περι-

183 1043 441 1113 χὼρησιν,
471 1044 500 1095 6
528 1036 606 1099 εἷς
634 1040 736 1109 τῆς
764 1038 926 1106 άγίας
952 1036 1202 1109 Τριάδος,
1244 1038 1272 1087 6
1313 1034 1442 1098 Υἱὸς
1476 1031 1571 1087 τοῦ
1605 1032 1761 1096 Θεοῦ,

184 1136 275 1189 καὶ⁸
299 1136 365 1187 δι’
393 1136 543 1205 ἡμᾶς
568 1134 697 1196 Υἱὸς
727 1128 1015 1199 ἀνθρώπου
1050 1128 1362 1198 γενόμενος.

256 1402 345 1457 ιθθ.
393 1401 614 1471 Ἐπειδὴ
644 1400 753 1469 γὰρ
782 1401 851 1453 δι’
890 1399 1179 1469 ἀνθρώπου
1212 1398 1240 1449 6
1274 1396 1499 1457 θάνατος
1520 1435 1533 1456 ,
1565 1394 1671 1447 ἔδει
1702 1394 1768 1447 δι’

185 1493 471 1563 ἀνθρώπου
514 1492 823 1563 δωρηθῆναι
870 1491 969 1561 τὴν
1009 1491 1324 1543 ἀνάστασιν.
1368 1487 1586 1555 Ἐπειδὴ
1626 1486 1768 1557 ψυχὴ

185 1583 348 1650 νοερά
377 1582 709 1649 αύτεξουσίῳ
730 1580 996 1650 θελήματι
1016 1580 1286 1649 ἐνήργησε
1310 1575 1406 1645 τὴν
1434 1574 1765 1643 παράϐασιν,

188 1677 298 1728 ἔδει
329 1675 506 1744 ψυχὴν
536 1672 729 1743 νοεράν
759 1670 974 1740 φυσικῷ
1007 1671 1101 1721 καὶ
1135 1666 1468 1734 αὐτεξουσίῳ
1501 1665 1769 1734 θελήματι

187 1767 280 1837 τὴν
316 1764 559 1834 ὑπακοὴν
598 1764 889 1834 ἐνεργῆσαι
921 1760 1013 1814 τοῦ
1054 1759 1373 1820 κτίσαντος,
1410 1758 1504 1808 καὶ
1537 1756 1635 1824 τὴν
1671 1772 1773 1806 σω-

184 1857 383 1926 τηρίαν
413 1855 754 1917 ἐπανελθεῖν,
786 1852 855 1905 δι’
880 1847 954 1907 ὧν
984 1854 1011 1903 6
1038 1850 1270 1910 Θάνατος
1301 1848 1399 1916 τὴν
1431 1844 1578 1913 ζωὴν
1602 1843 1769 1907 ἐξωσ-

1871 669 2048 733 Atque
2085 666 2155 717 ita
2192 682 2327 720 unus
2355 667 2628 727 Christus,
2662 666 2936 733 Filiusque
2977 682 3039 721 ac
3063 666 3321 721 Dominus
3345 674 3448 729 est,

1874 757 1924 810 in
1956 759 2165 811 duabus
2192 758 2443 825 perfectis
2477 760 2704 820 naturis.
2742 772 3038 825 earumque
3086 756 3280 809 nativis
3327 772 3453 826 pro-

1873 850 2228 917 prietatibus,
2282 850 2510 904 indivise
2543 850 2701 905 simul
2752 860 2806 903 et
2850 848 3132 902 inconfnse
3181 848 3367 902 volens
3396 857 3453 900 et

1871 956 2035 1010 agens
2087 956 2206 1010 qua:
2260 942 2543 1011 utriusque
2580 952 2786 997 natura:
2835 949 2960 995 sunt
2991 980 3005 1003 ,
3042 955 3165 994 cum
3229 938 3453 993 alterius

1871 1034 2289 1097 communione,
2338 1048 2437 1100 pro
2475 1034 2777 1087 arctissima
2826 1049 2928 1089 nec
2980 1031 3204 1087 confusa
3233 1046 3453 1085 earnm-

1872 1124 1991 1178 dem
2028 1124 2079 1177 in
2105 1139 2162 1178 se
2190 1125 2419 1179 invicem
2470 1125 2856 1190 immeatione;
2890 1139 3026 1178 unus
3049 1163 3064 1187 ,
3120 1123 3368 1190 inquam,
3421 1137 3455 1179 θ

1871 1228 2056 1273 sancta
2093 1216 2364 1271 Triuitate
2397 1216 2487 1272 Dei
2516 1214 2684 1269 Filius
2718 1255 2732 1279 ,
2776 1216 3056 1283 nostrique
3082 1228 3245 1267 causa
3278 1211 3454 1267 factus

1873 1309 2105 1362 hominis
2146 1308 2313 1361 Filius
2338 1310 2380 1362 ".

1943 1403 2027 1454 19.
2074 1401 2205 1454 Nam
2255 1404 2380 1469 quia
2417 1418 2510 1468 per
2544 1400 2813 1453 hominem
2853 1415 3020 1463 mors,
3067 1414 3280 1465 aequum
3334 1406 3453 1451 erat

1873 1509 1969 1561 per
2004 1492 2274 1545 hominem
2306 1492 2759 1544 resurrectionem
2803 1491 2992 1543 donari
3018 1493 3038 1529 ι
3072 1509 3086 1545 :
3120 1499 3175 1543 et
3199 1489 3453 1557 quoniam

1873 1584 2050 1634 anima
2102 1582 2376 1635 intellectu
2410 1582 2657 1649 prmdita,
2691 1581 2854 1633 Iiheru
2896 1582 3170 1634 voluntate
3191 1596 3288 1634 sua
3320 1594 3457 1648 pra“:-

1874 1684 2085 1741 ccptnm
2128 1672 2463 1735 violaverat,
2499 1670 2783 1738 oportebat
2812 1669 2974 1722 etiam
3008 1669 3281 1722 intellectu
3315 1682 3456 1735 pra:-

1872 1765 2037 1817 ditum
2083 1764 2317 1816 animam
2364 1762 2531 1814 libera
2580 1760 2856 1813 voluntate
2888 1759 3254 1813 obedientiam
3288 1760 3455 1812 Crea-

1877 1853 1975 1905 tori
2015 1861 2276 1919 prazstare
2306 1890 2321 1915 ,
2364 1851 2661 1920 iisdemque
2706 1854 2839 1903 adeo
2896 1850 3194 1904 rationibus
3227 1850 3454 1903 salutem

188 1950 466 2017 τράκισεν,
504 1948 591 1999 ἶνα
623 1945 699 2016 μὴ
737 1942 1115 2016 τυραννεῖσθαι
1142 1938 1339 2010 νομίσῃ
1365 1939 1394 1990 6
1425 1936 1651 1998 θάνατος
1680 1936 1771 1989 τὸν

1878 1944 2070 2007 redire,
2110 1942 2302 2010 quibus
2338 1956 2481 1995 mors
2513 1940 2678 1993 vitam
2717 1942 3175 1993 extcrtuiuaverat
3201 1956 3215 2000 ;
3245 1953 3312 1992 ne
3333 1952 3458 2005 per-

185 2041 495 2111 ἄνθρωπον.

254 2213 327 2267 κ’.
348 2214 412 2265 Τί
434 2214 615 2266 τοίνυν
636 2211 696 2264 τὸ
719 2210 969 2265 ὲντεῦθεν
993 2226 1006 2271 ζ
1034 2208 1299 2278 Θεὸτητος
1322 2208 1493 2261 ἑλπίδι
1508 2207 1768 2269 δελεάσας

184 2305 275 2359 τὸν
309 2305 597 2373 ἄνθρωπον
618 2347 632 2369 ,
666 2303 867 2373 σαρκὸς
897 2303 1249 2372 προϐλήματι
1284 2301 1625 2365 δελεάζεται,
1676 2300 1770 2351 καὶ

184 2400 578 2467 ἀναμαρτήτου
621 2396 960 2464 γευσάμενος
986 2397 1013 2447 6
1045 2395 1273 2457 θάνατος
1306 2393 1577 2463 σώματος,
1609 2393 1769 2445 ἐναυ-

186 2490 368 2552 τίασε,
391 2489 485 2541 καὶ
513 2490 692 2541 πᾶσαν
712 2486 809 2555 τήν
824 2488 882 2539 ὲν
904 2488 1014 2550 τοῖς
1041 2486 1295 2554 ὲγκάτοις
1316 2484 1525 2553 τροφήν
1542 2486 1570 2536 6
1589 2482 1771 2547 ἄθλιος

186 2582 447 2653 ὲξήμεσε.
476 2581 655 2642 Πάντα
691 2580 800 2651 γάρ
820 2580 889 2632 τὰ.
917 2579 1074 2650 ήμῶν
1105 2578 1244 2647 ὑπὲρ
1270 2574 1425 2647 ήμῶν
1453 2577 1480 2627 6
1508 2576 1771 2645 δημιουρ-

186 2674 371 2740 γήσας
399 2672 543 2741 ἡμᾶς
572 2671 704 2734 Θεὸς
730 2672 901 2738 Λόγος
932 2668 1349 2738 ἀναδεξάμενος,
1384 2668 1476 2720 καὶ
1500 2668 1608 2720 τῶν
1639 2668 1775 2737 ήμε-

186 2761 369 2829 τὲρων
394 2760 579 2813 παθῶν
605 2779 692 2814 πει
701 2761 921 2831 ρασθεὶς
948 2759 1070 2811 καθ’
1090 2760 1385 2829 ὁμοιότητα
1409 2758 1577 2829 χωρὶς
1602 2758 1775 2826 ἁμαρ-

186 2854 339 2915 τίας,
380 2855 540 2920 νόμον
574 2850 891 2921 πληρώσας,
933 2849 1031 2902 καὶ
1064 2849 1223 2919 μόνος
1252 2850 1310 2901 ὲν
1339 2848 1647 2919 ἀνθρώποις
1679 2848 1774 2900 ὲκ-

189 2942 420 3009 φανθεὶς
454 2942 562 3012 (85)
590 2942 999 3013 ἀναμάρτητος,
1032 2940 1128 2994 καλ⁵
1148 2940 1236 2993 διὰ
1266 2939 1424 2993 τοῦτο
1452 2939 1531 3009 τῷ
1562 2939 1775 3010 θανάτῳ

187 3036 295 3087 οὐκ
337 3033 633 3097 ὑπεύθυνος
658 3073 672 3099 ,
713 3036 808 3087 καὶ⁸
841 3034 940 3104 τῆς
974 3033 1127 3095 θείας
1157 3032 1346 3094 οὐσίας
1374 3031 1464 3085 διά
1494 3031 1604 3084 τῶν
1644 3030 1775 3085 θαυ-

191 3125 387 3195 μάτων
412 3126 472 3195 δη
483 3125 773 3195 μοσιεύσας
803 3126 902 3196 τὴν
928 3123 1180 3195 δύναμιν,
1217 3122 1371 3185 τέλος
1397 3122 1661 3185 ἑκουσίως
1684 3124 1777 3175 ἐπὶ

187 3218 253 3269 τὸ
289 3217 462 3280 πάθος
498 3216 638 3287 ὑπὲρ
670 3216 828 3286 ἡμῶν
858 3215 1079 3285 ἔρχεται
1110 3215 1171 3266 τὸ
1202 3213 1403 3276 παντὸς
1436 3211 1531 3265 τοῦ
1564 3211 1775 3281 κόσμου

190 3311 489 3380 σωτήριον,
530 3311 625 3364 καὶ
662 3309 879 3362 δίδωσιν
917 3306 1141 3371 ἑαυτὸν,
1189 3306 1327 3376 ὑπὲρ
1373 3304 1533 3374 ἡμῶν
1564 3304 1775 3373 κατάρα

189 3402 513 3472 γενόμενος,
549 3404 648 3455 ούκ
672 3401 747 3453 ὣν
776 3400 940 3461 αὐτὸς
968 3400 1203 3469 κατάρα,
1236 3397 1457 3464 εὐλογία
1486 3396 1544 3449 δὲ
1576 3395 1776 3465 μᾶλλον

190 3498 292 3549 καὶ
319 3497 611 3566 ἁγιασμὸς,
635 3495 770 3549 ἀλλά
795 3496 894 3564 τὴν
917 3492 1073 3563 ήμῶν
1094 3493 1341 3559 κατάραν
1362 3490 1773 3560 ἀναδεχόμενος,

189 3592 343 3658 ὑπὲρ
371 3589 527 3659 ἡμῶν
552 3588 914 3658 σταυροῦται,
949 3585 1045 3638 καὶ
1073 3584 1328 3654 θνήσκει,
1359 3583 1454 3635 καὶ
1487 3582 1775 3635 θάπτεται.

203 3681 677 3747 Ἐπικατάρατος
709 3679 765 3731 δὲ
801 3676 919 3741 πᾶς
954 3678 988 3730 ό
1024 3673 1392 3744 κρεμάμενος
1431 3672 1531 3726 ἐπὶ
1564 3673 1777 3739 ξύλου,

190 3775 366 3842 φησὶν
386 3775 418 3841 ή
449 3772 657 3841 Γραφή.
688 3769 819 3822 Καὶ·
841 3767 933 3834 Γῆ
958 3762 1030 3832 εἴ,
1056 3766 1155 3819 καὶ
1181 3769 1268 3831 εὶς
1298 3763 1414 3833 γῆν
1442 3764 1777 3832 ἀπελεύσῃ,

187 3866 273 3935 τῷ
323 3864 496 3933 Ἀδὰμ
527 3863 726 3931 ἕτησεν
757 3863 783 3913 6
812 3860 961 3923 Θεός.
998 3859 1213 3913 Γίνεται
1247 3858 1426 3911 τοίνυν
1457 3856 1599 3928 ὑπὲρ
1623 3857 1780 3927 ἡμῶν

189 3956 439 4024 κατάρα,
478 3956 567 4007 ἴνα
596 3953 691 4023 τὴν
715 3953 967 4019 εὐλογίαν
994 3953 1155 4021 ἡμεῖς
1187 3950 1571 4018 ἀπολάϐωμεν.
1606 3951 1778 4002 Ὅσοι

190 4047 333 4116 γὰρ,
362 4044 527 4113 φησιν
548 4082 561 4104 ,
597 4042 817 4095 ἔλαϐον
853 4042 1074 4104 αὐτόν,
1107 4040 1332 4094 ἔδωκεν
1364 4039 1567 4105 αὐτοῖς
1610 4039 1782 4104 ἐξου-

188 4136 351 4189 σίαν
396 4134 579 4187 τέκνα
624 4132 902 4201 γενέσθαι
955 4132 1102 4186 Θεοῦ
1124 4172 1137 4197 ,
1173 4134 1285 4195 τοῖς
1322 4130 1667 4184 πιστεύουσιν
1704 4133 1781 4194 εἰς

190 4226 389 4281 αὐτόν.

270 4324 383 4370 κα’.
412 4316 474 4368 Ὢ
500 4313 594 4368 τοῦ
622 4313 932 4386 θαύματοςί
963 4316 995 4368 ὀ
1018 4314 1352 4383 ποιμαίνων
1371 4316 1477 4367 τὸν
1510 4313 1781 4383 Ἰσραὴλ,

190 4409 274 4474 ὡς
326 4406 461 4470 θεὸς
506 4405 863 4477 προαιώνιος,
914 4404 1018 4458 ὑπὸ
1051 4406 1232 4475 χειρὸς
1291 4404 1673 4477 Ἰσραηλίτιδος
1707 4406 1785 4468 εἰς

192 4500 439 4551 θάνατον
498 4496 573 4557 ὡς
631 4495 917 4566 ἄνθρωπος
976 4495 1352 4564 παραδίδοται.
1429 4494 1482 4546 Ὁ
1553 4491 1787 4559 ὁδηγῶν

1872 2044 2088 2104 petuam
2120 2034 2207 2088 illa
2247 2034 2583 2096 tyrannidem
2622 2031 2675 2085 in
2714 2030 2959 2086 homines
2996 2046 3057 2087 se
3090 2031 3453 2086 exercituram

1868 2128 2225 2179 arbitraretur
2260 2126 2302 2177 ⁷.

1936 2216 2027 2270 20.
2069 2214 2209 2281 Quid
2282 2214 2407 2268 inde
2460 2212 2668 2281 igitur?
2723 2213 2819 2268 Ille
2874 2213 2968 2281 (lui
3018 2210 3317 2264 divinitatis
3362 2224 3457 2277 spe

1869 2306 2140 2361 hominem
2194 2304 2570 2367 inescaverat,
2625 2303 2804 2358 carnis
2839 2303 3057 2355 obtentu
3096 2300 3341 2366 capitur,
3400 2303 3456 2350 et

1871 2412 2017 2451 mors
2049 2395 2273 2449 immuni
2306 2410 2338 2450 a
2371 2394 2528 2465 culpa
2562 2409 2791 2463 corpore
2824 2395 3103 2462 degustato
3126 2434 3141 2457 ,
3195 2403 3451 2443 nauseam

1872 2504 2029 2559 passa
2060 2528 2074 2553 ,
2109 2502 2289 2543 escam
2341 2502 2557 2543 omnem
2608 2503 2769 2557 quam
2804 2488 2856 2541 in
2896 2487 3106 2540 viscera
3141 2482 3453 2547 demiserat,

1874 2581 2079 2635 misera
2117 2577 2426 2635 evomuit".
2467 2580 2606 2634 Deus
2631 2581 2829 2649 quippe
2856 2578 3111 2642 Verbum,
3140 2576 3255 2645 ipse
3286 2573 3456 2631 nostri

1873 2671 2141 2737 conditor,
2168 2669 2348 2723 omnia
2376 2679 2559 2723 nostra
2588 2670 2758 2723 nostri
2785 2680 2947 2722 causa
2979 2666 3031 2719 in
3056 2679 3115 2720 se
3134 2663 3454 2731 suscipiens,

1878 2775 2204 2831 nostrasque
2238 2761 2588 2829 aegritudines
2608 2768 2889 2828 expertus,
2925 2772 3045 2812 cum
3080 2755 3270 2811 similis
3302 2756 3458 2809 nobis

1874 2856 2166 2909 exsisteret
2194 2853 2399 2921 absque
2428 2860 2651 2921 peccato
2677 2850 2699 2881 ⁹
2723 2889 2738 2913 ,
2783 2849 2953 2917 legem
2986 2846 3225 2913 implevit
3250 2886 3268 2913 ,
3309 2845 3458 2899 solus

1878 2949 2017 3000 inter
2049 2946 2296 2999 homines
2318 2960 2345 2996 a
2377 2955 2599 3011 peccato
2631 2941 2787 3007 liber,
2814 2955 2877 2993 ac
2908 2939 3131 3008 proinde
3158 2952 3257 2991 nec
3298 2936 3457 2990 morti

1876 3040 2161 3093 obnoxius.
2202 3037 2305 3103 Qui
2344 3036 2540 3091 divina:
2573 3034 2820 3088 essentne
2849 3046 2960 3086 sua:
2988 3030 3185 3085 virtute
3224 3029 3461 3084 miracu-

1880 3131 1944 3185 lis
1971 3132 2271 3201 prOpalata,
2306 3139 2499 3199 sponte
2524 3127 2734 3182 tandem
2770 3126 2957 3180 mortis
2991 3122 3308 3193 supplicium
3338 3120 3459 3176 nni-

1881 3238 2036 3278 vcrso
2067 3224 2266 3277 mundo
2295 3223 2532 3277 salutare
2560 3220 2711 3285 adit,
2767 3217 3045 3285 factusque
3078 3225 3261 3271 nostra
3295 3229 3457 3270 causa

1880 3318 2279 3374 maledictum“
2312 3318 2653 3389 (quanquam
2683 3314 2788 3369 non
2812 3315 2928 3380 ipse
2956 3312 3300 3366 maledictum
3337 3309 3457 3377 fuit,

1877 3413 2005 3482 quin
2042 3412 2221 3481 potius
2275 3409 2579 3465 benedictio
2631 3417 2687 3463 et
2734 3406 3115 3469 sanctiﬁcatio,
3164 3405 3461 3475 quamlibet

1879 3507 2225 3562 maledictum
2261 3507 2404 3576 quod
2445 3520 2544 3559 nos
2574 3504 2977 3557 incurreramns
3017 3502 3073 3554 in
3118 3514 3236 3554 sese
3277 3512 3461 3553 susce-

1879 3600 2037 3667 perit)
2060 3608 2277 3667 propter
2307 3611 2404 3650 nos
2434 3594 2578 3649 cruci
2608 3594 2862 3664 alligitnr,
2896 3593 3147 3656 moritur,
3180 3592 3456 3661 sepelitur.

1882 3686 2190 3741 Maledictus
2228 3696 2406 3741 autem
2440 3687 2529 3753 qui
2562 3687 2747 3754 pendet
2787 3684 2841 3737 in
2873 3683 3011 3753 ligno
3036 3724 3051 3750 ,
3092 3682 3265 3752 inquit
3314 3678 3461 3736 Scri-

1882 3793 2035 3851 ptura
2070 3784 2136 3834 ιι.
2168 3783 2365 3851 Aitque
2397 3781 2537 3837 Deus
2562 3782 2788 3844 Adamo,
2826 3780 2986 3834 Terra
3007 3795 3078 3845 es,
3106 3788 3154 3833 et
3186 3780 3239 3831 in
3266 3790 3461 3832 terram

1882 3877 2150 3930 reverteris
2178 3878 2243 3929 ι’.
2277 3875 2617 3945 Quapropter
2664 3890 2762 3944 pro
2804 3872 2961 3929 nobis
3000 3872 3057 3926 lit
3088 3872 3457 3950 maledictum,

1882 3980 1939 4021 ut
1970 3984 2066 4022 nos
2097 3968 2531 4022 benedictionem
2584 3966 2971 4035 reciperemus.
3026 3964 3163 4017 Nam
3212 3974 3460 4033 quotquot

1882 4068 2183 4128 receperunt
2204 4075 2345 4123 eum,
2381 4058 2573 4127 inquit,
2603 4058 2745 4111 dedit
2775 4057 2847 4109 eis
2874 4064 3175 4123 potestatem
3201 4055 3340 4122 ﬁlios
3365 4053 3461 4109 Dei

1884 4148 1999 4216 ﬁeri
2032 4146 2074 4178 ¹³
2097 4188 2111 4211 ,
2146 4148 2232 4201 his
2279 4147 2369 4217 qui
2402 4148 2453 4200 in
2492 4146 2666 4215 ipsum
2707 4147 2949 4200 credunt.

1954 4321 2045 4376 21.
2083 4319 2126 4375 0
2164 4334 2277 4375 rem
2312 4320 2631 4388 stupendatu
2662 4319 2676 4371 ί
2728 4318 2818 4387 qui
2858 4318 3027 4387 pascit
3058 4316 3231 4371 Israel
3264 4318 3308 4350 “
3332 4357 3347 4383 ,
3386 4323 3461 4377 uti

1888 4417 2029 4471 Deus
2078 4415 2288 4469 smcnlis
2333 4414 2649 4482 antiquior,
2682 4428 2825 4465 nunc
2861 4428 3022 4467 manu
3075 4414 3366 4468 Israelitica
3410 4418 3463 4469 in

1888 4514 2117 4556 mortem
2162 4510 2218 4554 ut
2264 4502 2425 4556 homo
2468 4502 2717 4555 traditur.
2758 4499 2859 4564 Qui
2893 4500 3104 4554 deducit
3150 4504 3285 4555 velut
3322 4520 3464 4558 ovem

204 4589 461 4657 Ἰσραὴλ
507 4587 649 4641 ὡσεί
690 4588 1008 4655 πρόϐατον,
1046 4587 1117 4648 ὼς
1163 4586 1348 4656 ἀρνίον
1381 4585 1591 4640 ἄκακον
1619 4581 1776 4656 ἦκται

1898 4594 2064 4647 Israel
2093 4595 2158 4658 ¹⁵,
2198 4609 2340 4647 nunc
2379 4603 2630 4660 tanquam
2666 4593 2781 4646 ovis
2818 4592 3009 4647 ductus
3037 4602 3123 4648 est
3168 4595 3233 4647 ad
3272 4596 3465 4651 immo-

189 4684 298 4738 τοῦ
335 4681 576 4746 θύεσθαι,
608 4682 700 4733 καὶ
732 4678 886 4744 ξύλον
915 4679 1109 4747 ἐπάγει
1138 4678 1285 4747 ζωῆς
1319 4679 1461 4732 κατά
1494 4680 1589 4733 τοῦ
1623 4678 1782 4745 ξύλου

192 4779 303 4844 τῆς
335 4773 618 4841 γνώσεως,
651 4773 748 4825 καὶ
777 4773 940 4842 χολῆς
967 4771 1153 4839 γεύσει
1183 4770 1292 4836 ὄξει
1328 4772 1619 4842 συμμίκτῳ
1652 4772 1786 4842 (86),

193 4868 307 4939 τὴν
337 4867 403 4917 ὲκ
433 4866 529 4935 τῆς
560 4864 741 4933 ἡδείας
773 4862 1025 4934 βρώσεως
1050 4864 1204 4916 νόσον
1230 4866 1295 4935 τῇ
1329 4865 1487 4933 φύσει
1521 4864 1792 4933 ἐνσκήψα-

196 4973 309 5009 σαν
337 4954 764 5023 ὲξωστράκισεν.
802 4952 855 5005 '0
882 4953 1217 5020 καθήμενος
1242 4953 1341 5006 ἐπί
1362 4953 1481 5008 τῶν
1503 4954 1792 5023 Χερουϐὶμ

191 5049 278 5111 ὡς
307 5046 468 5109 Θεὸς,
502 5045 576 5107 ὡς
603 5045 789 5113 κριτὸς
820 5046 914 5100 ἐπὶ
946 5044 1183 5114 σταυροῦ
1210 5046 1501 5115 κρέμαται,
1526 5047 1689 5110 αὐτὸς
1716 5046 1791 5099 ὢν

194 5140 231 5207 ἡ
274 5135 393 5189 τῶν
419 5134 718 5204 ἀνθρώπων
752 5135 896 5204 ζωὴ,
929 5137 994 5205 ἣν
1027 5136 1078 5188 οί
1108 5134 1383 5189 θεοκτόνοι
1408 5136 1787 5209 ἐξηρτημένην

196 5227 300 5281 τοῦ
331 5226 491 5292 ξύλου
521 5225 846 5296 θεασάμενοι
877 5226 1008 5297 (87),
1030 5227 1131 5279 οὐκ
1160 5226 1503 5281 ἐπίστευσαν.
1535 5229 1783 5298 Ἔμυσαν

278 5373 301 5402 ⁸
333 5372 349 5425 I
378 5369 506 5423 Cor.
546 5385 634 5427 xv.
660 5368 748 5422 2i.

841 5370 1001 5442 '_l.ib.
1028 5386 1087 5423 ιιι
1115 5369 1192 5423 De
1219 5372 1337 5433 ﬁde,
1375 5386 1495 5442 cap.
1528 5373 1621 5427 27.

198 5445 241 5475 “
279 5442 448 5495 Deut.
486 5456 547 5505 ιι,
574 5440 664 5494 25.

779 5440 820 5470 ¹¹
843 5440 978 5495 Gen.
1002 5457 1084 5505 ιιι,
1120 5443 1204 5497 t9.
1303 5442 1347 5472 ¹³
1368 5440 1525 5497 Joan.
1553 5460 1591 5509 ι,
1627 5442 1713 5496 12.

282 5596 408 5667 (84)
449 5596 605 5650 Edita
631 5598 778 5669 ‘male
814 5597 951 5668 μετὰ
983 5597 1083 5666 τὴν
1116 5598 1343 5669 θατέρου
1374 5599 1679 5653 κοινωνίαν.
1712 5600 1788 5655 Ac

198 5670 488 5725 Pantmus
530 5667 771 5735 proinde,
815 5667 939 5721 Post
988 5669 1205 5723 alterius
1246 5667 1785 5723 communicationem.

206 5745 595 5791 ttainascenus
652 5752 779 5790 vero
822 5737 1017 5791 Leonis
1067 5741 1306 5807 epistola:
1354 5742 1418 5792 ad
1474 5739 1787 5792 Flavianum

204 5807 408 5862 verbis
438 5815 623 5859 utitur.
654 5808 773 5875 Agit
798 5818 1016 5877 utraque
1033 5822 1224 5862 natura
1257 5826 1372 5862 cum
1402 5810 1621 5862 alterius
1650 5826 1791 5860 cont-

202 5877 494 5938 mnnione,
526 5886 632 5929 etc.
669 5880 758 5929 Sic
796 5880 890 5931 ιιι..
929 5894 1008 5941 ιιι,
1035 5880 1109 5932 De
1141 5881 1246 5947 ﬁde
1280 5882 1415 5934 ortlt.
1452 5894 1571 5948 cap.
1614 5880 1698 5945 19,
1738 5889 1792 5933 et

517 5973 789 6038 ΡΑτειοι..
840 5978 958 6040 Gn.
1005 5979 1222 6044 XCVI.

1700 5372 1860 5427 ‘Lih.
1896 5388 1976 5434 ιιι,
2010 5388 2128 5440 cap.
2163 5373 2186 5425 1
2225 5382 2279 5427 et
2298 5372 2386 5427 9.7.

1893 4683 2109 4737 landum
2140 4701 2154 4737 :
2186 4690 2241 4735 et
2279 4681 2540 4735 adversus
2572 4681 2811 4734 scientiae
2845 4680 3045 4751 lignum
3066 4722 3081 4745 ,
3109 4684 3230 4735 vitae
3263 4683 3465 4753 lignum

1897 4775 2124 4839 inducit,
2155 4774 2419 4841 mistoque
2475 4770 2613 4825 fellis
2672 4772 2853 4841 gustui
2897 4783 3073 4835 aceto,
3123 4774 3368 4828 morbqu
3398 4789 3466 4829 ex

1896 4866 2070 4921 dulcis
2100 4865 2205 4919 cibi
2239 4863 2491 4917 illecebra
2523 4873 2729 4916 natura!
2759 4862 3005 4917 inolitum
3040 4847 3309 4917 amolitur.
3362 4864 3465 4929 Qui

1896 4957 2040 5009 sedet
2067 4972 2223 5022 super
2251 4953 2532 5008 Cherubim
2566 4955 2610 4985 ¹⁶
2642 4965 2698 5008 ut
2729 4953 2869 5008 Deus
2892 4994 2908 5020 ,
2955 4964 3211 5022 tanquam
3257 4970 3380 5009 rens
3412 4957 3464 5011 in

1896 5062 2056 5101 cruce
2086 5047 2471 5114 suspenditur-:
2504 5060 2626 5101 cum
2663 5046 2776 5115 ipse
2805 5045 2878 5101 sit
2914 5046 3154 5100 omnium
3186 5046 3465 5103 hominum

1896 5139 2004 5190 vita
2031 5177 2046 5200 ,
2076 5152 2233 5206 quam
2278 5152 2399 5191 cum
2443 5137 2665 5191 deicida:
2707 5137 2761 5189 in
2795 5136 2939 5202 ligno
2968 5136 3286 5203 pendentem
3340 5152 3469 5191 con-

1892 5230 2217 5296 spexissent,
2252 5243 2354 5282 non
2391 5229 2757 5284 crediderunt.
2794 5226 3119 5281 Clanseruut
3146 5230 3290 5282 enim
3338 5243 3471 5283 ocu-

2472 5374 2493 5403 ’
2518 5372 2677 5427 Hehr:
2714 5390 2785 5435 tv,
2821 5373 2904 5428 l5.
2988 5374 3030 5405 ¹⁰
3054 5372 3229 5429 Galat.
3264 5391 3346 5440 ιιι,
3380 5375 3465 5429 15.

1817 5446 1860 5475 ’³
1885 5443 2027 5498 Psal.
2062 5459 2250 5507 Lutx,
2284 5459 2325 5497 ι.
2403 5442 2446 5474 "
2467 5443 2597 5497 ibid.
2678 5444 2720 5473 ¹⁶
2744 5446 2872 5499 ibid.
2906 5444 2960 5499 2.

1896 5599 1985 5653 lib.
2026 5597 2099 5652 De
2126 5599 2285 5653 duab.
2318 5600 2517 5653 volunt.

1970 5668 2080 5738 (ΚΞ)
2115 5668 2178 5720 R.
2212 5678 2265 5722 et
2292 5668 2444 5722 Colb.
2479 5670 2689 5737 φανείς.

1967 5738 2079 5815 (86)
2116 5739 2180 5789 ll.
2228 5751 2281 5815 et
2324 5740 2475 5815 Golb.
2513 5741 2730 5815 arebat;
2766 5741 2878 5806 ὄξει
2931 5742 3259 5815 σύμμικτος.
3302 5743 3468 5801 Paulo

1896 5819 2015 5879 post
2050 5811 2200 5879 deest
2233 5811 2282 5862 in
2317 5810 2475 5862 editis
2509 5812 2566 5862 ἐν
2597 5812 2904 5870 σκήψασαν.

1968 5878 2079 5947 (87)
2114 5878 2178 5932 Β.
2216 5888 2269 5935 et
2298 5879 2358 5934 C.
2389 5879 2671 5948 θεώμενοι.

3061 5986 3138 6046 20
