4202 6496
761 386 863 449 619

1927 385 1986 445 S.
2024 381 2342 443 JOANNIS
2379 382 2806 446 DAMASCENI

3905 388 4017 448 6%]

763 502 844 558 los
877 515 1039 568 suos,
1093 507 1148 554 et
1193 496 1416 552 auribus
1443 495 1680 566 graviter
1728 495 2016 550 audierunt
2045 495 2112 548 *7.
2167 493 2331 564 823
2363 492 2406 548 Α

2363 492 2406 548 Α
2438 494 2544 564 γάρ
2578 495 2704 558 τοὺς
2733 492 3045 565 ὀφθαλμοὺς
3084 493 3301 559 αὐτῶν,
3345 496 3437 547 καὶ
3487 495 3597 558 τοῖς
3645 493 3749 548 ὠσὶ
3795 495 4018 566 βαρέως

762 595 865 662 Qui
899 591 1098 648 divinis
1133 590 1384 644 manibus
1410 588 1681 654 hominem
1727 587 1978 648 finxerat,
2014 595 2126 640 tota
2147 587 2332 640 diein-

767 696 1055 742 temeratas
1086 697 1275 736 manus
1315 680 1570 750 expandit
1602 679 1667 733 ad
1699 679 1955 747 populum
1980 693 2084 732 non
2113 677 2333 730 creden-

765 787 870 831 tem
915 783 969 830 et
1016 773 1471 829 contradicentem
1506 769 1590 835 ⁸⁸,
1641 772 1985 838 animamque
2029 769 2240 824 tandem
2280 768 2330 820 in

765 860 942 922 Patris
989 881 1181 920 manus
1238 862 1578 919 commendat
1603 861 1666 915 ".
1705 859 1915 914 Lancea
1950 858 2151 914 foditur
2195 857 2334 912 latus

767 958 909 1012 illius
940 958 1010 1022 ²⁰,
1039 957 1128 1026 qui
1171 970 1238 1010 ex
1265 953 1456 1009 Adami
1483 953 1650 1007 latere
1676 953 1844 1008 Evam
1877 951 2234 1005 fabricaverat
2263 950 2329 1013 ²¹,

765 1051 1110 1119 divinumque
1161 1049 1475 1115 sanguinem
1519 1055 1574 1100 et
1623 1060 1814 1113 aquam
1845 1084 1859 1107 ,
1915 1041 2332 1097 immortalitatis

766 1140 1039 1210 poculum,
1075 1148 1130 1194 et
1153 1137 1556 1192 instaurationis
1585 1136 1857 1189 lavacrum
1895 1133 2090 1187 fundit.
2112 1131 2251 1187 Hinc
2279 1139 2334 1186 et

765 1233 845 1285 sol
887 1231 1088 1300 pudore
1121 1228 1357 1284 suliusus
1381 1237 1483 1291 est,
1516 1224 1902 1294 iutelligibilem
1928 1224 2077 1278 illum
2109 1224 2332 1293 justitia:

765 1322 931 1378 solem
964 1321 1322 1390 petulantium
1351 1317 1597 1372 ludibriis
1622 1314 1758 1370 allici
1793 1330 1897 1370 non
1931 1315 2127 1370 ferens.
2165 1313 2328 1368 Terra

765 1413 1110 1483 quatiebatur
1136 1447 1151 1473 ,
1198 1407 1479 1462 Dominico
1511 1419 1756 1475 reSpersa
1789 1418 1978 1458 cruore
2000 1443 2018 1468 ,
2064 1402 2328 1456 idolorum

764 1505 1043 1558 excutiens
1071 1500 1280 1564 tabem,
1315 1511 1518 1565 suaque
1549 1495 1866 1548 lustratione
1910 1495 2164 1559 gestiens.
2202 1493 2333 1547 Sur-

766 1601 1024 1649 rexerunt
1042 1606 1072 1645 e
1095 1589 1457 1644 monumentis
1481 1585 1700 1650 mortui,
1725 1585 1838 1652 ejus
1855 1585 1944 1652 qui
1979 1583 2144 1636 nostri
2171 1597 2330 1637 causa

764 1685 993 1746 obierat,
1025 1679 1472 1735 resurrectionem
1502 1684 1991 1743 pramonstrantes.
2020 1672 2332 1726 Exstinctus

765 1784 850 1829 est
879 1771 978 1836 sol,
1016 1785 1079 1824 ac
1111 1784 1320 1824 rursum
1351 1780 1632 1829 accensus,
1675 1773 1733 1817 ut
1777 1763 1937 1817 trium
1972 1763 2181 1817 dierum
2230 1777 2330 1815 nu-

767 1879 974 1920 merum
1014 1879 1042 1916 a
1064 1861 1286 1916 Domino
1315 1858 1618 1913 condictum
1648 1855 1901 1910 elliceret.
1928 1853 2134 1923 Templi
2155 1853 2330 1909 velum

767 1959 994 2012 scissum
1022 1964 1123 2019 est,
1157 1950 1404 2006 adeunda
1433 1950 1588 2020 adyta
1615 1987 1632 2012 ,
1679 1957 1733 2003 et
1761 1946 1970 2002 occulta
2009 1945 2330 2014 propalauda

768 2048 914 2102 clare
940 2044 1272 2114 significans.
1317 2040 1450 2094 Nam
1479 2039 1615 2093 latro
1646 2039 1860 2107 quidem
1889 2037 2195 2106 paradisum
2231 2034 2334 2088 ini—

771 2148 923 2192 turus
955 2144 1094 2200 erat,
1125 2143 1181 2188 et
1211 2133 1301 2187 ille
1332 2137 1490 2187 homo
1521 2131 1610 2200 qui
1643 2137 1894 2198 tanquam
1938 2128 2209 2183 maletlcus
2234 2142 2331 2180 ne-

770 2231 1010 2290 cabatur,
1045 2227 1112 2280 ab
1135 2225 1280 2279 omni
1317 2233 1562 2278 creatura
1601 2221 1895 2276 credendus
1923 2220 2063 2274 Deus
2101 2227 2156 2274 et
2200 2219 2331 2272 ado-

771 2321 969 2372 randus
1011 2316 1149 2382 (hoc
1195 2313 1337 2367 enim
1384 2325 1508 2365 vere
1545 2325 1610 2364 ac
1650 2309 1822 2378 reipsa
1856 2308 2028 2378 erat),
2062 2317 2330 2362 terrenum

770 2423 965 2478 corpus
981 2416 1035 2462 et
1050 2392 1351 2474 eapulvere
1379 2409 1830 2469 coagmentatum,
1846 2415 2004 2468 supra
2025 2398 2190 2453 caelos
2213 2413 2330 2452 om-

770 2515 867 2554 nes
904 2497 1252 2560 eﬂcrentlum,
1279 2505 1333 2549 et
1364 2494 1472 2546 Deo
1504 2506 1912 2557 consessurum;
1949 2500 2150 2546 sanctae
2184 2490 2333 2544 deni-

771 2606 877 2661 que
911 2600 965 2644 et
1008 2590 1178 2644 beatae.
1203 2629 1219 2655 ,
1251 2585 1734 2654 laudatissimzeque
1768 2581 2048 2638 Trinitatis
2099 2581 2334 2652 cognitio

771 2680 1182 2737 manilestanda.

845 2950 936 3003 9.9..
971 2949 1070 3015 Qui
1105 2949 1156 3003 in
1196 2949 1458 3001 Atlamum
1495 2948 1615 3000 vitae
1663 2944 1910 3014 spiritum
1947 2943 2334 3010 insuﬂlaverat,

775 3043 1084 3110 feceratque
1115 3041 1261 3095 illum
1298 3041 1350 3094 in
1383 3041 1620 3093 animam
1652 3039 1918 3092 viventem
1945 3039 2015 3102 ²²,
2069 3037 2156 3093 hic
2187 3052 2337 3092 mor-

2432 587 2692 656 ἥκουσαν.
2735 587 2792 638 '0
2818 586 2988 649 θείαις
3019 586 3176 657 χερσὶ
3204 585 3658 655 πλαστουργήσας
3679 587 3776 638 τὸν
3799 585 4019 656 ἀνθρω-

2436 695 2554 743 πον,
2577 678 2706 747 ὃλην
2730 677 2831 747 τὴν
2853 678 3064 748 ἡμέραν
3076 676 3176 740 τάς
3189 678 3488 748 ἀχράντους
3510 677 3795 730 διεπέτασε
3820 681 4019 746 χεῖρας

2435 771 2571 841 πρὸς
2601 769 2728 822 λαὸν
2758 767 3090 824 ἀπειθοῦντα
3119 770 3212 823 καὶ
3235 769 3608 838 ἀντιλέγοντα,
3634 769 3728 820 καὶ
3753 771 3876 831 ταῖς
3908 785 3981 822 πα
4003 798 4020 808 -

2431 863 2644 932 τρικαῖς
2669 862 2948 934 παλάμαις
2969 859 3070 933 τὴν
3089 861 3266 934 ψυχὴν
3286 861 3669 933 παρατίθεται,
3698 861 3814 915 Καὶ
3839 860 4018 931 λόγχῃ

2431 951 2642 1023 πλευρά
2670 951 2921 1006 νύττεται
2945 951 3040 1006 τοῦ
3068 955 3132 1007 ἐκ
3154 953 3393 1025 πλευρᾶς
3418 951 3514 1004 τοῦ
3548 952 3721 1022 ’Δδάμ
3739 951 3840 1022 τὴν
3864 949 4018 1003 Εὔαν

2431 1047 2953 1116 δημιουργήσαντος,
2977 1045 3073 1098 καὶ
3103 1046 3342 1114 πηγάζει
3374 1044 3515 1096 θεῖον
3545 1038 3686 1114 αἷμα
3717 1044 3812 1098 καὶ
3841 1043 4015 1112 ὕδωρ,

2434 1138 2586 1207 πόμα
2621 1137 2940 1201 ἀθανασίας,
2979 1139 3071 1190 καὶ
3106 1138 3466 1201 ἀναπλάσεως
3499 1139 3805 1208 βάπτισμα.
3845 1135 4016 1188 Ὅθεν

2431 1229 2672 1300 ᾐσχύνθη
2703 1231 2730 1283 δ
2756 1229 2908 1299 ἥλιος
2925 1267 2940 1291 ο
2976 1227 3052 1300 μὴ
3082 1228 3264 1299 φέρων
3293 1230 3428 1300 ὁρᾷν
3458 1229 3548 1282 τὸν
3579 1227 3767 1298 νοητὸν
3799 1231 3904 1296 τῆς
3933 1225 4015 1278 δι-

2432 1323 2723 1390 καιοσύνης
2762 1318 3188 1390 παροινούμενον
3216 1319 3388 1390 ἥλιον.
3429 1319 3505 1388 Γῆ
3548 1317 3775 1380 ἐσείετο,
3814 1315 4017 1368 δεσπο-

2431 1409 2571 1479 τικῷ
2620 1408 3082 1480 περιρῤαινομένη
3139 1407 3368 1476 αἵματι,
3414 1406 3520 1460 τῶν
3572 1403 3868 1459 είδωλικῶν
3917 1404 4012 1456 λύ-

2433 1501 2575 1573 θρων
2603 1501 2712 1571 (88)
2745 1501 3174 1571 ἐκτινασσομένη
3203 1499 3295 1554 τὸν
3326 1500 3536 1567 σπῖλον,
3567 1500 3659 1552 καὶ
3688 1497 4011 1568 περιχαρῶς

2434 1590 2712 1658 σκιρτῶσα
2763 1588 2862 1658 τὴν
2927 1588 3215 1660 κάθαρσιν.
3280 1589 3484 1657 Νεκροί
3532 1587 3644 1642 τῶν
3705 1588 4012 1656 μνημάτων

2431 1678 2736 1742 ἀνίσταντο,
2780 1675 2874 1729 τοῦ
2923 1676 2990 1729 δι’
3035 1677 3185 1747 ἡμᾶς
3230 1676 3594 1748 νεκροιιμένου
3623 1676 3741 1746 ’τὴν
3787 1677 4011 1746 ἔγερσιν

2433 1767 2894 1836 προεμφαίνοντες
2927 1765 3061 1836 (89).
3116 1765 3437 1819 Ἐσὸέννυτο
3470 1767 3654 1836 ἣλιος,
3705 1766 3798 1817 καὶ
3843 1765 4012 1817 πάλιν

2433 1864 2702 1934 ἀνήπτετο
2730 1862 2831 1933 τὴν
2859 1863 3158 1934 τριήμερον
3180 1861 3289 1930 (90)
3312 1860 3407 1913 τοῦ
3438 1861 3708 1913 Δεσπότου
3741 1859 4009 1928 δημιουρ-

2431 1953 2541 2022 γῶν
2560 1953 2957 2025 ἀπαρίθμησιν.
2977 1953 3084 2006 Τοῦ
3101 1952 3227 2005 ναοῦ
3251 1953 3488 2022 διῃρεῖτο
3499 1951 3560 2003 τὸ
3579 1951 4006 2018 καταπέτασμα,

2435 2044 2622 2112 σαφῶς
2656 2043 2861 2114 μηνύον
2891 2044 2991 2114 τὴν
3038 2041 3149 2096 τῶν
3193 2043 3402 2096 ἀδύτων
3433 2041 3719 2104 ἐπίϐασιν,
3762 2042 3860 2093 καὶ
3899 2041 4010 2093 τῶν

2433 2134 2828 2204 κεκρυμμένων
2858 2133 2956 2204 τὴν
2977 2132 3256 2200 ἔκφανσιν.
3287 2132 3505 2202 Λῃστὴς
3541 2131 3638 2199 μὲν
3668 2129 3777 2198 γὰρ
3803 2130 4007 2199 ἧμελλε

2433 2222 2760 2294 χωροϐατεῖν
2793 2221 2884 2274 τὸν
2917 2221 3269 2292 παράδεισον,
3299 2222 3394 2272 καὶ
3438 2221 3466 2270 6
3498 2220 3658 2288 δίκην
3695 2217 4009 2288 κακούργου

2432 2313 2822 2384 ἀναιρούμενος
2841 2312 3147 2382 ἄνθρωπος,
3169 2312 3300 2374 Θεὸς
3322 2312 3425 2364 ὑπὸ
3450 2312 3628 2379 πάσης
3651 2309 4009 2361 πιστεύεσθαι

2432 2409 2528 2461 καὶ
2581 2405 3004 2476 προσκυνεῖσθαι
3053 2405 3153 2473 τῆς
3207 2405 3470 2466 κτίσεως·
3523 2403 3654 2465 Θεὸς
3702 2401 3811 2471 γάρ
3856 2402 4009 2452 ἐστιν

2433 2495 2686 2567 ἀληθῶςο
2729 2497 2824 2548 καὶ
2875 2495 2937 2547 τὸ
2981 2493 3183 2560 γεῶδες
3228 2493 3322 2546 καὶ
3369 2496 3434 2545 ἐκ
3489 2494 3611 2560 χοὸς
3655 2490 4007 2561 ἀπηρτισμέ-

2435 2607 2524 2643 νον
2551 2588 2662 2660 (91)
2698 2587 2880 2657 σῶμα,
2924 2585 3171 2656 οὐρανῶν
3213 2584 3541 2656 ὑψηλότερον
3574 2583 3884 2650 γίγνεσθαι,
3911 2583 4010 2634 καὶ

2435 2679 2554 2750 Θεῷ
2583 2676 3012 2747 συγκαθέζεσθαι
3038 2675 3174 2745 (92)⁶
3202 2675 3294 2728 καὶ
3321 2676 3353 2744 ὴ
3374 2677 3472 2743 τῆς
3497 2674 3679 2740 ἁγίας,
3705 2674 3797 2725 καὶ
3834 2690 4011 2740 μακα-

2440 2772 2580 2842 ρίας,
2597 2769 2695 2824 καὶ
2713 2767 3086 2839 πολυυμνήτου
3112 2766 3341 2836 Τριάδος
3374 2763 3738 2834 φανεροῦσθαι
3768 2763 4010 2828 ἐπίγνω-

2437 2881 2542 2926 σις.

2509 2955 2613 3026 κβ¹.
2663 2955 2724 3008 '0
2756 2953 2834 3024 τῷ
2885 2953 3055 3023 Ἀδὰμ
3098 2951 3421 3023 ἐμφυσήσας
3452 2946 3675 3016 πνεῦμα
3708 2945 3874 3014 ζωῆς,
3914 2945 4010 2996 καὶ

2439 3048 2672 3118 ποιήσας
2699 3044 2861 3099 αὑτὸν
2906 3047 2986 3107 είς
3023 3040 3438 3114 ψυχὴνδζῶσαν,
3470 3038 3682 3108 νεκρὸς,
3717 3037 3922 3098 ἄπνους
3951 3037 4010 3087 ἐν

779 3145 900 3188 tntts
933 3134 1051 3187 sine
1095 3133 1310 3201 spiritu,
1360 3132 1410 3185 in
1457 3139 1805 3185 uumumento
1864 3129 2173 3198 deponitur.
2231 3127 2331 3194 Qui
2363 3158 2408 3217 α

2363 3158 2408 3217 C
2438 3139 2517 3209 τῷ
2556 3138 2807 3207 μνημείῳ
2837 3135 3066 3190 τίθεται.
3109 3134 3166 3186 '0
3194 3133 3275 3194 εἰς
3296 3131 3400 3200 γῆν
3436 3124 3886 3197 ἀποστρέφεσθαι
3910 3140 4010 3175 κα-

778 3224 1092 3287 hominem,
1132 3232 1189 3275 ut
1231 3223 1282 3275 in
1339 3230 1542 3274 terram
1608 3229 1990 3283 reverteretur,
2047 3218 2340 3274 damnave-

780 3324 863 3368 rat
894 3314 958 3379 ’³,
987 3314 1054 3367 iis
1102 3313 1191 3380 qui
1224 3313 1275 3366 in
1314 3323 1455 3365 terra
1488 3311 1738 3365 oblivioni
1795 3310 1978 3365 traditi
2032 3321 2180 3376 sunt,
2208 3327 2338 3366 con-

779 3411 1116 3456 numeratnr.
1176 3401 1547 3454 (ionteruntnr
1596 3411 1764 3468 portae
1825 3415 1979 3454 aereae
2013 3439 2027 3461 ,
2084 3414 2148 3456 ac
2177 3400 2337 3454 ferrei

781 3500 958 3542 vectes
1007 3488 1418 3556 confringuntur
1448 3487 1513 3538 “.
1553 3486 1786 3541 Sublata:
1841 3497 1964 3542 sum
2010 3488 2112 3542 illa:
2172 3498 2340 3558 porta:

775 3589 1011 3644 ueterum,
1058 3577 1374 3646 horruitquc
1397 3577 1587 3629 inferni
1616 3579 1838 3645 jauitor,
1872 3587 1923 3630 et
1951 3579 2182 3633 revelata
2214 3589 2338 3633 sunt

776 3671 1119 3722 l‘umlamentn
1149 3681 1307 3722 terrae
1337 3669 1402 3720 ’³.
1442 3667 1570 3719 Nam
1601 3668 1690 3736 qui
1726 3668 1859 3721 liber
1895 3684 1921 3720 a
1952 3680 2173 3737 peccato
2199 3679 2336 3735 erat,

778 3763 916 3814 inter
947 3769 1184 3813 mortuos
1233 3759 1471 3813 consitus
1513 3759 1637 3811 fttit.
1679 3758 1881 3814 institis
1916 3770 1999 3814 est
2044 3761 2336 3824 involutus,

777 3854 867 3921 qui
904 3852 1094 3905 Lazari
1127 3851 1323 3904 fascias
1352 3851 1588 3904 solverat
1618 3852 1685 3916 ",
1713 3863 1769 3904 ut
1799 3853 2065 3906 hominem
2118 3863 2338 3921 peccato

776 3951 1104 4001 eittortuum,
1131 3938 1356 4007 ejusque
1393 3942 1601 3993 catenis
1632 3943 1910 3994 astrictum
1938 3985 1950 4006 ,
1995 3942 2217 3995 liberum
2257 3944 2338 3996 di-

775 4032 1030 4084 mitteret.
1059 4027 1210 4084 Nunc
1248 4044 1338 4083 rex
1375 4029 1563 4098 gloriae
1584 4032 1626 4062 ’⁷
1654 4032 1720 4084 ad
1746 4041 2031 4101 tyrannum
2063 4033 2224 4093 venit.
2253 4033 2339 4088 ille

775 4131 964 4188 potens
1006 4120 1055 4173 in
1081 4119 1264 4186 prmlio
1311 4120 1378 4184 ’⁸,
1417 4119 1572 4188 cujus
1633 4122 1698 4174 ad
1766 4136 1862 4175 nos
1919 4123 2095 4177 e\itus
2139 4134 2262 4177 sunt
2307 4141 2336 4178 a

775 4225 985 4264 summo
1010 4209 1185 4276 caelo,
1219 4211 1310 4278 qui
1342 4212 1466 4264 vita:
1501 4211 1659 4280 hujus
1690 4213 1827 4265 viam
1875 4213 2107 4280 gigantis
2144 4216 2192 4267 in
2227 4231 2339 4267 mo-

777 4315 887 4353 rem
920 4301 1181 4353 cucurrit.
1221 4301 1354 4352 Cum
1386 4299 1478 4353 illo
1511 4301 1653 4354 enim
1697 4301 2122 4356 imbecillitatem
2153 4303 2338 4356 huma-

778 4390 967 4444 nitatis
998 4390 1299 4445 obtendens
1349 4392 1717 4460 congreditur,
1753 4391 2053 4462 fortemque
2083 4397 2245 4450 vincit
2279 4406 2336 4450 ut

2438 3229 2702 3300 τακρίνας
2740 3227 2831 3280 τὸν
2873 3226 3183 3295 ἄνθρωπον,
3213 3225 3326 3284 τοῖς
3354 3223 3412 3274 ἐν
3443 3223 3514 3290 γῇ
3563 3216 4012 3289 ἐπιλελησμένοις

2438 3318 2795 3389 συναρίθμιος
2849 3316 3063 3385 γέγονε.
3109 3314 3326 3367 Χαλκαί
3375 3312 3540 3364 πύλαι
3605 3307 4011 3378 συντρίϐονται.

2438 3412 2532 3465 καὶ
2573 3407 2907 3462 συνθλῶνται
2949 3407 3135 3476 μοχλοὶ
3167 3405 3407 3474 σιδηροῖο
3452 3402 3616 3453 πύλαι
3656 3400 3756 3470 μὲν
3800 3397 4010 3449 αἰώνιοι

2438 3500 2706 3570 ἢρθησαν,
2733 3499 2826 3550 καὶ
2853 3496 3069 3565 ἔφριξεν
3095 3495 3219 3566 ᾅδου
3242 3494 3491 3562 πυλωρὸς
3514 3491 3650 3558 (9'5),
3680 3492 3775 3540 xz‘:
3815 3489 4010 3538 ἀνεκαο

2436 3589 2612 3658 λύφθη
2647 3588 2718 3641 τά
2744 3587 2843 3656 τῆς
2871 3584 3199 3653 οἰκουμένης
3224 3583 3468 3651 θεμέλια.
3513 3580 3570 3633 'O
3602 3583 3710 3649 γὰρ
3736 3581 4012 3648 ἁμαρτίας

2438 3678 2718 3748 ἐλεύθερος
2753 3679 2810 3730 ἐν
2836 3679 3046 3747 νεκροῖς
3074 3674 3410 3742 λελόγισται·
3448 3674 3542 3724 καὶ
3579 3671 3817 3741 κειρίαις
3852 3672 4012 3740 περί-

2439 3785 2617 3822 κειται
2648 3770 2676 3820 6
2716 3765 2969 3835 Λαζάρου
3019 3763 3186 3824 λύσας
3217 3762 3288 3814 τὰ
3339 3759 3650 3828 σπάργανα.
3686 3759 3773 3808 ἵνα
3804 3757 3898 3808 τὸν
3933 3771 4013 3807 νε-

2439 3858 2720 3930 κρωθέντα
2761 3859 2827 3926 τῇ
2865 3855 3111 3925 ἁμαρτία
3154 3851 3460 3922 ἄνθρωπον,
3515 3849 3610 3900 καὶ
3650 3850 3770 3908 ταῖς
3809 3848 4012 3914 ταύτης

2440 3943 2832 4014 περισφιγέντα
2865 3943 3092 4010 σειραῖς,
3121 3938 3260 4010 λύσῃ
3292 3937 3400 3990 τῶν
3425 3935 3660 4004 δεσμῶν.
3696 3936 3794 3986 καῖ
3824 3936 4014 4004 53".??-

2439 4039 2642 4092 ἄνετον.
2668 4033 2781 4088 Νῦν
2803 4036 2830 4087 ὁ
2858 4032 3110 4103 βασιλεὺς
3140 4030 3239 4098 τῆς
3265 4028 3422 4096 δόξης
3461 4026 3594 4096 πρὸς
3626 4026 3716 4077 τὸν
3749 4025 4015 4094 τύραννον

2440 4127 2850 4196 κατεφοίτησεν,
2890 4126 2917 4177 6
2949 4121 3171 4184 δυνατὸς
3220 4122 3278 4173 ἐν
3309 4119 3552 4187 πολέμῳ,
3606 4113 3668 4169 οὗ
3708 4116 3806 4168 ἀπ’
3841 4115 4012 4184 ἄκρου

2439 4218 2533 4272 τοῦ
2562 4214 2790 4286 οὐρανοῦ
2815 4215 2871 4266 αἱ
2898 4213 3032 4282 πρὸς
3057 4212 3204 4280 ἡμᾶς
3229 4207 3420 4271 ἔξοδοι,
3450 4207 3478 4258 6
3498 4202 3722 4274 δραμὼν
3745 4203 3821 4265 ὡς
3854 4202 4014 4268 γίγας

2438 4309 2534 4379 τὴν
2591 4309 2649 4359 ἐν
2701 4305 2778 4375 τῷ
2812 4299 2936 4374 ’βίῳ
2987 4302 3124 4355 ὁδόν.
3169 4297 3546 4370 Συμπλέκεται
3598 4297 3706 4364 γὰρ
3753 4295 3919 4347 τοῦτο
3953 4297 4013 4362 τῇ

2440 4397 2695 4468 ἀσθενείᾳ
2720 4395 2818 4466 τῆς
2841 4392 3280 4464 ἀνθρωπότητος,
3309 4389 3402 4444 καὶ
3423 4388 3613 4456 δεσμεῖ
3628 4387 3704 4447 ὡς
3729 4384 4014 4453 στρουθίον

781 4481 1175 4549 passerculum,
1204 4481 1498 4550 proﬂigatis
1524 4483 1897 4550 omnipotente
1935 4485 2139 4541 deitate
2169 4488 2329 4540 satel-
2368 4483 2414 4538 D

2368 4483 2414 4538 Β
2442 4492 2530 4544 τὸν
2557 4488 2795 4559 ίσχυρὸν,
2831 4485 3079 4556 φροὺδων
3098 4479 3482 4550 γεγενημένων
3511 4475 3617 4526 τῶν
3650 4471 4013 4542 δορυφορούν-

775 4568 963 4622 litihns
990 4570 1152 4633 illius,
1198 4572 1420 4639 ejusque
1449 4588 1573 4625 vasa
1605 4572 1791 4640 diripit
1820 4575 1884 4638 ”,
1920 4576 2020 4630 rite
2052 4579 2330 4645 reducens,

776 4673 896 4728 qum
927 4658 1014 4710 ille
1065 4658 1325 4712 barathro
1361 4659 1497 4713 male
1537 4670 1820 4715 merserat.
1860 4663 2013 4719 Nunc
2058 4666 2245 4722 Sermo
2275 4671 2339 4722 atl

775 4759 1079 4816 serpentem
1137 4751 1432 4818 descendit,
1482 4751 1778 4808 Leviathan
1825 4758 2031 4812 scilicet
2073 4759 2216 4812 illum
2251 4761 2341 4814 de-

775 4849 1036 4894 sertorem
1086 4841 1129 4870 ³ο
1172 4841 1492 4907 (Leviathau
1545 4847 1686 4897 cnim
1731 4859 2016 4915 serpentem
2073 4852 2338 4922 interpre-

777 4931 976 5001 tantur)
1039 4948 1283 5002 maguum
1331 4935 1480 4986 illum
1539 4950 1744 4989 sensum
1807 4939 2184 5009 Assyriorum,
2243 4960 2336 4999 seu

849 5094 888 5124 "
915 5093 1014 5144 lca.
1048 5107 1123 5153 νι,
1159 5092 1212 5155 9,
1251 5095 1335 5145 10.
1418 5093 1458 5122 ’⁸
1484 5094 1580 5146 lsa.
1617 5112 1738 5156 cxv,
1765 5097 1800 5148 2

846 5161 1088 5237 ﬁert._ttt.
1123 5162 1256 5237 19.”
1290 5165 1335 5192 "
1357 5161 1507 5237 Pful.
1539 5180 1646 5222 CVI.
1683 5166 1767 5237 16.
1852 5169 1896 5198 ’⁵
1916 5170 2056 5225 l’sal.
2094 5189 2228 5237 ινιι,
2259 5161 2344 5228 16.

773 5233 818 5263 ¹⁹
851 5231 1037 5283 Matth.
1067 5245 1161 5294 xu,
1194 5231 1281 5284 29.
1356 5230 1515 5284 "lsa.
1544 5249 1706 5296 xxv“,
1747 5236 1790 5288 1.

847 5367 959 5438 (88)
1001 5369 1122 5421 Τῶν
1148 5370 1436 5423 είδωλικῶν
1464 5370 1696 5438 λύθρων.
1742 5373 1938 5424 Allttdit
1975 5371 2112 5424 forte
2154 5373 2216 5424 ad
2254 5374 2340 5426 illa

779 5437 972 5490 Psalmi
1009 5455 1135 5492 xvm
1168 5442 1325 5492 verba
1355 5459 1366 5492 :
1399 5437 1598 5507 Infecta
1631 5453 1700 5491 ρει
1731 5454 1867 5493 terra
1895 5444 1946 5494 in
1978 5444 2341 5505 sanquim’bus,

776 5519 822 5558 (ι
864 5510 1224 5560 contaminata
1249 5520 1324 5561 est
1365 5511 1417 5560 in
1448 5510 1684 5575 operibus
1715 5528 1912 5563 eorum.
1955 5513 2025 5562 lIn
2059 5511 2338 5567 Paulinus.

849 5575 963 5655 (89)
1005 5580 1477 5655 Προιιηνύοντες.
1511 5578 1624 5631 Non
1677 5581 2024 5655 satisredtlit
2058 5581 2342 5655 Paulinus,

778 5648 932 5696 mimi
973 5648 1306 5711 manifestam
1351 5650 1640 5701 reddentes.
1679 5649 1961 5712 Signiﬁcat
1991 5650 2131 5703 enim
2165 5667 2344 5703 resur-

779 5718 981 5768 rexisse
1011 5732 1104 5769 eos
1153 5727 1275 5768 ante
1307 5717 1602 5784 Christum,
1641 5720 1846 5773 tametsi
1898 5721 1955 5774 ὁ.
2011 5721 2244 5776 'ihomas
2291 5730 2346 5777 ct

781 5785 869 5838 alii
900 5795 1110 5854 negent.
1144 5787 1430 5844 CouBErIs.

1900 5099 1941 5132 "
1967 5101 2096 5156 an.
2125 5119 2278 5166 xxm,
2314 5106 2401 5158 dli.
2516 5104 2561 5136 ³⁸
2584 5101 2738 5165 Joan,
2767 5099 2926 5157 xm!

1916 5170 2056 5225 l’sal.
2094 5189 2228 5228 ml.
2259 5176 2344 5228 l6.
2434 5173 2651 5228 "Joan.
2719 5185 2793 5228 vr.
2857 5166 2926 5218 44

2441 4599 2550 4634 των
2601 4581 2667 4649 τῇ
2721 4575 3076 4644 αὑτοδυνάμῳ
3103 4572 3214 4641 (94)
3261 4569 3495 4637 θεότητι,
3537 4563 3776 4616 καὶτῶν
3822 4563 4014 4613 τούτου

2444 4670 2653 4724 σκευῶν
2681 4669 2913 4719 ποιεῖται
2943 4666 3042 4730 τὴν
3082 4662 3355 4733 ἁρπαγὴν,
3380 4659 3596 4725 ἀνάγων
3623 4653 3824 4716 καλῶς,
3848 4653 3885 4706 ἃ
3916 4670 4014 4706 κα-

2442 4760 2553 4821 κῶς
2590 4759 2796 4818 ἐκεῖνος
2839 4754 3144 4822 κατήγαγε.
3185 4749 3298 4801 Νῦν
3325 4750 3352 4800 6
3383 4745 3540 4812 λόγος
3578 4743 3714 4813 πρὸς
3754 4744 3844 4793 τὸν
3877 4741 4011 4809 δρά-

2441 4867 2605 4905 κοντα
2631 4849 2866 4911 κάτεισι,
2897 4844 2990 4896 τὸν
3017 4840 3305 4903 Λευῖαθὰν,
3329 4838 3419 4890 τὸν
3437 4837 3753 4902 ἀποστάτην
3774 4832 4013 4900 (δράκων

2439 4946 2496 4998 δέ
2525 4946 2554 4996 6
2584 4940 2852 4996 Λευῖαθὰν
2881 4931 3300 5008 ἑρμηνεύεται),
3347 4928 3456 4982 τὸν
3499 4925 3648 4980 γοῦν
3680 4924 3788 4978 τὸν
3819 4923 4013 4992 μέγαι-

3624 5085 3669 5116 ¹³
3692 5083 3828 5137 Gen.
3863 5097 3928 5135 II.
3959 5080 4010 5134 7.

3104 5094 3148 5122 "
3171 5091 3304 5145 Gen.
3331 5104 3391 5152 ιι,
3418 5087 3509 5140 22:
3624 5087 3669 5116 "
3692 5087 3828 5137 Gen.
3863 5097 3928 5135 II.
3959 5087 3989 5130 7

3117 5163 3254 5206 I’sal-
3323 5172 3474 5206 xxm.
3510 5154 3564 5206 7.
3668 5154 3712 5184 “
3766 5152 3900 5206 ibid.
3958 5155 3989 5204 8

2516 5104 2561 5136 ³⁸
2584 5101 2738 5165 Joan,
2767 5113 2879 5157 xix,
2906 5095 2991 5150 54.
3104 5095 3148 5122 ’³
3171 5095 3304 5145 Gen.
3331 5104 3391 5152 ιι,
3418 5095 3509 5140 ‘22:

2516 5173 2650 5217 Ιηςιη-
2719 5185 2793 5217 vr.
2857 5166 2947 5217 44.
3034 5164 3076 5195 ’⁷
3117 5163 3255 5216 l’sal.
3323 5172 3474 5217 unt,
3510 5154 3564 5208 7.

2511 5372 2622 5435 (9η)
2678 5370 2816 5423 Etlit.
2864 5366 3182 5437 τριησιερον.
3235 5365 3346 5437 τὴν
3403 5363 3697 5437 τριῄμεφν
3853 5357 4012 5436 τάᾷιξ

2441 5427 2740 5510 κάθειρξιν,
2788 5427 3090 5497 καὶάὖθις
3147 5427 3464 5510 ἀνάσέασινζ
3495 5427 3860 5485 ὑποδεικνύων
3923 5427 4013 5479 τοῦ

2441 5501 2710 5564 Δεσπότου
2739 5510 2831 5560 καὶ
2855 5505 3187 5576 δημιουργοῦ
3219 5503 3312 5556 τοῦ
3340 5501 3488 5556 ναοῦ.

2511 5580 2592 5648 (9|
2610 5591 2624 5641 j
2664 5578 2816 5648 Coll).
2847 5580 2931 5648 διη
2942 5575 3228 5648 ρτ-ηνμένον.

2512 5643 2622 5712 (92)
2668 5647 2729 5700 li.
2768 5645 3133 5714 συνεδριάζειν
3164 5643 3302 5711 Θεῷ,

2512 5711 2620 5788 (95)
2663 5715 2813 5788 ῼοΙδ.
2856 5711 3081 5788 ἔφριξαν
3117 5753 3130 5765 .
3168 5756 3180 5767 .
3216 5754 3235 5788 Α.
3275 5752 3289 5766 .
3328 5711 3582 5781 πυλωροί.

2521 5776 2630 5861 (94)
2676 5787 2739 5841 Β.
2764 5796 2817 5842 et
2846 5776 3010 5841 coit»;
3031 5784 3361 5854 δορυφόρων.
3396 5823 3412 5838 .
3550 5776 3959 5847 παντοδυνάμῳ.
