4202 6496
197 454 288 515 ιρι

1174 458 1497 519 ΠΟΜΙΙᾸΑ
1536 462 1611 520 ΙΝ
1658 463 2053 524 SABBATUM
2096 466 2468 527 SANCTUM.

3348 467 3452 528 622

198 566 317 620 τῶν
358 565 712 635 Ἀσσυρίων,
747 568 857 620 τῶν
896 569 1154 622 ἐναντίων
1180 570 1323 638 λέγω
1351 572 1654 641 δυνάμεων,
1703 577 1768 645 τῇ

1885 586 2281 631 contrariarum
2317 586 2669 647 potestatum,
2707 578 2757 631 in
2793 587 2950 635 terrae
2990 578 3293 635 visceribus
3323 579 3445 635 lati-

200 659 395 729 καρδία.
419 659 515 728 τῆς
542 660 643 728 γῆς
662 659 1065 730 ὲμφωλεύοντα·
1092 663 1185 715 καὶ
1206 663 1392 717 τοῦτον
1408 664 1553 717 ἓλκει
1577 666 1655 735 τῷ
1676 667 1773 734 τῆς

201 749 453 819 θεότητος
475 751 782 821 ἀγκίστρῳ,
811 750 888 823 τῷ
919 754 1289 825 κεκρυμμένῳ
1323 754 1535 825 σώματι
1560 754 1649 811 οἷά
1669 775 1773 810 τινι

203 843 466 913 σκώληκι,
510 842 604 894 καὶ
648 842 743 907 οὒς
794 845 1053 897 κατέπιεν
1090 845 1315 915 ἰσχύσας
1361 847 1478 900 λίαν
1517 849 1771 920 οἰκτρῶς,

201 933 356 1002 ἐμεῖν
421 933 773 1001 ἐκϐιάζεται,
856 935 1262 999 ἐξαποστέλλων
1325 940 1480 993 κενὸν
1538 942 1628 994 τὸν
1684 944 1776 995 ἐπὶ

200 1023 421 1095 πλούτῳ
471 1027 845 1096 κομπάζοντα.
897 1029 971 1081 Τὸ
1011 1031 1287 1100 γεννηθὲν,
1334 1034 1428 1087 καὶ
1458 1035 1609 1088 δοθὲν
1644 1039 1777 1106 ἡμῖν

201 1115 413 1168 παιδίον
463 1119 556 1169 ἐπὶ
586 1118 838 1188 τρῶγλην
879 1121 1125 1174 ἀσπίδων
1171 1125 1563 1195 καταϐεϐηκὸς,
1596 1127 1775 1197 ἄγχει,

202 1208 298 1259 καὶ
345 1209 661 1261 ἀποκτείνει
717 1210 827 1278 (95)
882 1212 977 1264 καὶ
1024 1213 1208 1268 ὄλλυσι
1259 1217 1351 1269 τὸν
1400 1217 1633 1288 σοϐαρὸν
1686 1221 1779 1272 καὶ

205 1299 577 1369 μεγάλαυχον.
626 1302 739 1355 Νῦν
787 1303 1015 1375 οὐρανὸς
1064 1310 1093 1359 ὁ
1140 1307 1272 1377 ᾅδης
1332 1310 1642 1379 γεγένηται,
1686 1314 1780 1364 καὶ

202 1391 382 1458 φωτὸς
418 1393 751 1462 πληροῦνται
795 1395 866 1448 τά
896 1396 1248 1465 καταχθόνια,
1282 1401 1372 1451 καὶ
1404 1401 1465 1453 τὸ
1502 1402 1690 1465 σκότος
1720 1404 1781 1456 τὸ

202 1483 338 1550 πρὶν
384 1482 578 1534 διῶκον
616 1483 921 1549 ἐλαύνεται,
956 1487 1191 1551 καὶτοῖς
1221 1490 1442 1558 τυφλοῖς
1486 1492 1781 1562 ἀνάϐλεψις

201 1572 426 1626 δίδοται.
457 1574 582 1636 Τοῖς
611 1576 720 1645 γὰρ
771 1577 828 1628 ὲν
870 1578 1049 1629 σκότει
1086 1580 1179 1631 καὶ
1214 1582 1340 1650 σκιᾷ
1380 1582 1612 1634 θανάτου
1647 1584 1781 1635 καθ-

202 1666 448 1734 ημένοις,
463 1667 699 1736 ἀνατολὴ
719 1666 779 1731 ὲξ
803 1666 972 1736 ὕψους
987 1670 1249 1739 ἐπέφανε.
1271 1673 1455 1725 Ταῦτα
1481 1675 1778 1743 προφῆται,

203 1757 302 1808 καὶ
334 1757 691 1828 πατριάρχαι,
735 1760 829 1812 καὶ
869 1761 1066 1815 δίκαιοι
1102 1762 1289 1830 σαφῶς
1318 1766 1658 1834 προετύπουν
1691 1768 1781 1820 καὶ

202 1846 599 1916 προηγόρευον.

1881 676 2082 719 tantem
2111 666 2153 697 ³¹
2185 684 2198 729 ;
2236 682 2469 735 eumque
2505 667 2667 721 trahit
2693 667 2990 725 divinitatis
3018 670 3183 725 hamo
3210 671 3255 703 ³⁸
3290 686 3450 741 quem

1880 758 1933 811 iu
1961 772 2164 812 morem
2193 759 2469 812 vermiculi
2498 774 2723 827 corpore
2740 774 2839 815 suo
2866 772 3207 829 contexerat,
3240 772 3295 818 et
3317 778 3454 833 quos

1881 848 2220 903 invalesccns
2252 848 2341 903 ille
2373 851 2569 904 misere
2601 852 2975 916 devoraverat,
3011 855 3109 908 hos
3149 855 3295 924 cogit
3319 870 3454 910 evo—

1882 956 2047 1006 mere,
2086 944 2297 996 inanem
2330 957 2454 996 eum
2501 944 2776 998 dimittens
2821 945 2912 1015 qui
2960 944 3272 1001 divitiarum
3312 945 3453 1001 fastu

1880 1031 2295 1098 gloriabatur”.
2316 1033 2418 1100 Qui
2452 1044 2611 1090 natus
2641 1036 2903 1106 datusque
2929 1038 3090 1093 nobis
3120 1046 3205 1095 est
3234 1054 3364 1109 puer
3385 1040 3453 1107 ³⁸,

1881 1122 1933 1173 ἱιι
1967 1121 2210 1175 foramen
2243 1126 2487 1192 aspidum
2532 1128 2620 1178 ubi
2658 1126 3049 1194 descendisset,
3104 1136 3454 1197 arrogantem

1881 1210 2027 1264 illum
2058 1210 2336 1281 praeferat,
2372 1215 2591 1279 occidit,
2625 1224 2681 1269 ct
2716 1214 2915 1284 perdit.
2961 1216 3116 1271 Nunc
3151 1216 3453 1273 inferorum

1880 1304 2037 1358 sedes
2086 1304 2283 1358 coelum
2341 1305 2608 1372 quoddam
2654 1303 2821 1378 824
2866 1303 3058 1362 effecta
3103 1318 3186 1363 est
3226 1328 3240 1362 :
3298 1318 3456 1371 terrae

1882 1393 2061 1446 abdita
2108 1394 2415 1463 infernique
2460 1397 2612 1450 sinus
2657 1399 2774 1451 luce
2822 1398 3116 1467 implentur
3156 1398 3225 1464 ³⁸,
3248 1413 3310 1454 ac
3336 1414 3457 1469 qua:

1883 1481 1987 1537 illis
2012 1484 2218 1551 pridem
2252 1486 2425 1554 caligo
2456 1486 2750 1549 insederat,
2784 1487 3085 1557 dissipatur
3110 1487 3182 1553 ³⁸,
3201 1488 3458 1557 visusque

1884 1574 2042 1628 catcis
2074 1586 2356 1641 reparatur
2384 1578 2453 1632 ".
2505 1578 2833 1631 Setlentibns
2868 1579 3011 1632 enim
3044 1578 3098 1633 in
3135 1578 3373 1633 tenebris
3404 1587 3460 1632 et

1884 1662 2074 1716 umbra
2108 1664 2318 1727 mortis,
2350 1665 2532 1719 oriens
2557 1680 2624 1718 ex
2656 1665 2767 1719 alto
2793 1668 3044 1734 apparuit
3075 1666 3144 1719 ³⁸.
3178 1668 3307 1720 Ηαιε
3330 1680 3460 1735 pro-

1887 1754 2083 1818 phetat,
2115 1755 2455 1822 patriarchm,
2484 1766 2539 1809 et
2557 1757 2690 1826 justi
2745 1755 3034 1815 manifeste
3067 1756 3457 1826 praefigurave-

1889 1854 2007 1897 rant
2038 1859 2102 1898 ac
2123 1846 2574 1912 prtenuntiarant.

276 1946 384 2006 κγ’.
436 1941 492 1992 Ὀ
527 1938 732 2002 δίκαιος
760 1939 1061 2009 δεσμεῖται,
1094 1940 1168 2004 ὡς
1196 1942 1549 2013 δύσχρηστος.
1576 1944 1782 2018 Βουλὴν

1954 1933 2044 1987 25.
2073 1934 2117 1964 ³⁹
2144 1933 2328 1989 Justus
2366 1934 2617 2002 alligatur
2664 1945 2915 2005 tanquam
2947 1934 3222 1992 molestus.
3264 1934 3458 1991 Consi-

204 2028 316 2097 γὰρ
336 2028 457 2081 καθ’
484 2029 661 2082 αὐτῶν
683 2029 1031 2101 ὀλεθροτόκον
1061 2029 1459 2099 βεϐούλευνται,
1487 2037 1535 2087 οί
1566 2036 1657 2089 τὸν
1684 2037 1779 2090 τοῦ

204 2119 417 2188 Κυρίου
469 2119 592 2172 λαὸν
644 2122 1052 2192 καλαμώμενοι,
1103 2122 1337 2176 καὶτῶν
1391 2126 1566 2180 ποδῶν
1603 2130 1781 2188 αὐτῶν

200 2209 304 2270 τὰς
344 2208 566 2279 τρίϐους
612 2211 995 2281 ταράσσοντες.
1037 2213 1182 2266 Οὐαὶ
1234 2211 1307 2281 τῇ
1337 2216 1509 2283 ψυχῇ
1542 2218 1782 2272 αὐτῶν]

202 2300 440 2367 πονηρά
485 2301 633 2353 κατὰ
682 2304 751 2356 τὰ
805 2302 946 2371 ἔργα
998 2303 1195 2359 αὐτῶν
1253 2308 1622 2376 συμϐήσεται
1676 2314 1781 2364 αύ-

201 2393 352 2458 τοῖς,
391 2396 419 2446 ὁ
462 2394 689 2459 Ἡσαΐας
738 2398 901 2465 φησίν
929 2416 942 2428 ·
981 2399 1093 2451 ἀλλ’
1138 2400 1269 2469 ἡμῖν
1299 2399 1578 2466 λυσίπονος
1613 2404 1781 2467 ὅντως

204 2487 300 2536 καὶ
329 2483 664 2549 ἁκεσὼδυνος
695 2490 726 2557 ή
751 2482 947 2554 πρᾶξις
968 2490 1067 2561 ἤδη
1105 2494 1411 2563 γεγένηται.
1455 2495 1566 2548 Τὸν
1592 2495 1783 2549 νῶτον

201 2576 292 2639 εὶς
316 2574 615 2644 μάστιγας
657 2575 882 2646 δίδωμι,
914 2581 1013 2632 καὶ
1064 2581 1169 2647 τὰς
1202 2584 1449 2650 παρειὰς
1485 2586 1576 2649 εὶς
1604 2587 1781 2652 ῥαπί-

201 2682 430 2733 σματα,
479 2667 577 2721 καὶ
616 2668 1055 2740 ἐμπτυσμάτων
1082 2676 1380 2743 αἰσχύνης
1413 2676 1720 2746 ἀνέχομαι,
1754 2681 1783 2730 ὁ

204 2760 265 2808 ἐν
310 2757 505 2827 Ἡσαΐᾳ
556 2758 658 2830 ἔφη
695 2761 1085 2830 φθεγγόμενος.
1126 2767 1216 2817 Διὸ
1240 2767 1348 2820 τῶν
1388 2769 1535 2837 ἐμῶν
1586 2771 1782 2840 χειρῶν

201 2846 267 2895 τὸ
297 2844 754 2917 πλαστούργημα,
787 2851 886 2903 οὐκ
920 2852 1339 2924 ὲντραπήσεται,
1368 2858 1464 2910 ούκ
1496 2860 1784 2929 αἰσχυνθή-

206 2952 389 2988 σεται.
437 2937 508 2988 Ού
566 2940 674 3009 γὰρ
714 2942 993 3011 ἡρπάχθαι
1037 2944 1355 3017 λελόγισμαι
1410 2950 1468 3001 τὸ
1515 2946 1652 3004 εἶναι
1696 2952 1783 3005 ἴσα

204 3028 363 3098 Θεῷ·
399 3030 533 3082 ἀλλὰ
580 3032 714 3096 Θεὸς
758 3033 834 3088 ῶν
893 3036 960 3106 τῷ
996 3038 1168 3108 Πατρ“ι
1209 3043 1511 3111 ὁμοούσιος,
1549 3046 1783 3114 ἐμαυτὸν

203 3122 430 3192 καθῆκα
472 3125 609 3195 πρὸς
653 3127 903 3191 κένωσιν,
938 3131 1032 3183 καὶ
1072 3133 1213 3203 ὑπὲρ
1252 3135 1464 3187 ἀσεϐῶν
1497 3140 1784 3192 ταπεινοῦ-

207 3231 312 3281 μαι
351 3214 487 3283 πρὸς
531 3215 779 3281 θάνατον,
827 3218 970 3272 οὕτω
998 3221 1089 3273 τοῦ
1126 3224 1337 3295 Πατρὸς
1369 3227 1779 3298 εύδοκήσαντος.

209 3305 285 3357 Ἀ
320 3304 464 3357 ϐέλει
490 3308 617 3377 γὰρ,
648 3308 930 3380 βούλομαι,
962 3314 1294 3387 συνθελητὴς
1329 3319 1477 3389 αύτῴ
1505 3324 1787 3391 πεφυκὼς,

203 3396 305 3448 καὶ
330 3399 583 3461 κοινωνὸς
617 3401 716 3471 τῆς
753 3402 1022 3473 θεότητος.
1058 3406 1167 3458 Καὶ
1189 3408 1429 3477 ὑψοῢμαι.
1456 3414 1483 3464 ὁ
1513 3413 1792 3483 "reum,

203 3492 305 3542 καὶ
350 3492 408 3542 ἐν
454 3491 579 3558 ἐμοὶ
612 3492 1005 3566 δεδοξασμένης
1037 3498 1136 3567 τῆς
1166 3499 1587 3572 άνθρωπὸτητος
1628 3507 1793 3576 (οὕτω

198 3583 320 3650 γὰρ
353 3581 451 3652 τὴν
485 3584 755 3654 πατρικὴν
780 3586 1000 3657 ἀγάπην
1022 3591 1353 3663 συνίστημι),
1389 3595 1456 3647 ἵν’
1483 3597 1541 3648 ἐν
1575 3598 1652 3666 τῷ
1677 3601 1793 3670 ὲμῷ

198 3672 568 3740 δικαιούμενα
598 3676 811 3745 αἵματι,
845 3680 937 3730 καὶ
960 3681 1018 3733 ὲν
1042 3679 1120 3750 τῷ
1146 3682 1264 3752 ἐμῷ
1292 3683 1507 3755 θανάτῳ
1534 3688 1632 3758 τὴν
1658 3691 1792 3759 πρὸς

200 3764 305 3815 τὸν
343 3765 474 3834 ἐμὸν
515 3767 730 3837 Πατέρα
781 3770 1125 3842 καταλλαγὴν
1159 3774 1585 3847 εὐμοιρήσαντα,
1639 3783 1695 3834 ἐν
1725 3786 1790 3853 τῇ

204 3859 327 3926 ζωῇ
372 3857 527 3923 ζῶσι,
554 3861 645 3911 καὶ
680 3862 783 3914 ὑπὸ
810 3862 909 3926 τὰς
955 3866 1093 3934 ἐμάς
1139 3869 1560 3926 άναπαύσωνται
1592 3874 1791 3945 πτέρυ-

199 3964 337 4013 γας,
368 3949 434 4001 τὰ
465 3951 584 4019 ἃμοὶ
608 3952 989 4024 φυλασσόμενα
1020 3960 1288 4027 πρόϐατα.

282 4041 403 4133 κδ’.
430 4043 684 4113 Συνῶμεν
710 4047 769 4099 οἳ
800 4048 910 4117 (96)
949 4052 1007 4103 ού
1046 4053 1377 4123 τεθεάμεθα,
1412 4061 1505 4111 καὶ
1556 4063 1620 4130 τῇ
1654 4062 1789 4133 ἀκοῇ

196 4131 324 4183 τῶν
354 4132 861 4206 εὐαγγελιζομένων
912 4144 1136 4212 εἰρήνην
1179 4147 1584 4219 πιστεύσωμεν.
1635 4153 1791 4222 Ἡμῖν

195 4224 323 4293 γάρ
353 4224 495 4276 ότοῦ
527 4226 662 4279 Θεοῦ
696 4228 957 4300 βραχίων,
992 4235 1024 4303 ἡ
1063 4239 1404 4309 παντουργὸς
1434 4242 1597 4294 αὐτοῦ
1631 4243 1790 4296 δύνα-

198 4332 331 4383 μις,
365 4316 787 4374 ἐκκαλύπτεται.
824 4323 1283 4398 Δοξασθησόμεθα
1321 4332 1430 4401 γὰρ
1464 4336 1512 4384 εἰ
1545 4336 1790 4405 συνήσω·

198 4424 338 4475 μεν,
390 4410 483 4462 καὶ
523 4411 727 4481 σφόδρα
769 4413 1235 4488 δοξασθησόμεθα,
1287 4424 1345 4475 ἐν
1395 4426 1642 4500 εὐτελείᾳ.
1694 4428 1792 4498 τὴν

190 4498 376 4561 δόξαν
404 4500 607 4569 Κυρίου
653 4507 1165 4576 κατοπτριζόμενοι,
1202 4512 1295 4564 καὶ
1330 4514 1389 4563 ἐν
1415 4514 1492 4583 τῷ
1518 4498 1790 4580 ἀδοξοῦντι

1892 2024 2018 2079 lium
2061 2026 2203 2079 enim
2254 2035 2446 2080 contra
2492 2026 2814 2095 semetipsos
2860 2026 3116 2089 inierunt,
3167 2027 3256 2096 qui
3288 2041 3457 2096 popu-

1891 2118 1996 2171 lum
2024 2118 2116 2172 Dei
2155 2119 2453 2182 demetunt,
2494 2118 2858 2188 spoliantque,
2904 2134 2969 2174 ac
3028 2120 3222 2189 pedum
3267 2133 3457 2173 eorum

1889 2212 2113 2267 semitas
2162 2211 2501 2281 perturbant.
2553 2209 2643 2264 Vae
2675 2211 2867 2265 anima:
2905 2226 3086 2265 eorum
3114 2226 3133 2263 :
3166 2209 3310 2264 mala
3334 2210 3461 2278 ipsis

1888 2304 2173 2358 secundum
2222 2318 2379 2371 Opera
2450 2303 2683 2369 ipsorum
2745 2304 2993 2369 evenient,
3043 2302 3215 2372 inquit
3265 2302 3455 2358 Isaias.

1887 2397 2194 2463 Caeterum,
2280 2396 2420 2465 quod
2497 2396 2566 2450 ita
2642 2396 2843 2450 factum
2914 2405 3044 2464 est,
3130 2394 3233 2451 hoc
3301 2396 3461 2465 plere

1893 2491 2049 2545 nobis
2077 2506 2351 2543 aerumnas
2402 2488 2647 2555 abstulit,
2683 2498 2981 2557 nostroque
3021 2487 3192 2542 dolori
3223 2488 3461 2542 medica-

1893 2591 2004 2636 tum
2033 2594 2135 2637 est.
2177 2583 2402 2636 Dorsum
2434 2598 2605 2635 meum
2636 2583 2705 2635 ad
2735 2580 2949 2659 ﬂagella
2987 2579 3161 2647 trado,
3192 2589 3244 2634 et
3274 2580 3340 2632 ad
3370 2595 3460 2633 co—

1889 2678 2072 2744 laphos
2112 2674 2379 2737 maxillas,
2430 2684 2480 2728 et
2524 2684 2797 2742 sputorum
2844 2673 3182 2741 opprobrium
3208 2673 3460 2736 sustinui,

1891 2769 1966 2822 ait
2019 2769 2107 2822 ille
2154 2768 2244 2836 qui
2286 2772 2337 2822 iu
2386 2767 2521 2821 Isaia
2557 2767 2768 2821 locutus
2819 2775 2901 2820 est
2929 2766 2995 2818 “.
3038 2766 3163 2819 Ideo
3206 2779 3461 2818 manuum

1892 2876 2133 2914 mearum
2164 2860 2477 2926 figmentum
2504 2858 2708 2926 pudore
2738 2873 2842 2912 non
2873 2857 3159 2922 afficietur,
3200 2871 3306 2910 non
3331 2871 3463 2910 oon-

1893 2951 2169 3005 fuudetur.
2199 2950 2313 3003 Non
2340 2952 2484 3004 enim
2532 2950 2777 3017 rapinam
2828 2948 3128 3002 arbitratus
3172 2962 3291 3002 sum
3341 2960 3464 3001 esse

1894 3056 1979 3097 me
2001 3040 2261 3110 aequalem
2298 3041 2448 3096 Deo:
2498 3041 2591 3096 sed
2643 3055 2764 3095 cmn
2800 3040 2942 3094 Deus
2986 3054 3185 3105 essem,
3223 3040 3464 3108 ejusdem

1894 3151 1957 3190 ac
1983 3134 2144 3190 Pater
2173 3135 2441 3198 essentia},
2502 3132 2762 3201 meipsum
2814 3140 2872 3186 ut
2917 3130 3226 3186 exinanirer
3259 3130 3465 3194 dimisi,

1894 3244 1955 3281 ac
1986 3227 2145 3281 Patre
2174 3226 2247 3279 ita
2299 3228 2414 3281 fieri
2459 3226 2689 3289 volente,
2744 3225 2809 3278 atl
2858 3232 3084 3278 mortem
3133 3237 3230 3293 pro
3286 3221 3468 3292 impiis

1896 3316 2119 3386 dejicior
2146 3317 2215 3372 “.
2253 3316 2384 3370 Nam
2420 3331 2540 3384 qua:
2573 3316 2662 3369 ille
2688 3316 2821 3379 vult,
2850 3314 2971 3370 volo
2995 3322 3050 3369 ct
3069 3329 3197 3385 .ego,
3225 3310 3464 3380 ejusdem

1895 3424 2018 3463 cum
2053 3410 2167 3477 ipso
2202 3407 2497 3462 voluntatis
2549 3407 2839 3469 exsistens,
2890 3406 3182 3474 sociusque
3224 3404 3461 3458 deitatis.

1896 3499 2121 3554 Exaltor
2146 3513 2276 3553 vero
2318 3499 2410 3567 qui
2473 3498 2786 3555 Altissimus
2814 3513 2956 3563 sum,
3012 3499 3245 3551 humana
3293 3496 3346 3550 in
3382 3511 3469 3551 lue

1897 3604 2092 3646 natura
2125 3593 2192 3646 ad
2219 3592 2405 3660 gloria
2435 3591 2653 3646 culmen
2692 3593 2953 3659 perducta
2988 3590 3093 3658 (sic
3118 3588 3263 3643 enim
3289 3598 3468 3658 pater—

1895 3699 2021 3738 nam
2068 3672 2409 3739 dilectionem
2467 3681 2828 3751 commendo),
2874 3689 2932 3745 ut
2986 3694 3118 3735 oves
3165 3694 3317 3744 meas,
3348 3692 3469 3748 quae

1894 3777 2024 3831 mihi
2072 3784 2405 3831 conservata:
2452 3782 2600 3839 sunt,
2650 3774 2911 3845 sanguine
2967 3787 3088 3827 meo
3135 3772 3465 3843 justiflcatte,

1894 3882 2122 3935 meaque
2162 3877 2333 3920 morte
2368 3876 2425 3919 ut
2472 3866 2615 3919 Patri
2668 3864 3093 3920 reconcilientur
3139 3870 3465 3925 consecutae,

1893 3959 2002 4014 vita
2032 3960 2234 4023 vivant,
2264 3960 2506 4026 meisque
2529 3959 2630 4011 sub
2658 3959 2850 4025 pennis
2876 3956 3287 4025 conquiescant.

1963 4050 2052 4105 24.
2087 4050 2453 4119 lntelligamus
2501 4064 2622 4113 nos,
2668 4050 2756 4117 qui
2790 4052 2983 4101 harum
3032 4063 3210 4101 rerum
3257 4056 3469 4115 specta-

1895 4151 2040 4198 tores
2070 4157 2173 4196 non
2211 4140 2432 4204 fuimus,
2466 4154 2761 4209 pacemque
2780 4140 3223 4194 annuntiautium
3258 4139 3466 4193 auditui

1892 4237 2200 4290 credamus.
2240 4232 2407 4288 Nobis
2462 4232 2603 4286 enim
2655 4232 2746 4286 Dei
2800 4232 3101 4294 brachium,
3153 4246 3248 4285 seu
3285 4245 3467 4284 rerum

1891 4328 2132 4381 onmium
2159 4324 2403 4379 effectrix
2431 4322 2695 4391 potentia,
2742 4323 3016 4377 reveletur
3044 4323 3108 4374 δ’.
3146 4321 3280 4375 Dum
3313 4335 3467 4374 nam-

1891 4431 1996 4485 que
2028 4415 2473 4479 iutellexeriutus,
2522 4413 2967 4477 clariticabimur,
3016 4427 3079 4467 ac
3106 4412 3321 4481 quidem
3348 4427 3465 4463 am-

1894 4508 2136 4577 plissimo
2158 4506 2394 4569 cumulo,
2437 4504 2646 4559 Domini
2667 4505 2968 4559 claritatem
2990 4505 3041 4558 in
3063 4502 3466 4573 ipsius'vilitate

191 4590 346 4642 εῖδει
377 4593 763 4658 κατανοοῦντες
783 4597 881 4667 τὴν
912 4598 1050 4670 ὑπὲρ
1083 4600 1205 4655 νοῦν
1237 4603 1573 4675 ὡραιότητα.
1606 4608 1667 4660 Εἰ
1697 4610 1788 4662 καὶ
1822 4635 1863 4688 D
1894 4600 2035 4655 νθιιιῑ
2065 4600 2116 4653 ill
2151 4597 2368 4667 Speculo
2398 4597 2827 4666 οοηῑθίηριθηιθε
2866 4597 2952 4651 ui
2996 4605 3052 4650 ει
3083 4596 3139 4649 in
3189 4610 3250 4650 ea
3280 4596 3465 4663 δΡθθῘθ

190 4682 454 4736 πέπονθε
504 4685 611 4755 γάρ
644 4687 702 4751 ἐξ
742 4688 1049 4754 ἀσθενείας,
1096 4692 1231 4745 ἀλλα
1286 4698 1351 4765 ζῇ
1394 4697 1457 4749 ἐκ
1508 4699 1789 4769 δυνάμεως

186 4770 371 4826 Θεοῦ.
404 4773 467 4826 Ei
507 4775 803 4845 καθορᾶται
828 4780 919 4831 ἐπὶ
950 4781 1108 4849 ξύλου
1142 4787 1508 4855 κρεμάμενος,
1546 4789 1788 4859 ἁκαλλής

184 4882 258 4918 τε
301 4865 405 4917 καὶ
433 4864 615 4929 ἄδοξος
641 4871 790 4937 παρὰ
821 4870 1025 4935 πάντας
1048 4874 1316 4929 ἐκλείπων
1348 4878 1474 4941 τοὺς
1504 4882 1651 4943 υἱοὺς
1679 4882 1788 4933 τῶν

184 4956 304 5009 ἀνθ
316 4956 540 5025 ρώπων,
567 4957 681 5009 ἀλλ’
710 4960 871 5015 αὑτός
897 4964 1012 5015 ἐστι
1044 4964 1105 5016 τὸ
1129 4964 1228 5033 τῆς
1247 4965 1404 5037 δόξης
1424 4969 1785 5041 ἀπαύγασμα,

181 5049 216 5102 ὃ
256 5045 460 5118 ὁρῶσα
514 5049 752 5119 ᾐσχύνθη
789 5053 901 5121 (97)
943 5056 975 5123 ή
1008 5055 1080 5124 γῆ
1113 5058 1204 5108 καὶ
1249 5057 1567 5129 ἐπένθησεν.
1605 5054 1774 5124 Οὗτος

183 5141 304 5201 τὰς
362 5140 637 5209 ἁμαρτίας
666 5143 823 5212 ἡμῶν
850 5144 939 5196 ἐπὶ
965 5146 1024 5196 τὸ
1054 5146 1209 5211 ξύλον
1241 5150 1532 5219 ἀνήνεγκε.
1564 5153 1657 5204 καὶ
1685 5154 1776 5206 τὸν

183 5231 487 5301 ἡμέτερον
516 5230 719 5301 ἤλγησε
750 5234 1011 5301 μώλωπα,
1037 5239 1130 5290 καὶ
1158 5242 1281 5309 περὶ
1313 5242 1469 5311 ήμῶν
1508 5244 1785 5310 ὀδυνᾶται,

182 5323 299 5375 καὶ
359 5321 612 5392 πληγὴν,
662 5324 754 5375 καὶ
809 5328 987 5392 πόνον,
1040 5332 1134 5381 καί
1163 5332 1405 5386 κάκωσιν
1443 5336 1661 5403 ἤνεγκε,
1694 5339 1793 5405 τῆς

268 5472 462 5551 ﬂ-lsa.
492 5477 699 5551 ξιιμ-ξ’).
738 5476 864 5551 Viti.
894 5478 1113 5535 llieron.
1152 5483 1205 5536 in
1240 5499 1358 5551 cap.
1397 5502 1469 5539 χιι
1497 5485 1653 5541 Osee.

182 5563 272 5605 ιχ,
313 5545 377 5619 ε’.
488 5545 534 5575 ιε
560 5546 687 5619 ibid.
782 5547 823 5577 ³⁷
853 5550 952 5603 lsa.
986 5566 1095 5615 ui,
1130 5545 1353 5617 ι;ι,ιιὶε.
1388 5572 1459 5619 ιν,
1499 5559 1585 5618 is,
1624 5559 1710 5612 te.

180 5616 800 5686 ticulisiconeinnatus,
836 5634 918 5685 ιιι,
974 5621 1061 5686 10,
1101 5622 1186 5677 ll.

180 5704 325 5747 λιιι,
364 5685 451 5737 12.
530 5684 576 5714 ν’
601 5685 729 5739 ibid.
761 5687 814 5739 4.

265 5818 405 5883 (95)
445 5818 510 5890 ii.
545 5829 599 5873 et
626 5819 776 5873 Colb.
804 5822 1115 5890 ἀποπνίγει.

266 5892 403 5959 ιυϋ)
446 5888 508 5945 ιι,
538 5891 713 5945 τοίνυν
747 5892 812 5945 οἵ.

1764 5490 1925 5542 “Job
1954 5506 2041 5555 XL,
2074 5488 2160 5551 19,
2193 5488 2281 5542 20.

1812 5560 1853 5590 ³⁸
1883 5559 2009 5613 Luc.
2049 5575 2085 5621 ι,
2118 5560 2207 5623 78,
2240 5559 2330 5612 79.

1260 5626 1300 5658 ⁸ο
1334 5626 1433 5680 lsa.
1470 5644 1517 5693 1.,
1565 5629 1595 5680 6
1629 5643 1737 5683 sec.
1768 5627 1929 5683 LXX.

1897 4704 2016 4759 quae
2044 4704 2187 4743 nunc
2220 4688 2272 4741 in
2304 4686 2476 4757 gloria
2506 4695 2609 4748 est,
2642 4685 3097 4753 pulchritudinem
3127 4685 3274 4739 omni
3301 4699 3461 4739 sensu

1896 4782 2226 4851 superiorem
2252 4778 2699 4846 contemplantes.
2758 4776 2893 4831 Nam
2931 4778 3030 4831 etsi
3068 4791 3259 4845 passus
3282 4784 3366 4831 est
3397 4790 3466 4829 ex

1896 4872 2227 4937 infirmitate,
2265 4870 2396 4923 vivit
2444 4878 2623 4922 tamen
2663 4884 2728 4921 ex
2763 4869 2965 4923 virtute
3012 4868 3105 4922 Dei
3134 4867 3201 4920 “.
3231 4866 3294 4920 Et
3327 4869 3370 4921 si
3405 4867 3459 4922 itt

1897 4962 2039 5032 ligno
2082 4962 2341 5016 deformis
2393 4959 2744 5029 abjectusque
2818 4975 2928 5029 prae
2985 4960 3108 5014 filiis
3156 4960 3459 5027 hominum,

1895 5071 2187 5126 suspensus
2220 5057 2493 5120 cernitur;
2532 5066 2585 5107 at
2622 5058 2878 5123 splendor
2920 5063 3003 5109 est
3040 5063 3277 5124 paternae
3303 5056 3466 5109 clari-

1898 5152 2043 5214 tatis,
2096 5163 2256 5218 quem
2310 5158 2453 5201 terra
2513 5148 2699 5201 videns
2748 5146 2942 5200 aﬂ'ecta
2984 5148 3191 5214 pudore
3229 5146 3352 5209 fuit,
3391 5162 3457 5199 ac

1898 5244 2100 5298 luctum
2130 5241 2260 5309 egit.
2299 5239 2396 5294 Hic
2429 5249 2644 5307 peccata
2672 5249 2857 5293 nostra
2890 5253 3052 5307 super
3091 5239 3293 5306 lignum
3317 5238 3460 5301 tulit,

1906 5346 2197 5405 nostroque
2248 5334 2467 5389 vulnere
2522 5333 2709 5397 doluit,
2740 5350 2801 5387 ac
2848 5348 2945 5401 pro
2984 5332 3139 5387 nobis
3190 5334 3464 5388 cruciatus

2361 5486 2524 5540 “Joh
2550 5503 2641 5550 xx,
2674 5486 2758 5540 16.
2861 5497 2878 5516 ⁴
2904 5501 3003 5541 isa.
3034 5502 3111 5548 Ix,
3142 5503 3195 5541 ι).
3274 5486 3319 5518 ³⁸
3354 5486 3455 5539 lsa.

2434 5557 2477 5587 ³⁵
2504 5556 2678 5612 Locus
2744 5568 2829 5611 est
2869 5572 2932 5609 ex
2964 5557 3127 5612 variis
3163 5557 3311 5612 Isaiae
3333 5570 3458 5612 Dar-

2045 5629 2085 5659 “
2112 5631 2340 5699 Philipp.
2376 5642 2437 5691 ιι,
2462 5627 2560 5681 5-8
2699 5629 2743 5657 "
2766 5625 2864 5680 lsa.
2912 5641 3029 5691 Lm,
3064 5627 3116 5681 1.
3218 5625 3299 5679 ⁸³1
3330 5624 3456 5679 Cor.

1968 5827 2078 5898 (97)
2121 5829 2184 5885 li.
2221 5830 2457 5903 ἐσείσθη.
