4202 6496
238 428 347 489 625

1230 426 1555 486 HOMILIA
1598 428 1678 487 IN
1722 429 2121 491 SABBATUM
2163 432 2511 523 SANC't‘UM

3399 430 3503 490 6‘26

237 533 336 586 καὶ
386 533 415 585 6
451 532 687 603 Χριστὸς
733 533 793 586 ἐν
836 534 993 604 τάφῳ
1040 534 1407 601 καλύπτεται,
1448 540 1812 610 νεκρούμενος

1918 545 2156 605 abditus,
2196 545 2259 596 ad
2294 522 2518 597 mortem
2549 553 2859 611 exponitur,
2895 553 3056 613 atque
3083 557 3113 596 a
3141 540 3325 612 regina
3356 541 3498 597 reci-

242 624 343 692 μὲν
374 623 740 707 σωματικῶς,
784 623 919 693 πρὸς
948 624 1004 677 δὲ
1047 624 1148 694 τῆς
1180 626 1386 689 οἰκείας
1431 626 1685 697 θεότητος
1718 629 1818 699 τῆς

239 715 635 797 βασιλευούσης
659 717 859 788 «πάσης
892 717 993 787 τῆς
1025 717 1257 781 κτίσεως
1306 720 1442 790 πρὸς
1483 721 1627 792 ζωὴν
1662 717 1817 785 αὖθις

236 806 531 876 ἁνάγεταὶ.,
561 809 676 862 Οὐκ
720 809 884 872 αὐτὸς
910 808 966 862 δὲ
1005 807 1168 861 πάλιν
1205 809 1415 879 Μωσῆς
1448 809 1627 881 ῥάϐδῳ
1668 810 1818 863 παίει

235 896 343 965 τὴν
366 896 663 961 Θάλασσαν,
695 898 790 950 καὶ
818 897 896 967 τῷ
923 897 1096 968 διπλῷ
1127 899 1227 969 τῆς
1260 899 1476 969 πληγῆς
1495 939 1510 963 ,
1543 900 1620 970 τῷ
1650 900 1817 970 ὀρθίῳ

238 988 339 1039 καὶ
364 988 642 1059 ἐγκαρσίῳ
671 987 764 1041 τοῦ
793 988 1029 1061 σταυροῦ
1060 990 1253 1059 μηνύει
1282 991 1342 1042 τὸ
1366 991 1660 1061 πρόσχημα
1682 1032 1696 1057 ,
1725 993 1819 1045 καὶ

239 1080 381 1147 πρὸς
410 1080 501 1132 τὸν
540 1079 700 1149 βυθὸν
733 1079 978 1145 κάτεισι,
1010 1079 1108 1152 τὴν
1142 1082 1280 1152 πρὸς
1316 1082 1407 1134 τὸν
1447 1082 1580 1153 ᾅδην
1607 1084 1818 1147 δεικνὺς

237 1170 339 1223 τοῦ
371 1170 625 1241 εωτῑιρος,
647 1171 949 1227 κατάϐασιν
983 1172 1059 1242 (2)
1082 1211 1097 1237 ,
1128 1172 1225 1226 καὶ
1254 1175 1474 1227 οανατοί
1498 1174 1698 1245 Φαραὼ
1727 1175 1818 1228 τὸν

237 1261 505 1315 διώκοντα
524 1304 538 1328 ,
571 1264 665 1315 καὶ
696 1262 860 1327 σώζει
896 1262 987 1316 τὸν
1026 1262 1277 1334 Ἰσραήλς
1320 1264 1475 1318 Ἐπεὶ
1507 1267 1603 1319 καὶ⁵
1630 1267 1658 1318 6
1682 1267 1816 1336 Χρι-

239 1354 370 1415 στὸς
410 1353 722 1409 ἐθανάτωσε
769 1356 870 1426 μὲν
901 1355 993 1408 τὸν
1035 1355 1287 1422 θάνατον,
1323 1357 1482 1422 σώζει
1513 1358 1568 1410 δὲ
1608 1358 1817 1421 πάντας

233 1446 369 1508 τοὺς
416 1448 495 1504 είς
544 1446 707 1499 αὑτὸν
754 1448 1129 1512 πιστεύοντας.
1178 1449 1311 1511 Ταῖς
1362 1448 1418 1502 δὲ
1462 1448 1573 1503 τῶν
1618 1450 1816 1519 χειρῶν

236 1536 533 1597 ὲκτάσεσι,
568 1537 787 1605 τρέπων
836 1538 937 1606 μὲν
979 1538 1073 1591 τὸν
1116 1538 1383 1609 Ἀμαλὴκ,
1418 1542 1816 1611 τροπαιοφόρον

233 1627 296 1681 δὲ
341 1630 432 1681 τὸν
490 1629 707 1699 Ἰσραὴλ
736 1631 1137 1701 ἐργαζόμενος,
1176 1631 1236 1683 τὸ
1277 1630 1410 1685 αὐτὸ
1453 1632 1815 1702 προεμφαίνει

234 1722 333 1775 τοῦ
368 1723 621 1793 Σωτῆρος
647 1728 966 1795 μυστήριον.
999 1724 1276 1793 Ἐξίστησί
1304 1743 1410 1794 μου
1440 1726 1532 1778 τὸν
1563 1726 1686 1778 νοῦν
1720 1725 1815 1779 καὶ

231 1812 301 1865 τὸ
330 1814 421 1865 τοῦ
458 1818 630 1885 μάννα
663 1817 983 1889 παράδοξον.
1019 1816 1229 1885 Ὥσπερ
1253 1818 1361 1887 γὰρ
1392 1798 1458 1887 τῇ
1485 1817 1693 1887 ἑσπέρᾳ.
1717 1817 1811 1870 τοῦ

1926 635 2174 704 pitur”?
2207 635 2295 688 Sic
2329 648 2383 689 et
2431 635 2683 689 Christus
2724 635 2777 687 in
2834 635 3089 703 sepulcro
3152 633 3493 696 reconditur,

1920 737 2170 782 mortuus
2200 727 2439 797 quidem,
2471 728 2515 779 si
2547 740 2745 795 corpus
2774 738 3019 794 spectes;
3069 734 3124 779 at
3148 724 3379 794 propria:
3409 724 3493 776 di-

1920 820 2167 875 vinitatis
2226 828 2535 875 creatorum
2590 820 2833 873 omnium
2889 819 3089 887 regina;
3118 815 3388 885 potentia,
3428 814 3494 867 ad

1923 912 2087 966 vitam
2119 919 2427 965 revocatur.
2459 907 2650 965 Nonne
2706 910 2847 964 idem
2894 922 3082 963 rursus
3125 906 3302 960 Moses
3345 918 3496 957 mare

1918 1006 2069 1076 virga
2098 1006 2425 1075 percutiens,
2440 1003 2639 1073 duplici
2668 1004 2800 1070 ictu,
2824 1014 2976 1059 recto
3008 1016 3203 1068 nempe
3230 1010 3284 1054 et
3310 1009 3493 1053 trans-

1922 1111 2095 1161 verso,
2122 1096 2303 1151 crucis
2345 1097 2569 1166 ﬁguram
2620 1104 2981 1164 repraesentat
3012 1094 3091 1147 ἠ
3123 1092 3411 1149 Descendit
3439 1090 3493 1142 in

1918 1185 2269 1254 profundum,
2300 1184 2602 1241 Salvatoris
2626 1186 2692 1239 ad
2723 1182 2927 1240 inferos
2950 1185 3272 1240 descensum
3296 1191 3490 1237 osten-

1922 1278 2079 1340 dens,
2132 1278 2362 1345 necique
2418 1278 2585 1332 tradit
2636 1275 2979 1331 Pharaonem
3014 1276 3397 1339 insectantem,
3439 1280 3497 1326 et

1917 1368 2147 1424 salutem
2201 1366 2381 1422 Israeli
2433 1368 2650 1421 asserit.
2668 1366 2803 1420 Nam
2840 1375 2896 1420 et
2932 1366 3183 1421 Christus
3209 1370 3491 1433 perempta

1921 1468 2113 1525 morte,
2142 1460 2195 1513 in
2229 1474 2287 1514 se
2314 1460 2600 1513 credentes
2646 1458 2875 1514 omnino
2924 1456 3103 1512 salvos
3156 1456 3303 1509 facit.
3354 1454 3491 1510 Cum

1918 1552 2048 1603 item
2084 1564 2341 1604 manuum
2376 1549 2717 1614 extensione,
2760 1548 3021 1602 Amalech
3062 1548 3115 1601 in
3156 1546 3336 1617 fugam
3365 1560 3492 1598 ver-

1915 1644 1983 1695 tit
2002 1642 2070 1707 ”,
2096 1641 2389 1712 lsraelique
2414 1651 2614 1710 tropaea
2637 1648 2811 1708 parat,
2842 1640 2941 1693 hac
2972 1641 3086 1710 ipsa
3112 1653 3169 1693 re
3193 1635 3494 1691 Salvatoris

1917 1734 2236 1806 mysterium
2280 1740 2689 1804 praemonstrat.
2739 1732 2881 1798 Quin
2934 1741 2991 1787 et
3032 1741 3310 1799 stuporem
3361 1726 3492 1781 mihi

1917 1827 2094 1895 injicit
2147 1825 2467 1880 admirabile
2514 1838 2729 1879 manna:
2780 1824 3185 1880 sacramentum
3233 1823 3301 1878 ”.
3340 1820 3495 1876 Sicut
3576 1832 3579 1835 '

234 1906 521 1959 Σαϐϐάτω
568 1908 730 1976 μόνον
775 1908 1076 1979 ἐκρύπτετο
1144 1908 1315 1973 οὕτως
1357 1909 1563 1979 Ἰησοῦς
1608 1912 1637 1964 6
1684 1911 1812 1980 ὲμὺς

1918 1920 2063 1973 enim
2088 1918 2308 1973 Sabbati
2358 1920 2624 1972 duntaxat
2673 1932 2898 1985 vespere
2952 1916 3383 1979 recondebatur,
3415 1913 3490 1967 ita

233 1998 406 2061 Θεὸς,
439 1999 532 2051 καὶ
564 1998 630 2052 δι’
660 2000 762 2068 ἐμὲ
799 2001 1118 2072 ἄνθρωπος,
1156 2001 1293 2066 ὅλως
1326 2002 1675 2072 γλυκασμὸς,
1722 2004 1815 2055 καὶ

231 2089 375 2153 ὅλως
392 2092 674 2161 ἐπιθυμία,
698 2096 755 2145 ἐν
780 2094 858 2163 τῷ
880 2094 1022 2146 τέλει
1047 2095 1148 2163 τῆς
1176 2094 1536 2165 Παρασκευῆς
1562 2094 1640 2165 τῷ
1661 2096 1816 2167 τάφῳ

230 2180 595 2249 καλύπτεται.
643 2185 827 2237 ἰωνᾶν
853 2185 940 2249 δὲ,
975 2187 1075 2237 οὐκ
1103 2186 1264 2249 αὐτὸς
1307 2189 1335 2239 ὁ
1383 2186 1585 2258 Κύριος
1619 2186 1813 2239 ἑαυτοῦ

232 2276 617 2345 προηγόρευσε
669 2276 877 2342 τύπον;
923 2277 1149 2346 Ὥσπερ
1192 2278 1325 2347 γὰρ,
1370 2280 1555 2348 φησὶν,
1622 2277 1815 2346 Ἰωνᾶς

227 2365 529 2431 ἐποίησεν
554 2368 623 2419 ἐν
659 2366 733 2434 τῇ
775 2370 973 2435 κοιλίᾳ
1018 2368 1121 2422 τοῦ
1152 2370 1375 2435 κήτους
1409 2370 1563 2438 τρεῖς
1590 2370 1815 2440 ἡμέρας

232 2455 338 2507 καὶ
367 2456 522 2523 τρεῖς
543 2460 788 2525 νύκτας,
817 2459 1003 2525 οὕτως
1031 2459 1108 2531 (5)
1139 2458 1236 2512 δεῖ
1270 2460 1367 2515 καί
1403 2464 1509 2517 τὸν
1546 2463 1681 2515 Υιὸν
1708 2463 1812 2518 τοῦ

228 2547 552 2613 ἀνθρώπου
599 2548 849 2616 ποιῆσαι
878 2551 948 2604 ἐν
990 2549 1066 2620 τῇ
1111 2550 1323 2620 καρδίᾳ
1362 2551 1470 2621 τῆς
1506 2554 1618 2624 γῆς
1659 2556 1814 2623 τρεῖς

233 2634 482 2703 οῃιέριις,
513 2637 611 2689 καὶ
645 2638 803 2705 τρεῖς
826 2640 1071 2705 νύκτας.
1252 2660 1257 2663 ·

313 2755 423 2812 κς’.
481 2748 615 2801 Ἀλλ’
668 2751 783 2818 ἐρεῖ
825 2766 942 2812 τις·
1004 2751 1071 2803 Et
1118 2753 1184 2821 τῇ
1236 2751 1563 2825 Παρασκευῇ
1604 2754 1678 2823 (ι)
1724 2754 1814 2807 τὸν

231 2842 485 2895 ἑκούσιον
531 2841 921 2911 ύπομεμένηκε
975 2842 1234 2907 θάνατον,
1274 2844 1475 2897 άνεόίω
1514 2862 1569 2895 τε
1602 2848 1665 2915 τῇ
1715 2848 1814 2917 μιᾷ

232 2934 351 2985 τῶν
380 2932 692 2995 Σαὸὅάτων,
727 2934 843 2996 πῶς
890 2933 1195 3001 σωθήσεται.
1237 2936 1298 2987 τὸ
1337 2938 1485 3005 τρεῖς
1516 2935 1715 2998 νύκτας
1745 2940 1811 3007 τῇ

230 3026 437 3095 καρδία
485 3025 817 3095 ἐνδιατρίψαι
874 3026 973 3092 τῆς
1035 3030 1167 3095 ﬂe;
1233 3026 1391 3079 Ἀλλὰ.
1442 3030 1549 3097 γὰρ
1616 3032 1814 3082 οίᾷτωσὶ

230 3120 377 3187 πρὸς
410 3119 557 3186 ἡμᾶς
590 3134 755 3186 φησιν
788 3118 817 3167 6
866 3117 1007 3178 θεῖος
1048 3118 1253 3183 Μωσῆς
1276 3158 1290 3182 ,
1324 3118 1399 3182 ώς
1457 3121 1508 3171 '0
1537 3120 1712 3186 Θεὸς,
1748 3119 1815 3173 τὸ

225 3211 350 3279 μὲν
366 3208 489 3276 φῶς
510 3209 808 3263 ἐκάλεσεν
833 3209 1078 3278 ἡμέραν,
1113 3210 1180 3261 τὸ
1209 3209 1275 3261 δὲ
1309 3212 1530 3277 σκότος
1556 3212 1813 3264 ἐκάλεσε

228 3305 453 3358 νύκτα.
518 3303 939 3372 Ἀναρτηϐἐντος
985 3302 1167 3355 τοίνυν
1220 3301 1314 3353 τοῦ
1363 3303 1568 3373 Κυρίου
1624 3305 1680 3358 ὲν
1734 3303 1810 3374 τῷ

227 3395 491 3465 ἁχράντῳ
538 3393 756 3463 σταυρῷ
781 3436 794 3457 ,
833 3393 1023 3456 σκότος
1048 3394 1129 3461 ἐφ’
1168 3394 1297 3463 ὃλην
1341 3394 1440 3463 τὴν
1484 3394 1811 3465 οίκουμένην

228 3488 454 3556 ἐγένετο
473 3525 487 3550 ,
521 3488 580 3538 οὺ
606 3488 798 3554 νέφους
823 3485 1281 3555 ὲπιπροσθοῦντος
1297 3527 1312 3549 ,
1345 3486 1438 3539 καὶ
1460 3487 1557 3557 τὴν
1580 3486 1811 3557 ἡλιακὴν

226 3582 433 3654 ἀκτῖνα
472 3578 839 3641 καλύπτοντος
865 3619 878 3642 ,
926 3579 988 3631 ού
1021 3578 1116 3630 τού
1170 3578 1493 3648 σεληνιακοῦ
1521 3579 1598 3647 (5)
1646 3581 1809 3648 τειχί-

224 3671 420 3736 ζοντος
472 3670 753 3741 σώματος,
788 3670 976 3740 ὥσπερ
1028 3669 1175 3732 τινὸς
1221 3670 1668 3740 διαφράγματος,
1719 3671 1812 3723 καὶ

223 3763 333 3832 τὴν
362 3762 553 3832 αἴγλην
576 3763 651 3824 ὡς
681 3762 828 3831 ἡμᾶς
858 3761 1079 3831 φθάνειν
1105 3762 1177 3831 μὴ
1211 3762 1638 3830 συγχωροῦντος
1670 3761 1813 3815 οὕτω

224 3856 344 3924 γὰρ
370 3854 468 3917 τὰς
500 3855 729 3923 ἡλιακὰς
761 3853 1031 3921 ἐκλείψεις
1072 3855 1121 3905 οί
1152 3854 1281 3922 περὶ
1319 3853 1490 3905 ταῦτα
1520 3854 1681 3907 δεινοὶ
1711 3855 1811 3922 φά-

225 3964 427 4000 σκουσι
458 3946 758 4014 γίγνεσθαι·
787 3944 923 3998 ἀλλά
951 3944 1175 4007 σκότους
1205 3944 1425 4015 ἁπάσης
1462 3945 1814 4015 κατασχεθεί-

222 4056 335 4107 σης
370 4039 446 4108 (6)
494 4040 595 4108 τῆς
642 4040 783 4109 γῆς,
825 4039 919 4092 τοῦ
974 4037 1298 4108 ψηλαφήτου
1352 4040 1449 4107 τῆς
1499 4039 1812 4106 Αἰγυπτίων

220 4134 450 4202 πληγῆς
492 4134 611 4185 λίαν
644 4134 1044 4203 ἀμαυροτέρου.
1089 4133 1239 4202 Αὕτη
1272 4133 1380 4202 γὰρ
1416 4134 1449 4202 ἡ
1491 4129 1813 4201 πηγάζουσα

219 4228 325 4281 τοῦ
376 4226 600 4296 ἡλιακοῦ
654 4226 907 4296 σώματος
952 4228 1253 4297 φωτιστικὴ
1295 4225 1507 4291 ἐξέλιπε
1562 4224 1809 4295 δύναμις.

224 4319 385 4372 Ἔδει
420 4319 529 4385 γὰρ
566 4318 657 4369 τὸν
698 4316 792 4369 τοῦ
831 4317 1182 4388 Δημιουργοῦ
1224 4317 1538 4387 σωματικὸν
1582 4316 1812 4369 θάνατον

221 4412 415 4463 πᾶσαν
460 4408 725 4477 πενθῆσαι
772 4410 870 4477 τὴν
918 4408 1117 4462 κτίσιν.
1159 4409 1251 4460 Διὸ
1302 4408 1397 4459 καὶ
1450 4408 1478 4457 6
1536 4408 1814 4477 προφήτης

195 4502 386 4569 ,φησί’
432 4501 676 4551 Δύσεταο
741 4502 772 4550 ό
811 4497 983 4564 ἣλιος
1012 4498 1383 4573 μεσημϐρίας
1419 4497 1496 4565 (7)
1523 4536 1535 4559 ,
1572 4498 1668 4547 καὶ
1701 4514 1812 4549 συ-

1916 2010 2075 2065 Jesus
2110 2008 2254 2063 Deus
2287 2022 2463 2072 meus,
2496 2007 2711 2077 meique
2745 2021 2909 2063 causa
2953 2006 3130 2060 factus
3167 2006 3349 2071 homo,
3374 2018 3491 2057 mea

1919 2112 2061 2156 tetus
2098 2099 2347 2164 dulcedo,
2381 2106 2635 2168 totusque
2667 2099 2959 2168 cupiditas,
2997 2082 3068 2152 in.
3095 2097 3201 2150 ﬁne
3224 2097 3485 2150 Parasce—

1920 2207 2014 2248 ves
2043 2192 2294 2261 sepulcro
2333 2192 2555 2260 tegitur.
2606 2190 2746 2257 Quid
2797 2205 2962 2259 porro
3013 2188 3248 2244 Jonam?
3307 2200 3491 2241 nonne

1918 2285 2181 2339 Dominus
2237 2284 2353 2352 ipse
2384 2283 2464 2337 sui
2517 2281 2670 2336 illum
2734 2281 2960 2352 ﬁguram
3013 2293 3202 2350 gerere
3238 2290 3493 2347 praenun-

1919 2377 2117 2431 tiavit?
2147 2376 2297 2431 Sicut
2325 2376 2467 2430 enim
2498 2374 2689 2441 Jonas,
2731 2373 2926 2442 inquit,
2964 2384 3066 2425 (res
3128 2371 3238 2423 dies
3292 2386 3355 2421 ac
3382 2376 3486 2422 tres

1916 2478 2089 2521 nocte:
2121 2468 2223 2535 egit
2254 2467 2308 2521 in
2338 2476 2509 2520 ventre
2530 2468 2670 2530 ceti;
2701 2466 2779 2519 sic
2810 2465 2907 2518 erit
2934 2462 3109 2517 Filius
3140 2461 3368 2515 hominis
3392 2460 3492 2515 tri-

1917 2558 2013 2612 bus
2036 2558 2218 2629 diebus
2248 2568 2299 2613 et
2330 2560 2495 2613 tribus
2523 2558 2762 2612 noctibus
2789 2558 2841 2610 in
2867 2558 3024 2611 corde
3066 2565 3221 2610 terra:
3247 2555 3312 2609 ".

1986 2757 2155 2828 826
2188 2753 2281 2810 26.
2315 2753 2514 2809 Verum
2548 2754 2692 2809 dicet
2722 2753 2968 2822 aliquis:
3012 2749 3067 2804 Si
3103 2750 3154 2802 in
3188 2747 3495 2803 Parasceve

1915 2849 2275 2905 voluntariam
2306 2856 2538 2901 mortem
2562 2846 2748 2909 subiit,
2787 2843 3092 2911 revixitque
3127 2856 3233 2895 una
3281 2838 3490 2895 Sabba-

1920 2949 2124 3007 torum,
2161 2940 2433 3010 quomodo
2461 2939 2731 2993 cons1abit
2754 2952 2875 2991 eum
2908 2936 3026 2989 dies
3060 2944 3171 2988 tres
3213 2948 3277 2988 ac
3306 2940 3495 2987 noctes

1920 3044 2029 3087 tres
2055 3033 2231 3101 egisse
2255 3032 2308 3086 in
2336 3031 2499 3085 corde
2527 3029 2724 3083 terrae?
2774 3027 2846 3083 At
2895 3041 3025 3081 vero
3054 3025 3269 3079 divinus
3317 3023 3496 3079 Moses

1916 3125 2059 3180 hunc
2082 3126 2134 3179 in
2164 3124 2381 3179 modum
2408 3138 2507 3181 nos
2536 3122 2867 3191 alloquitur:
2899 3120 3059 3191 ,Deus
3089 3119 3258 3172 lucem
3283 3116 3495 3186 quidem

1919 3216 2363 3286 appellavit'diem
2387 3232 2406 3280 ;
2426 3214 2662 3268 tenebras
2690 3222 2865 3265 autem
2896 3209 3175 3278 appellavit
3204 3218 3405 3261 noctem
3422 3204 3491 3263 ⁸⁷.

1840 3281 1880 3337 C
1916 3307 2081 3377 Igitur
2106 3306 2337 3361 Domino
2360 3306 2413 3359 in
2446 3315 2688 3361 sanetam
2736 3317 2957 3357 crucem
2988 3301 3223 3363 sublato,
3251 3299 3491 3353 tenebra:

1909 3400 2066 3454 facta:
2095 3408 2220 3453 sunt
2254 3412 2419 3467 super
2461 3398 2770 3451 universam
2804 3396 2851 3426 ⁵⁸
2879 3404 3101 3457 tet-ram,
3134 3407 3242 3446 non
3275 3391 3489 3460 objecta

1911 3491 2053 3545 nube
2079 3490 2259 3558 aliqua
2296 3504 2418 3559 quae
2441 3489 2613 3544 solem
2635 3488 2947 3557 obtegeret;
3001 3500 3109 3539 non
3152 3484 3327 3538 lunari
3366 3496 3493 3537 cor-

1911 3597 2045 3652 pore
2103 3591 2362 3649 tanquatn
2412 3594 2566 3634 muro
2620 3580 2876 3649 quopiam
2922 3587 3201 3645 autsepto
3260 3576 3495 3629 interce-

1910 3674 2096 3739 dente,
2135 3687 2199 3727 ac
2227 3672 2358 3727 solis
2387 3671 2733 3741 Splendorem
2767 3671 2833 3724 ad
2883 3684 2982 3724 nos
3018 3669 3279 3722 accedere
3310 3664 3494 3736 prohi-

1912 3767 2075 3819 bente
2134 3766 2227 3833 (ita
2289 3765 2435 3819 enim
2492 3765 2621 3819 solis
2676 3764 3009 3818 defectiones
3066 3762 3256 3815 liarutn
3308 3772 3491 3812 rerum

1913 3859 2067 3928 periti
2101 3858 2215 3911 ﬁeri
2252 3858 2499 3925 docent),
2532 3858 2625 3911 sed
2657 3864 2880 3919 terram,
2918 3862 3121 3925 quanta
3150 3861 3231 3907 est
3254 3850 3491 3908 tenebris

1910 3950 2327 4018 occupantibus.
2356 3950 2513 4019 longe
2538 3964 2700 4019 quam
2752 3950 2933 4002 densae
2973 3946 3077 4001 illa:
3105 3945 3300 4015 quibus
3327 3942 3492 4013 IEgy-

1914 4050 2039 4109 ptus
2064 4038 2319 4109 percussa
2350 4048 2453 4102 est,
2486 4038 2928 4093 obscurioribus.
2972 4037 3091 4106 Ipsa
3116 4038 3262 4091 enim
3296 4035 3490 4090 solaris

1914 4131 2159 4199 corporis
2186 4130 2399 4184 lucendi
2424 4130 2505 4183 vis
2533 4144 2663 4184 suos
2694 4130 2759 4183 ad
2803 4144 2902 4183 nos
2930 4143 3101 4197 usque
3144 4128 3326 4181 radios
3353 4141 3483 4196 pro-

1916 4222 2142 4276 l‘undens
2169 4220 2389 4276 defecit.
2408 4220 2844 4275 Consentaneum
2867 4220 3011 4274 enim
3032 4228 3171 4283 erat,
3191 4220 3488 4274 conditoris

1917 4326 2145 4367 mortem
2194 4327 2535 4380 corpoream,
2586 4327 2766 4366 rerum
2831 4314 3103 4365 omniunr
3142 4312 3521 4365 conditarum“

1915 4403 2056 4455 luctu
2107 4404 2463 4471 frequentari.
2524 4402 2787 4468 Quocirca
2840 4404 3002 4455 etiam
3056 4403 3132 4454 ait
3178 4402 3481 4469 propheta:

1919 4492 2128 4546 Occidet
2159 4494 2237 4545 sol
2263 4495 2316 4545 in
2353 4494 2588 4557 meridie,
2620 4504 2667 4546 et
2698 4493 3086 4545 obtenebrascet
3118 4494 3171 4543 in
3197 4492 3283 4543 die
3309 4490 3479 4545 lux".

219 4590 515 4647 σκοτὰσει
544 4590 613 4642 ἑν·
643 4590 830 4657 ἡμέρᾳ
860 4589 923 4641 τό
961 4588 1105 4656 φῶς.
1139 4590 1249 4641 Καὶ
1274 4572 1475 4657 ἕτερος
1504 4583 1676 4649 αὖθις·
1720 4589 1812 4640 Ἐν

1917 4584 2133 4638 Necnon
2182 4586 2353 4638 alius:
2390 4584 2453 4637 In
2484 4587 2567 4637 die
2598 4584 2692 4638 illa
2721 4601 2820 4637 non
2849 4585 2947 4637 erit
2985 4582 3096 4638 lux.
3132 4582 3199 4635 Et
3222 4572 3325 4636 non
3347 4584 3481 4650 dies,

217 4684 431 4748 ἐκείνῃ
471 4680 545 4747 τῇ
576 4682 765 4748 ἡμέρα
794 4682 906 4733 οὐκ
942 4680 1113 4733 ἔσται
1144 4680 1285 4745 φῶς.
1322 4680 1430 4733 Καὶ
1454 4682 1565 4748 οὐχ
1599 4681 1804 4747 ἡμέρα,

218 4776 325 4827 καὶ
357 4776 430 4826 οὐ
454 4773 589 4835 νὺξ,
628 4772 724 4823 καὶ
758 4772 906 4837 πρὸς
928 4770 1198 4837 ἑσπέραν
1230 4770 1399 4823 ἕσται
1430 4770 1574 4838 φῶς.
1619 4771 1707 4822 Ἐν
1732 4769 1808 4839 τῷ

219 4866 413 4919 σκότει
438 4864 617 4916 τοίνυν
638 4862 829 4933 τούτῳ,
858 4864 891 4942 η
926 4862 1043 4914 θεία
1075 4863 1169 4914 καὶ
1207 4862 1571 4930 παναγίαίτού
1600 4861 1809 4931 Κυρίου

1918 4673 2075 4741 neque
2106 4690 2228 4738 nox,
2259 4686 2305 4728 et
2332 4676 2400 4728 ad
2437 4691 2699 4743 vesperam
2722 4676 2821 4729 erit
2863 4675 2957 4728 lux
2986 4674 3053 4727 ⁸ο.
3099 4673 3156 4728 1η
3190 4674 3294 4728 illis
3320 4674 3482 4742 igitur

1916 4765 2151 4820 tenebris
2179 4766 2361 4819 divina
2397 4776 2452 4819 et
2486 4775 2678 4833 sancta
2735 4767 2916 4819 anima
2968 4780 2998 4819 a
3054 4776 3401 4819 sacrosancto
3429 4776 3485 4819 et

1918 4860 2132 4915 viviﬁeo
2164 4876 2390 4931 corpore
2434 4871 2705 4930 separata,
2756 4864 2808 4915 in
2858 4862 3019 4916 corde
3069 4870 3225 4917 terrae
3271 4870 3483 4917 versata

291 5038 343 5071 ”
368 5038 536 5094 Exod.
566 5055 627 5098 ιι,
662 5040 683 5091 l
713 5052 865 5105 seqq.
924 5038 972 5069 ⁸⁸
997 5038 1163 5092 Exod.
1196 5052 1303 5100 xw,
1335 5038 1403 5091 27
1430 5054 1580 5108 seqq.
1614 5040 1713 5094 Ubi
1738 5040 1907 5094 solum
1933 5043 2150 5096 elevata:
2181 5044 2342 5108 virgae
2387 5052 2439 5094 et
2468 5044 2796 5097 extensionis
2824 5058 3072 5096 manuum
3103 5042 3321 5098 mentio.
3360 5043 3479 5096 Vid.

220 5110 319 5162 lih.
360 5123 431 5167 tv,
468 5109 541 5162 De
564 5110 690 5175 ﬁde.
724 5123 843 5174 cap.
878 5108 964 5161 Η.
1041 5111 1087 5140 ⁵⁵
1113 5109 1280 5162 Exod.
1313 5124 1440 5172 xvn,
1474 5111 1558 5164 ll.

222 5192 399 5242 xxvtl,
430 5180 520 5232 45.
596 5179 639 5209 ⁵⁸
660 5179 843 5232 Amos.
880 5194 995 5242 vni,
1027 5178 1080 5233 9.
1156 5179 1201 5210 ⁸ο
1233 5176 1396 5233 Zach.
1428 5195 1534 5245 xw,
1562 5179 1614 5245 6,
1650 5180 1700 5232 7.

294 5356 377 5425 (‘2)
414 5353 469 5406 lu
508 5352 1047 5425 Colb.iailditiir,>ta‘t
1067 5349 1224 5416 αὖθις
1249 5352 1442 5419 ἄνεισι,
1478 5352 1576 5423 τὴν
1609 5355 1672 5405 ὲκ
1704 5354 1796 5405 τοῦ

219 5423 355 5481 ἆδόυ
386 5423 772 5490 προαγγέλλων
806 5424 1142 5488 κατάϐασιν;

296 5496 380 5601 (ᾗ)
423 5493 545 5547 llaec
569 5496 758 5547 desunt
788 5494 839 5547 in
869 5494 1047 5560 editis,
1078 5508 1247 5562 usque
1274 5493 1339 5547 ad
1377 5492 1537 5545 Ἀλλὰ
1570 5492 1677 5563 γὰρ
1710 5493 1800 5545 ού-

220 5582 386 5619 τωσι.

299 5634 382 5703 (4)
421 5631 760 5703 (ῖοιὺηγὲκτῃ.

297 5700 491 5774 (δὴού
514 5701 606 5753 τοῦ
637 5700 976 5770 σεληνιακοῦ.
1003 5702 1097 5756 Sic
1119 5704 1395 5774 Origenes,
1421 5701 1801 5774 (Hieronymus,

224 5765 425 5829 et‘alii
477 5774 681 5842 antiqui
718 5765 903 5824 contra
963 5787 1121 5840 quam
1163 5765 1695 5842 Ps'eudo-Dionysiits
1751 5790 1801 5826 lII

224 5842 458 5910 epistola
488 5841 552 5895 ad
588 5842 954 5911 Detuophilum
988 5842 1157 5906 tinxit,
1195 5843 1399 5896 scilicet
1435 5841 1801 5911 portentosum

1633 5112 1677 5141 ⁸⁵
1705 5109 1869 5164 Exod.
1901 5128 2011 5175 xvi,
2048 5112 2133 5166 1‘2.
2211 5106 2466 5166 “"i’ilatth.
2499 5130 2595 5173 xu.
2626 5114 2715 5169 40.
2790 5115 2834 5145 ⁵⁷
2858 5113 2992 5168 Gen.
3024 5128 3063 5173 t.
3094 5114 3146 5169 5.
3223 5113 3270 5169 ’ἕ
3294 5112 3479 5169 Matth.
3514 5168 3517 5173 ι

1910 5355 2055 5426 illam
2096 5355 2226 5426 solis
2269 5355 2651 5426 defectionem,
2696 5373 2816 5426 quae
2867 5358 3096 5410 Domino
3126 5359 3362 5426 patiente
3390 5377 3485 5417 ac-

1852 5484 1858 5490 .
1904 5423 2056 5484 cidit,
2091 5425 2284 5477 factam
2322 5422 2487 5495 fuisse.
2519 5443 2613 5495 per
2645 5422 2783 5480 ltitia!
2814 5428 2878 5481 ad
2911 5442 3033 5480 eum
3062 5422 3433 5485 att-vectionent
3468 5454 3480 5488 :

1901 5502 1958 5545 ut
1992 5495 2118 5567 huic
2160 5498 2362 5567 auctori
2412 5494 2673 5567 Joannem
2712 5498 3105 5550 Damascenum
3150 5494 3483 5567 refragatuni

1900 5566 2245 5636 essentirutn
2299 5566 2387 5617 sit.
2419 5566 2571 5636 illam
2604 5568 2748 5620 enim
2777 5570 2840 5636 ad
2871 5568 3242 5633 Demophilum
3276 5566 3481 5636 episto-

1902 5634 2005 5712 lam
2035 5634 2251 5712 legerat.
2290 5635 2439 5698 Quod
2467 5639 2621 5703 plane
2644 5635 2837 5690 sinceri
2870 5636 2985 5703 eius
3009 5638 3198 5706 judieii
3233 5648 3284 5692 et
3311 5634 3481 5711 aequi—

1906 5705 2029 5756 talis
2065 5705 2337 5769 egregium
2374 5717 2749 5772 argumentqu
2783 5715 2887 5760 est.

1974 5772 2050 5846 (ﬁ)
2200 5774 2582 5842 κατασχόντος.
2614 5776 2763 5832 Colb.
2807 5777 3255 5846 κατασχεθέντος.

1978 5844 2051 5911 (7)
2096 5844 2156 5897 li.
2190 5846 2531 5913 οἰκουμένην.
