4202 6496
243 490 350 552 633

1233 485 1561 545 HOMILIA
1592 484 1674 545 IN
1708 485 2105 547 SABBATUM
2143 486 2514 549 SANCTUM.

3386 488 3491 551 634

258 600 597 673 ἰσραηλίτην
638 600 780 668 λέγω
819 600 969 665 λαὸν,
1011 599 1198 663 δεινῶς
1256 601 1667 665 κατεσθίοντες,
1723 603 1817 654 καὶ

1883 638 1892 663 ι
1924 603 2215 669 devorant;
2250 605 2360 671 qui,
2397 603 2569 657 servis
2602 603 2815 671 occisis,
2847 604 3020 675 ipsum
3061 619 3277 675 quoque
3318 604 3486 660 ﬁlium

248 694 385 761 πρὸς
430 694 555 755 τοὺς
609 691 831 755 δούλους
877 692 967 744 τὸν
1014 692 1350 764 κληρονόμον
1396 693 1521 745 Υἰὸν
1559 693 1813 762 ἀπεχθῶς

1926 698 2189 749 lia-redem
2238 697 2527 749 inhumane
2567 706 2928 764 peremerunt.
2980 696 3305 768 lgnorabaut
3344 699 3488 751 enim

246 783 675 847 θανατώσαντες.
717 785 1018 854 Ἥγνόησαν
1040 784 1167 855 γὰρ,
1196 786 1271 847 ὡς
1295 785 1625 855 κληρονόμος
1662 787 1815 838 ἔσται

1917 803 2063 850 eum,
2095 797 2361 855 quatenus
2386 789 2547 841 homo
2571 796 2739 853 esset,
2785 799 3047 842 creatura:
3088 789 3351 843 universa:
3380 787 3491 843 hae-

247 877 432 946 πάσης
465 876 564 945 τῆς
594 876 855 939 κτίσεως,
902 872 991 928 οἷα
1037 876 1341 946 ἄνθρωπος.
1383 877 1451 929 El
1490 876 1601 944 γὰρ
1638 876 1819 945 ἐγνω-

1919 882 2097 932 Γειὲοιιι
2142 878 2274 932 fore.
2313 877 2369 932 Si
2401 880 2538 931 enim
2568 882 2944 949 cognovissent,
3006 896 3271 948 nunquam
3310 878 3492 931 Domi-

246 982 391 1035 σαν,
432 970 542 1022 οὐκ
576 968 653 1021 ἂν
672 970 778 1021 τὸν
805 970 1021 1035 Κύριον
1049 968 1157 1035 τῆς
1186 967 1369 1035 δόξης
1405 969 1815 1035 ἐσταύρωσαν.

248 1059 361 1111 Καὶ
394 1059 447 1111 τί
480 1058 614 1128 πρὸς
646 1058 871 1113 Πιλάτον
902 1058 1156 1125 λέγουσι;
1191 1060 1384 1126 Κύριε,
1414 1059 1818 1128 ἐμνήσθημεν,

1922 986 2042 1022 num
2072 971 2253 1039 gloriw
2290 971 2757 1038 cruci/ixissent".
2789 972 2927 1037 Quid
2960 986 3087 1024 vero
3129 971 3205 1024 illi
3245 969 3310 1023 ad
3346 970 3488 1023 Pila-

1923 1061 2076 1114 tum?
2119 1060 2341 1114 Domine
2383 1064 2639 1115 recordati
2688 1080 2888 1126 sumus,
2936 1064 3059 1133 quia
3111 1064 3355 1116 seductor
3403 1064 3493 1118 ille

248 1148 340 1203 ὅτι
382 1150 612 1215 ἐκεῖνος
642 1152 674 1203 ό
712 1150 946 1214 πλάνος
978 1147 1146 1203 εἶπεν
1176 1150 1263 1202 ἔτι
1306 1149 1435 1211 ζῶν
1478 1151 1640 1204 Μετὰ
1667 1150 1822 1218 τρεῖς

1921 1151 2055 1202 dixit
2095 1152 2269 1204 adhuc
2300 1153 2492 1215 riveus,
2525 1149 2650 1203 Post
2672 1161 2773 1203 tres
2801 1153 2909 1205 dies
2947 1150 3303 1221 resurgam".
3334 1151 3378 1205 0
3403 1150 3485 1204 fa-

249 1237 477 1306 ἠμέρας
515 1238 834 1307 ἐγείρομαι.
874 1240 937 1291 Ὢ
972 1239 1070 1307 τῆς
1104 1238 1365 1306 συνήθους
1390 1239 1499 1291 τῶν
1537 1239 1821 1292 εἰδωλολα-

249 1330 396 1399 τρὼν
423 1329 533 1397 (l7)
570 1330 945 1400 παρανομίαςῑ
973 1329 1074 1381 Τὸν
1100 1329 1198 1397 τῆς
1228 1328 1438 1398 πλάνης
1467 1329 1821 1391 ὑπόσπονδον,

249 1421 344 1474 τὸν
375 1420 558 1474 δοῦλον
580 1422 679 1492 τῆς
708 1421 984 1492 ἁμαρτίας
1022 1421 1211 1492 κύριον
1245 1422 1499 1474 καλοῦσιν
1533 1422 1578 1473 oi
1608 1420 1822 1486 πλάνοι,

252 1513 350 1565 καὶ
401 1511 501 1579 τῆς
552 1513 760 1582 πλάνης
806 1514 1159 1582 συμμέτοχοι.
1200 1512 1304 1566 Τὸν
1358 1513 1411 1565 δὲ
1451 1513 1676 1581 Σωτῆρα
1717 1512 1825 1564 τῶν

259 1600 401 1654 ὅλον
429 1601 522 1653 καὶ
559 1601 784 1671 Κύριον,
816 1601 916 1669 τὴν
955 1600 1126 1663 ὅντως
1151 1601 1429 1671 ἀλήθειαν,
1466 1603 1562 1671 τὴν
1590 1600 1683 1653 τοῦ
1713 1603 1825 1653 Πα-

257 1692 390 1761 τρὸς
437 1692 626 1760 σοφίαν
674 1693 767 1743 καὶ
807 1691 1057 1760 δύναμιν,
1105 1692 1166 1743 τὸ
1212 1691 1327 1759 φῶς
1368 1691 1427 1743 τὸ
1470 1690 1720 1760 ἀληθινὸν
1768 1691 1829 1744 τὸ

255 1782 491 1852 φωτίζον
522 1784 696 1836 πάντα
734 1782 1020 1851 ἄνθρωπον
1053 1782 1133 1845 είς
1160 1781 1253 1834 τὸν
1278 1783 1481 1852 κόσμον
1512 1783 1825 1852 ἐρχόμενον,

257 1876 462 1927 πλάνον
497 1872 984 1944 προσαγορεύουσι.
1018 1873 1104 1937 Τί,
1144 1873 1230 1926 ἐτι
1260 1872 1390 1937 ζῶν,
1432 1874 1671 1942 φάσκετε
1700 1873 1831 1943 πρό-

1924 1241 2187 1298 utiliorem
2226 1242 2503 1295 hominum
2559 1240 2697 1295 idola
2730 1241 3020 1295 colentium
3050 1243 3445 1312 improbitatem
3475 1244 3489 1295 ί

1926 1332 2138 1385 Erroris
2176 1333 2255 1386 sui
2301 1332 2507 1385 socium
2557 1346 2622 1386 ac
2659 1333 2863 1400 peccati
2923 1346 3161 1393 servum,
3213 1332 3492 1385 dominum

1930 1431 2146 1486 vocant,
2178 1422 2278 1490 ipsi
2306 1422 2650 1484 setlnctores,
2687 1421 2995 1488 errorisque
3028 1432 3329 1474 consortes.
3360 1418 3496 1474 Uni-

1926 1526 2205 1565 versorum
2267 1522 2445 1563 autem
2498 1511 2832 1564 Salvatorem
2893 1525 2957 1564 ac
3013 1510 3342 1573 Dominum,
3405 1511 3496 1579 qni

1928 1602 2103 1669 reipSn
2136 1603 2335 1655 veritas
2362 1611 2465 1664 est,
2508 1601 2598 1669 qui
2649 1601 2823 1655 Patris
2855 1603 3115 1670 sapientia
3147 1611 3203 1655 et
3238 1603 3405 1655 virtus
3428 1602 3497 1666 "',

1934 1709 2118 1746 verum
2174 1693 2388 1759 lumen,
2450 1694 2592 1762 quod
2637 1692 2906 1748 illuminat
2957 1708 3170 1747 omnem
3226 1693 3498 1746 hominem

1883 1780 1886 1784 Α
1931 1785 2230 1838 venientem
2270 1785 2323 1838 in
2355 1784 2494 1837 hunc
2529 1784 2809 1850 mundum,
2836 1784 3175 1839 seductorem
3206 1785 3495 1853 appellant.

1930 1873 2056 1938 Cur,
2076 1873 2248 1927 adhuc
2284 1875 2456 1927 vit-eus
2483 1874 2508 1927 .9
2551 1875 2700 1942 prius
2731 1874 2947 1927 edicite.
2978 1874 3166 1927 Annon
3198 1885 3318 1944 post
3358 1891 3497 1928 mor-

254 1983 455 2037 τερον;
487 1966 561 2019 Ού
595 1965 659 2036 ζῇ
699 1964 835 2035 μετὰ
867 1965 1113 2027 θάνατον,
1146 1967 1174 2018 ὁ
1206 1965 1303 2033 τῆς
1335 1964 1480 2033 ζωῆς
1507 1969 1620 2029 τοῖς
1657 1965 1827 2029 ζῶσι,

1883 1968 2037 2020 item
2080 1967 2233 2031 visit,
2279 1968 2370 2035 qui
2424 1966 2726 2020 viventibus
2775 1966 2899 2019 vita:
2950 1976 3139 2021 auctor
3184 1978 3288 2031 est,
3329 1978 3381 2020 et
3424 1968 3490 2021 iis

257 2062 353 2110 καί
387 2060 498 2119 τοῖς
532 2053 652 2109 οὖσι
682 2056 776 2108 τοῦ
822 2052 961 2107 εἶναι
993 2056 1198 2120 αἴτιος
1238 2056 1325 2108 Ἐν
1357 2058 1568 2124 νεκροῖς
1601 2056 1699 2123 μὲν
1741 2050 1829 2125 ἦν,

257 2148 397 2202 ἀλλὰ
447 2146 574 2210 ζῶν,
624 2146 698 2209 ὡς
742 2145 1044 2215 ἐλεύθερος.
1107 2146 1222 2199 Ούκ
1267 2146 1541 2215 ἠκούσατέ
1592 2158 1724 2197 ποτε
1776 2148 1833 2198 ὲν

270 2240 431 2308 ἰωνᾷ
459 2237 533 2306 τῷ
566 2238 818 2309 προφήτῃ
841 2235 934 2288 τοῦ
974 2237 1178 2307 Κυρίου
1210 2238 1501 2305 φήσαντος
1531 2238 1653 2288 Ἔτι
1678 2234 1834 2301 τρεῖς

257 2331 492 2399 ἡμέραι,
524 2330 617 2381 καί
646 2328 865 2395 Νινευὴ
903 2327 1485 2395 καταστραφήσεται;
1516 2330 1837 2396 Καταστρα-

260 2423 495 2491 φήσεται
527 2422 635 2489 γὰρ
663 2423 694 2489 ὴ
728 2419 901 2490 πλάνη
924 2459 938 2480 ,
968 2419 1059 2471 τοῦ
1095 2418 1299 2485 Κυρίου
1332 2418 1487 2487 τρίτῃ
1527 2417 1708 2487 ἡμέρᾳ
1748 2415 1834 2479 ἐξ·

265 2513 633 2582 ανισταμὲνου
662 2513 757 2564 τοῦ
789 2514 1093 2583 μνήματος,
1117 2509 1211 2563 καὶ
1230 2508 1840 2579 φυτευθήσεταιδικαιο-

262 2604 399 2675 σύνη
428 2622 487 2656 τε
512 2605 605 2656 καὶ
641 2603 891 2672 ἀλήθεια.
924 2601 1232 2656 Κέλευσον
1259 2596 1391 2665 οὖν,
1426 2601 1610 2669 φασιν,
1644 2601 1837 2669 ἀσφα-

1934 2074 2052 2128 quzn
2077 2056 2345 2111 exsistunt
2390 2054 2769 2109 exsistentite?
2803 2056 2945 2111 inter
2984 2066 3225 2111 mortuos
3252 2057 3499 2125 equidem

1934 2161 2070 2213 erat,
2113 2150 2206 2203 sed
2252 2149 2454 2213 vivens,
2502 2156 2688 2215 utpote
2734 2147 2889 2202 liber.
2935 2146 3290 2216 Nunquamne
3322 2149 3473 2202 Domi

1936 2255 2060 2294 num
2093 2240 2321 2293 audistis
2367 2241 2418 2292 in
2452 2238 2586 2293 Jona
2631 2238 2890 2307 propheta
2936 2238 3240 2308 loquentem
3273 2257 3286 2292 :
3320 2240 3500 2292 Adhuc

1936 2342 2037 2386 tres
2093 2333 2246 2396 dies,
2303 2341 2350 2384 et
2407 2328 2597 2382 Ninive
2655 2330 2977 2382 subvertetur
2998 2329 3081 2381 ὀἳ
3140 2328 3306 2382 Error
3359 2329 3501 2383 enim

1935 2422 2302 2481 subvertetur,
2351 2431 2666 2489 resurgente
2700 2419 2927 2473 Domino
2970 2418 3058 2472 die
3090 2419 3246 2473 tertia
3285 2420 3354 2472 de
3388 2432 3506 2470 mo-

1943 2523 2220 2576 numento,
2250 2523 2304 2566 et
2339 2511 2691 2581 plantabitur,
2742 2520 2852 2565 tum
2872 2510 3107 2580 justitia,
3140 2523 3250 2565 tum
3284 2511 3501 2565 vesitas.

1937 2604 2073 2660 Jube
2124 2606 2304 2675 igitur,
2364 2604 2637 2673 inquiunt,
2686 2603 2950 2657 custodire
3004 2602 3297 2670 sepulcrum
3348 2617 3510 2670 usque

260 2694 545 2763 λισθῆναι
570 2696 679 2748 τὸν
706 2693 894 2762 τάφον
933 2693 1044 2760 ἕως
1067 2694 1271 2761 τρίτης
1296 2691 1537 2761 ἡμέρας.
1571 2692 1635 2743 Τί
1664 2693 1839 2762 μάτην

1944 2698 1999 2750 in
2047 2696 2185 2749 diem
2218 2697 2426 2749 tertium
2447 2695 2516 2747 ⁸¹.
2549 2695 2688 2761 Quid
2714 2694 2936 2760 frustra,
2966 2694 3171 2759 miseri,
3216 2693 3509 2748 conturba-

261 2787 595 2857 ταράττεσοε
620 2828 635 2851 ,
665 2786 924 2851 ballistas;
968 2786 1033 2837 Τί
1080 2783 1334 2853 φοϐεῖσθε
1366 2784 1552 2853 φόϐον,
1585 2778 1647 2838 οὖ
1678 2785 1840 2853 φόϐος

1940 2788 2109 2841 mini?
2161 2786 2299 2853 Quid
2348 2787 2554 2840 timetis
2591 2786 2862 2848 timorem,
2904 2784 2993 2838 ubi
3030 2799 3135 2838 non
3179 2794 3267 2838 est
3314 2784 3510 2838 timor?

265 2880 327 2932 ού
359 2881 632 2948 πέφυκενς
666 2880 739 2931 Ού
774 2879 984 2945 συνέξει
1009 2879 1241 2948 σφραγὶς
1275 2878 1366 2931 τὸν
1408 2877 1841 2949 ἁπερίγραπτον.

1940 2875 2058 2933 Νοιι
2088 2879 2288 2933 tenebit
2326 2877 2663 2947 signaculum
2708 2891 2830 2930 eum
2883 2875 2973 2943 qui
3008 2876 3509 2943 incircumscriptus

264 2976 331 3028 Ei
357 2974 435 3045 τῷ
473 2974 786 3043 Ἀὗϐακοὺμ
820 2970 998 3026 αἰτοῦ
1045 2972 1239 3043 βόθρου
1274 2972 1568 3042 σφραγῖδες
1606 2972 1706 3024 οὐκ
1742 2972 1842 3024 ἑπ-

1943 2968 2066 3025 est?
2103 2966 2236 3022 Cum
2284 2968 2452 3022 fovea:
2498 2966 2774 3037 signacula
2810 2966 3064 3020 llabacuc
3114 2966 3362 3035 ingressu
3399 2980 3507 3019 non

267 3068 428 3137 ἐσχον
460 3067 561 3136 τὴν
598 3066 823 3127 εἴσοδον,
873 3065 974 3117 οὑκ
1006 3063 1072 3117 ἂν
1103 3062 1427 3133 ἔκτρέψαιτο
1460 3062 1553 3114 τὸν
1599 3063 1835 3134 Δανιὴλ,

1944 3057 2258 3131 arcuerint,
2314 3058 2603 3126 quominus
2656 3056 2972 3125 prophetam
3025 3071 3353 3125 servumque
3408 3055 3503 3110 Dei

266 3158 555 3228 προφήτην
583 3156 709 3208 ὄντα
743 3154 879 3208 Θεοῦ
910 3154 1006 3208 καὶ
1033 3154 1359 3224 θεράποντν
1392 3151 1511 3216 πῶς
1541 3152 1633 3205 τὸν
1666 3154 1842 3207 κοινὸν

1947 3148 2220 3204 Danielem
2252 3158 2462 3215 pastum
2513 3148 2615 3201 iret
2638 3148 2685 3179 "
2718 3166 2733 3201 :
2761 3147 3031 3217 quomodo
3080 3146 3355 3216 signacula
3416 3147 3507 3201 illa

266 3249 542 3317 Δεσπότην
570 3249 861 3316 κατασχεῖν
884 3248 940 3298 ai
971 3245 1265 3314 σφραγῖδες
1299 3245 1657 3315 δυνήσονται;
1701 3244 1841 3297 Ἀλλ’

267 3338 443 3402 ὅντως
475 3339 673 3406 τυφλὸν
725 3339 758 3407 ή
799 3336 997 3402 κακία,
1042 3337 1135 3389 καὶ
1169 3336 1361 3389 θᾶττον
1395 3336 1675 3406 τρέπεται.
1711 3335 1839 3405 Μή-

266 3447 417 3484 ποτε
440 3430 721 3495 ἐλθόντες
740 3433 791 3483 oi
810 3429 1064 3497 μαθηταὶ
1089 3428 1274 3483 αὑτοῦ
1304 3428 1616 3496 κλέψωσιν
1633 3427 1840 3495 αὑτὸν,

270 3520 373 3573 καὶ
414 3519 622 3571 ειπωσι
652 3516 732 3581 τῷ
759 3515 884 3581 λαῷ
902 3557 916 3581 ,
952 3516 1039 3569 ὅτι
1066 3516 1285 3586 ἠγέρθη
1309 3517 1427 3570 ἀπὸ
1455 3515 1573 3570 τῶν
1591 3515 1841 3585 νεκρῶνο

269 3609 372 3663 καὶ
402 3609 573 3661 ἔσται
608 3610 646 3677 η
680 3608 909 3676 ἐσχάτη
945 3606 1144 3673 πλάνη
1172 3607 1384 3675 χείρων
1432 3606 1542 3675 τῆς
1586 3607 1841 3674 πρώτης.

270 3701 373 3761 Τίς
402 3698 621 3750 κλέπτει
645 3699 855 3767 νεκρὸν,
892 3690 936 3749 ὦ
962 3697 1208 3763 άνόητοι;
1238 3695 1347 3765 Τὴν
1382 3696 1479 3763 μὲν
1507 3695 1710 3764 ἐσθῆτα
1752 3711 1845 3746 τυ·-

271 3792 370 3861 χδν
399 3789 505 3842 τῶν
532 3789 932 3859 κατοιχομένων
952 3787 1349 3841 λωποδυτοῦσιν
1380 3790 1429 3840 oi
1454 3789 1580 3851 τοὺς
1603 3788 1844 3857 τύμόους

271 3881 591 3951 ὀρύττοντες
622 3879 753 3949 (18)·
790 3880 982 3948 νεκρὸν
1017 3879 1099 3941 τίς
1125 3878 1357 3947 κέκλοφε
1380 3877 1599 3931 πώποτε
1623 3896 1634 3939 ;
1663 3881 1711 3932 εί
1737 3878 1843 3950 γάρ

276 3972 357 4043 μὴ
394 3972 659 4042 ἀνασταίη
682 4012 695 4033 ,
732 3973 825 4024 καὶ
871 3971 1124 4040 ψεύσοιτο
1177 3972 1234 4041 τῇ
1274 3971 1712 4041 προρρήσει(19)
1747 3970 1845 4041 τὴν

272 4065 523 4134 ἔγερσιν,
549 4063 663 4125 πῶς
697 4062 863 4115 αὐτοῦ
903 4061 1079 4131 μάτην
1108 4063 1159 4114 οῖ
1196 4063 1436 4131 μαθηταὶ
1468 4062 1843 4132 περιέξονταις

272 4155 490 4225 Νεκρὸς
520 4153 627 4221 γὰρ
658 4152 800 4214 ἅπας
826 4153 933 4205 ἀπὸ
964 4152 1186 4222 καρδίας
1211 4150 1418 4222 βροτῶν
1447 4151 1800 4222 ἐπιλέλησται
1827 4192 1843 4217 ,

274 4245 481 4314 ἔφησεν
520 4244 782 4313 ὴΓραφή.
813 4245 875 4296 Ei.
897 4243 952 4294 δὲ
979 4242 1221 4305 πλάνοις,
1254 4242 1370 4306 πῶς
1399 4242 1459 4294 ού
1498 4242 1696 4313 μᾶλλον
1727 4244 1847 4297 ἐπι-

272 4336 607 4407 λησϐήσεται
636 4352 649 4399 ;
684 4334 804 4397 Πῶς
840 4334 896 4386 δὲ
926 4332 1190 4395 Θανάτους
1219 4333 1313 4385 καὶ
1346 4332 1551 4402 θλίψεις
1579 4333 1845 4386 παντοδα-

273 4432 425 4490 πὰς,
482 4427 575 4478 καὶ
624 4427 854 4495 φορυτον
908 4425 1093 4479 κακῶν
1147 4426 1358 4487 ἑαυτοῖς
1417 4425 1846 4492 ὲπισπάσονται,

272 4514 562 4585 ὠσπεροῦν
592 4516 974 4567 ἐπεσπάσαντο
993 4553 1010 4579 ,
1037 4514 1237 4567 πλάνου
1264 4514 1460 4584 νεκροῦ
1486 4515 1809 4585 ὲπεχόμενοι
1831 4535 1845 4582 ;

1947 3238 2235 3294 Dominum
2270 3241 2647 3294 universorum
2704 3240 2961 3294 remorari
2992 3239 3281 3308 poterunt?
3313 3237 3505 3293 Verum

1945 3345 2085 3386 caeca
2117 3345 2206 3385 res
2236 3339 2322 3385 est
2353 3328 2702 3399 improbitas,
2732 3339 2785 3384 et
2810 3344 2928 3398 quae
2962 3345 2990 3381 a
3031 3329 3319 3396 semetipsa
3356 3328 3509 3384 facile

1945 3424 2258 3477 destruitur.
2292 3420 2576 3489 Pergunt:
2606 3422 2688 3475 Ne
2717 3424 2851 3490 forte
2874 3422 3081 3473 veniant
3103 3420 3345 3488 discipuli
3373 3418 3507 3487 ejus,

1942 3524 1989 3567 et
2044 3512 2284 3581 furentur
2338 3527 2453 3565 eum
2503 3521 2601 3565 :et
2659 3512 2757 3566 erit
2812 3511 3117 3565 novissimus
3171 3526 3317 3563 error
3365 3511 3507 3579 pejor

1943 3612 2120 3672 priore
2141 3603 2209 3657 ⁸³.
2241 3603 2371 3669 Quis
2415 3618 2502 3657 mo
2524 3614 2702 3656 rtumn
2738 3603 2964 3666 fnretur,
2997 3600 3296 3656 excordes?
3322 3600 3507 3655 Cada-

1945 3713 2068 3752 vera
2116 3698 2445 3752 indumentis
2503 3696 2771 3750 interdum
2827 3695 3056 3763 spoliare
3087 3704 3507 3759 consueverunt,

1947 3790 2040 3858 qui
2107 3789 2353 3857 sepulcra
2408 3786 2737 3851 sutl'odiunt;
2800 3797 3068 3841 mortuum
3139 3796 3315 3838 autem
3386 3786 3507 3853 quis

1948 3896 2183 3950 unquatn
2236 3878 2447 3933 furatus
2504 3878 2643 3932 fuit?
2679 3876 2735 3931 Si
2788 3877 2932 3931 enim
2978 3891 3082 3930 non
3127 3876 3505 3936 resurrexerit,

1947 3973 2041 4027 sed
2078 3971 2214 4027 falso
2251 3987 2311 4025 se
2348 3980 2781 4025 resurrecturum
2821 3968 3152 4034 praedixerit,
3186 3967 3314 4035 quid
3344 3980 3505 4021 causa

1946 4065 2068 4126 erit,
2110 4078 2206 4117 cur
2235 4062 2482 4131 discipuli
2536 4060 2804 4115 incassum
2848 4059 2948 4129 ipsi
2981 4057 3330 4113 adhmreant?
3366 4056 3495 4112 Mor-

1950 4163 2074 4208 tuus
2115 4156 2258 4208 enim
2291 4153 2488 4220 omnis,
2533 4152 2815 4221 Scriptura
2866 4160 3003 4205 teste
3022 4150 3089 4213 “,
3130 4164 3160 4203 ι
3203 4148 3508 4202 mortalium

1949 4248 2111 4301 corde
2150 4245 2405 4301 oblivioni
2452 4244 2632 4299 datur.
2685 4244 2740 4298 Si
2772 4251 2949 4297 autem
2986 4241 3205 4310 insuper
3238 4240 3509 4305 seductor,

1955 4340 2222 4408 quomodo
2251 4354 2356 4392 non
2380 4338 2539 4392 citius
2566 4333 3003 4390 obliviscendus?
3026 4331 3304 4399 Quomodo
3332 4342 3511 4387 autem

1951 4437 2174 4492 mortes,
2204 4428 2383 4482 omnis
2409 4427 2624 4495 generis
2652 4439 2941 4489 aerumnas,
2971 4437 3223 4477 acervum
3253 4420 3511 4475 malormn

1949 4519 2052 4574 sibi
2107 4528 2386 4573 arcesserit
2426 4556 2441 4580 ,
2490 4516 2801 4582 seductori,
2853 4522 2907 4569 et
2968 4514 3185 4583 quidem
3249 4514 3512 4567 exsdncto

276 4608 490 4668 Ὀντως
533 4604 629 4675 τὴν
668 4605 1044 4675 σκεπτομένην
1080 4605 1207 4676 ὑμῖν
1240 4603 1449 4675 πλάνην
1488 4607 1601 4668 τοῖς
1650 4605 1842 4676 ἀληθέ-

1883 4647 1924 4702 D
1952 4608 2412 4663 adhurescentes?
2446 4607 2588 4662 Sane
2624 4622 2784 4677 quem
2812 4605 2916 4676 ipsi
2941 4618 3180 4661 errorem
3217 4604 3511 4671 praetendi-

272 4712 365 4750 σιν
388 4695 771 4765 ὲπιφημίζετε.

350 4787 450 4857 λβ’.
482 4787 621 4840 Ἀλλ’
636 4790 663 4840 ὁ
678 4788 1144 4856 Πιλάτος⁶⁹Εχετε
1163 4788 1556 4842 κουστωδίαν
1578 4787 1857 4859 ὑπάγετε,

1959 4703 2048 4764 tis,
2076 4700 2217 4753 inter
2246 4714 2332 4753 res
2364 4714 2520 4753 veras
2548 4698 2894 4767 pervulgatis.

2027 4792 2115 4846 52.
2164 4790 2369 4844 Pilatus
2424 4787 2847 4844 verozflabetis
2908 4788 3243 4851 custodiam,
3305 4786 3512 4855 inquit,

270 4879 467 4949 φησὶν,
490 4879 913 4946 ἀσφαλίσασθε
943 4878 1023 4942 ὡς
1042 4877 1258 4930 οἴδατε.
1291 4881 1355 4931 Οἱ
1372 4878 1439 4931 δὲ
1469 4879 1842 4946 πορευθέντες

1954 4884 2043 4946 ite,
2067 4882 2322 4935 custodite
2350 4880 2481 4933 sicut
2522 4881 2686 4934 scitis.
2720 4879 2811 4932 Illi
2838 4889 3011 4931 autem
3040 4877 3283 4929 abeuntes
3315 4877 3510 4928 munie-

267 4970 703 5038 ἠσφαλίσαντο
738 4968 841 5021 τὸν
863 4968 1073 5037 τάφον,
1100 4970 1542 5038 σφραγίσαντες
1567 4969 1668 5022 τὸν
1684 4971 1857 5023 λίθον

263 5059 428 5129 μετὰ
460 5056 571 5125 τῆς
614 5057 1003 5122 κουστωδίας.
1047 5056 1241 5125 Φεύγει
1287 5057 1383 5128 τὴν
1420 5060 1703 5112 κοινωνίαν
1741 5058 1848 5112 τῶν

269 5150 579 5204 θεοκτὸνων
600 5151 628 5201 ὁ
651 5150 897 5212 Πιλάτος.
924 5147 1076 5210 είδὼς
1099 5147 1172 5210 ὡς
1203 5147 1460 5216 οὐδεμίαν
1485 5149 1662 5201 αἰτίαν
1688 5144 1844 5218 εὗρεν

268 5242 337 5292 ὲν
359 5237 509 5307 αύτῷ
532 5239 624 5290 καὶ
650 5239 710 5290 τὸ
738 5242 845 5291 πᾶν
867 5239 965 5307 τῆς
985 5236 1269 5306 παροινίας
1296 5237 1478 5298 αὐτοῖς
1501 5237 1843 5291 ἀποδίδωσιν.

281 5331 389 5401 Ὠς
415 5328 633 5394 οἴδατε,
664 5330 848 5398 φησὶν,
872 5328 1318 5396 ἀσφαλίσασθε.
1342 5327 1433 5397 Μή
1459 5343 1543 5390 τις
1572 5328 1700 5397 ὑμῖν
1722 5329 1854 5381 ὑπο-

1955 4980 2075 5024 ruut
2102 4971 2422 5039 sepulcrum,
2447 4973 2710 5039 signantes
2739 4970 2966 5036 lapidem
2987 4983 3102 5019 cum
3134 4966 3431 5020 custodibus
3447 4966 3511 5018 ⁸⁵.

1960 5062 2155 5116 Horret
2178 5063 2380 5116 Pilatus
2423 5064 2804 5117 connuercium
2838 5060 3203 5120 Deicidarum,
3255 5059 3433 5111 sciens
3462 5072 3511 5110 se

1958 5153 2157 5207 nullam
2191 5154 2379 5208 mortis
2409 5168 2626 5205 causam
2664 5152 2717 5205 iu
2760 5167 2825 5205 eo
2862 5150 3149 5218 reperisse,
3191 5161 3510 5215 omnemun

1957 5242 2185 5296 sceleris
2221 5243 2435 5308 culpam
2486 5243 2538 5293 in
2575 5242 2719 5309 ipsos
2771 5239 3001 5295 confert.
3040 5237 3187 5291 Sicut
3235 5237 3400 5298 scitis,
3437 5236 3510 5287 in-

1958 5335 2098 5401 quit,
2133 5334 2351 5385 munite.
2400 5331 2475 5385 Ne
2508 5349 2612 5400 qua
2645 5332 2795 5385 vobis
2837 5330 3096 5397 deinceps
3132 5327 3511 5381 resurrectioni

348 5512 397 5544 "
433 5508 604 5563 lCor.
635 5509 765 5571 ",8.
842 5510 889 5541 ⁷³
914 5508 1103 5562 Matth.
1136 5526 1309 5573 xvvu,
1331 5510 1418 5565 63.
1496 5512 1540 5544 τ’
1576 5509 1596 5563 l
1626 5508 1751 5563 Cor.
1786 5525 1823 5571 t,
1845 5509 1933 5564 2i.
2009 5508 2055 5540 ⁸ο
2090 5506 2238 5562 Jona:
2272 5525 2349 5570 ιιι,
2381 5508 2432 5560 Ii.
2460 5507 2548 5560 Sic
2577 5505 2715 5559 LXX
2744 5522 2760 5570 ;
2796 5505 2931 5557 alias
2970 5503 3345 5573 quadraginta.
3378 5500 3511 5573 Δνίιίε

268 5584 431 5639 llier.
460 5591 515 5632 et
542 5578 745 5632 Theod.
783 5581 833 5632 in
868 5579 1010 5633 hunc
1040 5580 1234 5633 locum.
1299 5570 1355 5613 ’⁸⁸
1392 5580 1581 5636 Matth.
1614 5594 1779 5645 uvtt,
1811 5570 1899 5633 ϋιί.
1981 5580 2023 5612 ⁸⁸
2057 5578 2188 5631 Dan.
2218 5594 2329 5645 xiv,
2364 5577 2549 5632 32-38.
2624 5577 2671 5609 ⁸⁸
2701 5576 2888 5630 Matth.
2932 5586 3104 5639 χχιιι,
3126 5571 3218 5627 64.
3295 5570 3341 5602 ⁸⁸
3371 5570 3494 5625 Psal

268 5667 413 5716 xxv,
448 5651 534 5705 l5.
608 5649 654 5681 ⁸⁸
680 5648 867 5704 Matth.
904 5664 1029 5715 xxv,
1053 5649 1144 5715 65,
1176 5650 1261 5704 66.

350 5808 467 5873 (17)
496 5808 728 5860 ἀσεϐῶν.

353 5879 469 5946 (l8)
501 5876 568 5931 Β.
598 5877 962 5948 τιδμῦὼρυχοι.

2028 5803 2135 5872 (l9)
2170 5800 2230 5859 ll.
2262 5799 2531 5873 προειπών
