4202 6496
695 375 801 435 (333

1860 369 1920 427 S.
1960 364 2280 427 JOANNIS
2317 364 2710 425 DAMASCEN
2719 365 2746 423 Ι

3855 367 3978 428 636

697 483 814 548 ejus
857 479 1260 535 contradicendi
1312 477 1532 533 occasio
1583 474 1948 544 relinquatur,
1996 487 2062 526 en
2117 472 2271 524 vobis

2385 470 2650 524 λειπέσθω
2677 471 2956 539 ἀντιλογία
2989 472 3128 541 πρὸς
3151 472 3249 541 τὴν
3270 472 3588 538 ἀνάστασιν,
3615 472 3744 544 ὑμῖν
3773 474 3980 538 αὐτοῖς

700 569 851 636 ipsis,
884 580 998 622 turn
1045 567 1300 636 sigillum,
1331 576 1440 618 tum
1474 565 1784 635 praesidium
1825 563 2042 614 tradidi.
2071 559 2264 612 Videte

700 660 865 728 igitur
912 673 978 712 ne
1030 657 1354 721 seductoris,
1410 664 1471 708 ut
1524 670 1624 708 vos
1679 669 1802 707 eum
1855 652 2155 722 appellatis,
2212 651 2278 703 de

701 767 796 804 sua
843 750 1246 804 resurrectione
1290 747 1734 818 praedictionibus
1781 753 1977 799 eventu
2024 758 2278 810 compro-

702 841 863 903 batis,
895 838 1137 906 improba
1175 854 1366 894 rursus
1405 847 1740 897 commenta.
1791 835 2062 901 falsasque
2107 833 2280 901 impo-

701 943 878 984 sturas
923 933 1164 985 struatis.
1221 930 1354 983 Nam
1409 939 1517 983 stat
1573 930 1752 983 resin
1810 926 2085 980 novaculae
2137 927 2274 980 acie.

704 1022 860 1074 Nunc
884 1021 1153 1089 judicium
1171 1033 1273 1083 est,
1307 1028 1362 1072 ut
1398 1021 1511 1090 ipse
1544 1020 1762 1075 dixit".
1801 1019 1856 1072 Si
1890 1020 2034 1071 enim
2068 1017 2279 1070 exalta-

699 1123 785 1167 tus
831 1112 948 1180 ipse
980 1111 1142 1166 fuerit
1171 1129 1201 1166 e
1236 1123 1377 1165 terra
1427 1112 1784 1182 resurgendo,
1819 1127 1914 1165 vos
1952 1121 2100 1164 certe
2133 1110 2277 1180 prino

699 1208 845 1273 cipcs
886 1205 1181 1274 ejiciemini
1211 1223 1226 1260 :
1260 1205 1348 1258 illc
1388 1216 1570 1258 autem
1623 1219 1811 1258 omnes
1841 1204 2024 1257 trahet
2076 1207 2142 1256 ad
2188 1216 2276 1257 se-

699 1297 896 1363 ipsnm.
945 1297 1068 1350 H:ec
1117 1295 1344 1351 Pilatus.
1403 1297 1597 1350 Verum
1642 1297 1807 1366 830
1852 1295 2023 1349 Judaei
2072 1296 2279 1364 pudore

699 1391 938 1458 abjecto,
991 1389 1206 1458 ingrato
1250 1403 1465 1457 semper
1495 1388 1698 1450 animo,
1746 1403 1942 1441 canum
1995 1387 2170 1441 instar
2212 1387 2279 1441 ad

628 1511 639 1518 -
699 1483 1006 1552 sepulcrum
1043 1490 1231 1545 ruunt,
1275 1481 1612 1549 lapidemque
1662 1479 1838 1548 sigillo
1877 1478 2146 1533 muniunt.
2181 1477 2280 1532 Ja-

701 1585 786 1628 cet
823 1589 953 1644 ergo
985 1575 1039 1628 in
1085 1572 1334 1641 sepulcro
1368 1581 1635 1635 mortuus,
1668 1571 1983 1626 custodibus
2009 1580 2064 1623 et
2099 1570 2281 1638 signa-

714 1666 854 1720 culis
894 1678 1229 1731 asservatus,
1276 1665 1366 1732 qui
1406 1665 1608 1718 creavit
1653 1666 1908 1734 abyssum
1945 1672 1998 1717 et
2031 1663 2281 1732 obsigna—

707 1759 829 1820 vit,
863 1757 952 1825 qui
989 1757 1122 1812 mari
1167 1771 1386 1810 arenam
1423 1755 1710 1809 terminum
1744 1755 1942 1822 posuit.
1991 1752 2279 1822 Bequievit

704 1860 760 1902 ut
790 1849 891 1914 leo,
922 1857 980 1902 ut
1005 1847 1217 1902 catulus
1258 1845 1428 1899 leonis
1450 1845 1777 1899 obdormivit
1797 1845 1866 1907 ⁸⁷,
1907 1845 1960 1897 in
1990 1845 2130 1912 regis
2159 1858 2275 1898 mo-

705 1953 814 1991 rem
848 1939 1090 1991 excubiis
1126 1945 1309 2005 septus
1356 1951 1603 1991 somnum
1634 1935 1874 2004 capiens.
1903 1933 2034 1999 Quis
2073 1935 2278 1986 excita-

703 2029 781 2082 bit
813 2029 960 2082 illum
987 2029 1011 2082 ?
1045 2029 1199 2083 Nunc
1229 2044 1539 2097 exsurgam,
1565 2027 1694 2081 dicit
1731 2025 1992 2079 Dominus
2012 2023 2056 2055 ⁸⁸
2087 2043 2100 2078 :
2132 2040 2277 2079 nunc

704 2118 1010 2184 exaltabor,
1043 2135 1187 2174 nunc
1235 2119 1618 2189 gloriﬁcabor;
1655 2133 1801 2172 nunc
1828 2117 2101 2180 videbitis,
2137 2132 2278 2171 nunc

705 2211 975 2266 sentietis.

771 2325 862 2379 55.
902 2322 1122 2378 Interim
1161 2321 1432 2382 mulieres.
1477 2319 1861 2374 ardentissimo
1895 2319 2135 2388 Magistri
2185 2320 2267 2372 in-

702 2417 991 2468 ﬂammatae
1021 2413 1316 2476 desiderio,
1362 2414 1476 2467 haec
1506 2412 1688 2464 omnia
1732 2420 1919 2480 aperte
1953 2425 2077 2464 cum
2128 2411 2277 2464 vide-

703 2515 845 2570 rent,
877 2505 1092 2573 quidvis
1134 2503 1360 2572 periculi
1410 2502 1560 2556 adire
1617 2515 1716 2571 pro
1763 2501 1991 2557 Domino
2048 2503 2282 2572 paratis-

702 2601 873 2663 simae,
909 2596 1180 2666 apostolos
1227 2595 1450 2649 audacia
1480 2604 1825 2663 superarunt,
1862 2610 1968 2648 non
2005 2596 2282 2650 sustinen-

706 2701 787 2746 tes
829 2705 887 2744 se
918 2691 985 2744 ab
1018 2689 1151 2757 ipsis
1186 2687 1290 2743 h'ac
1327 2687 1381 2741 in
1422 2688 1598 2741 laudis
1629 2698 1781 2755 parte
1811 2689 1978 2743 vinci.
2018 2688 2158 2758 Ergo
2189 2691 2282 2743 ubi

703 2781 989 2834 abundauit
1018 2779 1291 2845 delictum,
1338 2777 1783 2846 superabundavit
1813 2779 1990 2847 gratia
2010 2777 2078 2832 ".
2120 2779 2284 2835 Dece-

704 2874 798 2926 bat
820 2873 990 2934 enim,
1024 2879 1082 2924 ut
1125 2884 1221 2939 per
1246 2884 1383 2938 quas
1415 2883 1560 2923 mors
1597 2868 1776 2923 fuerat
1827 2870 2154 2935 ministrata,
2189 2887 2283 2940 per

703 2963 920 3017 easdem
970 2960 1358 3016 resurrectioni
1404 2973 1622 3030 quoque
1677 2959 2102 3015 subserviretur.
2140 2961 2278 3028 Quid

705 3064 883 3106 autem
920 3052 1027 3107 sibi
1055 3052 1187 3115 vult,
1223 3051 1366 3122 quod
1412 3051 1643 3120 apostoli
1697 3067 1758 3106 se
1802 3067 1946 3106 nunc
1970 3055 2284 3108 occultant?

2378 564 2477 631 τὴν
2513 565 2780 632 σφραγῖδα
2811 565 2907 616 καὶ
2933 565 3034 633 τὴν
3058 564 3302 636 φρουρὰν
3329 566 3702 636 ἐγκεχείρικα.
3731 566 3827 634 Μὴ
3853 568 3983 618 τοί-

2379 671 2475 707 νυν
2507 654 2725 725 ἀληθῶν
2749 655 2858 709 τῶν
2889 655 2984 709 τοῦ
3019 655 3248 721 πλάνου,
3284 657 3361 720 ὠς
3383 658 3536 709 αὐτοί
3566 675 3726 724 φατε,
3754 658 3982 710 δεικνυ-

2381 748 2558 816 μένων
2607 751 2968 820 προρρήσεων
3019 753 3088 819 τῇ
3146 749 3372 803 ἐκϐάσει
3420 751 3520 820 τῆς
3563 751 3976 811 ἀναστάσεως.

2380 839 2609 907 σκήψεις
2637 839 2817 903 δεινάς
2840 881 2856 904 ,
2908 840 3004 893 καὶ
3032 839 3201 910 ψευδῆ
3229 839 3614 914 τερατεύματα
3645 839 3798 903 ἕξετε
3824 840 3974 910 (ευ).

2377 928 2492 980 Νῦν
2510 929 2602 983 ἐπὶ
2629 928 2793 999 ξυροῦ
2817 930 3033 982 ἵσταται
3049 929 3235 999 ἀκμῆς
3254 929 3411 998 (20⁸).
3430 930 3562 983 Νῦν
3581 931 3780 996 κρίσις
3802 930 3969 992 ἐστὶ,

2377 1020 2561 1083 καθὼς
2610 1021 2775 1084 αὐτὸς
2808 1022 3032 1091 ἔφησεν.
3067 1021 3129 1072 Εἰ
3172 1028 3282 1090 γαρ
3312 1021 3476 1082 αὐτὸς
3522 1021 3712 1090 ὑψωθῇ
3756 1023 3824 1072 ἐκ
3857 1019 3973 1089 γῆς

2377 1113 2765 1181 ἀνιστάμενος,
2800 1113 2958 1182 ὑμεῖς
2993 1114 3093 1182 μὲν
3121 1114 3171 1166 οι
3203 1114 3464 1183 ἄρχοντες
3493 1111 3915 1182 ἐκὸληθήσεσθε
3949 1152 3966 1172 ,

2379 1205 2544 1266 αὐτὸς
2575 1204 2632 1257 δὲ
2663 1205 2874 1268 πάντας
2911 1204 3130 1257 ἐλκύσει
3161 1204 3297 1275 πρὸς
3326 1203 3540 1257 ἑαυτόν.
3570 1203 3760 1256 Ταῦτα
3789 1204 3971 1256 [ltiti-

2378 1312 2473 1347 του
2521 1295 2590 1347 τὰ
2645 1295 2887 1366 ῥήματα.
2951 1295 3091 1349 Ἀλλ’
3123 1297 3173 1348 οἱ
3228 1294 3465 1357 ἀναιδεῖς
3517 1294 3610 1346 καὶ
3643 1293 3971 1361 ἀγνώμονες

2392 1385 2653 1447 Ἰουδαῖοι,
2687 1388 2779 1438 ἐπὶ
2803 1388 2894 1438 τὸν
2923 1387 3093 1454 τάφον
3119 1386 3350 1456 κυνηδὸν
3393 1384 3803 1455 ἐξορμήσαντες
3821 1425 3837 1445 ,
3873 1383 3970 1436 τὸν

2379 1477 2524 1530 λίθον
2564 1479 2945 1548 σφραγίζουσι.
2982 1481 3178 1532 Κεῖται
3228 1479 3410 1531 τοίνυν
3444 1480 3502 1531 ἐν
3541 1479 3698 1548 τάφῳ
3726 1477 3968 1546 νεκρὸς,

2380 1570 2576 1637 φύλαξι
2628 1575 2723 1625 καὶ
2764 1573 3020 1642 σφραγῖδι
3078 1571 3518 1642 φρουρούμενος,
3559 1573 3586 1622 ὁ
3631 1572 3828 1634 κτίσας
3869 1572 3970 1640 τὴν

2379 1666 2615 1718 ἄϐυσσον
2665 1665 2761 1719 καὶ
2808 1665 3252 1734 σφραγισάμενος
3297 1664 3487 1733 αὑτήνο
3532 1663 3562 1714 δ
3607 1661 3837 1730 θέμενος
3904 1663 3970 1731 τῇ

2381 1757 2625 1830 θαλάσσῃ
2669 1756 2896 1826 ψάμμον
2938 1759 3104 1826 ὃριον,
3150 1755 3226 1818 ὡς
3269 1755 3408 1808 λέων
3453 1754 3838 1818 ἀνεπαύσατο,
3894 1755 3972 1817 ὡς

2386 1851 2624 1919 σκύμνος
2653 1849 2867 1912 λέοντος
2903 1849 3173 1918 ἐκοιμήθη
3197 1889 3212 1911 ,
3244 1849 3319 1910 ὡς
3357 1847 3609 1916 βασιλεὺς
3643 1847 3834 1899 ὑπνῶν
3867 1864 3972 1912 φυ-

2383 1942 2732 2012 λαττόμενος.
2777 1941 2875 2002 Τίς
2924 1942 3107 2010 ἐγερεῖ
3151 1941 3345 2006 adadv;
3387 1940 3501 1992 Νῦν
3548 1940 3967 2008 ἀναστήσομαι,

2383 2034 2531 2102 λέγει
2567 2033 2800 2103 Κύριος,
2831 2032 2926 2084 νῦν
2960 2032 3346 2101 ὑψωθήσομαι,
3383 2024 3481 2084 νύν
3530 2016 3966 2100 δοξασθήσομαι·

2384 2124 2480 2178 νῦν
2504 2124 2700 2192 ὄψεσθε
2720 2166 2736 2188 ,
2761 2125 2856 2177 νῦν
2888 2123 3238 2194 αἰσθήσεσθε.

2455 2328 2555 2394 λγ’.
2588 2326 2731 2379 Ἀλλ’
2779 2329 2835 2380 αἱ
2873 2328 3130 2394 γυναῖκες
3163 2327 3356 2379 ἐκκαεῖ
3386 2326 3481 2378 τοῦ
3521 2327 3854 2380 Διδασκάλου
3893 2329 3972 2399 τῷ

2387 2419 2596 2490 φίλτρῳ
2645 2417 2988 2488 πυρούμεναι
3011 2455 3026 2481 ,
3061 2417 3238 2470 ταῦτα
3284 2419 3464 2472 πάντα
3500 2419 3972 2490 ἀπερικαλύπτως

2387 2511 2679 2582 θεώμεναι,
2710 2512 2806 2564 καὶ
2837 2510 3278 2581 προκινδυνεύειν
3319 2511 3414 2563 τοῦ
3464 2511 3671 2584 Κυρίου
3707 2530 3973 2565 κατεπειυ

2386 2605 2640 2676 γόμεναι,
2675 2602 2785 2656 τῶν
2826 2603 3142 2656 ἀποστόλων
3174 2603 3272 2672 τὴν
3320 2602 3633 2675 παρρησίαν
3680 2604 3969 2675 ἐνίκησαν,

2387 2695 2912 2767 παρευδοκιμεῖσθαι
2984 2695 3060 2766 μὴ
3136 2695 3526 2764 ἀνασχόμεναι.
3593 2696 3737 2765 Ἀρα
3812 2697 3970 2748 ὅπου

2387 2787 2765 2842 ἐπλεόνασεν
2823 2785 2861 2852 ἠ
2923 2784 3213 2854 ἁμαρτία,
3270 2784 3872 2850 ὑπερεπερίσσευσεν
3931 2784 3972 2848 ἡ

2389 2881 2578 2951 χάριςο
2630 2878 2775 2930 Ἔδει
2809 2876 2919 2948 γὰρ
2955 2877 3020 2946 δὴ
3063 2875 3130 2928 δι’
3163 2868 3240 2928 ὧν
3281 2875 3580 2945 διηκονήθη
3611 2875 3640 2926 ὁ
3691 2873 3923 2939 θάνατος
3954 2917 3969 2936 ,

2387 2969 2476 3022 διὰ
2525 2967 2731 3021 τούτων
2769 2963 3226 3036 λειτουργηθῆναι
3264 2964 3360 3016 καὶ
3403 2963 3501 3034 τὴν
3550 2962 3871 3017 ἀνάστασιν.
3905 2963 3974 3015 Τί

2387 3059 2444 3112 δὲ
2508 3059 2707 3129 δήποτε
2769 3059 2818 3108 οἰ
2863 3040 3577 3125 ἀπόστολοι”³κρύπτονται;
3630 3054 3779 3106 Ἔδει
3845 3057 3974 3115 τοὺς

714 3143 917 3214 Nempe
946 3159 1081 3212 opus
1113 3153 1252 3207 erat,
1296 3152 1354 3196 ut
1400 3144 1592 3198 divina:
1618 3145 1934 3199 oeconomia:
1980 3145 2276 3202 ﬁdelissimi

2388 3151 2486 3220 τῆς
2548 3150 2696 3212 θείας
2741 3147 3055 3218 οἰκονομίας
3115 3146 3484 3215 φυλάττεσθαι
3539 3145 3825 3216 μάρτυρας
3879 3163 3974 3197 πι-

704 3244 872 3289 testes
924 3243 1400 3298 conservarentur,
1433 3235 1521 3302 qui
1562 3235 1814 3304 gentibus
1855 3250 2129 3304 praecones
2177 3236 2274 3292 fo-

705 3335 849 3391 rent,
901 3340 1001 3380 ceu
1071 3325 1272 3380 oculati
1334 3335 1521 3388 testes,
1584 3336 1639 3380 et
1691 3327 1925 3380 ministri
1973 3329 2281 3383 divinorum

710 3433 1023 3476 sermonum
1078 3417 1435 3471 exstitissent.
1484 3419 1596 3471 tlur
1635 3418 1797 3470 etiam
1834 3417 2026 3473 Petrus
2058 3420 2283 3474 tantula-

707 3522 794 3565 tor
823 3509 913 3563 ille
957 3518 1013 3562 et
1047 3508 1310 3562 bOnoruut
1345 3519 1530 3562 custos
1579 3509 2050 3578 diligentissimus,
2085 3513 2139 3565 in
2187 3527 2283 3566 ne-

708 3602 982 3673 gationem
1033 3616 1204 3670 usque
1259 3600 1366 3654 labi
1425 3602 1725 3668 permissus
1774 3604 1962 3656 est“?
2018 3602 2282 3660 Futurum

707 3693 914 3749 scilicet
948 3701 1066 3746 erat
1100 3703 1158 3744 ut
1203 3692 1252 3745 ei
1289 3693 1474 3747 clavus
1521 3692 1776 3747 Ecclesiae
1828 3696 2282 3751 committeretur.

708 3787 826 3851 Quo
854 3785 1018 3840 sciret
1053 3785 1212 3854 igitur
1257 3785 1360 3838 illis
1394 3785 1675 3854 ignoscere
1714 3785 1808 3855 qui
1863 3801 1928 3839 ex
1977 3797 2288 3857 transgres-

709 3880 861 3933 sione
893 3888 1326 3940 reverterentur,
1353 3891 1562 3931 summa
1596 3877 1936 3945 providentia
1964 3878 2107 3933 Deus
2143 3879 2286 3936 hanc

708 3985 830 4024 eum
882 3969 1293 4036 abnegationem
1330 3969 1594 4022 excedere
1628 3969 1894 4039 permisit,
1948 3979 2008 4023 ut
2054 3971 2285 4026 aliorum

719 4063 926 4130 lapsum
982 4061 1486 4123 commiseraretur,
1532 4061 1751 4129 proprio
1787 4061 1941 4129 lapsu
1976 4075 2075 4116 suo
2103 4064 2288 4116 erudi-

710 4165 819 4207 tus.
871 4152 1120 4206 Mulieres
1172 4166 1302 4206 vero
1349 4152 1531 4205 divina
1591 4151 1766 4220 gratia
1817 4153 1990 4205 instar
2029 4153 2288 4221 unguenti

709 4242 987 4306 confertae,
1028 4253 1084 4296 et
1112 4242 1407 4305 Christum,
1435 4251 1766 4311 unguentum
1800 4240 1926 4296 illud
1955 4242 2008 4296 in
2044 4251 2286 4298 nostram

711 4334 1159 4389 instaurationem
1223 4331 1455 4386 eﬂ‘usuut
1513 4347 1701 4385 amore
1761 4347 1862 4386 suo
1916 4334 2285 4396 attrahentes,

711 4427 910 4495 ipsum,
935 4424 1152 4479 deitatis
1177 4424 1394 4491 quidem
1423 4423 1631 4478 ratione
1655 4421 1887 4477 eﬂ'usum
1933 4434 1987 4478 et
2017 4425 2286 4493 inungen-

2388 3241 2697 3304 στοτάτους,
2744 3238 3037 3307 ἐσομένους
3060 3239 3172 3300 τοῖς
3203 3235 3382 3288 ἔθνεσι
3432 3235 3701 3306 κήρυκας,
3737 3235 3813 3296 ὡς
3844 3236 3975 3287 αιτ-

2385 3335 2555 3396 ὀπτας
2587 3333 2682 3386 καὶ
2727 3330 3004 3401 ὑπηρέτας
3052 3329 3160 3383 τῶν
3209 3329 3372 3383 θείων
3424 3328 3740 3398 μυστηρίων
3798 3327 3974 3396 ύττάρ-

2387 3426 2604 3493 ξαντας.
2649 3425 2714 3477 Τί
2752 3425 2807 3477 δὲ
2859 3423 2956 3476 καὶ
3002 3425 3031 3477 δ
3063 3415 3271 3490 Πέτρος
3315 3422 3570 3474 ἐκπεσεῖν
3608 3422 3973 3488 συγχωρεῖται

2386 3516 2526 3588 πρὸς
2553 3516 2805 3585 ἄρνησιν,
2836 3511 3082 3583 ζηλωτὴς
3109 3505 3262 3574 οὗτος
3290 3512 3385 3562 καὶ
3409 3508 3517 3562 τῶν
3548 3506 3770 3575 ἀγαθῶν
3799 3505 3975 3574 φύλαξ

2387 3609 2462 3662 ὢν
2496 3608 2924 3679 άκριῦέστατοςς
2963 3604 3197 3674 Ἔμελλε
3235 3603 3298 3673 δὴ
3343 3605 3469 3665 τοὺς
3499 3605 3598 3671 τῆς
3646 3600 3972 3668 Ἐκκλησίας

2387 3697 2790 3768 ἐγχειρίζεσθαι
2827 3697 3040 3757 οἴακας.
3098 3694 3188 3756 Ὠς
3234 3688 3328 3746 οὖν
3375 3690 3714 3760 συγγνώμων
3746 3691 3863 3751 τοῖς
3909 3691 3973 3740 ἐκ

2387 3789 2753 3862 παραϐάσεως
2777 3787 3158 3842 παλινοστοῦσι
3185 3785 3444 3854 γίγνοιτο,
3471 3781 3814 3851 ἐξολισθῆσαι
3841 3799 3975 3851 προ-

2389 3881 2652 3953 νοητικῶς
2684 3882 3047 3950 συγχωρεῖται
3077 3880 3176 3948 τὴν
3210 3877 3463 3948 ἄρνησιν,
3503 3873 3796 3944 συμπαθὴς
3832 3869 3970 3926 εἶναι

2389 3972 2467 4042 τῷ
2499 3972 2685 4043 οἰκείῳ
2739 3971 3124 4040 παιδευόμενος
3179 3967 3526 4037 ὀλισθήματι.
3592 3964 3731 4018 Ἀλλ’
3767 3966 3824 4017 αἰ
3877 3983 3976 4032 γυο

2388 4067 2571 4127 ναῖκες
2603 4063 2774 4134 μύρου
2803 4062 2963 4132 δίκην
2991 4061 3090 4131 τῆς
3119 4060 3266 4122 θείας
3289 4057 3700 4128 ἐμφορούμεναι
3729 4056 3973 4125 χάριτος,

2389 4155 2485 4208 καὶ
2517 4155 2749 4224 Χριστὸν
2775 4154 2836 4206 τὸ
2867 4152 3103 4207 κενωθὲν
3133 4151 3305 4222 μύρον
3339 4151 3420 4212 εἰς
3447 4149 3602 4218 ἡμῶν
3631 4148 3975 4201 ἀνακαινισιν

2388 4245 2467 4315 τῷ
2493 4245 2643 4315 πόθῳ
2681 4242 2977 4296 ἑλκύσασαι
2999 4283 3014 4309 ,
3054 4241 3145 4294 τὸν
3183 4239 3378 4301 θεῖκῶς
3413 4239 3510 4308 μὲν
3542 4236 3850 4290 κενωθέντα
3881 4236 3976 4287 καὶ

2390 4337 2656 4407 χρίσαντα
2677 4376 2692 4401 ,
2720 4334 3013 4406 χρισθέντα
3041 4333 3097 4386 δὲ
3134 4330 3490 4402 σωματικῶς’
3527 4328 3588 4381 τό
3620 4345 3678 4380 τε
3711 4327 3819 4398 γὰρ
3852 4327 3975 4396 χρί-

2393 4445 2514 4494 σαν,
2555 4431 2650 4481 καὶ⁵
2697 4427 2759 4480 τὸ
2791 4425 3012 4497 χρισθὲν
3058 4426 3138 4488 εἰς
3184 4423 3301 4486 ἐνὸς
3357 4419 3650 4492 προσώπου
3702 4421 3797 4471 καὶ
3847 4420 3976 4487 μιᾶς

712 4527 845 4578 tetu,
877 4514 1120 4584 corporis
1159 4526 1366 4579 autem,
1400 4524 1622 4568 unctum
1673 4516 1820 4581 (nam
1850 4525 1900 4568 et
1935 4517 2076 4584 quod
2108 4518 2281 4582 unxit,

2389 4519 2742 4582 ὑποστάσεως
2777 4518 3038 4588 συνῆλθον
3088 4514 3482 4586 συμπλήρωσιν
3507 4528 3518 4541 ·
3558 4509 3745 4562 τοῦτον
3777 4509 3863 4560 ἀεὶ
3895 4507 3974 4575 τῷ

709 4605 933 4673 etquod
976 4613 1195 4657 unctum
1246 4619 1303 4657 es
1337 4643 1352 4669 ,
1404 4607 1457 4658 in
1506 4619 1664 4656 uuam
1699 4618 1984 4672 personant
2027 4615 2082 4658 et
2121 4607 2291 4676 hypo-

710 4695 900 4751 stasim
926 4695 1162 4766 coivere)
1193 4696 1366 4759 illum,
1417 4696 1667 4765 inquam,
1701 4711 1923 4766 semper
1955 4699 2160 4751 amoris
2205 4715 2294 4750 ar-

712 4788 840 4839 dore
885 4793 1301 4855 persequentes,
1356 4786 1519 4854 inque
1560 4793 1958 4853 unguentorum
2007 4787 2124 4852 ejus
2162 4788 2294 4840 odo-

2392 4611 2600 4682 φίλτρῳ
2631 4611 2956 4672 διώκουσαι,
2985 4608 3080 4662 καὶ
3102 4608 3182 4670 εἰς
3203 4603 3379 4674 ὀσμὴν
3411 4602 3596 4673 μύρων
3621 4598 3786 4652 αὑτοῦ
3820 4598 3974 4650 ἀνεν-

2389 4702 2556 4765 δότως
2587 4702 2914 4772 τρέχουσαι,
2966 4699 3114 4770 μύρα
3163 4696 3324 4750 πάλιν
3370 4692 3670 4754 ὠνοῦνται,
3704 4689 3802 4742 καὶ
3836 4687 3974 4754 πρὸς

2390 4792 2480 4845 τὸν
2509 4792 2679 4860 τάφον
2724 4790 3062 4858 ἐπείγονται.
3102 4790 3194 4841 Διὸ
3236 4785 3332 4840 καί⁵
3379 4783 3594 4855 πρῶται
3641 4780 3972 4848 τυγχάνουσι

719 4891 835 4930 rem
889 4877 1334 4931 constantissime
1402 4887 1728 4941 currentes,
1784 4885 2056 4942 unguenta
2106 4892 2282 4932 rursus

2391 4883 2494 4953 τῆς
2525 4883 2677 4946 θείας
2710 4884 3087 4946 ἀναστάσεως,
3109 4882 3204 4935 τοῦ
3234 4879 3441 4934 δικαίου
3471 4875 3657 4950 κριτοῦ
3684 4874 3783 4940 τὴν
3814 4871 3974 4940 χάριν

712 4977 917 5034 eruunt,
966 4981 1020 5023 ct
1070 4969 1134 5024 ad
1185 4971 1492 5038 scpuicrutn
1536 4976 1850 5037 properant.
1897 4966 2075 5032 Quare
2102 4969 2289 5036 prima:

2397 4975 2824 5046 ὲπιμετροῦντος
2853 4978 2920 5046 τῇ
2959 4975 3240 5046 προθυμίᾳ
3265 4969 3616 5039 κατάλληλον.

715 5063 882 5112 etiam
914 5060 1112 5115 divinae.
1154 5062 1573 5116 resurrectionis
1607 5061 1900 5130 participes
1947 5060 2082 5113 liunt
2108 5076 2124 5126 ;
2151 5061 2299 5131 justo
2365 5067 2572 5136 judice,
2620 5084 2721 5138 pro
2769 5069 2966 5138 insigni
3009 5070 3114 5124 isto
3150 5069 3367 5123 fervore
3441 5075 3636 5118 munus
3677 5063 3975 5122 congruum

716 5150 1064 5214 rependeute.

784 5239 873 5294 54.
901 5240 1068 5309 Igitur
1102 5256 1199 5295 nos
1226 5257 1441 5310 quoque
1488 5241 1690 5296 similes
1727 5240 2021 5295 evadamus
2051 5241 2290 5308 pruden-

717 5331 860 5384 tibus
895 5333 1087 5397 servis,
1129 5333 1534 5404 patrisfamilias
1584 5333 1871 5387 adventum
1921 5333 2286 5402 pratstolanti-

786 5490 831 5518 ⁸⁸
857 5487 992 5542 Joan
1047 5503 1142 5550 xu,
1183 5489 1270 5540 3|.
1351 5488 1394 5518 ⁸⁷
1424 5488 1558 5541 Gen.
1596 5504 1744 5550 xtux.
1774 5488 1827 5540 ti.

715 5559 787 5612 24
816 5561 868 5611 t'u
906 5558 1142 5626 Evnng.;
1170 5559 1364 5628 Clttys.
1392 5559 1458 5611 de
1487 5558 1646 5611 l'clt‘o
1674 5567 1726 5611 et
1759 5559 1894 5622 Elia,
1933 5569 1988 5612 cl
2015 5560 2126 5611 alii.

791 5719 900 5787 (ευ)
922 5719 984 5771 IL
1009 5717 1385 5789 ᾇευδηγορίαςο
1411 5718 1503 5771 καὶ
1530 5736 1583 5769 τε
1595 5717 1912 5787 ρατεύματα
1933 5717 2277 5785 ἐπινοήσητςε.

719 5791 870 5846 Culb.
919 5805 1016 5855 pro
1067 5790 1215 5853 ἕξετε
1248 5788 1445 5844 liabet.
1510 5788 1705 5850 ἐτοιτε,
1765 5790 2046 5855 legendum
2104 5789 2291 5841 saltent

1907 5487 1952 5517 ⁸⁸
1989 5486 2131 5540 Psal.
2169 5503 2243 5553 XI,
2273 5487 2324 5541 6.
2402 5489 2447 5520 "
2490 5487 2644 5541 Rom.
2676 5487 2842 5554 v,‘20.

2469 5240 2564 5294 λδ’.
2608 5240 2902 5311 Γενώμεθα
2937 5240 3116 5292 τοίνυν
3145 5240 3239 5292 καὶ⁵
3287 5239 3446 5306 ἡμεῖς
3475 5235 3650 5304 ὅμοιοι
3683 5233 3865 5300 σοφοῖς
3898 5233 3977 5282 οἱς

2399 5333 2586 5397 κέταις
2616 5333 3071 5405 προσδεχομένοις
3104 5330 3198 5383 τοῦ
3245 5329 3619 5382 οἰκοδεσπότου
3648 5324 3746 5395 τὴν
3773 5321 3973 5391 ἀφιξιν,

2939 5487 2983 5518 ⁸ο
3013 5487 3103 5541 Sic
3132 5485 3199 5539 de
3226 5484 3387 5540 Petro
3419 5483 3577 5553 Greg.
3608 5481 3749 5552 Mag.
3824 5481 3975 5535 bom.

2399 5713 2578 5779 ἕςητε.

2476 5784 2609 5838 ’2οῚ
2652 5780 2826 5848 lliad.,
2866 5799 2897 5837 χ
2959 5796 3098 5837 vers.
3137 5779 3259 5835 175.
