4202 6496
700 442 806 505 639

1861 429 1921 487 S.
1954 423 2272 487 JOANNIS
2310 421 2742 482 DAMASCENI
2810 486 2817 492 _

3854 420 3967 482 640

701 555 858 609 nobis
876 548 1148 622 promisit)
1176 560 1306 616 puro
1330 543 1660 599 conscientia
1685 542 1907 596 edentes
1924 549 1974 594 et
1993 538 2239 592 bibentes
2261 554 2275 590 :

2397 533 2474 604 ἱὴς
2514 531 2622 604 γάρ
2655 534 2685 586 6
2734 530 3239 603 ἐπαγγειλάμενοςο
3286 530 3501 602 καθαρᾷ
3546 532 3612 602 τῇ
3650 531 3970 602 συνειδήσει

699 659 929 714 quorum
963 654 1160 712 opera,
1209 641 1381 692 instar
1431 635 1584 698 auri,
1639 640 1981 702 peccatorum
2030 627 2280 682 sordibus

702 735 959 791 abstersis
992 730 1256 791 mandati,
1287 725 1709 782 immortalitatis
1743 722 2110 777 hazreditatem
2132 727 2282 789 post-

703 824 918 879 modum
978 837 1166 876 smnus
1208 818 1450 887 adepturi
1489 826 1544 870 et
1597 813 1828 885 cepulati
1864 815 1970 866 Deo
1996 852 2010 874 ,
2061 813 2283 881 ipsaque

703 915 910 968 Deitate
950 913 1177 974 imbuti,
1238 911 1392 963 beata
1429 909 1576 963 illius
1610 904 2107 962 communicatione
2137 902 2282 954 frua-

701 1022 844 1069 mur,
887 1021 1008 1058 cum
1055 1005 1180 1057 tuba
1219 1001 1427 1055 Domini
1464 999 1774 1068 personabit
1799 1035 1814 1057 .
1849 1012 1911 1050 ac
1940 996 2283 1062 surgentibus

704 1095 1206 1164 llml'lllisjlltllClllm
1231 1092 1438 1146 sedebit
1470 1090 1522 1143 in
1558 1090 1644 1143 die
1674 1103 1779 1155 qua
1811 1085 2000 1139 statuit
2024 1084 2283 1140 Dominus

701 1190 884 1239 urbem
921 1186 971 1238 in
1002 1184 1210 1254 justitia
1235 1182 1504 1250 judicare.
1536 1181 1756 1246 Quando
1787 1195 1976 1249 nempe
2014 1180 2282 1249 propriam

703 1277 755 1328 in
801 1276 1066 1343 integrum
1106 1273 1502 1326 restitutionem
1555 1280 1748 1323 cuneta
1799 1277 2081 1336 receptura
2132 1276 2282 1331 sunt,

702 1377 984 1438 postquam
1015 1364 1165 1418 nulla
1187 1365 1441 1430 deinceps
1461 1362 1711 1416 adveniet
1737 1361 2026 1414 restitutio.
2061 1359 2287 1425 Quando

702 1459 843 1527 ignis
873 1456 1238 1520 adversarios,
1271 1455 1400 1509 nihil
1424 1469 1518 1508 eos
1539 1455 1906 1508 consumendo
1931 1455 2289 1506 devoraturus

701 1561 806 1610 est,
830 1550 1013 1618 justos
1035 1556 1213 1622 autem
1243 1545 1549 1598 mansiones
1575 1552 1698 1598 aute
1719 1544 1916 1598 saecula
1938 1553 2137 1612 parata:
2164 1552 2290 1597 sunt

711 1651 1081 1709 susceptum,
1132 1653 1338 1692 necnon
1386 1639 1538 1692 sinus
1588 1637 1856 1702 Abrahae;
1916 1638 2056 1690 Deus
2107 1637 2291 1705 utique

708 1730 944 1783 Verbum
978 1740 1033 1782 et
1070 1729 1328 1782 Dominus
1353 1767 1369 1791 ,
1412 1743 1481 1782 ex
1527 1728 1757 1782 Abrahae
1805 1728 1923 1780 sinu
1956 1728 2288 1791 incarnatus,

703 1821 930 1888 Quando
975 1821 1258 1890 impiorum
1317 1819 1534 1888 quidem
1590 1828 1731 1873 terra
1779 1827 2033 1882 corruet,
2089 1832 2290 1886 eosque

705 1914 878 1980 caligo
910 1919 964 1966 et
1000 1911 1140 1980 ignis
1193 1912 1509 1965 tenebrosus
1559 1921 1718 1980 quem
1767 1910 1868 1964 sibi
1904 1909 2282 1975 accenderant,
2315 1895 2358 1950 Β

707 2004 1011 2072 vermisque
1042 2002 1334 2070 irrequiete
1361 2002 1677 2066 lancinans,
1707 2016 1771 2056 ac
1802 2001 2009 2055 stridor
2043 2001 2286 2054 dentium

707 2109 830 2148 cum
870 2095 1085 2150 fremitu
1113 2096 1305 2148 mistus
1332 2094 1452 2148 illos
1489 2093 1908 2164 comprehendet
1941 2111 1954 2146 :
1989 2103 2164 2147 rectos
2194 2109 2292 2145 au-

708 2195 817 2241 tem
849 2188 1030 2249 corde,
1072 2201 1135 2242 ac
1165 2188 1375 2241 sincera
1410 2185 1510 2240 ﬁde
1534 2187 1806 2254 przeditos,
1841 2186 2174 2255 Splendidos,
2207 2185 2290 2237 in-

708 2288 813 2340 qne
865 2273 994 2327 solis
1060 2274 1274 2327 modum
1330 2273 1634 2344 fulgentes,
1686 2262 2088 2328 mansuetorum
2145 2283 2284 2326 terra

708 2365 943 2433 excipiet
967 2366 1034 2418 ".
1068 2365 1294 2431 Quando
1327 2365 1588 2432 futurum,
1620 2376 1678 2420 ut
1710 2367 1873 2419 fatuae
1915 2366 2016 2419 illae
2054 2367 2294 2434 virgines

712 2456 1050 2524 ineptissime
1096 2457 1380 2510 turbentur
1406 2495 1421 2520 ,
1466 2468 1767 2525 opportuna
1808 2457 2112 2526 importune
2150 2471 2294 2524 qua:-

712 2557 922 2611 rentes,
951 2548 1357 2614 exstinctasque
1381 2545 1650 2609 lampades
1671 2544 1790 2599 oleo
1816 2557 2076 2599 extraneo
2096 2547 2294 2599 orn'are

712 2647 1041 2706 satagentes.
1069 2623 1278 2703 Quibus
1329 2636 1601 2692 thalamus
1639 2637 1854 2705 quidem
1909 2637 1998 2692 ille
2040 2637 2294 2706 nuptialis

713 2727 1014 2791 claudetur,
1037 2728 1168 2780 dura
1189 2738 1369 2782 autem
1396 2728 1692 2798 incorrupti
1714 2727 1911 2794 judicis
1933 2743 2035 2783 vox
2057 2729 2124 2784 de
2149 2729 2295 2784 intus

714 2819 929 2874 sonabit
974 2837 987 2872 :
1046 2818 1238 2872 Nescio
1296 2834 1382 2870 vos
1418 2818 1494 2871 ιη.
1543 2818 1708 2888 332
1747 2817 1912 2884 Quasi
1957 2819 2142 2876 dicat:
2177 2819 2296 2876 Non

716 2911 882 2980 diligo
910 2924 1025 2972 vos,
1060 2909 1150 2977 qui
1177 2924 1274 2964 uec
1299 2909 1496 2963 fratres
1529 2924 1682 2963 meos
1715 2910 2036 2977 dilexeritis,
2065 2925 2166 2965 nec
2196 2911 2298 2964 mi-

717 2999 1027 3055 sericordiae
1068 3001 1275 3054 viscera
1320 3015 1448 3068 erga
1479 3000 1624 3069 ipsos
1657 3001 2080 3055 commoveritis.
2117 3001 2296 3068 Quare

710 3092 979 3161 judicium
1013 3092 1128 3146 sine
1161 3091 1524 3145 misericordia
1562 3091 1650 3160 ﬁet
1695 3091 1742 3146 ei
1776 3091 1866 3160 qui
1899 3107 2000 3145 non
2031 3092 2150 3160 fecit
2193 3092 2296 3144 mi-

723 3182 1069 3238 sericordiam
1093 3183 1160 3235 ⁸⁸.
1189 3181 1345 3237 Nullo
1375 3183 1519 3237 enim
1549 3197 1670 3252 ego,
1698 3182 1789 3251 qui
1818 3183 2126 3237 misericors
2151 3199 2291 3246 sum,

725 3277 872 3330 cultu
911 3277 992 3329 sic
1041 3274 1313 3340 delector,
1362 3289 1426 3328 ac
1467 3273 1860 3330 misericordia.
1900 3272 2046 3328 Nihil
2081 3275 2161 3330 sic
2207 3289 2301 3328 cor

723 3382 900 3420 meum
927 3367 1088 3435 rapit,
1113 3381 1174 3420 ae
1198 3365 1619 3420 commiseratio.
1653 3363 2077 3418 Misericordiam
2105 3365 2302 3433 quippe
2328 3405 2332 3418 ς

723 3457 868 3519 volo,
899 3471 962 3510 ac
988 3472 1095 3510 non
1122 3456 1445 3511 sacrificium
1477 3456 1491 3486 ⁸
1526 3472 1540 3508 :
1579 3454 1962 3510 Misericordia:
1992 3454 2134 3510 fores
2164 3457 2302 3510 indi-

721 3546 971 3616 gentibus
1011 3563 1115 3600 non
1150 3547 1437 3615 aperuistis
1464 3585 1480 3609 ,
1528 3547 1815 3601 necwobis
1844 3547 1957 3614 ipse
1998 3547 2050 3599 in
2096 3547 2300 3617 regiam

728 3652 900 3691 meam
927 3638 1227 3707 ingressum
1257 3639 1518 3706 aperiam.
1555 3637 1677 3690 llaec
1706 3651 1865 3708 seges
1880 3648 1982 3702 est,
2005 3652 2167 3707 quam
2199 3638 2302 3692 sibi

725 3726 887 3780 fatua:
915 3727 1265 3796 collegerunt.
1306 3726 1607 3781 Prudentes
1641 3737 1819 3781 autem
1846 3728 2084 3795 virgines
2104 3738 2304 3797 paratae

723 3829 852 3872 sunt
882 3857 900 3884 ,
934 3829 990 3872 et
1041 3835 1144 3872 non
1195 3828 1320 3872 sunt
1373 3820 1620 3873 turbatae.
1657 3819 1942 3874 lnstructis
1975 3821 2118 3875 enim
2156 3823 2301 3874 onmi

725 3913 987 3966 virtutum
1023 3927 1220 3978 genere
1254 3913 1624 3982 lampadibus,
1675 3926 1738 3965 ac
1777 3912 2146 3967 beneﬁcentiae
2185 3915 2304 3970 oleo

728 3998 970 4072 irrigatis
996 4040 1012 4067 ,
1051 4017 1172 4055 cum
1210 4003 1514 4056 illustrante
1540 4012 1701 4058 rectae
1736 4002 1859 4058 ﬁdei
1906 4005 2028 4073 igne
2071 4006 2189 4061 illas
2215 4020 2306 4060 ae-

729 4094 1078 4158 eemlissent,
1121 4093 1332 4147 alacres
1384 4107 1584 4161 sponso
1634 4094 1808 4147 media
1856 4107 2013 4148 nocte
2052 4095 2306 4150 alacriter

732 4186 944 4240 obviam
981 4198 1174 4240 euntes
1199 4227 1212 4249 ,
1253 4187 1304 4238 itt
1337 4186 1519 4238 divino
1565 4184 1802 4238 thalamo
1841 4183 2069 4239 choreas
2101 4193 2304 4254 agunt;

727 4277 953 4346 ejusque
1009 4277 1111 4331 loci
1165 4276 1375 4343 gaudiis
1425 4275 1810 4344 perfruuntur,
1851 4291 2049 4345 sponso
2089 4277 2163 4330 illi
2207 4291 2307 4332 suo

727 4370 1035 4423 castissime
1086 4381 1265 4421 tuente
1304 4369 1600 4436 animoque
1649 4365 1975 4436 conjunctae,
2026 4367 2308 4437 dignasque

729 4461 947 4526 habitae,
988 4474 1108 4530 qua:
1147 4475 1269 4514 eum
1322 4473 1460 4529 puro
1501 4467 1909 4514 eonversentur.

800 4751 890 4806 56.
930 4749 1042 4804 Nos
1087 4748 1271 4818 igitur,
1304 4761 1338 4801 o
1371 4747 1549 4801 divine
1580 4753 1634 4799 et
1659 4760 1812 4800 sacer
1842 4723 2018 4814 magn.
2049 4745 2318 4810 Pastoris,-

729 4841 1142 4908 sacerdotisque
1169 4854 1233 4893 ac
1262 4839 1497 4891 victimae
1518 4851 1668 4907 grex,
1694 4835 1922 4905 pepulus
1942 4837 2310 4905 acceptabilis,

736 4934 914 4997 regale
943 4931 1303 4987 sacerdotium
1327 4930 1386 4994 ‘;
1425 4943 1522 4982 nos
1553 4927 1644 4996 qui
1690 4936 1747 4980 ut
1773 4927 1912 4980 servi
1947 4926 2148 4980 Christi
2172 4966 2187 4989 ,
2216 4942 2312 4981 uo-

737 5041 859 5078 mc-n
891 5039 1084 5076 novum
1115 5021 1291 5089 adepti
1323 5033 1508 5074 sumus
1528 5058 1544 5083 ,
1598 5018 1710 5085 ejus
1757 5026 2024 5071 tormenta
2049 5061 2064 5083 ,
2127 5019 2310 5082 verba,

733 5130 932 5182 Opera,
983 5115 1164 5166 animo
1223 5119 1577 5179 reputantes,
1630 5109 1798 5177 ipsius
1855 5121 2068 5177 quoque
2096 5109 2311 5162 vivitica

733 5207 988 5260 mandata
1025 5220 1246 5258 servare
1292 5204 1622 5257 Studeamus.
1662 5201 1752 5254 Ait
1787 5201 1966 5254 enim:
2016 5199 2226 5253 Credite
2257 5201 2314 5253 in

735 5300 902 5352 Deum
926 5339 942 5365 ,
982 5307 1028 5350 et
1067 5297 1123 5349 iu
1151 5312 1229 5350 me
1263 5295 1456 5348 credite
1479 5293 1521 5346 ³.
1554 5293 1621 5347 Et
1651 5295 1842 5346 iterum
1879 5308 1892 5346 :
1936 5291 2113 5344 Alium
2146 5289 2317 5342 Para-

733 5391 925 5445 cletum
972 5387 1134 5443 Pater
1173 5389 1338 5440 mittet
1393 5382 1570 5449 vobis,
1619 5387 1769 5454 quia
1805 5380 1967 5436 Patre
1994 5383 2225 5451 procedit
2258 5382 2298 5437 ⁸.

808 5547 852 5576 ⁹⁷
885 5544 1073 5598 Matth.
1105 5559 1230 5603 xxv,
1267 5541 1356 5594 54.
1435 5541 1478 5571 ⁸⁷
1521 5539 1704 5591 Matth.
1743 5537 1886 5607 v,74.
1964 5537 2011 5568 ’⁸
2046 5536 2232 5590 Matth.
2265 5553 2294 5591 ι

2425 5537 2579 5594 1-12.
2655 5539 2700 5571 ⁸⁸
2739 5538 2854 5592 Jac.
2891 5557 2949 5607 ιι,
2980 5544 3060 5597 15.

734 5620 755 5650 ⁸
787 5616 803 5669 l
833 5617 956 5670 l’etr
1013 5631 1070 5678 tt,
1101 5616 1153 5665 9.
1230 5612 1251 5642 ³
1279 5611 1438 5664 .Ιυ.ιιι.
1470 5625 1578 5674 XIV,
1615 5611 1662 5663 l.
1741 5609 1763 5638 ⁸
1795 5606 1956 5662 Joan.
1995 5622 2106 5673 XIV,
2141 5609 2228 5662 16.

808 5776 922 5842 (‘27)
957 5775 1020 5827 Β.
1051 5772 1312 5844 ρύπασμα
1353 5767 1822 5844 ᾲπορρύπτονλτες.

808 5837 922 5918 (93)
949 5837 1099 5900 Colb.
1134 5837 1384 5913 λαμπραὶ
1404 5837 1646 5909 amicae.
1681 5839 1746 5894 ll.
1784 5838 2035 5909 λαμπραὶ
2069 5837 2314 5908 ἀμοιϐαὶ,

2380 626 2653 688 ἐσθίοντές
2676 641 2736 678 τε
2768 625 2863 678 καὶ
2888 625 3157 692 πίνοντες,
3184 624 3278 678 καὶ⁵
3304 623 3515 687 τούτοις
3545 624 3968 687 ἐπταπλασίως,

2380 714 2570 785 ὥσπερ
2598 731 2683 778 τις
2714 714 2914 786 χρυσὸς
2940 714 3348 786 καθαιρόμενοι,
3377 715 3471 768 καὶ
3489 715 3829 786 τὺκίϐδηλον
3865 717 3972 784 τῆς

2381 794 3027 878 ἁμαρτίαςρυπτόμενοι
3062 807 3198 879 (27),
3239 809 3334 862 καὶ
3360 808 3671 880 ἀφθαρσίαν
3700 809 3970 880 κληροδο-

2381 915 2411 951 τ
2427 898 2486 950 ού
2495 916 2668 968 μενοι,
2685 893 2690 904 ’
2705 899 2801 952 καὶ
2824 898 2942 968 Θεῷ
2975 899 3396 970 συναπτόμενοι,
3425 900 3520 954 καὶ
3539 900 3663 954 θεοῦ
3671 891 3850 972 μενοι,
3870 903 3974 954 καὶ

2382 992 2483 1062 τῆς
2520 991 2687 1044 αὐτοῦ
2722 990 3183 1061 κατατρυφῶντες
3212 993 3311 1063 τῆς
3350 993 3645 1063 μεθέξεως,
3687 995 3818 1047 ὅταν
3854 1013 3972 1063 φω-

2383 1084 2522 1154 νήσῃ
2556 1081 2650 1134 τοῦ
2682 1082 2889 1152 Κυρίου
2914 1083 3174 1152 σάλπιγξ,
3199 1084 3295 1137 καὶ
3324 1087 3372 1138 οἱ
3405 1086 3592 1157 νεκροὶ
3620 1086 3973 1156 ἀναστήσων.

2384 1191 2495 1238 ται,
2526 1176 2615 1228 ὅτε
2647 1175 2920 1229 καθιεῖται
2950 1177 3256 1248 κριτήριον,
3283 1179 3376 1230 καὶ
3403 1179 3593 1249 ἡμέρα
3686 1178 3921 1248 ἔστησεν
3941 1181 3973 1231 6

2386 1269 2518 1331 Θεὸς
2547 1269 2728 1338 κρῖναι
2749 1269 2850 1338 τὴν
2875 1269 3202 1340 οἰκουμένην
3219 1271 3278 1323 ἐν
3300 1270 3634 1343 δικαιοσύνῃ·
3666 1273 3758 1325 ὅτε
3787 1273 3972 1326 πάντα

2387 1357 2485 1428 τὴν
2510 1358 2718 1411 οἰκείαν
2747 1357 3194 1412 ἀποκατάστασιν
3225 1359 3508 1430 λήψονται,
3547 1361 3823 1431 μηδεμιᾶς
3848 1363 3971 1414 ἑτέ-

2393 1464 2492 1518 ρας
2530 1448 2972 1518 ὑπολειπομένης
3027 1450 3555 1525 ἀποκαταστάσεως·
3587 1452 3677 1505 ὅτε
3712 1451 3830 1522 πῦρ
3873 1454 3975 1524 μὲν

2389 1542 2516 1602 τοὺς
2560 1539 2917 1604 ὑπεναντίους
2973 1541 3261 1594 κατέδεται
3316 1543 3637 1614 ἀδαπάνητα
3667 1583 3682 1608 ,
3735 1546 3868 1606 τοὺς
3915 1545 3974 1597 δὲ

2390 1631 2630 1693 δικαίους
2657 1631 2714 1684 αί
2751 1633 2860 1701 πρὸ
2893 1632 3107 1686 αἰώνων
3153 1635 3554 1705 ἡτοιμασμέναι
3589 1638 3750 1707 μοναὶ
3781 1636 3976 1689 ὑποδέ-

2395 1721 2572 1786 ξονται
2611 1722 2722 1792 (28)
2747 1762 2762 1787 ,
2792 1723 2888 1775 καὶ
2925 1725 2955 1776 6
2999 1723 3249 1795 Ἀϐραὰμ
3287 1726 3487 1788 κόλπος
3509 1769 3525 1792 ,
3554 1729 3584 1780 6
3617 1730 3682 1782 ἐκ
3719 1728 3972 1792 κόλπων,

2396 1813 2562 1884 φημὶ,
2615 1813 2869 1886 ’Δϐραάμ
2907 1816 3329 1887 σεσαρκωμένος
3361 1817 3493 1881 Θεὸς
3517 1819 3690 1886 Λόγος
3719 1822 3815 1873 καὶ
3857 1820 3978 1874 Κύ-

2387 1923 2502 1977 ριος
2524 1921 2540 1938 ⁸
2568 1906 2656 1958 ὅτε
2678 1905 2789 1959 τῶν
2826 1907 2924 1976 μὲν
2955 1907 3170 1961 ἀσεϐῶν
3203 1909 3236 1978 ἡ
3267 1908 3342 1979 γῆ
3375 1912 3646 1976 πεσεῖται,
3683 1913 3778 1965 καὶ
3807 1913 3980 1979 ζόφος

2391 1999 2592 2062 αὐτοὺς
2621 1999 2962 2064 ὑποδέξεται,
3005 2003 3100 2054 καὶ
3133 2001 3244 2073 πῦρ
3275 2004 3548 2057 σκοτεινὸν
3577 2005 3714 2075 ὅπερ
3754 2006 3979 2069 ἑαυτοῖς

2389 2090 2711 2158 ἐξέκαυσαν,
2753 2093 2849 2145 καὶ¹
2879 2093 3096 2164 σκώληξ
3136 2093 3498 2165 κατατρύχων
3524 2097 3802 2168 ἀκοίμητα
3827 2139 3842 2161 ,
3876 2099 3978 2151 καὶ

2389 2183 2664 2253 κλαυθμὸς
2697 2183 2775 2255 τῷ
2808 2185 2918 2237 τῶν
2954 2187 3182 2239 ὀδόντων
3213 2186 3443 2259 βρυγμῷ
3473 2189 3810 2259 σύμμικτος·
3846 2192 3980 2253 τοὺς

2389 2273 2446 2325 δὲ
2475 2273 2650 2337 εύθεῖς
2679 2278 2745 2346 τῇ
2785 2275 3004 2347 καρδίᾳ,
3045 2277 3137 2330 καὶ
3171 2277 3354 2332 πίστιν
3382 2279 3690 2351 ἀμώμητον
3718 2280 3976 2350 ἔχοντας,

2390 2365 2695 2435 λαμπροὺς,
2740 2367 3007 2438 λαμπρῶς
3039 2369 3358 2440 λάμποντας
3385 2372 3462 2434 ὡς
3495 2373 3665 2442 ἥλιος,
3698 2375 3729 2444 ἡ
3761 2373 3834 2443 γῆ
3862 2375 3981 2427 τῶν

2392 2455 2614 2527 πραέων
2653 2457 2949 2522 έίσδέξεται
2975 2475 2989 2490 ο
3021 2461 3110 2514 ὅτε
3140 2461 3249 2514 τῶν
3279 2462 3589 2532 παρθένων,
3623 2465 3679 2514 αἱ
3721 2464 3821 2533 μὲν
3854 2481 3981 2534 μω-

2404 2547 2495 2618 ραὶ
2527 2548 2907 2618 ἀφρονέστατα
2935 2551 3401 2621 ταραχθήσονται,
3441 2555 3500 2606 ἐν
3550 2555 3610 2607 ού
3640 2555 3818 2625 καιρῷ
3870 2556 3980 2627 ζη-

2403 2641 2584 2694 τοῦσαι
2615 2641 2684 2694 τά
2708 2641 2804 2695 τοῦ
2833 2643 3053 2714 καιροῦ,
3084 2646 3181 2697 καὶ
3205 2644 3307 2707 τὰς
3343 2644 3714 2715 σϐεννυμένας
3752 2645 3984 2715 λαμπα-

2397 2733 2488 2794 δας
2519 2733 2654 2803 ξένῳ
2682 2736 2906 2805 κοσμεῖν
2935 2733 3096 2806 ἐλαίῳ
3121 2735 3539 2800 σπουδάζουσαι,
3578 2730 3667 2799 αἷς
3691 2737 3720 2787 ό
3747 2737 3987 2806 νυμφὼν

2397 2826 2497 2896 μὲν
2526 2827 3046 2895 ἀποκλεισθήσεται.
3085 2827 3238 2901 φωνὴ
3271 2828 3328 2882 δὲ
3373 2830 3468 2882 τοῦ
3498 2830 3800 2883 ἀδεκάστου
3828 2831 3987 2883 ἔνδο-

2397 2914 2486 2968 θεν
2523 2915 2718 2988 ὴχήσει
2757 2914 3034 2987 ἀπότομος
3057 2933 3070 2947 ο
3112 2919 3244 2988 ΔΟὐκ
3281 2913 3414 2970 οἴδα
3458 2916 3632 2986 ὑμᾶς.
3671 2918 3882 2970 Ταυτὸν
3925 2920 3987 2971 δὲ

2396 2983 2593 3061 εἰπείνί
2618 2983 2743 3063 ϋούκ
2766 2983 2968 3078 ἀγαπῶ
3013 2983 3156 3080 ὑμᾶς
3175 3025 3191 3040 ·
3227 3009 3289 3062 οὐ
3319 3009 3432 3081 γάρ
3461 2983 3597 3071 τοὺς
3624 3010 3793 3078 ἐμοὺς
3827 3010 3989 3063 ἀδελ-

2400 3102 2534 3169 φοὺς
2580 3102 2935 3172 ἠγαπήκατεο
2974 3104 3035 3156 οὐ
3078 3102 3180 3172 τῆς
3219 3103 3438 3172 ἀγάπης
3478 3102 3689 3163 ἑαυτοῖς
3734 3101 3989 3170 σύμϐολα

2401 3192 2788 3258 ἐπεδείξασθεο
2836 3193 2897 3246 ού
2942 3193 3230 3262 σπλάγχνα
3265 3193 3568 3263 οἰκτιρμῶν
3602 3194 3739 3262 πρδς
3778 3194 3988 3256 αὐτοὺς

2405 3282 2714 3351 ἐκινήσατε.
2738 3281 2831 3333 Διὸ
2860 3282 2899 3348 ἠ
2927 3283 3126 3349 κρίσις
3154 3283 3410 3347 ἁνίλεως
3433 3281 3512 3347 τῷ
3535 3279 3621 3351 μὴ
3649 3283 3986 3350 ποιήσαντι

2402 3375 2593 3438 ἔλεος.
2637 3375 2753 3426 Ἐπ’
2788 3374 2964 3426 οὐδενὶ
3016 3373 3148 3444 γάρ,
3177 3373 3252 3436 ὡς
3286 3373 3421 3441 ἐλέῳ
3446 3413 3461 3436 ,
3495 3376 3522 3426 6
3565 3375 3860 3443 συμπαθὴς
3905 3375 3992 3429 θεέ

2405 3464 2733 3534 ραπεύομαι·
2771 3465 2938 3517 Οὐδὲν
2967 3462 3233 3535 ἁρπάζειν
3251 3463 3350 3535 τὴν
3383 3465 3522 3534 ἐμὴν
3556 3465 3784 3535 καρδίαν
3814 3461 3985 3528 οἶδεν,

2403 3556 2436 3624 ἢ
2474 3555 2642 3619 ἔλεος.
2678 3555 2868 3608 Ἐλεον
2919 3557 3030 3626 γὰρ
3066 3553 3204 3608 Θέλω
3227 3596 3243 3621 ,
3291 3556 3383 3607 καὶ
3433 3556 3494 3608 οὐ
3531 3556 3740 3610 θυσίαν.
3798 3555 3989 3627 esp”

2405 3646 2555 3700 ἐλέου
2589 3648 2702 3709 τοῖς
2739 3647 3032 3718 χρῄζουσιν
3065 3648 3166 3701 οὐκ
3192 3648 3466 3716 ἠνοίξατε,
3499 3649 3611 3701 οὐδ’
3638 3650 3770 3719 ὑμῖν
3805 3653 3989 3704 ἐκπεο

2403 3738 2554 3791 τάσω
2596 3738 2703 3791 τῶν
2753 3739 2906 3807 ἐμῶν
2949 3739 3238 3808 βασιλείων
3275 3741 3375 3811 τὴν
3409 3741 3635 3795 εἴσοδον.
3689 3741 3880 3794 Ταῦτα
3919 3745 3992 3797 τὰ

2404 3829 2513 3883 τῶν
2539 3830 2796 3901 ἀφρόνων
2846 3830 3114 3900 γεώργια.
3144 3830 3209 3882 Δί
3243 3830 3301 3883 δὲ
3341 3830 3594 3900 φρόνιμοι
3635 3831 3992 3904 ἠτοιμάσθηο

2407 3938 2531 3987 σαν,
2565 3921 2662 3974 καὶ
2687 3921 2787 3974 οὐκ
2815 3920 3221 3992 ἐταράχθησαν.
3253 3921 3618 3975 Παντοδαπῶί
3639 3923 3748 3992 γὰρ
3770 3924 3992 3994 ἀρετῶν

2404 4014 2502 4078 τὰς
2531 4031 2680 4084 σφων
2716 4012 3007 4084 λαμπάδας
3029 4014 3408 4086 ἐμπλήσασαι,
3450 4016 3545 4068 καὶ
3572 4016 3650 4084 τῷ
3680 4018 3851 4087 ἐλαίῳ
3883 4018 3989 4088 τῆς

2407 4105 2656 4167 εὐποιίας
2683 4104 2889 4168 ταύτας
2919 4103 3169 4173 ἀφθόνως
3210 4105 3568 4176 ἀρδεύσασαι,
3603 4107 3680 4176 τῷ
3709 4125 3771 4161 τε
3815 4127 3993 4179 φωτι.

2407 4193 2578 4265 στικῷ
2622 4194 2755 4266 πυρὶ¹
2800 4195 2900 4264 τῆς
2929 4194 3212 4265 όρθοδόξου
3242 4197 3518 4266 ἀνάψασαι
3551 4199 3790 4263 πίστεως
3814 4242 3828 4263 ,
3862 4220 3993 4269 φαι-

2405 4286 2530 4356 δραὶ
2562 4285 2803 4356 φαιδρῶς
2822 4282 2901 4355 τῷ
2925 4285 3142 4356 νυμφίῳ
3175 4287 3448 4358 μεσούσης
3469 4288 3570 4357 τῆς
3592 4290 3786 4352 νυκτὸς
3811 4293 3992 4345 ὑπινο

2406 4377 2644 4446 τήσασαι
2665 4417 2680 4442 ,
2711 4378 2771 4429 ἐν
2801 4375 2882 4447 τῷ
2915 4375 3045 4447 θείῳ
3091 4379 3342 4448 νυμφῶνι
3390 4380 3673 4450 χορεύουσι
3696 4420 3710 4441 .
3766 4385 3866 4436 καὶ
3892 4385 3992 4452 τῆς

2409 4465 2601 4518 αὐτόθι
2654 4455 2935 4535 χαρμονῆς
2963 4466 3337 4531 ἀπολαύουσι,
3379 4469 3456 4538 τῷ
3493 4470 3751 4539 ἀχράντῳ
3781 4474 3993 4543 νοεμῦς

2336 4565 2381 4620 D
2404 4556 2491 4610 ἀεὶ
2515 4557 2961 4627 συναπτόμεναι,
2993 4557 3088 4612 καὶ
3123 4557 3383 4631 καθαρῶς
3425 4560 3501 4630 τῷ
3549 4561 3774 4633 καθαρῷ
3811 4580 3991 4636 προσ-

2412 4649 2624 4718 ομιλεῖν
2655 4647 2996 4718 ἀξιούμεναι.

2485 4742 2594 4805 λς’.
2639 4743 2748 4794 Καὶ
2777 4742 2931 4811 ὑμεῖς
2960 4742 3272 4811 τοιγαροῦν.
3304 4735 3349 4793 ὧ
3389 4742 3532 4795 θεῖον
3571 4743 3663 4796 καὶ
3699 4744 3850 4814 ἱερὸν
3901 4748 3992 4800 τοῦ

2419 4834 2657 4904 μεγάλου
2711 4832 3007 4902 ποιμένος,
3041 4833 3135 4886 καὶ
3199 4835 3421 4902 ἱερέως,
3458 4834 3554 4886 καὶ
3590 4834 3840 4904 θύματος
3885 4841 3998 4890 ποί-

2419 4942 2590 4994 μνιον,
2619 4925 2747 4988 λαὸς
2783 4925 3122 4995 περιούσιος,
3159 4919 3432 4992 βασίλειον
3485 4927 3805 4996 ἱεράτευμα,
3853 4932 3906 4982 οἱ
3941 4931 3999 4982 τὸ

2419 5017 2599 5070 κοινὸν
2634 5018 2807 5088 ὗνομα
2835 5019 2912 5079 ὡς
2941 5017 3178 5086 Χριστοῦ
3209 5017 3383 5070 δοῦλοι
3419 5018 3850 5088 πλουτήσαντες,
3889 5024 3999 5075 τῶν

2416 5109 2579 5163 αὐτοῦ
2615 5109 2950 5179 μεμνημένοι
2984 5109 3171 5162 παθῶν
3217 5126 3308 5174 τε,
3344 5111 3438 5162 καὶ
3469 5109 3674 5177 λόγων,
3720 5113 3818 5164 καὶ
3854 5117 3998 5181 πρά-

2421 5203 2578 5266 ξεων,
2605 5202 2863 5271 τηρῶμεν
2893 5201 3058 5253 αὑτοῦ
3081 5200 3150 5253 τὰ
3181 5200 3441 5271 ζωηφόρα
3471 5203 3802 5271 ἐντάλματα.
3843 5207 3999 5276 Ἔφη

2421 5293 2562 5363 γάρ’
2614 5294 2932 5347 Πιστεύετε
2988 5295 3066 5358 εἰς
3123 5293 3230 5344 τὸν
3263 5291 3448 5354 Θεὸν,
3481 5302 3578 5346 καί
3623 5295 3707 5358 εὶς
3749 5295 3860 5361 ἐμὲ
3907 5315 4001 5350 πι-

2408 5384 2672 5437 στεύετε.
2702 5386 2811 5437 Καὶ
2837 5383 2995 5438 ἄλλον
3017 5401 3030 5414 -
3057 5382 3449 5450 Παράκλητον
3474 5386 3507 5437 ὁ
3542 5384 3742 5451 Πατὴρ
3769 5387 4002 5456 ετέμιίει

3140 5545 3155 5575 ⁸
3189 5542 3327 5600 Osee
3360 5559 3433 5607 τι,
3461 5543 3530 5609 6;
3563 5542 3750 5597 Matth.
3790 5557 3871 5609 tv,
3909 5540 3999 5599 18.

2423 5769 2516 5820 καὶ
2589 5765 2798 5846 αἰιξινιοι
2871 5769 3205 5847 ἀναπαύσεις
3276 5769 3619 5847 ὑποδέξονται
3682 5774 3775 5826 καὶ
3832 5776 4001 5847 ἡμεῖς

2425 5840 2732 5907 τοιγαροῦν,
2770 5854 2823 5893 κ.
2851 5854 2900 5892 τ.
2942 5841 2986 5894 ἐ.
3034 5841 3096 5895 Ut
3120 5840 3514 5897 iufra.'Ca:tera
3545 5843 3756 5900 desunt.
