4202 6496
192 496 279 565 Ml

1109 497 1435 558 IIOMIIJA
1475 496 1556 556 IN
1597 494 1995 554 SABBATUM
2037 494 2411 555 SANCTUM.
2488 450 2489 453 ί

3301 501 3406 562 eis

188 618 332 685 ὐμιν,
368 613 430 667 τὸ
478 611 720 680 Πνεῦμα
751 611 863 679 τῆς
882 611 1204 679 ἀληθείας,
1234 611 1265 663 ὃ
1295 612 1452 678 παρὰ
1476 608 1581 663 τοῦ
1609 611 1727 662 Πα-
1759 657 1762 665 ι

1856 622 1885 659 n
1918 621 2041 660 eum
2077 607 2240 676 igitur
2264 606 2573 670 credentes,
2595 621 2660 659 ex
2690 608 2870 660 animo
2896 607 3069 676 ipsum
3100 607 3406 679 diligamus.

187 707 311 773 τρὸς
330 706 726 773 ἐκπορεύεται.
766 704 1117 765 Πιστεύοντες
1144 699 1261 765 οὖν,
1289 701 1545 770 ἐκθύμως
1568 698 1730 753 αὐτὸν

185 799 563 869 ἀγαπήσωμεν.
603 798 667 850 '0
703 796 812 865 γὰρ
850 796 1095 867 ἀγαπῶν
1136 812 1211 864 με
1237 836 1250 859 ,
1284 794 1470 864 φησὶν,
1501 793 1731 860 ἀγαπη-

188 887 413 955 θήσετα.
446 889 566 941 ὑπὸ
593 886 701 941 τοῦ
730 889 959 955 Πατρός
979 906 1098 956 μου
1126 928 1140 949 ,
1168 886 1266 940 καὶ
1298 885 1594 954 ἀγαπήσω
1627 884 1733 937 at)-

189 978 304 1041 τὸν,
330 980 419 1032 καὶ
450 979 759 1047 ἐμφανίσω
778 978 937 1043 αὐτῷ
958 978 1240 1049 ἐμαυτόν.

256 1067 339 1134 λζ’.
371 1071 703 1141 Μισήσωμεν
736 1066 836 1123 οὖν
875 1072 1001 1133 τοὺς
1024 1068 1250 1140 ἐχθροὺς
1288 1068 1473 1121 αὑτοῦ.
1510 1066 1624 1129 Πᾶς
1650 1065 1740 1118 ὃσ-

188 1180 269 1226 τις
315 1163 405 1233 οὔχ
457 1165 715 1233 ὁμολογεῖ
757 1164 848 1217 τὸν
887 1163 1120 1234 Χριστὸν
1154 1163 1279 1215 Υἱδν
1329 1161 1424 1215 τοῦ
1477 1159 1611 1212 Θεοῦ
1645 1160 1739 1211 καὶ

193 1252 383 1323 Κύριον
433 1255 568 1321 (29),
627 1255 966 1327 ἀντίχριστός
998 1256 1166 1307 ἐστιν.
1210 1253 1334 1306 Ἐάν
1360 1269 1445 1314 τις
1472 1252 1622 1322 εἴπῃ,
1658 1250 1740 1302 ὅτι

189 1348 359 1413 δοῦλός
390 1350 535 1401 ἐστιν
559 1351 588 1401 ὁ
634 1349 869 1420 Χριστὸς
898 1348 1008 1419 (30)
1032 1387 1046 1413 ,
1079 1347 1383 1418 κλείσωμεν
1414 1345 1514 1407 τὰς
1547 1344 1736 1407 ἀκοὰς,

190 1441 376 1503 εἰδότες
407 1442 487 1493 ὅτι
524 1441 767 1511 ψευστής
803 1443 949 1503 ἐστι,
990 1438 1085 1493 καὶ
1120 1439 1347 1509 ἀλήθεια
1380 1440 1436 1490 ὲν
1467 1436 1615 1507 αὐτῷ
1643 1438 1743 1489 οὐκ

190 1530 345 1584 ἐστιν.
384 1531 728 1598 Ἐνὲγκωμεν
754 1530 844 1581 τὸν
872 1528 1175 1597 ὀνειδισμὸν
1202 1526 1389 1587 αὑτοῦ,
1438 1524 1626 1595 ὥσπερ
1650 1525 1738 1578 δό-

192 1621 285 1690 ξης
305 1620 549 1690 διάδημα.
578 1619 864 1687 Μακάριοι
884 1619 1015 1687 γὰρ,
1039 1618 1222 1687 φησὶν,
1244 1615 1404 1680 ἐστὲ,
1435 1616 1581 1672 ὅταν
1601 1620 1748 1671 ὀνει-

192 1713 437 1766 δίσωσιν
461 1713 637 1782 ὑμᾶς,
672 1713 767 1765 καὶ
812 1710 1086 1775 διώξωσι,
1117 1710 1215 1763 καὶ
1239 1711 1450 1762 εἴπωσι
1477 1708 1600 1763 πᾶν
1635 1726 1744 1762 πο-

202 1804 378 1873 νηρὸν
393 1804 556 1873 ῥῆμα
580 1803 705 1858 καθ’
738 1803 905 1872 ὑμῶν
919 1803 1128 1855 ἕνεκεν
1147 1800 1313 1869 ἐμοῦ.
1340 1802 1582 1868 Χαίρετε
1605 1839 1619 1863 ,
1648 1799 1748 1853 καὶ

188 1893 571 1963 ἀγαλλιᾶσθε,
595 1895 683 1948 ὅτι
719 1897 751 1947 ό
784 1893 1001 1962 μισθὸς
1032 1890 1198 1961 ὑμῶν
1238 1892 1431 1955 πολύς
1462 1890 1634 1943 ἐστιν
1678 1890 1750 1943 ἐν

186 1986 309 2051 τοῖς
336 1987 631 2055 οὐρανοῖς.
659 1986 815 2039 Οὕτω
841 1986 949 2054 γὰρ
972 1985 1077 2037 τῶν
1110 1982 1311 2054 μωρῶν
1338 1984 1436 2053 μὲν
1459 1985 1559 2052 τὴν
1582 1984 1749 2053 ἀφρο-

189 2077 347 2148 σύνην
394 2079 774 2148 ἐκκλινοῦμεν,
816 2076 924 2130 τῶν
974 2075 1031 2128 δὲ
1085 2074 1367 2146 φρονίμων
1418 2073 1517 2145 τὴν
1555 2074 1750 2143 σοφίαν

187 2168 519 2237 ζηλώσομεν.

254 2277 352 2347 λη’.
377 2277 669 2348 Γενώμεθα
694 2277 751 2331 δὲ
777 2276 988 2347 ἕτοιμοι
1009 2277 1105 2331 καὶ
1131 2277 1271 2348 πρὸς
1294 2278 1395 2347 τὴν
1419 2275 1514 2331 τοῦ
1544 2275 1750 2346 Κυρίου

186 2366 253 2419 ἐκ
298 2367 502 2437 νεκρῶν
536 2370 858 2422 ἀνάστασιν.
888 2368 981 2437 Μὴ
1014 2371 1080 2438 τῇ
1114 2369 1312 2436 γαστρὶ
1345 2369 1412 2421 τὰ
1445 2368 1581 2437 πρὸς
1617 2384 1750 2436 τρυ-

192 2459 300 2529 φὴν
327 2460 752 2529 εὐτρεπίσωμεν.
788 2460 879 2529 Μὴ
915 2459 1132 2527 σώματι
1176 2458 1348 2512 πολλὰ
1378 2458 1751 2529 σωρεύσωμεν

186 2550 543 2621 περιϐόλαια,
584 2552 659 2621 μὴ
713 2550 901 2621 μύρων
952 2550 1297 2603 πολυτέλειαν
1340 2552 1634 2621 ἄχρηστον,
1679 2548 1754 2620 μὴ

189 2640 380 2709 κώμας
406 2641 497 2692 καὶ
536 2640 724 2709 μέθας,
757 2641 852 2693 καὶ
880 2640 977 2704 τὰς
1008 2640 1213 2693 τούτων
1260 2640 1528 2709 συζύγους
1571 2641 1757 2704 κοίτας

186 2734 283 2786 καὶ
316 2731 603 2797 ἀσελγείας
632 2746 645 2759 '
686 2728 760 2799 μὴ
794 2731 1158 2799 φρονήσωμεν
1191 2730 1333 2799 μέγα
1360 2730 1500 2785 κατὰ
1533 2731 1626 2783 τοῦ
1654 2731 1753 2783 πέ-

187 2840 349 2893 νητος
375 2840 388 2853 ·
424 2823 500 2893 μὴ
528 2822 683 2892 δόξης
712 2823 877 2891 κενῆς
907 2822 1267 2891 ὲκκαύσωμεν
1296 2822 1496 2894 ὄρεξιν,
1533 2823 1626 2876 καὶ
1654 2823 1757 2893 τῆς

187 2912 487 2982 ἐπιθυμίας
523 2913 649 2974 τοὺς
683 2910 969 2982 σώφρονας
1020 2913 1272 2983 χαλινοὺς
1307 2913 1717 2984 ἀποπτύσωμεν
1739 2930 1754 2946 ο

188 3006 267 3076 μὴ
310 3004 638 3075 θηλυμανεῖς
704 3004 858 3058 ἵπποι
911 3005 1235 3073 γενώμεθα,
1286 3008 1398 3068 τοῖς
1458 3005 1760 3075 ἀλλοτρίοις

188 3097 443 3150 σκεύεσιν
476 3097 724 3157 ἀτάκτως
751 3094 1168 3165 ὲπιμαινόμενοι
1191 3111 1205 3125 ⁸
1237 3098 1311 3165 μὴ
1338 3097 1651 3167 σπείρωμεν
1680 3099 1761 3161 εἰς

184 3189 288 3257 τὴν
316 3189 494 3256 σάρκα
524 3188 592 3240 τὰ
635 3186 729 3238 τοῦ
760 3186 928 3256 πυρὸς
958 3185 1311 3255 ἐκκαύμ.·ιτα’
1348 3187 1424 3258 μὴ
1464 3187 1760 3258 κλαπῶμεν

1835 699 1941 765 Qui
1962 701 2097 753 enim
2131 701 2301 768 diligit
2334 716 2433 762 nte,
2490 699 2684 767 inquit,
2717 700 2964 769 diligetur
3003 718 3035 753 a
3066 699 3227 755 Patre
3260 716 3370 755 meo
3393 715 3413 753 :

1834 805 1880 848 et
1911 811 2002 864 ego
2033 794 2249 862 diligam
2281 811 2419 856 eum,
2452 802 2498 847 et
2530 792 2872 860 manifeslabo
2903 796 2947 847 ei
2982 797 3234 862 meipsum
3263 794 3307 849 ⁸.

1910 1053 2000 1108 5Ἱ.
2039 1053 2323 1108 Oderimus
2358 1053 2583 1122 proinde
2632 1053 2883 1110 inimicos
2934 1055 3123 1125 ipsius.
3160 1056 3416 1125 Quisquis

1842 1159 1949 1197 non
1986 1144 2274 1198 confitetur
2296 1142 2571 1197 Christum
2608 1141 2799 1198 Filium
2833 1146 2924 1199 Dei
2958 1153 3012 1200 et
3045 1148 3233 1210 Deum,
3264 1151 3418 1201 Anti-

1841 1236 2082 1289 christus
2105 1244 2188 1290 est
2216 1235 2256 1290 ⁶.
2285 1232 2338 1286 Si
2376 1235 2496 1303 quis
2518 1236 2715 1289 dixerit
2735 1236 3009 1290 Christmn
3034 1251 3155 1292 esse
3177 1254 3412 1303 servum,

1844 1341 2003 1380 aures
2039 1329 2085 1381 ei
2123 1337 2337 1382 nostras
2369 1328 2743 1392 oecludamus,
2778 1329 3012 1383 scientes
3038 1331 3161 1398 quia
3190 1332 3418 1385 mendax

1844 1427 1948 1482 est,
1975 1428 2026 1470 et
2054 1418 2255 1473 veritas
2284 1418 2427 1471 ineo
2465 1434 2566 1470 nou
2604 1430 2704 1473 est.
2747 1418 3009 1473 Feramus
3050 1420 3189 1474 illius
3219 1438 3421 1491 oppro-

1847 1507 2023 1559 brium
2059 1509 2517 1576 tatiquamgloria:
2549 1512 2810 1565 diadema.
2843 1510 2993 1564 Beati
3022 1514 3183 1577 enim,
3226 1515 3420 1583 inquit,

1848 1598 1975 1650 estis
2001 1638 2015 1659 ,
2056 1615 2171 1651 cum
2202 1602 2569 1656 maledixerittt
2606 1604 2777 1666 vobis,
2813 1611 2864 1655 et
2898 1606 3155 1670 persecuti
3186 1621 3271 1658 vos
3312 1609 3426 1673 fue-

1851 1690 1979 1755 rint,
2010 1702 2057 1743 et
2086 1693 2313 1745 dixerint
2342 1710 2493 1747 omne
2522 1694 2717 1748 malum
2752 1698 2965 1750 verbum
2998 1698 3268 1751 adversum
3312 1716 3420 1764 vos,

1851 1782 2156 1836 mentientes
2197 1794 2410 1852 promer
2442 1802 2541 1841 me.
2584 1784 2840 1851 Gaudete,
2886 1798 2936 1841 et
2968 1789 3224 1842 exsultare
3245 1831 3259 1853 ,
3290 1806 3426 1859 quo-

1853 1870 1999 1923 niam
2039 1888 2234 1927 merces
2279 1888 2446 1929 vestra
2484 1879 2695 1945 copiosa
2725 1888 2799 1931 est
2831 1879 2882 1930 in
2918 1880 3058 1932 uelis
3086 1880 3130 1933 ⁷.
3173 1878 3246 1933 Ita
3282 1884 3427 1934 enim

1781 1946 1821 2000 Β
1852 1956 2110 2017 facientes
2132 2002 2149 2027 ,
2184 1962 2451 2019 fatuarum
2486 1967 2750 2036 virginum
2792 1970 3150 2037 insipientiam
3184 1972 3423 2025 declina-

1851 2051 2060 2120 bimus,
2099 2056 2439 2109 cordatarum
2477 2068 2656 2113 autem
2699 2061 3036 2129 prudentiam
3071 2063 3426 2118 imitabimur.

1922 2257 2016 2313 38.
2066 2260 2249 2314 Simus
2301 2268 2478 2314 autem
2521 2261 2683 2315 etiam
2726 2262 2792 2317 ad
2843 2262 3048 2318 Domini
3090 2281 3154 2319 ex
3203 2267 3433 2321 mortuis

1856 2350 2311 2403 resurrectionem
2369 2351 2562 2418 parati.
2609 2350 2685 2405 Ne
2724 2351 2894 2404 ventri
2955 2363 3139 2406 nostro
3184 2369 3303 2424 quin
3364 2354 3430 2407 ad

1859 2439 2041 2495 luxum
2074 2439 2309 2506 faciunt,
2354 2455 2737 2508 praeparemus.
2779 2440 2856 2495 Ne
2885 2443 3097 2509 corpori
3146 2445 3433 2496 vestimen-

1858 2541 2035 2584 torum
2069 2530 2279 2599 COpiam
2314 2548 2327 2583 :
2363 2547 2428 2584 ne
2461 2542 2856 2598 unguentorum
2892 2534 3027 2586 nihil
3064 2534 3248 2587 tttilent
3274 2535 3433 2587 luxu—

1859 2624 1992 2675 riam
2029 2640 2043 2675 :
2075 2637 2143 2676 ne
2175 2623 2596 2677 comessationes
2621 2662 2636 2687 ,
2662 2624 2981 2692 ebrietates,
3031 2626 3220 2696 hisque
3256 2625 3433 2679 atIinia

1858 2712 2056 2767 cubilia
2091 2723 2147 2767 et
2177 2713 2540 2783 impudicitias
2567 2714 2906 2769 cumulemus
2934 2737 2945 2772 :
2985 2735 3050 2772 ne
3082 2731 3268 2772 contra
3306 2736 3436 2788 pau-

1865 2819 2049 2875 perem
2082 2813 2400 2872 arrogantes
2431 2806 2601 2860 simus
2629 2824 2642 2859 :
2674 2822 2739 2860 ne
2764 2806 2939 2860 inanis
2972 2809 3155 2877 glorize
3192 2812 3241 2863 itt
3284 2812 3442 2866 nobis

1862 2897 2161 2965 appetitum
2200 2897 2588 2962 incendamus;
2620 2914 2685 2953 ne
2727 2909 2966 2953 nostram
3005 2900 3278 2956 libidinem
3309 2919 3438 2957 con-

1861 2987 2083 3040 tinentia
2127 2986 2343 3041 frenare
2401 2987 2763 3043 detrectentus
2802 3007 2815 3042 :
2864 3006 2932 3044 ne
2981 2990 3215 3045 libidinis
3268 3006 3440 3049 uestro

1867 3073 2110 3129 furentes
2167 3077 2291 3145 equi
2324 3078 2494 3131 simus
2516 3117 2530 3142 ,
2582 3079 2770 3132 aliena:
2804 3082 3074 3149 pudicitia:
3108 3086 3437 3151 petulantius

1863 3167 2175 3221 inhiantes:
2212 3182 2279 3221 ne
2309 3168 2361 3221 iu
2394 3183 2557 3224 carne
2590 3184 2833 3225 seramus
2877 3173 3013 3242 ignis
3044 3174 3282 3230 fomitem
3317 3198 3329 3233 :
3374 3195 3441 3234 ne

184 3256 391 3350 χρυσοῦ
426 3296 483 3331 τε
524 3277 618 3331 καὶ
644 3276 909 3347 ἀργύρου,
936 3278 1027 3330 καὶ
1053 3277 1214 3330 λίθων
1244 3256 1550 3331 πολυτελῶν
1580 3256 1762 3349 μιαρῷ

1866 3272 1966 3310 nos
1991 3256 2134 3320 auri,
2166 3258 2398 3327 argenti,
2430 3274 2873 3330 gemmarumque
2899 3264 3142 3319 scelestis
3178 3268 3441 3325 illecebris

182 3372 241 3423 δε
250 3371 531 3439 λεὰσματι·
556 3370 628 3439 μὴ
648 3368 819 3428 ἄλλων
836 3366 1161 3432 πεινώντων,
1178 3371 1308 3440 ἡμῖν
1325 3373 1355 3437 ἠ
1373 3369 1617 3439 τράπεζα
1635 3370 1765 3441 πλή-

185 3460 359 3513 θουσα
389 3459 628 3529 ὄιεγείρῃ
659 3458 750 3511 τὸν
776 3458 876 3527 τῆς
909 3458 1134 3529 γέεννης
1160 3458 1449 3511 ἀτίθασσον
1480 3459 1763 3531 σκώληκα.

198 3553 332 3605 Ἰδοὺ
378 3552 484 3622 γὰρ
513 3554 541 3605 ὁ
567 3552 817 3622 Νύμφιος
840 3551 1149 3604 ἀνίσταται·
1191 3551 1298 3604 ἰδοὺ
1329 3552 1631 3616 ὁΒασιλεὺς
1658 3552 1766 3607 τῶν

185 3644 586 3714 βασιλευόντων
620 3646 684 3696 ἐκ
712 3643 883 3711 τάφου
920 3643 1264 3714 προέρχεται.
1295 3644 1761 3714 Ἐτοιμασθῶμεν,

188 3738 281 3788 ἵνα
313 3737 386 3806 μὴ
426 3736 525 3805 τῆς
561 3737 735 3806 χαρᾶς
775 3737 1183 3806 ἁμοιρήσωμεν.
1232 3736 1523 3806 Γενώμεθα
1556 3738 1764 3807 δόκιμοι

194 3827 549 3895 τραπεζῖται,
586 3827 643 3878 τὸ
674 3828 919 3896 κρεῖττον
952 3826 1043 3877 τοῦ
1094 3828 1334 3895 χείρονος
1376 3827 1763 3897 διακρίνοντες,

184 3917 291 3969 καὶ
326 3916 387 3968 τὸ
423 3917 521 3986 μὲν
562 3918 694 3986 πυρὶ
723 3917 866 3970 θείου
895 3916 1058 3988 ζήλου
1096 3919 1189 3969 καὶ
1220 3917 1419 3985 ἔρωτος
1460 3918 1761 3988 φλέξωμεν,

177 4005 247 4057 τὸ
266 4004 324 4055 δὲ
352 4006 460 4067 τοῖς
495 4006 703 4057 ἑαυτῶν
733 4008 1001 4075 ταμιείοις
1038 4007 1449 4077 ὲναποθώμεθα.
1474 4008 1655 4079 Θυμὸν
1672 4011 1765 4062 καὶ

178 4094 488 4164 ἐπιθυμίαν
517 4096 835 4167 κολάσωμεν
862 4114 878 4129 ·
918 4099 1151 4168 γαστρὸς
1189 4101 1517 4170 μαράνωμεν
1550 4100 1764 4171 ὄρεξιν·

183 4189 553 4257 σωφροσύνην
573 4188 639 4243 δι’
672 4190 998 4258 ἐγκρατείας
1023 4192 1116 4244 καὶ
1132 4192 1390 4261 ταπεινῆς
1420 4193 1643 4262 καρδίας
1672 4212 1766 4246 πε-

184 4276 561 4347 ριζωσώμεθα
586 4296 600 4310 ’
636 4280 805 4348 τύφον
838 4282 908 4335 δι’
938 4281 1215 4345 εὐτελείας
1262 4283 1359 4337 καὶ⁴
1397 4284 1626 4339 θανάτου
1661 4301 1763 4340 κα-

172 4368 523 4439 ταϐάλωμεν
555 4372 775 4442 μνήμης
796 4387 813 4402 ’
840 4374 953 4435 τοῖς
988 4374 1120 4425 πᾶσι
1148 4374 1214 4426 τὰ
1243 4374 1420 4426 πάντα
1452 4374 1762 4446 γενώμεθα·

174 4459 465 4527 λοιδορίας
497 4461 762 4527 γενναίως
801 4461 1117 4532 ὲνέγκωμεν
1142 4478 1154 4489 ·
1188 4463 1533 4534 ἀδικούμενοι
1564 4467 1630 4535 τῇ
1678 4464 1757 4517 ἐλ-

176 4549 309 4600 πίδι
340 4550 642 4619 χαίρωμεν.
681 4552 928 4619 Παράγει
969 4552 1077 4621 γὰρ
1106 4553 1166 4604 τὸ
1209 4553 1395 4623 σχῆμα
1435 4554 1528 4607 τοῦ
1556 4557 1761 4627 κόσμου

171 4639 410 4705 τούτου,
445 4643 536 4695 καὶ
564 4643 851 4713 παροδεύει
879 4644 985 4697 πᾶν
1010 4643 1071 4697 τὸ
1095 4643 1189 4698 νῦν
1218 4645 1619 4718 καθορώμενον.

257 4832 324 4890 λθ
352 4873 369 4890 .
409 4837 533 4891 Ἐπὶ
557 4838 691 4891 πᾶσι
724 4838 881 4893 τοῦτο
912 4838 1217 4910 φρονείσθω
1254 4840 1315 4893 ὲν
1355 4843 1504 4913 ἡμῖν,
1523 4842 1552 4895 ὃ
1582 4844 1674 4897 καὶ
1704 4846 1764 4898 ὲν

170 4927 420 4999 Χριστῷ
456 4929 635 4999 Ἰησοῦ
658 4971 673 4995 ,
726 4930 786 4993 ὃς
833 4930 1059 5001 ἐχθροὺς
1091 4930 1249 4994 ὄντας
1280 4934 1426 5002 ἡμᾶς
1470 4935 1720 5004 ἠγάπησε
1747 4976 1762 5000 ,

170 5020 288 5074 xci.
321 5022 620 5091 ἀγαπήσας
655 5021 856 5091 ἠλέησε
887 5062 902 5087 ,
942 5023 1035 5075 καὶ
1066 5021 1294 5092 ἐλεήσας
1325 5024 1513 5101 ἑαυτὸν
1541 5027 1763 5079 ἐταπεί-

166 5125 331 5162 νωσε
361 5148 377 5173 ,
430 5110 528 5162 καὶ
576 5110 922 5173 ταπεινώσας
982 5110 1205 5162 ἔσωσεν.
1257 5110 1360 5162 Ἕκ
1397 5112 1507 5183 γὰρ
1542 5113 1760 5180 ἀγάπης

161 5200 529 5270 προέρχεται
567 5200 733 5267 ἔλεος,
766 5201 861 5253 καὶ
888 5201 945 5267 ἐξ
973 5200 1155 5265 ἐλέους
1192 5200 1541 5267 ταπείνωσις,
1571 5205 1636 5256 ὲκ
1670 5221 1764 5256 τα-

163 5285 508 5349 πεινώσεως
537 5287 594 5340 δὲ
640 5289 885 5358 σωτηρία
919 5290 1012 5341 καὶ
1041 5287 1269 5357 ὓψωσις.
1310 5289 1406 5340 Ἂν
1433 5289 1575 5342 οὕτω
1609 5292 1762 5343 πολι-

161 5379 539 5449 τευσώμεθα,
568 5378 664 5432 νῦν
690 5381 788 5450 μὲν
808 5380 916 5433 τῶν
939 5380 1299 5451 ἐπικειμένων
1329 5379 1588 5451 λυπηρῶν
1612 5382 1761 5434 ἐλευ-

161 5470 573 5543 θερωσόμεθα.
619 5472 714 5522 Ἂν
743 5472 833 5524 τὸν
867 5470 1033 5539 ζυγὸν
1070 5471 1179 5523 τῶν
1214 5469 1403 5522 παθῶν
1442 5472 1762 5543 ἀπορρίψω-

242 5651 269 5682 ⁸
298 5646 468 5703 Joan.
503 5661 613 5709 xtv,
642 5647 733 5701 2|.
806 5645 867 5699 'l
898 5645 1052 5701 Joan.
1088 5661 1156 5708 tv,
1185 5647 1238 5701 5.

239 5828 379 5894 (-29)
412 5826 566 5881 Edita
603 5827 753 5891 Θεὸν,
788 5843 891 5881 non
928 5827 1061 5881 satis
1091 5828 1349 5897 apposite.

243 5901 379 5967 (30)
410 5898 531 5951 Ὀτι
565 5897 748 5962 δοῦλός
776 5900 926 5952 ἐστιν
946 5901 974 5951 ὁ
999 5898 1250 5968 Χριστός.
1286 5898 1409 5955 lltcc
1437 5908 1622 5955 contra
1656 5900 1765 5958 Illo-

1312 5646 1332 5676 "
1357 5646 1545 5701 Matth.
1572 5663 1625 5713 v,
1662 5648 1744 5713 ll,
1787 5647 1871 5704 l2.
1945 5648 1967 5679 ⁵
1997 5649 2013 5704 Ι
2040 5650 2162 5707 Cor.
2190 5669 2285 5717 vn,
2313 5654 2399 5710 51.

1865 3348 2035 3415 abripi
2061 3349 2331 3416 patiamur
2357 3368 2370 3403 :
2405 3365 2471 3404 ne
2486 3350 2605 3406 aiiis
2629 3354 3014 3417 esurientibus,
3047 3374 3227 3412 mensa
3254 3373 3439 3415 nostra

1869 3440 2067 3494 referta
2103 3441 2259 3502 cibis,
2292 3441 2608 3495 indomitmu
2645 3449 2905 3512 gehennae
2941 3460 3178 3502 vermem
3218 3455 3434 3510 excitet.

1869 3528 2009 3585 Ecce
2037 3530 2180 3583 enim
2212 3546 2354 3585 nunc
2385 3532 2556 3600 surgit
2578 3532 2838 3601 Sponsus.
2867 3536 3005 3592 Ecce
3031 3540 3173 3594 enim
3196 3545 3443 3612 sepulcro

1867 3622 1982 3675 Rex
2013 3624 2354 3692 progreditur
2390 3641 2401 3675 :
2436 3628 2796 3694 nosmetipsos
2835 3644 3228 3700 pra-paremus,
3267 3654 3331 3691 ne
3358 3639 3439 3691 hr-

1869 3712 1999 3767 titia:
2039 3722 2285 3767 exsortes
2328 3713 2490 3784 833
2540 3716 2927 3786 relinquamur.
2970 3720 3125 3779 Probi
3170 3735 3349 3796 trapez
3375 3740 3444 3783 tte

1864 3805 2069 3871 simus,
2127 3808 2268 3873 quod
2310 3807 2498 3859 melius
2531 3816 2607 3861 est
2641 3847 2656 3872 ,
2710 3824 2739 3861 a
2787 3810 3035 3867 deteriori
3068 3831 3437 3887 segregantes,

1865 3905 2029 3966 atque
2051 3896 2279 3950 alterum
2312 3899 2527 3966 quidem
2560 3900 2751 3955 divinae
2779 3902 3133 3961 :etnulationis
3160 3920 3213 3962 et
3237 3916 3439 3967 amoris

1866 3987 1988 4053 igne
2047 3988 2463 4055 comburamus,
2517 3991 2744 4044 alterum
2787 3994 2840 4046 in
2894 3995 3177 4055 thesauros
3227 4013 3437 4059 nostros

1867 4079 2097 4142 illatum,
2132 4079 2286 4133 nobis
2312 4094 2657 4149 reponamus.
2696 4084 2833 4140 lram
2859 4092 3311 4163 cupiditatemque
3342 4113 3440 4153 ca-

1866 4172 2125 4240 Stigemus
2152 4211 2168 4236 ,
2227 4175 2434 4230 ventris
2465 4177 2755 4248 ingluviem
2794 4185 3106 4243 edomemus
3139 4208 3153 4256 ;
3188 4193 3441 4250 castitate

1865 4277 1961 4331 per
1991 4265 2372 4320 abstinentiam
2397 4276 2452 4321 et
2478 4270 2657 4324 cordis
2684 4273 3038 4333 humilitatem
3074 4284 3435 4351 nosmetipsos

1872 4357 2269 4427 prtecingamus
2307 4376 2319 4412 :
2364 4360 2575 4416 inanem
2628 4363 2825 4420 fastum
2882 4384 2978 4439 per
3036 4374 3438 4445 simplicitatem

1871 4449 2170 4516 mortisque
2205 4453 2520 4506 memoriam
2556 4455 2872 4521 deﬁciamus
2904 4477 2921 4515 :
2955 4464 3133 4518 omnia
3188 4470 3441 4527 omnibus

1867 4537 2167 4592 eﬂiciatnur
2196 4558 2210 4594 :
2244 4541 2476 4597 ludibria
2504 4543 2626 4600 forti
2656 4549 2836 4603 animo
2867 4550 3104 4610 feramus
3135 4574 3149 4621 ;
3194 4558 3318 4613 dum
3354 4562 3436 4615 in-

1865 4629 2011 4699 juria
2048 4630 2313 4698 la'dimur,
2340 4650 2433 4703 spe
2460 4640 2804 4705 gaudeamus.
2841 4643 3083 4699 l’rmterit
3104 4651 3245 4703 enim
3271 4653 3437 4722 ﬁgura

1870 4721 2029 4789 hujus
2063 4723 2243 4778 mundi
2267 4724 2312 4793 ³,
2360 4743 2423 4781 ac
2452 4730 2708 4799 quidquid
2736 4735 2905 4788 oculis
2932 4740 3201 4804 cernitur,
3233 4721 3364 4797 abit.

1938 4836 2026 4892 39.
2060 4836 2115 4890 ln
2144 4841 2393 4895 omnibus
2424 4842 2527 4898 hoc
2547 4847 2845 4903 sentiamus
2868 4850 2921 4903 in
2946 4854 3100 4907 nobis
3126 4858 3268 4925 quod
3300 4866 3353 4913 et
3385 4858 3441 4914 in

1867 4925 2083 4981 Christo
2113 4926 2240 4983 .lesu
2268 4932 2327 4995 ’,
2364 4933 2454 4999 qui
2488 4948 2585 4987 uos
2619 4950 2740 4989 cum
2784 4938 2986 4993 inimici
3017 4956 3259 4999 essemus
3286 4985 3303 5011 ,
3359 4949 3439 5001 di-

1872 5017 2022 5083 lexit,
2052 5021 2400 5091 diiigensque,
2433 5027 2600 5079 nostri
2636 5030 2891 5085 misertus
2921 5044 3040 5096 est;
3073 5050 3136 5088 ac
3160 5039 3437 5105 misertus,

1873 5109 2107 5175 seipsum
2142 5110 2441 5166 humiliavit
2471 5130 2487 5179 ;
2512 5115 2744 5186 denique
2778 5135 2836 5173 se
2872 5122 2983 5189 ipse
3017 5123 3326 5192 humilians,
3356 5144 3435 5184 sa-

1868 5198 2033 5252 lutem
2070 5202 2321 5256 asseruit.
2358 5201 2433 5257 Ex
2468 5204 2749 5262 dilectione
2779 5209 3040 5278 siquidem
3067 5216 3435 5274 misericordia

1869 5304 2185 5363 promanat;
2223 5310 2288 5349 ex
2322 5300 2689 5353 misericordia
2712 5302 3017 5371 humilitas;
3044 5322 3108 5361 ex
3138 5309 3438 5366 humilitate

1869 5383 2011 5436 salus
2045 5394 2100 5436 et
2128 5385 2403 5439 exultatio.
2443 5386 2595 5452 Quod
2625 5390 2670 5443 si
2703 5406 2800 5445 nos
2827 5394 2899 5446 ita
2930 5399 3274 5464 gesserimus,
3294 5416 3433 5456 nunc

1868 5473 2084 5543 quidem
2117 5490 2148 5530 a
2183 5477 2337 5532 malis
2372 5478 2740 5548 ingruentibus
2774 5484 3138 5544 liberabimur.
3173 5491 3228 5545 Si
3272 5492 3433 5547 vitio-

2473 5656 2494 5687 ⁹
2515 5656 2741 5728 Philipp.
2770 5674 2826 5725 tt,
2857 5662 2908 5715 5.

1875 5830 2234 5913 hamtnedem,
2268 5836 2444 5913 q_ui_in
2490 5838 2755 5895 Alcorano
2795 5842 3230 5913 frequentissime
3268 5846 3436 5905 inculc

1872 5912 1955 5957 eat
1984 5902 2259 5959 Christum
2288 5902 2380 5961 Dei
2418 5923 2653 5976 servum,
2686 5928 2779 5967 nec
2812 5902 3034 5983 proinde
3075 5917 3258 5973 l'Cttm.
