4202 6496
184 498 278 559 645

1028 477 1354 542 HOMILIA
1392 473 1467 531 IN
1512 467 1976 529 ANNUNTIAT.
2018 465 2075 522 Β.
2116 464 2178 521 V.
2224 461 2505 549 MARIE:

3290 457 3393 519 646

186 612 324 680 cujus
350 603 596 676 puritatis
636 597 1086 671 pulchritudinem
1132 588 1437 660 concupivit
1476 586 1586 640 Rex
1617 597 1727 637 ραςο
1757 592 1798 645 Α
1827 574 2021 680 ἕθιξιξί
2041 575 2269 629 rinitatis
2294 570 2932 680 sancttpinontinationem
2953 570 3243 641 expressit,
3267 572 3391 625 dum

182 676 340 763 testis,
363 698 610 765 misitque
636 694 701 748 ad
729 708 849 747 eam
879 688 1181 744 ministrum
1211 697 1366 737 suum
1398 676 1723 737 Gabrielem,

184 798 238 840 nt
265 789 419 856 ipsam
450 784 771 841 salutatione
798 781 994 835 latitia:
1019 773 1387 843 compellaret,
1409 767 1725 822 certiorem-

183 895 280 949 que
309 878 537 941 iaceret,
566 889 685 929 esse
715 887 774 926 se
810 886 838 924 a
868 871 1123 925 Creatore
1151 864 1375 917 electam
1399 900 1413 924 ,
1442 856 1725 949 dicendo:

184 947 302 1034 Ᾰυε,
334 968 503 1036 gratia
542 963 693 1032 plena
718 979 737 1027 ;
761 961 1013 1015 Dominus
1056 966 1257 1017 tecum,
1290 950 1559 1005 benedicta
1595 957 1650 999 tu
1677 947 1730 998 in

195 1055 481 1109 mulieribus
514 1053 579 1105 ".
617 1052 682 1106 Et
705 1049 973 1118 quomodo
1008 1044 1290 1099 benedicta
1328 1056 1431 1093 non
1466 1043 1642 1098 esset,
1676 1042 1733 1086 et

188 1148 345 1216 gratia
377 1145 532 1215 plena
556 1181 571 1205 ,
612 1158 733 1197 cum
785 1154 891 1209 qua
921 1146 1288 1192 creaturarum
1320 1129 1581 1186 Dominus
1613 1126 1729 1190 fuit,

192 1236 476 1305 copulando
499 1235 599 1289 sibi
626 1247 689 1287 ex
724 1249 785 1287 ea
819 1230 1070 1299 templum
1104 1243 1211 1298 quo
1251 1240 1408 1294 opem
1438 1221 1619 1292 generi
1653 1221 1731 1287 ip-

186 1328 290 1380 sius
311 1325 573 1379 all'erret‘!
604 1323 770 1378 llodie
803 1323 892 1393 qui
927 1320 1123 1375 format
1163 1333 1249 1372 res
1276 1330 1462 1370 omnes
1502 1314 1736 1367 visibiles

186 1428 236 1473 et
291 1418 617 1479 invisibiles,
673 1415 877 1468 elﬁnxit
928 1413 1029 1467 sibi
1081 1409 1365 1478 imaginem
1423 1408 1733 1460 humanam.

187 1511 343 1564 Hodie
368 1510 458 1578 qui
490 1509 734 1579 producit
781 1519 968 1560 omnes
1013 1512 1291 1557 creaturas
1320 1498 1640 1568 ‘spirituales
1683 1502 1738 1546 et

189 1598 502 1663 maleriales,
537 1596 785 1665 produxit
830 1594 928 1647 sibi
966 1592 1144 1646 carnis
1177 1590 1421 1655 ﬁguram.
1453 1584 1497 1640 0
1527 1584 1737 1638 miseri-

184 1687 370 1742 cordia:
398 1684 670 1740 Creatoris
720 1681 997 1751 abyssum,
1025 1687 1080 1731 et
1107 1675 1476 1731 excellentiam
1514 1674 1738 1726 descen-

183 1795 272 1833 sus
306 1778 453 1847 ejus!
488 1774 698 1828 Etenim
740 1788 862 1827 cum
913 1772 1026 1839 ipse
1060 1769 1261 1839 plasma
1311 1781 1468 1819 suum
1510 1762 1738 1816 liberare

183 1870 364 1933 vellet,
398 1875 567 1922 semet
600 1864 926 1925 exinanivit,
964 1871 1019 1914 et
1052 1859 1256 1927 accepit
1298 1858 1525 1910 formam
1574 1852 1735 1917 servi,

1829 667 2089 736 Spiritum
2136 676 2412 726 sanctum,
2452 660 2816 729 Altissimique
2844 662 3093 715 virtutem
3119 703 3136 727 ,
3167 672 3223 716 et
3269 677 3396 717 san-

1830 770 1973 812 ctum
2006 771 2069 811 ex
2098 769 2159 809 ea
2193 756 2452 825 genitum.
2496 753 2634 821 Quin
2671 754 2834 808 etiam
2868 752 3151 808 manifesto
3184 754 3393 807 indica-

1829 852 1903 903 vit
1935 849 2245 903 substantia:
2268 848 2491 901 Deitatis
2519 847 2874 901 sanctissimae
2897 845 3181 909 unitatem,
3208 845 3396 900 volun-

1834 946 2065 1014 latisque
2116 943 2536 1011 simplicitatem.
2589 940 2704 996 Non
2750 942 2895 997 enim
2942 955 3166 1012 persona
3197 938 3396 1002 Patris,

1832 1052 1893 1089 at:
1939 1051 2166 1105 persona
2214 1036 2448 1103 Spiritus
2495 1035 2663 1087 sancti
2722 1047 2915 1103 corpus
2965 1038 3395 1101 assumpserunt.

1834 1127 2138 1181 lncarnatio
2180 1128 2366 1179 aeterni
2413 1124 2532 1179 Filii
2574 1123 2712 1177 facta
2752 1131 2835 1176 est
2881 1122 3155 1177 voluntate
3198 1120 3396 1184 Patris,

1834 1228 1995 1285 atque
2027 1232 2186 1284 opera
2217 1217 2450 1286 Spiritus
2483 1216 2677 1270 sancti.

1907 1308 2180 1362 Laudetnr
2219 1308 2431 1361 initium
2463 1307 2811 1376 benignitatis
2839 1306 2981 1361 illius
3010 1320 3127 1375 quat
3152 1320 3402 1375 compre—

1838 1400 1997 1453 hendi
2051 1399 2258 1469 nequit.
2317 1397 2478 1453 Certe
2528 1399 2681 1452 nobis
2720 1401 2942 1469 angelus
2993 1398 3400 1468 sospitationem

1837 1489 2077 1558 protulit,
2112 1506 2233 1543 cum
2262 1489 2380 1557 ejus
2413 1490 2567 1543 nobis
2602 1489 2929 1544 intellectum
2960 1490 3095 1553 ﬁxit,
3130 1489 3359 1543 dicendo
3386 1506 3400 1542 :

1839 1579 1987 1633 Nulla
2021 1594 2106 1633 res
2142 1578 2283 1645 apud
2318 1578 2483 1633 Deum
2529 1578 2762 1632 didicilis
2791 1588 2915 1632 est:
2950 1580 3171 1647 ipsaque
3213 1576 3405 1641 Maria,

1838 1686 1959 1725 cum
2003 1669 2215 1723 eximiae
2254 1669 2556 1723 sanctitatis
2607 1678 2784 1732 esset,
2814 1670 3189 1722 excellentiam
3248 1668 3407 1723 nobis

1841 1759 2160 1813 monstravit
2213 1759 2528 1814 humilitatis
2583 1774 2733 1823 suae,
2771 1760 3017 1828 angelum
3069 1759 3405 1827 excipiendo,

1840 1851 2000 1919 eique
2059 1851 2217 1905 ﬁdem
2281 1850 2545 1919 integram
2604 1854 2779 1918 posito
2834 1852 3026 1904 timore
3081 1850 3404 1905 adhibendo.

182 1929 523 2015 similitudine
554 1958 803 2011 inventus
851 1962 907 2006 ut
964 1954 1121 2006 homo
1151 1950 1212 2003 ”.
1268 1946 1312 2003 0
1356 1946 1736 2000 beneﬁciorum
1774 1929 1814 1982 Β
1844 1939 1901 1994 In
1954 1955 2016 1994 ea
2080 1941 2259 2010 itaque
2317 1941 2639 2009 completum
2693 1941 2790 1994 l'nit
2834 1942 3108 2009 propheta:
3164 1942 3406 1997 dictum:

183 2052 620 2121 magnitudinem,
644 2063 763 2119 quae
794 2046 991 2100 nemini
1020 2039 1447 2114 pervestigabilis
1478 2038 1596 2091 est!
1634 2034 1740 2088 Nos

187 2145 327 2198 enim
359 2142 584 2197 rebelles
616 2142 668 2194 in
696 2155 815 2193 eunt
848 2137 1047 2191 fuimus
1075 2153 1088 2189 :
1127 2134 1238 2202 ipse
1274 2144 1399 2185 vero
1428 2142 1610 2183 curant
1644 2141 1742 2180 no-

181 2236 277 2288 stri
304 2233 543 2299 suscipit.
575 2229 620 2287 0
648 2232 906 2285 honorum
931 2228 1154 2280 istorum
1183 2220 1586 2279 abundantiam,
1612 2231 1742 2284 quo-

184 2340 300 2377 rtnn
357 2324 583 2389 pretium
642 2316 896 2374 aestimari
950 2330 1051 2369 non
1097 2311 1307 2381 potest!
1359 2308 1464 2361 Nos
1494 2306 1739 2374 equidem

187 2417 416 2467 maxima
452 2419 667 2480 peccata
693 2408 1065 2464 commisimus
1093 2421 1106 2457 :
1141 2403 1253 2471 ipse
1278 2413 1403 2453 vero
1427 2414 1522 2451 nos
1553 2396 1744 2449 libera-

182 2506 332 2557 litate
362 2519 455 2558 sua
489 2503 555 2556 ab
587 2502 666 2554 eis
720 2497 966 2551 redemit.
1009 2493 1124 2563 Ipse
1170 2492 1269 2545 sibi
1317 2505 1452 2543 onus
1493 2488 1746 2552 imposuit

180 2597 321 2664 quod
358 2610 449 2646 nos
499 2592 640 2644 ferre
690 2588 1001 2657 oportebat,
1056 2586 1293 2652 emitque
1344 2597 1440 2636 nos
1482 2580 1744 2648 sanguine

180 2686 354 2739 crucis
387 2696 515 2747 suae,
549 2695 612 2733 ac
650 2680 895 2733 liberavit
931 2692 960 2730 a
992 2677 1204 2729 vinculo
1229 2669 1740 2727 servitutis.'Gloria

179 2776 254 2827 sit
308 2771 658 2840 magnitudini
692 2768 989 2835 majestatis
1009 2764 1147 2833 ejus,
1175 2764 1328 2831 cujus
1356 2778 1459 2816 non
1490 2771 1574 2815 est
1601 2760 1741 2813 linis.

255 2863 476 2928 Quando
502 2862 739 2931 nn'gelum
767 2860 894 2914 vidit
924 2858 1097 2911 Maria
1123 2897 1138 2923 ,
1178 2858 1388 2909 turbata
1417 2862 1492 2907 est
1529 2853 1590 2903 ob
1618 2866 1742 2904 ser-

182 2971 385 3007 monem
418 2955 552 3019 ejus,
584 2967 854 3016 secumque
882 2950 1111 3019 cogitare
1133 2937 1304 3013 coepit,
1329 2946 1588 2997 undenam
1608 2950 1742 2995 esset

179 3050 283 3097 ista
329 3045 596 3096 salutatio.
667 3039 892 3109 Angelus
942 3054 1059 3091 vero
1102 3038 1233 3090 dixit
1276 3038 1360 3089 ei:
1397 3034 1477 3087 Ne
1535 3034 1740 3095 timeas,

183 3136 363 3188 Maria
396 3151 414 3187 .'
456 3143 611 3185 nacta
661 3148 712 3184 es
759 3133 986 3200 gratiam
1037 3128 1152 3180 Dei.
1206 3127 1335 3181 Ecce
1385 3127 1640 3196 concipies
1691 3129 1744 3179 in

182 3239 351 3289 utero,
376 3235 425 3277 et
453 3224 624 3291 paries
654 3222 823 3290 [ilium
850 3239 867 3275 :
899 3231 946 3274 et
965 3220 1168 3273 vocabis
1193 3234 1376 3270 nomen
1404 3218 1517 3284 ejus
1536 3216 1740 3270 Jesunt.

188 3317 291 3369 Hic
331 3316 431 3368 erit
472 3330 726 3383 magnus,
769 3324 813 3365 et
860 3312 1002 3380 ﬁlius
1044 3309 1299 3362 Altissimi
1331 3309 1617 3361 vocabitur.
1674 3305 1741 3359 Et

185 3409 329 3459 dabit
362 3423 406 3458 et
445 3404 694 3457 Dominus
724 3403 863 3455 Deus
895 3403 1066 3455 sedem
1103 3399 1271 3451 David
1300 3399 1466 3465 patris
1493 3397 1650 3466 ejus;
1698 3406 1746 3450 et

186 3496 421 3564 regnabit
452 3497 506 3545 in
542 3496 694 3547 domo
741 3492 905 3544 Jacob
948 3494 1000 3544 in
1043 3502 1291 3544 wternum
1320 3529 1336 3552 ,
1366 3500 1413 3543 et
1443 3492 1586 3560 regni
1636 3489 1749 3557 ejus

185 3604 291 3640 non
326 3587 427 3638 erit
462 3585 604 3646 ﬁnis.
641 3581 709 3635 Et
744 3584 818 3635 ait
856 3584 1029 3636 Maria
1060 3599 1078 3635 .'
1131 3581 1403 3647 Quomodo
1436 3598 1612 3635 verum
1644 3600 1752 3637 esse

184 3679 505 3744 compertam
536 3678 671 3744 quod
703 3675 797 3727 Itoc
824 3676 951 3726 mihi
982 3678 1214 3742 juturum
1243 3675 1332 3737 sit,
1357 3677 1565 3742 quando
1587 3676 1752 3728 virum

184 3786 292 3822 non
328 3768 618 3836 cognosco?
641 3767 869 3834 Angelus
898 3768 1180 3832 respondit,
1216 3776 1261 3818 et
1290 3766 1424 3819 dixit
1454 3766 1501 3819 ei
1526 3780 1543 3817 :
1577 3766 1753 3835 Spiri-

185 3870 274 3910 tus
319 3867 535 3909 sanctus
598 3854 918 3922 superveniet
977 3856 1031 3907 in
1083 3862 1167 3919 te,
1206 3862 1255 3908 et
1297 3856 1463 3908 virtus
1501 3854 1755 3908 Altissimi

184 3946 517 4000 obumbrabit
572 3946 684 3999 tibi.
754 3943 981 4009 Ideoque
1039 3956 1276 4003 sanctum
1340 3947 1478 3999 inte
1525 3949 1755 4015 genitum

181 4039 463 4091 rocabitur
507 4034 675 4088 Pilius
709 4035 823 4089 Dei.
856 4030 926 4088 Et
976 4051 1090 4087 ecce
1133 4032 1401 4088 Elisabeth
1449 4051 1669 4105 cognata
1707 4049 1754 4091 et

184 4131 305 4191 ipsa
335 4129 562 4193 concepit
591 4126 761 4193 ﬁlium
790 4127 843 4178 in
875 4135 1132 4179 senectute
1162 4142 1256 4178 sua
1283 4165 1298 4190 ,
1352 4136 1398 4179 et
1452 4127 1536 4180 ltic
1568 4130 1757 4182 mensis

179 4230 366 4274 sextus
415 4230 485 4271 est
527 4217 606 4269 illi
654 4234 768 4287 qua:
812 4226 1029 4270 vocatur
1076 4216 1322 4271 sterilis:
1364 4218 1487 4287 quia
1540 4220 1757 4286 difﬁcile

180 4328 294 4365 non
330 4320 404 4364 est
433 4311 571 4380 apud
610 4308 775 4362 Deum
808 4325 956 4362 omne
994 4311 1223 4363 verbum.
1257 4309 1321 4362 Et
1369 4312 1501 4362 dixit
1534 4310 1757 4364 Maria:

181 4401 327 4455 Ecce
378 4403 568 4454 ancilla
614 4400 851 4466 Domini,
899 4401 991 4469 fiat
1047 4402 1171 4455 nti/ti
1221 4404 1503 4455 secundum
1554 4405 1760 4457 verbum

181 4504 364 4547 tuum.
408 4491 551 4545 Tunc
590 4494 797 4546 recessit
830 4494 1042 4563 angelus
1080 4492 1143 4544 ab
1179 4508 1241 4545 ea
1266 4492 1330 4546 ".
1372 4491 1621 4546 Proiecto
1650 4493 1760 4561 glo-

1843 2029 1949 2085 Sed
1975 2048 2124 2100 quem
2167 2033 2441 2100 respiciam
2463 2071 2477 2095 ,
2521 2033 2648 2084 dicit
2681 2031 2936 2086 Dominus
2956 2074 2971 2099 ,
3008 2033 3109 2085 nisi
3142 2036 3210 2086 ad
3235 2034 3411 2087 mode—

1841 2130 2000 2188 stum,
2019 2122 2190 2191 placid
2199 2138 2405 2191 nmque,
2425 2137 2485 2173 ac
2503 2130 2813 2175 reuerentem
2830 2139 3116 2176 sermonem
3134 2139 3302 2176 meum
3324 2124 3365 2155 “
3386 2124 3413 2178 ?

1840 2214 1958 2268 Jam
1987 2214 2243 2266 certiores
2268 2210 2395 2265 facti
2431 2227 2637 2276 sumus,
2664 2212 2876 2275 fratres,
2912 2216 3263 2283 novimusque
3295 2215 3408 2269 col-

1844 2305 2008 2358 latnm
2032 2302 2190 2357 nobis
2217 2304 2317 2357 hac
2347 2303 2434 2358 die
2458 2303 2790 2358 nobilissima
2814 2305 3018 2359 dierum
3052 2306 3406 2375 beneﬁcium;

1846 2398 1899 2451 in
1935 2411 2020 2461 ea,
2054 2397 2296 2465 inquam,
2328 2395 2686 2459 solemnitate,
2723 2397 2841 2465 quae
2868 2406 3180 2453 crcterarnm
3211 2411 3294 2455 est
3323 2416 3407 2457 so«

1846 2488 2178 2542 lemnitatum
2221 2488 2487 2555 princeps.
2538 2486 2775 2543 Gloriam
2831 2490 3011 2559 itaque
3058 2493 3409 2559 praedicemus

1845 2578 1988 2633 illius
2025 2577 2415 2646 gloriﬁcatione
2464 2576 2727 2645 spirituali
2764 2620 2781 2645 ,
2834 2594 3064 2649 eumque
3105 2581 3406 2649 laudemus,

1845 2670 2042 2723 collata
2070 2669 2226 2723 nobis
2261 2668 2327 2722 ab
2360 2683 2424 2722 eo
2451 2683 2672 2723 munera
2708 2672 2975 2738 perpetuis
3003 2672 3284 2740 praeconiis
3321 2688 3412 2727 ce-

1846 2762 2139 2826 lebrantes,
2168 2769 2221 2815 et
2253 2762 2454 2831 gratias
2484 2773 2704 2830 agentes
2751 2778 2814 2817 ea
2859 2766 3154 2832 gratiarum
3201 2767 3413 2821 actione

1847 2866 2006 2919 quam
2028 2850 2165 2905 bona
2187 2866 2347 2919 opera
2379 2853 2724 2918 comitentur,
2747 2853 3037 2909 olferamus
3067 2857 3113 2909 ei
3148 2857 3412 2912 sacriﬁcia

1846 2944 2109 2997 bonorum
2133 2958 2356 3012 operum
2380 2944 2589 3012 integra
2611 2956 2664 2998 et
2696 2945 2898 3015 absque
2928 2948 3079 3002 vitio.
3109 2949 3413 3019 Unusquis-

1846 3050 1950 3104 que
1980 3036 2122 3103 quod
2161 3035 2325 3099 valet,
2358 3044 2412 3090 et
2441 3036 2581 3104 quod
2626 3036 2767 3090 vires
2821 3037 2985 3105 ipsius
3032 3051 3411 3108 assequuntur,

1848 3123 2056 3179 oderat.
2094 3126 2169 3179 Ac
2202 3127 2341 3179 Deus
2368 3126 2582 3193 quidem
2617 3126 2718 3180 hoc
2742 3125 2904 3192 jussit
2934 3145 2947 3181 :
2984 3126 3104 3181 Non
3143 3131 3416 3197 apparebis

1848 3216 1905 3267 in
1940 3228 2215 3283 conspectu
2258 3232 2369 3268 meo
2401 3232 2590 3269 vacuus
2613 3216 2677 3267 ".
2708 3216 2826 3285 Ipse
2860 3227 3039 3272 autem
3070 3234 3276 3275 summe
3305 3222 3420 3275 latt-

1851 3307 2061 3369 dabilis,
2094 3308 2184 3376 qui
2204 3309 2443 3360 omnium
2461 3318 2541 3361 est
2565 3308 2827 3363 bonorum
2853 3324 3035 3375 causa,
3062 3314 3239 3367 varias
3257 3316 3441 3369 etiam.

1851 3399 2113 3452 donorum
2143 3401 2349 3468 species
2376 3401 2638 3469 suscipit,
2695 3416 2817 3455 cum
2862 3402 2977 3471 ipse
3009 3404 3188 3459 omnia
3220 3408 3424 3476 gratia-

1854 3506 1971 3544 rum
2006 3506 2206 3559 genera
2236 3492 2578 3561 impertiatur
2602 3509 2617 3559 ;
2644 3493 2961 3563 laetatnrque
2995 3496 3063 3549 ob
3094 3512 3419 3565 pr0pensum

1853 3578 2129 3635 olIerentis
2157 3582 2414 3636 animum.
2451 3582 2810 3649 Quamobrem
2842 3601 3028 3641 omnes
3051 3587 3209 3641 simul
3239 3605 3427 3644 accur-

1855 3688 2059 3737 ramus,
2087 3689 2246 3730 senes
2269 3684 2323 3729 et
2353 3676 2745 3741 adolescentes,
2774 3687 2931 3732 actate
2952 3694 3145 3746 graves
3167 3689 3222 3734 et
3239 3682 3424 3751 junio-

1858 3781 1964 3829 rcs,
1998 3781 2156 3821 omne
2185 3781 2373 3836 agmen
2421 3775 2475 3821 et
2520 3783 2689 3838 genus
2730 3772 3117 3838 prmvenientes
3146 3774 3212 3827 ad
3250 3776 3424 3830 hono-

1860 3859 2083 3910 randum
2123 3858 2393 3912 dominam
2427 3869 2664 3913 nostram
2704 3874 2767 3915 ac
2808 3872 3004 3917 nostrae
3036 3871 3243 3919 natura:
3284 3868 3427 3937 regi-

1859 3964 2004 4014 nam,
2055 3949 2305 4003 laudibus
2346 3952 2700 4021 prsedicantes
2733 3954 2981 4021 puritatis
3005 3955 3122 4023 ejus
3154 3958 3422 4024 decoretn,

1859 4048 2171 4107 perpetuam
2217 4040 2335 4109 ejus
2386 4041 2752 4109 virginitatem
2789 4053 3095 4099 reverentcs
3130 4064 3143 4100 :
3184 4048 3426 4102 altitudi~

1861 4146 1982 4185 nem
2012 4132 2239 4200 denique
2269 4135 2575 4189 sanctitatis
2608 4136 2723 4203 ejus
2767 4137 3113 4202 honorantes,
3143 4140 3386 4194 dicamus
3411 4158 3426 4194 :

1862 4223 1906 4278 0
1952 4224 2121 4292 gloria
2167 4224 2399 4278 ﬁliarum
2428 4265 2444 4290 ,
2500 4236 2729 4280 matrum
2785 4228 2992 4281 decus!
3049 4230 3427 4299 ogenitricetu

1863 4315 1981 4367 viro
2017 4315 2387 4384 incognitam!
2448 4331 2481 4370 o
2536 4318 2801 4386 virginem
2855 4320 2965 4374 ﬁlio
3018 4322 3331 4390 gravidam!
3387 4323 3431 4379 Ο

1864 4405 2202 4471 miraculum,
2229 4422 2336 4475 quo
2358 4408 2504 4462 missi
2536 4423 2564 4461 a
2585 4407 2693 4462 Deo
2720 4412 2991 4479 prophetae
3025 4414 3253 4480 perculsi
3283 4424 3429 4479 sunt,

1864 4503 1917 4547 et
1932 4494 2081 4559 cujus
2101 4495 2263 4564 gloria
2283 4495 2445 4565 835
2465 4499 2683 4567 angelos
2698 4510 2913 4555 sanctos
2930 4515 3141 4571 superat
3162 4506 3173 4556 l
3195 4502 3430 4572 Propitia

175 4589 335 4638 riosa
370 4585 480 4635 haec
511 4592 564 4636 et
597 4583 817 4637 illustris
857 4584 996 4637 inter
1022 4584 1305 4647 mulieres,
1350 4584 1571 4652 gratiam
1605 4594 1760 4639 nacta
1796 4583 1836 4638 D
1871 4584 1944 4638 sis
1965 4599 2241 4639 servorum
2276 4596 2508 4653 tuorum,
2531 4589 2618 4656 qui
2651 4590 2909 4643 auxilium
2941 4600 3086 4647 tuum
3121 4595 3427 4665 implorant,

174 4684 270 4727 est
313 4672 453 4739 apud
502 4672 703 4735 Deum,
748 4687 870 4725 cum
912 4673 979 4726 ab
1022 4686 1086 4725 eo
1123 4674 1288 4726 electa
1325 4681 1443 4738 est,
1475 4680 1533 4725 ut
1566 4688 1760 4742 corpus

173 4777 250 4817 ex
288 4763 407 4830 ipsa
437 4772 671 4814 sumeret
698 4762 1169 4831 compingeretqne
1187 4778 1252 4816 ex
1287 4774 1474 4817 sancto
1503 4760 1618 4832 ejus
1639 4778 1763 4817 san-

174 4852 397 4920 guine:
452 4860 511 4903 ut
542 4850 591 4902 ci
627 4865 731 4902 non
787 4851 947 4903 fuerit
1006 4853 1055 4903 in
1116 4852 1476 4907 anterioribus
1527 4854 1760 4922 puritate

174 4941 389 4996 similis
416 4983 430 5004 ,
465 4957 562 4996 nec
594 4941 805 4995 iuturus
836 4943 887 4996 in
918 4943 1306 5009 posterioribus
1333 4946 1446 5012 pari
1481 4946 1765 5000 sanctitate

174 5034 475 5104 prtedilus.
514 5031 816 5087 Nestorium
852 5035 1037 5102 itaque
1066 5037 1347 5093 vecordem
1395 5044 1451 5090 et
1497 5048 1763 5092 amentem

170 5125 415 5194 pudeat.
452 5122 585 5176 Nam
640 5134 884 5177 sanctum
942 5126 1083 5192 quod
1137 5140 1202 5178 ex
1250 5134 1502 5193 perpetua
1558 5127 1764 5195 virgine

169 5213 361 5267 Maria
417 5222 599 5265 natum
652 5222 757 5278 est,
811 5212 976 5266 Filius
1028 5214 1121 5267 Dei
1179 5214 1552 5283 appellandum
1609 5225 1760 5282 erat,

170 5303 555 5356 descendente
591 5302 644 5355 in
690 5317 811 5357 eam
854 5303 1056 5373 Spiritu
1100 5314 1307 5368 sancto,
1356 5304 1513 5374 eique
1550 5304 1763 5359 Altissi~

170 5395 259 5447 mi
322 5393 679 5448 obumbrante
736 5394 953 5449 virtute.
1018 5398 1197 5464 Atque
1238 5396 1379 5450 clare
1438 5395 1601 5452 etiam
1661 5412 1759 5451 an-

256 5576 307 5605 "
334 5571 470 5629 Luc.
497 5590 566 5638 ll,
598 5574 691 5630 28.
766 5576 811 5607 “
841 5574 1067 5646 Philipp.
1106 5593 1162 5641 tt,
1189 5577 1306 5632 5-8.

272 5727 397 5797 (52)
427 5726 630 5800 Liberet
665 5731 730 5783 ab
777 5731 1105 5800 crudelibus:
1133 5735 1430 5787 Saracenos
1457 5742 1638 5800 utique
1685 5736 1763 5787 in-

164 5796 309 5852 nuit
345 5800 442 5867 qui
471 5796 781 5873 Damasceni
811 5809 1049 5873 tempore
1081 5799 1422 5873 Palaestinam
1452 5818 1517 5873 ac
1548 5796 1761 5873 Syriam

164 5882 205 5922 a
244 5879 481 5925 centum
516 5870 671 5927 annis
729 5872 1079 5940 usurpabant.
1126 5871 1316 5927 Simile
1370 5872 1496 5942 quid
1544 5870 1602 5927 in
1643 5874 1763 5930 aliis

1387 5578 1428 5611 ’⁸
1462 5578 1592 5634 Luc.
1628 5595 1668 5646 ι,
1701 5580 1891 5637 29-58.

1866 4676 2352 4739 deprccationibus.
2390 4678 2665 4734 Intercede
2714 4698 2808 4749 pro
2840 4683 2992 4738 nobis
3050 4688 3187 4755 apud
3237 4687 3430 4742 Filium

1866 4775 2013 4820 tuum
2046 4767 2319 4837 Deumque
2352 4778 2522 4833 tuum,
2553 4773 2625 4824 uti
2660 4783 2877 4840 peccata
2926 4785 3110 4829 nostra
3143 4779 3430 4843 condonet,

1865 4858 2163 4912 inﬁrmitati
2192 4872 2389 4915 nostra:
2429 4863 2721 4930 opituletur
2752 4905 2766 4931 ,
2830 4865 3018 4921 liberet
3075 4884 3103 4920 a
3156 4846 3434 4924 Pharaone

1869 4951 2154 5019 spirituali,
2187 4952 2327 5006 sicut
2345 4953 2873 5012 liberavitlsraelitas
2893 4973 2922 5012 a
2943 4962 3172 5029 gurgite,
3204 4965 3433 5015 transire

1866 5056 1965 5096 nos
2021 5041 2183 5096 faciat
2242 5044 2398 5112 hujus
2450 5049 2630 5101 mundi
2699 5065 2846 5103 mare
2919 5051 3169 5108 ﬂuctibus
3228 5054 3429 5114 furens.

1867 5135 2041 5186 ventis
2067 5134 2344 5189 abundans
2370 5175 2383 5200 ,
2436 5139 2673 5207 requiem
2721 5142 2874 5194 nobis
2929 5152 3148 5211 prastet
3176 5145 3243 5199 ab
3275 5160 3435 5213 opere

1870 5222 2094 5277 laterum
2124 5233 2177 5277 et
2209 5224 2302 5278 luti
2337 5227 2729 5294 intelleCtualis,
2756 5247 2959 5299 nosque
2986 5234 3199 5287 tandem
3246 5234 3435 5288 liberet

1872 5313 1940 5367 ab
1967 5314 2269 5368 crudelibus
2297 5317 2607 5386 alienigenis
2627 5360 2643 5384 ,
2677 5321 2788 5391 (52)
2817 5322 2905 5390 qui
2938 5338 3127 5392 graves
3150 5323 3433 5378 aduersum

1874 5420 1973 5460 nos
2004 5406 2313 5461 inimicitias
2340 5419 2587 5463 exercent
2620 5450 2635 5475 ,
2692 5422 2767 5466 ut.
2802 5423 3021 5482 peccata
3052 5425 3105 5469 et
3135 5414 3436 5482 impietates

1972 5584 2012 5612 "
2047 5582 2148 5639 lsa.
2182 5602 2326 5651 vat,
2354 5587 2408 5640 9..
2487 5589 2528 5620 ’⁷
2559 5588 2726 5646 Exod.
2759 5607 2951 5663 sum,
2982 5594 3073 5649 20.

1871 5738 2105 5824 hom‘iliis
2129 5743 2241 5824 suis
2266 5740 2460 5824 auctor.
2481 5748 2695 5824 repetit,
2721 5763 2783 5801 ac
2812 5752 3110 5820 praesertim
3144 5752 3195 5807 in
3229 5766 3291 5807 ea
3316 5766 3435 5824 quae

1869 5810 1935 5864 de
1970 5810 2206 5868 Sabbato
2236 5823 2423 5869 sancto
2449 5810 2783 5873 inscribitur.
