4202 6496
168 385 277 448 653

1033 382 1360 441 IIOMILIA
1401 385 1476 441 ΙΝ
1525 386 1991 443 ANNUNl‘iAT.
2034 387 2095 443 Β.
2140 388 2199 445 ν.
2241 388 2500 446 δΙᾹΒῖ.Ε

3330 388 3434 451 654

170 500 268 552 καὶ
305 498 656 567 Φαραωνίτην
703 494 1215 564 θαλασσοκτονήσας
1265 496 1498 547 ἄνακτα.
1539 495 1742 564 Χαῖρε,

1856 505 1966 549 tute
2001 498 2127 551 olim
2170 498 2440 563 liberavit,
2473 515 2527 555 et
2562 501 2899 561 Pharaonem
2941 522 3119 576 regem
3158 506 3430 561 interfecit

167 592 235 643 δι’
267 586 333 662 ἧς
357 592 488 661 ἡμῖν
521 591 810 657 ὲπέφανεν,
834 590 862 641 6
893 588 1033 641 κατά
1065 589 1259 657 γενεὰν
1292 588 1660 656 ὀπτανόμενος
1694 587 1750 640 ἔν

166 701 228 736 τε
256 684 498 753 Πατράσι
526 682 620 735 καὶ
652 682 985 752 προφήταις,
1015 682 1109 735 καὶ
1138 683 1275 735 πᾶσι
1304 683 1414 743 τοῖς,
1445 680 1588 735 κατά
1620 681 1750 749 πρό-

170 776 326 827 θεσιν
369 776 587 843 κλητοῖς
629 771 771 829 οὖσι.
804 776 1002 844 Χαῖρε,
1033 773 1099 827 δι’
1127 769 1194 845 ἧς
1237 775 1367 844 ἡμῖν
1399 774 1690 841 ὲπέφανεν,
1722 775 1749 825 6

165 867 258 918 διὰ
308 867 593 936 σπλάγχνα
635 865 817 929 ἐλέους
866 865 955 918 διὰ
998 866 1089 919 τὸν
1133 867 1419 936 ἄνθρωπον
1462 866 1747 934 ἄνθρωπος

167 958 479 1024 γενόμενος.
510 958 704 1026 Χαῖρε,
736 956 803 1008 δι’
841 951 910 1026 ἧς
947 956 1077 1026 ἡμῖν
1112 958 1402 1022 ἐπέφανεν,
1437 958 1463 1008 6
1502 957 1660 1024 μόνος
1692 957 1748 1006 ὲν

168 1049 347 1114 ἁγίοις
404 1049 585 1115 ἅγιος,
637 1048 731 1099 καὶ
770 1044 931 1114 μόνος
969 1048 1023 1099 ἐν
1058 1045 1467 1113 δεδοξασμένοις
1502 1042 1745 1107 ἔνδοξος,

168 1139 265 1190 καὶ
300 1140 458 1209 μόνος
490 1138 716 1208 ὕψιστος
745 1138 836 1190 ἐπὶ
870 1139 1050 1190 πᾶσαν
1075 1135 1173 1205 τὴν
1207 1138 1327 1207 γῆν.
1359 1138 1554 1204 Χαῖρε,
1587 1137 1653 1187 δι’
1682 1132 1749 1206 ἧς

166 1235 302 1299 ἡμῖν
329 1232 618 1299 ὲπέφανεν,
641 1233 669 1284 6
694 1231 854 1300 μόνος
875 1228 1109 1299 ἀπαθὴς,
1137 1230 1230 1282 καὶ
1252 1230 1408 1299 μόνος
1432 1246 1493 1279 συ
1504 1228 1744 1296 μπαοὴς,

167 1323 262 1373 καὶ
304 1322 461 1391 μόνος
505 1322 763 1391 ἀψευδὴς,
808 1322 902 1374 καὶ
949 1321 1108 1391 μόνος
1148 1322 1209 1372 ἐκ
1248 1321 1409 1390 μόνου
1454 1320 1747 1388 μονογενὴς

165 1410 305 1460 Θεοῦ
345 1410 469 1472 Υἱὸς
501 1412 592 1462 καὶ
629 1411 782 1473 Θεός.
817 1411 1065 1480 Χαίροις,
1098 1404 1141 1462 ὦ
1177 1410 1354 1478 Κυρία
1392 1410 1641 1471 Θεοτόκε,
1680 1409 1747 1461 δι’

164 1499 231 1571 ἦς
267 1504 399 1572 ἡμῖν
428 1506 685 1570 γεννᾶται
718 1505 747 1555 6
778 1502 1207 1569 αὑτογενέθ).ιος,
1241 1504 1335 1554 καὶ
1365 1501 1558 1570 φύεται
1589 1504 1615 1553 6
1649 1502 1747 1554 αὑ-

162 1595 395 1663 τοφυὴς,
453 1596 544 1648 καὶ
591 1594 862 1657 αὒξεταιὸ
902 1595 1124 1656 τέλειος.
1170 1594 1419 1665 Χαίροις,
1475 1587 1517 1646 ὧ
1567 1593 1747 1663 Κυρία

163 1686 422 1749 Θεοτόκε,
457 1687 526 1739 δι’
559 1684 627 1759 ἧς
670 1690 801 1757 ἡμῖν
847 1686 1197 1756 σωματοῦται
1226 1687 1254 1737 ὁ
1295 1684 1622 1753 ἀσώματος,
1656 1686 1749 1737 καὶ

162 1778 395 1848 ἄρχεται
430 1778 458 1829 6
487 1778 758 1847 ἄναρχος,
791 1777 884 1829 καὶ
919 1778 1178 1847 χωρεῖται
1212 1778 1239 1827 6
1270 1776 1575 1845 ἀχώρητος.
1613 1774 1749 1827 Χαί-

1854 588 1904 638 in
1939 589 2091 640 mari.
2123 591 2255 654 Ave,
2290 606 2383 658 per
2411 607 2570 659 quam
2603 597 2758 650 nobis
2793 597 3047 661 innotuit,
3076 599 3165 665 qui
3200 612 3294 665 per
3320 598 3432 649 sin-

1850 678 2001 746 gulas
2041 688 2224 733 aetates
2261 688 2610 751 COIISpit'UUlI]
2654 702 2774 741 sese
2814 688 3041 756 praebuit
3083 687 3334 741 Patrihus
3370 695 3427 739 et

1850 771 2155 839 prophetis,
2192 782 2245 826 et
2281 777 2531 829 omnibus
2570 778 2673 830 illis
2708 781 2798 847 qui
2837 782 3135 834 secundum
3175 780 3429 846 proposi-

1854 873 1963 916 tum
1996 867 2168 918 vocali
2203 878 2329 919 sunt
2360 870 2557 923 sancti.
2588 870 2721 932 Ave,
2756 888 2849 939 per
2880 890 3038 940 quam
3075 875 3230 927 nobis
3267 875 3429 926 innov

1852 960 1988 1021 tuit,
2030 959 2119 1026 qui
2170 974 2264 1026 per
2307 962 2509 1014 viscera
2559 966 2942 1020 misericordiae
2990 967 3221 1020 hominis
3266 982 3429 1019 causa

1850 1048 2022 1103 faetus
2052 1060 2135 1104 est
2166 1052 2347 1104 homo.
2373 1052 2504 1115 Ave,
2536 1070 2630 1121 per
2657 1070 2815 1123 quam
2850 1058 3002 1110 nobis
3035 1058 3296 1117 innotuit,
3335 1056 3429 1123 qui

1849 1140 1995 1193 solus
2029 1140 2168 1194 inter
2197 1150 2413 1196 sanctos
2448 1157 2667 1198 sanctus
2702 1146 2816 1209 est,
2851 1146 3102 1215 solusque
3137 1148 3276 1201 inter
3311 1148 3426 1215 glo—

1849 1232 2021 1285 riosos
2058 1232 2356 1300 gloriosus,
2395 1249 2459 1287 ac
2492 1236 2635 1289 solus
2670 1236 2969 1292 altissimus
3004 1252 3167 1305 super
3199 1252 3418 1290 omnem

1852 1332 2069 1377 terram.
2107 1326 2236 1387 Ave,
2278 1340 2371 1391 per
2404 1341 2567 1395 quam
2608 1328 2760 1381 nobis
2806 1329 3039 1382 innotuit
3077 1330 3168 1397 qui
3206 1328 3355 1380 solus
3395 1344 3426 1379 ιι

1849 1415 2286 1483 perpessionihus
2336 1418 2590 1471 immunis
2640 1428 2749 1483 est,
2793 1422 3049 1488 solusque
3099 1421 3420 1489 patientium

1849 1506 2050 1567 socius,
2080 1506 2225 1558 solus
2254 1507 2474 1560 minime
2504 1512 2757 1572 mendax,
2785 1513 2930 1564 solus
2954 1512 3188 1579 denique
3215 1526 3280 1563 ex
3308 1510 3423 1562 solo

1850 1593 2159 1659 unigenitus
2193 1594 2283 1647 Dei
2320 1594 2488 1648 Filius
2520 1612 2584 1651 ac
2624 1598 2781 1652 Deus.
2823 1600 3085 1659 Salvesis,
3123 1614 3155 1651 ο
3196 1598 3423 1651 Domina

1853 1685 1944 1739 Dei
1978 1684 2247 1749 Genitrix,
2288 1702 2383 1753 per
2420 1702 2578 1753 quam
2624 1691 2775 1742 nobis
2822 1690 2909 1741 ille
2949 1700 3237 1756 generatur
3273 1688 3425 1755 cujus

1852 1778 2065 1845 pi-Opria
2097 1778 2376 1846 generatio
2404 1788 2505 1839 est,
2542 1782 2802 1844 nascitur,
2838 1779 2991 1847 cujus
3023 1780 3238 1847 propria
3275 1779 3418 1831 Itali-

164 1886 305 1937 ροις,
346 1867 389 1919 ὧ
423 1867 600 1938 Κυρία
632 1868 885 1934 Θεοτόκε,
928 1867 995 1919 δι’
1041 1862 1111 1937 ἦς
1148 1865 1377 1931 ζωοῦται
1406 1868 1434 1918 6
1462 1863 1742 1930 αύτόζωος,

1857 1869 1993 1919 vitas
2024 1878 2136 1930 est,
2169 1876 2222 1920 et
2256 1868 2523 1936 perfectus
2559 1881 2804 1937 augetur.
2838 1870 3102 1931 Salvesis,
3138 1886 3169 1923 0
3198 1869 3425 1921 Domina

162 1963 260 2014 καὶ
296 1961 558 2015 ποσοῦται
589 1963 618 2015 6
659 1963 884 2026 ἄποσος,
934 1961 1027 2014 καὶ
1070 1961 1370 2032 σαρκοῦται
1414 1963 1442 2014 6
1484 1962 1744 2030 ἄσαρκος.

160 2054 419 2125 Χαίροις,
438 2048 481 2107 ὦ
513 2056 692 2124 Κυρία
719 2054 969 2121 Θεοτόκε,
985 2050 1136 2126 δι’ἦς
1158 2056 1185 2106 ὀ
1205 2054 1458 2114 ἄκτιστος
1480 2054 1746 2117 κτίζεται,

159 2146 258 2197 καὶ
302 2144 575 2214 πτωχεύει
622 2144 651 2196 6
695 2143 974 2207 πλούσιος,
1012 2145 1106 2195 καὶ
1136 2141 1392 2213 νηπιάζει
1432 2143 1460 2193 6
1501 2140 1745 2209 ὕψιστος.

160 2235 414 2305 Χαίροις,
448 2228 493 2288 ὦ
521 2233 703 2304 Κυρία
730 2233 980 2299 Θεοτόκε,
1012 2232 1078 2285 δι’
1100 2226 1168 2303 ἦς
1192 2231 1505 2303 ψηλαφᾶται
1544 2232 1573 2283 6
1608 2231 1750 2299 ἅψη-

158 2327 426 2396 λάφητος,
462 2328 557 2379 καὶ
585 2328 866 2397 κρατεῖται
893 2327 921 2378 6
950 2324 1250 2393 ἀνέπαφος,
1287 2324 1382 2376 καὶ
1418 2321 1746 2392 βαστάζεται

157 2420 187 2471 6
223 2416 511 2487 βαστάζων
532 2420 600 2470 τά
626 2417 824 2471 πάντα.
851 2416 1096 2486 Χαίροις,
1126 2410 1171 2469 ὦ
1192 2414 1374 2485 Κυρία
1395 2413 1647 2477 Θεοτόκε,
1679 2411 1748 2465 δι’

155 2506 231 2581 ἧς
289 2511 815 2579 γαλακτοτροφεῖται
869 2510 897 2562 6
943 2508 1036 2562 τοῦ
1087 2508 1288 2570 παντὸς
1326 2505 1611 2577 κηδεμὼν,
1652 2506 1748 2558 καὶ

156 2602 427 2671 τροφεὺς,
457 2603 551 2655 καὶ
576 2601 842 2672 πρύτανις
876 2601 1028 2664 Θεός.
1056 2600 1303 2672 Χαίροις,
1333 2593 1377 2653 ὧ
1406 2600 1587 2670 Κυρία
1613 2600 1741 2651 Θεο-

157 2695 312 2757 τόκε,
354 2696 420 2747 δι’
459 2689 527 2766 ἦς
570 2696 599 2748 6
629 2696 758 2757 Υἱὸς
807 2694 903 2747 τοῦ
949 2693 1084 2746 Θεοῦ
1115 2696 1211 2747 καὶ
1247 2695 1455 2762 Λόγος,
1488 2692 1617 2754 Υἱὸς
1651 2693 1747 2743 ἀν-

158 2786 391 2856 θρώπου
428 2786 757 2856 σωματικῶς
782 2786 903 2839 κατ’
931 2786 1181 2839 εὐδοκίαν
1211 2785 1492 2855 ἄφραστον
1515 2784 1742 2852 πέφηνε.

155 2877 413 2948 Χαὶροις,
441 2871 485 2930 ὦ
509 2880 684 2946 Κυρία
715 2878 968 2940 Θεοτόκε,
994 2878 1060 2930 δι’
1105 2872 1171 2947 ἦς
1199 2878 1227 2929 6
1249 2876 1483 2946 ἀμήτωρ
1516 2873 1745 2944 ἀπάτωρ

156 2970 394 3036 γίνεται,
443 2970 536 3023 καὶ
572 2972 600 3022 6
637 2970 753 3032 νέος
783 2969 1170 3036 ὲπισυνάγεται
1203 2965 1557 3036 Μελχισεδέκ.
1608 2964 1744 3017 Χαίς

156 3077 301 3128 ροις,
335 3054 379 3113 ὦ
411 3060 590 3131 Κυρία
614 3061 871 3125 Θεοτόκε,
899 3060 966 3113 δι’
987 3056 1055 3133 ἧς
1088 3058 1301 3129 διῆλθεν
1326 3058 1355 3110 6
1384 3057 1587 3128 ὡραῖος
1614 3056 1744 3109 κάλ-

154 3146 243 3198 λει
269 3147 417 3216 παρά
443 3148 567 3209 τοὺς
598 3148 746 3210 υίοὺς
769 3147 875 3200 τῶν
902 3148 1223 3219 ἀνθρώπων.

1854 1957 1947 2011 Dei
1978 1956 2250 2020 Genitrix,
2284 1973 2379 2028 per
2410 1975 2570 2027 quain
2609 1962 2965 2029 incorporalis
2994 1971 3335 2029 corporatnr,
3370 1969 3426 2013 et

1853 2048 2062 2102 initium
2096 2049 2256 2103 habet
2283 2052 2374 2118 qui
2408 2050 2527 2104 sine
2558 2052 2711 2104 initio
2743 2062 2857 2115 est,
2888 2063 2942 2105 et
2972 2053 3303 2110 continetur,
3331 2050 3425 2119 qui

1850 2142 2113 2195 contineri
2147 2143 2351 2210 nequit.
2386 2141 2659 2207 Salvesis,
2689 2160 2721 2197 ο
2754 2143 2979 2197 Domina
3018 2144 3107 2197 Dei
3142 2142 3387 2197 Geuitrix
3409 2182 3421 2201 .

1849 2251 1943 2305 per
1970 2250 2128 2304 quam
2157 2237 2265 2289 vita
2297 2235 2551 2300 donatur,
2582 2238 2670 2304 qui
2704 2238 2815 2305 ipsa
2843 2238 2950 2290 vita
2978 2247 3090 2303 est;
3118 2237 3424 2306 quantitate

1848 2326 2072 2388 crescit,
2102 2326 2194 2394 qui
2224 2328 2530 2394 quantitate
2561 2338 2740 2391 caret;
2770 2328 2937 2398 838
2964 2328 3300 2390 incarnatnr,
3330 2327 3422 2396 qui

1848 2419 1968 2471 sine
2007 2432 2171 2471 carne
2210 2427 2314 2472 est.
2357 2417 2617 2483 Salvesis,
2651 2434 2684 2473 ο
2732 2419 2960 2473 Domina
3009 2420 3101 2473 Dei
3149 2418 3420 2480 Genitrix,

1848 2524 1945 2578 per
1970 2523 2129 2576 quam
2162 2519 2401 2573 creatur,
2435 2511 2524 2578 qui
2557 2521 2774 2564 creatus
2807 2526 2910 2565 non
2943 2520 3063 2573 est,
3097 2524 3297 2579 egenus
3329 2509 3420 2572 ﬁt,

1846 2600 2191 2669 quiloeuples
2221 2610 2325 2665 est,
2355 2610 2409 2654 et
2440 2602 2735 2673 altissimus
2769 2618 2902 2671 puer
2928 2602 3007 2656 iit.
3040 2602 3299 2663 Salvesis,
3322 2602 3424 2654 Do-

1849 2691 1989 2744 mina
2020 2688 2114 2743 Dei
2145 2690 2426 2754 Genitrix,
2462 2706 2557 2759 per
2584 2707 2743 2759 quam
2777 2700 3043 2746 tractatur
3073 2693 3163 2760 qui
3197 2693 3421 2745 tractari

1848 2781 2061 2849 nequit;
2092 2781 2473 2848 prehenditur,
2498 2784 2589 2851 qui
2625 2785 2769 2851 tangi
2806 2800 2910 2837 non
2944 2793 3151 2853 potest;
3181 2792 3421 2852 gestator

1846 2872 1935 2941 qui
1965 2881 2155 2925 cuncta
2186 2882 2379 2941 gestat.
2412 2874 2667 2938 Salvesis,
2696 2890 2727 2928 ο
2761 2874 2986 2928 Domina
3020 2875 3112 2929 Dei
3144 2874 3420 2938 Genitrix,

1846 2976 1940 3028 per
1961 2975 2121 3028 quam
2149 2960 2287 3015 lacte
2313 2964 2575 3027 nutritur,
2603 2963 2690 3031 qui
2719 2964 2971 3018 universa
2998 2973 3276 3033 procurat,
3301 2962 3420 3025 alit,

1844 3060 1897 3107 et
1931 3051 2276 3107 administrat
2310 3053 2470 3107 Deus.
2503 3056 2755 3121 Salvesis,
2787 3071 2819 3110 ο
2854 3057 3080 3111 Domina
3125 3056 3216 3109 Dei
3253 3054 3420 3109 Geni—

1847 3145 1949 3197 trix
1969 3184 1983 3207 ,
2013 3158 2110 3212 per
2133 3160 2296 3212 quam
2330 3144 2423 3198 Dei
2452 3145 2617 3201 Filius
2643 3157 2695 3201 et
2718 3147 2951 3203 Verbum
2970 3189 2984 3213 ,
3018 3148 3159 3201 [ilius
3187 3146 3421 3201 hominis

156 3237 526 3305 inexplicabili
563 3240 714 3293 bonae
743 3239 1031 3293 voluntatis
1061 3239 1424 3308 propensione
1457 3238 1723 3309 apparuit.
1765 3235 2023 3301 Salvesis,
2051 3252 2086 3289 ο
2154 3236 2378 3290 Domina
2412 3236 2508 3292 Dei
2573 3237 2842 3304 Genitrix,
2871 3256 2965 3309 per
2990 3255 3151 3309 quam
3181 3240 3273 3308 qui
3305 3240 3418 3293 sine

153 3341 342 3387 matre
378 3344 485 3398 est,
517 3334 635 3388 sine
678 3344 830 3402 patre
871 3334 1111 3396 exsistit,
1152 3342 1207 3387 et
1251 3348 1421 3389 novus
1466 3332 1732 3387 conﬂatur
1768 3330 2164 3386 Melchisedech
2187 3330 2253 3386 ³⁸.
2292 3331 2563 3400 Salvesis,
2598 3349 2631 3390 ο
2704 3333 2930 3389 Domina
3000 3334 3098 3389 Dei
3132 3332 3417 3399 Genitrix,

150 3438 260 3494 per
303 3440 462 3492 quam
515 3425 731 3480 transiit
773 3427 1055 3493 speciosus
1104 3426 1274 3480 forma
1320 3440 1429 3493 prae
1472 3425 1597 3479 [iliis
1644 3425 1919 3479 hominum
1946 3424 2011 3477 3’.

228 3514 479 3582 Χαίροις,
523 3514 655 3586 μόνη
690 3515 891 3585 Μήτηρ
919 3515 1078 3580 Θεοῦ,
1107 3516 1141 3583 ἡ
1184 3517 1279 3569 ἀπ’
1310 3514 1495 3586 ἄκρων
1522 3515 1617 3568 τοῦ
1654 3515 1741 3569 οὺ·

1916 3513 2172 3581 Salvesis,
2201 3516 2315 3572 sola
2346 3517 2519 3571 Mater
2547 3519 2667 3584 Dei,
2693 3534 2812 3589 qua:
2841 3536 2871 3575 a
2904 3537 3122 3578 summo
3151 3522 3293 3579 ctelo
3324 3538 3415 3577 us-

153 3605 329 3675 ρανοῦ
357 3605 460 3668 ἕως
484 3605 669 3675 ἄκρων
698 3606 885 3670 αὐτοῦ,
919 3608 1201 3677 μητρικῶς
1220 3624 1281 3660 τε
1311 3608 1407 3659 καὶ
1435 3606 1738 3668 Δαυῖτικῶς

152 3698 217 3749 τὸ
248 3698 574 3765 κατάντημα
601 3696 698 3766 τῆς
722 3698 1055 3767 προστασίας
1076 3698 1293 3767 ἔχουσα.
1323 3699 1568 3769 Χαίροις,
1601 3700 1735 3767 μόνη

150 3788 360 3855 Μήτηρ
401 3785 560 3850 Θεοῦ,
596 3788 630 3855 ἡ
668 3786 778 3839 τῶν
809 3788 1149 3858 ἐπουρανίων
1187 3790 1283 3844 καὶ
1336 3790 1593 3857 ἐπιγείων
1647 3789 1738 3842 καὶ

149 3880 534 3947 καταχθονίων
568 3878 993 3949 μεγαλοπρεπής
1019 3897 1078 3933 τε
1118 3882 1213 3933 καὶ
1240 3880 1622 3950 μεγαλόφωτος
1652 3879 1737 3932 εῦ-

150 3970 338 4021 κλεια.
374 3968 618 4036 Χαίροις,
654 3968 789 4036 μόνη
823 3970 1025 4037 Μήτηρ
1053 3967 1207 4033 Θεοῦ,
1235 3971 1268 4038 ἡ
1312 3970 1494 4039 πάσης
1520 3971 1737 4032 ἀκτῖνος

151 4059 557 4129 φωτεινοτέρα,
594 4059 689 4110 καὶ
727 4057 908 4127 πάσης
948 4057 1321 4129 καθαρότητος
1354 4060 1735 4129 καθαρωτέρα.

150 4151 424 4219 Χαίροις,
466 4149 601 4219 μόνη
645 4150 845 4219 Μήτηρ
885 4149 1043 4213 Θεοῦ,
1092 4152 1125 4219 ἡ
1158 4150 1361 4212 παντὸς
1398 4150 1740 4221 σεϐάσματος

150 4241 602 4311 σεϐασμιωτὲρα,
636 4242 727 4293 καὶ
755 4241 953 4304 παντὸς
975 4241 1321 4311 ἀκούσματος
1344 4242 1740 4313 ὑπερκείμενον

146 4334 439 4401 ἄκουσμα.
480 4327 753 4403 Χαίροις,
799 4332 934 4402 μόνη
998 4334 1179 4403 μήτηρ
1227 4333 1402 4398 Θεοῦ,
1454 4336 1487 4405 ὴ
1540 4335 1741 4397 παντὸς

147 4422 549 4490 γλυκάσματος
588 4421 932 4492 γλυκυτέρα,
982 4424 1076 4475 καὶ
1112 4423 1311 4486 παντὸς
1354 4424 1609 4492 εὐγενοῦς
1648 4426 1739 4477 εὑ-

144 4513 480 4583 γενεστέρα,
505 4513 597 4565 καὶ
619 4512 821 4575 παντὸς
843 4513 1071 4565 πλούτου
1097 4515 1312 4584 ῥέοντος
1338 4513 1737 4582 πλουσιωτέρα.

148 4604 407 4672 Χαίροις,
444 4604 579 4673 μόνη
610 4603 811 4671 Μήτηρ
840 4603 999 4667 Θεοῦ,
1029 4605 1090 4655 τὸ
1128 4605 1285 4673 μόνον
1311 4605 1482 4667 ὅντως
1524 4605 1740 4675 ἀληθῶς

149 4692 560 4763 Χριστιανικῆς
590 4693 821 4755 κτίσεως
847 4693 1213 4761 παγκάλλινον
1244 4696 1339 4747 καὶ
1366 4695 1739 4763 πασιπόοητον

148 4787 361 4852 ὄνομα.
403 4783 647 4853 Χαίροις,
700 4784 832 4853 μόνη
865 4785 1065 4854 Μήτηρ
1093 4784 1261 4849 Θεοῦ,
1310 4787 1343 4856 ὴ
1389 4786 1738 4856 προσκυνητὴ

1841 3619 1943 3673 que
1981 3608 2046 3659 ad
2069 3623 2336 3663 summum
2379 3608 2581 3675 eius“,
2623 3619 2876 3681 tanquam
2913 3614 3178 3679 Genitrix,
3226 3631 3410 3684 quem-

1840 3696 2127 3763 admodum
2164 3707 2219 3752 et
2264 3698 2431 3753 David
2462 3701 2723 3770 loquitur,
2749 3720 3034 3759 occursum
3069 3707 3417 3775 protectionis

1839 3794 1893 3839 et
1914 3788 2098 3840 auxilii
2125 3788 2312 3843 habes.
2339 3790 2576 3845 Salvesis
2600 3795 2712 3846 sola
2742 3795 2830 3846 Dei
2858 3794 3053 3860 Mater,
3079 3796 3382 3850 ccelestinm
3402 3837 3417 3860 ,

1839 3886 1892 3931 et
1921 3879 2292 3945 terrestrium,
2326 3890 2379 3933 et
2413 3880 2744 3934 infernarum
2780 3884 3119 3953 magnilicum
3155 3897 3315 3953 atque
3352 3887 3412 3937 il-

1840 3966 2219 4023 lustrissimum
2255 3970 2440 4024 decus.
2482 3971 2751 4037 Salvcsis,
2791 3976 2901 4027 sola
2941 3975 3033 4029 Dei
3073 3976 3265 4040 Mater,
3299 3994 3416 4045 quae

1841 4063 1994 4117 radio
2018 4063 2165 4117 omni
2196 4062 2425 4117 lucidior
2446 4079 2527 4127 es,
2553 4074 2606 4116 et
2631 4065 2776 4117 omni
2806 4067 3038 4134 puritate
3061 4068 3269 4133 purior.
3295 4066 3415 4119 Salv

1841 4155 2010 4219 vesis,
2040 4155 2156 4209 sola
2192 4155 2282 4207 Dei
2317 4154 2507 4220 Mater,
2538 4170 2657 4224 quae
2685 4158 2832 4210 omni
2868 4172 2925 4211 re
2950 4159 3315 4212 venerabilior
3337 4175 3417 4223 es,

1840 4250 2094 4315 omnique
2143 4247 2421 4301 auditione
2470 4250 2816 4314 prmstautior
2863 4248 3091 4301 auditio.
3144 4246 3416 4314 Satvesis,

1840 4338 1953 4392 sola
1978 4337 2150 4391 Mater
2173 4338 2287 4400 Dei,
2312 4352 2430 4406 quin
2456 4340 2727 4391 suavitate
2751 4338 2905 4391 omni
2925 4340 3144 4392 suavior
3168 4354 3248 4398 es,
3273 4341 3416 4392 omni

1844 4444 1899 4481 re
1929 4430 2092 4483 nobili
2124 4429 2372 4491 nobilior,
2400 4439 2455 4482 et
2483 4430 2734 4484 omnibus
2762 4430 2966 4483 divitiis
2992 4430 3243 4484 amnente
3272 4431 3415 4483 Iocu-

1842 4525 2057 4590 pletior.
2089 4522 2351 4584 Salvesis,
2379 4521 2489 4574 sola
2518 4520 2688 4574 Mater
2716 4522 2832 4585 Dei,
2858 4522 3031 4574 solum
3063 4522 3190 4574 illud
3221 4537 3415 4575 nomen

1842 4613 2165 4666 Christiana:
2187 4622 2455 4667 creaturae
2483 4628 2607 4666 vere
2634 4628 2859 4681 prorsus
2885 4614 3258 4681 peregreginm
3288 4629 3414 4666 cun-

1843 4703 2050 4771 ctisque
2100 4705 2520 4757 amatissimum.
2570 4704 2833 4768 Salvesis,
2866 4705 2955 4757 Dei
2989 4704 3183 4767 Mater,
3216 4720 3332 4772 quae
3364 4707 3415 4757 in

1843 4793 2037 4849 saecula
2071 4795 2345 4849 adoranda
2376 4811 2453 4859 es,
2490 4811 2608 4864 quae
2641 4796 2692 4848 in
2728 4797 2920 4850 satcula
2954 4812 3014 4850 es
3048 4798 3413 4865 praedicanda,

146 4878 239 4938 εἰς
271 4875 398 4936 τοὺς
428 4874 654 4937 αἰῶνας.
688 4875 783 4927 καὶ
814 4874 1042 4945 δοξαστὴ
1084 4878 1163 4940 εἰς
1200 4879 1325 4939 τοὺς
1371 4878 1604 4941 αἰῶνας,
1641 4878 1737 4929 καὶ

1846 4883 2212 4953 laudandaque
2240 4900 2333 4953 per
2362 4886 2705 4939 interminata
2736 4888 2950 4941 saecula.
2985 4887 3253 4953 Salvesis,
3284 4893 3400 4944 sola

144 4968 421 5033 ἐπαινετὴ
458 4966 536 5027 είς
569 4964 907 5033 ἀπεράντους
932 4965 1153 5030 αἰῶνας.
1186 4969 1432 5037 Χαίροις,
1462 4968 1596 5037 μόνη
1621 4969 1740 5037 Μή-

1842 4972 1932 5027 Dei
1975 4972 2168 5041 Mater,
2210 4991 2329 5043 quae
2371 4977 2421 5029 in
2463 4992 2652 5030 omnes
2694 4980 3069 5046 generationes
3107 4984 3411 5050 generatio-

141 5071 218 5123 τη
228 5070 264 5123 ρ
292 5051 449 5115 Θεοῦ,
494 5055 527 5122 ἡ
553 5054 631 5115 είς
657 5054 834 5116 πάσας
868 5056 1061 5121 γενεὰς
1092 5056 1295 5122 γενεῶν
1346 5058 1449 5109 ὑπὸ
1493 5058 1741 5125 ἀγγέλων

1846 5081 1964 5118 num
2002 5066 2069 5119 ab
2106 5067 2312 5135 angelis
2349 5076 2402 5119 et
2444 5067 2755 5123 hominibus
2796 5085 2900 5123 una
2938 5086 3068 5125 voce
3106 5086 3226 5125 cum
3266 5087 3412 5127 reve-

143 5162 211 5196 τε
253 5143 351 5195 καὶ
379 5142 679 5212 ἀνθρώπων
708 5144 1003 5213 ὁμοφώνως
1033 5147 1090 5197 ἐν
1118 5147 1268 5217 φόϐῳ
1304 5148 1735 5219 μεγαλυνομένη.

224 5233 483 5301 Χαίροις,
519 5234 652 5303 μόνη
690 5234 748 5287 ὲν
788 5234 1128 5303 βασιλίσσαις
1170 5237 1481 5306 βασιλίσσα,
1518 5242 1550 5309 ἡ
1584 5239 1737 5308 βασι-

142 5324 301 5379 λέων
331 5324 429 5392 μὲν
454 5322 722 5393 Θυγάτηρ,
750 5326 1139 5395 παμϐασιλέως
1163 5328 1217 5379 δὲ
1244 5329 1481 5399 ’Χριστοῦ
1512 5332 1731 5401 Μήτηρ,

147 5412 467 5484 φιλοσεόὦν
500 5414 557 5465 δὲ
603 5413 866 5485 βασιλέων
915 5418 1134 5484 κράτος.
1188 5420 1448 5488 Χαίροις,
1488 5424 1625 5490 μόνη
1677 5424 1735 5474 ἐν

148 5505 508 5576 βασιλίσσαις
544 5505 849 5574 βασίλισσα,
878 5508 933 5559 ὲν
965 5511 1242 5580 ἱματισμῷ
1275 5513 1550 5582 διαχρύσῳ
1582 5532 1735 5581 περι-

146 5599 497 5668 ϐεϐλημένη,
530 5596 940 5675 πεποικιλμένη,
976 5601 1153 5666 καοὼς
1182 5603 1209 5654 6
1240 5606 1411 5673 μέγας
1446 5605 1735 5677 ψαλμῳδὸς

229 5757 279 5789 ³⁸
320 5754 481 5811 Hebr.
518 5773 611 5822 vn,
642 5758 694 5815 5.
773 5760 815 5793 "
854 5759 992 5816 l’sal.
1028 5777 1169 5825 XLIV,
1203 5762 1255 5816 5.

1332 5764 1375 5793 ⁸ο
1417 5764 1557 5819 l’SaI.
1593 5780 1744 5833 xvnt,
1778 5766 1828 5821 7.

1838 5158 2005 5210 rentia
2041 5158 2427 5228 inagnilicaris.

1908 5250 2167 5317 Salvesis,
2209 5252 2317 5305 sola
2367 5252 2507 5304 inter
2551 5256 2766 5324 reginas
2810 5255 3015 5325 regina,
3061 5270 3181 5323 qua:
3227 5269 3411 5324 regum

1841 5340 2054 5407 quidem
2090 5342 2195 5395 tilia
2226 5357 2305 5406 es,
2336 5344 2704 5398 universorum
2733 5357 2911 5399 autem
2945 5344 3107 5416 Regis
3130 5346 3320 5411 Mater,
3348 5363 3411 5403 ac

1845 5430 2215 5499 religiosorum
2247 5449 2426 5503 regum
2451 5446 2505 5489 et
2530 5438 2912 5507 imperatorum
2942 5439 3125 5493 robur.
3152 5439 3409 5506 Salvesis,

1843 5521 1951 5574 sola
1986 5522 2127 5577 inter
2158 5524 2366 5594 reginas
2399 5528 2616 5597 regina,
2649 5529 2845 5582 vestitu
2879 5530 3141 5583 deaurato
3172 5531 3407 5584 circum-

1842 5610 1993 5676 data,
2034 5628 2096 5668 ac
2130 5615 2415 5683 varietate,
2453 5619 2617 5674 veluti
2653 5620 2981 5689 psalmorum
3017 5632 3207 5677 cantor
3242 5621 3407 5678 David
