4202 6496
209 435 316 497 65⁸7
1082 437 1407 495 HOMILIA
1445 438 1523 496 IN
1565 439 1868 498 ANNUN'I

1795 441 2027 503 \‘TlAT.
2070 447 2133 504 B.
2180 448 2240 504 ν.
2290 447 2571 506 MARLE.
3350 449 3454 509 658

215 543 541 612 μετέχομεν.
569 545 759 614 Χαῖρε;
794 543 861 596 δι’
890 539 956 615 ἦς
986 547 1142 614 ἡμεῖς
1170 546 1426 614 ἀληθινοῦ
1457 549 1548 607 καὶ
1576 548 1782 602 ἀθανά-
1812 554 1854 610 Α

1812 554 1854 610 A
1887 569 2043 620 quam
2079 573 2176 610 nos
2210 572 2394 610 verum
2427 568 2482 611 et
2540 553 2901 610 immortalem
2935 571 3125 624 panem
3158 563 3452 626 gustamus.

210 651 308 685 του
336 634 500 701 ἄρτου
529 634 822 703 γευόμεθα.
852 635 1040 704 Χαῖρε,
1071 633 1136 684 δι’
1163 629 1227 703 ἧς
1256 638 1418 704 ἡμεῖς
1455 639 1518 688 ὲκ
1551 638 1660 690 τῶν
1690 639 1781 690 τοῦ

1886 646 2016 710 Ave,
2054 663 2145 715 per
2171 664 2330 715 quam
2363 663 2460 702 nos
2495 665 2524 702 e
2554 647 2735 716 januis
2768 649 2963 701 int'erni
2995 649 3059 700 ad
3091 647 3261 702 caelos
3284 647 3454 700 evecti

210 724 342 792 ᾆδου
375 725 560 777 πυλῶν
588 727 667 786 εἰς
694 725 957 793 οὐρανοὺς
990 725 1449 795 ἀνεϐιϐάσθημεν.
1484 728 1678 795 Χαῖρε,
1713 730 1782 782 δι’

1885 750 2091 790 smnus.
2115 738 2249 798 Ave,
2276 753 2372 806 per
2399 753 2556 805 quam
2590 753 2686 789 nos
2722 751 2749 790 a
2782 737 3160 790 maledictinne
3190 737 3454 803 redempti

209 810 280 884 ἧς
315 817 472 884 ἡμεῖς
514 814 899 885 ὲλυτρώθημεν
932 817 1092 881 ἀρᾶς,
1124 816 1486 885 ἀνεκλαλὴτου
1525 818 1582 870 δὲ
1609 821 1783 890 χαρᾶς

1884 839 2073 886 sumus
2106 835 2162 880 et
2196 828 2565 896 inexplicabili
2621 829 2804 881 lmtitia
2837 829 3041 897 dignati
3077 843 3282 881 sumus.
3319 829 3452 890 Ave,

212 907 550 976 ἠξιώθημεν.
596 908 788 973 Χαῖρε,
831 907 896 959 δι’
936 903 1003 978 ἧς
1043 909 1206 977 ἡμεῖς
1230 907 1329 970 τὰς
1351 910 1783 980 χριστομόρφους

1885 929 1978 983 per
2006 931 2165 984 quam
2203 931 2302 970 nos
2369 917 2668 984 imaginum
2724 919 2968 986 picturas
3000 932 3121 986 quae
3170 911 3448 971 Christum

216 999 314 1050 καὶ
363 1000 942 1069 σεπτοπροσκυνήτους
989 998 1404 1069 προσκυνοῦμεν
1464 1000 1784 1070 εἰκονογρα-

1886 1014 2293 1072 reprrcsentant,
2327 1008 2673 1075 colendaeque
2701 1008 2834 1060 adeo
2867 1022 2929 1060 ac
2965 1005 3287 1060 veneranda:
3305 1015 3453 1069 sunt,

213 1090 368 1157 φίας.
394 1091 584 1160 Χαῖρε,
624 1089 691 1142 δι’
723 1085 792 1162 ἧς
823 1091 983 1160 ἡμεῖς
1019 1090 1087 1142 τὰ
1117 1091 1228 1142 τῶν
1270 1090 1538 1161 Ἑλλήνων
1586 1091 1784 1161 χρυσό-

1885 1097 2193 1152 adoramus.
2234 1100 2365 1164 Ave,
2427 1114 2522 1168 per
2579 1114 2739 1167 quam
2783 1113 2880 1151 nos
2915 1098 3196 1165 gentilium
3231 1112 3299 1152 ex
3324 1111 3454 1150 auro

209 1181 420 1233 τευκτά
458 1197 519 1232 τε
549 1181 644 1232 καὶ
684 1180 1116 1252 δαιμονιόμορφα
1155 1181 1551 1252 συμπατοῦμεν
1593 1183 1777 1248 ξόανα.

1885 1189 2165 1252 fabricata,
2209 1192 2619 1259 dmmonumque
2665 1189 2856 1243 formis
2907 1192 3129 1260 przedita
3164 1189 3451 1244 simulacra

208 1275 404 1341 Χαῖρε,
437 1272 508 1326 δι’
532 1267 600 1344 ἦς
627 1274 790 1344 ἡμεῖς
829 1274 923 1326 τδν
963 1275 1189 1346 ἀρχαῖόν
1216 1291 1275 1328 τε
1313 1275 1406 1327 καὶ
1440 1274 1779 1344 μεγάλαυχον

1884 1280 2283 1332 conculcamus.
2314 1280 2446 1342 Ave,
2479 1295 2572 1345 per
2601 1295 2761 1347 quam
2801 1294 2898 1334 nos
2933 1279 3113 1348 prisco
3144 1279 3449 1349 illi,super-

208 1364 488 1434 ἀντάρτην
517 1364 1016 1436 ἁντιπραττόμεθα.

1883 1371 2058 1439 boque
2088 1371 2402 1426 adversario
2450 1372 2775 1425 resistimus.

282 1544 474 1614 Χαῖρε,
500 1544 567 1596 δι’
595 1538 664 1617 ἦς
706 1545 1123 1614 εἰρηνοποιεῖται
1153 1548 1185 1615 ἡ
1217 1545 1327 1598 τῶν
1363 1545 1649 1614 Ῥωμαίων
1678 1545 1775 1615 βα-

1953 1543 2086 1605 Ave,
2112 1558 2205 1612 per
2233 1559 2390 1611 quam
2450 1545 2752 1599 Ruinanum
2807 1544 3090 1612 imperium
3131 1543 3441 1611 tranquilli-

210 1633 407 1686 σιλεία.
441 1636 632 1706 Χαῖρε.
661 1636 728 1689 δι’
749 1632 816 1706 ἧς
844 1636 1121 1705 βασιλεῦσι
1141 1639 1202 1689 τὸ
1227 1637 1527 1706 βασιλεύειν
1556 1637 1776 1699 δίδοται,

1885 1641 1993 1685 tate
2040 1632 2262 1699 potitur.
2321 1634 2453 1696 Ave,
2509 1650 2603 1701 per
2636 1649 2800 1701 quant
2861 1635 3077 1701 regibus
3115 1644 3171 1686 ut
3224 1643 3449 1702 regnent

208 1724 306 1774 xxi.
338 1728 662 1794 στρατηγοῖς
701 1725 761 1778 τὸ
810 1728 1134 1796 στρατηγεῖν
1165 1725 1549 1794 ἐγχειρίζεται.
1586 1727 1777 1794 Χαῖρε,

1776 1769 1777 1780 χ
1883 1723 2062 1775 datum
2097 1733 2202 1786 est,
2233 1733 2286 1775 et
2312 1724 2646 1776 exercituum
2695 1727 2858 1778 duces
2893 1726 3141 1777 ducatum
3173 1725 3435 1778 obtinent.

207 1814 280 1866 δι’
330 1811 397 1885 ἧς
441 1816 703 1879 πολλάκις
752 1816 996 1870 ἐπινίκια
1045 1817 1103 1867 ἐν
1138 1815 1439 1883 παρατάξει
1479 1814 1780 1880 ἀλλογενῶν
1812 1880 1848 1885 _

1812 1880 1848 1885 _
1883 1813 2018 1877 Ave,
2049 1827 2142 1880 per
2180 1827 2339 1881 quam
2385 1814 2613 1867 victoria
2650 1816 2700 1867 in
2751 1815 2867 1869 acie
2899 1815 3164 1869 adversus
3196 1815 3451 1884 alienige-

209 1906 306 1957 καὶ
343 1880 739 1974 ἀλλογλώσσων
778 1905 946 1959 ἐθνῶν
999 1880 1322 1958 διανύονται.
1370 1907 1569 1974 Χαῖρε,
1605 1905 1670 1956 δι’
1713 1900 1779 1967 ἦς
1812 1880 1854 1938 Β

1812 1880 1854 1938 Β
1884 1919 2000 1968 nas,
2051 1913 2428 1973 extraneazque
2470 1905 2664 1970 linguae
2718 1907 2965 1960 nationes
3025 1905 3276 1959 refertur.
3314 1907 3447 1976 Ave,

208 1998 528 2068 ἑτερόφυλοι
591 1997 778 2068 ὥσπερ
828 1997 1001 2066 φύλλα
1031 1998 1309 2059 πίπτουσι,
1343 1997 1436 2050 xal.
1472 1997 1662 2066 ἄνομοι
1705 1996 1780 2058 ὡς

1882 2011 1978 2064 per
2010 2012 2175 2063 quant
2214 2007 2416 2051 extera:
2475 2009 2664 2065 gentes
2717 1998 2882 2052 veluti
2943 1998 3068 2052 folia
3131 2000 3352 2062 cadunt,
3399 2010 3451 2052 et

205 2091 378 2159 ἅνεμο
437 2090 664 2159 μηδενὸς
707 2089 995 2152 διώκοντος
1037 2087 1345 2142 διώκονται.
1379 2090 1568 2158 Χαῖρε,
1616 2088 1684 2140 δι’
1712 2082 1780 2157 ἧς

1884 2088 2030 2157 impii
2063 2098 2316 2155 tanquam
2351 2089 2496 2141 venti
2530 2089 2745 2142 nemine
2785 2098 3140 2158 persequente
3168 2089 3449 2158 exagitan-

204 2185 256 2234 oi
298 2182 596 2251 ὁπλομάχοι
625 2181 718 2234 καὶ
761 2180 1084 2250 θυρεοφόροι
1114 2179 1426 2249 θραύονται,
1453 2178 1778 2246 πλήττονται

1885 2187 1990 2234 tur.
2033 2179 2166 2241 Ave,
2198 2194 2294 2246 per
2319 2194 2480 2249 quam
2523 2181 2611 2247 qui
2648 2180 2814 2233 armis
2851 2189 3093 2248 pugnant
3129 2179 3448 2249 clypeosque

202 2274 263 2326 δὲ
299 2273 403 2342 πρὸ
446 2273 764 2341 συμπλοκῆς
793 2271 1162 2341 σιδηροφόροι.
1214 2272 1407 2339 Χαῖρε,
1438 2269 1506 2321 δι’
1537 2266 1604 2340 ἦς
1632 2271 1779 2322 ἀντι-

1882 2276 2116 2337 gestant,
2155 2269 2496 2337 franguntur,
2532 2270 2734 2338 quique
2760 2268 2902 2323 ferro
2934 2280 3290 2337 proteguntur
3325 2277 3449 2322 ante

201 2363 515 2427 τοξεύρνται
562 2360 999 2432 ἀμφοτεροδέξιοι
1073 2360 1306 2425 τοξόται,
1359 2359 1458 2412 καὶ
1522 2359 1778 2429 μωλωπί-

1882 2357 2124 2423 pra-lium
2158 2368 2598 2412 consternantur.
2641 2361 2772 2426 Ave,
2806 2374 2902 2428 per
2932 2375 3092 2428 quam
3121 2361 3445 2416 ambidextri

204 2456 391 2520 ζονται
423 2455 546 2526 ἔθνη
578 2455 644 2507 τὰ
682 2454 948 2524 πολέμους
978 2451 1219 2505 θέλοντα.
1254 2452 1445 2522 Χαῖρε,
1490 2448 1562 2502 δι’
1598 2444 1664 2521 ἧς
1695 2448 1777 2516 ξι-

1881 2448 2142 2515 sagittarii
2176 2450 2631 2518 repercutiuntur,
2677 2457 2732 2504 et
2767 2452 3085 2506 sanciantur
3105 2460 3295 2520 gentes
3325 2467 3444 2520 quae

205 2544 551 2611 φοκτονεῖται
592 2543 620 2594 ὁ
659 2539 1066 2610 βαρϐαρογενὴς
1119 2555 1180 2590 τε
1239 2538 1334 2590 καὶ⁹
1382 2535 1778 2607 φιλομάκελλος

1879 2536 2017 2590 bella
2047 2537 2249 2592 volunt.
2286 2539 2420 2602 Ave,
2454 2555 2549 2609 per
2600 2555 2763 2610 quam
2815 2540 3080 2594 barbarus
3113 2551 3165 2594 et
3194 2541 3448 2594 macella-

206 2634 356 2686 κύων
396 2632 636 2703 Ἱσμαὴλ.
662 2633 853 2701 Χαῖρε,
881 2631 948 2683 δι’
977 2624 1043 2700 ἦς
1065 2628 1484 2700 δραπετεύουσιν
1515 2629 1578 2680 ὲκ
1611 2627 1776 2696 μέσου

1877 2629 1992 2682 rius
2027 2630 2176 2683 cauis
2199 2628 2391 2684 lsmael
2434 2631 2612 2700 gladio
2646 2631 2930 2686 occiditur.
2970 2632 3104 2698 Ave,
3154 2645 3248 2700 per
3281 2645 3444 2698 quam

206 2725 317 2776 τῶν
359 2725 671 2795 ὁπλοφόρων
703 2723 882 2775 πιστοὶ
913 2721 1021 2774 τῶν
1055 2723 1112 2773 ὲν
1141 2719 1486 2790 χειροπὲδαις
1532 2718 1777 2786 σιδηραῖς

1881 2721 2088 2785 ﬁdeles,
2117 2723 2208 2791 qui
2243 2724 2293 2775 in
2324 2724 2554 2779 manicis
2609 2725 2798 2779 ferreis
2853 2729 3050 2779 misere
3089 2727 3287 2796 captivi
3315 2727 3449 2778 deti-

207 2816 459 2879 ἑλεεινῶς
490 2815 870 2886 κατεχομένων
897 2810 1280 2882 αἰχμαλώτων.
1315 2811 1508 2883 Χαῖρε,
1544 2809 1612 2861 δι’
1649 2803 1716 2878 ἧς
1747 2808 1776 2860 ὁ

1879 2821 2097 2875 nentur,
2129 2825 2159 2866 e
2212 2811 2385 2864 media
2425 2821 2757 2868 armatorum
2798 2829 2958 2867 manu
3001 2813 3257 2870 evadunt.
3310 2818 3445 2877 Ave,

208 2902 432 2972 σύμπας
457 2901 661 2971 κόσμος
690 2902 975 2964 σκέπεται,
1003 2901 1097 2952 καὶ
1128 2901 1204 2961 εἰς
1227 2899 1312 2951 ἀεὶ
1334 2897 1773 2966 διαφυλάττεται.

1877 2915 2159 2970 perquam
2197 2903 2429 2957 mundus
2473 2904 2650 2958 omnis
2696 2905 3018 2973 protegitur,
3071 2915 3126 2959 et
3154 2907 3206 2960 in
3258 2920 3446 2975 perpe-

205 2997 404 3065 Χαῖρε,
431 2995 498 3047 δι’
522 2990 589 3065 ἧς
619 2996 753 3064 ἡμῖν
787 2995 933 3048 ἆπαν
955 2992 1252 3063 ὼμηρεύθη
1285 2992 1509 3060 ἀγαθὸν,
1533 2992 1589 3044 εν
1616 3009 1676 3044 τε
1701 2993 1776 3062 τῷ

1774 3021 1776 3036 ι
1880 3002 2025 3045 tuum
2053 2990 2218 3062 840
2260 3003 2636 3050 conservatur.
2683 2997 2818 3058 Ave,
2867 3010 2962 3063 per
3021 3011 3181 3064 quem
3235 2996 3433 3052 bonum

205 3087 425 3157 οὐρανῷ
450 3087 542 3140 καὶ
567 3090 623 3138 ὲν
650 3088 715 3156 τῇ
743 3089 834 3154 γῇ.
861 3085 1053 3155 Χαῖρε,
1077 3085 1143 3136 δι’
1171 3079 1237 3154 ἧς
1274 3086 1407 3154 ἡμῖν
1428 3083 1643 3153 εὐλογία
1665 3086 1776 3146 τοῖς

1875 3099 2034 3139 omne
2064 3085 2119 3138 in
2145 3086 2282 3140 cutio
2309 3095 2363 3140 et
2390 3087 2442 3140 in
2475 3096 2622 3140 terra
2668 3086 3079 3156 oppigneratum
3129 3089 3285 3143 nobis
3320 3089 3441 3145 fuit.

209 3180 421 3240 πῖστοις
449 3177 740 3245 ἐπήγασεν,
772 3175 1070 3244 ἐπειδήπερ
1100 3173 1228 3237 λαός
1267 3191 1362 3227 σου
1391 3177 1573 3245 ἡμεῖς,
1603 3176 1650 3226 εί
1681 3173 1776 3226 καὶ
1803 3206 1845 3264 C

1803 3206 1845 3264 α
1877 3175 2010 3264 Ave,
2045 3189 2143 3244 per
2168 3190 2328 3244 quam
2378 3176 2687 3240 benedictio
2735 3178 2891 3232 nobis
2943 3178 3189 3233 ﬁdelibus
3211 3180 3442 3234 scaturi-

208 3275 420 3342 σειραῖς
469 3271 878 3340 ἁμαρτημάτων
931 3269 1422 3339 συμπεπλέγμεθα.
1472 3270 1665 3340 Χαῖρε,
1708 3267 1775 3322 δι’
1818 3263 1829 3264 ί

1818 3263 1829 3264 “
1880 3263 1972 3328 vit,
2003 3264 2438 3333 quandoquidem
2470 3281 2572 3337 nos
2601 3266 2826 3331 populus
2855 3276 2977 3321 tuus
3012 3282 3218 3332 sumus,
3250 3284 3434 3338 quam-

204 3359 273 3434 ἧς
319 3364 620 3432 εὐλογεῖται
669 3363 779 3416 τῶν
840 3364 1081 3416 ἀσθενῶν
1122 3361 1258 3431 όμοῦ
1307 3363 1552 3433 ἀρρένων
1581 3364 1614 3432 ὴ
1652 3379 1778 3433 χορ-

1772 3391 1778 3402 ι
1877 3353 2010 3409 libet
2063 3365 2408 3423 peccatorum
2443 3357 2652 3411 catenis
2693 3365 2747 3412 et
2790 3356 3016 3411 nexibus
3065 3359 3431 3426 implicemur.

203 3455 384 3524 τώδης
411 3455 590 3520 οὐσία,
625 3455 758 3508 ἀλλὰ
791 3455 885 3508 καὶ
911 3457 942 3525 ἡ
975 3454 1082 3507 τῶν
1102 3454 1472 3522 ἀσθενογενῶν
1499 3454 1775 3524 γυναικῶν

1875 3446 2008 3508 Ave,
2041 3460 2137 3513 per
2170 3461 2329 3515 quam
2357 3445 2700 3501 benedicitur
2752 3446 3090 3501 infirmorum
3113 3489 3126 3511 ,
3168 3459 3276 3502 tmn
3323 3463 3439 3501 ma-

206 3545 534 3615 πάμπλανός
578 3562 637 3597 τε
685 3547 779 3597 καὶ
828 3545 1195 3608 πανσάλευτος
1250 3545 1433 3612 φύσις.
1477 3547 1668 3616 Χαῖρε,
1709 3545 1778 3598 δι’

1875 3536 2144 3590 sculorum
2181 3537 2355 3591 ftenea
2386 3537 2688 3591 substantia
2717 3579 2730 3604 ,
2782 3547 2893 3591 tum
2942 3537 3226 3592 imbecillis
3278 3551 3439 3592 sexus

201 3629 270 3706 ἧς
298 3636 347 3687 οἱ
378 3633 591 3697 ἀσεϐεῖς
619 3633 861 3696 εὐσεϐεῖς
888 3633 1168 3703 γενόμενοι
1199 3633 1440 3697 εὐσεϐῶς
1465 3632 1771 3699 εὐσεϐοῦσι,

1876 3628 2158 3682 mulierum
2191 3630 2420 3682 erratica
2450 3637 2612 3698 atque
2643 3629 2914 3684 instabilis
2941 3639 3155 3684 natura.
3185 3630 3317 3690 Ave,
3343 3645 3438 3698 per

203 3728 299 3779 καὶ
325 3724 691 3795 προσκυνοῦσι
714 3724 805 3777 τὸν
827 3723 1236 3794 πανσεϐάσμιον
1259 3725 1417 3779 τόκον
1439 3743 1552 3786 σου,
1577 3727 1771 3796 Χαῖρε,

1879 3734 2035 3786 quam
2091 3721 2238 3787 impii
2280 3720 2534 3789 pietatem
2586 3721 2841 3788 amplexi,
2887 3721 2973 3788 pie
3021 3720 3207 3774 colunt
3252 3730 3306 3774 et
3344 3721 3436 3771 ad-

201 3818 269 3871 6t'
299 3811 368 3888 ἦς
397 3817 446 3868 οἱ
477 3815 790 3885 φιλόχρυσοι
825 3815 1158 3886 φιλόχριστοι
1187 3816 1447 3883 γίνονται,
1482 3817 1573 3868 καὶ
1603 3816 1652 3868 οἱ
1681 3833 1769 3885 φι-

1877 3815 2034 3862 orant
2053 3807 2575 3862 venerabilissimum
2594 3819 2802 3876 partum
2823 3818 2994 3862 tuum.
3012 3809 3144 3872 Ave,
3160 3821 3254 3876 per
3274 3822 3433 3877 quam

199 3910 465 3981 λὰργυροι
506 3908 894 3979 φιλάνθρωποι,
941 3910 1035 3962 καὶ
1070 3908 1380 3978 φιλόπτοχοι
1405 3910 1454 3962 οἱ
1487 3907 1771 3976 φιλόπλου-

1876 3900 1993 3953 auri
2048 3909 2291 3953 amantes
2333 3899 2536 3953 Christi
2593 3908 2867 3953 amatores
2915 3901 3070 3961 ﬁunt,
3126 3907 3180 3951 et
3229 3898 3432 3966 argenti

198 4011 304 4048 τοι.
350 3994 521 4064 Χαῖρε
567 3987 682 4054 οῦν,
741 3995 919 4062 χαῖρε,
965 3993 1407 4064 κεχαριτωμένη,
1459 3992 1544 4046 ὅτι
1591 3991 1773 4047 πολλοὶ

1754 3991 1773 4042 ὶ
1875 4000 2124 4043 amantes
2157 3999 2428 4044 amatores
2454 3989 2756 4054 hominum,
2785 3999 2946 4058 atque
2975 4003 3268 4058 pauperum
3292 4001 3413 4040 ama

202 4083 417 4137 πολλῶν
464 4082 760 4153 χρημάτων
812 4083 900 4136 διὰ
943 4082 1002 4134 σὲ
1051 4082 1490 4151 κατεφρόνησαν,
1525 4083 1673 4144 ὅπως
1712 4099 1774 4134 σε

1773 4124 1774 4131 η
1872 4089 2020 4135 tores
2065 4080 2370 4134 divitiarum
2424 4079 2673 4132 studiosi.
2720 4079 2831 4131 Ave
2864 4093 3014 4147 ergo,
3061 4077 3230 4146 gratia
3252 4077 3432 4146 plena,

201 4178 300 4246 τὴν
355 4175 522 4245 μόνην
575 4175 787 4246 ἀγαθὴν
838 4173 1164 4244 κερδήσωσι.
1217 4175 1408 4243 Χαῖρε,
1464 4174 1546 4226 ὅτι
1591 4171 1773 4225 πολλοὶ

1770 4215 1773 4223 ,
1875 4173 1998 4239 quia
2049 4172 2199 4223 multi
2257 4170 2453 4222 multas
2502 4169 2759 4238 pecunias
2799 4166 3238 4232 ﬂoccifecerunt,
3273 4177 3331 4220 ut
3383 4176 3429 4220 te

199 4265 462 4327 πολλάκις
507 4263 614 4316 τῶν
667 4261 904 4316 εὐσεϐῶν
953 4260 1220 4330 βασιλέων
1275 4261 1446 4330 πηλὸν
1497 4263 1773 4331 ἡγήσαντο

1769 4285 1773 4310 ι
1874 4262 2041 4316 solam
2086 4261 2448 4315 lucrarentur.
2480 4261 2630 4322 Ave,
2669 4259 2921 4326 quoniam
2982 4259 3132 4312 nmlti
3166 4258 3428 4312 multotics

200 4356 292 4410 διὰ
336 4355 396 4408 σὲ
441 4356 533 4408 τὸν
561 4353 780 4425 χρυσὸν,
813 4353 905 4406 καὶ
943 4352 1135 4405 σποδὸν
1164 4353 1258 4405 τὸν
1290 4353 1551 4423 ἄργυρον.
1577 4355 1772 4422 Χαῖρε,

1770 4397 1772 4408 ,
1876 4351 2251 4419 religiosorum
2303 4351 2690 4418 imperatorum
2742 4362 2938 4401 aurum
2986 4356 3205 4416 propter
3263 4357 3313 4400 te
3357 4346 3429 4398 uti

201 4449 281 4499 ὃτι
315 4443 499 4498 πολλοὶ
543 4441 652 4495 τῶν
701 4440 1057 4511 φιλοχρίστων
1107 4441 1389 4508 βασιλίδων
1424 4440 1774 4509 λιθολαμπεῖς

1770 4458 1774 4496 .'
1876 4443 2043 4495 lutum
2099 4442 2423 4502 habuerunt,
2453 4450 2508 4493 et
2552 4448 2834 4506 argentum
2869 4439 2943 4492 uti
2997 4441 3258 4493 cinerem.
3299 4438 3429 4503 Ave,

201 4532 288 4589 διὰ
342 4535 404 4590 σὲ
457 4533 787 4599 στεφάνους,
842 4533 935 4583 καὶ
988 4531 1368 4601 κρυσονήμους
1424 4531 1770 4601 ἁλουργίδας,
1805 4547 1846 4600 ι)

1805 4547 1846 4600 ι)
1875 4534 2128 4602 quoniam
2171 4535 2476 4601 complures
2530 4531 2730 4586 Christi
2792 4531 3084 4584 amantium
3131 4530 3429 4597 reginarum

202 4627 446 4699 ἀράχνης
472 4623 822 4691 εὐτελέστερα
856 4621 1191 4687 ἐλογίσαντο.
1223 4623 1416 4691 Χαῖρε,
1463 4623 1544 4674 ὅτι
1587 4621 1772 4674 πολλοὶ

1768 4659 1772 4671 ι
1873 4624 2146 4694 fulgentes
2175 4623 2407 4693 gemmis
2448 4636 2700 4685 coronas,
2751 4635 2990 4689 auroque
3033 4621 3264 4675 intextas
3303 4634 3427 4687 pur-

200 4716 312 4768 τῶν
363 4713 597 4780 εὐγενῶν
649 4711 899 4772 Ἰνδικοὺς
926 4710 1014 4762 διὰ
1047 4710 1106 4762 σὲ
1140 4713 1233 4762 καὶ
1282 4708 1772 4779 χρυσταλλίζοντας

1771 4730 1772 4736 ‘
1874 4729 2038 4784 puras
2072 4723 2293 4782 prepter
2321 4723 2371 4766 te
2392 4727 2603 4766 araneae
2635 4711 2740 4765 tela
2765 4712 2983 4765 viliores
3008 4711 3430 4766 :estimaverunt.

202 4803 385 4867 λίθους
413 4803 868 4873 περιεφρόνησαν.
903 4803 1095 4870 Χαῖρε,
1133 4801 1214 4854 ὅτι
1242 4802 1453 4865 πολλαὶ,
1485 4802 1571 4853 ἵνα
1603 4801 1760 4863 εἴπω,

1873 4806 2005 4869 Ave,
2038 4805 2294 4873 quoniam
2328 4805 2477 4856 multi
2509 4804 2718 4858 nobiles
2761 4803 2972 4856 Indicos
3029 4802 3430 4871 pellucidosquc

202 4897 295 4949 καὶ
324 4895 432 4946 τῶν
462 4895 752 4956 εὐγενίδων
779 4892 1056 4960 γυναικῶν
1083 4893 1161 4954 εἰς
1189 4891 1339 4944 οὐδὲν
1377 4893 1656 4960 ἡγήσαντο
1683 4891 1769 4944 διὰ

1871 4897 1946 4950 uti
1998 4896 2316 4966 crystallum
2363 4893 2581 4962 lapides,
2628 4895 2704 4949 tui
2743 4895 2912 4965 gratia
2957 4893 3233 4961 aspernati
3287 4902 3431 4947 sunt.

202 4989 263 5040 σὲ
288 4986 595 5050 ἀξιάγαστα
625 4986 694 5037 τὰ
725 4984 948 5054 βύσσινα
997 5000 1056 5035 τε
1090 4983 1182 5035 καὶ
1217 4983 1465 5042 κόκκινα,
1498 4987 1590 5037 καὶ
1615 5001 1770 5053 περι-

1868 4989 2002 5056 Ave,
2035 4990 2176 5058 quod
2217 4989 2422 5054 multm,
2480 4999 2538 5043 ut
2596 4988 2884 5044 sie'dicam
2913 5028 2928 5052 ,
2979 5004 3043 5043 ex
3098 4989 3226 5057 ipsis
3271 4988 3431 5042 etiam

200 5079 479 5150 πόρφύρα,
517 5077 611 5128 καὶ
644 5077 954 5145 ὁλοσήρικα.
991 5077 1182 5145 Χαῖρε,
1215 5075 1296 5127 ὅτι
1321 5075 1512 5128 πολλαὶ
1545 5075 1768 5129 καὶτῶν

1871 5081 2174 5136 illustribus
2205 5079 2525 5134 mulieribus
2551 5117 2566 5143 ,
2617 5079 2693 5134 tui
2742 5094 2905 5132 causa
2957 5078 3111 5131 nihili
3143 5079 3431 5139 duxerunt,

203 5167 528 5238 μοιχαλίδων
555 5166 829 5234 γυναικῶν
860 5165 1212 5236 λιθοκόλλητα
1236 5165 1451 5229 ἐνώτια,
1482 5167 1577 5219 καὶ
1607 5169 1764 5237 περιξ-

1869 5176 2208 5241 quzecunque
2255 5184 2319 5224 ex
2379 5170 2563 5240 bysso,
2601 5170 2847 5232 coccino,
2899 5185 3134 5237 purpura
3167 5177 3222 5223 et
3258 5169 3431 5222 serico

197 5258 346 5322 δὲξια
367 5252 560 5322 ψέλλια
588 5255 800 5324 φύλλων
816 5256 1184 5324 άδρανέστερα
1208 5255 1538 5321 ὲλογίσαντο.
1569 5258 1764 5326 Χαῖρε,

1867 5268 2143 5321 contexta,
2172 5259 2531 5312 admiratione
2562 5258 2719 5327 digna
2753 5258 3098 5312 videbantur.
3132 5259 3267 5320 Ave,
3295 5272 3430 5325 quo-

201 5349 281 5399 £1:
309 5347 496 5399 πολλοὶ
542 5348 858 5410 πλειστάκις
882 5346 989 5399 τῶν
1031 5346 1255 5410 ἐνδόξων
1284 5363 1342 5399 τε
1387 5349 1483 5400 καὶ¹
1529 5365 1764 5418 περιφα-

1868 5350 2009 5403 niam
2045 5346 2479 5415 multaﬂquoque
2537 5347 2820 5400 mulierum
2872 5346 3246 5398 adulterarum
3275 5361 3427 5413 gem-

211 5436 328 5497 θῶν,
368 5436 428 5488 οὗ
459 5435 563 5506 μὴν
586 5435 640 5487 δὲ
674 5436 768 5488 καὶ
792 5435 1080 5494 πλουσίων,
1110 5435 1352 5488 σκύϐαλα
1378 5437 1652 5506 ἡγήσαντο
1677 5437 1763 5490 διὰ
1867 5460 1870 5495 1

1867 5441 1969 5496 niis
2009 5449 2231 5494 ornatas
2272 5440 2526 5499 inaures,
2569 5438 2916 5506 armillasqne
2977 5439 3120 5492 foliis
3178 5439 3429 5493 exiliores

201 5528 259 5578 σε
313 5512 409 5588 τὰς
447 5525 649 5596 χρυσοῦ
694 5528 787 5579 καὶ
831 5526 1072 5597 ἀργύρου
1131 5527 1387 5590 γελιάδας.
1450 5529 1642 5597 Χαῖρε,
1684 5530 1764 5580 ὅτι

1866 5544 2082 5602 propter
2103 5542 2153 5586 te
2170 5539 2519 5585 censuerunt.
2548 5530 2678 5591 Ave,
2709 5531 2853 5598 quod
2881 5531 3030 5583 multi
3055 5544 3429 5600 saepenumero

203 5605 392 5668 πολλαὶ
437 5618 530 5668 καὶ
563 5615 669 5668 τῶν
712 5617 975 5683 νεογενῶν
1008 5617 1260 5670 νεανίδων
1300 5617 1620 5680 λευκοειδεῖς
1668 5619 1764 5671 καὶ

1866 5623 2135 5677 clarorum
2179 5620 2581 5689 illustriumque
2633 5621 2894 5685 virorum,
2929 5621 3057 5688 quin
3087 5621 3250 5673 etiam
3282 5621 3426 5674 divi-

202 5707 604 5775 χρυσολαμπείς
637 5708 827 5770 στολάς
872 5707 1180 5762 ἀπώσαντο.
1226 5711 1417 5778 Χαῖρε,
1449 5710 1530 5762 ὅτι
1571 5709 1762 5763 πολλαὶ

1867 5721 1996 5774 tum,
2035 5711 2198 5764 millia
2227 5710 2343 5763 auri
2376 5719 2432 5763 et
2473 5710 2681 5778 argenti
2714 5719 2968 5777 tanquam
3022 5709 3344 5777 quisquilias
3368 5721 3423 5764 et

202 5799 286 5851 διὰ
311 5799 392 5864 σὲ,
414 5801 486 5851 ’ἵν’
518 5801 673 5864 εἴπω,
703 5801 806 5853 τῶν
851 5802 1301 5871 χρυσοφορουσῶν
1333 5803 1621 5869 γυναικῶν.
1658 5821 1755 5873 με-

1864 5813 2102 5856 stercora
2138 5800 2462 5854 habuerunt.
2518 5802 2648 5862 Ave,
2700 5805 2952 5868 quoniam
2989 5811 3211 5870 propter
3257 5801 3421 5870 teju-
