4202 6496
191 402 298 461 (ῖῧῖι

1215 395 1295 454 ΙΝ
1337 393 1852 454 ΝΛΤΙΥΙΤΑΤΕΜ
1897 396 1942 454 Β
1997 394 2062 455 ι’.
2103 392 2385 452 ΜΑΒΙᾸΞ.

3346 386 3451 448 666

191 491 288 542 καὶ
332 486 618 556 ἀσώματον
648 485 712 537 ὲκ
739 483 946 554 ταύτης
978 483 1328 552 σωματοῦται
1355 522 1370 544 ,
1399 484 1493 535 καὶ
1519 483 1594 545 ὡς
1629 499 1768 552 νυμο

1877 483 2080 547 lumen,
2115 485 2361 552 inquam,
2414 480 2544 536 illud
2582 482 2809 536 materia
2855 495 3062 536 vacans
3090 489 3144 537 et
3193 481 3446 551 incorpo-

189 581 311 648 φίος
341 581 404 631 ἐκ
444 576 648 630 παστοῦ
686 595 706 629 1
731 577 1010 648 ρόερχεται
1032 617 1045 636 ,
1077 575 1208 636 Θεὸς
1252 573 1358 636 ὢν,
1403 576 1495 626 καὶ
1526 575 1764 643 γηγενὴς

186 670 478 739 γενόμενος
514 670 760 739 ὕστερον.
802 669 887 731 'u;
930 670 1092 737 γίγας
1119 669 1218 738 τήν
1260 667 1377 720 ὁδὸν
1411 667 1641 736 δραμεῖν
1667 665 1763 734 τῆς

187 762 460 831 ἡμετέρας
489 761 879 829 ἁγαλλιάσεται
908 760 1144 828 φύσεως,
1178 760 1270 812 καὶ
1295 759 1383 812 διὰ
1406 757 1592 811 παθῶν
1617 757 1762 810 ὁδεῦ-

189 871 281 905 σαι
312 853 445 923 πρὸς
481 853 732 912 θάνατον,
771 851 865 903 καὶ
898 851 1173 919 δήσαιτδν
1210 850 1452 918 ἰσχυρὸν,
1492 851 1586 901 καὶ
1611 848 1765 918 διαρ-

187 939 362 989 πάσαι
414 937 578 989 αὑτοῦ
618 938 686 988 τὰ
719 935 923 1006 σκεύη,
977 935 1076 1006 τήν
1116 935 1391 1006 ἡμετέραν
1429 934 1626 1001 φύσιν,
1664 934 1761 986 καὶ

187 1029 328 1096 πρὸς
382 1030 480 1099 τήν
519 1030 769 1100 οὐράνιον
813 1029 916 1098 γῆν
965 1031 1265 1095 ἀναγαγεῖν
1304 1027 1365 1080 τὸ
1413 1027 1764 1097 πλανώμενον

189 1119 482 1190 πρόϐατον.
509 1122 757 1191 Σήμερον
779 1123 807 1173 6
834 1120 928 1172 τοῦ
982 1121 1231 1181 τέκτονος
1265 1119 1376 1188 (ἆο)
1400 1119 1548 1182 Υἱὸς,
1578 1122 1606 1172 6
1636 1137 1766 1171 παν-

186 1212 350 1281 τεχνή
361 1229 474 1281 μων
497 1213 668 1280 Λόγος
697 1211 793 1264 τοῦ
825 1212 892 1265 δι’
922 1212 1087 1264 αύτοῦ
1122 1212 1189 1263 τὰ
1217 1213 1394 1264 πάντα
1419 1212 1766 1264 κατασκευά-

189 1320 407 1367 σαντος,
446 1305 473 1356 6
503 1305 742 1375 βραχίων
765 1305 793 1357 6
827 1303 1045 1374 ἰσχυρὸς
1076 1303 1170 1355 τοῦ
1208 1303 1344 1355 Θεοῦ
1376 1302 1469 1356 τοῦ
1499 1304 1724 1372 ὑψίστου
1749 1342 1764 1367 ,

188 1395 265 1456 ὡς
301 1395 493 1448 ἑαυτοῦ
525 1395 775 1465 δακτύλῳ
800 1394 877 1466 τῷ
902 1395 1201 1464 Πνεύματι,
1232 1393 1537 1462 ἁμὸλυνθὲν
1559 1393 1616 1446 τὸ
1646 1394 1767 1446 σκέ-

192 1501 401 1555 παρνον
429 1487 708 1556 ἀκονήσας
743 1487 840 1555 τῆς
870 1485 1108 1554 φύσεως,
1148 1484 1549 1537 κατεσκεύασεν
1589 1484 1767 1556 ἑαυτῷ

187 1577 436 1646 ἔμψυχον
474 1577 746 1646 κλίμακα,
785 1573 915 1648 ἦςή
966 1576 1120 1646 βασις
1157 1575 1250 1627 ἐπὶ
1286 1575 1386 1643 γῆς
1421 1575 1765 1642 ἐστήρικται,

189 1669 221 1736 ἠ
269 1668 328 1720 δὲ
369 1667 578 1737 κεφαλή
618 1667 753 1734 πρὸς
800 1667 964 1720 αὑτὸν
1003 1665 1093 1717 τὸν
1135 1665 1384 1734 ούρανὶν,
1423 1664 1507 1730 ἐφ’
1541 1660 1606 1735 ἦς
1636 1663 1769 1725 Θεὸς

187 1761 555 1822 ἀναπαύεται,
594 1755 662 1830 ἧς
694 1760 785 1811 τὸν
816 1760 985 1811 τύπον
1021 1757 1217 1810 Ἰακὼϐ
1242 1757 1522 1819 ἐθεάσατο,
1557 1758 1622 1809 δι’
1649 1753 1715 1825 ἧς
1740 1757 1768 1807 ὁ

1874 587 2048 637 reum,
2073 591 2136 626 ex
2173 575 2287 643 ipsa
2320 584 2666 642 eorporatur.
2707 584 2762 629 et
2801 584 3058 643 tanquam
3097 587 3331 644 sponsus
3379 573 3446 628 de

1873 667 2113 720 thalamo
2166 669 2414 737 procedit
2446 668 2514 734 ⁸⁸,
2545 667 2637 736 qui
2683 682 2806 721 eum
2861 666 2999 722 Deus
3058 667 3152 732 sit,
3208 665 3441 720 submde

1871 758 2048 814 factus
2079 761 2376 828 terrigena,
2429 758 2730 813 exsultabit
2795 766 2853 810 ut
2910 757 3061 828 gigas
3109 757 3178 810 ad
3232 763 3442 810 naturae

1874 858 2074 905 nostra:
2115 851 2441 905 eurrendam
2469 852 2614 904 viam
2646 851 2715 915 ",
2761 864 2857 920 per
2892 848 3168 904 cruciatus
3193 848 3259 901 ad
3303 863 3448 901 mor-

1875 951 1982 996 tem
2014 943 2354 997 contendens
2384 961 2398 998 :
2430 952 2488 996 ttt
2517 943 2710 997 fortetn
2743 941 2948 1011 alliget,
2985 941 3263 1010 ipsiusque
3292 954 3444 1004 vasa,

1874 1033 2172 1089 humanum
2209 1036 2404 1101 utique
2422 1048 2596 1103 genus
2631 1033 2852 1101 diripiat
2879 1034 2948 1098 ⁵¹,
2975 1041 3031 1086 et
3075 1045 3231 1084 ovem
3257 1044 3448 1084 erran-

1875 1136 1983 1177 tem
2025 1124 2089 1175 ad
2141 1124 2418 1179 emlestem
2480 1134 2676 1177 terram
2734 1123 2958 1177 reducat
3008 1121 3074 1174 ⁵³.
3126 1120 3300 1175 Hodie
3361 1119 3450 1175 ille

1873 1213 2012 1270 fabri
2038 1214 2232 1278 Filius,
2278 1229 2459 1269 rerum
2499 1215 2742 1268 ottmittm
2777 1213 2974 1268 artifex
3003 1212 3240 1268 Verbum
3278 1211 3445 1275 illius,

1872 1305 1962 1373 qui
1994 1320 2092 1374 per
2120 1304 2293 1372 ipsum
2323 1305 2504 1359 omnia
2534 1304 2796 1365 condidit.
2841 1301 2982 1357 forte
3015 1302 3146 1356 illud
3178 1303 3272 1362 Dei
3302 1303 3450 1356 altis-

1875 1395 1997 1452 simi
2031 1395 2340 1459 brachium,
2390 1396 2639 1449 ohtttsam
2701 1406 2909 1449 natura;
2985 1396 3191 1449 asciam
3237 1393 3444 1462 Spiritu

1876 1495 2068 1540 sancto
2099 1501 2198 1540 ceu
2227 1487 2398 1555 digito
2423 1502 2521 1541 suo
2550 1501 2848 1550 exacuens,
2875 1487 3173 1541 animatum
3206 1487 3310 1540 sibi
3336 1486 3452 1554 ipse

1875 1579 2079 1633 scalam
2111 1577 2422 1644 fabricavit,
2451 1579 2609 1648 cujus
2640 1579 2746 1632 ima
2791 1593 2917 1648 pars
2971 1579 3022 1632 in
3062 1587 3205 1633 terra
3238 1578 3450 1631 firmata

1877 1680 1961 1724 est
1990 1711 2005 1734 ,
2039 1685 2248 1724 summa
2275 1681 2454 1724 autem
2493 1670 2560 1723 ad
2605 1670 2801 1723 cet-lum
2851 1682 3022 1736 usque
3055 1669 3350 1738 porrigitur
3380 1669 3450 1736 ",

1881 1764 1967 1818 cui
1990 1764 2140 1828 Deus,
2170 1764 2438 1817 innitatur
2467 1781 2481 1817 :
2512 1764 2669 1831 cujus
2697 1762 2862 1819 Jacob
2897 1764 3123 1832 figuram
3149 1763 3282 1819 vidit
3310 1780 3325 1830 ;
3357 1779 3454 1834 per

189 1851 325 1914 Θεὸς
365 1851 607 1914 καταϐὰς
641 1850 1023 1920 ἀμεταϐἀτως,
1058 1850 1262 1917 μᾶλλον
1289 1848 1345 1900 δὲ
1391 1849 1764 1916 συγκαταϐὰς,

1877 1872 2033 1926 quam
2066 1856 2209 1911 Deus
2252 1856 2384 1910 nihil
2425 1865 2663 1910 mutatus
2729 1857 3084 1923 descendens,
3140 1871 3234 1912 seu
3275 1860 3452 1926 potius

188 1940 286 1991 ἐπὶ
345 1939 445 2007 τῆς
485 1941 587 2006 γῆς
652 1937 832 2008 ῶφοη,
885 1939 978 1990 καὶ
1030 1940 1140 2000 τοῖς
1200 1936 1511 2008 ἁνυρώποις
1579 1955 1769 1989 συναν-

188 2031 463 2102 εστράση.
501 2033 684 2084 Ταῦτα
718 2032 824 2101 γὰρ
847 2032 878 2102 ἡ
900 2030 1221 2094 κατάϐασις,
1254 2031 1286 2099 ἡ
1321 2029 1770 2100 συγκαταϐατικὴ

185 2124 544 2186 ταπείνωσις,
585 2125 618 2191 ή
651 2125 742 2175 ἐπὶ
768 2122 871 2190 γῆς
904 2121 1175 2185 πολιτεία,
1220 2123 1251 2190 ή
1279 2123 1392 2182 τοῖς
1431 2121 1523 2172 ἐπὶ
1553 2121 1654 2190 γῆς
1682 2121 1769 2173 δο-

189 2213 348 2263 Οεῖσα
377 2213 541 2265 αὑτοῦ
579 2215 895 2280 ἐπίγνωσις.
927 2213 1051 2263 Ἐπὶ
1085 2212 1184 2281 γῆς
1225 2210 1445 2282 ήνοητὴ
1474 2212 1696 2281 κλίμαξ,
1731 2213 1764 2282 ἡ

189 2314 465 2383 παρθένος
501 2313 855 2383 ἐστήρικται·
893 2315 957 2366 ἐκ
1002 2314 1105 2382 γῆς
1143 2314 1251 2382 γὰρ
1290 2313 1404 2382 ἔχει
1436 2314 1535 2384 τήν
1573 2313 1769 2383 γέννη-

191 2421 279 2455 σιν
305 2420 320 2433 ·
360 2405 393 2474 ή
426 2403 483 2456 δὲ
514 2404 722 2475 κεφαλὴ
748 2404 883 2475 πρὸς
907 2405 998 2458 τὸν
1029 2405 1278 2475 οὐρανόν.
1305 2405 1493 2475 Ilion;
1520 2406 1628 2478 γὰρ
1667 2422 1762 2473 γυ-

190 2495 383 2556 ναικὸς
419 2495 629 2566 κεφαλὴ
679 2498 706 2549 ὁ
755 2497 932 2566 ἁνήρ·
973 2496 1086 2548 ἀλλ’
1140 2496 1316 2567 αὕτη,
1367 2497 1552 2568 ἐπειδὴ
1600 2498 1770 2568 ἄνδρα

189 2586 291 2637 ούκ
324 2585 435 2654 (41)
469 2587 626 2650 ἔγνω,
654 2585 863 2655 κεφαλή
891 2584 1103 2654 αἴ)τῆςὸ
1125 2586 1254 2648 Θεὸς
1280 2587 1370 2639 καί
1395 2587 1582 2656 Πατὴρ
1607 2589 1770 2656 ἐχρη-

192 2676 448 2744 μάτισεν,
492 2677 771 2746 Πνεύματι
802 2676 943 2746 ἁγίῳ
993 2675 1334 2744 συναλλαγὰς
1377 2678 1770 2746 ποιησάμενος,

191 2765 288 2818 καὶ
307 2766 468 2816 οἱονεὶ
498 2765 636 2818 Οεῖον
665 2766 865 2836 σπόρον
893 2768 1284 2836 πνευματικὸν,
1314 2767 1406 2820 τὸν
1431 2767 1628 2820 ἑαυτοῦ
1645 2769 1769 2820 Υίὸν

190 2858 291 2909 καὶ
319 2857 491 2924 Λόγον
517 2856 613 2926 τήν
646 2857 1052 2926 παντοδύναμον
1096 2856 1325 2928 δύναμιν
1356 2858 1766 2922 ἐξαποστείλας.

191 2948 430 3018 lii/Sexi;
467 2950 574 3016 γὰρ
596 2947 686 3000 τοῦ
710 2947 939 3017 Πατρὸς,
962 2949 1060 3000 οὐκ
1089 2951 1152 3000 ἐκ
1185 2949 1479 3018 συναφείας
1513 2950 1768 3018 φυσικῆς,

194 3039 317 3092 ἀλλ’
346 3045 408 3092 εκ
433 3039 745 3109 Πνεύματος
776 3039 930 3106 ἁγίου
964 3040 1057 3092 καὶ
1083 3038 1296 3108 Μαρίας
1330 3041 1426 3108 τῆς
1466 3038 1769 3108 Παρθένου,

194 3134 499 3204 ὑπερφυῶς
555 3133 585 3184 6
639 3134 812 3200 Λόγος
861 3132 998 3201 σὰρξ
1047 3133 1333 3202 ἀτρέπτως
1385 3133 1636 3199 ἐγένετο,
1679 3133 1772 3185 καὶ

1878 1965 1937 2002 se
1963 1949 2308 2014 indulgenter
2343 1947 2634 2007 inclinans.
2673 1949 2724 2001 in
2754 1956 2897 2001 terra
2935 1950 3080 2003 visus
3113 1958 3217 2014 est,
3253 1959 3299 2003 et
3331 1964 3451 2003 cum

1877 2040 2192 2094 hominibus
2223 2049 2581 2094 conversatus
2603 2050 2689 2094 est
2713 2040 2781 2094 ".
2812 2038 2938 2094 Haec
2966 2043 3112 2095 enim
3162 2043 3454 2095 descensus

1877 2133 1966 2188 ille
2023 2131 2319 2204 significat,
2351 2132 2719 2186 inclinationis
2767 2133 3172 2198 demissionem,
3208 2134 3261 2188 in
3294 2134 3456 2189 terris

1877 2225 2370 2292 conversationem,
2422 2239 2740 2279 concessam
2777 2225 2842 2279 iis
2872 2227 2962 2294 qtti
3007 2225 3060 2278 in
3092 2234 3233 2279 terra
3267 2236 3453 2295 agunt,

1879 2319 2047 2390 ipsius
2074 2318 2467 2388 cognitionem.
2500 2315 2814 2385 Spiritualis
2849 2316 3015 2382 scala,
3039 2317 3142 2371 hoc
3170 2327 3249 2370 est
3277 2318 3453 2385 virgo.

1875 2410 1930 2464 itt
1961 2419 2105 2464 terra
2136 2409 2348 2462 firmata
2378 2413 2496 2472 est;
2530 2419 2588 2459 ut
2611 2420 2732 2474 quae
2758 2419 2823 2461 ex
2861 2414 3007 2460 terra
3033 2415 3211 2462 ortum
3237 2407 3452 2470 habeat;

1877 2513 2037 2572 caput
2066 2516 2196 2555 vero
2229 2502 2296 2554 ad
2327 2501 2524 2555 coelum
2555 2512 2726 2567 usque
2759 2499 3047 2568 pertineat.
3083 2497 3273 2554 Omnis
3305 2517 3458 2553 nant-

1876 2610 1982 2663 que
2015 2594 2258 2648 mulieris
2294 2603 2452 2660 caput
2509 2599 2594 2646 est
2639 2591 2727 2644 vir
2757 2591 2804 2623 "
2843 2607 2858 2644 :
2906 2591 3066 2658 hujus
3097 2599 3301 2656 autem,
3333 2605 3455 2645 eum

1879 2688 2057 2742 virum
2088 2703 2193 2740 non
2225 2685 2446 2750 habeat,
2502 2683 2646 2737 Deus
2700 2693 2756 2738 et
2787 2682 2949 2737 Pater
2986 2692 3152 2752 caput
3204 2682 3330 2746 fuit,
3364 2683 3457 2752 qui

1883 2779 2120 2848 Spiritus
2173 2778 2346 2831 sancti
2375 2791 2537 2845 opera
2589 2774 2826 2845 conjugii
2873 2773 3038 2828 veluti
3091 2774 3269 2829 foedus
3302 2774 3457 2841 paci-

1879 2883 2062 2931 scens,
2104 2878 2360 2934 tanquam
2409 2866 2652 2919 divinum
2705 2866 2974 2934 quoddam
3012 2880 3220 2928 semen,
3259 2865 3454 2920 Filium

1889 2976 2042 3015 suum
2072 2975 2136 3013 ac
2190 2959 2450 3024 Verbum,
2505 2961 2930 3026 omnipotentem
2991 2957 3136 3012 illam
3198 2958 3458 3012 virtutem

1880 3051 2080 3106 emisit.
2139 3049 2372 3119 Benigna
2419 3050 2614 3117 quippe
2669 3050 2948 3104 voluntate
2990 3048 3192 3115 Patris,
3249 3065 3352 3103 non
3391 3063 3461 3104 ex

1883 3145 2118 3201 naturali
2141 3159 2458 3213 congressu,
2493 3144 2586 3197 sed
2617 3158 2680 3196 ex
2723 3142 2926 3210 Spiritu
2951 3152 3141 3197 sancto
3166 3152 3220 3196 et
3241 3158 3306 3196 ex
3345 3141 3462 3196 Ma-

192 3230 510 3296 ἑσκήνωσεν
548 3226 606 3276 ὲν
661 3227 813 3294 ἡμῖν.
865 3225 1139 3291 Συναφεια
1172 3224 1279 3293 γὰρ
1312 3222 1451 3275 Θεοῦ
1496 3224 1632 3294 πρὸς
1683 3225 1771 3276 ἁν-

1886 3238 1964 3290 ria
1993 3235 2212 3306 Virgine
2243 3250 2408 3304 supra
2471 3243 2677 3288 natura:
2733 3235 2898 3302 leges,
2959 3233 3102 3286 nulla
3162 3233 3460 3287 mutatione

195 3318 450 3387 Θρὼπους
490 3318 577 3370 διὰ
615 3317 933 3386 Πνεύματος
981 3317 1137 3383 ἁγίου
1186 3318 1414 3384 γίνεται.
1462 3317 1522 3369 Ὀ
1568 3316 1776 3384 χωρῶν

191 3413 473 3480 χωρείτω.
523 3411 604 3470 Ὀ,
631 3411 787 3480 ἔχων
823 3405 942 3464 ὦτα
981 3411 1259 3472 ἀκούειν,
1301 3410 1587 3464 ἀνιούετω.
1632 3409 1776 3474 ’Ἑξω

192 3506 307 3554 τῶν
337 3503 662 3572 σωματικῶν
692 3503 998 3572 γενώμεθα.
1045 3502 1279 3562 Ἀπαοὲς
1309 3503 1370 3554 τὸ
1399 3503 1565 3565 Οεῖον,
1603 3503 1650 3554 οἱ
1681 3503 1769 3555 ἄν-

195 3599 409 3666 ὓριυποι
432 3611 445 3625 ·
481 3599 508 3649 6
542 3595 767 3657 ἀπαθῶς
807 3597 1070 3665 γεννήσας
1104 3596 1166 3646 τὸ
1194 3597 1464 3666 πρότερον
1506 3595 1773 3663 φυσικῶς,

194 3687 432 3751 ἀπαθῶς
466 3688 557 3740 τὸν
593 3688 752 3740 αὑτὸν
786 3687 916 3740 Υἱὸν
939 3688 1105 3758 γεννᾷ
1142 3690 1235 3740 καὶ
1262 3689 1322 3740 τὸ
1352 3687 1603 3758 δεύτερον
1631 3689 1778 3740 οἰκο-

194 3781 461 3850 νομικῶς.
486 3783 596 3834 Καὶ
623 3785 828 3852 μαρτυς
853 3782 1036 3845 Δαϐὶδ,
1067 3783 1093 3832 6
1111 3781 1558 3852 Θεοπάτωρ,(4“;ἒ),
1578 3781 1773 3850 λέγων·

198 3875 416 3940 Κύριος
446 3869 574 3925 εἷπε
605 3876 753 3941 πρός
777 3891 850 3943 με
874 3892 886 3903 ·
930 3876 1060 3939 Υἱός
1084 3891 1204 3941 μου
1236 3871 1296 3927 εἴ
1315 3874 1418 3938 σὺ,
1452 3873 1565 3942 ἐγὼ
1585 3874 1774 3942 σήμε-

188 3981 310 4030 ρον
343 3964 674 4032 γεγέννηκά
707 3982 801 4018 σε.
838 3965 910 4017 T6
950 3965 1028 4028 δὲ,
1065 3965 1350 4032 σήμερον,
1393 3966 1488 4017 ἐπὶ
1516 3966 1616 4033 τῆς
1642 3982 1776 4036 προ-

199 4056 420 4109 αιωνεου
465 4058 770 4127 γεννήσεως
832 4056 1015 4128 χώραν
1083 4058 1183 4109 οὐκ
1229 4057 1379 4125 ἔχει·
1428 4058 1611 4126 ἐκείνη
1665 4057 1775 4127 γὰρ

197 4148 452 4215 ἅχρονος.

1880 3327 2116 3406 Verbum
2164 3341 2296 3380 caro
2331 3325 2532 3379 factum
2552 3335 2664 3384 est.
2713 3336 2767 3378 et
2801 3324 3066 3379 habitavit
3117 3325 3166 3377 in
3205 3323 3362 3376 nobis
3388 3325 3456 3378 ⁸⁷.

1883 3419 1975 3473 Dei
2014 3418 2280 3487 siquidem
2320 3433 2441 3469 eunt
2490 3416 2803 3471 hominibus
2833 3416 3144 3483 eonjunctio
3172 3431 3270 3485 per
3296 3416 3461 3485 spiri-

1881 3520 1992 3565 tum
2016 3509 2264 3564 eﬂicitur.
2289 3507 2394 3573 Qui
2417 3519 2584 3576 potest
2632 3524 2831 3574 capere,
2864 3508 3040 3576 capiat
3075 3506 3138 3563 ⁵⁸.
3174 3507 3276 3570 Qui
3304 3507 3458 3562 habet

1881 3617 2036 3655 aures
2061 3599 2335 3660 audiendi,
2368 3598 2548 3651 audia.
2569 3598 2635 3651 ⁸⁸.
2667 3596 2709 3650 Α
2738 3599 2897 3652 rebus
2923 3597 3299 3666 corporalibus
3329 3597 3456 3653 abs-

1884 3693 2162 3748 cedamus.
2234 3689 2512 3746 Passionis
2567 3703 2755 3744 exsors
2805 3690 3042 3742 divinum
3120 3705 3355 3755 numen,
3422 3705 3457 3743 o

1885 3783 2172 3848 homines;
2199 3782 2289 3851 qui
2319 3782 2464 3835 nulla
2495 3781 2844 3851 perpessione
2867 3789 3058 3849 suapte
3090 3791 3282 3834 natura
3308 3782 3456 3849 prius

1882 3876 2091 3946 genuit,
2146 3875 2289 3928 nulla
2343 3889 2563 3944 quoque
2613 3874 2963 3942 perpessione
3008 3873 3253 3927 eumdem
3280 3874 3452 3941 ipsum

1883 3977 2070 4036 postea
2104 3965 2300 4020 Filiunt
2332 3964 2542 4034 genuit,
2573 3973 2724 4017 certa
2758 3963 3178 4032 diSpettsationis
3222 3964 3450 4018 ratione.

1881 4057 2046 4127 Cujus
2078 4058 2229 4112 testis
2257 4068 2339 4111 est
2367 4057 2462 4110 Dei
2503 4070 2702 4127 parens
2732 4057 2919 4118 David,
2941 4055 3030 4109 ubi
3060 4056 3136 4108 ait
3162 4075 3176 4111 :
3199 4055 3454 4108 Dominus

1883 4153 2017 4205 dixit
2046 4152 2114 4204 ad
2145 4167 2262 4206 me:
2316 4149 2489 4204 Filius
2534 4166 2680 4204 meus
2729 4166 2782 4203 es
2822 4159 2876 4202 tu
2901 4165 2920 4203 :
2953 4165 3045 4216 ego
3087 4149 3240 4201 hodie
3299 4152 3454 4216 genui

200 4248 250 4290 te
286 4239 354 4290 ⁵⁸.
397 4237 525 4290 Illud
573 4253 837 4306 namque,
871 4240 1048 4304 hodie,
1093 4239 1142 4292 in
1187 4253 1248 4293 ea
1297 4239 1578 4292 nativitatc
1617 4253 1735 4308 qua:
1775 4243 1988 4297 sacculis
2016 4252 2098 4297 est
2139 4241 2402 4304 anterior,
2446 4240 2620 4295 locum
2663 4255 2769 4294 non
2859 4238 3018 4293 habet
3058 4254 3072 4291 :
3117 4237 3311 4306 quippe
3336 4250 3457 4306 qna:

200 4331 324 4384 sine
352 4340 598 4398 tempore
626 4341 726 4384 est.

269 4423 334 4475 δ’.
388 4423 634 4492 Σήμερον
673 4425 705 4493 ή
754 4423 895 4476 κατὰ
935 4423 1196 4486 ἀνατολὰς
1226 4423 1569 4495 ᾠκοδόμηται.
1611 4426 1776 4497 πύλη,

1959 4426 2014 4480 4.
2051 4424 2218 4480 llodie
2252 4433 2402 4493 porta
2443 4424 2531 4477 illa
2555 4423 2621 4476 ad
2650 4423 2912 4476 orientem
2939 4422 3135 4491 posita,
3177 4430 3453 4476 exstructa

196 4516 266 4569 δι’
318 4511 388 4585 ἧς
429 4517 662 4585 Χριστὸς
712 4516 1078 4570 εἰσελεύσεται
1128 4520 1221 4570 καὶ
1267 4519 1640 4584 ἐξελεύσεται,
1689 4521 1771 4574 καῖ

1888 4527 1992 4582 est,
2027 4534 2122 4587 per
2142 4534 2300 4586 quam
2323 4515 2572 4571 Christus
2603 4516 2931 4585 ingredietur
2948 4523 3001 4567 et
3020 4515 3335 4582 egredietur
3359 4514 3402 4545 ⁶¹
3440 4532 3475 4586 ς,

195 4610 354 4660 ἑστίαι
412 4607 770 4678 κεκλεισμένη
812 4609 844 4678 ή
895 4607 1034 4678 πύλη
1061 4648 1074 4670 ,
1131 4611 1188 4660 ἐν
1318 4610 1548 4680 Χριστὸς
1579 4612 1610 4678 ή
1646 4610 1787 4679 Θύρα

197 4698 309 4751 τῶν
345 4698 655 4768 πμϐατων,
683 4699 935 4769 Ἀνατολή
955 4701 1124 4770 ὄνομα
1151 4699 1319 4769 αύτῷ,
1343 4699 1409 4753 δι’
1432 4699 1490 4753 ὃν
1521 4702 1655 4770 πρὸς
1683 4702 1785 4771 ἁρ-

198 4791 465 4861 χίφαντον
517 4789 735 4858 Πατέρα
769 4790 1131 4861 προσαγωγὴν
1169 4792 1504 4859 ἐσχήκαμεν.
1541 4792 1784 4863 Σήμερον

199 4885 476 4935 ἔπνευσαν
506 4877 669 4953 αὖραι
702 4885 876 4952 χαρᾶς
914 4882 1256 4952 παγκοσμίου
1290 4883 1640 4953 προάγγελοι.
1677 4887 1782 4938 E6-

198 4977 518 5050 φραινὲσοω
555 4980 583 5030 6
615 4978 839 5048 οὐρανὸς
876 4977 1102 5042 ἄνωθεν,
1142 4978 1238 5030 καὶ
1269 4979 1677 5052 ἀγαλλιὰσθωή
1713 4981 1784 5051 γῆ

201 5069 490 5134 κάτωθεν,
534 5069 846 5141 σαλευθήτω
889 5073 922 5141 ἡ
973 5069 1066 5124 τοῦ
1123 5070 1328 5140 κόσμου
1367 5072 1630 5127 θάλασσα.
1699 5074 1785 5126 Ἐν

199 5163 347 5229 αὐτῇ
383 5161 492 5228 γὰρ
526 5161 715 5230 κόχλος
743 5163 1002 5232 γεννᾷται
1023 5201 1038 5225 ,
1081 5161 1115 5231 ἦ
1154 5179 1235 5224 τις
1267 5163 1561 5233 οὐρανόθεν
1588 5165 1653 5218 ὲκ
1685 5165 1786 5235 τῆς

199 5251 498 5322 ἀστραπῆς
533 5252 630 5321 τῆς
660 5252 906 5322 θεότητος
937 5253 996 5306 ὲν
1029 5253 1227 5323 γαστρὶ
1266 5253 1398 5320 ἕξει,
1434 5255 1530 5307 καὶ
1575 5255 1786 5321 τέξεται

271 5425 320 5456 ⁸⁸
367 5423 510 5477 Psal.
543 5440 696 5488 xrttt,
726 5425 779 5482 6.
853 5427 898 5459 "
942 5426 1070 5480 ibid.
1146 5428 1192 5459 ⁵⁸
1230 5426 1418 5482 Matth.
1452 5445 1549 5491 xu,
1581 5430 1672 5487 29.

197 5495 290 5549 36.
373 5495 422 5526 “
465 5495 656 5558 I'Ipltes.
689 5511 740 5558 ν,
769 5496 860 5550 25.
935 5497 980 5528 ⁵⁷
1016 5495 1176 5552 Joan.
1209 5515 1250 5561 ι,
1282 5498 1366 5551 14.

225 5566 350 5620 2-4.
431 5564 476 5594 ⁸⁸
515 5563 670 5621 Joan.
711 5581 766 5634 ι,
799 5569 852 5622 9.
931 5567 975 5599 “
1015 5567 1241 5624 Zachar.
1274 5584 1343 5634 Vl,
1378 5568 1463 5623 19..

275 5741 391 5812 (ιο)
427 5740 567 5812 Edit.
600 5742 844 5798 τοκετοῦ.

275 5814 394 5886 (il).
446 5811 576 5883 Reg.
622 5814 667 5869 ι.
701 5813 856 5870 alter.
897 5825 951 5869 et
981 5814 1169 5870 Pantiu
1203 5827 1258 5872 ut
1290 5815 1342 5871 in
1376 5825 1540 5872 textu.
1579 5815 1778 5870 Desunt

1747 5431 1794 5463 ⁸³
1835 5432 1964 5487 Luc.
1998 5449 2086 5496 xv,
2115 5431 2148 5486 4
2178 5446 2294 5500 seq.

1443 5500 1490 5532 ⁸ο
1531 5501 1720 5557 Matth.
1754 5503 1912 5570 ωε.

1892 4620 1943 4665 et
1969 4612 2074 4665 erit
2098 4611 2280 4664 clausa
2307 4619 2481 4678 porta,
2505 4610 2559 4662 in
2583 4623 2687 4677 qua
2707 4606 2957 4662 ChriStus
2978 4607 3176 4660 osdutn
3193 4606 3371 4659 ovium
3391 4607 3455 4672 “,

1893 4705 2047 4772 cujus
2099 4717 2292 4757 nomen
2351 4701 2546 4756 Oriens
2576 4701 2620 4732 ⁸³
2655 4719 2668 4753 :
2701 4715 2796 4769 per
2849 4713 3008 4767 quem
3061 4712 3336 4751 accessum
3394 4699 3460 4751 ad

1893 4795 2105 4850 Patrem
2155 4796 2376 4849 luminis
2405 4793 2731 4863 principium
2778 4793 3086 4846 habuimus.
3141 4791 3309 4845 Ilodie
3341 4807 3454 4860 per-

1892 4885 2088 4940 flarunt
2113 4902 2260 4941 aura:
2299 4887 2461 4941 totius
2478 4885 2627 4938 orbis
2656 4882 2834 4953 gaudii
2887 4882 3220 4951 prirnuntize.
3246 4880 3460 4935 Laneu-

1895 4990 1985 5034 tur
2040 4980 2160 5035 caeli
2219 4982 2474 5050 desuper,
2505 4990 2758 5047 terraque
2795 4977 2935 5030 infra
2981 4975 3242 5041 exsultet,
3273 4976 3457 5028 mundi

1893 5089 2045 5128 mare
2069 5084 2496 5129 commoveatur.
2529 5071 2588 5126 In
2635 5071 2738 5126 hoc
2766 5070 2909 5124 enim
2943 5069 3150 5124 concha
3199 5068 3460 5139 gignitur,

1893 5181 2014 5236 quae
2065 5166 2281 5222 caelitus
2322 5182 2387 5220 ex
2438 5165 2623 5219 divino
2666 5164 2897 5234 fulgetro
2929 5163 2981 5214 in
3013 5171 3170 5216 utero
3216 5160 3463 5223 habebit,

1895 5259 2175 5328 parietque
2231 5257 2681 5327 pretiosissimam
2733 5254 3082 5321 margaritam
3139 5249 3459 5305 Christum:

3018 5427 3064 5460 ³⁸
3106 5425 3338 5480 Baruclt.
3372 5441 3460 5486 ιιι,

3001 5498 3044 5531 ⁶¹
3087 5497 3286 5568 Ezech.
3317 5512 3462 5560 χειν,

2373 5431 2418 5463 κδ
2453 5433 2592 5487 Gen.
2627 5445 2820 5496 xxvm,
2851 5429 2936 5484 12.

1988 5505 2034 5536 ⁵⁸
2073 5503 2205 5558 Luc.
2235 5518 2353 5562 VIII.
2384 5503 2439 5559 8.
2516 5503 2560 5533 ⁶⁰
2605 5500 2748 5556 Psal.
2780 5517 2840 5568 tt,
2870 5501 2921 5555 7.

1886 5745 2000 5800 haec
2041 5744 2092 5797 in
2129 5745 2257 5798 edit.

1957 5815 2068 5881 (i2)
2101 5816 2241 5870 fidit.
2276 5817 2301 5869 ὁ
2343 5813 2633 5880 θειότατος.
