4202 6496
169 477 265 535 (ρει

1183 460 1265 520 IN
1307 454 1819 518 NATIVITATEM
1861 453 1925 511 B.
1966 453 2033 511 ν.
2073 450 2356 511 ΜΑΙὶΙιἘ.

3302 448 3412 511 670

170 592 413 658 νάματος,
446 582 543 655 τὴν
575 579 809 649 κιθάραν
840 574 1002 629 πάλιν
1036 574 1309 644 κραδαίνω
1350 570 1442 623 τοῦ
1484 567 1733 637 Πνεῦμα·
1763 624 1764 629 η

1784 576 1808 631 ι
1840 566 1963 617 inde
1990 564 2246 631 tripudio.
2274 559 2666 629 gloriabundus
2696 559 2914 626 el‘l'eror,
2959 558 3237 632 voluptate
3257 564 3404 617 exsi-

172 699 275 744 τος,
305 681 395 732 καὶ
422 678 563 730 θεῖον
593 675 759 745 ῦμνον
788 670 899 742 ᾄδω
928 668 1193 720 Γενέσιον.

243 970 310 1029 ς’,
354 961 419 1013 Ὠ
461 958 656 1027 ζεῦγος
704 954 939 1025 λογικῶν
987 952 1261 1023 τρυγόνων
1324 949 1581 1017 Ἰωακεὶμ
1636 946 1731 998 καὶ

178 1059 335 1108 ’Δννα
384 1055 445 1106 τὸ
479 1045 953 1120 σωφρονέστατοτί
1015 1044 1202 1113 Ὑμεῖς
1244 1040 1336 1093 τὸν
1380 1039 1476 1108 τῆς
1517 1037 1731 1105 φύσεως

177 1152 347 1218 νόμον,
378 1149 473 1216 τὴν
507 1141 861 1211 σωφροσύνην
887 1141 1249 1208 τηρήσαντες,
1274 1134 1384 1187 τῶν
1406 1132 1545 1203 ὑπὲρ
1572 1130 1733 1199 φύσιν

178 1239 566 1311 κατηξιώθητε·
614 1235 869 1288 τετόκατε
917 1231 1025 1300 γὰρ
1070 1228 1182 1300 (50)
1234 1226 1312 1297 τῷ
1362 1225 1551 1295 κόσμῳ
1596 1221 1730 1276 Θεοῦ

179 1336 379 1404 μητέρα
413 1327 792 1398 ἁπείρανδρον.
846 1324 1037 1391 Ὑμεῖς
1069 1318 1304 1380 εὐσεϐῶς
1348 1317 1440 1369 καὶ
1478 1316 1638 1377 ὁσίως
1674 1315 1732 1365 ἐν

175 1423 480 1494 ἀνθρωπίνῃ
524 1420 684 1488 φύσει
718 1413 1180 1481 ’πολιτευσάμενοι
1206 1450 1219 1473 ,
1253 1409 1351 1478 τὴν
1386 1408 1525 1476 ὑπὲρ
1572 1404 1732 1473 ἀγγέ-

175 1519 313 1580 λους,
344 1519 435 1568 καὶ
479 1514 586 1565 τῶν
616 1510 861 1578 ἀγγέλων
910 1505 1276 1567 δεσπόζουσαν
1326 1499 1419 1552 νῦν
1464 1497 1735 1565 θυγατέρα

172 1611 443 1660 τετόκατε.
468 1603 538 1656 Ὦ
571 1603 858 1670 θυγάτριον
883 1596 1214 1665 ὡραιότατον
1246 1592 1339 1643 καὶ
1366 1584 1732 1656 γλυκύτατονί

175 1697 218 1753 ὦ
254 1704 431 1771 κρῖνον
462 1694 734 1764 ἁναμέσον
764 1690 875 1743 τῶν
904 1686 1155 1741 ἀκανθῶν
1188 1681 1386 1750 ὲκφυὲν
1426 1676 1486 1742 ἐξ
1532 1679 1740 1745 εὐγενε-

178 1797 370 1861 στάτης
400 1791 491 1843 καὶ
521 1783 947 1857 βασιλικωτάτης
983 1779 1135 1849 ῥίζης
1168 1771 1488 1840 Δαὸιτικῆςί
1518 1770 1614 1822 Διὰ
1645 1766 1736 1819 σοῦ

176 1888 270 1951 τὴν
296 1880 589 1950 ἱερωσύνην
622 1877 655 1945 ἠ
688 1871 932 1943 βασιλεία
963 1865 1357 1933 πεπλούτηκεν.
1392 1862 1489 1913 Διὰ
1528 1859 1620 1912 σοῦ
1653 1858 1739 1910 νό-

180 1948 280 2043 μου
323 1948 605 2038 μετάθεσις
650 1966 878 2033 γέγονε,
916 1962 1005 2012 καὶ
1046 1955 1394 2023 ἀνεκαλὺφθη
1440 1951 1499 2005 τὸ
1531 1950 1635 2002 ὑπὸ
1666 1948 1743 2043 τῷ

175 2040 462 2132 γράμματι
486 2057 702 2125 πνεῦμα
725 2051 1127 2123 κρυπτόμενον,
1149 2044 1533 2116 μετατεθέντος
1559 2042 1622 2093 ὲκ
1643 2040 1743 2109 τῆς

176 2152 463 2219 Λευῖτικῆς
504 2148 675 2217 φυλῆς
720 2144 813 2196 ἐπὶ
855 2144 954 2214 τὴν
1005 2139 1298 2208 Δαϐιτικὴν
1337 2138 1431 2189 τοῦ
1468 2132 1743 2205 ἱερατικοῦ

176 2245 504 2314 ἀξιώματος.
535 2237 605 2292 Ὦ
635 2239 783 2309 ῥόδον
825 2234 883 2299 ἐξ
912 2232 1166 2287 ἀκανθῶν
1194 2231 1301 2283 τῶν
1352 2228 1620 2281 Ἰουδαίων
1654 2227 1747 2278 ὲκ-

175 2340 333 2405 φυὲν.
377 2336 469 2387 καὶ
517 2331 740 2393 εὐωδίας
776 2329 923 2388 θείας
959 2325 1253 2395 πληρῶσαν
1302 2322 1370 2375 τὰ
1418 2320 1742 2389 σύμπανταί

177 2427 247 2482 Ὢ
275 2428 518 2495 θυγάτηρ
551 2424 719 2493 Ἀδὰμ
736 2421 828 2474 καὶ
852 2420 1035 2489 μήτηρ
1059 2415 1189 2467 Θεοῦ
1214 2417 1225 2465 !
1259 2414 1503 2484 μακαρία
1523 2414 1555 2480 ὴ
1578 2411 1747 2477 ὀσφὺς

175 2524 275 2573 καὶ
318 2516 622 2587 ἡγαστὴρ,
672 2515 729 2578 ἐξ
762 2507 835 2565 ὧν
886 2509 1315 2577 ἁνεόλιὰστησας.
1357 2504 1639 2570 Μακαρίαι
1691 2502 1747 2554 αι

175 2612 438 2680 ἀγκάλαι,
467 2610 520 2662 αἲ
556 2607 884 2667 ἐϐάστασαν,
916 2604 1009 2656 καὶ
1041 2600 1188 2671 χείλη
1217 2600 1284 2650 τὰ
1315 2596 1419 2649 τῶν
1451 2594 1627 2662 ἁγνῶν
1659 2610 1748 2660 φι-

177 2705 439 2776 λημάτων
471 2718 563 2753 σου
594 2696 975 2750 ἀπολαύσαντα
1008 2734 1022 2757 ,
1061 2693 1196 2763 μόνα
1226 2691 1293 2742 τὰ
1323 2688 1539 2756 γονικὰ,
1577 2685 1653 2737 ἵν’
1682 2679 1750 2756 ᾖς

178 2800 241 2849 ἐν
260 2795 372 2862 (51)
400 2794 563 2845 πᾶσιν
592 2791 677 2843 ἁεὶ
695 2786 1122 2857 παρθενεύουσα.
1156 2784 1399 2852 Σήμερον
1416 2780 1557 2847 ἁρχὴ
1580 2793 1753 2845 σωτη-

183 2888 306 2957 ρίας
340 2884 413 2953 τῷ
444 2884 651 2951 κόσμῳ.
688 2879 1013 2941 Ἀλαλαξατε
1044 2876 1119 2945 τῷ
1150 2874 1358 2943 Κυρίῳ,
1393 2872 1543 2923 πᾶσα
1574 2871 1607 2938 ἡ
1645 2867 1716 2937 γῆ
1736 2906 1751 2932 ,

180 2981 353 3050 ᾅςατε
385 2977 475 3029 καὶ
508 2974 860 3042 ἀγαλλιᾶσθε,
896 2970 990 3022 καὶ
1027 2968 1277 3036 ψάλλετε.
1330 2964 1615 3033 ’Υψώσατε
1658 2960 1755 3029 τὴν

180 3073 369 3138 φωνὴν
400 3068 572 3137 ὑμῶν,
605 3065 874 3134 ὑψώσατε,
911 3062 985 3132 μὴ
1016 3058 1266 3129 φοϐεῖσθε
1292 3058 1373 3109 ὅτι
1400 3053 1593 3123 ἐτέχθη
1626 3054 1754 3121 ἡμῖν

180 3166 373 3233 μήτηρ
402 3159 536 3213 Θεοῦ
567 3162 623 3211 ὲν
660 3158 791 3226 ἁγίᾳ
820 3153 1150 3222 Προϐατικῇ,
1183 3148 1240 3211 ἐξ
1270 3144 1335 3217 ἦς
1368 3146 1623 3215 τεχθῆναι
1662 3143 1753 3233 ab:

174 3231 413 3320 δόκησεν
439 3251 533 3302 όἊ
545 3247 672 3317 μνὸς
700 3244 791 3298 τοῦ
819 3242 975 3304 Θεοῦ,
1002 3244 1030 3293 δ
1050 3242 1219 3315 αἴρων
1248 3238 1343 3307 τὴν
1366 3237 1639 3305 ἁμαρτίαν
1663 3231 1755 3285 τοῦ

178 3344 415 3411 κόσμου.
449 3341 802 3409 Σκιρτήσατε,
851 3333 919 3387 τὰ
962 3334 1086 3404 ὅρη,
1136 3331 1350 3399 λογικαὶ
1398 3328 1613 3395 φύσεις,
1663 3324 1757 3377 καὶ

178 3435 322 3503 πρὸς
362 3431 490 3501 ὕψος
522 3432 618 3501 τῆς
654 3427 1027 3497 πνευματικῆς
1063 3423 1294 3493 θεωρίας
1324 3420 1755 3487 ἁνατεινόμεναι.

177 3526 260 3577 Τὸ
291 3523 400 3593 γὰρ
431 3522 556 3591 ὖρος
589 3520 793 3591 Κυρίου
841 3520 902 3571 τὸ
939 3517 1346 3587 ὲμιρανέστατον
1392 3512 1667 3574 τίκτεται,
1700 3507 1761 3560 τδ

178 3611 566 3683 ὑπερϐεϐηκὸς
614 3611 710 3663 καὶ
750 3609 1142 3677 ὑπερκείμενον
1192 3606 1367 3657 πάντα
1403 3601 1588 3671 βουνὸν
1613 3638 1627 3662 ,
1668 3599 1761 3651 καὶ

180 3707 297 3758 πᾶν
326 3703 474 3774 ὅρος,
494 3702 739 3771 ἀγγέλων
760 3702 853 3753 καὶ
881 3696 1184 3768 ἀνθρώπων
1211 3696 1309 3765 τὴν
1339 3692 1671 3762 ὑψηλότητα,
1702 3688 1761 3753 ἐξ

177 3790 246 3850 οὗ
295 3794 477 3865 χειρὸς
530 3794 657 3846 ἄνευ
698 3790 1023 3861 σωματικῶς
1071 3787 1349 3858 τμηθῆναι
1393 3784 1692 3855 ηὐδόκησεν
1733 3781 1762 3832 ὀ

178 3874 585 3953 ἀκρογωνιαῖος
611 3882 751 3944 λίθος
782 3882 1037 3950 Χριστὸς,
1069 3882 1102 3949 ἡ
1139 3878 1235 3947 μία
1278 3876 1596 3936 ὑπόστασις,
1626 3871 1661 3940 ἠ
1694 3870 1764 3923 τὰ

179 3973 457 4027 διεστῶτα
492 3972 601 4039 (5‘2)
645 3975 1012 4033 συνάπτουσα,
1049 3967 1280 4037 θεότητὰ
1325 3981 1384 4016 τε
1429 3964 1522 4017 καὶ
1556 3960 1764 4032 ἀνθρω-

186 4063 435 4130 tri-fma,
473 4060 758 4127 ἀγγέλους,
788 4059 879 4110 καὶ
922 4057 1264 4127 ὼιθρώπους,
1299 4054 1424 4113 τοὺς
1463 4051 1524 4114 ἐξ
1571 4048 1762 4112 ἐθνῶν,

188 4155 286 4206 καὶ
340 4152 430 4204 τὸν
490 4152 749 4222 σαρκικὸν
820 4148 1069 4219 Ἰσραὴλ,
1121 4148 1198 4208 είς
1248 4144 1343 4196 ἕνα
1396 4139 1765 4212 πνευματικόν

200 4244 447 4313 Ἰσραήλ.
484 4245 647 4313 Ὄρος
689 4241 780 4295 τοῦ
805 4241 961 4305 Θεοῦ,
990 4241 1114 4309 ὅρος
1138 4242 1277 4301 πῖον,
1304 4238 1427 4306 ὅρος
1454 4232 1765 4303 τετυρωμέ-

187 4351 307 4388 νοϊ
342 4336 466 4401 ὅρος
496 4338 635 4396 πῖον,
665 4333 724 4385 τὸ
750 4333 877 4402 ὅρος
898 4334 955 4384 ὲν
980 4326 1023 4398 ᾧ
1051 4330 1349 4399 ηὐδόκησεν
1374 4330 1401 4379 ό
1428 4326 1559 4387 Θεὸς
1583 4339 1765 4376 κατοι-

187 4430 315 4480 κεῖν
355 4430 411 4479 ὲν
450 4426 617 4494 αὐτῷ.
654 4426 726 4477 Τὸ
756 4424 903 4476 θεῖον
941 4422 1091 4492 ἅρμα
1121 4421 1180 4472 τὸ
1214 4417 1626 4488 μυριοπλὰσιον,
1660 4413 1766 4465 τῶν

186 4524 259 4591 τῇ
316 4521 437 4589 θείᾳ.
476 4519 842 4588 εὖθηνούντων
896 4517 1009 4585 (55)
1054 4513 1255 4583 χάριτι·
1301 4509 1578 4579 Χερουϐὶμ
1627 4505 1768 4571 λέγω

1836 659 1926 721 lio,
1959 657 2024 709 ad
2077 655 2443 725 prodigiorum
2488 655 2690 709 fontem
2749 663 3013 717 revertor,
3063 654 3395 723 ﬂuentisque

1836 741 2017 811 gaudii
2046 742 2427 811 ingnrgitatus,
2458 742 2722 796 citharam
2759 742 2997 812 Spiritus
3043 744 3239 797 iterum
3274 743 3397 813 pul-

1837 850 1920 899 so,
1949 835 2300 904 divinumque
2332 833 2712 890 Natalitiorum
2742 837 3001 905 hymnum
3027 849 3185 889 cano.

1926 944 1979 998 6.
2026 944 2070 1000 Ο
2122 945 2490 999 castissimum
2566 943 2911 998 rationalium
2974 954 3250 999 turturum
3304 962 3407 1016 par

1837 1037 2080 1092 Joachim
2142 1048 2196 1090 et
2244 1037 2429 1089 Annal
2466 1033 2571 1089 Vos
2614 1036 2951 1103 castitatem,
2985 1051 3149 1106 quam
3187 1047 3407 1093 natura:

1839 1129 1923 1183 lex
2012 1128 2332 1196 praescribit.
2381 1138 2791 1193 conservantes,
2848 1143 2913 1183 ea
2963 1144 3084 1199 qua:
3156 1139 3407 1184 naturam

1840 1234 2117 1290 superant,
2144 1221 2405 1275 divinitus
2446 1222 2578 1275 estis
2607 1220 2883 1275 consecuti
2911 1238 2924 1274 :
2956 1223 3155 1275 mundo
3206 1224 3406 1290 quippe

1843 1316 1936 1369 Dei
1994 1326 2221 1369 matrem
2280 1314 2379 1367 viri
2426 1315 2663 1367 nesciam
2722 1313 3032 1382 peperistis.
3067 1312 3175 1367 Vos
3232 1316 3319 1383 pie
3353 1326 3410 1368 et

1840 1407 2003 1479 845
2029 1418 2214 1462 sancte
2276 1408 2328 1461 in
2385 1407 2618 1460 humana
2651 1416 2841 1460 natura
2883 1406 3050 1459 vitam
3075 1414 3320 1474 agentes,
3349 1406 3410 1459 li-

1844 1502 1969 1554 liam
2022 1500 2224 1570 angelis
2272 1500 2631 1569 superiorem,
2667 1513 2916 1567 nuncque
2952 1500 3265 1567 angelorum
3308 1498 3411 1551 Do-

1845 1592 2361 1655 minam,cdidistis.
2411 1589 2456 1645 0
2513 1590 2917 1659 speciosissima
2985 1590 3408 1661 dulcissimaque

1843 1683 2049 1751 puella!
2085 1698 2116 1736 υ
2143 1683 2309 1735 lilium
2344 1684 2484 1736 inter
2537 1682 2745 1749 spinas,
2786 1698 2853 1735 ex
2904 1683 3322 1752 generosissima
3355 1694 3412 1736 et

1846 1776 2077 1828 maxime
2121 1775 2265 1843 regia
2290 1775 2473 1829 radice
2499 1775 2751 1829 Davidica
2805 1774 3179 1843 progenituml
3216 1774 3321 1828 Per
3356 1784 3410 1828 te

1846 1881 2067 1935 regnum
2118 1865 2425 1919 sacerdotio
2489 1866 2873 1935 locupletatum
2933 1875 3031 1920 est.
3063 1863 3168 1918 Per
3198 1875 3247 1918 te
3272 1865 3410 1935 legis

1845 1956 1983 2011 facta
2013 1957 2293 2009 translatio
2322 1967 2429 2021 est,
2460 1955 2871 2025 patefactusque
2907 1956 3151 2025 spiritus,
3184 1956 3275 2025 qui
3309 1956 3411 2010 sub

1847 2050 1958 2119 lege
2014 2048 2404 2113 delitescebat,
2436 2050 2694 2102 translata
2748 2049 3002 2101 nimirum
3053 2063 3118 2101 ex
3168 2046 3410 2103 Levitica

1849 2142 1988 2195 tribu
2043 2143 2108 2195 ad
2143 2141 2454 2194 Davidicam
2497 2140 2817 2194 sacerdotali
2863 2140 3217 2211 dignitate.0
3259 2157 3403 2209 rosa,

1848 2249 1965 2303 qua:
2017 2249 2084 2288 ex
2143 2232 2335 2300 spinis,
2367 2229 2566 2285 Iudaeis
2602 2231 2834 2294 scilicet,
2881 2242 2998 2283 orta
3030 2246 3088 2285 es
3112 2231 3407 2301 divinoque

1849 2329 2011 2381 odore
2035 2337 2228 2379 cuncta
2256 2324 2571 2393 perfodisti!
2603 2326 2646 2378 0
2672 2322 2776 2375 lilia
2802 2324 3062 2378 Adamiet
3084 2324 3174 2378 Dei
3192 2337 3369 2380 mater
3392 2323 3407 2379 l

1848 2419 1995 2472 Beati
2045 2419 2209 2472 lumbi
2246 2427 2299 2471 et
2329 2426 2539 2479 venter,
2572 2432 2639 2469 ex
2693 2416 2888 2484 quibus
2939 2417 3208 2483 prodiisti.
3240 2417 3417 2473 Beata:

1850 2514 2009 2580 ulna),
2035 2526 2153 2579 quae
2210 2520 2261 2563 te
2317 2517 2709 2577 gestaverunt:
2746 2509 2887 2562 labia
2913 2509 3065 2571 item,
3097 2511 3295 2579 quibus
3324 2525 3417 2563 ca-

1849 2604 1948 2657 Stis
1972 2602 2172 2655 osculis
2203 2600 2304 2653 l‘rui
2335 2613 2593 2653 concessa
2617 2607 2722 2661 est,
2748 2608 3031 2668 parentum
3062 2614 3253 2668 nempe
3272 2600 3416 2654 dun-

1852 2703 1997 2749 taxat
2032 2704 2264 2755 tuorum,
2291 2701 2348 2744 ut
2376 2692 2428 2745 in
2474 2692 2725 2746 omnibus
2779 2706 2997 2762 semper
3043 2693 3413 2761 virginitatem

1852 2783 2275 2839 coleres.llodic
2320 2782 2503 2835 mundi
2556 2782 2701 2835 salus
2760 2782 3008 2836 inchoata
3041 2794 3145 2838 est.
3178 2781 3415 2838 Jubilatc

1852 2878 1983 2940 Deo,
2002 2876 2176 2929 otnnis
2197 2885 2361 2939 terra,
2382 2883 2618 2938 cantate,
2637 2874 2906 2930 exsultate
2926 2885 2979 2929 et
3001 2876 3226 2944 psallite.
3256 2876 3417 2930 Exal-

1862 2980 1968 3022 late
2027 2984 2209 3022 vocem
2258 2978 2511 3030 vestram,
2558 2968 2809 3031 exaltate,
2844 2968 3008 3021 nolite
3060 2969 3268 3023 timere.
3308 2968 3415 3023 No-

1855 3062 1937 3115 bis
1964 3061 2105 3115 euim
2150 3062 2199 3113 in
2238 3070 2421 3113 sancta
2467 3058 2772 3125 Probatica,
2823 3074 2916 3113 seu
2960 3062 3211 3129 pecuaria
3256 3061 3416 3116 domo

1858 3165 1978 3206 nata
2027 3162 2111 3207 est
2151 3151 2244 3205 Dei
2294 3159 2488 3217 mater,
2522 3164 2586 3204 ex
2635 3164 2741 3219 qua
2794 3151 2980 3222 Agnus
3013 3151 3105 3207 Dei
3136 3154 3225 3221 qui
3279 3154 3419 3210 tollit

1784 3273 1826 3329 ο
1861 3255 2139 3313 peccatum
2183 3244 2387 3307 mundi,
2426 3243 2576 3296 nasci
2620 3243 2807 3296 voluit.
2844 3242 3032 3308 Salit'e,
3068 3256 3297 3312 montes,
3325 3262 3417 3301 ra-

1862 3337 2088 3391 tionales
2138 3345 2367 3399 naturae,
2401 3351 2520 3403 quae
2553 3338 2617 3392 ad
2663 3336 2960 3404 spiritualis
3004 3340 3418 3407 contemplatio-

1859 3426 1943 3479 nis
1972 3425 2246 3490 lastigium
2271 3424 2577 3494 assurgitis.
2609 3422 2760 3479 Mons
2808 3424 3006 3494 quippe
3040 3425 3134 3480 Dei
3171 3428 3415 3483 clarissi-

1861 3527 2152 3585 nmspartu
2194 3516 2507 3585 editur,qui
2569 3516 2763 3570 collem
2798 3532 3120 3583 0mnem,ac
3160 3531 3417 3587 montem,

1862 3610 2176 3677 angelorum
2204 3609 2411 3663 scilicet
2433 3618 2487 3663 et
2518 3609 2796 3663 hominum
2818 3610 3227 3679 sublimitatem,
3257 3629 3422 3683 supe-

1863 3711 1944 3752 rat
1970 3710 2023 3752 et
2048 3700 2381 3753 transcendit
2410 3717 2423 3751 :
2457 3715 2522 3751 ex
2558 3713 2665 3767 quo
2694 3700 2837 3753 nulla
2878 3716 3071 3756 manus
3091 3717 3256 3772 opera
3301 3720 3425 3760 cor-

1862 3805 1991 3859 pore
2022 3799 2179 3843 tenus
2208 3789 2450 3844 exscindi
2483 3789 2648 3843 voluit
2674 3790 2813 3859 lapis
2840 3792 3113 3861 angularis
3144 3792 3417 3862 Christus,

1862 3897 1962 3935 una
1995 3882 2081 3935 illa
2132 3882 2435 3937 subsistens
2485 3896 2740 3951 persona,
2776 3898 2899 3951 quae
2949 3899 3037 3939 res
3088 3901 3311 3956 prorsus
3341 3890 3426 3943 di-

1860 3982 2193 4041 screpantes,
2249 3974 2489 4026 divinam
2542 3973 2749 4042 pariter
2812 3975 3213 4047 humanamque
3265 3988 3428 4033 natu-

1865 4079 1979 4117 ram
2032 4064 2335 4131 copulavit,
2363 4063 2582 4131 angelos
2632 4067 2756 4118 item
2783 4075 2837 4118 et
2886 4066 3154 4133 homines,
3199 4070 3429 4138 gentiles

1863 4165 1915 4208 et
1942 4155 2212 4208 carnalem
2250 4154 2497 4206 lsraelem
2523 4154 2573 4205 in
2606 4169 2770 4206 unum
2789 4154 3121 4223 spiritualem
3146 4154 3424 4214 lsraelem.

1864 4248 2015 4301 Mons
2038 4246 2156 4310 Dei,
2197 4260 2353 4298 mons
2396 4246 2651 4314 pinguis:
2685 4260 2840 4300 mons
2907 4246 3243 4315 coagulalus,
3275 4265 3430 4306 mons

1865 4339 2076 4408 pinguis
2115 4354 2129 4391 :
2170 4351 2326 4390 mons
2351 4335 2402 4389 iu
2436 4351 2545 4405 quo
2603 4336 3003 4405 beueplacitnm
3023 4349 3107 4393 est
3133 4337 3243 4393 Deo
3272 4341 3429 4396 habi-

1868 4441 1981 4483 tare
2013 4430 2062 4482 in
2102 4442 2187 4482 eo.
2212 4422 2420 4481 Currns
2457 4428 2547 4480 Dei
2586 4429 2772 4480 decem
2824 4428 3063 4482 millibus
3120 4430 3424 4499 multiplex,

1870 4522 2063 4575 divinae
2096 4520 2280 4587 gratia:
2327 4518 2480 4586 copia
2528 4518 2971 4584 exuberantium;
2998 4520 3315 4585 Cherubim,
3350 4526 3431 4577 in-

188 4614 294 4665 καὶ
325 4610 593 4681 Σεραςίμ.
644 4609 706 4660 Ἦ
754 4608 897 4678 ἄκρα
925 4610 958 4677 ή
992 4606 1083 4657 τοῦ
1120 4604 1250 4655 Σινᾶ
1287 4602 1581 4669 ἁγιωτέρα,
1611 4597 1674 4667 ἢ»
1706 4596 1764 4646 οὐ

1801 4610 1843 4663 D
1874 4618 2131 4677 qnam.et
2172 4608 2479 4675 Seraphim.
2525 4606 2727 4661 Vertex
2779 4606 2909 4661 Sina
2957 4612 3216 4674 sanctior,
3268 4627 3430 4677 quam

188 4702 430 4763 καπνδς,
471 4703 533 4753 οὐ
564 4701 785 4769 γνόψος,
832 4700 891 4751 οὺ
938 4697 1156 4759 θύελλα,
1212 4697 1273 4748 οὐ
1324 4692 1434 4761 πῦρ
1480 4689 1767 4760 δειματοῦν

190 4790 490 4850 καλύπτει,
517 4791 631 4843 ἁλλ’
658 4794 690 4857 ἡ
718 4788 1017 4857 φωτιστικὴ
1042 4787 1135 4839 τοῦ
1163 4786 1429 4851 παναγίου
1460 4782 1769 4850 [Ινεύματος

188 4882 490 4949 ἓ).>.α;ι.ψι;.
536 4878 683 4933 Ἐκεῖ
717 4880 815 4947 μὲν
844 4878 951 4949 γὰρ
980 4879 1148 4945 Λόγος
1178 4875 1311 4927 Θεοῦ
1346 4874 1507 4939 πλαξὶ
1540 4872 1769 4933 λιθίναις

188 4975 368 5041 νόμον
412 4972 665 5041 ἔγραψεν,
696 4971 769 5033 ὼς
812 4969 1059 5037 δακτύλῳ
1099 4968 1177 5036 τῷ
1226 4965 1500 5035 [Ινεὺματι
1543 4964 1677 5033 (54)·
1712 4964 1770 5014 ἐν

186 5070 299 5120 ταῦ
314 5084 375 5135 τῃ
403 5065 459 5117 δὲ
491 5066 553 5117 ὲκ
585 5065 893 5133 Πνεῦματος
928 5062 1104 5129 ἁγίου,
1137 5062 1230 5112 καὶ
1262 5058 1371 5110 τῶν
1405 5057 1573 5124 αὐτῆς
1608 5056 1771 5125 αἱμὰο

185 5177 334 5213 των.
370 5158 529 5218 αὐτὸς
556 5158 583 5207 ὁ
622 5156 789 5223 Λόγος
834 5155 1195 5223 σεσάρκωται,
1228 5152 1318 5204 καὶ
1349 5150 1538 5202 ἑαυτὸν
1579 5149 1777 5201 δέδωκε

186 5254 261 5318 τῇ
306 5249 552 5317 ἡμετέρα
584 5248 741 5314 φύσει
780 5246 1050 5315 σωτηρίας
1092 5243 1521 5313 δραστικώτερον
1550 5240 1773 5310 φάρμα-

188 5358 321 5392 κον.
373 5339 519 5389 Ἐκεῖ
550 5340 742 5405 μάνναν
776 5341 832 5389 ὲν
859 5338 1028 5406 ταύτῃ
1063 5338 1090 5387 ό
1136 5336 1309 5403 μάννα
1350 5332 1471 5395 δοὺς
1504 5334 1603 5401 τὴν
1639 5332 1771 5399 γλυ-

188 5433 438 5498 κύτητα.
485 5428 872 5480 ’Υποκυπτέτω
910 5426 1080 5495 σκηνὴ
1108 5428 1139 5494 ἡ
1171 5424 1507 5495 περίπυστος
1537 5423 1673 5493 (55),
1707 5424 1771 5491 ἣν

188 5530 253 5577 ἐν
291 5526 489 5594 ἐρήμῳ
534 5521 735 5591 Μωσῆς
781 5519 1178 5574 κατεσκεύασεν
1201 5558 1215 5582 ,
1246 5520 1307 5569 ὲκ
1337 5516 1631 5586 πολυτίμου
1679 5515 1773 5568 καὶ

272 5676 394 5746 (5οὶ
428 5674 631 5746 Desunt
658 5673 770 5746 lucc
792 5673 843 5726 in
871 5674 1002 5728 edit.

274 5744 395 5812 (51)
431 5744 571 5798 Edil.
601 5744 674 5805 ὡς
705 5744 784 5795 ὲν.

274 5817 397 5885 (5-2.)
433 5817 571 5885 icon.
613 5816 638 5882 ἡ
667 5811 1320 5885 ti;513§11:)31§‘?57331§:

276 5881 397 5954 {.15}
429 5881 640 5938 Publili.
674 5882 1065 5950 εὐθηνούντων.
1097 5881 1233 5936 Edll.
1267 5881 1643 5935 EQO'J‘Joﬁvu-u.

1874 4715 1977 4752 non
2011 4700 2210 4760 fumus,
2237 4714 2340 4751 non
2369 4698 2563 4763 caligo,
2598 4713 2701 4752 non
2744 4698 2997 4767 procella,
3025 4715 3129 4753 non
3168 4710 3432 4756 terrorem

1872 4788 2136 4841 incutiens
2204 4788 2341 4855 ignis
2373 4788 2665 4851 tegit:sed
2690 4787 3019 4840 sanctissimi
3071 4788 3305 4856 Spiritus
3354 4792 3437 4844 vis

1874 4878 2248 4933 illuminatrix.
2271 4876 2405 4931 Nam
2440 4878 2548 4933 illic
2594 4880 2812 4947 quidem
2844 4878 2933 4933 Dei
2968 4880 3203 4935 Verbum
3235 4882 3437 4937 tabulis

1872 4971 2097 5040 lapideis
2145 4971 2347 5042 Spiritu
2377 4972 2542 5024 veluti
2579 4972 2749 5040 digito
2794 4972 2964 5040 legem
3016 4973 3343 5041 insculpsit:
3382 4974 3437 5028 iu

1876 5064 1978 5115 hac
2005 5071 2185 5118 autem
2209 5076 2273 5114 ex
2299 5059 2503 5127 Spiritu
2541 5069 2753 5122 sancto.
2786 5062 3014 5129 ejusque
3059 5062 3438 5129 sanguinihus,

1874 5152 2013 5205 idem
2057 5152 2231 5221 ipsum
2270 5150 2505 5206 Verbum
2545 5160 2630 5205 est
2660 5151 3220 5219 incarnatum,seque
3263 5152 3440 5219 ipsum

1876 5252 2078 5296 nostrae
2114 5252 2315 5295 natura:
2334 5242 2768 5296 eﬂicacissimum
2795 5243 2861 5295 ad
2883 5241 3110 5295 salutem
3142 5243 3439 5297 remedium

1878 5331 2128 5400 praebuit.
2159 5331 2269 5384 Illic
2323 5345 2517 5383 manna
2558 5348 2571 5383 :
2617 5330 2670 5383 iu
2732 5330 2832 5384 hac
2890 5329 2983 5398 qui
3014 5329 3226 5384 dulcem
3276 5344 3441 5398 sapu-

1878 5436 1989 5475 rem
2024 5436 2232 5475 manna:
2255 5422 2543 5475 indiderat.
2576 5420 2747 5475 Cedat
2787 5421 3276 5476 celebratissimum
3308 5422 3440 5476 illud

1886 5515 2294 5570 tabernaculum
2329 5515 2470 5581 quod
2498 5513 2709 5584 Moyses
2748 5529 2816 5568 ex
2860 5513 3097 5583 pretiosa
3132 5511 3448 5581 omnigena-

1958 5666 2067 5737 (54)
2110 5668 2251 5722 Edil.
2283 5668 2376 5721 τοῦ
2417 5667 2744 5738 πνεύματος.

1964 5740 2078 5806 (55)
2128 5738 2339 5794 l‘atilin.
2407 5741 2513 5793 ὑπὸ
2572 5741 2760 5808 κυρίου
2824 5738 3069 5793 πιπτέτω
3122 5740 3155 5810 ή
3211 5738 3447 5809 περίπυ-

1901 5827 2041 5874 στος.
