4202 6496
167 423 263 485 673

982 414 1304 476 HOMIle
1334 415 1359 474 Ι
1394 413 1474 474 ΙΝ
1513 409 2029 472 NATIVITATEM
2067 410 2134 471 B.
2173 409 2238 470 V.
2278 405 2568 468 ΜᾹΒΙᾸΞ.

3319 403 3424 466 074

235 539 299 604 η’.
336 528 606 582 Τάναντία
637 528 734 597 μὲν
760 521 854 579 οῦν
877 526 987 578 τῶν
1019 527 1279 580 ἐναντίων
1306 527 1475 594 φασιν
1502 525 1730 594 ἰάματα,
1764 531 1790 587 Δ

1911 524 1965 578 8.
2016 521 2162 576 Sane
2229 520 2447 589 quidem
2506 516 2786 572 contraria
2839 512 3243 570 contrariorum
3302 526 3424 568 esse

170 624 278 679 ἀλλ’
302 625 397 676 οὐκ
421 625 485 675 ἐκ
512 621 621 673 τῶν
649 619 910 673 ἐναντίων
935 620 1004 672 τὰ
1031 620 1272 671 ἐναντία.
1307 619 1370 670 Ei
1395 617 1488 670 καὶ
1509 616 1599 670 διὰ
1619 615 1734 668 τῶν

175 715 414 768 ἐναντίων
445 713 678 764 ἕκαστον
706 711 734 762 ὃ
777 711 1022 780 πέφυκεν
1046 711 1158 778 (59)
1186 710 1398 770 πλέκει,
1427 710 1492 763 ὲκ
1522 725 1738 780 περιου-

175 808 286 868 σίσς
325 801 382 857 οὗ
428 803 692 872 πέςουκεν.
743 802 957 873 Ὠσπερ
982 801 1092 874 γὰρ
1122 802 1211 856 διὰ
1259 803 1352 856 τοῦ
1394 800 1603 869 ἀγαθοῦ
1648 817 1738 871 μοι

174 896 608 966 κατεργαζομένη
649 893 880 946 θάνατον
912 894 1035 946 καθ’
1067 893 1377 965 ὑπερϐολὴν
1408 887 1738 964 ἁμαρτωλὸς

173 991 205 1057 ἠ
236 987 464 1059 ἁμαρτία
485 1029 500 1051 ,
532 986 674 1039 οὕτω
697 985 808 1039 τῶν
837 986 1058 1055 ἀγαθῶν
1080 989 1109 1040 6
1134 988 1305 1050 αἴτιος
1333 987 1422 1041 διὰ
1448 987 1556 1040 τῶν
1585 988 1742 1040 ἐναν-

173 1081 295 1133 τίων
340 1080 367 1131 ὃ
425 1079 668 1146 πέφυκεν
719 1079 854 1149 ἡμῖν
903 1078 1324 1150 κατεργάζεται.
1385 1079 1580 1131 Ὅπου
1629 1077 1743 1146 τὰρ

174 1173 540 1225 ἐπλεόνασεν
571 1171 608 1236 ή
638 1170 912 1238 ἁμαρτία,
944 1172 1542 1238 ὑπερεπερίσσευσεν
1573 1170 1612 1237 ἡ
1637 1168 1744 1236 χά-

166 1291 278 1340 ρις.
341 1273 400 1324 Et
441 1271 549 1341 γὰρ
601 1272 701 1339 τὴν
755 1268 982 1341 πρώτην
1022 1271 1159 1342 πρὸς
1206 1272 1339 1322 Θεὸν
1393 1269 1744 1341 ὲφυλάξαμεν

177 1364 473 1425 κοινωνίαν,
509 1365 611 1416 οὐκ
641 1363 706 1416 ἂν
733 1363 835 1434 τῆς
889 1362 1138 1432 μείζονος
1167 1365 1261 1416 καὶ
1301 1363 1748 1434 παραδοξοτέρας

177 1464 604 1536 γατηξιώθημεν.
639 1462 752 1516 Νῦν
796 1463 854 1516 δὲ
906 1462 993 1515 διὰ
1042 1462 1143 1531 μὲν
1191 1465 1290 1534 τῆς
1335 1466 1614 1535 ἁμαρτίας
1647 1464 1749 1533 τῆς

177 1557 438 1626 προτέρας
466 1554 750 1618 κοινωνίας
783 1553 1201 1626 ἀπηξιώθημεν,
1240 1557 1316 1626 μὴ
1354 1555 1690 1624 φυλάξαντες
1721 1554 1750 1608 ὃ

176 1657 453 1726 ἐλάϐομεν.
497 1655 634 1708 Θεοῦ
680 1656 736 1707 δὲ
785 1655 1102 1726 συμπαθείᾳ
1147 1656 1462 1726 ἡλεήθημέν
1531 1675 1592 1710 τε
1654 1658 1751 1711 καὶ

178 1746 648 1818 προσελήφθημεν,
685 1746 759 1808 ὡς
776 1746 994 1814 ἀσφαλῆ
1026 1746 1281 1813 γενέσθαι
1309 1749 1408 1817 τὴν
1440 1748 1752 1804 κοινωνίαν.

175 1839 402 1902 Δυνατὸς
432 1839 538 1908 γὰρ
569 1840 596 1890 6
637 1836 1098 1906 προσλαϐόμενος,
1131 1838 1364 1905 φυλάξαι
1404 1838 1504 1907 τὴν
1556 1838 1754 1891 ἕνωσιν

175 1932 559 1984 ἀδιάσπαστον.
614 1928 768 1979 Ἐπεὶ
799 1929 910 1998 γὰρ
938 1929 1357 1998 ὲκπορνεύσασα
1393 1929 1754 2001 ἐξεπόρνευσε

177 2025 325 2076 πᾶσα
362 2024 395 2091 ἡ
440 2023 546 2090 γῆ,
583 2021 680 2072 καὶ
709 2021 737 2072 ὁ
762 2019 890 2083 λαὸς
937 2020 1144 2090 Κυρίου
1184 2019 1453 2090 πνεύματι
1499 2022 1756 2092 πορνείας

173 2111 448 2182 ἐπλανήθη
478 2109 587 2163 ἀπὸ
623 2109 827 2179 Κυρίου
851 2107 948 2160 τοῦ
975 2109 1110 2161 Θεοῦ
1141 2108 1328 2173 αὑτοῦ,
1354 2108 1448 2161 τοῦ
1473 2109 1757 2179 κτησαμέ-

173 2223 266 2260 νου
314 2203 475 2257 αὐτὸν
521 2204 580 2255 ἐν
622 2202 770 2273 χειρὶ
800 2204 1040 2273 κραταιᾷ
1087 2203 1181 2254 καὶ
1233 2201 1477 2272 βραχίονι
1529 2201 1754 2272 ὑψηλῷ,

175 2296 273 2348 καὶ
317 2295 676 2362 ἐξαγαγόντος
708 2296 766 2347 ἐν
806 2293 1054 2363 σημείοις
1097 2296 1187 2346 καί
1238 2294 1466 2365 τέρασιν
1509 2294 1570 2359 ἐξ
1606 2295 1759 2347 οἴκου

175 2388 418 2450 δοῦλεζας
445 2388 673 2458 Φαραὼ,
705 2387 801 2439 καὶ
831 2387 1181 2455 διαγαγόντος
1203 2387 1292 2440 διὰ
1322 2387 1600 2458 θαλάσσης
1631 2388 1758 2458 Ἐρυ

176 2480 314 2549 Opi;
351 2477 485 2549 (60),
532 2479 629 2531 καὶ
662 2478 1032 2549 ὁδηγήσαντος
1071 2480 1130 2532 ἐν
1159 2479 1355 2548 νεφέλῃ
1385 2481 1630 2550 ἡμέρας,
1666 2480 1760 2532 καὶ

174 2574 303 2642 ὃλην
343 2570 439 2641 τὴν
470 2570 640 2623 νύκτα
684 2572 741 2624 ὲν
774 2569 1042 2640 φωτισμῷ
1085 2572 1277 2642 παρος.
1309 2573 1419 2624 Καὶ
1445 2574 1692 2642 ἐστράφη
1725 2572 1759 2640 ἡ

175 2663 372 2734 καρδία
409 2662 588 2714 αὐτῶν
628 2663 708 2726 εἰς
737 2662 1012 2730 Αἴγυπτον
1034 2678 1048 2691 ³
1078 2665 1170 2716 καὶ
1201 2663 1418 2731 ἐγένετο
1442 2667 1469 2718 6
1496 2664 1625 2728 λαὸς
1651 2667 1764 2718 Κυ-

177 2757 317 2827 ρίου.
348 2755 410 2808 οῦ
452 2757 578 2819 λαὸς
619 2755 846 2824 Κυρίουο
883 2757 977 2808 καὶ
1015 2757 1044 2808 ὁ
1089 2757 1420 2825 ἠλεημένος,
1453 2759 1552 2810 οὐκ
1596 2757 1762 2828 ἠλεη-

182 2850 363 2920 μένοςο
423 2849 517 2902 καὶ
579 2850 607 2901 6
657 2849 1052 2919 ἡγαπημένος,
1101 2851 1203 2903 οὐκ
1232 2851 1611 2921 ἠγαπημέκος.
1664 2850 1766 2904 Διὰ

177 2941 339 2994 τοῦτο
377 2941 470 2993 νῦν
515 2942 793 3011 Παρθένος
835 2942 1080 2995 τίκτεται
1124 2942 1226 3011 τῆς
1257 2943 1594 3013 προγονικῆς
1626 2959 1762 3013 πορ-

181 3033 329 3090 νείας
358 3031 672 3094 ἀντίπαλος,
703 3031 796 3084 καὶ
829 3032 978 3101 αὑτῴ
1007 3029 1083 3100 τῷ
1107 3032 1226 3100 Θεῷ
1256 3033 1642 3102 μνηστεύεται,
1669 3032 1766 3086 καὶ

181 3125 354 3178 τίκτει
381 3123 473 3174 τοῦ
499 3123 635 3174 Θεοῦ
667 3123 758 3174 τὸν
789 3122 957 3176 ἔλεον.
987 3123 1096 3176 Καὶ
1122 3122 1250 3186 λαὸς
1276 3125 1372 3177 τοῦ
1395 3124 1551 3189 Θεοῦ,
1584 3127 1611 3176 6
1637 3127 1767 3196 πρὶν

1839 619 1994 674 aiunt
2027 617 2420 673 medicamenta
2443 633 2456 669 :
2481 624 2534 668 at
2563 630 2669 667 uou
2703 613 2832 667 item
2866 627 2933 666 ex
2967 608 3266 666 contrariis
3290 621 3425 661 con-

1843 716 2008 769 traria
2039 715 2197 769 oriri.
2238 712 2560 782 Quanquam
2594 709 2795 778 alioqui
2826 721 3168 777 unaquaeque
3211 719 3298 759 res
3329 718 3427 773 per

1841 810 2114 864 contraria
2148 809 2197 862 id
2231 808 2374 878 quod
2428 822 2551 862 esse
2585 815 2710 859 nata
2749 811 2856 866 est,
2885 803 3131 856 contexit
3160 815 3227 855 ex
3254 800 3426 853 abun-

1843 903 2026 958 dantia
2063 903 2183 973 ejus
2208 900 2353 970 quod
2391 915 2509 954 esse
2547 909 2671 952 nata
2703 907 2811 953 est.
2844 893 3008 950 Velut
3041 896 3188 948 enim
3221 907 3425 962 pecca-

1846 1004 1958 1046 ttun
2004 1002 2234 1047 mortem
2267 988 2395 1043 mihi
2425 1003 2519 1058 per
2577 989 2780 1042 bonum
2815 999 3075 1056 operaus,
3117 998 3284 1052 supra
3314 996 3428 1034 mo-

1843 1085 1972 1140 dum
2002 1099 2236 1155 peccans
2291 1081 2643 1138 ostenditur:
2674 1081 2754 1134 sic
2788 1081 3058 1134 bonorum
3103 1087 3295 1132 auctor
3333 1088 3432 1142 per

1845 1179 2145 1240 contraria,
2181 1179 2234 1232 id
2267 1176 2410 1246 quod
2461 1184 2658 1242 suapte
2682 1180 2872 1226 natura
2909 1181 3016 1234 est,
3059 1169 3221 1224 nobis
3243 1166 3429 1221 ellicit.

1849 1270 1951 1326 Ubi
1987 1270 2127 1324 enim
2159 1267 2448 1323 abundavit
2483 1275 2778 1333 peccatum,
2809 1261 3254 1332 superabundavit
3303 1275 3433 1327 gru-

1850 1365 1926 1418 tia
1954 1363 2021 1417 ⁷³.
2061 1362 2196 1418 Nam
2224 1363 2266 1417 si
2301 1361 2532 1430 primam
2569 1373 2694 1412 cum
2761 1358 2872 1411 Deo
2915 1356 3235 1409 societatem
3293 1366 3431 1405 cou-

1852 1472 2309 1519 servaussemus,
2368 1453 2802 1523 praestantiorem
2858 1459 2916 1506 et
2972 1448 3437 1504 admirabiliorem

1853 1565 2194 1620 nequaquam
2227 1547 2368 1601 ωινιί
2393 1561 2663 1602 essemus.
2703 1541 2858 1596 Nunc
2880 1555 3090 1605 autem,
3120 1557 3214 1610 per
3240 1554 3436 1610 pecca-

1855 1654 1969 1698 tum
2003 1642 2219 1708 quidc-m
2243 1656 2271 1692 a
2301 1638 2467 1708 priori
2493 1637 2775 1692 consortio
2805 1635 2947 1706 pulsi
2999 1649 3210 1698 sumus,
3236 1647 3360 1687 cum
3387 1631 3437 1684 id

1855 1735 2002 1806 quod
2039 1747 2427 1802 acceperamus
2462 1745 2685 1786 servare
2725 1728 3130 1798 neglexerimus
3164 1743 3178 1779 :
3218 1726 3312 1780 Dei
3345 1738 3441 1777 ve-

1861 1845 1920 1882 ro
1949 1826 2244 1883 clementia
2273 1823 2707 1878 misericordiam
2739 1819 3022 1876 consecuti
3063 1818 3442 1886 assumptique

1858 1932 2069 1982 sumus,
2104 1925 2162 1968 ut
2201 1929 2264 1969 ea
2325 1915 2566 1968 societas
2593 1913 2660 1966 ab
2704 1915 2850 1966 omni
2886 1922 3000 1966 tuta
3050 1910 3298 1980 periculo
3343 1913 3436 1964 sit.

1856 2009 2045 2064 Potest
2105 2007 2250 2061 enim
2292 2008 2337 2060 is
2397 2007 2490 2076 qui
2527 2005 2848 2072 assumpsit,
2875 2012 3162 2074 praestare,
3195 2013 3254 2056 ut
3289 2003 3441 2057 indi-

1858 2102 2009 2155 vulsa
2060 2101 2133 2156 sit
2183 2099 2521 2169 coujuuctio.
2565 2097 2707 2164 Quia
2764 2099 2914 2152 enim
2981 2097 3241 2152 universa
3293 2105 3443 2151 terra

1860 2195 2182 2249 fornicando
2238 2191 2505 2245 fornicata
2530 2200 2674 2254 erat,
2703 2204 2770 2244 ac
2807 2188 3020 2242 Domini
3057 2187 3292 2256 populus
3337 2187 3447 2240 for-

1862 2288 2163 2344 nicationis
2207 2288 2402 2357 spiritu
2463 2287 2758 2350 abactus,a
2817 2285 3045 2339 Domino
3098 2281 3209 2338 Deo
3259 2295 3380 2344 suo.
3417 2297 3449 2336 ιι

1859 2395 1968 2449 quo
1991 2380 2045 2433 in
2082 2394 2241 2433 manu
2278 2375 2488 2448 potenti
2520 2387 2574 2430 et
2599 2375 2830 2430 brachio
2879 2375 3100 2430 excelso
3144 2374 3452 2440 acquisitus

1859 2479 1998 2536 erat,
2021 2481 2182 2540 atque
2219 2469 2271 2524 in
2301 2469 2474 2540 signis
2498 2479 2550 2523 et
2575 2466 2845 2537 portentis
2877 2467 2942 2520 de
2976 2466 3140 2520 domo
3169 2463 3453 2520 servitutis

1865 2565 2162 2620 Pharaonis
2221 2563 2472 2623 eductus.
2501 2577 2598 2630 per
2649 2573 2801 2612 mare
2866 2557 3111 2612 Rubrmn
3164 2558 3448 2612 traductus

1861 2657 2026 2730 847
2057 2664 2198 2723 erat,
2227 2665 2279 2710 et
2305 2665 2414 2708 tum
2449 2653 2684 2707 interdiu
2721 2651 2774 2705 in
2825 2651 2990 2713 nube,
3025 2659 3136 2704 tum
3174 2659 3332 2704 nocte
3365 2660 3451 2703 to-

1865 2761 1918 2805 ta
1956 2753 2009 2804 in
2035 2748 2430 2803 illuminatione
2471 2746 2613 2815 ignis
2641 2743 2930 2806 deductus.
2960 2743 3340 2798 aberraverat.
3374 2741 3444 2796 Et

1865 2859 1961 2900 cor
1993 2843 2236 2911 ipsormn
2275 2841 2328 2893 in
2370 2837 2666 2909 Egyptum
2697 2853 2758 2892 se
2785 2845 3136 2892 converterat
3168 2837 3216 2869 ’δ
3245 2853 3258 2888 :
3294 2837 3368 2888 ita
3395 2843 3456 2888 ttt

1869 2935 2082 2993 Domini
2115 2933 2368 3004 papulus,
2405 2947 2510 2984 non
2538 2930 2771 3000 populus
2799 2928 3016 2983 Domini
3043 2927 3225 2984 factus
3261 2936 3406 2982 esset
3435 2944 3451 2992 ;

1867 3043 1924 3086 et
1971 3029 2062 3100 qui
2120 3025 2552 3082 misericordiam
2617 3031 2967 3088 consecutus,
3016 3020 3455 3076 misericordiam

1870 3138 1977 3176 non
2016 3125 2378 3183 consecutus;
2409 3117 2611 3187 quique
2661 3115 2918 3180 dilectus,
2982 3129 3089 3168 non
3120 3113 3353 3168 dilectus
3383 3111 3454 3166 ".

180 3216 238 3265 οὐ
272 3215 398 3275 λαὸς
433 3211 791 3265 καθίσταται·
820 3215 917 3266 καὶ
942 3216 970 3265 6
1007 3215 1108 3267 οὐκ
1147 3215 1464 3284 ἠλεημένος,
1503 3216 1764 3285 ἠλέηται·

1875 3213 2006 3268 Eam
2040 3214 2110 3268 ob
2135 3226 2356 3266 causam
2394 3209 2561 3279 Virgo
2593 3224 2735 3264 nunc
2757 3208 2994 3276 antiqua:
3018 3207 3284 3276 majorum
3333 3220 3462 3261 suo-

2102 3287 2120 3310 Ι
2232 3303 2244 3310 .
2329 3303 2340 3310 .
2477 3303 2490 3310 -
2689 3301 2700 3310 .
2939 3301 2950 3310 .
3096 3301 3107 3310 .
3183 3302 3194 3310 .
3349 3301 3383 3310 ...

183 3308 275 3358 καὶ
321 3306 348 3354 6
398 3305 499 3356 οὐκ
534 3306 894 3374 ἡγαπημὲνος
939 3308 1244 3377 ἠγάπηται.
1305 3308 1393 3372 Ἐξ
1440 3307 1610 3376 αὐτῆς
1655 3307 1766 3378 γὰρ

179 3399 428 3448 τίκτεται
458 3399 485 3450 ὁ
518 3397 645 3459 Υἱὸς
692 3397 788 3450 τοῦ
830 3397 964 3450 θεοῦ
1013 3399 1041 3448 6
1085 3398 1402 3469 ἀγαπητὸς,
1451 3401 1510 3451 ὲν
1536 3392 1581 3465 ᾧ
1611 3397 1766 3451 εὐδό-

180 3503 373 3557 κησεν.

181 3586 276 3654 qui
317 3599 424 3638 non
469 3589 791 3637 c0usecutus
850 3581 1306 3645 misericordiam,
1366 3582 1796 3637 misericordiam
1867 3598 2232 3650 consecutus;
2296 3585 2498 3653 quique
2549 3599 2653 3636 non
2710 3583 2964 3647 dilectus,
2995 3583 3249 3638 dilectus.
3291 3583 3368 3637 Ex
3399 3597 3464 3637 ea
3547 3651 3554 3654 _

1875 3321 1994 3360 rum
2021 3287 2374 3360 setirtatiouis
2424 3301 2739 3356 adversaria
2801 3301 3068 3364 nascitur,
3096 3301 3308 3371 ipsique
3349 3301 3460 3356 Deo

1875 3410 2072 3464 sponsa
2127 3394 2396 3461 jungitur,
2424 3407 2488 3448 ac
2555 3392 2645 3445 Dei
2707 3392 3146 3447 misericordiam
3202 3392 3369 3462 parit,
3399 3403 3466 3446 ut-

1875 3489 2144 3544 elﬁciatur
2181 3488 2274 3542 Dei
2336 3488 2583 3558 populus,
2617 3490 2707 3558 qui
2762 3481 2898 3542 ante
2949 3501 3054 3541 non
3104 3486 3375 3556 populus;
3408 3492 3465 3540 et

181 3680 387 3746 quippe
439 3678 680 3729 nascitur
732 3674 901 3728 r‘ilius
957 3674 1051 3729 Dei
1111 3675 1521 3739 dileCtissimns,
1567 3693 1619 3728 Ill
1650 3692 1757 3744 quo
1794 3675 1954 3731 Pater
1985 3679 2126 3732 bene
2159 3677 2261 3731 sibi
2291 3676 2644 3744 complacuit.

256 3770 324 3821 θ’.
377 3767 655 3836 Ἀμπελος
686 3766 1110 3835 εὐκληματοῦσα
1137 3765 1195 3830 ἐξ
1222 3768 1419 3837 Ἀννης
1443 3769 1769 3836 ἐϐλάστησε,

181 3863 284 3915 καὶ
334 3858 530 3928 βότρυν
572 3858 912 3928 γλυκύτητος
964 3857 1186 3926 ἤνθησε,
1226 3859 1377 3926 πόμα
1431 3857 1633 3929 νέκταρ
1659 3863 1771 3922 τοῖς

182 3949 449 4019 γηγενέσι
481 3947 795 4016 πηγαζοντα
826 3948 904 4008 είς
932 3945 1075 4015 ζωὴν
1108 3945 1350 3998 αἰώνιον.
1396 3948 1650 4018 Ἰωακεὶμ
1677 3949 1773 4000 καὶ

187 4046 358 4093 "Aw:
399 4041 656 4107 ἐσπειραν
687 4039 898 4099 ἑαυτοῖς
927 4042 1007 4099 είς
1040 4037 1410 4109 δικαιοσύνην,
1465 4041 1559 4093 καὶ
1595 4039 1774 4110 ἐθέρι-

184 4150 292 4185 σαν
325 4129 538 4199 καρπὸν
561 4130 728 4198 ζωης.
775 4128 1080 4198 Ἑφώτισαν
1110 4133 1320 4192 ἑαυτοῖς
1357 4131 1469 4197 φῶς
1496 4132 1772 4198 γνώσεως,

180 4225 286 4278 καὶ
330 4223 537 4291 Κύριω
585 4222 939 4291 ἐξεζήτησαν,
977 4225 1073 4274 καὶ
1107 4218 1270 4291 ἦλθεν
1310 4226 1492 4284 αὐτοῖς
1527 4225 1776 4293 γέννημα

181 4316 564 4384 δικαιοσῦνης.
620 4315 905 4382 Θαρσείτω
952 4317 982 4382 ἡ
1032 4313 1103 4382 γῆ
1137 4319 1229 4366 καὶ
1278 4319 1345 4367 τὰ
1391 4315 1558 4366 τέκνα
1613 4316 1774 4369 Σιών.

181 4407 429 4476 Χαίρετε
465 4407 557 4458 ἐπὶ
587 4405 772 4474 Κυρίῳ
819 4403 899 4472 τῷ
936 4405 1055 4472 Θεῷ
1087 4405 1262 4474 ὑμῶν,
1291 4407 1371 4457 ὅτι
1410 4407 1778 4476 β;6λάστηκεν

1947 3769 2000 3825 9.
2035 3768 2174 3825 Vitis
2230 3769 2501 3823 uberrima
2551 3785 2616 3824 ex
2678 3769 2828 3821 Anna
2897 3767 3198 3837 pullulavit.
3255 3785 3467 3840 uvaque

1879 3863 2198 3919 suavissima
2239 3860 2492 3925 eﬂloruit,
2519 3871 2702 3928 potum
2740 3863 2975 3914 nectaris
3025 3861 3313 3928 terrigenis
3340 3861 3466 3915 fun-

1882 3955 2019 4007 dens
2045 3954 2096 4006 in
2133 3955 2296 4005 vitam
2323 3961 2604 4006 mternam.
2641 3951 2888 4005 Joacliim
2927 3960 2982 4005 et
3010 3952 3165 4005 Anna
3198 3953 3264 4006 ad
3301 3951 3468 4019 justi-

1885 4047 2014 4100 tiam
2052 4044 2154 4099 sibi
2213 4045 2315 4113 ipsi
2365 4043 2726 4108 seminarunt,
2762 4058 2825 4096 ac
2857 4042 2982 4095 vita:
3037 4041 3273 4096 lructnm
3327 4059 3468 4099 mes-

1885 4144 2128 4191 suerunt.
2227 4134 2483 4190 Scientia)
2543 4135 2721 4187 lumen
2792 4134 2894 4188 sibi
2953 4133 3349 4197 illuminarunt,
3405 4151 3471 4190 ac

1889 4230 2171 4284 Dominum
2197 4229 2590 4298 quuisierunt,
2625 4227 2878 4296 venitque
2915 4227 3019 4281 illis
3049 4243 3266 4297 germen
3300 4227 3469 4297 justi-

1889 4323 1974 4375 [ἰαί
2002 4320 2068 4374 ⁷⁸.
2114 4321 2404 4375 Audaciam
2450 4327 2629 4374 sumat
2685 4329 2856 4384 terra,
2893 4335 2956 4373 ac
2993 4319 3084 4373 lilii
3126 4319 3278 4374 Sion.
3323 4319 3470 4375 Gau-

1889 4415 2011 4468 dete
2053 4411 2106 4466 in
2155 4413 2382 4466 Domino
2429 4411 2538 4466 Deo
2587 4421 2789 4473 vestro,
2831 4411 2958 4478 quia
2997 4410 3323 4478 germinavit
3375 4413 3473 4464 de-

182 4505 404 4568 ἐρημος
425 4513 437 4526 ·
471 4498 659 4564 στεῖρα
689 4498 889 4567 ἤνεγκε
917 4498 1009 4548 τὸν
1045 4499 1259 4567 καρπον
1289 4500 1480 4566 αὐτῆς.
1519 4499 1778 4569 Ίωακεὶμ

1885 4517 2086 4560 sertum
2115 4523 2128 4559 :
2155 4503 2357 4558 sterilis
2396 4502 2617 4574 protulit
2667 4501 2898 4555 fructum
2935 4516 3114 4556 suum.
3141 4499 3387 4555 Joacltim
3417 4512 3473 4556 ct

183 4591 290 4639 καὶ
325 4589 496 4638 νΑννα
542 4587 615 4648 ὡς
660 4588 758 4658 ὅρη
813 4589 978 4655 νοητὰ
1012 4589 1328 4655 γλυκαῖμὸν
1371 4591 1778 4656 ἁπεστὰλαξαν.

182 4676 531 4746 Εὐφραίνου,
586 4678 756 4730 Ἀννα
815 4679 1146 4749 μακαριστὲ,
1202 4679 1284 4730 ὃτι
1334 4678 1468 4749 θῆλυ
1525 4681 1776 4743 τέτοκας.

180 4771 372 4822 Τοῦτο
400 4767 510 4838 γὰρ
541 4768 603 4821 τὸ
632 4768 788 4838 θῆλυ,
823 4771 1008 4840 μήτηρ
1031 4767 1190 4834 Θεοῦ,
1220 4769 1366 4839 πύλη
1398 4771 1592 4839 φωτὸς,
1627 4771 1780 4841 πηγὴ

179 4851 505 4929 ζωῆςξκαλ.
526 4861 588 4912 τὸ
613 4860 722 4912 τῶν
761 4861 992 4930 θηλειῶν
1015 4861 1220 4914 διαλύει
1246 4860 1519 4932 ἔγκλημα.
1550 4861 1656 4914 Τοῦ
1684 4862 1780 4932 θήο

179 4952 324 5010 λεος
374 4949 570 5002 τούτου
626 4951 689 5002 τὸ
733 4950 1028 5018 πρόσωπον
1079 4949 1488 5004 λιτανεύσουσιν
1537 4951 1781 5005 πλούσιοι

181 5043 291 5096 τοῦ
327 5041 482 5097 λαοῦ.
517 5041 690 5096 Τοῦτο
727 5045 789 5096 τὸ
824 5044 959 5114 θῆλυ
991 5045 1232 5116 βασιλεῖς
1265 5045 1435 5099 ἐθνῶν
1469 5047 1576 5117 (61)
1618 5062 1784 5118 προσ-

182 5137 525 5207 κυνήσουσι,
554 5136 706 5206 δῶρα
735 5137 1010 5208 φέροντες.
1043 5137 1213 5191 Τοῦτο
1243 5139 1302 5191 τὸ
1325 5139 1461 5210 θῆλυ
1492 5139 1785 5210 προσάξεις

179 5226 322 5297 Θεῷ
377 5227 451 5297 τῷ
486 5227 850 5298 Παμϐασιλεῖ,
884 5229 960 5292 ὼς
1007 5234 1345 5301 κροσσωτοῖς
1391 5234 1634 5302 χρυσοῖς,
1686 5233 1787 5302 τὴν

179 5315 309 5367 τῶν
339 5315 552 5387 ἀρετῶν
586 5316 1062 5389 περιϐεϐλημένην
1097 5322 1458 5392 εὐπρέπειαν,
1490 5323 1584 5375 καὶ
1623 5339 1786 5376 κεκο-

265 5496 320 5526 ⁷³
365 5491 521 5547 Rom.
553 5508 608 5554 ν,
639 5493 731 5550 ‘20.

841 5497 887 5528 7‘
919 5496 1062 5553 Psal.
1096 5513 1302 5564 tum,
1338 5495 1534 5551 12-72.

179 5567 239 5598 "
276 5565 433 5621 l'sal.
473 5579 642 5631 um,
671 5566 760 5618 50.

271 5717 400 5790 (59)
431 5716 578 5774 Edit'.
603 5719 687 5775 οὐ.
711 5720 860 5776 Pass.
891 5719 1005 5774 ἀλλ’
1035 5722 1136 5775 οὐκ
1167 5723 1230 5774 ὲκ
1249 5719 1355 5774 τῶν
1379 5722 1636 5776 ἐναντίων
1661 5721 1792 5774 ἕκα-

175 5790 417 5864 στον,ᾅ
451 5790 717 5860 πέφυκεν,
760 5794 826 5845 ὲκ
867 5794 1186 5862 περιουσίας
1236 5791 1499 5860 πέφυκεν,
1532 5809 1653 5864 qua
1692 5805 1792 5847 nec

173 5878 234 5919 ε.
259 5864 340 5918 tis
363 5860 512 5916 clara
542 5871 688 5917 sant.

1612 5499 1658 5529 ⁷⁸
1684 5497 1841 5554 Rom.
1883 5514 1959 5562 Ix,
2005 5498 2026 5552 l
2080 5513 2236 5568 seqq.

1883 4598 2036 4648 Anna
2065 4595 2142 4648 uti
2171 4603 2383 4648 montes
2409 4592 2721 4660 spirit‘uales
2741 4591 3082 4645 dulcedinem
3104 4591 3467 4644 stillaverunt.

1885 4685 2122 4750 Laetare,
2152 4686 2307 4738 beata
2338 4687 2514 4748 Anna,
2547 4684 2688 4753 quod
2731 4683 2984 4736 fetniuam
3018 4682 3311 4752 pepereris.
3344 4679 3473 4736 Harc

1883 4779 2028 4832 enim
2078 4777 2276 4830 femina
2331 4776 2422 4830 Dei
2483 4786 2656 4828 mater
2713 4775 2894 4828 futura
2950 4785 3055 4836 est.
3100 4782 3256 4844 porta
3310 4773 3470 4838 lucis.

1885 4869 2006 4924 l'uus
2041 4869 2200 4933 vitae,
2260 4877 2317 4923 et
2376 4867 2701 4922 feminarum
2750 4867 2956 4922 crimen
2999 4867 3258 4921 abolebit.
3302 4865 3473 4935 llujus

1886 4957 2098 5013 fetniuze
2140 4957 2347 5010 vultum
2396 4959 2834 5026 deprecabuntur
2877 4971 3068 5011 omnes
3130 4958 3325 5011 divites
3360 4958 3473 5026 ple-

1885 5049 1968 5104 bis
1996 5049 2062 5102 ".
2097 5047 2378 5103 Feminam
2438 5050 2577 5101 hanc
2641 5063 2795 5116 reges
2855 5049 3095 5117 gentium
3153 5049 3472 5101 muneribus

1887 5140 2091 5195 oblatis
2141 5140 2445 5194 adorabunt
2471 5139 2537 5192 ".
2577 5137 2727 5192 llauc
2779 5140 3036 5193 feminam
3083 5137 3196 5193 Deo
3250 5140 3472 5192 univer-

1888 5247 2069 5288 sorum
2119 5230 2253 5302 Regi
2315 5231 2532 5295 oll'eres,
2591 5233 2872 5296 virtumm,
2927 5240 3185 5300 tanquam
3241 5230 3471 5284 [iniuriis

1890 5326 2091 5388 aureis,
2125 5323 2591 5377 circumamictam
2654 5321 2943 5392 elegantia,
2973 5321 3256 5390 sanctique
3291 5321 3467 5389 Spiri-

2338 5493 2662 5562 "lsa.Lx1,
2699 5496 2787 5551 ll.
2894 5495 2939 5528 "
2983 5495 3130 5552 Psal.
3186 5511 3332 5563 sur,
3379 5495 3467 5555 l3.

1972 5723 2084 5797 (oo)
2121 5722 2258 5797 tam.
2292 5724 2348 5776 ὲν
2373 5723 2618 5797 θαλάσσῃ
2649 5723 2907 5797 Ἐρυθρᾷ.

1971 5796 2086 5866 (ut)
2121 5795 2261 5850 ﬁdit.
2297 5797 2526 5865 ἐχθρῶν.
