4202 6496
779 410 885 468 675

1937 383 2000 443 S.
2037 377 2355 444 JOANNIS
2391 372 2822 437 DAMASCENI

3953 365 4052 424 6'76

776 516 863 562 tus
916 503 1086 577 gratia
1146 508 1482 564 coronatam,
1529 494 1680 566 cujus
1741 492 1908 563 gloria
1961 493 2028 546 ab
2083 493 2229 544 intus
2283 487 2348 538 ".

2461 483 2751 553 σμημὲνην
2795 483 2863 552 τῇ
2920 479 3014 533 τοῦ
3074 478 3393 548 Πνεύματος
3445 475 3648 546 χάριτι,
3701 471 3772 549 ἧς
3821 478 3856 546 ἡ
3927 476 4052 540 δόξα

775 599 964 653 Omnis
989 598 1184 666 quippe
1211 593 1426 647 feminae
1450 591 1617 660 gloria
1646 587 1728 640 vir
1751 595 1854 649 est,
1875 600 1904 638 a
1933 584 2063 636 foris
2087 582 2306 634 veniens
2332 599 2347 634 :

782 701 835 744 at
870 688 960 742 Dei
987 683 1283 741 Geuitricis
1311 681 1482 750 gloria
1515 681 1582 732 ah
1617 677 1762 731 intus
1792 685 1900 739 est,
1941 672 2145 726 ventris
2166 670 2351 736 utique

779 781 1004 834 fructus.
1067 774 1109 830 0
1165 771 1679 830 desiderabilissima
1751 768 1973 830 femina,
2039 777 2104 816 ac
2166 770 2352 828 terque

778 872 960 926 beata!
983 868 1272 924 Benedicta
1299 877 1354 919 tu
1380 866 1432 918 in
1458 862 1796 924 mulieribus,
1816 870 1867 910 et
1888 855 2206 910 benedictus
2243 853 2354 904 fru-

778 973 897 1016 ctus
927 959 1132 1015 ventris
1169 958 1265 1010 tui.
1296 955 1341 1010 Ο
1380 954 1577 1008 femina
1619 950 1759 1019 regis
1791 947 1955 1001 David
1989 945 2119 1007 lilia,
2156 942 2352 1008 Deique

781 1052 1020 1107 omnium
1059 1048 1218 1117 Regis
1249 1045 1448 1099 Mater!
1488 1043 1532 1098 0
1576 1043 1814 1097 divinmn
1857 1039 2146 1103 vit-umque
2187 1033 2352 1086 simu-

778 1145 1004 1209 lacrum,
1022 1143 1176 1212 cujus
1197 1139 1441 1193 conditor
1463 1136 1600 1188 Deus
1625 1129 2023 1202 pulchritudine
2057 1125 2353 1178 delectatus

777 1249 882 1298 ρει,
929 1233 1069 1303 quod
1135 1239 1368 1285 n‘teutcm
1421 1226 1636 1294 quidem
1689 1221 1947 1274 divinitus
1995 1219 2350 1286 gubernatatu

777 1326 974 1388 habet,
1022 1325 1237 1389 Deoque
1288 1318 1389 1372 soli
1445 1315 1756 1374 addictam;
1813 1307 2160 1376 cupiditatem
2225 1316 2353 1355 vero

777 1431 994 1469 nutuem
1053 1413 1119 1466 ad
1174 1414 1225 1465 id
1273 1407 1416 1480 quod
1489 1403 1661 1459 solum
1714 1397 2076 1469 expetendum
2133 1401 2240 1457 est,
2298 1401 2354 1445 et

779 1522 964 1560 amore
1000 1507 1241 1574 dignum,
1274 1502 1570 1562 intentam;
1602 1496 1738 1547 iratn
1771 1501 1950 1545 autem
1995 1501 2121 1556 erga
2155 1499 2352 1555 perca-

781 1612 891 1652 tum
953 1599 1212 1651 duntaxat
1257 1591 1483 1661 ejusque
1566 1592 1868 1656 parentem.
1930 1579 2105 1631 Vitam
2160 1584 2352 1629 natura

783 1691 1046 1760 pmiorem
1093 1683 1334 1740 habebis.
1380 1677 1614 1734 Habebis
1667 1685 1846 1728 autem
1893 1685 1998 1724 non
2046 1667 2141 1721 tibi
2193 1667 2350 1731 ipsa;

2451 573 2673 638 ἔξωθεν.
2708 571 2845 636 Δόξα
2891 573 2989 642 μὲν
3019 573 3127 642 γὰρ
3166 572 3346 640 πάσης
3391 569 3646 639 γυναικὸς
3676 573 3705 621 ὁ
3736 570 3890 639 ἀνὴρ
3924 569 4053 631 ἔξω·

2452 667 2543 718 θεν
2590 665 2793 718 ἐπιών·
2829 666 2862 733 ή
2901 663 3026 728 δόξα
3069 663 3126 714 δὲ
3159 663 3256 731 τῆς
3301 662 3566 715 Θεοτόκου
3601 660 3835 723 ἔσωθεν,
3872 665 3906 712 ὁ
3959 662 4051 727 τῆς

2451 756 2663 838 κοιλίας
2709 755 2942 826 καρπός.
2973 748 3044 804 Ὠ
3069 753 3204 821 θῆλυ
3236 751 3493 822 ποθητδν,
3527 751 4045 820 τρισμακάριστονῐ

2450 847 2802 920 Εὐλογημένη
2834 847 2898 899 σὺ
2929 846 2988 897 ὲν
3011 844 3252 913 γυναιξὶ,
3287 844 3380 897 καὶ
3415 841 3785 918 εὐλογημένος
3827 843 3856 892 ὁ
3912 857 4048 906 καρ-

2449 943 2552 1004 πὸς
2578 941 2680 1010 τῆς
2715 941 2922 1003 κοιλίας
2951 956 3067 992 σου.
3096 933 3166 1002 ’,Ω
3196 936 3332 1007 θῆλυ
3365 935 3604 1006 θύγατερ
3633 934 3730 985 τοῦ
3772 933 4047 1000 βασιὶέως

2450 1033 2634 1095 Δασὶδ,
2669 1034 2762 1085 καὶ
2794 1034 2990 1102 Μήτηρ
3019 1030 3113 1082 τοῦ
3148 1028 3545 1098 Παμϐασιλέως
3576 1027 3714 1079 Θεοῦ
3741 1027 3752 1077 !
3799 1021 3872 1076 Ὦ
3905 1025 4048 1075 θεῖον

2453 1123 2698 1194 ἔμψυχον
2744 1123 2986 1193 ἄγαλμα,
3040 1122 3124 1190 ἐφ’
3182 1115 3226 1188 ᾧ
3269 1122 3298 1173 ό
3349 1119 3685 1189 δημιουργὸς

2451 1217 2606 1281 Θεὸς,
2641 1215 2767 1270 νοῦν
2803 1216 2901 1286 μὲν
2950 1214 3071 1283 ἔχον
3123 1213 3572 1282 θεοκυῦἑρνητον,
3607 1211 3702 1262 καὶ
3741 1211 3896 1279 μόνῳ
3931 1210 4047 1276 Θεῷ

2452 1309 2860 1379 προσανέχοντα
2881 1323 2896 1339 °
2930 1295 3225 1376 ἐπιθυμίαν
3263 1306 3484 1358 ἃπασαν
3517 1310 3877 1373 τεταμμένην
3909 1306 4043 1370 πρὶς

2449 1400 2514 1452 τὸ
2549 1399 2711 1469 μόνον
2735 1399 2927 1466 ὲφετόν
2957 1416 3017 1450 τε
3051 1399 3148 1450 καὶ
3175 1397 3499 1466 ἀξιέραστον
3523 1413 3538 1428 ο
3571 1396 3663 1448 τὸν
3692 1397 3874 1464 θυμὸν
3906 1399 4047 1447 κατὰ

2455 1492 2626 1562 μόνης
2672 1491 2771 1560 τῆς
2817 1489 3113 1559 ἁμαρτίας,
3173 1490 3267 1540 καὶ
3321 1488 3416 1540 τοῦ
3450 1487 3656 1558 ταύτην
3710 1489 4041 1556 κνήσαντος.

2453 1584 2609 1654 Ζωὴν
2655 1582 2756 1652 τῆς
2787 1582 3000 1651 φύσεως
3049 1582 3337 1650 κρείττονα
3394 1580 3560 1642 ἔξεις.
3617 1579 3802 1643 Ἐξεις
3840 1580 3952 1645 γὰρ
3986 1580 4044 1628 ού

2453 1676 2624 1745 σαυτῇ
2647 1691 2660 1707 ο
2693 1675 2754 1725 οὐ
2783 1675 2893 1743 γὰρ
2927 1672 3131 1739 σαυτῆς
3159 1672 3319 1724 ἕνεκα
3347 1671 3664 1740 γεγέννησο.
3701 1669 3872 1722 Ὅθεν
3905 1669 4046 1731 ἕξεις

3754 1117 4043 1186 εὐφράνθη

782 1754 978 1850 quippe
1011 1791 1130 1846 quae
1164 1790 1269 1829 non
1333 1769 1582 1838 tuiipsius
1631 1780 1789 1820 causa
1848 1760 2028 1829 genita
2084 1757 2179 1811 sis.
2215 1754 2352 1819 Quo-

2461 1765 2592 1836 Θεῷ,
2624 1765 2690 1818 δι’
2723 1765 2781 1818 ὃν
2828 1767 2908 1828 εἰς
2955 1765 3047 1816 τὸν
3110 1764 3220 1833 (62)
3273 1763 3385 1832 βίον
3445 1762 3741 1831 ἐλήλυθαςο
3780 1764 3849 1813 δι’
3885 1763 3943 1813 ὃν
3983 1764 4044 1828 τῇ

785 1827 974 1850 -ι--ην
1015 1827 1121 1846 -ι---
1166 1827 1175 1829 τ
1213 1827 1221 1828 κ
1434 1827 1446 1838 .
1852 1827 1872 1829 -

781 1875 922 1926 circa
966 1869 1076 1922 Deo
1121 1869 1261 1922 hanc
1313 1862 1558 1923 habebis,
1589 1857 1742 1926 cujus
1777 1853 1949 1925 gratia
1995 1849 2048 1904 iu
2090 1849 2348 1900 mundum

2461 1857 2790 1928 παγκοσμίῳ
2820 1827 3248 1924 ἐξυπηρετησείς
3273 1827 3546 1923 σωτηρίᾳ,
3585 1855 3735 1913 ὅπως
3765 1855 3799 1919 ἡ
3842 1827 4047 1918 ἀρχαία

782 1962 1048 2030 pl‘OtiliSll;
1074 1967 1132 2012 ut
1155 1957 1305 2011 orbis
1329 1949 1564 2006 universi
1584 1947 1744 2002 saluti
1770 1942 2088 2011 obsequaris
2112 1957 2126 2006 ;
2154 1938 2355 2006 Deique

781 2029 1060 2124 antiquum
1097 2048 1406 2108 consilium,
1453 2041 1709 2096 nimirum
1772 2032 2160 2090 incarnationis
2194 2029 2352 2083 Verbi

780 2163 844 2201 ac
875 2157 1073 2203 nostra:
1100 2140 1481 2203 deilicatiouis,
1517 2151 1612 2206 per
1644 2144 1697 2190 te
1729 2132 2039 2202 impleatur.
2068 2126 2355 2197 Appetitus

783 2245 909 2292 tuus
975 2234 1174 2290 divinis
1227 2229 1569 2287 sermonibus
1645 2225 1936 2286 nutrietur,
1991 2220 2184 2288 hisque
2239 2218 2357 2286 piu-

784 2338 1011 2393 guesees
1075 2332 1334 2389 tanquam
1387 2317 1528 2370 oliva
1587 2311 1864 2368 fructifera
1910 2309 1963 2363 in
2018 2309 2178 2363 domo
2227 2305 2353 2373 Dei;

787 2423 1042 2483 tanquam
1073 2410 1273 2481 liguutn
1298 2407 1597 2478 plantatum
1622 2417 1779 2458 secus
1801 2402 2060 2454 decursus
2092 2411 2353 2465 aquarum

786 2504 1022 2574 Spiritus
1069 2502 1154 2566 '°;
1200 2509 1458 2566 tauquam
1503 2495 1625 2547 vita:
1679 2492 1880 2562 lignum
1931 2491 2076 2559 quod
2125 2488 2354 2540 fructum

798 2599 920 2650 vitae
949 2593 1100 2650 dedit
1120 2591 1382 2664 praefinito
1405 2602 1505 2643 suo
1543 2595 1815 2656 tempore;
1846 2582 2016 2638 Deum
2039 2579 2245 2634 scilicet
2275 2579 2358 2630 in-

787 2694 1092 2747 carnatum,
1121 2685 1379 2737 aeternam
1418 2679 1793 2733 universorum
1822 2676 2011 2728 vitam.
2051 2671 2356 2741 Cogitatum

790 2791 1007 2831 onmem
1039 2775 1314 2828 alumnutn
1344 2770 1546 2825 habens
1590 2777 1646 2822 et
1695 2769 1889 2820 anima:
1935 2764 2254 2834 proficuum,
2296 2775 2360 2814 ac

790 2879 1253 2936 supervacaneum
1281 2875 1497 2918 omnem
1530 2868 1587 2914 et
1618 2857 1821 2912 animis
1865 2855 2156 2910 exitiosum
2204 2853 2358 2923 prius

792 2954 1111 3026 reprobans,
1137 2965 1298 3022 quam
1325 2965 1448 3005 eum
1483 2949 1758 3018 degustes.
1807 2944 1959 3001 Oculi
2020 2958 2235 3012 semper
2291 2941 2358 2994 ad

796 3046 1098 3110 Dominum,
1131 3055 1366 3114 perenne
1407 3051 1462 3096 et
1499 3040 1836 3094 inaccessum
1862 3037 2041 3090 lumen
2066 3035 2358 3089 intuentes.

2455 1948 2621 2017 βουλὴ
2651 1946 2746 2000 τοῦ
2776 1945 2935 2010 Θεοῦ,
2966 1949 3066 2016 τῆς
3095 1944 3188 1998 τοῦ
3223 1945 3398 2010 Λόγου
3431 1943 3788 2014 σαρκώσεως,
3823 1943 3924 1994 καὶ
3951 1943 4046 2008 τῆς

2455 2038 2612 2110 ἡμῶν
2637 2036 2903 2100 θεὼσεως,
2937 2037 3024 2088 διὰ
3053 2036 3146 2088 σοῦ
3176 2034 3461 2105 πληρωθῇ.
3498 2033 3716 2103 Ὀρεξις
3742 2035 3860 2094 τοῖς
3883 2032 4046 2092 θείοις

2455 2132 2633 2199 λόγοις
2675 2128 3056 2201 ἐντρέφεσθαι,
3111 2127 3207 2180 καὶ
3254 2128 3467 2188 τούτοις
3502 2123 3845 2188 πιαίνεσθαι,
3887 2125 3960 2176 ὼε
4014 2126 4044 2190 ἡ

2455 2222 2618 2277 ἐλαία
2647 2223 3005 2291 κατάκαρπος
3053 2223 3112 2272 ὲν
3151 2219 3231 2290 τῷ
3255 2220 3391 2288 οἴκῳ
3444 2216 3543 2270 τοῦ
3577 2217 3741 2279 Θεοῦ,
3777 2217 3855 2279 ὡς
3895 2217 4047 2279 ξύλον

2456 2313 2870 2384 πεφυτευμένον
2918 2312 3070 2382 παρᾶ
3106 2311 3206 2374 τὰς
3252 2311 3517 2376 διεξόδους
3557 2310 3668 2362 τῶν
3702 2308 3923 2360 ὑδάτων
3955 2307 4046 2359 τοῦ

2457 2403 2796 2474 Πνεύματος,
2842 2402 2917 2466 ὡς
2961 2402 3117 2469 ξύλον
3172 2400 3338 2471 ζωῆς,
3389 2399 3418 2450 ὃ
3475 2397 3568 2451 τὸν
3619 2398 3838 2466 καρπον
3880 2395 4046 2448 αὑτοῦ

2457 2499 2654 2551 ἔδωκεν
2674 2488 2733 2551 ἓν
2753 2496 2833 2567 τῷ
2857 2494 3254 2567 προωρισμένῳ
3278 2492 3456 2564 καιρῷ
3476 2490 3662 2544 αὐτοῦ·
3694 2488 3832 2542 Θεοῦ
3861 2503 4049 2556 σεσαρ-

2458 2591 2729 2661 κωμένον,
2769 2590 2868 2660 τὴν
2908 2588 3128 2642 αἰώνιον
3178 2589 3434 2642 ἁπάντων
3491 2583 3654 2654 ζωήν.
3714 2584 3911 2636 Πάντα
3966 2583 4051 2633 ‘ma

2459 2681 2658 2752 γισμδν
2713 2681 2828 2752 (63)
2886 2679 3175 2748 τρόφιμον,
3216 2680 3312 2730 καὶ
3359 2675 3659 2745 ψυχωφελῆ
3697 2675 3901 2740 ἔχουσα
3958 2674 4049 2722 καὶ

2460 2776 2642 2826 πάντα
2690 2771 2965 2839 περιττὸν,
3029 2771 3122 2822 καὶ
3181 2765 3495 2837 ψυχοελασῆ
3548 2766 3678 2832 πρὶν
3740 2763 4049 2830 γεύσασθαι

2461 2865 2852 2935 ἀποκρίνουσα.
2926 2859 3224 2928 Ὀφθαλμοὶ
3270 2857 3359 2909 διὰ
3393 2855 3592 2912 παντὸς
3642 2853 3780 2923 πρὸς
3817 2854 4048 2920 Κύριον,

2463 2958 2578 3026 φῶς
2603 2957 2840 3028 ὁρῶντες
2871 2954 3096 3007 ὰὲνναον
3126 2950 3220 3003 καὶ
3253 2947 3567 3018 ἀπρόσιτον.
3596 2939 3736 2995 Ὦτα
3769 2943 3869 3004 τὸν
3909 2944 4050 2994 θεῖον

2462 3048 2729 3102 ἀκούοντα
2780 3047 2961 3113 λόγον,
3013 3043 3109 3096 καὶ
3171 3040 3484 3109 τερπόμενα
3536 3038 3602 3106 τῇ
3672 3035 3882 3103 κιθάρα
3956 3031 4049 3084 τοῦ

792 3140 988 3204 Aures,
1037 3145 1097 3189 ut
1141 3134 1380 3188 divinum
1417 3144 1720 3186 sermonem
1759 3127 2004 3190 audiant,
2034 3141 2095 3180 ac
2126 3125 2359 3193 Spiritus

2467 3140 2806 3209 Πνεύματος,
2830 3137 2896 3190 δι’
2918 3131 2993 3189 ὧν
3025 3138 3054 3188 ὁ
3084 3133 3254 3200 Λόγος
3287 3129 3499 3201 εἰσῆλθε
3533 3126 4051 3198 σαρκωθησὸμενος.

794 3229 1006 3284 cithara
1051 3226 1413 3289 ohlecteutur,
1467 3238 1562 3293 per
1606 3237 1768 3292 quam
1824 3219 2055 3273 Verbum
2101 3218 2272 3290 848
2308 3226 2364 3271 ut

794 3335 1015 3375 carnem
1054 3327 1376 3380 assumeret,
1404 3315 1704 3384 ingressum
1743 3323 1844 3368 est.
1894 3310 2084 3375 Nares,
2121 3325 2364 3380 unguen-

799 3421 975 3468 torum
1022 3409 1206 3479 sponsi
1255 3410 1421 3462 odore
1470 3406 1836 3468 deliuiuntur;
1867 3403 1956 3472 qui
1988 3401 2203 3472 quidem
2231 3401 2368 3454 divi-

799 3519 926 3558 num
954 3512 1282 3573 unguentum
1341 3509 1444 3563 est,
1479 3506 1671 3567 sponte
1699 3495 1927 3549 ell'usuut
1977 3508 2241 3560 suamque
2273 3494 2369 3545 hu-

801 3593 1111 3652 manitatem
1170 3603 1519 3661 pertingens;
1577 3583 1914 3655 Unguentum
1958 3583 2097 3637 enim
2144 3581 2368 3650 eﬂ'uwm

802 3701 987 3739 nomen
1032 3693 1198 3746 tuum,
1248 3680 1418 3749 inquit
1465 3678 1745 3746 Scriptura
1772 3676 1840 3728 δι.
1888 3673 2052 3728 Lahla
2083 3673 2368 3727 Dominum

803 3775 1101 3838 laudantia,
1137 3771 1412 3842 ipsiusque
1457 3769 1613 3821 labiis
1649 3765 2007 3820 adhzerentia.
2062 3762 2267 3830 Lingua
2317 3768 2372 3816 et

807 3869 989 3922 fauces
1018 3864 1112 3918 Dei
1146 3864 1308 3918 verba
1356 3860 1746 3922 discernentes,
1780 3856 2070 3924 divinaque
2109 3856 2373 3908 suavitate

808 3962 872 4012 ad
917 3936 1215 4012 satietatém
1271 3964 1439 4022 usque
1497 3949 1858 4019 perfrueutes.
1928 3945 2034 3998 Cor
2079 3959 2268 4013 purum
2318 3952 2375 3996 et

809 4049 945 4103 labis
992 4060 1212 4116 expers,
1256 4041 1423 4098 Deum
1479 4041 1666 4094 videns
1706 4038 1851 4093 omni
1901 4037 2023 4090 labe
2074 4043 2370 4099 carentem,

815 4142 1040 4213 ejusque
1063 4136 1355 4207 cupiditate
1382 4133 1633 4203 ﬂagrans.
1661 4129 1860 4186 Venter
1881 4128 2000 4199 ejus
2019 4125 2370 4189 domicilium,

817 4249 980 4302 quem
1025 4230 1202 4285 nullus
1254 4228 1400 4281 locus
1431 4226 1592 4294 capit.
1624 4223 1802 4277 Laetis
1831 4221 2018 4287 ubera,
2053 4235 2172 4288 qua:
2207 4218 2373 4272 Deuut

814 4324 1082 4386 aluerunt,
1121 4332 1311 4387 nempe
1349 4315 1583 4385 puellum
1634 4310 1838 4365 Jesum.
1901 4309 1996 4364 Dei
2045 4319 2221 4378 porta,
2249 4323 2374 4376 per-

815 4425 972 4486 petua
1004 4411 1313 4480 virginitate
1351 4408 1547 4460 nitens.
1575 4403 1764 4458 Manus
1791 4403 1954 4457 Deum
2003 4413 2274 4468 gestantes
2311 4415 2375 4454 ac

2480 3234 2652 3295 Ῥῖνες
2680 3235 2745 3301 τῇ
2773 3231 2916 3299 ὀσμῇ
2945 3228 3055 3279 τῶν
3079 3225 3266 3296 μύρων
3295 3221 3388 3275 τοῦ
3421 3221 3654 3290 νυμφίου
3697 3217 4051 3284 θελγόμεναι.

2466 3323 2524 3385 ὃς
2549 3324 2664 3374 ἐστι
2697 3320 2869 3390 μῦρον
2905 3319 3047 3369 θεῖον
3085 3315 3347 3375 ἑκουσίως
3373 3310 3720 3380 κενούμενον,
3763 3310 3861 3360 καὶ
3901 3311 4053 3378 χρίον

2465 3414 2568 3484 τὴν
2593 3411 2788 3464 ἑαυτοῦ
2833 3407 3249 3481 ἁνθρωπότητα.
3291 3403 3494 3472 Μῦρον
3548 3404 3659 3469 γὰρ
3715 3401 4055 3453 ἐκκενωθὲγ

2469 3504 2660 3574 ὄνομά
2705 3518 2842 3566 σου,
2896 3500 3060 3570 φησὶν
3109 3501 3143 3568 ὴ
3183 3496 3394 3566 Γραφή.
3459 3493 3626 3560 Χείλη
3676 3490 3937 3543 αἰνοῦντα
3965 3492 4054 3542 τὸν

2469 3595 2696 3666 Κύριον,
2725 3595 2820 3647 καὶ
2851 3595 2960 3654 τοῖς
2995 3588 3162 3644 αὐτοῦ
3194 3585 3508 3656 κολλώμενα
3543 3585 3766 3654 χείλεσι.
3819 3583 3857 3635 Γ
3863 3583 4050 3635 λώσσα

2471 3688 2566 3739 καί⁵
2619 3682 2836 3756 φάρυγξ
2876 3680 3068 3749 λόγους
3111 3678 3246 3731 Θεοῦ
3297 3676 3704 3749 διακρίνουσαι,
3757 3675 3854 3725 καὶ
3898 3673 4051 3735 θείας

2471 3776 2808 3848 γλυκύτητος
2842 3771 3266 3844 ιμφορούμεναι.
3305 3768 3516 3838 Καρδια
3542 3765 3758 3834 καθαρὰ
3786 3765 3881 3816 καὶ
3908 3768 4051 3832 ἀμο-

2472 3869 2681 3930 λυντος,
2713 3865 2894 3936 ὁρῶσα
2925 3864 3018 3915 καὶ
3047 3859 3285 3913 ποθοῦσα
3312 3858 3441 3909 Θεὸν
3466 3855 3558 3907 τὸν
3587 3854 3910 3923 ἀμὸλυντον.
3949 3853 3986 3904 Γ
3993 3871 4054 3905 α-

2475 3961 2633 4031 στὴρ,
2662 3960 2718 4009 ὲν
2753 3950 2841 4029 ﬁs
2878 3952 3160 4022 ἀχώρητος
3209 3950 3445 4019 ᾤκησεν,
3490 3948 3585 4000 καὶ
3628 3946 3827 4014 μαστοὶ
3880 3946 4052 4012 γάλα-

2473 4066 2623 4113 κτος,
2655 4047 2715 4110 ὲξ
2746 4041 2821 4100 ὧν
2861 4044 3069 4115 ἐτράφη
3111 4042 3243 4101 Θεὸς
3292 4040 3352 4090 τὸ
3382 4037 3591 4090 παιδίον
3632 4035 3862 4103 Ἰησοῦς.
3901 4036 4052 4105 Πύλῃ

2473 4138 2631 4202 Θεοῦ,
2665 4134 3182 4205 ἁειπαρθενεύουσα.
3229 4132 3422 4200 Χεῖρες
3474 4127 3608 4179 Θεὸν
3637 4128 3903 4196 φέρουσαι
3963 4131 4054 4178 καὶ

2475 4231 2699 4298 γόνατα,
2745 4227 2930 4298 θρόνος
2970 4225 3078 4278 τῶν
3143 4221 3420 4293 Χερουϐὶμ
3454 4218 3783 4288 ὑψηλότερος
3811 4235 3824 4246 ·
3869 4218 3936 4269 δι’
3983 4212 4055 4269 ὧν

2479 4323 2702 4392 ἴσχυσαν
2730 4321 2910 4390 χεῖρες
2933 4318 3236 4387 ἀνειμέναι,
3272 4314 3366 4368 καὶ
3387 4313 3586 4380 γόνατα
3607 4309 4052 4378 παραλελυμένα.

2479 4415 2664 4478 Πόδες,
2683 4412 2757 4475 ὡς
2789 4411 2967 4481 λύχνῳ
2999 4409 3176 4478 φωτὸς
3207 4407 3282 4476 τῷ
3329 4405 3422 4458 τοῦ
3475 4403 3607 4456 Θεοῦ
3654 4403 4055 4470 ποδηγούμενα

815 4520 1008 4574 genua,
1048 4503 1274 4555 thronus
1302 4497 1592 4552 Cheruhitn
1645 4493 1960 4559 sublimior;
1997 4509 2224 4562 quorum
2273 4507 2359 4558 opt

2479 4504 2647 4574 νόμῳ,
2697 4501 2792 4553 καὶ
2839 4499 3014 4551 ὀπίσω
3066 4494 3229 4548 αὑτοῦ
3286 4494 3696 4561 ἀνεπιστρόφως
3743 4492 4055 4559 τρέχοντες,

819 4599 1055 4653 remissa:
1126 4608 1335 4657 manus,
1381 4600 1435 4645 et
1504 4588 1762 4644 dissoluta
1813 4602 1984 4656 genua
2038 4585 2378 4638 cnnvaluere.

818 4689 1009 4751 Pedes,
1030 4685 1123 4740 Dei
1154 4685 1271 4754 lege
1314 4682 1459 4738 velut
1491 4681 1710 4735 lucerna
1739 4678 1978 4742 deducti,
2008 4693 2073 4731 ac
2099 4685 2220 4745 post
2257 4690 2380 4729 eum

818 4782 1076 4836 irretorto
1125 4792 1286 4832 cursu
1343 4782 1718 4845 properantes,
1775 4771 1946 4824 donec
2011 4779 2249 4821 amatum
2314 4766 2382 4820 ad

818 4879 1087 4924 amantem
1150 4876 1449 4921 traxerunt.
1486 4863 1620 4918 Tota
1653 4861 1924 4916 thalamus
1958 4859 2214 4929 Spiritus,
2271 4866 2382 4911 tota

819 4960 1016 5017 civitas
1047 4958 1139 5012 Dei
1165 4958 1295 5022 vivi,
1332 4971 1494 5024 quam
1527 4954 1803 5010 Iretificant
1839 4951 2076 5005 ﬂuminis
2108 4950 2375 5018 impetus;

821 5051 1019 5114 sancti,
1058 5051 1300 5118 inquam,
1355 5047 1589 5118 Spiritus
1619 5047 1908 5116 gratiarum
1976 5043 2186 5096 ﬂuctus.
2251 5040 2387 5096 Tota

783 5157 788 5166 ·
821 5139 1066 5209 pulchra,
1091 5147 1202 5192 tota
1238 5137 1343 5190 Deo
1388 5123 1684 5206 propinqua
1728 5151 1741 5188 :
1775 5134 1889 5186 haec
1910 5132 2054 5186 enirn
2096 5129 2387 5184 Cherubitn

822 5244 1103 5301 superans,
1137 5237 1192 5283 et
1227 5241 1390 5296 super
1441 5225 1726 5295 Serapbim
1760 5232 1966 5289 evecta,
2004 5221 2247 5291 proxima
2283 5223 2391 5277 Deo

822 5316 1052 5370 exstitit.

896 5407 983 5463 10.
1026 5405 1070 5462 Ο
1128 5405 1445 5461 miraculum
1497 5404 1748 5460 omnibus
1809 5403 2085 5478 miraculis
2118 5405 2385 5460 excellen-

892 5565 938 5596 "
973 5562 1113 5617 Psal.
1148 5575 1291 5626 xuv,
1323 5561 1406 5614 Η.
1484 5561 1528 5594 ⁸ο
1565 5559 1707 5617 Psal.
1750 5575 1788 5626 t,
1829 5559 1882 5614 5.
1957 5560 2000 5591 ⁸¹
2032 5559 2188 5616 Cant.
2221 5576 2260 5630 ι,
2288 5558 2344 5615 2.

897 5723 1006 5793 (62)
1037 5720 1164 5793 Mss.
1193 5720 1412 5784 κόσμον.

897 5792 1008 5864 (ϋὸ)
1041 5792 1178 5847 ﬁdit.
1211 5793 1506 5862 πρόθυμον.

2478 4597 2582 4658 ἓως
2616 4593 2750 4663 πρὸς
2799 4592 2898 4661 τὴν
2935 4587 3203 4641 ποθοῦσαν
3234 4586 3329 4638 τὸν
3385 4582 3717 4652 ποθούμενον
3772 4584 4055 4634 εἵλκυσαν.

2486 4685 2626 4756 Ὀλη
2661 4682 2872 4744 παστὰς
2903 4679 2998 4733 τοῦ
3030 4678 3361 4746 Πνεύματος.
3401 4674 3537 4744 Ὄλη
3572 4674 3723 4730 πόλις
3753 4672 3894 4724 Θεοῦ
3924 4673 4057 4736 ζῶν-

2479 4793 2590 4840 τος,
2618 4777 2684 4844 ἢν
2714 4770 3062 4841 εὐφραίνουσι
3087 4767 3180 4820 τοῦ
3212 4765 3455 4835 ποταμοῦ
3484 4765 3549 4816 τὰ
3590 4765 3733 4832 ὁρμή
3746 4779 3917 4830 ματα·
3956 4763 4058 4814 τῶν

2480 4866 2574 4920 τοῦ
2599 4866 2756 4933 ἁγίου
2782 4863 3098 4931 Πνεύματος
3127 4859 3474 4929 χαρισμάτων
3499 4856 3738 4924 κύματα·
3767 4856 3868 4924 ὅλη
3899 4855 4056 4922 καλὴ,

2486 4959 2580 5027 ὅλη
2610 4955 2834 5026 πλησίον
2878 4951 3035 5006 Θεοῦ.
3072 4949 3218 5019 Αὕτη
3250 4948 3359 5019 γὰρ
3413 4945 3804 5016 ὑπεραναδᾶσα
3837 4948 3912 4997 τὰ
3955 4947 4059 4998 Χε-

2487 5051 2706 5125 ρουϐὶμ,
2737 5048 2831 5101 καὶ
2859 5045 2964 5100 τῶν
2994 5045 3244 5114 Σεραφὶμ
3268 5040 3639 5110 ὑπεραρθείσα
3671 5038 3900 5108 πλησίον
3929 5037 4058 5091 Θεοῦ

2486 5140 2875 5213 ἐχρημάτισεν.

2564 5403 2618 5461 ι’.
2657 5402 2728 5457 Ὠ
2773 5404 2960 5474 θαῦμα
2995 5401 3210 5456 πάντων
3257 5398 3548 5470 θαυμάτων
3579 5396 3690 5467 (6-5)
3731 5394 4057 5480 ὑπέρτερονῖ

2561 5711 2674 5786 (61)
2705 5711 2848 5770 Edil.
2881 5708 3215 5766 καινότατον.
