4202 6496
114 474 212 537 677

913 461 1241 524 ΙΙΟΜῘΙᾸΛ
1280 461 1307 522 Ι
1349 459 1431 521 ΙΝ
1472 458 1991 522 NATIVITATEM
2031 456 2097 517 B.
2138 457 2204 517 V.
2245 452 2529 515 MARIE.

3276 446 3381 508 678

117 583 259 655 Γυνὴ
293 580 475 635 ὲπάνω
519 583 627 633 τῶν
661 575 911 649 Σεραφὶμ
938 574 1191 642 γέγονεν,
1244 572 1325 623 ὅτι
1366 570 1498 632 Θεὸς
1544 569 1697 639 ὤφθη
1731 611 1738 633 Α

1830 570 1945 624 ius!
1990 567 2183 621 Mulier
2230 563 2515 621 sublimior
2564 558 2848 628 Seraphim
2898 552 3088 609 ell'ecta
3120 560 3223 617 est,
3254 553 3381 621 quia

122 676 294 747 βραχύ
336 692 390 727 τι
434 672 563 743 παρ’
607 670 870 739 ἀγγέλους
905 667 1307 737 ὴλαττωμένος.
1346 662 1559 729 Σιγάτω
1597 662 1694 712 Σο-

122 765 301 835 λομὼν
330 764 359 815 ὁ
405 762 739 830 σοφώτατος,
770 757 865 810 καὶ
912 755 988 826 μὴ
1020 753 1247 821 λεγέτω·
1285 750 1472 819 Μηδὲν
1515 750 1699 803 καινὸν

121 859 222 912 ὑπὸ
256 855 352 906 τὸν
385 854 558 923 ἥλιον.
594 848 663 902 Ὦ
692 848 936 918 Παρθένε
983 846 1367 916 θεοχαρίτωτε,
1400 843 1521 905 ναὸς
1562 836 1699 894 Θεοῦ

122 952 294 1016 ἅγιος,
321 945 378 997 ὃν
408 947 435 997 ό
468 941 835 1011 πνευματικὸς
867 937 1138 1009 Σολομὼν,
1172 940 1198 989 ὀ
1240 935 1571 1005 εἰρηνάρχης
1602 948 1703 985 κα-

120 1042 463 1101 τασκευάσας
511 1035 853 1106 κατῴκησεν,
913 1034 971 1085 οὑ
1007 1030 1191 1102 χρυσῷ
1240 1029 1335 1082 καὶ
1367 1028 1535 1090 λίθοις
1567 1026 1704 1095 ἀψύ-

120 1151 235 1204 χοις
284 1127 782 1197 καλλωπιζόμενος,
811 1125 923 1179 ἀλλ’
966 1124 1085 1178 ἀντὶ
1119 1119 1322 1191 χρυσοῦ
1356 1120 1588 1188 λάμπων
1626 1118 1704 1188 τῷ

123 1224 434 1292 Πνεῦματι·
477 1220 600 1273 ἀντὶ
652 1218 711 1271 δὲ
754 1218 914 1271 λίθων
954 1215 1151 1285 τιμίων
1188 1214 1326 1282 ἔχων
1364 1214 1456 1265 τὸν
1491 1210 1707 1263 πολύτι-

124 1335 221 1386 μον
252 1312 592 1384 μαργαρίτην
621 1308 877 1380 Χριστὸν,
904 1309 993 1361 τὸν
1022 1307 1267 1377 ἄνθρακα
1297 1305 1396 1375 τῆς
1421 1304 1703 1373 Θεότητος,

120 1409 178 1460 ὃν
234 1407 472 1473 ἅψασθαι
518 1401 627 1455 τῶν
656 1402 880 1471 χειλέων
932 1400 1089 1471 ἡμῶν
1142 1399 1484 1461 καθικέτευε,
1526 1398 1602 1461 ὡς
1641 1397 1707 1449 ἂν

123 1497 513 1565 καθαρθέντες,
546 1492 735 1546 τοῦτον
769 1494 864 1544 σὺν
884 1492 961 1561 τῷ
992 1492 1168 1561 Πατρὶ
1198 1490 1292 1541 καὶ
1324 1489 1399 1558 τῷ
1431 1488 1710 1557 Πνεύματι

123 1592 454 1659 ὑμνήσωμεν
496 1585 901 1655 ἀνακράζοντες
922 1624 935 1648 ,
969 1585 1163 1652 ’Ἄγιος
1184 1624 1198 1647 ,
1233 1582 1454 1651 Ἄγιος,
1493 1583 1707 1649 Ἄγιος,

123 1683 343 1748 Κύριος
365 1678 628 1741 Σαϐαὼθ,
676 1677 770 1747 μία
800 1676 954 1745 φύσις
986 1675 1248 1743 Θεότητος
1276 1675 1333 1725 ὲν
1370 1673 1548 1743 τρισὶν
1582 1672 1711 1725 ὑποο

125 1775 373 1825 στάσεσι.
405 1772 607 1838 Ἄγιος
650 1773 682 1822 ὀ
713 1768 857 1831 Θεὸς
886 1769 980 1819 καὶ
1014 1765 1224 1835 Πατὴρ,
1257 1768 1285 1818 ό
1317 1766 1616 1833 εὐδοκήσας
1656 1766 1712 1815 ὲν

124 1862 235 1921 σοι,
266 1860 363 1912 καὶ
394 1861 457 1911 ὲκ
494 1858 589 1911 σοῦ
633 1856 952 1925 τελεσθῆναι
985 1855 1017 1917 ὂ,
1054 1856 1326 1924 προώρισε
1365 1854 1472 1924 πρὸ
1506 1852 1713 1905 αἰώνων

1798 660 1943 714 Deus
1965 660 2112 713 visus
2144 666 2227 713 est
2257 654 2461 725 angelis
2487 651 2824 721 paulominus
2857 649 3158 702 minoratus
3190 644 3260 697 ⁸¹.
3288 644 3379 697 Si-

1800 750 1906 803 leat
1932 747 2366 816 sapientissimus
2394 743 2672 806 Salomon,
2693 739 2933 807 nihilque
2963 737 3073 807 jam
3110 736 3213 790 sub
3243 736 3382 789 caelo

1802 853 2000 894 novum
2059 851 2181 891 esse
2230 836 2502 891 inlicietnr
2536 830 2676 886 ".0
2715 830 2876 899 Virgo
2927 829 3132 882 divinis
3192 828 3383 895 gratiis

1803 931 2045 994 allluens,
2072 930 2325 996 templum
2360 928 2452 981 Dei
2487 936 2759 988 sanctum,
2790 924 2935 993 quod
2964 920 3264 989 spiritualis
3291 917 3386 970 Sa-

1804 1021 2007 1085 lomon,
2040 1022 2126 1075 ille
2172 1021 2424 1089 princeps
2470 1018 2618 1086 pacis
2660 1015 2758 1069 abs
2798 1029 2859 1068 se
2888 1017 3263 1067 constructum
3298 1008 3383 1061 in-

1808 1114 2069 1167 habitavit
2108 1128 2122 1166 :
2158 1112 2436 1181 templum,
2465 1111 2705 1178 inquam,
2739 1122 2845 1160 non
2881 1119 3016 1159 auro
3049 1110 3102 1156 et
3132 1098 3387 1154 inanimis

1808 1205 2074 1273 lapidibus
2100 1205 2433 1265 decoratum,
2462 1201 2558 1255 sed
2593 1199 2709 1252 auri
2739 1198 2859 1251 loco
2893 1194 3099 1263 Spiritu
3130 1192 3383 1260 fulgens;

1808 1312 1907 1365 pro
1946 1296 2212 1363 lapidibus
2260 1292 2531 1362 pretiosis,
2577 1288 2993 1360 pulcherrimam
3032 1284 3385 1352 margaritam

1812 1387 2018 1442 habens
2040 1387 2336 1448 Christum,
2367 1384 2591 1438 Deitatis
2614 1382 2762 1435 illum
2789 1376 3204 1436 carbunculum,
3226 1384 3386 1441 quem

1814 1488 1870 1533 ut
1896 1480 2034 1532 labia
2062 1490 2248 1532 nostra
2282 1486 2467 1545 tangat
2508 1474 2729 1542 supplex
2775 1484 3020 1541 precare,
3052 1476 3106 1519 ut
3138 1465 3219 1517 sic
3258 1476 3388 1531 pur-

1813 1572 1922 1642 gati
1968 1573 2142 1641 ipsum
2181 1585 2303 1623 cum
2341 1568 2503 1622 Patre
2531 1576 2585 1620 et
2611 1575 2801 1619 sancto
2834 1562 3040 1631 Spiritu
3085 1557 3389 1617 laudemus,

1812 1664 2128 1725 clamantes,
2167 1660 2416 1722 Sanctus,
2452 1658 2705 1719 Sanctus,
2728 1655 2979 1717 Sanctus,
3008 1649 3262 1704 Dominus
3288 1644 3393 1698 Sa-

1815 1754 1970 1807 baoth
2002 1753 2068 1818 5",
2101 1770 2203 1805 una
2261 1751 2485 1805 Deitatis
2532 1750 2587 1803 in
2645 1748 2818 1801 tribus
2873 1742 3120 1813 personis
3176 1747 3392 1791 natura.

1815 1848 2039 1903 Sanctus
2076 1846 2208 1899 Deus
2238 1855 2291 1899 et
2322 1844 2501 1909 Pater,
2537 1842 2627 1910 qni
2672 1841 2722 1894 in
2754 1849 2805 1892 te
2825 1846 2880 1893 et
2905 1852 2967 1890 ex
3003 1844 3054 1887 te
3080 1830 3395 1901 mysterium

125 1953 449 2023 μυστήριον,
493 1951 695 2019 ’Ἄγιος
724 1948 992 2015 ἰσχυρὸς,
1044 1950 1071 2000 ό
1112 1946 1239 2010 Υἱὸς
1269 1944 1364 1998 τοῦ
1404 1946 1565 2009 Θεοῦ,
1614 1945 1712 1998 καὶ

1825 1942 2001 2010 perlici
2033 1938 2223 2001 voluit,
2248 1937 2389 2005 quod
2424 1944 2551 1987 ante
2604 1931 2802 1988 szecula
2867 1926 3197 1997 praeﬁnitum
3249 1926 3391 1975 erat.

121 2046 258 2107 θεὸς
280 2047 308 2096 ό
331 2044 647 2114 μονογενὴς,
670 2042 730 2094 σὲ
753 2041 1099 2111 πρωτότοκον
1131 2038 1463 2109 προαγαγὼν
1491 2040 1552 2091 ὲκ
1574 2036 1719 2090 στεί-

125 2155 229 2209 ρας
259 2135 463 2206 μητρὸς
486 2135 747 2204 σήμερον,
780 2134 925 2195 ὃπως
959 2131 1258 2201 μονογενὴς
1286 2129 1361 2182 ὢν
1381 2131 1445 2182 ὲκ
1479 2129 1715 2199 Πατρός,

124 2230 222 2280 καὶ
240 2226 581 2296 πρωτότοκος
600 2225 778 2293 πάσης
803 2223 1053 2284 κτίσεως,
1079 2221 1372 2291 μονογενὴς
1391 2223 1455 2273 ὲκ
1480 2220 1575 2273 σοῦ
1603 2236 1718 2287 γεν-

122 2320 266 2388 νηθῇ
299 2316 574 2387 Παρθένου
605 2317 830 2387 μητρὸς,
869 2314 1211 2385 πρωτότοκος
1248 2315 1305 2365 ὲν
1328 2312 1535 2375 πολλοῖς
1567 2312 1720 2365 ἀδελ-

120 2415 249 2480 φοῖς
279 2410 679 2481 παραπλησίως
711 2410 862 2478 ἡμῖν,
894 2410 956 2459 ὲκ
998 2405 1097 2458 σοῦ
1128 2404 1479 2476 μετεσχηκὼς
1521 2404 1719 2475 σαρκὸς

120 2506 223 2558 καὶ
247 2504 497 2573 αἵματος.
540 2501 677 2553 Ἀλλ’
710 2502 810 2552 οὐκ
832 2501 895 2551 ὲκ
926 2499 1088 2570 μόνου
1124 2515 1183 2551 σε
1214 2498 1444 2567 Πατρός,
1472 2497 1503 2566 ἦ
1541 2500 1604 2549 ἐκ
1629 2496 1721 2567 μό-

120 2615 223 2666 νη,
274 2597 365 2665 Mr1
408 2594 497 2664 ρὸς
529 2595 863 2664 προήγαγεν,
898 2593 983 2644 ἵνα
1015 2589 1092 2660 τῇ
1128 2590 1272 2660 μόνῳ
1302 2591 1594 2656 Μονογενεί
1619 2605 1721 2657 φυο

120 2688 305 2759 λαχθῇ
344 2688 405 2740 τὸ
441 2687 581 2740 κατὰ
623 2686 807 2738 πάντα
853 2682 1160 2753 μονογενὲς.
1192 2682 1364 2745 Αὐτὸς
1407 2681 1516 2751 γάρ
1560 2681 1720 2749 μόνος

125 2782 435 2850 μονογενὴς
466 2783 527 2832 ἑκ
560 2780 719 2848 μόνου
751 2778 982 2846 Πατρὸς.
1015 2777 1104 2828 καὶ
1134 2774 1292 2846 μόνος
1322 2775 1388 2827 ὲκ
1418 2775 1585 2843 μόνης
1609 2774 1723 2841 Μη-

123 2871 281 2940 τρός.
335 2870 523 2937 Ἄγιος
572 2868 889 2929 ἀθάνατος,
934 2866 994 2918 τὸ
1044 2866 1314 2933 πανάγιον
1361 2864 1603 2933 Πνεῦμα,
1653 2864 1719 2933 τῇ

122 2961 313 3029 δρόσῳ
336 2960 433 3028 τῆς
456 2958 645 3011 ἑαυτοῦ
673 2957 947 3027 θεότητος,
975 2955 1206 3024 τῷιθείῳ
1237 2953 1369 3023 τωρὶ
1396 2970 1454 3005 σε
1479 2951 1719 3021 φυλάξαν

124 3050 435 3103 ἀνάλωτον.
488 3047 657 3101 Τοῦτο
688 3048 797 3117 γὰρ
843 3043 1193 3117 ήεδιωῦσέως
1227 3043 1339 3114 \65)
1386 3040 1721 3113 προὺπῃνιτ-

122 3159 259 3195 τετο
296 3141 479 3211 βάτος.

207 3342 305 3389 ια’.
346 3333 594 3402 Χαξροις,
631 3328 961 3399 προϐατικὴ,
998 3328 1094 3399 τῆς
1114 3325 1209 3380 τοῦ
1243 3325 1379 3380 Θεοῦ
1412 3326 1634 3396 Μητρὸς
1662 3326 1724 3380 τὸ

128 3424 436 3495 ἱερώτατον
473 3420 720 3489 τέμενος.
750 3417 996 3488 Χαίροις,
1035 3418 1366 3487 προϐατικὴ,
1395 3417 1495 3486 τῆς
1519 3416 1727 3485 βασιλί-

122 3520 224 3580 δος
254 3516 318 3567 τὸ
358 3513 680 3583 προγονικὸν
716 3509 1079 3578 καταγώγιον.
1110 3509 1358 3578 Χαξροις,
1395 3507 1722 3579 προϐατικὴ,

126 3610 249 3659 τῶν
294 3604 388 3658 τοῦ
448 3603 703 3670 Ἰωακεὶμ
756 3601 1046 3671 προϐάτω)
1105 3600 1167 3652 τὸ
1197 3602 1364 3653 πάλαι
1408 3602 1594 3671 σῆκος,
1631 3600 1725 3653 νῦν

123 3702 186 3752 δὲ
224 3697 328 3766 τῆς
358 3696 579 3763 λογικῆς
609 3691 703 3744 τοῦ
736 3691 973 3761 Χριστοῦ
1011 3691 1245 3761 ποίμνης
1281 3693 1725 3762 οὐρανομίμητος

138 3791 493 3861 Ἐκκλησία·
526 3791 561 3861 ἢ
589 3788 727 3841 ποτὲ
771 3789 868 3858 μὲν
904 3788 1050 3853 ᾶπαξ
1073 3788 1166 3839 τοῦ
1197 3788 1441 3840 ἐνιαυτοῦ
1472 3787 1563 3839 τοῦ
1590 3786 1726 3839 Θεοῦ

124 3886 415 3956 δείομὲνη
444 3882 532 3935 τὸν
579 3881 829 3949 ἄγγελον,
858 3883 919 3933 τὸ
962 3881 1111 3951 νᾶμα
1145 3881 1503 3950 ταράττοντα,
1535 3880 1631 3932 ἕνα
1667 3896 1727 3933 τε

129 3978 447 4048 ρωννύντα,
478 3974 571 4026 καὶ
597 3974 692 4042 τῆς
718 3971 1049 4041 συνεχούσης
1079 3971 1493 4025 ἀπαλλάττονται
1532 3972 1689 4025 νόσου
1710 3988 1725 4003 ο

128 4071 242 4121 νῦν
277 4068 334 4120 δὲ
385 4065 565 4133 πλήθη
601 4066 865 4134 οὐρανίων
911 4064 1192 4133 δυνάμεων
1233 4062 1454 4131 ἔχουσα,
1494 4064 1726 4132 ὑμνούν-

119 4178 256 4214 των
304 4159 401 4210 σὺν
453 4159 585 4225 ἡμῖν
626 4157 726 4225 τὴν
754 4154 1109 4225 Θεομήτοραο
1155 4153 1255 4224 τὴν
1285 4153 1393 4207 τῶν
1439 4152 1730 4222 θαυμάτων

121 4252 389 4307 ἄϐυσσον
417 4291 430 4312 ,
464 4251 563 4316 τὴν
607 4248 789 4317 πηγὴν
844 4247 942 4314 τῆς
989 4246 1339 4315 παγκοσμὶου
1392 4246 1587 4305 ἰάσεως
1614 4260 1629 4274 ·
1669 4245 1729 4295 οὐ

121 4340 466 4409 λειτουργὸν
494 4338 762 4408 δεξαμένη
784 4338 1036 4407 ἄγγελον,
1068 4338 1206 4389 ἀλλὰ
1230 4337 1321 4389 τὸν
1356 4340 1453 4407 τῆς
1489 4337 1731 4406 μεγάλης

123 4434 353 4507 βουλῆς
382 4472 396 4497 ,
443 4433 519 4496 ὡς
575 4433 668 4484 ἐπὶ
717 4431 886 4483 πόκον
931 4430 1173 4500 ἀψοφητὶ
1223 4429 1541 4483 καταϐάντα
1578 4430 1731 4481 ὑετὸν

119 4524 488 4595 ἁγαθότητος
514 4562 529 4587 ,
560 4524 655 4576 καὶ
691 4524 872 4575 πᾶσαν
905 4522 1005 4592 τὴν
1054 4521 1216 4591 φύσιν
1265 4523 1600 4591 νοσήσασαν,
1638 4521 1732 4573 κα)⁵

1820 2031 2047 2086 Sanctus
2088 2030 2267 2097 fortis,
2301 2027 2392 2081 Dei
2426 2026 2598 2080 Filius
2644 2037 2708 2076 ac
2740 2022 2903 2084 Deus,
2933 2016 3265 2087 unigenitus,
3307 2010 3397 2079 qui

1818 2136 1871 2179 et
1900 2126 2319 2194 primogenitum
2357 2120 2520 2175 hodie
2557 2133 2623 2173 ex
2654 2115 2824 2171 sterili
2851 2110 3128 2184 produxit,
3177 2117 3236 2161 ut
3274 2105 3400 2159 uni-

1819 2219 2031 2288 genitus
2108 2217 2224 2284 ipse
2291 2229 2358 2268 ex
2422 2212 2607 2274 Patre,
2667 2218 2721 2263 et
2765 2206 3161 2277 primogenitus
3222 2201 3401 2253 omnis

1818 2320 2109 2373 creatum,
2143 2307 2453 2377 unigenitus
2488 2314 2801 2359 nasceretur
2829 2317 2896 2356 ex
2939 2310 2991 2354 te
3030 2297 3253 2366 Virgine
3286 2311 3403 2349 Ina-

1822 2411 1925 2465 tre,
1969 2401 2362 2470 primogenitus
2403 2400 2455 2453 in
2501 2398 2685 2451 multis
2729 2394 2989 2449 fratribus
3023 2390 3187 2447 simili
3220 2389 3401 2449 nobis.

1820 2494 2031 2549 ratione
2077 2494 2258 2548 carnis
2295 2502 2351 2547 et
2380 2491 2679 2561 sanguinis,
2724 2502 2843 2558 qua:
2870 2501 2937 2541 ex
2985 2495 3036 2540 te
3082 2480 3402 2550 assumpsit,

1821 2588 2088 2658 particeps
2125 2587 2317 2640 lactus.
2348 2585 2511 2654 Atqui
2540 2595 2591 2639 te
2625 2599 2728 2637 non
2758 2597 2827 2638 ex
2860 2579 2975 2636 solo
3007 2577 3284 2639 Genitore,
3311 2584 3406 2628 aut

1822 2693 1887 2733 ex
1929 2678 2040 2733 sola
2078 2677 2333 2746 produxit
2377 2674 2568 2740 Matre,
2603 2685 2662 2728 ut
2687 2673 2786 2727 soli
2815 2672 3109 2743 Unigenito
3141 2669 3403 2737 unigeniti

1824 2773 2123 2842 proprietas
2160 2770 2336 2824 modis
2377 2769 2628 2824 omnibus
2655 2768 2902 2822 absoluta
2944 2776 3276 2820 servaretur.
3305 2763 3407 2819 So-

1823 2861 1906 2916 lus
1934 2861 2079 2916 enim
2109 2861 2223 2929 ipse
2253 2860 2563 2927 nnigenitus
2590 2867 2673 2912 est
2701 2873 2766 2911 ex
2797 2858 2914 2911 solo
2954 2856 3140 2924 Patre,
3175 2866 3231 2912 et
3256 2856 3408 2912 solus

1821 2962 1888 3004 ex
1940 2947 2055 3003 sola
2120 2947 2316 3002 Matre.
2368 2947 2603 3001 Sanctus
2649 2945 2987 3009 immortalis,
3029 2944 3408 3000 sanctissimus

1826 3040 2053 3109 Spiritu,
2080 3043 2171 3109 qui
2208 3037 2511 3091 divinitatis
2548 3051 2663 3090 sua:
2696 3050 2819 3089 rore
2849 3044 2899 3090 te
2937 3035 3310 3099 conservavit,
3342 3049 3411 3089 ne

1822 3132 1892 3187 ab
1940 3131 2063 3202 igne
2092 3131 2280 3185 divino
2317 3129 2602 3198 absumpta
2635 3128 2826 3183 fueris.
2870 3128 3004 3183 Nam
3036 3139 3091 3183 et
3122 3128 3224 3184 hoc
3260 3142 3413 3197 quo-

1750 3268 1794 3327 C
1826 3238 1933 3294 que
1960 3223 2162 3293 Moysis
2192 3223 2281 3277 ille
2318 3225 2486 3275 rubus
2522 3220 2910 3292 praesignabat.

1901 3338 1990 3392 11.
2018 3335 2274 3400 Salvesis,
2299 3334 2599 3405 probatica,
2628 3335 2721 3389 Dei
2756 3333 2944 3388 Matris
2970 3332 3403 3389 sacratissimum

1827 3428 2133 3484 delubrum.
2164 3425 2429 3489 Salvesis,
2450 3426 2753 3495 probatica,
2782 3425 2986 3479 avitum
3014 3425 3214 3495 regina:
3233 3424 3411 3479 donti-

1826 3521 2030 3575 cilium.
2059 3518 2318 3586 Salvesis,
2340 3520 2617 3589 probatica
2666 3518 2931 3585 Juachim,
2957 3534 3209 3589 pecorum
3237 3534 3413 3589 quon-

1827 3613 1949 3665 dam
2004 3612 2180 3678 caula,
2227 3627 2369 3665 nunc
2410 3621 2591 3664 autem
2650 3610 2932 3665 rationalis
2976 3609 3181 3664 Christi
3250 3609 3410 3664 ovilis

1828 3703 2067 3757 Ecclesia
2101 3703 2297 3757 caelum
2353 3713 2787 3773 repraesentans;
2841 3718 2960 3772 qua:
3006 3702 3133 3756 olim
3192 3704 3408 3772 quidem

1827 3796 2119 3864 quotannis
2139 3795 2305 3848 semel
2336 3793 2599 3861 Angelum
2634 3792 2725 3847 Dei
2767 3792 3075 3861 excipiebas
3102 3798 3410 3848 turbantem

1831 3901 2047 3955 aquam,
2078 3898 2349 3953 unumque
2384 3883 2678 3937 valetudini
2708 3882 3105 3947 restituentem,
3141 3897 3285 3937 nunc
3317 3898 3412 3936 au-

1832 3988 1937 4033 tem
1956 3977 2262 4031 cozlestium
2290 3976 2550 4028 virtutum
2574 3974 3007 4043 copiosissimum
3031 3990 3221 4040 agmen
3246 3976 3412 4029 habes

1830 4068 1923 4121 Dei
1952 4066 2285 4120 Genitricem
2342 4064 2675 4117 laudantium
2709 4063 2877 4135 849
2910 4066 3224 4129 uobiscum;
3258 4064 3406 4118 illam

1831 4157 2223 4214 miraculorum
2258 4158 2534 4226 abyssum,
2595 4158 2778 4209 tnuudi
2841 4158 3080 4210 universi
3113 4157 3412 4211 curationis

1833 4252 2059 4317 fontem,
2087 4265 2204 4319 quae
2236 4264 2342 4303 non
2378 4248 2627 4317 angelum
2666 4248 2973 4302 ministrum
3021 4251 3280 4319 suscepit,
3318 4250 3414 4303 sed

1834 4344 2011 4413 magni
2067 4341 2280 4396 consilii
2332 4340 2607 4410 angelum,
2639 4339 2730 4408 qui
2774 4341 2915 4395 sicut
2944 4340 3119 4409 pluvia
3154 4343 3205 4394 in
3245 4339 3415 4395 vellus

1833 4436 1951 4488 sine
1994 4433 2225 4503 strepitu
2272 4432 2575 4497 descendit,
2610 4441 2890 4500 totamque
2948 4441 3198 4485 naturam
3259 4431 3415 4486 labo-

1836 4534 2045 4579 rantem
2075 4534 2131 4579 et
2188 4524 2253 4578 ad
2301 4524 2579 4578 interitum
2612 4533 2948 4595 vergentem,
2989 4524 3054 4578 ad
3086 4515 3297 4577 llrtnam
3325 4538 3417 4578 sa-

120 4618 293 4688 πρὸς
348 4614 559 4684 φθοράν
617 4614 1016 4677 ἁποκλίνασαν,
1074 4613 1213 4683 πρὸς
1265 4613 1454 4680 ὑγείαν
1516 4613 1728 4679 ἄνοσον,

1841 4617 2062 4670 nitatem
2100 4615 2376 4685 vitamque
2406 4616 2544 4670 senii
2575 4626 2877 4685 expertem,
2929 4615 3289 4668 instauravit:
3320 4628 3418 4682 per

120 4710 243 4763 καὶ
286 4705 427 4775 πρὸς
460 4704 604 4773 ζωὴν
633 4706 827 4775 ἀγήρω
860 4703 1318 4773 ὲπανορθώσαντα
1345 4720 1358 4734 ⁸
1392 4704 1501 4775 (66)
1530 4703 1597 4756 δι’
1623 4703 1683 4756 ὃν
1706 4705 1736 4757 ό

124 4805 198 4853 ἐν
252 4797 343 4851 σοὶ
369 4796 678 4867 παράλυτος
709 4796 784 4859 ὼς
807 4795 1005 4865 ἔλαφος
1032 4796 1219 4866 ἥλατο.
1249 4797 1496 4868 Χαίροις,
1530 4796 1738 4864 προϐα-

118 4892 278 4959 τικὴ
319 4888 498 4957 τιμία,
535 4888 769 4954 αῦξείτω
807 4904 901 4941 σου
936 4890 969 4957 ἡ
1001 4889 1182 4958 χάρις.
1216 4888 1464 4959 Χαίροις,
1503 4888 1696 4959 Μαρία
1720 4928 1737 4954 ,

118 4979 496 5052 γλυκύτατον
516 4978 617 5047 τῆς
653 4980 854 5050 ’Δννης
883 4979 1178 5048 θυγάτριον
1199 4996 1213 5010 ο
1254 4979 1394 5049 πρὸς
1421 4979 1481 5031 σὲ
1508 4979 1617 5050 γὰρ
1640 4975 1738 5032 αῦ-

120 5077 228 5138 Θις
260 5074 294 5125 ὁ
323 5070 486 5134 πόθος
514 5070 732 5124 ἀνέλκει
760 5088 851 5141 με.
892 5071 1016 5133 Πῶς
1046 5070 1357 5135 ὲξεικονίζω
1408 5087 1504 5123 σου
1536 5070 1598 5123 τὸ
1644 5087 1735 5122 σε·

124 5164 427 5239 μνότατον
458 5161 699 5230 βάδισμα
722 5200 738 5226 ,
773 5160 891 5225 πῶς
918 5162 1017 5231 τὴν
1044 5160 1274 5231 στολήνς
1318 5161 1433 5223 πῶς
1470 5160 1531 5213 τὸ
1573 5160 1741 5231 πρόσ-

120 5257 313 5315 ωπόν
346 5270 439 5306 σου
458 5253 649 5324 (67)τδ
678 5254 869 5325 χάριεν
889 5270 904 5319 ;
928 5253 1197 5323 γηραλέον
1230 5252 1486 5325 φρόνημα
1522 5253 1582 5306 ὲν
1615 5254 1740 5307 νεά-

123 5353 311 5416 ζοντι
347 5347 600 5416 σώματις
652 5348 815 5418 στολὴ
870 5348 1111 5417 κοσμία,
1162 5348 1344 5399 πᾶσαν
1396 5346 1593 5416 θρύψιν
1645 5348 1742 5400 xui.

126 5440 445 5515 μαλακίαν
479 5439 778 5507 φεύγουσα.
830 5439 993 5509 Βῆμα
1029 5440 1249 5509 σεμνὸν,
1294 5439 1389 5492 καὶ
1441 5439 1740 5509 ἀτάραχον,

122 5539 248 5591 καὶ
292 5532 480 5600 πάσης
532 5530 791 5599 βλακείας
823 5530 1131 5600 ἐλεύθερον.
1164 5527 1340 5595 Ἶίθος
1373 5531 1740 5600 ἐστυμμένον,

219 5696 279 5727 ⁸³
316 5692 482 5746 Hebr.
511 5705 575 5755 tt,
603 5689 655 5746 9.
730 5691 775 5722 ⁸³
800 5689 979 5747 Eccle.
1013 5707 1050 5761 ι,
1086 5691 1165 5746 l0.
1243 5691 1289 5723 ""
1321 5692 1422 5747 lsa.
1457 5707 1527 5757 vt,
1557 5692 1609 5743 6.

220 5832 352 5896 (ΟΞ.)
390 5828 529 5901 Edit.
562 5829 931 5901 προὺπήγετο.

226 5906 354 5970 uio”)
391 5900 551 5971 Lego,
580 5896 646 5953 δι’
677 5896 758 5955 οῦ.

1837 4725 1996 4779 quem
2027 4708 2353 4777 paralyticus
2386 4709 2476 4777 qui
2505 4708 2558 4761 in
2588 4708 2892 4775 tejacebat,
2934 4715 3188 4776 tanquam
3222 4720 3419 4760 cervus

1840 4800 2063 4856 exsiliit.
2118 4799 2383 4866 Salvesis,
2438 4803 2749 4855 veneranda
2779 4800 3078 4870 probatica,
3114 4800 3420 4852 incremen—

1843 4900 2084 4945 mentum
2130 4892 2301 4959 gratia
2348 4902 2436 4945 tua
2476 4901 2675 4946 sumat.
2720 4890 2975 4957 Salvesis,
3012 4890 3199 4955 Maria,
3251 4890 3422 4945 Anna:

1843 4983 2157 5037 dulcissima
2184 4983 2362 5052 puella
2386 5001 2400 5036 :
2434 4999 2556 5038 nam
2590 4999 2675 5039 me
2708 4999 2923 5039 rursum
2951 4984 3017 5038 ad
3045 4995 3096 5038 te
3123 4998 3276 5037 amor
3299 4998 3424 5052 per-

1847 5077 2032 5129 trahit.
2065 5074 2312 5141 Quonam
2343 5078 2502 5131 modo
2537 5077 2805 5131 incessum
2837 5088 2984 5130 tuum
3020 5077 3287 5147 gravitate
3312 5075 3425 5144 ple-

1849 5181 1978 5220 num
2044 5166 2400 5222 describam?
2455 5168 2726 5237 quomodo
2799 5168 3102 5222 amictum?
3156 5167 3426 5236 quomodo

1852 5267 2192 5313 venustatem
2224 5261 2377 5314 oris?
2404 5259 2630 5314 senilem
2673 5259 2817 5314 illam
2849 5260 2901 5312 in
2933 5259 3157 5328 juvenili
3199 5273 3428 5327 corpore

1853 5352 2241 5421 prudentiam?
2298 5354 2556 5408 honestus
2607 5354 2835 5407 vestitus
2880 5352 2978 5405 luit
3040 5351 3321 5405 mollitiem
3373 5360 3429 5403 et

1854 5442 2038 5497 luxum
2062 5457 2276 5497 omnem
2301 5444 2534 5511 fugiens.
2558 5444 2789 5501 Gressus
2816 5445 3017 5514 gravis.
3036 5458 3139 5498 nec
3164 5456 3428 5514 praeceps,

1858 5534 1989 5589 nihil
2024 5533 2259 5589 fractum
2311 5551 2377 5589 ae
2424 5537 2586 5593 molle
2647 5538 2867 5599 habens,
2926 5535 3103 5594 Mores
3152 5535 3350 5602 severi,
3381 5544 3435 5589 ct

1933 5825 2043 5895 (07)
2087 5825 2227 5881 Edil.
2260 5824 2318 5879 τὸ
2343 5826 2601 5896 χάρισμα.
