4202 6496
202 398 310 457 tirth

978 395 1305 457 HOMILIA
1348 397 1407 455 ῙΙ
1446 398 1526 457 ΙΝ
1568 398 2087 464 ΝΑΤινΙΤΑΤΕΜ
2130 406 2195 466 Β.
2241 400 2304 465 V.
2348 409 2633 468 MARL-L‘.

3379 410 3483 470 686

196 519 369 573 ματος
412 501 616 574 ᾄδεται,
648 504 681 556 ό
720 501 1011 570 θεμελιών
1036 503 1152 572 τὴν
1174 502 1292 573 γῆν
1318 504 1420 557 ἐπὶ
1450 504 1566 572 τὴν
1596 503 1792 574 ἀσφά-

1902 513 2379 570 commutationem
2431 515 2618 586 jussus
2650 526 2751 573 est.
2801 514 2974 573 Terra
3015 526 3120 583 est,
3169 517 3222 571 in
3263 517 3482 588 quaille

191 598 368 650 ,ιειαν
389 593 599 662 αὐτῆς.
646 595 724 664 Γῆ
758 597 927 658 ἐστιν,
970 595 1004 665 ἡ
1040 598 1249 667 σπορᾶς
1281 595 1659 662 ἀνεπίδεκτος,
1693 598 1788 649 καὶ

193 684 450 737 ἁπάντων
490 684 947 756 καρποτροφοῦσα
979 684 1336 755 τροφοδότην.
1380 685 1459 755 Γῆ
1487 686 1664 750 ἐστιν,
1695 686 1781 753 ἐφ’

192 778 259 845 ἦν
294 775 397 844 τῆς
443 775 723 846 ἁμαρτίας
780 775 995 831 ἄκανθα
1020 776 1123 830 οὐκ
1155 776 1417 830 ἀνέτειλε.
1465 776 1789 830 Τοὺναντίον

190 867 250 920 δὲ
282 867 485 936 μᾶλλον
523 866 611 921 διὰ
635 866 730 921 τοῦ
750 867 956 939 ταύτης
985 868 1175 939 ἐρνους
1208 870 1509 941 πρόρριζος
1536 868 1786 922 ἐκτετιλ-

194 978 308 1016 ται.
346 961 421 1032 Γῆ
456 964 631 1026 ἐστιν,
659 961 757 1032 οὐχ
807 960 887 1024 ὡς
910 963 945 1033 ἡ
978 962 1244 1032 πρότερον
1270 963 1660 1033 κατηραμὲνη,
1692 962 1788 1016 καὶ

191 1048 263 1123 ἧς
304 1053 510 1122 καρποὶ
530 1051 760 1124 πλήρεις
789 1051 1046 1107 ἀκανθῶν
1072 1054 1171 1107 καὶ
1211 1051 1481 1125 τριϐόλων
1505 1071 1519 1086 ·
1557 1054 1675 1108 ἀλλ’
1700 1054 1786 1121 ἐφ’

193 1145 265 1214 ἣν
285 1144 504 1213 εὐλογία
533 1145 760 1216 Κυρίου,
787 1146 880 1198 καὶ
904 1138 974 1217 ἦς
997 1144 1365 1217 εὐλογημένος
1391 1146 1421 1200 ὁ
1444 1146 1659 1217 καρπὸς
1686 1144 1788 1216 τῆς

195 1234 430 1304 κοιλίας,
460 1236 535 1301 ὥς
565 1252 732 1308 φησιν
764 1235 794 1288 ὁ
825 1234 968 1308 ἱερὸς
992 1234 1169 1304 λόγος.

270 1426 335 1474 ε’.
374 1416 515 1470 Ἀλλ’
560 1417 685 1472 ἐπεὶ
734 1415 910 1471 ταῦτα
979 1416 1178 1481 οὕτως,
1210 1417 1369 1489 φέρε,
1422 1416 1623 1495 ἴδωμεν
1663 1416 1785 1471 ὅθεν

192 1512 608 1581 εὑθυδρόμησεν
635 1512 662 1563 ὁ
687 1507 916 1573 ἀείζωος
946 1510 1127 1581 ὅρπηξ
1153 1509 1253 1581 τῆς
1278 1509 1581 1581 παρθενίας
1601 1527 1615 1541 η
1647 1509 1732 1573 τίς
1758 1510 1787 1562 ὁ

197 1605 401 1671 ᾳύσας,
431 1604 526 1655 και⁸
549 1603 632 1665 τίς
664 1604 695 1672 ἡ
728 1601 984 1655 τεκοῦσα.
1030 1600 1287 1671 Ἰωακείμ
1316 1618 1374 1654 τε
1402 1601 1495 1653 καὶ
1528 1601 1719 1667 Ἅννα,
1744 1601 1778 1671 ἡ

192 1698 466 1767 διαφανὴς
509 1697 601 1750 καὶ
657 1694 1014 1764 πανεύιρημος
1055 1695 1149 1746 τοῦ
1200 1694 1376 1762 Λόγου
1424 1692 1675 1763 ξυνωρὶς,
1750 1694 1784 1762 ή

1890 615 2060 657 carne
2091 603 2342 661 fundatus
2373 622 2400 659 a
2446 606 2651 676 Spiritu
2682 608 2918 674 canitur,
2944 609 3032 678 qui
3064 608 3256 678 fundat
3280 619 3475 664 terram

1889 709 2046 764 super
2082 696 2422 753 stabilitatem
2456 703 2686 756 suam“.
2722 702 2892 757 Terra
2921 712 3023 770 cst,
3070 717 3191 773 quae
3243 718 3350 757 non
3392 717 3483 758 se-

1892 789 2035 842 mine
2062 798 2317 858 suscepto
2357 807 2478 846 eum
2547 793 2791 861 protulit,
2850 794 2940 862 qui
2994 795 3251 850 omnibus
3293 808 3478 850 escam

1888 879 2112 947 praebet.
2145 878 2317 936 Terra
2339 891 2442 949 est,
2470 884 2523 938 in
2551 900 2654 954 qua
2708 884 2853 938 nulla
2882 884 3087 953 peccati
3119 884 3285 955 852
3317 894 3480 941 enata

1890 970 2078 1037 spina;
2108 984 2266 1026 secus
2320 986 2451 1028 vero
2501 989 2597 1043 per
2643 976 2796 1043 cujus
2846 991 3069 1046 germen
3116 977 3245 1031 illud
3301 977 3482 1047 potius

1887 1063 2132 1116 evulsum
2164 1072 2267 1119 est.
2301 1063 2470 1118 Terra
2508 1075 2611 1129 est,
2642 1082 2747 1120 non
2778 1068 2854 1121 uti
2888 1068 3039 1138 prior
3083 1068 3394 1133 maledicta,
3417 1084 3481 1123 ac

1887 1153 2045 1221 cujus
2064 1152 2270 1211 fructus
2299 1157 2469 1226 spinis
2502 1172 2567 1212 ac
2601 1158 2816 1213 tribulis
2844 1161 3162 1215 horrescant
3191 1178 3206 1227 ;
3258 1159 3351 1215 sed
3386 1175 3479 1214 su-

1888 1259 1987 1313 per
2016 1260 2178 1314 quam
2206 1248 2509 1305 benedictio
2548 1250 2761 1305 Domini
2791 1251 2912 1318 fuit,
2956 1262 3007 1307 et
3049 1252 3204 1319 cujus
3266 1252 3477 1308 fruetus

1887 1337 2092 1390 ventris
2123 1336 2457 1405 benedictus,
2494 1352 2552 1395 ut
2580 1356 2737 1397 sacro
2754 1342 2959 1397 dictum
2978 1351 3061 1398 est
3090 1344 3400 1398 oraculo”.

1959 1429 2011 1482 5.
2040 1428 2163 1484 Haec
2189 1445 2311 1486 cum
2349 1433 2422 1487 ita
2473 1447 2534 1488 se
2585 1434 2838 1501 habeant,
2871 1449 2991 1506 age,
3036 1434 3149 1503 jam
3199 1437 3480 1491 videamus

1886 1534 1951 1574 ex
1985 1534 2095 1587 quo
2142 1536 2342 1590 genere
2395 1537 2612 1592 semper
2660 1525 2844 1580 virens
2902 1527 3238 1597 virginitatis
3288 1542 3474 1581 ramus

1889 1622 2035 1665 reeta
2067 1613 2314 1677 venerit;
2357 1614 2479 1683 quis
2522 1615 2758 1683 genitor,
2811 1632 2998 1685 quaeve
3038 1617 3275 1688 genitrix
3334 1617 3479 1674 illius

1886 1703 2173 1758 exstiterit.
2202 1703 2447 1761 Jeacliim
2498 1708 2712 1762 scilicet
2755 1718 2809 1764 et
2838 1710 3018 1776 Anna,
3069 1709 3280 1765 illustre
3326 1709 3475 1764 cele-

195 1789 394 1841 πασῶν
421 1788 697 1856 συζυγιῶν
739 1784 1151 1855 θεσπεσιωτὲρα
1196 1783 1450 1854 ἁρμονία.
1483 1776 1593 1847 *Ης
1618 1784 1728 1853 γὰρ
1754 1783 1784 1833 ὁ

1902 1794 2372 1866 aratissimumque
2400 1795 2565 1853 Verbi
2592 1814 2710 1870 par,
2732 1800 2999 1872 conjugiis
3039 1800 3295 1855 omnibus
3326 1800 3469 1855 divi-

196 1883 397 1947 κλάδος
427 1882 747 1953 ὑπερφερὴς
776 1880 1051 1945 ἁπάντων,
1074 1880 1136 1933 οὐ
1165 1879 1340 1949 δήπου
1374 1877 1576 1948 ταύτης
1603 1880 1637 1947 ἡ
1662 1876 1786 1946 ῥίζα

197 1974 281 2043 μὴ
317 1973 802 2043 προσφερεστέρας
868 1970 1008 2024 Ἀλλ’
1062 1970 1197 2039 ἡμῖν
1232 1967 1447 2039 εὖριζος
1478 1966 1620 2037 φυὰς
1646 1964 1789 2019 οὕτω

199 2065 560 2137 μεγαλοφυής
591 2082 650 2118 τε
690 2065 785 2117 καὶ
813 2061 1145 2133 ὲξοχωτάτη,
1171 2060 1386 2132 καρποῦ
1419 2060 1477 2114 δὲ
1500 2059 1639 2123 τέως
1666 2059 1787 2127 ἄγο-

198 2177 313 2222 νος.
350 2157 729 2230 Καθαρωτάτη
761 2159 795 2225 ἡ
817 2156 993 2226 πηγὴ,
1024 2154 1162 2208 ἀλλὰ
1188 2154 1406 2225 ῥεῖθρον
1427 2152 1490 2206 οὐ
1525 2152 1787 2223 φέρουσα.

195 2252 473 2323 Ξυμφορὰ
506 2253 539 2320 ἠ
568 2250 901 2305 ἀπευκταία.
945 2246 1268 2318 Εὐληπτικὰ
1310 2246 1404 2299 καὶ
1436 2244 1688 2299 ἐπώδυνα
1721 2244 1792 2297 τὰ

200 2342 615 2411 παριστάμενα.
646 2341 710 2394 Τί
756 2336 880 2406 οὖνς
952 2334 1324 2404 Ἐκέκραξαν
1352 2334 1593 2399 δίκαιοι,
1623 2334 1725 2389 καὶ
1758 2336 1791 2388 ό

202 2435 426 2500 Κύριος
474 2430 845 2499 εἱσήκουσεν
894 2427 1114 2493 αὐτῶν,
1168 2428 1268 2482 καὶ
1314 2427 1385 2481 ἐκ
1430 2424 1648 2480 πασῶν
1674 2422 1794 2478 τῶν

204 2528 313 2580 (Lit
324 2530 484 2595 ψεων
507 2523 707 2578 αὐτῶν
725 2524 1023 2592 ὲῤῥύσατο
1057 2520 1300 2587 αὐτούς.
1321 2518 1613 2590 Πόρρωθεν
1631 2517 1795 2571 Δαϐὶδ

202 2612 687 2670 ὲνθεαστικὼτατα
710 2614 858 2686 διεσή
869 2631 1003 2685 μανε
1025 2612 1204 2666 τοιάδε
1221 2628 1235 2643 ο
1277 2609 1661 2679 Ἐκέκραξαν,
1688 2628 1794 2681 φη-

201 2710 317 2773 σὶν,
354 2710 413 2762 οἱ
437 2708 675 2761 δίκαιοι.
705 2708 819 2778 Τῆς
871 2707 1002 2776 ὅλης
1031 2705 1457 2777 ἀνθρωπότητος
1499 2704 1795 2775 πρόσωπον

202 2802 487 2872 εἰσφέρειν
527 2818 619 2870 μοι
661 2800 694 2869 ἡ
733 2799 865 2861 δυὰς
914 2797 1059 2868 αῦτη
1098 2795 1456 2869 τεθεώρηται.
1496 2795 1798 2868 Ἐθεώρουν

200 2893 501 2966 τοιγαροῦν
527 2893 859 2961 θεογνωσίας
895 2891 991 2963 τὴν
1028 2871 1427 2962 ἀνθρωπὸτητα
1464 2888 1697 2960 ἔρημον,
1734 2890 1795 2955 ἐξ

202 2986 473 3048 ἀπιστίας
516 2984 606 3037 τὸν
650 2982 855 3053 κόσμον
892 2980 1225 3052 χηρεύοντα·
1265 2981 1535 3051 ⁸ἐπείπερ,
1572 2980 1800 3049 Πάντες

200 3076 554 3142 ἐξέκλιναν,
587 3075 707 3143 ἅμα
757 3073 1198 3141 ὴχρειὼθησαν,
1224 3072 1365 3125 κατὰ
1414 3073 1477 3125 τὸ
1517 3072 1797 3142 ᾀδόμενον.

1892 1885 2013 1940 nior
2046 1901 2358 1957 compages.
2388 1886 2556 1957 Cujus
2572 1891 2717 1945 enim
2738 1905 2922 1947 ramus
2947 1891 3131 1945 omnia
3162 1901 3474 1961 exsuperat,

1890 1989 1989 2031 cur
2023 1975 2179 2031 radix
2207 1991 2331 2032 cum
2386 1993 2451 2033 eo
2507 1994 2613 2034 non
2674 1982 2910 2037 maxime
2962 1982 3264 2052 congruat?
3312 1982 3481 2052 Atqui

1891 2067 2076 2135 probis
2137 2068 2407 2124 radicibus
2459 2069 2639 2138 planta
2691 2071 2770 2128 sic
2818 2072 3101 2138 magniﬁca
3151 2082 3207 2128 et
3255 2073 3478 2133 eximia.

1894 2158 2113 2213 interim
2146 2158 2327 2215 fructu
2362 2162 2604 2217 carebat.
2637 2158 3077 2234 Limpidisslmus
3096 2162 3240 2227 fons,
3262 2162 3355 2218 sed
3385 2164 3480 2233 qui

1896 2249 2101 2305 nullum
2146 2248 2406 2306 ﬂuentum
2443 2254 2748 2310 emittebat.
2782 2254 3130 2325 Deprecanda
3160 2255 3479 2322 calamitas;

1895 2359 2086 2415 graves
2120 2346 2360 2416 diraeque
2417 2347 2863 2403 circumstantiae.
2906 2349 3045 2414 Quid
3103 2348 3309 2417 igitur?
3353 2343 3481 2402 Cla-

1894 2446 2167 2491 maverunt
2186 2437 2346 2506 justi,
2376 2448 2424 2492 et
2458 2438 2717 2493 Dominus
2748 2438 3022 2493 exaudivit
3062 2455 3167 2502 eos,
3192 2448 3239 2491 et
3277 2453 3341 2493 ea:
3363 2453 3480 2490 om-

1897 2530 2047 2584 nibus
2087 2530 2516 2585 tribulationibus
2568 2547 2751 2585 eorum
2796 2530 3039 2584 liberavit
3086 2545 3172 2584 eos
3196 2530 3212 2562 ¹
3246 2548 3260 2584 :
3300 2528 3482 2599 qualia

1895 2624 2115 2694 quidem
2146 2622 2306 2692 longe
2334 2635 2492 2677 antea
2521 2623 2689 2678 David
2718 2621 3060 2678 divinissimo
3110 2620 3287 2676 amatu
3312 2620 3483 2689 signi-

1900 2717 2176 2772 ﬁcaverat.
2212 2713 2584 2771 Clamaverunt
2624 2715 2783 2784 justi,
2836 2714 3031 2784 inquit.
3090 2712 3341 2770 Universi
3386 2728 3484 2784 ge-

1902 2808 2049 2864 neris
2102 2807 2320 2862 lnIuIani
2371 2822 2661 2878 personam
2692 2822 2790 2876 par
2820 2808 2961 2861 istud
2997 2822 3117 2861 meo
3150 2821 3312 2862 sensu
3344 2805 3486 2861 rel‘e-

1902 2902 2079 2956 rebat.
2130 2900 2397 2967 Quocirca
2446 2901 2758 2955 universum
2806 2915 2977 2969 genus
3029 2900 3323 2954 humanum
3376 2898 3487 2953 Deo

1903 2992 2209 3063 cognitione
2248 2992 2568 3047 destitutum
2602 2994 2901 3047 cernebant
2932 3006 2944 3042 :
2984 2993 3246 3047 mundum
3271 2992 3340 3046 ob
3363 2992 3487 3046 inﬁ-

1904 3085 2181 3139 delitatcm
2214 3084 2433 3139 viduum
2461 3100 2474 3148 ;
2506 3099 2630 3139 cum
2654 3083 2942 3140 Psalmista
2969 3094 3143 3139 teste:
3174 3084 3368 3139 Omnes
3395 3085 3488 3138 de-

219 3169 496 3239 Ὀδυνηρὰ
527 3170 559 3237 ἡ
594 3166 818 3232 ἀταξία,
849 3166 1105 3237 κατηφὴς
1130 3165 1405 3235 ἀκαρπία.
1437 3164 1802 3233 Ἐκέκραξαν

1904 3177 2218 3237 clinassent.
2258 3177 2415 3230 simul
2446 3177 2659 3231 inutiles
2699 3178 2827 3244 facti
2866 3187 2985 3231 sunt
3013 3180 3056 3230 ³.
3091 3176 3312 3232 Molesta
3343 3178 3491 3230 inor-

198 3264 263 3315 οὶ
295 3262 539 3319 δίκαιοι,
567 3260 625 3311 ὲν
660 3256 738 3329 τῷ
775 3258 962 3329 οἰκείῳ
1001 3256 1205 3327 δηλαδὴ
1259 3257 1597 3327 παραδείσῳ.
1633 3256 1798 3309 Ὄτου

199 3354 410 3415 ἕνεκα;
461 3349 799 3420 Ἐπειδήπερ
824 3350 889 3401 ὲκ
925 3347 1261 3418 παραδείσου
1301 3348 1335 3417 ἡ
1369 3347 1591 3419 λυπηρὰ
1618 3347 1801 3418 ἁμαρ-

203 3445 302 3498 τία
335 3443 680 3515 ἐξελήλυθεν,
709 3444 827 3496 ἐκεῖ
859 3458 991 3512 φησι
1009 3444 1074 3511 τῇ
1101 3442 1409 3512 προμήτορι
1439 3442 1469 3492 ὀ
1520 3440 1631 3493 τῶν
1663 3438 1801 3491 ὅλων

202 3538 380 3601 θεός·
412 3536 744 3603 Πληθύνων
789 3532 1079 3601 πληθυνῶ
1120 3534 1229 3598 τὰς
1276 3533 1480 3598 λύπας
1524 3545 1667 3595 σου,
1700 3529 1804 3584 καὶ

210 3633 326 3683 τὸν
356 3629 698 3697 στεναγμόν
719 3644 857 3681 σου.
912 3624 1017 3678 Ἐν
1049 3626 1277 3690 λύπαις
1296 3623 1441 3693 τέξῃ
1467 3622 1671 3688 τέκνα,
1702 3622 1803 3675 καὶ

206 3722 370 3789 πρὰς
402 3720 507 3774 τὸν
546 3718 739 3787 ἄνδρα
773 3733 891 3771 σου
937 3716 976 3782 ἢ
1034 3715 1391 3785 ἀποστροφή
1421 3731 1558 3769 σου.
1586 3714 1629 3767 Τ
1636 3714 1653 3767 ί
1679 3714 1803 3767 ἐκέ-

210 3814 466 3886 κραξαν;
526 3811 755 3881 Καρπὸν
793 3810 1036 3875 κοιλίας,
1099 3810 1269 3879 ἧγουν
1321 3808 1632 3879 εὐκαρπίαν
1689 3808 1804 3860 θεο-

209 3905 462 3974 ⁸τνωσίας
507 3903 905 3973 ἐξαιτούμενοι,
952 3903 1046 3956 καὶ
1088 3901 1262 3954 ταῦτα
1311 3900 1459 3963 εἰκὸς
1505 3898 1806 3971 προσευχό-

214 4010 398 4064 μενοι.
461 3991 688 4045 Ἀδωναῒ
742 3991 915 4061 Κύριε
993 3990 1150 4045 Ἑλωῖ
1209 3988 1459 4051 Σαϐαὼθ,
1512 3985 1661 4051 οἶδας
1705 3990 1803 4058 τῆς

211 4084 481 4149 ἀπαιδίας
530 4084 753 4146 ὄνειδος.
794 4082 1091 4145 Γινώσκεις
1132 4084 1232 4152 τῆς
1281 4082 1563 4154 ἀκαρπίας
1604 4080 1665 4133 τὸ
1692 4079 1808 4150 (72)

213 4178 455 4246 ἄθυμον.
510 4177 634 4229 Ἐὰν
669 4175 981 4229 ἐπιϐλέπων
1030 4173 1329 4245 meum;
1375 4175 1466 4227 ἐπί
1499 4174 1598 4245 τὴν
1620 4175 1811 4227 ταπεί-

214 4285 391 4321 νωσιν
435 4266 543 4320 τῶν
584 4266 789 4319 δούλων
840 4284 957 4332 σου,
999 4268 1093 4319 καὶ
1142 4264 1248 4337 δῷς
1288 4267 1401 4328 τοῖς
1451 4264 1660 4327 δούλοις
1714 4282 1809 4316 σου

218 4359 453 4426 σπέρμα
502 4356 711 4421 παιδὸς,
744 4356 988 4426 δώσομεν
1032 4355 1164 4409 αὐτὸ
1206 4353 1437 4409 ἐνώπιόν
1497 4370 1593 4406 σου
1635 4355 1809 4407 δοτόν.

218 4448 337 4501 Καί
364 4464 430 4517 γε
464 4449 491 4501 ὁ
548 4448 753 4520 Κύριος
805 4448 1127 4519 είσήκουσεν
1176 4446 1379 4509 αὐτῶν,
1427 4447 1456 4499 ὁ
1507 4447 1679 4515 ταχὺς
1729 4447 1810 4509 εἰς

1901 3269 2132 3331 dinatio,
2166 3278 2373 3322 moesta:
2400 3268 2709 3324 sterilitatis
2729 3270 3011 3339 dispendia
3045 3279 3220 3324 erant.
3267 3267 3487 3323 Clama-

1903 3370 2086 3413 ueruut
2112 3360 2263 3429 justi.
2298 3358 2566 3414 Ubinam?
2592 3360 2644 3414 in
2664 3361 2885 3429 proprio
2917 3363 3095 3417 horto.
3126 3360 3489 3430 Quapropter.

1905 3463 2025 3503 cum
2070 3462 2133 3502 ex
2187 3448 2439 3518 paradiso
2468 3449 2645 3505 tristis
2697 3451 2906 3518 peccati
2950 3466 3089 3505 noxa
3136 3452 3381 3517 exiisset,
3413 3450 3489 3504 ibi

1906 3539 2147 3593 omnium
2179 3540 2368 3607 prima:
2396 3541 2559 3594 matri
2585 3541 2964 3596 universorum
2996 3542 3137 3597 Deus
3159 3543 3323 3597 dixit:
3354 3540 3493 3595 Mul-

1907 3631 2150 3697 tiplicaus
2180 3631 2545 3699 multiplicabo
2578 3631 2788 3686 dolores
2807 3641 2923 3686 tuos
2952 3641 3001 3687 et
3032 3634 3282 3703 gemitum
3317 3643 3487 3686 tuum.

1909 3720 1976 3776 In
2025 3722 2297 3777 doloribus
2345 3723 2558 3793 paries,
2592 3734 2639 3777 et
2684 3723 2753 3777 ad
2797 3725 2969 3778 virum
3032 3734 3182 3777 tuum
3228 3722 3491 3778 conversio

1908 3824 1999 3869 tua
2018 3814 2060 3868 ³.
2102 3812 2243 3881 Quid
2275 3813 2687 3870 clamaverunt?
2719 3814 2859 3869 uteri
2890 3814 3149 3878 fructum,
3171 3815 3221 3869 id
3245 3824 3329 3870 est
3359 3816 3491 3868 uhe—

1907 3922 2021 3961 rem
2074 3906 2166 3961 Dei
2202 3908 2449 3962 notitiam
2485 3909 2845 3975 postulantes.
2877 3907 3083 3963 Adonai
3116 3907 3343 3963 Domine
3377 3906 3491 3961 Elei

1913 3996 2175 4060 Sabaoth,
2218 3996 2516 4052 sterilitatis
2546 3999 2803 4067 probrum
2839 4012 2943 4052 non
2998 4000 3233 4069 ignoras,
3291 4009 3495 4068 quanto

1914 4088 2133 4141 maerori
2160 4088 2501 4155 subjaceant,
2525 4089 2616 4157 qui
2643 4086 2848 4145 l‘rnctus
2872 4100 2999 4144 sunt
3029 4100 3297 4160 expertes,
3328 4090 3491 4146 nosti.

1916 4179 1972 4234 Si
2010 4178 2309 4248 respiciens
2356 4182 2665 4249 respexeris
2718 4183 2771 4236 in
2821 4182 3180 4237 humilitatem
3211 4197 3493 4237 servorum

1916 4280 2153 4333 tuorum,
2183 4271 2506 4341 tlederisque
2556 4274 2735 4328 servis
2766 4274 2870 4329 tuis
2914 4274 3142 4343 prolem,
3193 4274 3334 4329 dono
3373 4290 3493 4329 eam

1916 4376 2099 4417 coram
2143 4372 2194 4417 te
2226 4363 2900 4443 donabimus.Exaudivit
2934 4365 3116 4435 itaque
3164 4379 3259 4420 eos
3312 4363 3495 4419 Domi-

1918 4466 2040 4516 nus,
2067 4453 2158 4521 qui
2196 4453 2351 4507 velox
2403 4455 2471 4506 sit
2524 4456 2589 4508 ad
2641 4455 3035 4520 miserandum,
3078 4466 3133 4511 et
3186 4456 3371 4512 tardus
3429 4457 3497 4511 ad

216 4540 399 4599 ἔλεον,
439 4538 637 4608 βραδὺς
694 4536 751 4589 δὲ
791 4538 871 4601 είς
912 4538 1104 4608 ὀργὴν,
1141 4536 1266 4599 δοὺς
1309 4536 1409 4607 τὴν
1464 4536 1810 4607 κυριώνυμον

1919 4543 2081 4604 iram.
2114 4545 2321 4598 donans
2364 4560 2483 4598 eam
2520 4560 2640 4614 quae
2669 4547 2887 4617 proprie
2910 4547 3093 4603 Maria}
3114 4562 3309 4603 nomen
3335 4547 3496 4617 gerit,

215 4632 451 4705 Μαρίαν
499 4631 693 4701 λύτρον
711 4629 883 4693 οὕτως
920 4628 1123 4698 ἀγλαὸν
1167 4629 1265 4682 καὶ
1315 4628 1663 4698 μεγαλοφυὲς
1696 4630 1818 4681 ἀντὶ

216 4726 330 4794 τῆς
362 4723 525 4785 Εὔας.
568 4724 825 4791 Θυγάτηρ
882 4722 1022 4793 ῖιαμα
1081 4720 1347 4792 μητρικδν
1398 4721 1719 4790 γεγένηται·
1753 4722 1817 4774 τὸ

220 4816 354 4869 νέον
384 4815 608 4885 φύραμα
633 4814 734 4882 τῆς
764 4812 917 4875 θείας
959 4812 1339 4879 ἀναπλάσεως,
1370 4813 1483 4882 (73)
1511 4814 1544 4881 ἡ
1572 4813 1814 4880 παναγία

220 4907 459 4975 ἀπαρχὴ
493 4905 587 4958 τοῦ
627 4905 835 4972 γένους,
874 4905 907 4975 ἡ
943 4904 1068 4975 ῥίζα
1107 4903 1201 4956 τοῦ
1234 4903 1570 4975 θεοφράστου
1594 4904 1812 4967 κλάδου,

221 5003 288 5052 τὰ
323 4998 419 5049 τοῦ
454 4998 801 5069 προπάτορος
838 4996 1178 5065 ἁγαλλίαμα.
1213 4998 1276 5049 Ὢ
1322 4997 1421 5066 τῆς
1456 4997 1811 5068 εὐεργεσίαςί

220 5092 270 5143 ὦ
316 5090 415 5158 τῆς
461 5088 907 5159 μεγαλώωρεᾶςῑ
939 5083 1090 5156 1Ἀρσ.
1120 5088 1242 5157 οὐχὶ
1278 5089 1373 5141 καὶ
1404 5088 1565 5149 αὐτὸς
1604 5090 1632 5140 ὁ
1666 5088 1817 5159 ἥλιος

222 5179 599 5251 gat-3.001591;
621 5178 713 5230 νῦν
742 5179 839 5242 τὰς
865 5180 1087 5241 ἀκτῖνας
1112 5179 1307 5249 ἀφίησι
1333 5178 1433 5247 τῆς
1461 5178 1815 5248 περιχαρείας

223 5290 353 5332 πως
383 5272 734 5338 αἰσθόμενος
763 5266 910 5341 τΑροι
946 5272 1066 5340 οὐχὶ
1102 5271 1198 5323 καὶ⁵
1232 5272 1383 5323 πᾶσα
1429 5271 1463 5340 ἡ
1498 5270 1675 5332 κτίσις
1705 5264 1817 5322 οἷον

223 5362 595 5430 ἐναϐρύνεται
648 5363 735 5413 ἐπ’
783 5361 960 5414 ἐλπίδι
1001 5363 1101 5431 τῆς
1128 5362 1431 5431 ὲκηφθορᾶς
1476 5360 1812 5430 ἐλευθερίας,

224 5459 328 5508 ἐπὶ
356 5457 423 5525 τῇ
454 5454 705 5523 γεννήσει
728 5454 827 5525 τῆς
864 5453 1117 5524 ἀφθόρως
1142 5454 1254 5523 (74)
1289 5454 1529 5521 κυούσης
1551 5453 1642 5505 τὸν
1672 5453 1822 5505 ἐλευ-

309 5610 357 5643 ⁹⁸
395 5608 565 5663 Exod.
601 5625 681 5671 nt,
726 5609 778 5662 5.
856 5609 900 5640 θ’
929 5607 1058 5663 Luc.
1091 5624 1128 5673 t,
1155 5608 1244 5663 28.
1314 5609 1329 5639 ¹
1368 5607 1511 5664 Psal.
1540 5624 1696 5675 χχιιι,
1730 5609 1781 5663 8.

1906 5608 2046 5664 Psal.
2081 5625 2231 5673 XLIII,
2262 5609 2316 5663 '5.

313 5759 430 5828 (Ἱί)
459 5760 688 5831 Allatitts
715 5761 842 5829 legit
872 5761 1085 5831 ἄτιμον,
1111 5761 1381 5830 probrum.

320 5831 436 5901 ‘73)
470 5829 567 5887 llic
598 5833 791 5888 lacuna
822 5832 922 5888 iuit
951 5829 1002 5886 iu
1028 5832 1210 5888 All-atii
1241 5832 1447 5889 codice.

1918 4633 1971 4686 in
2001 4633 2339 4702 splendidum
2361 4642 2416 4690 et
2444 4635 2791 4705 magniﬁcum
2824 4652 2919 4707 pro
2962 4637 3071 4692 Eva
3099 4636 3355 4707 pretium.
3383 4636 3498 4691 Ma-

1918 4725 2017 4779 tris
2050 4725 2503 4781 medicamentum
2551 4727 2661 4781 lilia
2710 4726 2900 4783 elfecta
2935 4739 3020 4785 cst
3051 4748 3065 4784 :
3095 4729 3292 4784 divinae
3323 4729 3499 4784 reler-

1918 4817 2176 4872 mationis
2215 4833 2351 4874 nova
2386 4820 2721 4890 conspersio,
2761 4824 3123 4878 sanctissimae
3148 4823 3365 4892 generis
3386 4824 3500 4894 pri—

1919 4909 2087 4963 mitia:
2116 4928 2129 4965 :
2160 4911 2294 4965 rami
2349 4910 2532 4966 divino
2564 4928 2659 4968 ore
2712 4915 2904 4985 prolati
2958 4916 3109 4970 radix
3152 4934 3165 4969 :
3212 4916 3370 4985 primi
3408 4933 3504 4985 pa-

1932 5000 2100 5053 rentis
2129 5001 2441 5067 exsultatio,
2468 5002 2513 5057 0
2560 5005 2913 5060 beneﬁcium!
2961 5022 2995 5061 ο
3039 5007 3499 5062 muniﬁcentiam!

1925 5086 2174 5156 Nunquid
2232 5105 2335 5143 non
2369 5091 2447 5143 sol
2494 5091 2882 5161 Splendidiores
2906 5110 3051 5148 nunc
3095 5095 3278 5149 radios
3326 5095 3507 5163 ejacu~

1926 5179 2088 5244 latur,
2122 5182 2212 5250 qui
2240 5182 2421 5250 gaudii
2463 5185 2898 5253 exsuperantiam
2937 5185 3083 5239 velut
3113 5182 3506 5256 persentiscat?

1924 5272 2115 5325 Annon
2178 5282 2369 5325 nalnra
2419 5276 2598 5329 omnis
2650 5276 2879 5345 quodam
2934 5276 3094 5331 modo
3149 5276 3395 5345 superbit
3444 5291 3509 5328 ac

1924 5365 2207 5433 gloriatur,
2238 5366 2543 5422 libertatem
2588 5384 2617 5420 a
2657 5368 2964 5438 corruptela
2993 5382 3219 5434 sperans
3273 5369 3325 5422 III
3366 5366 3506 5421 illius

1933 5454 2229 5517 nativitate,
2264 5469 2385 5523 qua:
2414 5457 2531 5511 sine
2563 5455 2681 5510 labe
2709 5457 2893 5512 mutuli
2921 5457 3266 5511 liberatorem
3297 5466 3379 5511 est
3403 5470 3499 5523 pa-

2395 5610 2415 5641 ³
2449 5609 2587 5665 Gen.
2615 5626 2698 5664 III.
2734 5610 2819 5664 16.

2346 5699 2370 5743 λ

2003 5768 2114 5837 (74)
2145 5770 2304 5826 Allat.
2342 5771 2488 5842 legit.
2519 5768 2796 5843 ἀσπόρως,
2822 5768 2938 5828 sine
2968 5769 3193 5827 semine.
