4202 6496
213 466 320 525 (.89

996 464 1322 525 HOMILIA
1362 465 1422 524 II
1464 465 1546 524 IN
1588 465 2107 526 NATlVITATEM
2139 466 2203 526 Β.
2242 468 2307 527 V.
2352 468 2636 528 MARLE.

3390 473 3500 536 690

214 598 311 645 τος
338 583 366 635 6
408 582 583 650 λόγος,
623 583 705 636 ότι
746 582 824 654 μὴ
866 582 1244 653 δογματικῶς,
1279 582 1392 635 ἀλλ’
1427 583 1794 653 ἑορταστικῶς
1826 597 1847 645 ,Δ

1938 600 1994 639 ec
2031 588 2239 655 pictura
2280 594 2781 659 rt‘pt'tl‘Si'tlllftlldllm
2838 601 3012 661 putat,
3064 590 3167 647 sibi
3202 589 3321 661 Ipse
3359 602 3493 645 con-

218 672 711 746 συνηθροίσθημεν.
753 674 947 745 Ἡμεῖς
976 674 1034 727 δὲ
1058 674 1138 727 ἔτι
1171 673 1384 744 βραχέα
1415 675 1806 744 προσειπόντες

213 769 281 834 τῇ
310 765 591 837 Παρθένῳ,
622 768 714 819 καὶ
740 766 921 821 ταῦτα
968 766 1029 831 ἐξ
1073 759 1149 820 ὧν
1175 766 1492 835 ὠνόμασται
1514 767 1570 818 ὲν
1596 767 1661 836 τῇ
1693 764 1809 817 Oso-

216 855 470 926 πνεύστῳ
490 856 680 928 Γραφῇ
697 856 1086 921 ἀνελίττοντες,
1106 873 1287 927 συμπε
1296 855 1458 926 ρανοῦ
1466 874 1566 924 μεν
1596 857 1655 910 ἐν
1679 856 1807 909 τού-

218 965 355 1011 τοις,
389 950 437 999 εἰ
464 949 556 1001 καὶ
582 949 836 1015 ἀναξίως.
863 950 955 1003 τὸν
987 948 1164 1018 λόγον.

1913 687 2169 731 sentanea
2212 679 2359 746 facit,
2387 684 2466 737 Tu
2527 699 2657 739 vero
2718 685 2807 750 qui
2844 685 2973 739 illud
3024 681 3315 745 concedas,
3363 692 3490 733 cum

1914 768 2123 837 pictura
2153 772 2456 841 exprimere
2489 777 2648 839 nolis,
2693 776 2787 829 tibi
2818 776 2931 844 ipse
2974 775 3376 835 dissentaneus,
3409 767 3493 823 vel

1913 860 1983 915 ab
2014 862 2241 931 ipsemet
2268 863 2456 919 Judteo
2501 865 2827 921 deridendus
2856 881 2915 920 es
2947 883 2959 920 :
3004 876 3317 935 quanquam
3363 871 3493 914 nec—

1913 952 2038 1006 dum
2069 956 2451 1011 contumeliam
2479 959 2621 1012 dico.
2669 957 2733 1010 Et
2766 958 2879 1012 haec
2910 957 3125 1027 quidem
3158 954 3226 1008 ad
3257 953 3377 1007 illos
3411 951 3497 1006 di-

219 1050 308 1093 cta
347 1041 475 1105 sint,
503 1043 718 1111 quando
748 1057 853 1097 non
889 1045 955 1097 ad
989 1042 1325 1098 discutienda
1356 1044 1629 1111 dogmata,
1656 1043 1751 1097 sed
1781 1044 1847 1098 ad
1869 1045 2236 1102 celebritatem
2273 1052 2536 1120 agendam
2578 1050 2951 1104 convenimus.
2983 1046 3092 1103 Nos
3122 1061 3285 1116 porro
3311 1040 3496 1113 paucis

221 1134 446 1202 Virgine
484 1133 742 1199 salutata,
770 1144 825 1189 et
843 1149 911 1189 ex
943 1133 1011 1189 iis
1037 1132 1375 1203 pot‘ssimum
1397 1134 1715 1202 quibuseam
1740 1132 1935 1189 divina:
1966 1133 2184 1192 Litterae
2212 1140 2589 1204 coboneslanl,
2620 1153 2947 1206 sermonem,
2973 1137 3074 1194 etsi
3094 1151 3198 1191 non
3230 1134 3390 1204 digne
3411 1146 3497 1186 sa-

224 1226 314 1290 tis,
350 1224 709 1280 absolvemus.

297 1316 364 1378 ζ’.
394 1318 589 1388 Χαῖρε,
615 1318 824 1388 Μαρία,
848 1318 967 1390 ἦτοι
997 1317 1188 1389 μυρία,
1216 1317 1304 1371 διὰ
1325 1318 1384 1371 τὸ
1406 1316 1809 1388 ἀπειροπληθὲς

223 1407 337 1458 τῶν
369 1408 677 1477 ἐγκωμίων.
712 1410 900 1480 Μυρία
938 1409 1047 1478 γὰρ
1084 1408 1255 1462 εἰπὼν
1285 1410 1411 1480 περὶ
1438 1407 1532 1461 σοῦ
1564 1424 1668 1471 τις,
1712 1409 1812 1461 οὐκ

225 1500 296 1553 ἂν
327 1502 569 1569 ἐφίκοιτο
617 1504 716 1574 τῆς
751 1502 929 1569 ἀξίας.
967 1505 1161 1573 Χαῖρε,
1213 1503 1414 1572 Κυρία,
1455 1501 1530 1563 ὡς
1570 1500 1663 1553 τοῦ
1708 1501 1814 1553 τῶν

226 1592 369 1643 ὅλων
418 1593 624 1664 Κυρίου
672 1594 1081 1666 μητροπρεπῶς
1123 1595 1223 1664 τὴν
1270 1594 1493 1663 κυρείαν
1536 1592 1812 1661 εἰληφυῖα,

226 1679 297 1753 ἧς
325 1682 391 1735 τὰ
422 1684 713 1753 σύμπαντα
744 1685 909 1741 δοῦλά.
948 1703 1034 1749 τις
1078 1688 1278 1757 φήσας,
1310 1688 1410 1739 οὐκ
1456 1687 1564 1739 ἀπὸ
1609 1686 1814 1739 σκοποῦ

231 1776 419 1846 βάλλοι
446 1777 536 1829 τὸν
566 1778 743 1846 λόγον.
782 1779 978 1849 Χαῖρε,
1011 1779 1229 1850 σμύρνα
1259 1778 1546 1844 θαλασσία,
1589 1780 1621 1848 ἡ
1663 1780 1720 1830 ὲν
1747 1780 1815 1846 τῇ

1990 1315 2042 1370 7.
2070 1312 2204 1383 Ave,
2236 1316 2425 1381 Maria,
2453 1318 2602 1385 quasi
2646 1317 2839 1388 μυρία,
2866 1316 3098 1385 inﬁnita,
3125 1315 3193 1369 ob
3233 1312 3496 1368 inﬁnitam

1920 1407 2290 1462 laudationum
2344 1410 2575 1477 copiam.
2630 1408 2891 1473 Quamvis
2948 1408 3237 1461 innumera
3277 1404 3399 1473 quis
3433 1403 3500 1456 de

1922 1508 1975 1553 te
2005 1499 2223 1564 dixerit,
2276 1516 2550 1570 nunquam
2604 1510 2785 1556 tamen
2839 1498 3144 1573 argumenti
3180 1497 3496 1567 dignitatem

1923 1600 2205 1646 assecutus
2232 1593 2355 1645 erit.
2391 1595 2521 1659 Ave,
2557 1591 2808 1660 Domina,
2859 1607 2977 1662 quae
3026 1600 3269 1645 materna
3318 1593 3506 1641 aucto-

1925 1685 2105 1751 ritate,
2151 1685 2525 1740 universorum
2565 1685 2776 1740 Domini
2812 1686 3148 1739 dominatum
3196 1688 3353 1735 nacta
3389 1678 3501 1733 sis:

1924 1781 2008 1834 cui
2039 1782 2084 1835 si
2108 1783 2231 1850 quis
2260 1793 2451 1837 cuncta
2480 1782 2727 1837 ancillari
2768 1780 2937 1843 dicat,
2976 1794 3081 1834 non
3114 1777 3271 1847 longe
3302 1791 3331 1829 a
3362 1782 3505 1829 meta

230 1870 454 1941 ἁλμυρᾷ
482 1870 575 1922 τοῦ
606 1869 722 1940 βίου
755 1873 893 1941 ῥοπῇ
935 1871 1032 1944 τὴν
1074 1873 1253 1943 σάρκα
1293 1870 1703 1941 νεκροφοροῦσα
1748 1871 1813 1941 τῇ

1938 1876 2137 1931 ibierit.
2168 1879 2299 1943 Ave,
2332 1878 2553 1947 myrrha
2607 1876 2841 1941 marina,
2881 1889 3003 1945 quae
3063 1874 3119 1927 in
3162 1872 3305 1927 salso
3351 1868 3509 1937 huius

228 1962 514 2033 ἁμαρτίᾳ,
547 1963 604 2029 ἐξ
647 1957 715 2035 ἦς
748 1962 1098 2034 γλυκασμδς,
1140 1967 1237 2017 καὶ
1277 1964 1417 2026 ὅλως
1450 1962 1716 2033 ἐπιθυμία
1737 2003 1751 2027 ,
1787 1962 1816 2013 6

230 2054 409 2122 λέγων
466 2057 523 2107 ὲν
583 2054 901 2126 ’ᾼσμασιν,
962 2057 1293 2126 Ἐτρύγησα
1338 2056 1618 2125 σμύρναν
1667 2053 1818 2124 μετὰ

227 2144 555 2214 ἀρωμάτων
571 2164 710 2215 μου.
744 2148 937 2217 Χαῖρε,
967 2147 1124 2218 βάτε,
1156 2148 1216 2201 τὸ
1240 2147 1574 2219 πυρίπλοκον
1605 2146 1813 2215 θαῦμα,

232 2241 268 2304 ὴ
299 2240 441 2292 κατὰ
473 2240 728 2309 στέρησιν
758 2240 956 2304 ἄϐατος
984 2243 1050 2312 τῇ
1086 2240 1354 2311 ἁμαρτία·
1386 2240 1506 2293 ἐπεὶ
1530 2242 1624 2293 καὶ
1653 2238 1820 2307 φυτὸν

230 2330 461 2399 ἁθιγὲς,
493 2334 584 2384 καὶ
634 2332 796 2401 βατὺν
838 2333 1067 2405 οὐρανὸν
1101 2333 1369 2403 δεδειχυῖα
1405 2332 1696 2403 γηγενέσιν
1756 2334 1821 2384 εκ

232 2422 517 2490 θεογονιας
541 2441 655 2476 σου.
684 2425 878 2495 Χαῖρε,
914 2425 1136 2491 κιϐωτὶ,
1172 2425 1233 2479 τὸ
1266 2425 1564 2496 θεόδμητον
1596 2425 1821 2493 στέγος,

233 2517 270 2586 ἡ
295 2515 387 2569 τοῦ
410 2518 719 2571 νεοκτίστου
744 2519 949 2589 κόσμου
965 2518 1160 2589 ταμία,
1180 2520 1272 2588 ἀφ’
1292 2512 1359 2591 ἦς
1374 2518 1543 2585 ἔξεισι
1565 2516 1822 2589 Χριστὸς,

233 2607 265 2660 6
294 2607 413 2672 νέος
442 2608 586 2672 Νῶε,
619 2610 843 2683 πληρῶν
875 2611 968 2664 τὸν
1018 2612 1131 2665 ἄνω
1176 2611 1383 2680 κόσμον
1415 2613 1483 2682 τῇ
1516 2607 1822 2680 ἀφθαρσίᾳ.

235 2702 434 2773 Χαῖρε,
471 2701 700 2770 ῥάϐδος,
740 2704 801 2756 τὸ
840 2704 1101 2773 θεόφυτον
1136 2704 1292 2775 ἔρνος
1316 2744 1329 2768 ,
1365 2706 1397 2774 ἡ
1451 2704 1585 2774 μόνη
1633 2701 1826 2755 πασῶν

236 2793 528 2861 παρθένων
558 2794 919 2864 τεκνοφόρος,
964 2794 1023 2861 ἐξ
1070 2795 1340 2864 ἀσπορίας
1383 2794 1667 2865 ἀνθήσασα
1708 2792 1828 2846 υἱέα

236 2885 337 2937 τὸν
363 2883 466 2936 τῶν
494 2884 753 2939 ἁπάντων
776 2885 908 2939 Θεὸν
941 2886 1033 2940 καὶ
1064 2887 1349 2957 ἱεράρχην.
1378 2888 1569 2956 Χαῖρε,
1599 2887 1827 2955 στάμνε,

239 2971 307 3025 τὺ
353 2973 763 3041 χρυσόπλαστον
807 2974 1016 3043 ἄγγος,
1066 2977 1100 3045 ή
1151 2976 1350 3038 παντὸς
1387 2975 1591 3043 ἄγγους
1637 2973 1832 3044 ἐξῳκι-

243 3062 443 3131 σμένη,
482 3063 573 3130 ἀφ’
600 3059 669 3135 ἧς
708 3064 1116 3133 μανναδοτεῖται
1154 3066 1299 3127 ἅπας
1321 3068 1348 3119 ό
1376 3068 1601 3136 κόσμος,
1646 3065 1738 3119 τὸν
1773 3068 1831 3119 ὲν

243 3154 382 3221 ττυρὶ
418 3154 518 3223 τῆς
556 3155 823 3226 Θεότητος
882 3156 1249 3227 ὲξοπτηθέντα
1304 3160 1401 3228 τῆς
1452 3156 1595 3227 ζωῆς
1647 3158 1829 3227 ἄρτον.

244 3246 445 3316 Χαῖρε,
483 3247 679 3316 σκηνὴ,
708 3250 736 3300 6
760 3247 1013 3318 θεότητος
1038 3250 1220 3313 πόλος,
1243 3247 1475 3319 οὐρανοῦ
1498 3247 1607 3300 τῶν
1632 3248 1835 3317 ἀψίδων

246 3336 689 3406 προφερεστέρα,
719 3337 811 3405 ἀφ’
843 3332 912 3410 ἦς
938 3337 1384 3408 αὐτοπροσὼπως
1422 3338 1669 3408 ὡμίλησε
1701 3338 1834 3401 Θεὸς

243 3426 577 3496 ἀνθρώποις,
608 3427 701 3479 καὶ
731 3427 790 3491 ἐξ
826 3422 894 3499 ἧς
924 3429 1004 3491 εἰς
1033 3428 1123 3480 τὸν
1148 3428 1353 3499 κόσμον
1381 3428 1605 3498 ίλασμὸς
1638 3428 1834 3498 ἐπεδή-

250 3534 426 3588 μησεν
477 3519 712 3582 αἰώνιος.
760 3519 963 3590 Χαῖρε,
1005 3519 1365 3590 θυμιατήριον
1390 3560 1404 3584 ,
1438 3520 1499 3572 τὸ
1537 3521 1729 3584 σκεῦος
1779 3519 1836 3573 τὸ

248 3609 571 3680 χρυσόνουν,
618 3611 650 3681 ἡ
679 3611 768 3663 τὸν
803 3610 947 3663 θεῖον
986 3611 1233 3679 ἄνθρακα
1264 3610 1412 3665 ἔνδον
1444 3611 1709 3682 φέρουσα,
1742 3610 1835 3679 ἀφ’

247 3699 320 3774 ἧς
355 3702 670 3757 διὲπνευσεν
710 3701 911 3756 εὐωδία
936 3703 1030 3755 τοῦ
1062 3703 1401 3774 Πυεύματος,
1434 3704 1535 3772 τὴν
1581 3703 1837 3773 μυδῶσαν

250 3794 461 3863 φθορὰν
492 3796 555 3847 ὲκ
582 3794 785 3863 κόσμου
816 3795 1221 3867 ἀπελαύνουσα.
1254 3798 1448 3863 Χαῖρε,
1476 3795 1748 3867 τράπεζα,
1778 3795 1838 3847 τὸ

252 3884 504 3937 θεόθετον
545 3886 735 3954 κρᾶμα
762 3886 795 3953 ἡ
841 3886 1010 3938 πᾶσιν
1045 3885 1269 3950 ἀγαθοῖς
1297 3885 1506 3955 ἀρετῶν
1556 3886 1838 3955 πλήθουσα

256 3974 495 4045 μέθεξις,
541 3974 621 4043 τῷ
653 3975 864 4042 λέγοντι
908 3977 966 4028 ὲν
1013 3975 1323 4045 ’ᾼσμασιν“
1379 3972 1679 4042 Ὀμφαλός
1718 3988 1838 4026 σου

252 4066 480 4136 κρατὴρ
539 4065 850 4133 τορευτὸς,
892 4064 979 4133 μὴ
1022 4065 1465 4135 ὑστερούμενος
1520 4065 1839 4135 κράματος.

254 4162 451 4231 Χαῖρε,
486 4162 601 4225 ναὲ,
625 4161 686 4214 τὸ
711 4160 1147 4231 καθαρότευκτον
1180 4160 1386 4231 Κυρίου
1412 4162 1590 4231 δῶμα,
1625 4164 1751 4232 περὶ
1780 4155 1841 4216 οὗ

254 4270 424 4323 φησιν
450 4255 478 4307 6
503 4252 682 4307 Δαϐίδ’
722 4254 913 4323 "Arum
963 4257 995 4307 ὀ
1025 4255 1172 4319 ναός
1205 4270 1343 4317 σου,
1389 4254 1734 4323 θαυμαστὸς
1772 4257 1843 4306 ἐν

253 4346 648 4412 δικαιοσύνῃ’
692 4344 753 4409 ἐξ
801 4339 862 4400 οὗ
912 4345 1193 4413 ναουργῶν
1251 4346 1485 4415 Χριστὸς
1554 4345 1735 4415 ἐαυτῷ
1784 4344 1843 4398 τὸ

256 4438 455 4508 σῶμα,
490 4438 653 4502 ναοὺς
696 4438 936 4491 δείκνυσι
979 4439 1103 4500 τοὺς
1153 4437 1381 4508 βροτοὺς
1429 4436 1567 4491 Θεοῦ
1617 4436 1838 4501 ζῶντος.

256 4533 464 4602 Χαῖρε,
500 4530 785 4601 ἀγίασμα,
843 4532 877 4601 ἡ
927 4531 1100 4600 κρήνη
1162 4532 1189 4598 ἡ
1245 4530 1537 4600 θεόόρυτος
1577 4532 1610 4600 ἠ
1660 4530 1844 4599 πάσης

259 4622 543 4689 ἁγιστείας
565 4620 872 4685 ἀνάπλεως,
900 4621 960 4684 ἐξ
976 4616 1043 4691 ἦς
1066 4622 1279 4692 πρόεισι
1295 4621 1401 4674 τῶν
1424 4621 1596 4689 ἁγίων
1627 4622 1839 4689 Ἄγιος,

256 4714 375 4781 όὲξ
414 4712 665 4782 ἐναγείας
718 4712 1106 4783 ἀποκαθαίρων
1157 4713 1385 4781 κόσμον.
1434 4714 1628 4783 Χαῖρε,
1678 4711 1841 4777 τόπος

259 4808 472 4872 Κυρίου
498 4844 512 4866 ,
540 4807 572 4875 ἡ
604 4803 888 4873 θεοστιδὴς
921 4806 1074 4871 γαῖα,
1101 4806 1134 4873 ἡ
1167 4803 1259 4856 τὸν
1288 4803 1393 4869 ἔξω
1418 4803 1610 4857 τούτου
1644 4804 1846 4867 παντὸς

256 4901 327 4967 τῇ
343 4898 571 4965 θεότητι
597 4895 893 4949 τοπώσασα
930 4898 998 4965 τῇ
1031 4894 1336 4965 σαρκώσει,
1368 4896 1427 4961 ἐξ
1456 4890 1525 4967 ἧς
1556 4896 1584 4947 ὁ
1616 4895 1841 4959 ἁπλοῦς,

261 4984 539 5047 σύνθετος·
568 4987 660 5036 καὶ
680 4984 708 5035 6
738 4983 930 5048 ἁῖδιος,
962 4983 1241 5053 ἐγχρονοςε
1272 4984 1369 5036 καὶ
1390 4985 1418 5037 6
1446 4983 1844 5055 περιγραπτὸς,

258 5079 291 5130 6
308 5076 746 5146 ἀπερίγραπτος.
772 5076 968 5145 Χαῖρε,
991 5073 1139 5137 οἶκος
1168 5075 1327 5136 Θεοῦ,
1358 5078 1387 5129 6
1408 5076 1577 5138 θείαις
1593 5075 1845 5144 ἀγλαΐαις

258 5167 563 5236 ἐκλάμπων
591 5167 753 5235 δόμος
776 5207 791 5231 ,
825 5162 885 5220 οὗ
914 5166 976 5229 τὸ
1010 5166 1315 5238 ὑπέρθυρον
1349 5168 1712 5238 ἀναφαίρετον
1744 5168 1844 5237 τῆς

262 5260 510 5327 ἁγνείαςο
542 5260 576 5328 ἡ
616 5257 832 5328 πλήρης
862 5257 1020 5326 δόξης
1048 5258 1288 5327 Κυρίου,
1322 5259 1417 5311 καὶ
1445 5258 1554 5311 τῶν
1600 5258 1845 5330 πυρίνων

261 5350 519 5419 Σεραφὶμ
553 5348 986 5419 φωτοειδεστέρα
1018 5349 1077 5400 ὲν
1106 5348 1400 5418 πνεύματι.
1439 5351 1612 5419 Χαῖρε
1635 5392 1649 5413 ,
1678 5350 1844 5422 πύλη,

262 5445 300 5513 ὴ
334 5440 823 5505 ἀνατολόϐλεπτος,
862 5440 920 5504 ἐξ
956 5434 1022 5509 ἧς
1053 5441 1087 5510 ἡ
1129 5440 1229 5509 τῆς
1279 5439 1423 5511 ζωῆς
1471 5442 1704 5513 ἀνατολὴ
1737 5446 1851 5506 τοῖς

262 5531 577 5601 ἀνθρώποις
605 5531 704 5602 τὴν
731 5530 827 5584 τοῦ
867 5531 1099 5585 θανάτου
1122 5531 1272 5585 δύσιν
1306 5532 1555 5603 μειοῦσα·
1578 5535 1610 5603 ὴ
1639 5534 1851 5587 θεόδευ-

263 5641 358 5688 τος
394 5623 587 5692 βάτος,
635 5625 731 5676 καὶ⁵
776 5622 873 5686 τὰς
915 5621 1062 5686 κλεῖς
1096 5623 1198 5692 τῆς
1246 5623 1543 5695 παρθενίας
1589 5625 1846 5695 φέρουσα.

343 5762 363 5791 ⁸
395 5761 550 5814 Cant.
584 5777 635 5825 ν,
682 5761 729 5814 l.
839 5762 859 5792 ⁹
896 5759 1063 5815 Exod.
1097 5778 1179 5825 Ill,
1203 5762 1257 5815 ‘2.

270 5831 514 5956 gfxod.
547 5848 693 5892 xxvi,
725 5832 743 5885 Ι
776 5846 928 5902 seqq.
1012 5833 1051 5863 "
1078 5831 1247 5889 Exod.
1280 5850 1402 5902 xxv,
1432 5834 1521 5889 ‘29.

1368 5763 1409 5794 ¹⁰
1441 5764 1608 5819 Exod.
1641 5780 1765 5825 xxv,
1800 5765 1885 5816 10.

1607 5837 1648 5866 ’τ’
1682 5836 1835 5891 Cant.
1866 5851 1959 5903 vn,
1992 5835 2047 5889 ‘2.

1926 1966 2049 2021 vitae
2090 1966 2229 2021 ﬂuxu
2268 1982 2491 2023 carnem
2527 1976 2747 2038 peccato
2771 1974 3073 2021 emortuam
3098 1961 3266 2033 854
3304 1968 3507 2031 gestas,

1928 2061 1981 2115 in
2009 2076 2111 2132 qua
2145 2060 2395 2124 dulcedo,
2419 2069 2473 2114 et
2508 2059 2722 2129 penitus
2771 2056 3098 2114 desiderium
3122 2064 3224 2119 est,
3253 2053 3341 2122 qui
3382 2051 3511 2105 dicit

1930 2154 1981 2208 in
2005 2154 2273 2210 Canticis:
2307 2151 2504 2207 Messui
2530 2152 2800 2222 myrrham
2822 2166 2941 2205 cum
2965 2146 3293 2202 aromatibus
3318 2144 3446 2197 meis
3465 2143 3508 2194 ⁸.

1928 2246 2061 2312 Ave,
2086 2246 2273 2311 ruhus,
2305 2245 2414 2315 igni
2442 2244 2824 2315 complicatum
2865 2241 3207 2302 miraculum,
3240 2237 3353 2307 ipsa
3382 2249 3509 2307 pec-

1931 2351 2051 2395 cato
2074 2339 2351 2395 inaccessa
2408 2341 2555 2408 (nam
2592 2346 2648 2392 et
2678 2335 2963 2391 arbustum
3020 2333 3164 2388 istud
3207 2330 3355 2400 tangi
3417 2344 3511 2383 ne-

1930 2434 2067 2504 quit)
2098 2441 2154 2488 et
2193 2430 2345 2502 cujus
2383 2430 2567 2485 divino
2593 2438 2745 2500 partu
2780 2428 2975 2484 ctelum
3006 2425 3291 2496 terrigenis
3326 2437 3514 2480 acces-

1934 2540 2052 2580 sum
2084 2523 2351 2579 redditum
2400 2521 2524 2577 sit’.
2562 2520 2697 2587 Ave,
2731 2534 2881 2584 arca,
2930 2527 3199 2573 structum
3230 2530 3259 2568 a
3293 2514 3401 2570 Deo
3431 2521 3513 2569 te-

1933 2618 2164 2685 ctum",
2211 2615 2334 2671 novi
2371 2614 2555 2670 mundi
2605 2612 2906 2670 conditoris
2962 2607 3399 2680 receptaculum;
3444 2620 3513 2661 ex

1932 2727 2038 2783 qua
2090 2710 2339 2766 Christus
2400 2722 2575 2763 novus
2634 2703 2751 2761 Noe
2785 2703 2828 2735 “
2877 2702 3137 2759 mundum
3202 2712 3514 2771 supremum

1937 2802 2339 2871 incorruptione
2368 2799 2585 2868 replens
2641 2795 2911 2867 procedit.
2946 2799 3080 2860 Ave,
3109 2793 3282 2862 virga,
3320 2792 3518 2845 divinae

1938 2895 2285 2966 plantationis
2341 2890 2609 2954 ramus“,
2661 2888 2775 2946 sola
2831 2888 2974 2942 inter
3030 2900 3221 2940 omnes
3283 2881 3519 2952 virgines

1939 2999 2225 3055 puerpera,
2256 2998 2399 3053 qua',
2433 2980 2580 3035 nullo
2609 2979 2816 3035 semine
2837 2984 3110 3046 suscepto,
3142 2974 3518 3029 universorum

1938 3074 2107 3129 Deum
2147 3085 2201 3127 et
2248 3072 2588 3126 hierarcham
2619 3068 2837 3133 Filium,
2888 3068 2963 3122 uti
3020 3065 3208 3121 ﬂorem
3264 3059 3518 3118 emisisti.

1940 3165 2075 3229 Ave,
2110 3178 2271 3229 urna,
2305 3176 2369 3216 ex
2393 3176 2525 3215 auro
2577 3158 2867 3215 conﬂatum
2928 3172 3045 3223 vas,
3088 3156 3156 3210 ab
3198 3153 3344 3209 omni
3392 3167 3522 3207 vase

1940 3264 2228 3320 secretum,
2261 3263 2315 3309 et
2346 3268 2452 3322 quo
2485 3252 2717 3306 mundus
2758 3250 3043 3305 universus
3081 3247 3383 3315 impensum
3414 3243 3520 3298 sibi

1942 3363 2136 3402 manna
2184 3344 2460 3415 accipit",
2496 3342 2624 3399 vitae
2657 3342 2865 3399 scilicet
2895 3355 3092 3412 panem
3136 3339 3261 3407 igne
3292 3336 3524 3391 Deitatis

1942 3440 2315 3502 coctum.Ave,
2356 3435 2762 3492 tabernaculum
2794 3433 2936 3504 quod
2972 3433 3091 3487 ﬁxit
3120 3430 3263 3486 Deus
3290 3428 3358 3493 ",
3393 3443 3524 3483 con-

1942 3532 2087 3586 ditus
2115 3529 2288 3600 polus,
2319 3528 2453 3598 ipsis
2484 3526 2608 3583 (τωιί
2656 3525 2852 3580 axibus
2902 3523 3287 3595 praestantior:
3321 3535 3385 3575 ex
3419 3508 3525 3589 qua

1946 3623 2105 3686 Deus,
2137 3636 2231 3677 sua
2261 3620 2375 3689 ipse
2421 3632 2654 3688 persona
2680 3632 2801 3671 cum
2838 3615 3149 3670 hominibus
3182 3620 3265 3668 est
3295 3626 3526 3665 conver—

1944 3720 2115 3773 satus,
2137 3718 2193 3763 et
2224 3725 2288 3762 ex
2318 3723 2423 3777 qua
2443 3717 2650 3765 εισι-ηδ
2691 3707 2893 3763 mundo
2929 3706 3244 3778 propitiatio
3280 3707 3522 3759 advenit.

1943 3799 2077 3863 Ave,
2141 3797 2499 3857 thuribulum.
2545 3812 2639 3853 vas
2686 3806 2868 3851 mente
2917 3811 3141 3851 aureum
3165 3794 3231 3860 ¹⁸,
3283 3794 3525 3848 divinum

1945 3893 2093 3947 intus
2126 3892 2416 3953 carbonem
2449 3888 2651 3956 ferens,
2682 3900 2738 3946 et
2794 3904 2901 3959 qua
2932 3889 3179 3958 fragrans
3230 3889 3367 3944 odor
3406 3886 3527 3957 Spi-

1947 3987 2110 4049 ritus,
2158 3982 2480 4051 corruptela:
2526 3988 2774 4052 putarem
2802 3984 3001 4037 mundo
3033 3981 3359 4038 exsulﬂavit.
3388 3982 3522 4035 Ave:

1949 4090 2155 4142 mensa,
2188 4075 2407 4130 mistum
2449 4073 2708 4130 divinitus
2751 4074 3097 4145 appositum;
3134 4075 3386 4130 omnibus
3413 4074 3526 4125 vir-

1950 4177 2122 4223 tutum
2154 4166 2311 4223 bonis
2338 4166 2567 4221 afﬂuens
2601 4166 2968 4237 participatio,
2996 4165 3045 4221 ei
3083 4165 3174 4235 qui
3210 4165 3263 4219 in
3289 4164 3527 4220 Canticis

1948 4260 2098 4321 dicit,
2114 4258 2407 4313 Umbilicus
2431 4268 2551 4312 tuus
2574 4269 2746 4311 crater
2762 4258 3050 4323 tornatilis,
3083 4274 3350 4327 nunquam
3373 4257 3529 4310 misto

1947 4366 2145 4406 vacuus
2165 4350 2230 4404 ".
2263 4350 2693 4419 Ave,templum,
2720 4350 3013 4418 purissime
3042 4348 3307 4405 fabricata
3338 4349 3530 4404 domus

1949 4443 2184 4508 Domini,
2216 4443 2283 4498 de
2311 4457 2414 4511 qua
2466 4440 2633 4496 David
2686 4442 2764 4495 ait
2804 4459 2818 4495 :
2863 4441 3123 4498 Sanctum
3170 4452 3245 4495 est
3281 4439 3531 4509 templum

1951 4542 2123 4598 tuum,
2152 4532 2396 4585 mirabile
2428 4531 2483 4583 in
2521 4530 2836 4599 justitia";
2878 4545 2946 4585 ex
2980 4545 3085 4600 qua
3140 4530 3244 4584 sibi
3280 4528 3533 4594 Christus

1948 4624 2197 4693 corporis
2237 4623 2491 4693 templum
2527 4632 2837 4687 exstruens,
2880 4622 3077 4690 templa
3118 4620 3215 4676 Dei
3246 4620 3352 4675 vivi
3385 4636 3532 4674 mor-

1952 4717 2086 4772 tales
2113 4714 2316 4771 eﬂecit.
2360 4716 2494 4779 Ave,
2524 4714 2795 4779 lustratio,
2832 4714 3031 4769 divinis
3075 4714 3307 4785 lymphis
3331 4723 3533 4767 scatu-

1951 4807 2095 4861 riens
2127 4805 2267 4869 fons,
2297 4804 2443 4859 omni
2471 4803 2627 4873 plena
2655 4804 3039 4871 sanctimonia,
3074 4818 3137 4858 ex
3173 4818 3276 4872 qua
3300 4804 3533 4857 Sanctus

1951 4905 2263 4950 sanctorum
2290 4894 2354 4957 ’⁸,
2397 4894 2602 4948 scelere
2658 4894 2916 4947 mundum
2978 4908 3306 4963 expurgatis,
3342 4892 3530 4945 exivit.

1952 4986 2085 5049 Ave,
2126 4982 2338 5037 Domini
2371 4982 2542 5048 locus,
2600 4982 2693 5038 Dei
2718 4997 2908 5050 gressu
2950 4983 3155 5037 calcata
3217 4992 3383 5044 terra,
3414 4998 3534 5051 qua:

1953 5078 2099 5132 illum
2148 5077 2429 5145 complexa
2462 5091 2543 5143 es,
2581 5075 2671 5144 qui
2715 5074 2899 5139 omni,
2932 5082 3200 5145 quatenus
3249 5082 3333 5129 est
3363 5075 3531 5136 Deus,

1953 5168 2069 5223 loco
2093 5167 2395 5222 eximitur:
2421 5181 2487 5221 ex
2512 5180 2617 5235 qua
2652 5164 2742 5219 ille
2764 5165 2855 5235 qui
2885 5164 3111 5232 simplex
3133 5179 3270 5227 erat,
3318 5164 3537 5218 exsistit

1952 5260 2310 5329 compositus;
2368 5256 2703 5328 temporalis,
2734 5256 2827 5326 qui
2872 5256 3264 5325 sempiternus;
3298 5257 3535 5310 circum-

1949 5354 2206 5423 scriptus,
2254 5351 2345 5420 qui
2404 5350 2928 5418 incircumscriptus.
2994 5350 3131 5413 Ave,
3168 5349 3260 5403 Dei
3319 5349 3531 5415 domus,

1950 5446 2149 5501 divinis
2201 5442 2583 5514 splenduribus
2634 5440 2934 5511 eﬂ‘ulgens,
2986 5440 3142 5511 cujus
3197 5441 3534 5495 castimonia:

1953 5536 2365 5605 superliminare
2409 5534 2562 5589 evelli
2595 5533 2779 5602 nequit
2810 5551 2825 5586 :
2858 5532 3051 5589 domus
3090 5530 3276 5600 gloria:
3319 5530 3531 5586 Domini

1956 5624 2135 5693 plena,
2168 5639 2385 5695 prmque
2413 5623 2597 5695 ignitis
2644 5621 2928 5694 Seraphin)
2960 5622 3155 5693 spiritu
3180 5621 3444 5676 lucentior
3466 5624 3528 5675 ιν.

1995 5764 2194 5820 “Gen.
2225 5776 2295 5824 vt,
2334 5765 2387 5817 9.
2505 5764 2548 5793 ¹³
2584 5761 2681 5815 lsa.
2729 5778 2802 5826 xr,
2846 5763 2897 5816 l.
3011 5761 3053 5793 ¹²
3088 5760 3252 5817 Exod.
3287 5775 3396 5821 xvi,
3439 5759 3524 5812 33.

2131 5837 2169 5867 ¹⁷
2200 5836 2340 5890 l‘sal.
2368 5848 2512 5899 thv,
2543 5832 2595 5888 5.
2678 5834 2718 5863 ’⁸
2752 5834 2918 5888 Exod.
2954 5847 3077 5897 xxv,
3120 5834 3171 5886 8.
3254 5831 3296 5863 ³³
3326 5827 3426 5885 lsa.
3456 5844 3531 5893 vI,
