4202 6496
195 388 303 447 093

977 380 1306 442 IIOMILIA
1342 380 1403 441 II
1446 380 1528 441 IN
1568 377 2085 439 NATIVITATEM
2127 378 2190 437 B.
2230 381 2295 439 ν.
2339 376 2622 438 ΜᾹΗΙίΕ.

3367 372 3469 434 694

196 497 356 568 ἐμοὶ,
407 497 718 566 ἀναμέσον
756 494 873 548 τῶν
897 494 1149 564 μαστῶν
1171 512 1291 564 μου
1329 491 1785 559 αὐλισθήσεται.

1895 490 2114 545 Nardus
2159 509 2272 545 mea
2306 494 2448 545 dedit
2482 492 2693 545 odorem
2724 504 2875 543 suum
2911 490 2977 545 ⁸⁷.
2998 490 3134 555 Ave,
3165 496 3335 543 stacte
3358 530 3373 553 ,
3404 503 3471 544 ex

198 593 396 661 Χαῖρε,
456 589 829 659 κιννάμωμον,
863 587 927 640 τὸ
964 588 1028 640 ὲκ
1074 586 1268 656 νοητοῦ
1314 583 1650 655 παραδείσου
1686 583 1784 651 τῆς

194 682 492 752 ἁχραντίας
524 678 667 744 ἐξιὸν
694 680 915 750 ἄρωμα,
943 672 1003 732 οὗ
1034 678 1067 747 ἠ
1097 675 1241 747 ὀσμὴ
1273 675 1427 745 ἡδεῖα
1457 673 1537 744 τῷ
1568 672 1784 741 λέγοντι

196 776 255 825 ὲν
306 774 603 843 ’ᾼσμασινο
644 769 999 825 Ἀποστολαί
1048 784 1167 823 σου
1218 765 1581 836 παράδεισος
1626 763 1788 833 ῥοῶν

191 864 345 933 μετὰ
376 863 620 933 καρπῶν
660 861 1041 931 ἀκροδρύωνο
1073 859 1343 929 κάλαμος
1375 858 1472 911 καὶ
1497 855 1787 925 κιννάμω-

191 975 314 1025 μον
336 957 485 1027 μετὰ
512 955 755 1009 πάντων
786 952 989 1019 ξύλων
1016 952 1124 1007 τοῦ
1148 950 1431 1007 Λιϐάνου.
1463 951 1661 1020 Χαῖρε,
1692 946 1785 999 θύ-

199 1049 453 1118 γατερ,ή
489 1045 759 1118 θυηπόλος
786 1046 992 1108 νεᾶνις,
1016 1039 1085 1116 ἧς
1109 1044 1170 1096 τὸ
1201 1042 1467 1112 ἄχραντον
1499 1040 1784 1111 ἐράσμιον,

201 1141 297 1193 καὶ
331 1143 360 1193 ὁ
398 1140 599 1207 κόσμος
646 1135 948 1208 παράδοξος
994 1136 1072 1205 τῷ
1121 1135 1356 1203 φήσαντι
1412 1134 1478 1186 ἐν
1520 1133 1783 1203 ’ᾼσμασν

206 1230 270 1282 Τί
318 1230 709 1297 ὠραιώθησαν
758 1227 1089 1295 διαδήματα
1143 1243 1259 1280 σου
1305 1226 1375 1277 ἐν
1401 1224 1783 1293 ὑποδήμασι,

199 1321 454 1386 θύγατερ
488 1315 838 1386 Ἀμιναδά6;
870 1316 939 1370 'H
962 1315 1160 1369 κοιλία
1179 1331 1295 1369 σου
1318 1314 1579 1382 θημωνία
1612 1313 1785 1365 σίτου

200 1410 583 1481 πεφραγμένη
612 1410 683 1463 ἐν
704 1410 950 1477 κρίνοις.
978 1410 1171 1478 Χαῖρε,
1193 1406 1415 1477 ἀδελφὴ,
1448 1406 1480 1475 ἡ
1502 1404 1595 1457 τοῦ
1622 1402 1784 1458 καλοῦ

198 1502 435 1569 ἀδελφοῦ
492 1501 823 1572 παρώνυμος
875 1503 970 1554 καὶ
1026 1501 1404 1571 πανὲραστος,
1452 1490 1513 1551 οὗ
1564 1499 1598 1568 ή
1635 1496 1786 1566 φωνὴ

198 1591 376 1645 τοιάδε
412 1593 469 1645 ὲν
520 1593 819 1662 ’ᾼσμασινο
871 1590 1270 1657 Ἐκαρδίωσας
1306 1587 1465 1658 ἡμᾶς
1489 1628 1504 1653 ,
1550 1586 1785 1654 ἀδελρή

198 1700 319 1750 μου
346 1684 572 1753 νύμφη,
597 1683 1010 1751 ἐκαρδίωσας;
1036 1683 1227 1751 Χαῖρε,
1257 1680 1462 1751 νύμφη,
1489 1675 1556 1752 ἦς
1583 1697 1787 1751 νυμφο-

200 1778 393 1841 στόλος
430 1777 492 1830 τὸ
525 1777 751 1849 Πνεῦμα
781 1777 843 1829 τὸ
870 1776 1047 1843 ἅγιον,
1081 1777 1177 1830 καὶ
1202 1774 1437 1845 νυμφίος
1462 1773 1489 1825 ὁ
1515 1772 1779 1843 Χριστὸς,

1897 581 2172 652 virginalis
2199 582 2423 637 balsami
2471 581 2809 636 confectione
2842 584 3149 636 sanctitatis
3180 580 3294 634 sive
3318 580 3472 634 Iactis

1890 674 2107 728 Christo
2127 684 2336 729 stacten
2367 678 2599 738 sullans,
2638 689 2754 741 qua:
2783 689 2998 727 rursum
3028 674 3079 726 in
3110 672 3354 727 Canticis
3382 688 3474 726 ca-

1890 765 2013 820 nis:
2066 764 2381 820 Fasciculus
2416 766 2644 835 myrrhae
2674 765 2895 819 dilectus
2935 782 3077 818 meus
3120 765 3295 831 mihi,
3337 764 3474 817 inter

1891 858 2051 911 ubera
2070 876 2183 913 mea
2214 860 2626 913 commorabitur
2648 857 2717 912 ".
2747 859 2881 922 Ave,
2914 858 3322 919 cinnamonum,
3358 856 3471 926 δρία

1893 950 2063 1004 ritalis
2100 950 2340 1019 paradisi
2383 964 2568 1002 aroma
2622 950 2985 1017 integritatis,
3034 950 3187 1017 cujus
3240 949 3371 1005 odor
3421 947 3469 1000 ei

1890 1042 2065 1096 dulcis
2092 1051 2192 1107 est,
2234 1044 2323 1113 qui
2350 1042 2572 1111 perinde
2604 1042 2654 1095 in
2676 1041 2913 1097 Canticis
2948 1042 3113 1095 dicit:
3150 1040 3470 1093 Emissiones

1892 1144 1995 1187 tua:
2032 1134 2312 1202 paradisus
2358 1134 2618 1187 malorum
2677 1135 2992 1203 punicorum
3047 1150 3164 1186 cum
3219 1132 3471 1186 arborum

1890 1224 2192 1293 fructibus:
2226 1225 2461 1277 coturnus
2516 1234 2563 1277 et
2605 1224 2996 1277 cinnamomum
3047 1239 3161 1275 cum
3217 1224 3469 1277 universis

1891 1314 2046 1383 lignis
2073 1313 2263 1367 Libani
2286 1317 2349 1368 ²⁰.
2379 1315 2556 1379 Salve,
2587 1314 2716 1376 ﬁlis,
2753 1313 2846 1369 Dei
2878 1314 3132 1368 sacerdos
3160 1312 3467 1382 juvencula,

1891 1409 2045 1477 cujus
2091 1410 2300 1477 puritas
2351 1408 2764 1471 desiderabilis,
2827 1418 2881 1462 et
2915 1408 3076 1461 decor
3114 1406 3467 1469 admirabilis,

1890 1498 1965 1553 illi
2004 1499 2093 1569 qui
2132 1500 2182 1552 in
2212 1499 2455 1553 Canticis
2497 1499 2662 1553 dicit:
2699 1497 2868 1564 Quam
2914 1498 3123 1568 pulchri
3163 1508 3285 1552 sunt
3323 1514 3468 1568 gres-

1889 1609 1977 1646 sus
2016 1594 2091 1645 tui
2114 1594 2167 1646 in
2203 1592 2587 1655 calceamentis,
2627 1593 2741 1661 ﬁlia
2772 1593 3087 1647 Aminodub.
3142 1592 3327 1645 Venter
3347 1603 3468 1646 tuus

1890 1701 2103 1738 acervus
2153 1686 2337 1750 tritici,
2380 1685 2602 1739 vallatus
2634 1684 2760 1736 [iliis
2792 1685 2853 1735 ³ο.
2887 1683 3017 1745 Ave,
3053 1698 3207 1737 soror
3247 1683 3466 1753 perpul-

1890 1778 2003 1831 chri
2036 1777 2219 1831 fratris
2250 1776 2605 1846 cognominis,
2634 1777 2793 1846 eique
2833 1791 3041 1830 summe
3069 1776 3273 1844 cupita,
3316 1776 3471 1842 cujus

196 1869 428 1937 ὁλέγων
457 1870 516 1923 ὲν
548 1869 847 1941 ’ᾼσμασιψ
890 1866 1193 1935 Ὀλοκάλη
1240 1866 1277 1932 ἠ
1326 1863 1597 1932 πλησίον
1638 1881 1782 1933 μου,

1890 1884 1987 1923 vox
2044 1869 2303 1939 ejusmodi
2355 1870 2406 1923 in
2457 1868 2700 1925 Canticis
2761 1877 2969 1924 sonat:
3032 1867 3337 1924 Vulnemsti
3375 1886 3467 1922 cor

199 1962 301 2015 καὶ
330 1960 533 2031 μῶμος
562 1962 673 2015 οὐκ
705 1959 879 2013 ἔστιν
904 1958 974 2012 ἐν
1006 1958 1127 2012 σοί·
1156 1956 1332 2026 δεῦρο
1359 1957 1478 2012 ἀπὸ
1501 1956 1782 2019 Λιϐάνου,

198 2054 433 2122 νύμφη.
488 2052 685 2123 Χαῖρε,
713 2050 905 2123 μύρον,
955 2049 1016 2102 τὸ
1057 2047 1167 2103 τῶν
1212 2047 1427 2121 ἀρετῶν
1461 2047 1785 2137 μυρριότιμον

200 2146 496 2216 σύνθημα,
541 2148 576 2216 ἠ
623 2144 959 2213 παναγνείας
992 2140 1188 2213 μύροις
1243 2133 1579 2214 μυρίζουσα,
1627 2139 1689 2204 ἐξ
1715 2133 1784 2210 ἦς

196 2238 513 2308 ὁμωνύμως
562 2253 645 2291 σοι
695 2235 966 2307 προῆλθεν
1018 2236 1047 2287 ὁ
1100 2233 1327 2305 Κύριος.
1378 2233 1585 2301 Μύρον
1631 2230 1779 2301 γὰρ,

198 2329 390 2397 φησὶν,
428 2328 760 2383 ἐκκενωθὲν
790 2325 977 2397 ὄνομά
1003 2341 1142 2381 σου·
1180 2327 1272 2395 ἀφ’
1310 2319 1371 2379 οὗ
1409 2326 1693 2396 κέχρισται
1722 2323 1783 2376 τὸ

199 2420 475 2489 βασίλειον
508 2419 831 2489 ἱεράτευμα.
859 2418 1056 2488 Χαῖρε,
1094 2415 1368 2489 θυμίαμα,
1408 2417 1470 2470 τὸ
1504 2417 1645 2485 ὑπὲρ
1691 2416 1784 2469 κό-

199 2527 343 2582 σμου
374 2510 570 2575 παντὸς
608 2509 839 2563 ὲνώπιον
867 2509 1076 2581 Κυρίου
1104 2509 1571 2579 κατευθυνόμενον
1610 2524 1781 2578 προσ-

193 2605 523 2675 ευκτήριον,
580 2604 613 2675 ἡ
671 2600 1190 2673 ἅποπεπληρωμὲνη
1268 2599 1329 2666 ἐξ
1400 2599 1631 2664 εὐωδίας
1686 2601 1781 2654 τοῦ

197 2695 555 2765 Πνεύματος,
598 2694 727 2765 περὶ
782 2688 851 2765 ἧς
890 2712 993 2748 που
1041 2691 1436 2764 θαυμαστικῶς
1481 2691 1736 2763 βεὸόηται
1764 2711 1778 2724 ο

204 2788 304 2854 Τίς
326 2788 477 2855 αῦτη
518 2787 931 2842 ἀναϐαίνουσα
975 2786 1096 2841 ἀπὸ
1118 2787 1228 2853 τῆς
1268 2785 1515 2856 ἐρήμου,
1542 2787 1621 2850 ὡς
1649 2801 1782 2839 στιιῖ⁴

194 2879 355 2950 ,ῖέχη
377 2881 607 2935 καπνοῦ
634 2880 1025 2949 νεθυμιαμένη
1038 2882 1262 2950 ;Χαῖρε,
1278 2878 1500 2951 χρυσίον
1524 2878 1781 2948 καθαρὸν,

196 2972 231 3040 ἡ
289 2972 348 3024 ὲν
392 2972 591 3043 χωνείᾳ
618 2972 713 3025 τοῦ
763 2972 897 3025 Θεοῦ
936 2970 1331 3041 δοκιμασθεῐσα
1380 2969 1459 3039 τῷ
1500 2971 1635 3039 πυρὶ
1685 2968 1780 3021 τοῦ

198 3060 555 3131 Ιινεύματος,
594 3064 692 3116 καὶ
739 3062 991 3133 μηδαμοῦ
1025 3062 1209 3133 ῥυτίδα
1261 3060 1457 3124 κακίας
1500 3060 1778 3131 φέρουσα*

196 3152 262 3217 ἐξ
305 3149 367 3205 οἶ)
395 3154 429 3222 ἦ
458 3171 516 3206 τε
556 3154 779 3225 λυχνία,
831 3155 925 3209 καὶ
969 3156 1001 3225 ἡ
1036 3154 1321 3226 τράπεζα,
1353 3154 1447 3207 καὶ
1500 3152 1679 3205 πάντα
1713 3152 1782 3206 τὰ

196 3245 347 3298 κατὰ
386 3246 476 3299 τὸν
510 3248 671 3318 νόμον
720 3247 925 3319 χρύσεα
958 3249 1077 3301 κατ’
1112 3248 1345 3319 ἔμφασιν
1392 3245 1779 3316 ἀλληγορικὴν,

194 3334 297 3387 ἐπὶ
331 3336 388 3386 σὲ
417 3336 507 3388 τὸν
532 3337 885 3408 χρυσώνυμον
915 3340 1009 3391 καὶ
1044 3339 1397 3407 πολυώνυμον
1430 3334 1783 3408 μεταλαμὸα-

194 3442 374 3479 νεται.
414 3428 607 3497 Χιίρε,
645 3427 800 3493 ξύλον
818 3431 1082 3500 ἄσηπτον,
1128 3432 1160 3500 ή
1214 3430 1423 3500 φθορᾶς
1472 3428 1783 3499 ἁμαρτικῆς

197 3517 281 3585 μὴ
317 3520 707 3589 προσηκαμὲνη
757 3520 1014 3591 σκώληκα
1041 3563 1055 3587 ,
1087 3522 1143 3588 ἐξ
1174 3518 1241 3594 ἧς
1274 3522 1334 3575 τὸ
1366 3522 1555 3592 νοητὸν
1597 3520 1784 3573 θυσια-

195 3607 447 3677 στήριον,
480 3610 578 3663 οὐκ
613 3612 676 3663 ὲκ
708 3611 879 3676 ξύλων
908 3612 1016 3683 (⁸76)
1053 3614 1313 3683 ἀσήπτων
1344 3610 1783 3679 κατεσκευασμέ-

193 3714 313 3759 νον,
359 3698 475 3748 ἀλλ’
523 3699 581 3766 ἐξ
625 3701 905 3773 ἀχράντων
948 3701 1189 3770 λαγόνων
1232 3702 1351 3773 Θεῷ
1395 3701 1777 3773 δεδομημένον.

196 3788 395 3854 Χαῖρε,
425 3788 675 3859 πορφύρα
708 3789 989 3862 βασιλικὴ,
1018 3794 1050 3863 ἡ
1082 3793 1145 3843 ἐκ
1167 3790 1511 3863 παρθενικῶν
1534 3792 1781 3861 αἱμάτων

196 3896 301 3931 σου
350 3879 663 3948 ἐξυφάνασα
707 3883 1000 3953 ἁλουργίδα
1039 3882 1118 3955 τῷ
1139 3883 1359 3952 λέγοντι
1401 3886 1460 3937 ἐν
1505 3885 1777 3955 ’ᾼσμασι-

195 3974 470 4025 Πλοκίον
519 3974 793 4043 κεφαλῆς
838 3992 955 4029 σου
986 3977 1067 4043 ὡς
1118 3979 1429 4046 πορφύμῑ·
1480 3976 1782 4043 ,βασιλεὺς

190 4064 521 4132 δεδεμένος
554 4066 625 4119 ἐν
662 4068 1089 4137 παραδρομαῖς.
1144 4070 1205 4124 Τί
1255 4069 1587 4138 ὼραιώθης,
1640 4071 1679 4137 ἢ
1726 4069 1783 4123 τί

192 4157 508 4223 ἡδύνθης;
533 4159 724 4230 Χαῖρε,
751 4159 945 4229 βύσσος
977 4162 1354 4234 κεκλωσμένη,
1380 4166 1412 4233 ἡ
1443 4162 1600 4233 βάθος
1623 4162 1781 4215 θείων

192 4249 494 4317 νοημάτων
542 4254 598 4304 ἐν
641 4251 847 4323 διανοίᾳ
891 4253 1174 4318 κλὼσασα,
1222 4256 1314 4309 καὶ
1358 4258 1477 4320 ταῖς
1512 4256 1781 4318 ἐναντίαις

194 4340 447 4403 θέλξεσιν
470 4342 721 4411 ἄχαυνοςο
746 4342 878 4409 Πῶς
900 4344 1030 4412 γὰρ,
1056 4346 1240 4415 φησιν,
1268 4348 1439 4400 ἔσται
1458 4364 1558 4415 μοι
1584 4344 1779 4408 τοῦτο,

190 4432 331 4486 ἐπεὶ
364 4432 550 4501 ἄνδρα
582 4436 653 4489 οὐ
691 4435 996 4504 γινώσκω;
1033 4436 1108 4489 Δι’
1136 4432 1204 4510 ἦς
1236 4438 1269 4505 ἡ
1315 4438 1529 4506 ἐπωμὶς
1576 4454 1783 4507 πορφυ-

1886 1976 2091 2028 meum,
2125 1977 2279 2015 soror
2304 1979 2417 2016 mea
2457 1979 2652 2032 sponsa
2680 2004 2695 2028 ,
2723 1962 3011 2017 vulnerasti
3056 1978 3147 2016 cor
3202 1978 3371 2015 meum
3396 1962 3462 2015 δ’.

1884 2053 2016 2117 Ave,
2042 2068 2239 2123 sponsa
2270 2095 2283 2120 ,
2322 2052 2471 2122 cujus
2513 2055 2791 2123 pronnhus
2828 2055 3065 2124 Spiritus
3090 2065 3307 2109 sanctus
3335 2095 3349 2121 ,
3401 2070 3467 2109 ae

1883 2142 2132 2200 Christus
2162 2159 2393 2214 sponsus
2415 2186 2430 2207 ,
2490 2146 2581 2215 qui
2616 2145 2744 2200 dicit
2776 2144 2827 2199 in
2855 2143 3094 2199 Canticis
3122 2163 3137 2198 :
3177 2144 3309 2198 Tota
3338 2143 3459 2211 pul-

1884 2239 2013 2293 chra
2037 2254 2113 2303 es,
2146 2240 2319 2292 amica
2352 2255 2486 2302 mea,
2516 2247 2565 2292 et
2598 2238 2805 2292 macula
2835 2255 2937 2293 non
2970 2249 3044 2293 est
3074 2239 3126 2292 in
3152 2249 3232 2302 te;
3258 2239 3374 2291 veni
3401 2240 3463 2292 de

1884 2330 2107 2395 Libano,
2134 2348 2325 2402 sponsa
2354 2332 2421 2384 ³¹.
2469 2332 2602 2397 Ave,
2629 2340 2999 2402 unguentum,
3056 2331 3251 2386 inﬁniti
3303 2332 3460 2399 pretii

1885 2424 2223 2493 compositio,
2261 2425 2560 2493 omnigente
2577 2424 2909 2479 castimonia:
2933 2431 3204 2491 unguenta
3222 2425 3458 2492 spirans,

1882 2530 1947 2573 ex
1981 2530 2085 2586 qua
2116 2516 2375 2572 Dominus
2409 2517 2549 2572 idem
2589 2525 2765 2571 tecum
2796 2531 2990 2571 nomen
3029 2508 3226 2586 gerens
3266 2516 3464 2585 prodiit

1885 2606 1983 2675 (ait
2015 2606 2182 2673 enim,
2218 2615 2541 2677 unguentum
2576 2606 2805 2675 effusum
2837 2622 3024 2661 nomen
3059 2604 3321 2675 tuum"),
3355 2619 3461 2673 quo

1884 2698 2065 2767 regale
2116 2709 2337 2753 unctum
2392 2700 2757 2755 sacerdotium
2812 2699 2934 2752 fuit.
2989 2700 3123 2762 Ave,
3158 2697 3459 2758 incensum,

1885 2796 2209 2865 precationis
2264 2796 2416 2851 locus
2467 2810 2565 2867 pro
2600 2796 2745 2851 omni
2802 2796 3003 2849 mundo
3058 2795 3295 2848 directus
3331 2802 3460 2846 ante

1883 2888 2198 2951 hominum;
2219 2902 2337 2956 qua:
2359 2887 2651 2955 fragrantia
2672 2886 2905 2955 Spiritus
2932 2884 3133 2953 repleta
3165 2898 3244 2949 es,
3272 2884 3337 2937 de
3354 2899 3459 2952 qua

1884 2978 2203 3033 admirantis
2232 2992 2361 3033 voce
2390 2978 2681 3032 clamatum
2711 2996 2723 3031 :
2759 2976 2890 3041 Quae
2911 2987 2985 3031 est
3006 2978 3129 3041 ista,
3160 2992 3274 3045 quin
3296 2975 3465 3045 856

1882 3071 2116 3125 inscendit
2151 3072 2217 3125 de
2244 3072 2471 3137 deserto,
2504 3078 2759 3140 tanquam
2782 3070 2992 3140 virgula
3021 3069 3155 3139 [uini
3184 3069 3353 3138 su/ﬁta
3374 3067 3465 3120 "?

1809 3187 1852 3246 ο
1884 3164 2019 3228 Ave,
2048 3177 2238 3216 aurum
2265 3178 2482 3231 purum,
2510 3177 2629 3232 quae
2667 3161 2788 3231 igne
2819 3160 3051 3231 Spiritus
3077 3160 3131 3215 in
3163 3160 3285 3213 vitae
3308 3160 3464 3229 hujus

1889 3258 2205 3313 conllatorio
2264 3256 2487 3325 probata
2549 3270 2607 3310 es
2629 3296 2643 3323 ,
2695 3270 2796 3311 nec
2822 3254 3039 3309 malitia:
3073 3269 3299 3323 usquam
3333 3270 3461 3322 ruga

1890 3345 2192 3401 deformis:
2241 3362 2307 3400 ex
2351 3360 2460 3415 quo
2498 3360 2665 3408 auro,
2723 3353 2837 3399 tum
2887 3344 3268 3400 candelabrum
3302 3383 3317 3405 ,
3350 3354 3461 3397 tum

1889 3452 2095 3498 mensa,
2136 3446 2247 3490 tum
2282 3436 2487 3505 reliqua
2518 3436 2699 3492 omnia
2734 3436 2867 3505 legis
2900 3436 3005 3490 ritu
3035 3449 3224 3500 aurea,
3260 3436 3461 3502 allego-

1891 3529 1983 3583 riae
2011 3543 2116 3582 non
2142 3528 2391 3597 ambigua
2420 3528 2813 3596 signiﬁcatione
2847 3528 2914 3581 de
2962 3538 3012 3581 te
3042 3528 3221 3582 aureis
3250 3528 3461 3581 multis-

1889 3633 1994 3689 que
2012 3618 2320 3673 nominibus
2338 3617 2536 3674 celebri
2561 3619 2926 3687 accipiuntur.
2954 3617 3089 3684 Ave,
3120 3618 3321 3687 lignum
3355 3636 3460 3672 non

1889 3722 2205 3781 putrescens
2227 3748 2243 3773 ,
2278 3725 2393 3777 qua:
2431 3710 2800 3780 corruptionis
2843 3709 3049 3778 peccati
3084 3724 3322 3763 vermem
3357 3728 3459 3763 non

1889 3802 2155 3857 admisisti
2185 3818 2200 3855 :
2232 3816 2297 3853 ex
2331 3815 2434 3871 qua
2463 3800 2744 3871 spirituale
2784 3801 2953 3855 altare
2980 3840 2995 3866 ,
3026 3816 3129 3855 non
3179 3816 3244 3856 ex
3300 3800 3462 3870 lignis

1890 3892 2355 3963 imputribilibus,
2405 3892 2499 3947 sed
2555 3908 2620 3945 ex
2673 3891 2994 3947 intemerato
3042 3901 3197 3947 utero
3252 3902 3463 3946 exstru-

1888 3992 2033 4037 ctum
2063 3981 2164 4035 fuit
2200 3980 2325 4035 Deo.
2358 3982 2490 4046 Ave,
2526 3996 2760 4049 purpura
2779 3983 2946 4049 regia,
2979 3996 3096 4050 qua:
3125 3995 3189 4034 ex
3217 3982 3461 4049 virginali

1892 4085 1983 4130 tuo
2018 4074 2279 4146 sanguine
2315 4089 2641 4143 purpuream
2669 4084 2873 4128 vestem
2906 4074 3143 4137 texuisti,
3174 4073 3371 4127 dicenti
3411 4075 3462 4125 in

1887 4165 2169 4222 Canticis:
2205 4164 2403 4219 Plexus
2427 4166 2613 4235 capitis
2637 4167 2714 4219 lui
2738 4179 2793 4219 ut
2826 4182 3061 4235 purpura
3088 4183 3107 4221 .'
3144 4182 3233 4220 rea:
3265 4168 3463 4220 vinctus

1888 4260 1942 4312 in
1977 4257 2388 4312 trauscursibus.
2421 4257 2592 4323 Quam
2622 4258 2863 4325 pulchra,
2900 4269 2947 4311 et
2975 4274 3132 4326 quam
3176 4259 3350 4311 suavis
3373 4258 3415 4289 ³⁸
3446 4260 3459 4311 ι

1887 4352 2235 4421 Ave,byssus
2284 4360 2506 4415 retorta,
2553 4349 2660 4403 alta
2706 4365 2989 4405 sensorum
3020 4351 3202 4405 animo
3234 4353 3465 4405 circum-

1888 4444 2110 4499 volvens
2138 4483 2154 4509 ,
2214 4457 2312 4496 nec
2376 4444 2667 4496 contrariis
2734 4441 3007 4496 illecebris
3039 4442 3237 4497 cedens
3272 4460 3284 4495 :
3321 4442 3465 4507 Quo.

198 4527 636 4597 ροχρυσόμικτος
663 4528 744 4599 τῷ
782 4527 1124 4600 ίεραρχοῦντι
1170 4530 1279 4583 τῶν
1326 4531 1435 4582 ἀνω
1464 4531 1779 4601 Δυνάμεων.

1887 4534 2039 4587 modo
2066 4535 2223 4597 enim,
2254 4532 2449 4602 inquit,
2482 4534 2578 4586 hoc
2600 4533 2730 4585 mihi
2760 4534 2981 4596 accidet,
3017 4535 3264 4594 quoniam
3298 4533 3465 4586 virum.

196 4622 400 4687 Χαῖρε,
430 4619 703 4683 ὑάκινθος,
729 4620 789 4673 τὸ
810 4621 1143 4690 φλογοφανὲς
1159 4621 1257 4691 τῆς
1292 4622 1589 4692 παρθενίας
1615 4621 1759 4692 ἔριον

194 4712 260 4776 ἐξ
296 4704 360 4764 οὗ
400 4713 677 4781 μυστικῶς
706 4712 784 4782 τῷ
816 4712 935 4783 Θεῷ
968 4712 1320 4785 ίερούργηται
1349 4714 1553 4782 ἄμφιον
1592 4729 1779 4783 σωμα-

194 4806 446 4864 τώσεως.
469 4806 657 4876 Χαῖρε,
697 4804 871 4875 κούρη
901 4805 1099 4875 νεφέλη
1124 4848 1139 4871 ,
1173 4808 1204 4875 ἡ
1234 4806 1294 4857 τὸ
1313 4805 1512 4873 γεῶδες
1542 4806 1635 4856 καὶ
1668 4804 1786 4874 βρί-

197 4899 297 4951 Οον
321 4898 538 4966 σκῆνος,
558 4898 757 4968 κοῦφόν
776 4899 1043 4970 πως(77),
1069 4902 1143 4960 ὡς
1169 4900 1423 4967 ἀερῶδες,
1448 4899 1663 4967 ἔχουσα,
1692 4898 1784 4948 καὶ

199 4990 301 5040 τὸν
328 4988 489 5057 ἄρτον
520 4991 615 5058 τῆς
644 4990 787 5060 ζωῆς
822 4991 897 5053 ὡς
931 4992 989 5043 ὲν
1014 4990 1385 5058 Ουσιαστηρξῳ
1414 4987 1781 5053 καλύπτουσα,

180 5085 260 5134 ιὲν
364 5081 851 5153 καθῆσθαιΚύριον
882 5083 1105 5144 Ἡσαΐας
1134 5081 1560 5152 προσηγόρευσε.
1589 5082 1780 5151 Χαῖρε,

198 5176 470 5244 ἄχραντε,
506 5174 567 5226 τὸ
614 5174 892 5244 ἀνέπαφον
944 5176 1041 5245 τῆς
1078 5173 1374 5245 παρθενίας
1413 5172 1717 5242 κειμήλιον,
1749 5173 1782 5242 ἠ

195 5267 298 5317 τὸν
328 5264 602 5335 ἄχραντογ
624 5265 793 5333 Λόγον
832 5268 1141 5335 γεννήσασα
1162 5307 1175 5329 ,
1214 5264 1305 5333 ἀφ’
1339 5256 1406 5333 ἧς
1449 5265 1482 5334 ή
1518 5262 1781 5333 παρθενία

277 5426 326 5455 ’⁷
360 5423 517 5478 Cant.
545 5437 583 5486 1,
614 5422 703 5475 H.

199 5516 239 5559 ι,
274 5494 335 5548 2.
417 5494 463 5524 ³⁸
484 5493 646 5547 Cant.
686 5495 839 5555 ttl,(i.
921 5493 966 5524 ⁸⁵
994 5493 1148 5547 Cant.
1185 5508 1280 5555 vn,
1308 5492 1363 5555 5,
1396 5494 1445 5543 ti.

276 5635 395 5705 (76)
430 5635 590 5689 Allat.
626 5636 756 5707 legit
784 5637 1026 5707 σηπτῶν,
1067 5634 1508 5705 corruptibilibus.

278 5708 398 5775 (77)
440 5707 527 5769 Ὠς
574 5706 1073 5777 ἀερῶδεςᾹΑΙΙυιΙὶι
1127 5707 1189 5759 ad
1240 5707 1415 5759 velum
1459 5722 1565 5773 quo
1614 5707 1785 5758 (iraa-1

200 5788 464 5837 sanctum
496 5793 688 5846 pauent
731 5780 785 5834 in
828 5780 981 5833 altari
1017 5778 1245 5847 positum
1290 5777 1565 5845 operiunt,
1608 5778 1781 5833 ltum!-

780 5422 823 5453 "
857 5422 986 5475 lhitl.
1023 5422 1104 5475 1'2.
1184 5423 1228 5457 "
1256 5420 1414 5478 Cant.
1450 5436 1523 5485 Iv,
1564 5420 1643 5485 l3,
1683 5421 1769 5475 Η.
1844 5423 1887 5454 ³⁰
1911 5422 2065 5477 Cant.
2101 5423 2274 5487 ν11,1.

1885 4641 1986 4679 non
2007 4624 2320 4694 cognosco"
2336 4623 2448 4677 ‘lEx
2461 4638 2567 4693 qua
2592 4626 2787 4678 summi
2808 4638 3166 4693 supernarum
3198 4624 3463 4677 Virtutum

1886 4715 2140 4769 antistitis
2154 4730 2388 4785 purpura
2407 4729 2648 4785 auroque
2667 4715 3027 4769 intermistum
3046 4715 3322 4769 humeralc
3340 4732 3437 4768 con

1886 4816 2088 4861 textum
2102 4816 2204 4861 est.
2222 4809 2353 4870 Ave,
2371 4807 2713 4877 hyacinthus,
2730 4805 2961 4859 ﬂammei
2980 4806 3177 4861 eoloris
3193 4806 3422 4875 virginit:
3443 4836 3463 4846 -

1888 4898 1956 4952 tis
1977 4898 2167 4963 vellus,
2187 4916 2251 4953 ex
2269 4914 2375 4969 quo
2396 4899 2619 4968 mystice
2646 4898 2889 4968 corporis
2911 4904 3141 4953 amictus
3160 4896 3269 4951 Deo
3285 4900 3460 4950 condi-

1893 4999 1977 5043 tus
2007 4989 2125 5045 fuit.
2153 4991 2286 5054 Ave,
2312 4994 2478 5045 nubes
2499 4991 2650 5055 levis,
2675 5000 2946 5044 terrenum
2964 5000 3018 5043 et
3048 5005 3211 5058 grave
3231 4992 3458 5059 pondus,

1890 5080 2005 5134 leve
2025 5082 2419 5149 quodammodo
2436 5082 2576 5135 aeris
2608 5081 2779 5134 instar
2804 5079 3207 5134 tabernaculum
3234 5081 3459 5141 Italicus,

1890 5187 1953 5225 ac
1977 5172 2120 5226 velut
2150 5175 2200 5226 in
2234 5172 2391 5227 altari
2415 5174 2746 5240 panemvita:
2764 5174 3034 5242 operiens,
3066 5172 3150 5227 cui
3182 5171 3349 5226 Isaias
3366 5173 3469 5225 Do-

1891 5262 2096 5317 minum
2136 5264 2400 5319 insedisse
2422 5266 2749 5319 vaticinatus
2772 5274 2857 5319 est
2880 5265 2942 5316 ³⁷.
2968 5265 3102 5330 Ave,
3126 5265 3467 5331 intemerata,

2358 5423 2394 5453 “
2433 5422 2585 5477 Cant.
2624 5438 2693 5488 Iv,
2722 5423 2776 5479 9.
2858 5422 2901 5453 υ
2933 5422 3061 5477 Ibid.
3101 5421 3157 5474 7.
3239 5421 3283 5452 ⁸³
3309 5423 3463 5477 Cant.

1530 5491 1575 5521 ³⁵
1608 5491 1737 5545 Luc.
1773 5506 1808 5557 ι,
1838 5494 1926 5547 54.
2003 5493 2045 5523 ³⁷
2079 5493 2179 5546 lsa.
2219 5509 2330 5558 xu,
2368 5496 2416 5546 l.

1894 5652 2001 5711 quc
2034 5648 2224 5691 vocant
2246 5638 2403 5708 ἀέρα,
2435 5654 2487 5704 ιι.
2524 5640 2577 5693 d.
2614 5658 2787 5693 aerem
2817 5657 2832 5695 :
2865 5640 3006 5711 quod
3036 5638 3173 5696 male
3200 5638 3463 5695 Coutbeli-

1898 5710 2011 5763 sius
2040 5724 2134 5779 pro
2173 5710 2439 5778 corporali
2472 5725 2719 5780 sumpsit.
