4170 6454
190 430 277 492 ’ῖυι

988 431 1310 491 HOMILlA
1357 430 1380 489 Ι
1427 431 1505 490 ικ
1557 430 2099 491 ΒΟΒΜΙΤΙΟΝΕΜ
2145 431 2205 489 Β.
2248 431 2312 490 ι’.
2352 430 2631 489 MARLE.

3352 429 3454 489 7H2

188 542 331 603 δείας
359 540 634 612 :pcao-Jcn
668 541 830 611 καρὶς
865 545 957 592 καὶ
992 541 1235 611 ποθούσῃ
1265 542 1435 611 ψυχῇ»
1477 543 1574 610 τῆς
1616 545 1755 610 ἡμε-

1866 540 2130 593 metmnda
2186 556 2381 602 ntanu,
2431 539 2753 608 ardentique
2804 541 3016 603 animo,
3068 538 3200 592 viles
3250 537 3448 607 ingenii

186 633 343 702 τέρας
370 632 607 694 διανοίας
626 631 689 683 τὸ
713 630 928 694 εὐτελὲς
959 632 1265 701 ἀκροθίνιον
1293 634 1357 701 τῇ
1400 632 1628 701 βασιλίδι
1658 650 1762 702 μηο

186 726 291 793 τρὶ,
336 723 637 793 εὐεργέτιδι
671 724 850 792 πάσης
881 722 977 790 τῆς
1009 724 1243 791 φύσεως,
1282 725 1641 793 εὐγνωμόνως
1686 724 1766 786 εἰς

186 815 399 883 ὀφειλὴν
456 813 825 881 ἀποτίσωμεν.
882 810 1037 863 Ἐπεὶ
1087 810 1182 862 καὶ
1232 811 1387 878 λόγος
1440 812 1611 871 ἐστὶν,
1654 809 1764 879 (8i)

186 904 434 973 ἀγρώτας
481 904 630 965 τινας
673 904 787 964 τοῖς
838 901 1106 972 ἀροτῆρσι
1156 901 1308 963 βουσὶ
1362 902 1458 970 τῆς
1509 902 1610 969 γῆς
1642 902 1768 963 τοὺς

187 996 423 1059 αὔλακας
468 996 801 1064 τέμνοντας,
844 993 1069 1062 βασιλέα
1122 994 1398 1062 παριόντα
1435 992 1765 1056 θεάσασθαι,

191 1087 396 1156 σεμνῶς
442 1086 539 1155 μὲν
567 1086 634 1154 τῇ
668 1082 948 1153 ἁλουργίδι
977 1082 1379 1152 κοσμούμενον,
1409 1080 1769 1151 φαιδρυνάμε-

191 1196 274 1229 νον
323 1178 380 1229 δὲ
436 1181 501 1245 τῇ
551 1177 711 1245 αἴγλῃ
764 1173 861 1227 τοῦ
891 1174 1245 1245 διαδήματος,
1289 1175 1383 1226 καὶ
1426 1173 1504 1242 τῷ
1557 1173 1770 1243 ἀπείρῳ

187 1269 376 1338 πλήθει
395 1268 506 1319 τῶν
526 1267 839 1338 δορυφόρων
867 1266 1050 1335 κύκλῳ
1075 1282 1141 1317 πε
1150 1264 1632 1335 ριστοιχιζόμενον,
1656 1263 1769 1334 (82)

189 1364 311 1414 ἐπεὶ
345 1362 527 1431 παρῆν
557 1360 730 1425 οὐδὲν,
779 1358 807 1411 ὃ
856 1358 977 1411 τότε
1013 1358 1090 1427 τῷ
1133 1357 1345 1427 μέδοντι
1375 1356 1772 1427 δωροφορήσωο

187 1471 289 1517 σιν,
332 1451 597 1521 ἀμελλητὶ
629 1453 750 1512 ταῖς
790 1450 977 1519 χερσὶν
1023 1448 1167 1519 ὕδωρ
1216 1448 1641 1519 ἀπαρυσάμενον
1675 1447 1772 1501 ἒνα

187 1541 484 1609 (παρέρρει
527 1539 636 1607 γὰρ
683 1536 917 1605 ἐγγύθεν
962 1535 1211 1605 ἀφθόνως
1248 1537 1316 1589 τά
1353 1537 1625 1606 νάματα),
1666 1536 1771 1589 δῶ-

189 1648 279 1700 ρον
308 1630 688 1700 κεκοιμικέναι
714 1628 792 1699 τῷ
812 1627 1193 1699 αὐτοκράτορι.
1231 1627 1373 1699 Πρὸς
1402 1628 1460 1681 δν
1485 1630 1647 1697 φάναι
1684 1628 1773 1682 τὸν

188 1722 408 1791 βασιλέα
436 1738 449 1751 ο
486 1721 549 1773 Τί
585 1719 766 1783 τοῦτο,
802 1714 846 1774 ὦ
887 1720 1019 1784 παῖ;
1055 1717 1147 1770 τὸν
1189 1718 1247 1771 δὲ
1295 1718 1607 1789 θαρσαλέως
1651 1718 1777 1773 ἀντ-

185 1812 602 1882 αποκρίνασθαι·
627 1812 696 1863 Ὃ
727 1828 817 1881 μοι
845 1812 1044 1881 παρῆν,
1070 1809 1228 1863 τοῦτο
1264 1810 1553 1882 κεκόμικα,
1587 1811 1775 1880 κρίνας

1873 634 2045 687 nostri
2079 632 2343 700 primitias
2370 632 2588 703 Regina.-
2621 636 2779 688 matri
2837 635 2903 688 de
2952 634 3205 686 universa
3257 642 3447 685 natura

1871 726 2006 779 bene
2039 724 2267 787 meritae,
2303 734 2453 793 grata
2486 734 2667 779 mente
2694 725 2932 779 debitum
2964 722 3128 777 veluti
3177 720 3445 791 quoddam

1871 814 2259 883 persolvemus.
2312 812 2467 867 Enim
2502 830 2631 870 vero
2659 814 2932 869 tuetnoriae
2964 814 3233 881 proditum
3278 811 3448 876 est“,

1872 904 2105 957 rusticos
2130 901 2391 971 quosdam
2425 909 2584 957 terrae
2607 903 2792 973 glebas
2815 911 3110 964 vertentes,
3132 917 3253 953 cum
3277 910 3451 951 trans-

1870 1003 2087 1049 euntem
2122 993 2415 1062 aliquando
2456 1008 2635 1062 regem
2666 1010 2903 1064 purpura
2941 1004 3213 1058 ornatum,
3245 1006 3309 1045 ac
3336 991 3453 1043 dia-

1873 1086 2089 1139 demate
2123 1085 2438 1154 fulgentem,
2475 1085 2790 1154 inﬁnitaque
2820 1082 3119 1139 satellitum
3166 1098 3326 1135 manu
3360 1098 3455 1133 un-

1872 1174 2032 1243 dique
2064 1176 2339 1241 cinctum,
2370 1177 2819 1246 conspexissent,
2863 1191 2962 1231 nec
2994 1175 3290 1245 quidquam
3323 1191 3451 1242 snp-

1872 1276 2083 1336 peteret
2108 1267 2249 1336 quod
2291 1267 2518 1336 principi
2558 1269 2701 1322 dono
2730 1267 2958 1331 darent,
3004 1282 3166 1320 unum
3206 1280 3272 1319 ex
3318 1265 3450 1334 ipsis

1875 1373 2067 1425 aquam
2101 1358 2231 1411 nihil
2264 1367 2573 1413 cunctatum
2595 1358 2841 1413 hausisse
2868 1358 2944 1426 (in
2974 1357 3275 1426 prepiuquo
3304 1356 3448 1410 enim

1875 1447 2149 1504 uberrime
2183 1448 2415 1520 ﬂuebat)
2445 1448 2742 1518 laticesque
2775 1450 3084 1519 imperatori
3121 1449 3264 1501 dono
3291 1448 3449 1501 obtu-

1875 1538 2022 1594 lisse.
2066 1538 2198 1606 Regi
2240 1542 2483 1609 poscenti
2528 1542 2657 1610 quid
2715 1542 2815 1594 hoc
2853 1542 2952 1595 sibi
2988 1539 3179 1603 vellet,
3223 1540 3454 1593 ﬁdenter

1875 1632 1942 1687 ad
1966 1632 2108 1686 hunc
2133 1634 2349 1686 modum
2371 1633 2749 1703 respondisse:
2782 1632 2894 1687 Hoc
2922 1634 3065 1702 quod
3096 1632 3225 1686 mihi
3259 1639 3454 1699 praesto

1876 1730 1994 1780 erat
2029 1722 2160 1787 tuli;
2200 1722 2334 1777 nihil
2366 1724 2557 1777 melius
2586 1739 2671 1777 me
2696 1722 2967 1777 facturum
2996 1734 3165 1787 ratus,
3199 1737 3265 1775 ne
3287 1720 3451 1773 animi

1878 1813 2244 1883 promptttudo
2267 1822 2508 1883 egestate
2540 1828 2657 1868 mea
2676 1814 3060 1869 occultaretur.
3086 1812 3219 1866 Nam
3250 1822 3304 1865 tu
3332 1811 3451 1880 qui-

184 1905 382 1974 ἄριστα
422 1906 487 1973 τῇ
518 1903 702 1973 ἐνδείᾳ
731 1902 830 1972 τὴν
860 1900 1166 1972 προθυμίαν
1199 1901 1275 1971 μὴ
1305 1900 1766 1969 ἐγκαλύπτεσθαι.

1874 1904 2033 1969 dem,
2064 1917 2187 1958 cum
2222 1904 2384 1958 rebus
2416 1905 2618 1958 nostris
2662 1919 2766 1958 non
2799 1920 2935 1973 Opus
2964 1905 3165 1958 habeas
3189 1942 3203 1967 ,
3253 1902 3389 1956 nihil
3418 1919 3448 1954 a

186 1998 257 2049 Συ
282 1996 390 2066 γάρ
427 1996 529 2048 τῶν
553 1996 835 2065 ἡμετέρων
868 1996 968 2047 οὐκ
1000 1994 1240 2065 ἐπιδεὴς,
1274 1994 1395 2048 οὐδὲ
1425 1995 1623 2048 ἐθέλων
1660 1995 1767 2049 τῶν

184 2089 311 2160 παρ’
335 2090 462 2157 ἡμῖν
485 2088 515 2157 ἢ
540 2089 639 2159 τὴν
661 2086 896 2140 εὔνοιαν.
927 2087 1091 2155 Ἦμίν
1108 2086 1165 2139 δὲ
1188 2086 1345 2157 χρέος
1367 2088 1516 2140 ἐστίν
1536 2088 1651 2157 ἅμα
1675 2090 1768 2141 καὶ

183 2185 401 2246 ἔπαινος
427 2183 487 2235 τὸ
530 2182 876 2252 τελούμενον.
910 2180 1047 2246 Δόξα
1080 2181 1187 2250 γάρ
1212 2177 1352 2235 οἶδεν
1382 2182 1768 2236 ἐπακολουθεῖν

183 2277 258 2339 ὼς
287 2275 355 2328 τὰ
380 2273 548 2326 πολλά
575 2276 685 2336 τοῖς
711 2272 1072 2342 εὐγνώμοσιν.
1098 2270 1230 2325 Εἶτα
1263 2272 1355 2325 τὸν
1388 2272 1614 2342 βασιλέα
1632 2272 1765 2324 θαυ-

185 2367 433 2437 μάσαντα
455 2406 469 2429 ,
498 2365 782 2418 ἐπαινέσαι
818 2364 916 2433 μὲν
967 2365 1028 2416 τὸ
1060 2364 1220 2432 σοφὸν
1250 2404 1265 2427 ,
1316 2364 1678 2430 ἀποδέξασθαι
1710 2363 1766 2416 δὲ

184 2459 305 2529 μετ’
343 2457 553 2519 εὐνοίας
579 2455 678 2526 τὴν
707 2455 1038 2526 προθυμίαν,
1074 2454 1356 2518 πλείσταις
1390 2455 1437 2508 δ’
1469 2456 1622 2518 ὅσαις
1659 2454 1765 2507 δω-

185 2551 336 2617 ρεαῖς
384 2548 681 2617 φιλοτίμως
735 2546 899 2600 αὑτὸν
951 2545 1413 2616 ἀνταμείψασθαι.
1466 2546 1529 2599 El
1582 2545 1763 2599 τοίνυν

182 2642 392 2701 ἐκεῖνος
419 2640 447 2691 ὁ
476 2639 791 2709 ὺπέροφρυς
813 2637 1073 2708 τύραννος
1122 2637 1223 2708 τῆς
1256 2637 1599 2700 πολυτελείας
1629 2654 1766 2709 προ·-

181 2733 407 2803 κέκρικε
436 2732 534 2801 τὴν
561 2731 795 2796 εὔνοιαν,
828 2730 968 2801 αὕτη
993 2731 1025 2800 ἡ
1061 2730 1232 2793 ὅντως
1264 2729 1442 2801 ἀγαθὴ
1469 2730 1759 2796 Δέσποινα,

178 2825 216 2894 ἡ
248 2822 343 2874 τοῦ
376 2823 536 2893 μόνου
560 2822 768 2889 ἀγαθοῦ
795 2821 927 2874 Θεοῦ
951 2824 1173 2892 Μήτηρ,
1204 2817 1264 2875 οὗ
1292 2823 1323 2892 ἡ
1359 2822 1766 2891 συγκατάῦασις

180 2916 433 2983 ἄπειρος,
464 2913 560 2965 τοῦ
588 2915 651 2965 τὰ
674 2913 766 2965 δύο
791 2912 965 2965 λεπτά
994 2913 1103 2965 τῶν
1134 2912 1345 2966 πολλῶν
1372 2914 1765 2984 καρπωμάτων

178 3007 593 3075 προκρίναντος,
623 3004 681 3055 οὗ
715 3004 914 3074 μᾶλλον
944 3003 1101 3073 ἡμῶν
1130 3004 1449 3067 ἀποδέξεται
1498 3004 1593 3075 τὴν
1626 3005 1763 3075 πρό-

177 3095 330 3146 θεσιν
352 3135 365 3157 ,
393 3096 452 3146 οὐ
482 3095 579 3163 τὴν
618 3094 845 3163 δύναμιν
877 3095 1132 3164 κρίνουσι
1158 3111 1171 3159 ;
1212 3096 1315 3146 Ναὶ
1347 3095 1453 3165 μὴν
1504 3096 1761 3162 ἀποδέξε-

175 3203 293 3250 ται,
335 3187 409 3248 ὡς
438 3187 660 3257 ὀφειλὴν
700 3186 796 3256 μὲν
830 3187 1205 3257 προσάγοντας
1233 3226 1245 3249 ,
1276 3189 1665 3259 ἀντιμετρήσει
1691 3189 1761 3242 τὰ

174 3279 507 3350 ἀσύγκριτα.
529 3279 679 3331 Ἐπεὶ
701 3275 793 3332 οὖν
828 3278 887 3331 τὸ
917 3278 1094 3345 λέγειν
1121 3280 1182 3332 ἐκ
1214 3280 1414 3342 παντὸς
1440 3284 1758 3348 ἀναγκαῖον,

172 3371 325 3424 ὥστε
356 3371 416 3421 τι
450 3370 607 3438 χρέος
651 3366 1089 3436 ἀφοσιώσασθαι,
1132 3368 1265 3439 φέρε
1298 3370 1432 3440 πρὸς
1471 3372 1643 3441 αὐτὴν
1670 3372 1762 3424 τὸν

175 3462 343 3530 λόγον
366 3461 549 3532 τρέψω
556 3477 654 3531 μεν
689 3451 811 3516 ὧδε.

253 3716 327 3783 γ’.
358 3716 423 3768 Τί
472 3715 528 3767 δὲ
577 3715 996 3786 προσείπωμεν,
1046 3718 1345 3785 Δέσποινα;
1398 3721 1506 3774 τίσι
1543 3722 1599 3775 δὲ
1648 3722 1760 3793 (85)

176 3806 679 3879 προσ-φθεγξόμεθα
735 3809 980 3878 ῥήμασι;
1026 3811 1202 3874 ποίοις
1238 3813 1295 3864 δὲ
1341 3814 1637 3881 ἐγκωμίοις
1664 3816 1762 3886 τὴν

174 3901 282 3969 σὴν
334 3900 484 3970 ἱερὰν
542 3899 633 3950 καὶ
688 3898 1078 3969 ὃεδοξασμένην
1154 3902 1421 3973 στέῲομεν
1491 3905 1603 3974 (84)
1675 3923 1764 3959 κε-

176 3992 389 4061 φαλὴν,
450 3991 547 4059 τὴν
610 3990 946 4058 ἀγαθοδότιν,
995 3994 1097 4062 τὴν
1145 3994 1630 4068 πλουτοδότειραν,
1666 3996 1761 4049 τοῦ

172 4084 525 4153 ἀνθρωπείου
566 4082 755 4150 γένους
803 4084 862 4135 τὸ
899 4084 1333 4154 ἐγκαλλώπισμα
1361 4126 1374 4151 ,
1412 4087 1471 4137 τὺ
1531 4086 1762 4157 αὔχημα

176 4174 367 4241 πάσης
399 4174 492 4242 τῆς
519 4173 849 4236 κτίσεως,δι⁹
880 4174 946 4242 ἦν
972 4175 1044 4237 ὡς
1075 4175 1291 4245 ἀληθῶς
1318 4177 1757 4246 μεμακάρισταις

180 4264 282 4315 Ὃν
303 4263 411 4331 γὰρ
444 4264 541 4315 οὐκ
567 4262 764 4333 ἐχώρει
786 4262 847 4314 τὸ
875 4266 1161 4334 πρότερον,
1188 4265 1275 4318 διὰ
1300 4266 1394 4319 σοῦ
1420 4267 1754 4339 κεχώρηκεν.

173 4346 254 4404 υῦ
292 4353 539 4405 ἀτενίσαι
571 4351 669 4402 οὐκ
699 4349 929 4414 ἐσθὲνει,
952 4351 1459 4423 ἀνακεκαλυμμένῳ
1486 4355 1761 4425 προσώπῳ

174 4443 890 4511 κατοπτρίζεται.”Λνοιξον
914 4444 1066 4512 ἡμῖν,
1098 4436 1143 4496 ὧ
1174 4444 1313 4511 Λόγε
1355 4446 1487 4498 θεοῦ
1508 4488 1522 4512 ,
1554 4448 1613 4499 τὸ
1636 4447 1762 4517 βρα-

1871 1994 2029 2049 nbbis
2058 1995 2310 2065 exposcis
2335 2035 2349 2057 .
2376 1996 2479 2049 nisi
2504 1996 2823 2051 benevolum
2853 1995 3021 2066 859
3053 2010 3115 2049 ac
3144 2004 3451 2064 promptum

1870 2084 2138 2138 animum.
2177 2083 2293 2139 Hoc
2324 2085 2498 2150 nobis,
2526 2094 2635 2140 tum
2668 2087 2833 2142 debiti
2866 2086 3160 2156 persolutio
3189 2095 3269 2140 est
3290 2124 3306 2149 ,
3338 2097 3449 2138 tum

1869 2174 2045 2230 laudis
2078 2185 2476 2247 argumentum.
2515 2177 2790 2247 Siquidem
2821 2192 2961 2245 saape
2996 2178 3054 2232 lit
3079 2219 3094 2243 ,
3140 2187 3197 2233 ut
3237 2193 3332 2233 eos
3357 2177 3447 2246 qni

1868 2280 1928 2321 se
1961 2275 2143 2336 gratos
2170 2267 2431 2337 praebent,
2454 2269 2622 2338 gloria
2653 2271 2957 2326 comitetur.
2987 2270 3248 2337 Quocirca
3273 2284 3450 2339 regem

1867 2357 2224 2412 admiratione
2251 2368 2583 2412 commotum
2616 2397 2631 2424 ,
2675 2359 2833 2428 hujus
2868 2360 3083 2428 quidem
3128 2358 3449 2428 sapientiam

1867 2448 2137 2513 laudasse,
2168 2447 2296 2517 quin
2330 2457 2384 2501 et
2412 2458 2720 2518 promptum
2768 2448 2934 2503 animi
2981 2449 3215 2503 studium
3257 2463 3454 2517 appro-

1866 2540 2047 2605 basse,
2066 2540 2225 2610 eique
2248 2541 2527 2610 complura
2561 2539 2824 2594 beneﬁcia
2858 2539 3235 2595 liberalissime
3260 2554 3451 2610 repen—

1867 2636 2031 2693 disse.
2064 2635 2119 2690 Si
2146 2636 2308 2707 igitur
2324 2636 2588 2705 superbus
2608 2633 2695 2689 ille
2719 2643 2978 2704 tyrannus
3020 2633 3448 2690 benevolentiam

1870 2728 2242 2783 muniﬁcentia
2275 2729 2536 2799 potiorem
2566 2726 2778 2793 habuit,
2811 2742 2992 2781 annon
3025 2727 3139 2782 haec
3170 2743 3292 2782 vere
3311 2728 3449 2782 bona

1867 2819 2116 2885 Domina,
2150 2818 2371 2886 ejusque
2404 2817 2594 2884 Mater,
2628 2817 2717 2888 qui
2744 2816 2890 2873 solus
2922 2828 3002 2872 est
3030 2818 3202 2872 bonus
3224 2860 3238 2881 ,
3289 2817 3446 2885 cujus

1866 2910 2076 2964 inﬁnita
2115 2909 2445 2980 indulgentia
2472 2918 2574 2974 est,
2610 2908 2811 2978 quique
2852 2907 3059 2961 minuta
3085 2909 3187 2962 duo
3220 2910 3448 2978 amplis-

1864 3000 2015 3055 simis
2066 3002 2230 3056 etiam
2280 2999 2591 3054 muneribus
2656 3000 2889 3068 prmtulit
2919 3043 2935 3065 ,
2985 3009 3230 3053 nostrum
3278 3000 3451 3053 multo

1868 3089 2035 3158 magis
2087 3089 2421 3158 propositum
2469 3087 2886 3157 comprobabit,
2927 3088 3125 3142 nullam
3174 3088 3451 3144 facultatis

1866 3179 2130 3232 rationem
2166 3178 2375 3232 habens
2404 3178 2425 3231 ?
2474 3176 2547 3231 Ita
2580 3187 2726 3233 certe
2757 3177 3147 3246 comprobabit,
3185 3178 3450 3231 debitum-

1866 3283 1971 3338 que
2021 3267 2254 3321 ollicium
2302 3269 2620 3323 exhibentes
2668 3268 2939 3337 excipiet,
2990 3268 3249 3337 nobisth
3308 3269 3447 3322 bona

1868 3360 2123 3425 rependet
2146 3360 2289 3411 onmi
2320 3360 2729 3427 comparatione
2758 3358 2982 3428 majora.
3002 3361 3266 3426 Quoniam
3288 3362 3451 3427 igitur

1864 3450 2171 3504 orationem
2203 3450 2403 3504 habere
2430 3451 2649 3504 omnino
2676 3466 2895 3505 necesse
2927 3460 3041 3516 est,
3095 3461 3150 3504 ut
3180 3451 3277 3505 hoc
3312 3467 3447 3520 quo-

1864 3552 1967 3605 que
1996 3552 2221 3591 munere
2261 3539 2444 3593 debito
2474 3539 2852 3611 defungamur,
2892 3541 2959 3595 ad
2991 3556 3109 3595 eam
3138 3543 3297 3596 modo
3326 3557 3445 3596 serv

1866 3644 2075 3682 monent
2102 3637 2518 3685 convertemus.

1933 3718 1987 3773 5.
2022 3720 2139 3785 Quo
2171 3721 2387 3774 tandem
2427 3732 2497 3785 te,
2530 3736 2563 3775 ο
2608 3720 2858 3785 Domina,
2882 3724 3100 3777 nomine
3137 3725 3440 3794 compeiia-

1864 3812 2084 3867 binms?
2126 3813 2321 3880 quibus
2353 3822 2403 3867 te
2466 3814 2645 3869 verbis
2700 3815 3075 3884 alloquemur?
3105 3816 3301 3884 quibus
3325 3817 3446 3870 lau-

1863 3903 2017 3958 dibus
2079 3918 2294 3958 sacrum
2352 3915 2499 3958 tuum
2534 3920 2598 3959 ac
2630 3906 2950 3975 przeclarum
3002 3916 3168 3975 caput
3222 3909 3442 3961 ornabi-

1864 3997 2018 4049 mus?
2043 4005 2112 4059 te,
2148 3996 2391 4063 inquam,
2422 3997 2686 4050 bonorum
2739 3998 3094 4065 largitriccm,
3128 3997 3438 4053 divitiarum

1862 4087 2220 4149 donatricent,
2257 4088 2476 4141 humani
2534 4088 2749 4158 generis
2799 4100 3202 4155 ornamentum,
3231 4092 3439 4145 omnis-

1859 4192 1964 4246 que
2014 4188 2281 4231 creatura:
2335 4180 2523 4237 decus,
2572 4194 2670 4248 per
2719 4196 2882 4249 quant
2937 4181 3024 4233 illa
3095 4196 3220 4235 vere
3285 4184 3439 4236 beata

1861 4270 2053 4324 el'l'ecta
2102 4282 2207 4323 est.
2258 4269 2426 4334 Quem
2480 4272 2624 4323 enim
2685 4273 2836 4339 prius
2895 4272 3120 4327 minime
3170 4275 3438 4344 capiebat,

1862 4361 2007 4415 hunc
2050 4375 2147 4428 per
2190 4369 2241 4412 te
2301 4361 2644 4427 postmodum
2697 4362 2887 4431 cepit:
2930 4362 2982 4415 in
3028 4378 3184 4431 quem
3240 4366 3435 4417 intueri

1862 4468 1966 4506 non
1991 4462 2221 4521 poterat,
2258 4452 2498 4506 revelata
2527 4453 2669 4507 facie
2713 4469 2806 4520 per
2838 4465 2887 4508 te
2937 4457 3340 4523 contemplatur
3362 4457 3431 4510 ".

169 4535 491 4601 ὂὸγλωσεον
530 4534 724 4602 στόμα.
754 4535 852 4596 Δὸς
890 4535 948 4585 ὲν
977 4535 1181 4600 ἀνοίξει
1212 4536 1435 4605 χειλέων
1467 4537 1628 4607 ἡμῶν
1661 4557 1755 4608 χα-

1866 4544 2045 4612 Aperi,
2076 4558 2107 4596 ο
2144 4544 2234 4597 Dei
2262 4542 2523 4608 Verbum,
2562 4544 2773 4597 tardum
2828 4545 2969 4598 istud
3031 4562 3092 4599 os
3162 4556 3433 4603 nostrum.

171 4626 465 4694 ριέςτατονι
502 4624 679 4690 λόγον.
718 4626 1067 4695 Ἐμπνευσον
1095 4628 1227 4696 ἡμῖν
1260 4628 1357 4697 τὴν
1383 4628 1479 4680 τοῦ
1508 4629 1758 4700 Ιινεύμα-

165 4730 267 4773 τος
288 4715 475 4781 χάριν,
498 4713 565 4765 δι’
586 4710 653 4785 ἧς
679 4716 849 4777 ἁλιεῖς
878 4716 1253 4787 ῥητορεύουσι,
1282 4720 1376 4771 καὶ
1401 4722 1758 4791 ἀγράμματοι

165 4802 397 4855 λαλοῦσι
434 4803 621 4870 σοφίαν
652 4805 748 4874 τὴν
772 4805 913 4877 ὑπὲρ
939 4804 1223 4877 ἄνθρωπον
1244 4823 1259 4838 ⁸
1288 4808 1375 4861 ἵνα
1409 4811 1500 4861 καὶ
1527 4813 1683 4880 ἡμεῖς
1708 4814 1755 4866 oi

167 4894 501 4962 ἰσχνόφωνοι
538 4894 936 4966 εὐπορήσωμεν
970 4897 1069 4965 τῆς
1122 4898 1223 4966 σῆς
1256 4899 1517 4969 φιλτάτης
1550 4904 1755 4972 μητρὸς

166 4986 277 5037 κᾶν
311 4983 567 5054 ἀμυδρῶς
590 4984 772 5053 γέπως
803 4987 1064 5056 μεγαλεῖα
1092 4988 1450 5057 φθέγξασθαι.
1478 4991 1623 5062 Αὕτη
1648 4992 1756 5063 γὰρ

163 5078 236 5128 ὲκ
278 5075 483 5143 γενεῶν
529 5075 776 5145 ἀρχαίων
823 5078 1189 5150 ἐκλελεγμένη
1216 5119 1231 5145 ,
1266 5084 1333 5152 τῇ
1366 5084 1758 5156 προωρισμένῃ

164 5165 342 5237 βουλῇ
389 5166 483 5219 καὶ
531 5167 750 5239 εὐδοκία
772 5168 865 5222 τοῦ
904 5186 961 5221 σε
1008 5170 1289 5241 ἀχρόνως,
1340 5174 1655 5244 ἀρῤεύστως
1693 5193 1755 5228 τε

163 5256 270 5310 καὶ
291 5256 519 5320 ἀπαθῶς
556 5258 919 5329 γεννήσαντος
945 5259 1081 5313 θεοῦ
1117 5264 1211 5317 καὶ
1248 5264 1460 5334 Πατρός
1483 5306 1496 5331 ,
1530 5265 1756 5335 ἱλασμὸν

1864 4636 1933 4688 lla
1971 4635 2022 4689 in
2073 4634 2356 4703 apertione
2410 4636 2678 4690 labiorum
2742 4647 3052 4690 nostrorum
3110 4640 3432 4691 concinnam

1856 4728 2346 4795 suavissimamqne
2378 4727 2702 4780 orationem.
2733 4726 2975 4780 Gratiam
3004 4728 3161 4783 nobis
3188 4729 3434 4797 Spiritus

1858 4818 2007 4881 inlla,
2046 4833 2142 4885 per
2176 4834 2337 4886 quam
2393 4817 2607 4871 facundi
2644 4819 2780 4872 ﬁunt
2832 4820 3151 4886 piscatores,
3179 4832 3234 4875 et
3278 4821 3429 4875 litte-

1856 4924 2036 4962 rarum
2063 4920 2313 4977 expertes
2333 4908 2665 4976 sapientium
2692 4909 2927 4964 hominis
2956 4911 3266 4968 conditione
3290 4929 3432 4980 pra:-

1854 5000 2172 5053 stanliorem
2207 4999 2503 5067 loquuntur
2533 5016 2547 5053 :
2581 5010 2638 5053 ut
2666 5016 2765 5055 nos
2799 5002 2963 5055 etiam
2997 5004 3089 5071 qui
3133 5004 3431 5061 liebetioris

1855 5089 2049 5155 linguae
2075 5104 2283 5152 sumus,
2309 5089 2647 5145 charissima:
2674 5100 2777 5145 tuae
2808 5092 2997 5147 Matris
3030 5096 3428 5163 praacellentias

1853 5180 2048 5249 exigue
2076 5181 2267 5233 saltem
2304 5189 2357 5233 et
2388 5180 2619 5236 obscure
2648 5184 2942 5251 praedicare
2982 5186 3271 5252 possimus.
3300 5186 3427 5241 llaec

1853 5269 2019 5333 enim,
2056 5284 2177 5322 cum
2199 5268 2267 5321 ab
2317 5269 2611 5340 antiquiori
2670 5286 2808 5339 aevo,
2842 5274 3111 5341 praeﬁnito
3160 5276 3397 5331 consilio

242 5432 292 5464 ³⁸
313 5433 637 5515 Artager‘ses
655 5432 940 5515 Persar‘tlm
964 5451 1080 5503 rex,
1103 5436 1170 5492 de
1193 5452 1299 5506 quo
1340 5436 1661 5495 Plutarchus
1691 5439 1743 5494 in
1789 5440 1928 5510 ipso,
1956 5452 2008 5497 et
2048 5442 2099 5496 in
2135 5445 2474 5515 Apopntheg.
2504 5442 2646 5499 Idem
2694 5455 2920 5501 testatur
2942 5448 3185 5505 Ailianus
3208 5450 3260 5505 in
3289 5451 3406 5508 llist

160 5518 295 5559 var.
371 5504 417 5533 "
459 5501 498 5555 ll
532 5504 655 5557 Cor.
688 5518 772 5567 ιιι,
805 5502 890 5556 18.

240 5661 360 5723 (8|)
387 5660 571 5733 Germ:
604 5661 839 5733 ἀρώτας.

239 5736 358 5801 (82’)
397 5731 459 5785 ιι.
515 5727 793 5788 εἷταέπεὶ
843 5734 1021 5804 παρῆν
1050 5731 1199 5785 οὐδὲν
1246 5730 1333 5782 ὅτε
1382 5727 1455 5798 τῷ
1511 5732 1747 5802 τυράννῳ

153 5820 363 5858 εωοον.

2073 5667 2257 5749 ξοην.
2290 5671 2796 5745 προσφθεγξὼμεθα
2828 5675 2939 5738 τοῖς
2965 5677 3193 5749 ῥήμασι.

1931 5738 2045 5805 (84)
2071 5736 2134 5790 ιι.
2168 5736 2358 5808 κάραν.
