4170 6454
159 350 256 410 Τιὸθ

963 342 1292 405 ΙΙΟΜΠᾸΛ
1333 341 1360 400 Ι
1404 341 1482 401 1N
1524 339 2063 402 DORMITIONEM
2108 340 2170 398 Β.
2216 341 2278 398 ν.
2323 339 2606 399 MARHS.

3328 339 3431 400 7l0

157 467 274 519 ἐπεὶ
307 462 406 534 τῆς
446 459 660 533 ἡλικίας
690 461 723 531 ἡ
757 456 912 530 ἀκμὴ
957 457 1335 528 κατελάμϐανε
1359 501 1374 524 ,
1413 459 1508 510 καὶ
1554 457 1737 526 μένειν
1767 504 1773 515 ,

1858 464 2074 508 'emota.
2099 452 2204 507 Sed
2228 469 2351 508 eum
2384 455 2448 506 ad
2479 453 2656 508 astatis
2685 452 2873 507 liorem
2903 450 3265 524 pervenisset,
3303 470 3432 524 pro-

166 560 262 612 τῶν
285 557 602 628 ἀνακτόρων
635 553 782 608 Ευδον
815 552 1064 623 νομίμως
1089 552 1404 622 ἀπείργετο,
1446 549 1740 621 μνηστῆρι,

159 651 349 705 ταύτὸν
385 649 443 701 δὲ
489 649 666 701 εἰπεῖν
703 646 905 716 φύλακι
947 644 1048 714 τῆς
1088 643 1390 714 παρθενίας
1414 683 1429 706 ,
1471 641 1610 713 πρὸς
1643 638 1740 692 τοῦ

160 740 318 812 χοροῦ
360 741 469 792 τῶν
513 737 704 808 ἱερέων
748 735 827 806 τῷ
868 735 1068 805 Ἰωσὴφ
1108 732 1511 803 ἐγχειρίζεται,
1553 730 1613 794 ὃς
1649 729 1743 782 τὸν

159 835 318 901 νόμον
343 829 813 900 ἀπαραχάρακτον
837 826 1002 898 μέχρι
1031 827 1218 895 γήρως
1244 827 1301 877 ἐν
1323 822 1607 893 συγκρίσει
1632 819 1742 873 τῶν

163 924 338 977 ἄλλων
364 922 653 991 ἐφύλαττε.
680 917 824 989 Πρὸς
851 917 1041 970 τοῦτον
1068 919 1101 983 ἡ
1131 916 1251 987 ἱερὰ
1283 914 1422 985 αὕτη
1446 914 1540 967 καὶ
1571 912 1741 966 πανά-

167 1031 357 1085 μωμος
401 1015 582 1075 νεᾶνις
636 1009 749 1081 (98)
792 1007 1064 1078 διέτριϐε,
1095 1008 1207 1068 τοῖς
1243 1006 1362 1058 κατ’
1397 999 1547 1058 οἶκον
1596 1017 1741 1055 στοι-

165 1106 355 1176 χοῦσα,
383 1105 479 1157 καὶ
509 1102 617 1155 τῶν
651 1101 758 1172 πρὸ
783 1100 883 1170 τῆς
911 1099 1089 1162 οἰκίας
1119 1098 1287 1151 εἰδυῖα
1318 1098 1504 1168 μηδέν.

232 1197 301 1259 ζ’.
336 1197 465 1248 Ὅτε
500 1195 557 1248 δὲ
583 1190 713 1266 ἦλθε
741 1192 803 1246 τὸ
832 1193 1110 1263 πλήρωμα
1139 1191 1233 1244 τοῦ
1269 1190 1485 1261 χρόνου,
1521 1187 1594 1251 ῶς
1633 1205 1737 1258 φη-

167 1308 249 1342 σιν
273 1293 302 1342 ὁ
338 1289 482 1352 θεῖος
524 1287 870 1352 Ἀπόστολος,
901 1286 1184 1356 ἀπεστάλη
1219 1284 1324 1337 ὑπὸ
1357 1282 1449 1335 τοῦ
1478 1281 1612 1334 Θεοῦ
1640 1283 1742 1347 ἄγ-

163 1380 322 1448 γελος
351 1378 588 1449 Γαϐριὴλ
617 1377 753 1450 πρὸς
783 1376 986 1446 ταύτην
1015 1378 1113 1448 τὴν
1139 1376 1309 1436 ὅντως
1338 1373 1614 1436 θεόπαιδα,
1649 1371 1742 1424 καί

163 1489 298 1540 φησι
337 1472 470 1541 πρὸς
499 1470 698 1540 αὐτὴν·
719 1468 916 1538 Χαζοε,
948 1467 1384 1538 κεχαριτωμένη
1405 1507 1418 1531 ,
1458 1469 1490 1519 ό
1525 1464 1574 1517 Κ
1582 1466 1743 1533 cipis;-

160 1563 312 1630 μετὰ
350 1564 486 1618 σοῦ.
529 1562 708 1614 Καλὸν
749 1563 810 1615 τὸ
838 1561 932 1614 τοῦ
971 1561 1238 1630 ἀγγέλου,
1285 1561 1421 1630 πρὸς
1467 1557 1568 1626 τὴν
1602 1558 1742 1627 ὑπὲρ

174 1655 407 1722 ἄγγελον
425 1655 811 1726 πρόσφθεγμα.
845 1652 1037 1726 Χᾶράν
1061 1654 1170 1724 γὰρ
1195 1653 1352 1723 φέρει
1375 1653 1738 1720 παγκὸσμιονο

176 1749 240 1798 'll
267 1747 323 1798 δὲ
357 1749 446 1800 ἐπὶ
467 1748 544 1818 τῷ
576 1747 718 1817 λόγῳ
747 1746 1045 1818 ἐταράχθη,
1075 1747 1176 1816 τῆς
1205 1746 1343 1815 πρὸς
1384 1744 1582 1814 ἄνδρας
1619 1743 1741 1812 ὀμι-

1847 547 2067 601 hibente
2108 547 2224 616 lege
2263 560 2332 600 ne
2372 545 2512 600 intra
2543 544 2726 616 templi
2758 555 2908 616 septa
2935 545 3194 616 deinceps
3225 561 3431 616 ageret,

1846 653 2078 710 sponso,
2108 653 2201 693 seu
2229 637 2560 708 virginitatis
2588 637 2821 705 custodi,
2851 651 2881 690 a
2904 638 3245 692 sacerdotum
3267 637 3435 691 choro

1846 731 2098 794 traditur,
2125 731 2216 799 qui
2261 731 2433 800 legem
2455 728 2763 784 inviolatam
2793 730 2860 784 ad
2888 736 3223 784 senectutem
3261 745 3438 798 usque

1845 821 2068 892 perinde
2101 835 2164 874 ac
2191 820 2487 888 quivis‘alii
2525 829 2858 876 servaverat.
2889 819 3045 891 Apud
3074 821 3218 874 hunc
3248 821 3439 888 itaque

1843 928 2002 968 sacra
2037 913 2174 979 haec,
2203 923 2257 969 et
2285 928 2507 983 prorsus
2558 913 2880 969 iutaminata
2905 913 3086 984 puella
3119 929 3434 969 commora-

1846 1007 2026 1071 batur,
2063 1005 2207 1060 domi
2243 1020 2302 1060 se
2339 1007 2644 1074 continens,
2676 1004 2917 1075 nihilque
2943 1021 3130 1061 eorum
3157 1022 3280 1076 qua:
3309 1014 3440 1060 ante

1847 1096 1989 1152 fores
2019 1112 2146 1152 suas
2173 1108 2515 1168 gererentur,
2556 1099 2829 1169 cognitum
2868 1097 3092 1153 habens.

1917 1191 1970 1242 7.
2009 1188 2142 1243 Cum
2189 1198 2393 1253 autem,
2432 1198 2488 1243 ut
2518 1190 2736 1245 divinus
2759 1189 3050 1260 Apostolus
3079 1189 3156 1242 ait
3179 1189 3250 1252 ⁶⁰,
3275 1189 3430 1243 venit

1846 1278 2121 1347 plenitudo
2158 1279 2435 1348 temporis,
2465 1278 2531 1332 ad
2554 1279 2692 1335 hanc
2720 1294 2846 1335 vere
2885 1281 2979 1334 Dei
3017 1278 3182 1334 tiliam
3208 1283 3438 1348 angelus

1846 1368 2062 1424 Gabriel
2101 1386 2129 1424 a
2173 1370 2283 1426 Deo
2311 1372 2510 1426 missus
2547 1381 2672 1435 est,
2723 1386 2889 1442 quam
2937 1371 3089 1426 hisce
3132 1373 3314 1428 verbis
3359 1388 3444 1429 est

1845 1462 2152 1516 allocutus:
2213 1465 2338 1526 Ave,
2383 1464 2557 1532 gratia
2614 1462 2792 1531 plena,
2852 1461 3109 1517 Dominus
3169 1474 3336 1518 tecum
3369 1466 3436 1510 ⁵³.

1846 1553 2108 1609 Praeclara
2136 1569 2269 1609 sane
2293 1556 2467 1624 angeli
2494 1556 2559 1609 ad
2587 1569 2706 1610 eam
2737 1570 2858 1625 qua:
2881 1556 3088 1626 angelis
3119 1557 3439 1626 praestabat’

1847 1647 2118 1701 allocutio.
2165 1647 2430 1701 Gaudium
2483 1649 2626 1702 enim
2682 1649 2831 1704 orbis
2881 1651 3044 1705 totius
3097 1651 3276 1705 all‘ert.
3337 1651 3440 1706 l5ta

1849 1757 1979 1796 vero
2016 1742 2086 1795 ob
2115 1755 2420 1795 sermonem
2453 1742 2570 1811 ejus
2610 1743 2819 1798 turbata
2870 1753 2992 1810 est,
3048 1753 3114 1802 ut,
3152 1761 3272 1815 quae
3317 1762 3440 1802 cum

165 1836 286 1900 λίας
323 1837 496 1908 ἀήθης
535 1837 877 1908 ὑπάρχουσα.
941 1837 1224 1906 ’Λσφαλῶς
1274 1836 1378 1906 γὰρ
1419 1838 1608 1904 τηρεῖν
1646 1835 1746 1904 τὴν

1860 1834 1989 1888 viris
2016 1833 2246 1904 colloqui
2281 1833 2500 1888 minime
2553 1846 2941 1902 consueverat,
2990 1851 3110 1891 cum
3154 1839 3441 1910 virginita-

164 1931 472 2001 παρθενίαν
495 1931 792 2002 προῄρητο.
820 1929 1178 2000 Διελογίζετο
1201 1929 1256 1982 δὲ
1275 1929 1346 1982 ἐν
1365 1927 1549 1996 ἑαυτῇ
1576 1945 1756 1981 steta-

165 2007 283 2088 πιίς
313 2023 404 2090 εἴη
440 2026 472 2076 ὁ
497 2024 820 2092 ἀσπασμὸς
841 2019 1036 2088 οὗτος.
1071 2023 1182 2076 Καὶ
1219 2021 1358 2094 πρὸς
1387 2019 1558 2090 αὐτὴν
1595 2021 1624 2072 ὁ
1657 2021 1756 2087 ἄγ-

163 2115 356 2183 γελοςο
380 2115 474 2183 Μὴ
513 2116 728 2184 φοϐοῦ,
749 2115 1004 2182 Μαριὰμο
1029 2110 1203 2182 εὗρες
1232 2113 1341 2183 γὰρ
1390 2111 1566 2181 χάριν
1595 2109 1756 2179 παρὰ

163 2207 247 2276 τῷ
274 2206 418 2272 Θεῷ.
463 2211 670 2272 Ὄντως
694 2209 803 2279 (99)
827 2202 953 2280 εὗρε
980 2209 1159 2279 χάριν,
1186 2209 1220 2278 ἡ
1240 2206 1364 2271 ἀξία
1387 2207 1483 2277 τῆς
1511 2207 1754 2276 χάριτος.

163 2295 313 2370 Εὗρε
345 2299 506 2371 χάριν
532 2300 564 2368 ἡ
592 2301 718 2362 τοὺς
752 2300 945 2361 πόνους
985 2299 1085 2367 τῆς
1116 2298 1336 2376 χάριτος
1365 2297 1754 2366 γεωργήσασα,

163 2391 264 2442 καὶ
294 2388 427 2441 πολὺ
451 2387 765 2458 ὃρεψαμὲνη
794 2387 886 2440 τὸν
913 2387 1172 2456 ἄσταχυν.
1198 2380 1338 2457 Εὗρε
1362 2386 1544 2456 χάριν,
1573 2386 1607 2455 ἡ
1631 2385 1757 2448 τοὺς

165 2481 410 2551 σπόρους
445 2479 546 2549 τῆς
579 2481 799 2550 χάριτος
827 2480 1137 2550 γεννήσασα
1157 2519 1170 2545 ,
1207 2479 1302 2531 καὶ
1342 2477 1606 2548 πολύχουν
1633 2477 1757 2549 δρε-

161 2574 391 2641 ψαμένη
452 2573 544 2624 τὸν
603 2572 842 2643 ἄσταχυν
891 2571 994 2640 τῆς
1056 2571 1298 2642 χάριτος.
1343 2565 1483 2642 Εὗρε
1533 2571 1758 2641 χάριτος

556 2665 700 2719 σῶαν
739 2665 839 2733 τὴν
873 2663 1076 2718 ὁλκάδα
1107 2663 1208 2734 τῆς
1234 2664 1428 2734 διπλῆς
1456 2663 1757 2733 παρθενίας

160 2759 458 2827 τηρήσασα
485 2799 498 2818 ,
532 2758 628 2809 καὶ
660 2756 760 2827 τὴν
789 2755 966 2827 ψυχὴν
1004 2756 1113 2828 γὰρ
1147 2755 1414 2827 παρθένον
1455 2755 1754 2824 ἐτήρησεν,

158 2849 230 2900 οὐ
265 2847 361 2900 τοῦ
396 2849 645 2918 σώματος
676 2849 918 2902 ἔλαττον.
956 2848 1121 2900 Ὅθεν
1150 2849 1246 2900 καὶ
1292 2849 1326 2917 ἡ
1366 2847 1459 2900 τοῦ
1507 2845 1757 2916 σώματος

161 2940 447 3011 παρθενία
474 2943 761 3010 τετήρητο.
789 2940 896 2994 Kal
929 2940 1092 3007 τέξῃ,
1121 2940 1200 3010 (Ι)
1232 2941 1426 3009 φησὶν,
1470 2938 1634 3002 υἱὸν,
1659 2937 1756 2990 καὶ

160 3029 460 3094 καλέσεις
484 3030 546 3082 τὸ
566 3030 751 3099 ὄνομα
769 3031 954 3084 αὐτοῦ
986 3029 1238 3097 Ἰησοῦν·
1257 3027 1462 3099 Ἰησοῦς
1478 3028 1534 3080 δὲ
1557 3027 1756 3094 σωτὴρ

160 2665 433 2730 ἄϐυσσον,

1860 1936 1967 1980 tem
2015 1925 2201 1980 sedulo
2253 1940 2473 1979 servare
2528 1926 2869 1982 inStituisset.
2937 1925 3212 1998 Cogitabat
3262 1940 3439 1984 autem

1855 2013 2030 2083 qualis
2057 2025 2184 2068 esset
2229 2015 2334 2068 ista
2374 2016 2629 2068 salutatio
2655 2017 2722 2070 ⁶².
2761 2017 2896 2071 Tum
2927 2019 3151 2089 angelus
3181 2021 3246 2074 ad
3279 2036 3396 2075 eam
3423 2037 3438 2075 :

1859 2105 1944 2160 Ne
1983 2107 2189 2172 timeas,
2226 2108 2323 2172 ait,
2358 2105 2574 2161 Maria:
2599 2109 2839 2162 invenisti
2863 2110 2999 2162 enim
3027 2111 3258 2180 gratiam
3297 2115 3440 2182 apud

1859 2195 2026 2251 Deum
2058 2198 2124 2250 ⁸³.
2159 2197 2323 2252 Plane
2367 2198 2593 2267 gratiam
2629 2197 2872 2264 invenit,
2918 2215 3040 2269 quae
3069 2204 3244 2272 gratia
3280 2205 3439 2275 digna

1856 2300 1996 2346 erat.
2037 2291 2280 2345 Gratiam
2313 2291 2540 2356 invenit,
2571 2307 2691 2362 qua:
2730 2295 2916 2362 gratiae
2946 2295 3160 2350 labores
3191 2298 3444 2351 excolue-

1856 2394 1964 2452 rat,
1987 2384 2372 2454 copiosamque
2397 2395 2630 2456 segetem
2659 2384 2970 2455 collegerat.
3011 2386 3253 2442 Gratiam
3286 2389 3440 2444 inve-

1857 2477 1968 2541 nit,
1995 2491 2115 2546 quae
2140 2477 2327 2547 gratiae
2368 2478 2573 2530 semina
2614 2478 2936 2546 progenuit,
2972 2486 3028 2532 et
3067 2478 3438 2548 plenissimam

1857 2570 2045 2637 gratia:
2065 2583 2290 2623 messem
2319 2568 2518 2622 retulit.
2541 2566 2742 2622 Gratia:
2773 2568 3030 2637 abyssum
3062 2571 3288 2634 invenit,
3319 2585 3441 2640 quas

1857 2662 2088 2731 duplicis
2123 2660 2452 2729 virginitatis
2497 2675 2685 2714 navem
2731 2670 3044 2718 servaverat
3092 2664 3436 2720 ineolutuem.

1858 2753 2021 2808 Maria
2047 2755 2189 2808 enim
2222 2769 2325 2807 non
2356 2753 2533 2806 minus
2564 2754 2805 2808 animum
2851 2770 3010 2824 quam
3046 2771 3242 2825 corpus
3276 2756 3440 2827 virgi-

1856 2858 1978 2900 nem
2049 2843 2416 2909 custodierat;
2475 2844 2618 2898 uude
2673 2845 2832 2900 etiam
2894 2846 3172 2901 constabat
3222 2849 3436 2915 corpori

1855 2937 2158 3007 virginitas.
2201 2935 2266 2987 Et
2295 2937 2504 3005 paries,
2535 2936 2743 3006 inquit,
2783 2938 2953 3004 ﬁlium
2975 2979 2990 3002 ,
3029 2948 3079 2992 et
3108 2941 3316 2993 vocabis
3345 2957 3439 2994 no-

1856 3046 1972 3083 men
2001 3027 2111 3097 ejus
2148 3027 2326 3082 Iesum
2372 3026 2563 3098 (Jesus
2605 3037 2785 3083 autem
2834 3029 3165 3084 Salvatorem
3210 3034 3437 3101 sonat).

160 3121 561 3192 ἑρμηνεύεταιο
591 3121 774 3186 αὐτὸς
796 3123 907 3190 γὰρ
945 3121 1131 3174 σώσει
1158 3119 1265 3173 τὸν
1291 3120 1446 3173 λαὸν
1469 3119 1656 3172 αὐτοῦ
1686 3118 1754 3171 ἐκ

1861 3119 1980 3189 Ipse
2005 3121 2140 3173 enim
2183 3120 2383 3172 salvum
2429 3121 2585 3187 faciet
2631 3120 2877 3188 populum
2922 3137 3077 3174 suum
3131 3141 3162 3174 ιι
3213 3125 3439 3191 peccatis

160 3213 293 3265 τῶν
317 3212 578 3281 ἀνομιῶν
605 3212 822 3266 αὐτῶν.
847 3213 911 3264 Τί
938 3212 1072 3282 πρὸς
1093 3210 1264 3264 ταῦτα
1284 3211 1383 3278 τῆς
1410 3210 1644 3279 ἀληθοῦς
1672 3227 1752 3262 σο-

1859 3224 2036 3261 eorunt
2073 3206 2139 3261 “.
2177 3206 2314 3273 Quid
2346 3209 2410 3261 ad
2446 3209 2558 3263 b.1-c
2591 3224 2728 3262 vera:
2765 3210 3050 3278 sapientia!
3097 3212 3386 3268 thesaurus
3417 3215 3439 3266 ἲ

159 3301 306 3369 φίας
325 3304 351 3354 ὁ
373 3300 648 3370 θησαυρός
667 3343 681 3361 ,
706 3301 804 3371 τὴν
832 3301 927 3369 μὲν
952 3298 1095 3353 Εὕαν
1124 3301 1183 3352 οὐ
1219 3302 1465 3369 μιμεῖται
1499 3299 1596 3368 τὴν
1619 3315 1753 3369 προ-

159 3393 248 3460 μή
260 3389 888 3459 topa.é1tavop'ioitat6é
904 3389 1101 3458 μᾶλλον
1115 3389 1174 3442 τὸ
1191 3390 1395 3459 ταύτης
1422 3389 1752 3458 ἀφύλακτον,

157 3487 268 3534 καὶ
312 3484 610 3548 συνήγορον
636 3479 731 3550 τὴν
762 3479 924 3547 φύσιν
955 3479 1353 3548 προϐάλλεται,
1388 3474 1491 3532 ὧδέ
1526 3497 1640 3542 πως
1678 3479 1757 3550 τῷ

156 3571 269 3623 τοῦ
311 3571 544 3636 ἀγγέλου
571 3567 1103 3638 ἀντιρρητορεύουσα
1139 3569 1380 3638 ῥήματι·
1415 3567 1547 3632 Πῶς
1586 3568 1756 3621 ἔσται

150 3682 275 3733 μοι
299 3679 360 3713 το
374 3661 495 3726 Ero,
516 3661 642 3714 ἐπεὶ
667 3659 855 3727 ἄνδρα
870 3662 940 3713 οὺ
958 3658 1252 3727 γινώσκω
1269 3659 1504 3713 ἀδύνατα
1522 3660 1754 3730 φθέγγῃ,

158 3755 370 3825 φησίν.
392 3752 448 3805 ὐ
469 3770 531 3820 γε
548 3752 636 3814 σὸς
655 3753 809 3819 λόγος
826 3753 949 3814 τοὺς
965 3754 1126 3821 ὅρους
1146 3751 1263 3803 λύει
1287 3751 1386 3820 τῆς
1411 3753 1648 3820 φύσεως,
1665 3749 1760 3812 οὓς

150 3850 185 3900 ὁ
217 3848 474 3898 πλαστου
486 3845 584 3912 ργή
592 3860 688 3906 σας
715 3843 969 3912 ἐπήξατο.
989 3844 1100 3895 υὺκ
1125 3843 1385 3912 ἀνέχομαι
1407 3842 1519 3895 Εὕα
1547 3859 1760 3912 χρημαο-

149 3939 330 3990 τίσαι
380 3934 603 4003 δευτέρα
625 3973 638 3993 ,
674 3934 769 3984 καὶ
798 3934 856 3984 τὸ
886 3931 974 3984 τοῦ
1011 3934 1341 4002 Ποιήσαντος
1368 3931 1759 4001 παρακρούσα-

152 4030 309 4080 σθαι
335 4025 603 4094 βούλημα.
644 4024 702 4076 Εἰ
731 4024 788 4075 δὲ
824 4023 898 4093 μὴ
931 4022 1106 4090 λέγεις
1134 4023 1210 4092 (‘2)
1241 4023 1484 4087 ἁντίθεα,
1519 4024 1610 4077 τὸν
1638 4023 1762 4094 τρό-

151 4135 278 4169 πον
316 4115 488 4167 εἰπὼν
518 4115 615 4183 τῆς
645 4114 977 4183 συλλήψεως,
1010 4114 1170 4166 λῦσον
1194 4113 1294 4184 τὴν
1330 4115 1588 4186 ἀπορίαν.
1618 4116 1761 4186 Πρὸς

149 4216 231 4280 ἦν
273 4211 310 4261 ὁ
336 4209 436 4279 τῆς
465 4207 718 4276 ἀληθείας
749 4208 974 4274 ἅγγελος
999 4224 1010 4236 ’
1043 4207 1282 4276 Πνεῦμα
1313 4207 1484 4275 ἅγιον
1514 4208 1762 4260 ἐπελεύ-

144 4319 357 4355 σεται
387 4301 488 4352 ἐπὶ
517 4301 612 4362 σὲ,
663 4299 759 4351 καὶ
795 4300 1047 4368 δύναμις
1089 4299 1384 4367 ’Υψίστου
1421 4300 1762 4353 ἐπισκιάσει

142 4413 298 4447 (σοι.
343 4391 439 4444 Διὸ
467 4391 563 4444 καὶ
598 4393 659 4445 τὸ
693 4391 768 4460 (5)
803 4390 1170 4460 γεννώμενον
1195 4391 1364 4460 ἅγιον
1396 4391 1764 4458 κληθήσεται

1862 3298 2027 3353 Evam
2077 3299 2292 3368 quidem
2353 3299 2580 3368 primam
2639 3311 2919 3370 parentem
2981 3317 3086 3355 non
3148 3303 3437 3370 imitatur;

1863 3393 1954 3448 scd
2003 3393 2271 3446 incautam
2308 3391 2483 3461 potius
2533 3391 2651 3460 ejus
2701 3393 3103 3463 simplicitatem
3160 3397 3434 3464 emendat,

1861 3500 2026 3556 seque
2069 3495 2276 3540 natura:
2322 3484 2624 3554 patrocinio
2658 3489 2868 3552 munit,
2911 3489 2990 3540 sic
3033 3488 3206 3557 angeli
3261 3490 3439 3544 verbis

1863 3593 2127 3647 reponens
2161 3595 2174 3632 :
2208 3577 2479 3642 Quomodo
2529 3577 2617 3643 [iet
2647 3577 2821 3644 istud,
2855 3584 3105 3648 quoniam
3135 3582 3302 3635 virum
3334 3599 3435 3634 non

1863 3669 2164 3738 cognosco?
2210 3667 2561 3738 [inpossibilia
2609 3683 2818 3734 narras,
2849 3670 3041 3737 inquit.
3092 3669 3223 3724 Nam
3257 3688 3438 3726 sermo

1866 3772 1988 3817 tuus
2011 3771 2214 3817 naturai
2249 3763 2389 3833 leges
2430 3763 2646 3833 frangit,
2678 3778 2812 3832 quas
2841 3763 3005 3835 863
3035 3780 3277 3821 summus
3313 3768 3434 3836 opi-

1867 3852 1950 3906 lex
1985 3854 2178 3908 sancit.
2226 3853 2472 3908 Secunda
2509 3852 2616 3907 Eva
2647 3853 2751 3906 dici
2798 3870 2900 3908 non
2930 3857 3125 3925 patior,
3163 3870 3259 3911 nec
3289 3855 3434 3911 Coit-

1866 3947 2056 4000 ditoris
2104 3947 2205 3999 tnei
2263 3946 2590 4000 voluntatem
2646 3946 3010 4015 pessumdare.
3060 3947 3209 4015 Quod
3242 3949 3284 4002 si
3327 3947 3438 4003 Deo

1867 4038 2092 4092 adversa
2132 4053 2236 4091 non
2265 4037 2523 4106 loqueris,
2549 4037 2916 4104 conceptionis
2951 4039 3166 4091 modum
3199 4055 3435 4109 expone,

1868 4127 2256 4183 dubitationem
2288 4142 2461 4182 meam
2500 4129 2666 4182 solve.
2707 4128 2786 4181 Ad
2821 4143 2977 4196 quam
3004 4129 3243 4183 veritatis
3276 4145 3439 4199 ange-

1868 4219 1952 4273 lus
1984 4237 1998 4272 :
2027 4217 2255 4288 Spiritus
2289 4227 2502 4271 sanctus
2535 4220 2854 4287 superveniet
2881 4217 2935 4272 in
2962 4230 3028 4284 te,
3071 4231 3117 4272 et
3149 4222 3310 4274 virtus
3347 4222 3442 4272 Αι.

1871 4311 2060 4365 tissimi
2101 4309 2429 4364 obumbrabit
2467 4311 2577 4364 tibi.
2635 4308 2865 4380 Ideoque
2923 4323 2969 4365 et
3010 4311 3148 4383 quod
3197 4324 3442 4367 nascetur

1871 4410 2132 4463 sanctum,
2168 4400 2437 4453 vocabitur
2466 4397 2641 4454 Filius
2673 4399 2772 4453 Dei
2795 4401 2861 4456 ⁸⁸.
2890 4401 3040 4468 Quod
3073 4419 3214 4456 nunc
3241 4405 3439 4472 agitur,

162 4486 330 4548 fich
360 4482 530 4535 Θεοῦ.
561 4483 633 4534 0'3
676 4482 914 4535 δουλεύει
947 4483 1160 4550 φύσεως
1199 4483 1384 4552 νόμοις
1421 4484 1482 4535 τὸ
1511 4481 1764 4553 τελούμε-

1869 4502 2073 4546 naturtn
2107 4490 2312 4560 legibus
2339 4505 2442 4542 non
2473 4491 2678 4545 subest.
2709 4491 2922 4544 Natura:
2952 4491 3215 4560 siquidem
3245 4493 3440 4548 artifex

138 4594 287 4628 νον.
346 4575 405 4623 ὐ
433 4574 538 4641 γὰρ
588 4573 926 4641 Δημιουργὸς
965 4573 1058 4626 καὶ
1091 4573 1356 4642 δεσπότης
1405 4573 1501 4642 τῆς
1529 4572 1764 4640 φύσεως,

140 4665 300 4718 κατ’
347 4661 599 4726 ἐξουσίαν
653 4664 779 4725 τοὺς
809 4664 968 4733 ὅρους
1016 4663 1233 4733 ἀμείϐει
1271 4665 1370 4734 τῆς
1409 4664 1642 4732 φύσεως.
1703 4665 1764 4716 'H

136 4758 242 4818 δὲ.
292 4753 365 4806 τὸ
418 4754 506 4804 ἀεὶ
545 4753 879 4823 ποθούμενον
911 4756 1004 4806 καὶ
1059 4752 1366 4824 τιμώμενον
1403 4754 1573 4825 δνομα
1597 4794 1613 4820 ν
1648 4755 1768 4825 μεθ’

138 4846 343 4917 ἱερᾶς
377 4842 660 4907 εὖλαὸείας
684 4844 986 4898 ἀκούσασα.
1019 4845 1117 4914 τῆς
1149 4846 1392 4915 ὑπακοῆς
1417 4846 1639 4916 ὲπηφίει
1669 4847 1768 4913 φό-

135 4937 265 4988 ϐου
308 4933 412 4987 καὶ
442 4935 614 5002 χαρᾶς
642 4935 879 5003 γέμοντα
911 4935 1152 5004 ῥήματα,
1193 4934 1342 4988 Ἰδοὺ
1369 4935 1407 5002 ἡ
1430 4935 1619 5003 δούλη
1651 4939 1766 4989 lt'v-

122 5048 164 5096 ί
186 5030 248 5079 ιέ
270 5046 345 5086 ι’,
381 5024 614 5091 γένοιτό
648 5042 749 5094 μοι
787 5025 937 5078 κατὰ
969 5025 1037 5078 τὸ
1061 5025 1219 5094 ῥῆμά
1244 5042 1379 5080 σου.

231 5125 326 5185 η’.
378 5111 453 5168 Ὠ
469 5116 661 5182 ,ϐάθος
681 5118 969 5183 πλούτου,
992 5118 1088 5169 καὶ
1108 5119 1350 5183 σοφίας,
1375 5117 1472 5170 καὶ
1497 5117 1770 5186 γνώσεως

134 5224 273 5270 οὓς(
296 5213 366 5264 fv'
403 5207 557 5278 κάγὼ
591 5209 698 5280 γὰρ
731 5211 810 5274 εἰς
836 5209 1024 5280 καιρὸν
1048 5209 1127 5278 τῷ
1176 5209 1481 5279 Ἀποστόλῳ
1513 5211 1587 5280 (ί)
1629 5229 1767 5282 συμο

223 5350 288 5382 ⁸⁸
319 5345 510 5400 Galat.
544 5360 616 5408 tv,
646 5346 698 5399 4.
799 5343 840 5374 ⁶¹
876 5342 1008 5400 Luc.
1034 5361 1075 5410 ι,
1099 5343 1188 5398 23.

129 5426 190 5454 σε
238 5419 406 5475 ibid.
438 5415 524 5468 35.
604 5417 646 5446 ετ
674 5416 799 5469 ibid.
828 5415 917 5467 as.

1297 5345 1341 5375 ⁶¹
1378 5345 1505 5398 ibid.
1543 5345 1632 5399 29.

222 5553 381 5620 (93)
417 5545 544 5620 Qua:
572 5553 873 5612 sequuntur
898 5557 1068 5613 usque
1099 5543 1166 5597 ad
1223 5541 1297 5614 μὴ
1332 5541 1518 5612 φοϐοῦ,
1570 5542 1764 5600 absunt

124 5629 193 5680 iii
237 5617 344 5674 ⁷η.
385 5617 503 5668 end.

221 5692 379 5754 (99)
412 5684 474 5737 I'l.
505 5680 682 5755 εὗρες,
724 5693 776 5738 et
812 5684 889 5736 sic
918 5683 1193 5752 deinceps.

219 5780 240 5823 ι,
261 5764 287 5816 ι
308 5777 330 5826 _i
372 5759 654 5826 ωηερε-ιιι.
680 5758 827 5809 deest
856 5755 1039 5824 φησίν.

1742 5348 1786 5378 ⁸³
1816 5349 1946 5403 ibid.
1978 5351 2067 5404 50.

1867 4591 1923 4638 et.
1958 4580 2217 4636 Dominus
2243 4580 2504 4634 arbitratu
2543 4595 2640 4635 suo
2707 4581 2957 4635 immutat
3009 4592 3212 4637 naturas
3273 4584 3439 4655 leges.

1871 4673 1992 4728 Hmc
2024 4672 2206 4742 itaque
2248 4688 2440 4725 nomen
2483 4671 2648 4735 illud,
2694 4673 2835 4740 quod
2878 4673 3024 4727 omni
3076 4675 3343 4729 desiderio
3389 4688 3445 4731 et

1871 4766 2074 4820 honore
2118 4780 2331 4834 semper
2364 4763 2612 4828 colebat,
2677 4778 2831 4818 sacra
2876 4765 3108 4833 quadam
3143 4770 3444 4822 reverentia

1871 4855 2134 4920 audiens,
2179 4854 2495 4909 obedientiac
2553 4870 2736 4908 vocem
2790 4854 2980 4908 timore
3035 4865 3196 4925 atque
3242 4861 3442 4925 gaudio

1877 4946 2089 5014 plenam
2117 4945 2296 4999 emisit
2333 4965 2345 4998 :
2387 4945 2518 4998 Ecce
2545 4944 2740 4998 ancilla
2773 4942 3024 5010 Domini;
3070 4946 3164 5014 [int
3209 4949 3338 5000 mihi
3367 4966 3449 5002 se-

1875 5033 2101 5087 cundum
2128 5037 2337 5088 verbum
2362 5046 2507 5087 tuum
2536 5034 2603 5087 ".

1947 5123 1998 5176 8.
2026 5121 2069 5175 0
2106 5125 2329 5178 altitudo
2351 5126 2675 5188 divitiarum,
2713 5123 2986 5192 sapientia:
3007 5135 3054 5178 et
3087 5126 3319 5182 scientiae
3352 5127 3448 5180 Dei

1873 5215 2018 5282 (nam
2068 5230 2168 5283 ego
2226 5231 2437 5284 quoque
2469 5215 2709 5284 Apostoli
2758 5231 2943 5271 vocem
2997 5232 3138 5272 nunc
3187 5222 3448 5288 lettlpul'is

2180 5353 2223 5382 ⁸⁸
2251 5354 2381 5407 ibid.
2413 5352 2470 5406 51
2502 5370 2516 5415 ;
2557 5351 2744 5406 Matth.
2776 5366 2813 5416 l,
2837 5353 2925 5406 Ἡ.
3042 5353 3088 5384 ⁸⁸
3116 5352 3249 5408 Luc.
3286 5371 3322 5417 I,
3354 5357 3442 5409 3i.

1943 5549 2020 5617 (2)
2154 5552 2431 5622 ἀντίθητα.
2503 5581 2506 5584 ν

1943 5622 2020 5691 (5)
2051 5620 2234 5693 Germ.
2262 5620 2553 5693 γενόμενον
2581 5625 2744 5678 male.

1942 5693 2017 5761 (ι)
2052 5692 2114 5748 ll.
2146 5693 2243 5762 τῆς
2267 5692 2550 5765 παρακοῆς
2589 5695 2774 5749 ἐδεδίει
2810 5695 2871 5750 τὸ
2898 5697 3169 5771 ἐπίτιμον.
