4170 6454
204 407 306 471 713

1009 417 1338 477 HOMILIA
1379 418 1403 475 Ι
1448 417 1525 478 IN
1567 415 2104 477 DORMITIONEM
2147 414 2210 471 Β.
2255 416 2314 472 ν.
2359 415 2638 472 ΜΛΗΗΞ.

3343 403 3444 470 714

194 527 289 579 καὶ
333 523 500 589 τύπος
547 525 900 595 γνωοίζεται;
938 526 996 578 ὃν
1037 527 1238 596 τρόπον
1270 529 1473 589 ἐκεῖνος
1523 527 1773 579 τεθέαται

1881 536 1932 580 te
1960 543 2024 579 ea
2054 527 2430 593 praesignatam
2466 527 2856 594 tigni-alantque
2896 523 3060 578 esse?
3086 532 3142 576 ut
3176 521 3319 577 enim
3361 519 3450 576 ille

192 617 280 671 διὰ
306 616 416 670 τῶν
449 615 636 686 ἄκρων
665 617 764 685 τῆς
801 615 1068 686 κλὲμακος
1095 617 1322 687 οὐρανὸν
1356 619 1420 686 τῇ
1455 620 1524 688 γῇ
1564 634 1772 670 συναπ-

188 709 440 778 τόμενον,
485 709 581 760 καὶ
627 707 717 761 διὰ
764 707 964 778 ταύτης
1021 708 1285 776 ἀγγέλους
1337 709 1624 771 κατιόντας
1681 709 1774 761 καὶ

190 801 470 866 ἀνιόντας,
497 799 594 854 καὶ
627 800 718 852 τδν
745 798 911 863 ὅντως
946 800 1184 870 ἰσχυρὸν,
1211 805 1308 853 καὶ
1354 801 1642 871 ἀήττητον,
1677 817 1772 852 τυ-

195 891 374 954 πικῶς
399 892 550 961 αὐτῷ
580 891 1020 961 προσπαλαίοντα
1041 932 1056 955 ,
1087 891 1261 954 οὕτως
1291 893 1384 945 καὶ
1418 894 1481 945 σὺ
1516 891 1772 961 μεσιτεύ-

194 995 358 1045 cuca.
383 984 477 1037 καὶ
494 982 701 1053 κλίμαξ
718 986 972 1052 γεγονυῖα
988 985 1083 1055 τῆς
1101 985 1236 1054 πρὸς
1251 985 1399 1053 ἡμᾶς
1416 983 1509 1036 τοῦ
1540 984 1674 1038 Θεοῦ
1696 985 1771 1054 (9)

193 1074 587 1136 καταϐάσεως,
624 1075 719 1126 τοῦ
749 1074 810 1126 τὸ
843 1074 1063 1136 ἀσθενὲς
1097 1075 1254 1145 ἡμῶν
1286 1076 1642 1138 ἀναλαϐόντος
1675 1076 1774 1145 φύ-

195 1183 347 1234 ραμα
374 1204 388 1228 ,
419 1165 514 1217 καὶ⁸
541 1165 717 1235 ἑαυτῷ
747 1166 1152 1234 συμπλέξαντος
1185 1169 1276 1218 καὶ
1318 1166 1616 1229 ἐνώσαντος
1638 1209 1650 1225 .
1681 1170 1774 1220 καὶ

193 1255 321 1308 νοῦν
356 1255 568 1325 ὁρῶντα
606 1256 738 1309 Θεὸν
763 1256 1084 1327 δεδρακότος
1115 1257 1206 1309 τὸν
1238 1256 1543 1328 ἄνθρωπον,
1573 1259 1642 1310 τὰ
1671 1258 1776 1310 διε-

195 1345 378 1398 στῶτα
402 1347 731 1416 συνήγαγες.
764 1345 926 1398 Ὅθεν
946 1345 1168 1413 ἄγγελοι
1200 1347 1300 1416 μὲν
1331 1347 1466 1416 πρὶς
1488 1347 1649 1400 αὐτὸν
1678 1363 1775 1399 κα-

192 1434 421 1503 τῄεσαν,
454 1435 529 1497 ὼς
555 1435 676 1504 Θεῷ
703 1436 797 1489 καὶ
840 1437 1087 1508 Δεσπότῃ
1117 1437 1606 1508 λειτουργήσαντες
1629 1479 1644 1502 ,
1682 1439 1772 1491 ἄν·

192 1523 407 1591 θρωποι
459 1523 518 1577 δὲ
571 1525 840 1595 ἀγγελικῇ
889 1527 1138 1597 πολιτεία.
1193 1529 1566 1600 χρησάμενοι,
1637 1533 1773 1599 πρὸς

193 1610 428 1680 οὐρανὸν
461 1612 888 1684 ἀναρπάζονται.

266 1702 344 1757 θ’.
383 1704 488 1756 Ποῦ
517 1705 574 1756 δὲ
601 1705 838 1775 θήσομαι
861 1709 968 1760 τῶν
999 1709 1293 1778 προφητῶν
1314 1711 1382 1764 τὰ
1403 1711 1768 1782 κηρύγματα;

193 1793 300 1845 οὒκ
331 1795 421 1846 ἐπὶ
460 1797 548 1859 σὲ,
584 1796 744 1866 εἴπερ
777 1799 954 1870 ἀληθῆ
982 1801 1260 1855 δεικνύναι
1284 1803 1458 1857 ταῦτα
1487 1804 1770 1876 ἐθελήσαι-

1876 632 1971 686 per
2009 625 2279 670 extremas
2303 617 2458 671 scalze
2483 627 2662 683 partes
2695 617 2888 670 coelum
2922 631 3045 670 cum
3095 624 3239 669 terra
3282 627 3448 682 cepuo

1876 709 2066 772 latum,
2103 718 2157 761 ct
2185 713 2401 776 angelos
2431 726 2524 777 per
2554 725 2670 762 eam
2704 709 3089 763 descendentes
3142 714 3197 761 et
3252 720 3446 760 ascen-

1874 799 2083 862 dentes,
2116 801 2429 867 quinetiam
2468 800 2615 852 illum
2643 801 2732 868 qni
2783 815 2908 854 vere
2959 799 3115 853 fortis
3155 799 3446 867 insupera-

1877 890 2106 956 bilisque
2137 900 2243 953 est,
2279 891 2459 960 typice
2507 905 2689 943 secum
2728 889 3017 942 luctantem
3067 889 3199 941 vidit
3229 905 3243 943 :
3279 888 3358 941 sic
3391 897 3446 940 tu

1874 994 2084 1046 quoque
2112 981 2441 1033 inediatriris
2467 997 2659 1034 munus
2684 981 2894 1043 obiens,
2924 982 3223 1046 «(Tectaque
3254 979 3344 1034 Dei
3381 980 3446 1031 ad

1877 1082 1974 1120 nos
2006 1069 2379 1122 descendentis
2418 1071 2582 1132 scala,
2628 1080 2684 1121 ut
2718 1070 2948 1122 debilem
2995 1076 3236 1122 nostrain
3288 1077 3448 1121 natu-

1877 1175 1988 1212 ram
2045 1168 2366 1219 assmueret,
2402 1161 2611 1229 sibique
2659 1161 2936 1228 conularet
2966 1170 3019 1213 et
3046 1161 3247 1224 uniret,
3280 1159 3447 1214 adeo.

1874 1266 1976 1320 qut-
2002 1251 2274 1305 hominem
2301 1263 2532 1306 mentem
2573 1254 2841 1307 videntem
2879 1253 3045 1307 Deum
3078 1252 3348 1316 redderet,
3382 1267 3445 1304 ea

1874 1357 1992 1409 qua:
2041 1343 2308 1412 dirempta
2352 1352 2529 1406 erant,
2562 1345 2846 1412 eullegisti.
2879 1342 3145 1411 Quocirca
3173 1343 3347 1410 angeli
3379 1343 3446 1395 ad

1873 1452 1990 1489 eam
2022 1435 2436 1498 descenderunt,
2467 1435 2543 1488 uti
2588 1435 2814 1489 Domino
2841 1451 2904 1490 ac
2939 1436 3046 1490 Deo
3075 1436 3402 1489 inservirent
3428 1452 3443 1487 :

1876 1527 2120 1580 homines
2151 1539 2329 1580 autem
2355 1528 2660 1596 angelicum
2693 1529 2814 1581 vitae
2837 1543 3004 1594 genus
3032 1527 3443 1597 amplectentes,

1875 1620 1926 1672 in
1951 1617 2145 1673 cmlum
2173 1619 2494 1673 evehuntur.

1944 1710 1996 1762 9.
2015 1708 2132 1774 Quo
2154 1709 2272 1763 loco
2301 1709 2565 1778 praeconia
2591 1710 2971 1778 prophetarum
3008 1709 3243 1779 ponam?
3265 1724 3444 1763 annon

1872 1805 1936 1855 ad
1966 1811 2019 1856 te
2056 1801 2359 1860 referenda.
2400 1799 2666 1868 siquidem
2713 1814 2774 1853 ea
2819 1815 2942 1854 vera
2996 1815 3116 1854 esse
3163 1804 3449 1855 ostendere

197 1900 303 1951 μεν
329 1901 344 1950 ;
376 1885 460 1946 τίς
490 1885 598 1957 γὰρ
628 1889 656 1940 6
688 1867 974 1953 Δαυῖτικὸς
1012 1892 1199 1957 πόκος,
1230 1897 1315 1961 ἐφ’
1345 1896 1404 1947 ὃν
1429 1897 1458 1947 6
1486 1896 1579 1948 τοῦ
1620 1867 1770 1964 βασι-

1874 1894 2136 1947 velimns'!
2163 1893 2447 1959 Quodnam
2483 1901 2567 1945 est
2606 1892 2940 1945 Dominicum
2990 1892 3122 1944 illud
3169 1891 3337 1945 vellus
3377 1891 3445 1954 δ’,

193 1973 335 2037 λέως
368 1974 481 2028 τῶν
514 1977 772 2032 ἁπάντων
821 1981 957 2034 Θεοῦ
1005 1984 1157 2050 υἱὸς,
1207 1987 1236 2038 ὁ
1289 1987 1622 2058 συνάναρχος
1681 1993 1774 2042 καὶ

195 2063 615 2132 συμϐασιλεύων
645 2067 723 2138 τῷ
755 2071 940 2141 οἰκείῳ
965 2073 1252 2146 Γεννήτορι
1277 2118 1291 2139 ,
1321 2078 1396 2140 ὡς
1430 2078 1580 2143 ὑετὸς
1611 2099 1776 2134 κατα-

191 2153 468 2220 6ἑ6ηκεν;
502 2158 625 2228 οὐχὶ
658 2160 722 2212 σὺ
750 2161 1191 2230 τηλαυγέστατα;
1225 2167 1309 2231 τις
1333 2168 1390 2221 δὲ
1419 2171 1451 2240 ή
1484 2171 1770 2243 παρθένος,

190 2247 261 2313 ἣν
304 2245 530 2312 Ἠσαίας
564 2249 982 2323 προσλεπτικῶς
1025 2258 1455 2330 προηγόρευσεν,
1487 2262 1545 2312 ὲν
1575 2265 1772 2334 γαστρὶ

188 2339 337 2402 ἕξειν
368 2340 462 2392 καὶ
495 2340 747 2408 τέξεσθαι
787 2346 902 2398 υἱὸν
945 2348 1038 2399 τὸν
1088 2351 1205 2417 μεθ’
1237 2352 1393 2421 ἡμῶν
1440 2355 1568 2408 ὂντα
1615 2357 1770 2422 Θεὸν,

185 2431 440 2485 τουτέστι
474 2434 614 2503 μετὰ
641 2435 702 2488 τὸ
731 2436 985 2504 γενέσθαι
1029 2440 1336 2512 ἄνθρωπον.
1374 2447 1470 2499 καὶ
1498 2447 1628 2502 Θεὸν
1653 2450 1769 2502 δια-

189 2523 478 2591 μείναντα.
509 2525 576 2578 Tt
606 2527 664 2580 δὲ
691 2528 754 2582 τὸ
779 2528 904 2601 ὅρος
933 2532 1027 2584 τοῦ
1057 2535 1270 2606 Δανιὴλ,
1304 2537 1363 2603 ἐξ
1388 2532 1448 2593 οὗ
1474 2542 1503 2592 6
1525 2542 1773 2612 ἀκρογω-

185 2617 368 2676 νιαῖος
406 2616 617 2688 ἐτμήθη
662 2619 808 2684 λίθος
851 2623 1124 2693 Χριστὸς,
1159 2628 1258 2697 οὐχ
1302 2631 1542 2695 ὑποστὰς
1579 2635 1772 2704 ἀνδρὸς

186 2705 553 2776 ὲγχειρὲδιονς
581 2710 704 2781 οὐχ).
736 2713 801 2766 σὺ
828 2715 861 2782 ἡ
893 2716 1146 2787 ἀσπόρως
1181 2721 1452 2790 κυήσασα,
1481 2726 1577 2778 καὶ
1609 2725 1772 2779 πάλιν

184 2796 466 2866 παρθένος
515 2801 785 2870 μείνασα;
827 2805 1029 2861 ἐλθέτω
1083 2809 1342 2882 Ἱεζεκιὴλ
1374 2817 1402 2868 ό
1454 2816 1766 2885 θειότατος,

182 2887 288 2938 καὶ
317 2888 579 2942 δεικνύτω
608 2893 1003 2966 κεκλεισμένην
1035 2899 1210 2969 πύλην
1259 2903 1629 2977 διωδευμένην
1665 2910 1770 2963 ὑπὸ

182 2977 396 3067 Κορὶου
423 2980 512 3030 καὶ
533 2980 631 3033 οὐκ
661 2983 1026 3055 ἀναγομένην,
1054 2990 1198 3042 καθὰ
1227 2997 1581 3064 προφητικῶς
1607 3016 1771 3067 προε-

179 3065 396 3133 κήρυξε
426 3067 535 3134 (10)
563 3068 789 3134 δειξάτω
814 3074 922 3125 τῶν
950 3077 1258 3148 λεγομένων
1294 3085 1390 3152 τὴν
1422 3065 1669 3142 ἔκϐασινλ
1705 3092 1768 3144 σὲ

178 3153 354 3218 δείξει
388 3159 604 3223 πάντως
630 3201 646 3226 ,
676 3164 742 3230 ἦν
765 3163 992 3219 διελθὼν
1033 3169 1062 3219 ό
1094 3171 1184 3222 ἐπὶ
1217 3173 1433 3228 πάντων
1469 3179 1634 3242 Θεὸς,
1673 3185 1766 3237 καὶ
1793 3197 1836 3255 C

179 3245 372 3343 σάρκα
400 3247 602 3343 λαϐὼν,
633 3251 733 3322 τὴν
754 3258 853 3324 τῆς
888 3259 1184 3326 παρθενίας
1211 3265 1311 3316 οὐκ
1337 3268 1538 3338 ἀνέῳξε
1566 3273 1760 3343 πύλην.

179 3335 351 3388 Μένει
386 3338 496 3408 γὰρ
525 3342 560 3410 ἡ
591 3345 825 3412 σφραγὶς
853 3346 1021 3407 ὄντως
1044 3335 1459 3419 διαιωνέζουσαί
1487 3362 1554 3414 Σὲ
1584 3335 1764 3420 τοίνυν

179 3427 464 3520 προφῆται
491 3433 840 3500 κηρύττουσι.
878 3439 965 3491 Σοὶ
993 3440 1335 3499 διακονοῦσιν
1361 3450 1620 3520 ἄγγελοι,
1650 3456 1762 3510 λει-

178 3517 512 3586 τουργοῦσιν
544 3525 860 3590 ἀπόστολοι,
908 3531 936 3581 ὁ
973 3533 1240 3600 παρθένος
1279 3540 1375 3592 καὶ
1408 3541 1654 3611 θεολόγος
1695 3552 1760 3619 τῇ

195 3608 575 3702 ξὶει-παρθένῳ
608 3616 698 3666 καὶ
730 3615 993 3690 Θεοτόκῳ.
1027 3622 1090 3674 Σὲ
1110 3624 1218 3694 γὰρ
1251 3629 1489 3700 σήμερον
1507 3608 1642 3702 πρὸς
1673 3608 1762 3693 τιζ

179 3699 278 3795 σὺν
310 3699 652 3767 ὲκδημοῦσαν
691 3705 819 3759 Υἰὺν
860 3715 1142 3779 περιεῖπον
1173 3699 1429 3784 ἄγγελοι,
1478 3699 1648 3795 φυγαὶ
1680 3729 1763 3782 δι-

176 3788 776 3890 καίων,ιπατριαρχῶν
813 3817 870 3852 τε
917 3804 1012 3854 καὶ
1049 3811 1361 3877 φροφητῶν·
1399 3788 1760 3890 ἐδορυξνὸρουν

178 3879 479 3932 απόστολοι
500 3924 516 3948 ,
552 3883 825 3955 θεοφόρων
847 3907 905 3942 τε
935 3894 1192 3965 Πατέρων
1216 3899 1422 3967 πλῆθος
1447 3879 1673 3979 ἄπειρον
1697 3913 1760 3965 ἐκ

172 3974 295 4019 τῶν
325 3974 613 4040 τερμάτων
652 3978 754 4046 τῆς
785 3980 885 4048 γῆς
922 3982 999 4051 τῷ
1026 3984 1154 4056 θείῳ
1183 3995 1564 4064 προστάγματι
1599 4000 1673 4064 ὼς
1703 4005 1758 4054 ἐν

174 4059 544 4164 uigili-imo;
574 4066 775 4164 ταύτην
801 4072 900 4138 τὴν
930 4072 1082 4128 θείαν
1102 4080 1193 4130 καὶ
1217 4081 1365 4150 ἱερὰν
1405 4059 1760 4164 Ἰερουσαλὴμ

173 4148 606 4220 ἀθροιζόμενοι,
642 4159 736 4210 καί
769 4177 851 4214 σοι
899 4166 965 4234 τῇ
1008 4171 1158 4238 πηγῇ
1198 4173 1291 4223 τοῦ
1326 4174 1632 4246 ζωαρχικοῦ
1665 4148 1759 4238 τοῖὄ

177 4241 391 4310 Κυρίου
425 4245 671 4315 σώματος
702 4250 903 4320 ὖμν’.υ;
940 4259 1117 4326 ἱεροῦς
1162 4263 1627 4326 ἐνθεαστικώτατα
1670 4277 1760 4329 λέ-

174 4346 340 4389 ’ίονῗῖ
348 4349 374 4392 ς
385 4375 394 4383 .

258 4593 307 4639 ι’.
353 4588 419 4691 “t3
458 4591 575 4691 πιῦς
608 4595 642 4664 ἡ
686 4598 836 4691 πηγὴ
863 4600 962 4670 τῆς
989 4601 1135 4674 ζωῇς
1182 4610 1320 4677 πρὸς
1345 4615 1444 4684 τὴν
1492 4618 1637 4691 ζωὴν
1671 4624 1758 4678 διὰ

173 4679 350 4744 μέσον
382 4679 611 4735 θανάτου
638 4689 965 4755 μετάγεταιῐ
992 4693 1037 4746 ὅ)
1067 4696 1182 4760 πῶς
1207 4701 1237 4769 ἡ
1273 4704 1330 4754 ὲν
1359 4706 1434 4774 τῷ
1464 4679 1606 4781 τόκιρ
1635 4717 1760 4780 τοὺς

172 4783 341 4869 mea;
386 4772 669 4841 υπερϐᾶσα
717 4777 817 4846 τῆς
871 4781 1122 4854 φύσεως,
1175 4791 1268 4844 νῦν
1299 4795 1600 4854 ὑποκύπτει
1645 4809 1760 4870 τοῖς

168 4857 386 4927 ταύτης
427 4861 648 4933 θεσμοῖς
671 4908 686 4931 ,
719 4871 811 4923 καὶ
862 4872 1077 4947 θανάτῳ
1103 4881 1162 4931 τὸ
1193 4883 1297 4954 ἀκή

171 4949 436 5055 (istiista:
466 4955 644 5055 σῶμα.
675 4962 770 5055 τιεί
800 4963 910 5055 γὰρ
949 4968 1078 5022 αὐτὸ
1107 4971 1168 5023 τὸ
1201 4949 1391 5046 θνητὸν
1418 4949 1753 5055 ἀποθέμενον

168 5040 275 5144 τίὲν
320 5042 626 5149 ἀρθαρσὶαιν
663 5051 1075 5149 ἀμιριάσ-ασθαι,
1113 5063 1235 5116 ἐπεὶ
1270 5040 1364 5120 καὶ
1409 5073 1436 5122 ό
1482 5040 1755 5149 Δεσπότης

167 5133 279 5236 τῆς
305 5131 522 5198 φύσεως
552 5138 652 5207 τὴν
681 5141 775 5195 τοῦ
803 5144 1033 5200 θανάτου
1062 5155 1260 5224 πεῖραν
1287 5159 1386 5212 οὐκ
1416 5131 1756 5236 ἀπηνήνατοῖ

169 5219 421 5329 (θνῇσκει
447 5225 554 5296 γάρ
583 5234 783 5301 σαρκὶ,
821 5241 912 5289 καὶ
948 5239 1164 5313 θανάτῳ
1212 5246 1326 5300 λύει
1362 5252 1453 5304 τὸν
1503 5219 1754 5329 θάνατον,

172 5309 276 5360 καὶ
302 5312 474 5418 φθορᾷ
498 5316 600 5418 τὴν.
623 5321 932 5393 ἀφθαρσίαν
962 5309 1267 5401 χαρίζεται,
1294 5340 1387 5391 καὶ
1416 5342 1516 5410 τὴν

173 5419 268 5453 σιν
294 5407 437 5458 ποιεί
463 5410 648 5480 πηγὴν
673 5415 772 5486 τῆς
800 5417 1168 5488 ἀναστάσεως.
1197 5428 1259 5478 Ὢ
1295 5431 1411 5495 πῶς
1439 5433 1614 5506 ψυχὴν
1641 5407 1751 5510 (Η)

247 5539 294 5567 ⁸⁹
319 5537 465 5610 Ρεςιι.
505 5561 652 5610 Lm,
679 5550 734 5603 θ.

167 5609 216 5640 ⁸·
257 5608 428 5666 lCor.
459 5629 547 5679 xv,
583 5608 670 5672 55'.

249 5730 327 5808 ί
361 5732 430 5808 R1
468 5739 943 5808 συγκαταὸάσεως.

253 5801 366 5869 ιω)
398 5802 461 5857 ii.
497 5807 775 5867 δεικνύτω.

534 5923 802 5988 Pnaot.
852 5933 965 5990 Gtt,
1022 5934 1233 5997 XCVI.

1307 4904 1468 4955 ρατον
1515 4894 1616 4946 καθ
1625 4914 1758 4951 υπο-
1782 4962 1792 4980 Ι

809 5555 855 5586 ⁸ο
890 5555 990 5612 lsa.
1031 5575 1125 5628 vn,
1163 5563 1248 5618 Μ.
1326 5568 1370 5599 ⁵¹
1404 5569 1535 5624 Dan.
1586 5590 1645 5643 n,
1687 5577 1775 5634 54.
1850 5583 1896 5615 ⁸⁸
1930 5585 2131 5645 Ezecli.
2170 5607 2311 5658 thv,
2345 5593 2396 5646 1.

1877 1987 1926 2037 iu
1956 1987 2094 2053 quod
2126 1985 2268 2053 regis
2299 1985 2542 2038 omnium
2577 1985 2666 2038 Dei
2696 1985 2884 2047 Filius,
2921 1986 3012 2054 qni
3049 1985 3196 2038 Patri
3221 1993 3449 2039 comter-

1875 2091 1974 2129 nus
2012 2085 2118 2138 est,
2151 2075 2376 2143 ejusque
2408 2076 2556 2144 regni
2593 2090 2837 2138 consors,
2891 2076 3082 2142 pluvia:
3137 2078 3310 2130 instar
3358 2077 3450 2130 de-

1873 2168 2125 2223 scendit?
2176 2184 2352 2221 annon
2416 2179 2468 2221 tn
2501 2169 2825 2237 perspicue?
2875 2171 3132 2234 Quaenam
3188 2170 3316 2222 item
3381 2183 3441 2220 ea

1875 2261 2057 2328 Virgo,
2089 2274 2250 2328 quam
2279 2259 2444 2314 Isaias
2468 2261 2512 2292 ⁵⁸
2550 2261 2772 2328 provido
2796 2258 3002 2328 Spiritu
3030 2261 3080 2313 in
3109 2270 3263 2315 utero
3293 2260 3445 2314 habi-

1876 2362 2074 2412 turam,
2116 2351 2395 2419 Deumque
2427 2352 2520 2420 qui
2557 2350 2832 2405 uobiscum
2859 2351 3016 2415 foret,
3050 2366 3143 2405 seu
3172 2352 3286 2420 qui,
3318 2365 3445 2404 cum

1872 2441 2050 2496 factus
2077 2453 2222 2496 esset
2249 2443 2430 2506 homo,
2484 2443 2642 2497 simul
2679 2453 2920 2496 maneret
2952 2443 3113 2506 Deus,
3147 2445 3444 2511 parituram

1872 2532 2328 2602 praedixit?Quid
2372 2549 2523 2587 mons
2553 2533 2640 2587 ille
2679 2534 2912 2587 Danielis
2946 2534 3015 2597 δι,
3039 2548 3105 2587 ex
3149 2549 3254 2602 quo
3309 2534 3445 2605 lapis

1874 2625 2145 2696 augularis
2173 2625 2423 2679 Christus
2456 2626 2535 2680 sic
2569 2627 2844 2680 abscissus
2887 2625 3006 2688 fuit,
3055 2635 3113 2678 ut
3147 2626 3242 2678 viri
3297 2625 3443 2678 scal-

1872 2733 2026 2782 prum
2087 2733 2191 2769 non
2244 2717 2514 2771 subierit?
2543 2717 2730 2771 Nonne
2765 2719 2876 2787 ipsa
2907 2733 2986 2782 es,
3018 2733 3137 2786 qua}
3170 2717 3316 2771 nullo
3358 2731 3446 2771 se-

1874 2807 2018 2859 mine
2061 2816 2309 2874 suscepto
2347 2805 2626 2872 peperisti,
2669 2821 2731 2858 ac
2783 2821 2973 2859 rursus
3014 2807 3160 2876 virgo
3195 2821 3446 2875 perman-

1871 2899 2012 2952 sisti.
2052 2897 2243 2952 Veniat
2287 2899 2658 2952 divinissimus
2710 2896 2961 2952 Ezechiel
2995 2901 3061 2965 δ’,
3095 2899 3445 2970 clausamque

1871 2999 2082 3058 portam
2112 2991 2381 3053 ostendat,
2414 2989 2639 3043 Domino
2668 2989 2928 3056 perviam,
2958 3006 3056 3045 nec
3094 3000 3272 3045 tamen
3293 3005 3443 3060 aper-

1873 3089 2003 3143 tam,
2033 3080 2489 3148 quemadmodum
2539 3081 2859 3149 prophetico
2904 3081 3159 3134 instinctu
3189 3097 3442 3151 praenun-

1873 3171 2045 3225 tiavit.
2078 3173 2227 3225 Dicta
2281 3186 2378 3225 sua
2432 3183 2626 3224 eventu
2674 3175 3333 3242 comprobatamonstret.
3367 3173 3443 3227 Te

1869 3264 2030 3317 dubio
2076 3264 2260 3330 procul
2285 3265 2554 3331 ostendet,
2581 3281 2675 3333 per
2702 3281 2864 3334 quam
2901 3267 3196 3333 transiens,
3227 3268 3318 3336 qui
3350 3282 3444 3321 su-

1869 3373 1964 3424 per
1995 3355 2178 3408 omnia
2210 3356 2349 3410 Deus
2403 3366 2507 3422 est,
2556 3365 2834 3425 assumpta
2882 3372 3068 3422 carne,
3119 3359 3444 3429 virginitatis

1870 3459 2080 3516 portant
2108 3462 2445 3516 nequaquam
2477 3450 2708 3517 aperuit.
2763 3449 3112 3518 Signaculum
3156 3453 3354 3520 quippe
3389 3453 3440 3504 in

1869 3551 2124 3594 aeternum
2173 3549 2502 3607 perseverat.
2551 3540 2812 3605 Quocirca
2856 3553 2906 3595 te
2936 3543 3211 3610 prophetae
3251 3544 3444 3612 praedi-

1870 3641 1994 3685 cant
2064 3648 2076 3682 :
2124 3631 2218 3684 tibi
2257 3631 2564 3685 ministrant
2610 3633 2808 3700 angeli,
2854 3634 3157 3688 inserviunt
3189 3634 3438 3703 apostoli,

1870 3721 2018 3788 virgo
2057 3719 2144 3772 ille
2194 3733 2257 3773 ac
2311 3719 2610 3790 theologus,
2673 3733 2948 3791 perpetua:
2999 3723 3191 3792 virgini
3239 3721 3443 3791 Deique

1867 3811 2137 3879 genitrici.
2184 3809 2363 3864 llodie
2389 3812 2533 3864 enim
2565 3821 2616 3865 te
2653 3815 2718 3865 ad
2751 3813 2942 3866 Filium
2986 3825 3133 3866 tmun
3166 3815 3441 3884 etnigrana

1870 3915 1976 3956 tcm
1999 3904 2249 3958 satellitio
2275 3919 2372 3956 suo
2416 3903 2672 3958 fovebant
2703 3906 2899 3974 angeli,
2926 3907 3192 3974 justoruin
3226 3905 3437 3970 animm,

1867 3996 2410 4062 patriarcharumque
2449 4004 2505 4048 et
2557 3997 2945 4064 prophetarum
2978 3997 3441 4066 :stipabantapo-

1867 4085 1987 4139 sloli
2013 4093 2176 4151 atque
2203 4084 2504 4138 alllatorum
2546 4101 2574 4138 a
2612 4087 2718 4140 Deo
2759 4085 2980 4142 Patrqu
3015 4090 3222 4142 intinita
3253 4088 3439 4142 inulti-

1870 4178 2016 4241 tudo,
2045 4179 2110 4230 ab
2133 4177 2264 4245 ipsis
2286 4179 2432 4231 orbis
2456 4179 2648 4234 tinihus
2673 4181 2853 4235 divino
2873 4182 2990 4235 Filii
3020 4182 3096 4236 tui
3122 4183 3273 4250 jussu
3294 4182 3438 4236 velut

1871 4269 1922 4321 in
1947 4269 2109 4330 nube,
2131 4269 2182 4320 in
2209 4269 2441 4321 divinam
2469 4269 2605 4322 hanc.
2629 4281 2681 4323 et
2707 4287 2915 4325 sacram
2963 4272 3261 4327 Jerusalem
3311 4288 3440 4324 con-

1867 4358 2094 4427 gregali,
2126 4358 2331 4427 tibique
2387 4361 2646 4414 Dominiei
2703 4366 2968 4432 corporis,
3009 4368 3150 4433 quod
3181 4369 3299 4420 vita:
3333 4369 3439 4422 ini-

1870 4448 2000 4500 tium
2054 4447 2234 4499 attulit
2285 4448 2440 4511 fonti,
2489 4464 2672 4503 sai-ros
2751 4463 2970 4507 sanctos
3025 4457 3254 4524 hymnos
3303 4459 3441 4512 divi—

1791 4542 1834 4594 D
1867 4537 2087 4590 nissime
2121 4538 2407 4592 canebant.

1935 4628 2021 4680 10.
2054 4626 2098 4681 Ο
2125 4632 2396 4696 quomodo
2424 4632 2544 4682 vita:
2572 4631 2690 4685 fons
2726 4635 2791 4685 ad
2843 4636 3006 4687 vitam
3057 4639 3230 4691 inedia
3267 4652 3439 4697 morte

1863 4720 2129 4772 trahitur!
2158 4719 2202 4771 0
2232 4723 2526 4788 quomodo,
2573 4739 2693 4790 quae
2745 4727 3006 4792 pariendo
3057 4739 3264 4784 natura:
3295 4733 3440 4802 leges

1862 4821 2189 4875 excesserat,
2220 4828 2362 4866 nunc
2387 4811 2504 4878 ejus
2530 4813 2738 4882 legibus
2767 4817 2930 4879 cedit,
2950 4827 3005 4871 et
3031 4833 3227 4888 corpus
3253 4824 3438 4876 imma-

1861 4903 2098 4954 culatum
2151 4903 2309 4956 morti
2356 4904 2638 4970 subjicitur
2693 4907 2774 4960 ωε
2820 4907 3045 4975 Oportet
3111 4915 3253 4966 enim
3335 4917 3437 4970 hoc

1869 4991 2080 5045 mortali
2106 4994 2301 5060 posito,
2341 4993 2562 5049 induere
2598 4996 3059 5066 incorruptionem
3087 5001 3154 5065 ⁸⁸,
3179 5009 3432 5072 quamle-

1862 5081 2076 5150 quideni
2112 5093 2319 5139 natura:
2356 5087 2611 5142 Dominus
2666 5091 2857 5144 mortis
2901 5085 3199 5160 periculum
3256 5095 3439 5152 tacere

1861 5187 1966 5226 non
2019 5177 2309 5233 recusavit.
2363 5178 2540 5233 Carne
2589 5182 2794 5235 etenim
2856 5187 3103 5254 moritur,
3148 5197 3199 5242 et
3258 5201 3437 5246 morte

1859 5271 2088 5318 mortem
2116 5267 2253 5320 tollit
2290 5284 2305 5325 :
2342 5273 2689 5340 corruptione
2721 5273 3180 5345 incorruptionem
3212 5279 3384 5334 donat
3419 5301 3433 5338 :

1857 5368 2042 5409 necem
2086 5357 2320 5428 denique
2373 5376 2524 5416 suam
2589 5368 3000 5422 resurrectionis
3029 5368 3229 5425 fontem
3281 5371 3432 5428 facit.

1855 5445 2019 5516 865
2080 5445 2126 5502 Ο
2197 5453 2466 5519 quomodo
2532 5468 2934 5513 sacrosanctam
2989 5461 3134 5515 illam
3195 5465 3433 5518 animam

2472 5595 2520 5627 ⁵³
2551 5597 2772 5671 Dionys.
2820 5614 2940 5671 cap.
2973 5603 3008 5658 5
3037 5601 3112 5658 De
3141 5604 3247 5659 div.
3291 5621 3432 5659 nam.

1934 5770 2045 5842 (Η)
2081 5775 2258 5832 Germ.
2294 5790 2347 5834 et
2375 5780 2524 5839 Colb.
2557 5785 2768 5855 νοερὰ-ί.
