4170 6454
169 356 259 391 ’τΙἺ

178 383 252 416 lit

957 360 1280 421 [IOMILIA
1322 365 1345 421 Ι
1392 356 1482 422 IN‘
1510 364 2041 425 DORMITIONENI
2082 367 2145 428 Β.
2185 369 2247 427 \'.
2290 367 2571 429 MARHE.

3298 356 3397 418 7lR

161 472 355 540 πεδίου,
406 471 481 533 ὡς
544 470 728 541 κρῖνον
787 468 846 521 ὲν
902 470 1052 539 μέσῳ
1098 470 1382 522 ἀκανθῶν·
1437 470 1522 522 διὰ
1565 472 1720 522 τοῦτο
1752 476 1780 526 Λ

1842 472 1896 523 ιιί
1934 473 2101 525 lilium
2152 475 2201 527 in
2257 476 2432 527 medio
2485 476 2760 539 Spinarum
2802 476 2892 528 ":
2941 484 3220 544 propterea
3265 476 3394 530 ado-

160 564 384 627 νεάνιδες
427 561 722 632 ὴγάπησὰν
775 578 856 613 σε.
908 560 1000 622 Εἰς
1036 560 1211 630 ὀσμὴν
1244 560 1431 631 μύρων
1462 579 1555 614 σου
1588 562 1715 630 δρα-

164 654 420 726 μούμεθα.
456 651 754 724 Εἰσήνεγκέ
788 668 846 702 σε
896 652 923 703 ὁ
960 650 1214 718 βασιλεὺς
1263 652 1343 712 είς
1372 651 1433 703 τὸ
1473 654 1716 720 ταμιεῖον

164 746 339 810 αὑτοῦ,
374 746 502 800 ἔνθα
525 744 763 809 ἐξουσίαι
785 742 1197 813 δορυφοροῦσιν,
1230 745 1394 813 ἀρχαὶ
1412 743 1715 810 εύλογοῦσι,

163 840 331 911 θρόνοι
367 836 688 907 ἀνυμνοῦσι,
736 834 805 887 τὰ
856 834 1137 903 Χερουϐὶμ
1192 835 1554 905 ἐκπλήττεται
1603 835 1719 903 χαί-

167 946 335 999 ροντα,
373 927 583 993 δοξάζει
613 926 680 979 τὰ
709 924 956 998 Σεραὲρὶμ
978 927 1076 993 τὴν
1110 927 1203 977 τοῦ
1230 925 1429 977 οἰκείου
1454 923 1714 976 δεσπότου

166 1020 315 1089 φύσει
372 1021 465 1072 καὶ
512 1019 741 1090 ἀληθείᾳ.
799 1019 1080 1089 οἰκονομίᾳ
1144 1017 1563 1087 χρηματίσασαν
1619 1034 1719 1085 μη-

165 1111 309 1181 τέρα.
343 1109 419 1163 Οὐ
441 1110 547 1179 γὰρ
570 1111 645 1174 ὡς
677 1113 705 1163 6
749 1110 934 1173 Ἠλίας
962 1110 1037 1173 ὠς
1067 1110 1145 1171 εἰς
1168 1110 1258 1160 τὸν
1279 1107 1506 1176 οὐρανὸν
1534 1104 1718 1175 ἐλήλυ-

166 1199 287 1263 θας·
323 1200 421 1268 οὐχ
459 1200 534 1262 ὼς
569 1200 598 1250 6
634 1198 844 1263 Παῦλος
877 1200 981 1262 ἕως
1025 1198 1209 1269 τρίτου
1252 1193 1599 1264 διεόιϐἀσθης
1630 1195 1723 1246 ού-

170 1290 346 1360 ρανοῦ,
401 1290 516 1344 ἀλλ’
559 1291 664 1353 ἕως
692 1291 856 1344 αὑτοῦ
897 1290 993 1343 τοῦ
1042 1288 1323 1360 βασιλικοῦ
1377 1286 1566 1357 θρόνου
1627 1284 1721 1338 τοῦ

168 1381 292 1435 Υἱοῦ
332 1400 425 1435 του
471 1382 729 1450 ἔφθασας,
778 1382 1059 1443 αύτόπτως
1082 1380 1283 1449 ὁρῶσα,
1312 1381 1406 1432 καὶ
1438 1378 1718 1448 χαίρουσα,

168 1475 258 1528 καὶ
293 1475 389 1527 σὺν
416 1473 581 1543 πολλῇ
611 1474 704 1526 καὶ
735 1474 925 1544 ἁφὰτῳ
954 1477 1019 1543 τῇ
1053 1472 1334 1543 παρρησίᾳ
1377 1470 1723 1541 παρεστῶσα,

167 1566 411 1633 ἀγγέλοις
441 1564 675 1634 θυμηδία
700 1566 1032 1636 ἀπόρρητος,
1068 1563 1161 1616 καὶ
1186 1564 1385 1624 πάσαις
1413 1565 1533 1624 ταῖς
1560 1563 1725 1631 ὑπερ-

168 1659 409 1726 κοσμίοις
438 1658 717 1726 δυνάμεσι,
750 1658 1111 1727 πατριάρχαις
1142 1654 1447 1727 εὐφροσύνη
1476 1654 1725 1722 ἄληκτος,

168 1748 388 1810 δικαίοις
455 1748 599 1818 χαρὰ
649 1749 1044 1817 ἁνεκλὰλητος,
1110 1750 1416 1816 προφήταις
1479 1746 1728 1815 διηνεκὴς

1824 561 2128 617 lescentulze
2158 566 2458 619 dilexerunt
2498 574 2549 618 te

2594 582 2607 617 :
2647 566 2699 618 in
2746 568 2963 620 odorem
2997 576 3392 636 unguentorum

1827 663 2037 708 tuorum
2069 668 2422 709 cucurrerunt
2453 658 2517 688 ⁸³⁸
2551 657 2851 709 Introduxit
2886 666 2936 712 te
2980 673 3073 711 rex
3131 660 3182 711 in
3234 659 3390 712 cubi-

1823 744 2000 797 culum
2033 759 2211 807 sunto,
2247 745 2331 797 ubi
2361 758 2410 799 te
2444 748 2647 814 stipant
2680 746 2999 808 Potestates,
3031 747 3197 817 866
3230 748 3392 802 Prin-

1827 835 2036 903 cipatus
2066 836 2406 901 benedicnut,
2436 838 2641 891 Thmui
2671 838 3076 901 concelebrant,
3101 839 3391 892 Cherubim

1827 928 2119 993 gaudentes
2155 929 2560 995 obstupescunt,
2592 930 2810 981 laudant
2851 928 3158 996 Seraphim,
3186 937 3243 980 ιιι
3282 945 3401 997 qua:

1832 1019 2038 1073 Domini
2088 1031 2275 1071 natura
2322 1036 2555 1087 veraque
2597 1020 2996 1087 dispensatione
3026 1030 3200 1071 mater
3230 1020 3400 1072 exsti-

1838 1112 1985 1164 teris.
2037 1106 2152 1161 Non
2206 1112 2346 1162 enim
2393 1111 2458 1161 ad
2517 1109 2732 1162 modum
2773 1109 2901 1162 Elia:
2934 1109 3075 1162 velut
3115 1110 3164 1161 in
3202 1109 3397 1162 emlum

1830 1201 2140 1255 ascendisti.
2178 1200 2286 1253 Non
2331 1201 2404 1254 uti
2436 1199 2632 1254 Paulus
2659 1201 2724 1252 ad
2754 1200 2974 1253 tertium
3006 1214 3174 1268 usque
3201 1198 3398 1251 ccelum

1830 1295 2083 1348 subvecta
2113 1307 2170 1344 cs
2204 1291 2285 1352 σοι
2338 1306 2522 1345 verum
2574 1306 2744 1358 usque
2794 1290 2860 1343 ad
2906 1290 3113 1357 regiqu
3168 1288 3287 1341 Filii
3327 1288 3402 1341 tui

1834 1386 2084 1439 thronum
2111 1384 2421 1453 pervenisti,
2444 1383 2722 1452 perspicue
2747 1396 2867 1433 etim
2888 1396 2949 1433 ac
2974 1381 3088 1433 Itcte
3113 1391 3400 1438 contuens,

1834 1486 1887 1527 et
1936 1487 2295 1539 cumfznagna
2349 1486 2402 1528 ct
2451 1472 2813 1541 inexttlicabili
2871 1472 3127 1524 libertate
3186 1481 3403 1532 astans,

1835 1566 2056 1634 angelis,
2116 1576 2171 1618 et
2219 1564 2416 1618 mundo
2470 1565 2883 1618 sublimioribus
2933 1562 3234 1614 Virtutibus
3288 1561 3407 1612 uni-

1835 1659 2025 1721 versis,
2070 1658 2214 1711 Omni
2268 1672 2519 1710 sermone
2552 1671 2720 1723 major
2750 1656 2930 1708 la'titia
2973 1671 3051 1719 es,
3084 1651 3408 1720 patriarchis

1836 1750 2163 1819 sempiterna
2219 1750 2531 1811 oblectatio,
2591 1746 2753 1812 justis
2809 1746 3062 1814 gaudium
3117 1741 3408 1804 inell‘ahile,

168 1836 503 1902 ἀγαλλίασις.
553 1839 755 1907 κόσμον
802 1836 1117 1905 εύλογοῦσα,
1155 1836 1223 1888 τὰ
1252 1835 1540 1901 σύμπαντα
1580 1834 1736 1901 ἁγιὰ-
1767 1825 1780 1878 l

1842 1841 2087 1909 prrcnuis
2134 1838 2407 1907 prophetis
2456 1838 2767 1901 exsultatio,
2820 1838 3021 1889 mundo
3084 1833 3409 1895 benedictio.

170 1925 352 1988 ζουσα,
387 1930 496 1989 τοῖς
538 1930 833 1997 κάμνουσιν
876 1929 1075 1989 ἄνεσις.
1109 1930 1219 1989 τοῖς
1266 1927 1519 1979 πενθοῦσι
1563 1926 1740 1995 παρά⁶

171 2017 378 2087 κλησις,
401 2020 508 2080 τοῖς
522 2018 764 2072 νοσοῦσιν
789 2020 950 2083 ἴασις,
985 2020 1096 2082 τοῖς
1121 2017 1535 2089 χειμαζομένοις
1556 2018 1737 2088 λιμὴν,

171 2109 567 2175 ἁμαρτάνουσιν
597 2110 807 2178 ἄφεσις,
843 2115 952 2172 τοῖς
991 2110 1346 2178 λυπουμένοις
1376 2109 1597 2176 εὐμενὲς
1632 2126 1737 2161 πα-

171 2197 452 2266 ραμύθιον,
488 2201 621 2252 πᾶσι
663 2203 773 2263 τοῖς
807 2200 1046 2254 αἰτοῦσιν
1082 2200 1274 2271 ἑτοίμη
1310 2200 1549 2271 βοήθεια.

245 2375 331 2443 ιβ’.
378 2378 440 2428 Ὢ
470 2377 741 2449 θαύματος
764 2380 931 2441 ὅντως
964 2378 1303 2448 ὑπερφυοῦςί
1332 2376 1377 2431 ὢ
1404 2378 1741 2448 πραγμάτων

173 2469 507 2539 ἐκπλήξεως.
546 2471 602 2523 Ὀ
636 2472 803 2525 πάλαι
828 2472 1113 2541 βδελυκτὺς
1162 2473 1256 2524 καὶ
1285 2470 1610 2540 μισούμενος
1642 2468 1741 2523 θά-

184 2578 363 2622 νατος,
422 2562 515 2612 καὶ
554 2562 878 2632 εὐφημείται
906 2569 1015 2620 ,καὶ
1060 2563 1439 2633 μακαρίζεται.
1474 2563 1533 2613 ὐ
1582 2562 1742 2614 πάλαι

177 2651 406 2715 πένθους
441 2654 531 2706 καὶ¹
576 2656 896 2723 κατηφείας,
924 2654 1174 2726 δακρύων
1210 2671 1267 2707 τε
1294 2656 1387 2706 καὶ
1430 2652 1747 2722 σκυθρωπόο

177 2759 338 2810 τητος
385 2745 662 2814 πρόξενος,
693 2745 787 2798 νῦν
828 2748 1002 2815 χαρᾶς
1041 2745 1408 2798 ἀναδέδεικται
1445 2745 1533 2797 καὶ
1572 2762 1743 2812 πανη-

179 2834 395 2903 γύρεως
422 2836 612 2898 αἴτιος.
645 2837 833 2906 Ὅμως
861 2839 909 2889 εί
943 2838 1033 2889 καὶ
1077 2839 1209 2889 πᾶσι
1242 2840 1354 2899 τοῖς
1377 2836 1470 2889 τοῦ
1492 2837 1625 2888 Θεοῦ
1656 2836 1744 2888 Os-

182 2925 469 2994 ράπουσιν,
504 2921 578 2980 ὧν
606 2929 632 2979 6
671 2927 894 2989 θάνατος
928 2928 1310 2997 μακαρίζεται.
1350 2930 1410 2980 ὲκ
1441 2927 1530 2980 τοῦ
1559 2927 1747 2991 τέλους

179 3015 242 3065 τὸ
290 3016 529 3082 ἀσφαλὲς
572 3018 906 3087 περιγίνεται
958 3021 1056 3087 τῆς
1096 3018 1233 3084 πρὸς
1277 3018 1407 3069 Θεὸν
1453 3017 1747 3087 εὐαρεστή-

1839 1935 2000 1986 rebus
2047 1932 2299 1985 omnibus
2348 1930 2724 1992 sanctimonia,
2754 1926 3126 1981 laborantibus
3174 1923 3407 1993 requies.

1841 2023 2143 2093 lugentibus
2177 2023 2492 2085 consolatio,
2526 2020 2910 2090 aagrotautibus
2942 2016 3223 2079 medicina,
3276 2025 3412 2068 teut-

1842 2127 2049 2185 pestate
2075 2115 2290 2182 jactatis
2321 2125 2526 2182 portus,
2555 2112 2901 2181 peccantibus
2931 2111 3109 2167 venia.
3149 2107 3405 2161 blandum

1842 2209 1908 2261 iis
1938 2209 2029 2276 qui
2063 2209 2114 2261 in
2143 2220 2377 2260 mmrore
2419 2215 2563 2270 sunt,
2591 2204 2858 2267 levamen,
2891 2201 3141 2256 omnibus
3172 2213 3405 2256 exorano

1845 2298 1986 2353 tibus
2014 2307 2319 2369 promptum
2355 2296 2675 2351 subsidium.

1916 2390 2001 2443 12.
2029 2389 2073 2445 Ο
2102 2389 2419 2443 miraculum
2470 2403 2593 2442 vere
2638 2397 2825 2441 natura
2857 2384 3233 2455 prtestantins!
3264 2397 3296 2436 ο
3324 2398 3411 2438 res

1844 2482 2082 2553 stuporis
2112 2481 2329 2551 plenas!
2362 2480 2501 2533 Mors
2528 2495 2644 2550 qua!
2672 2479 2796 2533 od‘io
2819 2489 2872 2533 et
2900 2476 3258 2533 exsecrationi
3285 2476 3414 2529 olim

1843 2587 1980 2639 erat,
2012 2589 2153 2627 nunc
2176 2578 2600 2636 canzmemtatur,
2637 2582 2689 2627 et
2713 2574 2867 2627 beata
2901 2571 3239 2641 praedicatur.
3277 2568 3407 2635 Qua:

1845 2665 2111 2733 quondam
2168 2662 2367 2716 luctum
2433 2671 2486 2715 et
2543 2676 2850 2723 mmrorem,
2920 2660 3291 2729 lacrymasque
3362 2666 3419 2711 et.

1848 2756 2123 2809 tristitiam
2145 2752 2422 2813 afferebat,
2452 2768 2590 2805 nunc
2613 2768 2770 2807 causa
2796 2751 2972 2805 evadit
2997 2750 3175 2821 gaudii
3206 2761 3258 2802 et
3281 2749 3415 2800 laete

1848 2846 2196 2901 celebritatis.
2230 2844 2387 2910 Quid,
2420 2845 2560 2911 quod
2611 2844 2861 2897 omnibus
2909 2842 2997 2897 Dei
3047 2843 3240 2903 servis,
3280 2856 3416 2909 quo—

1850 2954 1966 2991 rum
2022 2952 2166 2991 mors
2200 2936 2351 2989 beata
2390 2936 2604 2998 dicitur,
2636 2934 2702 2986 ab
2734 2936 2848 3002 ipso
2896 2933 2998 2987 ﬁne
3034 2934 3084 2986 id
3139 2947 3420 3000 compare-

1851 3041 1954 3094 tur,
1996 3040 2052 3082 ut
2087 3029 2137 3081 in
2176 3035 2288 3081 tuto
2323 3028 2550 3080 habeant
2575 3027 2716 3093 quod
2763 3028 2870 3079 Deo
2909 3025 3045 3095 grati
3089 3025 3215 3088 sint,
3246 3036 3417 3091 eoque

182 3120 343 3168 σεως,
394 3106 485 3157 καὶ
517 3108 704 3159 τούτου
749 3107 909 3176 χάριν
935 3108 963 3159 6
1011 3108 1236 3168 θάνατος
1278 3106 1454 3158 αὐτῶν
1514 3106 1780 3190 μακαρί--1

1855 3132 1995 3171 mors
2053 3116 2264 3170 illorum
2307 3117 2476 3168 l'austa
2510 3125 2559 3165 et
2605 3115 2729 3168 felix
2763 3113 3060 3168 habeatur?
3096 3111 3241 3167 Mors
3278 3112 3419 3166 enim

180 3196 356 3260 ζεται.
395 3197 602 3250 Τελειοῖ
639 3198 747 3267 γὰρ
792 3200 1008 3262 αὐτοὺς,
1033 3200 1125 3251 καὶ
1165 3199 1465 3268 μακαρίους
1495 3199 1750 3260 δείκνυσι,

180 3287 246 3339 τὸ
269 3286 534 3356 ἄτρεπτον
558 3289 655 3357 τῆς
678 3290 877 3358 ἀρετῆς
902 3289 1279 3358 χαριζόμενος,
1306 3288 1445 3341 κατὰ
1465 3288 1523 3341 τὸ
1546 3290 1753 3355 φάσκον

182 3377 396 3444 λόγιον·
442 3378 517 3446 μὴ
567 3378 836 3447 μακάριζε
895 3379 1066 3448 ἄνδρα
1116 3380 1221 3448 πρὸ
1269 3379 1522 3448 τελευτῆς
1554 3379 1715 3431 αὑτοῦ

181 3468 304 3521 ἀλλ’
328 3469 425 3519 οὐκ
468 3469 560 3521 ἐπὶ
592 3470 673 3521 σοὶ
716 3468 872 3521 τοῦτο
903 3469 1205 3538 ληψόμεθα.
1252 3470 1351 3523 Σοῦ
1382 3470 1487 3539 γὰρ
1524 3489 1754 3539 μακαρι-

184 3556 345 3625 σμὸς,
376 3559 472 3626 οὐχ
506 3560 533 3609 6
572 3557 828 3621 θάνατος·
872 3559 989 3611 οὐδὲ
1040 3562 1070 3629 ἡ
1109 3560 1434 3627 μετάστασις
1479 3562 1756 3624 τελείωσις

182 3648 434 3716 γέγονεν,
489 3649 596 3701 οὐδ’
636 3645 701 3702 αὖ
751 3649 971 3719 πάλινή
1026 3650 1261 3720 ὲκδημία
1316 3651 1603 3721 χαρίζεται
1660 3654 1757 3721 τὴν

182 3740 512 3807 ἀσφάλειαν.
558 3740 779 3793 Πάντων
816 3742 923 3811 γὰρ
967 3741 1029 3793 σὺ
1068 3742 1175 3793 τῶν
1202 3742 1339 3812 ὑπὲρ
1372 3743 1493 3796 νοῦν
1536 3744 1757 3810 ἀγαθῶν

180 3830 353 3899 ἀρχὴ,
388 3829 478 3882 καὶ
510 3831 763 3902 μεσότηςν
803 3833 897 3885 καὶ
929 3832 1096 3896 τέλος,
1122 3835 1388 3901 ἀσφάλειά
1410 3853 1465 3888 τε
1503 3840 1595 3887 καὶ
1626 3836 1757 3905 ἁλη-

182 3920 289 3989 θὴῖ
321 3920 629 3989 βεϐαίωπιῖι
663 3924 694 3991 ἦ
745 3922 981 3993 ἄσπορος
1025 3923 1301 3995 σύλληψις,
1335 3928 1366 3996 ἡ
1396 3926 1514 3978 θεία
1542 3928 1757 3997 ἐνοίκη-

185 4027 299 4073 σις,
346 4013 373 4063 ὁ
398 4010 551 4073 τόκος
579 4013 607 4063 6
650 4012 881 4082 ἄφθορος
917 4013 1161 4082 γέγονεν.
1198 4016 1358 4068 ’Ὀθεν
1391 4017 1603 4086 ἀληθῶς
1625 4018 1757 4087 ἔφη-

186 4117 319 4164 σας,
350 4102 448 4153 οὐκ
487 4102 593 4154 ἀπὸ
628 4101 720 4157 τοῦ
744 4102 993 4158 θανάτου.
1022 4106 1138 4161 ἀλλ’
1173 4106 1230 4170 ἐξ
1252 4107 1421 4175 αὐτῆς
1447 4108 1544 4175 τῆς
1569 4108 1761 4180 συλλή-

181 4194 340 4260 ψεως
358 4193 462 4243 ὑπὸ
479 4192 668 4246 πασῶν
682 4193 790 4246 τῶν
815 4196 1015 4261 γενεῶν
1038 4196 1454 4265 μακαρίζεσθαι.
1489 4198 1761 4250 Ἐντεῦθεν

179 4283 253 4334 ού
289 4282 349 4333 σὲ
380 4282 406 4333 6
437 4280 663 4343 Θάνατος
694 4284 1048 4352 ὲμακάρισεν,
1082 4284 1198 4339 ἀλλ’
1238 4286 1373 4356 αύτὴ
1412 4288 1503 4339 τὸν
1535 4277 1762 4340 θάνατον

184 4371 593 4439 κατηγλάῖσας,
654 4373 751 4443 τὴν
793 4373 984 4426 τούτου
1040 4376 1339 4445 κατήφειαν
1384 4376 1611 4440 λύσασα,
1672 4379 1763 4429 καὶ

184 4461 375 4531 χαρὰν
409 4462 498 4515 τδν
536 4463 765 4518 θάνατον
797 4465 1038 4533 δείξασα.
1079 4467 1238 4520 Ὅθεν
1271 4485 1362 4521 σου
1411 4469 1470 4522 τὸ
1500 4470 1643 4539 ἱερὸν
1671 4472 1763 4523 και¹

186 4553 545 4622 πανάμωμον
600 4554 759 4624 σῶμα
804 4558 925 4627 ὁσία
962 4561 1106 4627 ταφῇ
1159 4559 1491 4629 παρεδίδοτο,
1533 4577 1763 4630 προτρε-

186 4641 403 4711 κόντων
446 4642 710 4709 ἀγγέλων,
755 4647 1243 4714 περικυκλοῦντων,
1300 4648 1602 4716 ἑπομένων,
1635 4650 1765 4717 μήτι

188 4734 551 4799 πραττόντων
610 4730 683 4787 ὧν
714 4737 859 4799 εἰκὸς
881 4740 944 4807 τῇ
979 4738 1145 4807 μητρὶ
1175 4738 1268 4791 τοῦ
1299 4739 1504 4792 ἑαυτῶν
1529 4738 1767 4809 λειτουρ-

185 4823 374 4891 γῆσαι
418 4826 712 4889 Δεσπότου,
762 4828 1096 4890 ἀποστόλων,
1148 4830 1240 4880 καὶ
1290 4827 1489 4891 παντὸς
1529 4828 1636 4892 τοῦ,
1667 4828 1768 4897 τῆς

204 4914 549 4983 Ἐκκλησίας
592 4916 954 4988 πληρώματος
1007 4920 1360 4990 θεηγορικοὺς
1420 4919 1619 4988 ὕμνους
1672 4921 1766 4973 ὲκ-

185 5006 475 5068 εεώντων,
501 5008 589 5059 καὶ
615 5009 994 5078 κροτουμένων
1036 5010 1111 5080 τῷ
1139 5010 1408 5080 πνεύματι
1432 5029 1444 5043 ·
1484 5014 1768 5079 Πλησθη-

186 5096 434 5161 σι’μεθα
461 5096 529 5148 ἐν
561 5096 682 5162 τοῖς
711 5098 951 5164 ἀγαθοῖς
991 5100 1094 5153 τοῦ
1136 5101 1302 5153 οἴκου
1335 5119 1448 5155 σου
1471 5118 1482 5131 ·
1517 5102 1701 5171 ἅγιος,
1736 5105 1767 5155 o'

190 5188 355 5250 ναός
380 5202 513 5250 σου,
547 5190 887 5256 θαυμαστὸς
941 5193 1009 5244 ἐν
1038 5191 1409 5258 δικαιοσύνῃ.
1445 5194 1552 5246 Καὶ
1583 5194 1764 5246 πάλιν*

205 5277 465 5341 Ἠ;·ι”ασε
510 5275 577 5328 τὸ
622 5280 906 5347 σκήνωμα
937 5281 1121 5334 αὐτοῦ
1174 5285 1204 5333 ό
1240 5281 1551 5349 ”Υψιστος.
1596 5285 1767 5349 Ὄρος

192 5366 314 5419 τοῦ
350 5367 517 5431 Θεοῦ,
552 5368 685 5434 ὅρος
719 5370 884 5423 πῖον·
915 5370 978 5422 τὸ
1010 5371 1143 5438 ὅρος
1173 5370 1201 5422 ὃ
1223 5371 1601 5437 εὐδόκησενό
1630 5372 1769 5436 Θεὸς

190 5455 509 5507 κατοικεῖν
537 5456 603 5507 ἐν
630 5457 807 5521 αὐτῷ.
840 5460 905 5511 Σὲ
930 5459 1036 5511 τῶν
1066 5460 1377 5512 ἀποστόλων
1418 5464 1444 5513 6
1482 5463 1646 5529 δῆμος
1674 5462 1772 5529 τὴν

186 5546 387 5616 ἀλῃθῆ
449 5548 675 5600 κιϐωτὸν
739 5551 947 5622 Κυρίου
1002 5552 1093 5604 τοῦ
1150 5552 1281 5604 Θεοῦ
1329 5554 1419 5608 ἐπὶ
1462 5554 1568 5605 τῶν
1609 5553 1773 5622 ῶμων

279 5658 330 5689 ⁸³
378 5659 537 5741 ‘tiasn.
586 5679 642 5728 ιι,
684 5667 727 5728 ι,
758 5664 810 5719 2.
889 5667 931 5697 ⁵ο
975 5664 1131 5721 Cant.
1182 5683 1219 5731 t,
1249 5665 1301 5733 ἓ,
1333 5667 1383 5720 5-

192 5745 338 5795 ειν,
374 5744 421 5780 υ.

1462 5667 1504 5697 ⁶⁰
1534 5665 1573 5721 ll
1602 5665 1725 5725 Cor.
1762 5683 1857 5731 xu,
1889 5665 1939 5720 ‘2.

1853 3222 1946 3264 eos
1966 3216 2370 3263 consummatos
2404 3221 2466 3259 ac
2499 3206 2683 3259 beatos
2712 3205 2859 3269 facit,
2898 3206 2997 3258 hoc
3030 3205 3158 3273 ipsis
3185 3202 3419 3257 aﬂ'erens

1856 3310 1909 3347 ut
1935 3293 2104 3346 virtus
2136 3291 2372 3357 ipsorum
2415 3288 2540 3342 nulli
2584 3290 2695 3358 jam
2741 3288 3021 3342 mutationi
3054 3287 3286 3341 obnoxia
3327 3289 3418 3344 sit.

1858 3383 2149 3438 secundum
2182 3381 2307 3435 illud
2337 3379 2609 3434 oraculum
2640 3401 2651 3434 :
2682 3381 2813 3433 Ante
2840 3390 3057 3432 mortem
3084 3396 3145 3433 ne
3161 3379 3420 3445 beatiﬁccs

1854 3491 2161 3544 quemquam
2191 3473 2231 3503 ⁶¹
2264 3492 2279 3528 ι
2315 3473 2455 3540 quod
2497 3481 2672 3525 tamen
2706 3473 2755 3525 in
2796 3481 2846 3524 te
2880 3486 2983 3525 non
3019 3458 3418 3545 usurpaiilttttts.

1857 3566 1968 3620 Tua
2000 3568 2196 3634 quippe
2234 3574 2353 3618 erat
2403 3562 2693 3625 beatitudo,
2727 3578 2829 3615 non
2887 3578 2914 3614 a
2980 3572 3152 3617 morte
3206 3554 3428 3630 obtigit,

1859 3672 1956 3710 nec
1982 3656 2071 3709 tibi
2099 3666 2218 3708 tuus
2252 3655 2374 3709 hinc
2397 3654 2656 3707 transitus
2676 3652 3061 3722 perfectionem
3089 3652 3419 3713 conciliarit,

1859 3763 1955 3802 nec
1982 3749 2191 3800 demum
2219 3747 2464 3814 migratio
2487 3752 2574 3796 tua
2604 3745 2969 3797 securitatem.
2994 3742 3245 3796 Omnium
3279 3743 3421 3795 enim

1858 3838 2115 3889 bonorum
2176 3834 2408 3896 initium,
2470 3833 2810 3900 mediumque
2853 3841 2909 3885 et
2957 3832 3098 3893 linis,
3160 3831 3425 3885 securitas

1859 3925 2019 3979 etiam
2070 3934 2124 3977 et
2152 3938 2274 3977 vera
2334 3923 2696 3983 conlirmalio,
2728 3922 2778 3975 in
2817 3920 2903 3973 illa
2944 3920 3166 3974 seminis
3203 3929 3426 3987 experte

1860 4014 2229 4083 conceptione,
2264 4014 2317 4067 in
2351 4014 2437 4067 illa
2471 4014 2646 4065 divina
2674 4011 3080 4075 inbabitatione,
3111 4010 3164 4064 in
3198 4010 3287 4063 illo
3307 4010 3425 4063 sine

1860 4106 1978 4159 labe
2035 4114 2192 4173 partu
2237 4103 2478 4157 constitit
2539 4124 2549 4158 :
2608 4118 2672 4155 ac
2735 4102 2957 4171 proinde
3030 4114 3153 4155 vere
3205 4113 3425 4168 prorsus

1862 4195 2043 4249 dixisti
2080 4194 2192 4248 fore
2254 4202 2310 4247 ut
2350 4204 2401 4247 te
2429 4210 2530 4247 non
2586 4209 2611 4244 a
2646 4199 2832 4255 morte,
2886 4191 2978 4246 sed
3023 4191 3090 4245 ab
3156 4190 3265 4258 ipsa
3300 4203 3427 4243 con-

1863 4288 2103 4355 ceptione
2149 4288 2522 4355 generationes
2572 4299 2759 4337 omnes
2805 4285 3013 4337 beatam
3056 4282 3425 4351 prtedicareut.

1863 4377 2123 4443 Quocirca
2156 4392 2258 4429 non
2308 4389 2357 4429 te
2398 4389 2541 4426 mors
2576 4373 2784 4427 beatam
2818 4370 2963 4433 fecit,
3003 4369 3095 4423 sed
3131 4370 3243 4437 ipsa
3282 4381 3426 4420 mor-

1795 4480 1969 4552 Dtem
2028 4468 2249 4521 hilarem
2318 4466 2636 4531 reddidiSti;
2682 4472 2739 4518 ut
2785 4478 2904 4532 qua:
2955 4461 3264 4515 tumstitiam
3314 4457 3429 4524 (-jus

1865 4558 2164 4622 sustuleris,
2238 4559 2517 4627 ipsamque
2580 4555 2831 4623 gaudium
2898 4567 3018 4608 esse
3093 4551 3426 4620 prtestiteris.

1867 4648 2223 4712 Quamobrem
2280 4662 2488 4700 sacrum
2526 4655 2579 4699 et
2622 4645 2996 4699 iutaminalum
3043 4657 3238 4710 corpus
3280 4650 3424 4692 tuum

1869 4738 1967 4801 pia:
2003 4736 2291 4804 sepulturae
2316 4736 2652 4799 tradebatur,
2700 4734 2903 4801 angelis
2958 4732 3150 4801 partim
3191 4745 3431 4797 pnecnr-

1871 4826 2128 4888 rentibus,
2176 4826 2369 4895 partim
2449 4822 2930 4886 circumdanlibus,
2978 4821 3280 4888 partimque
3343 4834 3430 4873 se-

1872 4917 2180 4987 quentibus.
2222 4916 2422 4975 nullum
2467 4916 2695 4983 denique
2722 4912 2966 4981 obsequii
3004 4924 3169 4978 genus
3216 4918 3431 4976 pra-ter-

1876 5009 2230 5071 mittentibus,
2264 5008 2403 5076 quod
2435 5006 2646 5060 Domini
2679 5006 2913 5074 ipsorum
2951 5001 3154 5070 parenti
3195 5000 3432 5052 adhiberi

1876 5114 1970 5168 par
1995 5108 2133 5152 esset
2168 5116 2179 5151 :
2212 5096 2461 5166 apostolis
2491 5097 2615 5150 item
2654 5105 2707 5150 et
2734 5095 2983 5148 universo
3013 5090 3266 5145 Ecclesia:
3292 5100 3433 5142 metu

1838 5190 2080 5242 'diviuos
2112 5191 2352 5258 hymnos,
2378 5200 2431 5243 et
2471 5191 2535 5242 ad
2567 5190 2798 5258 Spiritus
2833 5190 3005 5259 lyram
3043 5189 3281 5258 pulsatos
3330 5185 3435 5239 alta

1874 5295 2002 5333 vero
2055 5278 2366 5332 Canenliltus
2397 5298 2408 5331 :
2445 5278 2766 5346 Replebinmr
2806 5280 2859 5331 in
2885 5279 3030 5331 bonis
3065 5280 3247 5329 domus
3282 5286 3385 5327 tua:
3416 5288 3433 5325 :

1875 5380 2109 5422 sanctum
2137 5380 2211 5422 cst
2248 5370 2493 5437 templum
2526 5380 2692 5431 tuum,
2726 5371 2965 5422 mirabile
3008 5386 3059 5420 ut
3091 5369 3336 5433 a'qnitale
3364 5364 3431 5419 “.

1876 5461 1952 5513 Ac
1987 5474 2171 5511 rursus
2208 5479 2218 5512 :
2256 5460 2615 5528 Sancti/ienuit
2653 5461 3042 5515 tabernaculum
3087 5474 3237 5510 suum
3278 5455 3434 5509 Allia-

1879 5552 2038 5605 aimas
2068 5550 2133 5604 “.
2169 5549 2314 5603 Mons
2338 5548 2449 5613 Dei,
2470 5566 2613 5604 mons
2643 5552 2851 5620 pinguis
2875 5567 2892 5601 :
2918 5566 3060 5603 mam
3082 5550 3133 5601 in
3156 5561 3256 5617 quo
3285 5547 3437 5596 bene.

2019 5665 2056 5694 ⁶¹
2114 5664 2275 5719 liccli.
2325 5679 2408 5727 λι,
2459 5664 2546 5717 50.
2645 5667 2687 5696 "
2719 5665 2854 5719 l‘sal.
2890 5682 3032 5732 thv,
3063 5666 3117 5718 6.
3192 5664 3237 5694 ”
3266 5660 3407 5716 Psal.
