4170 6454
199 375 286 438 721

969 371 1293 432 IIOMILIA
1334 374 1390 431 ΙΙ
1435 374 1514 433 IN
1555 373 2090 437 DOliMlTIONEM
2125 379 2186 436 Β.
2221 380 2286 440 ν.
2326 381 2607 440 ﬁliiﬁlii,

3311 369 3411 431 722

189 499 309 564 πρὸς
359 491 448 544 τὶν
484 491 691 544 ὀἰκεῖον
735 490 1003 558 δεσπότην
1036 491 1474 559 παραστίσαιμεν
1502 490 1733 546 εὔνοιαν.
1769 545 1771 552 ,

1844 495 1971 550 mini
2016 495 2429 564 praeferendum,
2477 496 2690 563 quando
2724 496 2886 549 vitam
2930 495 3084 549 nobis
3113 478 3409 551 com-iliati

188 585 358 656 Τίγάρ
380 583 514 654 πρὸς
537 582 628 634 τὸν
649 580 915 652 δεσπότην
939 582 1110 651 φημί;
1136 583 1405 652 αὐταρκὲς
1432 584 1537 653 γὰρ
1567 584 1734 648 ὅντως

187 678 288 738 τοῖς
304 674 540 738 εὐλαϐῶς
573 671 938 744 μεμνημένοις
968 689 1062 724 σου
1092 673 1191 742 τῆς
1211 674 1428 742 μνήμης
1461 674 1517 726 τὸ
1542 675 1736 742 τιμαλ-

190 773 434 837 φεστατον
461 765 690 836 δώρημα
711 782 723 794 ·
763 765 934 835 χαρᾶς
980 763 1089 834 γάρ
1124 765 1483 836 ἀναφαιρέτου
1516 767 1738 837 ὑπέρθε-

190 877 266 921 σις
279 859 499 928 γίνεται.
520 857 685 920 Ποίας
702 857 809 926 γὰρ
825 855 924 908 οὒκ
954 855 1336 925 ἐμπίμπλαται
1357 856 1694 927 εὐφροσύνης
1717 874 1732 921 ;

187 950 338 1004 ποίων
362 949 578 1017 ἀγαθῶν
608 950 636 1000 ό
658 950 901 1016 ταμιεῖον
941 946 1042 1014 τῆς
1068 947 1341 1014 πανάγνον
1377 965 1470 1000 σου
1514 950 1734 1020 μνήμης

186 1041 274 1111 τὴν
305 1038 493 1093 ἑαυτοῦ
542 1038 906 1108 ποιησάμενος
950 1037 1210 1091 διάνοιαν.
1265 1033 1430 1099 Οὗ-ός
1481 1055 1562 1091 σοι
1598 1040 1730 1107 παρ’

185 1131 328 1200 ἡμῶν
373 1129 751 1200 χαριστήριος,
807 1127 914 1178 τῶν
953 1127 1239 1198 ἡμετέρων
1288 1127 1460 1196 λόγων
1485 1128 1733 1199 ἀπαρχὴ,

184 1221 275 1290 τῆς
292 1220 507 1290 πτωχῆς
529 1218 686 1287 ἡμῶν
711 1217 947 1280 διανοίας
965 1217 1023 1269 τὸ
1051 1216 1380 1283 ἀκροθίνιον,
1411 1217 1489 1287 τῷ
1512 1219 1639 1287 περὶ
1675 1219 1734 1270 σὲ

184 1310 483 1381 κινηθείσης
525 1309 695 1377 πόθῳ,
751 1308 846 1361 καὶ¹
907 1308 1003 1378 τὴν
1075 1307 1281 1361 οἰκείαν
1330 1308 1733 1378 ἐκλελησμένης

183 1401 472 1454 ἀσθένειαν.
533 1399 673 1452 Ἀλλ’
712 1398 954 1468 εὐμενῶς
994 1399 1165 1467 δέχοιο
1208 1400 1299 1452 τὸν
1341 1400 1530 1465 πόθον,
1564 1401 1735 1454 εἰδυῖα

181 1491 272 1562 τὴν
298 1491 521 1560 δύναμιν
573 1489 1000 1558 ὑπερϐάλλοντα.
1029 1491 1098 1542 Σὺ
1125 1490 1181 1542 δὲ
1211 1491 1532 1554 ὲποπτεύοις
1563 1493 1730 1560 ἡμᾶς,

181 1577 348 1648 ἀγαθὴ
381 1578 657 1642 δέσποινα,
692 1577 898 1645 ἀγαθοῦ
939 1577 1197 1632 δεσπότου
1245 1579 1550 1650 λοχεύτρια,
1580 1582 1734 1646 ἄγοις

180 1685 237 1722 τε
263 1669 350 1722 καὶ
378 1668 562 1738 φέροις
597 1673 663 1723 τὰ
706 1667 828 1721 καθ’
869 1671 1014 1740 ἡμᾶς
1067 1669 1201 1722 ὅπου
1251 1671 1478 1740 βούλοιο,
1514 1671 1606 1724 καὶ
1638 1672 1734 1734 τὰς

177 1763 345 1833 ὀρμᾶς
385 1762 494 1815 τῶν
544 1763 839 1832 αἰσχίστων
892 1762 1050 1830 ἡμῶν
1091 1761 1278 1814 παθῶν
1332 1764 1610 1832 στήσειας,
1638 1765 1733 1816 καὶ¹

1840 587 1947 642 llac
1981 590 2124 642 enim
2158 589 2364 642 ratione
2415 597 2651 641 nostram
2699 604 2822 655 erga
2857 589 3140 642 Dominum
3173 591 3404 644 benevo-

1837 678 2053 732 lentiam
2098 677 2424 732 luculentius
2482 679 2851 732 ostendmuus.
2902 680 3039 744 Quid
3093 681 3232 742 dico,
3279 695 3433 749 erga-

1840 769 2162 823 l)omiuum?
2191 768 2394 822 sulﬁeit
2425 779 2571 822 certe
2607 770 2671 824 iis
2705 771 2796 837 qui
2843 771 2915 821 tui
2971 771 3283 822 memoriam
3320 772 3408 838 pie

1837 860 2117 926 recolunt,
2175 860 2628 927 pretiosissimum
2690 861 3082 913 recordationis
3145 870 3250 912 tuae
3311 859 3435 912 do-‘

1838 967 1960 1003 num
1996 953 2230 1019 :quippe
2264 967 2386 1019 qua‘
2430 952 2694 1017 ejusmodi
2731 951 2970 1003 laetitiam
2999 951 3194 1020 pariat,
3228 966 3346 1017 qua:
3375 968 3406 1003 ει

1836 1045 2050 1097 nemine
2078 1044 2373 1096 auferatur.
2407 1042 2523 1108 Qua
2558 1043 2700 1095 enim
2740 1043 3035 1110 Voluptate,
3078 1043 3276 1111 quibus
3311 1046 3407 1095 bo-

1837 1133 1920 1186 nis
1954 1148 2056 1186 non
2093 1134 2362 1202 impletur,
2413 1134 2502 1201 qui
2559 1143 2790 1185 mentem
2843 1148 2994 1184 suam
3048 1134 3405 1187 sanctissimae

1837 1224 2226 1277 recordationis
2259 1234 2359 1276 tua:
2388 1223 2813 1291 promptuarium
2857 1223 3020 1276 fecit?
3048 1224 3228 1277 Habes
3264 1223 3406 1291 grati
3436 1231 3442 1237 '

1836 1315 1999 1366 animi
2050 1323 2443 1384 argumentum,
2496 1314 2660 1366 hasce
2722 1328 3032 1367 sermonum
3091 1324 3403 1367 nostrorum

1835 1402 2122 1470 primitias,
2165 1404 2523 1471 pzmperisque
2571 1404 2743 1455 nostri
2784 1403 2949 1455 animi
2991 1404 3402 1470 delibationent,

1835 1493 1924 1557 qui
1966 1507 2150 1546 amore
2191 1505 2280 1547 tuo
2326 1495 2587 1547 incitatus
2624 1493 3014 1546 imbecillitatis
3049 1510 3158 1547 sua:
3207 1494 3405 1548 oblitus

1835 1592 1936 1636 est.
1960 1582 2037 1636 Tu
2067 1597 2189 1636 vero
2214 1600 2534 1653 propensum
2557 1584 2885 1638 desiderium
2915 1583 3145 1651 benigne
3167 1585 3404 1654 suscipe,

1834 1690 1955 1728 cum
2000 1677 2337 1742 exploratum
2385 1677 2606 1738 habeas,
2643 1690 2759 1727 eam
2796 1675 3002 1728 viribus
3050 1677 3252 1729 nostris
3283 1689 3406 1729 esse

1835 1767 2193 1834 superiorem.
2230 1765 2308 1817 Tu
2345 1767 2546 1834 itaque,
2580 1767 2717 1819 bona
2752 1765 2999 1832 Domina,
3031 1767 3157 1820 boni
3197 1767 3406 1819 Domini

335 1851 425 1903 τὸν
477 1850 570 1902 τοῦ
615 1827 760 1902 θείου
809 1827 1108 1918 θελήματος,
1161 1827 1492 1918 ἀχείμαστον
1537 1828 1771 1918 λιμέναί

1838 1871 2052 1926 parens,
2097 1872 2196 1910 nos
2236 1857 2393 1908 velim
2442 1857 2716 1924 inspicias,
2763 1872 2954 1924 resque
3006 1869 3216 1911 nostras
3254 1857 3406 1910 arbi-

176 1942 560 2013 καθοδηγοῦσα,
592 1942 686 1995 καί
720 1942 816 2010 τῆς
867 1941 1162 2012 μελλούσης
1194 1941 1592 2011 μακαριότητος
1640 1959 1733 1994 κα-

174 2033 510 2100 ταξιώσειας,
573 2033 672 2102 τῆς
728 2032 985 2098 γλυκείας
1035 2049 1093 2086 τε
1148 2031 1244 2086 καὶ
1302 2032 1730 2102 αὐτοπροσὼπου

174 2125 502 2195 ἐλλάμψεως,
553 2124 646 2177 τοῦ
694 2128 757 2178 ὲκ
793 2125 886 2176 σοῦ
943 2122 1313 2194 σαρκωθέντος
1346 2122 1482 2176 Θεοῦ
1533 2125 1728 2192 Λόγου.

172 2213 302 2269 Μεθ’
328 2209 388 2268 οὗ
417 2213 493 2282 τῷ
532 2215 705 2284 [Iava
747 2213 894 2277 δόξα,
925 2212 1081 2282 τιμὴ,
1116 2212 1338 2283 κράτος,
1389 2213 1729 2284 μεγαλοσύνη

171 2324 231 2360 τε
263 2306 354 2359 καὶ
384 2305 842 2376 μεγαλοπρέπεια,
875 2306 970 2356 σὺν
1005 2303 1082 2373 τῷ
1111 2305 1364 2373 παναγίῳ
1403 2306 1496 2357 καὶ
1518 2305 1728 2375 ἀγαθῷ,

171 2396 265 2448 καὶ
291 2395 532 2465 ξωοποιῷ
565 2394 726 2448 αὐτοῦ
757 2394 1055 2464 Πνεύματι,
1116 2391 1210 2446 νῦν
1254 2394 1345 2447 καὶ
1392 2394 1498 2460 ἀεὶ,
1533 2395 1624 2446 καὶ
1655 2396 1733 2458 εἰς

169 2489 295 2552 τοὺς
319 2488 515 2550 αἰῶνας
544 2487 652 2541 τῶν
679 2485 912 2543 αἰώνων.
948 2487 1140 2557 ’Δμήν.

1839 1951 1941 2002 trio
1974 1959 2063 2001 tuo
2095 1965 2246 2017 regas
2271 1965 2333 2002 ac
2365 1950 2695 2014 modereris;
2730 1949 3151 2003 ftet.lissitttat'ttitt
3190 1959 3403 2002 nostra-

1840 2057 1958 2094 rum
1988 2040 2330 2094 all‘ectiouum
2367 2041 2623 2110 impetum
2651 2041 2996 2110 comprimes,
3031 2048 3105 2103 ut,
3136 2039 3409 2107 composi-

1842 2132 1911 2185 tis
1939 2131 2107 2201 868
2138 2132 2409 2198 “llt'libUS,
2457 2148 2553 2186 nos
2582 2133 2646 2185 ad
2690 2131 3036 2200 tranquillum
3085 2129 3281 2183 divina:
3315 2144 3407 2182 vt;-

1839 2222 2059 2276 iuntatis
2090 2235 2301 2290 portum
2335 2225 2554 2292 dirigas,
2606 2238 2668 2277 ac
2719 2224 2896 2276 futura
2928 2221 3260 2276 beatitudine
3312 2221 3408 2273 do-

1841 2328 1972 2380 nes;
2010 2314 2119 2380 illa,
2173 2315 2414 2385 inquam,
2464 2315 2603 2369 dulei
2650 2315 2742 2368 Dei
2790 2312 2951 2367 Verbi
2999 2313 3266 2368 iucarnati
3314 2325 3411 2379 per

1839 2403 1954 2470 ejus
2007 2416 2353 2474 conspectum
2411 2407 2836 2472 illumiualione;
2893 2420 3014 2458 cum
3092 2419 3198 2473 quo
3261 2403 3409 2456 Patri

1844 2493 2034 2562 gloria,
2070 2495 2259 2560 honor,
2309 2496 2613 2564 imperium,
2661 2497 2919 2566 majestas
2957 2506 3010 2548 et
3055 2494 3409 2563 magniﬁcen-

173 2581 270 2644 lia.
324 2593 446 2634 cum
502 2580 877 2645 sanctissimo,
921 2579 1170 2647 bonoque
1218 2587 1272 2632 et
1319 2576 1532 2632 viviﬁco
1581 2575 1697 2646 ejus
1759 2580 1983 2651 Spiritu,
2022 2601 2166 2640 nunc
2223 2596 2278 2640 et
2325 2602 2556 2653 semper,
2612 2597 2667 2642 et
2717 2588 2770 2642 iu
2828 2586 3020 2642 smeula
3061 2585 3406 2640 Satculot'um.

170 2676 361 2728 Amen.

909 2790 984 2844 6’.

173 2907 288 2967 Τοῦ
308 2906 493 2960 αὐτοῦ
533 2906 714 2975 ,λόγος
734 2905 1006 2972 δεύτερος
1039 2905 1127 2968 εἰς
1175 2901 1288 2968 τὴν
1323 2902 1580 2975 ἔνδοξον
1611 2903 1734 2975 κοί-

233 2992 426 3045 μησιν
469 2975 580 3040 τῆς
620 2973 921 3045 -πιιναγίας
961 2975 1252 3026 Θεοτύκου
1280 2973 1377 3026 καὶ
1422 2973 1734 3039 ἀειπαρυέ-

240 3063 352 3100 νου
377 3046 623 3112 Μαρίας.

239 3169 314 3218 α’.
352 3162 507 3216 Ἐστι
541 3161 636 3229 μὲν
662 3158 966 3229 ἀνθρώπων
988 3157 1184 3221 οὐδεὶς,
1212 3157 1271 3218 ὃς
1300 3157 1415 3209 κατ’
1451 3156 1608 3220 ἀξίαν
1635 3156 1734 3225 τῆς

2571 2792 2660 2847 IX.

1845 2906 2094 2975 Ejusdem
2135 2925 2301 2960 sermo
2336 2907 2594 2959 secundus
2626 2909 2678 2959 in
2717 2907 3000 2977 gloriosam
3043 2907 3410 2960 dormitiouem

1911 2981 2251 3099 ignotissima;
2297 2978 2388 3030 Dei
2433 2977 2709 3030 Geliilricis
2759 2993 2820 3030 ac
2873 2985 3136 3044 perpetua:
3193 2977 3387 3046 virgini

1971 3063 2118 3099 arma

1971 3063 2118 3099 arma

1917 3159 1965 3211 l.
2013 3159 2122 3212 Etsi
2171 3171 2328 3211 nemo
2362 3158 2669 3211 mortalium
2704 3166 2806 3221 est,
2858 3156 2948 3225 qui
2999 3165 3412 3211 sacrosanctum

162 3255 508 3323 Θεομήτορος
647 3225 798 3318 ἱερὰν
815 3249 1077 3318 ἐκδημίαν
1093 3249 1228 3318 εὑφη
1241 3247 1412 3315 μῆσαι
1428 3248 1734 3317 δυνήσεται,
1765 3235 1771 3272 ⁴

1844 3249 1932 3302 Dei
1961 3248 2250 3302 Genitrieis
2281 3266 2344 3302 ex
2380 3251 2478 3302 hac
2516 3249 2621 3302 vita
2663 3250 2959 3306 discessum
3005 3264 3103 3317 pro
3147 3249 3413 3317 dignitate

161 3346 351 3400 οὐδἐί
393 3343 589 3413 μύριαι
626 3341 892 3410 γλῶσσαι,
941 3339 1177 3392 τοσαῦτα
1213 3339 1257 3390 δ’
1293 3337 1440 3408 αὑτῴ
1494 3340 1738 3407 στόματα

158 3438 253 3507 εἴη
278 3451 293 3465 ⁶
325 3435 440 3488 ἀλλ’
472 3434 581 3487 οὐδ’
607 3435 656 3485 εί
689 3434 860 3484 πᾶσαι
890 3430 998 3483 τῶν
1020 3429 1377 3499 πολυσπόρων
1406 3429 1462 3481 αἱ
1496 3427 1737 3496 γλῶσσαι

163 3527 496 3589 συνέλθοιεν,
550 3525 657 3577 τῶν
717 3523 1066 3591 καθηκόντων
1145 3521 1380 3572 ἐπαίνων
1438 3519 1731 3587 ἐφίκοιντο.

161 3618 212 3670 ll
226 3615 484 3684 άπαγάρ
508 3613 646 3682 αὕτη
666 3612 865 3682 θεσμὸν
895 3609 1184 3680 ἐγκωμίων
1209 3610 1547 3678 ὑπέρκειται.
1568 3609 1623 3660 Ἐ
1635 3627 1740 3661 πειο

155 3710 230 3776 δὴ
266 3706 325 3758 δὲ
361 3706 514 3774 φίλον
556 3704 674 3773 Θεῴ
705 3703 766 3755 τὸ
799 3703 940 3755 κατά
969 3701 1198 3770 δύναμιν
1230 3702 1294 3752 ὲκ
1317 3700 1480 3753 πόθου
1509 3701 1605 3752 καὶ⁵
1635 3700 1734 3768 ζή-

154 3800 260 3849 λου
296 3795 391 3848 καὶ
408 3795 616 3863 ἀγαθῆς
648 3793 758 3863 (2'2)
790 3791 1231 3861 προσφερόμενον
1255 3789 1592 3858 διαιρέσεως,
1610 3790 1737 3856 φίλα

153 3890 221 3940 ἑὲ
243 3890 314 3957 τῇ
346 3885 512 3956 μητρὶ
545 3885 636 3937 τοῦ
660 3883 795 3935 Θεοῦ
820 3883 885 3934 τά
917 3881 994 3950 τῷ
1026 3880 1136 3949 Υίῴ
1185 3879 1453 3950 προσφιλῆ
1490 3881 1580 3931 καὶ
1612 3880 1738 3949 ἐρά-

155 3995 330 4048 σμια,
373 3977 509 4047 φέρε
565 3975 728 4027 πάλιν
779 3973 887 4026 τῶν
945 3971 1233 4040 ἐγκωμίων
1292 3971 1578 4039 ἁψώμεθα,
1625 3971 1736 4032 τοῖς

152 4071 462 4141 ὑμετέροις
505 4065 927 4137 πειθαρχοῦντες
972 4063 1326 4132 κελεύμασιν,
1371 4056 1415 4114 ὦ
1467 4061 1740 4131 ποιμένων

150 4163 406 4232 ἄριστοι,
451 4159 549 4212 καὶ
591 4158 710 4228 Θεῷ
764 4155 1238 4226 προσφιλέστατοι,
1285 4153 1500 4224 ἀρωγὸν
1559 4153 1651 4206 τὸν
1681 4153 1738 4215 ἐξ

149 4252 342 4316 αὐτῆς
400 4245 818 4317 σεσαρκωμένον
869 4243 1326 4313 ἐπικαλεσάμενοι
1389 4241 1580 4310 Λόγον,
1637 4241 1729 4292 τὸν

150 4339 486 4411 πληροῦντα
536 4339 645 4390 πᾶν
690 4335 862 4406 στόμα
896 4334 1033 4406 πρὸς
1060 4335 1220 4388 αὑτὸν
1261 4334 1631 4403 ἀνοιγόμενον,
1681 4333 1739 4394 ὃς

147 4435 311 4503 αὐτῇ
349 4431 508 4501 μόνος
538 4429 762 4498 κόσμος,
808 4429 901 4482 καὶ
952 4425 1279 4489 πανευκλεὲς
1333 4423 1607 4494 ἐγκώμιον
1641 4425 1738 4475 πέ-

145 4540 346 4595 φυκεν
366 4538 380 4550 ⁸
410 4521 615 4583 εἰδότες
646 4519 720 4582 ὡς
753 4519 841 4571 ὅτε
870 4517 979 4570 τῶν
1005 4516 1242 4569 ἐπαίνων
1290 4515 1592 4585 ἀρξόμεθα,
1638 4514 1736 4584 τὴν

142 4613 394 4683 ὀφειλὴν
421 4610 791 4677 ὲκτιννύομεν,
840 4608 934 4662 καὶ
963 4607 1165 4676 ταύτην
1205 4607 1538 4667 ἐκτίσαντες,
1573 4605 1735 4658 πάλιν

139 4703 262 4760 τοῦ
297 4703 493 4773 χρέους
525 4699 824 4770 ἀρχόμεθα,
864 4698 940 4761 ὼς
973 4698 1155 4766 μένειν
1180 4697 1240 4749 τὸ
1277 4696 1433 4766 χρέος
1462 4696 1548 4748 ἀεὶ
1575 4697 1739 4766 ἀρχό-

143 4812 337 4870 μενον
370 4794 466 4846 καὶ
519 4789 914 4861 πληρούμενον.
971 4788 1156 4850 Ἵλεως
1187 4788 1242 4839 δὲ
1284 4787 1370 4857 εἴη
1423 4787 1557 4858 πρὸς
1586 4787 1740 4857 ἡμῶν

141 4886 517 4959 ὑμνουμένη,
543 4886 576 4954 ή
601 4883 818 4936 πάντων
848 4883 1159 4952 κτισμάτων
1194 4881 1466 4946 ἐπέκεινα,
1493 4883 1587 4934 καὶ
1615 4883 1743 4936 πάν-

135 4998 277 5035 των
324 4975 822 5047 δημιουργημάτων
846 4971 1202 5035 δεσπόζονσα,
1240 4969 1326 5025 οἷα
1366 4971 1502 5025 Θεοῦ
1535 4975 1740 5042 μήτηρ,

137 5068 264 5126 τοῦ
331 5067 569 5121 Κτίστου
629 5065 723 5116 καὶ
768 5061 1136 5133 Δημιουργοῦ,
1174 5064 1267 5115 καὶ
1321 5062 1429 5115 τῶν
1485 5062 1739 5115 ἁπάντων

134 5159 550 5222 δεσπόζοντος,
598 5153 1030 5223 Συγγινὼσκοιτε
1084 5153 1140 5205 δὲ
1176 5155 1269 5207 καὶ¹
1320 5155 1498 5224 ὑμεῖς,
1552 5150 1597 5208 ὦ
1633 5154 1742 5207 τῶν

136 5250 342 5307 θείων
367 5249 540 5316 λόγων
576 5247 830 5316 φιλήκοον
862 5246 1134 5316 σύστημα,
1166 5245 1257 5298 καὶ
1272 5245 1371 5314 τὴν
1404 5246 1501 5315 μὲν
1530 5245 1742 5298 εὔνοιαν

134 5343 555 5414 ἀποδέχοισθε,
596 5341 691 5395 καὶ
723 5343 810 5393 τὸν
841 5340 1004 5394 πόθον
1040 5341 1341 5411 κροτοίητε,
1386 5345 1451 5412 τῇ
1493 5342 1744 5412 ἀσθενείᾳ

133 5441 215 5495 δὲ
274 5436 378 5489 τοῦ
416 5436 578 5503 λόγου
615 5433 1012 5502 σνμπάσχοιτε.
1079 5433 1288 5502 Ὥσπερ
1333 5433 1438 5503 γὰρ
1466 5433 1520 5485 εί
1559 5451 1642 5503 τις
1667 5434 1745 5502 τῷ

135 5527 566 5595 αὐτοκράτορι,
619 5525 711 5576 καὶ
754 5522 962 5574 θειόθεν
1019 5521 1126 5573 τῶν
1170 5520 1453 5589 ὁμοφύλων
1505 5500 1744 5591 ἐγχεῖρι-

143 5616 370 5675 σθέντι
403 5615 530 5676 τοὺς
573 5615 784 5676 οἴακας,
823 5611 1128 5681 πλήθουσαν
1171 5611 1271 5680 μὲν
1300 5612 1384 5665 ἀεὶ
1424 5611 1746 5682 κεκτημένῳ

233 5771 367 5840 (2'2)
402 5770 443 5825 li
501 5772 515 5824 Ι
547 5769 725 5824 Germ.
759 5769 1180 5839 προφερόμενον.

1839 3340 2055 3392 laudare
2081 3349 2262 3408 queat,
2305 3355 2403 3392 nec
2446 3341 2486 3391 si
2524 3348 2806 3392 Sexcentas
2841 3339 3046 3406 linguas
3082 3339 3413 3404 totidemque

1838 3444 1930 3482 ora
1965 3431 2159 3484 habeat
2192 3446 2206 3482 :
2238 3430 2346 3483 imo
2380 3446 2478 3483 nec
2520 3429 2565 3481 si
2602 3445 2791 3483 omnes
2823 3430 3098 3482 hominuut
3143 3439 3252 3484 toto
3285 3428 3414 3481 orbe

1838 3522 2202 3590 dispersorum
2255 3520 2446 3588 lingua:
2493 3521 2543 3571 in
2596 3537 2758 3572 tnmm
2811 3529 3020 3585 coeant,
3058 3520 3243 3586 dignas
3289 3520 3409 3587 ejus

1839 3610 2024 3664 laudes
2075 3610 2297 3678 exsequi
2350 3609 2557 3678 possint
2605 3609 2742 3678 (ipsa
2794 3610 2989 3678 quippe
3033 3609 3410 3661 encomioram

1838 3703 2076 3757 oumium
2128 3702 2273 3770 leges
2302 3701 2563 3772 superat),
2614 3710 2879 3765 attamen,
2930 3700 3055 3768 quia
3115 3700 3221 3754 Deo
3251 3712 3410 3752 acce-

1839 3801 1986 3861 ptum
2009 3802 2092 3848 est
2118 3793 2259 3863 quod
2288 3808 2383 3861 pro
2406 3792 2545 3846 virili
2579 3803 2759 3845 nostra
2795 3794 2871 3856 lit,
2905 3800 3067 3859 atque
3101 3805 3166 3844 ex
3200 3804 3408 3853 amore,

1837 3893 1890 3939 et
1936 3885 2135 3948 studio,
2193 3885 2467 3953 probaque
2523 3883 2793 3937 voluntate
2848 3882 3092 3944 utier-tur,
3147 3889 3410 3951 grataque

1843 3976 1931 4029 Dei
1965 3975 2123 4029 matri
2168 3990 2231 4029 ea
2263 3976 2540 4038 accidunt,
2583 3989 2703 4043 qua:
2736 3973 2872 4026 Filio
2904 3983 3053 4042 grata
3096 3982 3151 4026 et
3181 3982 3408 4039 accepta

1837 4073 1982 4130 sunt,
2029 4065 2241 4129 vestris,
2278 4064 2464 4134 optimi
2519 4079 2582 4118 ac
2628 4065 2734 4116 Deo
2782 4062 3087 4117 charissimi
3136 4072 3407 4131 pastores,

1841 4155 2082 4226 imperiis
2133 4157 2593 4223 obtemperantes,
2641 4171 2758 4208 eam
2807 4155 3000 4207 iterum
3042 4153 3261 4207 laudare
3314 4167 3410 4218 ag-

1837 4251 2164 4319 grediamur,
2211 4247 2373 4302 Verbi
2438 4247 2580 4302 illius
2633 4261 2790 4316 Opem
2840 4247 3213 4314 implorantes,
3261 4244 3406 4311 quod

1837 4355 2056 4395 carnem
2088 4354 2155 4394 ex
2191 4339 2304 4409 ipsa
2346 4339 2602 4408 suscepit,
2646 4347 2700 4392 et
2749 4353 2810 4390 os
2843 4349 3003 4391 omne
3042 4334 3224 4403 implet
3261 4333 3407 4402 quod

1839 4433 1905 4484 ad
1945 4432 2118 4499 ipsum
2169 4430 2433 4498 aperitur,
2481 4428 2621 4497 quod
2666 4429 2882 4482 tandem
2936 4427 3109 4482 solum
3156 4426 3204 4478 ei
3250 4440 3410 4477 orna-

1839 4534 2042 4585 mento,
2091 4521 2565 4590 illustrissimoque
2591 4522 2837 4575 encomio
2875 4519 2995 4572 fuit.
3041 4518 3153 4582 Qua
3187 4515 3402 4583 quidem

1846 4615 1898 4668 in
1954 4629 2010 4667 re
2055 4614 2158 4668 hoc
2207 4611 2362 4666 nobis
2397 4623 2479 4666 est
2509 4612 2877 4680 exploratum,
2920 4609 3063 4678 quod
3114 4622 3234 4660 cum
3289 4619 3408 4658 eam

1845 4707 2066 4760 laudare
2108 4704 2414 4773 incipimus,
2476 4704 2713 4757 debitum
2770 4717 2965 4756 munus
3008 4699 3403 4770 pet-solvamus,

1847 4810 2018 4865 eoque
2044 4795 2341 4865 persoluto,
2380 4795 2654 4850 debitores
2687 4794 2863 4849 denuo
2898 4808 3018 4848 esse
3051 4791 3406 4861 incipiamus;

1849 4891 1918 4944 ita
1985 4899 2042 4942 ut
2097 4888 2330 4943 debitum
2387 4895 2441 4941 et
2497 4900 2708 4954 semper
2762 4885 3022 4952 incipiat,
3082 4892 3134 4938 et
3195 4896 3410 4950 semper

1847 4979 2176 5034 exsolvatur.
2216 4978 2342 5032 Mihi
2372 4992 2532 5046 porro
2571 4976 2800 5045 pr0pitia
2847 4977 2938 5040 sit,
2982 4989 3142 5044 quam
3177 4972 3405 5028 laudan-

1847 5070 1970 5123 dam
2007 5067 2360 5137 suscepimus,
2384 5082 2502 5135 qua:
2539 5075 2716 5119 creata
2748 5065 2930 5119 omnia
2958 5074 3202 5132 superat,
3231 5059 3412 5116 omni-

1848 5162 2054 5228 busque
2079 5159 2308 5213 conditis
2352 5157 2511 5210 rebus
2546 5158 2877 5219 dominatur,
2908 5156 3052 5210 velut
3088 5164 3261 5208 mater
3291 5154 3408 5218 Dei,

1847 5251 1936 5318 qui
1965 5259 2181 5304 creator
2207 5248 2494 5316 opifexque
2522 5257 2625 5313 est,
2655 5259 2706 5301 et
2732 5245 2996 5300 universis
3023 5245 3274 5313 imperat.
3299 5241 3411 5298 Vos

1846 5354 1976 5393 vero
2005 5341 2192 5401 etiam,
2223 5354 2255 5392 ο
2285 5347 2458 5391 cmtus
2491 5339 2794 5391 divinorum
2840 5351 3150 5410 sermonum
3182 5336 3409 5388 audien-

1848 5431 2036 5484 dorum
2081 5431 2256 5491 avide,
2302 5430 2564 5497 ignoscite
2600 5428 2756 5481 velim
2810 5427 2966 5491 mihi,
2995 5436 3411 5496 promptumque

1847 5521 2086 5573 animum
2125 5536 2298 5573 memu
2335 5521 2405 5572 ita
2462 5519 2737 5587 suscipite,
2795 5533 2858 5570 ac
2892 5518 3158 5571 desiderio
3187 5515 3410 5584 applau-

1849 5611 1978 5676 dite,
2022 5618 2080 5665 ut
2127 5609 2511 5665 imbecillitatis
2549 5625 2680 5665 mea:
2733 5609 2947 5665 interim
2999 5623 3094 5665 vos
3137 5608 3408 5663 misereat.
