4170 6454
771 362 874 424 723

1926 364 1983 421 S.
2023 364 2056 422 J
2061 363 2207 423 ΟΛΝ
2216 362 2263 422 N
2270 363 2341 422 IS
2379 357 2822 427 DAMASCENU

3906 360 4009 426 ’ῖέί

765 470 1229 539 Quemadmodum
1264 468 1407 523 enim
1440 465 1481 521 si
1517 464 1641 536 quis
1671 464 2005 535 imperatori,
2039 468 2129 535 qui
2164 483 2333 539 popu-

2436 467 2533 539 τὴν
2571 469 2871 538 τράπεζαν,
2906 467 3000 522 καὶ
3034 469 3399 533 παντοδαποῖς
3444 470 3705 543 ὲδὲςμασι
3754 474 4015 543 ῥέουσαν,

765 562 960 619 larium
1007 578 1228 618 suorum
1282 558 1645 631 gubernacula
1699 558 1960 612 divinitus
2011 558 2333 628 susceperit,

762 656 850 712 cui
889 655 1027 711 cibis
1051 668 1265 724 aetnper
1295 651 1538 708 conferta
1575 665 1780 713 mensa,
1814 651 2043 720 anlaqne
2085 652 2328 721 exquisio

765 748 1097 803 tissimorum
1163 754 1555 817 tinguentorum
1606 744 1897 811 vaporibus
1945 742 2197 812 perfusa,
2254 745 2336 798 in-

764 846 919 893 sueto
951 848 1192 908 tempore
1222 845 1315 891 aut
1346 836 1538 889 violam
1578 833 1742 887 colori
1776 849 2044 903 purpureo
2079 835 2334 902 similem,

760 936 857 982 aut
902 941 1079 984 rosam
1108 925 1601 996 fragrantissimum
1652 924 1819 993 spin.e
1854 938 2099 993 germen,
2134 924 2336 979 follicu-

762 1017 843 1074 los
887 1018 1178 1075 habentem
1214 1018 1436 1081 virides,
1471 1014 1769 1084 ﬂoremque
1802 1015 1999 1083 gemini
2036 1016 2237 1072 coloris
2266 1032 2333 1072 ex

760 1110 842 1163 eis
885 1108 1263 1177 prodeuntem,
1315 1120 1379 1161 ex
1432 1119 1541 1174 quo
1583 1104 1863 1173 speciosus
1911 1106 2074 1159 rubor
2128 1105 2330 1161 sensim

762 1200 1156 1271 progrediatur,
1223 1208 1317 1253 aut
1370 1197 1606 1265 denique
1662 1196 2032 1250 dulcissimum
2090 1198 2332 1253 autumni

762 1292 997 1347 fructum
1046 1290 1304 1347 obtulerit
1337 1332 1351 1355 ,
1389 1305 1495 1345 non
1536 1300 1642 1344 tam
1676 1288 1766 1343 ille
1808 1289 2047 1343 numeris
2071 1289 2334 1358 exiguita-

764 1393 890 1448 tem,
941 1396 1100 1451 quam
1141 1381 1433 1435 novitatem
1482 1378 1764 1447 spectabit,
1802 1385 1856 1430 et
1900 1376 2153 1432 eximiam
2201 1379 2332 1433 cha-

763 1475 975 1528 ritatem
1028 1472 1411 1535 admirabitur,
1456 1480 1602 1525 recto
1647 1471 1804 1539 plane
1840 1470 2047 1540 judicio
2092 1481 2145 1524 et
2197 1485 2331 1526 sana

761 1574 974 1627 ιιιυηιες
1011 1562 1247 1631 repiOsis
1296 1576 1425 1615 vero
1462 1558 1953 1629 pulcherrimisque
2004 1559 2158 1613 donis
2192 1559 2333 1628 agri-

758 1653 934 1708 colam
970 1653 1341 1709 remunerabit
1369 1668 1381 1703 :
1413 1652 1485 1705 ita
1518 1667 1731 1720 quoque
1776 1650 1844 1715 si,
1876 1650 2021 1705 velut
2066 1651 2116 1704 in
2152 1650 2334 1705 facun-

758 1746 862 1799 dia:
903 1745 1082 1800 hieme
1121 1746 1315 1813 regina:
1348 1742 1507 1796 llores
1548 1740 1859 1807 oil‘eramns,
1895 1743 2156 1810 senioque
2200 1754 2330 1794 con-

2438 556 2628 627 μύρων
2656 559 2713 612 δὲ
2748 557 3056 612 πολυτελῶν
3089 558 3443 631 ἑξατμήμασι
3479 562 3779 631 θελγόμενα
3816 567 3885 618 τά
3919 567 4017 635 βα-

2441 648 2638 714 σίλεια,
2676 650 2735 702 ὲν
2763 651 2826 703 οὐ
2858 650 3033 721 καιρῷ
3066 652 3333 722 προσάγοι
3368 651 3446 706 ίον
3475 652 3537 706 τὺ
3562 658 3661 724 τῆς
3692 656 4020 727 άλουργίὰς

2435 740 2723 811 ὁμόχρουν,
2758 741 2791 812 ἢ
2817 742 2970 812 ῥόδον
3001 741 3061 795 τὸ
3089 742 3192 812 τῆς
3225 744 3468 814 ἀκάνθης
3487 746 3858 801 εὐωδέστατον
3891 749 4019 819 βλά-

2438 846 2641 901 στημα,
2671 832 2926 902 χλοεροὺς
2951 833 3052 903 μὲν
3074 836 3411 906 κεκτημένον
3441 838 3563 901 τοὺς
3597 838 3868 907 κάλυκας,
3910 844 4018 895 κάκ

2434 922 2642 975 τούτων
2672 924 2862 993 προῖὁν
2895 924 3270 995 διδυμόχροον,
3315 927 3411 981 καὶ
3452 928 3589 998 πρὸς
3636 929 3843 1000 ὡραῖον
3879 951 4018 1003 προ-

2435 1011 2604 1084 ϐάδην
2634 1015 2837 1084 φθάνον
2860 1015 3136 1087 ἐρύθημα.
3156 1018 3387 1073 καίτινα
3414 1021 3629 1090 καρπὸν
3647 1022 3872 1093 ὀπώρας
3905 1024 4017 1095 (9.5)

2438 1103 2891 1172 μελιειδέστατον,
2926 1107 2987 1160 οὐ
3017 1109 3083 1178 τῇ
3131 1108 3380 1180 εὐτελείᾳ
3417 1108 3509 1162 τοῦ
3542 1110 3740 1180 δώρου,
3768 1115 3852 1183 τῷ
3882 1113 4019 1186 ξένῳ

2432 1194 2491 1248 δὲ
2521 1197 2797 1267 προσέξει,
2859 1198 2954 1252 καὶ
3006 1198 3278 1269 θαυμάσει
3308 1200 3370 1254 τὸ
3402 1200 3519 1274 (24)
3555 1203 3745 1274 ἄηθες,
3799 1207 4014 1276 ἄριστα

2435 1284 2665 1356 κρίνων,
2719 1289 2814 1343 καὶ
2860 1288 3043 1354 καλῶς
3093 1291 3480 1364 ἐπιστάμενος,
3526 1295 3784 1365 ἀφθόνοις
3832 1298 3882 1351 δ’
3935 1300 4017 1354 ὅτι

2436 1376 2672 1445 μάλιστα
2712 1378 2908 1449 δώροις
2938 1381 3034 1436 καὶ
3062 1382 3279 1454 χαρίεσι
3305 1384 3399 1439 τὸν
3427 1387 3667 1457 γηπόνον
3690 1388 4015 1460 ἀμείψαιτο,

2432 1466 2576 1522 οὕτω
2614 1470 2708 1525 καὶ
2738 1473 2902 1544 ἡμεῖς
2947 1476 3007 1527 ἐν
3039 1476 3272 1545 χειμῶνι
3320 1476 3431 1530 τῶν
3470 1480 3618 1533 ἐπῶν
3668 1481 3739 1535 τά
3778 1482 3923 1554 ἄνθη
3950 1488 4015 1554 τῇ

2434 1558 2663 1630 βασιλίδι
2710 1564 3098 1633 προσάγοντες,
3142 1567 3237 1620 καὶ
3281 1572 3630 1640 γεγηρακότα
3658 1573 3819 1641 λόγον
3879 1577 4014 1646 πρὸς

2431 1653 2557 1716 τοὺς
2579 1653 2801 1722 ἀγῶνας
2834 1656 2941 1711 τῶν
2969 1659 3261 1730 ἐγκωμίων
3285 1661 3615 1728 ὁπλίζοντες,
3649 1666 3743 1719 καὶ
3772 1667 3869 1720 τὸν
3920 1668 4016 1722 πό-

2435 1742 2526 1796 θον
2567 1743 2646 1815 τῷ
2684 1745 2760 1817 νῷ
2798 1746 2947 1802 λίθον
2993 1745 3081 1804 οἷα
3128 1751 3334 1822 σιδήρῳ
3382 1755 3845 1824 προστρίψαντες,
3876 1759 3909 1829 ἧ
3942 1759 4014 1823 ὡς

760 1836 955 1891 fectant
1004 1836 1210 1889 dicendi
1266 1833 1571 1888 facultatem
1627 1833 1692 1886 ad
1737 1833 2107 1888 encomiorum
2156 1841 2331 1887 certa-

2436 1809 2628 1907 βότρυν
2659 1809 2838 1909 ἄωρον
2878 1809 3386 1916 ὲκθλίψαντεςξιτὴν
3424 1809 3539 1916 (25)
3564 1809 4014 1915 ¹μυθοτόιξόίνιδᾷίΙ

759 1924 905 1980 mina
962 1925 1313 1987 instruamus,
1350 1938 1414 1978 ac
1453 1923 1800 1998 cupiditatem
1858 1924 2021 1977 menti
2071 1932 2325 1993 tanquam

759 2017 987 2085 lapidem
1034 2014 1179 2069 ferro
1208 2014 1537 2079 aﬂricantes,
1569 2023 1661 2068 aut
1706 2015 2087 2084 cogitationem
2117 2029 2324 2069 sermo-

758 2110 844 2163 nis
875 2118 1174 2177 parentem,
1210 2124 1315 2163 non
1359 2121 1515 2163 secus
1563 2116 1724 2176 atque
1772 2107 2116 2160 inunatnram
2167 2120 2325 2159 uvam

757 2201 1144 2270 exprimentes,
1174 2199 1422 2269 exiguam
1450 2200 1734 2268 quamdam
1774 2197 2084 2264 scintillam,
2114 2198 2316 2252 oratio-

758 2295 915 2347 nisve
960 2300 1215 2357 mustum,
1271 2290 1420 2344 vobis
1467 2305 1780 2345 sermonum
1824 2290 2181 2353 amatoribus,
2224 2305 2325 2345 no-

757 2383 964 2454 strique
995 2381 1247 2436 audiendi
1274 2381 1503 2450 cupidis,
1528 2380 1697 2452 869
1726 2381 2117 2448 impertiamus,
2158 2380 2327 2437 multo

758 2474 1033 2530 libentiori
1087 2472 1268 2527 animo
1315 2472 1546 2541 benigne
1596 2471 1751 2526 nobis
1799 2470 2067 2527 favebitis.
2124 2471 2325 2541 Ecquid

757 2561 901 2616 enim
954 2558 1119 2616 Verbi
1172 2560 1353 2625 matri,
1414 2561 1515 2616 nisi
1562 2561 1724 2616 verba
1780 2559 2103 2617 oll‘eramus?
2154 2561 2328 2618 simile

757 2654 957 2723 quippe
1003 2653 1164 2708 simili
1205 2653 1421 2721 gaudet,
1468 2662 1522 2707 et
1572 2653 1699 2706 illul
1746 2667 1957 2722 quoque
2000 2654 2143 2723 quod
2192 2654 2329 2707 ami-

759 2757 880 2795 rum
936 2750 1041 2797 est.
1076 2738 1195 2795 Jam
1244 2756 1375 2810 ergo
1427 2740 1693 2795 orationis
1746 2742 1947 2809 apertis
1995 2742 2332 2805 carceribus,

759 2845 854 2884 seu
881 2829 1075 2887 laxatis
1109 2830 1371 2899 tantisper
1396 2828 1646 2891 habenis,
1684 2843 1802 2883 eam
1846 2838 2101 2898 tanquam
2133 2845 2330 2899 equum

760 2922 996 2991 aliquem
1028 2922 1093 2983 ad
1119 2936 1335 2976 cursum
1364 2921 1656 2988 dirigentes
1687 2920 2016 2976 omittamus.
2050 2919 2155 2976 Sed
2180 2922 2334 2988 mibi,

761 3011 854 3067 Dei
907 3012 1163 3073 Verbum,
1222 3013 1498 3081 suppetias
1545 3020 1599 3064 et
1648 3027 1801 3080 opem
1850 3012 1991 3067 feras
2034 3031 2048 3066 :
2098 3023 2331 3069 mentem

2433 1943 2602 1993 νοιαν,
2633 1926 2873 1998 ἀμυδρόν
2904 1946 3026 1984 τινα
3080 1931 3354 2004 σπινθῆρα
3392 1933 3487 1987 καὶ
3510 1934 3683 2005 τρύγα
3708 1936 3876 2005 λόγου
3904 1941 4014 2002 τοῖς

2433 2018 2736 2087 φιλολόγοις
2765 2019 2893 2091 ὑμῖν
2929 2022 3020 2075 καὶ
3049 2022 3450 2096 φιλακροάμοσι
3490 2026 3770 2096 νέμοντες,
3811 2031 4012 2101 μᾶλλον

2433 2109 2528 2163 καὶ
2576 2110 2776 2177 μᾶλλον
2826 2113 3298 2185 ἀποδειχθείημεν.
3347 2117 3412 2171 Τί
3451 2118 3559 2189 γάρ
3596 2122 3661 2189 τῇ
3721 2121 3897 2193 μητρὶ
3926 2122 4013 2175 τοῦ

2432 2200 2669 2272 Λόγουῆ
2720 2202 2877 2271 λόγον
2926 2206 3322 2276 προσοίσομεν;
3359 2208 3438 2279 τῷ
3487 2210 3658 2281 ὁμοίῳ
3684 2212 3793 2283 γὰρ
3831 2216 4011 2283 χαίρει

2430 2290 2492 2345 τδ
2519 2293 2725 2361 ὅμοιον,
2761 2294 2854 2348 καί
2883 2311 2946 2363 γε
2975 2298 3036 2348 τὸ
3060 2296 3233 2364 φίλον.
3274 2299 3412 2371 Ἤδη
3440 2301 3622 2355 τοίνυν
3655 2304 3756 2372 τὴν
3788 2303 4013 2372 βαλΰίδα

2431 2382 2526 2436 τοῦ
2561 2384 2737 2452 Λόγου
2771 2386 3162 2459 ἀνοίξαντες,ῆ
3197 2389 3393 2460 μικρὸν
3423 2391 3533 2446 τῶν
3568 2394 3825 2463 ῥυτήρων
3853 2396 4011 2465 ὑφέν-

2430 2490 2545 2538 τες,
2572 2474 2648 2538 ὡς
2675 2475 2841 2531 ἵππον
2864 2477 2985 2533 τινὰ
3010 2479 3198 2534 τοῦτον
3225 2481 3365 2552 πρὸς
3390 2482 3483 2535 τὸν
3512 2483 3714 2554 δρόμον
3741 2484 4011 2549 ίθύναντες

2433 2564 2831 2638 ἐκπέμψωμεν.
2891 2571 3054 2625 Ἀλλά
3113 2590 3226 2643 μοι,
3262 2571 3406 2642 Δόγε
3453 2574 3619 2639 Θεοῦ,
3687 2576 3859 2639 αὐτὸς
3929 2576 4015 2629 ἔσο

2434 2659 2696 2730 συνεργός
2738 2678 2797 2715 τε
2848 2664 3148 2735 συνέριθος,
3201 2665 3296 2719 καὶ
3330 2666 3432 2736 τὴν
3474 2666 3613 2737 ἐμὴν
3667 2668 3782 2738 ('26)
3825 2669 4014 2735 ἄλογον

2431 2748 2676 2806 διάνοιαν
2714 2752 2977 2822 λόγωσον,
3030 2757 3125 2809 καὶ
3158 2756 3237 2826 τῷ
3294 2756 3437 2827 λόγῳ
3478 2759 3578 2827 τὴν
3638 2758 3829 2829 τρίϐον
3871 2761 4016 2812 λείαν

2434 2836 2769 2910 ἀπέργασαι,
2818 2844 2914 2896 καὶ
2970 2845 3064 2897 τὸν
3101 2838 3302 2917 δρόμον
3347 2846 3526 2900 ἴθυνον
3577 2850 3714 2918 πρὸς
3771 2850 3871 2920 τὴν
3922 2852 4015 2918 σὴν

2434 2927 2814 3002 εὐαρέστησιν,
2834 2932 2973 3004 πρὸς
2997 2933 3066 3005 ἢν
3083 2933 3227 2998 ἅπας
3260 2934 3402 2989 ἵεται
3429 2935 3586 3004 λόγος
3605 2938 3773 3007 σοροῦ
3798 2939 3892 2993 καὶ
3910 2939 4015 3008 (27)

2437 3020 2675 3076 διάνοια.

760 3119 935 3157 tacam
975 3117 1286 3159 sermonum
1321 3102 1504 3156 rudem
1549 3101 1837 3154 facundam
1907 3102 2095 3165 redde,
2138 3101 2353 3160 facilem
2414 3110 2651 3165 sermoni
2712 3126 2833 3167 meo
2889 3113 3137 3169 semitam
3188 3130 3339 3184 para,
3398 3130 3726 3187 cursumque
3789 3129 3844 3173 ut
3924 3105 4015 3173 tibi

758 3199 990 3270 placeat,
1027 3198 1234 3268 dirige;
1264 3196 1326 3251 ad
1355 3196 1497 3266 quod
1526 3196 1712 3264 utique
1744 3196 1914 3251 tendit
1942 3196 2119 3252 oratio
2149 3200 2329 3256 omnis
2368 3211 2425 3258 et
2453 3205 2710 3275 cogitatio
2740 3207 3026 3275 sapientis.

827 3315 884 3369 2.
926 3313 1094 3369 llodie
1124 3320 1312 3367 sancta
1338 3314 1557 3379 solaque
1582 3309 1770 3379 Virgo,
1803 3311 2003 3367 mundo
2029 3314 2328 3371 sublimiori

2507 3319 2572 3388 β’.
2606 3321 2853 3391 Σήμερον
2888 3323 2921 3392 ἠ
2961 3323 3083 3376 ὁσία
3116 3322 3212 3376 καὶ
3252 3323 3388 3401 μόνη
3425 3325 3699 3396 Παρθένος
3736 3325 3814 3395 τῷ
3848 3328 4020 3397 ὑπερ-

759 3422 822 3461 ac
851 3405 1057 3459 cmlesti
1117 3403 1315 3473 templo
1366 3399 1641 3457 olfertur:
1687 3419 1808 3473 qua:
1856 3405 2221 3475 virginitatem
2269 3423 2337 3463 eo

759 3498 937 3552 studio
966 3496 1152 3561 coluit,
1184 3504 1243 3550 ut
1294 3496 1345 3549 itt
1390 3494 1509 3562 ejus
1546 3503 1802 3565 tauquam
1845 3498 2121 3565 purissimi
2155 3498 2338 3568 cujus-

760 3593 882 3644 dam
938 3589 1074 3657 iguis
1141 3588 1369 3641 formam
1425 3587 1721 3644 transierit.
1801 3587 1935 3642 Nam
1988 3604 2110 3643 cum
2160 3592 2337 3647 omnis

759 3682 912 3752 virgo
955 3679 1324 3748 virginitatem
1375 3678 1636 3746 pariendo
1681 3678 1915 3743 amittat,
1972 3681 2086 3735 luet:
2132 3691 2334 3747 tamen,

758 3785 814 3829 et
857 3782 985 3827 ante
1012 3783 1250 3841 partum,
1297 3781 1349 3824 et
1396 3771 1449 3824 in
1492 3784 1672 3841 partu,
1716 3787 1779 3827 ac
1811 3771 2028 3827 demum
2060 3782 2181 3844 post
2209 3789 2337 3845 par-

758 3876 870 3917 tum
900 3863 1051 3933 virgo
1085 3862 1401 3931 permansit.
1442 3859 1611 3916 Hodie
1651 3877 1803 3917 sacra
1850 3872 1902 3918 et
1934 3863 2171 3918 animata
2206 3880 2333 3919 arca

762 3957 854 4012 Dei
883 3955 1135 4018 viventis,
1166 3970 1285 4022 qua:
1323 3970 1479 4008 suum
1520 3955 1571 4007 in
1607 3965 1761 4009 utero
1790 3955 2019 4026 gestavit
2048 3955 2334 4024 artiﬁcem,

762 4066 813 4101 ιιι
848 4046 1046 4113 templo
1075 4045 1312 4107 Domini,
1344 4045 1486 4113 quod
1527 4043 1689 4097 nullis
1721 4055 1801 4097 est
1849 4052 2185 4098 exstructum
2221 4060 2336 4099 ma-

762 4140 943 4203 nibus,
980 4138 1290 4206 requiescit,
1338 4147 1392 4190 et
1422 4137 1583 4191 saltat
1620 4136 1783 4189 David
1827 4135 1943 4201 ejus
1986 4150 2118 4190 avus
2150 4151 2215 4191 ac
2245 4138 2334 4193 Dei

760 4246 979 4302 parens.
1012 4245 1224 4299 unaque
1262 4242 1384 4283 cum
1413 4243 1476 4282 eo
1514 4230 1710 4283 choros
1739 4237 1906 4295 agunt
1944 4228 2154 4299 Angeli,
2186 4228 2336 4297 plau-

759 4327 893 4376 dunt
934 4319 1279 4390 Arcltangeli,
1322 4319 1563 4373 Virtutes
1603 4320 2005 4382 concelebrant,
2052 4318 2334 4388 Principa-

761 4423 848 4466 tus
876 4410 1167 4471 exsultant,
1205 4408 1610 4461 Dominationes
1640 4408 1998 4473 oblectamur,
2028 4407 2334 4462 Potestates

761 4506 1035 4567 lzrtantur,
1089 4500 1296 4555 Tltroni
1349 4498 1545 4553 festum
1599 4499 1745 4551 diem
1802 4508 1986 4567 agunt,
2039 4497 2331 4552 Cherubim

761 4594 946 4650 laudes
993 4602 1215 4655 canunt,
1250 4592 1476 4660 gloriam
1530 4589 1812 4657 Serapltim
1854 4590 2165 4657 praedicant.
2216 4588 2331 4643 Non

759 4688 904 4740 enim
957 4684 1011 4740 itl
1048 4686 1256 4751 exigua:
1287 4682 1473 4751 gloria:
1525 4682 1746 4744 ducunt,
1787 4696 1910 4733 cum
1953 4681 2114 4735 matri
2146 4682 2331 4751 gloria:

764 4778 989 4843 gloriam
1048 4775 1314 4829 tribuunt.
1383 4772 1554 4827 llodie
1607 4772 1977 4826 sacratissima
2043 4772 2331 4832 columba.

762 4871 991 4938 sititplex
1046 4878 1210 4937 atque
1269 4869 1529 4920 innocens
1598 4867 1815 4927 anima,
1865 4865 2047 4918 divino
2108 4862 2333 4933 Spiritui

762 4968 1103 5022 consecrata,
1136 4972 1197 5011 ex
1230 4971 1377 5017 arva,
1404 4970 1468 5008 eo
1498 4956 1706 5009 scilicet
1735 4969 1961 5021 corpore
1987 4954 2129 5022 quod
2169 4954 2336 5009 Deum

2440 3410 2652 3480 κοσμίῳ
2683 3411 2775 3464 καὶ
2798 3412 3035 3483 οὐρανίῳ
3069 3414 3286 3484 τεμένει
3312 3415 3423 3483 (28)
3472 3416 3837 3483 προσάγεται,
3872 3421 3906 3489 ἠ
3935 3436 4019 3470 τοι

2441 3502 2630 3555 σοῦτον
2656 3502 2755 3574 τὴν
2801 3503 3102 3575 παρθενίαν
3152 3505 3439 3576 ποθήσασα
3464 3551 3478 3573 ,
3506 3508 3579 3570 ὡς
3607 3508 3698 3561 ὐπ’
3731 3509 3911 3580 αὐτῆς
3942 3504 4023 3562 ς,ἴά

2438 3610 2589 3656 τινος
2621 3594 3011 3665 καθαρωτάτου
3041 3597 3345 3668 ποιωθῆναι
3378 3602 3571 3671 πυρός.
3611 3600 3895 3670 Παρθένος
3920 3605 4022 3671 γάρ

2440 3682 2628 3737 ἅπασα
2657 3685 2736 3755 τῷ
2764 3685 2910 3756 τόκῳ
2946 3685 3045 3758 τὴν
3072 3688 3369 3757 παρθενίαν
3399 3690 3720 3760 λυμαίνεται
3750 3708 3766 3721 ’
3791 3692 3941 3763 αὕτη
3973 3693 4024 3745 δὲ

2440 3774 2535 3827 καὶ
2589 3775 2695 3845 πρὸ
2744 3776 2930 3840 τόκου,
2962 3778 3056 3830 καὶ
3102 3778 3367 3834 τίκτουσα
3400 3780 3550 3850 μένει
3591 3781 3891 3851 παρθένος,
3936 3787 4027 3837 καὶ

2442 3863 2584 3934 μετὰ
2623 3864 2900 3939 γέννησιν.
2931 3867 3178 3937 Σήμερον
3205 3871 3238 3937 ἡ
3277 3869 3399 3940 ἱερά
3439 3887 3497 3922 τε
3538 3871 3631 3923 καὶ
3659 3872 3914 3942 ἔμψυχος
3946 3887 4029 3925 κιά

2439 3954 2610 4018 σωτδς
2634 3952 2729 4007 τοῦ
2761 3953 2963 4019 ζῶντος
2993 3955 3153 4019 Θεοῦ,
3187 3958 3219 4026 ἡ
3254 3956 3344 4009 τὸν
3371 3957 3571 4026 ἑαυτῆς
3597 3960 3863 4031 τεχνίτην
3899 3980 4025 4015 κυο-

2439 4045 2749 4114 φορήσασα,
2777 4045 2836 4096 ὲν
2854 4044 2967 4114 ναῷ
2988 4045 3191 4115 Κυρίου
3215 4048 3596 4119 ἀχειροτμήτῳ
3615 4051 4027 4115 καταπαύεται,

2437 4134 2535 4188 καὶ
2562 4136 2759 4206 σκιρτᾷ
2779 4134 2940 4188 Δασὶδ
2958 4137 2986 4188 ὁ
3010 4134 3216 4205 ταύτης
3241 4136 3540 4207 προπάτωρ
3564 4139 3657 4190 καὶ
3695 4138 4028 4209 θεοπάτωρ,

2438 4229 2529 4280 καὶ
2562 4226 2987 4298 συγχορεύουσιν
3025 4227 3136 4297 (29)
3172 4228 3423 4296 ἄγγελοι,
3473 4230 3565 4281 καὶ
3595 4231 4025 4303 xpeto-33:25:9-

2435 4317 2695 4387 χάγγελοι
2723 4356 2738 4379 ,
2769 4316 2864 4369 καὶ
2893 4316 3153 4387 δυνάμεις
3183 4316 3489 4383 δοξάζουσι,
3527 4321 3621 4371 καὶ
3688 4323 3869 4390 ἁρχαὶ
3909 4340 4030 4374 συν-

2436 4408 2778 4475 αγάλλονται,
2794 4409 2890 4460 καὶ
2905 4407 3143 4472 ἐξουσίαι
3157 4407 3556 4478 εὐφραίνονται,
3585 4410 3678 4461 καὶ
3702 4414 4032 4483 κυριότητες

2438 4499 2741 4569 χαίρουσιν,
2767 4501 2863 4553 καὶ
2889 4498 3071 4568 θρόνοι
3097 4497 3547 4569 πανηγυρίζουσι,
3580 4499 3675 4551 καὶ
3699 4503 3802 4553 iw
3814 4506 3949 4570 μ·κεῖ
3972 4504 4034 4554 τὰ

2440 4586 2720 4657 Χερουϐὶμ
2746 4626 2761 4651 ,
2796 4587 2890 4639 καὶ
2929 4586 3198 4655 δοξολογεῖ
3245 4588 3315 4639 τα
3357 4589 3627 4658 Σεραφίμ.
3685 4590 4031 4656 Δοξάζονται

2436 4677 2546 4747 γάρ
2577 4678 2674 4746 οὐχ
2701 4678 2924 4747 ἥκιστα,
2950 4680 3016 4748 τῇ
3040 4679 3224 4748 Μητρὶ
3242 4680 3341 4747 τῆς
3364 4678 3519 4748 δόξης
3546 4678 3641 4749 τὴν
3672 4679 3841 4744 δόξαν
3868 4699 4036 4751 προτ-

2438 4768 2711 4837 νέμοντες.
2753 4769 2999 4839 Σήμερον
3054 4771 3087 4838 ἡ
3134 4769 3399 4840 ἱερωτάτη
3442 4771 3747 4840 περιστερᾶ
3788 4812 3805 4835 ,
3836 4775 3874 4844 ἡ
3908 4775 4035 4827 ἀκε-

2444 4860 2573 4928 ραία
2605 4860 2702 4912 καὶ
2752 4860 2958 4921 ἄκακος
2988 4860 3137 4929 ψυχὴ
3162 4901 3177 4920 ,
3208 4861 3305 4913 καὶ
3346 4859 3423 4930 τῷ
3453 4860 3582 4929 θείῳ
3631 4862 4034 4933 καθιερωμένη

2441 4934 2743 5021 Πνεύματι,
2768 4951 3018 5003 ἐκπτᾶσα
3043 4954 3141 5021 τῆς
3167 4950 3425 5015 κιὸωτοῦ,
3456 4951 3551 5004 τοῦ
3573 4952 3841 5022 θεοδόχιω
3870 4956 4035 5026 φημὶ,

765 5049 1025 5116 suscepit,
1078 5057 1132 5099 et
1181 5050 1301 5099 vitze
1349 5045 1560 5097 initium
1610 5046 1777 5104 dedit,
1825 5046 2069 5105 evolans,
2117 5044 2333 5111 pedibus

2444 5044 2540 5095 καὶ
2584 5041 2894 5113 ξωαρχικοῦ
2930 5043 3203 5112 σώματος,
3239 5037 3397 5111 εὗρεν
3425 5043 3732 5096 ἀνάπαυσιν
3786 5048 3915 5108 τοῖς
3948 5062 4038 5096 πο-

766 5140 879 5194 sttis
925 5139 1169 5206 requiem
1216 5136 1445 5199 invenit,
1494 5137 1560 5190 ad
1597 5139 1852 5188 mundum
1895 5137 2037 5204 quod
2071 5136 2344 5190 intellectu

837 5318 951 5387 (25)
982 5318 1046 5371 ll.
1078 5318 1096 5369 Ι
1131 5318 1313 5369 (ἱνιίιι,
1345 5327 1401 5370 et
1429 5315 1582 5369 Coll).
1624 5314 2056 5382 μελιηῦἐστατον.

838 5388 952 5455 (ει)
990 5387 1054 5440 Il.
1090 5389 1113 5441 1
1145 5387 1395 5449 εὐανθὲς.

840 5458 956 5523 (ἳὸ)
981 5457 1048 5511 Κ.
1078 5458 1100 5509 l
1133 5457 1253 5523 τήν.

845 5531 955 5597 (τ’-6)
986 5528 1049 5579 ιι.
1084 5527 1103 5580 l
1132 5526 1315 5597 Germ.
1340 5526 1581 5597 7&3'ovov.
1630 5524 1793 5597 Quod
1810 5524 2057 5597 sequitur
2096 5523 2347 5597 idy'wsov

779 5594 1056 5663 lm’iutdnm
1087 5596 1294 5649 reddas.
1324 5596 1521 5657 Graeci,
1549 5596 1718 5664 inquit
1766 5594 1969 5649 Billius.
1998 5595 2048 5645 iu
2089 5594 2351 5662 ﬁngendis

779 5668 1054 5721 vocabulis
1083 5666 1216 5719 nihil
1242 5682 1346 5720 non
1367 5667 1467 5719 sibi
1503 5668 1844 5733 permittunt.
1873 5664 2097 5719 Larinis.
2130 5673 2187 5715 ut
2226 5677 2347 5714 cum

782 5734 1020 5792 Martiale
1048 5737 1256 5807 loquar,
1310 5752 1413 5789 non
1448 5745 1555 5788 tam
1598 5737 1721 5790 licet
1760 5753 1878 5788 csse
1916 5733 2151 5786 discitis.
2188 5733 2257 5784 At.
2296 5741 2351 5784 ut

2449 5136 2533 5187 σἰν
2564 5134 2734 5203 αὐτῆς
2762 5173 2778 5198 ,
2814 5134 2949 5204 πρὸς
2975 5135 3066 5186 τὸν
3102 5133 3293 5203 νοητὸν
3333 5133 3538 5204 κόσμον
3592 5134 3881 5203 άπάρειτα
3908 5179 3923 5202 ,
3956 5137 4038 5191 καὶ

2453 5330 2575 5367 cunt
2626 5315 2690 5366 de
2737 5314 2956 5368 Christo
3003 5312 3317 5383 loquuntur,
3362 5313 3645 5383 σάρκωσιν
3687 5312 3918 5379 dicunt,
3974 5314 4038 5368 ita

2452 5384 2616 5457 etiam
2640 5384 2739 5452 τῆς
2775 5383 2975 5457 σαρκὸς
3001 5382 3198 5435 θέωσιν
3228 5391 3285 5437 ει
3314 5382 3546 5450 λόγωσιν
3572 5398 3586 5411 °
3619 5384 3770 5454 quod
3818 5387 3944 5457 pari
3970 5387 4037 5439 la.

2456 5454 2657 5507 cilitate
2687 5454 2995 5521 exprimere
3022 5462 3313 5521 nequeunt.

2528 5522 2639 5589 (27)
2674 5521 2738 5575 Β.
2770 5521 3061 5591 ἐγκώμιον.

2529 5592 2641 5659 (28)
2671 5592 2734 5643 R.
2764 5593 3148 5660 παραγένεται.

2529 5665 2640 5733 (29)
2672 5661 2736 5718 ιι.
2780 5663 2799 5718 ι
2837 5664 3019 5719 Germ.
3056 5661 3203 5733 αὐτῷ
3235 5660 3472 5729 ἄγγελοι.
