4170 6454
164 393 271 452 72.3

974 409 1300 468 HOMILIA
1345 413 1400 468 ll
1443 413 1516 470 1N
1566 415 2112 474 DUllMl'l‘lONEM
2147 416 2210 474 Β.
2245 417 2308 476 ν.
2347 418 2630 477 ΜΑΒΙΛΞ.

3341 414 3445 473 7:26

157 520 218 569 ἐν
249 520 316 588 τῇ
350 519 562 589 ἀσπίλῳ
591 523 662 590 γῇ
705 522 804 590 τῆς
853 521 965 575 ἀνω
999 524 1334 594 κληρουχίας
1387 524 1742 594 σκηνὼσασα.

1850 533 2214 597 cognoscitur,
2260 531 2525 601 profecta,
2574 531 2664 585 ubi
2699 533 2750 586 in
2801 539 2944 586 terra
2992 545 3240 601 superna:
3273 533 3442 586 haere-

157 609 466 680 Σήμερονή
516 609 676 680 Ἑδὲμ
707 610 803 664 τοῦ
854 611 976 664 νέου
1025 613 1198 684 Ἀδὰμ
1240 615 1331 668 τὸν
1368 615 1481 687 (50)
1529 617 1747 684 λογικὸν

159 702 494 773 παράδεισον
529 703 874 774 ὑποδέχεται,
902 708 958 758 ἐν
980 700 1024 773 ᾧ
1057 707 1120 759 τὺ
1147 707 1466 778 κατάκριμα
1503 709 1742 776 λέλυται,

158 795 216 846 ἐν
247 787 293 862 ᾧ
326 794 386 847 τὸ
423 795 523 865 τῆς
567 796 712 867 ζωῆς
759 797 922 864 ξύλον
959 798 1325 868 πεφύτευται,
1367 803 1423 852 ἐν
1452 797 1496 868 ᾧ
1529 803 1562 870 ἠ
1604 804 1744 873 ήμε-

158 885 294 955 τέρα
351 888 740 958 περιέσταλται
801 891 1104 959 γύμνωσις.
1161 892 1357 946 Οὖκέτι
1418 895 1526 965 γὰρ
1584 897 1748 964 ἡμεῖς

157 977 360 1047 γυμνοὶ
386 979 480 1031 καὶ
509 980 817 1050 ἀνείμονες,
849 983 945 1035 καὶ
977 982 1078 1051 τῆς
1104 983 1256 1047 θείας
1287 984 1494 1046 εἰκόνος
1535 984 1610 1056 μή
1639 985 1737 1053 φέ-

160 1086 352 1139 ροντες
400 1071 491 1123 τὸν
538 1070 902 1143 λαμπρότητα
934 1087 946 1101 ⁸
1001 1073 1097 1126 καὶ
1146 1074 1247 1144 τὴν
1285 1076 1518 1144 ἄφθονον
1575 1077 1739 1146 χάριν

162 1159 522 1229 σεσυλημένοι
579 1162 675 1216 τοῦ
726 1164 1076 1235 Πνεύματος,
1110 1167 1294 1222 οὐκέτι
1355 1167 1454 1238 τὴν
1508 1169 1745 1221 παλαιάν

159 1251 571 1320 τραγῳδοῦντες
610 1252 891 1324 γύμνωσιν
943 1254 1213 1326 λέξομεν
1264 1255 1605 1327 ὲξεδυσάμην
1653 1258 1744 1311 τὸν

160 1345 370 1412 χιτῶνά
395 1363 498 1415 μου
522 1388 536 1409 ,
567 1347 683 1410 πῶς
707 1347 1001 1420 ἐνδύσομαι
1051 1351 1212 1403 αὐτόν
1239 1367 1252 1414 ;
1281 1352 1338 1404 ἐν
1378 1352 1552 1422 τούτῳ
1581 1351 1688 1421 γὰρ
1713 1351 1741 1401 6

159 1435 283 1502 ὖξις
339 1437 437 1490 οὐκ
475 1435 600 1508 ἔσχε.
647 1439 1023 1510 παρείσδυσιν,
1081 1437 1139 1496 οὗ
1193 1443 1293 1513 τῆς
1351 1442 1581 1513 ψευδοῦς
1619 1446 1744 1514 ἀρε-

161 1529 383 1598 χθέντες
418 1529 668 1596 θεώσεως
699 1574 714 1599 ,
750 1536 866 1596 τοῖς
913 1535 1162 1605 ἀνοήτοις
1201 1537 1743 1608 συμπαρεϐλήθημεν

160 1621 436 1690 κτήνεσιν.
482 1624 654 1687 Αὐτὸς
687 1625 798 1696 γάρ
828 1627 858 1678 6
900 1626 994 1680 τοῦ
1036 1627 1170 1682 θεοῦ
1233 1629 1532 1700 μονογενὴς
1588 1628 1740 1692 Υἱὸς.

158 1713 294 1776 Θεὸς
339 1714 444 1781 ὢν,
475 1717 569 1770 καὶ
615 1717 694 1788 τῷ
728 1721 904 1791 Πατρὶ
945 1721 1262 1792 ὁμοούσιος,
1299 1724 1362 1776 ὲκ
1393 1722 1598 1794 ταύτης
1644 1723 1744 1792 τῆς

167 1806 450 1876 Παρθένου
475 1810 565 1863 καὶ
595 1810 846 1881 καθαρᾶς
871 1813 1113 1884 ἀρούρας
1145 1815 1340 1868 ἑαυτὸν
1364 1815 1741 1888 πεπλαστούρ-

1859 621 2048 675 ditatis
2093 623 2223 676 nulli
2275 624 2550 695 spurcitiei
2585 625 2819 677 obnoxia
2869 625 3026 678 sedes
3075 623 3214 678 fixit.
3267 623 3438 679 llodie

1857 711 2047 777 Edem,
2082 714 2205 768 novi
2242 715 2410 769 Adam
2465 715 2788 770 rationalem
2837 716 3144 784 paradisum
3187 717 3436 786 suscipit,

1856 803 1907 856 in
1941 818 2050 872 quo
2091 805 2267 858 soluta
2305 815 2386 859 est
2437 806 2838 870 condemnatio,
2894 805 2946 858 iu
2994 821 3101 875 quo
3135 808 3440 875 plumatum

1853 905 1934 946 εει
1977 893 2178 963 lignum
2206 895 2349 960 vitae,
2377 897 2428 950 in
2465 911 2571 964 quo
2602 904 2787 966 operta
2834 893 2937 949 fuit
2971 904 3153 950 nostra
3196 897 3438 952 nuditas.

1853 983 1970 1038 Non
1999 987 2144 1039 enim
2178 986 2411 1055 amplius
2458 1002 2646 1040 sumus
2691 987 2838 1053 nudi,
2872 993 2943 1042 'et
2977 987 3216 1041 vestibus
3249 1001 3442 1042 caren-

1855 1084 1956 1140 tes,
2001 1085 2253 1145 tanquam
2301 1078 2499 1130 divinae
2548 1077 2798 1146 imaginis
2833 1079 3124 1148 splendore
3171 1079 3436 1144 destituti,

1854 1169 2235 1238 uberrimaque
2284 1168 2519 1237 Spiritus
2558 1169 2730 1238 gratia
2768 1167 3002 1238 spoliati.
3050 1168 3167 1224 Non
3193 1171 3307 1238 jam
3348 1185 3440 1224 ve-

1854 1269 2022 1314 terem
2068 1262 2364 1314 nuditatem
2405 1261 2750 1328 deplorantes
2795 1259 3043 1314 dicemus
3077 1278 3090 1316 :
3125 1261 3436 1330 Exspctiari

1853 1366 1932 1404 me
1983 1352 2162 1403 tunica
2212 1367 2346 1418 utea,
2403 1350 2665 1419 quomodo
2715 1365 2776 1402 ea
2828 1348 3129 1403 induar“?
3185 1350 3243 1404 lu
3291 1352 3437 1404 hunc

1851 1442 1994 1494 enim
2035 1442 2344 1510 paradisum
2377 1443 2611 1513 serpenti
2660 1443 3069 1512 aditus"patuit,
3101 1441 3256 1507 cujus
3283 1441 3436 1496 falsa:
3529 1445 3533 1453 '

1851 1531 2151 1584 divinitatis
2207 1531 2502 1598 cupiditate
2551 1517 2885 1601 flagrantes",
2935 1531 3198 1600 jnmentis
3247 1545 3436 1585 smnus

1851 1625 2147 1692 comparati
2167 1612 2236 1677 "7.
2274 1625 2390 1692 Ipse
2429 1624 2575 1678 enim
2607 1623 2914 1693 unigenitus
2947 1623 3038 1677 Dei
3085 1623 3277 1690 Filius,
3309 1639 3433 1679 cum

1852 1712 1994 1768 Deus
2024 1725 2165 1769 esset
2193 1714 2548 1784 ejusdemque
2582 1729 2646 1768 ac
2673 1713 2834 1768 Pater
2864 1715 3204 1782 substantiae,
3232 1730 3302 1770 ex
3332 1714 3438 1771 hac

1858 1805 2075 1878 Virgine
2106 1823 2167 1861 ac
2199 1822 2332 1876 pura
2369 1816 2511 1861 terra
2550 1808 2787 1876 seipsmn
2831 1808 2883 1862 in
2925 1808 3199 1862 hominem
3229 1806 3435 1862 forma-

159 1912 331 1966 γηκιν
368 1900 676 1972 ἄνθρωπον.
716 1903 824 1956 Καὶ
870 1905 1146 1975 τεθέωμαι
1174 1906 1273 1976 μὲν
1302 1908 1330 1960 6
1367 1907 1686 1978 ἄνθρωπος,
1717 1910 1745 1960 6

1853 1899 1925 1952 vit
1955 1917 1967 1954 :
2001 1906 2162 1968 atque
2201 1913 2302 1967 ego
2331 1899 2570 1966 quidem,
2616 1901 2705 1968 qui
2756 1901 2919 1954 homo
2967 1915 3141 1963 eram,
3176 1899 3434 1954 deitatem

159 1987 358 2060 θνητὸς
385 1991 775 2064 ἠθανάτισμαι,
817 1997 911 2049 καὶ
954 1998 1081 2062 τοὺς
1104 1998 1464 2069 δερματίνους
1514 1999 1748 2068 χιτῶνας

158 2083 472 2154 ἑνδέδυμαι.
503 2087 614 2158 Τὴν
647 2089 755 2160 γὰρ
797 2090 1006 2162 φθοράν
1040 2094 1462 2165 ἀπημφίασμαι,
1498 2095 1746 2166 περίκει-

159 2194 262 2242 μαι
289 2180 355 2246 τῇ
385 2179 645 2252 περιδολῇ
674 2184 775 2253 τῆς
811 2183 1087 2256 θεότητος.
1125 2187 1374 2258 Σήμερον
1404 2188 1437 2258 ή
1471 2186 1748 2256 Παρθένος

163 2269 197 2337 ἡ
247 2267 552 2339 ἄχραντος,
595 2274 690 2326 καὶ
734 2276 945 2345 γηῖνοις
997 2277 1072 2348 μὴ
1127 2278 1239 2348 (51)
1295 2279 1748 2348 προσομιλήσασα

163 2359 388 2425 πάθεσι,
424 2361 540 2415 ἀλλ’
569 2365 840 2433 οὐρανίοις
869 2367 1200 2436 ἐντραφεῑσα
1233 2371 1516 2438 νοήμασιν,
1545 2370 1644 2422 οὐκ
1667 2371 1748 2433 είς

154 2454 264 2520 γῆν
297 2453 656 2525 ἀπελήλυθεν,
694 2457 810 2510 ἀλλ’
843 2457 1086 2529 ἔμψυχος
1116 2459 1288 2524 ὅντως
1338 2461 1563 2532 οὐρανὸς
1614 2480 1748 2532 χρη-

158 2543 443 2612 ματίσασα
472 2584 487 2610 ,
530 2549 652 2610 ταῖς
686 2549 963 2618 οὐρανίαις
1003 2553 1228 2621 σκηναῖς
1267 2553 1610 2618 ἐνοικίζεται,
1653 2555 1749 2619 Τίς

154 2636 231 2702 γὲ
242 2653 273 2705 ρ
313 2635 520 2706 ταύτην
545 2631 776 2710 οὐρανὸν
801 2641 980 2696 καλῶν
1009 2642 1278 2714 τάληθοῦς
1317 2644 1698 2715 ἁμαρτήσεται
1729 2689 1744 2712 ,

158 2727 210 2777 εἰ
258 2727 333 2795 μή
367 2726 471 2778 πού
502 2743 588 2790 τις
622 2729 812 2798 φήσειε
849 2728 1031 2793 καλῶς
1080 2732 1444 2802 ἐπιστάμενος
1467 2772 1480 2794 ,
1513 2733 1608 2787 καὶ
1639 2734 1746 2787 τῶν

151 2816 410 2888 οὐρανῶν
441 2818 610 2890 αὐτὴν
634 2820 986 2890 ἀσυγκρίτοις
1011 2821 1305 2892 ὑπεροχαῖς
1326 2823 1743 2894 ὑπεραιρεσθαι.

163 2909 230 2960 ⁸0
266 2911 376 2978 γάρ
402 2909 513 2962 τῶν
561 2911 808 2982 οὐρανῶν
835 2914 1180 2985 Δημιουργός
1216 2931 1276 2967 τε
1312 2915 1406 2968 καὶ
1449 2917 1740 2986 Συνοχεῦς,

152 3003 255 3054 καὶ
295 3002 498 3065 παντὸς
529 3004 826 3074 ἐγκοσμίου
860 3022 918 3057 τε
969 3006 1064 3059 καὶ
1107 3006 1512 3077 ὑπερκοσμίου,
1549 3006 1746 3078 ὁρατοῦ

147 3110 216 3146 τε
250 3095 347 3146 καὶ
379 3095 615 3164 ἀοράτου
636 3096 890 3166 τεχνίτης
923 3096 1415 3168 δημιουργήματος
1441 3139 1454 3159 .
1485 3093 1547 3153 οὗ
1577 3099 1743 3162 τόπος

146 3184 339 3249 οὐδεὶς
365 3185 476 3257 (52)
509 3187 617 3239 τῶν
640 3188 858 3241 πάντων
884 3183 1044 3240 εἶναι·
1076 3187 1237 3260 εῐπερ
1264 3188 1326 3241 τὸ
1349 3189 1612 3259 περιέχον
1640 3189 1746 3243 τῶν

155 3277 398 3330 ἐνόντων
423 3278 587 3341 τόπος
614 3279 856 3349 ὁρίζεται
878 3296 890 3309 ·
918 3279 976 3331 ὲν
1001 3281 1178 3353 ταύτῃ
1203 3280 1338 3351 πρὸς
1360 3280 1559 3336 ἑαυτοῦ
1585 3282 1750 3334 ἀσπό-

162 3386 280 3440 ίιως
334 3368 533 3440 βρέφος
575 3370 1074 3441 δεδημιούργηται,
1121 3371 1216 3424 καὶ
1262 3372 1467 3441 ταύτην
1523 3374 1750 3441 ταμεῖον

150 3461 474 3532 εὐρύχωρον
516 3461 719 3531 δέδειχε
753 3461 851 3532 τῆς
894 3446 963 3515 τὰ
991 3462 1167 3514 πάντα
1217 3462 1534 3533 πληρούσης
1585 3462 1748 3517 αὐτοῦ

151 3555 260 3607 καὶ
306 3553 897 3624 μόνης·ἀπεριγράφου
952 3552 1204 3622 θεότητος
1228 3595 1243 3616 ,
1275 3554 1394 3618 ὅλος
1425 3553 1652 3616 ἀπαθῶς
1690 3555 1750 3608 ὲν

147 3644 298 3714 αὐτῇ
329 3641 755 3712 συστελλόμενος
783 3681 798 3704 ,
832 3641 928 3696 καὶ
959 3642 1142 3710 μένων¹
1160 3642 1280 3706 ὅλος
1312 3643 1474 3706 ἐκτὸς
1493 3685 1508 3708 ,
1541 3645 1635 3697 καὶ
1657 3644 1746 3696 τό-

148 3750 264 3788 πον
294 3731 433 3803 ἔχων
458 3732 571 3801 (55)
613 3731 809 3789 ἑαυτοῦ
857 3732 1248 3802 ἀπερίληπτον.
1294 3734 1546 3804 Σήμερον
1575 3735 1604 3787 6
1643 3733 1746 3803 τῆς

147 3826 307 3896 ζωῆς
343 3825 615 3895 θησαυρὸς
637 3863 652 3887 ,
683 3827 716 3895 ἡ
763 3825 864 3894 τῆς
895 3827 1118 3896 χάριτος
1166 3825 1401 3889 ἄϐυσσος
1426 3842 1440 3856 ·
1497 3827 1596 3879 οὐκ
1645 3822 1748 3879 οἷδ’

146 3919 312 3980 ὅπως
359 3917 653 3988 τολμηροίς
692 3919 788 3970 καὶ
820 3918 1083 3988 ἀτρόμοις
1125 3918 1292 3987 φάναι
1345 3921 1458 3980 τοῖς
1491 3918 1697 3988 χείλεσι
1725 3931 1740 3948 θ

148 4010 379 4080 θανάτῳ
401 4007 669 4080 ζωηφόρῳ
691 4008 1049 4074 καλύπτεται,
1082 4011 1178 4063 καὶ
1202 4009 1376 4080 τούτῳ
1397 4010 1741 4080 ἀδειμάντως

148 4099 502 4180 πρόσεισινή
537 4098 726 4150 τούτου
772 4097 1081 4169 καταλύτην
1113 4099 1366 4167 κυήσασα
1390 4139 1404 4163 ,
1436 4098 1483 4150 εί
1532 4099 1626 4152 καὶ
1654 4097 1748 4152 Οά-

145 4206 323 4243 νατον
355 4189 796 4261 προσαγορεῦσαι
827 4189 1002 4260 χρεὼν
1036 4193 1134 4261 τὴν
1161 4191 1332 4260 αὐτῆς
1369 4191 1626 4259 πανίερον
1653 4191 1747 4243 καὶ

145 4281 403 4351 ζωτικὴν
436 4282 758 4336 ἀποὸίωσιν.
811 4283 876 4335 ’1-1
931 4283 1040 4351 γὰρ
1079 4285 1193 4343 τοῖς
1243 4286 1378 4336 πᾶσι
1429 4282 1528 4353 τήν
1577 4282 1746 4345 ὅντως

143 4372 310 4443 ζωὴν
357 4370 734 4434 ἀναϐλύσασα,
787 4372 906 4436 πῶς
935 4375 1151 4443 θανάτῳ
1182 4373 1379 4441 γένοιτ’
1411 4374 1478 4426 ἂν
1520 4373 1746 4443 ὑποχεί-

146 4479 276 4534 ριος
294 4477 307 4490 ⁸
331 4461 445 4514 ἀλλ’
470 4463 609 4514 εἴκει
638 4463 715 4532 τῷ
748 4463 840 4515 τοῦ
866 4465 1069 4518 οἰκείου
1095 4465 1254 4516 τόκου
1279 4463 1741 4535 θεσμοθετήματι,

1851 1992 2058 2059 accepi,
2097 2000 2152 2045 et
2195 1991 2284 2059 qui
2337 1991 2582 2044 mortalis
2628 2006 2800 2057 eram,
2855 1992 3265 2046 immortalitate
3315 2007 3435 2046 sum

1849 2082 2105 2144 donatus,
2153 2080 2513 2150 pelliceasque
2560 2081 2768 2136 tunicas
2811 2081 2934 2135 exui
2967 2099 2980 2134 :
3009 2080 3216 2148 abjeeta
3260 2081 3433 2150 siqui-

1849 2172 1970 2226 dem
2008 2172 2372 2240 corruptione,
2413 2172 2818 2241 incorruptione
2851 2173 3070 2227 indutus
3097 2185 3241 2235 sum,
3277 2185 3435 2226 acce~

1851 2273 1942 2334 pto
1974 2263 2333 2318 deificatiouis
2380 2263 2780 2332 integumento.
2831 2260 3000 2317 Hodie
3034 2261 3200 2330 Virgo
3241 2262 3436 2314 imma-a

1851 2359 2052 2423 culata,
2086 2373 2205 2426 qum
2239 2357 2373 2410 nihil
2409 2366 2750 2410 terrenarum
2793 2353 3140 2410 allectionnm
3189 2352 3432 2416 admisit,

1850 2452 1941 2506 sed
1978 2450 2294 2506 cmlestibus
2326 2449 2559 2519 euutrita
2587 2446 3026 2518 cogitationibus,
3078 2461 3185 2500 non
3236 2446 3288 2498 in
3325 2454 3434 2498 tcr‘

1849 2559 1966 2600 ram
2003 2557 2216 2596 reversa
2249 2551 2366 2607 est;
2404 2549 2458 2594 at
2481 2524 2601 2594 cuin
2635 2555 2760 2595 vere
2806 2539 3002 2594 caelum
3038 2547 3185 2594 esset
3226 2539 3434 2591 anima-

1852 2646 1985 2700 tum,
2044 2634 2095 2688 in
2150 2633 2462 2688 cmlestibus
2515 2630 2876 2684 tabernaculis
2931 2629 3242 2684 collocatur.
3295 2627 3430 2694 Quis

1848 2726 1992 2778 enim
2034 2739 2152 2778 eam
2202 2723 2397 2777 coelum
2452 2721 2728 2791 appellans
2776 2735 2804 2774 a
2849 2734 2978 2775 vero
3023 2720 3271 2785 aberret,
3331 2720 3432 2772 nini

1848 2819 1970 2888 quis
2013 2833 2124 2872 rem
2161 2828 2308 2870 recte
2355 2815 2690 2886 intelligens,
2727 2829 2846 2868 eam
2889 2812 3042 2867 cwlis
3086 2827 3306 2881 quoque
3357 2817 3436 2864 iu-

1849 2908 2194 2979 comparabili
2245 2907 2728 2978 prmcellentiarutn
2773 2900 2995 2960 suarum
3049 2905 3208 2957 modo
3269 2919 3430 2972 supe-

1849 2999 2048 3055 riorem
2097 3013 2216 3052 esse
2258 2999 2422 3052 dicat.
2478 2995 2612 3050 Nam
2665 2997 2758 3066 qui
2788 2997 2982 3050 caelos
3032 2994 3320 3050 fabricavit
3375 3003 3432 3049 et

1848 3092 2113 3150 continet,
2177 3088 2267 3157 qui
2315 3104 2495 3142 rerum
2541 3087 2783 3140 omnium
2833 3087 3170 3140 conditarum
3210 3083 3294 3140 est
3343 3101 3434 3138 ar-

1855 3177 1982 3236 tifex
2015 3179 2184 3249 870
2218 3189 2328 3232 tum
2359 3178 2775 3242 mttndanarum,
2809 3192 2972 3246 quam
3023 3177 3224 3229 mtmdo
3264 3176 3435 3230 subli-

1853 3269 2106 3336 miorum,
2155 3270 2269 3323 sive
2313 3270 2368 3323 in
2402 3278 2676 3334 aspectum
2730 3268 2949 3331 cadant,
2992 3270 3108 3321 sive
3154 3277 3432 3337 aspectum

1850 3360 2079 3429 fugiant,
2108 3362 2259 3426 cujus
2299 3359 2459 3413 modo
2490 3373 2751 3427 nusquam
2796 3357 2946 3412 locus
2974 3367 3054 3412 est
3112 3357 3178 3425 (si
3213 3358 3264 3410 id
3289 3358 3433 3426 quod

1851 3453 2115 3517 continet,
2145 3465 2334 3505 eorum
2366 3465 2486 3519 qua:
2536 3451 2678 3503 intra
2720 3457 2846 3504 sunt
2880 3449 3031 3504 locus
3083 3463 3208 3504 esse
3248 3449 3438 3504 delini-

1854 3543 1986 3615 tur),
2026 3545 2078 3597 iu
2109 3558 2169 3597 ea
2195 3543 2549 3611 semetipsum
2587 3541 2851 3596 infantem
2883 3542 3002 3596 sine
3032 3542 3237 3595 semine
3263 3539 3435 3595 fabri-

1851 3637 2012 3703 cavit,
2045 3649 2274 3704 eamque
2318 3635 2452 3688 adeo
2499 3633 2798 3702 speciosum
2846 3634 3020 3686 unicae
3069 3633 3284 3686 deitatis
3323 3645 3433 3687 snte

1850 3729 2031 3783 omnia
2085 3725 2499 3794 complectentis
2553 3725 2983 3794 promptuarium
3035 3722 3236 3787 effecit,
3289 3730 3434 3777 totus

1852 3820 1990 3874 citra
2020 3819 2327 3890 passionem
2377 3818 2542 3870 ullam
2597 3817 2648 3870 in
2694 3815 2809 3884 ipsa
2854 3814 3132 3878 collectus,
3181 3822 3234 3868 et
3291 3822 3434 3868 totus

1851 3921 2003 3966 extra
2039 3924 2284 3976 manens,
2320 3922 2486 3978 seque
2532 3907 2648 3976 ipse
2693 3906 2871 3960 locum
2919 3905 3432 3973 incomprehensum

1851 4003 2077 4057 habens.
2152 4001 2322 4055 llodie
2384 4000 2509 4055 vita:
2571 4000 2900 4062 thesaurus,
2955 3996 3142 4065 gratia!
3201 3996 3432 4067 abyssus

1851 4094 2054 4163 (nescio
2087 4107 2193 4160 quo
2220 4100 2380 4160 pacto
2421 4088 2827 4158 audacibusque
2852 4086 3094 4155 nihilque
3116 4085 3432 4153 trepidanti-

1847 4184 1948 4238 bus
1982 4183 2140 4238 lahiis
2177 4183 2228 4238 id
2255 4180 2500 4252 cﬂ'erant)
2543 4180 2754 4234 vivifica
2804 4187 2977 4234 morte
3018 4177 3335 4246 obtegitur:
3368 4189 3433 4230 ac

1853 4273 1970 4328 sine
2009 4279 2175 4336 metu,
2206 4273 2273 4326 ad
2305 4287 2422 4325 eam
2465 4270 2550 4324 illa
2576 4267 2806 4334 accedit,
2828 4283 2946 4336 qum
2985 4266 3154 4336 ipsius
3186 4264 3432 4336 proﬂiga-

1849 4377 2020 4420 torem
2068 4372 2374 4434 pepererat,
2417 4363 2575 4414 modo
2626 4371 2808 4415 tamen
2853 4367 3106 4424 mortem,
3142 4370 3432 4410 sacrosan-

1847 4471 1991 4517 ctum
2026 4471 2081 4515 et
2122 4460 2336 4514 vitalem
2372 4457 2488 4527 ejus
2527 4457 2735 4511 obitum
2772 4453 3042 4524 appellare
3075 4453 3254 4507 liceat.
3293 4448 3430 4504 Nam

141 4553 251 4607 καὶ
274 4552 349 4615 ὡς
391 4553 637 4622 θυγάτηρ
675 4554 774 4622 μὲν
801 4553 895 4607 τοῦ
932 4555 1101 4607 πάλαι
1141 4555 1314 4623 Ἀδὰμ
1344 4556 1442 4618 τὰς
1468 4556 1742 4626 πατρικὰς

1850 4567 1966 4622 qure
1995 4566 2178 4605 veram
2202 4550 2364 4602 vitam
2392 4547 2600 4602 cunctis
2626 4545 2872 4615 protulit,
2902 4543 2994 4611 qui
3022 4542 3236 4596 tandem
3270 4544 3430 4597 morti

139 4642 388 4706 εὐθύνας
417 4644 789 4715 ὑπερέρχεται
811 4661 826 4677 ·
855 4646 976 4698 ἐπεὶ
1007 4647 1102 4698 καὶ
1121 4649 1148 4698 6
1174 4646 1378 4716 ταύτης
1407 4647 1553 4710 Υἱὸς,
1588 4649 1739 4717 ήαύ-

133 4731 338 4803 τοζωὴ
369 4731 572 4795 ταύτας
611 4736 710 4786 οὐκ
743 4735 1059 4805 ἀπηνήνατο
1089 4751 1102 4764 ·
1151 4735 1226 4798 ὡς
1257 4736 1313 4788 δὲ
1365 4736 1501 4789 Θεοῦ
1536 4731 1760 4800 ζῶντος

140 4821 345 4894 μήτηρ
374 4820 682 4891 ὑπάρξασα,
717 4822 855 4893 πρὸς
887 4823 1048 4876 αὑτὸν
1079 4822 1242 4886 ἀξίως
1279 4824 1390 4894 (54)
1430 4826 1737 4895 μετακομί-

135 4914 335 4978 ζεται.
361 4913 421 4966 Εἰ
443 4912 553 4984 γάρ
582 4913 750 4985 φησὶν
780 4915 808 4966 ὁ
840 4913 1003 4980 Θεὸς,
1032 4915 1276 4979 Μήποτε
1319 4915 1592 4982 ἐκτείνας
1619 4916 1739 4985 τὴν

131 5003 326 5078 χεῖρα
378 5003 564 5057 αὑτοῦ
617 5004 646 5056 6
694 5004 1118 5074 πρωτόπλαστος
1151 5005 1458 5075 ἄνθρωπος,
1507 5005 1604 5058 καὶ
1630 5008 1738 5058 λα-

133 5094 277 5150 ϐὼν
305 5092 412 5147 τοῦ
437 5092 628 5157 ξύλου
656 5093 768 5161 τῆς
789 5093 957 5162 ζωῆς,
983 5095 1080 5147 καὶ
1099 5095 1493 5164 γευσάμενος,
1519 5098 1605 5160 εις
1630 5095 1738 5149 τὸν

133 5184 343 5242 αἰῶνα
381 5184 648 5252 ζήσεται,
691 5185 808 5247 πῶς
837 5187 870 5255 ή
905 5186 1006 5257 τὴν
1041 5186 1184 5258 ζωὴν
1213 5188 1382 5256 αὐτὴν
1419 5187 1690 5258 δεξαμένη
1719 5229 1734 5252 ,

132 5279 253 5349 τὴν
280 5275 517 5345 ἄναρχον
543 5291 604 5327 τε
637 5276 730 5328 καὶ
757 5277 1014 5346 ἄληκτον,
1056 5279 1154 5345 τὴν
1189 5278 1326 5348 μήτε
1351 5277 1551 5348 ἀρχῆς,
1597 5279 1735 5349 μήτε

184 5500 240 5531 ⁸⁸
281 5499 442 5554 Cant.
471 5515 524 5564 ν,
557 5500 609 5554 5.
687 5502 728 5532 ⁶⁷
774 5501 972 5555 Psaltn.
1011 5517 1194 5566 xum,
1233 5503 1318 5556 -l5.

227 5695 346 5762 (ΞΟ)
376 5696 532 5752 Culb.
565 5698 776 5766 νοητόν.

227 5770 347 5831 (51)
375 5767 558 5821 Germ.
578 5779 646 5839 ct
672 5769 824 5839 tlulli.
857 5769 1184 5839 ὁμιλήσασα.

223 5840 348 5910 (5'2)
380 5841 445 5894 li.
473 5839 497 5895 1
533 5838 610 5906 τῷ
638 5837 772 5893 alter
791 5839 868 5895 τό.

1399 5503 1444 5534 ⁸⁸
1469 5504 1605 5558 Gen.
1645 5518 1724 5568 Ill,
1755 5504 1845 5558 9.2.

1847 4643 2059 4697 subdita
2095 4641 2324 4696 fuisset?
2371 4639 2466 4693 sed
2496 4638 2639 4693 cedit
2679 4636 2779 4706 legi
2811 4635 2878 4690 ab
2904 4650 2969 4689 eo
3005 4635 3125 4688 lata)
3151 4648 3312 4702 quem
3337 4647 3429 4702 ge-

1847 4733 2004 4786 nuit:
2038 4741 2114 4796 et,
2142 4741 2200 4785 ut
2255 4729 2360 4784 filia
2409 4730 2609 4782 veteris
2649 4727 2845 4792 Adam,
2886 4734 3166 4794 paternam
3214 4733 3430 4779 senten-

1846 4823 1971 4876 tiam
2017 4823 2181 4876 subit.
2233 4820 2363 4874 Nam
2397 4828 2452 4875 et
2489 4819 2610 4889 cjus
2639 4818 2811 4873 Filius
2871 4817 2961 4888 qui
3010 4817 3117 4870 vita
3165 4816 3278 4885 ipsa
3321 4823 3427 4879 est,

1844 4929 1962 4968 eam
1998 4927 2103 4968 non
2143 4912 2410 4968 recusavit
2442 4927 2456 4968 :
2487 4921 2545 4966 ιιι
2567 4920 2747 4966 autem
2779 4908 2871 4965 Dei
2905 4909 3135 4962 viventis
3163 4917 3336 4961 mater
3359 4907 3428 4959 ad

1842 5021 2014 5075 ipsum
2059 5006 2254 5061 merito
2302 5003 2646 5058 transfertur.
2705 4999 2838 5053 Nam
2879 5015 3001 5055 cum
3049 5000 3186 5054 Deus
3231 4997 3421 5052 dicat:

1842 5097 1923 5151 Ne
1953 5098 2086 5167 forte
2116 5083 2218 5152 ille.
2238 5098 2328 5168 qui
2365 5097 2570 5166 primus
2615 5105 2699 5149 est
2741 5093 2997 5148 conditus
3026 5092 3210 5157 homo,
3251 5092 3428 5143 mittat

1839 5206 2055 5243 manum
2094 5206 2268 5255 suam,
2303 5199 2350 5243 et
2381 5200 2551 5242 sumat
2583 5189 2648 5242 de
2671 5186 2814 5255 ligno
2842 5188 2980 5250 vitm,
3009 5197 3053 5238 et
3084 5183 3343 5246 comedat,
3379 5191 3428 5234 et

1844 5283 1979 5335 vivat
2030 5281 2084 5335 in
2138 5290 2386 5335 wternum
2413 5280 2488 5346 ως
2535 5296 2643 5350 quo
2695 5289 2852 5350 pacto
2905 5277 3017 5332 ﬁeri
3068 5274 3324 5343 potuerit,
3373 5282 3427 5328 ut

1924 5699 2036 5767 t53)
2075 5700 2239 5768 Ιίνιιις.
2279 5698 2488 5752 ἑαυτόν.

1922 5769 2034 5840 (54)
2079 5771 2140 5823 ll.
2172 5770 2323 5823 (Inlb.
2359 5769 2541 5823 Germ.
2573 5768 2983 5839 ἀνακομίζεται.
