4170 6454
206 401 310 462 729

999 411 1325 469 HOMILIA
1370 409 1422 467 ll’
1461 408 1537 467 ΙΝ
1580 408 2119 468 DORMITIONEM
2160 409 2224 467 B.
2263 410 2330 470 V.
2374 412 2656 472 ΜΑΙΗᾹΞ.

3322 405 3425 470 730

185 517 525 587 προσάγουσι
560 518 1016 588 τιμαλφέστατον,
1056 523 1104 573 οἱ
1135 520 1271 591 πρὸς
1304 519 1538 589 Χριστοῦ
1581 519 1762 586 πάσης

1870 530 2012 582 ι·ιιιιι,
2043 521 2273 589 apostoli
2305 521 2531 586 scilicet,
2577 523 2668 591 qui
2723 522 2884 579 totius
2928 524 3076 581 orbis
3097 525 3367 597 principes
3394 545 3426 584 ιι

184 611 286 678 τῆς
342 614 442 680 γῆς
501 612 864 671 καταστάντες
922 613 1212 683 ἄρχοντες,
1261 615 1386 676 τοὺς
1431 612 1759 675 ἀποστόλους

186 703 352 768 φημὶ,
388 703 486 772 τὴν
526 703 618 755 τοῦ
652 703 786 756 Θεοῦ
822 706 1032 775 μητέρα
1063 706 1162 774 τὴν
1214 705 1616 773 Ἀειπάρίῗενον.

254 792 317 845 δ’.
359 795 470 845 Οὐκ
500 793 700 845 ἄτοπον
731 795 788 846 δέ
826 813 914 863 μοι
947 795 1097 846 δοκεῖ
1140 795 1282 864 λόγῳ
1309 796 1606 864 διαγράψαι
1637 796 1758 848 ὅσον

182 882 297 950 ἔχει
320 884 453 952 πρὸς
476 884 725 953 δύναμιν,
757 885 850 936 καὶ
873 886 1107 947 εἰκάσαι,
1134 887 1225 939 καὶ
1255 886 1407 956 τύπῳ
1429 888 1759 958 σχηματίσαι

180 969 252 1021 τὰ
292 971 384 1022 ἐπὶ
412 973 476 1040 τῇ
513 973 633 1042 ἱερᾷ⁴
675 973 844 1043 ταύτῃ
873 973 966 1026 τοῦ
1016 974 1150 1025 Θεοῦ
1204 977 1368 1046 μητρὶ
1399 977 1759 1047 τετελεσμένα

182 1060 462 1128 θεάματα,
490 1060 526 1114 ἂ
562 1063 797 1132 μετρίως
820 1104 833 1123 ,
871 1064 968 1116 καὶ
1017 1065 1135 1117 λίαν
1189 1068 1557 1130 συνοπτικῶς,
1602 1069 1663 1121 τὸ
1696 1068 1758 1138 δὴ

180 1149 494 1220 λεγόμενον,
549 1157 677 1216 παῖς
710 1155 773 1206 ἐκ
817 1157 1018 1222 πατρὸς
1061 1157 1266 1210 ἄνωθεν
1317 1161 1754 1230 παρειλήφαμεν.

179 1241 336 1292 Δοκῶ
373 1243 481 1310 γάρ
528 1261 616 1312 μοι
653 1243 856 1314 ταύτην
892 1248 990 1316 τὴν
1042 1249 1215 1316 ἁγίων
1273 1251 1578 1320 ἀγιωτὲραν
1603 1293 1617 1315 ,
1662 1253 1758 1306 καὶ

185 1332 351 1401 ἱερῶν
381 1334 695 1405 ἱερωτέραν,
724 1339 810 1390 καὶ
847 1339 1008 1389 ὁσίων
1041 1339 1358 1411 ὁσιωτέραν,
1385 1342 1484 1405 τὴν
1505 1341 1758 1408 γλυκεῖαν

179 1422 277 1475 τοῦ
312 1425 483 1492 μάννα
510 1427 765 1496 στάμνον,
796 1429 978 1498 πηγὴν
1007 1431 1062 1481 δὲ
1105 1431 1304 1499 μᾶλλον
1361 1435 1536 1485 εἰπεῖν
1565 1435 1758 1504 ἀληθέ-

182 1531 377 1584 στερον
402 1519 792 1571 ἀνακεκλίσθαι
830 1522 921 1573 ἐπί
956 1539 1098 1581 τινος
1133 1524 1427 1594 σκίμποδος
1459 1527 1515 1578 ὲν
1547 1530 1610 1596 τῇ
1638 1528 1757 1598 θεία

179 1607 278 1658 καὶ
305 1608 636 1678 περιωνύμῳ
665 1612 816 1663 πόλει
847 1612 1031 1674 Δαϐὶδ,
1058 1612 1195 1665 Σιὼν
1224 1617 1364 1684 φημὶ
1389 1619 1452 1686 τῇ
1481 1619 1757 1689 περιόπτῳ

178 1694 275 1745 καὶ
307 1697 751 1766 περικλεεστατη,
783 1701 840 1750 ἐν
923 1701 1274 1770 πεπλήρωται
1307 1704 1404 1772 μὲν
1425 1708 1452 1756 ὁ
1482 1706 1642 1774 νόμος
1664 1709 1754 1760 τοῦ

177 1787 539 1854 γράμματος,
573 1789 944 1859 ὑπηγόρευται
983 1792 1036 1844 δὲ
1070 1794 1238 1862 δνομα
1277 1795 1369 1846 τοῦ
1404 1798 1711 1865 πνεύματος
1738 1816 1751 1830 ·

871 1064 968 1116 καὶ
1017 1065 1135 1117 λίαν
1189 1068 1557 1130 συνοπτικῶς,

1861 609 2075 665 Christo
2102 622 2227 666 sunt
2254 613 2554 679 constituti,
2607 615 2696 669 Dei
2745 624 2971 672 matrem
3007 627 3428 690 perpetuamque

1860 701 2142 772 virginem.

1931 795 1986 848 4.
2024 795 2072 827 ⁷³
2103 794 2214 850 Nec
2257 812 2388 852 vero
2430 798 2665 853 alienum
2717 797 2832 852 fore
2888 799 3124 854 arbitror
3174 815 3427 856 sermone

1860 899 2117 956 quantmn
2153 906 2246 959 per
2275 905 2358 944 me
2388 893 2509 953 erit,
2536 890 2876 955 describere,
2908 902 2961 945 et
2992 893 3300 961 conjectura
3332 907 3425 946 ex-

1861 995 2078 1048 ponere,
2105 996 2166 1034 ac
2193 982 2465 1034 dclincare
2494 998 2556 1034 ea
2581 982 2884 1051 spectacula
2909 998 3027 1051 quae
3062 986 3112 1037 in
3142 1000 3425 1040 sacrosan-

1859 1082 1943 1122 cta
1981 1071 2078 1123 hac
2103 1070 2190 1125 Dei
2219 1081 2389 1124 matre
2414 1084 2626 1139 peracta
2667 1082 2813 1134 sunt,
2839 1087 3062 1140 qua-que
3088 1074 3428 1128 mediocriter

1859 1170 1911 1212 et
1944 1163 2340 1228 compendiarie
2369 1163 2688 1227 admodum,
2725 1161 2895 1216 Filius
2922 1176 2950 1214 a
2979 1162 3136 1217 Patre
3157 1204 3171 1228 ,
3209 1175 3266 1216 ut
3297 1164 3428 1218 dici-

1859 1260 1968 1314 tur,
1993 1252 2060 1305 ab
2082 1253 2299 1320 antiquo
2317 1253 2640 1320 accepimus.
2663 1253 2898 1339 Cerqere
2923 1254 3064 1306 enim
3089 1255 3214 1308 mihi
3244 1255 3426 1308 videor

1860 1343 1997 1396 hanc
2023 1344 2222 1396 sanctis
2247 1344 2590 1404 sanctiorem,
2621 1353 2674 1397 et
2702 1335 2873 1399 sacris
2893 1345 3266 1408 sacratiorem,
3299 1347 3426 1412 piis-

1858 1449 1961 1501 que
1990 1434 2189 1500 pietate
2220 1434 2648 1502 pra:stantiorem
2681 1450 2696 1498 ;
2729 1434 2886 1499 hanc,
2928 1436 3183 1502 inquam,
3213 1435 3426 1492 dulcem

1859 1537 2067 1576 manna:
2094 1537 2306 1587 urnam,
2327 1524 2428 1589 vel,
2455 1535 2511 1578 ut
2539 1527 2717 1580 verius
2742 1526 2938 1592 dicam,
2970 1528 3193 1594 fontem,
3221 1530 3274 1582 in
3300 1531 3422 1583 divi-

1859 1629 1925 1666 na
1962 1613 2491 1683 celeln'atissimaquc
2538 1617 2753 1671 Davidis
2787 1618 3034 1681 civitate,
3074 1619 3260 1672 humili
3288 1619 3425 1674 lecto

1859 1706 2238 1770 recubantem;
2277 1706 2328 1756 in
2357 1708 2665 1774 conspicua,
2704 1709 2944 1777 inquam,
2994 1709 3082 1762 illa
3107 1709 3426 1765 etclarissi-

1858 1809 1941 1844 ma
1977 1793 2126 1858 Sion,
2167 1795 2218 1846 in
2249 1808 2353 1861 qua
2384 1793 2464 1846 lex
2491 1795 2683 1849 littera:
2704 1797 2990 1865 completa,
3011 1808 3066 1851 et
3092 1797 3172 1852 lex
3201 1798 3426 1867 spiritus

173 1875 236 1926 ἐν
332 1875 392 1928 τὸ
416 1878 605 1947 Πάσχα
633 1880 692 1931 τὸ
720 1882 947 1934 tumbe
969 1886 996 1936 ὁ
1025 1885 1314 1956 νομοδὸτης
1335 1889 1565 1957 Χριστὸς
1597 1891 1750 1941 ὲκτε-
1785 1867 1791 1920 Ῑ

1857 1884 2058 1936 dictata
2109 1892 2231 1948 est;
2289 1883 2565 1951 lcgislator
2619 1887 2870 1940 Christus
2933 1889 3168 1954 typicum
3209 1887 3423 1941 Pascha

171 1964 384 2029 τέλεκε,
433 1969 526 2020 καὶ
559 1971 749 2039 Πάσχα
793 1974 854 2024 τὸ
886 1973 1083 2043 ἀληθὲς
1136 1977 1164 2027 ὁ
1211 1978 1445 2040 παλαιᾶς
1483 1982 1575 2032 καὶ
1626 1982 1747 2045 νέας

169 2056 441 2125 διαθήκης
471 2059 600 2122 Θεὸς
631 2063 1012 2131 παραδέδωκεν
1031 2083 1044 2096 ·
1081 2068 1137 2118 ἐν
1231 2069 1290 2120 τὸ
1320 2068 1530 2122 δεῖπνον
1559 2089 1748 2139 μυστι-

169 2149 271 2200 κὸν
301 2152 406 2212 τοῖς
443 2152 634 2204 ἐαυτσῦ
667 2154 935 2224 μαθηταῖς
963 2159 991 2210 ὁ
1023 2159 1192 2228 ἀμνὸς
1230 2160 1324 2212 τοῦ
1356 2161 1488 2213 Θεοῦ
1523 2165 1550 2214 ό
1577 2164 1746 2234 αἴρων

167 2238 274 2308 τὴν
303 2243 577 2309 ἁμαρτίαν
604 2243 696 2296 τοῦ
725 2236 930 2314 κόσμου
964 2249 1435 2319 μεμυσταγὼγησε
1457 2292 1470 2313 ,
1504 2254 1595 2306 καὶ
1621 2256 1744 2305 τοῦ·

166 2344 288 2390 τοις
336 2330 528 2383 ἑαυτὸν
572 2330 656 2384 οἷα
701 2335 900 2403 μόσχον
951 2338 1192 2390 σιτευτὸν
1240 2339 1468 2403 τέθυκε,
1500 2343 1592 2394 καὶ
1644 2343 1744 2412 τῆς

166 2418 433 2490 ἀληθινῆς
469 2423 710 2493 ἀμπέλου
759 2426 848 2479 τὸν
897 2428 1090 2498 βότρυν
1136 2430 1560 2502 ὲληνοϐάτησεν·
1607 2436 1665 2486 ὲν

167 2510 408 2578 Χριστός
478 2517 586 2577 τοῖς
651 2517 968 2580 ἀποστόλοις
1039 2521 1332 2574 ὀπτάνεται
1398 2524 1462 2574 ὲκ
1534 2526 1743 2592 νεκρῶν

166 2601 558 2670 ἀνιστάμενος,
589 2606 683 2656 καὶ
726 2607 926 2675 Θωμᾶν
956 2610 1276 2677 πιστοῦται,
1315 2613 1406 2665 καὶ
1433 2614 1521 2668 διὰ
1554 2616 1741 2667 τούτου

164 2692 244 2745 τὰ
291 2694 500 2763 πέρατα
522 2737 536 2757 ,
566 2697 640 2758 ῶς
669 2697 753 2768 εἴη
785 2700 918 2762 Θεὸς
950 2718 1007 2754 τε
1038 2703 1132 2754 καὶ
1164 2703 1400 2773 Κύριος,
1431 2707 1524 2758 δύο
1553 2706 1744 2774 φύσεις

166 2785 358 2850 φέρων
399 2788 456 2837 ἐν
486 2787 635 2856 αὐτῷ
672 2791 762 2840 καὶ
794 2793 931 2859 μετὰ
957 2795 1056 2863 τὴν
1086 2797 1148 2846 ἐκ
1180 2797 1387 2864 νεκρῶν
1425 2799 1741 2865 ἀναϐίωσιν,

167 2879 272 2929 καὶ
299 2880 520 2942 ταύταις
553 2884 919 2954 καταλλήλους
947 2885 1040 2938 δύο
1080 2887 1391 2958 ἐνεργείας,
1425 2891 1746 2953 αὐτεξούσια

164 2983 231 3019 τε
265 2967 530 3037 θέσματα,
557 2973 636 3032 εἰς
662 2974 830 3025 αἰῶνα
854 2975 942 3026 τὸν
970 2975 1195 3046 ἄπειρον
1229 2976 1562 3040 αίωνίζοντα.
1596 2980 1743 3050 Αὕτη

160 3056 282 3108 τῶν
335 3059 667 3131 Ἐκκλησιῶν
707 3064 738 3130 ἡ
789 3064 1103 3133 ἀκρόπολις
1147 3066 1288 3135 αῦτη
1324 3067 1432 3120 τῶν
1487 3070 1744 3140 μαθητῶν

1852 1974 2054 2040 peregit
2077 1973 2124 2003 τι
2147 2011 2162 2035 ,
2195 1983 2248 2025 at
2280 1975 2480 2027 veteris
2509 1974 2623 2042 ipse
2660 1977 2891 2044 novique
2920 1978 3224 2038 testamenti
3258 1977 3421 2043 Deus,

1853 2077 2031 2114 verum
2063 2063 2266 2116 Pascha
2294 2082 2306 2116 :
2349 2064 2398 2116 in
2430 2079 2532 2132 qua
2559 2066 2748 2133 Agnus
2781 2067 2870 2120 Dei
2895 2066 2986 2136 qui
3019 2069 3199 2122 muttdi
3226 2083 3421 2136 pecca-

1855 2163 1962 2206 tum
2007 2155 2144 2207 tollit
2192 2156 2236 2186 ⁷⁵
2290 2171 2442 2210 caena
2481 2160 2702 2226 mystica
2743 2160 3034 2229 discipulos
3078 2175 3206 2215 suos
3240 2161 3423 2216 initia-

1852 2245 1962 2308 vit,
1995 2259 2158 2312 seque
2204 2247 2282 2299 eis
2329 2248 2402 2300 uti
2438 2248 2657 2300 vitulmn
2713 2250 3014 2319 saginatum
3069 2252 3417 2316 mactavit",

1851 2353 2096 2405 veraeque
2133 2339 2257 2394 vitis
2289 2356 2445 2393 uvam
2471 2342 2614 2394 velut
2645 2343 2697 2395 in
2732 2344 2985 2398 torculari
3018 2346 3320 2414 expressit;
3363 2345 3418 2400 in

1849 2442 1953 2496 qua
1982 2427 2231 2483 Christus
2276 2444 2341 2482 cx
2391 2433 2617 2487 nmrtuis
2666 2446 2950 2504 resurgens
2984 2435 3242 2504 apostolis
3285 2451 3417 2490 eon-

1848 2527 2063 2584 spectus
2101 2519 2232 2583 luit,
2276 2531 2329 2574 et
2369 2522 2587 2577 Thema:
2636 2538 2700 2578 ac
2745 2540 2838 2593 per
2867 2540 2988 2580 eum
3024 2529 3276 2584 universo
3301 2529 3415 2582 orbi

1851 2611 2007 2663 lident
2051 2611 2178 2664 fecit
2209 2628 2266 2667 se
2298 2613 2458 2667 Deum
2495 2614 2886 2686 Dominumqtte
2910 2631 3029 2673 esse
3055 2620 3120 2684 ",
3147 2621 3280 2674 duas
3323 2639 3437 2683 na-,

1850 2710 1998 2754 turas
2026 2703 2185 2755 etiam
2215 2713 2334 2770 post
2371 2707 2811 2760 resurrectionem
2847 2709 2897 2762 in
2925 2711 3103 2779 seipse
3131 2711 3414 2778 ferentem,

1846 2789 2029 2857 eisque
2078 2805 2467 2847 consentaneas
2509 2797 2851 2862 operationes
2891 2801 3022 2853 duas
3047 2841 3062 2866 ,
3106 2801 3414 2871 liberasquu

1849 2880 2148 2935 voluntates
2176 2883 2226 2935 in
2259 2886 2645 2950 sempiternum
2675 2902 2845 2940 arvum
2884 2891 3256 2957 perdurantes.
3288 2892 3413 2946 llaec

1846 2969 2205 3035 Ecclesiarum
2225 2989 2321 3026 arx
2345 2986 2426 3028 est
2449 2993 2462 3028 :
2489 2976 2997 3046 [necdiscipulorum
3029 2981 3410 3040 diversorium.

1848 3061 1904 3114 In
1967 3064 2067 3115 hac
2123 3063 2501 3116 sanctissimus
2542 3063 2773 3132 Spiritus
2803 3104 2818 3131 ,
2862 3071 3034 3120 sonitu
3075 3070 3218 3123 edito
3243 3112 3258 3136 ,
3292 3088 3412 3126 cum

164 3148 543 3215 καταγώγιον·
579 3152 638 3204 ὲν
679 3155 849 3225 ταύτῃ
888 3156 982 3208 τοῦ
1029 3157 1297 3223 παναγίου
1347 3159 1660 3226 Πνεύματος
1709 3163 1791 3248 ἡ(

1849 3151 2136 3204 multarunt
2177 3152 2476 3218 linguarum
2508 3155 2666 3218 dono,
2705 3155 2854 3221 ignea
2886 3157 3055 3211 forma
3095 3161 3410 3226 adveniens,

162 3235 461 3304 πολῦηχπ,
500 3238 592 3292 καὶ
626 3243 1038 3310 πολύγλωσσος,
1090 3246 1182 3297 καὶ
1232 3247 1574 3317 πυρίμορφος
1618 3251 1740 3304 ἐπι-

163 3321 418 3389 φοίτησις
448 3328 557 3388 τοῖς
586 3329 903 3394 ἀποστόλοις
931 3333 1241 3402 ἐκκέχυται·
1276 3336 1332 3386 ὲν
1361 3337 1532 3408 ταύτῃ
1557 3341 1583 3392 ὁ
1611 3341 1734 3393 Θεο-

158 3411 326 3478 λιὲγος
375 3415 473 3484 τὴν
528 3416 783 3472 Θεοτόκον
851 3422 1236 3491 παρειληφὼς,
1291 3426 1619 3497 ἐλειτούργει
1675 3433 1742 3486 τὰ

157 3501 379 3553 δέοντα·
413 3503 564 3574 αῦτη
598 3509 628 3577 ή
666 3509 848 3579 μήτηρ
881 3511 987 3563 τῶν
1021 3513 1124 3565 ἀνα
1155 3517 1334 3567 πᾶσαν
1363 3518 1458 3586 τὴν
1491 3521 1738 3589 οἰκουμέ-

157 3608 266 3658 νην
314 3591 667 3663 Ἐκκλησιῶν,
703 3599 800 3666 τῆς
832 3599 924 3650 τοῦ
969 3601 1102 3652 Θεοῦ
1151 3603 1369 3673 Μητρὸς
1420 3608 1737 3678 ἐνδιαίτημα

157 3681 376 3750 πέφηνε
399 3720 412 3744 ,
447 3686 586 3752 μετά⁸
618 3703 678 3754 γε
713 3688 809 3757 τὴν
834 3689 925 3741 τοῦ
968 3691 1083 3742 υίοῦ
1115 3694 1179 3745 ἐκ
1210 3696 1414 3764 νεκρῶν
1447 3698 1738 3769 ἀναροίτη-

157 3789 273 3824 σιν·
302 3774 358 3826 ἐν
386 3775 555 3847 ταύτῃ
597 3779 776 3832 τοίνυν
807 3784 838 3850 η
871 3785 1124 3852 μακαρία.
1164 3784 1434 3856 Παρθένος
1475 3789 1566 3842 ἐπί
1594 3809 1736 3856 τινος

151 3866 474 3933 τρισολϐίου
506 3869 618 3938 (57)
647 3871 832 3942 κλίνης
855 3875 1159 3929 κατέκειτο.

235 3983 299 4029 ε’.
356 3977 494 4030 Ἀλλ’
527 3981 758 4034 ἐνταῦθα
787 3984 882 4036 τοῦ
911 3985 1068 4053 λόγου
1104 3989 1414 4058 γενόμενος,
1446 3993 1532 4045 ἵνα
1575 3994 1635 4047 τὸ
1659 3996 1736 4048 οξ-

148 4070 312 4118 κεῖον
353 4068 524 4132 πάθος
572 4073 994 4144 ὲξαγορεύσαιμι
1023 4117 1036 4140 ,
1072 4078 1381 4148 θερμότατα
1423 4085 1517 4136 καὶ
1560 4085 1732 4149 ζέοντι

147 4156 356 4226 πυρσῷ
387 4160 479 4211 τοῦ
513 4160 678 4214 πόθου
735 4166 1038 4235 καιόμενος,
1069 4170 1236 4241 φρίκῃ
1276 4175 1382 4224 τινὶ
1431 4175 1525 4226 καὶ
1571 4195 1732 4246 χαρο·

149 4250 339 4310 ποιοῖς
383 4251 746 4321 συνείλημμαι
777 4255 1056 4325 δάκρυσιν,
1091 4261 1258 4329 αὐτὴν
1293 4264 1389 4332 τὴν
1422 4267 1608 4337 κλίνην
1644 4265 1731 4323 οἶα

63 4408 68 4412 ν
147 4341 667 4410 περιπτυσσόμενος
689 4381 705 4407 ,
741 4347 838 4416 τὴν
880 4351 1158 4419 μακαρίαν
1191 4370 1248 4405 τε
1283 4357 1374 4408 καὶ
1406 4358 1725 4428 ἐπέραστον,

65 4483 68 4486 ι
143 4425 258 4494 τὴν
293 4426 586 4497 θαυμάτων
617 4434 925 4502 γέμουσαν,
954 4441 1052 4508 τὴν
1083 4440 1142 4492 τὸ
1183 4440 1488 4514 ζωαρχικὸν
1513 4425 1727 4523 ’σκῆνος

141 4518 506 4590 δεδεγμένην,
541 4524 636 4576 καὶ
670 4529 733 4596 τῇ
771 4530 1072 4598 παραθέσει
1105 4533 1193 4585 τὸν
1229 4536 1500 4606 ἁγιασμόν
1537 4518 1726 4608 εὐμοι-

69 4675 74 4680 ι
145 4610 427 4678 ρήσασαν,
454 4613 588 4666 αὐτὸ
614 4617 674 4668 τὸ
707 4618 848 4688 ἱερὸν
873 4663 887 4687 ,
918 4623 1014 4674 καὶ
1039 4625 1289 4694 πανίερον
1308 4667 1323 4692 ,
1367 4630 1460 4681 καὶ
1485 4631 1728 4694 ἀξιόθεον

51 4705 60 4710 ”
143 4701 426 4770 σκήνωμα
471 4705 658 4772 χερσὶν
705 4709 934 4773 οἰκείαις
980 4713 1198 4766 ἐδόκουν
1231 4717 1724 4784 ὲναγκαλίξεσθαι·

138 4790 493 4860 ὀφθαλμοὺς,
527 4796 621 4847 καὶ
653 4799 803 4868 χείλη
825 4840 838 4858 ,
871 4803 964 4854 καὶ
991 4805 1238 4872 μέτωπα,
1274 4809 1473 4878 αὐχένα
1501 4813 1593 4864 καὶ
1623 4829 1728 4866 πα-

141 4882 310 4953 ρειὰς
340 4886 699 4954 προσερείόων
733 4892 841 4952 τοῖς
884 4891 1089 4960 μέλεσι,
1133 4898 1227 4948 καὶ
1257 4896 1355 4966 τῆς
1395 4899 1536 4968 ἁφῆς
1565 4902 1726 4971 ᾐσθό-

53 4976 68 4984 “
140 4991 294 5045 μην,
321 4973 393 5037 ὼς
422 4975 484 5028 ὲκ
509 4979 770 5048 παρόντος
795 4985 1190 5056 συνισταμένης
1215 4988 1308 5040 τοῦ
1331 4988 1600 5060 σώματος,
1629 4994 1724 5046 καὶ

50 5052 86 5137 ⁵,
135 5067 498 5136 κατανοήσας
525 5069 819 5140 ὀφθαλμοῖς
849 5076 1084 5128 κατιδεῖν
1109 5077 1170 5142 τὸ
1196 5079 1527 5150 ποθούμενον
1551 5085 1612 5135 οὐ
1638 5083 1722 5135 δεο

49 5148 56 5156 ’
130 5158 410 5228 δύνημαι.
449 5160 570 5223 Πῶς
603 5164 711 5231 γάρ
754 5163 819 5216 ἂν
846 5166 874 5217 ό
905 5169 1198 5236 μετάρσιον
1228 5171 1364 5239 πρὸς
1403 5173 1602 5240 σηκοὺς
1633 5175 1723 5228 οὑ-

50 5243 56 5251 ’
133 5249 376 5321 ρανίους
398 5252 765 5319 ἀνήρπασται;
797 5257 904 5308 Καὶ
935 5257 1106 5309 ταῦτα
1132 5260 1228 5328 μὲν
1249 5261 1438 5325 οὕτως.

1847 3242 1898 3294 in
1930 3243 2217 3309 discipulos
2252 3242 2449 3297 ellusus
2478 3255 2560 3298 est
2589 3246 2650 3298 ⁷⁸.
2701 3246 2752 3299 lit
2797 3249 2894 3301 h-tc
2926 3247 3258 3320 Tlteelogus,
3310 3255 3403 3308 Dei

1844 3332 2136 3387 Gcnitricis
2163 3344 2466 3403 susceptor,
2503 3350 2622 3404 quae
2653 3342 2869 3390 necesse
2899 3349 3074 3406 erant,
3116 3342 3163 3394 ei
3210 3343 3412 3396 submi-

1846 3422 2129 3475 nistrabat.
2173 3422 2296 3476 Haec
2341 3425 2578 3476 omnium
2632 3427 2778 3478 mhis
2815 3427 3170 3490 Ecclesiarum
3219 3442 3408 3498 mater,

1846 3513 2114 3580 Dcipai-ae,
2160 3524 2280 3581 post
2321 3514 2514 3568 Christi
2560 3531 2624 3569 ex
2670 3519 2894 3570 mortuis
2935 3524 3408 3585 resurrectionem,

1842 3603 2170 3658 dmnicilittiu
2204 3607 2324 3658 l'uit.
2360 3604 2416 3658 1ιι
2466 3608 2565 3661 hac
2607 3608 2784 3678 itaque
2817 3611 2970 3664 beata
3009 3611 3166 3683 Virgo
3199 3616 3249 3670 in
3284 3617 3412 3672 bea-

1843 3697 2052 3750 tissimo
2074 3699 2302 3764 quodam
2337 3698 2532 3752 lectulo
2568 3701 2940 3757 dccumbcbat.

1903 4003 1955 4057 5.
1999 4004 2261 4058 therum
2290 4009 2504 4077 quando
2535 4011 2599 4062 ad
2630 4011 2770 4066 hunc
2797 4012 2971 4067 locum
3009 4027 3250 4084 pervenit
3285 4034 3408 4073 ora-

1837 4094 1909 4146 tiu
1963 4098 2054 4164 (ut
2093 4098 2259 4151 animi
2307 4103 2407 4152 ιιιρί
2440 4100 2690 4155 alii-ctum
2738 4106 2992 4175 prodam)
3026 4111 3407 4166 ardentissimo

1836 4186 2340 4260 lcrventissimoque
2376 4193 2576 4246 amoris
2611 4195 2730 4260 igne
2761 4197 3055 4260 accendor,
3093 4209 3148 4253 et
3182 4200 3406 4258 horrore

1832 4277 2059 4344 quodam
2084 4277 2440 4349 jucuudisquc
2463 4283 2713 4354 lat-ryinis
2741 4299 2993 4354 oecupor,
3017 4289 3180 4358 872
3206 4291 3403 4347 lectum

1833 4366 1974 4419 hunc
2004 4368 2212 4422 felicem
2231 4373 2586 4426 etamabilem
2610 4374 2678 4439 ⁷³,
2711 4391 2774 4429 ac
2799 4377 3057 4445 prodigiis
3081 4391 3402 4450 scatentem,

1834 4455 1974 4510 velut
2001 4458 2356 4525 exosculans,
2403 4463 2494 4530 qui
2534 4463 2936 4520 tabernaculum
2970 4467 3100 4524 illud
3144 4474 3402 4542 suscepit,

1831 4564 1894 4602 ex
1927 4565 2032 4617 quo
2055 4549 2160 4602 vita
2191 4560 2307 4604 orta
2348 4563 2428 4607 est
2449 4594 2464 4620 ,
2499 4566 2859 4626 contactuque
2889 4559 3030 4613 illius
3064 4563 3402 4618 sanctitatem

1831 4640 2190 4706 participavit.
2226 4641 2365 4706 Quin
2409 4645 2581 4712 ipsqu
2627 4662 2842 4716 quoque
2875 4665 3087 4702 sacrum
3120 4661 3174 4706 et
3207 4668 3406 4708 sacro—

1829 4738 2094 4793 sanctum,
2120 4731 2334 4800 Deuque
2359 4735 2575 4804 dignum
2604 4737 2970 4792 habitaculum
2997 4743 3130 4795 meis
3157 4743 3404 4799 manibus

1829 4820 2110 4887 complecti
2145 4824 2273 4876 mihi
2301 4827 2542 4891 videbar,
2571 4829 2866 4899 oculosque
2889 4873 2904 4897 ,
2939 4834 3196 4900 lronteni,
3232 4837 3399 4904 labia,

1827 4908 2088 4961 cervicem
2125 4925 2188 4963 ac
2217 4925 2378 4978 genas
2408 4915 2662 4971 membris
2685 4917 2827 4973 illius
2862 4921 3171 4988 admovere,
3202 4925 3396 4994 ipsum,

1833 5005 2084 5065 tanquam
2119 5001 2163 5053 si
2209 5016 2404 5071 corpus
2442 5021 2676 5071 prmsens
2725 5017 3034 5080 tangerent,
3081 5016 3399 5076 sentiebam.

1831 5085 1896 5140 At
1921 5103 2042 5141 cum
2063 5089 2281 5160 propius
2312 5096 2549 5148 animum
2582 5101 2952 5165 attendissem,
2979 5105 3151 5158 oculis
3182 5105 3232 5158 id
3255 5109 3400 5174 quod

1827 5179 2052 5248 cupidus
2105 5185 2505 5251 persequebar,
2559 5189 2751 5245 intueri
2798 5194 3020 5247 minime
3063 5198 3229 5262 potui.
3281 5198 3399 5261 Quo

1827 5269 1971 5320 enim
2006 5282 2162 5338 picto
2188 5272 2314 5327 illud
2339 5278 2734 5346 perspicerem,
2766 5283 2908 5351 quod
2935 5284 3161 5341 sublime
3196 5286 3248 5339 itt
3281 5302 3396 5341 cu:-

131 5345 285 5397 leste
319 5348 572 5410 tcmpium
607 5347 888 5415 abi-cptum
944 5347 1085 5404 fuit?
1129 5353 1305 5422 Atque
1348 5355 1460 5410 lncc
1505 5358 1718 5424 quidem
1759 5361 1889 5416 mihi
1919 5366 2286 5433 contigerunt.

234 5492 283 5523 "
314 5491 545 5600 Exppni't
573 5497 950 5578 .Damasceuus
990 5500 1531 5588 Hierosolymitanaum
1588 5509 1655 5600 de
1680 5515 1906 5567 transitu
1945 5513 2184 5586 Virginis
2212 5522 2579 5578 traditionem.
2654 5527 2701 5558 "
2742 5525 2992 5583 Christus
3017 5530 3252 5600 typieum
3298 5528 3395 5584 Pa.

234 5577 276 5600 In
307 5579 399 5600 con
466 5582 513 5600 Ila
539 5582 710 5600 ‘llnllln
736 5582 788 5600 In
822 5581 1086 5600 nnnI-n...n
1123 5588 1271 5600 nm....
1308 5592 1509 5600 ..-...-..-..
1667 5591 1709 5600 η.
1734 5598 1742 5600 _
1785 5597 1800 5600 Α
1886 5595 1896 5600 -
2065 5593 2074 5600 .
2101 5589 2111 5599 ο
2267 5593 2276 5600 .
2474 5595 2518 5600 ..-
2572 5593 2586 5600 -
2866 5598 2880 5600 Α
3118 5599 3129 5600 γ

125 5563 278 5646 scita
306 5543 788 5646 settfludaicumﬁip
821 5581 1087 5646 postrema
1121 5543 1274 5646 ccen‘a
1308 5578 1535 5646 peregit.

125 5635 232 5688 25.
311 5633 357 5665 ⁷⁷
383 5634 543 5689 Joan.
581 5652 668 5703 xx,
701 5636 792 5690 9.8.
821 5633 833 5637 ⁷
867 5640 912 5670 ⁷⁸
957 5645 1080 5696 Act.
1115 5658 1173 5709 ιι,
1214 5644 1230 5696 l
1276 5633 1426 5715 seqq.

207 5787 326 5855 (57)
361 5787 490 5857 Reg.
526 5790 696 5847 deest.
725 5795 1051 5864 τρισολῦίσυ.

1615 5578 1746 5632 Nota
1776 5595 1964 5638 contra
1999 5578 2398 5647 scliismaticos.

1503 5649 1546 5681 ⁷⁸
1598 5646 1670 5704 De
1701 5650 1804 5706 hoc
1834 5657 2110 5725 scimpode
2141 5661 2302 5716 multa
2328 5646 2616 5719 Modestus
2636 5646 2720 5719 "iii
2769 5646 3021 5725 ora—tione
3051 5646 3172 5723 sua.

2473 5595 2518 5625 "
2561 5593 2722 5650 Joau.
2771 5612 2808 5662 ι,
2857 5598 2948 5653 29.
3027 5593 3246 5658 τίμιαι.
3295 5617 3384 5665 xv,
