4170 6454
195 390 303 453 733

999 400 1323 462 IIOMILIA
1362 402 1423 462 ΙΙ
1464 402 1545 463 ΙΝ
1582 404 2124 467 DORMITIONEM
2163 408 2226 466 B.
2270 406 2332 467 V.
2376 411 2658 472 MARLE.

3327 416 3429 481 ’731

188 508 427 577 δύναμον
457 508 703 578 δύναμιν,
741 509 831 561 καὶ
871 509 966 579 τὴν
1006 511 1207 573 παντὸς
1256 511 1424 581 ὕψους
1455 514 1549 564 καὶ
1601 515 1765 584 μεγέ-

1870 530 2023 579 nem,
2071 525 2124 571 et
2157 517 2422 573 inﬁnitam
2466 524 2757 589 potentiam
2778 567 2792 590 ,
2841 542 2940 583 nec
2963 544 3076 585 non
3109 532 3278 602 ipsius
3307 550 3434 607 erga

188 600 315 662 θους
363 600 618 654 ἐπέκεινα
658 600 793 671 πρὸς
841 603 985 670 ἡμᾶς
1035 602 1200 655 αὑτοῦ
1252 605 1617 675 μετριότητα,
1668 607 1757 658 τὸν

187 691 564 760 ὑπέρπλουτον
588 691 816 743 πλοῦτον
840 692 934 761 τῆς
956 694 1340 761 ἀκαταλήπτων
1369 696 1753 766 χρηστότητος,

186 781 286 851 τὴν
315 782 584 850 ἄπληστον
607 782 702 851 τῆς
726 783 943 852 ἀγάπης
974 784 1227 836 ἄϐυσσονο
1253 785 1399 847 ὅπως
1425 786 1525 854 τῆς
1552 788 1758 849 οἰκείας

184 875 287 926 οὑκ
330 875 659 944 ἐκφοιτήσας
705 875 1127 944 μεγαλειότητος
1154 916 1168 941 ,
1201 877 1337 946 πρὸς
1368 876 1465 947 τὴν
1500 878 1756 946 ὑψοποιὸν

185 965 532 1032 καταϐέϐηκε
586 966 835 1029 κένωσιν,
900 966 1111 1035 Πατρος
1171 968 1612 1031 συνευδοκοῦντος
1665 970 1757 1022 καὶ

188 1057 505 1126 Πνεύματος
526 1076 539 1090 ο
572 1060 721 1122 ὅπως
738 1062 765 1111 ὁ
787 1059 1108 1129 ύπερούσιος
1132 1062 1193 1112 ὲκ
1224 1060 1538 1129 γυναικείας
1567 1060 1757 1131 νηδύος

189 1151 528 1220 ὑπερτυσίως
571 1152 846 1204 ούσίωται·
875 1152 1022 1215 ὅπως
1062 1152 1195 1216 Θεός
1223 1154 1279 1205 τέ
1321 1155 1491 1217 ἐστιν,
1529 1156 1625 1209 καὶ
1665 1157 1756 1210 ἄν·

188 1241 407 1309 θρωπος
447 1242 663 1309 γέγονε,
716 1242 807 1295 καὶ
856 1243 1007 1311 μένει
1062 1244 1201 1296 κατᾶ
1247 1245 1441 1297 ταύτὸν
1495 1246 1756 1315 ὑπάρχων

185 1333 491 1401 ἀμφοτεραο
516 1334 664 1397 ὅπως
693 1332 815 1386 οὔτε
852 1334 953 1404 τῆς
985 1336 1172 1399 οὐσίας
1201 1335 1470 1406 ἐκϐέϐηκε
1508 1336 1607 1405 τῆς
1637 1337 1755 1390 θεό-

184 1440 371 1493 τητος,
408 1425 499 1475 καὶ
552 1425 948 1495 παραπλησίως
987 1427 1119 1495 ἡμῖν
1164 1427 1527 1496 κεκοινώνηκε
1556 1428 1757 1496 σαρκός

182 1534 244 1567 τε
273 1519 367 1569 καὶ
389 1517 636 1587 αἵματος·
659 1520 805 1580 ὅπως
834 1521 861 1572 ὁ
885 1519 1061 1572 πάντα
1094 1519 1333 1588 πληρῶν,
1361 1520 1455 1571 καὶ
1480 1521 1662 1589 φέρων
1689 1521 1757 1574 τὰ

186 1604 486 1674 σύμπαντα
518 1607 594 1677 τῷ
627 1610 830 1678 ῥήματι
876 1609 970 1660 τοῦ
1001 1610 1204 1661 οἰκείου
1236 1610 1530 1679 στόματος,
1574 1610 1758 1662 στενὸν

182 1698 384 1765 χωρίον
433 1698 788 1770 κατῴκησεν·
822 1704 973 1765 ὅπως
1005 1702 1065 1754 τὸ
1109 1701 1295 1754 ὑλικὸν
1345 1703 1437 1755 καὶ
1488 1702 1759 1772 χορτῶδες

183 1789 348 1857 σῶμα
388 1791 487 1858 τῆς
532 1792 776 1859 ἀοιδίμου
815 1792 1055 1862 ταύτης,
1098 1794 1158 1845 τὸ
1205 1794 1601 1845 καταναλίσκον
1647 1793 1758 1863 πῦρ

1866 622 1965 659 nos
2008 609 2425 663 moderationem
2470 614 2615 665 omni
2666 615 2947 674 altitudine
2996 631 3049 675 et
3106 625 3436 685 sublimitate

1865 699 2219 768 superiorem,
2248 710 2301 756 et
2331 702 2793 773 incomprehenste
2820 710 3168 780 benignitatis
3209 718 3437 774 immen-

1865 805 1954 844 sas
1976 792 2212 857 divitias,
2232 796 2551 864 tandemque
2569 796 2941 868 inexplebilem
2970 804 3246 863 cbaritatis
3273 810 3434 881 abys-

1863 897 1980 936 sum
2027 884 2270 940 laudibus
2318 886 2543 942 eﬂ‘erre:
2580 905 2686 958 uno
2725 902 2881 959 pacto
2922 895 3037 963 ipse
3074 912 3103 951 a
3135 914 3229 955 sua
3268 904 3434 972 maje-

1863 984 2002 1028 state
2035 992 2137 1029 non
2177 980 2479 1043 excedens,
2524 982 2590 1033 ad
2617 984 2963 1041 sublimitatis
3002 1000 3276 1057 parentem
3318 996 3434 1048 exi-

1864 1068 2194 1122 nanitionem
2250 1069 2474 1139 benigna
2531 1071 2708 1128 Patris
2760 1086 2815 1129 et
2866 1076 3099 1145 Spiritus
3154 1084 3433 1139 voluntate

1862 1155 2201 1212 descenderit
2234 1176 2248 1212 :
2289 1176 2397 1229 quo
2424 1173 2579 1231 pacto
2613 1164 2656 1219 is
2694 1168 2784 1235 qui
2808 1184 2971 1237 supra
3002 1174 3292 1229 essentiam
3327 1186 3431 1241 est.

1862 1262 1926 1301 ex
1961 1247 2173 1303 femina:
2197 1260 2350 1304 utero
2372 1253 2670 1309 sublimiori
2696 1273 2856 1328 supra
2885 1264 3175 1319 essentiam
3202 1269 3429 1336 ratione,

1861 1341 2094 1394 essentia
2123 1342 2330 1397 exstitit
2360 1342 2405 1374 ⁸⁸
2438 1362 2451 1396 :
2488 1360 2594 1413 quo
2627 1358 2783 1416 pacto
2816 1352 2953 1408 Deus
2985 1370 3106 1409 cum
3136 1369 3303 1425 esset,
3348 1361 3431 1414 fa-

1862 1438 1982 1486 ctus
2003 1440 2086 1485 est
2107 1433 2286 1497 homo,
2316 1433 2472 1487 simul
2499 1447 2787 1509 utrumque
2822 1457 3045 1500 manens
3077 1463 3091 1499 :
3121 1462 3226 1516 quo
3255 1459 3429 1518 pacto,

1865 1537 1963 1577 nec
1992 1538 2021 1575 a
2047 1524 2261 1579 deitatis
2298 1529 2595 1583 substantia
2622 1533 2874 1594 excessit.
2897 1544 2951 1589 et
2973 1537 3221 1593 similiter
3248 1556 3311 1595 ac
3334 1558 3432 1597 nos

1863 1627 2081 1667 carnem
2113 1626 2165 1668 et
2195 1620 2505 1685 sanguinem
2533 1622 2877 1692 participavit
2902 1625 2949 1657 ⁸³
2978 1641 2994 1681 :
3024 1644 3130 1697 quo
3156 1643 3316 1697 pacto
3342 1634 3432 1689 ille

1862 1706 1952 1773 qui
2005 1707 2182 1760 omnia
2233 1710 2455 1777 implet,
2490 1714 2851 1784 omnibusque
2898 1722 3147 1787 superior
3194 1726 3427 1792 exsistit,

1862 1806 2085 1864 portans
2116 1798 2297 1852 omnia
2335 1802 2499 1855 verbo
2528 1802 2742 1859 virtutis
2770 1821 2881 1860 suae
2903 1847 2918 1871 ,
2965 1822 3193 1879 angusto
3217 1813 3335 1868 loco
3377 1815 3430 1869 in

180 1881 402 1943 ἐδέξατο
427 1882 522 1951 τῆς
555 1882 828 1953 θεότητος,
863 1886 956 1938 καὶ
985 1885 1181 1954 χρυσὸς
1214 1884 1401 1954 ὥσπερ
1429 1884 1717 1955 ἁκίϐδηλος
1742 1924 1758 1949 ,

1863 1888 2193 1943 domicilium
2250 1891 2484 1946 habuit:
2529 1908 2636 1962 quo
2692 1898 2920 1966 denique
2993 1911 3151 1970 pacto
3217 1905 3430 1975 inclyta:

176 1974 460 2026 ἀνάλωτον
508 1976 863 2046 ἐχρημάτισε.
919 1977 1054 2029 Θεοῦ
1091 1977 1413 2047 βουλομένου
1449 1976 1620 2029 ταῦτα

176 2064 425 2132 γένηται·
477 2067 595 2117 ἐπεὶ
643 2065 776 2118 Θεοῦ
825 2066 1088 2129 θέλοντος,
1130 2068 1331 2121 δυνατὰ
1372 2069 1468 2137 μὲν
1502 2069 1751 2130 ἅπαντα,

173 2154 439 2221 ἀμήχανα
468 2154 523 2206 δὲ
556 2156 631 2225 μὴ
677 2155 945 2217 θέλοντος.
979 2157 1104 2209 Ἐπὶ
1146 2157 1201 2209 δὲ
1242 2156 1417 2225 τούτῳ
1448 2158 1540 2209 καὶ
1580 2157 1751 2223 λόγων

175 2244 437 2311 κεκίνητο
466 2245 578 2314 (Η)
612 2246 815 2316 ἅμιλλα
844 2290 858 2311 ,
910 2248 1006 2317 οὐχ
1038 2250 1185 2311 ὅπως
1214 2251 1561 2320 ὑπεραίροιεν
1591 2249 1753 2319 ἁλλήο

171 2334 303 2397 λους
352 2335 646 2405 ἑκάτερος·
697 2339 972 2402 κενοδόξου
1024 2342 1130 2411 γὰρ
1176 2341 1337 2394 τοῦτο
1380 2341 1612 2411 φρενὸς,
1659 2342 1753 2393 καὶ

173 2428 368 2497 πόρρω
398 2428 545 2492 θείας
575 2431 983 2501 εὐαρεστήσεως
1006 2433 1139 2497 (42)·
1176 2433 1290 2486 ἀλλ’
1323 2434 1397 2497 ὡς
1441 2433 1508 2486 ἂν
1549 2432 1752 2502 προθυ-

175 2518 310 2587 μίας
344 2520 510 2589 μηδὲν
540 2520 800 2575 ἐλλίπωσι
834 2525 925 2576 καὶ
954 2526 1255 2593 δυνάμεως,
1282 2526 1412 2577 Θεὸν
1436 2525 1750 2595 ὑμνοῦντες,

170 2610 273 2661 καὶ
299 2609 433 2662 Θεοῦ
478 2612 683 2682 μητέρα
708 2615 1078 2684 γεραίροντες.

1664 1994 1757 2044 γε·

1866 1977 2101 2049 Virginis
2139 1996 2357 2050 corpus,
2392 1986 2532 2050 quod
2569 1990 2844 2044 materiale
2870 2001 2976 2053 est,
3012 2004 3067 2047 et
3097 1996 3163 2049 ad
3197 1996 3302 2051 l'eni
3331 2017 3428 2053 na-

1863 2080 2035 2124 turain
2066 2074 2310 2135 accedit,
2350 2086 2755 2131 consumentem
2789 2079 3007 2136 deitatis
3046 2085 3221 2152 ignem
3272 2102 3429 2143 esca--

1858 2162 2020 2230 perit,
2063 2174 2115 2216 et
2149 2166 2318 2217 instar
2345 2166 2463 2219 auri
2515 2182 2611 2221 nec
2657 2182 3059 2241 consumptum,
3089 2191 3189 2230 nec
3242 2178 3427 2234 laesum

1856 2256 1944 2310 sit.
1990 2256 2081 2309 Dei
2134 2257 2387 2311 nimirum
2446 2259 2559 2313 haec
2605 2261 2742 2315 facta
2782 2274 2908 2318 sunt
2964 2266 3259 2323 voluntate.
3319 2274 3428 2328 Deo

1857 2362 2089 2408 namque
2124 2350 2335 2403 volente
2358 2391 2373 2413 ,
2410 2352 2541 2404 nihil
2596 2360 2680 2406 est
2728 2355 2868 2422 quod
2918 2356 3031 2412 ﬁeri
3066 2374 3168 2413 non
3215 2363 3427 2432 possit;

1856 2437 2070 2492 nolente
2100 2451 2317 2503 autem,
2354 2443 2486 2495 nihil
2518 2444 2660 2511 quod
2700 2444 2813 2499 ﬁeri
2849 2448 3038 2514 possit.
3088 2449 3238 2504 Tunc
3267 2468 3428 2521 porro

1856 2542 2163 2583 sermonum
2215 2534 2506 2586 excitatum
2570 2545 2651 2588 est
2705 2547 2999 2605 certamen,
3058 2558 3162 2597 non
3201 2554 3259 2600 ut
3291 2548 3427 2601 alter

1859 2616 2086 2668 alterum
2118 2631 2395 2686 superaret
2426 2622 2563 2689 (hoc
2609 2625 2751 2678 enim
2805 2628 2972 2682 animi
3032 2631 3209 2689 inanis
3242 2636 3428 2705 gloria:

171 2702 357 2769 cupidi
403 2713 485 2757 est
511 2746 524 2767 ,
575 2713 629 2757 et
658 2706 747 2772 qui
791 2706 976 2773 procul
1023 2706 1160 2759 absit
1191 2722 1319 2774 qum
1358 2706 1464 2759 Deo
1503 2706 1758 2775 placeat),
1802 2707 1895 2760 sed
1936 2724 2033 2762 nec
2061 2710 2335 2778 quidpiam
2400 2714 2465 2766 de.
2499 2714 2665 2769 animi
2699 2716 2979 2776 alacritate
3016 2733 3071 2777 et
3102 2702 3306 2783 viribus
3343 2746 3426 2785 re-

174 2793 478 2852 mittentes.
521 2792 687 2845 Deum
720 2794 1038 2859 laudarent,
1078 2796 1299 2864 ejusque
1329 2808 1553 2849 matrem
1585 2798 1935 2850 honorarent.

248 2911 319 2975 η’.
358 2906 491 2958 Τότε
529 2906 627 2977 δὴ,
655 2907 777 2960 τότε
829 2908 998 2978 Ἀδὰμ
1030 2912 1123 2963 καὶ
1162 2909 1305 2974 Εὕα,
1338 2913 1388 2963 οί
1424 2913 1519 2965 τοῦ
1562 2912 1753 2978 γένους

170 2997 526 3066 ’προπάτορες
551 3039 564 3060 ,
593 2998 983 3067 ἁγαλλομένοις
1016 3004 1128 3063 τοῖς
1173 3003 1375 3069 χείλεσι
1410 3002 1747 3071 διαπρυσίως

166 3090 611 3157 ἁνακεκρᾶγασι.
653 3091 723 3141 Συ
753 3092 1018 3159 μακαρία,
1061 3092 1332 3163 θύγατερ,
1362 3094 1460 3162 τῆς
1500 3095 1744 3164 παραεά-

1929 2914 1981 2966 8.
2021 2912 2173 2967 Tunc
2207 2918 2445 2983 quidem,
2484 2929 2616 2984 tum,
2652 2922 2888 2993 inquam,
2920 2929 3085 2983 Adam
3115 2943 3165 2987 et
3188 2932 3292 2987 Eva
3330 2955 3426 2991 tio--

1856 3006 1955 3057 stri
1986 3008 2198 3073 generis
2227 3020 2512 3072 auctores.
2560 3015 2953 3072 exsultantibus
2993 3021 3147 3077 labiis
3187 3027 3293 3080 alte
3333 3045 3423 3083 ex-

1855 3101 2156 3155 clamarunt
2186 3122 2198 3157 :
2230 3103 2391 3159 Beata
2423 3118 2499 3170 tu,
2527 3110 2653 3169 lilia,
2688 3128 2807 3180 qua:
2830 3116 3010 3170 violati
3045 3125 3275 3177 mandati
3310 3142 3410 3193 pm-

170 3197 317 3242 σεως
354 3182 479 3249 ἡμῖν
495 3182 561 3233 τὰ
583 3182 832 3250 ἐπιτίμια
862 3182 1109 3244 λέλυκας.
1142 3184 1214 3236 Σῦ
1240 3184 1477 3254 φθαρτὸν
1506 3186 1562 3248 ἐξ
1593 3184 1745 3253 ἡμῶν

1857 3208 1952 3244 nas
1981 3193 2132 3246 nobis
2162 3196 2443 3249 sustulisti.
2480 3197 2557 3250 Τιι
2584 3204 2807 3256 mortale
2840 3220 3037 3275 corpus
3067 3226 3094 3262 ι]
3130 3213 3282 3269 nobis
3315 3233 3415 3270 sor~

171 3271 341 3340 σῶμα
372 3272 848 3344 κληρονομήσασα,
877 3274 1183 3342 ἀφθαρσίας
1212 3276 1343 3342 ἡμῖν
1373 3276 1747 3343 ὲκυοᾳόρησας

167 3365 401 3433 ἔνδυμα.
439 3365 510 3417 Σὺ
535 3365 594 3417 τὸ
627 3364 764 3417 εἶναι
792 3365 852 3428 ἐξ
888 3366 1163 3434 ἡμετέρας
1192 3364 1390 3431 ὀσνρύος
1416 3365 1710 3431 ἁρπάσασα
1732 3404 1745 3426 ,

164 3456 234 3508 τὸ
270 3451 328 3510 εὖ
364 3451 503 3509 εἶναι
531 3458 663 3526 ἡμῖν
704 3456 1121 3518 ἀνταπέδωκας·
1157 3457 1255 3517 τὰς
1297 3456 1488 3518 ὠδῖνας
1521 3456 1743 3517 ἐλυσαςσ

166 3549 242 3601 τὰ
283 3548 378 3600 τοῦ
425 3549 653 3601 θανάτου
704 3549 997 3620 διέρῤηξας
1052 3549 1371 3618 σπάργανα·
1416 3549 1477 3599 τὸ
1524 3550 1750 3618 ἀρχαῖον

166 3642 311 3709 ἡμῖν
336 3642 781 3708 ἀποκατέστησας
815 3640 1155 3709 ἐνδιαίτημα.
1207 3640 1399 3706 Ἡμεῖς
1426 3636 1748 3704 ὲκλείσαμεν

163 3732 267 3782 τὸν
303 3730 649 3799 παράδεισον,
685 3732 748 3782 σὺ
781 3730 875 3781 τοῦ
902 3729 1001 3795 τῆς
1041 3729 1186 3799 ζωῆς
1216 3727 1372 3791 ξύλου
1420 3727 1518 3797 τὴν
1545 3728 1748 3779 εἴσοδον

164 3821 536 3883 ἁνεπέτασας.
600 3820 695 3873 Ἐκ
735 3820 846 3873 τῶν
890 3822 1143 3890 χρηστῶν
1186 3821 1253 3872 δι’
1304 3819 1460 3891 ἡμῶν
1498 3815 1627 3890 ἦλθε
1677 3820 1747 3872 τὰ

165 3913 415 3981 ).υπηρὰ’
440 3912 526 3964 διὰ
558 3911 650 3963 σοῦ
682 3914 745 3964 ὲκ
772 3913 879 3963 τῶν
903 3912 1162 3981 λυπηρῶν
1188 3910 1493 3979 ἐπανῆλθεν
1520 3913 1651 3980 ἡμῖν
1678 3912 1747 3964 τὰ

164 4002 536 4074 χρηστότερα.
573 4003 681 4054 Καὶ
711 4003 827 4064 πῶς
863 4002 1096 4055 θανάτου
1132 4002 1301 4072 γεύσῃ
1326 4043 1340 4065 ,
1384 4005 1416 4071 ὴ
1450 4003 1744 4071 ἄχραντος;

168 4095 270 4146 Σοὶ
300 4094 437 4161 πρὸς
476 4091 621 4161 ζωὴν
656 4092 870 4163 γέφυρα
893 4134 907 4157 ,
942 4093 1039 4145 καὶ
1069 4092 1273 4161 κλίμαξ
1306 4092 1442 4160 πρὸς
1482 4094 1707 4160 οὐρανόν
1731 4108 1743 4123 ’

166 4188 272 4239 καὶ
305 4186 442 4254 πρὸς
462 4184 761 4237 ἀθανασίαν
787 4185 814 4235 ὁ
854 4183 1083 4246 θάνατος
1110 4184 1407 4253 πορθμεῖον
1436 4187 1742 4253 γενήσεται.

170 4282 390 4340 Ὄντως
441 4277 686 4346 μακαρία
734 4276 834 4339 σὺ,
876 4274 1329 4343 παμμακάριστε.
1367 4275 1460 4335 Τίς
1500 4275 1643 4344 γὰρ,
1696 4276 1745 4325 εἰ

167 4372 375 4441 μήτιγε
419 4370 447 4419 ὁ
476 4366 645 4433 Λόγος
686 4362 742 4435 ᾖ,
776 4367 1202 4434 προσενήνεκται
1244 4362 1399 4417 τοῦτο
1440 4366 1683 4433 πάσχων.
1717 4364 1745 4417 ὅ

164 4462 439 4531 πράττειν
472 4458 832 4525 ύπείληπται;
888 4455 1201 4527 Ἐπεκρότει
1229 4455 1283 4507 δὲ
1319 4455 1411 4508 καὶ
1443 4456 1551 4516 πᾶς
1577 4457 1604 4506 ὁ
1633 4455 1743 4507 τῶν

1855 3282 1947 3333 lita
1980 3324 1993 3344 ,
2041 3284 2461 3340 immortalitatis
2511 3292 2877 3347 indumentum
2940 3301 3091 3354 nobis
3141 3309 3417 3372 peperisti.

1849 3372 1948 3435 Tu,
1988 3388 2110 3425 cum
2146 3391 2171 3427 a
2222 3375 2415 3431 lumbis
2449 3382 2647 3435 nostris
2682 3393 2857 3436 ortum
2890 3392 3193 3457 accepisses
3220 3437 3233 3458 ,
3268 3401 3419 3453 nobis

1849 3473 1907 3515 nt
1935 3464 2069 3517 bene
2094 3480 2335 3520 essemus
2366 3472 2674 3536 rependisti.
2712 3474 2932 3531 Dolores
2956 3480 3198 3550 solvisti;
3229 3490 3418 3541 mortis

1848 3554 2040 3608 fascias
2076 3558 2304 3623 rupisti;
2348 3561 2413 3611 ad
2448 3572 2683 3615 veterem
2716 3567 2897 3619 sedem
2933 3585 3028 3624 nos
3082 3577 3418 3640 postliminio

1847 3648 2132 3700 revocasti.
2179 3646 2284 3701 Nos
2328 3651 2634 3716 paradisum
2666 3654 2994 3725 clausimus,
3035 3671 3088 3716 tu
3131 3664 3258 3736 ligni
3298 3670 3418 3725 vita:

1849 3735 1951 3788 iter
1998 3737 2315 3804 patefecisti.
2348 3738 2451 3792 Per
2479 3757 2573 3795 nos
2610 3759 2676 3796 ex
2710 3744 2845 3799 laetis
2894 3750 3067 3804 tristia
3108 3735 3414 3823 venerunt;

1848 3842 1911 3880 ex
1956 3828 2201 3881 tristibus
2248 3840 2433 3883 contra
2478 3832 2680 3885 laetiora
2730 3851 2827 3904 per
2869 3847 2918 3891 te
2971 3844 3261 3900 redierunt.
3299 3850 3416 3914 Quo

1846 3928 2021 3971 autem
2058 3923 2234 3981 modo,
2262 3937 2293 3971 ο
2326 3923 2686 3991 inuuarulata,
2710 3930 2864 3982 morti
2899 3933 3128 3985 obnoxia
3154 3936 3416 3993 elliceris?

1846 4006 1923 4059 Tu
1955 4010 2073 4061 vitm
2107 4026 2257 4077 pons,
2284 4023 2334 4063 et
2360 4013 2503 4065 scala
2535 4016 2655 4068 ρωιί
2693 4034 2706 4069 :
2741 4034 2918 4083 mors,
2944 4024 3009 4074 ad
3039 4024 3413 4084 innnortalita-

1849 4106 1951 4148 tem
1986 4107 2151 4164 ponto
2185 4099 2304 4152 erit.
2343 4098 2476 4153 Vere
2514 4111 2566 4154 tu
2613 4103 2763 4156 beata
2795 4120 2889 4169 es,
2940 4124 3059 4177 qua:
3103 4111 3412 4171 beatissima

1847 4189 2186 4256 praedicanda
2220 4191 2312 4243 sis.
2348 4190 2549 4261 Ecquis
2572 4195 2712 4247 enim
2737 4234 2750 4256 ,
2790 4198 2876 4264 qui
2905 4196 3140 4254 Verbum
3180 4218 3283 4256 non
3320 4206 3411 4267 sit,

1847 4280 1911 4332 ad
1952 4279 2052 4333 hoc
2085 4279 2417 4333 tolerandum
2452 4296 2513 4337 se
2541 4283 2811 4348 obtulerit,
2842 4289 2982 4355 quod
3015 4301 3254 4356 patrasse
3282 4310 3411 4349 cen-

1846 4370 1979 4422 situs
2011 4368 2117 4423 sit?
2141 4368 2231 4422 llis
2261 4371 2541 4425 universus
2564 4383 2873 4428 sanctorum
2902 4376 3099 4432 chorus
3127 4381 3411 4449 applauilm

1845 4461 1969 4514 bat:
1995 4472 2045 4513 tn
2082 4461 2457 4529 praedictiones
2487 4472 2698 4516 nostras
2729 4465 3046 4532 implevisti:
3089 4476 3139 4521 ιιι
3175 4470 3409 4524 la:titiam

159 4556 347 4622 ἁγίων
381 4552 553 4621 χορός.
586 4550 656 4602 Σὺ
685 4548 838 4616 ἡμῶν
867 4546 961 4609 τὰς
993 4548 1322 4617 προρρήσεις
1356 4546 1741 4615 πεπλήρωκας.

1855 4566 2005 4617 quam
2041 4550 2501 4617 praestolabamur,
2535 4553 2783 4607 attulisti.
2836 4554 2938 4607 Per
2967 4565 3017 4608 te
3043 4558 3183 4612 enim
3222 4563 3411 4617 mortis

161 4648 243 4699 ΣΞ)
272 4646 406 4712 ἡμῖν
428 4641 527 4711 τὴν
556 4638 1031 4707 καραδοκουμένην
1055 4637 1391 4705 εὐφροσύνην
1431 4638 1738 4705 προσήνεγ-

160 4752 299 4798 κας.
334 4733 430 4785 ,ιιά
466 4731 559 4783 σοῦ
590 4731 696 4798 γὰρ
750 4728 966 4797 δεσμῶν
990 4728 1219 4779 θανάτου
1250 4727 1540 4795 λελύμεθα.
1570 4727 1741 4795 Δεῦρο

161 4827 314 4897 πρὸς
340 4825 509 4894 ἡμᾶς,
542 4815 586 4874 ὦ
614 4822 756 4874 θεῖον
796 4820 889 4871 καί
926 4818 1210 4888 ξωηφόρον
1242 4819 1545 4888 κειμήλιον.
1579 4819 1737 4871 Ἔλοε

160 4914 437 4970 ποθοῦσιν
469 4916 624 4982 ἡμῖν,
654 4911 799 4981 ἠτον
826 4909 987 4962 πόθον
1017 4909 1173 4977 ἡμῶν
1206 4911 1337 4961 ἐκπε
1350 4911 1577 4978 ράνασα.
1596 4910 1735 4960 Ἀλλ’

156 5006 421 5063 ἁνθεῖλκε
444 5006 620 5073 λόγοις
647 5004 743 5072 οὐχ
761 5003 978 5071 ἥττοσιν
1001 5002 1107 5053 τῶν
1132 5002 1186 5051 ὲν
1211 5000 1418 5068 σώματι
1449 4998 1735 5070 περιεστώ-

156 5118 279 5153 των
315 5098 483 5163 ἁγίων
518 5094 745 5164 πληθύς’
781 5095 979 5147 Μεῖνον
1030 5092 1145 5160 μεθ’
1190 5092 1367 5162 ἡμῶν,
1413 5094 1444 5159 ἡ
1494 5092 1738 5162 ἡμετέρα

156 5188 552 5259 παράκλησις,
589 5185 849 5253 λέγουσα·
900 5182 962 5235 τὸ
994 5183 1150 5251 μόνον
1184 5182 1273 5233 ἐπὶ
1311 5181 1411 5248 γῆς
1448 5181 1602 5251 ἡμῶν
1635 5198 1735 5232 πα-

157 5278 460 5352 ραμύθιον.
500 5277 583 5346 Μὴ
625 5277 789 5347 ἐάσῃς
821 5276 967 5346 ἡμᾶς
995 5274 1292 5344 ὀρφανοὺς,
1319 5276 1351 5343 ἡ
1393 5272 1609 5341 Μήτηρ,
1644 5272 1736 5323 τοῦ

154 5371 491 5443 συμπαθοῦς
520 5371 611 5423 τοῦ
638 5371 763 5423 Υἰοῦ
789 5387 881 5422 σου
912 5368 1441 5441 προκινδυνεύοντας.
1482 5368 1735 5437 ’Έχοιμέν

155 5482 223 5520 σε
258 5463 372 5517 τῶν
396 5464 571 5516 πόνων
606 5462 939 5527 ἀνάπαυλαν,
971 5462 1063 5516 καὶ
1092 5460 1200 5514 τῶν
1232 5460 1468 5530 ἱδρώτων
1494 5459 1733 5512 ἀνάπτυ-

234 5642 280 5673 ⁸¹
334 5636 555 5708 Dionys.
597 5652 712 5707 cap.
739 5638 773 5691 9.
820 5638 895 5693 De
939 5638 1043 5694 div.
1079 5654 1215 5693 ιιυιιι.

237 5795 351 5867 (il)
389 5795 451 5850 Il.
488 5794 781 5865 :;:z.ov;tx:'1
815 5796 923 5849 καί.

1294 5637 1338 5668 9‘
1382 5637 1542 5690 Hebr.
1600 5650 1679 5701 tt,
1737 5633 1814 5687 ιι.

1849 4640 2072 4691 vinculis
2099 4641 2257 4693 soluti
2293 4656 2497 4694 sumus.
2539 4640 2667 4695 Veni
2697 4646 2761 4695 ad
2791 4660 2921 4707 nos,
2952 4661 2982 4699 0
3018 4647 3194 4701 divina
3226 4654 3400 4705 vitam.

1845 4745 1950 4798 que
2004 4731 2182 4783 ferens
2213 4732 2473 4798 supellex.
2521 4731 2647 4785 Veni
2692 4737 2755 4785 ad
2784 4749 2878 4787 nos
2914 4736 2986 4789 tui
3022 4738 3264 4807 cupidos,
3291 4758 3408 4810 qua?

1844 4834 2078 4875 nosti-am
2104 4823 2328 4890 explesti
2360 4823 2729 4890 cupiditatem.
2765 4825 2831 4877 At
2858 4840 2984 4879 vero
3015 4843 3117 4881 non
3148 4830 3407 4887 inﬁrmio-

1846 4913 1990 4965 ribus
2037 4929 2154 4965 eam
2198 4913 2539 4967 sermonibus
2571 4914 3036 4969 circumstantium
3070 4930 3402 4989 sanctorum,

1840 5006 1927 5070 qui
1968 5004 2139 5056 adhuc
2182 5004 2234 5057 in
2275 5020 2498 5072 corpore
2542 5007 2927 5073 versabantur,
2977 5009 3262 5063 multitudo
3317 5029 3404 5067 rc-

1842 5092 2145 5156 trahehant,
2180 5094 2260 5145 his
2292 5092 2403 5146 fere
2433 5094 2609 5149 verbis
2642 5112 2655 5148 :
2702 5095 2857 5150 Mane
2887 5097 3188 5163 nobiscum,
3222 5111 3401 5155 nostra

1840 5184 2154 5250 consolatio,
2189 5184 2473 5253 Unicuique
2522 5187 2573 5239 ιιι
2614 5196 2753 5240 terra
2781 5189 3039 5243 solamen.
3070 5188 3145 5243 Ne
3174 5208 3271 5244 nos
3308 5209 3400 5243 or-

1841 5275 2044 5342 phanos
2078 5275 2321 5337 deseras,
2351 5277 2563 5345 benigni
2598 5278 2737 5332 illius
2766 5287 2819 5333 et
2851 5282 3212 5335 misericordis
3236 5283 3401 5353 874

1843 5362 2032 5426 Mater,
2062 5365 2149 5432 qui
2177 5363 2291 5416 Filii
2326 5365 2397 5417 tui
2429 5380 2588 5419 causa
2625 5367 3008 5433 periclitamur.
3048 5370 3122 5423 'l‘e
3153 5370 3397 5423 laborum

1840 5457 2076 5526 requiem
2118 5457 2483 5526 sudorumque
2528 5455 2864 5526 refrigerium
2910 5460 3222 5515 habeamus.
3277 5458 3397 5513 Tibi

1913 5790 2020 5859 (2:!)
2057 5787 2146 5841 llic
2181 5787 2341 5842 codex
2388 5783 2582 5854 Regius
2626 5786 2891 5856 ingentem
2924 5783 3163 5843 lacunam
3209 5783 3388 5840 habet.
