4170 6454
232 455 335 517 737

292 573 382 618 ια’.
423 563 532 616 Καὶ
558 563 612 616 τί
651 561 890 630 γίνεται;
927 559 1234 628 Στοιχείων,
1269 558 1345 619 ὥς
1379 557 1446 626 γέ
1490 574 1578 627 μοι
1627 555 1794 617 δοκεῖ,
1827 563 1867 615 Α

218 659 435 725 κίνησις
463 655 556 707 καὶ
577 652 879 714 ἀλλοίωσις,
913 649 1087 718 φωναί
1111 667 1168 701 τε
1199 648 1383 717 ψόφοι,
1407 648 1500 700 καὶ
1531 648 1760 714 πάταγοι
1779 683 1795 709 ,

218 750 317 801 καὶ
352 747 600 813 ἀγγέλων
655 743 812 814 ὕμνοι
857 742 1112 809 ἐπάξιοι,
1167 738 1599 811 προτρεχόντων,
1655 753 1796 807 συμ-

218 835 678 906 προπεμπόντων,
716 833 1134 903 παρεπομένωνο
1156 831 1266 884 τῶν
1293 830 1393 900 μὲν
1416 833 1482 900 τῇ
1510 829 1798 900 ἀμωμήτῳ

216 928 317 978 καὶ
357 926 598 993 παναγεα
631 925 777 993 ψυχῇ
812 921 910 992 τὴν
933 922 1268 993 δορυφορίαν
1297 921 1667 991 πληρούντων,
1703 918 1800 972 καὶ

215 1016 357 1086 πρὸς
418 1015 645 1084 οὐρανὸν
701 1015 926 1084 ἁνιουσῃ
990 1013 1372 1079 συνανιὸντων,
1425 1012 1529 1076 ἓως
1585 1013 1674 1064 ὅτε
1720 1010 1798 1080 τῷ

216 1109 397 1180 θρόνῳ
430 1106 507 1176 τῷ
559 1104 824 1176 βασιλικῷ
857 1106 956 1175 τὴν
1006 1105 1251 1175 βασιλίδα
1286 1105 1657 1174 παρέστησαν,
1691 1101 1798 1154 τῶν

215 1201 300 1261 δὲ,
334 1200 396 1252 τὸ
430 1198 570 1250 θεῖον
606 1198 700 1251 καὶ
733 1198 878 1268 ἱερὸν
907 1197 1248 1249 κυκλούντων
1285 1196 1463 1263 σῶμα,
1501 1194 1591 1246 καὶ
1635 1193 1799 1262 ᾠδαῖς

219 1291 689 1359 άγγελοπρεπὲσιν
734 1289 1048 1358 ὑμνούντων
1071 1289 1168 1357 τὴν
1199 1289 1538 1356 Θεομήτορα.
1567 1286 1632 1336 Τί
1663 1285 1720 1338 δὲ
1750 1285 1798 1337 οἱ

221 1382 574 1451 παρεστῶτες
619 1381 696 1452 τῷ
755 1381 1004 1450 παναγίῳ
1051 1382 1145 1433 καὶ
1202 1380 1480 1450 ἱερωτάτῳ
1542 1377 1796 1446 σώματι;

217 1475 376 1544 ’πϐρι
403 1492 460 1526 τε
489 1476 582 1526 καὶ
607 1476 775 1544 πόθῳ,
800 1476 894 1526 καὶ
923 1472 1289 1539 ἀγαλλίασεως
1311 1469 1541 1540 δάκρυσι
1571 1468 1630 1520 τδ
1659 1467 1801 1520 θεῖον

219 1565 316 1616 καλ⁸
335 1563 619 1616 πανόλϐιον
643 1564 1138 1634 περιστοιχίσαντες
1155 1561 1440 1630 σκήνωμα,
1474 1577 1538 1612 πε
1548 1558 1803 1629 ριεπτύσ-

220 1671 417 1718 σοντο,
484 1655 896 1724 κατησπάζοντο
952 1654 1098 1707 ἆπαν
1157 1651 1340 1722 μέλος,
1399 1651 1675 1721 προσῆγον
1723 1649 1804 1720 τῷ

221 1743 457 1815 σώματι,
491 1747 553 1798 ὲκ
581 1746 678 1814 τῆς
702 1744 846 1814 ἁφῆς
871 1743 1144 1812 ἀγιασμοῦ
1174 1760 1233 1794 τε
1261 1743 1356 1794 καὶ
1393 1741 1640 1807 εὐλογίας
1667 1739 1804 1812 πλη-

223 1836 501 1906 ρούμενοι.
535 1837 666 1889 Τότε
689 1837 754 1904 δὴ
783 1837 929 1889 νόσοι
973 1835 1072 1904 μὲν
1113 1831 1506 1904 ἐδραπέτευον,
1531 1831 1803 1901 δαιμόνων

223 1929 388 1996 στίφη
419 1926 811 1995 ὲφυγαδεύοντο
837 1969 851 1992 ,
887 1925 1153 1979 πάντοθεν
1201 1923 1631 1992 συνελαυνόμενοι
1666 1924 1802 1992 πρὸς

225 2019 364 2088 μόνα
404 2018 471 2070 τά
519 2018 889 2088 καταχθόνια·
921 2017 1067 2086 ἀὴρ,
1115 2015 1282 2085 αἰθήρ
1327 2031 1386 2067 τε
1435 2015 1529 2067 καὶ
1577 2013 1802 2084 οὐρανὸς

229 2110 523 2178 ᾗγιάζοντο
553 2111 666 2176 (45)
701 2112 766 2178 τῇ
817 2108 1082 2160 ἀναϐάσει
1121 2105 1214 2158 τοῦ
1270 2123 1599 2174 πν..·υματος.
1631 2102 1704 2173 γῆ
1746 2103 1803 2156 δὲ

222 2206 290 2270 τῇ
337 2202 630 2254 καταθέσει
669 2199 763 2252 τοῦ
798 2199 1068 2269 σώματος.
1119 2197 1259 2250 Ἀλλ’
1285 2196 1458 2266 ούδὲή
1493 2195 1588 2247 τοῦ
1614 2193 1804 2257 ὓδατος

222 2293 387 2360 ιρύσις
427 2293 525 2361 τῆς
568 2291 817 2357 εὐλογίας
866 2290 1168 2361 ἠμοίρησετ
1225 2288 1443 2340 λούεται
1490 2285 1598 2355 γὰρ
1653 2284 1804 2337 ὕδατι

225 2382 368 2434 καθα
383 2382 478 2451 ρῴ,
520 2383 618 2434 οὐκ
655 2383 823 2452 αὐτὴν
864 2380 1203 2450 καθαίροντι,
1234 2377 1575 2446 ἀγνιζομένῳ
1605 2375 1716 2445 (iii)
1746 2375 1802 2427 δὲ

226 2471 488 2540 μάλιστα.
535 2470 798 2524 Ἐνταῦθα
829 2473 1031 2539 κωφοῖς
1067 2470 1167 2538 μὲν
1194 2472 1228 2540 ἡ
1279 2469 1418 2538 ἀκοὴ
1447 2469 1802 2538 ἀπηρτίζετο,

222 2564 422 2634 χωλοῖς
467 2568 521 2617 αἱ
555 2565 665 2618 τῶν
696 2564 872 2616 ποδῶν
904 2563 1294 2633 κατηρτίζοντο
1345 2561 1550 2632 βάσεις,
1586 2561 1806 2629 τυφλοῖς

223 2655 284 2708 δὲ
316 2657 684 2720 ἁνεκαινίξετο
717 2659 750 2724 ὴ
781 2658 990 2724 ὅρασις,
1038 2655 1382 2725 ἁμαρτωλοῖς
1414 2654 1596 2706 πίστει
1640 2668 1810 2722 προσ-

231 2745 375 2796 ιοῦσι
426 2746 764 2817 χειρόγραφα
803 2745 1212 2815 διερρήγνυντο.
1293 2739 1424 2796 Εἶτα
1469 2745 1560 2806 τίς
1597 2743 1810 2795 Σινδόσι

231 2834 504 2906 καθαραῖς
549 2837 609 2888 τὸ
645 2835 883 2906 καθαρὸν
921 2837 1274 2888 ὲνειλίττεται
1307 2835 1492 2906 σῶμα,
1529 2837 1624 2888 καὶ
1655 2836 1809 2906 κλίνῃ

225 2923 392 2988 αὖθις
419 2929 451 2994 ἡ
484 2926 692 2994 βασιλὶς
711 2926 1033 2979 ἐπιτίθεται.
1063 2922 1196 2978 Εἶτα
1213 2925 1497 2995 λαμπάδες
1527 2927 1622 2978 καὶ
1641 2925 1808 2995 μύρα,

238 3016 404 3083 ὕμνοι
437 3016 796 3085 προπόμπιοι,
829 3016 1076 3083 ἀγγέλων
1111 3015 1208 3085 μὲν
1239 3019 1358 3079 ταῖς
1387 3017 1615 3079 οἰκείαις
1642 3015 1812 3084 γλώτ-

228 3125 357 3169 ταις
382 3107 762 3177 μελῳδούντων
794 3107 961 3176 ὕμνον
987 3107 1080 3159 τὸν
1111 3108 1295 3172 αὐτοῖς
1332 3106 1813 3177 προσφορώτατον,

229 3197 549 3250 ἀποστόλων
586 3197 642 3249 δὲ
673 3199 767 3248 καὶ
809 3196 1080 3266 θεοφόρων
1120 3196 1376 3266 Πατέρων
1402 3195 1542 3265 ᾠδάς
1582 3195 1814 3265 ᾀδόντων

232 3287 582 3356 Θεοπρεπεῖς,
629 3288 724 3340 καὶ
765 3286 1135 3356 κροτουμένας
1175 3285 1252 3356 τῷ
1288 3284 1583 3356 Πνεύματι.

316 3542 382 3610 ιβ’
431 3542 560 3594 Τότε
590 3542 673 3612 δὴ,
706 3541 827 3594 τότε
864 3543 896 3611 ἠ
929 3543 1155 3606 κιϐωτὸς
1182 3543 1278 3596 τοῦ
1319 3543 1525 3614 Κυρίου
1555 3544 1816 3614 ἀπάρασα

234 3632 302 3696 ἐξ
332 3634 492 3702 ὅρους
538 3632 677 3684 Σιὼν
709 3635 820 3694 τοῖς
864 3633 973 3684 τῶν
1023 3635 1338 3687 ἀποστόλων
1373 3636 1602 3694 κλεινοῖς
1646 3635 1815 3704 ὤμοις

235 3724 582 3792 ἐποχουμένη
618 3724 750 3792 πρὸς
777 3723 837 3774 τὸ
870 3724 1119 3792 οὖράνιον
1149 3725 1372 3793 τέμενος
1406 3726 1493 3776 διὰ
1527 3726 1691 3794 μέσου
1718 3724 1814 3778 τοῦ

239 3814 418 3882 τάφου
458 3813 846 3877 ὃιαϐιϐάζεται.
888 3815 998 3865 Καὶ
1041 3814 1304 3884 πρότερον
1359 3815 1459 3884 μὲν
1507 3814 1596 3868 διὰ
1649 3814 1814 3885 μέσου

242 3905 340 3954 του
397 3903 583 3965 ἄστεος
628 3903 819 3970 ἄγεται
843 3943 858 3968 ,
895 3897 982 3956 οἷά
1021 3921 1106 3966 τις
1144 3907 1329 3974 νύμφη
1379 3905 1714 3976 περικαλλὴς
1748 3909 1814 3976 τῇ

242 3996 422 4064 ἀπροσ
434 3995 526 4062 ίτῳ
539 3994 698 4066 αἴγλῃ
713 3995 1059 4065 ὼραῖςομένη
1071 3995 1163 4048 τοῦ
1185 3998 1516 4066 ιινεύματος,
1539 4001 1631 4051 καῖ
1644 3998 1703 4049 οὖ
1721 4015 1815 4061 ςως

243 4085 329 4144 είς
367 4085 422 4134 τὸ
455 4083 746 4151 ἱερώτατον
774 4085 870 4155 τῆς
907 4083 1230 4155 Γεθσημανὴ
1260 4086 1456 4156 χωρίον
1492 4088 1810 4155 κομίζεται,

243 4175 407 4240 ἀγγέι
421 4193 496 4225 ων
519 4174 936 4244 προ-ρτχόντων.
967 4178 1386 4246 παρεπομένων,
1412 4181 1816 4246 συγκα).υ.;τόν-

242 4281 355 4316 των
389 4265 508 4327 ταῖς
560 4266 783 4335 πτέρυξι
811 4307 825 4330 ,
859 4269 950 4318 καὶ
984 4268 1186 4332 παντὸς
1220 4269 1314 4322 τοῦ
1343 4273 1440 4340 τῆς
1483 4272 1814 4342 Ἐκκλησίας

244 4354 639 4421 πληρώματος.
669 4356 774 4407 Καὶ
808 4355 994 4427 ὥσπερ
1018 4360 1045 4410 ὁ
1071 4359 1325 4427 βασιλεὺς
1347 4361 1598 4432 Σολομὼν
1626 4364 1717 4415 ἐπὶ
1747 4367 1812 4434 τῇ

243 4444 591 4497 καταπαύσει
624 4445 721 4513 τῆς
761 4447 992 4498 κιϐωτοῦ
1033 4449 1090 4498 ἐν
1124 4447 1236 4518 ναῷ
1286 4450 1492 4518 Κυρίου
1516 4492 1529 4510 ,
1562 4452 1620 4503 ὃν
1654 4452 1817 4516 αὐτὸς

243 4623 387 4675 Σιὼν
438 4622 771 4691 ἡκκλησίασε
795 4665 810 4688 ,
843 4623 938 4676 τοῦ
973 4625 1283 4692 ἀνενεγκεῖν
1311 4627 1408 4696 τὴν
1440 4628 1668 4680 κιϐωτὸν
1701 4630 1812 4683 δια-

243 4709 422 4780 θήκης
456 4695 664 4782 κυρίου
707 4714 771 4765 ἐκ
826 4713 1031 4776 πόλεως
1063 4716 1257 4768 Δαϐίδ’
1293 4716 1431 4788 αὕτη
1464 4720 1610 4771 ἐστὶν
1640 4721 1775 4773 Σιών
1797 4739 1810 4752 ο

244 4805 342 4855 καὶ
379 4799 521 4872 ἦραν
547 4806 594 4857 οἱ
626 4807 788 4874 ἱερεῖς
811 4806 908 4875 τὴν
940 4807 1169 4862 κιϐωτὸν
1209 4810 1302 4863 καὶ
1335 4810 1434 4880 τὴν
1477 4815 1682 4881 σκηνὴν
1719 4815 1813 4868 τοῦ

247 4895 593 4964 μαρτυρίου,
644 4897 737 4948 καὶ
772 4898 1098 4952 ἀνεϐίϐασαν
1146 4901 1284 4953 αὐτὰ
1330 4902 1380 4953 οἱ
1429 4903 1591 4973 ἱερεῖς
1641 4906 1732 4957 καὶ
1765 4905 1815 4958 οἱ

242 4985 505 5037 Λευῖται·
536 4987 629 5038 καὶ
650 4988 679 5038 ὁ
707 4985 980 5055 βασιλεὺς,
1014 4991 1107 5042 καὶ
1135 4991 1162 5042 ὁ
1186 4991 1309 5054 λαὸς
1333 4993 1478 5057 ἄπας
1506 4995 1816 5067 ἔμπροσθεν

243 5073 347 5142 τῆς
377 5074 613 5127 κιϐωτοῦ
645 5076 861 5140 θύοντες
890 5078 1017 5148 βόας
1042 5081 1134 5132 καὶ
1165 5082 1413 5148 75.96601“-
1444 5087 1814 5157 ἀναρίθμητν

243 5166 345 5217 καὶ
387 5166 764 5234 εἰσφέρουσιν·
813 5170 862 5221 οἱ
922 5171 1084 5240 ἱερεῖς
1128 5173 1225 5241 τὴν
1273 5175 1505 5228 κιϐωτὸν
1550 5177 1817 5251 διαθήκης

244 5255 456 5324 Κυρίου
490 5258 569 5318 είς
605 5257 694 5308 τὸν
729 5258 890 5310 τόπον
919 5260 1089 5329 αὐτῆς
1123 5263 1203 5324 είς
1231 5263 1291 5314 τὸ
1318 5264 1476 5334 δαϐὶρ
1500 5267 1593 5319 τοῦ
1625 5271 1774 5323 οἴκου
1798 5313 1812 5335 ,

243 5348 328 5407 εἰς
372 5347 436 5397 τὰ
482 5347 650 5414 ’Ἅγια
704 5348 812 5400 τῶν
857 5351 1050 5416 ἀγίων,
1109 5352 1211 5404 ὑπ’)
1261 5356 1359 5418 τὶις
1395 5359 1674 5426 πτέρυγας
1707 5363 1816 5415 τῶν

241 5436 564 5507 Χερουϐίμ·
591 5437 732 5490 οὕτω
763 5439 828 5508 δὴ
862 5441 954 5492 καὶ
988 5440 1082 5493 νῦν
1108 5444 1217 5510 (Π)
1249 5444 1341 5495 ἐπὶ
1369 5447 1435 5515 τῇ
1469 5450 1814 5506 καταπαύσει

320 5592 373 5622 ⁸⁵
403 5591 466 5645 Ill
499 5591 636 5661 Reg.
667 5607 785 5657 VIII,
825 5594 846 5648 ι
886 5610 1061 5666 seqq.;
1096 5596 1136 5651 ll
1175 5598 1346 5653 Paral.
1387 5614 1435 5664 ι’,
1466 5601 1500 5654 9.
1531 5617 1684 5674 seqq.

318 5747 435 5805 (Η)
468 5746 648 5801 Germ.
680 5747 956 5815 ήγιάζετο.

312 5818 430 5890 (te)
465 5816 526 5869 li.
565 5819 923 5890 .{t‘;'.1{o;1évip.

1023 447 1350 508 IIOMILIA
1389 445 1447 504 ΙΙ
1483 443 1564 503 IN
1607 441 2142 503 DORMlTION'EM
2183 443 2245 502 B.
2284 443 2348 504 V.
2399 443 2684 503 MARLE.

3375 429 3477 492 ’ἱζΞὸ

1973 556 2057 609 ll.
2101 553 2237 621 Quid
2285 569 2412 610 vero
2461 554 2700 609 accidit?
2729 553 3162 624 Elementorum,
3212 566 3271 612 ut
3325 571 3466 624 rcor,

1897 647 2188 700 commotio
2234 654 2288 699 ct
2336 645 2660 712 immutatio,
2697 660 2962 716 vocesque
3013 659 3068 704 ct
3117 649 3270 716 soni,
3308 650 3470 719 digna

1899 738 2209 805 angelorum
2238 735 2468 800 cantica,
2493 737 2580 804 qui
2610 737 2807 806 partim
2833 749 3244 806 prrecurrerent,
3271 741 3468 810 partim

1897 828 2306 893 comitarentur,
2326 828 2522 896 partim
2542 840 2748 884 assecta
2759 841 2964 885 rentur.
2995 831 3161 902 875
3178 831 3470 902 thuidem

1899 919 1986 972 alii
2000 935 2063 972 ex
2087 919 2214 987 ipsis
2239 920 2597 975 immaculata:
2615 928 2667 974 et
2683 923 3038 977 sanctissima:
3057 925 3249 978 animae
3265 924 3471 978 satelli-

1903 1011 1975 1063 tio
2007 1019 2174 1064 craut.
2209 1018 2263 1062 et
2296 1011 2345 1062 in
2375 1013 2568 1065 emtum
2603 1013 2949 1067 scandentem
2985 1014 3302 1082 stipabant,
3336 1029 3473 1084 quo-

1899 1118 2071 1172 usque
2103 1103 2248 1170 regio
2277 1105 2412 1156 solio
2452 1106 2690 1175 reginam
2723 1107 2974 1161 sisterent
3001 1123 3016 1162 :
3047 1107 3133 1162 alii
3169 1124 3358 1164 rursus
3385 1109 3470 1162 di-

1899 1197 2080 1248 vinum
2141 1205 2194 1248 et
2260 1210 2472 1248 sacrum
2527 1211 2724 1267 corpus
2772 1198 3098 1267 cingebant,
3153 1201 3476 1271 liytnnisque

1899 1287 2209 1356 angelorum
2243 1286 2475 1356 propriis
2502 1288 2594 1341 Dei
2639 1299 2914 1357 parentem
2936 1289 3303 1346 celebrabant.
3336 1292 3473 1358 Quid

1902 1392 2079 1434 autem
2130 1380 2200 1444 ii,
2265 1381 2357 1449 qui
2411 1381 2754 1436 sanctissimo
2810 1384 3214 1453 sacerrimoque
3262 1385 3478 1453 corpori

1901 1471 2204 1526 astabant?
2235 1485 2354 1525 cum
2387 1479 2656 1537 tremore,
2690 1473 3004 1542 ardentique
3043 1488 3264 1537 amore,
3296 1483 3348 1528 et
3383 1489 3480 1528 ex-

1902 1563 2208 1618 sultationis
2240 1562 2492 1632 lacrymis
2512 1602 2527 1626 ,
2564 1563 2805 1617 divinum
2846 1563 2973 1618 illud
3004 1563 3481 1634 fclicissimumque

1906 1653 2312 1708 tabernaculum
2353 1655 2406 1707 in
2449 1655 2637 1708 orbem
2685 1653 2963 1723 cingentes
3008 1654 3479 1723 amplexabantur,

1903 1753 1957 1800 ct
1991 1743 2447 1798 exosculabantur
2472 1783 2487 1807 ,
2521 1741 2836 1810 nullumque
2872 1755 2976 1796 non
3018 1743 3316 1796 membrum
3355 1759 3483 1796 cor-

1903 1836 2019 1906 pori
2040 1835 2408 1899 admoventes,
2435 1849 2496 1886 ex
2525 1833 2642 1901 ejus
2667 1840 2921 1888 contactu
2945 1833 3233 1887 sanctitate
3249 1843 3302 1887 et
3320 1835 3483 1889 bene-

1901 1924 2142 1979 dictione
2191 1923 2672 1992 perfundebantur.
2732 1924 2871 1978 Tum
2906 1937 3036 1992 ergo
3085 1923 3256 1977 morbi
3301 1922 3479 1989 fugam

1903 2015 2295 2088 capessebant,
2325 2015 2627 2070 dmmonum
2657 2024 2890 2068 caterva!
2925 2013 3266 2082 pellebantur
3289 2055 3305 2080 ,
3331 2025 3384 2068 et
3415 2015 3480 2068 ad

1903 2106 2283 2160 subterraneas
2335 2114 2490 2159 terra:
2550 2114 2730 2173 partes
2805 2105 3039 2173 undique
3108 2105 3480 2174 abigebantur.

1903 2198 2033 2262 Aer,
2066 2197 2237 2250 mtber
2291 2210 2355 2250 ac
2387 2193 2584 2248 cmlum
2628 2193 2955 2249 ascendente
2989 2195 3180 2264 spiritu
3226 2197 3486 2251 sanctita-

1907 2295 2014 2342 tem
2041 2287 2434 2341 eontrahebant
2459 2328 2473 2352 ,
2504 2286 2954 2355 quemadmodum
2984 2297 3040 2341 et
3071 2297 3212 2342 terra
3241 2290 3486 2359 corporis

1905 2379 2265 2446 depositione.
2307 2380 2445 2444 Quin
2478 2392 2545 2432 nc
2575 2391 2839 2442 aquarum
2891 2379 3110 2446 quidem
3161 2391 3354 2435 natura
3388 2383 3485 2436 be-

1908 2472 2213 2527 nedictione
2265 2485 2364 2526 sua
2421 2470 2618 2524 caruit.
2659 2468 2908 2524 Abluitur
2941 2470 3086 2524 enim
3137 2485 3277 2541 aqua
3328 2475 3513 2544 pura,‘

1909 2575 2014 2614 non
2043 2576 2160 2628 qua:
2181 2561 2353 2630 ipsam
2387 2560 2695 2623 mundarct,
2725 2561 2817 2615 sed
2846 2575 2964 2630 quae
2994 2561 3170 2628 potius
3203 2563 3489 2618 mundare-

1913 2659 2020 2704 tur.
2061 2653 2236 2718 Atque
2263 2651 2389 2704 hinc
2427 2650 2609 2704 surdis
2641 2650 2888 2711 auditus,
2920 2651 3126 2706 claudi
3155 2653 3354 2721 plantae
3393 2654 3487 2708 lir-

1913 2741 2072 2794 mitas
2102 2739 2450 2802 reddebatur,
2483 2739 2641 2793 caecis
2667 2739 2815 2793 visus
2846 2739 3270 2807 instaurabatur,
3293 2757 3487 2812 pecca-

1913 2832 2120 2884 toribus
2141 2845 2262 2884 cnm
2293 2830 2398 2884 [ide
2427 2829 2807 2885 accedentibus
2829 2833 3152 2901 syngraphae
3174 2833 3489 2890 laceraban-

1914 2929 2022 2974 tur.
2058 2919 2258 2974 Deinde
2294 2920 2443 2988 puris
2484 2919 2662 2975 linteis
2695 2935 2890 2989 purum
2936 2936 3133 2990 corpus
3178 2923 3486 2993 involvitur,

1915 3008 2160 3076 lectoque
2209 3023 2394 3064 rursus
2440 3011 2620 3078 regina
2664 3010 3005 3078 imponitur:
3052 3029 3173 3067 mox
3212 3014 3488 3086 lampades

1917 3098 2172 3153 adhibita:
2220 3108 2275 3154 et
2321 3110 2593 3169 unguenta
2639 3100 2932 3169 bymnique
2967 3101 3144 3158 funeri
3169 3104 3490 3162 deducendo

1921 3189 2142 3244 idonei:
2193 3191 2398 3258 angelis
2439 3191 2624 3258 utique
2676 3191 2873 3260 linguis
2915 3195 3028 3249 suis
3083 3196 3338 3266 hymnum
3387 3200 3491 3256 sibi

1918 3282 2463 3349 congruentissimum
2499 3285 2906 3340 concinentibus
2939 3303 2954 3352 ;
3006 3289 3260 3356 apostolis
3285 3302 3490 3361 autem,

1916 3370 2135 3439 Dotoque
2172 3372 2348 3441 plenis
2383 3374 2635 3429 Patribns
2663 3376 2871 3429 divinas
2910 3381 3168 3446 quasdam
3214 3385 3491 3440 cautiones

1917 3475 1947 3514 a
1977 3459 2176 3529 Spiritu
2209 3471 2399 3517 sancto
2445 3465 2727 3533 inspiratas
2755 3468 3173 3524 modulantibus.

1988 3550 2074 3604 l2.
2115 3552 2191 3605 Ac
2222 3559 2330 3605 tum
2364 3567 2514 3616 sane,
2545 3563 2655 3607 tum
2687 3571 2812 3612 arci
2847 3556 3054 3610 Domini
3085 3575 3115 3612 e
3146 3571 3324 3615 monte
3355 3562 3487 3618 Sion

1917 3638 2132 3704 abiens,
2151 3643 2586 3711 venerandisque
2606 3645 2972 3713 apostolorum
2999 3648 3238 3704 humeris
3259 3663 3488 3722 gestata,

1917 3726 1970 3781 in
2005 3728 2226 3784 creleste
2261 3733 2516 3802 templum
2554 3748 2650 3801 per
2685 3734 3026 3803 interiectum
3063 3743 3368 3808 sepulcrum
3405 3747 3487 3799 cf-

1919 3817 2110 3873 fertur.
2140 3819 2218 3875 Ac
2253 3836 2486 3890 primum
2521 3825 2736 3894 quidem
2773 3843 2870 3898 per
2901 3833 3126 3885 mediam
3164 3835 3350 3889 urbem
3385 3840 3484 3889 du-

1915 3912 2078 3977 citur,
2115 3921 2366 3983 tanquam
2405 3921 2808 3986 speciosissima
2847 3925 3090 3990 quaadam
3131 3941 3358 3995 sponsa,
3399 3931 3484 3982 iu-

1916 4005 2182 4072 corporali
2217 4007 2452 4073 Spiritus
2481 4011 2766 4078 splendore
2797 4013 3048 4068 decorata
3080 4034 3092 4046 -
3118 4021 3279 4086 atqu’e
3312 4023 3381 4072 ita
3417 4021 3483 4074 ad

1916 4099 2318 4151 sanctissimum
2353 4099 2744 4158 Getlisemanes
2778 4105 2954 4160 locum
2992 4109 3250 4174 defertur,
3283 4115 3487 4180 angelis

1917 4191 2392 4258 priecurrentibus,
2429 4203 2483 4247 et
2517 4199 2939 4259 assectantibus,
2975 4199 3181 4268 alisque
3215 4204 3327 4256 suis
3365 4221 3482 4260 cant

1915 4278 2308 4344 obvelantibus,
2344 4296 2407 4332 ac
2447 4282 2700 4337 universo
2741 4284 2993 4340 Ecclesia:
3031 4296 3194 4340 cmtu.
3229 4289 3306 4342 Ac
3345 4291 3486 4344 sicut

1918 4384 2010 4421 rex
2043 4368 2324 4433 Salomon,
2351 4373 2421 4424 ob
2449 4373 2821 4441 deponendam
2853 4393 3034 4432 arcam
3066 4379 3119 4432 in
3152 4381 3348 4448 templo
3379 4383 3484 4433 Du-

1920 4459 2072 4519 niini,
2105 4461 2242 4526 quod
2281 4461 2390 4527 ipse
2423 4473 2786 4526 exstruxerat,
2821 4467 3062 4520 seniores
3091 4481 3280 4522 omnes
3311 4468 3478 4523 Israel

241 4533 540 4600 ἐδείματο,
597 4533 804 4594 πάντας
854 4536 979 4596 τοὺς
1028 4537 1436 4605 πρεσϐυτέρους
1493 4540 1708 4610 Ἰσραὴλ
1757 4543 1815 4593 ἐν

1919 4549 1973 4602 in
2008 4548 2134 4603 Sion
2169 4551 2360 4617 coegit,
2395 4561 2452 4604 ut
2485 4568 2668 4605 arcam
2706 4555 2914 4610 Domini
2948 4555 3222 4612 deferrent
3249 4559 3317 4614 de
3346 4561 3481 4614 civi-

1924 4646 2029 4690 tate
2064 4637 2254 4699 David,
2297 4640 2344 4689 id
2379 4650 2461 4693 est
2497 4645 2561 4692 de
2597 4641 2757 4708 Sion;
2798 4646 3142 4715 tuleruntque
3175 4651 3484 4704 sacerdotes

1922 4742 2101 4780 aream
2149 4738 2203 4781 et
2253 4732 2654 4786 tabernaculum
2709 4737 3038 4799 testimonii,
3088 4753 3149 4790 ac
3197 4741 3484 4808 portabant

1923 4833 2063 4881 eam,
2097 4831 2208 4871 tum
2244 4825 2578 4886 sacerdotes,
2615 4836 2724 4876 tum
2761 4823 2964 4880 Levita:
2999 4848 3010 4882 :
3045 4843 3245 4897 rexque
3277 4840 3331 4883 et
3364 4846 3484 4883 om-

1924 4908 2008 4960 nis
2047 4909 2276 4978 pepultts
2311 4926 2438 4966 ante
2473 4931 2652 4968 art-ani
2687 4919 3094 4984 gradiebantur,
3131 4935 3192 4974 ac
3230 4921 3390 4976 baves
3431 4934 3485 4976 et

1922 5014 2052 5055 oves
2085 5002 2504 5060 innumerabiles
2541 5007 2886 5064 immolabant
2919 5034 2930 5065 :
2965 5028 3027 5067 ac
3063 5017 3272 5068 tandem
3307 5029 3488 5069 sacer-

1923 5093 2075 5147 dotes
2110 5109 2289 5148 arcam
2324 5097 2542 5152 hederis
2571 5099 2778 5154 Domini
2815 5102 2865 5156 in
2900 5103 3074 5158 locum
3107 5119 3261 5159 suum
3291 5105 3484 5160 intule-

1925 5192 2071 5246 runt,
2099 5183 2150 5236 in
2181 5187 2456 5240 oraculum
2484 5189 2696 5255 domus,
2723 5190 2775 5245 in
2806 5192 3003 5247 Sancta
3033 5205 3359 5255 sanctorum,
3389 5197 3488 5250 sub

1924 5273 2024 5328 alis
2055 5276 2411 5332 (lbet-ubiuis“
2443 5300 2454 5333 :
2490 5282 2560 5334 ita
2589 5298 2803 5351 quoque
2831 5287 2896 5338 ad
2928 5287 3298 5352 deponendam
3327 5289 3488 5358 spiri-

1926 5366 2085 5420 talem
2113 5383 2295 5424 ari-am
2315 5413 2329 5434 ,
2364 5389 2465 5426 non
2497 5373 2716 5428 [uelleris
2745 5375 2984 5444 Domini,
3017 5380 3109 5433 sed
3142 5395 3382 5447 personae
3411 5381 3490 5448 ip-

1922 5460 2036 5514 sius
2063 5459 2156 5514 Dei
2178 5459 2358 5525 Verbi,
2387 5480 2556 5520 novus
2580 5466 2696 5536 ipse
2721 5468 2994 5536 Salomon,
3019 5473 3110 5541 qui
3135 5481 3217 5527 est
3241 5474 3494 5542 princeps

1999 5761 2050 5828 (-i
2061 5762 2109 5829 7)
2143 5762 2292 5818 Colb.
2324 5768 2458 5818 τότε.
