4170 6454
737 367 846 431 739

1926 378 1985 438 ὃ.
2023 376 2344 438 JOANNIS
2383 377 2808 437 DAMASCENI

3917 374 4016 438 7i?!

733 488 906 556 pacis,
930 485 1522 558 prmstantissimusque
1547 488 1782 544 universi
1809 488 2027 554 artifex,
2052 499 2164 543 tum
2189 503 2303 541 caa-

2408 488 2509 558 τῆς
2530 490 2726 560 νοερᾶς
2751 487 3010 558 κιϐωτοῦ,
3035 490 3098 543 οὐ
3132 491 3401 563 διαθήκης
3427 494 3656 565 Κυρίου,
3684 496 3784 549 ἀλλ
3833 497 4004 568 αὐτῆς

733 578 951 634 lestium
989 582 1248 634 mentium
1287 583 1487 638 mundo
1519 583 1861 636 sublimiores
1899 583 2154 646 ordines,
2192 591 2305 634 tum

732 673 1018 741 primarios
1038 672 1170 728 Novi
1191 673 1522 729 Testamenti
1559 677 1723 738 viros,
1756 676 1859 728 hoc
1892 683 1974 728 est
2009 674 2307 742 apostolos,

733 778 837 816 una
871 779 993 817 cum
1024 766 1272 819 universa
1302 775 1609 820 sanctorum
1637 767 1729 834 qui
1758 765 2147 836 Hierosolymis
2175 781 2306 834 age-

729 855 858 909 bant
885 856 1060 925 plebe,
1087 858 1348 912 hodierno
1370 858 1459 911 die
1484 858 1535 912 in
1562 874 1722 911 unum
1748 859 1944 926 coegit.
1970 858 2046 913 Ac
2070 860 2304 913 animam

730 948 948 1013 quidem
983 949 1034 1002 in
1061 949 1256 1004 Sancta
1287 959 1621 1016 sanctorum,
1655 953 1707 1003 in
1736 951 2065 1019 exemplaria
2095 968 2172 1005 vc.
2192 969 2220 1005 a
2253 962 2308 1006 et

729 1037 970 1091 coelestia
1011 1055 1107 1108 per
1139 1039 1359 1108 angelos
1398 1039 1714 1105 introducit,
1753 1055 1817 1094 ac
1851 1043 1951 1094 sub
1988 1042 2300 1096 animalium

729 1130 1098 1198 quadruplicis
1135 1129 1324 1186 forma:
1363 1133 1462 1184 alis
1502 1147 1621 1185 eam
1664 1133 1961 1197 eollocans,
2003 1149 2099 1187 suo
2139 1135 2304 1202 ipsius

731 1220 922 1272 throno
955 1221 1007 1272 in
1042 1221 1295 1276 interiore
1319 1222 1484 1292 876
1509 1221 1791 1276 velaminis
1825 1233 1977 1292 parte
2007 1223 2168 1288 sistit,
2195 1239 2303 1294 quo

728 1321 1029 1373 prmenrsor
1065 1310 1181 1377 ipse
1212 1309 1460 1363 Christus
1494 1310 1851 1377 corporaliter
1885 1311 2160 1379 ingressus
2193 1321 2298 1367 est.

726 1399 934 1466 Corpus
971 1409 1150 1454 autem
1184 1399 1551 1469 apostolorum
1589 1400 1837 1453 ntanibus
1869 1410 2135 1466 gestatur,
2158 1401 2303 1470 Rege

725 1507 910 1562 regum
934 1479 1228 1546 invisibilis
1255 1507 1366 1546 suae
1396 1492 1613 1545 deitatis
1651 1491 1936 1560 splendore
1965 1507 2084 1546 eam
2112 1503 2301 1547 eonte-

723 1594 903 1652 gente,
927 1594 980 1637 et
1007 1584 1262 1638 universo
1290 1593 1603 1638 sanctorum
1632 1592 1772 1637 οωιυ
1803 1594 2098 1652 praeeunte,
2126 1594 2180 1639 οι
2207 1599 2301 1653 per

723 1687 1000 1728 sacrarum
1037 1688 1228 1727 vocum
1263 1674 1641 1738 emissionem,
1678 1673 1850 1728 laudis
1883 1675 2208 1729 sacriﬁcium
2244 1675 2296 1728 in

726 1763 949 1828 tumulo,
991 1773 1245 1832 tanquam
1283 1765 1336 1816 in
1375 1765 1628 1823 thalmno,
1666 1764 2033 1827 sacriﬁcante,
2070 1779 2163 1832 per
2199 1764 2294 1830 ip-

2415 580 2518 649 τῆς
2552 580 2646 632 τοῦ
2676 581 2812 632 Θεοῦ
2853 582 3029 650 Λόγου
3075 585 3458 648 ὑποστάσεως,
3492 588 3652 650 αὐτὸς
3685 590 3712 639 ό
3740 590 3863 648 νέος
3897 589 3996 640 Σο-

2414 667 2619 738 λομὼν,
2651 670 2680 720 ὁ
2709 668 3067 741 είρηνάρχης,
3113 672 3206 725 καὶ
3238 673 3332 726 τοῦ
3363 675 3562 738 παντὸς
3606 676 4004 746 ἀριστοτέχνης

2411 760 2520 812 τῶν
2562 762 2833 830 οὐρανίων
2868 764 3008 815 νόων
3051 765 3118 817 τὰ
3169 766 3516 837 ὑπερκόσμια
3565 769 3853 837 τάγματα,
3909 789 4004 825 και

2411 850 2509 920 τῆς
2531 851 2674 914 Νέας
2689 852 2965 923 Διαοήκης
2985 854 3112 918 τοῦς
3139 855 3500 925 προῦχοντας,
3525 860 3646 922 τοῦς
3669 861 4004 922 ἀποστόλους

2411 943 2557 1011 φημὶ
2578 981 2594 1006 ,
2628 943 2726 996 σῦν
2761 944 2924 996 παντὶ
2953 943 3029 1014 τῷ
3061 947 3118 997 ὲν
3161 945 3512 1018 Ἰερουσαλὴμ
3539 949 3647 1001 τῶν
3680 949 3856 1016 ἀγξων
3888 949 4002 1019 λαῷ

2417 1033 2659 1103 σήμερον
2687 1035 3047 1103 ἡκκλησίασε,
3079 1035 3173 1088 καὶ
3195 1036 3291 1108 την
3318 1037 3417 1107 μὲν
3445 1038 3623 1109 ψυχὴν
3651 1040 3719 1092 δι’
3749 1039 4004 1107 ἀγγέλων

2409 1124 2491 1187 είς
2519 1124 2589 1177 τὰ
2614 1125 2788 1193 ’Ἅγια
2815 1126 2921 1178 τῶν
2947 1127 3140 1194 ἁγίων,
3171 1128 3240 1180 τὰ
3264 1129 3548 1200 ἀρχέτυπα
3567 1131 3631 1182 τὰ
3648 1130 3883 1200 ἀληθινὰ
3911 1130 4004 1183 καὶ

2411 1215 2646 1285 οὐράνια
2696 1216 3072 1282 εἰσοικίζεται,
3123 1219 3212 1270 ἐπ’
3249 1221 3421 1280 αὐτὰς
3448 1222 3556 1273 τῶν
3595 1223 4004 1292 τετραμόρφων

2405 1303 2560 1370 ζώων
2594 1309 2693 1371 τὰς
2727 1307 3045 1378 πτέρυγας,
3097 1309 3191 1363 καὶ
3240 1309 3317 1380 τῷ
3367 1312 3562 1365 ἑαυτοῦ
3612 1316 4004 1383 παρεστήσατο

2404 1397 2577 1468 Θρόνῳ
2601 1439 2615 1460 ,
2649 1400 2728 1464 είς
2760 1400 2818 1452 τὸ
2846 1401 3124 1470 ἐνδότερον
3155 1401 3251 1453 τοῦ
3286 1405 3784 1473 καταπετάσματος
3805 1445 3820 1467 ,
3852 1405 3992 1456 ὅπου

2403 1489 2708 1560 πρόδρομος
2759 1491 2921 1554 αὐτὸς
2963 1492 3197 1562 Χριστὸς
3247 1494 3574 1562 σωματικῶς
3626 1494 3956 1565 εἰσελήλυθε
3986 1513 3999 1525 ·

2406 1581 2468 1634 τὸ
2495 1582 2550 1633 δὲ
2575 1582 2734 1652 σῶμα
2763 1585 2886 1646 ταῖς
2914 1583 3021 1635 τῶν
3047 1585 3360 1638 ἀποστόλων
3391 1587 3548 1656 χερσὶ
3575 1589 4001 1655 προκομίζεται,

2400 1675 2494 1726 τοῦ
2528 1675 2801 1738 Βασιλέως
2847 1677 2952 1728 τῶν
2997 1675 3388 1744 βασιλευόντων
3429 1677 3909 1771 συγκαλύπτοντος
3937 1682 4001 1747 τῇ

2401 1768 2563 1837 αἴγλῃ
2609 1769 2708 1837 τῆς
2763 1769 3000 1838 ἀοράτου
3047 1768 3329 1838 θεότητος,
3383 1771 3477 1822 καὶ
3508 1768 3709 1833 παντὸς
3761 1772 3858 1823 τοῦ
3891 1772 4002 1824 τῶν

724 1868 838 1904 sum
869 1851 920 1904 in
953 1851 1157 1906 deliciis
1187 1851 1373 1918 Edem,
1401 1854 1560 1922 inque
1587 1853 1898 1908 coelestibus
1938 1852 2302 1908 tabernaculis

2408 1858 2575 1924 ἁγίων
2620 1859 2974 1928 συστήματος
3007 1862 3440 1929 προτρεχόντων,
3485 1862 3577 1914 καὶ
3619 1865 3772 1933 ἱερὰς
3802 1862 4002 1931 ἀφίεν-

724 1941 1041 1995 collocatur.

1727 2034 1842 2057 .--f:
1885 2037 1942 2057 __-2
1993 2038 2089 2057 _:-
2132 2036 2219 2057 ἰτ-9

2408 1967 2518 2002 των
2564 1949 2693 2019 βοὰς
2729 1950 2865 2017 (48),
2907 1951 3003 2004 καὶ
3048 1949 3286 2003 Θύοντων
3318 1951 3512 2004 θυσίαν
3547 1954 3812 2016 αίνέσεως
3840 1992 3854 2017 ,
3889 1955 4004 2016 Ξως

722 2036 798 2098 ὼς
847 2034 1076 2088 παστάδι
1107 2033 1182 2105 τῷ
1213 2033 1402 2106 τάφῳ,
1432 2035 1526 2088 καὶ
1568 2034 1634 2087 δι’
1681 2034 1846 2089 αὐτοῦ
1882 2037 1946 2106 τῇ
1989 2038 2091 2105 τῆς
2132 2036 2292 2107 Ἐδὲμ
2315 2045 2515 2112 τρυφῇ,
2558 2042 2650 2094 καὶ
2695 2041 2967 2110 οὐρανίοις
3001 2042 3303 2112 ὲναπετέθη
3337 2042 3682 2114 σκηνώμασι.

799 2145 879 2199 15.
923 2143 1160 2198 Aderant
1201 2143 1337 2198 forte
1376 2146 1540 2198 etiam
1588 2161 1654 2200 ex
1694 2144 1916 2212 Judaeis,
1963 2148 2009 2201 si
2054 2149 2144 2216 qui
2189 2163 2294 2202 non

724 2235 1010 2288 admodum
1046 2234 1271 2304 improbi
1301 2235 1658 2290 exsistebant.
1688 2237 1767 2289 Ab
1803 2250 1860 2290 re
1888 2251 2019 2292 vero
2049 2253 2152 2291 non
2180 2249 2294 2304 est,

725 2330 826 2383 hoc
862 2327 963 2381 loci
1003 2327 1232 2398 aliquid,
1269 2328 1410 2396 quod
1449 2327 1741 2381 tmtltorum
1777 2343 2028 2383 sermone
2063 2331 2298 2384 circnm-

725 2416 916 2477 fertnr,
948 2415 1071 2470 huic
1103 2415 1400 2469 narrationi
1437 2425 1695 2486 tanquam
1729 2418 2136 2473 condimentum
2167 2421 2300 2473 edn-

726 2507 842 2570 liis,
875 2507 1194 2561 admiscere.
1227 2509 1394 2562 Aiunt
1427 2507 1568 2562 enim
1589 2547 1603 2573 ,
1637 2523 1758 2562 cum
1793 2511 1860 2564 ad
1898 2511 2097 2566 montis
2127 2512 2301 2580 crepi-

724 2599 901 2649 dinem
933 2597 1235 2662 venissent,
1265 2599 1358 2665 qui
1395 2600 1613 2652 beatum
1647 2598 1741 2654 Dei
1775 2600 2072 2655 Genitricis
2103 2616 2301 2671 corpus

725 2689 1028 2756 gestabant,
1057 2687 1342 2743 Hebraeum
1369 2692 1656 2757 quemdam
1686 2693 1890 2758 peccati
1917 2708 2159 2758 servum,
2182 2695 2301 2761 qui-

725 2794 829 2846 que
860 2777 1035 2832 ftndus
1063 2795 1185 2832 cum
1218 2793 1405 2832 errore
1433 2780 1732 2847 pepigerat,
1765 2780 1914 2834 illum
1945 2781 2166 2851 Caiphae
2198 2784 2300 2836 mi-

726 2870 977 2932 nistram,
999 2872 1088 2938 qui
1125 2869 1457 2924 Dominicam
1491 2871 1839 2940 divinamque
1868 2872 2068 2926 Christi
2100 2872 2193 2926 Dei
2225 2877 2305 2926 fa-

726 2960 864 3014 ciem
897 2964 1049 3029 alapa
1077 2961 1370 3024 ceciderat,
1404 2962 1737 3027 imitantem,
1771 2963 2096 3018 diabolicum
2132 2963 2303 3018 factus

725 3061 871 3105 esset
899 3067 1185 3119 organum,
1216 3054 1507 3106 temerario
1537 3055 1906 3122 praecipitique
1934 3069 1998 3109 ac
2028 3055 2299 3110 diabolieo

2477 2162 2564 2222 ιγ’.
2596 2156 2858 2226 Παρῆσαν
2893 2155 2947 2207 δὲ
2974 2155 3135 2225 τυχὸν
3174 2156 3272 2209 καὶ
3311 2156 3576 2218 Ἰουδαῖοι,
3611 2158 3727 2210 ὅσοι
3768 2157 3844 2226 μὴ
3877 2157 4004 2210 λίαν

2403 2242 2739 2313 ἀγνώμονες.
2771 2245 2883 2313 υύχ
2908 2238 3020 2297 οἷον
3049 2244 3105 2297 δὲ
3131 2284 3146 2308 ,
3186 2244 3374 2316 ὥσπερ
3399 2246 3515 2315 ὄψῳ
3545 2247 3913 2316 παράρτνμα,
3945 2248 4005 2298 τὸ

2397 2339 2512 2399 τοῖς
2568 2335 2782 2388 πολλῶν
2831 2321 3268 2407 περιφερόμενον
3315 2337 3518 2407 χείλεσι
3569 2336 3877 2407 προσμίξαι
3922 2336 4003 2406 τῷ

2397 2428 2721 2498 διηγήματι.
2747 2428 2885 2480 Φασὶ
2905 2426 3033 2497 γὰρ,
3069 2428 3158 2481 ὅτε
3193 2428 3331 2498 πρὸς
3363 2430 3430 2499 τῇ
3455 2427 3758 2482 καταϐάσει
3794 2445 4006 2480 κατανο

2397 2519 2524 2581 τοῦς
2557 2521 2716 2591 ὅρους
2751 2520 3034 2588 γεγόνασιν
3065 2521 3113 2572 oi
3143 2521 3204 2573 τὸ
3242 2521 3515 2592 μακάριον
3547 2520 3707 2589 σῶμα
3741 2519 3842 2587 τῆς
3863 2521 4004 2571 Bae-

2400 2614 2638 2682 μήτορος
2671 2613 2938 2682 αἴροντες,
2985 2611 3234 2683 Ἐϐραίόν
3274 2629 3394 2664 τινα
3433 2613 3534 2681 τῆς
3564 2613 3841 2681 ἁμαρτίας
3872 2611 4004 2664 δοῦ·

2405 2705 2521 2770 λον,
2576 2705 2671 2757 καὶ
2708 2705 2806 2773 τῆς
2857 2704 3067 2773 πλάνης
3099 2704 3453 2767 ὑπόσπονδον,
3494 2705 3586 2756 τὸν
3639 2702 3732 2756 τοῦ
3767 2704 4005 2770 Καῖαςσ.

2407 2793 2625 2862 οἰκέτην
2659 2793 3019 2863 μιμούμενον,
3063 2793 3121 2855 ὃς
3149 2793 3212 2845 τὸ
3242 2793 3571 2845 Δεσποτικὸν
3605 2794 3699 2844 καὶ
3726 2792 3870 2845 οεῖον
3908 2792 4004 2844 τοῦ

2407 2881 2647 2951 Χριστοῦ
2693 2882 2788 2934 τοῦ
2835 2883 2972 2935 Θεοῦ
3023 2882 3178 2952 ἡμῶν
3219 2884 3490 2953 ὲρῤἀπικε
3546 2886 3863 2951 πρόσωπον,
3901 2884 4004 2934 καὶ

2407 2973 2662 3026 διαϐόλου
2697 2973 2988 3043 γενόμενον
3017 2974 3270 3044 δργανον,
3305 2973 3535 3042 θρασείᾳ
3565 2973 3714 3043 ῥύμῃ
3742 2973 3840 3024 καὶ
3871 2973 4006 3026 ἁλο-

2407 3061 2578 3128 γίστῳ
2600 3060 2917 3129 φερόμενον,
2949 3062 3042 3113 καὶ
3070 3063 3210 3132 φορᾷ
3245 3061 3597 3130 κακοδαίμονι
3621 3063 4006 3130 αὐτομολῆσαι

729 3145 930 3212 impetu
966 3145 1328 3208 concitatum,
1359 3145 1413 3199 in
1447 3146 1846 3199 divinissimum
1883 3146 2008 3200 illud
2043 3149 2298 3201 taberna-

2408 3149 2542 3222 πρὸς
2571 3152 2749 3202 ὲκεῖνο
2780 3151 2840 3202 τὸ
2865 3151 3142 3204 θειότατον
3168 3152 3454 3220 σκήνωμα,
3489 3145 3532 3216 ᾧ
3557 3151 3793 3212 δεδίοτες
3822 3168 4006 3222 προσ-

727 3238 929 3299 culum,
967 3237 1033 3288 ad
1068 3234 1209 3302 quod
1251 3235 1423 3304 angeli
1467 3250 1572 3288 non
1615 3235 1731 3289 sine
1769 3247 1913 3288 metu
1947 3238 2298 3303 accedebant,

729 3331 988 3392 irruisse,
1023 3338 1406 3396 arreptumque
1443 3337 1674 3395 utraque
1711 3342 1872 3380 tnanu
1911 3328 2173 3381 lectulum
2209 3342 2302 3381 ve-

729 3436 861 3476 sane
890 3437 952 3473 ac
983 3419 1182 3472 furiose
1209 3419 1261 3472 in
1295 3428 1493 3472 terram
1524 3417 1830 3472 detraxisse
1861 3417 2102 3488 (invidiae
2133 3418 2302 3471 malo-

731 3528 850 3565 rum
875 3509 1108 3561 auctoris
1133 3509 1217 3562 hic
1238 3516 1462 3562 conatus
1482 3507 1840 3573 erat),vernm
1866 3507 2072 3562 fructus
2094 3508 2303 3564 labores

732 3601 1027 3672 praecessit.
1064 3600 1422 3668 acerbamque
1457 3613 1614 3652 uvam
1652 3601 1930 3668 proposito
1962 3614 2059 3654 suo
2085 3601 2300 3670 dignam

733 3693 966 3761 collegit.
1004 3691 1262 3745 Orbatum
1303 3689 1446 3744 enim
1489 3689 1661 3745 fuisse
1702 3691 1951 3745 manibus
1990 3690 2192 3745 ferunt.
2229 3695 2305 3744 Ac

733 3799 958 3841 cernere
987 3793 1104 3837 erat
1135 3781 1396 3836 facinoris
1427 3783 1674 3835 manibus
1706 3782 1940 3850 propriis
1970 3791 2300 3850 patratorem

735 3876 985 3929 inanibus
1015 3873 1300 3926 confestim
1326 3881 1597 3925 carentem
1629 3889 1644 3925 :
1671 3871 1848 3939 quoad
1883 3881 2115 3925 mentem
2145 3885 2300 3924 suam

737 3968 840 4020 tide
868 3979 929 4018 ac
959 3963 1269 4033 paenitentia
1300 3971 1575 4015 mutasset.
1602 3961 1855 4016 Protinus
1886 3962 1957 4016 illi
1991 3964 2080 4030 qui
2113 3964 2306 4031 graba-

737 4069 848 4110 tum
886 4056 1207 4124 portabant,
1241 4063 1537 4119 steterunt,
1571 4065 1627 4108 et
1664 4057 1828 4108 miser
1862 4055 1950 4108 ille
1985 4055 2076 4124 qui
2116 4071 2306 4110 manus

735 4150 1012 4212 amiserat,
1041 4147 1106 4202 iis
1133 4147 1483 4201 tabernaculo
1508 4148 1761 4209 admotis,
1789 4149 1930 4216 quod
1957 4149 2079 4202 vita:
2108 4149 2307 4217 princi-

737 4244 883 4308 pium
913 4238 1030 4302 t'uit,
1059 4239 1534 4308 prodigiorumqne
1565 4238 1681 4291 fons
1709 4248 1846 4301 erat,
1875 4240 2304 4294 incolumitatem

739 4344 928 4384 rursus
972 4340 1296 4383 consecutus
1337 4338 1440 4382 est.
1487 4328 1785 4384 Calamitas
1829 4331 1972 4383 enim
2023 4331 2306 4399 prudentia

739 4420 1102 4489 salutariaque
1125 4420 1349 4474 consilia
1366 4435 1573 4488 parere,
1601 4420 1979 4489 utplurimum,
2003 4423 2305 4477 consuevit.

741 4513 939 4568 Verum
969 4514 1036 4566 ad
1067 4513 1369 4567 institutam
1402 4513 1702 4566 orationem
1737 4521 2093 4567 revertamur.

811 4604 902 4657 M.
944 4602 1079 4655 llinc
1117 4602 1184 4654 ad
1223 4602 1650 4656 sacratissimam
1691 4601 2087 4657 Gethsemanen
2134 4602 2310 4656 defer-

745 4702 852 4758 tur,
884 4691 972 4745 ubi
1009 4705 1194 4744 rursus
1223 4690 1405 4745 oscula
1437 4700 1493 4745 et
1527 4693 1862 4760 complexus,
1897 4708 2083 4746 rursus
2101 4695 2312 4760 laudes,

745 4782 1036 4854 bymnique
1077 4781 1242 4844 sacri,
1284 4791 1339 4834 et
1377 4781 1651 4852 lacrymze,
1689 4798 1751 4837 ex
1792 4799 1992 4852 angore
2025 4796 2079 4839 et
2115 4785 2310 4839 calenti

743 4886 926 4928 amore
955 4868 1211 4923 sudorum
1243 4870 1502 4924 scatebrae
1529 4880 1810 4925 manantes
1839 4889 1852 4925 :
1883 4886 1946 4924 ac
1969 4873 2153 4924 videre
2183 4872 2312 4925 lice-

743 4965 832 5018 bat
868 4963 1095 5018 sudores
1135 4970 1189 5015 et
1225 4961 1492 5031 lacrymas
1529 4962 1746 5017 ﬂuentis
1785 4964 1895 5016 suis
1932 4973 2115 5016 mutuo
2149 4961 2313 5016 veluti

743 5051 1042 5106 certamine
1065 5050 1459 5103 conllictantes.
1479 5050 1655 5117 Atque
1681 5051 1751 5102 ita
1775 5050 2170 5104 sanctissimum:
2196 5063 2316 5103 cor-

745 5158 843 5210 pus
884 5141 1188 5194 clarissimo
1235 5139 1789 5209 prmstantissimoqne
1834 5140 2040 5193 tumulo
2086 5135 2316 5208 imponi-

745 5246 868 5297 tur;
904 5232 1043 5285 unde
1077 5230 1256 5284 triduo
1287 5241 1405 5299 post
1435 5231 1486 5283 in
1517 5231 1685 5284 etelos
1715 5232 2000 5285 attollitur.
2037 5231 2310 5299 Siquidem

746 5323 981 5375 divinum
1026 5322 1154 5374 illnd
1194 5321 1524 5375 domicilium
1551 5361 1564 5387 ,
1608 5322 1752 5374 illum
1798 5323 2017 5376 minime
2058 5320 2309 5376 eﬂossunt

743 5428 896 5482 aquae
942 5414 1272 5467 rendssionis
1312 5413 1545 5478 fontem,
1589 5414 1856 5468 inaratum
1897 5413 2024 5467 illud
2069 5414 2308 5469 caelestis

743 5504 899 5571 panis
929 5520 1140 5570 arvum,
1170 5506 1312 5560 illam
1343 5521 1611 5574 nunquam
1644 5506 1921 5576 irrigatam
1952 5520 2064 5560 uvze
2092 5507 2314 5560 immor-

815 5686 924 5754 (ιε)
959 5685 1022 5738 R.
1061 5687 1241 5754 φωνάς

810 5753 922 5826 (19)
955 5754 1020 5810 ﬂ.
1062 5753 1257 5824 φθόνῳ.

2405 3241 2550 3292 ίεσαν
2589 3241 2830 3308 ἄγγελοι,
2858 3242 2952 3293 καὶ
2978 3243 3178 3310 ἀμφοῖν
3215 3241 3306 3293 τοῦ
3341 3241 3647 3310 κραὸϐἀτον
3672 3247 3794 3293 ταῖν
3819 3246 4009 3311 χεροῖν

2414 3331 2661 3399 μανικῶς
2705 3332 2803 3382 καὶ
2853 3331 3132 3400 ἐκφρὸνως
3185 3331 3523 3398 δραξάμενον
3575 3330 3875 3384 καθέλκειν
3925 3333 4008 3394 εἰς

2400 3419 2698 3489 τοῦδαφος·
2755 3421 2950 3489 φθόνον
2999 3421 3111 3488 (49)
3177 3421 3270 3473 τοῦ
3320 3422 3629 3490 ἁρχεκάκου
3687 3423 3785 3474 καὶ
3843 3421 4009 3474 τοῦτο

2401 3511 2663 3581 ὅρμημα,
2693 3509 2806 3561 ἀλλ’
2833 3513 2860 3563 6
2893 3511 3104 3580 καρπὸς
3135 3511 3242 3562 τῶν
3287 3511 3466 3564 πόνων
3509 3511 3828 3580 προέφθασε
3855 3551 3872 3575 ,
3909 3514 4009 3568 καὶ

2405 3599 2600 3670 βότρυν
2646 3601 2839 3670 πικρὸν
2889 3601 2982 3654 καὶ
3050 3601 3278 3664 ἐπάξιον
3323 3601 3422 3670 τῆς
3469 3603 3674 3665 οἰκείας
3727 3605 4008 3673 ἐτρύγησε

2413 3695 2810 3764 προαιρέσεως.
2869 3695 3270 3748 Ἑκλελοιπέναι
3319 3698 3430 3767 γὰρ
3462 3697 3625 3750 αὑτὸν
3667 3697 3765 3758 τας
3804 3704 4004 3769 χεῖρας

2406 3784 2812 3854 διαγορεῦουσι.
2853 3784 2965 3836 Καὶ
2990 3780 3058 3852 ἦν
3100 3784 3227 3834 ἰδεῖν
3266 3782 3364 3834 τοῦ
3397 3783 3599 3836 ἀτόπου
3642 3784 4003 3854 τολμήματος

2407 3876 2498 3929 τὸν
2533 3877 2825 3945 αὐτόχειρα
2855 3875 3050 3945 ἀθρόον
3083 3875 3431 3944 δεικνύμενον
3462 3877 3677 3945 ἄχειρα.
3722 3877 3834 3939 ἕως
3864 3879 4004 3947 προς

2407 3967 2590 4019 πίστιν
2615 3965 2714 4036 τὴν
2743 3967 2972 4038 γνώμην
3009 3966 3296 4036 μετέϐαλε,
3335 3968 3427 4020 καὶ
3461 3969 3787 4036 μετάμελον.
3840 3970 4003 4036 Ἀμε-

2408 4057 2532 4126 λητὶ
2569 4057 2678 4127 γὰρ
2727 4058 2776 4108 οἱ
2804 4059 2893 4108 τὸν
2941 4057 3252 4125 κράϐὁατον
3293 4058 3557 4126 φέροντες
3595 4059 3865 4126 ἔστησαν,
3906 4061 4000 4111 καὶ

2406 4148 2617 4211 ἐπιθεὶς
2650 4148 2732 4200 τὼ
2777 4151 2927 4218 χεῖρε
2959 4150 2985 4200 ό
3015 4149 3248 4209 δείλαιος
3286 4148 3365 4218 τῷ
3396 4149 3689 4218 ζωαρχικῷ
3717 4152 3818 4201 καὶ
3873 4151 4000 4202 θαυ-

2411 4239 2730 4309 μαστοτὸκῳ
2759 4239 3102 4308 σκηνώματι,
3149 4239 3287 4300 σῶος
3338 4233 3493 4302 αὖθις
3523 4240 3586 4290 ἐκ
3617 4240 4002 4312 κολοῧύχειρος

2408 4330 2635 4398 γίνεται.
2655 4331 2976 4383 Ἐπίσταται
3007 4329 3116 4400 γὰρ
3141 4330 3216 4393 ὡς
3241 4330 3308 4383 τὰ
3339 4330 3510 4383 πολλὰ
3542 4331 3633 4382 καὶ
3664 4333 3999 4399 περίστασις

2418 4422 2532 4474 σῶα
2574 4422 2665 4475 καὶ
2707 4424 2952 4493 σωτήρια
3005 4422 3158 4474 κύειν
3199 4423 3564 4491 βοῦλεὺματα.
3635 4422 3776 4473 Ἀλλ’
3815 4425 3916 4475 ἐπὶ
3948 4426 4000 4476 τὸ

2414 4515 2771 4584 προκείμενον
2800 4515 3305 4585 παλινοστήσωμεν.

2485 4607 2566 4660 ιδ’.
2615 4596 2898 4660 Ἐντεῦθεν
2930 4606 3064 4676 πρὸς
3089 4606 3186 4676 τὴν
3209 4605 3534 4676 Γεθσημανὴ
3564 4607 3662 4676 τὴν
3688 4607 4000 4676 ἱερωτάτην

2412 4697 2712 4764 κατάγεται
2733 4714 2746 4727 ο
2782 4697 2942 4749 πάλιν
2965 4715 3022 4749 τε
3055 4698 3338 4765 ἀσπασμοὶ
3370 4698 3461 4751 καί
3496 4697 3857 4766 περιττλοκαὶ,
3900 4705 3991 4750 καὶ

2413 4785 2580 4837 πάλιν
2633 4785 2920 4854 ἐγκώμια,
2972 4785 3130 4854 ὕμνοι
3176 4787 3348 4856 ἱεροὶ,
3391 4787 3485 4840 καὶ
3520 4787 3857 4856 ἀνακλήσεις
3915 4791 4002 4842 καὶ

2409 4876 2642 4945 δάκρυα,
2669 4877 2725 4940 ἐξ
2762 4877 2998 4942 ἀγωνίας
3029 4876 3123 4928 καὶ
3153 4877 3315 4928 πόθου
3358 4880 3580 4947 κρουνοὶ
3618 4879 3864 4946 ἱδρώτων
3915 4898 4002 4931 1::-

2421 4967 2779 5039 ριρρεόμενσι⁸
2842 4968 2932 5019 καὶ
2992 4967 3101 5035 [50)
3151 4963 3217 5036 ἦν
3269 4969 3392 5020 ἰδεῖν
3451 4968 3682 5039 ἱδρῶτας
3756 4972 3864 5021 καὶ
3924 4973 4001 5025 δα-

2417 5072 2561 5125 κρυα
2606 5060 2715 5119 τοῖς
2785 5057 3052 5127 χεύμασιν
3104 5057 3479 5126 ἁμιλλώμενα.
3545 5060 3654 5111 Καὶ
3704 5060 3891 5120 οὕτως
3948 5061 4000 5111 τι

2418 5147 2682 5212 πανάγιον
2738 5146 2897 5216 σῶμα
2949 5148 3029 5217 τῷ
3061 5148 3386 5201 πανευκλεεῖ
3436 5150 3528 5202 καὶ
3577 5150 3854 5219 ὑπερφυεῖ
3889 5152 3997 5219 (Si)

3080 5237 3379 5291 κάντεῦθεν
3427 5242 3664 5306 τριταῖον
3722 5239 3862 5307 πρὸς
3917 5241 3998 5293 οὶ-

2437 5327 2652 5396 ρανίους
2712 5327 2907 5394 δόμους
2977 5328 3389 5400 μετεωρίζεται.
3464 5330 3607 5381 Ἔδει
3669 5329 3778 5399 γὰρ
3838 5330 3999 5381 τοῖτο

2414 5416 2473 5468 τὸ
2503 5415 2804 5483 Θεοπρεπὲς
2849 5417 3168 5486 ἐνδιαίτημα
3209 5419 3307 5487 τὴν
3355 5418 3649 5488 ἀνόρυκτον
3680 5417 3868 5486 πηγὴν
3909 5418 3997 5468 τοῦ

2417 5236 2711 5288 ἐπιτίθεται
2748 5239 2989 5307 μνήματι
3016 5251 3030 5266 ⁸

2421 5507 2516 5576 τῆς
2549 5505 2796 5573 ἀφέσεως
2832 5505 3040 5572 ὓδατος,
3078 5507 3174 5577 τὴν
3209 5509 3470 5577 ἀνήροτον
3499 5509 3742 5578 ἄρουραν
3779 5506 3878 5558 τοῦ
3913 5511 3995 5559 LL-

2491 5684 2600 5751 (50)
2634 5682 2834 5736 Desunt
2861 5685 2972 5735 haec
3008 5683 3058 5736 in
3090 5681 3154 5736 li.

2501 5755 2610 5824 (5|)
2640 5752 2701 5808 Β.
2736 5751 2975 5822 ὑπερνεῖ.

4167 4789 4170 4926 γ
