4170 6454
226 401 325 466 ΤΗ

1013 405 1335 464 ΗΘΜΠᾸΑ
1381 405 1436 465 ΙΙ
1480 407 1559 467 IN
1602 408 2136 472 DORMITIONEM
2180 408 2347 474 Βῖν.
2389 416 2671 480 ΜᾹΒΙΑἘ.

3344 424 3449 487 ’742

213 519 395 590 ρανίου
423 518 585 589 ἄρτου
604 561 618 586 ,
646 519 744 588 τὴν
766 519 1092 591 ἀνάρδευτον
1126 522 1370 590 ἄμπελον
1396 523 1486 576 τοῦ
1528 525 1627 594 τῆς
1664 526 1772 595 ἀμ-

1879 526 1998 582 talis
2038 529 2283 593 vineam,
2325 528 2471 584 illam
2515 546 2758 600 paterna:
2802 518 3167 592 miserationis
3206 536 3449 606 olivam,

208 610 433 679 ὅροτίας
477 610 724 679 βότρυος,
777 611 876 679 τὴν
932 612 1189 682 ἁειθαλλῆ
1255 615 1351 667 καὶ
1404 614 1775 685 καλλίκαρπον

209 701 395 751 ἐλαίαν
431 701 523 753 τοῦ
554 701 822 770 πατρικοῦ
868 702 1047 755 ἐλαίου
1086 704 1232 772 (52),
1271 707 1386 767 τοῖς
1421 708 1647 757 κενεῶσι
1678 707 1775 775 τῆς

206 791 311 858 γῆς
348 791 418 859 μὴ
466 790 849 861 καθείργεσθαι
876 806 889 821 ·
942 791 1056 844 ἀλλ’
1089 792 1276 862 ὥσπερ
1318 794 1378 845 τὸ
1407 793 1465 855 ἐξ
1496 793 1664 861 αὐτῆς
1698 792 1776 862 τῷ

205 883 326 950 Θεῴ
357 883 513 949 Λόγῳ
546 884 844 935 ἐνυποστέιν
891 884 1048 954 σῶμα
1076 885 1135 937 τὸ
1168 886 1322 951 ἅγιον
1349 887 1439 936 καὶ
1478 887 1771 954 ἀκήρατον,

202 976 272 1042 τῇ
310 973 467 1043 τρίτῃ
499 973 680 1044 ἡμέρᾳ
713 974 809 1026 τοῦ
844 977 1123 1046 μνήματος
1155 976 1505 1040 ἐξανίστατο,
1540 976 1680 1028 οὕτω
1708 976 1770 1046 δὴ

204 1066 299 1116 καὶ
329 1062 531 1134 ταύτην
562 1065 975 1136 ἐξαρπασθῆναι
1007 1067 1100 1120 τοῦ
1128 1068 1325 1136 τάφου,
1371 1069 1466 1120 καὶ
1507 1066 1643 1136 πρὸς
1682 1068 1772 1120 τὸν

206 1156 334 1206 Υίὸν
372 1155 469 1225 τὴν
506 1156 718 1223 μητέρα
752 1156 1201 1228 μεθαρμοσθῆναι
1228 1197 1242 1221 ,
1276 1159 1368 1209 καὶ
1392 1156 1578 1226 ὥσπερ
1610 1157 1773 1219 αὐτὸς

201 1247 344 1316 ⁹πρὸς
374 1246 541 1315 αὐτὴν
572 1247 967 1319 καταϐέϐηκεν,
998 1247 1172 1312 οὕτως
1212 1250 1381 1317 αὐτὴν
1408 1247 1504 1317 τὴν
1535 1246 1770 1317 προφιλῆ

204 1339 340 1409 πρὸς
377 1338 545 1409 αὐτὴν
594 1340 1002 1411 ἀναφέρεσθαι,
1040 1342 1139 1412 τὴν
1192 1341 1411 1411 μείζονα
1440 1344 1532 1394 καὶ
1574 1341 1770 1394 τελεω·

199 1432 377 1499 τέραν
411 1431 519 1499 (55)
570 1433 794 1502 σκηνὴν,
858 1436 937 1494 εἰς
988 1434 1152 1485 αὑτὸν
1196 1433 1288 1484 τὸν
1330 1422 1768 1503 οὐρανόν.’”Εδει

199 1520 302 1590 τὴν
352 1523 444 1574 τὸν
495 1522 624 1574 Θεὸν
681 1523 853 1590 Λόγον
909 1526 966 1576 ὲν
1013 1527 1077 1593 τῇ
1136 1525 1305 1595 αὐτῆς
1353 1526 1503 1596 νηδύι
1559 1524 1769 1589 ξενοδο-

200 1613 462 1680 χήσασαν,
508 1615 564 1664 ἐν
610 1616 729 1677 ταῖς
780 1614 873 1666 τοῦ
924 1616 1127 1685 ἑαυτῆς
1184 1617 1312 1668 Υίοῦ
1354 1618 1766 1687 κατοικισθῆναι

200 1706 461 1773 σκηναῖς·
506 1706 597 1755 καὶ
625 1704 813 1773 ὥσπερ
859 1707 887 1757 ὁ
944 1705 1147 1773 Κύριος
1186 1708 1406 1775 ἔφησεν,
1449 1707 1523 1769 ὡς
1568 1711 1625 1761 ἐν
1657 1710 1766 1772 τοῖς

196 1794 293 1846 τοῦ
316 1795 512 1847 οἰκείου
544 1796 751 1863 [ἰατρὸς
780 1792 915 1847 εἶναι
944 1797 1242 1865 ὀφείλεται,
1281 1802 1372 1849 καὶ
1400 1800 1499 1867 τὴν
1535 1800 1764 1869 Μητέρα

1877 620 2227 673 vernantibus
2261 630 2521 690 perpetuo
2556 622 2700 678 foliis
2734 624 3223 697 pulclierrimisque
3258 629 3437 683 fructi-

1875 710 1973 764 bus
1999 722 2268 777 onustam,
2297 721 2454 768 terrae
2477 716 2842 782 penetralibus
2868 719 3044 774 claudi
3073 722 3292 775 minime
3316 736 3449 775 con-

1872 804 2141 857 veniebat.
2170 804 2306 870 Quin
2338 806 2540 875 potius,
2570 807 2728 862 siculi
2759 819 3005 865 sanctum
3040 812 3444 883 incorruptum-

1873 907 1979 960 que
2019 894 2147 947 illud
2191 910 2407 964 corpus,
2454 896 2595 964 quod
2638 898 2777 953 Deus
2823 913 2887 954 ex
2935 915 2998 954 ea
3044 915 3285 969 personae
3336 917 3447 956 sua:

1873 981 2248 1049 copulaverat,
2288 985 2445 1039 tertia
2480 985 2565 1039 die
2599 1000 2629 1039 e
2663 998 3012 1044 monumento
3053 992 3326 1055 surrexit;
3366 991 3446 1043 sic

1872 1072 2032 1126 etiam
2068 1073 2203 1128 lianc
2238 1091 2268 1130 e
2305 1075 2512 1129 tumulo
2542 1078 2747 1146 abripi,
2781 1090 3119 1149 matremque
3149 1081 3214 1135 ad
3247 1078 3441 1133 Filium

1871 1162 2105 1231 migrare
2135 1180 2233 1234 par
2258 1174 2375 1220 erat
2406 1183 2419 1219 :
2449 1178 2535 1231 et,
2568 1177 2623 1222 ut
2655 1170 2770 1238 ipse
2801 1171 2863 1224 ad
2895 1186 3015 1225 eam
3046 1172 3437 1234 descenderat,

1870 1252 1949 1306 sic
1973 1267 2089 1305 eam
2118 1254 2184 1306 ad
2214 1255 2384 1322 majus
2410 1259 2862 1326 praestantiusque
2886 1261 3313 1323 tabernaculum,
3341 1263 3443 1314 hoc

1869 1348 1972 1406 est,
1998 1343 2062 1395 ad
2093 1342 2266 1409 ipsum
2298 1342 2490 1398 etelum
2518 1345 2739 1400 deferri.
2766 1345 3088 1416 Oportebat,
3116 1350 3355 1418 inquam,
3383 1360 3441 1403 ut

1869 1446 1988 1498 qua:
2022 1431 2187 1484 Deum
2219 1432 2447 1488 Verbum
2485 1437 2689 1490 ventris
2722 1436 2801 1489 sui
2843 1437 3075 1505 hospitio
3109 1448 3433 1508 exceperat,

1869 1521 1920 1573 in
1957 1521 2151 1574 divinis
2179 1522 2342 1592 877
2375 1523 2493 1577 Filii
2529 1524 2612 1577 sui
2651 1525 3013 1581 tabernaculis
3048 1528 3434 1595 collocaretur;

1866 1621 1919 1666 et
1949 1614 2398 1679 quemadmodum
2430 1615 2691 1669 Dominus
2720 1630 2777 1670 se
2807 1617 2860 1671 in
2895 1618 2978 1671 bis
3006 1634 3125 1687 qua:
3152 1618 3327 1674 Pal-ris
3353 1621 3434 1675 sui

1867 1704 2128 1770 essent",
2156 1706 2355 1759 versari
2383 1705 2578 1759 debere
2603 1707 2845 1773 dixerat;
2871 1710 2952 1762 sic
2973 1724 3188 1779 quoque
3212 1710 3435 1765 Matrem

1868 1796 1921 1847 in
1944 1794 2063 1849 Filii
2092 1797 2235 1864 regia
2261 1797 2586 1859 commorari
2610 1800 2987 1863 conveniebat,
3024 1800 3074 1853 id
3096 1812 3181 1854 est
3200 1802 3251 1855 in
3277 1804 3437 1858 domo

197 1884 309 1936 εδει
342 1887 399 1937 ἐν
434 1888 543 1946 τοῖς
574 1885 666 1936 τοῦ
702 1886 831 1937 Υίοῦ
864 1886 1152 1955 βασιλείοις
1178 1886 1510 1949 αὐλίζεσθαι,
1546 1889 1601 1938 ὲν
1631 1889 1763 1955 οἴκῳ

1866 1884 2098 1949 Domini,
2129 1896 2184 1939 et
2216 1886 2268 1939 in
2302 1887 2452 1939 atriis
2484 1887 2674 1941 domus
2710 1888 2800 1941 Dei
2837 1889 3007 1941 nostri
3032 1888 3099 1942 ⁸⁸.
3131 1888 3262 1944 Nam
3298 1892 3341 1944 si
3379 1893 3432 1945 in

197 1976 429 2044 Κυρίου,
473 1976 566 2029 καὶ
592 1977 647 2028 ὲν
690 1977 877 2039 αὐλαῖς
906 1978 1056 2029 οἴκου
1097 1976 1231 2029 Θεοῦ
1268 1977 1443 2045 ἡμῶν.
1480 1978 1670 2046 Είγὰρ
1704 1979 1763 2027 ἐν

192 2065 345 2134 αὐτῷ
398 2066 615 2118 πάντων
648 2068 755 2120 τῶν
794 2066 1235 2138 εὐφραινομένων
1271 2070 1301 2136 ἡ
1354 2066 1629 2126 κατοικία,
1658 2064 1760 2117 ποῦ

188 2158 291 2226 τῆς
326 2158 658 2227 εὐφροσύνης
688 2161 748 2211 τὸ
778 2161 980 2223 αῖτιον;
1036 2158 1297 2227 Ἐδειτῆς
1334 2161 1390 2209 ὲν
1445 2157 1520 2226 τῷ
1548 2160 1759 2209 τίκτειν

190 2246 510 2318 φυλαξάσης
565 2250 663 2319 τὴν
718 2249 1017 2319 παρθενίαν
1064 2248 1367 2317 ἀλώϐητον,
1432 2247 1757 2318 ἀδιάφθορον

188 2338 498 2411 τηρηθῆναι
523 2339 583 2392 τὸ
642 2340 821 2409 σῶμα,
868 2341 960 2391 καὶ
998 2339 1137 2409 μετὰ
1172 2339 1417 2392 θάνατον.
1473 2340 1620 2391 Ἔδει
1660 2340 1757 2409 τὴν

188 2432 477 2499 ἐγκόλπιον
514 2431 587 2494 ὡς
622 2430 817 2500 βρέφος
847 2432 937 2483 τὸν
974 2433 1212 2501 κτίστην
1244 2430 1610 2499 βαστάσασαν,
1646 2433 1757 2493 τοῖς

188 2525 357 2585 θείοις
381 2523 734 2592 ἐνδιατρίϐειν
801 2522 1175 2591 σκηνώμασιν.
1213 2522 1356 2574 Ἔδει
1385 2523 1482 2591 τὴν
1514 2521 1752 2590 νύμφην,

185 2616 254 2683 ἦν
276 2617 304 2665 ὁ
334 2614 517 2682 Πατὴρ
541 2612 938 2681 ὲνυμφεύσατο,
956 2615 1067 2676 τοῖς
1088 2614 1360 2682 οὐρανίοις
1385 2612 1751 2665 ἐνδιαιτᾶσθαι

186 2704 452 2773 θαλάμοις
482 2694 807 2796 (54).ι”Εδει
835 2704 932 2774 τὴν
966 2706 1024 2755 ἐν
1048 2705 1265 2775 σταυρῷ
1291 2705 1381 2756 τὸν
1408 2704 1605 2772 ἑαυτῆς
1630 2705 1753 2755 Υίίν

185 2793 661 2855 κατοπτεύσασαν,
696 2794 795 2845 καὶ
819 2795 917 2862 τῆς
936 2794 1138 2856 ὠδῖνος,
1167 2795 1234 2864 ἣν
1257 2793 1489 2846 τεκοῦσα
1512 2794 1750 2861 δίεφυγε,

182 2882 287 2949 τὴν
305 2881 577 2949 ῥομφαίαν
594 2880 887 2951 δεξαμένην
909 2881 1209 2950 ἐγκάρδιον,
1238 2881 1313 2951 τῷ
1332 2883 1502 2950 Πατρὶ
1519 2883 1752 2953 καθορᾷν

184 2973 622 3040 συγκαθήμενον.
661 2973 808 3024 Ἔδει
853 2974 951 3042 τὴν
987 2972 1077 3024 τοῦ
1108 2972 1242 3024 Θεοῦ
1299 2973 1527 3044 Μητέρα
1560 2975 1624 3026 τὰ
1655 2973 1749 3026 τοῦ

184 3064 321 3115 Υἱοῦ
375 3064 845 3131 κατακτήσασθαι,
891 3066 986 3118 καὶ
1033 3065 1138 3117 ὑπὸ
1170 3065 1347 3133 πάσης
1395 3065 1470 3127 ὠς
1521 3067 1749 3135 Μητέρα

177 3152 321 3205 Θεοῦ
366 3155 455 3206 καὶ
477 3154 668 3223 δούλην
702 3154 1144 3226 προσκυνηθῆναι
1180 3156 1572 3243 τῆςὶκτίσεως.
1638 3156 1745 3207 Ἀεὶ
1772 3190 1815 3249 c

181 3244 288 3311 μὲν
314 3242 422 3312 γὰρ
448 3244 510 3294 ἐκ
542 3244 650 3294 τῶν
676 3243 946 3295 τεκόντων
983 3247 1010 3296 ὁ
1062 3245 1255 3313 κλῆρος
1298 3242 1375 3306 εἰς
1401 3246 1525 3307 τοὺς
1553 3246 1743 3308 παῖδας

178 3336 418 3387 κάτεισι.
454 3335 565 3386 Νῦν
616 3335 692 3399 δὲ,
727 3333 801 3397 ὥς
836 3352 916 3397 τις
963 3334 1067 3402 ἔφη
1101 3336 1283 3401 σοφὸς,
1345 3336 1456 3386 ἅνω
1486 3335 1747 3403 ποταμῶν

173 3422 291 3474 τῶν
343 3423 501 3491 ἱερῶν
537 3422 773 3493 χωροῦσι
802 3424 994 3491 πηγαί.
1048 3424 1105 3475 Ὀ
1134 3424 1242 3492 γὰρ
1300 3424 1426 3485 Υἱὸς
1463 3427 1526 3492 τῇ
1565 3424 1747 3494 Μητρὶ

172 3513 279 3582 τὴν
314 3512 603 3580 σύμπασαν
648 3512 825 3565 κτίσιν
856 3512 1314 3566 κατεδουλώσατο.

256 3610 338 3655 ιε’.
366 3603 529 3655 Δεῦτε
572 3604 883 3673 τοιγαροῦν,
931 3605 1024 3657 καὶ
1080 3606 1233 3673 ἡμεῖς
1288 3606 1526 3675 σήμερον
1553 3608 1745 3677 ἑορτὴν

173 3694 385 3754 ἐξόδιον
406 3696 471 3763 τῇ
498 3695 685 3764 Μητρὶ
708 3695 801 3747 τοῦ
851 3695 990 3747 Θεοῦ
1022 3695 1389 3764 ἑορτάσωμεν.
1425 3698 1524 3749 οὐκ
1550 3698 1745 3759 αὐλούς

172 3801 329 3844 τινας
362 3785 455 3837 καὶ
489 3786 826 3855 κορύϐαντας
874 3786 1149 3854 φέροντες,
1199 3788 1292 3838 καὶ
1318 3787 1384 3838 τὰ
1410 3788 1507 3855 τῆς
1537 3788 1743 3857 μητρὸς

168 3876 287 3925 τῶν
314 3877 681 3946 ψευδωνύμων
709 3876 867 3940 θεῶν,
897 3876 971 3938 ὡς
1002 3877 1156 3928 αὐτοὶ
1188 3877 1427 3944 λέγουσι,
1465 3878 1741 3930 θιασεύον-

167 3988 267 4031 τες
292 3970 470 4038 ὄργια,
496 3970 560 4037 ἦν
593 3966 916 4018 πολύτεκνον
944 3966 1465 4036 μυθοπλαστοῦσινοὶ
1489 3968 1739 4039 ἄφρονες,

162 4064 283 4115 ὅδὲ
332 4061 431 4129 τῆς
472 4060 727 4127 ἀληθείας
779 4060 933 4126 λόγος
985 4060 1311 4129 παρίστησιν
1363 4061 1605 4114 ἄτεκνον.
1638 4055 1741 4113 Οἷα

163 4154 426 4221 δαίμονες
464 4150 638 4208 ταῦτα
678 4152 770 4203 καὶ
802 4152 1004 4220 σκιώδη
1050 4153 1433 4220 φαντάσματα,
1466 4152 1493 4202 ὃ
1532 4151 1607 4221 μὴ
1640 4169 1740 4204 πε-

163 4245 411 4311 φύκασιν
433 4242 652 4304 εἰκαίως
672 4242 1103 4312 ὑποκρινόμενοι,
1122 4242 1229 4294 τῶν
1251 4243 1617 4312 πλανωμένων
1637 4244 1736 4313 τὴν

161 4338 360 4388 ἄνοιαν
388 4335 679 4403 ἐσχηκότες
708 4334 1016 4401 ἐπίκουρον.
1044 4333 1208 4402 Γεννᾷ
1236 4335 1344 4403 γὰρ
1373 4334 1486 4395 πῶς
1516 4335 1579 4385 ἐκ
1608 4351 1736 4385 συν-

164 4424 421 4493 δυασμοῦ
476 4425 537 4475 τὸ
580 4423 904 4492 ἁσώματον;
948 4423 1039 4475 καὶ
1076 4423 1194 4477 τίνα
1230 4424 1427 4493 τρόπον
1472 4424 1732 4493 μιχθήσε-

158 4532 297 4577 ταις

156 4610 220 4660 δὲ
280 4606 493 4671 γένεσιν
544 4603 959 4672 παραγόμενον;
1007 4604 1125 4655 Ὅτι
1174 4605 1281 4674 γὰρ
1335 4603 1625 4673 ἀσώματον
1672 4604 1732 4656 τὸ

156 4694 449 4762 δαιμόνιον
481 4693 665 4760 φῦλον,
690 4693 847 4746 παντί
876 4711 978 4744 που
995 4693 1169 4762 δῆλον,
1198 4696 1290 4745 καὶ
1313 4694 1493 4758 αὐτοῖς
1524 4696 1633 4757 τοῖς
1662 4694 1733 4747 τὰ

157 4785 335 4853 νοητὰ
392 4784 794 4850 τυιρλώττουσιν
850 4783 1097 4853 ὄμματα.
1156 4786 1301 4854 Ἔφη
1339 4784 1448 4854 γάρ
1487 4801 1588 4837 που
1620 4785 1729 4837 τῶν
1762 4786 1767 4791 ⁷

157 4874 365 4929 ἑαυτοῦ
396 4875 568 4941 λόγων
620 4874 648 4927 ὁ
691 4875 953 4945 Ὄμηρος,
998 4876 1108 4927 τῶν
1162 4875 1326 4940 ἀξίων
1381 4876 1545 4930 αὐτοῦ
1591 4876 1728 4930 θεῶν

157 4965 543 5037 ὑφηγούμενος
566 4964 661 5036 τὴν
698 4965 1043 5018 κατάστασινο

158 5169 249 5219 Οὐ
282 5166 821 5231 πυρίνὲσθεόυσιν,
860 5168 929 5218 οὐ
958 5165 1242 5219 πίνουσιν
1284 5167 1501 5221 αἴθοπα
1537 5166 1723 5230 οἶνον,

164 5237 410 5291 1ὀϋνεκ¹
450 5235 766 5302 ἀναίμονές
828 5238 967 5299 εἰσι,
1011 5237 1108 5289 καὶ
1151 5236 1439 5376 ἀθάνατοι[
1478 5240 1724 5359 καλέἕνε-

1448 5322 1539 5359 ται
1570 5309 1623 5376 (ὅ
1649 5310 1702 5377 ’).

1448 5322 1539 5359 ται
1570 5322 1702 5363 (ob).

151 5396 236 5449 Οὐ
281 5395 428 5446 σῖτον
452 5393 709 5458 ἐσθίουσι,
742 5393 926 5463 φησὶν,
968 5396 1028 5447 οὐ
1060 5395 1151 5448 τὸν
1198 5395 1555 5466 θερμαντικὸν
1584 5398 1724 5454 οἶνον

231 5510 275 5540 ⁸⁷
318 5509 449 5563 Luc.
482 5526 538 5575 ll,
569 5510 654 5564 49.

230 5623 345 5697 (Si?)
376 5623 605 5697 Omnino
638 5626 913 5693 legendum
944 5629 1113 5688 ἐλέου,
1147 5638 1202 5681 ιιι
1238 5629 1584 5697 Lipomanus.

228 5694 441 5769 (55)_R.
480 5695 613 5764 πῷς
665 5698 892 5751 αὐτὸν...
939 5699 1068 5769 πρὸς
1104 5699 1200 5767 τὴν
1236 5694 1453 5769 μείζονα
1500 5705 1592 5755 καὶ
1626 5722 1725 5760 κα-

145 5764 498 5835 θαρωτέραν.

729 5511 775 5542 ⁸⁸
814 5512 953 5565 Psal.
997 5527 1197 5576 cxxxtt,
1226 5512 1279 5567 9..

1863 1991 1922 2029 ea
1954 1975 2248 2029 lzutantium
2284 1977 2526 2030 omnium
2555 1976 2819 2031 habitatio
2845 1988 2929 2031 est
2949 1975 3015 2045 ⁸⁸,
3045 1980 3261 2034 ubinam
3296 1980 3432 2034 fuis-

1858 2072 1939 2116 set
1972 2079 2133 2117 causa
2171 2064 2404 2118 ltetititc?
2434 2064 2752 2134 Oportebat,
2789 2075 2846 2119 ut
2877 2066 2996 2135 ejus
3027 2082 3147 2135 qua:
3181 2068 3235 2121 in
3272 2080 3429 2138 partu

1858 2156 2223 2223 virginitatem
2271 2156 2385 2208 sine
2429 2156 2549 2209 labe
2588 2166 2922 2221 servaverat,
2961 2157 3229 2212 incolume
3266 2160 3429 2214 etiam

1860 2256 1978 2313 post
2005 2256 2229 2298 mortem
2254 2260 2450 2314 corpus
2471 2254 2800 2300 servaretur.
2823 2245 3121 2315 Oportebat
3145 2263 3287 2316 eam,
3311 2264 3431 2319 quia

1856 2338 2163 2390 Creatorem
2191 2336 2333 2390 velut
2362 2336 2621 2390 infantem
2650 2336 2769 2391 sinu
2797 2346 3126 2407 gestaverat,
3151 2339 3204 2393 in
3232 2340 3429 2396 divinis

1857 2427 2215 2482 tabernaculis
2270 2428 2488 2497 degere.
2551 2425 2848 2497 Oportebat
2889 2438 2948 2483 ut
2995 2445 3191 2498 sponsa
3266 2445 3425 2501 quain

1858 2516 2014 2571 Pater
2042 2518 2403 2587 spoponderat
2456 2520 2506 2572 in
2542 2521 2713 2576 tboris
2774 2521 3082 2577 cmlcstibus
3134 2524 3422 2579 habitaret.

1854 2606 2166 2676 Oportebat,
2224 2618 2283 2662 ut
2338 2624 2457 2678 qua:
2516 2610 2709 2663 Filium
2762 2626 2916 2666 suum
2974 2614 3027 2667 in
3078 2628 3238 2669 cruce
3296 2630 3426 2670 enn-

1853 2706 2124 2763 spexerat,
2190 2706 2243 2750 et
2297 2697 2531 2767 gladium
2592 2714 2751 2768 quem
2802 2702 3057 2769 pariendo
3103 2702 3420 2771 effugisset,

1852 2794 2074 2854 pectore
2142 2796 2269 2841 tunc
2331 2802 2660 2857 exceperat,
2703 2792 2875 2861 ipsum
2930 2790 3074 2846 Patri
3140 2796 3419 2850 consident.

1854 2884 1959 2929 tem
2003 2888 2293 2946 spectaret.
2359 2878 2652 2949 Oportebat
2728 2882 2960 2950 denique
3041 2884 3132 2938 Dei
3194 2884 3419 2940 Matrem

1851 2982 1914 3022 ea
1940 2983 2059 3037 quae
2084 2968 2205 3022 Filii
2231 2981 2444 3031 essent,
2476 2971 2780 3037 possidere,
2810 2984 2863 3024 et
2894 2975 2962 3027 ab
2987 2975 3238 3028 munibus
3268 2992 3420 3029 crea-

1854 3060 1987 3114 turis
2013 3061 2247 3114 adorari.
2276 3063 2592 3129 Quanquam
2624 3063 2768 3115 enim
2802 3064 3089 3119 liaereditas
3120 3080 3147 3116 a
3179 3067 3418 3133 parenti-

1852 3154 1951 3207 bus
1978 3153 2041 3205 ad
2071 3152 2209 3206 lilios
2234 3166 2446 3220 semper
2470 3153 2788 3219 devolvitur,
2814 3168 2952 3207 nunc
2981 3164 3182 3220 tamen,
3212 3168 3269 3210 ut
3295 3174 3418 3211 eru-

1852 3245 1944 3298 diti
1969 3244 2247 3313 cujusdam
2269 3244 2445 3296 verbis
2468 3252 2607 3309 utar,
2627 3258 2904 3297 sacrorum
2928 3242 3208 3297 illiininum
3238 3244 3415 3301 fontes

1847 3352 2060 3390 sursum
2094 3349 2311 3389 cursum
2348 3334 2606 3403 relegunt.
2642 3334 2749 3389 lies
2777 3334 2975 3405 quippe
3004 3350 3193 3391 omnes
3223 3338 3413 3392 condi-

1850 3434 1928 3479 tas
1954 3424 2127 3480 Filius
2153 3424 2306 3478 Matri
2336 3425 2687 3493 mancipat-it.

1918 3595 2004 3650 15.
2046 3598 2156 3665 Age
2185 3597 2365 3663 igitur,
2396 3612 2490 3649 nos
2513 3612 2724 3665 quoque
2754 3597 2843 3651 Dei
2874 3596 3025 3651 Matri
3050 3599 3190 3652 diem
3218 3598 3408 3654 festum

1845 3690 2104 3743 discessui
2142 3688 2305 3756 ipsius
2340 3697 2757 3742 consentaneum
2801 3690 3077 3752 obeamus,
3110 3706 3214 3743 non
3251 3692 3409 3745 tibias

1846 3778 2079 3831 ferentes
2110 3793 2171 3831 ac
2203 3776 2541 3845 cnrybantes,
2574 3793 2637 3832 ac
2666 3780 2806 3832 illius
2836 3780 3091 3833 falsorum
3126 3782 3401 3836 numinum

1843 3871 2055 3935 matris,
2075 3880 2129 3922 ut
2155 3871 2251 3938 ipsi
2275 3870 2481 3933 dicunt,
2501 3872 2678 3923 divina
2699 3875 2844 3940 orgia
2870 3871 3222 3937 celebrantes,
3242 3888 3403 3942 quam

1840 3959 1986 4012 stulti
2021 3960 2264 4012 homines
2294 3960 2579 4011 multorum
2614 3961 2899 4012 liberorum
2930 3959 3096 4015 fuisse
3126 3971 3401 4030 parentem

1841 4049 2168 4112 fabulantur,
2198 4050 2308 4117 ipsa
2334 4059 2510 4101 autem
2536 4051 2761 4113 veritas,
2793 4051 2963 4103 nullos
2987 4053 3220 4106 edidisse
3250 4069 3403 4106 mon-

1839 4150 1994 4195 strat.
2025 4142 2297 4196 Dzemoues
2324 4144 2466 4195 enim
2497 4144 2596 4197 ista
2624 4154 2768 4211 sunt,
2792 4154 2955 4215 atque
2977 4145 3225 4201 umbrosa
3254 4162 3401 4215 qua:-

1839 4237 1958 4288 dam
1998 4245 2233 4303 spectra,
2276 4237 2327 4290 id
2368 4239 2508 4305 quod
2552 4244 2745 4290 natura
2784 4253 2888 4291 non
2930 4246 3080 4301 sunt,
3117 4229 3411 4307 perperam.

1839 4328 2125 4395 ﬁngentes,
2156 4328 2209 4381 in
2243 4330 2541 4382 subsidium
2574 4329 2864 4383 accedente
2894 4331 3264 4384 aberrantium
3298 4331 3399 4385 lio-

1840 4418 2041 4471 minum
2078 4420 2333 4473 amentia.
2366 4420 2607 4485 Quonam
2641 4420 2784 4473 enim
2820 4420 2980 4473 modo
3018 4421 3067 4473 id
3102 4423 3241 4489 quod
3275 4437 3400 4476 cor-

333 4514 571 4575 καὶπῶς
611 4513 740 4574 Θεὸς
788 4513 847 4564 τὸ
888 4514 961 4581 μὴ
1011 4513 1069 4566 ὃν
1124 4515 1222 4581 μὲν
1273 4514 1556 4583 πρότερον,
1594 4514 1730 4582 πρὸς
1764 4520 1774 4577 ]

1860 4523 1965 4563 iore
1993 4517 2164 4571 vacat,
2195 4522 2260 4562 ex
2291 4509 2573 4563 concubitu
2606 4508 2823 4578 gignat?
2848 4510 3115 4578 quomodo
3148 4512 3393 4566 miscebi-

1840 4600 1959 4653 tur?
1998 4604 2265 4667 quomodo
2310 4600 2359 4652 id
2407 4601 2543 4653 Deus
2584 4601 2724 4662 erit,
2768 4600 2908 4668 quod
2954 4616 3077 4654 cum
3126 4611 3251 4656 ante
3292 4618 3398 4656 non

1837 4700 1997 4755 esset,
2030 4692 2081 4744 in
2111 4700 2287 4744 ortum
2319 4702 2498 4758 postea
2530 4690 2743 4759 prodit?
2767 4690 2900 4744 Nam
2928 4692 3069 4759 quod
3100 4693 3399 4747 ἀωιιιοιιυιη

1839 4784 1983 4836 natio
2026 4798 2250 4846 corpore
2291 4793 2495 4846 careat,
2538 4782 2679 4836 inter
2717 4797 2907 4838 omnes
2948 4794 3196 4850 constat;
3237 4787 3399 4840 etiam

1838 4872 1976 4925 inter
2006 4886 2096 4927 eos
2128 4874 2217 4941 qui
2259 4875 2451 4928 mentis
2484 4874 2656 4929 oculis
2689 4876 2832 4944 capti
2867 4885 3010 4929 sunt.
3045 4876 3133 4929 Ait
3164 4878 3307 4931 enim
3345 4879 3397 4931 in

1835 4963 2063 5032 quodam
2103 4978 2325 5031 operum
2367 4980 2588 5019 suorum
2629 4965 2747 5020 loco
2786 4965 3073 5032 Homerus,
3112 4968 3396 5035 dignorum

1835 5069 1892 5109 se
1918 5056 2139 5108 deorum
2167 5065 2363 5109 statum
2393 5073 2696 5127 cxpOnens:

1837 5169 1955 5242 {Yon
1984 5187 2166 5238 partem
2198 5173 2491 5237 comedunt,
2527 5190 2615 5226 nec
2647 5176 2762 5226 riuo
2794 5178 3010 5229 ardeme
3039 5188 3287 5242 palantur
3318 5195 3339 5233 .'

1836 5238 1979 5293 Umle
2008 5257 2189 5294 cruore
2221 5255 2423 5305 carent,
2455 5246 2875 5313 ιηιιιιοι·ιιιιιέᾳιιθ
2912 5238 3158 5299 vocantur
3190 5264 3206 5300 :

1834 5401 1945 5457 Non
1982 5415 2171 5471 panem
2205 5402 2389 5470 edunt,
2426 5404 2619 5473 inquit,
2653 5420 2760 5461 non
2838 5409 3014 5463 viuum
3052 5411 3191 5478 quod
3248 5409 3394 5464 calc-

1356 5514 1399 5545 "
1428 5513 1565 5570 Psal.
1605 5533 1818 5583 Lxuvi,
1858 5518 1908 5571 7.

1905 5634 2017 5703 (54)
2036 5635 2114 5707 ΔῘῖ.
2142 5636 2515 5707 ἐνδιατρίϐειν.

1901 5707 2010 5777 (55)
2036 5704 2182 5759 Iliad.
2227 5708 2284 5759 ι’.
