4170 6454
161 372 263 431 ’ἶίῗι

976 374 1301 435 HUMILIA
1349 375 1403 433 ll
1449 375 1521 435 IN
1572 374 2111 437 DOBMITIONEM
2148 376 2211 436 B.
2256 378 2317 435 ν.
2363 377 2640 437 MARl/E.

3311 374 3414 437 746

147 483 461 554 ριτωμένη,
494 488 525 538 ὁ
554 487 766 555 Κύριος
781 486 933 555 μετὰ
958 487 1094 543 σοῦ,
1124 488 1315 557 Χαῖρε,
1342 486 1401 539 τὸ
1424 488 1519 557 τῆς
1551 486 1724 557 χαρᾶς
1752 530 1760 547 .

1852 500 2001 559 agus.
2036 491 2171 552 Ave,
2209 488 2365 543 unica
2399 493 2652 545 tntnroris
2714 489 3043 547 obiiteratio.
3097 494 3227 556 Ave,
3261 495 3425 564 piter.

152 575 495 646 άδαπάνητον
536 574 802 646 πέλαγος.
861 579 1057 650 Χαῖρε,
1096 578 1156 631 τὸ
1205 579 1368 649 μόνον
1418 578 1519 649 τῆς
1549 578 1725 647 λύπης

150 667 526 739 ὲξάλειπτρον.
581 671 827 740 Χαίροις,
888 673 1067 740 πάσης
1104 670 1333 741 καρδίας
1384 669 1729 724 ἀκεσώδυνον

156 762 466 830 φάρμακον.
507 763 748 832 Χαίροις.
774 764 843 816 δι’
874 760 943 835 ἦς
974 765 1311 834 παρωθεῖται
1336 765 1433 835 μὲν
1462 765 1712 828 θάνατος,

154 853 186 920 ή
228 852 283 905 δὲ
311 852 424 924 ζωὴ
459 855 891 925 εἰσκεκόμισται.

229 966 313 1028 ιζ’.
347 967 451 1033 Σὺ,
508 960 552 1020 ὦ
586 968 773 1036 τάφων
823 967 983 1040 ίερῶν
1033 969 1322 1039 ἱερώτατε,
1373 971 1512 1041 μετά
1548 987 1611 1039 γε
1640 972 1732 1024 τὸν

157 1058 465 1127 ζωαρχικὸν
498 1059 592 1111 τοῦ
615 1058 884 1113 Δεσπότου
918 1061 1031 1130 (56)
1056 1063 1247 1131 τάφον,
1275 1063 1332 1125 ὃς
1352 1062 1503 1133 πηγὴ
1527 1064 1733 1135 ὑπῆρξε

156 1149 257 1217 τῆς
289 1150 639 1213 ἀναστάσεως
663 1167 677 1180 '
719 1151 793 1215 ὡς
841 1151 953 1222 γάρ
983 1152 1213 1222 ἐμψύχῳ
1241 1170 1323 1205 σοι
1362 1153 1676 1223 διαλέξομαι
1706 1170 1720 1183 ·

158 1244 262 1296 ποῦ
295 1244 492 1313 χρυσὸς
517 1246 544 1297 ὀ
565 1243 876 1314 ἀκίϐδηλος,
921 1244 979 1297 ὃν
1006 1245 1319 1299 ἀποστόλων
1347 1250 1529 1319 χεῖρες
1560 1247 1619 1297 ἐν
1646 1248 1729 1299 σοὶ

158 1332 571 1404 ἐθησαύρισαν;
623 1335 726 1388 πού
769 1336 1000 1399 πλοῦτος
1052 1337 1081 1388 ὁ
1112 1335 1493 1407 ἀδαπάνητος;
1526 1336 1625 1391 ποῦ
1675 1339 1736 1391 τὸ

162 1427 409 1496 θεοδόχον
437 1428 756 1497 κειμήλιονς
795 1427 898 1480 ποῦ
925 1431 958 1497 ἡ
1002 1428 1242 1498 ἔμψυχος
1274 1429 1548 1496 τράπεζα,
1579 1429 1681 1483 ποῦ
1709 1433 1738 1483 ό

160 1518 345 1579 καινὸς
381 1519 567 1587 τόμος,
601 1519 658 1569 ὲν
773 1518 1069 1589 ἀφράστως
1115 1520 1143 1570 ὁ
1176 1519 1310 1581 Θεὸς
1347 1520 1518 1587 Λόγος
1558 1521 1736 1591 χειρὸς

158 1612 290 1662 ἄνευ
316 1611 695 1680 ἐγγέγραπται
722 1629 735 1675 ;
761 1610 864 1661 ποῦ
890 1612 921 1680 ἡ
948 1611 1045 1675 τῆς
1081 1611 1303 1680 χάριτος
1323 1609 1560 1675 ἄϐυσσος
1586 1629 1600 1678 ;
1634 1610 1737 1663 ποῦ

159 1704 270 1754 τῶν
305 1704 547 1771 ἰαμάτων
586 1703 645 1754 τὸ
679 1703 947 1769 πέλαγος;
1000 1702 1104 1755 ποῦ
1154 1704 1186 1772 ή
1248 1702 1515 1767 ζωοτόκος
1543 1705 1692 1772 πηγή
1722 1721 1735 1768 ;

161 1793 268 1846 τοῦ
312 1793 371 1845 τὸ
406 1792 780 1862 πολυπόθητον
820 1793 981 1862 σῶμα
1012 1796 1111 1864 τῆς
1139 1792 1401 1848 Θεοτόκου
1438 1794 1535 1848 καὶ
1569 1794 1735 1847 πολυ-

160 1886 394 1953 ἐραστον
420 1904 433 1948 ;
471 1886 535 1936 Τί
577 1884 791 1956 ζητεῖτε
829 1886 885 1935 ἐν
932 1884 1089 1954 τάφῳ
1120 1884 1218 1956 τὴν
1242 1886 1380 1955 πρὸς
1408 1884 1479 1937 τὰ
1510 1884 1736 1953 οὐράνια

164 1976 631 2047 μετεωρισθεῖσαν
663 1975 997 2046 σκηνώματα
1026 1996 1039 2039 ;
1070 1977 1134 2029 Τί
1177 1995 1244 2037 με
1277 1977 1376 2047 τῆς
1403 1977 1736 2046 φθορᾶς(57)

161 2068 398 2131 εὐθύνας
428 2069 778 2139 είσπράττεις
801 2086 814 2133 ;
839 2066 899 2121 οὐ
927 2086 1016 2136 μοι
1042 2067 1273 2137 δύναμις
1304 2071 1416 2131 τοῖς
1443 2068 1610 2132 θείοις
1641 2071 1739 2121 ἀν·-

159 2160 418 2214 τιτείνειν
472 2161 824 2230 κελεύσμασι.
887 2162 999 2222 Τάς
1049 2159 1292 2222 σινδόνας
1349 2160 1650 2213 καταλιπὸν
1678 2159 1741 2211 τὸ

159 2251 329 2321 σῶμα
352 2251 410 2304 τὸ
430 2252 571 2322 ἱερόν
591 2268 648 2304 τε
682 2251 777 2304 καὶ⁹
806 2252 981 2318 ἀγιον,
999 2250 1090 2303 καί
1115 2266 1204 2320 μοι
1228 2249 1321 2302 τοῦ
1348 2247 1625 2320 άγιασμοῦ
1651 2266 1741 2320 με·

157 2343 489 2407 ταδεδωκδς,
506 2345 601 2398 καὶ
620 2343 816 2415 μύρου,
832 2344 926 2396 καὶ
940 2343 1164 2406 εὐωδίας
1184 2343 1417 2411 ποιῆσαν
1432 2343 1736 2405 ἀνάπλεων,

159 2436 262 2488 καὶ
284 2438 428 2489 θεῖον
452 2435 909 2505 ἀπεργασάμενον
938 2434 1189 2504 τέμενος,
1216 2433 1568 2503 ἀνάρπαστον
1599 2436 1741 2503 οῐχε-

156 2547 279 2590 ται,
312 2528 752 2598 δορυφορούντων
784 2527 1052 2596 ἀγγέλων,
1091 2527 1184 2578 καὶ
1219 2526 1599 2596 ἀρχαγγέλων,
1648 2527 1742 2579 καὶ

158 2618 360 2671 πασῶν
392 2618 499 2670 τῶν
521 2617 785 2686 οὐρανίων
813 2617 1115 2686 δυνάμεων.
1131 2617 1244 2669 Νῦν
1267 2618 1365 2687 ἐμὲ
1387 2617 1741 2688 περίεπουσιν

155 2711 408 2779 ariae"
438 2709 549 2763 Νῦν
589 2711 646 2762 ἐν
682 2709 806 2776 ἐμοὶ
830 2708 947 2761 θεία
964 2708 1120 2779 χάρις
1140 2709 1437 2772 αὐλίζεται.
1487 2708 1627 2776 Ἐγὼ
1655 2728 1741 2762 νο.

158 2803 351 2855 σοῦσιν
378 2803 608 2871 ἰατρεῖον
633 2798 946 2864 ἀλεξίπονον
977 2800 1218 2869 πέφηνά.
1251 2799 1392 2867 Ἐγὼ
1408 2801 1558 2871 πηγὴ
1578 2802 1739 2868 ἰαμά-

154 2912 273 2946 των
291 2894 530 2953 ἀενναος.
564 2893 704 2960 Ἐγὼ
723 2892 991 2962 δαιμόνων
1023 2891 1382 2963 ἀλεξιτήριον.
1417 2892 1559 2960 Ἐγὼ
1590 2895 1741 2957 πόλις

157 2984 598 3055 φυγαδευτηρίου
656 2986 766 3046 τοῖς
810 2982 1218 3052 προσφεύγουσι
1278 2984 1519 3052 πέφυκα.
1570 2986 1744 3054 Προσ-

156 3077 353 3129 έλθετε
373 3076 574 3137 πίστει,
595 3076 735 3137 λαοὶ,
760 3074 854 3127 καὶ
876 3072 1184 3144 ποταμηδδν
1200 3074 1478 3144 ἀρύσασθε
1500 3075 1569 3128 τά
1586 3076 1746 3147 χαρίσ-

1830 595 2040 635 macum
2091 581 2331 636 dolorem
2382 595 2448 634 ex
2502 582 2648 635 omni
2705 583 2867 638 corde
2916 584 3424 657 pellens.Ave,pel'

1830 687 1992 741 quam
2020 687 2165 728 mors
2199 673 2420 741 expulsa
2454 682 2556 738 est,
2593 675 2698 729 vita
2734 685 2914 731 autem
2954 678 3265 748 importata.

1901 955 2002 1023 ⁸17.
2044 967 2161 1022 Jam
2192 980 2343 1030 vero,
2373 980 2408 1021 ο
2437 980 2719 1022 sacrorum
2750 970 2993 1022 omnium
3025 982 3420 1038 sepulcrorum,

1836 1059 2027 1113 saltent
2073 1069 2191 1129 post
2238 1058 2448 1112 Domini
2474 1058 2798 1127 sepulcrum,
2845 1059 2989 1129 quod
3040 1061 3163 1113 vitae.
3208 1060 3419 1115 initium

1838 1152 2018 1215 dedit,
2069 1151 2594 1219 resurrectionisque
2642 1152 2762 1205 fons
2810 1151 2943 1216 fuit,
2991 1153 3420 1207 sacratissimum

1838 1245 2037 1312 (tecum
2071 1243 2216 1295 enim
2252 1253 2507 1312 tanquam
2539 1244 2836 1297 animatum
2868 1259 3046 1308 esses,
3078 1245 3209 1300 mihi
3242 1259 3422 1300 sermo

1837 1338 1985 1407 erit),
2012 1336 2100 1390 ubi
2147 1338 2359 1389 tandem
2405 1337 2533 1390 illud
2576 1337 2851 1391 sincerum
2896 1353 3086 1391 aurum
3133 1348 3235 1401 est,
3276 1338 3421 1406 quod

1839 1426 2204 1494 apostolorum
2248 1442 2438 1481 manus
2485 1427 2536 1479 in
2583 1435 2634 1478 tc
2679 1427 3079 1481 condiderunt?
3127 1426 3216 1481 ubi
3263 1427 3419 1482 inex-

1840 1518 2046 1570 hausta:
2071 1517 2236 1585 epes?
2256 1517 2343 1570 ubi
2371 1517 2661 1585 pretiosum
2692 1517 2917 1580 monile,
2944 1518 3086 1585 quod
3111 1518 3276 1571 vitam
3302 1533 3422 1571 sus-

1840 1610 2023 1678 cepit?
2064 1610 2153 1663 ubi
2201 1610 2439 1663 animata
2488 1610 2710 1662 mensa?
2751 1609 2839 1663 ubi
2889 1624 3059 1663 novus
3109 1619 3320 1676 tomus,
3367 1614 3420 1666 iu

1840 1717 1946 1772 quo
1972 1700 2228 1757 ineffabili
2257 1699 2467 1754 ratione
2494 1701 2631 1755 Deus
2652 1701 2883 1755 Verbum
2909 1703 3046 1756 citra
3074 1718 3265 1758 manus
3294 1718 3422 1772 ope-

1844 1808 1957 1846 ram
2000 1791 2294 1861 inscriptus
2330 1790 2448 1845 est?
2481 1792 2569 1844 ubi
2605 1794 2794 1861 gratim
2829 1793 3097 1863 abysSus?
3132 1792 3219 1847 ubi
3261 1808 3421 1847 sana—

1843 1882 2046 1937 tiouum
2078 1882 2334 1951 pelagus?
2360 1883 2447 1935 uhi
2479 1881 2599 1934 fons
2625 1897 2688 1934 ex
2720 1897 2828 1952 quo
2855 1883 2962 1935 vita
2997 1891 3147 1951 parta
3173 1882 3297 1937 est?
3328 1882 3419 1938 ubi

1842 1975 2072 2041 denique
2114 1974 2545 2028 sacratissimum
2586 1972 2716 2026 illud
2759 1982 2923 2041 atque
2963 1972 3414 2027 amabilissimum

1840 2081 2035 2135 corpus
2077 2066 2167 2121 Dei
2205 2064 2532 2120 Genitricis?
2564 2062 2702 2131 Quid
2737 2078 2855 2117 eam
2898 2065 2948 2117 in
2990 2061 3236 2132 sepulcro
3272 2078 3420 2132 qum-

1844 2160 1995 2226 ritis,
2029 2173 2151 2228 quae
2191 2157 2256 2210 ad
2295 2156 2533 2211 ctelestia
2571 2154 2918 2211 tabernacula
2954 2155 3092 2209 elata
3127 2155 3250 2209 est?
3283 2155 3420 2222 Quid

1841 2250 2102 2306 custodia:
2148 2248 2412 2302 rationem
2450 2263 2479 2300 a
2525 2262 2610 2302 me
2652 2247 2985 2315 exposcitis?
3023 2261 3126 2301 non
3168 2262 3246 2301 ea:
3290 2261 3423 2301 mea:

1841 2343 2004 2405 vires,
2035 2351 2093 2394 ttt
2120 2339 2316 2394 divinis
2340 2339 2506 2408 jussis
2535 2338 2791 2393 relucter.
2820 2337 3028 2394 Relicta
3056 2338 3305 2403 sindone,
3334 2353 3423 2394 sa-

1842 2450 1992 2490 crum
2023 2433 2150 2488 ilittd
2178 2442 2234 2487 et
2262 2442 2509 2487 sanctum
2538 2447 2735 2501 corpus
2758 2431 2901 2501 quod
2932 2432 3277 2487 sanctitatem
3311 2446 3423 2487 tue-

1844 2542 1965 2583 cum
1998 2526 2440 2586 communicavit,
2477 2537 2668 2592 meque
2704 2533 2979 2592 unguento
3010 2533 3064 2578 et
3098 2525 3425 2581 suavissimo

1843 2619 2010 2673 odore
2040 2616 2300 2687 implevit,
2330 2632 2393 2670 ac
2425 2615 2662 2670 divinum
2697 2616 2977 2670 delubrum
3006 2615 3186 2671 effecit
3218 2636 3231 2672 :
3261 2618 3421 2673 abre-

1844 2719 1991 2778 ptum
2030 2708 2153 2761 hinc
2188 2722 2403 2761 sursum
2439 2706 2603 2772 abiit,
2640 2707 2967 2775 stipantibus
3001 2706 3208 2778 angelis
3240 2718 3293 2761 et
3330 2723 3423 2761 ar-

1843 2800 2155 2870 changelis,
2202 2800 2557 2868 omnibusque
2603 2799 2862 2854 caelorum
2910 2800 3224 2855 virtutibus.
3269 2798 3423 2855 Nunc

1846 2906 1931 2943 me
1958 2889 2133 2959 angeli
2154 2889 2321 2960 879
2341 2891 2651 2945 observant.
2676 2887 2828 2943 Nunc
2855 2892 2906 2943 in
2936 2906 3021 2944 nte
3044 2891 3225 2944 divina
3252 2892 3421 2958 gratia

1846 2983 2076 3037 habitat.
2135 2982 2245 3052 Ego
2275 2980 2485 3036 omcina
2523 2983 2806 3037 medicina!
2835 2984 3225 3051 aegrotantibus
3254 2986 3423 3037 evasi.

1846 3074 1959 3143 Ego
2000 3074 2122 3130 fons
2159 3076 2453 3129 sanitatum
2498 3077 2771 3144 perennis.
2813 3075 2921 3145 Ego
2958 3076 3261 3130 daemonum
3302 3090 3425 3146 pro-

157 3186 191 3219 σ
199 3184 373 3237 ματα.
406 3167 744 3236 Ἀδιάκριτον
765 3167 862 3236 τὴν
879 3166 1062 3219 πίστιν
1078 3165 1406 3235 κεκτημένοι
1428 3167 1738 3234 προέλθετε.

1846 3168 2067 3237 ﬂigatio.
2093 3167 2204 3237 Ego
2228 3168 2294 3222 iis
2316 3169 2405 3238 qui
2433 3169 2499 3222 ad
2527 3184 2612 3223 me
2635 3167 2971 3238 confugiunt,
2996 3170 3187 3222 civitas
3210 3167 3420 3238 rei‘ugii.

162 3263 237 3312 υἱ
272 3257 567 3327 διψῶντες
599 3260 689 3327 ἐφ’
716 3257 870 3326 ὕδωρ
887 3259 1238 3326 πορεύεσθε,
1283 3257 1514 3321 Ἡσαΐας
1562 3275 1741 3329 παρα-

157 3350 474 3413 κελεύεται,
507 3351 601 3403 καὶ
634 3350 803 3415 ὅσοις
835 3352 946 3402 οὐκ
991 3348 1161 3403 ἔστιν
1193 3351 1496 3419 ἀργύριον,
1529 3367 1746 3419 stupet}-

153 3442 376 3504 θέντες
408 3439 743 3508 ἀγοράσατε
800 3440 946 3493 ἄνευ
977 3440 1167 3506 τιμῆς.
1201 3441 1342 3508 Ἐγὼ
1377 3443 1543 3495 πᾶσιν
1581 3443 1744 3510 εὐαγ-

154 3532 406 3599 γελικῶς
446 3532 804 3601 ἀνακεκραγα
830 3548 842 3559 ·
881 3531 941 3582 'O
996 3531 1165 3600 διψῶν
1215 3533 1546 3603 νοσημάτων
1578 3534 1745 3597 ῑασιν,

153 3620 423 3689 ’.ξυχικῶν
485 3619 672 3673 παθῶν
708 3617 1088 3690 ἀπολύτρωσιν
1121 3660 1136 3683 ,
1192 3620 1606 3691 ἁμαρτημάτων
1662 3621 1749 3686 ἐξ-

154 3718 261 3767 cius
275 3712 404 3775 ιύιν,
424 3711 689 3766 παντοίων
706 3710 980 3782 ἐπιφορῶν
1000 3709 1375 3782 ἀλλοτρίωσιν,
1391 3712 1635 3784 οὐρανῶν
1654 3712 1748 3785 βο.-

157 3804 381 3866 σι>.είας
401 3803 729 3866 ἀνάπαυσιν,
756 3802 934 3856 πίστει
962 3801 1350 3873 προσερχέσθω
1378 3803 1514 3875 πρός
1546 3820 1637 3873 με,
1656 3803 1747 3858 καὶ

150 3892 473 3966 ἁρυσάσθω
526 3892 740 3966 ῥεῖθρον
804 3891 904 3961 τῆς
962 3890 1183 3963 χάριτος
1227 3892 1601 3967 πολυδύναμον
1654 3895 1749 3949 καὶ

152 3983 571 4053 πολύχρηστον.
626 3980 840 4053 Ὠσπερ
893 3981 999 4051 γὰρ
1046 3980 1141 4035 τοῦ
1187 3980 1379 4047 ὕδατος
1419 3983 1452 4054 ἠ
1502 3983 1749 4055 ὶνίργεια

148 4073 321 4142 ἁπλῆ
375 4073 468 4127 καὶ
515 4071 613 4143 μία
666 4070 1028 4143 τυγχάνουσα,
1071 4070 1147 4137 ὼς
1204 4072 1261 4127 δὲ
1291 4073 1393 4145 γῆς
1441 4074 1533 4129 καὶ
1566 4077 1745 4147 ἀέρος.

148 4168 265 4221 ναὶ
289 4165 382 4220 τοῦ
426 4165 722 4237 παμφαοῦς
753 4163 925 4233 ἡλίου,
975 4164 1190 4235 ἑκάστῳ
1215 4164 1324 4218 τῶν
1353 4165 1596 4235 μετόχων
1630 4165 1747 4220 δια-

149 4262 360 4329 φόρως
410 4259 546 4329 πρὸς
589 4255 650 4310 τὸ
705 4254 1071 4327 κατάλληλλον
1102 4253 1203 4325 τῆς
1232 4253 1447 4324 φύσεως
1481 4254 1751 4325 μεταϐάλ-

145 4354 347 4410 λεται.
383 4350 475 4403 καὶ
502 4348 712 4417 γίνεται
743 4349 800 4401 ὲν
830 4346 1061 4418 ἀμπέλῳ
1102 4348 1199 4417 μὲν
1229 4341 1392 4411 οἶνος,
1425 4347 1481 4398 ὲν
1514 4346 1670 4418 ἐλαίᾳ
1692 4346 1747 4400 δὲ

143 4446 355 4497 ἔλαιον
378 4459 391 4472 ·
421 4441 561 4493 οὔτω
592 4442 687 4493 καὶ
710 4441 743 4510 ή
767 4440 946 4509 χάρις,
968 4438 1112 4508 ἁπλῆ
1136 4438 1229 4492 καὶ
1263 4439 1360 4508 μία
1382 4437 1747 4509 τυγχάνουσα,

142 4529 439 4592 ποικίλως
483 4532 579 4583 καὶ
636 4530 913 4597 ἀναλόγως
969 4530 1104 4600 πρὸς
1153 4529 1251 4600 τὴν
1282 4530 1513 4583 ἑκάστου
1562 4529 1752 4600 χρείαν

141 4624 462 4693 εὐεργετεῖ
494 4623 619 4683 τοὺς
643 4622 987 4691 μετέχοντας.
1021 4622 1134 4674 Οὐκ
1159 4622 1218 4686 ἐξ
1246 4622 1452 4683 οἰκείας
1473 4621 1570 4691 τὴν
1593 4623 1752 4694 χάριν

138 4715 456 4779 κέκτημαι
486 4711 719 4778 ιρύσεως.
746 4711 927 4779 Τάφος
958 4711 1103 4775 ἀπας
1145 4711 1408 4774 δυσωδίας
1445 4712 1751 4779 ἀνάπλεως,

1845 3259 2122 3324 Accedite,
2151 3260 2351 3328 populi,
2381 3276 2502 3313 cum
2525 3260 3023 3329 ﬁde,etgratiarum
3049 3261 3185 3315 dona
3203 3258 3423 3314 aﬂluen-

1849 3348 2056 3401 tissime,
2079 3350 2308 3402 haurite.
2345 3348 2619 3413 Accedite,
2657 3351 2746 3417 qui
2786 3351 2889 3404 iide
2923 3350 3144 3405 minime
3177 3351 3423 3420 ambigua

1846 3441 1995 3498 estis.
2033 3438 2299 3506 Sitientes,
2336 3442 2502 3495 venite
2541 3442 2610 3494 ad
2640 3458 2829 3509 aquas,
2863 3442 3183 3497 exhortatur
3217 3441 3421 3507 Esaias,

1846 3542 1891 3583 et
1933 3532 2024 3598 qui
2066 3547 2165 3584 non
2212 3532 2413 3584 Imbett's
2458 3546 2756 3603 argentum,
2796 3534 2982 3598 uenite,
3026 3543 3075 3587 et
3118 3537 3271 3587 emite
3309 3534 3422 3587 sine

1847 3621 2012 3682 pretio
2032 3623 2101 3673 ".
2133 3620 2247 3692 Ego
2279 3625 2547 3678 universis
2574 3625 2883 3695 evangelice
2914 3624 3088 3679 clamo
3120 3644 3133 3680 :
3172 3626 3424 3693 Quisquis

1848 3711 2164 3767 morborum
2227 3712 2568 3769 sanationem
2629 3715 2761 3781 sitit,
2828 3714 3080 3772 vitiorum
3122 3717 3284 3771 animi
3329 3718 3422 3770 de-

1846 3802 2168 3876 pulsionem,
2187 3814 2530 3875 peccatorum
2546 3806 2960 3875 sbstersiouem,
2980 3822 3425 3880 qttartttncunqtte

1848 3897 2221 3954 calamitatum
2254 3897 2677 3965 submotionem,
2712 3901 2860 3972 regni
2890 3900 3131 3959 celestis
3161 3901 3420 3971 requiem,

1849 3988 1916 4046 ad
1946 4004 2031 4045 me
2063 4005 2186 4045 cum
2218 3988 2323 4047 ﬁde
2352 3992 2569 4059 veniat,
2603 3992 2913 4064 donumque
2947 3994 3132 4063 gratiae
3152 3992 3424 4061 reﬂlcscis-

1850 4080 2044 4136 simum
2073 4090 2236 4150 atque
2261 4081 2607 4139 utilissimum
2635 4083 2939 4139 exhauriat.
2968 4084 3425 4151 Quemadmodum

1849 4171 1992 4226 enim
2023 4186 2175 4241 aqum
2207 4173 2377 4227 virtus
2408 4180 2461 4227 et
2490 4177 2650 4235 actio.
2684 4182 2741 4227 ut
2768 4181 2822 4227 et
2853 4182 3011 4229 terra:
3067 4174 3335 4244 aerisque,
3366 4188 3428 4227 ac

1849 4262 2267 4332 splendidissimi
2297 4263 2446 4327 solis,
2477 4263 2705 4333 simplex
2739 4264 2864 4319 licet
2893 4273 3057 4333 atque
3084 4278 3185 4317 una
3217 4264 3306 4329 sit,
3340 4278 3429 4315 va-

1852 4356 1931 4411 rie
1958 4364 2136 4411 tamen
2165 4364 2220 4410 et
2244 4355 2539 4411 secundum
2562 4370 2748 4411 earum
2773 4371 2952 4411 rerum
2975 4355 3284 4425 qumipsius
3307 4370 3428 4423 par-

1857 4446 2048 4514 ticipes
2097 4453 2258 4511 sunt,
2310 4455 2558 4502 naturam
2611 4447 2946 4512 immtttatur,
2997 4446 3164 4517 ﬁtque
3214 4447 3265 4501 in
3319 4446 3429 4501 vite

1856 4536 2079 4603 quidem
2111 4537 2313 4595 vinum.
2354 4537 2407 4591 in
2447 4537 2584 4592 oliva
2626 4538 2836 4601 oleum;
2874 4539 2946 4590 ita
2986 4551 3197 4606 quoque
3231 4537 3425 4605 gratia,

1848 4629 2095 4699 quamvis
2117 4630 2343 4697 simplex
2371 4640 2423 4684 et
2448 4646 2549 4683 una
2568 4630 2659 4697 sit,
2684 4630 2831 4683 varie
2858 4638 3038 4682 tamen
3059 4639 3110 4683 et
3128 4645 3224 4696 pro
3247 4628 3430 4682 unius-

1851 4720 2111 4790 cujusque
2134 4720 2369 4774 utilitate
2389 4762 2403 4783 .
2428 4735 2518 4774 eos
2545 4736 2571 4773 a
2599 4722 2797 4789 quibus
2823 4719 3139 4790 percipitur,
3165 4717 3428 4773 beneﬂcio

133 4802 483 4870 κατηφείας
522 4802 802 4873 πρόξενος,
844 4803 1184 4873 εὐφροσύνης
1212 4803 1527 4867 ἀντίπαλος.
1564 4804 1753 4873 Μύρον

135 4895 478 4960 πολύτιμον
504 4894 783 4963 δέδεγμαι,
808 4896 904 4946 καὶ
932 4894 1029 4964 τῆς
1054 4895 1280 4958 εὐωδίας
1302 4894 1623 4964 μετείληφα,
1660 4896 1755 4947 καὶ

132 4991 215 5041 τὸ
248 4986 434 5057 μύρον
460 4986 632 5049 οὕτως
665 4987 859 5050 εὐῶδες
884 4987 976 5039 καὶ⁵
997 4985 1455 5057 δραστικώτατον,
1478 4986 1552 5050 ὼς
1582 4989 1753 5058 μικρᾷ

136 5078 483 5150 παραθέσει
516 5078 881 5148 ἀναφαίρετον
910 5077 1258 5149 δωρήσασθαι
1284 5078 1381 5148 τὴν
1411 5080 1712 5150 μετάληψιν
1735 5095 1748 5108 ο

131 5168 577 5242 ἀμεταμέλητα
603 5169 710 5238 γὰρ
730 5170 899 5231 ὅντως
942 5170 1011 5223 τά
1044 5170 1160 5223 θεῖα
1186 5170 1501 5240 χαρίσματα
1528 5187 1541 5200 °
1569 5172 1753 5243 πηγὴν

128 5257 523 5329 ειιφροσύνης
550 5256 783 5323 ἐξένισα,
822 5261 913 5312 καὶ
943 5261 1147 5332 ταύτης
1178 5261 1401 5314 ἀένναον
1442 5262 1749 5333 ὲπλούτησα

128 5353 270 5422 τήν
320 5348 635 5402 ἁνάῦλυσιν.

1852 4810 2032 4866 :d'iicit.
2062 4810 2172 4866 Nec
2202 4826 2329 4865 vero
2363 4813 2590 4882 gratiam
2625 4812 2762 4866 hanc
2793 4826 2821 4865 a
2856 4826 2971 4865 mea
3005 4820 3196 4865 natura
3232 4808 3425 4864 habeo.

1853 4899 2169 4968 Sepulcrum
2197 4915 2359 4954 omne
2386 4899 2558 4955 fetore
2588 4900 2800 4969 plenum
2829 4910 2935 4962 est,
2964 4897 3214 4953 mteroris
3240 4913 3426 4963 causa,

1858 4998 1911 5042 et
1940 4981 2141 5043 itetitice
2171 4990 2364 5043 hostis.
2390 4988 2587 5044 Verum
2622 4989 2915 5058 pretiosum
2947 4998 3276 5059 unguentum
3307 5002 3429 5043 sus-

1859 5081 2006 5151 cepi,
2036 5096 2099 5135 ex
2130 5096 2239 5150 quo
2269 5083 2448 5136 suavis
2478 5082 2609 5135 odor
2637 5081 2767 5135 mihi
2802 5082 3107 5151 impertitus
3134 5091 3216 5137 est
3250 5098 3264 5135 :
3295 5080 3426 5136 hoc-

1857 5187 1963 5241 que
2003 5182 2329 5241 unguentum
2370 5188 2429 5225 ea
2468 5172 2731 5227 suavitate
2771 5182 3025 5241 tantaque
3060 5172 3109 5225 vi
3148 5172 3429 5242 praeditum

1857 5273 1963 5331 est,
1992 5272 2048 5316 ut
2079 5263 2157 5316 vel
2192 5263 2381 5316 leviter
2410 5262 2706 5327 admotum,
2741 5261 2971 5317 fructum
3002 5261 3265 5330 ejusmodi
3296 5262 3429 5315 alie-

1860 5362 1962 5415 rat,
1994 5351 2137 5422 quod
2171 5350 2372 5405 auferri
2407 5366 2512 5404 non
2549 5352 2741 5418 possit.
2776 5348 2904 5405 Sine
2939 5350 3252 5419 paenitentia
3286 5350 3427 5404 enim

127 5455 303 5503 sunt
341 5442 520 5495 divina
553 5444 688 5496 dona
713 5441 779 5496 ".
812 5440 1002 5496 Gaudii
1040 5441 1240 5497 fontem
1272 5443 1504 5511 lt05pitio
1534 5446 1750 5515 excepi,
1792 5445 2151 5515 perennisque
2187 5443 2343 5512 hujus
2378 5444 2723 5513 scaturiginis
2758 5443 2961 5499 divitiis
2997 5441 3175 5498 efﬂuo.

231 5628 297 5658 ’⁸
350 5624 452 5677 isa.
487 5639 568 5684 LV,
603 5625 651 5677 i.
729 5626 776 5656 "
804 5624 960 5681 Rom.
994 5642 1050 5691 tt,
1082 5626 1173 5679 29.

236 5779 374 5846 rfjii)
414 5776 474 5828 ii.
512 5774 747 5845 Κυρίου.

496 5890 769 5953 Ρηιιοι..
819 5893 933 5954 Gn.
982 5895 1199 5960 XCVI.

1958 5776 2075 5849 (5'7)
2098 5775 2160 5831 Β.
2187 5776 2410 5849 φθορᾶς.
