4170 6454
106 406 216 460 753

1015 402 1315 458 HOMILIA
1358 403 1435 455 III
1473 401 1549 454 ΙΝ
1586 396 2090 456 DORMITIONBM
2129 405 2191 459 Β.
2233 407 2302 459 V.
2343 408 2614 463 MARIE.

3416 404 3520 459 754

109 527 321 599 λοσόνη
352 549 410 584 τε
437 529 527 584 καὶ
572 526 1028 603 μεγαλοπρέπεια,
1089 522 1182 577 σὺν
1229 523 1308 594 τῷ
1363 519 1585 594 ἆνάρχῳ
1641 523 1757 572 Πα-

1878 521 1938 577 ἱη
1970 525 2244 584 cordibus
2270 529 2489 586 nostris
2520 529 2780 597 habitet;
2814 529 2906 584 cui
2939 545 3073 584 cum
3105 530 3276 584 Patre
3308 533 3366 583 et
3387 545 3522 584 san-

106 620 219 693 τρὶ,
254 620 351 674 παὶ
380 618 460 691 τῷ
492 618 630 691 ἁγίῳ
659 615 951 686 11νε·3ματι,
985 613 1076 668 νῦν
1103 613 1193 667 καὶ
1226 612 1332 681 ἀεὶ,
1370 611 1458 665 καὶ
1509 608 1584 672 εἲς
1629 607 1755 670 τοὺς

111 709 318 771 αἶῶνας
346 713 452 762 τῶν
486 706 718 761 αἷὼνων.
755 705 948 776 Ἀμήν.

902 904 937 958 1.

106 1001 214 1050 Τοῦ
252 991 415 1049 αὖτοῦ
448 993 617 1070 λογος
642 1013 822 1069 τριτος
850 991 924 1070 εἷς
952 993 1051 1059 τήν
1083 993 1344 1064 κοίμησιν
1372 996 1472 1060 τῆς
1501 993 1760 1063 παναγῖας

719 1064 989 1120 Θεοτόκου
1021 1069 1154 1137 (63).

178 1182 243 1230 α’.
281 1176 443 1234 Ἕθος
479 1171 588 1227 ἐστὶ
620 1177 738 1234 τοῖς
768 1171 1044 1246 ἐρωτικῶς
1092 1171 1226 1239 πρός
1273 1192 1325 1224 τι
1377 1167 1762 1242 διακειμένοις,

106 1263 196 1317 ἐπὶ
229 1261 488 1336 γλώσσης
524 1261 603 1316 ἀεὶ
653 1266 813 1316 τοῦτο
867 1263 1069 1338 φέρειν,
1126 1260 1214 1314 καὶ
1273 1265 1352 1332 τῷ
1409 1264 1504 1332 νῷ,
1552 1258 1762 1329 νύκτωρ

102 1373 164 1406 τε
195 1353 288 1406 καὶ
325 1353 442 1424 μεθ’
473 1352 681 1425 ἡμέραν
707 1353 1080 1428 φαντάζεσθαι.
1143 1352 1234 1417 Μή
1296 1351 1363 1420 μέ
1407 1371 1489 1410 τις
1538 1346 1630 1403 οὖν
1677 1348 1766 1403 εὖ·

110 1441 342 1505 θυνέτω,
398 1440 442 1496 εἶ
501 1441 687 1514 τρίτον
744 1440 831 1494 ἐπὶ
889 1436 1227 1515 προλαϐοῦσι
1291 1437 1408 1492 δυσὶ
1473 1439 1535 1492 τὸ
1593 1439 1762 1512 παρὸν

103 1529 458 1602 ἐποιησάμην
491 1531 749 1605 ἐφύμνιον
780 1532 849 1600 τῇ
883 1530 1066 1604 Μητρὶ
1096 1534 1192 1583 τοῦ
1223 1533 1356 1582 Θεοῦ
1392 1549 1520 1600 μου,
1580 1527 1762 1601 ὣσπερ

99 1641 154 1674 τι
193 1619 369 1692 δῶρον
430 1617 657 1691 ἐξόδις-νο
719 1620 780 1674 οὐ
841 1620 946 1693 γὰρ
1001 1617 1136 1690 αὐτῇ
1195 1617 1582 1692 χαριζόμενος,
1639 1616 1764 1671 ἀλλ’

104 1708 332 1780 ἐμαυτῷ
373 1709 461 1761 καὶ
518 1714 632 1770 τοῖς
691 1712 954 1782 παροῦσιν
1018 1710 1170 1779 ὑμῖν,
1202 1706 1418 1761 ὦοεῖον
1473 1705 1562 1760 καὶ
1619 1707 1763 1781 ἱερὸν

106 1797 389 1868 σόστημα,
422 1793 558 1869 ὄψον
588 1795 917 1872 ψυχωφελὶς
947 1797 1038 1850 καὶ
1071 1799 1337 1868 σωτήριον
1387 1795 1662 1869 προτιθεὶς
1695 1798 1763 1868 τῇ

1867 612 2131 669 ctissimo
2166 619 2404 688 Spiritu,
2436 621 2642 692 gloria,
2668 621 2880 687 honor,
2907 624 3188 691 potestas,
3217 619 3526 688 maiestas,

1868 705 1925 753 et
1951 706 2408 776 magnificentia,
2441 726 2600 765 nunc
2633 715 2690 766 et
2720 727 2973 782 semper,
3004 714 3060 764 et
3083 710 3142 764 in
3169 709 3387 764 smcula
3409 725 3516 763 sae-

1868 789 2156 848 culorum.
2183 798 2390 852 Amen.

2664 908 2710 961 Χ

1872 988 2124 1054 Ejusdem
2171 995 2348 1046 oratio
2397 997 2562 1048 tertia
2629 997 2684 1048 in
2739 997 3118 1052 domuitionem
3165 998 3519 1053 sanctissimae

2461 1067 2558 1119 Dei
2587 1067 2900 1124 Geni-tricis.

1943 1169 1988 1219 1.
2025 1169 2238 1245 Eorum
2267 1170 2367 1240 qui
2398 1171 2482 1224 rei
2528 1171 2782 1242 alicujus
2839 1190 3037 1229 amore
3083 1176 3353 1249 ﬂagrant,
3393 1176 3522 1230 haec

1870 1258 2233 1312 consuetudo
2260 1265 2365 1326 est,
2400 1266 2465 1314 ut
2497 1260 2643 1316 illud
2671 1262 2730 1316 in
2762 1279 2862 1317 ore
2895 1269 2952 1318 et
2995 1272 3192 1320 mente
3227 1271 3517 1337 pexpetuo

1867 1347 2264 1418 ferant,idque
2283 1356 2458 1404 noctu
2484 1349 2701 1422 diuque
2717 1351 2824 1406 sibi
2843 1361 3285 1424 repraesentem.
3319 1357 3396 1410 Ne
3423 1372 3518 1409 me

1870 1437 2046 1509 igitur
2077 1438 2371 1509 quispiam
2411 1439 2743 1510 redarguat,
2781 1442 2827 1495 si
2861 1448 2993 1512 post
3022 1443 3168 1497 duos
3200 1461 3348 1514 quos
3379 1461 3518 1515 pro-

1869 1527 2136 1581 nuntiavi
2159 1527 2519 1583 laudatorios
2537 1546 2841 1585 sermones
2855 1531 3090 1585 tertium
3109 1532 3265 1586 hunc
3281 1550 3514 1604 quoque

1868 1615 2140 1682 habeam,
2169 1633 2344 1686 quem
2377 1619 2474 1672 llei
2509 1620 2624 1673 mei
2655 1621 2816 1674 Matri
2854 1625 3134 1690 tanquam
3192 1638 3408 1676 munus
3439 1621 3512 1674 ob

1870 1705 1996 1776 ejus
2029 1722 2332 1760 excessum
2366 1707 2624 1762 deferam
2655 1724 2668 1762 :
2703 1725 2822 1763 non
2855 1715 2919 1762 ut
2950 1709 3035 1762 illi
3067 1711 3266 1780 gratim
3289 1709 3516 1780 aliquid

1870 1811 1938 1849 ex
1973 1812 2063 1849 me
2097 1795 2344 1862 accidat,
2374 1796 2475 1850 sed
2506 1797 2652 1850 mihi
2687 1798 2906 1868 potius,
2938 1798 3218 1868 vobisque
3242 1799 3340 1868 qui
3374 1798 3517 1852 ade-

97 1888 224 1961 ἱερᾷ
254 1887 426 1960 ταύτῃ
459 1887 610 1940 νυκτὶ
652 1885 1028 1956 κατάλληλον,
1088 1887 1177 1940 καὶ
1236 1887 1604 1957 πνευματικὴν
1667 1897 1762 1949 θυ-

1877 1884 1994 1950 stis,
2027 1901 2060 1938 o
2092 1884 2286 1938 divine
2317 1891 2374 1939 et
2404 1902 2572 1939 sacer
2603 1891 2806 1953 cmtus,
2838 1887 2984 1939 utile
3019 1886 3234 1940 animis
3266 1892 3324 1940 et
3355 1886 3517 1939 salu-

103 1975 310 2048 μηδίαν
373 1974 835 2049 ἐμπορευόμενος.
898 1977 1086 2044 Σπάνη
1136 1980 1247 2045 (64)
1285 1975 1385 2050 γάρ
1456 1977 1624 2046 ἡμᾶς,
1683 1975 1756 2036 ὡς

105 2067 296 2139 ὁρᾶτε,
327 2062 645 2140 κατειλήφει
704 2069 812 2119 τῶν
865 2060 1171 2135 ἐδωδίμων.
1227 2063 1318 2117 Διό
1369 2060 1434 2130 δὴ
1487 2059 1757 2136 σχεδιάζω

103 2159 209 2225 τήν
238 2155 576 2226 πανδαισίαν,
605 2156 648 2210 εἰ
709 2157 798 2211 καὶ
865 2157 940 2229 μή
999 2154 1339 2218 πολυτελῶς,
1400 2151 1539 2227 μηδὲ
1596 2154 1756 2224 ἀξίως

92 2254 203 2314 τῆς
261 2244 616 2315 κεκληκυίας,
680 2244 826 2299 ἀλλά
881 2265 942 2319 γε
1022 2245 1121 2311 τήν
1193 2248 1377 2298 πεῖναν
1453 2242 1757 2317 ἀναγκαίως

96 2335 409 2408 δυναμένην
443 2337 961 2408 παραμυθήσασθαι.
996 2333 1072 2390 Οὐ
1102 2334 1204 2409 γάρ
1247 2331 1380 2401 αὕτη
1431 2338 1538 2387 τῶν
1588 2331 1760 2408 ἐγκω-

105 2426 251 2500 μίων
286 2423 558 2498 προσδεὴς
587 2429 695 2480 τῶν
725 2427 851 2497 παρ’
876 2427 1062 2496 ἡμῶν,
1090 2422 1217 2479 ἀλλ’
1267 2427 1429 2496 ἡμεῖς
1478 2431 1578 2492 τῆς
1632 2426 1759 2499 παρ’

105 2517 281 2586 αὐτῆς
315 2513 478 2586 δόξης
501 2513 757 2576 ἐπιδεεῖς.
790 2517 864 2572 Τὸ
897 2515 1000 2589 γάρ
1055 2511 1438 2586 δεδοξασμένον
1487 2518 1605 2576 πῶς
1665 2511 1758 2569 δο-

104 2611 434 2680 ξασθήσεται
462 2627 476 2676 ;
509 2610 569 2665 Ἣ
603 2609 877 2681 πηγήτοῦ
909 2607 1109 2682 φωτός,
1142 2607 1259 2668 πῶς
1319 2609 1757 2683 φωτισθήσεταις

103 2699 265 2757 Ἀλλ’
298 2701 434 2772 ἡμῖν
467 2698 672 2761 αὐτοῖς,
709 2695 777 2752 δι’
809 2699 884 2752 ὧν
914 2696 1150 2771 δρῶμεν,
1182 2694 1456 2769 πλέκομεν
1482 2696 1759 2774 στέφανον.

101 2795 193 2843 Ζῶ
247 2791 349 2863 γάρ
404 2786 529 2861 ἐγὼ,
589 2787 738 2862 λέγει
799 2786 1018 2862 Κύριος,
1074 2785 1164 2841 καί
1237 2787 1364 2848 τοὺς
1441 2783 1759 2856 δοξάζοντας

110 2900 181 2951 με
217 2875 449 2949 δοξάσω.
491 2875 619 2934 Ἡδὺ
657 2877 749 2948 μὶν
805 2878 910 2949 γάρ
964 2873 1150 2941 ὅντως,
1209 2873 1314 2944 ἡδῦ
1373 2877 1538 2930 ποτὸν
1595 2875 1760 2943 οἶνος,

106 2969 202 3022 καὶ
231 2967 506 3043 τρόφιμον
539 2965 702 3039 ἄρτος
737 2965 811 3028 εἷς
845 2966 1047 3040 βρῶσιν
1082 2968 1214 3037 (65).
1266 2966 1327 3021 Ὀ
1379 2965 1474 3036 μὲν
1523 2965 1626 3038 γάρ
1677 2964 1766 3019 εὐ-

110 3056 355 3130 φραίνει,
398 3057 425 3110 ὁ
485 3052 541 3109 δὲ
589 3051 810 3126 καρδίαν
848 3054 1133 3128 ἀνθρώπου
1180 3053 1440 3126 στηρίξει.
1487 3052 1659 3110 Ἀλλά
1714 3053 1765 3108 τί

109 3154 217 3214 τῆς
250 3144 476 3216 Μητρὸς
507 3144 602 3197 τοῦ
637 3147 770 3197 Θεοῦ
807 3165 908 3214 μου
958 3139 1219 3214 ἡδότερον
1255 3161 1268 3210 ;
1309 3143 1456 3212 Αὕτη
1521 3163 1625 3213 μου
1672 3143 1761 3197 τὸν

105 3239 242 3290 νοῦν
276 3232 420 3288 εἷλεν
455 3231 834 3308 αἰχμάλωτον·
868 3232 965 3299 τὴν
998 3230 1245 3306 γλῶσσαν
1296 3230 1428 3301 αὕτη
1481 3229 1759 3299 ἐληίσατο.
1799 3260 1841 3326 C

104 3324 320 3391 ταύτην
355 3322 496 3397 ὕπαρ
524 3342 582 3376 τε
613 3321 701 3376 καὶ
734 3317 861 3394 ὄναρ
896 3321 1252 3398 φαντάζομαι.
1315 3319 1464 3390 Αὕτη
1516 3324 1610 3374 τοῦ
1659 3322 1763 3374 Λό-

106 3435 218 3487 γου
253 3415 479 3484 Μήτηρ,
532 3411 621 3464 καὶ
666 3407 839 3485 λόγου
885 3410 1182 3479 καθέστηκε
1233 3409 1500 3484 χορηγός·
1555 3409 1617 3462 τὸ
1667 3417 1767 3479 τῆς

108 3502 334 3574 στείρας
387 3501 596 3571 κύημα,
647 3501 709 3554 τὸ
788 3499 1167 3575 καρποφόρους
1226 3500 1318 3560 τὰς
1395 3501 1766 3573 στειρευοόσας

105 3591 299 3666 ψυχάς
360 3589 736 3666 ἐργαζόμενον.
791 3587 1004 3658 Ταύτης
1049 3590 1147 3657 τὴν
1194 3589 1340 3662 ἱεράν
1379 3609 1438 3643 τε
1483 3587 1572 3642 καὶ
1627 3592 1770 3652 θείαν

110 3682 441 3755 μετάστασιν
501 3679 824 3754 ἑορτάζομεν
879 3679 1142 3752 σήμερον.
1191 3682 1347 3732 Δεῦτε
1393 3677 1592 3749 τοίνυν,
1645 3679 1767 3734 Ema-

111 3767 307 3842 ϐῶμεν
366 3769 502 3842 πρὸς
553 3769 614 3823 τὸ
667 3767 924 3840 μυστικὸν
987 3763 1134 3841 ὅρος,
1195 3768 1284 3822 καὶ
1342 3771 1446 3822 τῶν
1497 3769 1766 3843 βιωτικῶν

107 3861 204 3915 καὶ
248 3858 451 3914 ὑλικῶν
510 3857 791 3935 ἐμφάσεων
844 3858 1130 3932 γεγονότες
1186 3858 1493 3932 ὑπέρτεροι,
1540 3858 1627 3912 καὶ
1675 3860 1765 3913 τὸν

109 3944 344 4023 γνόφων,
374 3945 782 4010 ὑπεισελθόντες
802 3948 892 4001 τὸν
919 3952 1061 4010 θεῖον
1085 3946 1171 4000 καὶ
1204 3944 1474 4016 ἄληπτον,
1525 3946 1575 4002 ἐν
1630 3949 1766 4025 φωτῖ

103 4043 189 4109 τῷ
245 4037 373 4108 θείῳ
428 4037 730 4110 γενόμενοι,
789 4037 886 4104 τήν
947 4033 1378 4110 ἁπειροδύναμον
1439 4037 1768 4110 ὑμνήσωμεν

107 4126 370 4198 δᾶναμιν.
407 4131 530 4188 Πῶς
560 4127 586 4180 ὁ
619 4125 676 4180 ἐκ
704 4131 801 4194 τῆς
862 4125 1177 4197 περιουσίου
1211 4129 1320 4198 (66)
1355 4133 1622 4200 περιοπῆς
1667 4134 1767 4196 τῆς

108 4217 292 4270 iam
323 4215 412 4268 καὶ
463 4218 673 4268 πάντων
734 4213 1003 4282 ἐπέπεινα,
1065 4222 1161 4283 τῆς
1219 4222 1487 4290 πατρικῆς
1541 4217 1768 4289 γαστρὸς

112 4305 529 4378 ἀνεκεροιττςτως
588 4303 662 4364 εἷς
721 4304 818 4370 τὴν
878 4305 1205 4377 παρθενικήν
1269 4302 1434 4372 νηδὺν
1507 4301 1766 4375 καταϐάς,

113 4390 463 4464 συλληφθείς
496 4412 552 4444 τε
582 4392 670 4444 καὶ
701 4391 1020 4465 σαρκωθεῖς,
1079 4394 1169 4446 καὶ
1229 4391 1318 4447 διὰ
1356 4395 1553 4454 ,παθῶν
1611 4395 1767 4449 ἐκου-

110 4482 253 4542 σῖως
285 4477 509 4539 ὁδεύσας
565 4481 700 4552 πρὸς
761 4481 1006 4547 θάνατον,
1059 4482 1146 4534 καὶ
1211 4483 1345 4554 μετά
1396 4485 1649 4556 σώματος
1709 4483 1768 4538 ἐκ

105 4579 222 4646 γῆς
254 4571 354 4637 τήν
386 4575 634 4643 γέννησιν
670 4565 916 4642 ἔχοντος,
948 4570 1038 4622 καὶ
1096 4572 1268 4645 φθορᾷ
1313 4574 1659 4644 κτησάμενος
1706 4575 1764 4628 τὸ

107 4659 419 4737 ἄφθαρτον,
453 4656 588 4730 πρὸς
615 4658 704 4710 τὸν
752 4656 958 4729 Πατέρα
1016 4655 1178 4712 πάλιν
1240 4659 1622 4735 ἀναιροιτήσας,
1668 4664 1766 4729 τῆν

105 4749 288 4804 αὐτοῦ
321 4747 458 4800 κατά
507 4746 676 4820 σάρκα
733 4746 958 4816 Μητέρα
1015 4747 1150 4820 πρὸς
1207 4748 1296 4801 τὸν
1344 4753 1536 4802 ἑαυτοῦ
1579 4752 1763 4822 γεννή-

102 4857 255 4912 τορα
309 4833 668 4900 ἐπεσπάσατο,
723 4833 948 4908 οὐρανὸν
1001 4833 1238 4908 ἐπίγειον
1326 4837 1763 4912 χρηματίσασαν,

103 4928 257 5005 πρὸς
289 4927 388 4997 τήν
424 4924 739 5000 ἐπουράνιον
771 4931 875 5000 γῆς
912 4923 1240 5000 μετεωρίσας
1275 4946 1289 4996 ;

1591 5176 1739 5201 δ”*

191 5179 262 5252 β’.
324 5178 576 5249 Σήμερον
609 5178 644 5245 ἡ
681 5177 852 5244 νοητή
914 5175 1117 5248 κλίμαξ
1170 5180 1205 5248 ἡ
1266 5175 1537 5252 ἔμψυχος,
1587 5176 1656 5232 δι’
1703 5177 1771 5244 ἧς

103 5261 358 5328 καταϐάς
383 5266 411 5320 ὁ
441 5268 699 5339 Ὕψιστος
729 5263 815 5320 ἐπὶ
846 5269 950 5340 γῆς
1001 5261 1181 5344 ὤφθη,
1239 5266 1329 5322 καὶ
1387 5273 1505 5329 τοῖς
1563 5265 1771 5341 ἀνθρώ-

188 5431 232 5464 οτ
271 5433 286 5478 i
323 5431 458 5499 Reg.
488 5445 547 5496 ιι,
582 5430 671 5483 30.
747 5427 792 5462 θ’
819 5429 974 5485 Psal.
1009 5447 1125 5501 CIII,
1162 5434 1247 5488 15.

191 5585 312 5665 (63.)
341 5588 420 5639 Ex
451 5587 651 5642 codice
682 5589 1197 5662 Sangermanensi,
1229 5591 1425 5647 collat.
1479 5609 1611 5648 cum
1672 5592 1770 5646 Se-

113 5680 151 5734 ξς
158 5677 196 5714 υ
205 5673 376 5734 ΘΑΓ-ιῠᾶῐ]
384 5674 415 5708 0
424 5699 436 5710 .

191 5732 254 5805 (6
267 5731 314 5798 ’r)
344 5728 470 5799 Seg.
499 5727 634 5781 σπάν
646 5748 711 5789 ις,

1871 1976 2014 2037 tare,
2049 1988 2114 2026 ac
2146 1978 2536 2026 sacrosanctae
2596 1973 2803 2026 huicce
2857 1973 3015 2026 nocti
3063 1973 3510 2027 accommodum

1868 2061 2179 2114 obsonium
2221 2077 2536 2132 apponam,
2601 2061 3042 2132 spiritualisque
3098 2060 3512 2115 oblectationis

1868 2150 2100 2204 lucrum
2131 2151 2394 2204 aﬂ'eram.
2421 2149 2869 2204 Esculentorum
2895 2151 3111 2221 quippe
3135 2157 3333 2216 nos,ut
3353 2150 3509 2204 vide.-

1870 2240 1964 2305 tis,
1999 2239 2198 2309 inopia
2229 2239 2402 2310 cepit.
2435 2238 2828 2304 Quamobrem
2861 2240 3190 2294 convivium
3211 2239 3376 2294 vobis
3412 2256 3514 2293 ex-

1871 2333 2322 2399 temporaneum
2353 2345 2517 2399 paro,
2550 2327 2706 2398 quod
2740 2328 2877 2383 licet
2899 2345 3009 2383 nec
3028 2327 3514 2383 muniﬁcentissi-

1870 2434 2034 2472 mum
2059 2419 2153 2485 sit,
2177 2434 2285 2472 nec
2309 2434 2377 2472 ea
2395 2417 2634 2490 dignum
2655 2435 2784 2488 quin
2809 2435 2917 2472 nos
2937 2418 3222 2485 invitavit,
3253 2423 3516 2472 attamen

1869 2507 2086 2563 famem
2112 2507 2446 2562 necessario
2478 2523 2852 2578 compescere
2871 2507 3104 2578 poterit.
3137 2509 3333 2578 Neque
3358 2507 3518 2561 enim

1872 2598 2001 2668 ipsa
2033 2597 2307 2652 laudibus
2337 2598 2555 2652 nostris
2597 2597 2856 2664 indiget:
2924 2613 3126 2651 verum
3175 2613 3283 2651 nos
3329 2597 3517 2668 gloria

1873 2704 2004 2757 qua:
2037 2704 2104 2742 ex
2139 2687 2240 2741 illa
2267 2687 2418 2751 fluit,
2443 2703 2700 2758 egemus.
2729 2689 2869 2741 Nam
2894 2686 3191 2757 quodjam
3225 2691 3314 2740 est
3335 2685 3520 2757 gloria

1874 2777 2262 2842 cumulatum,
2296 2793 2553 2846 quanam
2585 2776 2772 2846 gloria
2800 2776 3146 2847 augebitur:
3181 2792 3246 2830 ac
3278 2774 3521 2828 luminis

1876 2867 2027 2932 fons,
2062 2881 2320 2935 quonam
2353 2871 2520 2936 pacto
2555 2860 2992 2918 illuminabitur
3012 2864 3038 2919 ἱ)
3062 2863 3237 2918 Nobis
3260 2879 3392 2918 vero
3419 2880 3524 2934 per

1875 2971 1944 3010 ea
1974 2971 2103 3025 quae
2135 2954 2383 3026 agimus,
2417 2953 2668 3007 corollas
2696 2953 2986 3007 nectimus
3013 2969 3024 3007 :
3068 2955 3198 3007 Viro
3224 2953 3364 3006 enim
3395 2969 3518 3020 ego,

1875 3043 1955 3098 ait
2013 3043 2298 3108 Dominus,“
2354 3043 2488 3112 quia
2544 3042 2912 3111 gloriﬁcantes
2968 3058 3050 3095 me
3103 3041 3421 3110 gloriﬁcabo
3451 3042 3515 3097 97.

1877 3135 2021 3188 Vere
2054 3132 2293 3203 quidem
2327 3132 2541 3198 suavis,
2575 3131 2792 3195 suavis,
2829 3131 3092 3200 inquam,
3116 3136 3290 3202 polus
3323 3135 3413 3185 est
3432 3129 3517 3182 vi-

1877 3239 2042 3289 num,
2077 3221 2534 3291 nutriendoque,
2570 3219 2818 3274 idoneus
2849 3227 2937 3274 est
2968 3220 3135 3290 panis
3165 3219 3265 3289 qui
3299 3219 3512 3274 editur.

1878 3310 2030 3364 Illud
2061 3309 2218 3363 enim
2252 3309 2530 3372 laitilicat;
2564 3307 2658 3361 hic
2688 3324 2788 3362 cor
2811 3307 3070 3362 hominis
3101 3308 3417 3361 confirmat
3445 3305 3508 3341 ⁸⁸·

1881 3400 1989 3455 Sed
2023 3399 2162 3469 quid
2197 3398 2293 3452 Dei
2327 3399 2503 3452 Matre
2537 3397 2816 3451 dulcius?
2851 3398 2980 3451 Haec
3011 3402 3269 3451 mentem
3321 3412 3516 3449 meam

1879 3489 2165 3559 captivam
2195 3492 2386 3542 tenet:
2417 3488 2540 3541 hanc
2573 3487 2832 3558 linguam
2857 3486 3195 3557 depraadata
3215 3491 3304 3539 est
3329 3501 3340 3538 :
3367 3485 3518 3538 hanc

1879 3579 1978 3633 diu
2011 3584 2307 3648 noctuque
2339 3576 2628 3631 meditor:
2665 3577 2810 3640 haec,
2835 3593 2970 3630 cum
2993 3575 3160 3630 Verbi
3186 3576 3514 3645 sitparens,

1878 3669 2051 3723 verba
2069 3684 2303 3738 quoque
2327 3667 2681 3738 suppeditat.
2707 3665 3042 3721 lnfecunda:
3065 3666 3218 3720 fetus
3244 3670 3351 3730 est,
3388 3681 3520 3734 qum

1879 3757 2228 3813 infecundos
2249 3757 2480 3811 animos
2502 3756 2834 3810 fructiferos
2855 3756 3070 3810 reddit.
3091 3756 3273 3825 Hujus
3288 3771 3520 3810 sacrum

1880 3849 2259 3914 divinumque
2285 3847 2601 3900 transitum
2622 3845 2795 3899 hodie
2819 3844 3319 3899 celebramusJﬂia
3343 3845 3516 3915 agite,

1879 3939 1950 3993 ad
1965 3943 2224 3991 montem
2250 3952 2387 4007 ergo
2413 3936 2725 4006 mysticum
2749 3933 3224 3995 ascendamusﬁt
3246 3933 3517 3998 terrenis,

1878 4045 1944 4083 ac
1975 4025 2237 4080 materiae
2267 4024 2537 4078 obnoxiis
2570 4023 2924 4094 imaginibus
2973 4022 3306 4092 superiores
3356 4022 3514 4086 facti,

1879 4122 2054 4186 atque
2088 4115 2145 4168 in
2181 4113 2409 4168 divinas
2440 4112 2712 4168 tenebras
2764 4129 2893 4181 qum
2942 4109 3361 4180 comprehendi
3412 4127 3518 4163 ne-

1879 4210 2124 4276 queunt,
2160 4202 2507 4268 intromissi,
2537 4201 2732 4254 divino
2765 4200 2990 4254 lumine
3016 4199 3518 4270 comparato.inli-

1878 4295 2063 4348 uitam
2087 4293 2360 4346 virtutem
2388 4290 2815 4346 collaudamus.
2841 4289 3179 4353 Quifactum
3205 4293 3310 4353 est,
3337 4294 3398 4340 ut
3421 4286 3519 4355 qui

1880 4400 1947 4437 ex
1981 4382 2308 4436 celsissima
2342 4387 2398 4434 et
2454 4379 2812 4448 incorporali
2869 4376 3127 4447 specula,
3175 4393 3304 4444 qum
3360 4381 3523 4428 extra

1877 4489 2113 4527 onmem
2142 4471 2331 4524 aleam
2356 4474 2464 4530 est,
2488 4475 2732 4537 paterno
2759 4483 2826 4519 ex
2843 4467 2976 4518 sinu
2999 4481 3117 4518 non
3144 4480 3432 4534 egressus,
3463 4463 3521 4516 in

1877 4560 2220 4630 virginalem
2255 4565 2485 4610 uti-rum
2519 4554 2907 4615 descendens,
2942 4558 2999 4606 et
3019 4558 3322 4621 assumpta
3345 4567 3522 4605 carne

1875 4654 2214 4717 conceptus,
2239 4644 2683 4712 voluntariaque
2707 4642 2980 4712 passione
2999 4641 3156 4694 adita
3171 4647 3520 4706 morte,cum

1875 4755 2118 4807 corpore
2152 4753 2220 4788 ex
2253 4741 2406 4787 terra
2430 4737 2753 4802 procreato,
2790 4731 3231 4799 incorruptione
3253 4747 3355 4800 per
3390 4746 3516 4783 cor-

1874 4826 2210 4895 ruptionem
2242 4821 2549 4890 acquisita,
2584 4819 2656 4873 ad
2689 4821 2919 4873 Patrem
2954 4820 3166 4872 iterum
3225 4835 3516 4872 reversus,

1877 4917 2117 4968 Matrem
2133 4928 2297 4965 suam
2322 4909 2645 4964 secundum
2660 4926 2898 4964 carnem
2916 4909 2988 4963 ad
3001 4909 3325 4979 genitorem
3342 4924 3512 4960 suum

1877 5002 2200 5067 attraxerit,
2231 5006 2286 5054 et
2309 4999 2494 5069 ipsam
2519 5016 2648 5069 qua:
2672 4999 2883 5053 caelum
2901 5003 3174 5052 terrestre
3206 4998 3417 5064 fuerat,
3442 4995 3511 5048 ad

1878 5090 2172 5146 cwlestern
2207 5095 2422 5141 terram
2447 5087 2799 5142 sustulerit?

2037 5179 2218 5233 Hodie
2269 5177 2426 5232 scala
2473 5177 2798 5249 spiritualis
2845 5177 3126 5244 animata,
3175 5193 3280 5246 per
3338 5191 3512 5244 quam

1880 5270 2218 5324 Altissimus
2249 5267 2616 5322 descendens
2648 5267 2708 5322 in
2743 5266 2913 5321 terris
2943 5267 3102 5320 visus
3134 5272 3240 5331 est,
3285 5270 3340 5316 et
3383 5277 3512 5315 cum

1954 5595 2062 5664 (633)
2095 5593 2222 5662 Seg.
2254 5585 2486 5664 βρωτόν.

1953 5655 2066 5736 (66)
2097 5655 2223 5734 Ξεᾷ.
2255 5655 2600 5734 ὗπεροι)σ⁴ίον.
