4170 6454
221 464 320 528 761

1158 457 1539 518 LAUDATIO
1580 458 1635 516 S.
1677 456 1883 516 JOAN.
1925 456 2468 517 CHRYSOSTOMI.

3342 452 3445 516 762

282 575 344 628 ε’.
382 574 545 628 Δεῦτε
563 612 577 636 ,
610 572 809 634 πάντες
836 568 1037 640 νοερῶς
1061 566 1412 637 ὲκδημούσης
1440 565 1783 636 συνεκδημή-

1958 569 2011 622 5.
2048 567 2145 621 Eia
2178 568 2340 638 agite.
2379 579 2568 620 omnes
2597 581 2699 619 una
2741 580 2863 620 cum
2900 567 3131 622 abeunte
3160 566 3447 621 abeamus.

212 684 415 737 σωμεν.
445 664 629 727 Δεῦτε,
667 664 864 723 πάντες
895 658 1120 730 καρδίας
1150 657 1302 727 πόθῳ
1333 657 1468 726 πρὸς
1497 656 1588 708 τὸν
1616 656 1785 723 τάφον

208 757 473 827 κατιούσῃ
514 752 964 823 συγκαταεῶμεν.
1014 750 1532 819 Περιστοιχήσωμεν
1578 748 1669 799 τὸν
1710 748 1786 799 ίε-

211 849 452 914 ρώτατον
477 843 801 913 κράὸδατον.
826 841 1065 910 ’Ύμνους
1098 840 1275 909 ἱεροὺς
1298 837 1539 908 ᾅσωμεν,
1565 837 1786 899 natm;

214 938 608 1008 μελῳδοῦντεςσ
634 933 829 1002 Χαῖρε,
853 930 1311 998 κεχαριτωμένη,
1339 932 1371 983 ό
1396 931 1609 996 Κύριος
1632 926 1784 997 μετὰ

210 1028 352 1080 σοῦ.
386 1027 633 1094 Χαίροις,
663 1026 695 1093 ὴ
722 1020 1112 1092 προωρισμένη
1137 1019 1333 1089 Μήτηρ
1354 1017 1509 1073 Θεοῦ.
1538 1017 1783 1088 Χαίροις,

208 1122 244 1187 ὴ
286 1114 763 1187 προεκλελεγμένη
796 1117 862 1182 τῇ
904 1112 1011 1181 πρὸ
1050 1110 1263 1164 αἰώνων
1296 1109 1459 1179 βουλῇ
1487 1108 1581 1161 τοῦ
1610 1106 1747 1161 θεοῦ
1769 1134 1789 1171 ,-

210 1209 318 1277 γῆς
352 1207 621 1260 θειότατον
644 1205 952 1275 βλάστημα,
979 1202 1148 1271 πυρὸς
1176 1198 1322 1252 θείου
1345 1200 1786 1267 κατοικητήριον,

214 1304 534 1369 Πνεῦματος
565 1300 721 1366 ἁγίου
754 1296 1049 1367 ἱερώτατον
1087 1294 1332 1363 ἄγαλμα,
1365 1293 1553 1357 ὓδατος
1588 1292 1786 1356 ζῶντος

212 1396 387 1465 πηγὴ,
418 1392 743 1462 παράδεισος
766 1388 860 1440 τοῦ
887 1388 983 1456 τῆς
1009 1386 1154 1455 ζωῆς
1176 1384 1334 1451 ξύλου
1353 1426 1365 1449 ,
1396 1386 1541 1437 θείου
1567 1384 1790 1455 βότρυος

210 1486 399 1554 κλῆμα
434 1483 678 1552 ἔμψυχον
713 1480 914 1549 νέκταρ
956 1478 1051 1529 καὶ⁵
1081 1476 1387 1547 ἀμϐροσίαν
1430 1476 1788 1546 πηγάζοντος,

210 1574 459 1644 ποταμὸς
501 1574 716 1642 πλήρης
771 1570 881 1623 τῶν
933 1568 1244 1640 ἀρωμάτων
1287 1567 1383 1620 τοῦ
1440 1568 1790 1637 Πνεύματος,

210 1669 424 1737 ἄρουρα
476 1664 570 1717 τοῦ
627 1663 772 1716 θείου
833 1661 1134 1729 άστάχυος,
1189 1660 1341 1730 ῥόδον
1394 1662 1459 1729 τῇ
1518 1659 1794 1730 παρθενίᾳ

212 1758 553 1827 φανώτατον,
614 1755 710 1809 καὶ
764 1754 941 1806 πνέων
993 1754 1058 1821 τῇ
1111 1751 1310 1821 εὐωδίᾳ
1372 1752 1473 1820 τῆς
1531 1752 1790 1824 χάριτος,

210 1850 397 1917 κρῖνον
453 1845 544 1898 τοῦ
597 1843 877 1915 βασιλικοῦ
926 1842 1356 1911 ἁμφιάσματος,
1409 1842 1660 1912 ἁμνὰςὴ
1713 1858 1795 1893 τε·

210 1939 387 1992 κοῦσα
418 1937 506 1989 τὸν
549 1934 744 2006 Ἀμνὺν
770 1935 862 1987 τοῦ
886 1934 1042 1999 Θεοῦ,
1086 1933 1176 1986 τὸν
1204 1932 1425 2004 αἴροντα
1465 1933 1565 2003 τὴν
1612 1934 1790 2002 ἀμαρ-
1821 1918 1863 1972 Β

206 2032 333 2082 τίαν
360 2028 450 2081 τοῦ
487 2029 715 2097 κόσμου,
748 2028 844 2096 τῆς
892 2026 1171 2097 σωτηρίας
1207 2024 1365 2093 ἡμῶν
1400 2026 1784 2094 ἐργαστήριον,

209 2120 519 2188 ἁγγελικῶν
569 2119 842 2188 ὑπερτέρα
884 2116 1193 2186 δυνάμεων,
1237 2114 1400 2181 δούλη
1436 2113 1531 2166 καὶ
1580 2115 1784 2183 μήτηρ.

210 2210 402 2273 Δεῦτε,
434 2210 524 2261 τὸν
566 2209 737 2275 τάφον
786 2205 1297 2277 περιστοιχήσωμεν
1338 2202 1430 2255 τὸν
1484 2203 1784 2272 ἀκήρατον,

212 2300 309 2354 καὶ
359 2300 507 2362 θείας
560 2296 904 2369 άρυσώμαθα
951 2297 1197 2367 χάριτος.
1271 2294 1471 2357 Δεῦτε,
1527 2294 1788 2363 ψυχικαῖς

211 2392 481 2460 ἀγκάλαις
524 2393 584 2445 τὸ
631 2390 989 2459 άειπάρθενον
1040 2389 1201 2459 σῶμα
1254 2387 1639 2459 βαστάσωμεν,
1695 2385 1790 2439 καὶ

215 2484 647 2552 συνεισὲλθωμεν
682 2482 825 2535 ἔνδον
862 2480 954 2534 τοῦ
987 2482 1267 2551 μνήματος
1288 2519 1304 2541 ,
1339 2481 1435 2533 καὶ
1478 2494 1790 2549 συννεκρω-

214 2574 421 2641 θῶμεν,
445 2574 555 2633 τοῖς
586 2571 685 2641 μὲν
710 2570 804 2623 τοῦ
836 2570 1089 2638 σώματος
1118 2572 1503 2638 ἁπογινὸμενοι
1533 2568 1786 2633 πάθεσιν,

214 2665 488 2726 συζῶν-τες
517 2663 573 2716 δὲ
612 2663 759 2733 ζωὴν
789 2662 974 2732 ἀπαθῆ
1002 2662 1098 2714 καὶ
1121 2662 1418 2733 ἀκήρατον·
1452 2657 1790 2713 ἀκουτισθῶ-

217 2774 321 2824 μεν
368 2757 492 2818 τοὺς
530 2754 707 2816 Θείους
752 2753 955 2823 ὕμνους
999 2752 1058 2817 ἐξ
1107 2752 1288 2806 ἁῢλων
1339 2750 1449 2804 τῶν
1482 2749 1790 2818 ἀγγελικῶν

215 2847 439 2916 χείλεων
478 2845 855 2916 προῖ-μένους.
900 2842 1246 2914 Εἰσέλθωμεν
1273 2843 1749 2914 προσκυνήσοντες
1772 2882 1787 2907 ,

213 2938 311 2989 καὶ
340 2936 556 3005 γνῶμεν
598 2933 692 2987 τοῦ
728 2934 1029 3003 μυστηρίου
1076 2932 1137 2985 τὸ
1180 2933 1350 2997 ξένον,
1377 2932 1453 2994 ὠς
1481 2927 1683 3003 ἦρται,
1714 2933 1791 2993 ὼς

217 3026 693 3097 μεμετεώρισται,
737 3025 811 3089 ὡς
851 3026 985 3094 πρὸς
1033 3025 1262 3095 οὐρανὸν
1297 3023 1573 3092 εἴληπται,
1611 3023 1687 3086 ὼς
1713 3021 1792 3092 τῷ

218 3118 335 3186 Υίῴ
364 3117 551 3169 πασῶν
579 3116 811 3186 ὕπερθεν
839 3116 948 3168 τῶν
979 3114 1288 3183 ἁγγελικῶν
1328 3114 1660 3182 παρίσταται
1691 3112 1791 3165 τά·-

216 3206 372 3269 ξεων·
405 3204 557 3255 οὐδὲν
587 3204 694 3274 γάρ
724 3205 889 3272 μέσον
918 3203 1135 3273 Μητρὸς
1166 3204 1258 3254 καὶ
1291 3202 1422 3255 Υίοῦ
1477 3201 1678 3255 Το”τόν
1707 3219 1745 3254 ση
1773 3219 1790 3254 ι

1885 661 2061 729 Agite,
2093 675 2284 713 omnes
2317 658 2587 713 desiderio
2619 661 2796 713 cordis
2818 674 2938 713 cum
2981 674 3042 714 ea
3093 674 3211 728 quae
3244 659 3297 713 in
3340 674 3453 713 mo-

1888 765 2201 805 numentum
2247 752 2548 815 descendit,
2577 752 2967 806 desceudamus
3000 769 3014 805 :
3050 752 3453 806 sanctissimum

1885 842 2167 911 grabatum
2203 842 2701 910 circumsepiamus.
2765 842 2962 896 Sacros
3000 844 3229 912 hymnos
3291 858 3455 895 cana-

1888 953 2027 999 mus,
2087 938 2189 990 hoc
2238 939 2396 989 modo
2440 934 2795 989 concinentes
2848 948 2862 986 :
2901 934 3026 996 Ave,
3061 933 3233 1002 gratia
3276 933 3453 1000 plena.

1892 1027 2144 1081 Dominus
2184 1027 2416 1081 tecum‘.
2467 1026 2580 1079 Ave
2606 1064 2620 1086 ,
2668 1039 2789 1090 qua:
2834 1023 3216 1091 pranlestiuata
3256 1040 3318 1077 es
3361 1022 3454 1076 Dei

1897 1119 2084 1173 Mater.
2114 1120 2248 1181 Ave,
2276 1131 2393 1183 qua:
2413 1114 2637 1170 consilio
2664 1112 2757 1167 Dei
2797 1124 2921 1167 ante
2945 1116 3142 1168 smcula
3176 1112 3454 1182 prmelecta

1888 1224 1967 1275 es,
1994 1219 2050 1262 ut
2088 1209 2328 1263 divinttm
2356 1221 2573 1278 germen
2606 1219 2756 1260 esses
2786 1204 2950 1259 divini
2998 1205 3139 1272 ignis
3179 1205 3459 1259 habitacu-

1892 1303 2023 1363 lmn,
2069 1303 2305 1369 Spiritus
2379 1301 2554 1355 sancti
2602 1309 2813 1353 sacrata
2870 1306 3071 1361 statua,
3121 1312 3273 1366 aquae
3322 1299 3457 1351 vivze

1893 1395 2038 1463 fons,
2079 1394 2208 1463 ligni
2244 1394 2368 1446 vita:
2410 1391 2713 1461 paradisus,
2763 1389 2930 1444 divini
2982 1389 3181 1443 racetni
3226 1388 3452 1457 palntes,

1892 1499 1958 1537 ex
1988 1488 2095 1553 quo
2131 1492 2313 1537 nectar
2344 1485 2639 1536 animatum
2662 1492 2715 1535 et
2744 1482 3015 1535 ambrosia
3035 1479 3412 1548 proﬂuxerunt
3441 1498 3455 1532 :

1892 1575 2088 1629 ﬂuvius
2117 1585 2422 1630 aromatum
2451 1575 2687 1645 Spiritus
2719 1575 2930 1642 plenus,
2958 1582 3097 1625 terra
3123 1571 3320 1624 divina:
3344 1570 3424 1637 spi
3445 1599 3458 1609 -

1895 1682 1992 1731 cae,
2026 1681 2147 1720 rosa
2179 1666 2495 1735 virginitate
2523 1666 2850 1727 clarissima,
2894 1672 2947 1716 et
2979 1662 3166 1732 gratia:
3211 1661 3460 1729 lragran-

1898 1756 2025 1808 tiam
2064 1756 2295 1824 spirans,
2338 1756 2467 1822 regii
2514 1754 2811 1808 indumenti
2852 1754 3043 1814 lilium,
3078 1767 3213 1821 agna
3248 1750 3457 1821 Agnum

1900 1846 1990 1901 Dei
2023 1846 2241 1914 pariens
2275 1845 2547 1899 tollentem
2583 1854 2860 1911 peccatum
2902 1842 3107 1906 mundi,
3143 1840 3331 1895 salutis
3361 1855 3459 1893 no-

1890 1948 2015 1991 stra:
2056 1936 2288 2001 oﬂicina,
2317 1936 2579 2004 angelicis
2632 1935 2989 2002 potestatibus
3028 1932 3332 1996 sublimior,
3362 1945 3459 1983 an-

1889 2028 2009 2083 cilla
2037 2037 2090 2081 et
2130 2038 2323 2089 mater.
2352 2028 2532 2097 Agite,
2560 2027 2969 2080 mundissimum
3006 2023 3313 2092 sepulcrum
3348 2022 3461 2076 cir-

1889 2121 2230 2186 cumdemus,
2280 2120 2631 2187 divinumque
2680 2118 2804 2171 inde
2844 2115 3075 2186 gratiam
3118 2116 3451 2168 hauriemus.

1888 2214 2068 2281 Agite,
2095 2212 2239 2265 ulnis
2277 2211 2443 2265 animi
2490 2223 2691 2278 corpus
2721 2217 2989 2277 perpetua:
3016 2206 3313 2272 virginitati
3354 2207 3453 2260 εισι-

1890 2304 2090 2359 dictum
2136 2313 2448 2373 gestemus,
2504 2302 2555 2354 in
2609 2308 3015 2354 monumentum
3077 2288 3470 2363 iutroeamus,

1889 2410 2103 2465 unaque
2137 2396 2451 2461 moriamur,
2502 2393 2764 2447 abdicatis
2810 2392 3029 2460 quidem
3080 2391 3325 2459 corporis
3373 2390 3459 2442 af-

1892 2487 2139 2550 fectibus,
2170 2485 2339 2557 886
2365 2485 2523 2539 simul
2555 2498 2686 2538 vero
2712 2498 2834 2538 cum
2879 2497 2941 2536 ea
2975 2482 3104 2535 nulli
3138 2481 3241 2534 labi
3264 2520 3278 2545 ,
3326 2480 3455 2535 nttlli

1888 2579 2021 2634 vitio
2068 2577 2355 2632 obnoxiam
2396 2578 2655 2629 ducentes
2707 2574 2914 2639 vitam;
2966 2573 3175 2627 divinos
3216 2573 3457 2640 denique

1891 2673 2130 2726 canticos
2158 2685 2222 2723 ex
2268 2667 2528 2735 angelicis
2553 2665 2712 2721 labiis
2750 2665 2884 2719 nulli
2916 2664 3156 2718 materiae
3195 2663 3459 2732 subjectis

1890 2758 2088 2814 ell‘usos
2133 2759 2433 2812 audiamus.
2483 2756 2819 2809 lntroeamus
2844 2753 3140 2815 adoraturi,
3186 2752 3457 2821 mysterii-

1891 2864 1995 2918 que
2020 2850 2311 2902 novitatem
2348 2860 2766 2917 cognoscamus,
2799 2855 2856 2898 Ill.
2905 2843 3069 2909 elata,
3114 2854 3172 2898 ut
3219 2843 3454 2908 sublata,

1891 2950 1949 2992 ut
1982 2940 2033 2991 in
2068 2938 2264 2992 castum
2293 2937 2469 2990 delata
2506 2942 2610 2998 est,
2645 2945 2700 2987 ut
2724 2933 2861 2987 Filio
2884 2947 3048 3002 super
3074 2947 3263 2987 omnes
3293 2948 3457 3000 ange-

1891 3026 2064 3084 lorum
2115 3029 2321 3083 classes
2365 3037 2548 3083 astat:
2603 3026 2737 3080 nihil
2788 3025 2930 3080 enim
2976 3025 3122 3078 inter
3155 3023 3351 3079 Filium
3398 3034 3455 3079 et

1891 3120 2113 3175 Matrem
2153 3119 2317 3173 medii
2341 3127 2443 3173 est.
2486 3117 2639 3172 llane
2668 3118 2734 3169 ad
2770 3128 2821 3170 te
2851 3117 2917 3170 de
2944 3124 3035 3170 tuo
3060 3116 3208 3170 exitu
3239 3116 3452 3171 tertiam

1892 3229 1969 3279 ora
1995 3215 2047 3265 ιτ·
2071 3228 2103 3265 n
2126 3230 2151 3245 τ
2180 3230 2183 3233 λ
2229 3222 2353 3281 post
2380 3210 2514 3264 duas
2548 3209 2689 3263 alias
2717 3208 2901 3271 habui,
2929 3222 3050 3261 cum
3092 3222 3299 3262 summa
3328 3222 3454 3276 erga

208 3297 306 3349 τὸν
334 3294 537 3359 ἐξόδιον
583 3294 737 3363 λόγον
766 3296 947 3366 τρίτον
1002 3295 1096 3346 ἐπὶ
1124 3296 1236 3356 τοῖς
1280 3294 1402 3347 δυσ)⁵
1438 3294 1782 3364 πεποίημαι,

1892 3276 2211 3357 Trinitatem
2231 3276 2555 3355 reverentia
2587 3307 2642 3352 et
2672 3298 2970 3361 desiderio,
3000 3296 3087 3351 cui
3114 3311 3181 3351 ex
3214 3297 3456 3366 compla-

209 3386 400 3457 Μῆτερ
430 3385 567 3438 Θεοῦ
590 3426 604 3449 ,
631 3386 769 3439 αίδοτ
794 3387 886 3438 καὶ
909 3384 1060 3455 πόθῳ
1080 3384 1180 3451 τῆς
1207 3384 1436 3455 Τριάδος
1462 3378 1496 3456 ᾖ
1521 3383 1788 3454 ἐλειτούρ-

207 3495 389 3547 γησας
418 3480 482 3547 τῇ
507 3479 741 3547 πατρικῇ
764 3476 979 3548 εὐδοκία
999 3516 1013 3537 ,
1045 3479 1137 3531 καὶ
1158 3481 1222 3547 τῇ
1242 3476 1470 3545 δυνάμει
1498 3474 1592 3527 τοῦ
1620 3475 1787 3528 Πνεῦ-

212 3585 409 3637 ματος,
449 3568 537 3619 τὸν
585 3569 820 3636 ἄναρχον
854 3568 1045 3634 Λόγον,
1090 3568 1190 3636 τὴν
1235 3565 1643 3634 παντοδύναμον
1691 3564 1786 3617 τοῦ

206 3658 349 3712 θεοῦ
377 3658 642 3727 δεξαμένη
676 3658 867 3723 σοφίαν
893 3659 985 3710 καὶ
1009 3657 1257 3727 δύναμιν.
1292 3657 1455 3727 Δέχου
1489 3655 1668 3708 τοίνυν
1688 3655 1787 3726 τὴν

209 3748 548 3820 προθυμίαν,
575 3748 674 3816 τὴν
702 3747 930 3818 δύναμιν
958 3748 1378 3818 ὑπεραίρουσαν,
1412 3745 1665 3800 κα¹ιδίδου
1688 3745 1788 3817 τὴν

210 3839 511 3908 σωτηρίαν,
555 3837 743 3890 παθῶν
772 3837 1017 3905 ψυχικῶν
1052 3837 1428 3907 ἀλλοτρίωσιν,
1468 3835 1640 3887 νόσων
1676 3851 1786 3887 σω-

212 3927 462 3999 ματικῶν
500 3928 755 3994 λόφωσιν,
805 3928 1179 3997 περιστάσεων
1225 3925 1414 3992 λύσιν,
1468 3924 1581 3993 βίου
1621 3922 1789 3993 γαλη-

206 4021 369 4074 ναίαν
416 4020 773 4081 κατάστασιν,
815 4018 1094 4087 φωτισμὸν
1149 4017 1485 4086 Πνεύματοςο
1525 4017 1618 4069 τὸν
1649 4018 1787 4089 πρὸς

204 4112 303 4164 τὸν
349 4112 442 4163 σὺν
492 4110 614 4162 Υἱὸν
651 4108 814 4162 πόθον
865 4108 1259 4179 ὲκπύρσευσον,
1307 4108 1598 4177 εὐάρεστον
1639 4107 1788 4178 αὐτῷ

205 4204 300 4257 τὸν
336 4203 449 4272 βίον
496 4202 653 4273 ἡμῶν
690 4202 1052 4270 κατάστησον,
1102 4199 1178 4262 ὠς
1215 4200 1281 4253 ἂν
1312 4200 1406 4253 καὶ
1440 4200 1538 4273 τῆς
1577 4200 1788 4254 ἐκεῖθεν

202 4270 466 4362 τυχόντες
512 4270 941 4361 μακαριότητος,
989 4292 1056 4359 τῇ
1104 4287 1237 4340 Υἱοῦ
1276 4288 1401 4361 δόξῃ
1444 4270 1678 4358 ὁρῶντές
1728 4306 1787 4342 σε

201 4384 713 4453 ὲξαστράπτουσαν,
752 4381 953 4449 ὕμνους
989 4381 1167 4449 ἱεροὺς
1196 4378 1627 4448 ἀναπέμψωμεν,
1656 4379 1789 4432 αἰω-

199 4477 337 4538 νίως
364 4474 803 4545 εὐφραινόμενοι,
840 4474 897 4523 ἐν
928 4470 1194 4540 ἐκκλησίᾳ
1222 4468 1590 4540 ἑορταζόντων
1622 4468 1787 4533 ἀξίως

1888 3394 1997 3449 cito
2023 3392 2223 3455 Patris,
2245 3400 2300 3445 et
2322 3389 2556 3459 Spiritus
2594 3389 2793 3443 virtute
2842 3388 3185 3450 ministrasti,
3216 3386 3453 3443 Verbum

1890 3481 2145 3551 principii
2174 3494 2390 3547 expers,
2432 3479 2970 3547 ontnipotentetnque
3000 3478 3092 3531 Det
3130 3477 3451 3545 sapientiam

1888 3580 1943 3623 et
1995 3569 2309 3623 facultatem
2354 3565 2693 3635 excipiendo.
2754 3565 3021 3619 Conatum
3079 3566 3260 3634 itaque
3307 3566 3454 3621 vires

1891 3675 2042 3715 meas
2083 3661 2435 3714 excedentem
2482 3659 2721 3726 suscipe,
2756 3658 2984 3711 salutem
3029 3658 3245 3726 prmbe,
3287 3657 3455 3712 vitio-

1890 3767 2007 3806 rum
2059 3750 2225 3803 animi
2279 3749 2704 3814 alienationem,
2772 3747 3155 3816 agritudintttn
3210 3750 3458 3817 corporis

1888 3844 2152 3911 quietem,
2194 3841 2635 3895 adversariorum
2681 3852 2903 3891 casuum
2950 3837 3298 3902 solutionem,
3334 3838 3463 3892 vitae

1892 3934 2239 4003 tranquillam
2270 3931 2661 3991 conditionem,
2706 3929 2946 3999 Spiritus
2977 3928 3453 3985 illuminationem.

1887 4025 2141 4077 Amorem
2185 4022 2239 4074 in
2279 4019 2473 4073 Filium
2501 4027 2648 4071 tuum
2688 4019 2947 4083 accende,
3002 4022 3165 4071 vitam
3210 4028 3455 4074 nostram

1888 4127 2006 4180 quae
2035 4110 2109 4164 illi
2140 4118 2292 4178 grata
2322 4109 2414 4173 sit,
2455 4108 2697 4171 institue,
2750 4118 2808 4161 ιιι
2841 4110 3113 4165 beatitatis
3140 4127 3260 4180 qua:
3307 4117 3450 4183 apud

1890 4204 2064 4270 ipsum
2092 4212 2201 4263 est,
2229 4200 2523 4269 participes
2571 4199 2718 4261 facti,
2768 4208 2820 4253 te
2846 4199 2969 4255 Nati
3018 4203 3093 4255 tui
3151 4204 3319 4273 gloria
3360 4221 3451 4262 re-

1889 4294 2259 4364 splendentem
2290 4291 2583 4353 intuentes,
2622 4304 2807 4345 saeros
2856 4292 3087 4360 hymnos
3116 4295 3453 4362 emittamus,

1889 4396 2091 4439 aeterna
2128 4383 2512 4449 oblectatione,
2559 4383 2612 4436 in
2667 4397 2854 4437 eorum
2904 4398 3196 4452 conventu,
3228 4388 3318 4455 qui
3353 4405 3453 4457 pro

1890 4476 2152 4541 dignitate
2175 4474 2410 4544 Spiritus
2437 4473 2573 4529 festa
2599 4475 2896 4538 celebrant,
2931 4475 2983 4528 in
3019 4475 3163 4531 illius
3188 4478 3455 4533 honorem

197 4568 303 4622 τοῦ
342 4567 677 4637 Πνεῦματος,
710 4564 788 4634 τῷ
817 4563 907 4618 διὰ
951 4562 1049 4616 σοῦ
1086 4563 1168 4633 τὴ·
1222 4561 1493 4631 σωτηρίαν
1530 4562 1685 4631 ἡμῶν
1706 4562 1787 4613 oi-

1891 4569 1981 4640 qui
2013 4582 2109 4637 per
2162 4576 2211 4621 te
2263 4566 2490 4621 salutem
2539 4576 2778 4621 nostram
2814 4576 2897 4622 est
2937 4578 3212 4635 operatus,
3243 4570 3454 4626 Christi

196 4659 590 4729 κοδομήσαντι,
616 4655 834 4726 Χριστῷ
850 4654 927 4725 τῷ
945 4654 1058 4725 Υἱῷ
1077 4653 1172 4706 τοῦ
1188 4652 1321 4706 Θεοῦ
1348 4654 1443 4706 καὶ
1463 4652 1581 4722 θεῷ
1601 4650 1776 4721 ήμῶνσ

192 4743 245 4816 ᾧ
296 4750 330 4818 ἡ
369 4747 497 4813 δόξα
527 4764 620 4800 και
652 4746 713 4798 τὸ
750 4746 986 4815 κράτος,
1032 4745 1128 4797 σὺν
1175 4743 1253 4813 τῷ
1290 4744 1512 4814 άνάρχῳ
1562 4744 1737 4812 Πατρὶ
1764 4784 1775 4795 .

195 4840 302 4894 καὶ
341 4839 420 4908 τῷ
472 4841 724 4909 παναγίῳ
767 4841 860 4892 καὶ
900 4839 1145 4909 ζωοποιῷ
1193 4839 1500 4909 Πνεύματι,
1534 4837 1652 4900 νῦν,
1684 4840 1779 4892 καὶ

193 4932 293 4986 ἀεὶ
317 4969 332 4993 ,
361 4932 456 4983 καὶ
485 4934 564 4994 εἰς
591 4934 717 4995 τοὺς
745 4932 1065 5001 σύμπαντας
1087 4932 1185 4993 καὶ
1217 4931 1608 5001 ἀτελευτήτους
1637 4930 1775 4985 αἰῶ-

191 5040 301 5085 νας
329 5022 437 5076 τῶν
462 5023 691 5077 αἰώνων.
738 5026 927 5094 Ἀμήν.

934 5137 1033 5189 1Α’.

196 5247 317 5303 Τοῦ
352 5248 424 5301 ἐν
450 5249 640 5316 ἁγίοις
670 5248 901 5315 Πατρός
933 5246 1101 5316 ἡμῶν
1144 5247 1422 5301 Ἰωάννου
1448 5247 1554 5301 τοῦ
1592 5247 1780 5311 Δαμα-

270 5318 507 5381 σκηνοῦ
540 5318 827 5386 ἐγκώμιον
852 5320 937 5383 εἰς
960 5319 1067 5371 τὸν
1099 5318 1269 5387 ἅγιον
1309 5317 1599 5382 Ἰωάννην
1625 5318 1775 5382 Χρυ-

271 5387 583 5454 σὸστομον
609 5388 743 5457 (72).

265 5498 338 5554 α’.
385 5499 530 5553 Ἔδει
563 5503 681 5571 μὲν,
702 5496 747 5554 ὧ
786 5500 1000 5571 Ἰωάννη
1032 5501 1339 5571 πάγχρυσε,
1371 5501 1494 5563 τοὺς
1529 5498 1638 5552 τῶν
1668 5498 1777 5551 σῶν

268 5656 291 5686 ⁸
326 5655 457 5710 Luc.
511 5672 550 5719 ι,
581 5656 675 5712 28.

264 5772 381 5851 (72)
414 5768 488 5825 Ex
513 5768 884 5851 illustrissimi
1060 5764 1299 5851 Mauri-lii
1322 5763 1644 5851 l.e1'l‘ellic‘r,
1668 5780 1765 5851 fir-

188 5834 526 5913 chiepiscopi
556 5839 857 5903 “emensis,
894 5837 1075 5893 codice
1110 5836 1199 5905 qui
1233 5834 1447 5889 transiit
1480 5836 1529 5887 in
1566 5834 1763 5889 Biblio-

1890 4660 1983 4713 Dei
2017 4657 2164 4722 Filii,
2196 4658 2287 4712 cui
2312 4658 2484 4727 gloria
2517 4667 2573 4712 et
2607 4658 2894 4727 imperium
2937 4673 3058 4711 cum
3105 4658 3263 4713 Patre
3301 4663 3453 4731 prin-

1886 4751 2013 4819 cipii
2067 4750 2290 4814 nescio,
2347 4748 2809 4814 sanctissimoqne
2853 4760 2906 4801 et
2947 4748 3161 4803 viviﬁco
3202 4751 3447 4819 Spiritu,

1888 4856 2029 4894 nunc
2068 4850 2121 4893 et
2167 4854 2407 4907 semper,
2457 4850 2513 4893 et
2562 4843 2614 4893 in
2660 4840 2866 4905 omnia,
2900 4849 2955 4894 et
2986 4840 3195 4895 intinita
3254 4846 3452 4900 saecula

1884 4934 2227 4988 steculorum.
2262 4936 2459 4987 Amen.

2618 5131 2710 5185 XI.

1883 5246 2070 5302 Sancti
2104 5245 2283 5299 Patris
2323 5254 2488 5297 nostri
2538 5244 2762 5297 Joannis
2807 5242 3120 5297 Damascem'
3177 5244 3348 5298 oratio
3394 5246 3447 5298 in

2117 5317 2325 5369 tandem
2353 5316 2526 5367 sancti
2564 5314 2791 5367 Joannis
2817 5312 3201 5382 Cltrysouomi.

1954 5497 2004 5549 l.
2040 5492 2275 5549 Necesse
2333 5491 2552 5559 quidem
2607 5502 2744 5553 erat,
2788 5506 2820 5544 ο
2850 5490 3122 5553 Joannes,
3169 5492 3259 5559 qui
3306 5501 3448 5545 totus

1874 5762 2083 5815 thecam
2113 5762 2354 5829 Regiam.
2385 5762 2690 5816 Orationem
2726 5762 2865 5814 hanc
2901 5760 3130 5814 Saxtllus
3166 5758 3367 5824 habuit,
3393 5770 3443 5816 et

1871 5832 2100 5889 Atlatius
2130 5836 2192 5887 ad
2220 5834 2297 5885 Cl.
2330 5834 2623 5887 ΛιιιιςῐῑιΜι
2653 5835 2890 5886 miserat.
