4170 6454
202 438 313 501 765

1171 443 1553 504 LAUDATIO
1595 443 1654 501 S.
1692 438 1901 501 JOAN.
1942 440 2494 500 CHRYSOSTOMI.

3366 432 3470 496 766

201 559 303 613 καὶ
324 557 605 629 διαίρεσιν.
640 552 777 608 οὔτε
796 552 859 607 τὸ
888 552 1087 606 ἑνιαῐον
1120 567 1545 619 τιιῖκςχυμινςιν.
1575 546 1698 601 οὒτε
1727 548 1772 600 τί

1891 562 2009 616 qua
2045 549 2296 601 unionem
2338 546 2851 618 distinctionemque
2895 551 3132 605 humano
3175 561 3334 620 captu
3373 567 3471 607 su-

200 643 427 715 τρισσὸν
454 641 522 695 δι’
553 640 748 711 ἀμπαξ
771 639 1149 711 διαιρούμενον
1176 664 1183 670 -
1227 643 1284 687 ὲν
1315 640 1529 708 Θατέρῳ
1568 638 1620 689 δὲ
1656 654 1784 689 συν-

200 732 544 806 τηρούμενον
573 732 822 804 θάτερον,
859 734 920 784 ὲν
956 733 1022 802 τῇ
1062 732 1246 783 Evince:
1316 732 1411 799 μὲν
1447 730 1547 799 τῆς
1596 728 1785 791 οὐσίας

199 827 315 879 τῶν
345 823 698 880 ὑποστάσεων
725 827 786 877 τδ
811 823 1017 877 ινιαῖόν
1032 838 1093 875 τι
1118 822 1209 873 καὶ
1236 823 1331 886 τῆς
1360 823 1575 889 φύσεως
1600 823 1781 890 ἀπαρκ

202 916 496 971 ἀλλακτον.
533 916 721 969 Ταῦτα⁵
776 916 959 968 πᾶσαν
989 912 1088 984 τὴν
1126 916 1453 981 οἰκουμένην
1505 910 1769 978 ἐδίδαξας,

209 1008 342 1078 μίαν
372 1008 602 1079 θεότητα
630 1008 1064 1079 τρισυπόστατον
1089 1008 1147 1059 ἐν
1184 1008 1279 1075 pri
1310 1008 1420 1058 των
1445 1004 1618 1074 αὐτῆς
1648 1006 1783 1057 ὑπο-

210 1100 458 1154 στάσεων
498 1100 695 1163 ὁλικῶς
736 1102 871 1169 ἡμῖν
902 1102 1305 1168 κοινωνήσασαν
1334 1111 1347 1122 ⁴
1400 1099 1427 1151 2‘.
1467 1097 1523 1150 ss
1578 1100 1727 1150 ἐστιν
1754 1098 1784 1151 ό

205 1191 339 1253 Υἱὸς
364 1190 458 1243 τοῦ
491 1190 626 1243 Θεοῦ
659 1191 755 1242 καὶ
798 1189 993 1258 Λόγος,
1026 1190 1056 1241 ὁ
1101 1188 1318 1259 ἀπαθὴς
1364 1187 1581 1254 παθητῇ
1624 1188 1783 1255 φύσει

205 1280 534 1349 ἐνούμενος,
568 1281 662 1333 καὶ
700 1279 872 1334 ταῦτα
920 1280 1085 1335 οἱονεὶ
1114 1281 1514 1350 ὑφιστάμεναΗ
1566 1281 1659 1333 καὶ
1690 1280 1783 1333 τοῦ

204 1368 347 1425 εἶναι
385 1372 689 1443 ἀρχόμενος
713 1414 726 1437 ,
758 1374 1134 1443 σαρκούμενός
1171 1389 1232 1425 τε
1263 1374 1359 1425 καὶ
1388 1372 1780 1441 παχυνιόμενος,

206 1458 305 1511 καὶ
330 1460 359 1511 ὁ
390 1460 594 1523 ἀπλοῦς
630 1463 696 1530 τῇ
732 1463 894 1529 φύσει
926 1461 1145 1531 φύσεως
1195 1462 1495 1531 προσλήψει
1536 1462 1747 1514 συντιθέ
1769 1492 1783 1503 -

209 1567 395 1619 μενος,
438 1552 533 1604 καὶ
586 1552 779 1623 διφυὴς
824 1553 1039 1624 ἀληθῶς
1091 1553 1491 1624 γνωριζόμενοι,
1520 1598 1534 1618 ,
1570 1555 1647 1616 ὡς
1688 1554 1784 1603 δυη

207 1640 402 1703 φύσεις
427 1640 610 1712 φέρων
641 1642 779 1712 μετά
808 1642 909 1711 τὴν
944 1643 1159 1706 ἕνωσιν,
1191 1643 1250 1708 ἐξ
1276 1636 1351 1695 ὧν
1383 1642 1440 1694 ἓν
1471 1644 1616 1694 ἐστιν
1641 1644 1783 1705 ειπερ

206 1732 558 1801 κηρύττεται·
588 1732 810 1797 τελείως
839 1734 1068 1804 ἔχουσαν
1094 1734 1333 1802 ἑκάστην
1364 1737 1504 1786 κατὰ
1534 1734 1624 1785 τὸν
1662 1734 1780 1802 ὅρον

201 1838 263 1875 τε
295 1822 390 1875 καὶ
417 1822 574 1889 λόγον
593 1823 687 1876 τὸν
716 1825 938 1894 ἑαυτῆς,
975 1823 1075 1893 τὴν
1110 1824 1207 1893 μὲν
1234 1822 1472 1893 ἀναρχόν
1498 1842 1555 1874 τε
1594 1824 1686 1874 καὶ
1720 1830 1755 1876 ἀ

1886 636 2151 704 perierem
2212 637 2423 702 habeat,
2499 638 2707 689 unitate
2764 640 2978 706 quidem
3024 639 3380 707 confusionis,
3415 654 3469 697 et

1888 727 2128 781 ternario
2155 728 2436 783 divisionis
2464 742 2689 797 experte
2715 744 2939 798 prorsus
2970 734 3313 799 persistente.
3339 735 3461 801 Quo

1887 819 1945 872 lit
1977 828 2033 872 ut
2072 817 2303 872 alterum
2347 819 2398 871 in
2423 820 2593 873 altero
2619 820 2692 875 sit
2716 820 2959 887 salvum;
2993 822 3045 876 in
3074 825 3275 881 unione
3314 826 3466 881 scili-

1884 922 1970 966 cet
2014 911 2331 966 substantia:
2372 915 2550 966 unitas
2590 928 2970 983 personarum,
3014 924 3070 970 et
3119 926 3325 972 natura:
3372 933 3465 987 per

1885 1002 2063 1056 omnia
2105 1002 2476 1059 conforntitas.
2539 1003 2663 1057 Haec
2717 1006 2948 1060 docuisti
3003 1006 3192 1061 orbem
3245 1010 3465 1063 univer-

1897 1109 2041 1157 sum,
2089 1095 2345 1147 deitatem
2392 1110 2553 1148 unam
2593 1096 2647 1149 in
2696 1097 2871 1151 tribus
2900 1099 3309 1169 ltypostasibus,
3344 1116 3465 1170 qua:

1887 1183 1941 1237 in
1977 1186 2341 1253 hypostasiun;
2391 1199 2611 1238 suarum
2653 1201 2758 1240 una
2801 1188 2959 1254 plene
3010 1190 3166 1243 nobis
3196 1191 3463 1259 perfecte-

1884 1291 1989 1345 qne
2036 1277 2430 1331 communicata
2483 1277 2573 1331 sit.
2627 1276 2752 1333 Haec
2812 1292 2990 1335 autem
3041 1282 3131 1336 Dei
3179 1281 3354 1337 Filius
3403 1295 3461 1338 ct

1892 1370 2119 1423 Verbum
2148 1379 2252 1435 est,
2285 1370 2375 1438 qui
2414 1384 2535 1423 cum
2574 1370 2797 1424 minime
2832 1372 2946 1439 pati
2976 1381 3182 1440 posset,
3213 1390 3334 1428 cum
3368 1391 3449 1444 pa.

1888 1460 2022 1515 tibili
2066 1472 2255 1514 natura
2304 1460 2586 1529 capulatus
2630 1459 2752 1525 fuit,
2800 1477 3075 1532 unumque
3120 1473 3177 1519 et
3222 1466 3361 1519 idem
3398 1482 3463 1523 ac

1887 1548 1998 1616 ipsa
2031 1548 2192 1602 veluti
2225 1550 2547 1610 subsistens,
2583 1558 2637 1601 et
2685 1564 2807 1602 esse
2847 1550 3134 1619 incipiens,
3179 1566 3459 1624 assumpta

1886 1654 2070 1702 carne,
2124 1639 2375 1693 crassitie
2439 1642 2661 1692 vestitus
2715 1640 2835 1693 fuit.
2890 1638 3042 1694 Unde
3082 1657 3204 1695 cum
3261 1654 3457 1698 natura

1888 1731 2115 1799 simplex
2151 1740 2312 1793 esset,
2345 1740 2549 1785 natura:
2589 1732 2932 1799 susceptione
2961 1735 3296 1801 compositus
3326 1750 3455 1789 era-

1887 1824 1990 1883 sit,
2057 1822 2286 1892 duplicis
2327 1837 2514 1875 revera
2576 1831 2782 1873 natura:
2835 1820 3137 1885 exsistens,
3190 1836 3459 1892 quatenus

202 1929 446 1975 κτιστον,
464 1912 560 1985 τὴν
579 1913 637 1967 δὲ
671 1916 956 1986 ὴργμένην
979 1932 1039 1968 τε
1069 1915 1162 1968 καὶ
1184 1914 1515 1983 ἐκτισμένην
1560 1932 1655 1983 της·
1686 1914 1772 1983 fit

1888 1924 2112 1967 naturas
2144 1914 2277 1966 duas
2304 1922 2426 1981 post
2454 1912 2752 1966 unitionem
2782 1910 2940 1980 gerit,
2971 1925 3037 1965 ex
3072 1912 3265 1978 quibus
3295 1930 3459 1968 unum

202 2001 416 2072 ἀπαθῆ,
440 2002 691 2073 ἀόρατον,
727 2006 907 2076 ἀναφῆ
932 2044 948 2068 ,
976 2004 1396 2078 ἀπερίτρεπτον
1421 2043 1435 2067 ,
1464 2004 1560 2074 τὴν
1584 2004 1635 2055 δὲ
1672 2020 1745 2051 πα

202 2092 376 2164 θητήν
396 2111 454 2147 τε
472 2096 566 2147 καὶ
586 2095 891 2166 ὁρωμένην,
917 2097 1013 2149 καὶ
1033 2095 1232 2165 ἀπτὴν,
1257 2097 1349 2149 καὶ
1370 2113 1436 2148 πε
1445 2095 1753 2166 ριγραπτήεε

201 2185 502 2256 θελητικὴν
529 2186 832 2256 ἑκατέραν,
868 2187 964 2240 καὶ
997 2185 1365 2253 αὐτεξούσιον,
1410 2187 1505 2240 καὶ
1544 2190 1741 2256 mem

196 2274 385 2346 τικὴν,
431 2277 592 2340 αὐτὸς
630 2277 786 2330 τοῦτο
826 2278 1046 2332 κάκεῖνο
1089 2278 1282 2343 τελῶν,
1316 2280 1346 2331 ό
1392 2271 1472 2341 εἷς
1518 2278 1772 2347 Χριστος,

200 2369 298 2420 καὶ
327 2368 476 2432 Υίδς,
514 2369 610 2421 καὶ
640 2369 844 2440 Κύριος
865 2386 880 2402 ο
918 2370 1017 2441 τῆς
1057 2370 1157 2441 μὶν
1188 2368 1499 2442 όργανικῶς
1524 2369 1743 2437 λειτουρ

199 2460 473 2531 γησάσης,
505 2464 600 2531 τῆς
627 2460 683 2514 δὲ
706 2460 1039 2525 δεσποτικῶς
1066 2461 1443 2533 ὲνεργησάσης
1467 2478 1481 2492 ο
1510 2462 1777 2529 ἑκατέρας

198 2551 303 2620 τὴν
333 2552 536 2605 οἰκείαν
586 2551 869 2621 ἐνέργειάν
902 2569 963 2605 τε
1023 2552 1120 2606 καὶ
1164 2552 1511 2618 αὐτεξούσιον
1563 2551 1779 2621 κίνησιν

195 2640 467 2713 ἐχούσηςθ
492 2642 656 2695 αὑτοῦ
686 2643 743 2696 δὲ
772 2641 866 2695 τοῦ
895 2642 1013 2706 ἑνὸς
1034 2644 1192 2697 τοῦτο
1221 2643 1441 2696 κάκεῖνο
1459 2641 1735 2705 τελοῦντος
1760 2686 1775 2702 .

198 2735 271 2785 δι’
304 2735 513 2803 ἀμφοῖν
546 2737 644 2803 τὴν
671 2736 828 2805 ἡμῶν
858 2736 1341 2806 κατεργασαμένου
1368 2736 1632 2806 σωτήριον
1654 2737 1755 2789 ἀνα

199 2820 463 2886 καίνισιν,
495 2822 581 2892 ἐφ’
671 2822 974 2893 συμπαθῶς
1003 2824 1195 2878 ἑαυτὸν
1226 2825 1521 2879 κεκένωκε.

1887 2008 2002 2068 ipse
2039 2013 2141 2066 est,
2192 2018 2313 2069 quas
2365 2015 2487 2054 esse
2536 2001 2911 2069 praedicatur:
2946 2003 3018 2054 ita
3072 2013 3131 2054 ut
3179 2011 3463 2071 utramque

1890 2094 2083 2148 habeat
2130 2093 2425 2145 secundum
2473 2093 2755 2158 utriusque
2795 2090 3163 2145 deﬁnitionem
3204 2104 3258 2147 ct
3297 2094 3459 2147 Γειιὶοη

1891 2203 2045 2250 quin;
2080 2202 2244 2238 unum
2272 2187 2490 2253 quidem
2535 2184 2785 2254 principii
2817 2194 3096 2253 expertem
3139 2201 3191 2238 et
3242 2190 3453 2240 increa-

1887 2289 2017 2343 tam,
2066 2280 2330 2346 inceptam
2363 2275 2589 2329 alteram
2634 2286 2687 2329 et
2712 2285 2948 2329 creatam
2979 2294 2992 2329 :
3024 2292 3184 2329 unam
3238 2278 3452 2345 impati-

1885 2369 2069 2432 bilem,
2093 2367 2441 2434 invisibilem,
2484 2367 2628 2437 tangi
2658 2366 2919 2432 nesciam,
2950 2381 3013 2421 ac
3036 2366 3411 2423 circumscribi
3437 2387 3453 2432 ;

1886 2460 2107 2513 alteram
2162 2458 2473 2528 patibilem,
2526 2458 2948 2526 aspectabilem,
3004 2458 3342 2513 tractabilem
3403 2471 3460 2515 et

1888 2554 2355 2620 circumscriptam
2390 2570 2405 2606 :
2439 2562 2727 2618 utramque
2778 2551 3079 2613 voluntate,
3126 2550 3339 2605 arbitrii
3392 2554 3462 2604 li-

1884 2646 2118 2707 bertate,
2164 2652 2220 2699 et
2264 2642 2582 2711 operatione
2625 2644 2969 2705 instructam,
3008 2648 3066 2695 ut
3103 2641 3217 2711 ipse
3254 2642 3358 2695 hnc
3402 2656 3458 2697 et

1885 2736 2011 2787 illud
2060 2737 2306 2797 exsistat,
2350 2732 2603 2787 Christus
2641 2747 2801 2798 unus,
2849 2731 3123 2800 Filiusque
3174 2741 3229 2785 et
3273 2732 3450 2786 Domi-

1884 2840 2022 2890 nus;
2065 2824 2152 2877 illa
2198 2824 2544 2878 instrumenti
2575 2838 2723 2877 more
2767 2824 3130 2891 ministrante,
3171 2826 3269 2878 hac
3300 2826 3453 2879 herili

200 2924 475 2982 potestate
520 2926 748 2987 agente;
780 2928 1009 2987 utraque
1040 2920 1258 2975 demum
1324 2921 1597 2990 propriam
1676 2921 1948 2975 actionem
2000 2922 2338 2988 liberumque
2414 2928 2616 2973 motum
2694 2929 3013 2986 exserente;
3046 2931 3313 2990 quatenus
3340 2921 3453 2988 ipse

200 3023 348 3061 unus
384 3009 483 3062 ltoc
522 3016 577 3063 et
617 3008 747 3063 illud
780 3009 1015 3073 exsistit,
1043 3019 1098 3064 et
1154 3025 1253 3079 per
1315 3022 1604 3082 utrumque
1659 3013 1957 3070 salutarem
2005 3012 2406 3068 renovationem
2484 3022 2725 3065 nostram
2770 3012 3025 3080 patravit,
3078 3013 3231 3083 cujus
3272 3013 3449 3081 gratia

198 3100 443 3165 seipsum
476 3101 949 3157 commiseratione
990 3110 1169 3157 motus
1200 3103 1497 3159 exinanivit
1519 3106 1563 3158 '.
1599 3107 1601 3111 ’

271 3189 338 3246 δ’.
374 3188 561 3243 Ταῦτα
586 3188 775 3260 μαθὼν
808 3191 1055 3256 ἐδίδαξας
1083 3231 1099 3254 ,
1130 3192 1225 3246 καὶ
1253 3195 1465 3257 τούτοις
1497 3194 1772 3248 ἐποικοδο-

1956 3194 1983 3245 !
2048 3192 2168 3245 Haec
2202 3206 2324 3244 cum
2356 3190 2662 3252 didicisses,
2705 3189 2955 3255 docuisti,
2997 3199 3056 3244 ut
3097 3192 3149 3244 in
3191 3192 3276 3245 his
3307 3208 3448 3262 quo-

201 3283 329 3351 μεῖν
364 3281 465 3351 τὴν
492 3281 599 3334 τῶν
627 3280 869 3353 ἀρίστων
910 3283 1089 3354 ἔργων
1127 3284 1415 3355 χρυσαυγῆ
1443 3302 1502 3337 τε
1546 3286 1641 3338 καὶ
1672 3286 1773 3356 ἁρ-

197 3373 525 3443 γυροφεγγῆ
559 3372 925 3444 εὐπρέπειαν*
953 3374 1030 3437 ὡς
1064 3373 1132 3428 ἀν
1161 3375 1236 3446 μὴ
1266 3375 1345 3446 τῷ
1377 3377 1611 3449 κριτικῷ
1638 3380 1772 3450 πυρὶ⁵

198 3464 613 3535 πλησιάσαντες
679 3465 1055 3535 φρυγανώδεις
1114 3466 1266 3530 ὅντες
1324 3467 1769 3538 ἀναλωθείημεν·

198 3555 368 3608 πλέον
395 3555 451 3607 δὲ
485 3555 577 3608 καὶ
607 3554 768 3608 πλόον
802 3554 1233 3626 καθαρθείημεν,
1258 3556 1640 3627 δαπανώμενοι
1673 3560 1773 3628 μὲν

194 3648 329 3697 ὅσον
349 3644 627 3715 κίϐδηλον,
654 3644 748 3698 καὶ
771 3645 1003 3717 καθαροὶ
1030 3645 1259 3717 καθαρῷ
1283 3646 1365 3718 τῷ
1385 3647 1649 3718 πυροῦντι
1678 3652 1774 3703 καὶ

196 3733 413 3787 Θεοῦντι
440 3735 899 3799 συναιωνίζοντες.
931 3736 1030 3800 Τίς
1065 3752 1154 3806 μοι
1192 3736 1309 3806 δοίη
1333 3737 1587 3805 γλῶσσαν
1616 3737 1774 3803 ἀξίαν

191 3825 301 3894 τῆς
337 3826 645 3895 εὐφημίας;
680 3826 778 3888 Τίς
814 3843 882 3897 με
915 3826 1036 3898 θείη
1067 3827 1171 3881 ἀνά
1196 3828 1415 3898 ἡμέραν
1446 3831 1546 3899 τὴν
1574 3830 1774 3901 ἔμπρο-

195 3914 352 3979 σθεν,
389 3916 479 3968 ὅτε
506 3916 672 3985 ηὕγει
700 3916 813 3987 πῦρ
845 3918 987 3971 θεῖον
1014 3918 1386 3985 γλωσσοειδῶς
1408 3920 1769 3991 τυπούμενον,

191 4008 285 4076 ἐφ’
319 4006 583 4077 ἑκάτερόν
624 4024 683 4061 τε
718 4008 828 4060 τῶν
859 4008 1172 4063 ἀποστόλων
1202 4010 1451 4075 ἑνοειδῶς
1479 4012 1574 4063 καὶ
1612 4012 1773 4065 πολυ-

195 4098 390 4169 μερῶς
433 4098 873 4168 ἀναπαυόμενον,
920 4098 995 4164 ὡς
1034 4099 1099 4153 ἂν
1143 4100 1205 4153 τὸ
1232 4101 1434 4155 ἑνιαῖον
1460 4101 1636 4172 δόγμα
1673 4104 1773 4173 τῆς

191 4192 436 4253 πίστεως
467 4190 525 4243 ὲν
543 4189 887 4261 πολυσχεδέσι
913 4191 1184 4260 γλώσσαις
1210 4194 1609 4267 καταγγελθείη
1640 4212 1771 4249 συν-

191 4288 332 4356 ἀγον
372 4286 452 4348 εἰς
482 4284 541 4339 ἓν
592 4285 663 4339 τά
704 4285 1003 4353 διεστῶτα,
1041 4288 1443 4360 καταλυθείσης
1480 4290 1581 4360 τῆς
1604 4291 1771 4343 πολυ-

192 4377 411 4448 σχιδοῦς
445 4377 675 4449 πλάνης,
704 4379 841 4450 πρὸς
865 4380 932 4449 ἢν
965 4379 1153 4443 κακῶς
1177 4381 1502 4451 ῶμονόησαν
1522 4384 1572 4436 οἱ
1596 4382 1767 4437 πάλαι

191 4468 707 4538 πυργοποιήσαντες
731 4509 746 4533 ,
775 4469 869 4522 καὶ
912 4469 1104 4540 μισθὸν
1132 4470 1324 4525 ἔλαϐον
1374 4476 1474 4542 τῆς
1518 4473 1771 4537 ἀσεϐείας

1875 3298 1979 3350 que
2009 3280 2181 3350 888
2226 3294 2449 3332 aureum
2499 3288 2552 3331 et
2591 3290 2905 3346 argenteum
2950 3281 3274 3346 optimorum
3317 3298 3447 3353 ope-

1876 3390 1993 3427 rum
2027 3374 2276 3426 decorem
2306 3379 2732 3435 exstrueremus,
2762 3385 2827 3425 ne
2856 3372 2900 3424 si
2933 3371 3144 3441 stipulte
3173 3388 3437 3436 essemus.

1875 3466 1940 3517 ad
1969 3462 2272 3530 jndicialem
2296 3462 2471 3530 ignem
2502 3475 2625 3513 cum
2651 3461 2995 3528 accedemus,
3017 3477 3438 3531 consumamur;

1875 3556 2003 3624 quin
2061 3554 2231 3619 magis
2296 3550 2575 3619 magisque
2625 3565 2952 3619 purgemur,
3017 3559 3107 3619 ut,
3158 3554 3441 3625 absumpto

1874 3645 2137 3715 quidquid
2186 3643 2375 3696 scorite
2404 3640 2661 3711 supersit,
2708 3642 3038 3712 obtentaque
3074 3645 3355 3710 munditis,
3389 3649 3440 3700 in

1873 3748 2134 3792 aeternum
2194 3749 2315 3789 cum
2368 3747 2434 3787 eo
2489 3732 2775 3799 vivamus,
2824 3733 2980 3803 cujus
3026 3735 3146 3805 igne
3197 3740 3442 3792 succensi

1873 3828 2169 3885 eﬂiciemur
2196 3827 2291 3880 dii.
2317 3826 2449 3891 Quis
2475 3826 2602 3880 mihi
2637 3826 2876 3895 linguam
2907 3827 3128 3893 tribuat,
3159 3844 3281 3899 quae
3308 3847 3443 3900 prm-

1873 3921 2047 3976 coniis
2082 3921 2186 3973 tuis
2227 3918 2567 3973 celebrandis
2615 3918 2684 3972 sit
2732 3918 2929 3987 digna?
2962 3919 3093 3986 Quis
3127 3937 3212 3978 nte
3260 3931 3439 3979 trans-

1874 4012 2018 4067 ferre
2046 4012 2224 4065 valeat
2272 4011 2325 4064 in
2369 4010 2651 4079 pristinam
2704 4011 2846 4064 illam
2886 4009 3052 4076 diem,
3086 4028 3189 4083 qua
3232 4015 3445 4069 divinus

1874 4103 1966 4158 ille
1994 4102 2133 4170 ignis
2169 4103 2220 4155 in
2275 4102 2469 4171 linguae
2516 4102 2749 4170 speciem
2800 4100 3082 4171 ﬁguratus,
3119 4105 3171 4158 in
3219 4095 3445 4177 singulis

1872 4192 2132 4263 apostolis
2158 4207 2260 4243 una
2303 4190 2473 4244 forma
2516 4205 2580 4244 ac
2625 4190 2809 4244 multis
2843 4191 3018 4247 modis
3063 4194 3353 4263 requievit,
3384 4206 3443 4250 nt

1874 4300 2040 4338 unum
2076 4284 2197 4337 lidei
2225 4284 2415 4353 dogma
2452 4283 2734 4352 multiplici
2781 4283 2962 4354 lingua
3005 4288 3440 4352 annuntiaretur,

1875 4375 2084 4429 coactis
2135 4375 2188 4427 in
2231 4390 2394 4426 unum
2426 4388 2546 4442 qua
2583 4375 2943 4440 dissidebant,
2976 4376 3259 4447 solutoqtte
3307 4381 3442 4433 mul~

1876 4464 2026 4520 tilidn
2056 4480 2265 4530 errore,
2316 4465 2366 4517 in
2416 4480 2572 4532 quem
2620 4465 3064 4534 conspiraverant
3103 4469 3231 4523 olim
3278 4472 3446 4524 turris

187 4557 292 4630 τὴν
316 4557 650 4629 συγχυτικὴν
674 4558 777 4628 τῆς
803 4558 1078 4630 γλώσσης,
1102 4562 1198 4614 καὶ
1218 4562 1285 4615 δι’
1311 4563 1481 4633 αὐτῆς
1505 4563 1606 4633 τῆς
1634 4564 1768 4632 γνώ.

1878 4565 2255 4620 exstructores,
2288 4564 2504 4622 accepta
2526 4554 2817 4622 impietatis
2845 4556 3095 4612 mercede
3120 4558 3440 4614 confusione

192 4665 306 4719 μης
337 4648 642 4718 διαίρεσιν;
682 4650 779 4712 Τίς
814 4666 906 4719 μοι
935 4649 1139 4720 ταύτης
1176 4653 1434 4723 μεταδοίη
1463 4655 1559 4724 τῆς
1592 4654 1767 4720 γλώσ-

190 4754 294 4807 σης
328 4736 424 4790 τοῦ
458 4736 795 4808 Πνεύματος,
824 4738 900 4803 ὡς
945 4739 1014 4794 ἀν
1049 4740 1120 4794 τὰ
1149 4740 1304 4794 τοῦδε
1333 4742 1429 4794 τοῦ
1458 4760 1767 4813 πνευματο-

189 4829 365 4897 φόρου
407 4828 601 4899 ἀνδρὸς
646 4828 719 4881 τὰ
751 4829 890 4901 ὑπὲρ
922 4831 1086 4899 φύσιν
1112 4832 1415 4900 ὲξαγγείλω
1445 4834 1765 4905 πλεονεκτή-

192 4936 375 4989 ματας
416 4919 669 4983 Ὠκεανὸς
717 4920 952 4975 ἐνταῦθα
976 4923 1209 4993 παρήτω
1237 4922 1434 4990 λόγων,
1471 4924 1762 4995 νοημάτων

184 5028 249 5064 τε
291 5010 568 5074 ἄϐυσσος,
598 5011 718 5065 ἀλλ’
760 5013 857 5082 οὐχ
902 5013 1117 5066 ὑπείκει
1155 5013 1333 5082 λόγοις
1378 5019 1411 5084 ἡ
1462 5016 1621 5086 χάρις
1667 5015 1758 5070 τοῦ

189 5100 533 5171 ηνεύματος.
578 5102 639 5154 '0
670 5101 780 5173 γάρ
813 5102 941 5155 ἄνευ
969 5102 1063 5156 τοῦ
1094 5102 1408 5174 Πνεύματος
1440 5103 1759 5175 βουλόμενος

187 5190 377 5259 λέγειν
414 5190 484 5244 τά
510 5191 605 5244 τοῦ
649 5192 987 5263 Πνεύματος,
1018 5195 1195 5263 φωτὸς
1221 5196 1349 5250 ἀνευ
1379 5194 1598 5265 βλέπειν
1626 5214 1759 5267 προ-

188 5282 451 5350 αιρεῖται,
480 5280 577 5333 καὶ
605 5281 795 5334 σκότον
827 5281 942 5352 ἔχει
968 5283 1203 5353 ποδηγδν
1232 5285 1333 5355 τῆς
1362 5286 1624 5357 ὁράσεως.
1671 5288 1762 5343 Διὸ

187 5371 355 5425 πάλιν
393 5372 531 5443 πρὸς
559 5373 722 5426 αὑτὸν
764 5375 1021 5446 ἐπάνειμι
1056 5377 1150 5428 τὸν
1186 5376 1282 5431 νῦν
1313 5378 1757 5449 εὐφημούμενον,

187 5460 247 5526 ἐξ
276 5461 447 5516 αὐτοῦ
477 5463 554 5526 ὡς
592 5464 737 5517 θείου
782 5464 1103 5536 λαμπτῆρος
1136 5467 1227 5520 τὸν
1272 5467 1463 5537 λύχνον
1501 5471 1758 5524 ἀνάπτων

184 5552 286 5623 τῆς
317 5551 595 5619 γνώσεως,
622 5555 698 5617 ὡς
728 5554 794 5609 ἀν
819 5556 981 5621 αὐτὸς
1014 5558 1099 5627 εἴη
1130 5559 1226 5629 τῆς
1257 5560 1532 5629 εὐφημίας
1568 5560 1758 5615 ὑπόθε-

188 5660 292 5707 σις,
336 5645 433 5698 καὶ
455 5642 564 5696 τῶν
600 5644 836 5700 ἐπαίνων
874 5648 1126 5717 χορηγός.

255 5825 274 5851 ⁷
306 5822 538 5895 Philipp.
584 5841 643 5890 ll,
695 5826 749 5884 6.

1874 4643 2177 4712 linguarum
2204 4682 2221 4707 ,
2276 4642 2774 4712 sententiarumque
2805 4645 2941 4699 adeo
2984 4644 3249 4701 discidio?
3304 4647 3441 4714 Quis

1872 4734 2135 4802 ejusmodi
2169 4735 2404 4804 linguam
2433 4734 2666 4802 Spiritus
2692 4735 2955 4790 concedat
2997 4736 3152 4801 mihi,
3188 4753 3293 4807 qua
3336 4740 3439 4794 viri

1872 4828 2034 4897 hujus
2069 4826 2271 4896 Spiritu
2308 4835 2495 4881 sancto
2526 4826 2667 4895 pleni
2707 4828 3101 4896 praecellentias
3127 4841 3313 4884 natura
3349 4847 3440 4886 su-

1870 4917 2147 4973 blimiores
2179 4917 2436 4972 eﬂeram?
2463 4933 2770 4972 sermonum
2812 4920 2943 4974 mihi
2973 4935 3207 4975 oceanus
3236 4924 3438 4977 utinam

1870 5009 2135 5071 afﬂueret,
2181 5008 2515 5080 abyssusque
2545 5012 2953 5065 sententiarum.
2983 5010 3184 5067 Verum
3229 5029 3436 5069 sermo-

1869 5107 2026 5159 nibus
2067 5105 2303 5160 obuoxia
2352 5120 2457 5159 non
2502 5113 2584 5159 est
2623 5106 2797 5174 gratia
2845 5105 3102 5175 Spiritus.
3147 5106 3249 5173 Qui
3290 5110 3435 5164 enim

1868 5199 2070 5268 Spiritu
2121 5211 2322 5251 vacuus
2353 5212 2472 5266 qua:
2520 5197 2759 5264 Spiritus
2809 5207 2934 5251 sunt
2968 5198 3142 5267 eloqui
3183 5200 3436 5262 voluerit,

1838 5325 1842 5327 Α
1871 5291 2009 5347 idem
2040 5288 2127 5343 ille
2156 5297 2394 5357 prmstat,
2424 5302 2485 5339 ac
2514 5286 2558 5340 si
2592 5286 2713 5341 sine
2750 5287 2868 5342 luce
2897 5289 3091 5349 intueri
3122 5294 3435 5355 contendat,

1867 5394 1989 5435 eum
2016 5377 2231 5432 vivendi
2255 5377 2444 5431 ducem
2478 5376 2638 5430 alium
2670 5392 2775 5431 non
2804 5378 2999 5433 habeat
3028 5378 3134 5434 nisi
3167 5382 3432 5436 tenebras.

1865 5471 2129 5538 Quocirca
2152 5470 2217 5523 ad
2250 5484 2372 5523 eum
2401 5478 2664 5533 revertor,
2692 5484 2851 5537 quem
2887 5485 3030 5524 nunc
3063 5470 3281 5526 laudare
3306 5489 3435 5541 pro-

1864 5560 2036 5629 posui,
2072 5573 2295 5614 accensa
2320 5574 2387 5615 ex
2432 5572 2497 5612 eo
2526 5558 2766 5612 scientia:
2797 5558 3036 5623 lucerna,
3068 5560 3211 5616 velut
3249 5576 3315 5616 ex
3354 5564 3436 5616 di-

1866 5653 1985 5707 vina
2016 5650 2190 5705 facula
2223 5649 2479 5719 quadam,
2512 5660 2570 5705 ut
2599 5651 2738 5704 idem
2776 5651 2891 5720 ipse
2915 5659 2968 5706 et
3000 5651 3247 5708 laudandi
3277 5668 3433 5725 argu-

1862 5751 2099 5795 mentum
2134 5740 2222 5804 sit,
2256 5747 2307 5789 et
2331 5738 2545 5792 laudum
2580 5740 2932 5795 ministratur.
