4170 6454
165 464 266 521 7m

1120 458 1500 517 LAUDATIO
1541 457 1598 515 s.
1640 452 1849 515 JOAN.
1886 440 2447 513 cunvsosrom;
3321 448 3388 509 77

167 578 223 628 -r:'
234 594 331 645 ραν
368 573 828 640 εἰδωλολατρίαν
852 573 1058 638 ταύτην
1088 576 1316 643 καιρίως
1348 575 1735 644 κατονομάζει,

1847 570 2072 639 appellat
2092 570 2319 624 alteram
2334 570 2593 622 idolorum
2617 572 2914 625 servitutem
2937 572 3001 625 ¹⁶.
3023 570 3153 626 Nam
3171 578 3416 644 quisquis

182 667 361 733 Ἀςρεὶς
385 667 490 734 γάρ
525 681 605 726 τις
635 663 731 734 τῆς
763 664 912 726 θείας
944 665 1192 732 προνοίας
1218 666 1429 733 άφάψαι
1461 667 1560 737 τῆς
1590 668 1742 720 ὲλπίο

166 756 256 819 δος
297 755 395 824 τὴν
446 754 717 823 ἄγκυραν,
758 752 867 804 τῶν
908 757 1209 823 χρημάτων
1253 757 1317 824 τῇ
1355 756 1585 826 συλλογῇ
1619 758 1746 809 ὲπε-

170 846 426 917 ρείδεται.
459 844 647 895 Ταῦτα
677 841 845 905 τιθεὶς
876 842 983 910 πρὸ
1017 841 1112 894 τοῦ
1145 844 1470 913 κρείττονος,
1512 845 1587 906 ὼς
1613 845 1747 899 ἀθά-

169 954 304 990 νατα
329 935 676 1005 βιωσόμενος,
703 936 796 987 καὶ
816 934 891 997 ὡς
915 934 1160 989 θάλασσα
1179 937 1277 989 οὑκ
1303 936 1744 1007 ὲμπιπλώμενος,

170 1027 276 1079 κᾶν
308 1028 336 1079 ὃ
376 1042 429 1078 τι
456 1025 697 1078 πλεῖστοι
731 1023 937 1095 χρυσοῦ
985 1028 1221 1097 ποταμοὶ
1254 1028 1507 1096 εἰσρὲωσί
1551 1046 1609 1081 τε
1653 1031 1747 1084 καὶ

171 1118 420 1185 μέγιστοι
444 1156 456 1178 ,
491 1118 589 1185 οὐχ
635 1116 813 1167 είλετο
859 1117 1080 1178 τούτους
1111 1120 1139 1169 ό
1175 1118 1271 1170 νῦν
1309 1118 1746 1189 εὐφημούμενος,

168 1210 285 1260 ἀλλ’
313 1208 674 1275 ἀπωσάμενος
696 1207 933 1269 ᾶπαντα,
965 1210 1149 1279 αὐχεῖν
1175 1210 1405 1279 πατρίδα
1428 1211 1625 1263 εὐκλεᾶ
1656 1212 1746 1264 καὶ

170 1299 481 1368 περίοπτον·
514 1296 611 1366 τὴν
654 1299 925 1367 Ἀντιόχου
955 1298 1117 1367 λέγω,
1151 1300 1364 1370 καὶτῆς
1392 1301 1531 1365 ἐώας
1568 1301 1747 1371 δεδεγ-

173 1390 345 1459 μένην
386 1392 510 1453 τοὺς
558 1390 769 1454 οἴακας·
821 1391 975 1459 γένος
1019 1392 1113 1445 καὶ
1163 1387 1303 1462 αἷμα
1362 1393 1745 1463 περίϐλεπτον,

171 1482 404 1551 χρυσὸν,
434 1484 706 1552 ἄργυρον,
753 1482 933 1546 λίθους
972 1485 1306 1549 πολυτελεῖς,
1351 1485 1575 1556 ἐσθῆτος
1624 1488 1747 1541 ὅσον

174 1576 419 1644 μαλακὸν
448 1576 538 1627 καλ⁵
582 1575 860 1645 περίδοξον
902 1577 1083 1640 ἄλλοις
1130 1580 1535 1650 παραχωρήσας
1559 1621 1574 1644 ,
1610 1582 1747 1651 πρὸς

168 1670 227 1720 δὲ
264 1670 357 1720 καὶ
389 1668 546 1736 λόγου
576 1669 730 1731 κλέος
764 1668 857 1721 καὶ
887 1669 1225 1725 δυναστείαν.

250 1766 311 1831 η’.
347 1762 508 1831 Φοιτᾷ
542 1761 679 1831 πρὸς
709 1761 971 1815 Μελέτιον
1009 1764 1107 1833 τῆς
1152 1765 1465 1834 Ἀντιοχέων
1513 1765 1745 1837 Ἐκκλη-

171 1853 296 1912 σίας
326 1851 416 1904 τὸν
458 1852 717 1921 πρόεδρον
738 1890 751 1914 ,
782 1852 949 1922 ἄνδρα
994 1854 1265 1918 πλείστοις
1296 1856 1461 1919 θείοις
1492 1856 1746 1927 κομῶντα

1853 661 2044 715 divinze
2071 662 2422 730 providentiae
2462 664 2867 732 apprehendere
2901 680 3160 719 ancoram
3198 683 3302 721 non
3330 683 3418 722 cu-

1848 762 1954 816 rat,
1991 752 2081 807 hic
2134 752 2409 821 congestis
2444 752 2647 837 divitiis
2700 753 2909 817 nititur,
2956 769 3090 823 quas
3139 757 3418 824 anteponit

1847 840 2091 908 Numini,
2128 856 2224 897 ceu
2255 844 2792 898 aeternum’victurus
2817 845 2888 899 sit
2916 864 2929 899 :
2953 848 3043 899 sed
3074 860 3139 901 ne
3170 846 3214 901 is
3249 847 3417 900 maris

1850 932 2029 985 instar
2054 932 2327 1000 impletur,
2367 935 2579 988 tametsi
2603 934 2879 1004 complura
2915 935 3265 1006 ingentiaque
3293 937 3414 990 auri

1846 1021 2066 1075 ﬂumina
2113 1021 2166 1075 in
2203 1023 2375 1090 ipsum
2423 1023 2713 1079 conﬂuant.
2763 1022 2893 1079 Haec
2936 1040 3043 1079 nou
3089 1026 3254 1092 elegit
3304 1026 3414 1091 ille,

1846 1117 1997 1179 Cujus
2024 1130 2165 1166 nunc
2194 1115 2378 1170 Iaudes
2404 1114 2776 1184 celebramus;
2810 1116 2904 1171 sed
2937 1118 3136 1185 spretis
3164 1117 3416 1173 omnibus

1848 1206 2074 1273 patriam
2104 1215 2352 1269 exornat,
2380 1206 2645 1261 illustrem
2671 1218 2725 1260 et
2769 1208 3019 1277 inclytam
3052 1208 3415 1279 (Antiochiam
3455 1265 3463 1273 ,

1848 1296 1987 1358 dico,
2018 1294 2172 1364 cujus
2202 1294 2445 1364 regimini
2481 1293 2678 1351 Oriens
2710 1295 2978 1365 parebat),
3006 1312 3175 1366 genus
3201 1298 3418 1367 sangui-

1850 1402 2080 1456 nemque
2114 1388 2488 1456 consiiicuum,
2533 1404 2749 1452 aurum,
2802 1398 3106 1458 argentum,
3152 1389 3418 1458 pretiosos

1849 1479 2083 1547 lapides,
2132 1478 2345 1532 mollem
2376 1480 2632 1533 vestitum
2666 1479 3121 1549 splendidumque
3161 1481 3420 1552 relinquit

1850 1571 1993 1633 aliis,
2030 1569 2138 1623 imo
2168 1579 2223 1623 et
2256 1568 2577 1637 elegantiam
2607 1569 2822 1639 vimque
2849 1573 3142 1627 sermonis.

1920 1744 1974 1799 8.
2013 1743 2092 1797 Ad
2122 1744 2393 1798 Meletium
2423 1745 2595 1814 pergit
2642 1744 2998 1798 Antiochenie
3026 1745 3284 1801 Ecclesia:
3322 1760 3422 1800 an-

1852 1837 2097 1899 tiStitem,
2130 1835 2327 1889 divinis
2372 1835 2737 1905 compluribus
2786 1836 3045 1890 nitentem
3087 1836 3267 1903 donis,
3309 1837 3419 1891 vita

169 1942 496 2011 χαρίσματι,
544 1942 643 2013 βίῳ
683 1944 776 1997 καὶ
812 1945 959 2013 λόγῳ
991 1946 1154 2010 παντὶ
1188 1925 1649 2017 περιηγούμενονο
1688 1948 1744 2012 ὃς

1853 1929 2207 1993 doctrinaque
2242 1926 2436 1994 ubique
2471 1928 2737 1982 celebrem
2772 1946 2786 1982 :
2816 1927 2907 1995 qui
2942 1925 3199 1982 Joannem
3233 1930 3418 1983 decem

168 2034 359 2086 τοῦτον
388 2035 678 2102 δεξάμενος
707 2035 827 2099 ἔτος
850 2052 951 2089 που
977 2037 1120 2089 ὀκτὼ
1150 2039 1244 2091 καὶ
1275 2039 1499 2092 δέκατον
1524 2039 1747 2108 ἄγοντα,

168 2126 412 2194 ἐραστής
442 2143 499 2177 τε
536 2126 630 2178 τοῦ
661 2126 890 2189 κάλλους
922 2128 1018 2197 τῆς
1058 2127 1226 2181 αὑτοῦ
1272 2130 1496 2200 καρδίας
1526 2130 1747 2199 γενόμε-

166 2232 261 2277 νος
285 2256 299 2278 ,
326 2216 400 2278 ὡς
429 2217 810 2289 προϐλεπτικῷ
836 2219 1042 2286 ὄμματι
1078 2219 1177 2290 τὴν
1208 2219 1297 2272 τοῦ
1326 2222 1447 2273 νέου
1479 2220 1749 2291 θεώμενος

165 2305 418 2369 ἑκϐασιν,
444 2310 555 2370 τοῖς
581 2325 638 2360 τε
658 2309 755 2377 τῆς
781 2307 1060 2370 εὐσεϐείας
1084 2309 1432 2378 στοιχειιῦσας
1461 2311 1747 2381 δόγμασιν,

166 2393 303 2466 ἦθός
333 2415 391 2451 τε
430 2402 521 2451 καὶ
550 2400 750 2468 τρόπον
783 2399 981 2460 ἱκανῶς
1028 2401 1412 2470 ἀποσεμνύνας
1435 2442 1449 2465 ,
1484 2404 1575 2455 καὶ
1608 2419 1747 2471 προ-

166 2488 391 2557 γράψας
423 2490 482 2543 τὸ
522 2490 717 2553 κάλλος
748 2490 847 2559 τῆς
886 2489 1176 2559 ἀληθείας,
1219 2490 1361 2545 οὕτω
1396 2493 1481 2545 διὰ
1522 2491 1745 2561 λουτροῦ

174 2580 597 2648 παλινγενεσίας
628 2584 829 2650 μοροξοῖ
868 2582 924 2633 ὲν
954 2580 1102 2650 αὐτῷ
1136 2583 1389 2651 Χριστὸν,
1420 2583 1511 2635 τὸν
1548 2583 1747 2651 ὡραῖον

168 2670 326 2739 παρὰ
354 2671 479 2731 τοὺς
515 2671 665 2733 υἱοὺς
708 2670 812 2722 τῶν
851 2670 1172 2742 ἀνθρώπων,
1204 2672 1278 2734 ὡς
1320 2673 1503 2725 κάλλει
1542 2674 1748 2742 ἐκλάμ-

165 2774 344 2811 ποντα
369 2762 464 2829 τῆς
488 2760 760 2828 θεότητος.
804 2761 971 2814 Ἐτῶν
1008 2758 1075 2831 ἦν
1103 2762 1177 2823 ὡς
1208 2764 1497 2831 τριάκοντα
1530 2766 1624 2817 καὶ
1653 2763 1745 2816 οῦ-

164 2867 277 2914 τως
328 2852 441 2920 ἅμα
490 2853 546 2902 ἐν
588 2854 651 2921 τῇ
705 2852 1004 2922 τελειότητι
1049 2853 1147 2923 τῆς
1190 2870 1249 2905 τε
1292 2858 1610 2926 σωματικῆς
1651 2857 1748 2909 καὶ

168 2942 547 3009 πνευματικῆς
588 2942 805 3010 ἡλικίας
837 2942 1160 3011 γενόμενος,
1208 2944 1301 2996 καὶ
1329 2944 1438 2995 τῶν
1465 2943 1625 2997 θείων
1660 2944 1747 2997 λό-

164 3047 283 3095 γων
334 3029 685 3099 ἀναγνώστης
724 3032 1018 3100 προαχθεὶς
1071 3032 1207 3101 όμοῦ
1249 3033 1344 3086 καὶ
1388 3033 1743 3100 διδάσκαλος,

167 3119 325 3191 ρἓῃ
355 3117 499 3172 θείου
533 3119 735 3188 ἔρωτος
766 3120 903 3189 πρὸς
946 3121 1043 3191 τὴν
1088 3121 1231 3191 ἐριιμ
1328 3124 1743 3192 μετανίστατα.,

166 3209 493 3279 σφριγῶσαν
531 3209 629 3278 τὴν
668 3208 845 3278 σάρκα
896 3212 988 3262 καὶ
1022 3210 1339 3278 φλοιδουσαν
1394 3216 1508 3275 τοῖς
1551 3214 1743 3266 πάθεσι

166 3300 561 3369 καταμαράναι
596 3299 937 3368 βουλόμενος,
975 3299 1051 3363 ὡς
1083 3301 1149 3355 ἂν
1174 3303 1247 3372 μὴ
1274 3302 1336 3355 τὸ
1355 3321 1600 3374 κρειττον
1626 3305 1744 3357 δου-

163 3389 369 3460 λωθείη
404 3389 480 3458 τῷ
511 3389 730 3459 χείρονι.
776 3390 972 3458 Ἀμφω
1003 3391 1111 3459 γὰρ
1136 3390 1255 3443 κατ’
1287 3391 1529 3461 ἀλλήλων
1560 3393 1745 3445 ἐπιθυο

167 3482 287 3548 psi,
326 3482 418 3531 καὶ
444 3482 476 3548 ἡ
511 3480 682 3549 φθορά
728 3480 821 3531 τοῦ
858 3480 1213 3547 σκηνώματος
1246 3482 1471 3544 εἰκότως
1510 3486 1574 3551 τῇ
1602 3484 1744 3552 ψυχῇ

162 3572 269 3638 τὴν
310 3570 662 3639 ἐπικράτειαν
694 3568 897 3620 δίδωσι·
936 3569 1029 3619 καὶ
1069 3571 1181 3631 τοῖς
1216 3570 1385 3631 πέλας
1414 3571 1747 3641 προσομιλή-

166 3676 273 3722 σας
314 3659 516 3728 ὖρεσιν,
575 3659 849 3727 όδηγεῖται
885 3660 1021 3731 πρός
1050 3676 1170 3711 τινα
1202 3659 1532 3732 πρεσϐύτην,
1579 3664 1747 3733 Συρον

166 3752 275 3817 μὲν
335 3750 433 3819 τὴν
480 3748 787 3810 διάλεκτον,
838 3749 938 3819 τὴν
983 3749 1040 3801 δὲ
1093 3749 1297 3817 γνῶσιν
1349 3752 1450 3805 οὐκ
1508 3753 1745 3824 ἰδιώτην,

162 3841 351 3908 ἄκραν
405 3838 799 3905 φιλοσοφοῦντα
850 3840 1196 3909 ἐγκράτειαν,
1257 3844 1350 3894 καὶ
1400 3844 1593 3895 τούτου
1646 3844 1746 3915 τὴν

164 3930 598 3997 σκληραγωγίαν
626 3930 880 3998 τέτρασιν
915 3930 1370 3999 άποσμηξάμενος
1398 3934 1575 3987 ἔτεσιν
1596 3978 1609 4000 ,
1651 3937 1742 3989 καὶ

161 4024 355 4091 πάσης
383 4021 710 4089 ἡδυπαθείας
749 4024 878 4091 ῥᾷον
927 4025 1366 4092 περιγενόμενος,
1406 4025 1561 4093 λόγον
1606 4028 1744 4097 ἔχων

160 4113 248 4180 τῷ
284 4112 430 4179 πόνῳ
468 4111 963 4181 συναμιλλώμενον,
996 4113 1094 4181 τῆς
1133 4113 1357 4182 ἀδηλὲας
1389 4115 1706 4185 γλιχόμενος
1728 4157 1741 4179 ,

161 4206 430 4274 ἐσχατιᾶς
454 4219 596 4264 τινος
621 4204 835 4270 ἐγένετο
851 4204 1129 4274 πάροικος,
1155 4200 1348 4275 άντ²ρον
1373 4208 1553 4275 αὐχῶν
1579 4224 1745 4261 κατα-

159 4297 373 4363 γώγιον
426 4295 502 4358 ὡς
563 4296 765 4364 ἀρετῆς
822 4297 1163 4365 παλαίστραν
1229 4299 1325 4350 καὶ
1381 4304 1740 4368 κονιστήριον.

164 4387 348 4439 Ἰ-ῖνθα
385 4386 582 4447 πόσους
620 4385 717 4453 μὲν
758 4384 954 4446 ἄθλους
986 4386 1222 4445 ὑποσιά.
1265 4387 1405 4439 κατὰ
1448 4388 1507 4441 τὸ
1541 4390 1745 4458 πληθος

156 4479 281 4529 τῶν
308 4474 505 4527 ὀδυνῶν
527 4475 623 4544 τὴν
643 4474 737 4526 τοῦ
768 4474 1082 4546 ΙΙνεύματος
1102 4477 1445 4546 παράκλησιν
1473 4479 1740 4550 ἀντελάμ-

1850 2028 1907 2073 et
1949 2027 2072 2071 octo
2107 2014 2328 2071 circiter
2355 2030 2528 2070 annos
2572 2025 2757 2068 natum
2806 2016 3055 2082 suscipit,
3091 2018 3273 2071 cordis
3302 2018 3419 2087 ejus

1849 2123 2037 2164 amore
2065 2091 2368 2177 perctilsus,
2413 2121 2508 2160 ceu
2536 2107 2751 2175 juvenis
2777 2108 2979 2161 exitum
3023 2112 3251 2176 praescia
3289 2124 3419 2165 con-

1851 2202 1987 2253 tuitu
2035 2208 2302 2253 cerneret.
2358 2197 2510 2251 llunc
2562 2201 2790 2252 sincera:
2824 2200 3040 2267 pietatis
3082 2200 3420 2256 documentis

1852 2289 2156 2352 instituens,
2189 2289 2426 2342 moribus
2451 2288 2572 2357 ejus
2598 2290 2665 2342 ad
2701 2291 2998 2345 honestatis
3037 2292 3249 2361 regulas
3271 2307 3418 2347 com-

1855 2378 2066 2446 positis,
2116 2378 2357 2433 veritatis
2404 2379 2456 2430 in
2510 2391 2577 2431 eo
2618 2378 3071 2442 pulchritudinem
3106 2381 3415 2437 delineavit.

1849 2470 1959 2527 lloc
1998 2473 2156 2525 modo
2196 2470 2471 2525 Christum
2505 2471 2558 2524 in
2591 2486 2655 2524 eo
2702 2486 2796 2539 per
2826 2472 3098 2527 lavacrum
3135 2489 3420 2545 regenera~

1851 2563 2013 2616 tionis
2048 2564 2281 2633 ligurat;
2327 2563 2654 2630 speciosum,
2692 2564 2937 2632 inquam,
2979 2564 3127 2618 illum
3157 2581 3267 2634 prae
3294 2565 3419 2621 ﬁliis

1850 2654 2126 2708 hominum
2156 2655 2199 2685 “
2232 2664 2454 2724 propter
2491 2652 2832 2725 el'lulgentem
2878 2656 3108 2712 Deitatis
3148 2658 3415 2711 decorem.

1849 2744 2088 2814 Triginta
2134 2746 2290 2799 annis
2345 2754 2522 2809 natus,
2566 2760 2686 2798 cum
2732 2745 3025 2813 perfectam
3080 2746 3323 2815 corporis
3365 2757 3422 2800 et

1849 2836 2014 2890 animi
2052 2844 2263 2889 aetatem
2317 2846 2462 2890 esset
2509 2845 2810 2901 assecutus,
2858 2837 2923 2890 ad
2963 2837 3265 2893 divinorum
3310 2837 3422 2891 elo-

1848 2927 2094 2995 quiorum
2132 2925 2370 2985 lectoris.
2406 2925 2513 2978 imo
2554 2934 2608 2979 et
2652 2926 2943 2993 magisterii
2977 2935 3255 2993 promotus
3296 2942 3421 2995 gra-

1848 3016 1996 3079 dum,
2038 3015 2205 3069 divini
2251 3017 2453 3069 amoris
2493 3015 2723 3083 impulsu
2777 3031 2828 3068 in
2875 3018 3145 3071 desertmn
3196 3018 3416 3088 migrat,

1847 3105 2172 3160 luxuiantis
2240 3105 2657 3174 ebullient'sque
2712 3106 2892 3161 carris
2950 3109 3416 3175 perturbationum

1846 3198 2356 3266 compescendarum
2399 3199 2595 3260 studio,
2642 3211 2708 3250 ne
2738 3212 2863 3266 pars
2906 3209 3082 3267 potior
3120 3199 3417 3269 ignobiliori

1848 3289 2089 3357 subjecta
2123 3290 2295 3342 ﬁeret.
2343 3289 2527 3343 Ambae
2567 3289 2831 3357 siquidem
2884 3291 3141 3344 adversus
3182 3305 3241 3345 se
3282 3291 3416 3345 invi—

1848 3394 1966 3435 cem
2017 3382 2426 3447 concupiscunt,
2482 3380 2887 3448 destructioque
2939 3381 3266 3435 tabernaculi
3319 3383 3419 3435 im-

1850 3478 2055 3545 perium
2109 3479 2161 3529 in
2216 3477 2451 3529 animam
2504 3476 2779 3527 transfert.
2837 3471 3004 3542 Igitur
3052 3476 3103 3527 in
3158 3476 3419 3541 proximis

1850 3566 2120 3620 montibus
2151 3579 2271 3619 cum
2305 3575 2636 3628 versaretur,
2686 3565 2751 3619 ad
2780 3564 3067 3633 quemdam
3099 3580 3280 3620 senem
3322 3568 3418 3621 du-

1847 3658 2008 3721 citur,
2042 3672 2131 3724 qm
2162 3655 2297 3725 Syra
2325 3656 2540 3723 quidem
2571 3655 2804 3709 dialecto
2831 3666 3093 3721 uteretur,
3125 3658 3218 3713 sed
3246 3660 3417 3713 scien-

1851 3748 1921 3800 tia
1972 3748 2256 3815 imperitus
2302 3762 2404 3800 non
2463 3756 2600 3808 erat,
2651 3761 3022 3815 supremteque
3066 3750 3417 3805 continentiae

1850 3840 2051 3910 apicem
2089 3838 2420 3893 escoluerat.
2459 3835 2625 3904 Hujus
2670 3840 3040 3894 austeritatem
3092 3855 3260 3895 annos
3280 3856 3413 3910 qua-

1850 3943 1971 3986 tuor
1998 3947 2116 3984 cum
2174 3931 2551 3999 expressisset,
2598 3930 3416 3998 omnigenteque'delectationis

1848 4024 2091 4090 superior
2112 4022 2306 4083 evasit,
2344 4021 2549 4075 ratione
2577 4036 2698 4074 cum
2747 4020 3019 4074 laboribus
3047 4022 3159 4075 suis
3198 4025 3415 4091 c0nspi-

1851 4125 2027 4174 rante,
2071 4112 2422 4166 obscuritatis
2471 4111 2781 4173 desiderio,
2826 4118 3081 4167 extremm
3140 4111 3413 4178 cujusdam

1848 4224 1954 4260 orm
1984 4206 2206 4259 colonus
2231 4204 2400 4274 890
2429 4202 2681 4270 elﬁcitur,
2707 4214 2919 4258 antrum
2950 4206 3151 4261 habere
3179 4210 3415 4277 gestiens

1851 4298 1900 4349 in
1929 4297 2309 4359 diversorium,
2342 4297 2501 4350 veluti
2531 4296 2835 4364 palaestram
2861 4298 3209 4366 stadiumque
3245 4300 3413 4353 virtu-

1850 4392 1935 4444 tis.
1973 4390 2113 4455 Q'uot
2156 4388 2283 4441 verd
2325 4388 2432 4443 illic
2462 4389 2759 4443 certamina
2796 4389 2948 4454 obiit,
2982 4399 3038 4442 ut
3077 4392 3410 4445 tantumdem

1848 4482 2139 4537 secundum
2199 4480 2593 4534 multitudinem
2644 4480 2927 4544 dolorum,
2984 4482 3410 4535 consolationum

157 4572 337 4631 6ανε;
369 4567 539 4629 πόσας
577 4566 632 4619 δὲ
673 4567 964 4630 ἀναϐάσεις
999 4570 1057 4620 ὲν
1085 4572 1150 4639 τῇ
1191 4570 1386 4642 καρδίᾳ
1416 4571 1638 4640 θέμενος
1665 4571 1741 4641 τῷ

1847 4574 2079 4642 Spiritus
2103 4573 2442 4641 perciperet?
2471 4582 2601 4641 quot
2651 4574 2701 4627 in
2734 4574 2893 4627 corde
2935 4574 3277 4627 ascensioncs
3312 4589 3410 4641 po-

159 4657 454 4723 Ιινεύματι
480 4656 874 4725 κατειργάζετο
894 4673 907 4722 ;
931 4659 996 4709 ὲκ
1019 4657 1299 4728 δυνάμεως
1322 4661 1632 4729 προϐαίνων
1664 4664 1741 4724 εἰς

152 4751 431 4816 δᾶναμιν,
472 4747 565 4800 καὶ
598 4747 664 4801 δι’
704 4749 906 4817 ἀμφοῖν
945 4750 1195 4819 πράξεώς
1231 4768 1290 4803 τε
1348 4754 1443 4804 καὶ
1486 4752 1741 4825 θεωρίας,

154 4841 319 4891 ἅπαν
345 4837 636 4904 Αἰγύπτιον
665 4838 840 4907 νόημα
871 4840 968 4910 τῆς
1004 4840 1184 4911 ψυχῆς
1214 4841 1472 4910 ὲξορίξων
1508 4847 1600 4896 καὶ
1644 4844 1742 4896 σώ-

157 4947 243 4999 μα
253 4943 366 4989 τος.

232 5018 308 5068 θ’.
360 5016 596 5085 Μωῦσῆς
638 5033 721 5079 τις
747 5017 903 5079 ἄλλος
932 5018 1009 5090 τῷ
1050 5019 1150 5090 βίῳ
1200 5021 1614 5093 δεδωρημένης,
1644 5023 1742 5092 τὴν

150 5103 450 5171 Αἰγύπτου
484 5106 861 5160 καταλελοίπει
902 5088 994 5161 τὸν
1213 5088 1353 5179 βίον,
1398 5088 1500 5164 καὶ
1532 5114 1599 5164 τὰ
1647 5088 1740 5165 τοῦ

155 5195 314 5264 βίου,
346 5194 437 5244 καὶ
466 5194 664 5261 τρόπον
700 5195 822 5247 τινὰ
851 5196 956 5261 ἔξω
982 5199 1074 5251 τοῦ
1109 5200 1221 5270 βίου
1257 5204 1544 5271 γενόμενος
1570 5244 1585 5264 ,
1634 5202 1742 5257 εἶδε

151 5288 303 5336 ωέζν
332 5286 408 5346 ὡς
444 5286 502 5336 ἐν
533 5284 678 5355 βάτῳ
718 5286 793 5356 τῷ
840 5292 1035 5359 τραχεῖ
1073 5294 1166 5343 τοῦ
1207 5291 1322 5361 βίον
1371 5292 1737 5363 ὲκλάμποντα·

155 5383 261 5433 καὶ
302 5377 492 5449 ὥσπερ
528 5380 586 5445 ἐξ
629 5380 868 5451 ἀκάνθης
908 5384 971 5437 τὸ
1018 5385 1200 5454 ῥόδον,
1238 5386 1409 5449 οὕτως
1453 5391 1516 5441 ὲκ
1562 5389 1740 5442 πόνων

152 5469 370 5541 ἀρετῆς
416 5471 577 5537 φυτὸν
624 5471 821 5535 εὑῶδες
854 5477 933 5538 είς
978 5476 1153 5547 ὀσμὴν
1194 5478 1287 5530 τοῦ
1332 5478 1469 5531 Θεοῦ
1505 5480 1735 5549 φύεσθαι

153 5564 433 5630 πέφυκεν.
460 5560 616 5614 Οὕτω
645 5562 825 5627 λυθεὶς
854 5566 960 5620 τῶν
990 5568 1346 5640 χαμαιζήλων
1377 5572 1616 5634 ἐννοιῶν,
1647 5574 1739 5625 καὶ

152 5651 331 5717 ἀφεὶς
376 5649 530 5721 δίκην
571 5652 807 5721 meum
855 5655 923 5707 τὰ
960 5657 1123 5727 γήϊνα
1159 5659 1217 5710 ὲν
1260 5660 1409 5731 τόπῳ
1452 5660 1617 5727 Θεοῦ,
1666 5661 1742 5731 τῷ

242 5827 290 5857 ⁸⁸
340 5827 533 5895 l-Iphes.
587 5847 637 5891 ν,
676 5831 725 5884 5.
806 5834 842 5863 ¹¹
896 5832 1212 5899 l’sal.x1.iv,
1263 5838 1315 5891 5.

1846 4680 1999 4727 nens,
2029 4665 2230 4733 Spiritu
2272 4664 2693 4733 perﬁciebatur?
2729 4664 2796 4717 de
2832 4665 3027 4717 virtute
3074 4664 3123 4715 in
3162 4663 3410 4719 virtutem

1844 4756 2308 4824 progrediebatur,
2347 4764 2402 4809 ut
2437 4771 2531 4823 per
2559 4767 2861 4824 utramque,
2904 4756 3168 4808 actionem
3206 4756 3327 4808 dico
3359 4768 3413 4810 et

1844 4848 2371 4915 contemplationem,
2423 4845 2797 4916 Egyptiacani
2830 4862 3041 4899 omnem
3089 4846 3250 4901 animi
3289 4862 3412 4901 cor-

1844 4956 2096 5011 porisque
2127 4942 2376 4994 exsulare
2408 4943 2785 5010 cogitationem
2818 4951 3055 5008 cogeret.

1915 5033 1966 5085 9.
2014 5031 2144 5084 Cum
2190 5045 2337 5087 vero.
2397 5047 2492 5084 ceu
2546 5031 2750 5099 Moyses
2803 5030 2941 5083 alter
2991 5031 3177 5085 huicce
3215 5033 3413 5086 mundo

1844 5136 1939 5189 pro
1980 5121 2177 5174 eximio
2229 5136 2451 5174 munere
2505 5122 2681 5184 datus,
2734 5118 3024 5190 .‘Egyptum
3079 5120 3409 5189 reliquisset,

1844 5213 1979 5266 hanc
2010 5211 2190 5279 utique
2222 5214 2407 5271 vitam,
2454 5227 2677 5279 qua:un
2716 5210 2780 5263 ad
2814 5213 2981 5280 ipsam
3024 5212 3319 5279 pertinent,
3350 5228 3412 5266 ac

1843 5304 1998 5356 modo
2043 5303 2273 5368 quodam
2329 5306 2447 5353 vita:
2501 5304 2658 5369 hujus
2717 5318 2907 5359 exsors
2962 5301 3184 5358 ell'ectus
3232 5316 3407 5369 esset,

1844 5394 2009 5446 Deum
2050 5392 2183 5445 vidit
2232 5394 2285 5446 in
2336 5394 2555 5459 hujusce
2596 5395 2778 5447 saeculi
2820 5395 3112 5464 asperitate
3162 5396 3300 5449 velut
3356 5398 3411 5450 in

1841 5484 1972 5536 rubo
2012 5483 2476 5551 splendescentem
2549 5485 3011 5550 Quemadmodum
3045 5486 3191 5540 enim
3234 5503 3408 5541 rosam

1841 5590 1902 5628 ex
1954 5574 2142 5641 spinis,
2197 5576 2275 5629 sic
2320 5591 2383 5629 ex
2434 5574 2708 5630 laboribus
2749 5576 3147 5632 suaveolentem
3190 5576 3410 5631 virtutis

1844 5665 2077 5735 plantam
2109 5666 2161 5719 in
2198 5665 2286 5721 Dei
2320 5669 2538 5720 odorem
2572 5666 2879 5736 germinare
2908 5679 3276 5736 comparatum
3304 5676 3407 5724 est.
