4170 6454
774 377 863 435 ττι
1971 388 2031 444 s'.
2066 386 2354 443 JOANNI!

2460 390 2849 451 DAMASCENI
3964 387 4060 446 τῗέ

782 508 1022 575 Abjectts
1070 505 1249 572 itaque
1298 498 1716 570 cogitationibus
1756 506 2062 565 exemptus,
2101 499 2354 552 terrenis-

2469 503 2583 572 ἰδίῳ
2616 504 2691 575 νῷ
2724 506 2955 574 γίνεται,
2993 506 3088 561 καὶ
3117 508 3220 579 ὁρᾷ
3248 506 3382 560 Θεὸν
3410 509 3487 571 ὡς
3515 508 3642 562 ίδεῐν
3673 510 3947 573 δυνατὸν,
3980 519 4067 565 καὶ

780 615 886 667 que
919 600 1079 651 rebus
1109 596 1599 649 calceamentorum
1635 593 1805 645 instar
1850 590 2057 657 positis,
2098 591 2149 643 in
2187 591 2359 643 locum

780 689 877 743 Dei
916 686 1150 741 occurrit
1181 687 1386 754 (mente
1424 699 1518 736 sua
1550 681 1782 749 scilicet)
1808 681 1896 734 ubi
1927 680 2090 734 Deum
2124 680 2362 733 intuetur

778 789 1036 850 quantum
1064 776 1256 833 mtueri
1288 773 1540 843 possibile
1570 782 1673 827 est.
1704 770 1940 827 Rursum
1966 787 2093 824 vero
2119 770 2171 823 in
2196 768 2363 840 IEgy-

780 878 926 937 ptam
966 877 1191 930 remeat,
1232 865 1483 934 pOpulum
1515 862 1745 916 multum
1784 877 1881 915 nec
1923 859 2195 914 numerari
2230 858 2363 911 faci-

782 958 910 1020 lem,
941 975 1006 1011 cx
1047 958 1159 1020 illa,
1188 967 1244 1011 et
1272 972 1338 1010 ex
1366 972 1554 1009 amara
1588 955 1890 1009 Pharaonis
1919 952 2182 1021 principia
2213 954 2361 1005 orbis

780 1053 1038 1105 servitute
1083 1050 1441 1103 translaturus
1490 1048 1556 1101 ad
1589 1047 1855 1100 excelsam
1890 1053 2091 1097 terram
2134 1046 2361 1109 promis.

782 1144 973 1208 sionis,
1006 1152 1063 1194 ut
1110 1143 1355 1194 traducat
1389 1155 1482 1193 eos
1522 1154 1615 1208 per
1644 1153 1790 1191 mare
1826 1136 2066 1189 ltubrum
2096 1149 2250 1204 aqua:
2284 1135 2360 1186 di-

782 1236 919 1287 vinze
956 1245 1007 1286 et
1052 1232 1354 1298 sanguinis,
1409 1233 1460 1283 in
1508 1233 1725 1284 deserto
1766 1228 2233 1297 perturbationum
2273 1242 2362 1278 va-

778 1343 882 1381 cuo
908 1334 1209 1385 versantes,
1242 1325 1327 1376 ubi
1358 1333 1550 1376 exacto
1588 1322 1831 1383 Amalec,
1857 1323 2111 1388 CXIMIISiS
2145 1321 2199 1372 in
2235 1335 2362 1371 cru-

778 1420 856 1472 cis
919 1419 1131 1471 tnodum
1170 1416 1435 1479 manibus,
1490 1414 1555 1466 ad
1603 1414 1772 1467 instar
1829 1412 1974 1466 illius
2033 1413 2124 1480 qui
2186 1412 2359 1465 nostri

777 1512 947 1580 gratia
986 1525 1176 1563 manus
1226 1507 1481 1576 expandit
1528 1506 1579 1560 in
1619 1520 1803 1570 cruce,
1842 1506 2123 1558 vietricent
2158 1519 2221 1557 ea
2270 1504 2362 1556 illo

779 1603 1030 1654 virtutem
1074 1598 1376 1652 obtineant.
1424 1598 1640 1651 Duobus
1686 1597 1848 1665 igitur
1893 1594 2051 1647 annis
2099 1594 2151 1647 in
2196 1608 2360 1663 specu

781 1702 1039 1752 moratus,
1069 1690 1323 1743 coercitis
1346 1704 1438 1757 per
1466 1687 1674 1757 vigilias
1700 1686 1879 1740 anima
1908 1696 1962 1739 et
1982 1700 2232 1754 corpore,
2259 1701 2358 1739 ceu

772 1785 883 1850 jam
919 1797 1080 1835 carne
1123 1782 1255 1833 liber
1300 1789 1464 1844 esset,
1512 1779 1815 1833 divinorum
1860 1779 2197 1848 eloquiorutn
2238 1791 2357 1833 stu-

2466 598 2628 651 πάλιν
2676 599 2753 661 εἰς
2794 601 3068 667 Αἴγυπτον
3118 601 3518 671 παραγίνεται,
3561 601 3741 671 πλήθη
3785 604 3982 655 πολλα
4017 620 4067 654 τε

2465 689 2559 743 καὶ
2587 688 2788 757 ἄπειρα
2818 690 2879 754 ἐξ
2908 690 3207 759 Αἰγύπτου,
3241 694 3334 744 καὶ
3364 694 3464 762 τῆς
3496 696 3705 762 πικρᾶς
3737 694 4069 764 τυραννίδος

2462 781 2664 850 Φαραὼ
2697 781 2792 834 τοῦ
2835 784 3304 854 κοσμοκράτορας,
3342 785 3439 835 xui.
3480 783 3615 854 πρὸς
3645 784 3748 854 τὴν
3793 785 3927 838 ἅνω
3966 786 4069 851 γῐν

2463 872 2560 939 τῆς
2583 873 2915 941 ὲπαγγελίας
2946 872 3421 943 μεταστησὸμενός
3449 891 3530 939 τε,
3561 874 3658 927 καὶ
3681 878 4068 944 μεταστήσων

2463 960 2550 1013 διὰ
2599 960 2871 1032 θαλάττης
2948 961 3219 1032 Ἐρυθρᾶς
3267 962 3361 1015 τοῦ
3405 962 3549 1015 θείου
3603 964 3805 1028 ὕδατός
3857 981 3925 1017 τε
3974 968 4065 1019 καὶ

2464 1053 2718 1121 αἵματος,
2747 1055 2800 1105 ὲν
2831 1055 3024 1124 ἐρήμῳ
3043 1057 3153 1107 τῶν
3182 1053 3371 1106 παθῶν
3400 1056 3941 1125 πολιτευσαμένους,
3973 1062 4062 1109 καὶ

2478 1145 2728 1216 Ἀμαλὴκ
2768 1146 3124 1209 ὲκκλίναντας
3164 1146 3363 1218 χειρῶν
3397 1148 3620 1200 ἐκτάσει
3664 1148 4063 1218 ἐπαιρομένων

2468 1237 2829 1309 σταυροειδῶς
2881 1236 3016 1308 πρὸς
3074 1238 3167 1289 τὸν
3218 1240 3275 1290 ὲν
3332 1236 3551 1308 σταυρῷ
3595 1239 3695 1301 τὰς
3749 1240 3953 1307 χεῖρας
4000 1240 4063 1291 δι’

2464 1331 2612 1400 ἡμᾶς
2648 1330 2996 1394 ἐκτείναντα,
3043 1328 3102 1394 ἐξ
3136 1328 3304 1382 αὑτοῦ
3334 1347 3395 1383 τε
3426 1330 3527 1399 τὴν
3555 1329 3938 1399 τροπαιοῦχον
3983 1329 4063 1381 δε-

2463 1419 2754 1488 δεγμένους
2792 1418 3044 1487 δύναμιν.
3097 1419 3185 1472 Ἐν
3230 1418 3309 1487 τῷ
3362 1419 3613 1489 σπηλαίῳ
3647 1418 3837 1471 τοίνυν
3883 1420 4062 1471 διττὸν

2465 1511 2585 1574 ἔτος
2618 1510 2923 1579 διατρίψας,
2953 1512 3049 1565 καὶ
3076 1511 3353 1582 ἄγρυπνον
3378 1510 3474 1583 τὴν
3502 1510 3680 1580 ψυχὴν
3714 1510 3843 1581 ἅμα
3875 1509 3976 1563 καὶ
4005 1510 4061 1561 τὸ

2466 1603 2627 1673 σῶμα
2684 1603 3039 1672 διαφυλάξας,
3098 1598 3210 1656 οἷον
3270 1604 3513 1672 ἄσαρκος
3559 1606 3626 1672 τῇ
3688 1603 3909 1672 μελέτῃ
3958 1600 4061 1653 τῶν

2465 1696 2625 1750 θείων
2667 1696 2864 1765 λογίων
2898 1695 3377 1767 ὲνασχολούμενος,
3417 1698 3597 1750 πᾶσαν
3636 1696 4058 1767 ὲξωστράκισεν

2465 1791 2686 1859 ἄγνοιαν
2711 1832 2725 1855 ,
2755 1792 2815 1843 τὸ
2853 1791 2971 1858 φῶς
3011 1792 3108 1862 τῆς
3146 1790 3382 1861 ἀληθοῦς
3419 1792 3875 1859 είσοικισάμενος
3921 1790 4058 1855 γνω-

777 1878 867 1929 diu
913 1885 966 1928 et
1030 1874 1378 1926 meditatione
1440 1872 1798 1939 ignorantiam
1852 1885 2067 1925 omnem
2132 1870 2353 1939 pepulit,

2461 1901 2618 1947 σεως.
2656 1885 2717 1937 Εἰ
2742 1884 2800 1937 δὲ
2834 1884 2928 1936 καὶ⁸
2962 1852 3133 1937 ὕπνου
3166 1852 3489 1955 μεταλαχεῖν
3514 1884 3622 1936 ἔδει
3656 1852 3802 1954 πρὸς
3832 1852 3945 1951 τὴν.
3967 1883 4057 1950 τῆς

778 1982 921 2020 vera:
970 1965 1211 2020 scientia:
1256 1962 1458 2017 lumine
1503 1962 1554 2014 in
1587 1970 1759 2015 semet
1806 1970 2043 2028 recepto.
2087 1960 2182 2015 Sin
2230 1978 2356 2017 vero

781 2058 1056 2125 indulgere
1093 2070 1285 2110 somno
1316 2068 1454 2121 opus
1501 2060 1637 2116 erat,
1686 2064 1794 2120 quo
1845 2061 2037 2106 natura
2082 2068 2359 2107 recreare-

782 2158 868 2200 tur
898 2154 1424 2210 sustentareturque,
1468 2141 1570 2194 hoc
1607 2139 1836 2195 oﬂicium
1869 2152 2077 2195 naturae
2111 2143 2191 2197 sic
2221 2158 2360 2212 pra:-

776 2240 976 2302 stabat,
1013 2247 1072 2290 ut
1112 2236 1202 2290 illo
1237 2236 1475 2297 biennio,
1511 2248 1609 2288 nec
1640 2244 1819 2298 nocte,
1867 2249 1968 2289 nec
1999 2235 2087 2289 die
2134 2237 2359 2290 recuba-

782 2341 883 2385 ret.
929 2330 1041 2383 llac
1082 2330 1293 2381 ratione
1334 2326 1606 2379 inferioris
1654 2324 1826 2393 partis
1866 2324 2118 2380 libidines
2167 2341 2358 2381 eneca-

780 2424 994 2486 bantur,
1043 2420 1344 2476 lumborum
1396 2420 1620 2471 virtutes
1672 2416 2060 2481 solvebantur,
2119 2418 2356 2472 umbilici

778 2512 1222 2580 exstinguebatur
1273 2520 1473 2575 :estus,
1532 2518 1590 2562 ut
1644 2508 1780 2563 nihil
1853 2509 2046 2562 virium
2104 2510 2356 2575 haberet,

779 2604 970 2671 quibus
990 2601 1165 2670 juvari
1194 2611 1390 2669 posset.

851 2759 938 2811 10.
989 2756 1046 2809 lu
1085 2756 1311 2824 patriam
1363 2757 1544 2825 itaque
1591 2755 1828 2821 rediens,
1862 2755 2181 2827 presbyterii
2233 2771 2326 2825 gra

780 2853 909 2904 dum
950 2850 1164 2918 accipit.
1216 2847 1459 2917 Cumque
1507 2858 1758 2917 tauquam
1819 2848 1952 2917 grati
2000 2850 2163 2901 animi
2211 2848 2351 2901 lilius

782 2941 978 2994 nutrici
1005 2939 1166 2993 matri
1199 2938 1577 2992 nutricationis
1612 2939 1830 3007 praemia
1864 2939 2221 3007 rependisset,
2250 2937 2359 2992 Deo

782 3034 1097 3103 providente
1149 3032 1215 3086 ad
1262 3032 1473 3084 urbium
1507 3032 1819 3100 principem,
1852 3028 2200 3095 transfertur,
2243 3046 2358 3083 ma-

780 3126 977 3195 gnique
1012 3123 1281 3192 pontilicis
1327 3122 1489 3175 liliam
1532 3122 1679 3176 ducit
1716 3137 1960 3174 uxorein.
2005 3120 2242 3189 IEquum
2284 3122 2357 3175 si-

782 3217 1001 3284 quidem
1047 3230 1151 3268 non
1203 3224 1341 3277 erat,
1391 3225 1449 3266 ut
1500 3213 1726 3282 insignis
1773 3214 1907 3266 adeo
1962 3211 2236 3281 religionis
2279 3211 2353 3263 lu-

779 3324 963 3373 cerna,
1014 3308 1066 3360 in
1118 3322 1221 3375 qua
1266 3306 1440 3357 lumen
1487 3305 1712 3373 tempori
1762 3304 1908 3357 nullo
1959 3304 2252 3357 obnoxium
2300 3315 2353 3357 et

779 3413 1038 3455 arternunt
1075 3397 1466 3464 requiescehal.
1504 3395 1605 3447 sub
1641 3396 1820 3448 modio
1843 3395 2227 3459 occultaretur,
2256 3396 2351 3447 sed

780 3507 942 3560 super
990 3489 1369 3542 candelabrum
1410 3486 1680 3539 excelsum
1733 3485 2090 3552 omnibuSque
2139 3487 2351 3552 conspi-

780 3600 937 3635 t'lllllll
972 3589 1319 3644 statueretur,
1357 3587 1415 3631 ut
1453 3592 1519 3630 ex
1549 3578 1655 3631 alta
1697 3580 1977 3646 positaque
2009 3577 2059 3627 in
2109 3576 2350 3629 meditul-

780 3678 853 3729 lio
879 3672 1115 3743 Specula,
1158 3686 1255 3724 ceu
1303 3670 1427 3722 tuba
1464 3683 1530 3721 ex
1578 3684 1711 3722 auro
1757 3667 1965 3731 ductili,
1999 3668 2065 3717 ad
2114 3666 2348 3718 universi

778 3776 1019 3819 extrema
1066 3774 1291 3829 qumque
1340 3769 1678 3827 personaret.
1732 3757 1865 3823 Quis
1920 3758 2217 3810 Ecclesium
2268 3759 2350 3809 sic

782 3858 919 3911 rexit
949 3855 1345 3921 ordinavitqne,
1382 3858 1435 3904 et
1472 3850 1723 3903 humilem
1746 3850 2097 3903 nihilominus
2129 3864 2348 3903 sensum

781 3966 889 4019 prae
919 3964 976 4002 se
1007 3946 1163 4000 tulit?
1187 3945 1308 4013 quis
1346 3943 1480 3995 iram
1522 3943 1795 4009 animique
1828 3940 2226 3995 vehementiam
2273 3943 2350 3994 sic

780 4037 1134 4106 compescuit,
1191 4047 1249 4086 ut
1299 4031 1766 4085 mansuetudinem
1813 4029 1877 4081 ad
1927 4028 2148 4095 jttslilizt'
2206 4028 2350 4098 leges

779 4142 1025 4185 exactam
1068 4136 1393 4183 consecutus
1436 4133 1615 4190 esset;
1667 4139 1772 4191 qua
1804 4124 2061 4191 quidquid
2108 4123 2351 4175 obstaret

784 4223 991 4286 \irtuti,
1036 4223 1326 4289 refugeret,
1364 4216 1682 4286 justumque
1726 4214 1794 4267 ab
1847 4214 2057 4282 injustis
2116 4214 2351 4265 vindica-

784 4313 901 4367 ret?
935 4312 1056 4379 quis
1103 4309 1369 4362 charitnte
1422 4304 1532 4366 illa,
1568 4320 1631 4356 ex
1681 4318 1785 4371 qua
1827 4302 2200 4355 misericordia
2257 4318 2348 4353 na-

779 4406 970 4466 scitur,
1023 4400 1252 4454 eximius
1303 4397 1436 4449 adeo
1484 4395 1622 4459 fuit;
1680 4393 1833 4461 cujus
1888 4394 2103 4445 virtutis
2162 4407 2350 4445 monu-

782 4504 961 4548 menta
1018 4490 1240 4543 animati
1301 4488 1441 4555 cippi
1512 4486 1775 4553 hodieque
1839 4482 2096 4552 gestant?
2161 4480 2350 4535 Omnis

779 4598 958 4640 sermo
1022 4581 1165 4635 illius
1218 4578 1285 4633 de
1344 4576 1709 4631 misericordia
1765 4584 1914 4639 erat,
1976 4576 2174 4642 quique
2230 4586 2350 4625 eum

780 4673 1219 4727 verbil‘aeientem
1250 4670 1511 4729 audisset,
1541 4668 1605 4718 ad
1650 4666 1891 4719 habitum
1921 4664 2178 4717 continuo
2199 4678 2350 4716 com—

781 4766 1145 4819 mtserattonis
1192 4757 1639 4823 Iiheralitatisque
1685 4755 2104 4823 provehebatur.
2145 4754 2353 4806 Suade-

780 4859 868 4910 bat
891 4852 1052 4923 891
1086 4868 1179 4903 sua
1213 4849 1321 4903 Deo
1356 4848 1626 4910 .feuerari,
1663 4847 2032 4915 corruptibilia
2069 4857 2122 4899 et
2147 4849 2349 4898 caduca

780 4949 1059 5015 largiendo
1092 4943 1187 5009 illi,
1219 4942 1312 5010 qui
1351 4938 1724 5008 permanentia
1764 4948 1818 4991 et
1851 4942 2158 5005 incorrupta
2195 4938 2352 4988 vicis-

779 5040 880 5091 sim
919 5040 1091 5100 daret,
1128 5049 1191 5086 ac
1235 5032 1526 5085 recondere
1556 5030 1606 5082 in
1635 5028 1786 5083 curiis
1820 5028 2182 5081 miserationis
2213 5041 2350 5095 penu

777 5128 920 5199 quod
960 5144 1063 5180 non
1097 5133 1530 5184 consumeretur,
1560 5136 1660 5175 nec
1692 5119 2003 5189 prtetlationi
2036 5118 2215 5172 furum
2259 5134 2351 5186 pa-

780 5234 919 5276 teret
950 5237 963 5271 :
992 5230 1049 5271 ut
1098 5225 1319 5286 peccata
1361 5214 1719 5282 eleemosyuis
1776 5220 2088 5279 purgarent,
2144 5221 2198 5263 et
2247 5210 2350 5262 ini-

776 5314 1017 5383 quitates
1036 5305 1407 5362 misericordia
1440 5320 1569 5373 erga
1604 5319 1804 5370 egenos
1835 5322 1846 5356 :
1885 5302 2193 5369 frangerent
2222 5316 2351 5369 pau-

778 5407 999 5475 peribus
1041 5416 1230 5471 panem
1288 5398 1587 5451 secundum
1635 5395 2005 5463 praescriptum
2055 5391 2349 5461 Evangelii,

776 5494 1193 5559 aitieutibusque
1220 5488 1467 5558 poculum
1493 5486 1720 5550 darent;
1752 5488 2017 5538 nudorum
2051 5483 2349 5536 nuditatem

780 5594 1052 5658 tegerent,
1117 5583 1353 5635 vestibus
1398 5580 1682 5633 deStitutos
1739 5578 2055 5639 induerent,
2109 5573 2209 5628 sub
2264 5575 2351 5626 dio

2460 1976 2674 2045 φύσεως
2722 1978 3022 2047 ἀνάκτησιν
3066 1979 3164 2030 καὶ
3209 1978 3543 2049 ἀνάρῤωσιν,
3600 1976 3746 2028 ἔστω
3795 1976 3903 2047 τὴν
3954 1974 4056 2025 3.5:-

2458 2068 2717 2140 τουργίαν
2749 2068 2922 2122 ἐτέλει
2952 2070 3055 2138 τῆς
3093 2068 3330 2137 φύσεως,
3362 2069 3439 2132 ὡς
3470 2068 3531 2120 τὸ
3562 2067 3743 2120 διττὸν
3783 2069 3913 2129 ἔτος
3954 2066 4055 2119 οὐδ’

2458 2161 2595 2223 ὅλως
2621 2160 3000 2225 ἀνακλιθῆναι,
3030 2160 3089 2212 οὐ
3115 2159 3347 2229 νύκτωρ,
3376 2160 3435 2211 οὐ
3465 2158 3584 2227 μεθ’
3614 2158 3866 2227 ἡμέραν,
3907 2158 4055 2211 Οὖτω

2460 2252 2749 2321 νεκροῦται
2806 2252 2876 2305 τά
2935 2254 3317 2323 ὑπογάστρια,
3370 2252 3463 2304 καὶ
3507 2252 3618 2302 τῶν
3677 2252 3912 2321 νεφρῶν
3964 2252 4053 2311 τὰς

2456 2341 2716 2410 δυνάμεις
2766 2342 3036 2405 ἐκλύεται,
3091 2342 3186 2394 καὶ
3235 2341 3344 2394 τῶν
3389 2340 3475 2395 ἐπ’
3514 2340 3773 2409 ὀμφαλοῦ
3820 2342 4052 2411 γαστρὸς

2458 2434 2555 2501 τὴν
2607 2432 2855 2501 πύρωσιν
2891 2432 3370 2503 παρασὸέννυται,
3422 2434 3517 2484 καὶ
3556 2433 3753 2495 ἄτονος
3802 2438 3948 2502 πρὸς
4004 2434 4053 2483 τι

2460 2523 2637 2592 ἐαυτῷ
2669 2522 3028 2592 χρησιμεύειν
3068 2522 3297 2589 γίνεται.

2534 2768 2623 2825 ια’.
2652 2764 2815 2833 Αὖθίς
2843 2785 2902 2820 τε
2930 2768 3066 2838 πρὸς
3093 2767 3191 2838 τὴν
3221 2768 3456 2838 πατρίδα
3486 2767 3933 2838 παλινοστήσας,
3970 2773 4056 2822 καὶ

2458 2860 2558 2931 τῆς
2592 2859 2919 2927 Ἐκκλησίας
2953 2860 3011 2911 ὲν
3038 2857 3413 2929 πρεσϐυτέρου
3442 2859 3591 2921 τάξει
3614 2860 3945 2929 γινόμενος,
3972 2864 4057 2913 καὶ

2460 2951 2632 3022 ταύτῃ
2655 2950 2729 3013 ὼς
2760 2949 3061 3019 εὐγνώμων
3092 2954 3219 3013 παῖς
3248 2954 3321 3019 τῇ
3345 2950 3547 3020 τιθηνῷ
3576 2952 3753 3020 μητρὶ
3783 2954 4054 3013 ἀποτίσσς

2461 3043 2527 3097 τὰ
2561 3043 2825 3113 θρέπτρα,
2861 3041 2982 3112 Θείᾳ
3024 3042 3251 3112 προνοίᾳ
3288 3042 3423 3113 πρὸς
3455 3042 3555 3111 τὴν
3593 3042 3910 3111 ἁλουργίδα
3956 3046 4051 3094 τιῖςν

2462 3134 2667 3186 πόλεων
2695 3134 3109 3204 μετατάττεται,
3135 3135 3230 3184 καὶ
3251 3134 3346 3203 τὴν
3376 3132 3651 3203 θυγατέρα
3671 3134 3772 3187 τοῦ
3809 3138 4052 3204 μεγάλου

2459 3224 2759 3295 ἀρχιερέως
2788 3224 3142 3296 νυμφεύεται.
3180 3224 3254 3276 Οὐ
3286 3226 3394 3295 γὰρ
3425 3225 3530 3277 ὑπὸ
3557 3226 3741 3295 μόδιον
3770 3228 4053 3299 κρύπτεσ-

2459 3317 2548 3369 θαι
2586 3319 2733 3369 ὅσιον
2785 3317 3049 3387 φωστῆρα
3081 3317 3315 3381 τοιόνδε,
3350 3319 3436 3384 ἐφ’
3482 3311 3526 3384 ᾧ
3566 3318 3631 3371 τὸ
3673 3320 3916 3387 ἄχρονον
3964 3321 4051 3372 καὶ

2458 3411 2626 3462 ἀΐδιον
2654 3410 2767 3478 φῶς
2809 3409 3232 3471 ἀναπέπαυται,
3282 3411 3398 3463 ἀλλ’
3428 3412 3523 3464 ἐπὶ
3571 3412 3798 3479 λυχνίαν
3839 3413 4052 3481 ὑψηλὴν

2459 3501 2552 3551 καὶ
2597 3499 2891 3569 περίοπτον
2930 3499 3303 3559 ἀνατίθεσθαι,
3349 3502 3413 3552 ἶν’
3443 3500 3518 3562 ὡς
3558 3502 3616 3565 ἐξ
3652 3502 3915 3554 ἀπόπτου
3962 3507 4052 3555 καὶ

2460 3592 2793 3659 μεσαιτάτης
2818 3591 3105 3661 περιωπῆς
3131 3592 3365 3660 σάλπιγξ
3391 3585 3476 3644 οἷα
3500 3592 3853 3662 χρυσήλατος
3876 3596 4049 3646 πάντα

2459 3685 2769 3754 περιηχήσῃ
2808 3682 2876 3735 τὰ
2906 3684 3142 3754 πέρατα.
3180 3684 3277 3747 Τίς
3303 3685 3477 3746 οὕτως
3529 3684 3868 3752 Ἐκκλησίαν
3908 3687 4048 3737 ἴθινέ

2457 3789 2515 3824 τε
2550 3776 2643 3825 καὶ
2676 3772 2856 3838 ἔταξε,
2891 3774 2985 3825 καὶ
3010 3773 3289 3843 χθαμαλὸν
3320 3774 3634 3839 ἐπεδείξατο
3668 3776 3958 3843 φρόνημα,
3998 3780 4049 3827 ἐν

2458 3864 2647 3935 ὑψηλῷ
2679 3864 2772 3917 τοῦ
2813 3864 3121 3935 ἀξιώματος
3158 3869 3579 3934 προτερήματις
3620 3867 3701 3926 τίς

2456 3957 2561 4024 γὴν
2616 3956 2710 4007 καὶ
2766 3956 2935 4026 θυμὸν
2988 3956 3310 4026 ἡνιόχησεν,
3362 3956 3438 4017 ὼς
3491 3955 3714 4023 ἔννομον
3760 3960 4050 4026 πραότητα

2459 4044 2786 4115 κτήσασθαι,
2831 4046 3249 4112 ἀποστυγοῦσαν
3287 4045 3384 4113 μὲν
3415 4045 3520 4097 πᾶν
3559 4044 3586 4096 δ
3614 4062 3665 4095 τι
3704 4045 3809 4110 τῆς
3844 4046 4048 4115 ἀρετῆς

2457 4131 2754 4192 ἀντίθετον,
2782 4131 2875 4184 καὶ
2896 4130 3272 4184 διεκδικοῦσαν
3296 4132 3351 4182 δὲ
3377 4132 3436 4194 ἐξ
3457 4132 3659 4184 ἀδίκων
3683 4135 3775 4184 τὸν
3798 4134 4011 4187 δίκαιον
4033 4155 4044 4191 ;

2455 4222 2537 4283 τίς
2579 4221 2799 4291 ἀγάπην
2827 4221 3110 4286 τοσοῦτος,
3166 4224 3225 4287 ἐξ
3255 4218 3320 4295 ἧς
3360 4222 3508 4285 ἕλεος
3553 4222 3786 4291 φύεταις
3839 4219 3904 4277 οὗ
3957 4227 4046 4293 τῆς

2458 4314 2660 4381 ἀρετῆς
2728 4313 2888 4383 μέχρι
2952 4313 3049 4366 νῦν
3112 4315 3347 4383 ἐμψυχοι
3407 4315 3598 4383 στῆλαι
3664 4314 3734 4366 τα
3797 4316 4045 4384 συμὼὶα

2458 4402 2703 4470 φέρουσι.
2746 4403 2919 4470 Λόγος
2949 4403 3058 4473 γὰρ
3094 4406 3202 4466 πᾶς
3241 4405 3391 4474 αὐτῷ
3434 4404 3583 4456 ἐλέου
3616 4404 3874 4474 ὑπῆρχεν
3921 4408 4045 4457 ὑπὸ·

2457 4491 2604 4553 θέσις
2629 4533 2645 4553 ,
2663 4491 2738 4553 ὡς
2767 4493 2844 4554 είς
2873 4490 2985 4557 ἕξιν
3013 4491 3334 4562 ἐληλακέναι
3359 4492 3704 4562 συμπαθείας
3738 4497 3843 4547 καὶ⁵
3879 4514 4041 4562 μετα-

2456 4580 2653 4642 δόσεως
2689 4581 2813 4642 τοὺς
2843 4582 2951 4633 τῶν
2993 4582 3204 4635 ἐκείνου
3239 4584 3529 4645 ἐπαίοντας
3560 4582 3757 4649 λόγων.
3820 4586 4043 4638 Ἐπεισε

2459 4669 2567 4738 γὰρ
2604 4670 2721 4738 Θεῷ
2763 4670 2830 4723 τὰ
2878 4672 3052 4724 οἰκεῖα
3098 4674 3316 4741 κιχρᾷν,
3370 4672 3584 4743 φθαρτὰ
3646 4673 3904 4738 διδόντας
3959 4682 4043 4729 καὶ

2459 4761 2652 4829 ρἐντα
2687 4760 3034 4830 ἀντιμετρεϊν
3075 4760 3141 4813 τὰ
3181 4761 3412 4823 ἑστῶτα,
3470 4763 3564 4814 καὶ
3623 4763 3912 4833 ἄφθαρτα,
3959 4769 4042 4816 καί

2459 4850 2809 4921 θησαυρίζειν
2840 4853 2898 4904 ὲν
2918 4854 3173 4922 οὐρανοῖς
3199 4856 3298 4923 τῆς
3336 4853 3679 4923 συμπαθείας
3709 4855 3809 4906 τὸν
3833 4857 4038 4926 ἔρανον,

2456 4939 2518 4990 οὐ
2558 4938 2969 5009 δαπανώμενον.
3017 4941 3154 4994 Οὐδὲ
3186 4942 3392 5012 κλέπτῃ
3436 4942 3770 5010 συλώμενον,
3812 4946 4037 5015 ἐλεημο-

2458 5031 2646 5094 σύναις
2675 5031 2775 5094 τὰς
2822 5033 3097 5104 ἁμαρτίας
3140 5032 3444 5103 καθαίρειν,
3486 5034 3576 5085 καὶ
3608 5035 3708 5096 τας
3742 5036 3967 5098 ἀδικίας
3992 5039 4039 5087 ἐν

2456 5123 2763 5192 οἰκτιρμοῖς
2790 5126 3039 5192 πενήτων
3063 5142 3076 5153 ·
3105 5123 3333 5176 πεινῶσι
3365 5123 3727 5194 διαθρύπτειν
3762 5124 3863 5178 τὸν
3889 5128 4038 5197 ἄρτον

2456 5215 2850 5284 εὐαγγελικῶς,
2886 5218 2979 5269 καὶ
3020 5216 3212 5286 διψῶσι
3244 5216 3443 5269 διδόναι
3475 5218 3737 5286 ποτήριον
3760 5232 3775 5247 ο
3822 5218 4039 5287 γυμνῶι

2456 5306 2829 5376 περιστέλλειν
2874 5308 2973 5376 τὴν
2999 5306 3299 5375 γύμνωσιν,
3342 5306 3437 5358 καὶ
3475 5305 3779 5373 ἀμφιάζειν
3827 5308 4037 5374 ἀνείμου

2454 5414 2573 5461 νας,
2619 5399 2713 5450 καὶ
2771 5399 3033 5466 ἀστέγους
3077 5397 3397 5466 ὑπαιθρίους
3454 5397 3718 5450 σκέπειν’
3765 5396 4035 5450 ποιεῖσθαι

2458 5488 2756 5543 νοσούντων
2802 5489 3113 5557 ἐπίσκεψιν,
3166 5490 3259 5543 καὶ
3312 5487 3447 5558 πρὸς
3491 5487 3737 5558 φρουρὰν
3774 5488 3875 5539 τὸν
3920 5489 4035 5537 πόδα

2458 5580 2764 5651 προίεσθαι,
2790 5582 3129 5652 καρποῦσθαι
3161 5582 3238 5652 τῷ
3270 5580 3404 5650 ἐλέῳ
3432 5580 3523 5632 τὸν
3556 5579 3728 5631 ἔλεον.

3738 3866 3926 3929 οὕτως
3965 3870 4049 3936 ὀρ-

777 5695 995 5751 agentes
1016 5676 1651 5748 colligerent,visilarent
1680 5674 1944 5736 infirmos,
1975 5672 2039 5726 ad
2062 5670 2334 5725 custodias
2387 5675 2697 5731 conferrent
2744 5678 2968 5744 pedem,
3022 5687 3075 5730 et
3151 5675 3574 5731 misericordiam
3662 5668 4033 5726 misericordia

778 5783 1131 5834 lucrarentur.
