4170 6454
149 460 253 518 ΤῖΞῖ

209 578 295 622 ια’.
341 569 515 638 Μῆνιν
567 569 621 621 δὲ
668 568 748 629 τίς
795 567 1076 632 ἀπώσατο,
1129 568 1222 620 καὶ⁵
1270 566 1606 620 ἀπωθεῖσθαι
1645 567 1705 619 τδ
1735 572 1779 627 Α

136 663 388 731 ποίμνιον
422 660 671 725 πέπεικε,
700 660 797 729 τὴν
826 659 891 710 τὰ
922 657 1039 710 θεῖα
1072 658 1356 726 σπλάγχνα
1373 658 1481 709 τῶν
1503 660 1710 727 οίκτιρ-

139 755 257 822 μῶν
294 756 406 814 τοῖς
440 753 622 822 ἔχουσι
652 752 973 817 κλείουσαν;
1016 751 1103 811 Ὠς
1133 750 1239 819 γὰρ
1268 750 1531 820 ἐποίησας
1574 750 1709 820 (7'5),

135 849 280 899 ἔστω
313 863 412 902 σοι.
446 846 610 914 φησίν
639 861 652 872 ·
677 837 719 909 ᾧ
752 842 933 913 μέτρῳ
958 846 1197 913 μετρεῖς,
1237 842 1712 914 ἁντιμετρηθησοο

140 939 309 1004 μένῳ.
380 935 593 1003 Ἀφέντι
635 935 744 1004 γὰρ
777 932 1134 1001 ἀφεθήσεται.
1174 932 1281 985 Kal.
1311 932 1545 1000 ἔμπαλιν
1586 933 1714 986 ἀκο-

136 1025 325 1079 λουθία
351 1024 670 1095 trs-,9qust
690 1043 702 1055 ·
731 1025 830 1075 οὐκ
862 1023 1191 1095 ἀφεθήσεται
1226 1024 1335 1095 γὰρ
1354 1025 1453 1077 οὐκ
1476 1025 1710 1093 ἀφιέντι.

136 1117 235 1178 Τίς
274 1115 487 1183 φθόνον,
524 1114 615 1166 καὶ
648 1111 947 1181 βασκανίαν
976 1111 1290 1180 κατέκρινε,
1324 1112 1417 1164 καί
1444 1109 1711 1179 κατάκρι-

138 1224 228 1256 σιν
268 1203 511 1268 διδαξαςς
564 1203 623 1255 τὸ
676 1202 993 1271 φθονεῖσθαι
1037 1203 1292 1274 ἄριστονε
1355 1203 1560 1271 ἀγαθὸν
1605 1204 1713 1276 γὰρ

142 1296 293 1348 ἃπαν
327 1295 636 1361 ἐπίφθονον.
670 1293 1142 1363 Αὑτοκατάκριτον
1170 1293 1224 1346 δὲ
1261 1294 1398 1363 πρὸς
1435 1293 1511 1362 τῷ
1542 1293 1713 1363 αἰσχί-

138 1406 252 1458 στῳ
283 1386 342 1439 τὸ
377 1384 645 1454 βάσκανον
674 1386 734 1438 τὸ
767 1384 985 1436 πάντων
1018 1385 1127 1437 τῶν
1156 1384 1347 1437 παθῶν
1382 1383 1713 1438 ἀδικώτατον

136 1481 235 1531 καί⁵
260 1479 593 1531 είκαιότατον
616 1476 677 1529 τὸ
708 1478 804 1528 τοῦ
828 1477 1007 1538 ἐλέους
1037 1474 1351 1527 ἀντίπαλον·
1383 1476 1539 1545 εἰπερ
1569 1475 1713 1537 ἔλεος

139 1570 245 1638 μὲν
276 1569 575 1639 ἀλλοτρίοις
621 1571 809 1630 κακοῖς
862 1565 1279 1634 ὲπαλγύνεσθαι,
1316 1566 1539 1634 ἀγαθοῖς
1571 1567 1626 1618 δὲ
1654 1566 1715 1618 τὺ

137 1662 414 1730 βάσκανον
433 1703 446 1725 ,
488 1661 586 1728 οὐχ
623 1660 816 1713 ἑαυτοῦ
846 1659 1029 1721 ἕνεκα,
1062 1658 1152 1711 τοῦ
1182 1658 1245 1711 δξ
1267 1658 1596 1726 πάσχοντος⁹
1624 1657 1716 1710 καὶ

134 1752 368 1822 αὔξησιν
393 1752 663 1805 ποιεῖσθαι
696 1750 793 1818 τῆς
822 1750 1105 1818 τηκεδόνος
1138 1752 1234 1817 τῆς
1268 1746 1462 1800 ἑαυτοῦ
1488 1748 1599 1799 τῶν
1619 1747 1714 1802 ἁλ-

134 1843 373 1915 λοτρίων
406 1841 588 1893 καλῶν
620 1841 718 1909 τὴν
749 1839 1069 1907 ἐπαύξησιν,
1099 1838 1190 1889 τὸν
1215 1837 1556 1906 κεκτημένον
1576 1837 1716 1906 ἀμυ-

1086 453 1464 513 LAUDATIO
1507 455 1565 513 S.
1608 453 1813 513 JOAN.
1856 450 2400 513 CHRYSOSTOMI.

1882 567 1967 621 ll.
2004 565 2136 633 Quis
2197 576 2377 621 autem
2423 578 2752 619 iracundiam
2786 566 2863 621 sic
2896 564 3094 635 abegit,
3122 566 3379 637 gregique

1816 659 2031 730 abigere
2085 659 2375 727 persuasit,
2410 672 2515 729 qua
2545 656 2726 712 divina
2761 657 3144 712 misericordiae
3177 658 3385 713 viscera

1814 752 1878 805 iis
1908 750 1999 819 qui
2034 763 2096 803 ea
2129 758 2252 804 sunt
2292 749 2515 821 perciti,
2563 748 2929 803 clauduntur?
2965 747 3098 803 Nam
3127 751 3386 817 quemad-

1814 842 2029 895 modum
2079 839 2278 895 feceris
2335 841 2456 897 aliis
2486 880 2500 902 .
2556 838 2767 895 accidet
2818 840 2951 904 tibi,
2998 841 3288 911 inquit";
3330 851 3386 896 et

1764 944 1767 945 '
1814 949 1916 1004 qua
1954 946 2203 986 mensura
2258 945 2475 987 mensus
2508 931 2710 996 fueris,
2762 930 3114 985 remetientur
3166 932 3281 986 tibi.
3324 931 3387 987 Ei

1813 1024 2011 1093 quippe
2033 1022 2124 1090 qui
2159 1021 2447 1085 dimiserit,
2480 1022 2799 1076 dimittetur.
2843 1020 2908 1076 Et
2940 1036 3009 1075 ex
3038 1023 3388 1092 consequenti

1816 1114 2009 1166 iterum
2066 1111 2365 1166 clamavit:
2404 1128 2507 1165 non
2558 1111 2932 1166 dimittendum
2995 1127 3118 1167 esse
3170 1114 3245 1167 illi
3296 1115 3388 1183 qui

1816 1219 1921 1258 non
1946 1203 2186 1257 dimittit.
2226 1204 2425 1273 Ecquis
2457 1202 2802 1257 invidentiam
2831 1204 3121 1273 odiumque
3154 1205 3231 1259 sic
3261 1221 3391 1259 con-

1778 1318 1779 1321 η
1816 1297 2055 1361 demnet,
2088 1305 2146 1349 ut
2190 1296 2279 1365 qui
2320 1294 2682 1349 condemnare
2706 1295 2931 1350 alterum
2975 1296 3203 1349 docuit?
3246 1294 3391 1351 Invi-

1816 1385 2007 1439 «lentiae
2034 1386 2302 1455 objectum
2342 1400 2462 1439 esse
2499 1400 2584 1439 res
2625 1386 2829 1454 optima
2875 1396 2988 1453 est,
3029 1386 3153 1454 quia
3190 1389 3388 1442 bonum

1815 1492 1975 1532 omne
2007 1477 2314 1531 invidentize
2351 1476 2639 1532 obnoxium
2672 1488 2775 1533 est.
2810 1478 2905 1533 Ast
2928 1478 3223 1533 invidentia
3250 1494 3390 1548 pne-

1818 1580 1898 1622 ter
1936 1568 2169 1622 dedecus
2218 1567 2395 1637 seipsa
2428 1568 2747 1623 damnabilis
2773 1578 2878 1631 est,
2909 1571 3148 1624 omnium
3179 1580 3391 1641 pertur-

1817 1659 2089 1713 bationum
2115 1658 2474 1727 iniquissima,
2499 1658 2884 1713 misericordia!
2903 1658 3075 1714 hostis
3097 1676 3111 1713 :
3132 1660 3176 1714 si
3198 1674 3392 1729 nempe

1816 1749 2181 1804 misericordia
2220 1751 2270 1803 in
2305 1752 2403 1803 ltoc
2443 1749 2546 1803 sita
2577 1758 2679 1814 est,
2712 1759 2769 1803 ut
2798 1751 3095 1804 alienorum
3126 1751 3389 1804 malorqu

1819 1839 2049 1908 aliquem
2081 1841 2278 1905 doleat,
2324 1839 2619 1893 invidentia
2650 1854 2775 1895 vero
2805 1841 3066 1895 bonorum
3092 1878 3109 1905 ,
3145 1855 3249 1895 non
3280 1840 3392 1895 sui-

134 1936 368 2001 νόμενον
405 1934 689 2002 πρότερον.
745 1932 852 1984 Καὶ
897 1929 1191 1990 παιδεύσας
1245 1930 1319 1999 μὴ
1372 1931 1577 1999 κρίνειν
1624 1929 1717 1981 τὸν

1820 1933 1986 1998 ipsius
2015 1947 2175 1985 causa
2200 1971 2214 1993 ,
2244 1931 2335 1984 sed
2365 1929 2479 1997 ejus
2522 1932 2611 2000 qui
2645 1933 2710 1984 iis
2755 1931 3023 1987 alilcitur:
3069 1943 3231 2004 atque
3290 1933 3391 1987 hoc

136 2024 444 2085 βύνδουλον,
490 2022 564 2085 ὡς
606 2022 671 2075 ἃν
710 2021 783 2092 μὴ
820 2019 1139 2090 κριθείημεν
1194 2020 1423 2080 δικαίοις
1457 2019 1717 2089 σταθμοῖς

134 2115 236 2169 τοῦ
286 2116 446 2185 μόνου
494 2114 681 2185 κριτοῦ
740 2115 837 2183 τὴν
872 2114 1026 2183 δίκην
1071 2116 1204 2183 ἡμῖν
1262 2112 1713 2174 ταλαντεύοντος’

139 2209 281 2277 μηδὲ
327 2208 592 2276 ἁρπάζειν
642 2206 703 2258 τὸ
756 2204 848 2257 τοῦ
882 2206 1143 2258 δεσπότου
1193 2204 1428 2274 ἀξίωμα.
1475 2198 1568 2266 Εἷς
1606 2203 1716 2274 γὰρ

132 2298 354 2369 κριτὴς,
385 2299 441 2360 ὃς
469 2300 528 2351 ού
556 2297 839 2368 κρίνεσθαι
868 2296 1135 2363 πέφυκεν,
1159 2296 1233 2350 ῶς
1261 2296 1420 2365 μόνος
1444 2296 1716 2365 ἁμαρτίας

132 2390 446 2458 ἐλεύθερος.
467 2389 757 2452 δεσπόζων,
777 2389 835 2440 ού
864 2388 1273 2455 δεσποζόμενος.
1304 2389 1536 2454 Ἅφετε,
1561 2388 1717 2453 εὐαγ-

134 2478 377 2547 γελικῶς
402 2477 550 2541 ὲΰόα,
575 2478 672 2529 καὶ
704 2476 1102 2544 ἀφεθήσεσθε.
1129 2475 1224 2537 Τίς
1254 2476 1431 2544 λύπην
1461 2475 1715 2528 ἀπώσατο

134 2569 240 2637 τὴν
276 2570 411 2638 πρὸς
452 2568 678 2621 θάνατον
712 2568 949 2635 ἄγουσαν
1003 2568 1097 2619 καὶ
1158 2566 1332 2636 λύπην
1379 2567 1585 2633 ἐδίδαξε
1615 2566 1716 2636 τὴν

134 2663 412 2730 θυμηδίας
446 2660 737 2730 πρόξενον;
779 2654 852 2712 ὧν
900 2660 932 2729 ἡ
989 2660 1088 2728 μὲν
1127 2657 1202 2721 ὡς
1260 2658 1454 2719 πένθος
1501 2658 1600 2720 τῆς
1653 2660 1716 2710 ἐκ

132 2750 277 2803 θεοῦ
308 2752 604 2819 ἁμαρτίας,
637 2750 919 2816 σωτήριος·
951 2749 1110 2816 εἴπερ
1140 2748 1479 2817 ἁμαρτάνειν
1502 2746 1561 2799 τδ
1583 2748 1717 2798 ἀπο-

132 2840 432 2907 ίουγχάνειν
464 2840 511 2888 οί
548 2837 720 2888 ταῦτα
753 2837 913 2889 δεινοὶ
941 2836 1309 2904 διειλήφασιν’
1345 2837 1376 2904 ἡ
1410 2835 1467 2887 δὲ
1496 2838 1561 2905 τῇ
1598 2851 1715 2887 στε-
1747 2885 1758 2899 ,

137 2933 302 3001 ρήσει
323 2931 428 2983 τῶν
453 2929 654 2997 ἡδονῶν
680 2928 1169 2997 ἐπισυμδαίνουσα,
1193 2928 1532 2997 θυμόφθορος
1548 2927 1715 2989 ὅντως

135 3023 233 3075 καὶ
268 3021 438 3090 ἄρδην
467 3020 577 3087 (74)
623 3019 926 3087 εὐδόκιμος.
965 3022 1040 3072 Οὐ
1090 3019 1198 3088 γάρ
1243 3020 1413 3084 ἐστιν,
1450 3018 1549 3071 οὐκ
1600 3018 1716 3069 ἐστι

134 3111 323 3178 λύπην
356 3112 654 3178 συμὸἧναι,
699 3110 729 3178 ἢ
771 3111 863 3161 ἐπὶ
894 3111 1150 3180 στερήσει
1183 3112 1438 3176 ἐφέσεως.
1478 3110 1580 3162 υἷα
1606 3110 1716 3161 τοία

1820 2022 2038 2089 insuper
2080 2028 2345 2089 praestat,
2414 2028 2471 2071 ut
2520 2019 2743 2075 alterius
2772 2022 3033 2075 bonorum
3082 2023 3391 2076 accretione

1820 2112 1981 2166 invidi
2044 2110 2190 2165 labes
2241 2119 2293 2163 et
2342 2109 2565 2180 languor
2618 2121 2894 2181 augescat.
2936 2112 3089 2167 Adeo
3140 2122 3199 2166 ut
3244 2112 3393 2181 prior

1820 2202 1906 2255 ille
1956 2200 2300 2261 vindicetur,
2351 2199 2439 2269 qui
2490 2210 2679 2256 auctus
2723 2202 2878 2258 bonis
2930 2203 3111 2259 fuerit.
3152 2203 3233 2255 Ad
3278 2202 3393 2257 haec

1817 2306 2135 2347 conservum
2168 2309 2272 2346 non
2307 2292 2552 2360 judicare
2583 2294 2810 2361 monuit,
2845 2310 2911 2349 ne
2930 2294 3092 2364 justis
3120 2293 3394 2362 soliusju-

1818 2383 1953 2436 dicis
1997 2381 2138 2437 illius
2188 2383 2410 2437 ealculis
2461 2384 2804 2453 judieemur,
2845 2400 2874 2438 a
2916 2400 3023 2454 quo
3060 2385 3390 2455 judiciorum

1820 2472 2112 2527 redduntur
2177 2475 2362 2537 vices,
2429 2489 2527 2528 nee
2577 2474 2787 2530 Domini
2859 2474 2982 2544 jura
3046 2492 3389 2546 usurpemus.

1818 2561 2095 2629 Dimittite,
2125 2564 2436 2634 evangelico
2477 2579 2628 2620 more
2658 2565 2927 2621 clamabat
2952 2607 2967 2631 ,
3019 2577 3069 2621 et
3097 2568 3393 2623 dimittetur

1816 2656 1955 2709 vobis
1991 2655 2051 2707 ".
2097 2654 2383 2711 Moerorem
2441 2658 2529 2727 qui
2576 2659 2641 2712 ad
2690 2669 2966 2728 peccatum
3006 2659 3194 2724 ducit,
3241 2658 3393 2715 dolo-

1820 2761 2039 2815 remque
2090 2746 2301 2813 docuit,
2352 2764 2458 2817 quo
2509 2750 2692 2804 lmtitia
2742 2750 2970 2820 paritur.
3022 2750 3263 2817 Quorum
3305 2750 3394 2805 hic

1818 2838 2031 2905 quidem
2066 2838 2316 2892 salutaris
2345 2838 2521 2893 luctus
2549 2850 2632 2895 est
2670 2841 2738 2895 ob
2764 2851 3041 2910 peceatum
3086 2856 3192 2910 quo
3231 2842 3393 2896 aber-

1822 2937 1993 2982 ratnm
2034 2929 2131 2983 fuit
2158 2945 2186 2982 a
2217 2930 2343 2991 Deo,
2376 2932 2498 3000 quia
2534 2946 2758 2999 peccare
2780 2933 3033 2987 excidere
3066 2941 3170 2997 est,
3204 2948 3395 3003 quem-

1822 3022 2112 3075 admodum
2161 3023 2348 3075 llal‘llllt
2390 3038 2566 3076 rerum
2615 3024 2774 3094 periti
2812 3024 3050 3093 produnt
3084 3042 3099 3078 :
3142 3023 3229 3077 ille
3268 3037 3394 3078 vero

1820 3131 1924 3169 uua
1952 3131 2072 3171 cum
2100 3115 2522 3170 oblectationum
2555 3117 2879 3186 privatione,
2897 3115 3111 3171 coniicit
3130 3115 3392 3177 animum,

137 3220 236 3254 νυν
294 3205 326 3271 ἠ
376 3202 580 3269 ἔφεσις,
629 3200 806 3253 τοιάδε
861 3204 953 3252 καὶ
1006 3202 1105 3267 τῆς
1150 3200 1405 3268 ἀστοχίας
1456 3202 1488 3266 ἡ
1533 3199 1711 3267 λύπη*

1820 3216 2008 3274 estque
2079 3220 2299 3273 prorsus
2353 3206 2695 3261 illaudaltilis.
2761 3205 2917 3259 Nullo
2970 3205 3168 3276 quippe
3235 3212 3395 3275 pacto

132 3293 352 3362 ἀγαθτῄς
381 3292 477 3362 μὲν
498 3294 714 3360 ἀρίστη,
738 3291 912 3353 ἄλλως
934 3291 988 3343 δὲ
1009 3290 1261 3361 ἐχούσης,
1286 3289 1464 3352 ἄλλως
1490 3288 1710 3359 ἔχουσα.

152 3384 378 3452 Ἀρίστη
416 3382 471 3433 δὲ
502 3382 609 3433 τῶν
641 3381 880 3449 ὲφέσεων
914 3381 1010 3451 μία
1043 3382 1181 3450 πρὸς
1208 3382 1268 3432 τὸ
1302 3381 1461 3449 μόνον
1491 3380 1713 3447 ἄριστον

134 3476 396 3527 νεύουσα.
426 3473 545 3525 Τῶν
573 3474 828 3525 ἐναντίων
862 3473 918 3523 δὲ
959 3476 1052 3523 καὶ
1080 3473 1137 3523 αἱ
1168 3473 1383 3540 ἐφέσεις
1421 3470 1709 3523 ἀντίθετοι.

150 3565 413 3635 Ἀκηδίας
441 3565 496 3615 δὲ
519 3564 576 3615 τὸ
608 3564 795 3614 ἄτονον
828 3562 927 3613 οὐκ
957 3563 1185 3613 ὲτὸνωσε
1220 3562 1407 3629 μνήμῃ
1441 3560 1708 3623 θανάτους

132 3658 357 3719 ὁιδαξας
380 3654 551 3722 αὐτῆς
575 3654 672 3721 τῆς
699 3653 876 3723 ψυχῆς
901 3651 1334 3721 νευροτομοῦσαν
1361 3651 1459 3722 τὴν
1486 3651 1716 3720 δύναμιν

132 3747 518 3808 ἀποσείεσθαι,
557 3749 648 3798 καὶ
682 3746 882 3813 ταύτην
916 3744 1315 3805 ἁντεισοικίσας
1357 3742 1498 3795 θεῖον
1528 3742 1712 3812 φόϐον,

136 3840 236 3890 καὶ
272 3839 423 3907 πόθῳ
455 3839 544 3889 τὸν
574 3840 700 3889 λαὸν
728 3836 1073 3905 παροτρύνας
1105 3835 1240 3905 πρὸς
1270 3834 1455 3905 εὐχὰς,
1490 3836 1582 3888 καὶ
1614 3838 1711 3905 ρᾳ-

134 3929 347 3997 θυμίαν
380 3927 548 3996 ἄρδην
594 3928 701 3979 τῶν
738 3926 925 3996 ψυχῶν
956 3924 1383 3984 ὲκτινάττεσθαι,
1427 3925 1519 3975 καὶ
1552 3927 1714 3976 παντὶ

135 4020 322 4072 σθένει
350 4019 445 4080 τὰς
482 4019 687 4071 ἑαυτῶν
719 4019 945 4087 καρδίας
974 4020 1179 4087 τηρεῖν,
1218 4014 1292 4077 ὼς
1330 4016 1392 4068 ἂν
1427 4014 1500 4086 μὴ
1524 4016 1599 4078 ὼς
1627 4016 1715 4069 διὰ

132 4111 378 4179 θυρίδων
431 4109 591 4163 τινῶν
638 4111 745 4162 τῶν
793 4109 1093 4164 αἰσθήσεων
1142 4108 1315 4160 ἀναϐἱκ
1365 4107 1593 4170 θάνατος
1627 4109 1713 4159 ἐπ’

131 4202 335 4264 αὑτάς.

1815 3297 1929 3351 ﬁeri
1962 3299 2128 3367 possit
2168 3299 2414 3352 accidere
2443 3311 2727 3352 mcerorem
2750 3338 2765 3364 ,
2804 3298 2904 3352 nisi
2939 3294 3197 3350 ΐιῚιειτοιο
3246 3295 3393 3350 desi-

1811 3386 1985 3440 derio.
2015 3386 2324 3454 Cujusmodi
2357 3386 2538 3455 itaque
2585 3385 2910 3439 desiderium
2960 3393 3041 3436 est
3069 3424 3084 3448 ,
3130 3383 3391 3452 ejusmodi

1812 3490 2028 3542 qumque
2059 3488 2259 3527 maeror
2293 3489 2396 3526 non
2436 3475 2669 3526 obtenta:
2696 3472 2770 3525 rei
2801 3471 3117 3525 desideratas
3146 3488 3159 3524 :
3193 3484 3310 3539 qua:
3345 3480 3394 3534 si

1814 3567 1953 3619 bona
1982 3575 2101 3626 est,
2160 3565 2204 3618 is
2241 3574 2325 3617 est
2371 3563 2609 3632 optimus
2647 3580 2660 3613 :
2700 3562 2780 3616 sin
2828 3560 2986 3614 aliter
3036 3561 3265 3624 habeat,
3323 3562 3392 3613 ad

1818 3672 1987 3727 genus
2040 3655 2266 3710 alterum
2312 3663 2539 3724 spectat.
2598 3651 2996 3709 Desideriorum
3040 3668 3205 3706 unum
3248 3654 3391 3721 opti-

1826 3764 1971 3801 mum
2016 3760 2119 3810 est,
2174 3748 2315 3817 quod
2353 3748 2417 3800 ad
2468 3746 2592 3802 illud
2625 3746 2799 3815 vergit
2850 3744 2991 3813 quod
3035 3745 3207 3798 solum
3254 3744 3395 3814 opti-

1824 3851 1968 3887 mum
2004 3838 2095 3889 sit.
2143 3836 2549 3890 Contrariorum
2610 3849 2773 3903 porro
2835 3834 3099 3890 desideria
3149 3836 3392 3903 opposita

1822 3940 2037 3995 quoque
2071 3936 2215 3980 sunt.
2238 3927 2487 3998 Nunquid
2518 3941 2622 3980 nou
2654 3930 2843 3982 mortis
2868 3928 3240 3982 recordatione
3265 3941 3394 3982 ace-

1822 4019 1922 4072 dize
1980 4033 2071 4071 seu
2125 4020 2357 4088 torporis
2404 4019 2826 4073 imbecillitatem
2877 4018 3182 4072 recreavit?
3228 4032 3392 4086 quam

1821 4108 2014 4177 pellere
2045 4110 2257 4173 docuit,
2290 4123 2386 4161 ceu
2438 4107 2646 4163 virtutis
2677 4109 2869 4162 animas
2906 4122 3104 4162 nervos
3137 4107 3391 4161 exciden—

1822 4209 1952 4265 tem,
1988 4201 2036 4253 ei
2074 4202 2441 4255 substituendo
2470 4200 2557 4254 Dei
2594 4200 2865 4264 timorem,
2896 4199 3258 4268 populumque
3300 4212 3393 4250 ar-

130 4295 358 4349 dentius
383 4294 688 4355 excitando,
725 4301 833 4346 tum
856 4302 911 4344 ut
937 4292 1234 4345 rationibus
1250 4292 1441 4345 darent
1468 4307 1708 4361 operam,
1754 4305 1865 4348 tum
1930 4308 1988 4349 ut
2040 4311 2269 4350 excusso
2291 4310 2356 4351 ex
2419 4296 2616 4349 animis
2650 4301 2887 4363 torpore,
2913 4292 3165 4347 omnibus
3188 4292 3394 4347 viribus

130 4385 306 4440 corda
337 4384 722 4447 custmliatmts,
750 4398 813 4435 ne
836 4397 930 4451 per
948 4397 1137 4436 sensus
1167 4383 1306 4436 velut
1335 4398 1429 4451 per
1446 4383 1713 4439 fenestras
1752 4387 1804 4439 in
1838 4403 1900 4441 ea
1933 4400 2207 4458 peccatum
2245 4389 2519 4444 ascendat.

362 4492 616 4560 Ἐρευνᾷν
646 4494 742 4553 τας
769 4490 984 4558 Γραφάς
1022 4491 1283 4555 ἐδίδαξεν,
1318 4491 1591 4562 ἐξηγητὴς
1622 4495 1715 4547 καί⁹
1749 4485 1792 4540 D

128 4581 437 4648 παιιῖευτὴς
461 4579 665 4632 τούτων
700 4582 1008 4649 γενόμενος,
1046 4583 1139 4633 καὶ
1180 4582 1503 4652 προφητικῷ
1547 4584 1712 4637 πνεύ-

132 4687 282 4743 ματι
329 4671 396 4721 τὰ
442 4671 797 4740 κεκρυμμένα
838 4670 975 4739 βάθη
1014 4670 1367 4744 διερευνήσας
1410 4674 1502 4727 τοῦ
1545 4675 1713 4727 Πνεύ-

133 4776 341 4830 ματος.
378 4759 472 4811 καὶ
492 4760 786 4829 διαρρήξας
819 4760 911 4812 τοῦ
936 4764 1260 4831 γράμματος
1285 4763 1344 4815 τὸ
1393 4765 1715 4834 προκάλυμ-

133 4868 246 4921 μα,
304 4853 395 4900 καὶ
431 4850 493 4900 τὸ
519 4850 712 4912 καλλος
747 4850 1110 4920 δημοσιεύσας
1144 4853 1203 4905 τὸ
1229 4854 1550 4907 ὲναπὸθετον
1575 4871 1588 4886 ο
1622 4856 1716 4907 καὶ

126 4939 323 4993 ταῦτα
362 4941 535 4992 πάντα
574 4940 783 5009 ἀτύφῳ,
817 4942 910 4994 καὶ
942 4943 1241 5013 ἁκενοδὸξῳ
1272 4945 1347 5014 τῷ
1384 4949 1711 5018 φρονήματι.

133 5032 310 5104 ’ῌδει
345 5031 475 5099 γὰρ,
528 5030 645 5100 ᾔδει
691 5038 1023 5085 καταπατεῖν
1050 5034 1110 5086 τὸ
1148 5036 1301 5087 κενὸν
1334 5038 1602 5110 δοξάριον,
1654 5041 1715 5092 τὸ

130 5124 306 5178 κενὸν
335 5124 441 5172 τῶν
471 5123 644 5175 πόνων
675 5124 954 5193 ἀνάλωμα,
987 5125 1046 5178 τὸ
1070 5125 1179 5178 τῶν
1217 5128 1424 5197 ἀρετῶν
1450 5130 1600 5201 λήϊον
1623 5132 1717 5183 λυ⁸

135 5215 491 5287 μαινόμενον.
523 5215 726 5285 Τιθρᾷν
759 5217 867 5285 γὰρ
890 5212 1046 5281 οἶδεν,
1086 5212 1172 5270 οἷα
1197 5219 1370 5283 πίθον,
1398 5221 1459 5272 τὸ
1484 5222 1713 5291 ψυχικὸν

129 5310 355 5376 δοκεῖον
382 5306 488 5358 τῶν
519 5306 749 5376 ἀρετῶν,
778 5311 869 5361 καὶ
892 5310 955 5380 τῇ
988 5312 1151 5381 ὲκροῇ
1181 5310 1396 5381 είσροὴν
1436 5313 1716 5384 ἐκλαμϐα-

129 5416 332 5459 νουσα.
383 5400 534 5453 οὐδὲν
583 5396 743 5471 ἦττον
796 5403 949 5456 κενὸν
1007 5406 1068 5457 τὸ
1119 5406 1324 5475 δοκεῖον
1371 5408 1714 5480 καθίστησιν,

129 5490 398 5562 ἁκερδείς
424 5491 648 5563 ἱδρῶτας
671 5493 1026 5565 χαριζομένη,
1049 5497 1146 5549 καὶ
1178 5498 1337 5551 πόνον
1375 5499 1714 5569 προξενοῦσα

218 5672 262 5700 ⁸³
308 5666 494 5722 Matth.
556 5686 650 5734 vn,
690 5669 745 5724 2.
826 5671 867 5701 ¹³
917 5672 1048 5726 Luc.
1106 5688 1177 5737 vt,
1206 5674 1302 5728 57.

222 5828 336 5899 (73)
370 5828 531 5897 [κρείτ.
569 5830 718 5886 εσταί
741 5874 754 5898 ,
781 5830 1291 5902 ἀναμετρηθήσεταί
1324 5847 1422 5882 σοι.

1895 4496 1978 4550 l2.
2013 4496 2250 4550 Scrutari
2279 4496 2589 4567 Scripturas
2619 4498 2822 4563 docuit,
2854 4510 3080 4566 quarum
3110 4505 3393 4550 enarrator

1822 4587 2113 4657 ductorque
2159 4588 2335 4643 factus
2389 4604 2511 4643 cum
2568 4588 2767 4651 fuerit,
2824 4587 3137 4658 prophetico
3199 4586 3391 4656 spiritu

1822 4695 2047 4735 arcanas
2078 4680 2310 4749 Spiritus
2336 4681 2730 4750 profunditates
2755 4681 3022 4745 rimando,
3056 4680 3224 4735 scisso
3252 4680 3395 4735 litte-

1825 4784 1896 4823 ra:
1927 4771 2044 4823 velo
2065 4810 2079 4833 ,
2114 4771 2442 4824 reconditam
2483 4771 2803 4840 elegantiam
2836 4769 3198 4838 exprompsit,
3232 4780 3393 4838 atque

1824 4862 2011 4915 istltrec
2041 4865 2217 4915 omnia
2251 4863 2495 4917 modesto
2534 4845 2778 4928 nihilque
2804 4860 3036 4929 superbo
3064 4875 3247 4914 sensu.
3286 4859 3393 4914 No-

1825 4961 1975 5006 verat
2026 4952 2329 5021 siquidem,
2393 4960 2613 5005 noverat
2661 4951 2870 5004 inanem
2925 4948 3201 5019 gloriolam
3270 4964 3394 5017 pro-

1824 5043 2056 5105 eulcare,
2089 5044 2253 5113 892
2284 5059 2386 5111 qua
2414 5044 2655 5097 laborum
2685 5042 2913 5109 pretium
2940 5041 3311 5110 supprimitur,
3343 5049 3392 5094 et

1821 5137 2077 5190 virtutum
2116 5139 2401 5189 marcescit
2422 5131 2608 5190 decor.
2639 5132 2788 5188 Solet
2815 5132 2957 5187 enim
2986 5137 3239 5185 virtutum
3266 5147 3394 5186 con-

1822 5226 2155 5297 ceptacnlum
2187 5226 2327 5281 haud
2363 5242 2517 5281 secus
2549 5236 2710 5296 atque
2744 5224 2942 5279 dolium
2979 5224 3285 5295 perforare,
3312 5224 3389 5276 in-

1821 5316 2128 5386 ﬂuxumqne
2162 5316 2356 5371 emuxu
2374 5317 2668 5383 excipiens,
2689 5331 2786 5372 vas
2806 5315 3151 5370 nihilominus
3170 5330 3395 5367 vacuum

1819 5408 2118 5477 relinquit,
2150 5408 2515 5463 infructuosos
2558 5407 2770 5463 labores
2806 5406 3109 5477 pra'beudo,
3160 5405 3392 5458 ellicieu-

1821 5504 1997 5555 "ooue
2028 5510 2084 5555 ut
2103 5502 2253 5555 labor
2276 5500 2404 5555 nihil
2425 5500 2773 5555 emolumenti
2801 5499 3081 5569 percipiat.
3118 5498 3171 5551 Ei
3204 5496 3393 5563 quippe

1893 5825 2001 5896 (7i)
2043 5825 2201 5895 Lego,
2236 5824 2515 5893 ἀδόκιμος.
