4170 6454
136 374 232 437 77⁸1

1092 378 1471 437 LAUDATIO
1508 379 1563 437 S.
1604 379 1811 438 ΙΟΑΝ.
1857 381 2397 440 ΕῘΙΒΥςΟςΤιἉΙΙ,

3305 384 3406 443 778

138 484 311 552 χήραν
343 483 559 554 ἔρρηξε,
590 484 688 554 τὴν
718 482 919 553 ταύτης
946 484 1224 554 ἐφήμερον
1270 486 1450 557 βιοτὴν
1491 488 1719 556 διαρπόι⁴

1842 502 1967 553 fata,
1996 493 2384 557 pretiosissnna
2412 488 2617 540 scilicet
2643 486 2727 540 illa
2760 473 3067 557 margarita,
3109 500 3403 554 pauperem

140 589 300 626 σασα.
335 573 400 625 Τί
446 574 725 643 πράττεις,
753 573 799 625 ὢ
830 575 1108 644 ἄπληστον
1155 576 1248 629 καὶ
1295 577 1587 647 ἀχάριστον
1623 577 1720 644 γύ-

140 680 322 725 ναιονς
361 664 465 732 γῆν
508 682 565 717 τε
616 665 710 716 καὶ
744 664 1021 719 θάλασσαν
1054 665 1470 738 δωροφοροῦσαν
1501 670 1722 737 ἔχουσα,

138 760 317 827 χήρας
347 757 557 829 ἀπόρου
588 759 946 831 κατατρέχεις
992 759 1085 812 τοῦ
1128 760 1387 829 πενιχροῦ
1420 764 1722 830 κτήματος,

138 844 206 919 ἧς
254 867 314 902 σε
358 850 565 902 δίκαιον
608 846 676 921 ἦν
715 850 1151 916 ἀνταλλάξασθαι
1182 852 1329 920 βίον;
1372 853 1513 922 λόγῳ
1544 854 1599 905 δὲ
1634 854 1723 922 βε-

142 939 374 993 ϐαιοῦσα
405 939 496 991 τὸν
527 942 709 1010 νόμον,
740 940 888 1012 ἔργῳ
922 942 1113 995 τοῦτον
1138 943 1270 1013 δρᾷς
1298 944 1683 1011 ἀποκήρυκτον
1709 960 1722 1007 ;

141 1033 241 1085 οὐκ
272 1031 502 1101 ᾑδέσθης
544 1033 635 1083 τὸν
680 1033 891 1104 πατέρα
937 1033 1047 1085 τῶν
1094 1034 1345 1106 ὀρφανῶν
1392 1035 1487 1087 καὶ
1534 1034 1727 1104 κριτὴν

143 1125 254 1175 τῶν
280 1125 496 1194 χηρῶνς
524 1125 637 1176 ἀλλ’
664 1127 896 1196 ἤκουσεν
920 1125 1090 1189 ὅντως
1133 1129 1160 1180 ὁ
1195 1129 1308 1189 τοῖς
1359 1126 1523 1189 θείοις
1551 1125 1727 1193 λόγοις

143 1220 583 1289 ἀεὶτρεφόμενος
629 1224 728 1290 τῆς
780 1221 1138 1274 θεοπνεύστου
1191 1223 1440 1291 ῥήσεως⁸
1477 1221 1729 1288 Κρίνατε

145 1311 437 1376 ὀρφανὸν,
470 1312 566 1365 καὶ
594 1311 951 1367 ὃικαιὼσατε
981 1314 1176 1381 χήραν
1201 1330 1213 1342 ·
1248 1314 1343 1363 καὶ
1384 1311 1569 1364 Ἠλίαν
1591 1312 1729 1380 ἔχων

144 1400 243 1453 τοῦ
274 1399 434 1472 ζήλου
465 1403 699 1470 ποδηγὸν
733 1404 823 1455 τὸν
856 1404 1174 1471 πυρίπνοον,
1204 1404 1449 1456 Ἰωάννου
1482 1405 1728 1473 μιμεῖται

144 1492 248 1560 τὴν
277 1492 613 1560 παρρησίαν,
642 1492 739 1544 οὐκ
772 1492 948 1554 ἔξεστί
980 1510 1059 1545 σοι
1089 1491 1267 1558 λέγων
1311 1492 1458 1561 ἔχειν
1492 1492 1583 1543 τὸν
1622 1493 1729 1561 ἁμ-

146 1578 369 1633 πελῶνα
411 1581 508 1649 τῆς
551 1581 787 1651 ἀδελφῆς
826 1599 939 1635 σου.
974 1581 1088 1634 Οἴει
1118 1581 1223 1652 γὰρ
1253 1582 1352 1652 τὴν
1381 1580 1543 1649 φύσιν
1576 1581 1731 1634 ἐκδε-

145 1670 400 1739 6ηκέναι,
433 1674 481 1724 εί
528 1674 620 1725 καὶ
663 1672 762 1743 τὴν
800 1672 957 1737 ἀξίαν
988 1673 1263 1743 ὑπερέϐης
1306 1672 1383 1741 τῷ
1426 1672 1729 1742 τυραννικῴ

145 1758 455 1829 ἀξιώματι;
515 1762 683 1832 Ἀρχὴ
753 1764 857 1834 γὰρ
919 1764 1069 1833 νόμῳ
1116 1764 1430 1834 τυπουμένη
1485 1762 1730 1832 βασιλεία

149 1853 500 1917 καθίσταται,
534 1856 854 1925 παρανομία
907 1857 964 1910 δὲ
1015 1856 1448 1926 στοιχειουμένη,
1477 1857 1731 1927 τυραννὶς

148 1946 251 1997 οὐκ
299 1946 500 2008 ἀδίκως
550 1949 1002 2018 κατονομάζεται.
1051 1950 1163 2002 Οὐκ
1211 1949 1451 2017 ἀνέγνως
1499 1949 1732 2014 Ἰεζαϐὲλ

146 2037 211 2087 τὸ
263 2036 771 2109 δραματούργημα;
826 2040 878 2093 τί
924 2043 1134 2095 τουτονὶ
1182 2043 1272 2096 τὸν
1323 2043 1467 2095 θεῖον
1513 2044 1736 2116 είσέρχῃ

150 2125 355 2192 ςηκόνς
388 2126 567 2192 ἄπαγε
602 2129 789 2196 πόρρω
826 2131 935 2182 τῶν
963 2132 1121 2185 θείων
1152 2134 1489 2204 ἀνακτόρων.
1522 2136 1735 2207 Λουτὴρ

151 2216 388 2285 ὑπάρχει
433 2219 460 2269 ὁ
493 2217 635 2279 θεῖος
664 2217 811 2281 ναὸς,
844 2218 1198 2289 ἀπορρίπτων
1231 2226 1300 2278 τὰ
1341 2227 1733 2296 ἁμαρτήματα.

148 2305 227 2354 (δύ
266 2304 501 2374 τελώνης
528 2306 618 2358 τὸν
648 2306 853 2377 Ἰησοῦν
881 2306 1132 2375 ἐφέστιον
1153 2309 1533 2380 είσδεξάμενος
1558 2316 1739 2375 καλῶς

146 2398 552 2466 διεσκόρπισεν.
590 2397 624 2450 ἂ
653 2397 841 2460 κακῶς
871 2398 1212 2467 ἐτελώνησες
1248 2401 1345 2453 καὶ
1379 2402 1443 2454 σὺ
1501 2402 1739 2473 θύγατερ

150 2490 257 2557 (ἔτι
285 2489 391 2559 γάρ
424 2507 482 2542 σε
518 2490 677 2559 μέλος
702 2485 948 2555 adsumsi
971 2492 1063 2546 κα)⁵
1082 2492 1419 2564 δύσχρηστον
1447 2495 1558 2565 (75)
1585 2513 1739 2566 περι-

149 2582 258 2633 eam
285 2582 458 2634 ἑλπίδι
481 2581 581 2650 τῆς
605 2583 901 2652 σωτηρίας,
922 2584 1167 2656 σωτηρία
1194 2585 1251 2639 δὲ
1274 2588 1567 2655 μετανοίας
1594 2589 1737 2658 δίχα,

148 2672 263 2722 τῶν
295 2673 656 2743 ἀνυπάρκτων
686 2674 1053 2747 καθέστηκεν)
1074 2693 1087 2707 ·
1127 2677 1325 2742 ἀπόδος
1350 2681 1549 2745 καλῶς,
1576 2680 1611 2735 ἂ
1646 2700 1741 2735 κα-

150 2763 266 2826 κῶς
298 2765 624 2835 διήρπασας.

228 2937 310 2989 ιε’.
354 2937 538 2990 Ταῦτα
582 2938 791 3005 λέγων,
834 2941 933 2994 οὐκ
976 2941 1212 2998 ἔπειθεν.
1243 2946 1445 3000 Ἐὅυσε
1492 2949 1600 3020 γὰρ
1645 2951 1743 3022 τὴν

149 3028 329 3096 ἀκοὴν
370 3029 506 3083 ὡσεὶ
561 3032 745 3095 ἀσπὶς,
774 3032 873 3085 οὐκ
921 3034 1190 3089 ὲπαίουσα
1221 3037 1315 3090 τοῦ
1353 3038 1618 3108 φιλοθέως
1653 3043 1747 3095 καὶ

1830 583 2040 635 viduam
2071 597 2328 635 conversa
2369 579 2630 649 dim-egit,
2683 578 2733 632 in
2778 562 3152 646 quotidianum
3198 577 3403 631 victum

1827 671 1941 736 ejus
1968 673 2285 726 invadenda.
2326 672 2463 737 Quid
2498 672 2633 741 agis,
2672 684 2706 723 ο
2731 657 3405 737 insatiabilis-ingrataque

1830 764 2020 817 mulier
2049 766 2071 817 ?
2105 774 2157 817 tu
2190 765 2273 819 cui
2318 772 2458 817 terra
2501 772 2555 817 et
2591 776 2738 816 mare
2767 775 2993 815 munera
3023 758 3255 813 afferunt
3283 796 3300 821 ,
3350 758 3403 810 in

1828 856 2036 919 egentis
2067 856 2237 908 vidua:
2262 856 2637 923 pauperculam
2667 852 3062 921 possessionem
3094 849 3277 913 irruis,
3311 862 3405 901 cn-

1823 946 1910 1011 jus
1950 947 2114 997 vitam
2152 944 2264 1012 ipsa
2294 945 2553 997 redimere
2607 941 2921 998 debueras?
2965 953 3085 1009 quae
3117 936 3296 991 verbis
3326 945 3407 989 te-

1832 1051 1932 1087 nus
1961 1036 2127 1102 legem
2175 1036 2356 1087 firmas
2385 1074 2398 1096 ,
2428 1034 2565 1087 hanc
2590 1034 2800 1087 actione
2853 1040 2941 1085 tua
2978 1030 3187 1085 irritam
3233 1027 3408 1083 facis?

1830 1141 2006 1178 annon
2046 1126 2311 1178 reveritus
2341 1139 2398 1177 es
2426 1136 2628 1192 patrem
2652 1126 3040 1193 orpbauorum,
3062 1123 3408 1191 iudicemque

1832 1218 2113 1271 viduarum
2145 1219 2185 1247 ”’
2217 1217 2239 1269 ?
2271 1216 2430 1270 Plane
2458 1219 2549 1286 qui
2588 1217 2749 1270 verbo
2780 1215 2872 1269 Dei
2915 1214 3097 1278 alitur,
3138 1214 3405 1281 prolatam

1830 1324 1859 1361 a
1896 1310 1999 1362 [)eo
2027 1323 2212 1361 vocem
2263 1309 2401 1361 hanc
2439 1309 2643 1361 audivit.
2678 1324 2691 1360 :
2734 1304 2979 1359 Judicate
3014 1304 3275 1374 pupillum
3300 1341 3315 1367 ,
3356 1310 3408 1355 et

1830 1402 2043 1454 viduam
2074 1400 2373 1467 justiﬁcate
2397 1400 2457 1452 ¹⁶.
2494 1399 2593 1465 Qui
2629 1398 2749 1467 igne
2778 1398 3070 1466 Spirantem
3112 1395 3280 1448 Eliam
3306 1393 3408 1447 zeli

1830 1494 2020 1544 ducem
2050 1492 2227 1552 habet,
2265 1491 2349 1545 hic
2371 1490 2594 1545 Joannis
2621 1489 2922 1543 libertatem
2956 1486 3264 1542 aamulatur.
3293 1482 3406 1538 Non

1834 1582 1956 1635 licet
1974 1580 2088 1643 tibi,
2105 1581 2293 1650 inquit,
2308 1582 2509 1637 sororis
2535 1591 2637 1635 tua:
2659 1580 2868 1635 vincam
2887 1592 3173 1647 occupare.
3196 1576 3409 1630 Videris

1834 1672 1929 1726 tibi
1985 1682 2184 1727 natura:
2233 1674 2495 1728 terminos
2541 1673 2883 1739 excessisse,
2944 1671 3069 1739 quia
3123 1668 3407 1739 tyrannico

1834 1776 2088 1833 apparatu
2130 1767 2450 1833 dignitatem
2482 1766 2599 1834 ejus
2634 1763 2992 1832 exsuperasti.
3033 1760 3168 1817 Nam
3203 1761 3409 1830 princi-

1835 1866 2025 1923 putus,
2059 1856 2147 1923 qui
2179 1856 2294 1922 lege
2337 1854 2620 1920 formatur,
2654 1856 2939 1924 imperium
2984 1860 3068 1906 est
3097 1869 3111 1905 :
3159 1850 3249 1922 qui
3282 1865 3410 1905 vero

1838 1946 2093 2014 iniustitia
2128 1948 2449 2014 instituitur,
2475 1948 2518 2003 is
2547 1964 2649 2003 non
2681 1948 2951 2005 immerito
2980 1945 3223 2016 tyrannis
3262 1942 3414 2014 apel-

1836 2038 1994 2092 letnr.
2039 2039 2234 2093 Annon
2267 2054 2385 2109 quae
2417 2040 2558 2094 circa
2606 2037 2910 2093 Jezabelem
2950 2046 3100 2108 gesta
3135 2046 3295 2100 sunt,
3336 2032 3413 2088 le-

1836 2130 2257 2199 gisti?Cnrnam
2287 2132 2529 2186 divinum
2564 2132 2701 2185 istud
2737 2130 3018 2185 delubrum
3063 2123 3411 2196 ingrederis?

1840 2224 1965 2277 Esto
2012 2225 2194 2291 procul
2247 2242 2275 2279 a
2332 2226 2501 2279 sacris
2548 2226 2666 2279 istis
2705 2224 2929 2279 aedibus.
2998 2220 3093 2275 Dei
3152 2219 3410 2288 templum

1840 2315 2008 2379 Pelvis
2033 2331 2112 2379 cs,
2140 2331 2246 2383 quo
2281 2323 2503 2384 peccata
2529 2316 2803 2371 eluuntur.
2850 2314 3039 2369 Nonne
3069 2311 3408 2383 publicanus,

1838 2405 1926 2470 qui
1952 2401 2132 2456 Jesnm
2158 2404 2391 2470 hOSpitio
2419 2408 2681 2471 suscepit.
2714 2406 2815 2460 rite
2839 2404 3091 2469 dispersit
3121 2414 3240 2469 quae
3274 2399 3414 2453 telo-

1840 2494 1930 2547 nio
1959 2493 2098 2546 male
2124 2492 2361 2547 lucratus
2389 2493 2549 2547 erat?
2576 2492 2653 2547 Tu
2691 2507 2839 2557 vero,
2875 2492 2982 2545 lilia
3005 2492 3151 2563 (nam
3187 2500 3258 2554 te,
3286 2489 3414 2557 quia

1842 2588 2139 2640 membrum
2179 2598 2270 2647 es,
2318 2584 2612 2654 quamlibet
2641 2584 2834 2639 inutile
2864 2592 2919 2637 et
2947 2581 3166 2637 noxium
3194 2621 3210 2648 ,
3235 2579 3413 2642 foveo.

1840 2677 1968 2731 dmn
2000 2691 2123 2741 spes
2174 2676 2328 2730 adest
2370 2674 2560 2729 salutis
2594 2692 2608 2728 :
2641 2674 2867 2729 salutem
2894 2686 3022 2727 vero
3054 2670 3259 2739 absque
3294 2681 3415 2739 pte-

1844 2767 2064 2820 nitentia
2098 2766 2329 2820 obtineri
2372 2764 2707 2834 impossibile
2740 2766 2883 2833 est).
2907 2763 3069 2819 redde
3102 2760 3263 2827 bene,
3294 2774 3416 2831 quas

1845 2857 1983 2908 male
2011 2855 2257 2922 rapuisti.

1918 2948 2004 3001 15.
2053 2946 2175 3002 llaec
2198 2957 2374 3001 autem
2419 2962 2538 3001 cum
2570 2947 2798 3012 diceret,
2830 2946 2965 3001 nihil
3001 2944 3279 3001 suadebat.
3323 2944 3417 2999 llla

1846 3038 2110 3107 siquidem
2166 3048 2421 3107 tanquam
2492 3039 2637 3108 aspis
2686 3053 2845 3094 aures
2908 3039 3292 3103 obturaverat,
3352 3052 3419 3092 ne

154 3118 345 3185 eo;th
370 3121 835 3190 φαρμακεύοντος.
859 3122 1010 3177 Ἐπεὶ
1040 3124 1096 3179 δὲ
1125 3126 1184 3179 τὸ
1212 3127 1383 3192 πάθος
1417 3128 1564 3200 ἐώρα
1591 3132 1737 3202 πάμ-

1849 3132 2081 3201 religiosi
2111 3132 2476 3201 sapientisque
2512 3131 2863 3185 incantatoris
2890 3144 3074 3185 vocem
3117 3129 3417 3185 exaudiret.

151 3225 270 3258 παν
301 3209 539 3271 ἀνίατον,
587 3209 776 3273 ἐξωθεῖ
819 3210 911 3263 τοῦ
943 3213 1091 3283 ἱεροῦ
1126 3212 1373 3283 θαλάμου
1411 3218 1510 3288 τὴν
1541 3218 1743 3290 ἔνδυμα

150 3298 342 3363 γάμου
397 3298 471 3368 μὴ
525 3299 774 3369 ἔχουσαν.
820 3298 954 3354 Εἶτα
987 3302 1068 3366 τί;
1107 3305 1141 3373 ή
1185 3304 1422 3369 Ἰεζαϐὲλ
1462 3310 1621 3362 πάλιν
1648 3311 1741 3364 τοῦ

152 3387 443 3455 προῳήτου
480 3386 954 3453 κατεξανίσταται,
1004 3389 1099 3443 καὶ
1142 3392 1331 3459 φεύγει
1364 3394 1461 3463 μὲν
1489 3395 1743 3466 οὐδαμῶς

152 3478 181 3527 ὁ
222 3476 395 3545 κῆρυξ
429 3477 527 3545 τῆς
554 3478 831 3546 ἀληθείας,
860 3482 981 3533 οὐδὲ
1012 3485 1224 3553 φρουρᾷ
1246 3484 1623 3553 παραδίδοται,
1657 3483 1745 3540 οἷα

154 3568 316 3635 φωνὴ
351 3566 602 3634 βοῶντος,
636 3570 750 3620 ἀλλ’
778 3571 1075 3641 ὑπερορίαν
1104 3573 1624 3637 καταδικάζεται.Ὣ
1651 3577 1743 3629 τοῦ

152 3659 366 3711 ἀτόπου
397 3660 776 3728 φρονήματοςί
816 3662 977 3714 πάλιν
1022 3663 1081 3713 τὸ
1110 3664 1205 3716 τοῦ
1237 3665 1415 3732 ὄφεως
1447 3667 1746 3737 Θὲλγητρον

152 3751 262 3817 τῆς
310 3749 635 3819 Ἐκκλησίας
678 3753 770 3804 τὸν
810 3752 905 3805 τοῦ
950 3753 1086 3805 Θεοῦ
1144 3755 1429 3825 ἄνθρωπον
1484 3757 1746 3827 ἐξορίζειν

154 3841 465 3905 ἐπείγεται,
492 3842 707 3909 καὶτῆς
732 3842 974 3907 ἐφέσεως
994 3846 1053 3893 ού
1081 3845 1368 3912 διήμαρτε.
1390 3849 1601 3914 Μικρὸν
1624 3850 1745 3900 ὅσον

150 3928 259 3981 τοῦ
313 3928 458 3981 θείου
514 3928 885 3997 μακροθύμως
926 3930 1376 3996 ὲπινυστάξαντος
1411 3931 1741 4000 βλέμματος,

152 4022 259 4073 τοῦ
293 4020 571 4089 βασιλικοῦ
602 4019 903 4088 ὲξορίζεται
942 4020 1156 4085 ἄστεος,
1187 4022 1386 4092 μᾶλλον
1427 4023 1483 4076 δὲ
1531 4040 1745 4093 προμη-

155 4111 287 4179 θείᾳ
310 4108 447 4161 Θεοῦ
472 4109 563 4162 τοῦ
592 4111 1058 4179 θριαμὸεύσαντος
1100 4113 1208 4166 τῶν
1252 4113 1417 4166 αὐτοῦ
1464 4114 1632 4181 φιλῶν
1661 4115 1745 4166 θε-

154 4200 461 4270 ραπευτῶν
502 4202 562 4253 τὸ
603 4203 922 4272 ἀρρενωπὸν
962 4204 1240 4275 φρόνημα,
1272 4205 1367 4257 καὶ
1409 4206 1591 4259 πᾶσαν
1634 4205 1743 4275 (76)

152 4294 304 4349 Θεοῦ
336 4292 425 4349 οἷα
456 4297 591 4349 Θεοῦ
636 4298 710 4350 ὢν
739 4300 797 4351 ὲν
826 4299 995 4369 αὐτῷ.
1029 4301 1121 4354 καὶ
1169 4301 1267 4353 σὺν
1312 4301 1464 4371 αὐτῷ
1510 4302 1743 4372 περιῄει,

157 4390 269 4438 σὺν
294 4388 541 4457 Ἀϐρααμ
561 4389 696 4460 πρὸς
720 4390 1025 4460 ἀλλοδαπὴν
1049 4391 1401 4461 καλούμενος,
1421 4393 1518 4446 σὺν
1537 4396 1742 4463 Μωῡσῇ

1847 3223 2248 3290 Quamobrem,
2300 3239 2419 3275 cum
2472 3222 2650 3276 sanari
2688 3221 2933 3277 morbum
2975 3236 3079 3276 non
3112 3235 3271 3290 posse
3301 3235 3418 3290 pero

1848 3317 2103 3385 spicerel,
2138 3329 2297 3369 sacro
2331 3329 2449 3367 eam
2482 3314 2718 3367 thalamo
2762 3312 2949 3381 pellit,
2980 3328 3100 3381 quas
3126 3311 3420 3381 nuptialem

1848 3420 2046 3461 Vestem
2080 3423 2183 3460 non
2217 3407 2456 3460 haberet.
2494 3405 2694 3459 Deinde
2726 3418 2851 3458 vero
2873 3405 2999 3475 quid
3024 3405 3047 3457 ?
3075 3402 3295 3459 Jezabel
3322 3403 3417 3456 ite-

1848 3514 1965 3550 runt
2015 3509 2205 3552 contra
2256 3499 2568 3566 prophetam
2615 3497 2862 3567 insurgit.
2924 3496 3023 3551 Ast
3083 3508 3421 3565 nequaquam

1850 3589 1984 3657 fugit
2031 3588 2272 3643 veritatis
2310 3604 2525 3656 praeco,
2581 3602 2751 3657 neque
2782 3587 3042 3643 custodia:
3087 3586 3420 3655 mancipatur

1849 3681 2009 3733 veluti
2047 3695 2147 3733 vox
2181 3678 2466 3734 clamantis
2496 3697 2510 3743 ;
2540 3678 2634 3733 sed
2664 3678 2919 3733 multatur
2965 3677 3177 3733 exsilio.
3218 3675 3264 3732 Ο
3288 3675 3422 3731 male

1848 3786 2037 3824 sanum
2070 3769 2388 3825 consilium!
2429 3770 2604 3823 denuo
2648 3770 2916 3839 serpentis
2948 3767 3195 3823 mulcedo
3232 3766 3422 3823 Eccle-

1849 3861 1925 3911 sia
1961 3861 2157 3925 pellere
2201 3860 2473 3913 hominem
2519 3859 2610 3913 Dei
2655 3870 2903 3913 conatur.
2943 3858 3053 3914 Nec
3088 3858 3289 3927 aptatis
3322 3871 3422 3912 ex-

1847 3949 1995 4000 cidit.
2024 3946 2114 3998 Dei
2143 3946 2408 3999 tantillum
2440 3946 2581 4000 velut
2609 3946 2934 3999 dormitante
2961 3948 3422 4014 patienterocukt,

1850 4039 1990 4104 regia
2025 4039 2243 4089 civitate
2276 4035 2525 4089 exultare
2554 4037 2633 4087 vir
2656 4048 2876 4090 sanctus
2908 4038 3159 4106 cogitur;
3192 4038 3297 4092 imo
3325 4036 3423 4092 Dei

1850 4128 2160 4195 providente
2190 4128 2426 4190 numine,
2469 4136 2527 4180 ut
2558 4127 2725 4181 virilis
2752 4127 3075 4182 dilectorum
3106 4128 3206 4183 sibi
3238 4144 3419 4185 servo-

1850 4233 1966 4271 rum
2008 4216 2172 4270 animi
2211 4217 2539 4288 triumphum
2592 4218 2915 4285 exhiberet,
2976 4234 3298 4288 omnemque
3332 4220 3424 4277 Dei

1849 4319 1905 4363 ut
1939 4310 2031 4378 qui
2062 4308 2153 4365 Dei
2175 4319 2337 4375 esset,
2370 4326 2467 4366 ceu
2496 4312 2545 4365 in
2572 4315 3001 4381 quo,etquicnm
3021 4311 3235 4367 adesset
3262 4313 3422 4375 Deus.

1848 4417 1969 4457 cum
1996 4404 2264 4457 Abraham
2295 4402 2558 4458 circuibat
2584 4404 2650 4457 ad
2680 4412 2992 4459 extraneam
3026 4402 3305 4473 regionem
3337 4419 3424 4457 vo.

151 4479 277 4530 τῶν
329 4477 616 4547 βασιλείων
660 4482 1119 4552 φυγαδευὸμενος,
1162 4484 1259 4536 σὺν
1296 4484 1454 4553 Ἠλία
1504 4484 1640 4553 πρὸς
1683 4486 1737 4539 τὸ

1853 4512 2005 4556 catus
2032 4520 2045 4556 :
2084 4504 2243 4572 regiis
2271 4505 2479 4559 :edibus
2499 4520 2619 4558 cum
2647 4504 2827 4575 Moyse
2850 4504 3133 4573 expulsus,
3162 4520 3283 4558 cum
3310 4505 3425 4561 Elia

151 4572 367 4639 ἄντρον
388 4570 587 4641 Χωρὴϐ
609 4572 950 4644 ἀποτρέχων,
982 4575 1083 4628 σὺν
1122 4575 1297 4644 Ἰησοῦ
1330 4574 1408 4646 τῷ
1451 4575 1571 4645 Θεῷ
1613 4577 1744 4643 φεύ-

159 4678 284 4729 γων
322 4662 401 4725 είς
434 4663 729 4730 Αἴγυπτον,
774 4666 850 4726 ὡς
894 4667 960 4720 ἂν
1003 4668 1062 4719 ὲν
1102 4671 1213 4731 τοῖς
1250 4668 1432 4731 ἄθλοις
1464 4670 1496 4739 ἡ
1527 4669 1747 4739 ἀνδρεία

150 4752 465 4823 γνωσθείη,
494 4755 589 4807 καὶ
613 4756 925 4827 κατάλληλα
947 4758 1015 4811 τὰ
1045 4758 1255 4813 ἔπαθλα
1284 4760 1552 4829 δρέψοιτο.
1574 4762 1657 4824 Ὠς
1682 4760 1746 4815 ἂν

150 4845 371 4915 τρόπον
396 4846 517 4897 τινα
555 4847 647 4898 τὸν
688 4846 808 4901 Ἰὼό
849 4851 1250 4921 ὲκμιμήσηται,
1282 4852 1539 4922 καὶπρὸς
1582 4854 1749 4907 αὑτὸν

152 4942 175 4990 ὲ
190 4939 287 5009 ps?
310 4937 536 5000 Θεός.Ἡ
558 4938 669 4992 οἴει
699 4957 776 5008 με
811 4941 1011 5007 ἄλλως
1049 4948 1544 5012 κεχρηματικέναι
1567 4960 1687 5010 σοι,
1709 4946 1747 5013 ἢ

149 5033 267 5080 ἵνα
298 5029 529 5097 δίκαιος
553 5032 890 5102 ἀναφανῇς,
917 5035 992 5098 ὡς
1017 5037 1081 5088 ἂν
1112 5037 1205 5090 καὶ
1237 5037 1417 5099 ἄλλοις
1456 5038 1671 5111 κηρύξῃ
1691 5038 1750 5091 τὸ

152 5121 515 5185 Εοᾷαγγέλιον.

239 5230 338 5295 ις’.
385 5232 444 5284 Et
478 5233 535 5286 δὲ
560 5234 654 5286 καί
686 5252 829 5298 τινες
862 5236 1039 5307 ἕτεροι
1066 5241 1163 5308 τῆς
1197 5238 1513 5309 παρανόμου
1546 5240 1749 5310 ταύτης

152 5327 267 5375 ύπε
282 5323 468 5392 ρορίας
502 5325 875 5398 συλλήπτορες
903 5330 1184 5397 γεγόνασι,
1217 5334 1341 5401 σιγῇ
1378 5332 1630 5402 τιμῶμεν
1658 5335 1745 5385 al-

148 5418 241 5466 ὅ(λί
272 5413 381 5464 τῶν
415 5414 695 5485 Πατέρων,
728 5418 803 5481 ὡς
837 5417 902 5472 ἂν
928 5420 1002 5490 μὴ
1029 5420 1125 5473 τοῦ
1157 5422 1287 5491 Χάμ
1310 5422 1745 5493 ἀπενεγκώμεθα

246 5592 292 5619 η
328 5589 463 5643 Psal.
502 5610 666 5657 uvu,
701 5593 756 5647 6.
834 5598 875 5627 ¹⁸
908 5598 1045 5652 Psal.
1101 5614 1284 5662 LXXXI,
1320 5599 1369 5654 ὃ.

240 5746 354 5814 (τὸ)
385 5744 523 5818 Lege
552 5751 811 5819 περιέχω.

493 5848 758 5902 ιἈτιιοι.
812 5844 928 5903 (in.
982 5841 1195 5906 XCVI.

1454 5600 1492 5629 ¹⁷
1525 5597 1624 5653 Jul)
1656 5618 1741 5667 XL,
1773 5602 1824 5657 8.

1856 4596 1907 4646 in
1934 4604 2145 4647 antrum
2175 4593 2353 4649 Hureb
2376 4610 2690 4659 excurrens,
2726 4611 2846 4648 cum
2879 4593 2989 4649 Deo
3014 4593 3140 4647 Jesu
3170 4598 3222 4647 in
3262 4594 3427 4664 Egyo

1856 4690 2002 4752 ptum
2050 4683 2298 4750 fugiens,
2352 4692 2411 4737 ut
2462 4685 2512 4736 in
2565 4681 2953 4737 certaminibus
3005 4680 3262 4734 fortitudo
3309 4682 3428 4747 ejus

1853 4782 2127 4842 comperta
2176 4772 2362 4836 ﬁeret,
2406 4760 2758 4844 carperetque
2812 4771 3002 4826 merita
3053 4770 3270 4840 praemia
3299 4788 3312 4824 :
3346 4780 3423 4834 ut,

1858 4865 2094 4933 inquam.
2124 4861 2314 4917 Jobum
2344 4866 2501 4919 modo
2534 4867 2764 4935 quodam
2798 4863 3124 4927 imitaretur,
3153 4877 3249 4915 ceu
3288 4861 3426 4915 Dens

1860 4954 1943 5008 his
1976 4954 2148 5023 ipsum
2174 4954 2349 5007 verbis
2371 4955 2713 5023 compellaret
2740 4970 2752 5005 :
2787 4950 2909 5006 Non
2939 4961 3090 5017 putas
3122 4967 3203 5004 me
3226 4950 3336 5005 alia
3362 4953 3427 5001 de

1856 5060 2015 5096 causa
2067 5044 2162 5096 tibi
2212 5047 2573 5109 respondisse,
2622 5045 2724 5097 nisi
2770 5043 3025 5112 utjustns
3053 5058 3305 5110 appareas
3341 5040 3429 5095 "1

1857 5136 2126 5201 Quinimo,
2161 5144 2218 5189 ut
2254 5136 2375 5191 aliis
2407 5137 2564 5190 etiam
2596 5134 2917 5201 przedicares
2947 5132 3314 5198 Evangelinm.

1930 5248 2010 5301 16.
2039 5247 2273 5303 Tametsi
2308 5264 2434 5304 vero
2458 5250 2672 5318 quidam
2700 5251 2864 5304 etiam
2889 5264 2954 5302 ex
2982 5248 3304 5317 prresulibus
3334 5247 3423 5301 alii

1850 5340 2050 5406 injusto
2097 5339 2285 5395 huicce
2341 5342 2534 5397 exsilio
2582 5341 2857 5410 sum-apati
2907 5339 3017 5393 sint
3053 5358 3073 5393 ι
3112 5350 3166 5393 at
3212 5338 3426 5392 silentio

1853 5445 1961 5483 rem
1995 5432 2293 5501 transigere
2326 5434 2474 5495 libet,
2513 5444 2731 5502 propter
2761 5434 3019 5486 honorem
3058 5430 3277 5483 Patrum
3304 5469 3318 5492 ,
3359 5444 3427 5482 ne

1924 5751 2035 5819 (76)
2066 5748 2159 5806 llic
2192 5751 2337 5804 deest
2366 5747 2581 5818 aliquid.
3022 5834 3104 5898 25
