4170 6454
197 459 300 516 785

1223 459 1603 519 LAUDATIO
1642 460 1697 518 S.
1744 461 2113 520 BARBAR‘E
2157 464 2364 522 MART

3354 464 3459 526 786

192 563 303 619 τοῦ
333 563 614 629 σκότους,
658 559 807 631 πρὸς
836 562 907 616 τὰ
937 566 1306 631 πνευματικὰ
1338 562 1446 632 τῆς
1484 566 1772 631 ,πονηρίας

1878 568 1969 621 bus
2002 570 2043 601 "
2073 609 2085 633 ,
2122 570 2172 622 id
2206 578 2288 623 est
2319 572 2620 623 cmlestium
2662 581 2846 622 causa.
2908 566 3172 621 Praeterea
3199 568 3451 637 proprius

192 655 248 707 ἐν
293 653 413 719 τοῖς
443 651 841 720 ἐπουρανίοις,
873 652 1183 714 τουτέστιν,
1220 653 1308 705 διὰ
1343 653 1409 706 τὰ
1447 655 1764 724 ἐπουράνια.

195 747 340 816 Πρὸς
365 746 575 808 τούτοις
606 746 680 807 δὲ,
714 745 807 799 καὶ
838 745 928 797 τὸν
972 744 1102 797 ίδιον
1138 745 1278 798 κατά
1312 747 1488 816 σάρκα
1530 746 1770 815 πνεῦμα,

192 839 287 889 καὶ
318 837 446 900 τοὺς
478 836 777 905 κοσμικοὺς
820 833 1116 905 ἡγεμόνας,
1152 836 1243 887 καὶ
1282 834 1568 906 ἄρχοντας,
1611 835 1704 897 οὒς
1738 837 1769 902 ή

193 929 469 996 παναγνος
500 926 594 980 τοῦ
630 924 866 995 Χριστοῦ
892 924 1068 993 ἀμνάς
1094 925 1354 997 Βαρδάρα
1376 928 1770 995 παλαιστρίτας

194 1018 478 1089 ὲκέκτητο,
509 1018 569 1082 ἐξ
604 1017 815 1089 ὁρατῶν
867 1020 961 1070 καὶ
1012 1017 1260 1087 ἀοράτων
1312 1018 1588 1086 πολεμίων
1638 1034 1769 1084 συγ-

195 1110 484 1179 κειμένων.

263 1203 333 1263 γ’.
377 1196 644 1267 Τοιαύτης
672 1194 765 1250 οῦν
800 1198 935 1267 ἡμῖν
970 1197 1149 1251 ἄθλων
1178 1197 1413 1267 θεωρίας
1441 1200 1765 1269 προτιθεμέο

193 1306 313 1359 νης,
337 1288 435 1341 οὐκ
471 1289 881 1359 ὲπισπεύσομεν
909 1290 1044 1360 πρὸς
1070 1293 1169 1362 τὴν
1190 1292 1394 1344 τούτων
1419 1293 1769 1360 ὲπόπτευσιν,

194 1380 289 1431 καὶ
322 1379 417 1442 τὰς
454 1381 745 1451 συμϐολὰς,
774 1382 867 1434 καὶ
913 1382 1138 1448 πλοκὰς,
1184 1382 1279 1436 καὶ
1324 1383 1494 1447 λαϐὰς
1528 1385 1770 1454 ἀμφοτέ-

195 1485 305 1538 ρων
333 1468 441 1537 (79)
474 1469 851 1540 κατάρδωμεν,
875 1471 970 1524 καὶ
1000 1471 1098 1541 τὴν
1146 1472 1302 1542 νίκην
1346 1472 1449 1540 τῆς
1496 1472 1768 1544 ἡμετέρας

195 1565 487 1634 ἱερονίκου,
520 1565 613 1617 καὶ
649 1565 1017 1632 στεφανίτιδος
1048 1563 1433 1635 έπαθρήσομεν
1459 1582 1472 1630 ;
1520 1568 1613 1619 καὶ
1643 1568 1768 1629 τοῦς

196 1656 297 1725 μὲν
329 1657 623 1725 στυγεροὺς
672 1655 929 1725 δαίμονας
970 1656 1315 1726 ἡττωμένους
1348 1657 1439 1709 καὶ
1471 1674 1766 1728 καταισχυ-

195 1747 452 1816 νομένους
481 1748 575 1800 καὶ
606 1747 931 1811 πίπτοντας,
966 1749 1092 1812 τοὺς
1125 1750 1453 1818 ἀγγελικοὺς
1482 1750 1538 1805 δὲ
1563 1751 1767 1823 δήμους

195 1839 544 1906 ἀλαλαγμοὺς
594 1839 1023 1918 ἐπιφωνοῦντας,
1070 1841 1165 1893 καὶ
1211 1843 1498 1906 ἐπινικίοις
1551 1844 1766 1913 κρότοις

196 1931 291 2001 τὴν
343 1932 648 1985 καλλίνικον
682 1933 1077 2003 ,εύφημοῦντας
1130 1934 1226 1987 καὶ
1267 1935 1640 2007 γεραίρονταῶ
1675 1939 1768 1989 καὶ

197 2023 431 2093 Χριστὸν
457 2025 620 2078 αὑτὸν
641 2025 715 2089 ὡς
742 2026 1106 2098 ἀγωνοθέτην,
1132 2028 1223 2082 τοῦ
1250 2029 1527 2099 βασιλικοῦ
1555 2032 1767 2101 θρόνου,

197 2121 451 2191 καθάπερ
482 2123 574 2175 ἐπὶ
616 2123 887 2191 Στεφάνου
937 2124 1032 2177 τοῦ
1085 2128 1571 2198 πρωτομάρτυρος,
1601 2129 1768 2182 ἐπαν-

202 2215 529 2283 ιστάμενον,
580 2217 673 2267 καὶ
720 2217 847 2278 τοὺς
894 2216 1193 2285 στεφάνους
1243 2219 1631 2289 προτείνοντα,
1679 2221 1772 2274 καὶ

200 2307 390 2377 ἱδρῶσι
435 2307 869 2378 περιρρεομένην
915 2308 1012 2378 τὴν
1059 2310 1377 2382 νικηφόρον,
1404 2312 1495 2365 ὑπ’
1525 2312 1772 2380 ἀγγέλων

197 2398 672 2467 δορυφορουμένην
725 2398 1155 2467 ὑποδεχόμενον,
1198 2403 1289 2454 καὶ
1336 2404 1773 2474 περιπτυσσόμε-

200 2507 314 2554 νον,
345 2490 439 2543 καὶ
485 2492 595 2553 τοῖς
628 2488 974 2559 ἐπουρανίοις
1020 2488 1304 2560 θαλάμοις,
1347 2495 1442 2545 καὶ
1490 2495 1774 2562 νυμφῶσιν

202 2582 584 2647 ἑνευναίοντας
615 2581 678 2633 Τί
725 2583 836 2645 τοῖς
868 2581 1221 2653 φιλοθεάμοσι
1272 2584 1365 2637 τοῦ
1414 2584 1619 2638 τοιοῦδε
1649 2586 1770 2640 θεά-

206 2691 376 2747 ματος
411 2674 788 2743 τερπνότερον,
824 2673 857 2744 ἢ
894 2674 1175 2744 ήδύτερον,
1212 2675 1244 2745 ἢ
1282 2677 1771 2748 ἐπικερδέστερον;

210 2786 230 2820 ι
262 2766 581 2837 Μακάρισον
616 2766 748 2835 γὰρ,
794 2766 961 2835 φησὶν
996 2766 1276 2831 Βασίλειος
1300 2770 1326 2821 ό
1361 2769 1501 2839 ἱερὸς
1532 2772 1629 2840 τῆς
1657 2772 1774 2824 Ἐκ-

205 2859 433 2928 κλησίας
481 2857 816 2920 διδάσκαλος,
867 2858 1107 2928 γνησίως
1153 2860 1637 2929 μαρτυρήσαντας,
1687 2860 1776 2915 ἵνα

204 2949 341 3021 γένῃ
394 2950 605 3019 μάρτυς
653 2952 716 3019 τῇ
766 2949 1107 3019 προαιρέσει,
1138 2950 1231 3001 καὶ
1270 2950 1436 3019 ὲκϐῇς
1466 2950 1577 3020 (80)
1608 2952 1776 3020 χωρὶς

204 3040 460 3111 αἵματος,
506 3040 600 3093 καὶ
637 3040 935 3109 μαστίγων,
972 3039 1065 3092 καὶ
1098 3040 1374 3108 αἰκισμῶν
1411 3040 1544 3110 (8|).
1576 3059 1593 3091 ι
1630 3037 1777 3112 τΛρόι

202 3134 353 3186 ἐστιν
408 3132 493 3195 τίς
545 3131 709 3202 ἑτέρα
743 3131 842 3200 τῆς
874 3131 1132 3202 τοιαύτης
1160 3132 1390 3200 ὲποψίας
1433 3134 1464 3202 ἢ
1518 3150 1775 3202 πραγμα-

201 3225 353 3289 τείας
385 3222 814 3295 κερδαλεωτέρα,
853 3223 949 3277 καὶ
993 3223 1086 3276 τὸν
1128 3223 1356 3276 πλοῦτον
1389 3225 1773 3294 προσφέρουσα
1801 3230 1841 3286 C

203 3317 460 3380 πλείονα;
498 3314 558 3368 οὗ
597 3332 687 3385 μοι
718 3315 885 3371 δοκεῖ.

292 3408 448 3460 Ἀλλὰ
479 3408 528 3459 τί
572 3406 844 3470 πέπονθα,
885 3398 930 3459 ὧ
978 3406 1155 3473 φίλοις
1203 3407 1333 3477 πρὶν
1366 3410 1431 3478 τῇ
1479 3410 1620 3480 ἀρχῇ
1668 3408 1776 3462 τῶν

200 3497 430 3569 ἀγώνων
464 3498 883 3569 προσϐάλωμεν,
916 3498 1053 3567 πρὸς
1100 3498 1160 3550 τὸ
1192 3498 1346 3563 τέλος
1390 3501 1532 3571 ἡμᾶς
1568 3503 1595 3554 ὁ
1622 3501 1777 3569 λόγος

202 3587 596 3659 παρώρμησεν.
633 3588 768 3655 ’Ἄγε
814 3586 879 3657 δὴ
912 3582 1026 3650 οῦν,
1069 3586 1232 3639 αὐτὸν
1277 3590 1772 3659 ἀνακαλεσάμενοι,

199 3680 314 3734 τῶν
354 3678 641 3749 προθύρων
689 3679 783 3730 τοῦ
830 3678 1135 3747 μαρτυρίου
1187 3678 1467 3749 ὲπιόώμεν
1510 3681 1642 3750 ἤδη,
1686 3682 1778 3735 καὶ

196 3774 303 3844 τῆς
327 3771 465 3825 κατὰ
498 3773 660 3841 μέρος
690 3771 997 3841 διηγήσεως
1029 3772 1454 3842 καταρξώμεθα.

271 3865 337 3919 δ’.
374 3865 479 3919 Τοῦ
519 3862 866 3931 παναγάθου,
900 3863 995 3918 καὶ⁸
1026 3862 1468 3936 φιλοικτίρμονος
1505 3864 1639 3919 Θεοῦ
1676 3867 1779 3921 Λό-

198 3973 302 4026 γου
344 3954 406 4009 τὸ
442 3955 570 4007 ἴδιον
618 3952 1078 4025 πλαστούργημα,
1126 3956 1265 4028 ὅπερ
1313 3960 1434 4010 κατ’
1462 3958 1645 4011 εἰκόνα
1679 3960 1779 4029 τὴν

197 4047 397 4102 ἑαυτοῦ
430 4046 668 4115 ἀρχῆθεν
710 4045 1038 4115 πεποίηκεν,
1089 4047 1183 4098 καὶ
1229 4047 1339 4098 τῶν
1386 4050 1647 4114 ἐπιγείων
1678 4051 1778 4117 τὴν

198 4139 503 4210 ἡγεμονίαν
532 4136 927 4207 ἐγκεχείρικεν,
976 4136 1083 4190 ὑπὸ
1114 4137 1215 4206 τῆς
1244 4138 1338 4190 τοῦ
1375 4140 1565 4211 νοητοῦ
1598 4141 1653 4194 δὲ
1691 4141 1777 4193 διὰ

195 4232 296 4286 τοῦ
337 4228 595 4298 αἰσθητοῦ
628 4229 806 4297 ὄφεως
834 4228 1051 4298 ἀπάτης
1083 4230 1147 4283 ὲκ
1186 4230 1287 4300 τῆς
1316 4230 1410 4283 τοῦ
1446 4233 1776 4303 παραδείσου

195 4320 418 4390 τρυφῆς
449 4318 869 4390 ὲξενηνεγμένον
896 4319 1226 4387 ἑωρακότος,
1257 4322 1351 4373 καὶ
1381 4320 1568 4374 λοιπὸν
1598 4322 1780 4374 δεδου-

195 4414 466 4482 λωμένον,
494 4411 589 4465 καὶ
618 4411 879 4479 παγγενεὶ
904 4410 965 4463 ού
997 4411 1157 4480 μόνον
1182 4415 1247 4482 τῇ
1281 4412 1454 4483 φθορᾷ
1481 4414 1782 4487 ὑποϐεϐλη-

202 4506 389 4577 μένον,
440 4504 575 4557 ἀλλά
623 4503 718 4557 καὶ
756 4504 835 4566 εἰς
875 4502 1225 4571 πολυσχεδεῖς
1267 4503 1477 4568 πλάνας
1503 4506 1599 4559 καὶ
1630 4506 1778 4577 πάθη

198 4594 429 4665 ἀτιμίας
463 4592 800 4663 ύπηγμένον,
834 4593 930 4646 καὶ
962 4592 1215 4647 τοσοῦτον
1242 4592 1317 4663 τῷ
1346 4593 1494 4665 ζόφῳ
1518 4596 1618 4665 τῆς
1654 4598 1783 4651 ἀσε-

200 4686 359 4749 ὄείας
404 4687 525 4749 τοὺς
572 4686 839 4754 ψυχικους
874 4685 1188 4756 ὀφθαλμοὺς
1236 4688 1653 4759 ὲσκοτισμένον,
1706 4689 1782 4753 ὡς

200 4779 301 4833 καὶ
335 4778 426 4831 τὸν
452 4779 621 4840 ὅντως
662 4777 790 4830 ὄντα
826 4777 958 4830 Θεὸν
988 4779 1438 4833 καταλελοιπέναι
1464 4823 1478 4845 ,
1514 4780 1694 4844 ξύλοις
1720 4781 1781 4834 δὲ

202 4870 300 4924 καὶ
352 4868 554 4932 λίθοις,
612 4869 706 4922 καὶ
746 4869 1058 4938 ἀναισθήτῳ
1120 4869 1223 4943 ὕλῃ
1269 4871 1369 4940 τὴν
1409 4871 1781 4943 προσκύνησιν

200 4959 665 5031 προσενηνοχέναι
684 4998 699 5027 ,
733 4959 828 5011 καὶ
854 4958 959 5012 ὑπὸ
982 4959 1078 5013 τοῦ
1112 4960 1351 5030 πονηροῦ
1375 5002 1391 5026 ,
1419 4963 1514 5016 καὶ
1539 4964 1781 5016 ἀποστα-

198 5052 358 5107 τικοῦ
405 5051 657 5121 δαίμονος
688 5052 767 5114 εἰς
806 5051 1034 5121 ἔσχατον
1063 5054 1189 5124 ᾇδου
1232 5055 1324 5108 καὶ
1362 5056 1615 5120 ἀσεϐείας
1646 5058 1779 5122 ἐξω-

201 5144 405 5213 σμένον
456 5144 548 5195 καὶ
592 5143 1053 5214 κατερῤιμμένον,
1105 5145 1205 5198 οὐκ
1256 5144 1490 5214 ἤνεγκεν
1535 5146 1633 5215 τὴν
1683 5148 1779 5201 τοῦ

196 5234 501 5301 ἀλάστορος
547 5233 811 5303 τυράννου
864 5233 1043 5305 ὓϐριν,
1089 5236 1183 5287 καὶ
1216 5235 1310 5289 τοῦ
1353 5236 1774 5307 πεπλανημένον

194 5322 489 5394 ἀνθρώπου
521 5322 943 5394 ἀπηλπισμένην
968 5324 1261 5379 ἀπώλειαν.
1287 5326 1465 5397 Οἵκτῳ
1488 5328 1543 5381 δὲ
1575 5329 1775 5398 μᾶλλον

194 5415 294 5471 τοῦ
328 5415 462 5468 ἰδίου
484 5415 770 5471 ἀναλαϐὼν
796 5417 1118 5488 ποιήματος,
1151 5417 1213 5483 ἐξ
1244 5419 1624 5490 ἀπειρογάμου
1651 5421 1772 5474 νεά-

274 5572 321 5604 ’ί
364 5569 561 5639 Ephes.
599 5585 673 5634 vt,
722 5571 805 5625 12.

272 5710 388 5781 (79)
422 5709 643 5781 Lege"),
672 5710 1060 5781 κατανοήσωμε
1071 5726 1115 5781 v_.

278 5779 395 5845 (80)
424 5779 574 5848 Apud
606 5779 876 5837 Basilium,
904 5780 1069 5848 χωρὶς
1094 5779 1357 5846 διωγμοῦ,
1388 5780 1552 5847 χωρὶς
1586 5783 1767 5844 stupe“

197 5853 374 5921 χωρὶς
417 5847 714 5919 μαστίγων,
747 5849 851 5901 τῶν
885 5847 1082 5912 αὐτῶν,
1136 5850 1315 5910 αὐτοῖς
1362 5849 1569 5917 μισθῶν
1613 5850 1767 5916 ἠξιων

1876 660 2038 713 etiam
2067 661 2302 715 carnalis
2335 662 2580 731 spiritus,
2615 662 2911 729 mundique
2947 660 3205 731 praesides
3234 670 3289 714 et
3343 676 3450 715 ma-

1875 753 2135 818 gistratus
2164 767 2225 806 ac
2267 754 2557 822 principes,
2586 752 2687 807 hos
2738 753 3045 808 castissima
3085 752 3288 807 Christi
3332 753 3448 807 ovis

1875 842 2113 896 Barbara
2143 845 2438 900 luctatores
2472 855 2629 900 nacta
2660 856 2766 911 est,
2803 845 3038 901 conﬂato
3079 845 3179 916 ipsi
3214 845 3448 900 hostium

1876 946 1982 989 tam
2016 936 2309 990 visibilium
2346 952 2503 1005 quam
2554 936 2902 993 invisibilium
2936 952 3129 992 cuneo.

1942 1200 1995 1253 3.
2030 1197 2250 1251 Talibus
2282 1198 2462 1265 itaque
2496 1195 2889 1251 certaminibus
2918 1195 3071 1248 nobis
3121 1196 3187 1248 ad
3237 1201 3448 1263 specta-

1871 1292 2051 1348 culum
2086 1289 2397 1359 propositis,
2429 1302 2606 1339 annon
2660 1286 3038 1342 festinabimus
3094 1284 3160 1337 ad
3191 1285 3305 1339 bare
3326 1300 3448 1339 cer-

1873 1385 2067 1444 nenda,
2106 1390 2161 1434 ut
2202 1391 2558 1448 utrorumque
2607 1380 3049 1447 congressiones,
3100 1376 3442 1439 inflexiones,

1870 1485 1924 1529 et
1953 1473 2338 1544 prehensioues
2384 1470 2840 1538 contemplemur,
2903 1479 2955 1522 et
3004 1484 3172 1522 sacra:
3209 1469 3446 1522 victricis

1871 1578 2070 1617 corona
2102 1562 2360 1615 redimitae
2388 1560 2718 1628 triumphum
2756 1559 3093 1613 cernemus?
3126 1573 3188 1612 ac
3228 1560 3445 1626 quidem

1872 1656 2097 1708 infestos
2136 1656 2405 1706 daeumnes
2467 1660 2786 1719 superatos,
2844 1665 3043 1719 magno
3093 1665 3191 1703 suo
3243 1652 3448 1718 pudore

1871 1746 2125 1800 cadentes
2153 1761 2165 1797 :
2193 1742 2507 1810 angelorum
2568 1750 2749 1795 autem
2804 1740 3031 1809 p0pulos
3065 1740 3187 1795 laato
3218 1741 3444 1809 strepitu

1872 1838 2256 1902 acclamantes,
2299 1843 2353 1889 et
2384 1835 2622 1888 victoria:
2647 1834 2927 1903 plausibus
2974 1833 3254 1888 victricem
3293 1848 3448 1902 egre-

1871 1929 2010 1999 giam
2060 1938 2439 1982 exornantes:
2500 1928 2672 1994 ipsum
2736 1926 2969 1993 denique
3026 1923 3325 1988 Christum,
3372 1926 3446 1977 uti

1872 2021 2228 2076 certaminum
2262 2017 2543 2086 praesidem
2571 2032 2600 2070 e
2624 2016 2768 2087 regia
2816 2017 2965 2081 sede,
3001 2015 3143 2069 haud
3178 2030 3334 2070 secus
3369 2024 3449 2068 at-

1872 2129 1976 2183 que
2006 2111 2282 2180 Stephano
2303 2095 2711 2180 proto'inartyri,
2749 2114 3124 2176 assurgentem
3147 2118 3449 2161 etcoronas

1874 2205 2258 2275 porrigentem,
2324 2202 2486 2269 inque
2538 2200 2849 2255 coslestibus
2904 2199 3156 2255 thalamis
3208 2208 3265 2254 et
3316 2199 3450 2254 loris

1874 2292 2257 2347 circumfusam
2332 2290 2622 2346 sudoribus
2670 2291 2991 2356 victricem,
3050 2298 3105 2344 et
3162 2289 3451 2345 ambitioso

1878 2384 2189 2455 angelorum
2235 2382 2491 2437 satellitio
2540 2384 2848 2448 deductam,
2893 2380 3283 2437 collocantem?
3312 2381 3450 2448 Quid

1876 2476 2317 2548 Spectaculorum
2351 2476 2689 2528 amatoribus
2712 2474 2977 2541 ejusmodi
3020 2474 3330 2542 spectaculo
3360 2473 3451 2542 ju-

1874 2569 2105 2623 Cundius
2131 2576 2222 2618 aut
2292 2567 2699 2621 delcctabilius?
2726 2584 2742 2616 ι
2778 2566 2987 2621 Beatos'
3030 2566 3150 2619 illos
3197 2566 3448 2634 praedica,

1878 2658 2054 2726 inquit
2086 2670 2243 2709 sacer
2270 2654 2528 2709 Ecclesia:
2563 2658 2750 2708 doctor
2786 2655 3039 2719 Basilius,
3068 2657 3157 2725 qui
3191 2659 3453 2730 martyrio

1878 2764 2004 2801 vere
2033 2746 2204 2800 sancti
2253 2754 2400 2807 sunt,
2437 2754 2493 2798 ut
2558 2747 2723 2797 animi
2790 2747 3063 2815 prepOsito
3096 2757 3298 2818 martyr
3341 2751 3454 2819 ipse

1876 2837 2147 2899 ciiiciaris,
2182 2846 2235 2890 et
2265 2836 2464 2891 evadas
2511 2836 2675 2906 897
2708 2836 2823 2890 sine
2873 2852 3091 2903 cruore,
3135 2840 3453 2896 verberibus

1878 2940 1931 2984 et
1962 2930 2269 2999 suppliciis.
2301 2948 2318 2980 ι
2362 2926 2609 2997 Nunquid
2661 2929 2764 2982 ulla
2819 2928 2990 2983 altera
3055 2930 3320 3000 inspectio
3362 2942 3455 2986 aut

1884 3022 2179 3091 negotiatio
2207 3030 2312 3079 est.
2352 3036 2470 3089 quae
2506 3020 2766 3089 majorem
2818 3030 3104 3090 quaestum,
3141 3037 3206 3077 ac
3236 3022 3454 3078 divitias

1880 3114 2167 3182 ampliores
2194 3111 2604 3181 aﬂ'crat‘lplane
2645 3127 2750 3165 non
2788 3123 2937 3181 puto.

1952 3413 2151 3469 Verum
2183 3412 2313 3482 quid
2345 3412 2561 3476 accidit,
2614 3410 2991 3466 dilectissimi?
3037 3426 3159 3466 cum
3203 3412 3455 3466 certami-

1880 3522 2007 3561 num
2032 3505 2326 3576 primordia
2358 3505 2583 3560 necdum
2635 3504 2998 3572 attigerimus,
3056 3501 3109 3556 in
3169 3502 3329 3557 finem
3358 3519 3456 3557 nos

1879 3600 2054 3653 oratio
2083 3598 2308 3667 pepulit.
2342 3597 2458 3667 Age
2503 3595 2690 3666 igitur,
2724 3610 2787 3649 ea
2841 3594 2908 3647 ad
2946 3593 3157 3648 initium
3183 3604 3454 3658 revocata,

1880 3692 1935 3744 in
1965 3691 2210 3759 martyrii
2266 3688 2403 3742 atria
2462 3688 2651 3757 pedem
2693 3697 2823 3741 ante
2877 3684 3198 3753 inferamus,
3237 3695 3457 3756 tumque

1880 3780 2156 3851 sigillatim
2189 3790 2388 3835 cuncta
2418 3793 2642 3834 narrare
2666 3778 3009 3847 incipiamus.
3196 3845 3199 3848 ἠ

1948 3872 2003 3927 4.
2074 3872 2205 3925 Cum
2282 3869 2707 3941 benignissimus
2808 3867 3458 3937 misericordissimusque

1881 3963 2024 4017 Deus
2049 3962 2312 4025 Verbum,
2348 3963 2665 4032 figmentum
2699 3975 2881 4024 suum,
2922 3962 3068 4028 quod
3104 3960 3171 4013 ab
3205 3959 3363 4015 initio
3391 3960 3459 4013 ad

1881 4055 2172 4123 imaginem
2229 4070 2381 4108 suam
2438 4053 2813 4118 condiderat,
2871 4057 3070 4121 cuique
3120 4040 3458 4108 terrenarum

1880 4145 2241 4214 principatum
2334 4143 2726 4205 commiserat,
2802 4144 3106 4211 spiritualis
3192 4149 3459 4214 serpentis

1881 4232 2091 4296 fraude,
2121 4231 2462 4299 aspectabilis
2489 4230 2761 4298 serpentis
2802 4245 2990 4299 Opera,
3026 4232 3277 4299 paradiso
3312 4234 3459 4287 volu-

1882 4322 2049 4392 ptatis
2075 4319 2308 4389 ejectum
2344 4318 2743 4389 conspexisset,
2799 4321 3022 4389 jamque
3074 4321 3213 4377 adeo
3248 4326 3459 4377 manci-

1884 4423 2065 4483 patum
2092 4428 2193 4467 nec
2219 4414 2413 4468 mortis
2447 4412 2709 4467 duntaxat
2744 4413 3038 4467 interitioni
3064 4429 3185 4468 cum
3207 4417 3458 4471 universa

1888 4503 2153 4573 progenie
2186 4502 2485 4567 addictum,
2517 4503 2610 4557 sed
2636 4510 2690 4555 et
2722 4502 2775 4555 iu
2805 4495 3204 4560 diversissimos
3244 4517 3459 4560 errores

1888 4595 2452 4666 probrosissimosque
2510 4592 2737 4648 affectus
2794 4594 3303 4665 devectum,eaque
3362 4598 3460 4651 im-

1882 4686 2097 4757 pietatis
2130 4686 2365 4755 caligiue
2420 4685 2616 4740 mentis
2671 4682 2857 4739 oculos
2904 4686 3260 4752 obcmcatum,
3301 4697 3360 4741 ut
3398 4704 3461 4743 eo

1881 4780 1972 4848 qui
2006 4792 2135 4832 vere
2166 4778 2307 4832 Deus
2334 4786 2416 4831 est
2448 4775 2730 4840 derelicto,
2757 4776 2864 4829 diis
2904 4791 2970 4830 ex
3025 4775 3169 4846 ligno
3210 4787 3264 4831 et
3288 4778 3461 4848 lapide

1884 4869 2165 4925 fabricatis
2211 4869 2532 4937 expertique
2558 4882 2751 4923 sensus
2809 4868 3050 4923 materiae
3092 4869 3293 4923 cultum
3318 4872 3460 4925 adhi-

1883 4964 2051 5027 beret,
2087 4971 2252 5030 atque
2282 4975 2311 5014 a
2353 4960 2687 5029 nequissimo
2719 4969 2773 5012 et
2825 4959 3103 5013 desertore
3135 4959 3376 5015 daarnone
3409 4964 3460 5017 in

1883 5064 2184 5107 extremam
2216 5051 2442 5113 inferni,
2471 5059 2526 5104 et
2581 5049 2877 5119 impietatis
2929 5048 3141 5103 foveam
3180 5052 3461 5106 detrusum

1881 5157 1933 5200 et
1984 5144 2321 5214 proiectura;
2370 5142 2559 5197 nefarii
2618 5143 2832 5213 tyranni
2884 5142 3137 5213 injuriam
3176 5159 3282 5196 non
3316 5144 3459 5207 tulit,

1883 5253 1981 5291 nec
1997 5238 2338 5305 desperatam
2359 5233 2569 5303 decepti
2599 5233 2833 5288 hominis
2856 5232 3239 5302 perditionem.
3268 5233 3462 5299 Quatu-

1880 5331 2065 5383 nbrem
2107 5339 2166 5383 ut
2194 5336 2455 5383 creaturae
2503 5341 2614 5383 suae
2645 5326 3018 5396 opitularetur,
3045 5339 3107 5377 ex
3160 5326 3337 5395 puella
3362 5341 3460 5379 nu-

1882 5420 2061 5489 ptialis
2090 5434 2411 5492 congressus
2438 5418 2621 5475 nescia
2672 5426 3005 5488 assumptum
3071 5415 3239 5473 vellus
3286 5416 3459 5471 bonus

1882 5714 2060 5780 μένος.

1952 5784 2059 5853 (81)
2097 5785 2234 5840 Basil
2271 5833 2280 5848 ,
2325 5785 2479 5840 Ilum.
2520 5791 2571 5840 in
2609 5787 2673 5840 40
2707 5796 2919 5856 martyr.
