4170 6454
180 366 284 434 789

1211 381 1590 440 LAUDATIO
1630 384 1685 440 S.
1721 383 2090 442 ΒΑΒΒΑΗιΕ
2126 386 2338 447 MART

3339 401 3442 462 790

184 483 345 546 εὐθὺς
375 481 565 554 ὥσπερ
584 481 655 551 γῆ
679 482 818 552 καλή
845 497 903 534 τε
936 481 1028 534 καὶ
1052 480 1211 544 πίων,
1244 486 1334 536 τὸν
1358 487 1608 553 οὐράνιον
1641 487 1764 537 σπο-

1877 488 1993 542 lesli
2033 494 2238 546 semine
2260 506 2536 563 suscepto,
2576 505 2948 549 tnaimatorum
2978 497 3327 555 exsecutione
3358 498 3436 555 dl-

185 593 276 647 ρον
301 573 615 645 ἁρπάσασα,
634 574 728 627 καὶ
745 570 1020 642 ἐπιμελῶς
1045 575 1110 642 τῇ
1136 574 1366 643 ἐργασία
1394 573 1504 626 τῶν
1535 576 1758 628 ἐντολῶν

192 668 571 738 γεωργήσασα,
608 667 1064 736 ἐκαρποφόρησεν
1091 668 1170 727 είς
1199 668 1497 737 τριάκοντα
1519 707 1533 730 ,
1558 667 1654 718 καὶ
1682 669 1762 730 εἰς

185 762 476 831 ἐξήκοντα,
511 761 604 813 κειιί⁵
646 762 725 822 εἰς
757 761 970 822 ἑκατὸν,
1024 761 1318 824 ἀναϐάσεις
1366 763 1420 812 ὲν
1454 765 1518 831 τῇ
1564 762 1761 832 καρδία

186 857 460 926 τιθεμένη,
498 857 594 908 καὶ
625 856 761 926 πρὸς
787 855 997 925 ἀρετῶν
1025 856 1393 926 προϐαίνουσα
1423 857 1758 926 τελειότητα.

186 949 365 1017 Πέρας
401 946 462 1017 δὴ
490 942 604 1009 οῦν,
637 946 698 998 τὸ
746 946 1084 1016 προφητικὸν
1136 946 1354 1012 ἐδέξατο
1400 948 1602 1015 λόγιον,
1651 947 1762 1001 Καὶ

187 1038 628 1104 πλησθήσεται,
653 1039 882 1106 φάσκον,
907 1036 1072 1090 πᾶσα
1096 1037 1134 1102 ἡ
1172 1035 1245 1105 γῆ
1276 1038 1380 1090 τοῦ
1408 1035 1624 1106 γνῶναι
1658 1039 1763 1090 τὸν

188 1131 427 1196 κύριον,
449 1129 528 1194 ὡς
573 1128 728 1194 ὕδωρ
751 1128 908 1181 πολὺ
936 1128 1046 1198 (89..)
1080 1129 1392 1181 καλύπτον
1419 1128 1757 1193 θαλάσσας·

187 1221 296 1273 τῶν
322 1221 488 1272 ἐθνῶν
515 1219 716 1289 δηλαδὴ
745 1219 816 1272 τὰ
858 1220 1180 1290 συστήματα
1207 1260 1220 1280 ,
1264 1218 1542 1282 θαλάσσας
1572 1237 1764 1290 τροπι-

189 1312 298 1370 κῶς
319 1313 416 1381 τῆς
443 1309 797 1381 προφητικῶς
819 1310 1336 1380 προσαγορευούσης
1354 1312 1596 1381 χάριτος.
1622 1312 1761 1364 Ἀλλ’

187 1407 286 1456 οἰκ
317 1405 544 1473 ἤνεγκεν
582 1405 608 1454 ὁ
643 1401 940 1472 μισάγαθος
991 1403 1083 1454 καὶ
1135 1401 1500 1472 φιλοπόνηρος
1553 1402 1763 1473 δαίμων

188 1495 295 1548 τῶν
331 1494 652 1562 σωζομένων
693 1493 790 1563 τὴν
832 1492 1042 1562 πληθὺν
1072 1494 1202 1562 δρᾷν
1249 1495 1520 1564 ὁσημέραι
1563 1495 1764 1564 προκό-

188 1603 448 1639 πτουσαν.
489 1586 546 1636 '0
572 1587 676 1654 γάρ
706 1586 763 1636 ὲν
798 1585 938 1654 ἀρχῇ
969 1585 1057 1636 τὸν
1097 1585 1266 1654 Ἀδάμ
1295 1587 1432 1654 μετὰ
1467 1588 1563 1656 τῆς
1598 1587 1762 1648 συζύ-

187 1697 286 1744 γον
313 1677 586 1746 βασκήνας
612 1675 708 1742 τῆς
734 1677 789 1727 ὲν
818 1675 1133 1745 παραδείσῳ
1166 1677 1446 1744 διαγωγῆς
1468 1719 1482 1742 ,
1509 1679 1669 1749 σχολῇ
1701 1695 1760 1745 γε

188 1772 256 1823 ἂν
292 1769 575 1840 ἐκαρτέρει
614 1767 712 1830 τὰς
742 1766 1149 1838 ἀναριθμήτους
1195 1768 1465 1838 μυριάδας
1489 1809 1500 1829 ,
1551 1771 1649 1822 οὐκ
1685 1774 1764 1834 εἰς

188 1865 515 1934 παράδεισον
549 1862 804 1932 αἰσθητὸν
829 1862 925 1914 καὶ
951 1861 1210 1928 ἐπίγειον,
1243 1861 1358 1913 ἀλλ’
1399 1863 1478 1924 εἰς
1510 1863 1760 1933 οὐρανὸν,

189 1957 284 2024 ἀφ’
313 1951 483 2025 οὗπερ
525 1956 686 2016 αὐτὸς
717 1954 792 2017 ὼς
824 1953 1071 2023 σιδήρεος
1107 1951 1258 2021 βόλος
1290 1951 1645 2023 ἐξέρριττται,
1677 1955 1766 2008 δια

189 2049 430 2110 πίστεως
478 2047 573 2117 τῆς
620 2048 702 2110 εἰς
750 2045 986 2116 Χριστὸν
1040 2043 1311 2115 θεώμενος
1355 2045 1763 2112 ἀναϐαίνοντας.

202 2141 529 2206 Ἐξειιτείται
553 2139 734 2192 τοίνυν
774 2138 873 2209 τὴν
906 2141 1099 2208 πεῖραν
1132 2139 1159 2190 ὁ
1188 2139 1494 2210 πειραστήῖ
1517 2154 1530 2168 ’
1569 2141 1629 2192 οὗ
1659 2141 1766 2211 γὰρ

190 2234 306 2302 ἔχει
343 2232 415 2301 μὴ
444 2231 734 2299 λαμϐάνων
777 2230 896 2282 κατ’
941 2229 1155 2292 οὐδενὸς
1199 2231 1299 2298 τὴν
1332 2229 1617 2296 ἐξουσίαν’
1650 2232 1766 2285 ἀλλ’

191 2325 384 2394 ὥσπερ
411 2323 577 2376 πάλαι
613 2321 864 2392 ἀκηκοὼς
910 2320 1003 2373 τοῦ
1043 2319 1179 2374 Θεοῦ
1221 2320 1297 2391 τῷ
1332 2322 1443 2390 ἰδίῳ
1485 2323 1768 2394 ἐγκαυχω-

195 2418 360 2488 μένου
401 2416 720 2486 θεράποντι,
767 2414 860 2466 καὶ
903 2413 1244 2482 φάσκοντος.
1293 2413 1640 2482 Προσέσχες
1694 2415 1767 2484 τῇ

191 2509 426 2575 διανοίᾳ
449 2525 564 2562 σου
591 2506 668 2572 τῷ
691 2504 1007 2574 θεράποντί
1024 2521 1141 2574 μου
1179 2502 1327 2565 Ἰὼϐ,
1351 2503 1440 2556 ὅτι
1468 2507 1576 2557 οὐκ
1597 2505 1770 2558 ἔστιν

192 2601 325 2656 κατ’
363 2601 548 2653 αὐτῶν·
578 2599 886 2667 ἄνθρωπος
923 2596 1024 2649 ἐπί
1069 2595 1179 2662 τῆς
1224 2596 1356 2664 γῆς,
1397 2595 1642 2661 ἄκακος,
1679 2596 1766 2650 δί-

193 2709 386 2755 καιος,
413 2691 719 2756 ἀληθινὸς,
751 2687 1058 2754 θεοσεϐὴς,
1090 2688 1461 2755 ἀπεχόμενος
1483 2689 1600 2741 ἁ.τό
1623 2702 1770 2740 παι·-

195 2785 302 2848 τὸς
327 2782 592 2847 πονηροῦ
613 2781 990 2850 πριίγμιιτοςξ
1034 2780 1207 2842 Εύθυς
1246 2781 1454 2841 ἐκεῖνος
1485 2779 1560 2848 τῷ
1592 2779 1769 2850 φθόνῳ

194 2877 448 2945 πληγεὶς,
477 2873 812 2944 ἀπεκρίνατο
832 2913 845 2938 ,
877 2877 968 2940 Μὴ
992 2872 1218 2940 δωρεὰν
1265 2872 1386 2924 Ἰὼϐ
1411 2870 1518 2922 τὸν
1549 2872 1769 2938 Κύριον

193 2968 456 3030 σέϐεται,
485 2983 537 3018 κ.
562 2983 611 3020 τ.
644 2981 688 3016 ε;
729 2965 889 3019 Ἀλλ’
911 2965 1280 3018 ἀπόστειλόν
1300 2981 1390 3029 με,
1412 2964 1511 3015 ἵνα
1534 2962 1770 3031 ἅψωμαι

195 3057 319 3111 τῶν
343 3055 582 3123 σαρκῶν
615 3053 824 3118 αὑτοῦ,
860 3057 909 3106 εἰ
935 3053 1020 3123 μὴ
1056 3057 1142 3119 εἰς
1171 3056 1494 3120 πρόσωπον
1513 3053 1767 3122 solo-rei.

1870 581 2097 650 ligenter
2144 587 2381 649 exculta,
2451 586 2784 640 tricesimum
2839 591 3115 652 fructum,
3169 590 3437 658 sexagesi-

1867 689 2160 741 mumque,
2203 691 2267 730 ac
2315 679 2668 731 centesimum
2735 680 2940 744 attulit,
2999 681 3342 734 ascensiones
3387 682 3436 732 in

1867 767 2029 819 corde
2078 781 2177 820 suo
2227 769 2294 821 ad
2348 770 2609 822 virtutum
2674 770 3059 838 perfectionem
3117 771 3436 839 provehens.

1866 859 2229 923 Quamobrem
2256 861 2535 929 impletum
2566 863 2782 913 tandem
2807 872 2888 916 est
2916 863 3288 931 propheticum
3310 863 3440 919 illud

1865 950 2161 1015 oraculum,
2186 966 2291 1020 quo
2329 953 2565 1005 dicitur:
2604 951 2813 1020 Repleta
2849 963 2926 1007 est
2969 963 3111 1006 terra
3135 953 3438 1022 cognitione

1869 1040 2126 1105 Domini,
2177 1043 2328 1110 quasi
2373 1061 2508 1109 aqua
2572 1046 2737 1098 multa
2795 1044 3094 1112 conperiens
3147 1045 3317 1098 maria
3350 1045 3439 1113 “;

1869 1134 2180 1200 pi-Ophctica
2236 1134 2443 1186 Scilicet
2505 1137 2674 1205 gratia
2735 1136 2964 1206 ﬁgurato
2995 1151 3160 1190 sensu
3196 1135 3438 1205 gentium

1867 1231 2040 1274 coetus
2067 1222 2144 1274 sic
2182 1223 2506 1290 appellante.
2559 1225 2626 1277 At
2669 1241 2772 1277 non
2836 1224 2953 1278 tulit
3001 1223 3088 1277 ille
3132 1221 3441 1277 bonisinfe-

1868 1325 1983 1367 stus
2017 1323 2070 1366 et
2101 1316 2465 1382 nequissii'nus
2509 1317 2738 1379 memon,
2802 1326 2860 1370 ut
2914 1331 3100 1368 eormn
3135 1314 3228 1383 qui
3262 1314 3440 1369 salute

1867 1411 2098 1464 donandi
2134 1424 2315 1466 essent
2344 1454 2357 1475 ,
2422 1414 2573 1466 novis
2614 1413 2854 1481 quotidie
2907 1410 3315 1465 accessionibus
3345 1425 3442 1461 au-

1870 1515 2179 1571 gesceutem
2231 1520 2452 1557 censum
2519 1505 2746 1558 videret.
2810 1505 2911 1568 Qui
2968 1504 3111 1558 enim
3172 1504 3238 1556 ab
3281 1503 3438 1556 initio

1869 1596 2077 1648 felicem
2139 1596 2279 1648 illam
2307 1597 2357 1648 in
2426 1595 2674 1664 paradiso
2734 1595 2856 1648 vitm
2912 1597 3176 1649 rationem
3229 1593 3439 1647 Adamo

1869 1685 2190 1756 coniugique
2222 1687 2512 1753 invidcrat,
2567 1687 2734 1740 multo
2777 1688 2978 1750 minus,
3033 1701 3156 1740 cum
3184 1685 3263 1740 sic
3286 1685 3443 1738 innu-

1871 1783 2156 1835 merahiles
2183 1783 2472 1851 myriadas,
2509 1797 2614 1834 non
2642 1785 2692 1834 in
2720 1780 3102 1850 aspectabilem
3137 1788 3442 1834 terrenum-

1867 1888 1974 1944 que
2017 1877 2347 1942 paradisum,
2402 1875 2492 1928 sed
2554 1875 2606 1928 in
2654 1875 2875 1939 cadum,
2924 1873 3064 1926 unde
3112 1871 3228 1940 ipse
3277 1870 3440 1924 veluti

1869 1967 2046 2022 ferrea
2106 1968 2272 2021 moles
2325 1966 2596 2035 proiectus
2626 1966 2824 2028 fuerat,
2868 1981 2963 2034 per
3016 1964 3255 2018 fidentin
3284 1961 3444 2017 Chri-

1870 2073 2010 2115 stum
2040 2064 2401 2115 ascendentes
2423 2070 2692 2124 cerneret,
2724 2075 2832 2112 rem
2861 2075 2964 2112 non
2983 2057 3262 2111 sustinuit.
3292 2056 3441 2121 Quo-

1869 2153 2011 2206 circa
2065 2152 2306 2206 tentandi
2352 2151 2627 2206 licentiam
2683 2159 2920 2204 tentator
2973 2149 3167 2218 poscit.
3227 2146 3440 2202 Nullam

1867 2246 2064 2315 quippe
2112 2246 2375 2298 adversus
2423 2244 2659 2312 aliquem
2712 2251 3036 2311 potestatem
3092 2241 3276 2306 habet,
3311 2241 3438 2309 quin

1868 2339 2156 2408 acceperit.
2191 2339 2296 2393 Sed
2331 2339 2472 2392 sicut
2500 2337 2650 2403 olim,
2677 2353 2799 2391 cum
2832 2337 2997 2391 Deum
3028 2335 3095 2390 de
3118 2333 3319 2388 fatnulo
3343 2347 3441 2388 suo

1870 2429 2192 2497 gloriantem
2224 2427 2540 2491 audivisset,
2591 2437 2754 2497 atque
2789 2428 3059 2484 dicentem
3090 2449 3105 2485 :
3157 2429 3442 2484 Attendistt'

1869 2529 2035 2574 mente
2071 2530 2161 2572 tua
2198 2535 2345 2572 serra
2373 2536 2485 2574 meo
2515 2520 2638 2586 Job,
2669 2519 2808 2590 quod
2832 2536 2936 2573 non
2991 2521 3057 2574 sit
3087 2522 3241 2573 homo
3273 2518 3442 2588 Qualis

1870 2613 1956 2664 ille
1988 2626 2145 2678 super
2193 2621 2408 2672 terram,
2453 2609 2724 2674 innocens,
2775 2609 2976 2676 justus,
3045 2624 3226 2673 verax,
3269 2609 3442 2662 colens

1871 2701 2062 2760 Deum,
2092 2700 2357 2752 abstinens
2384 2700 2448 2752 ab
2489 2701 2630 2752 omni
2671 2716 2724 2752 re
2759 2700 2899 2751 mala
2927 2700 3010 2753 '7?
3043 2715 3164 2754 mox
3191 2701 3277 2754 ille
3301 2703 3442 2756 invi-

1871 2794 1958 2845 dia
1990 2793 2247 2860 percitus,
2276 2790 2594 2859 respondit:
2637 2787 2776 2842 Nunt
2813 2791 2980 2859 gratis
3029 2789 3129 2844 Job
3162 2789 3442 2844 Dominum

1871 2886 1996 2938 colit
2025 2886 2069 2915 ⁸⁸
2091 2885 2114 2937 ?
2139 2893 2325 2952 etquae
2351 2893 2690 2951 sequuntur;
2732 2883 2823 2937 sed
2847 2885 2992 2936 mitte
3015 2899 3117 2947 nte,
3150 2893 3204 2936 ut
3229 2891 3442 2952 tangam

1871 2977 1983 3045 ejus
2014 2993 2219 3038 carnes,
2252 2977 2353 3028 nisi
2381 2977 2432 3030 in
2475 2977 2668 3042 faciem
2709 2975 2979 3028 benedicat
3001 2975 3066 3029 ”.
3110 2973 3245 3028 Tum
3278 2975 3440 3036 Deus.

1873 3077 1933 3120 ut
1963 3067 2148 3119 famuli
2179 3067 2261 3120 sui
2296 3066 2348 3118 in
2382 3067 2642 3120 extremis
2675 3080 2893 3134 quoque
2942 3064 3197 3135 periculis
3231 3064 3442 3119 firntam

198 3145 334 3201 Εἶτα
365 3145 682 3215 βουλόμενος
705 3147 872 3198 πᾶσιν
896 3145 1176 3210 ἀποδεῖξαι
1200 3145 1290 3196 τὸν
1315 3143 1444 3196 ἴδιον
1467 3143 1769 3214 θεράποντα

1877 3173 1928 3212 et
1958 3158 2208 3212 invictam
2243 3157 2406 3211 animi
2427 3155 2798 3212 fortitudinem
2827 3156 3181 3225 conspicuam
3212 3155 3441 3220 faceret,

191 3241 224 3290 ὁ
256 3238 388 3298 Θεὸς
411 3276 425 3300 ,
466 3236 559 3287 καὶ
587 3237 644 3287 ὲν
685 3237 800 3296 τοῖς
837 3233 1086 3303 ἐσχάτοις
1129 3233 1396 3297 κινδύνοις
1431 3234 1657 3304 στερρὸν
1681 3233 1774 3286 καὶ

195 3328 495 3391 ἀνάλωτον,
520 3334 691 3396 τούτῳ
712 3327 808 3396 τὴν
834 3327 1050 3395 αἴτησιν
1071 3325 1306 3388 δίδωσιν,
1327 3324 1416 3378 ἵνα
1445 3325 1518 3394 μὴ
1542 3325 1668 3395 δόξῃ
1693 3324 1768 3386 ὡς

194 3425 392 3490 ἔτυχεν
411 3419 661 3490 εἰρῆσθαι
689 3422 722 3488 ἡ
746 3419 1033 3488 καύχησις.
1062 3417 1216 3470 Οῦτω
1243 3418 1334 3469 καὶ
1355 3417 1498 3479 τότε,
1523 3418 1777 3486 ἀκηκοὼς

193 3519 226 3569 ὀ
255 3513 612 3582 παμπόνηρος
656 3510 748 3562 τοῦ
788 3511 992 3579 Κυρίου
1013 3509 1141 3579 περί
1155 3507 1592 3578 τῆςῈκκλησίας
1614 3510 1778 3576 ἐγκω-

197 3606 507 3677 μιαστικῶς
535 3603 997 3673 ἀποφαινομένου,
1024 3604 1128 3657 Kal
1152 3607 1337 3656 πύλαι
1379 3603 1531 3670 ᾅδου
1566 3607 1637 3658 οὺ
1675 3623 1778 3658 κα-

194 3700 606 3766 τισχύσουσιν
643 3695 834 3763 αὐτῆς
867 3737 882 3758 ,
906 3695 1081 3756 πύλας
1106 3694 1233 3764 ᾅδου
1258 3695 1356 3756 τας
1385 3697 1646 3758 παντοίας
1669 3696 1778 3748 τῶν

195 3791 480 3842 κολάσεων
514 3788 651 3850 ἰδέας
700 3789 778 3849 εἰς
810 3785 942 3856 ᾅδην
980 3787 1073 3839 καὶ
1109 3787 1337 3839 θάνατον
1385 3787 1653 3852 ῶθούσας,
1687 3791 1779 3842 καὶ

195 3877 549 3946 καταγούσας
589 3880 976 3949 ὀνομάζοντος,
1021 3879 1315 3944 ἐξαιτεῖται
1344 3879 1504 3932 πάλιν
1548 3880 1779 3944 ἀναιδῶς

193 3976 301 4044 τὴν
328 3976 522 4042 πεῖραν
578 3973 685 4022 Καὶ
711 3971 774 4040 δὴ
805 3968 986 4020 λαϐὼν
1009 3970 1106 4038 τὴν
1135 3969 1403 4032 ἐξουσίαν,
1435 3971 1645 4039 ὄργανα
1674 3971 1782 4022 λοι-

193 4065 304 4117 πὸν
343 4063 442 4132 τῆς
475 4060 730 4124 ἀσεϐείας
777 4061 970 4130 μεστά,
1007 4061 1101 4112 καὶ
1153 4059 1302 4129 αὖτῷ
1335 4063 1402 4130 τῇ
1443 4059 1537 4112 τοῦ
1577 4061 1780 4130 τρόπου

196 4154 645 4226 παριτουμένους
675 4151 927 4221 ὠμότητι
952 4149 1341 4221 ἐκλεξάμενος,
1369 4148 1591 4213 τούτους
1624 4148 1780 4202 καθί-

195 4262 402 4315 στησιν
442 4243 716 4312 ἡγεμόνας
749 4243 844 4293 καὶ
873 4241 1175 4311 ἄρχοντας·
1215 4240 1308 4292 καὶ
1347 4239 1525 4309 δόγμα
1569 4239 1784 4292 καθολι-

194 4335 316 4398 κῶς
343 4335 411 4387 δι⁶
437 4333 658 4386 ἐκείνων
682 4331 979 4400 ἐκτίθησιν,
1014 4329 1108 4382 τοῦ
1135 4331 1233 4398 μὲν
1257 4330 1491 4399 Χριστοῦ
1513 4329 1779 4384 παύεσθαι

195 4428 305 4498 τὴν
343 4425 753 4496 προσκύνησιν,
792 4421 1029 4484 εἰδώλοις
1071 4421 1129 4473 δὲ
1176 4420 1276 4483 τὰς
1310 4421 1500 4483 θυσίας
1539 4423 1780 4492 πρσσφέ-

1879 3251 2077 3318 petenti
2131 3249 2347 3304 diabolo
2402 3249 2616 3315 annuit,
2657 3261 2724 3302 ne
2776 3248 2973 3302 frustra
3006 3247 3270 3317 gloriatus
3297 3247 3444 3301 vide-

1879 3349 2053 3393 retur.
2091 3338 2180 3393 Sic
2216 3350 2341 3393 tunc
2374 3337 2539 3392 etiam
2587 3335 3030 3397 scelestissimus,
3083 3333 3268 3387 audito
3297 3331 3443 3402 quod

1880 3431 2138 3485 Dominus
2168 3431 2233 3484 de
2259 3428 2496 3484 Ecclesia
2546 3443 2650 3482 non
2681 3427 2797 3481 sine
2833 3424 3129 3495 magnifica:
3175 3422 3348 3477 laudis
3375 3421 3444 3475 ti-

1881 3519 1992 3571 tulo
2020 3517 2272 3571 dixerat:
2309 3517 2374 3570 Et
2419 3530 2582 3586 porta:
2626 3516 2913 3584 inferinun
2945 3512 3302 3582 pra’valebunt
3348 3513 3447 3564 ad-

1878 3627 2057 3664 versus
2077 3626 2191 3663 eam
2223 3610 2264 3641 ³ο
2297 3609 2409 3680 (ubi
2439 3623 2622 3676 portas
2652 3605 2820 3677 899
2855 3604 3013 3659 inferi
3059 3603 3196 3658 varii
3225 3602 3432 3656 omnis-

1880 3719 1981 3772 que
2029 3703 2240 3770 generis
2283 3702 2584 3765 cruciatus,
2631 3700 2723 3767 qui
2767 3699 2831 3752 ad
2882 3695 3088 3752 inferos
3117 3704 3169 3748 et
3216 3703 3445 3749 mortem

1882 3796 2106 3849 trudunt
2133 3805 2186 3847 et
2210 3792 2566 3864 prtecipitant,
2587 3789 2922 3860 appellavit),
2950 3804 3140 3844 rursus
3165 3786 3450 3856 impuden-

1883 3898 1961 3941 ter
1991 3886 2231 3940 tentandi
2264 3883 2504 3954 postulat
2549 3882 2887 3936 facultatem.
2925 3880 3044 3946 Qua
3077 3887 3320 3948 accepta,
3355 3878 3450 3932 de-

1883 3978 2036 4031 leCtis
2067 3977 2323 4044 deinceps
2352 3976 2499 4030 oumi
2545 3974 2824 4042 impietate
2876 3970 3067 4040 plenis,
3102 3971 3316 4039 sibique
3339 3983 3449 4023 sae-

1884 4063 2008 4114 vitia
2040 4063 2257 4130 paribus
2289 4062 2689 4124 instrumentis,
2733 4061 2830 4112 hos
2882 4058 3171 4129 praefectos
3211 4069 3261 4113 et
3294 4059 3449 4126 prin-

1883 4155 2029 4222 cipes
2060 4153 2362 4217 constituit,
2391 4168 2598 4222 perque
2624 4167 2717 4208 eos
2753 4150 3059 4205 universale.
3089 4151 3191 4205 hoc
3214 4151 3451 4205 edictum

1883 4246 2098 4299 sancit:
2158 4243 2384 4299 Desinat
2450 4243 2672 4297 Christo
2728 4242 2904 4296 cultus
2960 4241 3205 4296 adhiberi
3250 4240 3455 4300 :idolis

1885 4339 2112 4392 victima:
2149 4337 2315 4402 fiant;
2349 4350 2411 4390 ac
2460 4335 2895 4390 contradicentes
2952 4332 3095 4386 nulla
3125 4332 3454 4402 indulgentia

1883 4430 2029 4483 omni
2057 4428 2441 4497 suppliciorum
2475 4439 2669 4495 genere
2688 4432 2928 4493 pereant.
2962 4421 3097 4476 Hinc
3123 4423 3302 4477 omnis
3321 4434 3456 4477 astas

203 4515 437 4587 ρεσθαι,
500 4515 595 4565 καὶ
649 4511 887 4579 ἀφειδῶς
941 4511 1222 4572 παντοία-ς
1284 4510 1569 4571 κολάσεσιν
1628 4511 1771 4563 ἀναι-

1885 4531 1938 4576 et
1968 4520 2222 4592 dignitas,
2279 4518 2510 4572 masculi
2568 4525 2624 4572 et
2669 4515 2902 4578 feminas,
2941 4513 3033 4582 qui
3061 4513 3262 4568 Christi
3295 4515 3453 4568 fidem

204 4608 422 4678 ρεῖεθαι
459 4606 583 4665 τοὺς
625 4603 1026 4671 ἀντιλέγοντας.
1071 4599 1354 4653 Ἐντεῦθεν
1385 4601 1574 4668 ἡλικία
1613 4606 1784 4667 πᾶσα,

200 4701 300 4751 καὶ
326 4696 476 4760 ἀξία,
498 4696 741 4765 ἀρρένων
758 4711 816 4746 τε
845 4694 936 4746 καὶ
953 4691 1184 4762 θηλύων,
1213 4692 1404 4762 χόρτου
1427 4693 1583 4762 δίκην
1612 4693 1782 4763 ἀσυμ-

204 4790 401 4850 τταθῶς
432 4787 810 4856 κατεθερίςετο
842 4788 950 4838 τῶν
999 4784 1236 4854 Χριστοῦ
1271 4785 1367 4854 τὴν
1399 4785 1581 4838 πίστιν
1627 4785 1786 4855 μέχρι

203 4883 443 4935 θανάτου
479 4882 663 4950 τηρεῖν
707 4877 1154 4950 προαιρουμένων
1197 4876 1471 4948 ἄτρωτον,
1514 4878 1609 4930 καὶ
1639 4879 1786 4930 ἀπα-

203 4973 586 5043 ρεγχείρητον.

282 5082 346 5146 ζ’.
398 5083 522 5136 Κατ’
555 5084 766 5136 ἐκείνου
803 5084 866 5154 δὴ
906 5081 997 5138 οῦν
1033 5085 1246 5154 καιροῦ,
1299 5081 1646 5154 Μαξιμιανοῦ
1685 5082 1780 5136 τοῦ

201 5173 441 5235 ἀσεϐοῦς
475 5174 870 5244 βασιλεύοντος,
903 5178 1324 5247 ἡγεμονεύοντος
1353 5176 1409 5228 δὲ
1438 5175 1782 5247 Μαρκιανοῦ,

201 5267 274 5337 ἦν
301 5286 385 5331 τις
410 5266 708 5337 τοπάρχης,
736 5269 922 5337 φησὶν,
949 5269 1174 5338 ὀνόματι
1198 5269 1510 5340 Διόσκορος,
1532 5267 1784 5332 πλούσιος

205 5360 453 5426 agiagi,
485 5360 735 5428 ἐμμανὴς
767 5360 823 5412 δὲ
863 5359 992 5429 περὶ
1030 5360 1126 5429 τὴν
1153 5360 1260 5412 τῶν
1297 5360 1518 5429 ἀψύχων
1549 5360 1785 5413 εἰδώλων

205 5447 610 5520 προσκύνησιν.
637 5445 804 5515 Οὗτος
835 5453 1119 5521 μονογενὲς
1150 5452 1273 5522 ἔσχε
1300 5453 1612 5522 θυγάτριον,
1646 5454 1787 5523 Βαρ-

281 5628 327 5656 ⁸⁶
359 5625 460 5679 lsa.
498 5642 572 5690 xi,
619 5627 670 5680 9.

749 5628 791 5658 "’
825 5624 924 5681 Job
976 5645 1010 5691 ι,
1059 5629 1111 5680 8.
1217 5629 1262 5657 "
1315 5627 1443 5680 ibid.
1476 5627 1527 5680 9.

291 5781 409 5851 (82)
438 5784 589 5854 Syxt.
621 5783 653 5837 ἃ
683 5783 1078 5850 κατακαλύξαι,
1109 5800 1220 5852 quo:
1255 5783 1414 5849 possit
1443 5785 1662 5848 operire.

1609 5630 1652 5658 "
1689 5627 1815 5680 ibid.

1885 4613 1950 4668 ad
1988 4621 2217 4666 mortem
2280 4624 2452 4678 usque
2503 4606 2869 4663 inviolabilem
2929 4607 3312 4673 sinceramque
3342 4620 3458 4659 ser-

1885 4718 2012 4757 vare
2064 4701 2498 4772 proposuissent,
2556 4700 2700 4754 haud
2749 4713 2911 4756 secus
2981 4713 3047 4754 ac
3095 4695 3278 4756 fenum
3311 4695 3457 4751 nulla

1887 4795 2260 4853 misericordia
2296 4793 2734 4851 demetebantur.

1956 5091 2005 5144 7.
2049 5088 2148 5142 Per
2181 5089 2230 5141 id
2270 5088 2450 5158 itaque
2489 5098 2718 5158 tempus,
2755 5086 3056 5155 imperante
3090 5083 3255 5151 impio
3289 5081 3465 5137 Maxi-

1888 5180 2085 5243 tniano,
2115 5189 2166 5231 et
2199 5176 2471 5231 Marciano
2501 5176 2747 5245 przeside,
2775 5186 2892 5228 erat
2921 5175 3042 5243 quis
3071 5171 3306 5240 regionis
3331 5187 3467 5240 pra:-

1888 5271 2113 5341 positus,
2168 5270 2454 5325 Dioscorus
2501 5269 2737 5334 nomine,
2783 5268 2938 5321 Valde
2985 5267 3152 5330 dives,
3205 5279 3331 5332 erga
3386 5263 3467 5316 in-

1889 5362 2119 5414 animala
2172 5362 2309 5414 idola
2365 5362 2429 5414 ad
2488 5360 2750 5414 insaniant
2803 5359 3047 5413 devotus.
3098 5354 3198 5409 llic
3251 5355 3466 5409 unicam

1889 5463 2204 5523 susceperat
2243 5455 2438 5517 filiam,
2478 5453 2692 5507 nomine
2726 5451 3056 5514 Barbarum,
3093 5447 3308 5518 egregia
3347 5445 3467 5516 pul-

1856 5628 1937 5681 Η.
2017 5628 2058 5658 ⁸⁸
2096 5628 2284 5681 Matth.
2317 5643 2421 5688 xvi,
2464 5626 2549 5679 18.
