4170 6454
173 420 261 481 797
1180 402 1560 468 LAUDA'I‘IO
1595 408 1654 467 S.
1696 406 2063 468 BARBARxE
2103 408 2331 468 MART.

3299 416 3430 477 798‘

173 524 315 591 αὖθις
346 523 547 594 σπουδῇ
576 517 897 592 ὁμολογήσει
930 534 989 570 τε
1020 519 1117 571 καὶ
1148 517 1514 587 ἀνακηρύξειι
1560 514 1727 569 Βαὸαι

1833 518 2100 572 sissimam
2120 516 2431 588 patientiam
2451 516 2668 586 vimque
2690 516 2973 583 tolerandi,
2991 535 3095 590 qua
3112 521 3404 588 diabolum,

176 635 259 672 σου
296 618 392 687 τῆς
422 611 808 684 γενναιοτάτης
844 610 1121 680 ὑπομονῆς
1157 609 1252 661 καὶ
1295 608 1595 677 καρτερίας
1618 624 1632 639 ο
1659 607 1729 661 δι’

172 712 250 781 ἡν,
281 711 372 762 τὸν
408 708 507 778 μὲν
536 705 780 760 διάϐολον
807 702 901 756 καὶ
932 703 1058 765 τοὺς
1085 701 1399 764 ἀποστάτας
1438 700 1604 753 αὑτοῦ
1630 716 1728 753 και

171 799 431 868 τέπληξας
470 798 731 867 δαίμονας
755 836 771 862 ,
811 795 938 857 τοὺς
978 792 1166 861 ἁγίους
1193 792 1252 845 δὲ
1280 792 1547 860 ἀγγέλους
1592 792 1729 862 πρὸς

172 893 350 962 θαῦμα
380 893 472 945 καὶ
499 888 778 958 εὐφημίαν
810 886 1069 955 ὲκίνησας
1090 901 1104 916 ·
1134 885 1200 938 δι’
1242 885 1329 955 ἢν,
1356 885 1452 953 τὴν
1489 885 1587 954 μὲν
1620 884 1729 938 τῶν

173 985 395 1037 εἰδώλων
432 982 640 1049 πλάνην
672 980 747 1042 ὡς
773 978 1018 1047 ἀράχνην
1044 975 1315 1038 διέλυσας,
1349 977 1446 1044 τὴν
1477 975 1653 1045 ἀληθῆ
1672 975 1729 1028 δὲ

174 1074 349 1127 πίστιν
380 1068 683 1142 ὲκράτυνάς
707 1084 767 1120 τε
792 1067 885 1120 καὶ
901 1064 1235 1128 ἐϐεϐαίωσας
1258 1066 1270 1118 l

242 1164 329 1235 ιβ’.
379 1162 670 1233 Ἑωρακὼς
700 1155 792 1213 οὖν
827 1158 888 1211 τὸ
915 1157 1249 1228 ἀμετάθετον
1279 1157 1376 1210 καὶ
1404 1156 1730 1227 καρτερικὸν

169 1257 262 1326 τῆς
296 1256 460 1323 ἁγίας
482 1255 510 1306 ὁ
534 1253 788 1317 δικάζων,
810 1250 1019 1303 κελεύει
1045 1250 1184 1312 τέως
1215 1250 1271 1301 ὲν
1294 1250 1508 1319 φρουρᾷ
1528 1248 1729 1317 ταύτην

171 1347 521 1417 ἐμϐληθῆναι,
554 1346 658 1406 ἕως
688 1343 753 1395 ἂν
777 1341 1045 1410 σκέψηται
1072 1338 1253 1401 ποίαις
1282 1339 1450 1410 αὐτῆς
1480 1339 1730 1407 βασάνοις

170 1433 515 1502 πικροτέραις
554 1429 847 1497 ἐφάψηται.
879 1428 1040 1480 usus:
1072 1429 1138 1497 τῇ
1172 1429 1325 1479 νυκτὶ
1350 1430 1533 1499 ἐκείνῃ
1565 1428 1726 1498 μέσῃ,

170 1524 279 1590 φῶς
314 1524 481 1589 αὐτὴν
519 1520 911 1590 ὑπέρλαμπρον
952 1519 1382 1590 περιήστραψεν,
1427 1521 1483 1572 ὲν
1517 1514 1667 1589 ᾧπερ
1700 1520 1728 1571 ὁ

165 1615 261 1682 τῆς
297 1613 451 1678 δόξης
478 1611 835 1677 κατεφαίνετο
874 1608 1073 1679 Κύριος
1092 1650 1106 1674 ,
1135 1610 1195 1661 τὸ
1221 1611 1525 1662 κατώδυνον
1560 1611 1728 1680 αὐτῆς

166 1706 258 1757 καὶ
292 1704 589 1773 περίλυπον
618 1706 683 1772 τῇ
732 1703 1025 1771 ἐπιφανείὲι
1064 1702 1592 1771 παραμυθούμε’¹⁰ἶ’
1634 1705 1729 1756 καὶ

163 1797 339 1862 λόγοις
371 1796 793 1864 προτρεπτικοῖς
819 1792 1163 1864 θαρσοποιῶν
1187 1792 1322 1863 πρὸς
1352 1794 1569 1860 ἀγῶνας
1602 1795 1728 1857 τοὺς

166 1888 455 1955 μέλλοντας
482 1903 496 1918 ·
534 1906 551 1938 t
589 1886 813 1955 Θάρσει,
844 1885 1038 1952 λέγων,
1071 1884 1351 1955 Βαρϐάρα,
1388 1886 1470 1936 ὅτι
1500 1884 1726 1955 μεγίστη

160 1979 303 2049 χαρὰ
331 1981 387 2031 ὲν
422 1977 635 2047 οὐρανῷ
664 1978 756 2028 καὶ
786 1978 878 2027 ἐπὶ
913 1977 1014 2043 γῆς
1046 1978 1139 2028 ὲπί
1172 1979 1237 2046 τῇ
1277 1980 1341 2047 σῇ
1372 1976 1600 2046 ἀθλήσει
1636 1993 1727 2044 γε·

157 2070 402 2139 νήσεται,
437 2069 549 2129 Tac
594 2068 650 2120 δὲ
696 2067 787 2119 τοῦ
834 2068 1100 2133 τυράννου
1130 2066 1360 2130 ἀπειλάς
1404 2066 1479 2137 μὴ
1515 2068 1679 2136 φοὸοὖ
1710 2105 1725 2131 ,

161 2163 296 2229 μήτε
321 2160 503 2213 δέδιθι.
535 2158 676 2226 Ἐγώ
706 2160 815 2226 γάρ
839 2160 956 2227 εἰμι
992 2158 1129 2227 μετὰ
1162 2159 1279 2222 σοῦ,
1312 2161 1405 2212 καὶ
1428 2158 1617 2212 πασῶν
1642 2176 1724 2212 σοι

157 2252 268 2303 τῶν
327 2250 737 2319 ἐπιφερομένων
784 2248 1009 2317 πληγῶν
1058 2248 1491 2319 ὲκλυτρώσομαι.
1556 2268 1573 2301 ι
1616 2252 1728 2303 Καὶ

156 2340 361 2401 εὐθέως
393 2340 618 2406 ἀφανεῖς
667 2338 724 2389 ai.
775 2338 982 2406 πληγαὶ
1010 2338 1117 2390 ἀπὸ
1156 2337 1249 2390 τοῦ
1281 2340 1449 2408 αὐτῆς
1478 2342 1728 2407 ἐγένοντο

158 2430 435 2500 σώματος.
484 2430 593 2482 Καὶ
632 2427 805 2481 ταῦτα
850 2427 1055 2485 εἰπὼν.
1088 2430 1166 2489 είς
1198 2429 1459 2497 οὐρανοὺς
1503 2425 1660 2492 αὖθις
1700 2431 1729 2481 ὁ

156 2521 269 2572 τῶν
323 2520 564 2589 οὐρανῶν
614 2518 1019 2587 άναπεφοίτηκε
1070 2517 1291 2587 Κύριος.
1348 2519 1633 2589 Ἐγεγήθει
1671 2519 1729 2571 δὲ

159 2613 436 2681 μεγάλως,
470 2612 564 2663 καὶ
594 2611 811 2681 πλήρης
840 2612 1061 2679 γέγονεν
1084 2610 1371 2680 εὐθυμίας,
1407 2612 1500 2664 καὶ
1528 2612 1723 2682 χαρᾶς,

156 2704 256 2755 καὶ
297 2703 670 2769 ἀγαλλιάσεως
703 2704 794 2754 ἐπὶ
822 2706 888 2772 τῇ
926 2701 1020 2755 τοῦ
1048 2702 1286 2773 Χριστοῦ
1340 2707 1622 2773 προτροπῇ
1649 2743 1664 2766 ,
1692 2705 1727 2774 η

155 2793 254 2847 τοῦ
284 2794 518 2863 Χριστοῦ
556 2794 755 2864 γνησία
799 2796 1007 2863 μάρτυς
1036 2811 1094 2845 τε
1127 2795 1220 2846 καὶ
1259 2793 1586 2865 θεράπαινα.
1618 2795 1728 2848 Καὶ

154 2886 386 2946 εἰκότως
422 2885 586 2946 ὅντως
611 2886 655 2937 ὣ
686 2886 820 2954 κόρη
878 2885 1167 2954 τρισόλϐιε,
1204 2886 1502 2954 ὲγέγηθαςι
1550 2887 1582 2956 ὴ
1620 2885 1729 2956 γὰρ

153 2979 257 3043 τῆς
288 2975 636 3046 χαρμοσύνης
665 2974 940 3049 ὑπόθεσις.
970 2976 1104 3045 μόνη
1136 2977 1283 3027 ἐστὶν
1304 2976 1507 3046 ἀληθὴς
1536 2978 1730 3046 εὖφρο’

156 3067 297 3132 σύνη
318 3106 331 3128 ,
362 3066 453 3116 καὶ
483 3064 719 3133 θυμηδία
750 3065 1109 3125 ἀναλλοίωτος
1136 3081 1195 3116 τε
1223 3065 1315 3116 καὶ
1342 3066 1723 3136 ἀναφαίρετος.

1829 608 2241 678 desertoresque
2280 609 2549 663 daemones
2583 611 2699 678 ejus
2738 610 3044 678 perculisti,
3083 626 3148 665 ac
3188 625 3405 667 sanctos

1828 696 2049 765 angelos
2083 700 2147 749 ad
2184 697 2502 751 miraculum
2538 705 2592 750 et
2625 698 2947 765 praeconium
2983 700 3265 766 excitasti,
3299 717 3402 770 qua

1828 788 2237 842 simulacrorum
2272 804 2456 843 errore
2486 802 2684 842 aranea
2717 788 2879 841 veluti
2915 789 3019 843 tela
3050 805 3244 845 everso
3265 831 3278 853 ,
3313 805 3406 845 ve-

1831 895 1943 932 ram
1972 877 2130 931 ﬁdem
2161 879 2493 932 conﬁrmasti
2522 889 2575 932 et
2606 876 2914 933 stabilivisti
2942 879 2956 931 l

1902 1151 1988 1206 12.
2028 1149 2194 1205 Judex
2238 1151 2418 1219 itaque
2456 1151 2770 1206 indomitam
2810 1163 3009 1207 sanctae
3046 1153 3402 1208 constantiam

1828 1255 2076 1303 cernens,
2112 1240 2163 1291 in
2198 1254 2469 1292 carcerem
2501 1253 2620 1291 eam
2651 1239 2846 1308 conjici
2881 1242 3129 1307 imperat,
3163 1241 3287 1292 dum
3324 1240 3405 1291 di-

1828 1332 2093 1397 spexisset
2118 1331 2315 1399 quibus
2345 1330 2487 1384 illam
2516 1332 2798 1385 tormentis
2825 1330 3181 1384 atrocioribus
3206 1346 3402 1398 aggre-

1828 1426 2065 1476 deretur.
2090 1423 2166 1473 Αιι
2191 1423 2363 1475 noctis
2383 1437 2511 1475 vero
2535 1423 2768 1475 medium
2794 1422 2882 1476 lux
2903 1436 3021 1476 eam
3046 1422 3403 1476 rircuml‘ulsit

1827 1512 2285 1581 splendidissima,
2318 1514 2367 1566 iu
2403 1528 2509 1581 qua
2544 1527 2601 1566 se
2636 1512 2895 1568 Dominus
2928 1513 3111 1583 glorise
3144 1522 3400 1582 spectau-

1828 1604 1954 1655 duttl
1988 1600 2264 1668 praebens,
2298 1601 2579 1670 praesentia
2613 1603 2851 1657 dolorem
2890 1603 3196 1672 mitigabat,
3229 1603 3401 1657 lettie-

1828 1694 2030 1762 batqne
2059 1694 2351 1757 tristitiam,
2378 1702 2429 1748 et
2462 1694 2527 1746 ad
2555 1692 2732 1747 futura
2759 1695 3050 1748 certamina
3084 1695 3400 1749 adhortato-

1830 1786 1926 1839 riis
1960 1786 2140 1839 verbis
2180 1786 2473 1839 animabat.
2518 1803 2536 1836 ι
2586 1785 2835 1849 Coutide,
2876 1786 2980 1851 ait,
3025 1784 3291 1850 Barbara,
3334 1802 3398 1841 ex

1762 1851 1805 1911 Β
1831 1876 1983 1943 cujus
2013 1878 2153 1930 lucta
2186 1878 2476 1931 maximum
2507 1877 2559 1931 in
2587 1878 2722 1932 cmlo
2749 1877 3005 1945 gaudium
3036 1878 3108 1930 sit
3138 1878 3400 1942 futurum,

1825 1985 1890 2024 ac
1933 1972 2094 2037 super
2132 1979 2351 2023 terram.
2390 1966 2629 2038 Tyranni
2671 1970 2845 2025 minas
2887 1983 2964 2023 ne
2996 1967 3401 2036 formidaveris,

1828 2079 1927 2117 nec
1958 2064 2221 2115 timueris.
2246 2061 2444 2116 Tecqu
2474 2061 2617 2116 enim
2646 2076 2748 2132 ego
2775 2077 2914 2128 sum,
2948 2073 3103 2133 teque
3132 2064 3201 2118 ab
3231 2064 3407 2117 omni-

1827 2159 1928 2211 bus
1965 2170 2083 2224 qua:
2123 2154 2217 2208 tibi
2262 2153 2560 2208 inferuntur
2614 2153 2785 2223 plagis
2822 2152 3081 2209 liberabo.
3120 2171 3140 2205 ι
3181 2153 3299 2208 Mox
3338 2168 3401 2207 ex

1827 2248 1943 2317 ejus
1978 2259 2203 2314 corpore
2239 2246 2464 2299 vulnera
2499 2253 2833 2299 evanuerunt
2868 2262 2882 2299 :
2922 2245 3109 2313 hisque
3146 2245 3306 2299 dictis
3346 2245 3399 2297 in

1828 2337 2022 2391 coelum
2057 2350 2243 2390 rursus
2269 2333 2526 2389 Dominus
2550 2336 2811 2389 caelorum
2839 2335 3014 2388 rediit.
3039 2334 3198 2403 Atqui
3228 2334 3400 2389 laetata

1828 2427 2117 2494 plurimum
2143 2437 2225 2480 est
2252 2442 2376 2479 vera
2403 2425 2602 2479 Christi
2633 2434 2840 2495 martyr
2862 2435 2915 2477 ct
2940 2424 3133 2479 ancilla
3150 2440 3223 2485 ,ea
3250 2425 3405 2480 Chri-

1827 2520 1895 2570 sti
1938 2518 2344 2583 cohortatione,
2392 2532 2455 2571 ac
2491 2516 2831 2586 jucunditate
2871 2515 3073 2578 animi,
3118 2516 3313 2584 gaudio
3354 2525 3408 2568 et

1826 2608 2187 2662 exsultatione
2215 2609 2434 2675 repleta.
2460 2609 2536 2661 Ac
2563 2608 2759 2661 merito
2784 2606 2949 2674 plane
2974 2607 3156 2674 gavisa
3183 2620 3261 2669 es,
3290 2607 3409 2659 bea-

1830 2702 2035 2757 tissima
2078 2702 2273 2768 puella.
2309 2700 2503 2754 Gaudii
2542 2700 2739 2768 quippe
2774 2699 2939 2763 ratio,
2980 2713 3105 2751 vera
3147 2700 3408 2751 duntattat

1827 2791 2115 2844 oblectatio
2146 2800 2249 2852 est,
2282 2789 2555 2858 animique
2578 2786 2891 2855 iucunditas
2922 2785 3321 2839 iudemutabilis
3352 2795 3408 2839 et

1831 2881 2174 2936 inviolabilis.
2198 2882 2242 2934 υ
2267 2895 2390 2935 vere
2417 2881 2600 2933 beatos
2622 2876 2805 2930 oculos
2832 2885 2969 2938 tuos.
2997 2877 3087 2944 qui
3119 2876 3406 2929 Dominum

1828 2972 2011 3041 gloria:
2050 2973 2233 3026 videre
2274 2977 2607 3034 meruerunt,
2655 2968 2707 3021 in
2750 2982 2911 3037 quem
2953 2968 3240 3021 Cherubim
3282 2982 3408 3020 ocuo

1829 3064 2001 3133 lisque
2024 3063 2163 3132 pleni
2188 3062 2406 3116 ordines
2431 3060 2600 3115 aciem
2632 3060 2793 3127 {igere
2822 3073 2926 3112 non
2956 3058 3187 3113 audent!
3222 3072 3253 3110 ο
3282 3072 3409 3110 vere

158 3157 226 3205 Ὤ
263 3154 547 3222 μακαρίων
606 3171 698 3205 σου
734 3154 808 3216 ὡς
839 3154 1052 3223 άληθῶς
1081 3156 1361 3223 ὀμμάτων,
1393 3157 1485 3209 τὸν
1512 3158 1611 3225 τῆς
1642 3157 1727 3211 δό-

1831 3156 2013 3209 beatas
2041 3169 2227 3217 aures,
2253 3168 2371 3222 quae
2396 3154 2681 3206 verborum
2707 3149 2800 3204 Dei
2826 3164 3019 3205 sonum
3043 3148 3402 3217 exceperunt!

154 3246 259 3311 ξης
291 3242 490 3310 Κύριον
525 3243 651 3294 ἰδεῖν
688 3240 1025 3311 ἠξιωμένων,
1069 3236 1111 3308 ᾧ
1142 3243 1384 3295 ἀτενίσαι
1421 3245 1479 3296 οὐ
1515 3244 1726 3309 τολμῶ-

155 3350 248 3384 σιν
293 3336 351 3384 ἐν
388 3332 599 3403 οὐρανῷ
637 3334 703 3384 τά
747 3331 1062 3401 Χερουϐὶμ,
1106 3333 1200 3384 καὶ
1247 3333 1315 3385 τά
1364 3335 1727 3403 πολυόμματα

150 3425 448 3491 τάγματαί
514 3424 576 3473 Ὢ
612 3422 912 3475 πανολϐίων
946 3423 1101 3475 ὢτων
1124 3463 1137 3487 ,
1168 3423 1277 3475 τῶν
1324 3425 1465 3493 ἠχὴν
1492 3424 1601 3475 τῶν
1629 3425 1724 3477 τοῦ

150 3516 295 3569 Θεςιῦ
337 3516 593 3585 ῥημάτων
618 3514 1067 3582 είσδεδεγμένωνί
1101 3514 1146 3566 ὦ
1187 3516 1363 3583 ψυχῆς
1388 3516 1723 3583 άξιαγάστου

154 3608 259 3659 καὶ
283 3605 746 3675 τρισευδαίμονος,
781 3606 847 3673 ἣν
887 3608 1222 3675 προτροπαίς
1254 3607 1456 3657 οἰκείου
1481 3624 1728 3677 παρεμυο

152 3698 368 3765 Θήσατο
398 3695 664 3763 στόματος
693 3735 707 3755 ,
736 3696 764 3746 ὁ
786 3694 1055 3763 οὐρανίων
1082 3696 1176 3747 καὶ
1202 3696 1481 3762 ἐπιγείων,
1510 3699 1601 3749 καί
1626 3715 1728 3749 κα-

148 3787 455 3856 ταχθονίων
482 3785 781 3849 δεσπόζων,
810 3786 901 3837 καὶ
926 3785 1056 3847 Θεὸς
1084 3786 1264 3853 πάσης
1293 3787 1725 3856 παρακλήσεωςί

153 3882 233 3933 Σὺ
274 3878 366 3930 καὶ
393 3880 449 3929 ὲν
479 3879 643 3947 σαρκὶ
675 3874 829 3938 οὖσα,
880 3877 973 3929 τὸν
1007 3878 1303 3947 ἀρραϐῶνα
1329 3880 1426 3946 τῆς
1452 3880 1731 3947 βασιλείας

146 3972 268 4024 τῶν
293 3968 557 4038 οὐρανῶν,
584 3970 615 4021 ἡ
646 3968 737 4020 τοῦ
760 3966 993 4037 Χριστοῦ
1020 3967 1229 4036 νύμφη,
1262 3969 1337 4031 ὡς
1370 3971 1465 4037 τῆς
1494 3971 1617 4039 ὅλης
1636 3988 1729 4024 σου

146 4060 389 4130 προικὸς
429 4062 728 4126 ἐμφάνειαν
755 4056 983 4119 δέδεξαι.
1028 4057 1128 4108 Δια
1170 4057 1321 4109 toi-n2
1354 4059 1462 4111 τῶν
1509 4060 1603 4128 μὲν
1634 4062 1729 4111 ἀλ-

144 4150 361 4219 γεινῶν
388 4150 484 4218 τὴν
506 4150 728 4218 πεῖραν,
759 4147 833 4209 ὡς
868 4148 1075 4218 νηπίων
1112 4147 1263 4217 βέλη,
1292 4149 1327 4217 ἢ
1351 4149 1568 4217 ψύλλων
1598 4150 1726 4220 δηγο

147 4244 297 4311 μοὺς
346 4241 551 4309 ἥγησαι
589 4238 683 4291 καὶ
734 4236 1009 4305 λελόγισαι
1037 4253 1050 4266 ο
1094 4236 1172 4306 τῷ
1221 4238 1277 4291 δὲ
1316 4237 1408 4290 τοῦ
1474 4239 1730 4307 φανέντος

141 4335 327 4401 ἔρωτι
360 4330 643 4399 θελχθείσα
667 4370 679 4389 ,
729 4329 826 4381 καὶ
872 4328 970 4397 τὴν
996 4328 1175 4397 ψυχὴν
1214 4328 1599 4398 στερῤωθεῖσα,
1638 4331 1731 4394 Τίς

138 4440 248 4491 με,
272 4422 478 4487 ἔλεγες,
507 4421 747 4489 χωρίσει
772 4420 887 4473 ἀπὸ
908 4418 1018 4486 τῆς
1043 4420 1278 4485 tiu-dang-
1302 4419 1407 4472 τοῦ
1434 4421 1730 4488 Χριστοῦ;

1827 3262 1860 3301 o
1882 3248 2233 3299 admiratione
2256 3246 2471 3313 dignam
2495 3244 2753 3306 animam,
2776 3252 2963 3311 terque
2985 3241 3223 3304 felicem,
3244 3256 3405 3308 quam

1824 3342 1936 3394 oris
1956 3338 2038 3393 sui
2061 3337 2485 3392 adhortameutis
2506 3335 2595 3389 ille
2616 3336 2818 3389 solatus
2838 3341 2941 3396 est,
2960 3331 3052 3401 qui
3076 3332 3404 3395 caelestium,

1829 3429 2161 3483 terrestrium
2189 3437 2238 3481 et
2272 3426 2605 3482 iuferuorum
2633 3436 2715 3480 est
2747 3424 3024 3485 Dominus,
3054 3437 3119 3476 ac
3156 3424 3296 3477 Deus
3328 3433 3410 3477 to-

1829 3522 1932 3574 tius
1964 3519 2352 3575 consolationis
2376 3518 2455 3571 ”!
2495 3516 2573 3571 Tu
2607 3517 2774 3579 enim,
2810 3529 2932 3569 cum
2968 3514 3143 3568 adhuc
3174 3528 3395 3567 carnem

1827 3623 2087 3681 gestares,
2107 3611 2253 3679 regni
2272 3612 2529 3665 caelorum
2553 3609 2934 3671 arrhabouem,
2958 3606 3163 3661 Christi
3188 3619 3407 3673 sponsa,

1831 3712 2089 3770 tauquam
2124 3704 2287 3755 totius
2318 3702 2460 3756 dotis
2490 3701 2764 3770 specimen
2797 3700 3078 3767 accepisti.
3110 3698 3266 3753 Unde
3295 3697 3409 3751 illa-

1833 3804 1913 3848 tos
1958 3794 2048 3848 tihi
2095 3795 2383 3856 cruciatus,
2438 3792 2780 3858 parvulorum
2844 3790 3003 3844 veluti
3049 3792 3275 3860 sagittas
3317 3797 3410 3843 aut

1830 3881 2062 3950 pulicum
2089 3894 2296 3932 mersus
2317 3879 2707 3948 contempsisti,
2736 3888 2899 3946 atque
2924 3878 3066 3932 illius
3086 3893 3243 3946 quem
3272 3891 3408 3929 ccu-

1834 3973 2079 4038 spexisti,
2111 3985 2295 4023 amore
2326 3980 2502 4038 Capta,
2532 3970 2787 4023 etanimo
2812 3971 3062 4022 roborata
3095 3986 3110 4023 :
3141 3969 3270 4032 Quis
3303 3984 3403 4030 me,

1829 4062 2012 4113 aiebas
2032 4100 2043 4119 ,
2078 4061 2339 4125 srparabit
2368 4078 2399 4112 a
2427 4060 2688 4112 cltaritate
2714 4058 2955 4114 Christi?
2988 4058 3304 4111 tribulatio?
3336 4074 3404 4110 an

1830 4150 2115 4216 angustia?
2143 4150 2303 4203 Certa
2340 4150 2475 4202 enim
2519 4164 2663 4210 sum,
2697 4149 2837 4209 quod
2874 4164 3035 4217 neque
3069 4148 3209 4209 rita,
3246 4163 3408 4213 neque

1830 4258 1993 4303 mors,
2025 4256 2185 4309 neque
2218 4239 2455 4308 angelus,
2488 4255 2651 4309 neque
2684 4239 2962 4303 instantia,
2996 4254 3158 4305 neque
3191 4236 3402 4303 futura.

1832 4346 1993 4399 neque
2017 4332 2123 4383 alia
2147 4339 2391 4384 creatura
2440 4328 2625 4396 poterit
2676 4343 2757 4381 me
2796 4344 3040 4394 separare
3083 4344 3114 4380 a
3156 4327 3407 4379 cltaritate

1831 4421 2032 4475 Christi
2054 4423 2115 4474 ³⁸.

142 4514 264 4567 017
270 4516 410 4579 giae;
446 4514 483 4578 ἢ
516 4511 923 4578 στενοχωρείι;
981 4509 1017 4575 ἡ
1046 4511 1255 4577 λιμός;
1286 4510 1322 4576 ἢ
1360 4510 1657 4578 διωγμόςς
1705 4511 1742 4580 ἣ
1801 4513 2127 4582 μάστιγες;
2168 4512 2205 4578 ἢ
2263 4512 2566 4576 κίνδυνοι;
2616 4511 2937 4579 πέπεισμαι
3017 4509 3165 4579 γὰρ,
3203 4510 3280 4573 ὡς
3335 4510 3405 4560 οὐ

139 4606 301 4672 ζωὴ,
325 4608 395 4658 οὺ
420 4604 698 4667 θάνατος.
726 4606 837 4657 οὐκ
862 4604 1134 4671 ἅγγελος.
1173 4605 1284 4656 οὐκ
1307 4603 1625 4671 ἐνεστῶτα,
1657 4609 1730 4659 οὐ
1757 4602 2081 4677 μέλλοντά,
2114 4608 2248 4659 οὔτε
2296 4623 2385 4670 τις
2435 4602 2835 4669 satiata-crepa,
2893 4600 3003 4668 τῆς
3022 4600 3126 4653 τοῦ
3150 4600 3405 4665 Klio-toﬁ

128 4714 227 4767 με
268 4695 505 4763 ἀγάπης
524 4697 770 4762 χωρίσαι
801 4694 1148 4762 δυνήσεται.

231 4793 329 4855 ιγ’.
364 4787 582 4855 [ιρωῖας
614 4780 707 4837 οὖν
730 4785 1028 4853 γενομένης
1056 4823 1071 4847 ,
1099 4785 1237 4856 1ίγχθη
1267 4786 1401 4856 πρὸς
1428 4785 1488 4837 τὸ
1516 4786 1668 4857 βῆμα
1692 4791 1726 4858 ὴ

1906 4783 1991 4836 i3.
2034 4780 2190 4833 Mane
2235 4780 2397 4846 igitur
2444 4780 2607 4842 iacto,
2645 4778 2867 4846 jubeule
2907 4779 3156 4846 prtesidu,
3203 4796 3407 4852 martyr

139 4879 399 4949 μάρτυς,
426 4871 522 4925 τοῦ
556 4873 813 4942 ἄρχοντος
841 4872 999 4924 τοῦτο
1028 4874 1448 4941 προστάξαντος.
1472 4877 1581 4928 Καὶ
1608 4875 1728 4929 ἰδὼν

134 4967 336 5033 αὐτῆς
368 4965 494 5026 τοὺς
536 4963 813 5032 μώλωπας
841 4964 1086 5031 ἀφανεῖς,
1114 4963 1208 5015 καὶ
1238 4964 1300 5016 τὸ
1331 4965 1488 5035 σῶμα
1508 4966 1731 5038 ὁλόκλη-

139 5078 250 5132 ρον
290 5058 385 5110 καὶ
415 5056 693 5125 ἀκέραιον,
723 5055 859 5125 μήτε
887 5054 947 5107 τὸ
984 5054 1145 5123 τυχὸν
1174 5054 1295 5124 ἕχον
1335 5058 1640 5128 σπάραγμα
1660 5098 1674 5123 ,
1700 5060 1729 5112 ὁ

132 5150 558 5221 φρενοϐλαϐὴς,
592 5148 745 5219 φησὶ,
804 5147 898 5199 καὶ
929 5147 1316 5217 φρενόληπτος,
1355 5167 1373 5200 ι
1420 5150 1554 5213 Ἴδες
1611 5151 1727 5214 πῶς

124 5245 197 5297 οἱ
233 5243 352 5294 θεοὶ
383 5239 802 5299 ἀντιποιοῦνται,
837 5239 929 5291 καὶ
954 5238 1240 5302 άγαπῶσίν
1272 5257 1351 5304 σε,
1386 5242 1465 5294 ὅτι
1501 5243 1593 5295 καὶ
1624 5245 1725 5308 τὰς

123 5332 379 5401 πληγάς
418 5346 510 5382 σου
552 5329 789 5382 ίάσαντο.
840 5346 859 5377 ι
918 5327 983 5379 Ἦ
1020 5327 1077 5379 δὲ
1124 5326 1334 5397 μάρτυς
1384 5333 1482 5397 τῆς
1516 5332 1726 5385 ἐκείνου

121 5418 583 5485 καταγελάσασα
606 5414 1027 5485 παραφροσύνης
1058 5416 1151 5468 καὶ
1177 5416 1598 5487 ἐμϐροντησίας,
1635 5424 1729 5475 καὶ

122 5508 546 5579 παραπληξίας
591 5504 1058 5575 ἀνταπεκρίνατο·
1124 5524 1141 5556 ι
1204 5507 1267 5558 Οἱ
1332 5509 1430 5578 μὲν
1491 5512 1573 5563 σοὶ
1620 5511 1731 5565 θεοὶ

115 5601 334 5673 ὅμοιοί
374 5602 466 5653 σού
505 5602 632 5665 εἰσι,
668 5600 841 5666 κωφοὶ
888 5598 980 5651 καὶ
1019 5600 1226 5667 τυφλοὶ,
1258 5602 1353 5654 καὶ
1388 5603 1724 5669 άναίσθτιτοι,

226 5783 270 5813 η
310 5781 349 5834 ιι
400 5779 520 5834 ρον,
574 5792 606 5841 ι³
654 5778 704 5831 3.
782 5778 825 5806 ³⁵
880 5775 1035 5828 [ἰδίη.
1086 5792 1199 5841 γιιι,
1238 5777 1325 5842 55,
1356 5780 1421 5832 58

1833 4875 1897 4925 ad
1938 4869 2170 4924 tribunal
2210 4873 2367 4923 ducta
2408 4878 2509 4923 est.
2547 4868 2712 4936 Cujus
2754 4869 2807 4922 in
2848 4884 3105 4936 corpore,
3148 4885 3267 4922 cum
3308 4888 3406 4925 nec

1831 4964 2107 5031 plagarum
2140 4971 2357 5013 exstare
2387 4959 2632 5025 vestigia,
2660 4959 2754 5010 sed
2785 4960 3053 5026 integrum
3088 4958 3215 5010 illud
3244 4959 3404 5030 903

1828 5062 1880 5106 et
1913 5054 2165 5112 illaesum,
2198 5050 2288 5104 ille
2319 5049 2516 5103 mentis
2551 5050 2736 5116 inops,
2769 5063 2862 5101 seu
2898 5057 3077 5102 mente
3111 5061 3296 5115 captus
3326 5056 3407 5103 vi-

1830 5144 2014 5202 disset,
2047 5159 2065 5191 ι
2096 5142 2289 5206 Vides,
2347 5140 2446 5203 ait,
2479 5140 2746 5207 quomodo
2777 5138 2873 5192 tibi
2906 5140 2977 5191 dii
3010 5155 3163 5205 opem
3196 5140 3401 5207 ferant,

1826 5253 1888 5290 ac
1921 5246 1969 5289 te
2001 5237 2255 5305 diligant;
2287 5236 2484 5304 quippe
2515 5235 2603 5298 qui
2634 5233 2855 5287 vulnera
2892 5243 2978 5287 tua
3010 5235 3341 5289 sanaverint.
3380 5254 3398 5286 ι

1825 5331 1902 5382 Ad
1945 5343 2103 5398 quem
2147 5340 2371 5398 martyr,
2410 5326 2505 5379 viri
2547 5327 2873 5380 dementiam
2917 5326 3249 5393 nimiumque
3289 5337 3404 5379 stu-

1826 5438 2008 5490 porem
2045 5423 2316 5485 derideus,
2355 5440 2374 5471 ι
2414 5420 2493 5475 Dii
2536 5422 2632 5487 tui,
2667 5422 2860 5489 inquit,
2898 5419 2972 5472 tui
3010 5420 3216 5472 similes
3251 5432 3401 5483 situt,

1824 5516 1971 5567 surdi
2005 5530 2067 5567 ac
2101 5516 2227 5569 (ιαιοί
2261 5534 2275 5568 :
2309 5514 2595 5584 omnisque
2628 5527 2820 5567 sensus
2850 5520 2906 5566 et
2941 5521 3120 5564 motus
3153 5522 3403 5578 expertes

1824 5622 1943 5659 cum
1975 5607 2111 5671 siut,
2142 5608 2242 5662 sibi
2274 5607 2371 5675 ipsi
2400 5606 2650 5662 auxiliari
2684 5620 2788 5658 non
2819 5602 3018 5658 valent.
3051 5602 3280 5668 Quinam
3318 5618 3404 5659 tuo
