4170 6454
136 497 229 549 ἐπὶ
279 491 555 559 θαλάσσης
619 486 1008 555 περιπατήσας
1057 486 1132 547 ὡς
1196 490 1281 539 ἐπ’
1312 489 1563 556 ἐδάφους,
1615 493 1708 545 καὶ
1740 500 1780 553 Α

136 586 258 644 τοὺς
282 580 445 640 πόδας
476 578 552 648 μὴ
585 576 814 647 βρέξας·
843 576 871 626 6
902 577 1232 645 ἐπιτιμήσας
1263 578 1338 645 τῷ
1378 578 1564 648 ἀνέμῳ
1615 578 1709 632 καὶ

133 678 200 745 τῇ
229 672 488 741 Θαλάσσῃ,
514 670 608 721 καὶ
628 669 709 730 είς
736 666 976 737 γαλήνην
1005 666 1361 735 μεταϐαλὼν
1394 668 1570 722 πάντα
1598 670 1708 741 γὰρ

135 732 416 825 ὑπακούει,
449 759 618 828 Κύριέ
652 774 751 827 μου
788 758 960 826 Ἰησου
988 757 1210 826 Χριστέ,
1238 756 1316 825 τῷ
1349 758 1427 825 σῷ
1466 763 1706 826 προστά-

132 869 324 923 γματι,
380 852 459 902 ὅτι
517 846 800 917 ποιήματά
855 846 948 898 σού
979 847 1165 907 ἐστιν’
1218 847 1511 916 Παράσχου
1591 865 1705 918 μοι,

132 945 328 1015 Κύριε,
366 942 462 1011 τὴν
492 940 707 1009 αἴτησιν
756 938 984 1006 ταύτην,
1030 939 1125 990 καὶ
1176 938 1264 1000 δὸς
1286 942 1351 1008 τῇ
1415 939 1577 1012 δούλῃ
1611 957 1704 992 σου

132 1036 312 1106 χάριν,
343 1034 430 1085 ἶνα
458 1035 603 1092 Ξστις
638 1030 950 1099 μνημονεύῃ
1005 1046 1107 1098 μου
1150 1030 1209 1080 ἐν
1244 1029 1320 1098 τῷ
1346 1030 1573 1129 ὀνόματί
1611 1049 1705 1129 σου

132 1124 210 1193 τῷ
236 1122 397 1191 ἁγίῳ,
460 1117 553 1171 καὶ
614 1120 741 1187 ποιῇ
801 1118 901 1184 τὴν
941 1118 1163 1185 μνήμην
1201 1118 1308 1168 τῶν
1335 1118 1562 1188 ἡμερῶν
1606 1137 1709 1215 της

136 1212 445 1281 μαρτυρίας
480 1224 601 1275 μου,
632 1206 824 1273 Κύριε,
878 1203 953 1274 μὴ
1275 1204 1383 1254 τῶν
1413 1203 1699 1307 ἁμαρτά-δν

132 1302 313 1353 αὐτῶν
350 1300 406 1350 ἐν
444 1298 629 1367 ἡμέρα
682 1295 941 1363 κρίσεως,
975 1294 1089 1346 ἀλλ’
1121 1296 1278 1355 ἵλεως
1311 1294 1468 1361 γενοῦ
1499 1294 1702 1356 αὐτοῖς.

132 1391 428 1452 Γινώσκεις
463 1390 594 1457 γὰρ,
646 1386 842 1455 Κύριε,
894 1386 978 1437 ὃτι
1032 1383 1171 1455 σὰρξ
1202 1387 1297 1436 καὶ
1347 1380 1486 1453 αἷμά
1516 1387 1705 1455 ἐσμεν,

130 1485 346 1551 ποίημα
364 1482 470 1532 τῶν
496 1478 785 1549 ἀχράντων
814 1476 1016 1546 χειρῶν
1039 1492 1155 1529 σου.
1192 1494 1210 1526 ι
1243 1476 1349 1530 Καὶ
1382 1477 1709 1546 ἀναπεμψάε

128 1591 232 1643 σης
262 1571 430 1638 αὐτῆς
464 1570 543 1632 τὸ,
595 1567 801 1636 Ἀμὴν,
834 1566 996 1620 πάλιν
1031 1566 1397 1637 προσηύξατο,
1433 1568 1666 1634 λέγουσα
1688 1583 1702 1597 ο

131 1682 151 1714 ι
194 1663 367 1732 Κύριε
391 1665 419 1713 6
448 1660 579 1722 Θεὸς
602 1659 907 1727 δυνάμεων,
931 1659 959 1709 ὁ
991 1658 1170 1726 πάσης
1197 1660 1362 1727 πνοῆς
1393 1659 1488 1711 καὶ⁵
1506 1660 1706 1729 σαρκὸς

122 1752 481 1824 δημιουργὸς,
527 1753 554 1803 6
590 1749 881 1820 ἰασάμενος
937 1753 1118 1803 πᾶσαν
1162 1751 1335 1815 νόσον,
1390 1751 1481 1804 καὶ
1526 1752 1706 1804 πᾶσαν

126 1844 429 1913 μαλακίαν,
483 1842 766 1913 παράσχου
797 1845 864 1911 τῇ
900 1842 1061 1911 δούλῃ
1096 1858 1190 1894 σου
1239 1844 1421 1913 χάριν,
1476 1843 1564 1896 ῖνα
1593 1844 1708 1897 ὅσοι
1743 1842 1784 1898 Β
1816 1862 1922 1917 tur,

120 1940 195 1990 ἂν
257 1932 628 2005 προσέλθωσιν
680 1933 758 2002 τῷ
803 1934 958 2003 τόπῳ
998 1932 1123 1985 ἔνθα
1175 1934 1236 1985 τὸ
1295 1933 1543 2001 λείψανόν
1600 1953 1701 2004 μου

119 2029 438 2091 ἀπόκειται,
474 2028 570 2078 καὶ
608 2025 713 2076 είσὶ
745 2024 812 2076 τὰ
862 2026 1174 2093 ἡγιασμένοι
1225 2024 1414 2088 ὕδατα,
1458 2025 1703 2098 δώρησαι

117 2122 311 2179 αὐτοῖς
343 2120 485 2171 ἴασιν
509 2115 686 2184 ψυχῆς
719 2118 812 2167 καὶ
844 2115 1117 2183 σώματος.
1168 2117 1253 2169 ἵναι
1283 2117 1375 2170 καί
1407 2120 1465 2169 ὲν
1493 2117 1704 2181 τούτοις

116 2207 417 2276 δοξάζηται
455 2208 514 2258 τὸ
553 2206 820 2272 πανάγιον
872 2204 1046 2274 ὄνομά
1092 2223 1207 2270 σου,
1242 2208 1356 2275 ἅμα
1391 2206 1471 2274 τῷ
1530 2208 1703 2277 Πατρὶ

118 2299 329 2368 καὶτῷ
375 2300 514 2368 ἁγίῳ
564 2296 861 2366 Πνεύμστι.
899 2314 916 2347 ι
957 2298 1067 2348 Καὶ
1102 2298 1504 2368 ἀναπεμψάσης
1532 2299 1705 2368 αὐτῆς

111 2390 202 2449 τὸ,
242 2387 450 2454 Ἀμὴν,
487 2388 703 2454 ἐγένετο
736 2384 890 2455 φωνὴ
927 2388 987 2437 ἐκ
1039 2384 1131 2436 τοῦ
1156 2387 1412 2454 ούρανοῦ,
1448 2388 1702 2455 λέγουσα·

122 2497 141 2527 ι
190 2482 384 2547 Δευρο,
424 2475 732 2547 ἡγιασμένη
800 2494 902 2545 μου
941 2475 1271 2544 ἁοληφόρος,
1310 2476 1592 2530 ἀναπαύου
1624 2480 1704 2541 είς

112 2570 190 2619 τε
223 2571 445 2638 ταμιεῖα
476 2568 567 2620 τοῦ
599 2568 812 2636 Πατρός
847 2584 950 2636 μου
986 2566 1081 2619 τοῦ
1122 2568 1179 2618 ἐν
1204 2569 1474 2639 οὐρανοῖς.
1516 2571 1704 2623 Πάντα

109 2660 175 2713 δὲ
215 2663 318 2711 ὅσα
350 2660 413 2711 ἂν
432 2660 635 2729 ᾐτήσω,
690 2658 995 2729 δεδώρηταί
1046 2676 1128 2711 σοι
1170 2663 1298 2733 παρ’
1332 2662 1490 2731 ἐμοῦ.
1530 2680 1549 2713 ι
1594 2665 1702 2716 Καὶ

111 2750 303 2803 ταῦτα
354 2752 637 2804 ἀκούσασα
675 2752 707 2819 ἡ
744 2751 989 2819 μακαρία
1029 2752 1241 2821 μάρτυς
1294 2754 1389 2805 τοῦ
1442 2754 1702 2826 Χριστοῦ,

110 2840 291 2911 ἦλθεν
329 2846 419 2896 ἐπὶ
465 2844 557 2896 τὸν
595 2843 779 2907 τόπον,
820 2845 913 2895 καὶ
966 2844 1262 2915 ἀπετμήθη
1300 2844 1400 2915 τὴν
1458 2849 1702 2919 κεφαλὴν

108 2934 234 2986 ὑπὸ
260 2935 355 2987 τοῦ
391 2936 578 3004 ξίφους
605 2934 698 2987 τοῦ
728 2935 932 3005 πατρὸς
956 2937 1146 3007 αὐτῆς,
1182 2939 1276 2989 σὺν
1308 2942 1371 3006 τῇ
1414 2940 1542 3010 ἁγίᾳ
1568 2942 1702 2993 Ἰου-

1150 382 1532 441 LAUDATIO
1570 385 1628 444 S.
1672 386 2041 446 ΒΑΠΒΑΗλΕ
2076 391 2301 455 MART.

1809 495 1995 548 tinctis
2016 496 2239 563 pedibus
2265 501 2549 559 ambulasti
2575 504 2648 537 δ”
2677 525 2692 562 :
2717 511 2806 579 qui
2840 512 3133 585 increpasti
3160 531 3376 576 ventum

1811 594 1866 639 ct
1894 601 2060 652 mare,
2086 598 2138 643 et
2164 589 2217 642 in
2250 596 2594 662 tranquillum
2627 604 2844 656 mutasti
2870 604 3136 677 “(omnia
3160 612 3376 681 quippe,

1810 674 2034 731 Domine
2059 680 2129 734 mi
2160 679 2288 736 Jesu
2316 682 2550 754 Christe,
2574 702 2842 764 praecepto
2866 674 3232 768 obtemperant
3255 674 3374 767 1.1.;

1809 770 1933 835 quia
1970 780 2017 824 te
2037 784 2257 828 auctore
2278 777 2491 832 condita
2510 791 2677 852 sunt),
2701 790 2879 852 praebe
2910 790 3037 842 mihi
3064 793 3375 859 petitionem

1812 856 1970 921 hanc,
2007 861 2243 928 Domine,
2281 875 2335 919 et
2367 867 2430 920 da
2461 871 2665 925 ancilla-
2698 886 2800 928 tua:
2837 881 3100 947 gratiam,
3134 894 3191 936 ut
3230 887 3376 954 quis-

1809 949 1928 1015 quis
1959 954 2058 1003 mei
2094 954 2145 1004 in
2175 966 2362 1009 sancto
2386 960 2601 1015 nomine
2647 974 2738 1017 tuo
2781 971 3122 1038 meminerit,
3168 978 3379 1045 meique

1810 1039 2055 1106 martyrii
2088 1041 2294 1096 dierum
2323 1050 2635 1103 memoriam
2659 1056 2845 1121 egerit,
2870 1067 2946 1121 tu,
2980 1060 3220 1127 Domine,
3249 1082 3376 1136 pec-

1808 1138 2050 1181 catorum
2100 1132 2215 1198 ejus
2257 1149 2361 1187 non
2397 1142 2764 1199 reminiscaris
2799 1148 2853 1201 in
2884 1150 2971 1204 die
2996 1153 3185 1218 judicii
3212 1197 3227 1223 ,
3280 1158 3375 1213 sed

1806 1218 1854 1269 ei
1882 1221 2147 1288 propitius
2172 1222 2287 1278 tias.
2320 1224 2439 1282 Scis
2455 1231 2802 1308 euim,906
2837 1239 3078 1309 Domine,
3098 1248 3220 1315 quia
3246 1263 3376 1304 caro

1807 1318 1863 1362 et
1907 1313 2126 1379 sanguis
2175 1330 2394 1382 sumus,
2448 1334 2581 1388 opus
2623 1326 3066 1388 intaminatarum
3123 1354 3376 1397 manuum

1810 1406 2043 1455 tuarum.
2071 1421 2088 1453 ι
2128 1404 2552 1478 Sulnnissoque,
2590 1415 2789 1484 Amen,
2843 1422 3037 1479 iterum
3081 1431 3259 1483 oravit
3292 1431 3379 1485 di-

1809 1506 1938 1546 cens
1970 1533 1983 1545 .
2042 1512 2060 1546 ι
2100 1495 2324 1552 Domine
2376 1500 2517 1558 Deus
2567 1506 2823 1565 virtutum
2856 1550 2872 1578 ,
2906 1514 3062 1572 ﬂatus
3102 1523 3279 1576 omnis
3328 1534 3381 1578 et

1807 1584 1986 1636 carnis
2014 1586 2296 1651 conditor,
2347 1594 2436 1660 qui
2486 1589 2735 1652 morbum
2782 1615 2997 1659 omnem
3058 1622 3384 1681 omnemque

1808 1672 2119 1744 languorem
2145 1682 2344 1734 sanasti
2364 1681 2430 1746 δ’,
2451 1690 2629 1754 praebe
2645 1692 2851 1749 ancilla:
2870 1706 2973 1750 tua:
2992 1701 3218 1767 gratiam
3243 1704 3384 1757 hanc

1810 1772 1869 1816 ut
1902 1766 2085 1819 eunCIi
2106 1806 2120 1828 ,
2148 1769 2237 1836 qui
2269 1770 2371 1826 huc
2406 1773 2510 1828 loci
2547 1778 2634 1832 ubi
2663 1782 2902 1851 reliquiae
2929 1766 3061 1841 mem
3100 1792 3381 1860 deponen-

1953 1866 2185 1925 suutque
2211 1863 2499 1919 sanctitate
2526 1870 2793 1926 salutares
2822 1890 2995 1945 aqum,
3031 1883 3296 1947 venerint,
3332 1896 3383 1938 te

1817 1945 2123 2014 indulgente
2148 1989 2163 2015 ,
2193 1954 2355 2008 animi
2402 1966 2457 2012 et
2501 1964 2745 2030 corporis
2774 1970 3059 2026 sanitatem
3096 1976 3379 2044 recipiant,

1815 2047 1873 2091 ut
1909 2039 1960 2091 in
1998 2042 2081 2095 bis
2113 2058 2325 2112 quoque
2362 2048 2693 2117 gloriﬁcetur
2735 2060 3135 2118 sanctissimum
3187 2039 3381 2122 nomen

1814 2139 1959 2183 tuum
1981 2170 1998 2195 ,
2035 2150 2137 2186 una
2184 2151 2306 2190 cum
2338 2138 2496 2195 Patre
2520 2155 2574 2198 et
2600 2146 2800 2215 Spiritu
2850 2165 3056 2209 sancto.
3089 2176 3108 2209 ο
3149 2159 3225 2211 Ac
3254 2161 3379 2214 sub-

1804 2220 1972 2289 jecto,
2014 2224 2199 2289 Amen,
2240 2228 2376 2283 facta
2402 2247 2503 2285 vox
2531 2247 2611 2290 est
2643 2240 2709 2291 de
2737 2241 2874 2295 (ιαιΙο
2908 2246 3131 2301 dicens:
3174 2266 3193 2299 ι
3230 2248 3382 2316 \‘eni,

1810 2323 1995 2365 sancta
2029 2331 2144 2369 mea
2181 2320 2397 2389 victrix,
2429 2328 2707 2396 requiesce
2736 2332 2788 2385 in
2813 2332 2988 2391 Patris
3014 2341 3116 2393 mei
3146 2344 3381 2398 cmlestis

1812 2402 2083 2458 thalamis.
2126 2408 2254 2473 Qua:
2303 2418 2627 2484 postulasti,
2687 2426 2865 2478 omnia
2922 2442 2951 2480 a
2990 2444 3073 2484 me
3124 2447 3381 2488 concessa

1811 2504 1956 2550 snnt.
1989 2515 2010 2549 ι
2048 2500 2252 2564 Quibus
2289 2508 2490 2561 auditis
2534 2512 2688 2566 beata
2714 2513 2916 2571 Christi
2968 2533 3171 2593 martyr
3210 2528 3274 2578 ad
3306 2528 3372 2583 lo-

1810 2599 1931 2639 cum
1964 2593 2152 2656 venit,
2198 2594 2557 2669 abscissisque
2606 2614 2829 2673 paterno
2882 2624 3010 2665 ense
3059 2619 3379 2685 cervicibus,

1808 2691 1930 2730 cum
1976 2693 2160 2737 sancta
2214 2684 2423 2742 Juliana
2478 2696 2665 2748 eodem
2710 2696 2827 2753 loco
2870 2703 3081 2759 cecidit.
3129 2707 3380 2766 Dioscoru

1808 2779 1986 2821 autem
2018 2785 2167 2838 patro
2198 2774 2312 2842 ejus
2341 2794 2371 2831 c
2401 2792 2580 2836 monte
2608 2786 2987 2856 descendente,
3016 2796 3152 2862 ignis
3180 2813 3209 2851 e
3244 2804 3378 2853 rcelo

1806 2860 2002 2913 cecidit
2033 2863 2219 2933 sicque
2245 2883 2415 2935 Ipsmn
2448 2873 2749 2944 devoravit,
2770 2889 2825 2933 ut
2857 2896 2923 2936 ne
2955 2884 3133 2939 favilla
3163 2891 3376 2958 quidem

1806 2962 2111 3019 appareret,
2153 2967 2245 3010 aut
2282 2975 2613 3019 occurreret.

106 3028 281 3096 λιανῆ
310 3028 369 3079 ἐν
400 3027 476 3096 τῷ
498 3025 847 3095 αὑτῴτόπῳ.
882 3027 1300 3097 Κατερχομένου
1330 3029 1695 3100 δέΔιοσκόρου
1736 3035 1828 3089 τοῦ
1853 3044 2058 3112 πατρὶς
2082 3046 2249 3117 αὐτῆς
2271 3050 2379 3104 ἀπὸ
2442 3054 2537 3106 τοῦ
2573 3056 2755 3126 ὅρους,
2829 3062 2937 3135 πῦρ
2967 3065 3161 3122 ἔπεσεν
3194 3072 3258 3127 ἐκ
3281 3073 3376 3129 τοῦ

151 3118 164 3131 .
236 3133 258 3135 η
302 3116 352 3135 ,-
836 3133 842 3135 .
880 3116 991 3135 κν.-.
1116 3117 1140 3132 .-
1334 3119 1347 3135 ι
1486 3121 1499 3135 ς
1636 3123 1653 3131 -
1820 3129 1831 3135 ι
1938 3132 1949 3135 -

800 3084 812 3095 .
1036 3084 1048 3097 .
1070 3084 1101 3097 ..
1138 3084 1151 3097 .
1601 3084 1611 3100 .
1750 3084 1824 3089 -η
1858 3084 2054 3112 --κη-η,
2082 3084 2245 3117 ..-μμ
2271 3084 2379 3104 ...ην

101 3084 377 3186 οὐρανοῦ,
406 3084 500 3168 καὶ
527 3117 843 3184 κατέφαγεν
871 3116 1054 3181 αὐτὸν,
1106 3117 1246 3169 ὥστε
1280 3119 1418 3188 μήτε
1452 3121 1541 3173 τὸν
1566 3123 1694 3190 χοῦν
1734 3129 2037 3198 φαίνεσθαι,
2071 3139 2103 3208 ἢ
2130 3143 2440 3212 εὑρεθῆναι,

186 3216 286 3278 ιη’·
323 3211 496 3264 Καλὸν
529 3210 605 3271 ὡς
626 3211 840 3279 ἀληθῶς
865 3215 929 3285 τῇ
965 3212 1188 3284 ἀθλήσει
1218 3214 1278 3267 τὸ
1311 3216 1463 3279 τέλος
1491 3221 1521 3284 ἡ
1556 3219 1696 3293 μάρ-
1727 3234 1771 3297 c

94 3325 211 3369 τυς
254 3306 555 3359 ἑπέθειγεν.
593 3306 772 3376 Εὒχὴν
810 3308 922 3379 γὰρ
952 3308 1061 3360 τῶν
1091 3308 1270 3362 ἄθλων
1316 3312 1373 3363 ὲν
1403 3313 1480 3381 τῷ
1506 3314 1700 3383 πύργῳ

96 3398 461 3469 προσάξασα,
496 3398 661 3468 εὐχήν
691 3398 905 3461 τούτοις
933 3401 1026 3451 καὶ
1050 3400 1148 3469 τὴν
1179 3403 1443 3473 κορωνίδα
1471 3405 1698 3475 ἐνέστη-

91 3509 227 3543 σεν.
282 3489 377 3542 Tir
413 3490 469 3541 δὲ
502 3493 598 3558 τῆ’
630 3490 945 3559 προσευχῆς
974 3492 1006 3560 ἡ
1041 3490 1270 3561 δύναμις
1297 3509 1309 3521 ’
1337 3495 1580 3563 ᾐτήσατο
1609 3498 1700 3550 τὸν

89 3581 252 3633 ῐδιον
286 3582 517 3648 νυμφίον
551 3580 802 3650 Χριστὸν,
854 3581 1013 3633 ﬂeam)
1058 3585 1169 3645 τοῖς
1223 3584 1393 3654 αὐτῆς
1425 3604 1524 3656 την
1564 3591 1699 3660 μνή-

85 3690 227 3741 μην
263 3670 598 3723 ἐπιτελοῦσιν
616 3671 890 3739 γενέσθαι,
917 3673 1027 3724 τῶν
1076 3674 1175 3743 μὲν
1203 3675 1698 3748 πλημμελημάτων

80 3766 208 3835 τὴν
241 3764 462 3828 ἄφεσιν,
499 3762 607 3814 τῶν
640 3764 695 3816 δὲ
740 3764 1063 3833 νοσημάτων
1088 3766 1184 3836 τὴν
1230 3768 1396 3822 ἴασιν.
1438 3771 1494 3822 '0
1522 3771 1578 3823 δὲ
1600 3773 1697 3841 τήν

81 3855 334 3908 ἱκεσίαν
367 3855 683 3923 δεξάμενος,
720 3856 797 3917 είς
841 3857 1016 3924 πέρας
1046 3856 1199 3923 ἄγειν
1230 3859 1567 3928 ὑπισχνεῖται
1596 3864 1695 3932 τήν

74 3950 326 4014 ἔφεσιν,
351 3948 441 3997 καὶ
460 3944 527 3997 δι’
554 3945 760 4008 οἰκείας
790 3948 970 4015 φωνή,
990 3946 1193 4017 ταύτην
1222 3948 1576 4019 πληροφορεῖ,
1601 3952 1695 4005 xal.

71 4042 345 4107 παοέγει
370 4039 463 4108 τήν
484 4038 761 4090 πίστωσιν.
781 4040 888 4089 Καὶ
916 4040 947 4107 ἡ
973 4039 1181 4107 μὲντδν
1210 4041 1411 4109 αύχενα
1437 4043 1515 4113 τῷ
1539 4044 1683 4113 ξίφει

67 4132 396 4199 ελοψύχως
425 4132 735 4199 προέτεινεν
757 4146 769 4158 ·
808 4132 835 4181 6
876 4129 931 4181 δὲ
977 4132 1328 4196 τεκνοκτόνος
1358 4136 1562 4207 πατὴρ,
1593 4136 1691 4206 τὴν

64 4221 329 4291 πληγὴν
352 4221 709 4289 ἀσπλάγχνως
728 4222 1025 4290 ἐπήγαγεν.
1048 4223 1156 4273 Καὶ
1187 4225 1217 4291 ἡ
1255 4225 1354 4292 μὲν
1377 4227 1510 4295 πρὸς
1533 4228 1695 4298 ούρα-

61 4337 91 4367 ν
110 4317 260 4373 ίους
311 4313 529 4379 δόμους,
556 4314 647 4363 καὶ
680 4313 1125 4382 ηὑτρεπισμένην
1148 4315 1529 4385 ἐδορυφορεῐτο
1556 4319 1690 4373 ἀνά-

57 4427 203 4463 παυ
218 4424 334 4467 σιν,
364 4408 391 4458 6
416 4406 494 4471 δὲ,
515 4407 592 4467 εἰς
612 4405 738 4475 ᾆδου
766 4408 1073 4476 ταρτάρους
1106 4410 1337 4476 μυχοὺς,
1366 4410 1461 4461 καὶ
1482 4410 1690 4481 ζοφερὰ

54 4517 201 4567 ταμ
217 4499 355 4561 ιεῖα,
376 4499 466 4548 καὶ
489 4497 566 4556 είς
588 4497 996 4566 ἡτοιμασμένην
1021 4501 1293 4567 κατήγετο
1315 4502 1556 4556 κόλασιν.
1578 4504 1686 4556 Καὶ

47 4549 271 4660 ὴ-εἷιὲν
302 4549 568 4653 ἀγγέλους
594 4549 738 4654 ἑῖχεῖ.
756 4549 1020 4655 φαιιδροιὺς
1044 4549 1414 4657 ποδησγοῦντας
1436 4592 1572 4661 πρὸς
1586 4592 1683 4663 τὴν
1718 4586 1759 4638 D

45 4686 89 4735 ἀ
109 4678 396 4740 ιὰὅασιν,
441 4678 470 4729 ὁ
493 4676 572 4736 δὲ,
600 4676 863 4745 δαίμονας
890 4679 1133 4747 ἀμειδεῖς
1163 4696 1227 4732 τε
1273 4682 1369 4733 καὶ
1394 4683 1679 4753 φοϐεροὺς,

41 4775 365 4829 ἕλκοντας
378 4767 647 4828 ἀκουσίως
668 4768 803 4836 πρὸς
825 4768 923 4838 τὴν
940 4770 1264 4824 κατάϐασιν.
1290 4772 1353 4825 Ὠ
1377 4773 1489 4835 πῶς
1512 4774 1576 4826 ἄν
1599 4791 1683 4836 τις

36 4863 269 4926 ἀξίως
301 4856 644 4928 θρηνήσειεν,
666 4856 925 4911 πανάθλιε
949 4863 1038 4913 καὶ
1067 4861 1418 4933 ταλαίπωρει
1448 4864 1563 4927 πῶς
1583 4868 1681 4918 οὐκ

33 4952 336 5025 ἔφριξας
350 4948 447 5019 τὴν
462 4949 624 5019 ἁγίαν
652 4950 946 5021 ἀποτεμεῖν
972 4953 1069 5024 τῆς
1102 4954 1378 5025 μάρτυρος
1398 4956 1641 5027 κεφαλήν
1661 4958 1673 5010 l

30 5047 193 5106 πῶς
262 5055 369 5091 σου
418 5040 451 5110 ἡ
503 5039 626 5109 χεὶρ
666 5040 767 5094 οὐκ
816 5041 1148 5113 ἐνάρκησιν,
1194 5046 1258 5114 τῇ
1299 5045 1407 5116 ἰδίᾳ
1443 5045 1675 5118 θυγατρὶ

27 5128 459 5201 ἀναιρετικὴν
486 5129 792 5197 ἀπενέγκαι
818 5133 995 5201 τομήν
1022 5150 1038 5197 ;
1076 5134 1214 5187 Ἀλλ’
1244 5134 1411 5198 ὄντως
1438 5138 1675 5207 ταχυτά-

21 5244 158 5296 την
214 5217 504 5287 ἀνηλεοῦς
540 5219 942 5289 ἀπανθρωπίας
987 5222 1234 5293 ἐκομίσω
1274 5226 1342 5278 τὰ
1392 5226 1673 5297 ἐπίχειρα,

22 5319 149 5373 καὶ
218 5309 359 5363 τῶν
413 5309 670 5380 πονηρῶν
723 5313 1057 5383 σπερμάτων
1107 5315 1443 5387 πονηρότερα
1464 5317 1675 5387 ἐδρέψω

19 5410 106 5463 τὰ
136 5401 500 5474 δράγματα,
553 5400 649 5453 καὶ
685 5402 717 5471 ἡ
761 5401 856 5454 τοῦ
900 5402 1163 5472 προδότου
1218 5422 1276 5456 σε
1346 5406 1513 5460 Ἰούδα
1544 5407 1672 5471 ἀξία

20 5490 372 5573 μετῆλθεν
392 5489 692 5559 ἐκδίκησις.
710 5493 963 5563 Σκηπτδς
988 5494 1096 5566 γὰρ
1120 5495 1411 5566 οὐρανόθεν
1433 5500 1670 5568 ἐνεχθεὶς

19 5579 386 5660 κεραυνὸς,
427 5579 589 5649 σῶμά
629 5596 721 5633 σου
759 5583 822 5635 τὸ
855 5585 1050 5656 μικρὸν
1088 5585 1460 5658 ἐξετέφρωσεν
1492 5590 1674 5643 καὶτὸ

1874 3230 1959 3287 18.
2001 3231 2284 3308 Egregium
2323 3240 2480 3310 plane
2516 3245 2671 3300 linem
2713 3253 2991 3305 certamini
3044 3268 3246 3329 martyr
3278 3261 3348 3315 im

1801 3325 1998 3389 posuit.
2042 3328 2174 3381 Cum
2222 3336 2364 3385 enim
2419 3336 2469 3388 in
2526 3341 2659 3393 turri
2719 3357 2931 3411 posita,
2977 3348 3133 3403 luctze
3186 3366 3373 3422 preces

1801 3418 2172 3481 pra-misisset.
2225 3424 2271 3478 ei
2304 3441 2516 3497 quoque
2568 3447 2757 3499 preces
2802 3441 3109 3495 coronidem
3160 3450 3369 3502 statuit.

1800 3509 2053 3573 Quamnam
2092 3529 2221 3571 vero
2270 3520 2351 3573 vis
2398 3525 2723 3590 precationis
2760 3527 2902 3583 fut?
2953 3532 3218 3590 Swonsun
3281 3556 3369 3594 ro-

1798 3606 2056 3675 gavit,'ut
2091 3610 2406 3665 memoriam
2446 3613 2613 3682 ipsius
2654 3619 3056 3681 celebrantibus
3103 3630 3371 3699 propitius

1800 3694 1958 3757 roret,
1988 3697 2178 3752 delicta
2212 3704 2543 3772 remitteret,
2578 3710 2794 3764 morbos
2826 3728 3061 3772 sanaret.
3105 3719 3197 3774 Ille
3219 3763 3234 3787 ,
3270 3726 3368 3778 ad-

1798 3782 1958 3835 missa
1995 3787 2401 3858 supplicatione,
2435 3807 2679 3851 votorum
2710 3816 3013 3872 compotem
3048 3809 3219 3876 ipsam
3250 3811 3367 3869 fore

1796 3875 2097 3941 pollicetur,
2134 3897 2337 3947 suaque
2370 3888 2532 3953 ipsius
2565 3905 2695 3945 voce
2728 3896 3015 3951 certiorem
3056 3899 3216 3968 facit,
3249 3907 3368 3958 dut-

1795 3980 1899 4032 que
1931 3971 2300 4026 securitatem.
2344 3975 2423 4029 Ac
2468 3981 2680 4045 quidem
2729 3994 2838 4037 toto
2874 3988 3054 4043 animo
3099 3998 3365 4050 cervicem

1792 4054 1972 4120 gladio
2013 4058 2162 4124 virgo
2208 4067 2482 4127 protendit
2511 4106 2527 4130 ,
2574 4071 2812 4125 carnifex
2863 4090 2992 4130 vero
3046 4095 3155 4135 sum
3203 4090 3368 4153 prolis

1793 4154 1946 4212 pater
1973 4147 2189 4203 immani
2236 4150 2454 4209 feritate
2490 4157 2651 4211 ictum
2682 4162 2877 4231 adegit.
2920 4166 3094 4236 Atque
3124 4147 3214 4225 illa
3242 4180 3364 4245 qui-

1793 4234 1913 4286 dem
1946 4238 2010 4288 ad
2034 4240 2280 4295 caelestes
2320 4245 2506 4299 domos
2542 4258 2595 4300 et
2625 4249 2939 4307 adornatam
2971 4263 3208 4329 requiem
3240 4281 3361 4319 eum

1791 4342 1981 4395 pompa
2008 4332 2373 4387 deducebatur
2401 4353 2414 4401 ;
2448 4337 2534 4391 hic
2566 4354 2744 4394 autem
2776 4346 2840 4396 ad
2874 4357 3136 4405 tartareus
3168 4356 3359 4410 inferni

1788 4418 1939 4472 sinus
1971 4422 2305 4493 obscuraque
2347 4426 2460 4481 loca
2504 4441 2553 4483 ct
2600 4444 2845 4498 paratum
2892 4441 3206 4507 supplicium
3242 4458 3359 4499 tru-

1790 4508 2026 4562 debatur.
2060 4512 2149 4565 Illa
2177 4516 2394 4585 angelus
2417 4520 2645 4575 habebat
2680 4524 2825 4580 lmtns
2858 4530 2921 4579 ad
2952 4547 3231 4587 ascensum
3261 4541 3360 4590 du-

1789 4614 1879 4653 ces
1895 4618 1906 4652 :
1925 4601 2309 4660 hietetricusos
2332 4614 2739 4682 tremendosque
2759 4616 3027 4673 darmones
3049 4624 3113 4674 ad
3132 4627 3325 4681 descen
3342 4658 3357 4668 -

1788 4704 1903 4741 smn
1932 4692 2093 4745 invite
2126 4696 2418 4752 trahentes.
2443 4697 2488 4753 0
2518 4706 2782 4767 quomodo
2809 4708 2928 4773 quis
2959 4710 3116 4779 digne
3138 4713 3349 4779 deﬂeat,

1792 4779 2158 4839 infelicissimo
2178 4803 2241 4841 ac
2269 4790 2623 4846 miserabilis!
2649 4796 2925 4859 Quomodo
2951 4815 3053 4854 non
3078 4803 3353 4873 hnrruisti,

1790 4882 1845 4922 ut
1868 4882 2108 4926 sanctam
2141 4880 2397 4947 martyris
2417 4882 2681 4937 cervicem
2709 4887 3056 4944 abscinderes
3081 4894 3094 4946 ί
3120 4893 3352 4959 Quomo-

1786 4962 1856 5017 do
1890 4979 1995 5017 non
2034 4966 2308 5036 obtorpuit
2336 4974 2578 5037 dextera,
2632 4990 2700 5030 ne
2769 4977 2890 5032 lilia:
2949 4985 3176 5049 propria:
3215 4985 3354 5041 leta-

1782 5052 1887 5108 lem
1941 5057 2106 5112 ictum
2158 5058 2437 5118 inferres?
2504 5065 2700 5120 Verum
2775 5068 3107 5126 celerrimum
3177 5080 3351 5156 reip~a

1782 5146 2085 5201 mercedem
2144 5151 2368 5208 immitis
2415 5155 2827 5212 inhumanitatis
2871 5165 3205 5229 reportasti,
3245 5150 3348 5221 ini-

1781 5251 2118 5309 quorumque
2157 5246 2421 5299 seminum
2468 5248 2755 5317 nequiores
2805 5251 3103 5321 manipulos
3143 5262 3347 5327 carpsi-

1782 5339 1884 5392 su,
1936 5338 2096 5399 teque
2131 5330 2284 5388 Iudae
2315 5352 2346 5405 p
2380 5337 2524 5391 od'to
2562 5340 2573 5351 '
2638 5341 2798 5408 digna
2825 5343 3059 5396 vindicta
3094 5347 3336 5402 insecuta

1781 5427 1881 5470 est.
1925 5418 1965 5471 E
2003 5421 2141 5476 cmlo
2174 5424 2317 5478 enim
2346 5427 2611 5482 demissus
2639 5427 2875 5485 fulminis
2912 5446 3136 5497 cuneus,
3168 5437 3343 5503 itttlttt-

1782 5522 1899 5559 rum
1948 5526 2145 5581 corpus
2185 5524 2335 5569 tuum
2387 5517 2439 5571 in
2494 5519 2705 5575 favillas
2763 5525 3011 5593 redegit:
3046 5540 3203 5596 atque
3258 5535 3344 5585 hic

1781 5598 1997 5664 quidem
2040 5612 2090 5658 te
2115 5605 2479 5663 Sodomiticus
2519 5609 2656 5681 ignis
2692 5610 2834 5668 l‘eriit
2862 5656 2877 5681 ,
2911 5616 3017 5671 illic
3044 5628 3221 5672 autem
3252 5636 3345 5691 ge-

107 5774 197 5805 δτο
240 5761 452 5819 Matth.
478 5776 597 5822 Vttl.
628 5762 809 5817 23-27.
880 5764 926 5795 “
959 5763 1090 5820 Luc.
1117 5780 1230 5833 vm,
1263 5766 1455 5821 22-25.
1534 5770 1579 5802 “
1620 5769 1809 5829 Matth.
1848 5789 1923 5848 tv,
1953 5780 2037 5836 εδ.
