4170 6454
185 457 275 515 δθθ

182 567 259 620 καὶ
290 564 548 637 ὕμνησαν,
582 568 632 620 οἱ
673 568 727 621 δέ
757 568 1008 640 δαίμονες
1036 609 1049 634 ,
1081 571 1181 640 τὴν
1216 572 1314 639 σὴν
1352 571 1622 640 ὑμνῳδίαν
1665 587 1723 623 τε
1754 575 1798 630 Λ

183 659 264 710 καὶ
291 657 533 709 ἔνστασιν
586 657 849 728 ἔφριξαν,
902 661 994 712 καὶ
1043 659 1322 730 αἰσχύνην,
1381 661 1473 712 καὶ
1525 660 1726 723 ὅνειδος

181 749 370 802 αίὼνιον
399 749 762 818 ὴμφιάσαντο.
806 751 894 813 Ὠς
928 751 990 803 τὸ
1018 749 1249 822 θηλυκὸν
1280 751 1373 804 καὶ
1418 753 1726 819 γυναικεῖον

178 841 322 910 φύλον
359 841 850 909 ἐγκαλλωπίζεται,
897 843 991 896 καὶ
1039 842 1402 913 σεμνύνεται,
1450 843 1544 895 καὶ
1590 841 1726 914 πρὸς

177 933 435 1005 εὐανδρίαν
471 936 582 997 τοῖς
617 938 727 1005 ᾳοῖς
765 935 947 998 ἄθλοις
993 936 1432 1005 Θαρσοποιεῖται,
1490 935 1585 988 καὶ
1623 935 1724 986 ἐπ-

178 1025 467 1092 αλείφεταιι
510 1026 597 1079 Ἐν
628 1025 710 1078 σοὶ
755 1027 1081 1097 προσφόρως
1124 1029 1156 1098 η
1194 1028 1493 1097 προμὴτωρ
1525 1028 1727 1094 ἐγκαυ-

176 1118 339 1186 χίται,
379 1119 470 1170 καὶ
499 1118 756 1188 γέγηθεν,
787 1121 861 1180 ὡς
898 1118 1190 1188 θυγάτριον
1216 1117 1539 1187 κτησαμένη
1565 1158 1579 1182 ,
1638 1116 1727 1170 τὸν

177 1207 372 1278 ἐκείνην
409 1209 896 1263 καταπαλαίσαντα
927 1209 1223 1262 ἀντίπαλον
1253 1209 1523 1280 δράκοντα
1573 1205 1730 1274 αὖθις

175 1298 556 1359 ἀναπαλαῖσαν.
583 1299 677 1352 καὶ
712 1300 1043 1369 ἀνατρέψαν.
1086 1299 1179 1352 καὶ
1218 1299 1316 1369 τὴν
1341 1299 1498 1368 νίκην
1526 1300 1730 1352 ἀνακα-

174 1388 475 1457 λεσάμενον,
524 1391 617 1443 καὶ
656 1391 885 1460 λαμπρὰ
931 1389 1051 1444 κατ’
1081 1390 1244 1443 αὐτοῦ
1280 1391 1557 1460 ἀράμενον
1601 1390 1731 1460 τρό-

175 1479 394 1531 παια.Σὲ
421 1481 452 1549 ἡ
477 1479 584 1530 τῶν
639 1481 807 1547 ἁγίων
840 1480 968 1547 ἁγία
991 1479 1251 1542 Θεοτόκος
1275 1480 1368 1532 καὶ
1405 1481 1731 1550 προμήτωρ,

175 1569 424 1639 παρθένος
454 1572 549 1622 καὶ
574 1571 894 1641 Θεομήτωρ,
927 1573 959 1641 ἡ
993 1573 1050 1623 τὸ
1073 1571 1207 1641 Θῆλυ
1239 1571 1509 1641 μὲνγένος
1540 1569 1730 1642 πρώτη

174 1660 264 1714 καὶ
287 1660 413 1731 μόνη
440 1661 710 1725 δοξάσασα
731 1703 744 1726 ,
777 1663 994 1715 πάντων
1015 1663 1072 1714 δέ
1099 1663 1345 1733 ἀρρένων
1374 1663 1466 1714 καὶ
1498 1661 1730 1732 θηλύων,

172 1751 422 1820 οὐρανίων
451 1770 507 1804 τε
542 1753 635 1804 καὶ
680 1754 942 1821 ἐπιγείων
973 1754 1281 1807 ἁνάσσουσα
1307 1794 1322 1820 9
1369 1753 1444 1816 ὡς
1476 1752 1567 1806 τοῦ
1599 1754 1735 1807 πάν’

171 1859 273 1894 των
302 1842 649 1906 δεσπόζοντος
679 1844 863 1914 μήτηρ
899 1843 1289 1915 χρηματίσασα
1310 1884 1324 1907 ,
1351 1843 1408 1896 ἐν
1439 1843 1733 1912 γυναικείῳ

173 1931 262 1983 καὶ
293 1933 553 2004 μειρακίῳ
585 1933 822 2004 σαρκίῳ,
857 1937 947 1988 τὸν
989 1937 1070 2000 εἰς
1095 1936 1161 1989 τὰ
1192 1937 1408 2007 ἄμετρα
1445 1938 1734 2008 καυχώμε·
1765 1914 1806 1969 Β

171 2039 275 2087 νον,
303 2025 388 2078 καὶ
418 2025 516 2094 τὴν
545 2025 820 2078 θάλασσαν
850 2027 1176 2098 ἐξαλείφειν,
1211 2032 1305 2083 καὶ
1335 2033 1431 2100 τὴν
1477 2028 1734 2100 οἰκουμέ-

171 2137 266 2189 νην
295 2118 364 2181 ὡς
397 2119 578 2173 νοσιᾶν
610 2121 1066 2191 περιδράττεσθαι
1106 2124 1528 2194 φρυαττόμενόν,
1570 2139 1738 2176 κατα-

171 2207 428 2262 ϐαλοῦσιν
463 2210 645 2263 ἰδοῦσα
667 2252 681 2275 ,
715 2217 808 2264 καὶ
858 2215 1200 2284 κατακράτος
1246 2216 1730 2283 καταπατήσασαν.

172 2297 278 2350 Καὶ
305 2301 418 2362 ταῖς
469 2301 690 2367 ἀρεταῖς
737 2302 1067 2371 τερφθεῐσα,
1100 2303 1328 2368 ὠλέναις
1362 2304 1732 2375 προλαϐοῦσα,

169 2389 387 2458 πλησίον
417 2393 636 2445 ἐκάθισε
683 2395 778 2446 καὶ
806 2394 1151 2464 καθίδρυσεν,
1199 2397 1294 2448 καὶ
1335 2397 1432 2466 τῆς
1475 2397 1737 2449 ἀνωτάτω

165 2481 329 2549 τιμῆς
359 2483 448 2534 καὶ
480 2483 794 2554 παρρησίας
842 2486 1170 2554 μετέδωκεν,
1203 2487 1297 2539 καὶ
1347 2487 1423 2557 τῷ
1469 2485 1736 2556 βασιλικῷ

167 2569 335 2642 θρόνῳ
361 2573 674 2642 ἐνεφάνισεν
712 2576 804 2628 καὶ
835 2575 1203 2646 παρέστησεν.

236 2757 336 2803 κα’.
372 2751 548 2816 Ἀπας
590 2748 682 2806 οὖν
726 2754 817 2805 ἐπὶ
851 2753 930 2805 σοὶ
953 2753 1105 2822 λόγος
1129 2755 1568 2823 ἐγκωμιαστικὸς
1609 2773 1736 2808 κατι

165 2843 624 2914 ευγλωττισμένος
659 2845 751 2896 καλ¹
778 2845 1031 2915 περιττὸς
1088 2847 1328 2917 ἱλιγγιᾷ,
1359 2849 1453 2900 καὶ
1486 2847 1735 2910 δεδοικὼς

166 2933 476 3001 προσιέναι,
532 2934 897 2988 συστέλλεται.
977 2934 1199 3005 ’Υμνεῖν
1261 2936 1369 3007 γὰρ
1443 2937 1735 3006 προσφυῶς

163 3022 430 3092 ἀδρανὴς,
481 3023 828 3094 πανύμνητε,
884 3027 977 3079 καί⁹
1032 3025 1341 3094 ἀξιέπαινε,
1389 3027 1454 3080 ἂν
1503 3029 1587 3098 εἴη
1631 3029 1737 3080 τῶν

163 3116 504 3183 ἀξιαγάστων
543 3133 637 3168 σου
676 3116 886 3186 ἀρετῶν
918 3115 987 3168 τὰ
1016 3116 1272 3186 ὑπερφυῆ
1324 3119 1732 3188 προτερήματα.

159 3205 337 3275 Τέχνη
367 3205 464 3274 μὲν
487 3205 595 3275 γὰρ
627 3206 921 3275 ῥητορικῆς
953 3207 1283 3273 εὐγλωττίας
1305 3249 1318 3268 ,
1343 3207 1410 3257 δι’
1438 3207 1737 3277 εὐστρόφου
1767 3246 1808 3299 C

159 3295 422 3367 ῥημάτων
463 3295 772 3365 συνθήκης,
805 3296 900 3347 καὶ
931 3294 1387 3365 κεκομψευμένης
1420 3295 1510 3347 καὶ
1542 3313 1737 3366 τροχα·

155 3386 260 3456 λῆς
304 3388 686 3458 πειθανότητος
735 3387 928 3450 καλλος
974 3388 1286 3458 σωματικὸν
1330 3391 1594 3453 ἐπαινεῖν,
1645 3392 1741 3442 καὶ

158 3475 433 3546 σαρκικὴν
491 3475 835 3546 ὡραιότητα,
889 3475 1010 3544 ἥτις
1052 3477 1116 3528 ἐκ
1171 3475 1350 3545 μελῶν
1401 3477 1740 3547 συμμετρίας

156 3567 282 3635 μετ’
313 3566 563 3637 εὐχροίας
599 3567 944 3636 συνέστησεν.
988 3566 1129 3638 Πρὸς
1169 3567 1224 3620 δὲ
1265 3567 1355 3620 καὶ
1389 3567 1578 3638 ῥώμην
1610 3569 1740 3620 πολ-

148 3656 342 3720 λάκις,
391 3657 688 3710 εὐπάθειάν
736 3675 796 3709 τε
842 3659 937 3710 καὶ
977 3657 1175 3727 θνητῆς
1210 3658 1490 3726 εὐγενείας
1543 3658 1740 3729 σεμνό-

148 3765 327 3818 τητα,
359 3749 656 3818 περιφανές
687 3766 776 3814 τε,
810 3751 857 3801 εί
897 3749 1047 3817 τύχοι
1075 3790 1090 3814 ,
1131 3749 1378 3818 ἀξίωμα,
1431 3750 1522 3801 καὶ
1552 3749 1613 3802 τὸ
1645 3751 1740 3818 τῆς

148 3838 422 3908 πατρίδος
460 3841 752 3909 ἐπίσημον,
796 3841 886 3894 καὶ
926 3839 1162 3892 πλούτου
1197 3840 1479 3908 δαψιλείαν
1513 3841 1741 3910 ῥέουσαν

140 3943 216 3981 τε
250 3929 344 3980 καὶ
376 3929 807 3994 ὀλισθαίνουσαν,
861 3932 956 3982 καὶ
989 3931 1232 4001 εὐχερῶς
1272 3932 1737 3999 μεταπίπτουσαν.

140 4019 341 4089 Ἀπερ
389 4019 504 4088 ἅμα
569 4021 1055 4090 συνδεδραμηκότα
1101 4021 1178 4090 τῷ
1221 4021 1366 4090 λόγῳ
1422 4021 1741 4074 ὑποκεῖσθαι

139 4107 298 4178 πρὸς
341 4109 642 4179 εὐφημίαν,
682 4111 1043 4180 δυσπόριστόν
1085 4128 1143 4163 τε
1176 4111 1271 4162 καὶ
1313 4111 1739 4180 ἐργωδέστατόν·

131 4199 300 4272 πλὴν
332 4200 551 4254 ἃπαντα
579 4202 679 4254 ὅσα
704 4203 823 4255 κατ’
849 4198 989 4266 εἶδος
1015 4204 1042 4254 ὁ
1074 4203 1229 4272 λόγος
1260 4203 1614 4268 διεστείλατο,
1649 4204 1742 4255 καὶ

130 4292 472 4356 κατέλεξεν,
508 4293 584 4356 ὡς
615 4293 774 4358 ἄνθος
806 4294 1000 4364 χόρτου
1037 4295 1436 4364 μαραινόμενον
1464 4294 1560 4346 καὶ
1594 4290 1744 4362 φῦει-

131 4385 412 4456 ρόμενον,
449 4385 542 4437 καὶ
575 4385 650 4447 ὡς
685 4386 937 4454 χρηστῶν
970 4385 1196 4455 ὀνείρων
1236 4385 1488 4456 ἀπατηλὴ
1519 4385 1611 4437 καὶ
1638 4402 1740 4451 φα-

126 4472 454 4543 σματὼδης
487 4471 631 4540 ὖψις,
663 4473 779 4540 ἅμα
818 4473 1120 4542 φαινομένη
1155 4475 1247 4526 καὶ
1277 4473 1739 4543 παρατρέχουσα,

1147 460 1530 520 LAUDA'I‘IO
1673 459 2040 520 BARBARF.
2084 455 2311 516 MART.

3306 453 3404 509 xlu

1830 579 1881 623 et
1914 567 2129 639 hymnis
2159 565 2514 620 celebrarunt
2545 580 2556 614 :
2593 563 2861 618 daemones
2905 574 2994 616 tua
3026 563 3244 617 laudum
3277 580 3403 620 can-

1833 662 1937 715 tica
1989 669 2045 716 et
2099 657 2460 712 resistentiam
2517 656 2966 718 exhorruerunt,
3020 670 3084 710 ac
3141 658 3400 724 pudorem

1829 753 2199 821 probrumque
2249 751 2641 818 sempiternum
2693 747 3008 804 induerunt.
3040 749 3212 814 Quam
3243 752 3402 804 deco—

1830 859 1981 900 ratur
2009 852 2062 896 et
2092 842 2413 896 honestatur
2451 841 2717 894 femineus
2780 854 2844 894 ac
2902 839 3180 894 muliebris
3215 856 3399 905 sexus,

1830 937 2044 1004 tuisque
2074 931 2467 987 certaminibus
2513 931 2578 983 ad
2638 931 2847 985 virilem
2899 929 3273 986 fortitudinem
3304 947 3403 986 au-

1833 1027 1998 1080 daces
2030 1022 2242 1076 animos
2296 1019 2550 1083 assumit,
2599 1029 2652 1074 et
2701 1022 2976 1074 animatur
3009 1021 3022 1074 ί
3059 1021 3112 1074 In
3152 1031 3200 1076 te
3230 1023 3402 1091 prima

1833 1114 2048 1184 generis
2073 1127 2268 1180 parens
2330 1123 2569 1180 congrue
2621 1110 2884 1178 gloriatur
2945 1125 3008 1166 ac
3039 1111 3224 1180 gestit,
3284 1126 3404 1165 cum

1833 1206 2000 1260 filiam
2033 1203 2222 1270 adepta
2249 1202 2341 1264 sit,
2375 1214 2496 1268 qua:
2553 1199 2951 1265 adversarium,
2985 1215 3014 1252 a
3054 1215 3161 1269 quo
3193 1200 3282 1253 illa
3316 1201 3409 1256 de-

1835 1299 1976 1351 victa
2041 1304 2404 1366 superataque
2457 1300 2599 1355 erat,
2646 1291 2790 1345 lucta
2844 1307 3060 1347 rursum
3094 1293 3308 1359 vicerit,
3353 1301 3408 1346 et

1835 1387 2116 1450 everterit,
2195 1387 2604 1451 instaurataqne
2660 1383 2911 1447 victoria,
2971 1383 3116 1437 clara
3171 1384 3236 1438 de
3291 1385 3408 1452 ipso

1836 1490 2034 1550 tropaea
2060 1479 2259 1534 tulerit.
2293 1477 2369 1533 Te
2409 1485 2597 1532 sancta
2623 1485 2934 1530 sanctorum
2963 1473 3215 1545 Deipara,
3236 1477 3408 1545 prima

1837 1573 2000 1640 Virgo
2032 1587 2251 1641 parens,
2280 1579 2336 1625 et
2363 1570 2456 1624 Dei
2491 1577 2688 1631 mater,
2717 1582 2838 1637 quae
2869 1567 3189 1621 muliebrem
3219 1581 3407 1622 sexum

1838 1665 2010 1733 prima
2070 1664 2293 1730 solaque
2339 1661 2682 1723 clariticavit,
2724 1670 3155 1727 cunctorumque
3190 1672 3408 1712 mascu-

1839 1753 2010 1806 lorum
2063 1767 2128 1806 ac
2190 1749 2540 1813 feminarum,
2611 1748 2912 1802 caelestium
2948 1761 3013 1800 ac
3064 1748 3407 1802 terrestrium

1841 1844 2042 1912 liegiua
2069 1851 2175 1908 est,
2211 1851 2466 1912 tanquam
2517 1839 2632 1907 ejus
2683 1847 2856 1892 mater
2907 1839 3000 1907 qui
3035 1838 3288 1892 omnibus
3315 1837 3412 1890 do-

1839 1937 2106 2002 minatur;
2141 1935 2197 1989 in
2229 1933 2478 1989 muliebri
2510 1941 2563 1987 et
2606 1931 2834 2002 puellari
2886 1930 3232 1999 corpusculo,
3285 1943 3409 1984 eum

1837 2045 1865 2082 a
1902 2039 1955 2084 te
1983 2043 2231 2083 eversum
2268 2041 2333 2082 ac
2366 2033 2616 2094 potenter
2661 2023 3037 2091 proculcatum
3068 2022 3279 2087 videns,
3317 2021 3409 2091 qui

1839 2121 2237 2174 iuimmensum
2290 2118 2648 2187 gloriabatur,
2701 2115 2867 2186 908
2908 2115 3273 2186 superbiaque
3311 2127 3412 2167 sua

1837 2211 2074 2282 iactabat
2101 2211 2236 2278 fore,
2271 2219 2328 2265 ut
2355 2220 2409 2264 et
2462 2224 2609 2263 mare
2643 2209 2934 2272 desolaret,
2988 2218 3042 2263 et
3078 2209 3265 2263 orbem
3290 2205 3412 2260 uni-

1840 2319 2056 2358 versum
2110 2302 2279 2358 veluti
2347 2301 2532 2354 nidum
2590 2299 3076 2368 comprehenderet
3121 2317 3132 2352 :
3189 2308 3411 2366 tumque

1841 2397 1977 2448 adeo
1995 2395 2253 2448 virtutum
2286 2400 2504 2446 tuarum
2539 2390 2660 2444 luce
2685 2389 2973 2454 delectata,
3011 2389 3154 2443 ulnis
3189 2397 3240 2442 te
3263 2401 3412 2440 corn-

1840 2487 2080 2555 pleclens
2137 2486 2239 2538 sibi
2299 2483 2602 2552 proximam
2665 2480 2994 2546 collocavit,
3052 2493 3411 2549 supremoque

1841 2578 2044 2629 honore
2083 2585 2136 2629 et
2169 2573 2354 2628 favore
2381 2575 2658 2636 donatam,
2688 2573 2834 2642 regio
2883 2572 3081 2625 throno
3113 2584 3410 2640 repraesen—

1839 2667 1972 2721 tavit
2003 2677 2059 2720 et
2092 2666 2354 2719 exhibuit.

1905 2758 1995 2811 2|.
2022 2757 2078 2811 lu
2112 2766 2161 2812 te
2194 2756 2495 2810 laudatoria
2527 2755 2705 2810 omnis
2734 2755 2908 2808 oratio
2941 2753 3164 2816 diserta,
3197 2761 3409 2815 ornata,

1839 2861 1892 2903 et
1932 2848 2152 2904 allluens
2186 2849 2372 2913 lueret,
2406 2855 2570 2916 atque
2623 2847 2884 2902 accedere
2920 2852 3166 2900 metuens
3193 2858 3411 2912 compe-

1840 2946 2026 3009 scitur,
2057 2959 2154 2999 ceu
2180 2959 2301 3013 quae
2330 2945 2402 2997 sit
2442 2941 2788 3002 imbecillior,
2819 2956 2978 3009 quam
3010 2949 3066 2994 ut
3100 2939 3397 3008 stupenda-

1848 3051 1964 3089 rum
1999 3036 2257 3088 virtutum
2297 3044 2508 3088 tuarum
2564 3033 2793 3088 eximias
2845 3031 3235 3100 pnecellentias
3275 3045 3408 3085 con—

1839 3125 2138 3186 venienter,
2168 3137 2201 3177 o
2227 3121 2651 3176 celebratissima
2693 3134 2756 3173 ac
2791 3117 3180 3178 laudatissima,
3215 3131 3410 3171 canere

1841 3212 2088 3265 suliiciat.
2120 3209 2386 3265 Oratorize
2413 3211 2631 3278 quidem
2689 3208 2955 3262 facundiae
3017 3222 3132 3270 ars,
3174 3205 3408 3260 versatili

1843 3307 2127 3359 verborum
2156 3304 2566 3372 compositione,
2600 3311 2918 3370 eomptaque
2943 3309 2997 3355 et
3026 3301 3253 3355 rotunda
3282 3313 3411 3369 pro-

1843 3398 2032 3452 habilis
2061 3397 2330 3450 sermonis
2346 3394 2670 3459 elocutione,
2689 3395 2935 3463 corporis
2955 3392 3407 3460 pulchritudinem

1840 3498 1894 3541 et
1918 3488 2100 3542 carnis
2152 3494 2516 3550 venustatem,
2570 3492 2716 3538 cei-ta
2781 3483 3144 3537 membrorum
3186 3495 3409 3550 propor—

1844 3581 1989 3633 tione
2047 3595 2169 3633 cum
2230 3578 2432 3633 coloris
2479 3576 2748 3631 suavitate
2805 3573 3403 3639 Constantem,-laudat.

1843 3671 1980 3736 Quin
2006 3673 2168 3724 etiam
2209 3684 2311 3723 non
2334 3683 2458 3723 raro
2487 3668 2673 3735 robur,
2698 3668 3002 3734 bonamque
3027 3665 3409 3726 valetudinem,

1841 3777 1905 3814 ac
1963 3761 2204 3814 mortalis
2263 3759 2611 3830 ingenuitatis
2679 3758 3017 3824 majestatem
3072 3775 3088 3824 ;
3149 3756 3410 3810 illustrem

1841 3852 2003 3904 etiam
2041 3851 2366 3919 quandoque
2393 3849 2715 3919 dignitatem
2747 3864 2811 3902 ac
2840 3847 3028 3915 patriae
3060 3845 3365 3900 claritatem
3397 3861 3412 3907 ;

1841 3942 2086 4007 copiosas
2113 3955 2242 4008 opes
2272 3956 2390 4008 quae
2448 3941 2620 3992 fluunt
2683 3955 2747 3992 ac
2801 3938 3129 4002 dilabuntur,
3165 3935 3414 4003 facilique

1844 4031 2057 4098 negotio
2089 4031 2397 4084 concidunt.
2431 4029 2558 4095 Qua:
2604 4038 2661 4082 ut
2692 4029 2852 4083 simul
2893 4028 3221 4082 laudationis
3254 4041 3417 4094 argu-

1845 4133 2026 4176 mento
2065 4130 2413 4187 concurrant,
2443 4121 2654 4176 difﬁcile
2681 4136 3079 4190 operosumque
3116 4130 3218 4176 est.
3250 4119 3417 4174 Caete-

1844 4209 1983 4280 rum,
2025 4231 2364 4284 qumcunque
2420 4217 2600 4270 omnia
2663 4217 2775 4270 iure
2815 4215 3127 4286 Singulatim
3171 4215 3417 4270 distinxit

1846 4321 1909 4358 ac
1946 4306 2257 4374 percensuit
2287 4305 2484 4370 oratio,
2533 4316 2791 4372 tanquam
2851 4305 2962 4360 feni
3009 4304 3108 4359 llos
3135 4316 3283 4368 sunt,
3323 4305 3413 4373 qui

1847 4399 2130 4452 marcescit
2163 4407 2216 4450 et
2246 4399 2455 4464 interit,
2482 4407 2574 4452 aut
2630 4399 2777 4454 velut
2833 4399 3172 4468 egregiorum
3210 4399 3414 4452 insom-

1847 4495 2060 4544 niorum
2098 4491 2326 4544 mendax
2359 4500 2414 4544 et
2440 4501 2654 4561 spectro
2712 4491 2906 4546 ludens
2957 4502 3299 4558 conspectus,
3325 4491 3414 4559 qui

123 4564 356 4618 Οἱττον
384 4564 478 4615 καὶ
516 4565 573 4616 ἐν
607 4563 800 4633 βραχεῖ
843 4563 951 4615 ἐσθ’
983 4566 1070 4616 ὅτε
1110 4565 1203 4617 καὶ
1243 4565 1321 4634 τῷ
1354 4565 1528 4635 χρόνῳ
1571 4583 1740 4617 καταο

1847 4598 1968 4635 mox
2006 4582 2357 4651 uLapparuit,
2394 4582 2604 4652 diffugit
2635 4603 2649 4636 ι
2702 4581 2826 4650 quia
2875 4582 3038 4636 citius
3068 4597 3133 4636 ac
3179 4582 3413 4636 breviori

119 4653 398 4724 λυόμενα
431 4670 489 4706 τε
519 4655 611 4706 καὶ
636 4653 1023 4723 ἀλλοιούμενα,
1061 4656 1427 4722 συγκαταλύει
1465 4656 1736 4726 καταλλή-

115 4749 258 4807 λως
304 4745 402 4798 καὶ
430 4745 740 4808 ἀκολούθως
769 4746 879 4797 τῶν
911 4747 1202 4816 ἐγκωμίων
1228 4746 1324 4816 τὴν
1355 4747 1740 4816 ἐκπεπονημέ-

114 4855 250 4906 νην
306 4837 577 4906 ἁρμονίαν
631 4839 725 4890 καὶ
765 4838 1091 4907 σύμπλεξιν.
1139 4840 1224 4890 Σοὶ
1275 4838 1371 4901 δὲ,
1407 4833 1451 4890 ὧ
1501 4839 1738 4907 παρθένε

111 4931 336 5002 σεμνὴ
369 4933 466 4985 καὶ
501 4933 755 5003 σώφρων,
783 4935 876 4986 καὶ
912 4937 1123 5004 μάρτυς
1155 4937 1519 5005 τροπαιοφόρε
1549 4953 1606 4987 τε
1647 4938 1740 4989 καὶ

105 5028 440 5095 ἀήττητε.
499 5026 720 5097 εὑρήσει
786 5027 884 5096 μὲν
940 5029 968 5078 ὀ
1020 5026 1178 5095 λόγος
1231 5026 1587 5099 εὐπορώτατα
1646 5028 1739 5082 καὶ

101 5116 374 5186 ἁκμητὶ
412 5117 582 5186 ἄρδην
627 5119 1048 5186 σεσωρευμένα,
1085 5119 1180 5172 καὶ
1228 5120 1698 5192 συμπεφορημένα
1723 5160 1736 5182 ,

97 5213 149 5266 ἃ,
193 5207 315 5259 νῦν
356 5208 796 5278 κατωνόμασται,
835 5210 926 5262 καὶ
967 5209 1342 5279 θαυμάζουσι,
1374 5213 1467 5264 καὶ
1503 5211 1738 5281 μακαρῖ-

95 5305 350 5367 rgo-43w
379 5299 688 5370 ἄνθρωποι,
723 5302 818 5352 καὶ
854 5302 1112 5372 ἀξιόδηλα
1154 5303 1412 5356 τίθενται·
1443 5304 1503 5354 οὐ
1551 5302 1656 5372 μὴν
1683 5303 1739 5354 δὲ

92 5387 514 5456 ἀπολλύμενα
567 5392 660 5442 καὶ
690 5390 959 5460 λυόμενα,
1013 5393 1106 5446 καὶ
1153 5394 1278 5456 τοὺς
1316 5394 1569 5455 ἐπαίνους
1616 5395 1738 5461 εἰκῆ

89 5483 365 5556 χωρεῖν
411 5482 489 5542 εἰς
517 5482 654 5550 ἀέρα
689 5483 1200 5551 παρασκευάζοντα.
1258 5486 1320 5536 'H
1352 5487 1460 5554 γὰρ
1494 5485 1596 5552 τῆς
1642 5484 1740 5552 σῆς

86 5571 424 5632 Οειὼδονς
451 5569 630 5638 ψυχῆς
675 5572 867 5640 ἀρετὴ,
897 5574 989 5624 καὶ
1024 5574 1055 5641 ἡ
1107 5573 1239 5643 πρὸς
1273 5572 1363 5625 τὸν
1397 5572 1633 5642 Κτίστην
1661 5572 1742 5623 οἱ·

83 5662 428 5722 κείωσις,
480 5659 806 5726 savio-39:75.1;
858 5678 940 5714 σοι
988 5663 1079 5714 καὶ
1122 5663 1494 5733 συνετήρησε,
1542 5663 1635 5715 καί
1673 5663 1740 5714 τὶι

79 5749 437 5821 προσόντα
466 5749 605 5801 καλὰ
641 5753 733 5801 καὶ
761 5752 1030 5822 ἐγκόσμια
1056 5795 1068 5817 ,
1100 5755 1195 5806 καὶ
1229 5757 1292 5824 τῇ
1333 5757 1519 5824 μνήμῃ
1552 5754 1740 5807 ἀνεπί-

79 5849 104 5897 >
128 5863 173 5912 νς
195 5859 356 5906 στα,
395 5841 490 5893 καὶ
521 5841 598 5911 τῷ
631 5845 790 5895 παντὶ
819 5846 972 5897 αἰῶνι
1009 5845 1400 5916 συνδολιχεύειν
1447 5846 1733 5916 πεποίηκε·

521 5948 784 6007 l'nnoL.
833 5948 946 6007 Gn.
999 5949 1212 6012 XCVI.

1835 4671 2304 4741 inliquandomora
2352 4684 2703 4744 pessumeunt
2759 4683 2814 4728 et
2849 4682 3150 4735 mutantur,
3203 4688 3417 4740 unaque

1844 4768 1978 4820 adeo
2009 4782 2190 4822 secum
2261 4776 2624 4820 consentanee
2671 4777 2726 4819 et
2781 4767 3023 4834 apposite
3079 4764 3412 4818 elaboratum

1847 4857 2214 4911 laudationum
2249 4865 2572 4909 coneentmn
2602 4865 2655 4909 et
2688 4856 3116 4925 complexionem
3143 4864 3412 4909 evertunt.

1845 4945 1899 4998 lu
1935 4955 1985 5000 te
2014 4955 2191 4998 autem
2216 4983 2229 5007 ,
2261 4960 2294 4998 o
2329 4946 2479 5015 virgo
2515 4955 2662 4999 casta
2722 4954 2778 4998 et
2813 4947 3067 5013 prudens,
3097 4955 3411 5014 martyrquc

1847 5045 2047 5103 tropaeo
2082 5037 2278 5106 inclyta
2313 5046 2369 5090 et
2427 5035 2648 5101 invicta,
2711 5045 2906 5090 cuncta
2964 5037 3080 5090 haec
3140 5036 3411 5104 facillime,

1845 5127 2097 5196 tmlloque
2149 5128 2358 5190 labore,
2405 5136 2657 5194 congesta
2714 5136 2769 5182 et
2813 5127 3234 5194 conglomerata,
3293 5141 3417 5195 qua».

1846 5231 1987 5270 nunc
2019 5217 2281 5270 recensita
2326 5226 2478 5280 sunt,
2534 5217 2885 5285 hominesque
2935 5217 3222 5280 mirantur,
3258 5215 3413 5267 beata

1837 5306 2110 5372 jaclitanl,
2167 5307 2437 5375 dignaque
2492 5311 2610 5360 luce
2667 5315 2925 5370 censent,
2984 5308 3145 5361 verba
3201 5305 3413 5359 facturo

1843 5406 2163 5461 occurrent;
2203 5413 2301 5451 nec
2333 5410 2508 5451 tamen
2531 5398 2816 5466 ejusmodi,
2857 5409 2912 5451 ut
2947 5407 3170 5467 pereant
3208 5411 3272 5450 ac
3301 5396 3414 5450 dis-

1845 5489 2139 5554 solvantur,
2181 5488 2490 5558 frustraque
2513 5490 2699 5545 laudes
2721 5492 2771 5544 in
2803 5506 2981 5545 aerem
3003 5492 3156 5545 abire
3188 5490 3409 5547 faciant.

1845 5577 2018 5633 Divini
2047 5580 2187 5632 enim
2224 5581 2388 5632 animi
2443 5580 2517 5633 tui
2550 5582 2737 5646 virtus,
2771 5590 2824 5634 et
2876 5595 2996 5646 cum
3029 5579 3286 5634 Creatore
3317 5594 3412 5632 ne-

1843 5669 2134 5732 cessitudo,
2161 5669 2299 5725 bona
2329 5671 2523 5740 quibus
2540 5680 2730 5725 ornata
2750 5686 2830 5730 es.
2859 5672 3082 5740 ipsaque
3118 5671 3409 5733 mundana,

1845 5755 1936 5808 tibi
1969 5757 2221 5811 astrinxit
2273 5769 2327 5812 et
2371 5760 2732 5824 conservavit,
2766 5758 3074 5830 effeeitque,
3103 5770 3162 5812 ut
3185 5773 3283 5813 nec
3315 5772 3409 5811 co-

1845 5861 1960 5900 rum
2019 5848 2278 5904 memoria
2341 5849 2630 5914 deleretur,
2691 5859 2854 5920 atque
2907 5852 2956 5904 in
3017 5865 3177 5903 omne
3234 5863 3404 5902 :evum

3045 5954 3124 6018 26
