4170 6454
808 374 902 433 ﬁll
1922 382 1979 442 S.
2018 385 2334 447 JOANNIS
2374 390 2800 455 DAMASCENI
3961 406 3989 457 -‘.'
4008 403 4017 459 Ξ
4034 402 4063 460 2

796 494 1003 560 pariter
1032 502 1385 548 excurrerent
1410 511 1425 548 :
1451 493 1695 562 quinimo
1726 493 1884 566 longe
1916 499 2081 554 etiam
2110 502 2369 572 multipli-
2397 508 2443 563 Α

2424 512 2443 562 ι
2472 508 2673 578 μᾶλλον
2700 510 2756 563 δὲ
2781 511 2878 564 καὶ
2895 511 3341 584 ύπερεπλασίασε
3370 518 3464 571 καὶ
3488 518 3905 591 ύπερηύξησενο
3962 526 4071 577 Τοῦ

796 586 942 639 cavit
989 594 1044 639 et
1095 585 1410 655 aggeravit:
1465 584 1664 639 Fidelis
1723 588 1923 657 quippe
1974 606 2083 644 esse
2111 593 2365 647 tumulum

2466 599 2576 671 γάρ
2622 601 2861 667 πιστοῦ,
2903 602 3047 669 ὅλος
3095 607 3129 658 ὁ
3165 607 3394 675 κόσμος
3422 607 3542 661 τῶν
3573 584 3935 680 γξρῆμᾶτων,
3966 616 4068 668 τοῦ

796 685 966 730 totum
1000 676 1323 740 diuitiarum,
1353 676 1580 745 inﬁdelis
1634 693 1776 745 vero,
1825 695 1889 733 ne
1918 696 2079 733 unum
2126 681 2360 750 obolum,

2467 691 2535 744 δὲ
2560 692 2844 757 ἀπίστου,
2877 695 3020 749 οὐδὲ
3044 693 3130 763 εἷς
3156 698 3369 766 ὀϐολὸς
3388 739 3403 763 ,
3436 700 3498 753 τὸ
3525 676 3808 772 γραφικὴν
3850 706 4068 772 rizagr-

799 760 1093 830 Scripturte
1120 764 1489 832 pronuntiavit
1509 766 1786 820 oraculum
1807 766 1873 820 “.
1897 766 2031 823 Nam
2058 774 2364 838 praesentia,

2469 802 2597 839 νατο
2618 786 2818 856 λόγιον.
2848 787 2931 841 Τά
2954 760 3227 844 ἐνεστιῦτα
3249 760 3399 865 γάρ,
3417 794 3511 847 καὶ
3634 760 3943 866 μέλλοντα,

796 863 852 909 et
881 853 1081 920 futura,
1112 864 1167 910 et
1197 866 1414 921 cuncta,
1448 871 1677 925 quorum
1711 868 1831 914 tuus
1856 875 2086 931 sponsus
2109 862 2368 920 Dominus

2468 878 2688 933 πάντων
2721 873 2795 934 ὧν
2823 883 2851 934 ό
2881 881 2973 944 σδς
3009 882 3262 947 δεσπόξει
3295 886 3529 955 νυμςίος
3549 920 3579 950 ,ε
3607 888 3692 939 σοὶ
3722 889 3809 951 είς
3848 893 4063 959 προῖκα

797 954 901 1015 est,
934 949 989 1003 in
1023 948 1165 1004 dotis
1189 958 1398 1019 partem
1440 949 1695 1007 muniﬁce
1719 951 1815 1007 tibi
1848 967 2107 1009 concessa
2147 967 2272 1011 sunt
2304 966 2360 1013 et

1613 949 1695 1007 lce
1719 951 1815 1007 tibi
1848 967 2107 1009 concessa
2147 967 2272 1011 sunt
2304 966 2360 1013 et
2468 969 2790 1041 κεχάρισται
2820 972 2913 1025 καὶ
2937 971 3260 1044 δεδώρηται,

797 1040 1017 1098 donata.

864 1135 960 1190 22.
993 1136 1126 1191 Cum
1156 1135 1316 1205 igitur
1347 1136 1611 1192 adversus
1632 1137 1896 1193 humanas
1925 1137 2111 1193 laudes
2133 1138 2364 1210 palmam

2538 1150 2639 1221 κβ¹.
2658 1149 2807 1204 Ἐπεὶ
2825 1150 2879 1205 δὲ
2901 1151 3076 1207 τοίνυν
3092 1152 3477 1225 ἀμφοτέρωθεν
3493 1155 3634 1209 κατά
3655 1155 3773 1208 τῶν
3790 1157 3898 1211 ἀνθ
3907 1160 4067 1226 ρωπὲ-

799 1228 1051 1297 utrinque
1085 1226 1308 1292 referas,
1360 1237 1471 1282 tum
1503 1229 1711 1283 scilicet
1737 1230 2016 1284 sacularis
2044 1232 2169 1286 vita:
2202 1232 2365 1287 clari-

2466 1258 2571 1294 νων
2587 1240 2821 1295 ἐπαίνων
2834 1240 2902 1294 τά
2917 1243 3206 1314 νικητήρια
3217 1242 3504 1315 κέκτησαι,
3518 1249 3581 1315 τῇ
3600 1263 3661 1299 τε
3677 1246 3776 1300 τοῦ
3798 1251 4064 1317 κοσμικοί

800 1328 930 1383 tate,
964 1330 1075 1374 tum
1109 1320 1304 1389 insigni
1328 1321 1493 1374 animi
1527 1322 1711 1375 dotum
1733 1322 2038 1393 splendore,
2068 1339 2188 1383 ante
2210 1325 2367 1378 ambo

2470 1332 2584 1403 βίου
2600 1332 2877 1404 φανότητι,
2891 1336 2984 1386 καὶ
2998 1336 3063 1405 τῇ
3085 1335 3194 1388 τῶν
3217 1335 3357 1390 κατά
3374 1337 3551 1407 ψυχὴν
3566 1338 3880 1409 πλεονεκτη
3892 1341 4067 1407 μάτων

802 1410 1043 1480 martyrii
1081 1410 1336 1465 ﬁrmitate
1385 1412 1709 1479 robustaque
1757 1412 2060 1466 constantia
2087 1412 2366 1469 illustrain

2467 1422 2843 1494 λαμπρότητι,
2872 1424 3195 1494 ἀπερᾶμφω
3208 1428 3272 1496 τῇ
3297 1426 3392 1478 τοῦ
3428 1428 3731 1497 μαρτυρίου
3754 1429 4055 1497 κατήστρσΔ

800 1512 855 1557 et
890 1504 1089 1558 eximie
1114 1503 1407 1568 decorasti,
1430 1503 1517 1557 abi
1570 1504 1681 1572 jam
1733 1504 1972 1575 gaudens
2026 1505 2094 1558 ad
2122 1504 2366 1559 coelestia

2466 1513 2574 1583 ψας
2623 1512 2715 1566 καὶ
2768 1513 3137 1583 κατηγλάῖσας
3186 1515 3545 1587 στερρότητι,
3590 1515 3754 1569 ἄπιθι
3800 1520 4067 1586 χαίρουσι

801 1609 922 1665 qua:
951 1596 1156 1649 crebris
1184 1595 1412 1650 canticis
1439 1604 1748 1664 personant.
1777 1597 2144 1661 tabernacula,
2166 1597 2369 1651 relictis

2468 1603 2605 1675 πρὸς
2624 1604 2905 1675 οὐρανίους
2945 1604 3279 1673 ύμνοπόλους
3317 1610 3549 1676 σκηνὰς,
3588 1610 3989 1677 καταλείψασα
4016 1613 4067 1662 ἐγ

803 1686 895 1755 qni
924 1686 1125 1741 carnali
1158 1702 1224 1740 ex
1264 1701 1359 1741 ore
1402 1687 1670 1756 prodeunt
1698 1687 1962 1757 politioris
1990 1688 2124 1742 artis
2158 1702 2368 1743 sermo-

2471 1695 2733 1767 σαρκίνης
2782 1695 3221 1766 προφερομὲνους
3251 1696 3497 1765 γλώττης
3535 1700 4065 1768 ὲκτετορνευμὲνους

804 1776 981 1840 nibus,
1013 1776 1211 1844 quique
1241 1790 1298 1829 se
1355 1775 1527 1830 victos
1582 1778 1783 1831 diserta
1839 1790 1971 1832 voce
2020 1776 2364 1832 conﬁtentur.
2400 1846 2439 1857 __

2419 1847 2439 1857 ι
2468 1782 2663 1851 λόγους
2685 1823 2699 1847 ,
2748 1784 2843 1837 καὶ
2865 1783 2965 1855 τὴν
2996 1779 3166 1856 ἧτταν
3206 1789 3357 1857 φωνῇ
3410 1785 3962 1855 καθομολογοῦντας.
4018 1791 4066 1841 ΕΞ

799 1868 937 1922 Cum
970 1869 1114 1922 enim
1147 1868 1405 1938 praeclare
1433 1880 1707 1938 gestorum
1766 1868 1935 1939 gloria
1976 1876 2030 1922 et
2053 1869 2369 1937 approbatio
2400 1846 2443 1901 Β

2411 1846 2579 1946 Βγάρ
2612 1876 2752 1945 ὑπὲρ
2783 1846 3070 1947 ἄνθρωπόν
3117 1846 3228 1930 τῶν
3280 1846 3713 1950 ἀριστευμάτων·
3764 1880 3799 1946 ἡ
3858 1846 4058 1933 εὐδοκέ-

798 1976 960 2031 supra
988 1962 1259 2017 hominem
1286 1962 1534 2023 exsistat,
1563 1962 1834 2031 quomodo
1881 1975 2119 2030 congrua
2152 1975 2369 2016 eorum-

2472 1982 2656 2037 μησις,
2696 1965 2815 2030 πῶς
2839 1967 2937 2038 οὐχ
2980 1966 3121 2038 ὑπὲρ
3160 1967 3368 2023 ἔννοιαν
3419 1970 3779 2041 ἀνθρωπίνην
3830 1972 3864 2023 ὁ
3903 1973 4065 2040 πρόσ-

802 2052 925 2108 dem
951 2051 1190 2106 laudatio
1228 2053 1524 2107 humanam
1557 2062 1791 2107 mentem
1836 2067 1941 2107 non
1974 2051 2237 2107 excedat?
2265 2051 2367 2107 Abi

2469 2075 2631 2131 φορος
2682 2058 2937 2125 ἐπαινοςς
2982 2057 3174 2113 Ἀπιθι
3241 2061 3470 2125 τοίνυν’,
3524 2060 3701 2132 σεμνὴ
3753 2061 4042 2130 καλλιπαρ

802 2157 1155 2215 ergo,-casta,
1186 2146 1528 2209 venerabilis,
1560 2155 1614 2201 et
1637 2146 1891 2216 praeclara
1913 2147 2084 2213 virgo,
2117 2154 2173 2200 nt
2206 2162 2367 2216 supe-

2470 2150 2618 2215 θένε,
2649 2148 2759 2204 τῶν
2784 2151 2885 2204 ύπε
2897 2152 3175 2222 ρκοσμίων
3198 2152 3380 2222 γερῶν
3406 2151 3786 2207 ἀπολαύουσα.
3820 2154 4030 2207 ’Δπιθι
4055 2195 4065 2211 .

807 2237 1039 2292 rioribus
1095 2237 1298 2291 mundo
1352 2239 1590 2307 praemiis
1641 2238 1890 2308 potiaris.
1952 2237 2076 2301 Abi,
2115 2238 2204 2292 ubi
2239 2240 2369 2293 silet

2468 2240 2594 2295 ἔνθα
2640 2241 2796 2311 λόγος
2827 2244 2955 2314 σιγᾷ
2979 2282 2994 2307 ,
3024 2242 3133 2297 τῶν
3156 2242 3298 2314 ὑπὲρ
3333 2242 3493 2310 λόγον
3545 2243 3647 2315 τὴν
3676 2243 3844 2309 δόξαν
3896 2245 4064 2309 8:359-

801 2328 1001 2393 oratio,
1028 2344 1214 2384 eorum
1242 2345 1362 2399 quae
1388 2330 1651 2385 orationis
1682 2331 1788 2385 vim
1818 2330 2112 2394 excedunt,
2140 2330 2368 2401 gloriam

2465 2332 2631 2396 δικῶς
2681 2335 2855 2387 είπετν
2898 2334 2959 2387 ού
3007 2334 3327 2405 δυνάμενος.
3370 2335 3560 2388 Ἄπιθι
3608 2337 3719 2387 τῶν
3782 2337 3935 2405 ὑπὲρ
3974 2340 4057 2389 ἐν.

795 2420 970 2492 909
990 2421 1186 2477 diﬂ‘nse
1211 2424 1387 2491 eloqui
1434 2438 1538 2479 non
1577 2424 1783 2479 valens.
1834 2423 1960 2490 Abi,
2002 2423 2245 2477 sinceras
2275 2424 2369 2477 bo-

2467 2424 2705 2495 θύμησιν
2746 2424 2970 2492 ἀγαθῶν
3021 2426 3217 2496 ἡδονῆς
3267 2426 3367 2495 τῆς
3422 2426 3669 2496 ἀκράτου
3721 2427 4056 2495 μεθέξουσα,

804 2527 995 2567 eorum
1027 2528 1147 2581 qum
1176 2513 1558 2581 cogitationem
1600 2521 1879 2584 superant,
1940 2511 2159 2567 delicias
2184 2525 2370 2579 perce-

2468 2514 2595 2569 ἔνθα
2637 2514 2823 2586 νόησις
2856 2515 3044 2571 ἅπασα
3087 2517 3151 2569 ὲκ
3194 2514 3302 2570 τῶν
3357 2516 3604 2585 μερικῶν
3643 2519 4061 2586 φαντασμάτων

806 2614 985 2674 ptttra,
1014 2604 1100 2657 ubi
1124 2603 1419 2657 intelleclio
1443 2603 1623 2657 omnis
1669 2619 1733 2657 ex
1792 2602 2212 2673 particularibus
2238 2601 2369 2656 visis

2465 2606 2565 2676 τὴν
2612 2606 2819 2676 γνῶσιν
2870 2607 3201 2679 ἀθροίζουσα
3231 2608 3393 2680 ἀργεῖ
3424 2608 3519 2662 καὶ
3556 2608 3821 2678 σχολάζει
3855 2611 4059 2671 ἀτελῶς,

807 2696 1164 2767 cognitionem
1189 2695 1466 2766 colligens,
1492 2696 1695 2750 otiatur
1724 2705 1779 2750 et
1802 2705 1960 2749 vacat
1984 2696 2185 2750 intenta
2212 2702 2372 2749 teter-

2466 2697 2563 2752 τοῦ
2591 2699 2683 2753 νοῦ
2708 2699 2945 2762 αίωνίως
2968 2701 3080 2763 τοῖς
3110 2700 3415 2769 ύπερφυέσι
3441 2700 3537 2754 καὶ
3564 2702 3786 2769 νοητοῖς
3833 2702 4059 2756 ist-.65.}.-

807 2803 937 2843 num
970 2797 1146 2842 mente
1177 2786 1230 2840 in
1261 2786 1459 2841 eximia
1503 2786 1589 2841 illa
1623 2801 1782 2855 supra
1814 2794 2064 2840 naturam
2086 2794 2144 2841 et
2166 2784 2371 2841 intelli-

2466 2788 2891 2852 λοντος.“’Δπιθι,
2927 2788 3055 2842 ἔνθα
3097 2789 3207 2843 τῶν
3245 2788 3526 2857 αἰσθητῶν
3555 2791 3651 2845 καὶ
3680 2790 4003 2862 αἰσθήσεων
4032 2796 4060 2859 η

805 2879 1007 2949 gibilia.
1037 2878 1158 2944 Abi,
1209 2879 1297 2933 ubi
1334 2893 1510 2934 rerum
1570 2878 1949 2945 sensibilium,
2002 2892 2371 2948 sensuumque

2468 2877 2791 2948 πολυσχιδὴς
2824 2877 3031 2947 ἀπάτη,
3064 2878 3159 2931 καὶ
3187 2881 3465 2951 περιφορά
3513 2880 3800 2935 πέπαυταί
3855 2900 3917 2936 τε
3975 2884 4060 2937 καὶ

806 2971 1047 3041 ipsorum
1093 2969 1359 3024 multitida
1387 2970 1634 3037 deceptio
1683 2976 1742 3021 et
1788 2968 1998 3039 vertigo
2025 2968 2205 3033 desiit,
2237 2970 2368 3023 abo-

2467 2969 2834 3038 κατήργηται.
2858 2968 3127 3022 Ἀπόλαϐέ
3155 2987 3249 3023 σου
3280 2970 3349 3023 τά
3379 2956 3639 3041 νικητικά
3669 2972 3940 3043 βραδεῖα,
3974 2974 4062 3028 καὶ

812 3062 1015 3133 litaqne
1043 3071 1144 3116 est.
1204 3060 1405 3131 Recipe
1427 3060 1679 3114 victrices
1730 3059 1939 3127 palmas
1992 3069 2113 3112 tuas
2146 3068 2200 3113 et
2233 3072 2370 3127 prae-

2470 3057 2847 3128 ύπὲρλαμπρα
2880 3058 3019 3128 γέρα
3052 3061 3147 3111 καὶ
3180 3058 3701 3113 ἔπαθλα.’Λπόλα6ἑ
3732 3079 3832 3115 σου
3868 3062 3981 3115 τῶν
4010 3064 4061 3115 ἑν

806 3154 1091 3222 magnifica
1124 3153 1365 3223 praemia.
1398 3151 1704 3221 Recipetna
1732 3151 1953 3219 praemia
1984 3157 2039 3203 et
2059 3156 2366 3214 stemmata,
2396 3196 2437 3226 ί,

2411 3196 2437 3226 Γ,
2469 3151 2581 3212 τοῖς
2610 3150 2927 3220 σκάμμασιν
2962 3150 3203 3220 ἱδρώτων
3225 3152 3322 3203 καὶ
3353 3151 3532 3204 πόνων
3566 3154 3667 3221 τὴν
3699 3154 4058 3226 καθήκουσαν

806 3262 927 3317 quae
950 3247 1078 3311 illis,
1110 3246 1199 3316 qui
1226 3246 1426 3301 Christi
1470 3259 1633 3299 causa
1663 3242 2061 3297 decertaverint
2089 3256 2151 3296 ac
2183 3240 2372 3295 decer—
2398 3238 2439 3254 “'

2413 3238 2439 3254 "'
2473 3238 2794 3292 ἀνάπαυλαν
2817 3240 2910 3292 καὶ⁵
2934 3238 3215 3308 ἀνάψυξιν.
3234 3240 3500 3294 Ἀπόλασέ
3530 3257 3625 3295 σου
3658 3244 3730 3296 τά
3778 3246 4060 3314 ὲποςειλό-

808 3348 948 3403 tant,
978 3338 1326 3407 oppignerata
1356 3344 1501 3392 sunt.
1539 3333 1839 3390 Laetissima
1883 3332 2077 3399 Sponsi
2108 3331 2289 3401 specie
2316 3339 2374 3386 et

2474 3345 2613 3399 μενα
2654 3331 2767 3392 τοῖς
2809 3328 2897 3382 διά
2935 3329 3168 3399 Χριστὸν
3194 3328 3463 3399 ἀθλήσασι
3497 3332 3589 3385 καὶ
3614 3331 3885 3387 ἀθλοῦσιν
3914 3353 4061 3403 νικη-

808 3441 1092 3487 venustate
1120 3431 1319 3495 fruere,
1346 3445 1463 3498 qua‘
1492 3444 1591 3484 nec
1628 3428 1807 3482 verbis
1830 3426 2033 3491 ederri,
2072 3439 2173 3480 nec
2194 3433 2373 3480 mente

2476 3420 2617 3491 φόρα
2652 3419 2963 3491 στέμματα,
2987 3420 3083 3473 καὶ
3106 3421 3425 3492 μαρτυρικά
3451 3422 4056 3493 διαδήματα.Ἀπόλαυε

808 3523 1021 3592 concipi
1053 3532 1248 3593 potest.
1281 3520 1482 3575 Fruere
1517 3534 1715 3573 arcana
1746 3527 1799 3572 et
1832 3517 2055 3588 nvystica
2097 3518 2150 3569 in
2179 3530 2374 3584 super-

2473 3513 2574 3583 τῆς
2636 3512 2729 3565 τοῦ
2779 3512 3036 3582 Νυμφίου
3101 3513 3485 3593 ἀνᾼεκφράστου
3556 3516 3652 3568 καὶ
3735 3518 4059 3587 (ivssu-often

811 3590 1022 3672 cmlesti
1054 3590 1312 3669 thalamo
1373 3611 1814 3667 confabulatione
1848 3618 1903 3664 et
1964 3608 2372 3670 consuetudine,

2475 3600 2709 3670 ἀγλαΐας
2737 3601 2831 3654 καὶ
2870 3590 3220 3673 ὡραιότητὸς.
3242 3604 3505 3657 Ἀπόλαυε
3532 3605 3633 3674 τῆς
3662 3607 3725 3658 ἐν
3768 3607 3853 3675 τῷ
3896 3609 4060 3676 ὑπερ-

806 3722 919 3777 qua
948 3707 1107 3776 plane
1140 3706 1272 3760 nihil
1326 3703 1537 3758 felicius
1585 3702 1906 3771 beatiusque
1936 3709 2039 3756 est.
2080 3698 2222 3753 Nihil
2252 3700 2370 3763 tibi,

2476 3694 2711 3765 ουρανίῳ
2743 3692 2993 3762 νυμφῶνι
3036 3693 3352 3764 ἀπορρήτου
3396 3694 3493 3747 καὶ
3546 3696 3824 3762 μυστικῆς
3853 3700 4060 3766 ὁμιλίας

803 3811 1006 3864 sponsa
1037 3796 1259 3858 Christi,
1309 3810 1372 3849 ex
1422 3793 1695 3864 pra‘claris
1736 3792 2068 3847 facinoribus
2104 3791 2373 3859 virginum

2476 3784 2572 3837 καὶ
2600 3782 2920 3851 συναφείας,
2946 3777 3015 3851 ἧς
3048 3781 3217 3843 ὅντως
3256 3781 3410 3835 οὐδὲν
3454 3781 3785 3850 ὀλϐιώτερον
3824 3785 3920 3835 καὶ
3970 3803 4060 3851 μα-

810 3887 1086 3958 lampades
1119 3888 1467 3957 gestantiutn,
1504 3888 1568 3939 ad
1604 3884 1947 3955 splendorem
2004 3884 2372 3949 desideratur;

2477 3874 2818 3947 καριὼτερον
2858 3874 3121 3941 πέφυκεν.
3149 3872 3319 3928 Οὐδέν
3352 3892 3433 3927 σοι
3463 3875 3573 3926 τῶν
3612 3875 3886 3943 ὑπερλίαν
3920 3876 4062 3927 εὕδο-

808 3987 871 4033 ιιι
902 3994 1021 4048 ιιιιιιι
1048 3978 1324 4032 Christum
1358 3991 1613 4045 sponsum
1642 3989 1805 4043 supra
1856 3973 2072 4027 modum
2102 3972 2373 4036 dilexeris,

2476 3965 2791 4035 κιμηκότων
2854 3962 3363 4033 ἀνδραγαθημάτων
3388 4003 3403 4027 ,
3455 3963 3563 4016 τῶν
3608 3963 4059 4033 λαμπαδηςςεςιιιλν

810 4046 1060 4140 illiusque
1093 4069 1295 4124 amoris
1323 4068 1590 4140 illecebris
1617 4075 1771 4136 capta
1807 4066 1917 4119 sis:
1943 4073 2161 4133 propter
2190 4076 2372 4130 quem,

2477 4054 2789 4125 παρθένων,
2820 4046 2865 4105 ὧ
2889 4052 3076 4121 νύμφη
3115 4051 3374 4121 Χριστοῦ,
3406 4049 3543 4120 rp):
3572 4049 3837 4103 εὔκλειαν
3872 4051 4061 4103 ἀπο)νὲ-

810 4172 918 4214 ιιοιι
942 4134 1113 4215 solum
1151 4159 1329 4212 omnia
1355 4134 1641 4212 ‘arbitrata
1688 4134 1758 4211 es
1795 4156 1868 4209 uti
1909 4163 2147 4209 stercora
2181 4154 2249 4217 ",
2281 4152 2377 4208 sed

2476 4146 2719 4211 λειπται,
2750 4144 2824 4207 ὡς
2855 4144 3138 4213 ὑπεράγαν
3170 4142 3263 4195 τὸν
3293 4143 3526 4211 νυμφίον
3571 4143 3813 4210 Χριστὸν
3850 4144 4061 4207 ἀγαπή-

808 4261 867 4304 et
902 4251 1132 4320 propriae
1160 4250 1283 4303 vitae
1312 4258 1368 4304 et
1393 4249 1585 4302 anima:
1614 4248 1786 4316 ipsum
1814 4246 1968 4316 cujus
1996 4244 2263 4300 desiderio
2287 4258 2377 4296 ar-

2480 4252 2641 4297 σασα,
2675 4234 2769 4287 καὶ
2793 4232 2987 4285 τούτου
3016 4229 3448 4299 καταθελχθεῖσα
3476 4230 3659 4299 ἔρωτι.
3688 4231 3770 4281 Δι’
3793 4226 3861 4283 οὗ
3889 4232 3954 4283 οὐ
3984 4236 4062 4297 μο-

813 4338 997 4401 dcbas,
1040 4338 1352 4392 antetulisti.
1386 4336 1555 4403 Quam
1604 4336 1840 4405 legitime
1861 4335 2149 4389 admodum
2180 4334 2376 4388 bonum

2479 4348 2568 4385 νον
2614 4329 2828 4382 ᾶπαντα
2874 4324 3144 4392 λελόγισαι
3181 4321 3443 4385 σκύϐαλα,
3476 4321 3615 4373 ἀλλὰ
3657 4321 3754 4373 καὶ
3790 4321 3893 4390 τῆς
3937 4322 4062 4382 ἰδίας

812 4441 1085 4485 certamen
1115 4431 1362 4494 certasti,
1409 4438 1570 4497 atque
1617 4428 1893 4482 immotam
1931 4428 2087 4482 (idem
2144 4423 2378 4480 mutabi-

2481 4419 2625 4487 ζωῆς
2670 4418 2762 4470 καὶ
2808 4415 2985 4484 ψυχῆς
3029 4414 3119 4466 τὸν
3155 4412 3487 4475 ποθούμενον
3520 4410 4062 4479 προτετίμηκας.⁴Ω;

811 4520 955 4574 libus
1002 4520 1428 4587 periculosisque
1484 4520 1815 4588 temporibns
1861 4518 2091 4573 servasti
2132 4517 2146 4570 !
2205 4517 2375 4583 Quam
2409 4535 2455 4594 υ

2414 4535 2455 4594 D
2481 4510 2601 4563 λίαν
2645 4508 2885 4577 ἐννόμως
2931 4505 3020 4557 τὸν
3071 4503 3235 4557 καλὸν
3265 4503 3450 4569 ἀγῶνα
3481 4501 3778 4569 -ῖλγώνισαι,
3820 4504 3926 4554 καὶ
3977 4504 4061 4568 τὴν

814 4610 970 4664 valde
1004 4610 1284 4673 inoll‘ense,
1322 4625 1383 4663 ac
1411 4610 1531 4664 sine
1561 4609 1863 4673 obstaculo,
1914 4608 2129 4677 pietatis
2154 4598 2371 4662 cursum
2423 4593 2427 4594 ί

2423 4593 2427 4594 ν
2481 4602 2663 4653 πίστιν
2699 4599 3009 4667 τετήρηκας
3042 4596 3330 4665 ἄτρεπτον,
3362 4595 3418 4645 ἐν
3461 4593 3673 4661 καιροῖς
3714 4595 3982 4657 τρεπτοῖς
4012 4608 4058 4642 τε

812 4702 1229 4757 consntnmasti!
1271 4700 1440 4766 Quam
1496 4701 1718 4754 multum
1748 4699 1965 4763 acerba,
2015 4700 2277 4764 duraque,
2311 4713 2376 4751 ac

2478 4693 2572 4745 xui.
2596 4688 2973 4743 κινδυνώδεσιι
3017 4687 3104 4749 Ὦς
3136 4686 3260 4739 λίαν
3288 4684 3689 4754 ἀπροσκόπτως
3742 4683 3844 4734 καὶ
3896 4684 4058 4750 ἀνεμο

815 4808 976 4861 supra
1005 4791 1312 4845 mortalium
1347 4790 1654 4845 facultatem
1694 4789 1893 4845 inﬂicta
1952 4790 2045 4843 tibi
2076 4790 2144 4842 ob
2166 4788 2375 4842 Christi

2478 4782 2746 4842 ποδίστως
2788 4780 2879 4832 τὸν
2924 4778 3122 4848 δρόμον
3147 4778 3244 4845 τῆς
3277 4775 3561 4835 εύσεδείας
3585 4773 3931 4836 τετέλεκαςῐ
3985 4773 4060 4833 ἀς

814 4884 1159 4938 dilectionem
1206 4893 1473 4937 tormenta
1527 4893 1637 4937 toto
1689 4886 2235 4950 anitno,summaque
2262 4880 2377 4933 ala-

2476 4873 2599 4927 λίαν
2627 4871 2855 4938 ἀλγεινά
2900 4871 2996 4924 καὶ
3034 4867 3289 4939 ὢυνηρά,
3326 4867 3421 4919 καὶ
3466 4864 3605 4933 ὑπὲρ
3650 4862 3894 4931 δύναμιν
3946 4863 4059 4932 $99-

817 4977 1009 5032 critate
1039 4976 1376 5029 sustinuisti!
1410 4975 1769 5041 Quamobrem
1806 4973 2031 5041 iustitia:
2061 4972 2154 5027 tibi
2178 4985 2376 5028 corona

2476 4964 2631 5019 τείαν
2662 4962 2898 5031 ὑπέστης
2929 4961 2999 5013 τά
3023 4958 3384 5027 ἐπενεχθέντα
3410 4973 3492 5009 σοι
3523 4954 3609 5007 διὰ
3656 4955 3760 5022 τὴν
3808 4958 3892 5017 εἰς
3936 4956 4058 5023 Χρι-

819 5068 1064 5135 reposita'
1087 5075 1191 5131 est,
1235 5081 1396 5135 quam
1431 5082 1553 5121 cum
1600 5066 1759 5135 digne
1791 5065 2154 5121 contexueris.
2184 5064 2236 5115 in
2268 5075 2381 5115 cm-

2488 5058 2613 5110 στδν
2635 5058 2855 5124 ἀγάπην
2889 5053 3284 5123 βασανιστήρια
3310 5048 3585 5117 ὁλοψύχως
3634 5048 3729 5099 καὶ
3783 5048 4057 5117 ter/Jay»

820 5159 1044 5215 lestibns
1073 5168 1329 5214 coronata
1356 5173 1415 5213 es
1449 5159 1538 5213 "°.
1569 5158 1637 5212 At
1671 5172 1738 5212 ne
1764 5158 1852 5212 hic
1880 5157 2097 5226 quidem
2128 5154 2382 5208 Christus

2484 5165 2644 5203 τατα.
2670 5146 2959 5216 Τοιγάρτοι
2988 5143 3080 5197 καὶ⁵
3105 5144 3133 5196 ό
3157 5142 3253 5208 τῆς
3280 5140 3626 5208 δικαιοσύνης
3660 5154 3744 5190 σοι
3773 5140 4056 5191 ἀπόκειται

817 5251 1037 5321 praemio
1062 5261 1112 5304 te
1137 5265 1360 5304 vacuam
1382 5250 1631 5320 reliquit:
1665 5250 1960 5318 quippeqni
1988 5246 2205 5299 dixerit:
2237 5243 2383 5297 'Vivo

2486 5240 2767 5307 στέφανος,
2805 5239 2972 5306 ὅνπερ
3004 5235 3169 5298 ἀξίως
3201 5231 3607 5301 ἀναδησαμένη.
3644 5233 3703 5282 ὲν
3732 5233 3852 5290 τοῖς
3907 5232 4057 5282 ἐπω-

819 5359 933 5411 ego,
963 5344 1053 5396 sed
1087 5342 1438 5411 gloriﬁcantes
1467 5361 1545 5397 me
1568 5342 1872 5414 gloriﬁcnbo
1900 5340 1968 5394 ³³.
1998 5338 2381 5405 Quamobrem,

2489 5332 2690 5402 ρανίοις
2717 5327 3068 5397 κατέστεψαι.
3086 5326 3226 5377 Ἀλλ’
3261 5324 3368 5378 οὐδ’
3397 5321 3648 5382 ἐνταῦθα,
3681 5322 3985 5373 κατέλιπέν
4009 5335 4053 5371 σε

820 5434 963 5486 sicut
990 5436 1311 5500 promissum
1341 5444 1447 5498 est,
1482 5436 1531 5489 in
1575 5413 1675 5487 tuo
1715 5434 1952 5493 lavacro,
1992 5429 2078 5482 ubi
2107 5428 2269 5482 etiam
2301 5441 2386 5480 re-

2485 5424 2716 5490 Χριστὸς
2746 5422 3067 5493 ἀγέραστον.
3096 5417 3187 5471 Ζῶ
3217 5417 3325 5487 γὰρ
3353 5414 3486 5484 ἐγὼ,
3519 5414 3705 5483 φησὶν,
3731 5413 3909 5466 ἀλλὰ
3932 5413 4054 5473 τιεί-ς

823 5526 1005 5593 quuia:
1032 5534 1139 5581 tum
1161 5539 1309 5594 sunt,
1355 5530 1408 5583 in
1441 5529 1623 5582 lideles
1676 5527 1765 5596 qui
1800 5527 1865 5579 ad
1909 5525 2051 5593 ipsas
2102 5522 2383 5583 accedunt,

2485 5512 2840 5580 δοξάζοντάς
2868 5528 2944 5581 με
2969 5508 3227 5574 δοξάσω.
3273 5508 3437 5567 Διότι,
3473 5504 3651 5567 καθὼς
3700 5504 4053 5574 ἐπήγγελται.

822 5617 1073 5673 laticibus
1097 5620 1450 5688 copiosiores,
1506 5595 1705 5675 omnis
1728 5617 1941 5687 generis
1973 5614 2385 5684 mgrotationum

2486 5606 2545 5658 ἐν
2573 5604 2650 5675 τῷ
2679 5603 2756 5674 σῷ
2787 5602 3065 5675 κολύμϐῳ,
3094 5599 3223 5654 ἔνθα
3267 5598 3361 5652 καὶ
3412 5597 3480 5650 τὰ
3521 5595 3677 5666 τίμιά
3706 5610 3803 5647 σου
3839 5595 4054 5653 λειιισνσ

903 5795 941 5830 ιι
980 5792 1135 5847 Prov.
1176 5809 1303 5857 xvtt,
1334 5792 1388 5857 θ,
1416 5806 1525 5847 sec.
1558 5790 1721 5846 LXX.
1802 5792 1846 5822 "
1877 5788 2107 5859 Philipp.
2138 5802 2220 5851 ιιι,
2252 5785 2304 5842 8.
2381 5786 2444 5818 "'
2482 5783 2523 5837 ll
2559 5782 2699 5836 Tim.
2734 5798 2804 5845 tv,
2835 5784 2885 5846 7,
2915 5782 2967 5835 8.
3040 5778 3086 5810 ⁸³
3117 5779 3134 5832 l
3167 5777 3299 5847 Reg.
3335 5791 3396 5841 ιι,
3423 5775 3511 5830 39.
