4170 6454
113 391 215 447 Mt:
1102 399 1482 459 LAUDATIO
1523 400 1562 459 s
1628 402 1997 461 nanctum:
2039 402 2268 461 mur.
2380 416 2388 424 ·
3254 390 3354 451 δη

109 501 220 561 τοῖς
244 500 453 561 πιστοῖς
486 500 978 569 προσπελάζουσιν,
1015 504 1154 575 ὑπὲρ
1186 509 1404 577 νάματα
1440 510 1595 579 βρύει
1619 514 1687 564 τὰ
1722 532 1756 587 Α

1722 532 1763 587 Α
1794 512 2054 566 sanitates
2105 509 2424 570 scaturiunl,
2492 508 2761 577 pestisque
2828 497 3145 569 ulceribus;
3189 507 3365 560 aliove

110 590 214 644 των
264 592 623 645 παντοδαπῶν
668 595 1120 665 ἀρρωστημάτων
1160 600 1389 669 ἰάματα,
1434 603 1531 656 καὶ
1578 605 1685 656 τῶν

1797 603 1984 657 11101·ὺο
2011 602 2333 667 laborantia,
2379 600 2603 668 aliisque
2630 600 2797 671 plagis
2822 599 3063 654 confecta
3124 609 3177 653 ct
3221 600 3368 653 tabe-

106 685 286 738 ἕλκεσι
316 685 599 755 λοιμικοῖς,
631 687 662 756 ἢ
695 687 856 757 ἑτέρᾳ
884 687 1023 758 νόσῳ
1066 693 1404 761 καμνόντων,
1443 696 1536 748 καὶ
1565 697 1685 749 ἐτέ-

1797 693 1999 748 scentia
2030 708 2283 761 corpora,
2342 691 2659 744 salutarium
2692 706 2957 760 aquarum
2988 699 3218 752 attactu,
3250 693 3368 743 exi-

108 794 223 844 ροις
253 777 476 848 μώλωψι
511 779 996 849 κατοτρυχομένων
1029 784 1098 835 τὰ
1122 785 1371 853 σώματα,
1420 790 1527 841 τῶν
1576 807 1682 842 σω-

1799 785 1911 839 tiali
1938 786 2261 854 quantocius
2292 785 2479 838 morbo
2529 784 2935 852 absterguntur.
2969 778 3170 851 Estque
3201 781 3367 843 locus.

104 886 169 937 τη
179 868 309 937 ρίων
340 870 545 923 ὑδάτων
570 870 844 941 ἁψάμενα,
871 871 1063 925 θᾶττον
1094 873 1377 945 θανασίμῳ
1405 878 1686 930 ἀπονίπτε-

1797 887 1905 932 tum
1943 894 1973 929 v
2001 877 2160 938 cinis,
2199 888 2311 930 tum
2354 877 2576 931 remotis
2619 875 2874 939 illustris,
2910 890 2973 930 ac
3007 875 3368 930 celebratissi-

103 979 193 1014 ται
238 962 520 1032 νοσήματι.
553 966 663 1017 Καὶ
716 965 864 1018 ἐστιν
908 968 1019 1025 τοῖς
1075 968 1399 1038 περιοίκοις,
1426 972 1519 1023 καὶ
1570 975 1685 1036 τοῖς

1795 984 1911 1021 mus
1941 970 2045 1023 illis
2075 978 2155 1021 est
2185 970 2276 1038 qui
2327 968 2611 1022 curatione
2668 968 2929 1038 indigent.
2971 966 3078 1023 Nec
3115 967 3204 1020 illo
3236 967 3366 1018 dun-

106 1052 323 1120 μακραν
353 1070 450 1103 που
484 1054 894 1123 ἀπῳκισμένοις
935 1057 962 1109 ὁ
1001 1056 1165 1119 τόπος
1191 1059 1459 1129 ἐπίσημός
1492 1079 1549 1113 τε
1592 1063 1683 1115 καὶ

1794 1069 1942 1113 taxat
1973 1061 2090 1113 loco
2124 1075 2383 1115 concessa
2417 1062 2509 1115 tibi
2542 1060 2760 1113 claritas
2785 1070 2838 1114 et
2872 1060 3162 1114 sanitatum
3192 1059 3365 1127 gratia

103 1143 409 1213 διαϐόητος,
446 1146 539 1197 καὶ
570 1146 704 1216 πρὸς
732 1146 1030 1218 θεραπείαν
1070 1151 1182 1213 τοῖς
1224 1150 1483 1223 χρῄζουσι
1530 1172 1684 1223 περι-

1790 1150 2009 1203 defmita
2045 1160 2159 1215 est;
2194 1151 2286 1206 sed
2323 1160 2377 1205 et
2405 1152 2469 1204 iis
2501 1151 2664 1206 etiam
2703 1150 2793 1220 qni
2825 1151 2957 1205 orbe
2988 1158 3099 1203 toto
3128 1149 3353 1202 ferventi

105 1235 456 1299 σπούδαστος.
488 1237 595 1289 Καὶ
648 1237 749 1290 οὐκ
798 1240 854 1291 ἐν
909 1239 1101 1309 ἐκείνῳ
1146 1240 1303 1310 μόνον
1334 1243 1408 1311 τῷ
1440 1243 1603 1314 χώρῳ
1651 1244 1684 1314 ἧ

1796 1241 1898 1295 fide
1942 1248 1994 1295 te
2043 1242 2280 1305 adeunt,
2350 1243 2532 1310 tuique
2597 1243 2913 1296 memoriam
2959 1243 3235 1294 annuatim
3272 1255 3366 1294 co-

104 1344 185 1379 σοι
219 1327 572 1400 δεδωρημένη
620 1330 873 1401 καλλονὴ,
908 1334 1001 1385 καὶ
1032 1334 1188 1403 χάρις
1222 1336 1485 1405 ίαματικὴ
1519 1355 1680 1405 περι-

1788 1333 1924 1397 lunt,
1978 1334 2207 1403 benigne
2248 1344 2509 1389 curantur
2546 1336 2711 1403 pestis
2755 1336 3014 1397 vulnera;
3070 1334 3358 1402 omnisque

102 1419 434 1489 γέγραπται,
463 1421 598 1475 ἀλλὰ
643 1426 735 1476 καὶ
778 1427 891 1487 τοῖς
928 1427 1182 1496 πανταχῆ
1215 1427 1316 1496 τῆς
1357 1430 1680 1498 οἰκουμένης

1789 1428 1963 1481 aetatis
1990 1429 2169 1495 gravis
2196 1428 2474 1482 calamitas
2505 1438 2559 1481 et
2609 1429 2857 1483 molestia
2888 1427 3116 1496 aufugit,
3163 1442 3224 1479 ac
3253 1427 3360 1478 dte-

105 1512 245 1578 μετὰ
281 1513 487 1581 θερμῆς
527 1532 605 1567 σοι
633 1516 912 1585 προσιοῦσι
934 1518 1032 1586 τῆς
1062 1519 1321 1582 πίστεως,
1359 1522 1454 1573 καὶ
1498 1521 1558 1574 τὸ
1590 1524 1679 1573 σὺν

1790 1536 2009 1573 menum
2070 1520 2305 1573 assultus
2360 1520 2870 1573 comminationibus
2921 1519 3025 1571 tuis
3079 1517 3363 1583 fugantur;

100 1603 317 1671 ἐτήσιον
359 1606 635 1659 ἑκτελοῦσι
688 1610 1070 1679 μνημόσυνον,
1118 1611 1186 1663 τὰ
1232 1612 1469 1683 λοιμώδη
1516 1613 1679 1682 θερα-

1788 1612 1931 1664 0111111
1959 1611 2189 1677 denique
2220 1611 2455 1677 periculo
2483 1622 2537 1663 et
2586 1610 2815 1665 adverso
2865 1624 2993 1663 casu
3033 1608 3357 1667 liberantur,

100 1694 329 1748 πεύεται
366 1697 670 1767 τραύματα,
706 1703 799 1753 καὶ
841 1703 1022 1771 πάσης
1063 1703 1277 1774 ἡλίκίας
1309 1708 1341 1775 ἡ
1380 1706 1549 1775 ἀηδὴς
1581 1722 1681 1772 φ⁹’

1214 1722 1277 1767 ας
1309 1708 1341 1775 ὴ
1380 1706 1549 1775 ἀηδὴς
1581 1722 1681 1772 φυ-
1788 1704 1877 1772 qui
1915 1712 2059 1756 tuam
2092 1702 2357 1755 vindicem
2396 1717 2553 1769 opem
2587 1703 2859 1755 invocant.

99 1790 389 1856 γαδεύεται
436 1793 633 1863 σκῆψις
702 1798 794 1849 καὶ
860 1797 1101 1867 ὄχλησις,
1134 1800 1405 1870 ὲνέργειαί
1464 1818 1523 1853 τε
1575 1800 1946 1870 δαιμονιώδεις
2001 1800 2111 1862 τοῖς
2167 1800 2277 1861 σοῖς
2328 1798 2745 1867 ὲμῦριμήμασιν
2820 1794 3251 1849 ἀπελαύνονταιο
3302 1792 3362 1844 οὐ

103 1881 211 1951 μὴν
263 1883 395 1936 ἀλλὰ
441 1887 533 1937 καὶ
576 1886 791 1940 πάντων
841 1889 1226 1961 ἐκλυτροῦνται
1271 1893 1529 1947 κινδύνων
1575 1894 1667 1947 καὶ
1709 1893 2100 1965 περιστάσεων,
2134 1891 2187 1945 οἵ
2256 1908 2314 1945 σε
2346 1893 2483 1961 πρὸς
2513 1890 2726 1961 ἄμυναν
2793 1890 3084 1961 ἐπίκουρον
3116 1902 3365 1959 προσκα-

101 1971 197 2023 λού
208 1990 379 2042 μενοι.

174 2072 282 2134 κγ’.
325 2068 415 2138 Μὴ
465 2068 643 2123 τοίνυν
689 2069 916 2146 λείπῃς,
972 2073 1108 2144 ἁγνὴ
1152 2074 1478 2147 ἀειπάρθενε
1504 2116 1518 2139 ,
1559 2076 1684 2139 τοὺς
1715 2080 1757 2135 Β

1715 2080 1757 2135 Β
1858 2072 1946 2127 ‘25.
1980 2072 2053 2126 Ne
2086 2086 2269 2126 cesses
2321 2070 2502 2140 igitur,
2534 2078 2681 2125 casta
2730 2068 2783 2124 in
2830 2076 3152 2137 perpetuum
3188 2067 3355 2139 virgo,

106 2156 237 2218 σοὺς
278 2157 655 2214 ἐποπτεύουσα
701 2163 978 2232 συμπαθεῖ
1020 2165 1099 2235 τῷ
1132 2165 1404 2237 βλέμματι
1434 2170 1682 2238 πρόσφυ-

1786 2166 2063 2220 miseranti
2102 2173 2322 2234 aspectu
2350 2179 2442 2219 eos
2468 2164 2558 2233 qui
2587 2163 2653 2217 ad
2687 2172 2736 2217 te
2771 2161 3105 2231 confugiunt,
3139 2160 3358 2221 intueri.

99 2264 228 2311 γας,
259 2247 396 2301 ἀλλὰ
428 2252 521 2302 καὶ
554 2251 644 2304 τὸν
671 2255 820 2306 τουτί
866 2272 950 2308 σοι
999 2260 1507 2328 προσπεφωνηκότα
1540 2260 1685 2312 εὐτε-

1784 2259 1877 2314 scd
1935 2267 1988 2312 et
2034 2273 2156 2312 cum
2197 2259 2289 2327 qui
2323 2255 2487 2310 intui
2543 2253 2757 2309 Iaudem
2788 2293 2804 2319 ,
2868 2267 3093 2324 egenam
3144 2253 3283 2306 hanc
3310 2264 3362 2307 et

99 2338 212 2400 λὲς,
246 2339 338 2391 καὶ
372 2340 612 2413 ἐξίτηλον
642 2346 741 2415 τῆς
766 2346 1039 2417 εὐφημίας
1073 2348 1362 2420 λογίδριον,
1394 2351 1683 2421 παραπολὺ

1783 2349 1978 2404 exilem
2006 2345 2549 2403 declamatiunculam
2582 2345 2974 2412 pronuntiavit,
3013 2356 3115 2396 tua:
3141 2343 3358 2411 quidem

104 2432 209 2498 μὲν
242 2431 342 2499 τῆς
378 2433 473 2501 σῆς
504 2435 846 2505 ὑπερφεροῦς
880 2438 1036 2502 ἀξίας
1059 2440 1509 2510 ἀπολειπόμενον,
1538 2442 1687 2494 εὐτε-

1783 2441 1996 2495 eximiae
2031 2438 2281 2506 dignitati
2308 2438 2465 2506 longe
2494 2436 2781 2503 imparem,
2822 2434 2923 2490 etsi
2972 2435 3170 2504 exiguo
3196 2435 3358 2488 animi

100 2521 232 2583 λοῦς
258 2522 311 2573 δὲ
343 2525 643 2594 προθυμίας
675 2528 773 2580 οὐκ
799 2528 1016 2582 ἔλαττον
1045 2530 1193 2599 αὐτῷ
1224 2533 1684 2602 πεφροντισμένον

1786 2535 1978 2584 ardore
2020 2529 2186 2583 nihilo
2224 2527 2401 2581 secius
2454 2539 2552 2594 pro
2585 2524 2726 2578 virili
2775 2532 3109 2585 accuratam,
3145 2538 3240 2591 pro
3268 2539 3360 2579 vo-

99 2611 242 2682 πρδς
275 2613 520 2684 δύναμιν,
556 2618 809 2687 ἀσμενῶς
841 2619 941 2689 τῆς
980 2622 1356 2691 προαιρέσεως
1411 2624 1680 2687 ἀποδέξω,

1786 2621 2012 2675 lnntatis
2060 2618 2250 2673 merito
2286 2615 2515 2684 benigne
2542 2612 2708 2683 910
2752 2613 2899 2677 audi,
2930 2614 3359 2683 clementiusque

100 2706 199 2755 καὶ
248 2706 547 2775 συμπαθῶς
596 2710 1058 2781 ὲπικαμπτομένη
1109 2713 1202 2766 καὶ
1251 2714 1596 2777 ὲπινεύουσα,
1625 2715 1686 2768 τὸ

1787 2710 1976 2763 inflexa
2003 2715 2058 2761 et
2085 2720 2347 2769 annuens,
2378 2705 2729 2774 perexiguum
2757 2702 3128 2757 munusculum
3153 2704 3356 2770 accipe;

100 2794 444 2865 βραχύτατον
490 2798 661 2869 δῶρον
697 2800 974 2871 προσίεσο,
1014 2803 1089 2867 ὠς
1118 2806 1145 2858 ὁ
1171 2805 1261 2868 σὸς
1292 2806 1522 2876 νυμφίος
1552 2808 1685 2876 Χρι-

1786 2798 2235 2870 quemadmodum
2274 2810 2501 2865 sponsus
2538 2803 2662 2848 tuus
2708 2794 2965 2848 Christus
3008 2794 3218 2847 minuta
3255 2795 3358 2848 duo

100 2882 231 2945 στὸς
274 2886 343 2937 τα
388 2885 481 2939 δύο
508 2886 678 2940 λεπτὰ
714 2889 867 2959 παρά
899 2891 997 2962 τῆς
1028 2895 1286 2962 πενιχρᾶς
1317 2895 1490 2963 χήρας
1521 2912 1687 2965 προσ-

1792 2887 2134 2959 approbavit,
2165 2902 2283 2957 quae
2333 2885 2663 2957 paupercula
2691 2884 2849 2939 vidua
2884 2884 2935 2938 in
2981 2884 3072 2938 Dei
3132 2900 3355 2940 munera

97 2973 300 3041 ήκατο,
334 2974 394 3026 οὑ
438 2978 503 3046 τῇ
538 2977 631 3030 τοῦ
660 2978 938 3048 διδομένου
976 2982 1255 3053 ποσότητι,
1301 2983 1400 3051 τῆς
1452 3000 1685 3053 προσερε-

1788 2982 2031 3044 miserat,
2062 2994 2184 3034 cum
2213 2993 2316 3032 non
2351 2977 2460 3031 dati
2491 2975 2847 3045 quantitatem
2874 3017 2889 3042 ,
2931 2976 3022 3030 sed
3079 2974 3357 3031 oﬂerentis

97 3062 309 3135 ρούσης
357 3066 412 3119 δὲ
455 3067 680 3137 γνώμης
732 3073 1126 3142 προσεσχηκὼς
1172 3076 1239 3143 τῇ
1291 3074 1552 3142 ποιότητι.
1586 3075 1686 3135 Εὖ-

1784 3070 1949 3125 animi
1980 3069 2227 3122 affectum
2259 3066 2564 3121 attenderet
2588 3065 2654 3118 ⁸⁵.
2674 3064 2949 3120 inveniam
2978 3080 3103 3120 vero
3123 3076 3173 3120 te
3194 3067 3354 3121 etiam

98 3164 256 3217 ροιμι
289 3150 343 3202 δέ
384 3168 439 3203 σε
467 3154 562 3205 καὶ
596 3155 702 3208 τῶν
732 3157 880 3227 ὲμῶν
923 3159 1168 3230 ψυχικῶν
1213 3165 1306 3214 καὶ
1356 3164 1683 3233 σωματικῶν

1786 3162 1980 3215 anima:
2013 3168 2066 3213 et
2101 3160 2344 3228 corporis
2378 3158 2659 3213 vulnerum
2698 3157 2984 3227 benignam
3003 3159 3348 3223 curatricem,

96 3238 388 3305 μωλώπων
420 3247 670 3315 προσηκῆ
707 3248 1131 3321 θεραπεύτριαν,
1166 3254 1260 3308 καὶ
1310 3255 1510 3317 πάσαις
1565 3258 1683 3319 ταῖς

1789 3254 1947 3323 inque
1974 3253 2117 3306 omni
2153 3253 2385 3306 adverso
2414 3266 2543 3307 casu
2581 3258 2633 3305 et
2677 3250 2965 3305 afﬂictione
3014 3252 3352 3321 promptissi-

92 3348 161 3382 πε
172 3339 517 3401 ριστατικαῖς
550 3336 760 3407 θλίψεσι
792 3342 1148 3415 ἑτοιμοτάτην
1175 3348 1507 3416 προστάτιδα
1530 3364 1544 3379 ο
1591 3348 1685 3401 καί
1731 3414 1739 3416 _

1731 3414 1742 3416 Α
1793 3359 1935 3396 mam
1968 3352 2273 3411 patronam.
2301 3341 2604 3396 Atfectuum
2659 3355 2875 3411 quoque
2928 3342 3161 3411 impetus
3193 3354 3245 3398 et
3276 3342 3354 3395 la-

91 3438 204 3489 μου
260 3423 367 3476 τῶν
400 3426 589 3481 παθῶν
630 3431 847 3500 στήσοις
896 3433 1143 3503 γαληνῶς
1188 3414 1287 3499 τάς
1335 3438 1534 3508 ὁρμὰς,
1584 3414 1738 3491 καὶ(

1712 3414 1754 3471 C
1788 3436 2075 3489 scivientes
2102 3445 2280 3488 motus
2306 3432 2597 3504 tranquille
2626 3434 2810 3501 sistas,
2849 3449 2957 3502 quo
2992 3434 3155 3488 vitam
3190 3435 3257 3488 ad
3288 3450 3347 3489 ea

92 3514 475 3583 σκιρτήματα,
509 3518 594 3571 ἵνα
640 3520 733 3572 καὶ
775 3523 864 3573 τὸν
904 3524 1019 3593 βίον
1051 3525 1184 3595 πρὸς
1212 3526 1247 3579 ἃ
1272 3527 1353 3579 δεῖ
1382 3528 1674 3598 ρυθμίσας,

1786 3545 1903 3597 quae
1928 3536 2140 3596 oportet
2174 3540 2520 3595 componens,
2571 3534 2625 3580 et
2658 3525 2845 3580 mundi
2889 3526 3120 3594 procella
3157 3542 3347 3582 secure

89 3603 189 3651 καὶ
228 3601 316 3652 τὸν
340 3606 599 3672 κοσμικὸν
623 3609 1039 3680 ἀναχειμάστως
1066 3615 1378 3685 περαιώσας
1410 3618 1673 3683 κλύδωνα,

1789 3620 2126 3682 transmissa,
2148 3620 2211 3674 ad
2244 3618 2410 3673 vitam
2444 3618 2579 3673 senii
2608 3629 2908 3686 expertem,
2938 3629 2991 3673 et
3018 3619 3209 3674 salutis
3232 3636 3353 3688 por-

88 3688 239 3780 πρὸς
279 3689 423 3759 ζωὴν
458 3693 553 3762 τὴν
581 3697 789 3766 ἀγήρω,
835 3700 929 3752 καὶ
977 3701 1172 3772 λιμένα
1204 3708 1467 3775 σωτήριον
1517 3725 1678 3777 προσ-

1787 3721 1897 3765 tum
1936 3711 2227 3780 appelletis,
2266 3726 2361 3779 per
2389 3720 2459 3774 te,
2493 3724 2591 3779 ego
2617 3710 3006 3765 immensarum
3035 3711 3350 3765 delictorum

87 3778 356 3846 ορμίσας,
376 3781 592 3851 τύχοιμι
629 3785 717 3838 διὰ
748 3787 841 3839 σοῦ
874 3790 965 3841 ἐπὶ
995 3794 1105 3854 τοῖς
1144 3792 1404 3863 ἀμέτροις
1429 3795 1676 3865 πλημμε-

1787 3819 1929 3867 reus,
1982 3816 2325 3856 communem
2388 3809 2443 3855 et
2499 3802 2903 3855 misericordem
2953 3801 3187 3869 judicem
3223 3818 3354 3856 nan-

88 3870 326 3938 ὶπξμασι,
358 3872 449 3923 τοῦ
490 3876 670 3928 κοινοῦ
708 3879 798 3931 καὶ
832 3882 1204 3954 εὐσπλὰγχνου
1238 3888 1424 3958 κριτοῦ
1447 3928 1461 3948 ,
1489 3889 1674 3956 ἀφιέν-

1784 3897 1979 3959 ciscar,
2011 3896 2100 3964 qui
2130 3895 2364 3948 dimittat
2408 3894 2588 3961 potius
2622 3900 2676 3946 et
2718 3893 3013 3962 indulgeat,
3054 3893 3159 3947 tuis
3189 3894 3354 3947 inter-

84 3975 182 4021 τος
211 3961 413 4029 μᾶλλον
445 3966 535 4015 καὶ
560 3968 967 4038 συγχωροῦντος
1000 3973 1088 4025 διὰ
1122 3975 1217 4044 τὴν
1250 3961 1542 4045 πρεσϐείαν
1582 3979 1676 4031 καὶ

1784 3987 2120 4039 cessionibus
2144 3995 2306 4053 atque
2344 3984 2828 4053 supplicationibus
2876 3993 3187 4053 permotus;
3224 3999 3344 4038 cum

86 4052 361 4119 ἔντευξιν,
383 4055 481 4125 ἤδη
510 4058 609 4126 τὴν
637 4060 774 4129 ἐμὴν
806 4063 1080 4135 ρᾳθυμίαν
1110 4068 1333 4130 ἐνδίκως
1369 4070 1677 4138 καταψηφι-

1785 4077 1970 4145 utique
2010 4077 2295 4147 segnitiem
2323 4090 2497 4128 meam
2522 4074 2642 4144 jure
2669 4074 2780 4143 jam
2806 4077 3268 4140 condemnaverit,
3289 4092 3352 4129 ac

89 4140 341 4207 σαμένου
391 4148 482 4197 καὶ
510 4150 951 4218 κατακρίνοντος,
986 4156 1117 4207 πᾶσι
1151 4155 1205 4208 δὲ
1235 4158 1344 4219 τοῖς
1373 4157 1551 4209 πίστει
1583 4175 1674 4210 σου

1784 4169 1945 4222 modo
1981 4170 2323 4221 condemnet.
2364 4165 2472 4220 Sed
2516 4174 2571 4220 et
2601 4166 2815 4220 cunctis
2848 4167 2938 4233 qui
2968 4182 3088 4219 cum
3120 4167 3224 4220 fide
3259 4182 3351 4219 no-

83 4232 193 4298 τὴν
229 4235 602 4304 προσηγορίαν
657 4240 934 4307 ἀγαπῶσι,
967 4246 1062 4296 καὶ
1104 4246 1327 4315 τιμῶσι,
1361 4248 1454 4300 καὶ
1500 4248 1566 4299 δι’
1594 4250 1676 4300 αξ-

1783 4271 1907 4310 men
1941 4265 2090 4308 tutnn
2125 4254 2374 4323 diligunt,
2418 4253 2621 4318 colunt,
2659 4262 2714 4308 et
2753 4255 3084 4308 venerationi
3130 4255 3346 4320 habent,

84 4320 222 4382 δοῦς
254 4323 469 4388 ἄγουσι,
498 4328 591 4377 καὶ
634 4331 699 4395 τῇ
747 4331 1103 4402 ἀντιληπτικῇ
1144 4352 1235 4387 σου
1274 4338 1674 4405 προσφεύγουσι

1784 4348 1985 4416 quique
2005 4347 2067 4399 ad
2100 4345 2508 4400 intercessionis
2538 4355 2641 4399 tute
2680 4345 2980 4401 subsidium
3012 4347 3344 4415 confugiunt,

84 4412 388 4509 πρεσδεία,
421 4416 615 4481 γένοιο,
650 4412 694 4472 ὦ
721 4421 983 4490 ἀθλοφόρε
1033 4424 1314 4496 Βαρεάρα,
1348 4428 1441 4479 καὶ
1492 4428 1675 4480 καλλί-

1783 4412 1923 4502 esto,
1950 4453 1982 4491 0
2013 4436 2393 4505 triumphatrix
2460 4450 2525 4490 ac
2556 4437 2812 4505 praeclara
2866 4437 3081 4503 victrix,
3128 4412 3345 4509 inclyta,

84 4519 213 4555 νικε
251 4503 486 4573 ἀοίδιμε,
526 4508 615 4558 καὶ
650 4510 980 4581 ἀείμνηστε,
1017 4515 1109 4566 καὶ
1158 4517 1481 4587 πανεύφημε
1534 4518 1673 4587 μάρ-

1783 4527 2052 4596 dignaque
2100 4534 2299 4580 acterna
2348 4526 2631 4590 memoria,
2686 4524 2989 4579 clarissima
3029 4537 3251 4596 martyr,
3286 4541 3348 4580 ac

82 4609 213 4654 τυς,
246 4593 342 4645 καὶ
366 4596 694 4668 ἐννομοτὰτη
723 4601 1008 4672 ἀθλήτρια,
1039 4606 1132 4673 τῆς
1155 4606 1261 4659 τῶν
1301 4608 1543 4677 οὐρανῶν
1578 4609 1675 4677 βα-

1784 4618 2020 4686 legitima
2076 4631 2299 4685 prorsus
2357 4616 2502 4686 pugil
2558 4616 2818 4679 Barbara,
2875 4618 3025 4687 regni
3085 4618 3342 4673 ccelorum

84 4683 303 4745 σιλείας
358 4688 643 4756 πρόξενος,
701 4693 794 4744 καὶ
839 4695 894 4744 ἐν
946 4694 1089 4766 πάσῃ
1142 4696 1358 4768 λυπηρᾷ
1410 4700 1675 4768 συμϐἀσει

1706 4768 1738 4774 _
1784 4710 2149 4774 conciliatrix,
2188 4709 2241 4762 111
2295 4709 2439 4763 0111111
2485 4720 2685 4761 eventu
2736 4708 2877 4761 tristi
2930 4709 3261 4774 auxiliatrix,
3296 4721 3348 4762 ct

83 4775 441 4845 ὑπέρμαχος,
485 4780 577 4831 καὶ
625 4781 868 4851 πρέσόυς
919 4786 1351 4857 ἀκαταίσχυντος
1404 4791 1537 4859 πρὸς
1585 4768 1730 4843 τὸνΙ

1706 4768 1749 4823 D
1784 4799 2061 4853 inconfusa
2092 4808 2369 4867 sequestra
2405 4799 2545 4866 apud
2590 4798 3035 4867 benignissimum
3072 4799 3344 4852 Christum

83 4865 417 4931 πανάγαθον
465 4869 696 4938 Χριστὸν
734 4873 826 4926 τὸν
855 4875 983 4928 Θεὸν
1010 4878 1185 4947 ἡμῶν,
1223 4879 1341 4948 μεθ’
1372 4877 1432 4934 οὗ
1464 4882 1539 4950 τῷ
1579 4885 1674 4935 ἀν-

1783 4891 2066 4944 Dominnm
2098 4898 2367 4951 nostrum,
2399 4889 2617 4957 quicum
2652 4888 2722 4942 sit
2770 4896 2994 4950 aeterno,
3028 4887 3263 4956 ingenito
3294 4900 3347 4941 et

80 4955 276 5022 ἀρχιμ.
313 4957 405 5007 καὶ
452 4960 751 5031 ἀγεννήτῳ,
787 4965 879 5016 καὶ
930 4970 1288 5040 ﬂamma“?
1336 4973 1529 5042 "at-0""
1562 4975 1674 5042 ἅμα

1783 4980 2060 5032 adorando
2100 4978 2269 5043 Patri,
2323 4992 2425 5031 una
2473 4992 2594 5032 cum
2633 4977 3176 5031 consubstantialiac
3208 4977 3342 5031 vivi-

81 5044 165 5110 τῷ
200 5045 497 5112 ὀμοουσίῳ,
531 5050 622 5102 καὶ
656 5052 947 5124 ζωαρχικῷ
991 5058 1291 5129 Πνεύματι,
1332 5061 1477 5125 δόξα,
1518 5065 1671 5133 τιμὴ,

1785 5071 1884 5125 fico
1946 5071 2178 5139 Spiritu,
2217 5070 2407 5139 gloria,
2464 5068 2638 5122 honor
2690 5077 2744 5122 et
2778 5068 3043 5134 adoratio,
3101 5083 3242 5123 nunc
3293 5078 3344 5123 et

80 5132 495 5202 προσκύνησις,
528 5139 639 5205 νῦν,
674 5144 763 5195 καὶ
814 5146 919 5209 ἀεὶ,
954 5147 1045 5201 καὶ
1076 5149 1154 5212 είς
1187 5150 1311 5214 τοὺς
1341 5152 1537 5216 αἰῶνας
1569 5132 1674 5207 τῶν

1341 5152 1537 5216 αῖῶνας
1569 5154 1674 5207 τῶν
1782 5177 2016 5231 semper,
2048 5170 2100 5217 et
2130 5164 2180 5216 in
2202 5161 2394 5217 Stecula
2430 5161 2768 5217 ~cculorum.
2798 5162 2985 5215 Amen.

78 5245 112 5277 α
126 5224 332 5277 Ξὼνων.
354 5227 405 5278 Ἀ
415 5230 540 5299 μήν.
1902 5224 1917 5231 ’
2004 5224 2012 5228 ν
2498 5243 2500 5245 ’

160 5386 211 5412 δ’
247 5379 378 5436 Luc.
418 5400 525 5442 xxi.
563 5388 595 5439 ξι
633 5388 681 5440 4.
