4170 6454
161 398 263 460 817

1607 400 1966 460 CARMINA.

3277 391 3380 455 818

151 508 548 580 ἀναπέμπομεν
576 510 672 563 σὺν
693 511 771 582 τῷ
795 512 992 582 Πατρί,
1029 511 1121 564 καὶ
1149 510 1226 582 τῷ
1253 511 1391 582 ἁγίῳ
1415 513 1711 582 Πνεύματι,

1821 510 2065 562 lictorum
2108 522 2368 562 meorum.
2408 507 2483 560 Tu
2526 507 2792 576 siquidem
2824 520 2882 562 cs
2912 505 3052 560 Deus
3084 502 3388 559 misericora

152 598 270 664 νῦν,
315 602 410 654 καὶ
457 601 580 666 ἀεὶ,
629 603 721 656 καὶ
768 604 848 666 εἰς
893 603 1021 666 τοὺς
1069 602 1271 666 αἰῶνας
1321 603 1430 657 τῶν
1481 602 1716 658 αἰώνων.

181 693 361 764 ἁμήν.

149 893 193 943 Ε
202 892 316 961 ὺχὴ
343 891 510 960 ἑτέρα
533 891 637 946 τοῦ
657 890 844 946 αὑτοῦ
881 891 1151 946 Ἰωάννου
1174 891 1277 945 τοῦ
1297 889 1714 960 Δαμασκηνοῦ.

225 1003 340 1074 Πρὸ
366 1005 478 1056 τῶν
506 1003 683 1073 θυρῶν
707 1004 800 1056 τοῦ
825 1003 955 1056 ναοῦ
982 1020 1074 1056 σου
1105 1003 1451 1074 παρέστηκα,
1482 1001 1577 1053 καὶ
1609 1000 1717 1051 τῶν

151 1096 345 1148 δεινῶν
379 1095 652 1166 λογισμῶν
680 1097 780 1149 οὐκ
813 1096 1140 1165 ἀφίσταμαι.
1184 1094 1344 1147 Ἀλλὰ
1380 1095 1444 1146 σὺ
1469 1133 1484 1155 ,
1518 1091 1716 1161 Χριστὲ

154 1191 182 1240 ὁ
209 1187 402 1251 Θεὸς,6
425 1185 660 1256 τελώνην
681 1185 994 1250 δικαιώσας,
1018 1187 1111 1239 καὶ
1131 1169 1440 1239 Χαναναίαν
1466 1184 1715 1252 ἐλεήσας,

155 1279 253 1331 καὶ
297 1278 374 1347 τῷ
418 1278 586 1350 λῃστῇ
623 1278 952 1348 παραδείσου
1001 1277 1176 1340 πύλας
1223 1275 1462 1340 ἀνοίξας,
1511 1274 1720 1339 ἄνοιξον

158 1385 263 1438 μου
296 1369 364 1421 τὰ
391 1369 673 1437 σπλάγχνα
703 1369 802 1438 τῆς
835 1366 1241 1437 φιλανθρωπίας
1276 1381 1369 1417 σου
1390 1405 1405 1428 ,
1442 1366 1536 1418 καὶ
1571 1361 1720 1426 δέξαι

158 1476 262 1528 μου
316 1462 787 1530 προσερχόμενον,
838 1460 930 1513 καὶ
981 1458 1284 1528 ἁπτόμενόν
1315 1473 1447 1519 σου,
1502 1454 1580 1517 ὡς
1623 1454 1720 1522 τὴν

157 1549 364 1618 πόρνην
395 1550 484 1601 καὶ
514 1549 610 1619 τὴν
644 1548 1038 1620 αἰμόρῤούν.Ἡ
1080 1549 1180 1618 μὲν
1211 1546 1319 1617 γὰρ
1351 1546 1444 1598 τοῦ
1481 1543 1721 1614 κρασπέ-

153 1640 246 1691 δου
292 1657 383 1693 σου
423 1639 978 1715 ἁψαμένῳ-εὐχερῶς
1011 1638 1108 1704 τὴν
1157 1637 1298 1690 ἴασιν
1330 1636 1552 1689 ἔλασενο
1596 1637 1630 1704 ἡ
1663 1635 1720 1688 δὲ

154 1734 282 1796 τοὺς
323 1733 446 1793 σοὺς
496 1734 795 1802 ἁχράντους
840 1731 1005 1794 πόδας
1038 1731 1396 1802 κρατήσασα,
1428 1729 1527 1798 τὴν
1565 1726 1722 1780 λύσιν

1821 601 1940 663 dizc,
1975 601 2378 654 miseratiouum
2421 607 2471 653 et
2504 599 2896 663 humanitatis;
2929 598 3132 666 tibique
3166 593 3390 666 gloriam

1822 705 2193 760 personamus,
2225 707 2343 744 cum
2389 691 2543 745 Putre
2572 700 2626 744 ct
2670 699 2857 743 sancto
2887 688 3113 757 Spiritu,
3148 702 3288 742 nunc
3337 694 3391 738 ct

1820 796 2050 850 semper,
2087 791 2144 834 et
2171 781 2223 834 iu
2247 782 2442 835 sacula
2470 782 2812 836 saeculorum.
2848 780 3040 834 Amen.

1926 887 2164 942 Precatio
2211 889 2376 942 altera
2418 891 2647 958 ejusdem
2685 889 2911 945 Joannis
2949 887 3285 944 Damasceni.

1889 1006 2026 1057 Ante
2065 1004 2245 1074 templi
2294 1005 2365 1058 tui
2425 1005 2567 1058 iores
2604 1015 2742 1069 asto,
2783 1021 2884 1059 nec
2923 1020 2951 1058 a
2986 1002 3260 1073 perversis
3299 1015 3393 1056 co-

1818 1093 2164 1162 gitationibus
2211 1095 2432 1148 absisto.
2483 1093 2560 1148 Tu
2618 1109 2767 1156 vero,
2815 1095 3031 1148 Christe
3081 1092 3248 1157 Deus,
3295 1091 3391 1160 qui

1821 1183 2159 1252 publicanum
2185 1185 2391 1251 justilia
2438 1184 2670 1245 donasti.
2703 1195 2758 1238 et
2785 1183 3105 1238 Chananatze
3134 1185 3392 1237 misertus

1818 1289 1896 1340 es,
1937 1275 2136 1343 quique
2169 1275 2400 1344 paradisi
2439 1275 2633 1344 januas
2671 1275 2867 1329 latroni
2912 1274 3191 1342 aperuisti,
3246 1273 3394 1328 beni-

1817 1364 2035 1432 gnitatis
2059 1374 2160 1418 tua‘.
2185 1367 2386 1420 viscera
2422 1367 2551 1420 mihi
2589 1366 2784 1436 pande,
2817 1379 3010 1434 meque
3045 1364 3113 1418 ad
3145 1373 3196 1419 te
3233 1378 3391 1418 acce-

1819 1455 2053 1522 dentem,
2083 1469 2146 1508 ac
2173 1463 2224 1510 te
2251 1464 2557 1525 tangentem
2590 1458 2826 1525 suscipe,
2854 1455 3018 1510 veluti
3051 1455 3390 1510 meretricem

1820 1546 1982 1609 illam,
2019 1554 2074 1601 et
2104 1547 2378 1615 sanguinis
2405 1546 2550 1601 ﬂuxu
2589 1547 2960 1602 laborantem.
2995 1546 3088 1600 Illa
3124 1546 3391 1616 siquidem

1822 1635 2086 1690 ﬁmbriam
2118 1637 2434 1707 contingens
2486 1647 2654 1702 tuam,
2696 1637 2844 1691 brevi
2897 1636 3112 1708 negotio
3151 1636 3388 1691 salutem

1823 1727 2010 1795 adepta
2055 1735 2178 1781 est:
2211 1727 2345 1791 hwc,
2386 1728 2474 1783 ubi
2520 1727 2896 1783 immaculalos
2937 1727 3100 1797 pedes
3145 1735 3264 1781 tuos
3296 1741 3392 1794 ap-

153 1822 268 1874 τῶν
299 1823 711 1893 ἁμαρτημάτων
751 1821 1065 1889 ἐκομίσατο.
1112 1817 1252 1887 Ἐγὼ
1292 1818 1348 1872 δὲ
1391 1821 1420 1872 ὁ
1457 1817 1718 1878 ἐλεεινὸς,

1827 1823 2146 1890 prehendit,
2191 1833 2532 1891 peccatorum
2575 1821 2966 1890 indulgentiam
3022 1819 3226 1874 retulit.
3280 1817 3392 1886 Ego

153 1914 276 1966 ὅλον
307 1930 399 1966 σου
431 1913 492 1966 τὸ
527 1915 684 1984 σῶμα
719 1912 930 1966 πολλῶν
972 1911 1265 1978 δέξασθαι,
1323 1909 1397 1981 μὴ
1450 1907 1722 1977 καταφλε-

153 2004 348 2074 χθείην
370 2046 384 2070 ,
421 2005 554 2058 ἀλλὰ
585 2004 733 2071 δέξαι
769 2021 835 2074 με
862 2003 1050 2073 ὥσπερ
1089 2001 1298 2064 ὲκείνας
1317 2041 1331 2066 ,
1365 2001 1460 2054 καὶ
1490 1998 1724 2068 φώτισόν

157 2112 262 2164 μου
293 2095 362 2150 τὰ
391 2096 489 2165 τῆς
518 2095 693 2166 ψυχῆς
722 2094 1050 2164 αἰσθητήρια
1071 2132 1086 2159 ,
1118 2093 1475 2161 καταφλέγων
1522 2107 1624 2162 μου
1655 2089 1725 2144 τὰ

153 2186 257 2256 τῆς
293 2187 564 2258 ἁμαρτίας
605 2187 948 2256 ἐγκλήματα.
982 2184 1310 2254 Πρεσδείαις
1330 2183 1431 2252 τῆς
1469 2181 1725 2251 ἀσπόρως

153 2273 420 2345 τεκούσης
450 2291 529 2339 σε,
561 2275 654 2327 καὶ
681 2274 786 2327 τῶν
819 2273 1158 2342 ἐπουρανίων
1185 2273 1488 2340 δυνάμεωνο
1524 2271 1608 2324 ὅτι
1633 2269 1724 2322 εύ-

155 2366 382 2436 λογητὸς
413 2360 464 2417 εἰ
491 2366 570 2426 εἰς
592 2365 718 2427 τοὺς
740 2362 945 2426 αἰῶνας
970 2361 1078 2415 τῶν
1108 2359 1337 2414 αἰώνων.
1385 2358 1577 2428 ’Λμήν.

573 2561 739 2632 Εὐχὴ
766 2560 934 2630 ἑτέρα
957 2561 1063 2616 τοῦ
1091 2561 1297 2615 αὐτου.

228 2671 576 2743 Τετρωμὲνος
605 2671 832 2742 καρδίαν
864 2671 980 2740 εἰμὶ
1009 2671 1138 2740 ἐγώ·
1170 2670 1388 2740 ἐξέτηξε
1421 2687 1488 2742 με
1513 2671 1540 2722 δ
1564 2669 1723 2741 cm,-

155 2781 276 2828 σου,
307 2762 568 2831 ἡλλοίωσέ
612 2779 678 2833 με
726 2764 759 2832 ἡ
799 2763 986 2832 ἀγάπη
1027 2779 1154 2826 σου,
1192 2761 1473 2816 Δέσποταο
1505 2762 1723 2833 δὲσμιός

149 2859 274 2922 εἰμι
304 2854 383 2924 τῷ
422 2853 584 2925 Epist!
615 2870 729 2906 σου.
773 2851 1176 2923 Ἐμπλησθείην
1213 2869 1304 2905 σου
1344 2851 1451 2904 τῶν
1480 2852 1718 2922 σαρκῶν·

150 2943 473 3014 κορεσθείην
517 2943 611 2995 τοῦ
643 2941 850 3012 ζωεροῦ
908 2942 1001 2995 καὶ
1044 2941 1290 2995 θεοποιού
1337 2942 1564 3012 αἵματός
1595 2960 1718 2995 σου·

146 3033 524 3102 ἀπολαύσαιμι
558 3031 667 3084 τῶν
695 3031 934 3100 ἀγαθῶνο
965 3033 1448 3102 κατατρυφήσαιμι
1492 3035 1591 3102 τῆς
1625 3033 1720 3103 σῆς

145 3127 424 3196 θεότητοςο
447 3124 593 3188 ἄξιος
617 3123 876 3192 γενοίμην
905 3120 1182 3192 ἐρχομένῳ
1209 3122 1345 3192 μετὰ
1368 3123 1526 3192 δῦξης
1551 3125 1720 3176 ὑπαν-

143 3217 314 3286 τῆσαι
351 3232 452 3281 σοι,
487 3214 729 3285 ὲναέριος
761 3213 1035 3285 ἁρπαγείς
1072 3214 1128 3265 ὲν
1162 3214 1410 3280 νεφέλαις
1449 3216 1544 3265 σὺν
1579 3215 1712 3265 πᾶσι

143 3310 264 3368 τοῖς
290 3307 564 3369 ἐκλεκτοῖς
593 3323 709 3370 σου,
739 3305 814 3368 ὡς
843 3305 908 3358 ἂν
940 3303 1124 3374 ὑμνῶ,
1155 3306 1247 3357 καί
1270 3305 1588 3375 προσκυνῶ,
1619 3308 1712 3358 καὶ

143 3397 358 3462 δοξάζω
414 3413 469 3449 σε
507 3395 838 3466 εὐχαρίστως
885 3397 944 3448 ὲν
997 3394 1418 3466 ἐξομολογήσει,
1480 3397 1577 3450 σὺν
1636 3397 1711 3466 τῷ

142 3488 370 3558 ἀνάρχῳ
398 3505 489 3540 σου
524 3488 698 3556 Πατρί
721 3486 814 3539 καὶ
847 3485 925 3556 τῷ
965 3485 1236 3555 παναγίῳ,
1263 3487 1355 3539 καὶ
1382 3486 1592 3556 ἀγαθῷ,
1623 3490 1713 3540 καὶ

144 3576 403 3646 ζωοποιῷ
442 3593 532 3629 σου
579 3575 876 3645 Πνεύματι,
913 3574 1027 3639 νῦν,
1070 3575 1163 3628 καὶ
1189 3575 1296 3639 ἀεὶ,
1335 3577 1430 3629 καὶ
1475 3579 1556 3639 εἰς
1585 3578 1710 3641 τοὺς

142 3663 355 3729 αἰῶνας
381 3664 490 3718 τῶν
517 3664 747 3718 αἰώνων.
787 3665 980 3735 Ἀμήν.

1825 1925 1953 1965 vero
1983 1912 2145 1965 miser
2187 1925 2428 1980 prorsus,
2465 1909 2556 1980 qui
2605 1920 2774 1964 totum
2820 1923 3018 1978 corpus
3056 1916 3206 1961 tuum
3255 1905 3394 1960 reci-

1821 2015 1947 2069 pere
1989 2001 2180 2065 audeo,
2209 2000 2412 2055 utinam
2443 2001 2514 2055 ab
2549 1999 2800 2055 incendio
2826 1999 3078 2054 immunis
3120 2005 3176 2052 et
3209 1997 3394 2052 salvus

1821 2091 2042 2144 cvadam
2073 2108 2086 2144 :
2119 2092 2215 2146 sed
2246 2106 2330 2146 me
2377 2100 2434 2145 ut
2480 2090 2600 2146 illas
2632 2090 2760 2146 olim
2792 2088 3079 2154 suscipias,
3118 2087 3392 2153 animique

1823 2195 2011 2236 sensus
2057 2179 2348 2246 illumiues,
2391 2182 2601 2237 cunctis
2639 2181 2845 2251 peccati
2882 2179 3125 2235 restibus
3164 2177 3392 2234 combu-

1821 2273 1941 2336 stis,
1992 2271 2131 2326 illius
2174 2272 2680 2337 interventionibus,
2713 2287 2836 2342 quas
2879 2271 3000 2328 sine
3037 2268 3246 2326 semine
3294 2281 3390 2338 ge-

1822 2363 1938 2416 nuit
1965 2380 1978 2416 :
2012 2363 2263 2430 quoniam
2288 2363 2610 2418 benedictus
2636 2378 2696 2419 es
2729 2363 2786 2417 in
2816 2361 3012 2418 secula
3041 2358 3387 2416 saeculorum.

1826 2454 2017 2507 Amen.

2242 2562 2494 2632 Ejusdem
2526 2564 2756 2630 precatio
2779 2561 2968 2616 altera.

1893 2671 2064 2727 Corde
2106 2673 2417 2728 vulneratus
2456 2687 2555 2741 ego
2611 2686 2727 2726 sum
2759 2691 2772 2726 :
2803 2670 3082 2726 tabescere
3129 2684 3216 2724 me
3263 2667 3394 2726 fecit

1823 2764 1968 2818 zelus
1997 2772 2119 2818 tuus
2147 2773 2203 2817 et
2233 2763 2508 2818 annulatio
2536 2780 2550 2816 :
2577 2762 2883 2816 immutavit
2915 2777 3001 2817 me
3031 2761 3246 2816 dilectio
3276 2771 3390 2823 tua.

1826 2855 2044 2908 Domine
2078 2873 2090 2908 :
2126 2853 2334 2908 vinctus
2365 2869 2483 2909 sum
2525 2867 2624 2924 ego
2665 2867 2848 2908 amore
2873 2853 3038 2923 912
3071 2853 3168 2907 tui.
3200 2852 3391 2908 Carni-

1822 2945 1922 2999 bus
1953 2945 2058 2999 tuis
2103 2944 2347 3013 implear,
2378 2959 2561 3013 quaeso
2588 2962 2602 3000 :
2637 2943 2848 2998 vivitlco
2872 2945 3171 3013 tleiticoque
3200 2957 3393 2998 cruore

1825 3048 1912 3091 tuo
1952 3045 2164 3092 saturer
2192 3053 2205 3090 :
2233 3036 2386 3089 bonis
2435 3034 2684 3104 perfruar
2721 3036 2848 3090 tuis.
2890 3032 3100 3089 Deitate
3131 3043 3220 3087 tua
3259 3032 3395 3086 deli-

1822 3129 1930 3180 cier
1964 3144 1976 3178 :
2009 3127 2202 3196 dignus
2236 3125 2459 3188 eﬂiciar,
2493 3125 2582 3194 qni
2621 3125 2714 3180 tibi
2742 3140 2862 3179 cum
2893 3124 3059 3194 gloria
3086 3125 3386 3177 advenlenli

1819 3215 2007 3267 ohvius
2037 3227 2275 3281 pergam,
2309 3214 2363 3266 in
2415 3227 2596 3267 aerem
2649 3229 2830 3281 raptu:
2872 3231 2916 3266 .n.
2970 3213 3219 3274 nubibus,
3268 3227 3389 3265 cum

1817 3305 2068 3360 omnibus
2101 3304 2286 3358 electis
2317 3306 2444 3370 tuis,
2477 3314 2537 3358 ut
2587 3315 2638 3360 te
2685 3305 2920 3369 laudem,
2953 3305 3300 3372 adoremque.
3340 3312 3391 3352 (π.

1813 3393 2126 3458 οἰητὶιὶοοηι,
2169 3393 2378 3462 gratias
2425 3407 2591 3462 agens
2640 3394 2694 3446 in
2740 3392 3102 3454 confessione,
3149 3405 3270 3445 cum
3301 3399 3390 3444 tm.

1815 3485 1976 3542 Patre
2019 3495 2075 3540 et
2115 3484 2481 3549 sanctissimo,
2529 3483 2860 3554 optimoque,
2905 3492 2962 3538 et
3017 3481 3140 3535 vitae
3175 3489 3393 3533 auctore

1818 3575 2024 3647 Spiritu
2069 3587 2180 3641 tuo,
2206 3589 2349 3632 nunc
2381 3586 2435 3632 et
2468 3589 2700 3646 semper,
2747 3582 2802 3630 et
2842 3575 2894 3629 in
2926 3573 3123 3629 szecula
3165 3571 3390 3626 saeculo-

1818 3682 1953 3720 rum.
1988 3666 2178 3720 Amen.

240 3807 2408 3840 mw

1402 3932 2140 4025 ADMONITIO.

235 4083 595 4163 Damasceni
625 4085 901 4143 carmina
940 4091 995 4142 et
1034 4085 1276 4163 cantica
1322 4085 1457 4163 jam
1508 4083 1654 4142 olim
1712 4094 1853 4163 ante
1897 4083 2103 4143 smeuli
2148 4085 2368 4144 decimi
2421 4087 2584 4144 sexti
2621 4086 2889 4144 medium
2924 4085 3126 4163 Romae
3174 4102 3396 4142 excusa

141 4166 404 4242 [nerant
432 4162 643 4242 Greece
690 4162 1022 4242 Latineque
1041 4162 1139 4242 ab;
1170 4161 1337 4242 Aldo‘
1361 4162 1684 4242 Munatio.
1721 4162 2400 4242 Romano,eorumdem
2434 4165 2959 4242 interpreteteum
2986 4161 3129 4220 aliis
3163 4164 3396 4242 Casina!

144 4237 731 4314 Hierosolymitani,
763 4237 970 4300 Marci
996 4240 1409 4314 Hydruntini,
1456 4238 1864 4318 Theophanis,
1909 4248 1964 4298 et
1997 4239 2308 4300 Scholarii
2336 4263 2350 4307 ;
2387 4260 2458 4300 ac
2499 4237 2756 4318 subinde
2787 4241 3003 4300 Latine
3043 4247 3282 4298 tantum
3316 4237 3393 4298 ab

145 4319 425 4379 Uenrico
456 4318 719 4387 Gracio,
755 4318 1006 4395 ordinis
1036 4318 1558 4390 Prcedieatorum,
1599 4317 1664 4378 in
1707 4317 1972 4376 editione
2010 4318 2365 4378 Coloniensi
2395 4321 2546 4377 anni
2590 4317 2759 4390 1546,
2792 4335 3154 4395 rursumque
3186 4318 3392 4395 Greece

144 4406 202 4455 et
247 4397 458 4455 Latine
491 4396 554 4453 in
593 4394 936 4453 Basileensi
965 4413 1127 4453 anno
1167 4395 1347 4467 1575,
1390 4414 1460 4455 ac
1513 4397 1757 4456 tandem
1793 4395 1857 4453 in
1886 4396 2349 4456 Parisiensibus
2392 4395 2768 4456 editionibus
2823 4414 2898 4454 ex
2931 4393 3153 4455 Jacobi
3216 4393 3395 4453 Billii

142 4473 1008 4552 interpretationesManittii
1050 4475 1392 4552 versionem
1421 4521 1434 4546 ,
1477 4474 1624 4552 quia
1668 4470 1919 4531 verbum
1967 4493 1994 4532 ε
2047 4473 2234 4533 verbo
2271 4474 2590 4544 reddidit,
2651 4493 2678 4531 e
2744 4476 2993 4550 regione
3063 4481 3392 4532 contextus

144 4549 815 4628 Grreeiapponendum
865 4550 1041 4619 duxi,
1072 4552 1286 4628 paucis
1327 4549 1654 4612 hinc—inde
1693 4552 1945 4609 mutatis
1979 4573 1994 4617 ;
2047 4561 2175 4611 tum
2224 4552 2442 4612 deinde
2478 4549 2829 4611 Billianant
2852 4551 3071 4610 stricta
3111 4551 3393 4609 oratione

140 4626 591 4717 metaphrasim
635 4627 896 4717 sitpjieio
924 4675 939 4700 ,
1006 4626 1216 4717 utpote
1249 4628 1625 4717 liberiorem,
1665 4648 1735 4687 ac
1777 4646 1912 4717 gnte
1959 4648 2201 4717 sensum
2229 4632 2504 4688 auctoris
2547 4647 2623 4687 ex
2663 4637 2788 4687 toto
2819 4646 2943 4717 non
2983 4629 3248 4717 ςΙΓε-νςιι..
3278 4629 3394 4686 His

141 4707 317 4765 idem
347 4704 574 4784 Billius
593 4704 844 4784 addidit
875 4723 1047 4764 suam
1073 4704 1292 4784 prima:
1317 4708 1520 4784 partis
1545 4704 1830 4767 Oetoeclii
1862 4707 2356 4776 translationem,
2392 4727 2429 4764 a
2471 4726 2591 4784 qua
2623 4725 2781 4764 nunc
2814 4704 3048 4764 edenda
3086 4705 3390 4784 abstineo,

143 4785 493 4863 dum_eert_o
535 4782 892 4863 dignoscere
915 4782 1132 4861 potero
1165 4782 1417 4863 quinam
1458 4804 1669 4844 tersus
1711 4785 1973 4844 Joannis
2024 4787 2388 4845 Damasceni
2419 4782 2567 4856 sint,
2626 4787 2878 4862 quinam
2910 4782 3216 4853 Anatolii,
3255 4783 3388 4842 Me-

142 4859 481 4938 tropltanis
513 4870 568 4920 et
606 4859 895 4920 aliorum.

255 5087 559 5141 [HANNUI'
592 5087 728 5140 ΤΟΥ
767 5089 1270 5151 ΔᾹΜΑΣΚΗΝυΥ,
1314 5091 1418 5142 ΕΙΣ
1467 5092 1606 5146 ΤΗΝ

726 5157 992 5210 ΘΕΟΙῸΝ
1002 5159 1110 5210 IAN
1124 5199 1134 5210 .

1939 5091 2221 5147 JOANNIS
2263 5093 2644 5147 DAMADCENI
2690 5092 2753 5145 ΙΝ
2796 5091 3271 5148 ΤΙΙΕΟϐυΝΙᾹΜ.

663 5243 745 5303 Οὗ
781 5250 818 5314 ἡ
843 5250 1207 5316 ἀκροστιχίς.

2293 5249 2610 5315 Ρνὲηεοιιιιωη
2641 5267 2904 5302 versuum.

141 5342 388 5411 E53351};
424 5339 702 5410 μελέεσσιν
737 5339 973 5409 ὲφύμνια
1002 5339 1172 5392 ταῦτα
1201 5339 1428 5407 λιγαίνει
1455 5383 1470 5405 ,

1887 5337 2141 5393 Jucundis
2169 5341 2414 5394 cantibus
2449 5341 2630 5410 hymni
2668 5340 2757 5393 isti
2792 5350 2998 5394 canunt

1325 5446 1374 5500 J.
1413 5449 1606 5503 BILLII
1646 5449 2215 5507 INTERPRE'FATIO.

140 5572 206 5624 ι).
245 5570 474 5622 Joannis
501 5569 807 5622 Damasceni
828 5568 891 5621 de
948 5568 1144 5620 Clu-isti
1203 5570 1496 5632 nativitate,
1543 5575 1702 5628 iambi

214 5641 528 5702 pentastichi
557 5654 814 5707 :quorum
849 5639 1034 5706 primm
1072 5639 1260 5691 littera:
1295 5643 1346 5692 in
1382 5640 1564 5696 Gra'co
1597 5646 1707 5698 [ιιι-ε

216 5713 327 5759 (itm
345 5709 578 5776 dyslieha
599 5709 852 5774 efficiunt.

147 5776 412 5833 Versibus
451 5779 532 5834 his
563 5778 770 5832 canitur
798 5777 1009 5835 soboles
1052 5787 1250 5834 acterna
1285 5778 1566 5844 Tonantis,

1879 5574 2151 5638 Christus,
2180 5575 2268 5644 qui
2303 5575 2419 5630 ﬁeri
2447 5591 2550 5631 non
2582 5574 2845 5630 dubitavit
2870 5575 3034 5628 homo
3071 5597 3084 5628 :

1816 5666 2059 5721 Solveret
2091 5678 2147 5720 ut
2175 5667 2356 5721 miseri
2387 5670 2621 5722 moriens
2655 5668 2990 5721 incommoda
3028 5664 3234 5717 mutuli.

1890 5757 1982 5812 llis
2023 5759 2160 5814 hunc
2193 5759 2336 5814 solve
2368 5759 2543 5826 malis,
2586 5759 2675 5829 qui
2703 5759 2848 5815 canit
2885 5759 3005 5824 ista,
3038 5757 3202 5812 Deus.
