4170 6454
134 391 240 448 837

130 503 197 553 Ἦ
229 501 322 554 τοῦ
355 503 710 575 Παρακλήτου
736 504 793 557 δὲ
828 506 1111 576 φωσφόρος
1147 507 1324 578 χάρις,

119 594 488 663 Σεϐασμιὰζει
517 595 610 647 τοῦ
645 594 795 665 βοᾷν,
829 595 997 666 Τριὰς
1030 596 1187 667 μόνη,

133 682 455 752 Ἰσοσοενὴς,
479 682 736 752 ἄναρχος,
764 684 1052 754 εὐλογητὸς
1079 683 1146 738 εἴ.

190 776 380 846 Φωνὴν
409 775 928 846 προφητόφθεγκτον
968 777 1320 845 ἠγνοηκότες,

123 868 406 933 Ἐιρασκον
434 866 792 930 οἱνότευκτον,
829 868 1080 937 ἄφρονες,
1116 868 1306 938 μέθην,

132 959 352 1026 Ῥήσεις
383 956 820 1027 ξενηκούσθησαν
855 958 928 1020 ὼς
961 958 1293 1012 ἀποστόλου.

121 1049 188 1100 ()l
219 1049 463 1111 εὐσεϐεῖς
484 1049 540 1102 δέ
571 1066 652 1101 σοι
689 1049 904 1119 βοῶμεν
936 1050 1156 1115 ὲνθέως,

122 1142 374 1212 Νεουργὲ
399 1141 494 1194 τοῦ
522 1143 837 1219 σύμπαντος
863 1143 1150 1211 εὐλογητὸς
1181 1140 1250 1197 εἴ.

195 1232 400 1288 Θέσπιν
430 1234 861 1306 κατεϐρόντησεν
892 1239 921 1290 ὁ
956 1236 1166 1306 βλέπων
1193 1238 1322 1300 ὅπα,

123 1324 352 1388 Ἕνθους
388 1326 557 1397 Ἰωὴλ,
583 1326 677 1379 τοῦ
718 1328 1176 1398 Οεαρχικωτάτου,

123 1414 222 1482 Οἷς
259 1422 454 1490 ἐκχεῶ,
488 1423 779 1492 φήσαντος,
811 1419 895 1477 οἷά
929 1442 1031 1496 περ
1059 1426 1251 1494 Λόγον,

123 1513 234 1564 Τπιῦ
267 1514 580 1583 Πνεύματός
615 1533 715 1586 μου
748 1517 1116 1588 συμδοήσουσι
1157 1518 1318 1586 φύσις

139 1605 202 1656 ‘ll
232 1608 802 1676 τρισσοφεγγόφωτος,
833 1610 1124 1680 εὐλογητὸς
1153 1607 1220 1665 εἷ.

196 1699 395 1771 Τριττὴ
430 1702 528 1770 μὲν
549 1701 875 1771 εὐμοίρησεν
901 1703 1059 1772 ὡρῶν
1091 1703 1188 1774 τὴν
1219 1705 1400 1774 χάριν,

124 1790 316 1854 Ὅπως
338 1793 668 1863 ὲπεμφήνειε
695 1796 842 1864 τρεῖς
876 1795 1227 1862 ὑποστάσεις,

123 1883 316 1936 Σέὄειν
341 1886 396 1937 ὲν
425 1885 688 1956 ἁπλότητι
712 1886 812 1956 τῆς
839 1886 1105 1952 ἐξουσίας.

138 1975 278 2026 Ἀλλ’
310 1978 367 2028 ιν
395 1979 491 2048 μιᾷ
516 1978 610 2032 νῦν
645 1980 867 2049 ἡμερῶν
896 1983 961 2052 τῇ
988 1983 1189 2054 Κυρίᾳ,

120 2065 274 2132 Υἱὸς,
302 2067 510 2138 Πατὴρ,
544 2071 639 2124 καὶ
662 2071 904 2142 Πνεῦμα,
935 2074 1224 2144 εὐλογητὸς
1252 2071 1319 2130 εἴ.

201 2160 328 2213 Λύει
361 2164 428 2215 τὰ
462 2163 655 2233 δεσμὰ,
698 2168 792 2219 καὶ
819 2167 1054 2239 δροσίζει
1077 2168 1174 2239 τὴν
1205 2170 1394 2240 φλόγα,

135 2251 197 2302 '0
218 2257 616 2327 τρισσοφεγγὴς
641 2260 738 2330 τῆς
767 2261 1024 2332 θεαρχεας
1050 2264 1240 2328 τύπος,

137 2343 397 2411 Ὕμνοῦσι
431 2349 639 2415 παῖδες,
669 2351 943 2420 εὐλογεῖτε
971 2354 1060 2406 τὸν
1093 2357 1276 2425 μόνον,

116 2434 374 2505 Σωτῆρα,
413 2441 506 2492 καὶ
531 2445 869 2514 παντουργὸν
897 2445 972 2508 ὡς
1001 2447 1316 2516 εὐεργέτην,

131 2527 202 2578 Ἦ
227 2528 691 2602 δημιουργηθεῖσα
726 2536 990 2604 σύμπασα
1019 2538 1215 2602 κτίσις.

201 2621 435 2691 Μνήμην
453 2625 481 2676 ὀ
509 2625 739 2695 Χριστὸς
764 2628 871 2681 τῶν
895 2629 1233 2699 βροτοσσόων
1262 2633 1431 2698 ἐπῶν,

135 2713 635 2784 Ἀπατρακουσθεὶς
657 2719 771 2780 τοῖς
796 2719 1116 2784 ἀποστόλοις
1140 2722 1264 2793 ἔφη.

119 2805 202 2858 Τὸ
229 2806 449 2876 Πνεῦμα
472 2807 653 2877 τεύχει
684 2809 1189 2882 γλωσσοπυρσεύτῳ
1210 2814 1349 2885 θεῷ.

135 2896 373 2963 Ἐφίζον,
413 2898 703 2968 εὐλογητὸν
740 2903 1102 2973 οἰκειουμένη,

138 2988 573 3060 Ἡλλοτριωμένη
601 2992 658 3044 δὲ
699 2993 893 3061 μέλπει
927 3011 986 3047 σε
1019 2997 1217 3060 κτίσις.

200 3079 583 3150 Σωτηριωδῶς,
619 3084 1020 3148 αὐτοδεσπότως
1052 3085 1148 3150 ιὸν,

117 3169 245 3230 Φῶς
274 3171 640 3242 αὐτολαμπὲς,
667 3178 762 3227 καὶ
795 3177 1129 3247 παρεκτικὺν
1156 3179 1328 3247 φάους

135 3261 435 3332 Ὑπάρχονν
467 3260 602 3334 ἧκες
622 3267 897 3336 ἐμφορυῦν
933 3271 1287 3339 ἀποστόλους,

121 3352 337 3422 Τιμῆεν
367 3355 442 3418 ὡς
469 3357 624 3428 ἄημα
651 3361 762 3422 τοῖς
796 3362 909 3424 σοῖς
943 3362 1205 3427 οἰκέταις,

120 3444 576 3516 Λελιπαρημένον
599 3467 657 3501 τε
686 3451 912 3521 Πνεῦμα
947 3455 1293 3524 προσνέμοις.

200 3532 337 3608 ’ῌσε
368 3540 658 3609 προφητῶν
684 3544 1172 3612 πνευματέμφορον
1213 3546 1411 3617 στόμα,

123 3630 237 3695 Σὴν
265 3631 628 3699 σωματωδῶς,
654 3625 698 3685 ὧ
727 3634 938 3698 Μέδων,
975 3637 1256 3706 ὲνδημίαν,

124 3719 240 3771 Καὶ
263 3720 486 3791 Πνεῦμα
510 3723 725 3777 κόλπων
753 3726 1033 3795 πατρικῶν
1073 3730 1436 3799 προηγμένον,

128 3811 444 3877 Ἀκτιστον,
477 3815 989 3887 συμπλάστουργον,
1022 3818 1309 3889 σύνθρονον
1341 3824 1495 3877 σέθεν
1516 3863 1531 3888 ,

138 3897 261 3961 Ἰεὶς
290 3899 753 3973 ὲνανθρωπήσεως
789 3909 998 3971 πιστοῖς
1037 3909 1222 3974 σέϐας.

1566 396 1931 459 canum.
3248 406 3376 486 sa?

1734 512 1772 566 Α
1806 508 2064 568 Paracleti
2106 525 2282 572 autem
2315 518 2535 576 lucifera
2576 524 2744 590 gratia

1810 606 2006 672 Dignos
2032 606 2160 662 facit
2195 612 2524 681 utclameut,
2551 613 2596 668 Ο
2629 615 2864 671 Trinitas
2901 618 3035 681 sola,

1805 695 2162 766 Aiquipotens
2192 701 2310 755 sine
2334 705 2615 773 principio,
2640 705 2917 761 benedicta
2945 725 3022 761 es.

1877 786 2071 842 Vocem
2104 804 2132 841 a
2168 791 2427 859 propheta
2453 792 2652 848 dictam
2694 795 2784 864 qui
2824 797 3160 864 ignorarunt,

1806 877 2063 933 Dicebant
2103 883 2271 946 stulti,
2312 881 2507 937 lactant
2541 900 2569 937 a
2600 886 2722 940 vino
2759 885 3094 940 ebrietatem.

1807 969 2051 1039 Loquelt'e
2081 977 2378 1043 peregrinae
2408 975 2604 1031 audita:
2627 989 2773 1040 sunt,
2800 988 2857 1032 ιιι
2885 977 3274 1047 apostolorum.

1804 1060 1882 1116 Pii
1922 1073 2097 1116 autem
2137 1066 2228 1119 tibi
2257 1065 2556 1121 clamamus
2590 1068 2846 1122 divinitus
3016 1074 3019 1075 ⁷

1804 1150 2040 1207 Nov-ilice
2085 1155 2344 1217 universi,
2380 1155 2689 1210 benedictus
2741 1173 2818 1212 es.

1875 1241 2266 1298 Vaticinantem
2298 1249 2569 1313 pertonuit
2596 1247 2779 1303 videns
2811 1264 3017 1310 vocem,

1807 1332 1916 1388 Deo
1948 1336 2136 1403 plenus
2175 1334 2311 1400 Joel,
2337 1336 2658 1392 divinissimi
2705 1339 3039 1408 principatus
3073 1354 3087 1389 :

1803 1430 2007 1494 Quibus
2035 1428 2326 1493 eﬂundam,
2363 1429 2563 1493 aiebat,
2617 1440 2872 1498 tanquam
2916 1429 3173 1494 Verbum,

1805 1523 1875 1577 De
1903 1521 2106 1590 Spiritu
2136 1536 2275 1585 meo,
2308 1537 2409 1574 una
2438 1521 2785 1575 clamabunt:
2813 1521 2857 1576 Ο
2893 1533 3082 1574 natura

1803 1616 2026 1685 Triplici
2056 1616 2338 1684 splendore
2375 1616 2580 1677 lucens,
2615 1615 2893 1669 benedicta
2917 1630 2995 1666 es.

1872 1708 2056 1762 Tertia
2085 1709 2297 1777 quidem
2325 1717 2481 1762 nacta
2518 1716 2600 1760 est
2622 1709 2874 1760 horarum
2910 1706 3157 1775 gratiam,

1804 1800 1874 1855 Ut
1903 1802 2316 1864 demonstraret,
2348 1811 2454 1855 tres
2481 1801 2809 1855 substantias

1804 1895 2042 1947 Adorare
2074 1895 2124 1947 in
2151 1893 2495 1961 simplicitate
2543 1893 2825 1961 potestatis
2856 1909 2869 1944 :

1805 1986 1908 2040 Sed
1948 1986 1999 2039 in
2025 2001 2129 2038 una
2160 1999 2300 2038 nunc
2336 1984 2544 2037 dierum
2580 1983 2820 2046 domina,

1805 2075 1990 2140 Filius,
2021 2076 2201 2140 Pater,
2239 2087 2291 2129 et
2322 2075 2575 2143 Spiritus,
2606 2075 2917 2128 benedictus
2951 2088 3032 2126 es.

1872 2167 2042 2220 Solvit
2076 2165 2311 2230 vincula,
2335 2173 2388 2219 et
2427 2175 2570 2219 rorat
2602 2163 2869 2218 ﬂammam

1802 2258 1978 2314 Terno
2004 2259 2206 2312 lumine
2230 2258 2560 2326 principatus
2589 2255 2785 2310 forma.

1801 2350 2050 2405 Laudant
2093 2351 2264 2420 pueri,
2289 2351 2504 2403 laudate
2543 2350 2714 2404 solum

1803 2445 2158 2508 Salvatorem,
2178 2444 2576 2499 etconditorem
2599 2441 2862 2506 omnium,
2878 2449 2928 2496 et
2947 2437 3362 2498 benefactorenr

1801 2537 1994 2590 Creata
2020 2536 2266 2589 universa
2299 2545 2568 2588 creatura.
3050 2527 3372 2601 [salvantur,

1873 2626 2187 2682 Memoriam
2235 2626 2485 2681 Christus
2533 2626 2818 2678 verborum
2864 2622 3064 2693 quibus
3116 2622 3374 2676 mortales

1802 2720 1932 2786 Qua:
1962 2736 1990 2773 a
2023 2719 2182 2773 Patre
2206 2719 2433 2781 audivit,
2467 2716 2723 2784 apostolis
2758 2714 2911 2768 dixit.

1803 2809 2039 2880 Spiritus
2070 2817 2336 2876 pra‘parat
2371 2808 2668 2870 linguarum
2717 2805 2996 2874 ignearum
3051 2801 3364 2871 spectaculo

1802 2901 2070 2966 Insidens,
2108 2900 2474 2962 benedictum,
2499 2898 2791 2952 assimilata
2827 2915 2842 2950 :

1802 2995 2047 3049 Alienata
2084 3009 2213 3047 vero
2253 2993 2434 3045 laudat
2464 3002 2514 3045 te
2537 2991 2764 3047 creatio.

1873 3085 2109 3140 Salutari
2144 3085 2352 3138 ratione
2386 3099 2479 3138 sua
2528 3091 2795 3150 potestate
2821 3081 2935 3135 iens

1729 3183 1775 3245 C
1808 3177 1916 3231 Lux
1947 3193 2042 3246 per
2070 3192 2128 3231 se
2158 3177 2456 3244 splendida,
2487 3185 2539 3228 et
2591 3173 2768 3227 datrth
2804 3173 3020 3225 luminis

1809 3267 2107 3328 Exsistens,
2133 3265 2326 3318 venisti
2361 3277 2414 3317 ut
2442 3264 2692 3331 implores
2735 3261 3029 3332 apostolos,

1809 3356 2136 3410 Honoratum
2185 3365 2438 3422 tanquam
2465 3355 2688 3407 halitum
2727 3354 2830 3405 tuis
2859 3355 3054 3415 servis,

1808 3447 2176 3515 lllustremqne
2204 3444 2465 3512 Spiritum
2500 3445 2811 3498 tlistribuas.

1876 3541 2087 3595 Cecinit
2118 3543 2501 3608 prophetarum
2534 3538 2733 3606 Spiritu
2764 3539 2976 3606 plenum
3009 3552 3092 3601 os,

1807 3631 1980 3682 Tuum
2005 3630 2377 3698 corporaliter,
2404 3644 2436 3680 o
2467 3628 2707 3692 Domine,
2739 3630 3050 3691 adventum,

1811 3721 1872 3774 Et
1900 3721 2157 3790 Spiritum
2187 3722 2391 3775 sinibus
2439 3723 2678 3789 paternis
2705 3721 3020 3789 productum

1814 3815 2134 3876 Iucreatum,
2171 3809 2558 3875 confactorem,
2586 3825 2958 3863 consessorem
2991 3819 3160 3869 tuum,

1809 3907 1978 3973 Quem
2009 3905 2204 3959 misisti
2236 3901 2628 3958 incarnationis
2657 3900 2902 3955 ﬁdelibus
2928 3899 3233 3954 colendum.

1320 4097 1370 4154 J.
1414 4100 1610 4157 DlLLll
1649 4099 2226 4159 lhTERPRETATlO.

125 4248 167 4323 Α
203 4245 365 4323 Patre
398 4249 494 4323 qui
529 4249 675 4323 exit;
720 4264 947 4323 prorsus
969 4261 1130 4320 atque
1152 4252 1416 4323 jungitur,

127 4321 439 4392 Sordesque
473 4319 644 4372 foedas
667 4322 952 4392 criminum
1001 4319 1223 4377 cum-tas
1256 4319 1485 4392 cremat,

127 4387 477 4456 Maculasque
507 4405 727 4455 prorsus
758 4391 805 4442 vi
837 4407 932 4442 sna
962 4407 1170 4444 summa
1213 4394 1364 4446 eluit.

208 4457 381 4511 Decus
412 4461 764 4525 expetendum
803 4472 854 4513 tu
887 4461 1135 4521 Sionitis.
1169 4473 1312 4516 tuam

128 4527 409 4596 ᾼιιοειοιίε
443 4529 784 4580 manentibus
809 4531 1174 4596 praesentiam,

128 4595 174 4647 Ο
212 4596 466 4658 Pneutna,
499 4597 774 4648 declarant
806 4595 981 4652 Saturn
1013 4599 1244 4653 Verbum
1278 4598 1456 4663 Patre,

130 4666 416 4737 plerasque
449 4668 894 4737 tingasgetttium
930 4680 1280 4737 poppysmata

129 4733 463 4802 Mopstraus,
507 4735 558 4786 in
585 4733 690 4786 illis
721 4735 894 4787 instar
929 4733 1314 4802 ignis'insides.

204 4800 318 4873 Rex
352 4802 677 4868 imperabat,
714 4804 932 4869 organis
952 4800 1300 4873 canentibus,

130 4871 400 4924 Adiiibere
439 4874 640 4925 cultum
667 4874 912 4938 protinus
937 4883 1128 4928 statua.-
1151 4871 1347 4930 aureae.

131 4941 385 4993 Lucifera
418 4950 605 4994 contra
642 4940 950 4995 Pneumatis
980 4946 1150 4996 sancti
1182 4947 1386 5008 charis,

135 5010 386 5080 (Ilamare
421 5024 520 5063 nos
549 5009 662 5062 vult
691 5027 705 5063 :
743 5009 886 5064 Laus
918 5013 1011 5065 tibi
1047 5013 1167 5076 soli,
1203 5013 1385 5080 Trias,

135 5077 308 5149 Ortus
344 5089 396 5131 et
434 5093 647 5144 expers,
682 5091 734 5132 et
768 5082 914 5148 paris
939 5084 1209 5149 potentiae.

135 5212 182 5225 η
213 5146 379 5225 'v'ocis_
395 5149 667 5225 prepltette
698 5146 861 5204 nescii
889 5146 1307 5225 (odementiam
1328 5152 1375 5221 l)

140 5217 334 5290 )lusto,
369 5219 700 5290 inquiebant,
730 5217 1070 5290 commadere
1101 5217 1390 5290 apostolos,

137 5287 350 5342 Auditae
388 5299 447 5341 ut
480 5287 584 5341 illis
615 5297 740 5343 sunt
766 5289 949 5343 statim
986 5287 1146 5345 voces
1179 5309 1347 5348 novae.

133 5357 447 5411 Ulamamus
468 5368 646 5412 autem
680 5374 777 5412 nos
811 5359 902 5412 tibi
937 5361 1230 5415 divinitus:

138 5424 302 5480 Orbis
330 5440 576 5489 novator,
606 5430 674 5481 sit
706 5437 797 5482 tuo
837 5429 953 5483 laus
984 5432 1207 5484 nOmini.

211 5495 317 5548 Per
346 5512 439 5548 ora
470 5498 607 5550 vatis
639 5499 894 5552 intonans
928 5514 1169 5554 Summus
1195 5501 1354 5554 Pater

139 5562 325 5638 locus,
361 5566 553 5638 inquit,
583 5567 670 5632 Hi,
701 5570 899 5635 quibus
921 5611 934 5634 ,
973 5569 1204 5623 Verbum
1255 5571 1422 5638 Velut,

141 5633 384 5711 [undam
409 5637 689 5711 benignus
721 5633 982 5708 Spiritum
1011 5652 1259 5694 sanctum
1295 5633 1494 5711 meum,

140 5701 256 5773 Hoc
285 5701 645 5772 praedicabunt
681 5701 778 5762 ore
803 5713 1096 5773 communi,
1127 5712 1312 5766 Trilux

141 5771 368 5840 Natura,
405 5775 612 5832 laudem
645 5779 868 5848 quilibet
894 5782 1037 5840 dicat
1068 5771 1181 5837 tibi.

1879 4257 1973 4311 Est
2004 4264 2290 4310 consecuta
2325 4253 2552 4320 gratiam
2581 4252 2712 4305 liora
2741 4259 2918 4312 tertia,

1810 4327 1882 4382 Ut
1920 4342 2016 4379 nos
2040 4328 2258 4378 doceret
2289 4323 2465 4375 colere
2498 4333 2604 4374 tres
2635 4323 2954 4389 Iiypustascs

1811 4397 1866 4450 In
1895 4397 2098 4448 unitate
2132 4393 2359 4459 simplici
2396 4394 2668 4459 potentiae.

1739 4469 1780 4522 D
1812 4469 1873 4517 At
1909 4465 2130 4518 nuncin
2166 4479 2269 4516 una
2307 4465 2414 4529 jam
2455 4461 2540 4512 die
2576 4461 2868 4529 Deosacra

1816 4535 2085 4615 Tibidipo
2116 4525 2638 4615 ξιιιιιΙθιιῖηξιιὶιῆιιιςἔ
2689 4527 2940 4615 Verbt‘t‘m,

1884 4605 1953 4658 Et
1987 4594 2161 4656 vincla
2197 4594 2720 4669 rutnpit,‘roscidam
2756 4607 2810 4669 et
2837 4595 3108 4649 ﬂammant
3145 4594 3271 4648 fecit

1813 4675 1992 4744 Typus
2017 4672 2252 4741 supretni
2290 4668 2526 4744 numinis
2563 4668 2869 4744 trilncidtts.

1810 4734 2046 4794 Jiivenes
2078 4734 2333 4794 canentes
2361 4740 2646 4805 inquiunt:
2694 4737 2889 4789 lterum
2922 4734 3162 4787 omnium

1812 4811 2094 4863 Summum
2122 4818 2418 4875 parentem,
2452 4823 2546 4874 pro
2579 4808 2692 4859 suis
2722 4805 3074 4872 amplissimis

1814 4880 2039 4943 Meritis,
2072 4888 2313 4933 creatum
2348 4887 2424 4929 est
2461 4877 2718 4943 quidquid
2747 4875 2798 4926 in
2837 4875 3055 4943 mundo,
3089 4881 3265 4927 canat.

1883 4950 1920 5001 Α
1951 4942 2108 5002 Patre
2130 4951 2318 5000 doetus
2356 4942 2484 5014 qua?
2503 4942 2618 4996 suis
2646 4942 2902 5014 apostolis

1813 5017 1988 5073 Certa:
2025 5019 2213 5072 salutis
2253 5013 2404 5082 plena
2434 5015 2680 5068 Chrisnus
2717 5013 2949 5065 dixerat.

1819 5089 2016 5140 Ilurum
2045 5089 2360 5140 memoriam
2400 5085 2633 5151 Spiritus
2665 5083 2745 5135 eis
2777 5082 3019 5142 refriCaI,

1816 5158 2036 5217 Linguis
2071 5160 2120 5210 iu
2156 5158 2293 5212 ignis
2324 5154 2578 5207 insidens.
2626 5152 2680 5205 lu
2716 5153 2948 5216 gratiam

1816 5227 2015 5280 'l'ecum
2051 5227 2278 5287 reducti,
2320 5226 2563 5276 laudibus
2599 5233 2650 5276 te
2680 5223 2999 5274 attollimus.

1885 5296 2102 5350 Certant
2131 5296 2196 5348 ad
2238 5296 2486 5354 salutem,
2511 5307 2734 5360 prorsus
2754 5308 2814 5344 ac
2839 5291 3104 5355 beriliter,

1817 5363 1931 5419 Lux
1960 5367 2105 5420 clara
2135 5381 2226 5433 per
2259 5373 2332 5428 te,
2369 5363 2502 5416 lucis
2533 5373 2587 5415 et
2616 5363 2760 5415 clare
2789 5362 2988 5433 datriv,

1817 5435 2040 5500 Venisti,
2081 5432 2142 5488 ut
2169 5450 2356 5488 omnes
2389 5433 2612 5500 impleas
2649 5432 2920 5500 apostolos

1808 5503 1992 5559 Flatns
2024 5509 2088 5558 ad
2122 5507 2315 5558 instar.
2347 5503 2609 5570 Spiritum
2643 5503 2951 5568 petentibus

1809 5576 1991 5629 Servis
2019 5576 2277 5644 benignus
2307 5577 2546 5644 praebeas
2571 5573 2726 5644 velim
2756 5572 2880 5625 tuis.

1879 5641 2309 5698 Cccinere'vates
2334 5643 2526 5696 conciti
2559 5641 2815 5695 divinitus

1812 5715 1864 5767 In
1894 5729 2076 5778 carne,
2105 5729 2310 5767 smnme
2335 5713 2470 5776 Rex,
2514 5720 2656 5764 tuam
2694 5711 3061 5778 praesentiam,

1811 5791 1886 5838 Ac
1920 5750 2156 5839 i‘ncn'ma
2187 5794 2431 5839 sanctum
2456 5750 2725 5852 ’prodien;
2743 5778 2921 5835 Patris
2946 5750 3091 5845 sinit,
