4170 6454
168 381 260 442 ait

163 581 244 632 δτι
270 579 464 646 ἀνέστη
498 578 748 644 Χριστὸς,
781 577 854 636 ὡς
881 577 1303 645 παντοδύναμος.

241 669 435 738 Ἀρσεν
472 668 570 735 μὲν
596 711 605 723 ,
633 667 706 730 ὠς
740 666 1009 730 διανοίξας
1043 666 1141 735 τὴν
1173 664 1610 734 παρθενεύουσαν
1633 684 1722 730 νη-

163 759 276 821 δὺν,
304 759 506 826 πέφηνε
540 759 793 827 Χριστὸς,
829 758 902 820 ὡς
946 757 1133 826 βροτὸς
1164 757 1220 809 δὲ
1252 757 1419 824 ἀμνὸς
1456 756 1727 826 προσηγό-

167 865 370 917 ρευται.
406 850 464 899 Ἀ
481 865 668 916 μωμος
696 848 771 911 δὲ,
805 848 876 910 ὼς
915 848 1175 914 ἄγευστος
1211 847 1424 914 κηλίδος
1451 887 1465 906 ,
1499 848 1560 899 τὸ
1590 848 1727 917 ἠμέ-

163 956 318 1007 τερον
346 938 544 1006 πάσχα·
580 939 673 990 καὶ
700 938 773 1000 ὼς
795 937 925 999 Θεὸς
955 937 1159 1006 ἀληθὴς
1180 977 1194 999 ,
1220 938 1421 1000 τέλειος
1455 937 1725 989 λέλεκται.

246 1117 332 1177 Ὠς
365 1115 632 1177 ἐνιαύσιος
655 1115 822 1185 ἀμνὸς
850 1117 877 1168 ὁ
904 1114 1289 1184 εὐλογοῦμενος
1311 1118 1444 1184 ἡμῖν
1468 1115 1730 1182 στέφανος

165 1205 398 1272 Χριστὸς
439 1204 694 1265 ἑκουσίως
734 1205 874 1272 ὑπὲρ
918 1205 1134 1256 πάντων
1164 1204 1418 1264 τέθυται,
1451 1204 1634 1272 πάσχα
1671 1201 1731 1254 τὸ

167 1292 550 1362 καθαρτήριοι).
597 1293 705 1346 Καὶ
742 1289 895 1354 αὖθις
946 1293 1008 1344 ὲκ
1058 1293 1151 1344 τοῦ
1196 1293 1367 1360 τάφου
1409 1292 1608 1362 ὡραῖος
1651 1291 1730 1343 διο

169 1383 463 1450 καιοσύνης
497 1385 627 1450 ἡμῖν
656 1383 896 1451 ἔλαμψεν
922 1385 1091 1452 ἧλιος.

257 1470 317 1523 Ὀ
345 1474 640 1540 θεοπάτωρ
670 1473 768 1538 μὲν
794 1473 958 1524 Δαϐιδ
991 1472 1096 1540 πρὸ
1130 1472 1228 1540 τῆς
1259 1472 1519 1534 σκιώδους
1557 1473 1724 1525 κιϐω-

167 1561 286 1620 τοῦ,
322 1563 487 1630 ἥλατο
523 1563 780 1631 σκιρτῶνο
811 1563 839 1614 ὁ
862 1563 988 1624 λαὸς
1016 1563 1072 1615 δὲ
1101 1562 1194 1614 τοῦ
1221 1561 1355 1614 Θεοῦ
1381 1565 1408 1614 ὁ
1430 1563 1603 1630 ἅγιος,
1635 1564 1734 1632 τὴν

168 1652 278 1701 τῶν
299 1669 362 1702 συ
372 1652 579 1718 μὸὀλων
597 1652 818 1705 ἔκϐασιν
832 1652 1082 1720 ὁρῶντες.
1107 1652 1496 1723 εὐφρανθῶμεν
1513 1654 1730 1716 ὲνθέως,

166 1743 253 1794 ὅτι
291 1743 485 1810 ἀνέστη
520 1744 750 1812 Χριστος
777 1743 851 1806 ὠς
883 1744 1304 1812 παντοδύναμος.

1598 379 1960 439 CARMINA.

164 484 494 552 διαπρυσίως
527 488 750 549 λεγοντα
773 499 786 513 ·
836 484 1078 552 Σήμερον
1113 481 1357 552 σωτηρία,
1389 483 1465 551 τῷ
1504 484 1714 554 κόσμῳ,
1751 502 1794 550 Α
1825 500 2033 543 centeni

3289 379 3394 442 842

2087 510 2099 540 τ
2153 489 2324 544 llodie
2373 487 2518 542 salus
2571 487 2800 549 mundo,
2851 483 3104 553 quoniam
3161 485 3392 535 surrexit

1825 581 2072 636 Christus
2103 592 2162 636 ut
2189 581 2554 648 omnipotens.

1900 671 1967 726 Ut
1997 672 2267 726 masculus
2293 671 2529 739 quidem,
2558 668 2804 738 aperiens
2829 668 3124 735 virgineum
3157 675 3392 724 uterum,

1831 764 2076 831 apparuit
2102 763 2353 817 Christus
2384 780 2397 816 :
2428 772 2487 816 ut
2519 759 2762 814 mortalis
2789 769 2988 820 autem,
3017 772 3184 826 agnus
3213 757 3392 825 appel-

1833 854 1972 907 latus
2000 865 2081 906 est
2113 873 2124 907 :
2160 853 2532 907 intmacnlatus
2565 859 2762 911 autem,
2793 859 2848 902 ut
2882 849 3016 902 labis
3043 862 3258 916 expers,
3293 861 3392 900 no-

1828 954 1996 997 strum
2048 944 2247 997 Pascha
2295 961 2308 999 :
2355 953 2410 998 et
2460 951 2518 998 ut
2570 943 2709 996 Deus
2757 956 2950 1006 verus,
2997 938 3266 1002 perfectus
3313 939 3396 991 di-

1829 1045 1945 1088 ειυς
1975 1043 2076 1088 εει.

1901 1126 1969 1179 1]ι
1991 1125 2269 1179 τιιιιιὶριιιιιε
2291 1138 2481 1189 agnus,
2506 1137 2622 1190 quae
2646 1122 2977 1176 benedicilur
2998 1121 3154 1176 nobis
3175 1135 3395 1178 corona.

1828 1213 2075 1268 Christus
2101 1221 2286 1280 sponte
2312 1227 2407 1278 pro
2429 1211 2684 1264 omnibus
2709 1208 3040 1264 sacriﬁcatus
3063 1217 3163 1270 est.
3190 1208 3392 1262 Pascha

1831 1301 2204 1368 expiatorium,
2238 1309 2290 1352 et
2327 1312 2514 1353 rursus
2545 1313 2608 1352 ex
2645 1298 2892 1366 sepulcro
2929 1297 3208 1365 speciosus
3237 1296 3394 1366 justi-

1834 1389 1919 1442 tiae
1950 1389 2101 1442 nohis
2129 1389 2398 1458 splenduit
2427 1389 2520 1443 sol.

1905 1477 1994 1530 Dei
2042 1477 2201 1531 Pater
2236 1479 2447 1544 quidem
2494 1479 2657 1531 David
2702 1488 2827 1530 ante
2868 1477 3170 1531 umbrosam
3215 1493 3392 1531 arcam

1835 1567 2050 1620 saltavit
2083 1568 2390 1634 exsultans;
2427 1568 2654 1635 populus
2689 1578 2863 1621 autem
2904 1567 2992 1620 Dei
3030 1579 3281 1632 sanctus,
3318 1571 3391 1620 si-

1834 1676 2060 1729 gnorum
2089 1670 2336 1714 eventum
2365 1660 2626 1723 videntes,
2656 1657 2898 1712 laetemur
2921 1658 3117 1720 divine,
3145 1658 3396 1726 quoniam

1833 1751 2068 1806 surrexit
2096 1751 2343 1805 Christus
2374 1758 2433 1803 ut
2462 1751 2825 1818 omnipotenS.

258 1831 630 1901 Ὀρθρίσωμεν
662 1833 858 1901 ὄρθρου
889 1833 1117 1900 βαθέως,
1145 1834 1238 1885 καὶ
1273 1835 1393 1886 ἀντὶ
1430 1833 1604 1901 μύρου
1639 1832 1728 1884 τὸν

1909 1839 2199 1909 Vigilemus
2229 1853 2383 1892 mane
2412 1837 2693 1904 profunde,
2723 1846 2776 1891 et
2809 1850 2904 1904 pro
2939 1843 3211 1901 unguento
3249 1834 3401 1902 hym-

173 1921 345 1990 ὕμνον
383 1923 758 1992 προσοίσωμεν
783 1922 860 1992 τῷ
893 1923 1164 1995 Δεσπότῃ,
1206 1925 1300 1976 καὶ
1332 1923 1562 1994 Χριστὸν
1588 1921 1733 1991 ὀψώ-

175 2015 340 2082 μεθα,
367 2015 707 2084 δικαιοσύνης
740 2016 908 2084 ἥλιον,
941 2015 1073 2067 πᾶσι
1102 2015 1247 2085 ζωὴν
1275 2014 1654 2068 ἀνατέλλοντα.

249 2103 358 2169 Τὴν
397 2103 632 2172 ἄμετρον
676 2119 766 2154 σου
809 2103 1210 2171 εὐσπλαγχνίαν
1241 2105 1290 2156 οἱ
1328 2107 1447 2166 ταῖς
1482 2103 1576 2155 τοῦ
1610 2103 1736 2172 ᾇδου

177 2195 391 2259 σειραῖς
457 2193 837 2263 συνεχόμενοι,
906 2193 1253 2264 δεδορκότες,
1314 2194 1450 2263 πρὸς
1512 2193 1572 2243 τὸ
1625 2191 1738 2257 φῶς

174 2285 469 2352 ἠπείγοντο
490 2323 504 2346 ,
536 2285 733 2353 Χριστὲ
762 2324 777 2348 ,
825 2284 1177 2354 ἀγαλλομένῳ
1212 2284 1354 2344 ποδὶ,
1389 2284 1578 2352 Πάσχα
1613 2299 1736 2353 κρο-

175 2375 399 2437 τοῦντες
424 2375 658 2429 αἰώνιον.

253 2465 641 2532 Προσέλθωμεν
681 2465 1096 2535 λαμπαδηφόροι
1124 2465 1201 2534 τῷ
1233 2465 1474 2534 προιόντι
1518 2463 1737 2534 Χριστῷ

179 2554 248 2605 ὲκ
298 2553 391 2604 τοῦ
437 2554 713 2622 μνήματος
742 2593 756 2614 ,
800 2553 874 2615 ὼς
931 2552 1183 2622 νυμφίῳ,
1239 2554 1332 2605 καὶ
1383 2552 1747 2621 συνεορτάσω-

184 2660 287 2710 μεν
340 2645 457 2704 ταῖς
524 2642 827 2710 φιλεόρτοις
880 2642 1106 2706 τάξεσι,
1169 2643 1357 2710 Πάσχα
1414 2639 1740 2709 κροτοῦντες

179 2732 429 2784 αἰώνιον.

260 2822 537 2890 Κατῆλθες
566 2825 622 2873 ὲν
653 2823 763 2883 τοῖς
792 2822 1122 2883 κατωτάτοις
1170 2823 1267 2890 τῆς
1315 2823 1418 2889 γῆς
1466 2825 1557 2872 καὶ
1589 2819 1742 2871 συνέ-

179 2912 382 2978 cpt-In;
416 2910 643 2977 μοχλοὺς
672 2910 943 2973 αἰωνίους,
977 2909 1239 2976 κατόχους
1264 2948 1276 2968 ,
1314 2909 1747 2977 πεπεδημένους,

181 3001 391 3065 Χριστὲ
415 3039 427 3059 ,
463 2999 555 3049 καὶ
587 3001 881 3066 τριήμερος
908 3036 923 3058 ,
955 2996 1029 3058 ὡς
1061 2998 1124 3049 ὲκ
1155 2999 1349 3067 κήτους
1391 2998 1595 3060 Ἰωνᾶς,
1630 2997 1751 3061 ἐξα-

180 3091 382 3154 νέστης
410 3087 502 3138 τοῦ
529 3089 722 3153 τάφου.

259 3177 503 3239 Φυλάξας
528 3177 594 3228 τὰ
626 3179 907 3246 σήμαντρα
934 3177 1066 3238 σῶα,
1086 3177 1309 3246 Χριστὲ.
1338 3174 1636 3245 samem;
1653 3175 1744 3228 τοῦ

180 3270 382 3335 τάφον
423 3267 481 3318 '0
507 3267 603 3327 τὰς
629 3265 772 3328 κλεῖς
800 3267 897 3333 τῆς
941 3266 1215 3334 Παρθένου
1267 3267 1338 3333 μὴ
1374 3265 1748 3333 λυμηνάμενος

183 3360 251 3409 ὲν
277 3356 352 3424 τῷ
391 3356 534 3424 τόκῳ
570 3372 660 3407 σου
691 3397 704 3419 ,
738 3355 828 3408 καὶ
860 3353 1098 3423 ὴνέῳξας
1135 3355 1266 3422 ἡμῖν
1296 3353 1622 3423 παραδείσου
1653 3353 1749 3414 τὰς

183 3443 388 3504 πύλας.

269 3535 448 3604 Σῶτέρ
481 3551 582 3602 μου
609 3572 623 3593 ,
666 3532 727 3583 τὸ
772 3531 878 3593 ζῶν
907 3547 987 3593 τε,
1031 3532 1123 3582 καὶ
1167 3531 1363 3584 ἄθυτον
1397 3533 1596 3600 ἱερεῖον
1622 3571 1637 3595 ,
1679 3530 1753 3592 ὼς

185 3627 328 3686 Θεὸς
360 3624 548 3675 ἑαυτὸν
593 3623 852 3682 ἑκουσίως
895 3620 1259 3691 προσαγαγὼν
1285 3621 1360 3690 τῷ
1395 3623 1589 3690 [la-.91,
1630 3638 1753 3674 συν-

185 3718 503 3781 ανέστησας
551 3715 792 3780 παγγενῆ
858 3711 948 3763 τὸν
1016 3711 1224 3780 Ἀδάμ,
1263 3714 1503 3776 αναστὰς
1549 3715 1612 3765 ὲκ
1662 3712 1754 3764 τοῦ

185 3807 393 3871 τάφου.

285 3897 342 3945 'U
374 3894 564 3952 παῖδας
607 3894 669 3942 ἐκ
712 3893 937 3959 καμίνου
993 3891 1292 3960 ῥυσάμενος
1329 3893 1617 3961 γενόμενος
1662 3894 1755 3944 ἆν-

189 3984 441 4051 Ορωπος,
476 3979 670 4048 πάσχει
698 3979 771 4040 ὡς
800 3981 1010 4047 θνητὸς,
1047 3981 1140 4031 καὶ
1173 3981 1257 4034 διὰ
1292 3981 1514 4043 πάθους,
1549 3983 1610 4032 τὸ
1631 3982 1757 4050 θνη-

189 4075 295 4122 τον
320 4068 624 4138 ἀφθαρσίας
654 4068 824 4119 ἐνδύει
852 4068 1203 4136 εὐπρέπειαν,
1236 4069 1263 4118 ὁ
1296 4069 1452 4135 μόνος
1477 4070 1760 4136 εὐλογητὸς

188 4161 313 4212 τῶν
342 4160 589 4226 πατέρων
624 4158 773 4218 Θεὸς,
805 4160 895 4210 καὶ
929 4159 1299 4227 ὐπερένδοξος.

281 4270 535 4328 Γυναῖκες
565 4267 701 4335 μετὰ
733 4267 915 4336 μύρων
947 4269 1251 4336 θεόφρονες,
1283 4269 1458 4320 ὀπίσω
1490 4287 1578 4320 σου
1606 4271 1763 4337 ἕδρα-

197 4375 330 4430 ρονι
365 4358 421 4408 ὃν
449 4359 502 4407 δὲ
528 4358 599 4418 ὡς
629 4357 817 4424 θνητὸν
861 4357 994 4424 μετᾶ
1038 4358 1289 4426 δακρύων
1325 4359 1547 4426 ἐζήτουν
1588 4376 1760 4428 προσ-

1776 3141 1816 3198 C

1834 1945 1960 1982 ntnn
1995 1929 2282 1984 aﬂ‘eramus
2317 1929 2572 1993 Domino,
2607 1936 2662 1983 et
2690 1927 2965 1981 Christum
3003 1926 3276 1978 videamus
3305 1923 3394 1991 jn-

1841 2018 2001 2071 stitizc
2032 2019 2220 2080 solem,
2250 2017 2495 2070 omnibus
2522 2016 2685 2068 vitam
2713 2017 3065 2068 exorientem.

1907 2110 2039 2164 Cum
2079 2110 2395 2161 imnmnsam
2437 2117 2580 2160 tuam
2617 2104 3036 2159 misericordiam
3075 2102 3163 2171 qui
3203 2101 3395 2155 inferni

1838 2201 2041 2253 catenis
2070 2198 2344 2252 constricti
2372 2205 2547 2261 erant,
2578 2196 3004 2263 conspexissent,
3033 2194 3083 2246 in
3118 2194 3290 2247 lucem
3321 2191 3400 2244 l'c-

1841 2286 2127 2349 stinahant,
2150 2286 2384 2349 Christe,
2408 2285 2697 2338 exsultanti
2723 2284 2875 2349 pede,
2901 2281 3100 2336 Pascha
3144 2283 3401 2350 plauden-

1841 2389 1922 2433 tes
1948 2389 2226 2432 aeternum.

1913 2470 2246 2522 Accedamus
2289 2467 2434 2520 faces
2472 2466 2703 2520 ferentes
2741 2464 3043 2517 advenienti
3086 2460 3303 2515 Christo
3339 2473 3403 2510 ex

1845 2567 2213 2616 munumento.
2244 2568 2301 2610 ut
2331 2573 2528 2624 sponso
2558 2575 2569 2608 :
2599 2566 2652 2609 ct
2683 2571 2783 2607 una
2816 2556 3006 2608 festum
3038 2567 3256 2621 agamus
3284 2565 3408 2605 cum

1848 2649 2053 2701 ft-stivis
2080 2648 2377 2712 ordinibus,
2407 2647 2608 2699 Pascha
2642 2646 2957 2714 plaudentes
2986 2655 3268 2696 internum.

1923 2822 2249 2876 Descendisti
2288 2823 2340 2874 in
2378 2822 2555 2874 intima
2592 2828 2777 2880 terra),
2808 2829 2859 2872 et
2897 2815 3196 2868 contrivisti
3231 2823 3411 2868 vectes

1851 2928 2040 2976 uirens,
2068 2915 2251 2981 eisque
2279 2915 2524 2966 detentus
2552 2911 2836 2977 evpeslisti,
2863 2909 3097 2967 Christe,
3127 2916 3178 2958 et
3207 2905 3412 2958 tridua-

1854 3020 1974 3064 nus.
2006 3014 2059 3057 ut
2089 3021 2150 3058 ex
2185 3016 2298 3059 cete
2328 3006 2512 3065 Jonas,
2545 3001 2898 3055 cxsurrexisti
2932 3015 2960 3052 e
2996 2999 3276 3066 svpnlcro.

1925 3180 2166 3232 Servatis
2195 3178 2359 3246 signis
2385 3177 2696 3244 sospitihus,
2723 3174 2956 3236 Christe,
2981 3174 3275 3228 suscitatus
3301 3185 3358 3224 es
3385 3187 3415 3224 e

1854 3271 2120 3337 sepulcro.
2151 3270 2248 3334 Qui
2284 3269 2462 3321 claves
2490 3266 2719 3333 Virginis
2755 3281 2858 3319 non
2894 3264 3165 3318 offendisti
3201 3263 3326 3316 dttm
3365 3269 3416 3314 te

1856 3361 2080 3430 peperit,
2111 3369 2165 3412 et
2195 3359 2447 3412 reserasti
2483 3358 2637 3412 nobis
2670 3357 2903 3425 paradisi
2937 3366 3144 3424 portas.

1931 3536 2177 3590 Salvator
2206 3548 2380 3597 meus,
2414 3534 2734 3600 vivensque,
2768 3545 2868 3584 nec
2903 3537 3134 3585 mactata
3165 3531 3412 3592 victima,

1861 3637 1916 3680 ut
1951 3627 2110 3688 Deus,
2147 3627 2380 3692 seipsum
2416 3636 2604 3690 sponte
2635 3623 2866 3677 oﬂ'erens
2899 3623 3066 3684 Patri,
3100 3638 3202 3675 una
3239 3624 3412 3677 susci-

1864 3718 1983 3769 tasti
2013 3718 2355 3783 omnigenum
2388 3714 2575 3776 Adam,
2608 3727 2834 3779 surgens
2865 3727 2895 3764 e
2925 3713 3197 3778 sepulcro.

1933 3890 2033 3953 Qui
2065 3901 2259 3955 pueros
2287 3902 2316 3937 e
2348 3884 2561 3937 fornace
2591 3883 2863 3944 liberavit,
2899 3882 3080 3936 laetus
3108 3883 3297 3941 homo,
3331 3896 3423 3947 pa-

1869 3981 1995 4032 titur
2028 3987 2084 4029 nt
2119 3976 2359 4028 mortalis
2394 3993 2406 4026 :
2443 3985 2495 4028 et
2533 3989 2629 4040 per
2663 3974 2989 4040 passionem,
3022 3973 3163 4041 quod
3198 3971 3424 4026 mortale

1868 4079 2000 4128 erat.
2027 4066 2441 4133 incorruptionis
2467 4065 2653 4117 vestiit
2679 4065 2873 4117 decore
2901 4083 2914 4116 ι
2941 4063 3087 4116 solus
3115 4064 3421 4116 benedictus-

1870 4168 2076 4228 patrum
2113 4157 2270 4218 Deus,
2299 4168 2352 4208 et
2379 4155 2820 4224 gloriosissimus.

1938 4269 2103 4339 686
2141 4267 2384 4320 Mulieres
2415 4267 2514 4332 piae
2543 4281 2663 4317 cum
2697 4264 2984 4332 unguentis
3011 4273 3130 4332 post
3163 4275 3213 4318 te
3243 4280 3429 4316 accur-

1874 4369 2060 4412 rerunt
2104 4376 2116 4409 :
2162 4371 2320 4426 quem
2364 4363 2541 4407 autem
2589 4365 2649 4406 ut
2692 4353 2972 4406 mortalem
3014 4367 3134 4406 cum
3179 4353 3430 4423 lacrymis

196 4447 482 4512 εκύνησαν
552 4446 835 4513 χαίρουσαι
900 4444 1076 4508 ζῶντα
1121 4447 1274 4500 Θεόν.
1325 4449 1436 4500 Καὶ
1485 4449 1676 4516 Πάσχα
1707 4448 1758 4500 τὲ

1828 4479 1842 4526 ι
1873 4449 2212 4515 qumrehant,
2245 4446 2539 4498 adorarunt
2567 4443 2893 4510 gaudentes,
2925 4442 3193 4495 viventem
3231 4441 3428 4500 Deum,

196 4541 473 4610 μυστικὸν
506 4543 619 4599 τοῖς
650 4536 884 4607 Χριστοῦ
919 4538 1187 4605 μαθηταῖς
1219 4541 1661 4607 εὐηγγελίσαντο.

283 4712 526 4763 Θανάτου
556 4711 897 4781 ὲορτάσωμεν
923 4711 1208 4778 νέκρωσιν,
1238 4709 1363 4778 ᾅδου
1393 4710 1488 4778 τὴν
1521 4711 1773 4777 καθαίρε-

199 4820 327 4861 σιν.
367 4801 526 4868 ἄλλης
571 4801 751 4869 βιοτῆς
781 4801 878 4869 τῆς
914 4799 1132 4852 αἰωνίου
1167 4801 1419 4868 άπαρχῆς
1443 4840 1456 4859 ,
1500 4802 1593 4852 καὶ
1625 4818 1777 4867 σκιρ-

198 4892 420 4951 τῶντες
444 4891 699 4958 ὑμνῶμεν
729 4890 817 4940 τὸν
841 4890 1035 4950 αἴτιον,
1063 4890 1153 4940 τὸν
1175 4892 1331 4957 μόνον
1352 4889 1640 4957 εὐλογητὸν
1669 4890 1776 4940 τῶν

200 4982 471 5050 ’πατέρων
501 4982 632 5032 Θεὸν
667 4982 759 5031 καὶ
797 4981 1164 5047 ὐπερὲνδοξον.

305 5072 391 5132 Ὠς
419 5071 581 5132 ὅντως
605 5071 723 5138 ἱερᾶ
751 5073 842 5122 καί
863 5072 1154 5139 πανὲορτος
1171 5072 1306 5137 αὐτη
1331 5072 1357 5121 ὁ
1380 5071 1640 5139 σωτήριος
1662 5070 1776 5134 νὺξ,

203 5163 320 5218 καὶ
352 5161 664 5226 φωταυγὴς,
700 5161 796 5226 τῆς
827 5159 1216 5226 λαμπροιρὸρου
1248 5160 1457 5227 ἡμέρας
1485 5161 1579 5226 τῆς
1624 5162 1782 5228 ἐγέρ-

205 5266 364 5308 σεως
392 5243 524 5298 οὖσα
549 5246 905 5314 προάγγελος,
945 5247 1003 5295 ἐν
1115 5246 1172 5296 τὸ
1205 5246 1428 5314 ἄχρονον
1463 5246 1576 5313 φῶς
1601 5249 1663 5298 ὲκ
1690 5249 1782 5299 τά·

205 5357 330 5408 φου
366 5337 688 5403 σωματικῶς
725 5337 886 5387 πᾶσιν
916 5335 1247 5402 ἐπέλαμψεν.

294 5425 502 5494 Ait-qi}
540 5425 708 5493 κλητὴ
739 5425 830 5476 καὶ
853 5425 979 5490 ἁγία
1007 5425 1206 5494 ἡμέρα,
1235 5427 1267 5494 ἡ
1309 5427 1407 5493 μία
1433 5427 1542 5478 τῶν
1570 5427 1782 5478 Σαϐϐά-

209 5535 361 5577 των,
402 5517 435 5583 ή
477 5514 686 5583 βασιλὶς
717 5516 811 5567 καὶ
842 5515 1042 5584 κυρία,
1094 5515 1294 5583 ἑορτῶν
1323 5517 1518 5586 ἑορτὴ,
1552 5519 1644 5570 καὶ
1684 5535 1786 5569 παι

205 5605 460 5676 νὴγυρίς
489 5605 605 5656 ἐστὶ
636 5603 1016 5674 πανηγύρεων,
1048 5607 1106 5657 ἐν
1203 5606 1528 5675 εὐλογοῦμεν
1553 5609 1787 5675 Χριστὸν

206 5701 308 5758 εἰς
346 5696 467 5758 τοὶς
490 5695 704 5754 αἰῶνας.

536 5783 801 5840 Pnact.
852 5781 968 5842 Gn.
1012 5777 1226 5840 XCV].

1871 4549 1923 4592 et
1960 4536 2164 4590 Pascha
2205 4549 2461 4588 arcanum
2497 4533 2695 4586 Christi
2734 4532 3010 4599 discipulis
3046 4532 3184 4586 bene
3219 4531 3431 4584 nnmia.

1871 4635 2011 4682 runt.

1942 4715 2128 4769 Mortis
2175 4716 2503 4768 celebremus
2555 4712 3052 4773 mortificationem,
3099 4709 3294 4762 inferni
3345 4710 3437 4761 dc-

1876 4808 2220 4860 strnctionem
2240 4845 2253 4866 ,
2287 4804 2508 4854 alterius
2534 4803 2655 4855 vitae
2687 4803 3027 4868 sempiterna:
3057 4800 3355 4867 primitias;
3385 4808 3438 4853 ct

1877 4890 2126 4942 salientes
2167 4898 2443 4940 cantemus
2489 4898 2765 4941 auctorem
2817 4906 2830 4940 :
2881 4889 3050 4941 solum
3095 4887 3435 4940 hunc-dictum

1879 4979 2088 5031 Patrem
2125 4979 2310 5036 Deum.
2345 4987 2400 5029 et
2431 4977 2907 5046 superglnriosum.

1949 5071 2114 5134 Quam
2143 5084 2266 5120 vere
2292 5083 2447 5121 sacra
2473 5078 2527 5121 et
2553 5077 2660 5120 tota
2690 5067 2878 5121 festiva
2909 5068 3022 5120 haec
3054 5068 3307 5120 salutaris
3336 5083 3434 5120 nox

1880 5170 1935 5213 et
1958 5161 2153 5220 lucida,
2177 5159 2591 5226 splendiscentis
2616 5157 2717 5210 diei
2743 5159 3154 5211 resurrectionis
3174 5159 3439 5221 exsistens

1884 5251 2200 5318 prmttttttiia,
2233 5251 2284 5302 in
2314 5265 2418 5317 qua
2449 5248 2702 5315 temporis
2722 5263 2909 5303 exsors
2935 5249 3110 5302 lumen
3138 5263 3168 5301 c
3193 5248 3438 5317 sepulcro

1883 5341 2230 5406 corporaliter
2256 5340 2503 5392 omnibus
2531 5337 2746 5393 eﬂulsit.

1956 5430 2078 5482 Hu'c
2104 5440 2289 5483 vocata
2320 5439 2402 5483 est
2434 5439 2616 5484 sancta
2648 5431 2784 5493 dies,
2814 5445 2916 5483 una
2946 5429 3325 5491 Sabhatorum,
3357 5443 3436 5480 re-

1886 5521 2006 5588 gina
2035 5527 2088 5572 et
2117 5519 2329 5572 domina
2365 5535 2378 5570 :
2414 5518 2814 5573 solemuitatum
2847 5519 3179 5581 solemnitas,
3211 5527 3264 5570 et
3294 5516 3436 5570 cele-

1889 5609 2054 5662 hritas
2090 5618 2171 5660 est
2206 5609 2606 5673 cclehritatum,
2645 5609 2697 5662 in
2735 5624 2839 5678 qua
2877 5608 3243 5663 benedicimus
3279 5605 3438 5661 Chri-

1889 5709 2027 5752 stum
2065 5713 2159 5752 uer
2190 5699 2402 5752 saecula.

3063 5789 3145 5854 27
