4170 6454
160 443 189 500 δ
206 437 268 497 ὶῗν
1607 432 1966 490 CARMINA.

163 551 230 598 σὺ
275 546 382 615 γαρ
422 538 472 596 εἴ
515 543 644 605 Θεὸς
686 541 860 610 ἡμῶν,
904 541 1055 602 ἐκτός
1111 556 1203 592 σου
1251 540 1407 593 ἄλλον
1453 541 1550 592 οὑκ
1592 542 1732 593 οῖδα·
1761 548 1803 601 Λ
1838 557 1932 594 nos

164 651 233 703 με
241 654 285 687 ν.

240 770 539 838 Πληρώσας
594 766 930 836 εὐφροσύνης
989 766 1057 818 τὰ
1116 765 1404 834 σύμπαντα
1460 766 1728 835 ἐλεήμων,

162 863 285 922 ταῖς
311 861 421 913 ἄνω
443 859 701 928 δυνάμεσι
743 858 880 928 μετὰ
902 857 1098 926 σαρκὸς
1128 858 1498 926 ἐπεδήμησας.
1539 877 1543 882 τ

249 973 520 1040 ’Λγγέλων
559 974 615 1024 αἱ
649 972 904 1040 δυνάμεις
949 971 1236 1042 αἰρόμενον
1280 988 1335 1022 σε
1368 971 1598 1034 ἰδοῦσαι,
1634 972 1728 1034 τὰς

163 1065 740 1135 πύλας,ξέκραύγαζον.
768 1066 859 1133 Τῷ
887 1063 1094 1132 βασιλεῖ
1117 1063 1269 1133 ἡμῶν
1297 1064 1482 1132 ἄρατε.

249 1178 551 1232 Ἐκὺκλωσέ
605 1196 669 1248 με
703 1177 956 1238 ἄϐυσσος,
998 1177 1140 1246 ταφή
1178 1194 1266 1246 μοι
1314 1176 1373 1229 τὸ
1413 1178 1574 1246 κῆτος
1605 1176 1728 1244 ἐγέ-

162 1288 303 1333 νετο,
337 1271 445 1336 ἐγὼ
477 1269 531 1320 δὲ
571 1269 770 1337 ἐϐόησα
816 1268 953 1336 πρός
992 1285 1050 1318 σε
1088 1268 1174 1319 τὸν
1207 1266 1606 1337 φιλάνθρωπον,
1638 1267 1729 1320 καὶ

162 1361 335 1412 ἔσωσέ
366 1377 431 1428 με
463 1361 493 1428 ἡ
528 1357 674 1421 δεξιά
702 1374 816 1421 σου,
853 1357 1042 1425 Κύριε.

246 1472 602 1542 Ἐσκέρτησαν
641 1470 950 1533 ἀπόστολοι,
1007 1471 1240 1538 ὁρῶντες
1293 1471 1582 1541 μετάρσιον
1630 1472 1727 1541 σή-

164 1581 333 1633 μερον
367 1564 454 1614 τον
484 1563 702 1632 κτίστην
735 1563 1050 1630 φερόμενον,
1088 1563 1260 1613 ἐλπίδι
1301 1561 1392 1613 τοῦ
1423 1562 1729 1631 πνεύματος

161 1657 260 1710 καὶ
296 1657 445 1726 φόϐῳ
481 1655 733 1725 ἔκραζον·
770 1654 907 1718 Δόξα
929 1655 992 1722 τῇ
1023 1655 1192 1722 ἀνόδῳ
1229 1670 1342 1704 σου.

247 1769 585 1834 Ἐπέστησαν
611 1767 658 1818 oi
690 1765 911 1832 ἄγγελοι
944 1765 1196 1834 βοῶντες,
1229 1766 1454 1836 Χριστὲ,
1487 1769 1599 1830 τοῖς
1627 1784 1727 1836 μα-

3300 441 3403 501 846

1973 560 1984 592 :
2027 551 2077 592 In
2115 544 2258 595 enim
2299 557 2354 592 es
2398 541 2531 592 Drtls
2575 554 2785 598 uoster:
2822 553 2971 596 extra
3010 552 3060 596 tc
3095 541 3256 597 alium
3295 562 3396 598 non

1834 634 2098 685 novinms.

1903 767 2131 833 Itnplens
2164 769 2340 822 laetitia
2376 788 2619 822 universa
2657 771 2988 833 tniset'it'ors,
3018 773 3266 838 supernis
3299 788 3394 839 |90~

1833 860 2013 911 tentiis
2048 876 2166 911 rum
2205 876 2363 912 carne
2398 861 2768 929 peregrinatus
2799 880 2874 913 cs.

1900 973 2222 1040 Angelorum
2248 977 2495 1040 potentizc
2526 976 2789 1028 sublatum
2828 985 2875 1028 te
2905 977 3141 1029 videntes
3161 1018 3173 1039 ,
3210 978 3397 1033 Portus

1832 1063 2177 1130 (clainabant)
2210 1063 2336 1132 Regi
2371 1074 2549 1116 nostro
2579 1066 2827 1118 attollite.

1899 1173 2154 1226 Circuivil
2195 1191 2277 1226 me
2314 1176 2568 1244 ahyssus,
2606 1177 2872 1244 sepultura
2912 1178 3040 1230 mihi
3075 1190 3190 1233 cete
3223 1183 3394 1235 exsti-

1832 1264 1892 1317 tit
1917 1279 1930 1315 :
1956 1281 2052 1331 ego
2085 1276 2257 1318 autem
2290 1267 2510 1318 clamavi
2541 1268 2604 1319 ad
2637 1278 2684 1318 te
2713 1267 3177 1336 benignissimum,
3203 1282 3254 1326 et
3282 1288 3397 1327 scr-

1831 1355 1972 1406 vavit
2007 1370 2090 1403 nte
2119 1355 2338 1407 dextera
2376 1365 2485 1417 tua,
2520 1353 2761 1408 Domine.

1899 1466 2175 1521 Saltarunt
2202 1469 2448 1537 apostoli,
2479 1469 2719 1521 videntes
2748 1470 3030 1525 subliuqu
3059 1472 3215 1526 hodie
3239 1490 3390 1527 crea-

1831 1562 1997 1606 torem
2046 1554 2210 1608 latum
2259 1575 2270 1608 ε
2322 1572 2415 1624 spe
2459 1557 2678 1625 spiritus
2725 1569 2777 1611 et
2821 1559 3012 1615 timore
3051 1562 3388 1626 clamabant,

1828 1644 2007 1699 Gloria
2041 1649 2344 1701 ascensioni
2380 1658 2502 1704 tum.

1899 1757 2198 1811 Astiterunt
2239 1760 2433 1828 angeli,
2479 1760 2798 1826 clamantes,
2841 1763 3078 1828 Christe,
3118 1766 3396 1836 discipulis

160 1862 352 1928 θηταῖς
378 1877 489 1911 σου·
505 1862 598 1912 Ὂν
619 1860 816 1926 τρόπον
837 1858 1079 1910 κατίδετε
1093 1859 1724 1928 Χριστὸνιάνυψούμενον,

1831 1845 1934 1900 tuis
1969 1861 1982 1898 :
2017 1849 2472 1912 Quemadmodum
2497 1851 2782 1917 spectastis
2801 1853 3076 1908 Christum
3107 1856 3391 1923 elevatum,

158 1953 304 2004 οὕτω
338 1953 498 2020 σαρκὶ
525 1950 797 2002 ἐλεύσεται
821 1949 1028 2012 δίκαιος
1061 1951 1089 2001 ὁ
1117 1951 1334 2003 πάντων
1367 1952 1582 2020 κριτής.

244 2065 331 2124 Ὠς
360 2059 497 2114 εἶδόν
515 2078 595 2126 σε,
624 2062 811 2130 Σωτὴρ
833 2061 1010 2130 ἡμῶν,
1042 2062 1097 2113 αἰ
1126 2062 1235 2114 ἄνω
1249 2062 1505 2132 δυνάμεις
1528 2063 1584 2115 ἐν
1605 2063 1726 2132 ὑψί-

159 2171 307 2214 στοις
353 2154 634 2221 αἰρόμενον
696 2151 1002 2219 σύσσωμον,
1051 2153 1109 2203 ὲν
1159 2151 1308 2221 φόϐῳ
1359 2153 1722 2222 ἐκραύγαζον·

156 2244 408 2312 Μεγαλη,
434 2245 694 2302 Δέσποτα,
725 2245 755 2311 ἡ
783 2242 1162 2309 φιλανθρωπία
1193 2261 1307 2295 σου.

242 2358 299 2407 Ὀ
328 2359 384 2406 ἐν
418 2355 628 2424 καμίνῳ
662 2355 831 2424 πυρὸς
859 2356 982 2416 τοὺς
1014 2355 1342 2424 ὑμνολόγους
1380 2355 1558 2419 σώσας
1594 2360 1721 2409 παῖ-

155 2447 274 2509 δας·
311 2446 607 2516 Εὐλογητὸς
633 2447 660 2497 ὁ
685 2446 814 2505 Θεὸς
837 2447 864 2496 ο
889 2445 996 2496 τῶν
1029 2446 1276 2515 πατέρων
1298 2447 1476 2515 ἡμῶν.

243 2558 366 2609 Ἐπὶ
394 2556 501 2609 τῶν
551 2555 734 2624 ιὐμων,
787 2556 1005 2623 Χριστὲ,
1038 2555 1137 2624 τὴν
1170 2555 1534 2626 πλανηθεῖσαν
1585 2559 1722 2627 ἄρας

157 2645 344 2713 φύσιν,
369 2643 696 2714 ἀναληφθεὶς
722 2641 797 2712 τῷ
818 2642 936 2712 θεῷ
965 2642 1056 2694 καὶ
1081 2643 1253 2714 Πατρὶ
1283 2646 1650 2715 προσήγαγες.

243 2762 300 2813 Ὀ
354 2763 411 2812 ἐν
439 2760 636 2829 νεφέλῃ
670 2759 844 2827 φωτὸς
877 2759 1224 2828 ἀναληφθεὶς.
1275 2761 1369 2811 καὶ
1417 2757 1595 2822 σώσας
1625 2761 1718 2812 κό-

157 2867 320 2921 σμον·
350 2851 648 2918 Εὐλογητὸς
674 2851 700 2900 ὁ
726 2849 856 2910 Θεὸς
880 2849 907 2899 ὁ
937 2847 1045 2900 τῶν
1071 2848 1318 2916 πατέρων
1347 2849 1528 2916 ἡμῶν.

245 2966 301 3016 Ὀ
342 2961 576 3015 ἀνελθὼν
617 2961 724 3013 ἀπὸ
750 2962 852 3028 γῆς
880 2959 1016 3030 πρὸς
1046 2960 1135 3011 τὸν
1169 2958 1456 3028 ἀσώματον
1480 2960 1718 3029 Πατέρα·

155 3053 462 3122 Εὐλογητὸς
492 3054 518 3104 ὀ
547 3053 675 3114 Θεὸς
695 3053 722 3103 ὁ
749 3051 857 3102 τῶν
885 3051 1136 3120 πατέρων
1162 3050 1340 3119 ἡμῶν.

234 3169 337 3219 Τὸν
384 3169 446 3218 ἐκ
483 3165 693 3233 Πατρδς
722 3164 827 3232 πρὸ
870 3161 1080 3215 αἰώνων
1118 3161 1446 3230 γεννηθέντα
1475 3159 1602 3213 Υἱδν
1631 3161 1722 3212 καὶ

155 3262 316 3321 Θεον,
353 3261 444 3312 καὶ
474 3259 558 3310 ἐπ’
605 3258 846 3326 ἐσχάτων
873 3256 980 3308 τῶν
1006 3256 1210 3325 χρόνων
1241 3254 1613 3325 σαρκωθέντα,
1655 3258 1718 3308 ἐκ

156 3351 439 3420 Παρθένον
491 3348 692 3417 μητρὸς
723 3350 880 3416 ἱερεῖς
914 3349 1152 3416 ὑμνεῖτε·
1186 3345 1351 3409 Λαὸς,
1380 3347 1716 3416 ὑπεροψοῦτε

155 3446 241 3503 εἰς
274 3444 478 3502 πάντας
513 3441 636 3501 τοὺς
668 3438 886 3501 αἰῶνας.

233 3555 336 3606 Τὸν
358 3555 414 3604 ὲν
440 3551 554 3604 δυσὶ
583 3553 698 3612 ταῖς
726 3551 928 3613 οὐσίαις
951 3549 1260 3602 ἀναπτάντα
1297 3551 1564 3621 ζωοδότην
1587 3551 1721 3621 Χρι-

157 3645 287 3698 στὸν
319 3644 396 3704 εἰς
435 3643 694 3711 οὐρανοὺς
731 3641 867 3710 μετὰ
901 3640 1077 3710 δόξης,
1118 3641 1209 3693 καὶ
1247 3641 1418 3711 Πατρὶ
1461 3643 1723 3708 συγκαθε-

158 3735 410 3802 ζόμενον.
434 3733 846 3802 ἰερεῖςεὺμνεῖτε·
866 3731 1028 3795 Λαὺς,
1054 3731 1394 3801 ὑπερνψοῦτε
1415 3735 1494 3797 εἰς
1517 3735 1722 3796 πάντας

155 3825 290 3884 τοὺς
320 3822 538 3882 αἰῶνας.

233 3938 276 3988 Τ
281 3937 337 3987 ὸν
365 3937 427 3987 ἐκ
449 3935 689 3998 δουλείας
720 3937 817 4004 τὴν
849 3937 1023 3988 κτίσιν
1057 3937 1165 3988 τῶν
1191 3935 1422 3989 εἰδώλων
1448 3936 1724 4006 λυτρωσά-

160 4045 348 4097 μενον,
379 4028 470 4078 καὶ
511 4029 934 4097 παραστήσαντα
962 4027 1165 4096 ταύτην
1190 4028 1480 4097 ἐλευθέραν
1501 4028 1578 4098 τῷ
1612 4030 1724 4098 ἰδίῳ

157 4119 370 4187 llas-pi,
407 4120 569 4187 ἱερεῖς
594 4119 830 4187 ὑμνεῖτε·
861 4119 1023 4181 Λαὸς,
1053 4119 1388 4188 ὑπερυψοῦτε
1420 4121 1498 4184 εἰς
1521 4119 1724 4183 πάντας

152 4210 289 4270 τοὺς
317 4207 537 4268 αἰῶνας.

234 4320 338 4370 Τὸν
358 4322 423 4388 τῇ
463 4317 626 4371 αὑτοῦ
661 4317 957 4371 καταϐάσει
989 4317 1283 4370 καθελόντα
1308 4318 1398 4370 τὸν
1434 4319 1723 4374 ἀντίπαλον

154 4409 259 4462 καὶ
285 4411 352 4476 τῇ
397 4407 558 4459 αὑτοῦ
594 4407 853 4460 ἀναϐάσει
894 4407 1248 4475 ἀνυῲώσαντα
1285 4409 1378 4460 τὸν
1414 4408 1720 4478 ἄνθρωπον,

159 4500 352 4567 ἱερεῖς,
381 4498 618 4567 ὑμνεῖτε·
644 4498 806 4560 Λαὸς,
861 4497 1201 4567 ὑπερυψοῦτε
1245 4499 1323 4561 εἰς
1367 4496 1574 4560 πάντας
1595 4501 1722 4564 τοὺς

152 4585 385 4646 αἰῶνας.

234 4696 303 4746 Σὲ
330 4697 426 4764 τὴν
470 4696 608 4764 ὑπὲρ
634 4694 756 4748 νοῦν
781 4697 873 4748 καὶ
901 4693 1056 4763 λόγον
1080 4695 1308 4766 Μητέρα
1337 4698 1494 4764 Θεοῦ,
1529 4699 1628 4771 τὴν
1667 4701 1725 4752 ὲν

152 4787 340 4858 χρόνῳ
372 4786 462 4838 τον
509 4787 734 4855 ἄχρονον
773 4786 1067 4856 ἀφράστως
1115 4787 1417 4856 κυήσασαν,
1455 4789 1503 4840 οἱ
1545 4789 1726 4842 πιστοὶ

150 4897 479 4968 ὁμοφρόνως
508 4895 904 4966 μεγαλύνομεν.

232 5008 300 5058 Σὲ
331 5007 420 5059 τον
446 5007 720 5077 λυτρωτὴν
757 5007 850 5060 τοῦ
882 5010 1086 5079 κόσμου
1116 5011 1347 5080 Χριστὸν
1385 5012 1478 5064 τὸν
1501 5012 1632 5064 Θεὸν
1671 5017 1719 5067 οἱ

152 5095 446 5147 ἀπόστολοι
486 5095 772 5162 βλέποντες
800 5096 997 5159 ὲνθὲως
1027 5096 1348 5168 ὑψούμενον,
1386 5099 1523 5169 μετὰ
1572 5100 1738 5168 δέους,

156 5185 510 5254 σκιρτῶντες,
542 5187 932 5257 μεγαλύνομεν.

232 5297 300 5347 Σὲ
337 5297 425 5348 τὸν
463 5298 772 5350 καταϐάντα
801 5300 902 5362 ἕως
937 5301 1163 5369 ἐσχάτου
1197 5301 1295 5370 τῆς
1329 5303 1451 5371 γῆς,
1493 5303 1588 5355 καὶ
1629 5304 1724 5357 τὸν

157 5388 448 5454 ἄνθρωπον
497 5387 764 5451 σώσαντα,
819 5392 911 5442 καὶ
949 5395 1014 5460 τῇ
1059 5393 1318 5444 ἀναϐάσει
1369 5410 1462 5445 σου
1505 5395 1722 5462 meo-

155 5493 333 5531 σαντα
362 5476 544 5529 τοῦτον
569 5479 958 5549 μεγαλύνομεν.

232 5590 425 5657 Χαῖρε,
458 5591 701 5646 Θεοτόκε,
736 5595 904 5661 μῆτερ
937 5594 1170 5664 Χριστοῦ
1206 5595 1296 5647 τοῦ
1321 5596 1483 5648 Θεοῦ·
1527 5597 1584 5648 ὃν
1613 5598 1720 5666 γὰρ

153 5681 401 5745 ἐκζητας
445 5683 674 5750 σήμερον
704 5685 764 5735 ἐκ
795 5686 892 5753 γῆς
926 5686 1305 5755 ἀνιπτὰμενον,
1343 5689 1436 5740 σῦν
1462 5687 1713 5754 ἀγγέλοις

155 5772 340 5837 ερζσα
375 5773 729 5838 ἐμεγαλυνας.

1825 1937 1902 1990 sic
1932 1952 2092 1992 carne
2121 1939 2296 1992 veniet
2325 1940 2505 2009 justus
2536 1945 2774 1998 omnium
2798 1943 2984 2014 judcx.

1895 2051 1964 2104 Ut
2000 2052 2253 2106 viderunt
2289 2061 2371 2118 te,
2405 2053 2654 2110 Salvator
2684 2069 2888 2125 noster,
2923 2075 3170 2130 superna:
3205 2075 3394 2130 poten-

1825 2139 1908 2192 ti:e
1953 2142 2001 2192 in
2047 2141 2274 2195 excelsis
2329 2145 2594 2199 sublatum
2623 2160 2743 2200 cum
2785 2163 3047 2216 corpore,
3112 2153 3164 2205 in
3204 2155 3397 2208 timore

1819 2229 2125 2284 clamabant
2156 2248 2168 2283 :
2201 2231 2418 2302 Magna,
2460 2234 2704 2302 Domine,
2741 2237 3042 2308 benignitas
3076 2251 3184 2295 tua.

1889 2339 1996 2404 Qui
2026 2341 2076 2392 iu
2115 2339 2328 2397 fornace
2363 2342 2502 2412 ignis
2535 2353 2842 2400 cantatores
2876 2350 3107 2404 servavit
3138 2366 3333 2420 pueros
3363 2372 3375 2404 :

1822 2431 2139 2486 Benedictus
2170 2433 2310 2487 Deus
2341 2443 2550 2502 patrum
2584 2447 2911 2493 nostrorum.

1891 2543 1946 2596 lu
1985 2545 2253 2608 humeris,
2289 2545 2534 2610 Christe,
2567 2561 2839 2604 errantem
2876 2553 3068 2608 tollens
3113 2565 3388 2625 naturam,

1821 2644 2126 2703 assumptus
2174 2649 2410 2698 sursum,
2444 2639 2549 2692 Deo
2580 2648 2634 2692 et
2665 2640 2807 2694 Patri
2844 2643 3134 2700 adduxisti.

1889 2748 1987 2812 Qui
2025 2749 2078 2801 in
2117 2749 2308 2802 nebula
2351 2750 2566 2804 luminis
2605 2768 2663 2806 es
2714 2766 3052 2824 assumptus,
3091 2769 3145 2813 et
3178 2763 3396 2818 salvasti

1822 2838 2084 2890 nmndum
2119 2857 2130 2892 :
2167 2837 2488 2895 Benedictus
2519 2842 2655 2896 Dens
2686 2854 2894 2911 patrum
2927 2857 3251 2904 nostrorum.

1893 2951 1990 3016 Qui
2039 2953 2329 3006 ascendisti
2367 2968 2397 3007 e
2430 2964 2571 3007 terra
2603 2956 2667 3008 ad
2713 2956 3087 3026 incorporeum
3129 2963 3342 3021 Patrem
3374 2983 3389 3020 :

1825 3040 2145 3096 Benedictus
2179 3043 2321 3097 Deus
2359 3053 2570 3111 patrum
2606 3055 2942 3102 nostrorum.

1893 3155 1969 3208 Ex
2004 3154 2163 3209 Patre
2195 3167 2318 3210 ante
2350 3158 2544 3211 srecula
2576 3166 2760 3212 natura
2796 3159 2988 3214 Filium
3018 3172 3074 3216 et
3110 3165 3306 3232 Deum,
3339 3178 3394 3224 et

1826 3243 1880 3297 in
1906 3245 2110 3299 ultimis
2135 3248 2470 3314 temporibus
2500 3249 2842 3302 incarnatum
2870 3265 2934 3302 ex
2959 3251 3172 3322 Virgine
3199 3268 3390 3324 matre,

1825 3335 2150 3398 sacerdotes,
2188 3338 2367 3392 cauite
2405 3357 2417 3392 :
2456 3341 2627 3408 plebs,
2652 3341 3054 3408 superexaltate
3089 3361 3184 3414 per
3214 3353 3392 3404 omnia

1827 3424 2018 3477 smcula
2030 3465 2042 3478 .

1898 3536 1952 3591 In
1977 3541 2180 3595 duabus
2201 3542 2515 3600 substantiis
2537 3547 2799 3604 volantem
2828 3549 2949 3604 vita:
2974 3550 3212 3604 datorem
3237 3551 3392 3605 Chri-

1829 3636 1968 3682 stum
2005 3629 2055 3683 in
2090 3633 2409 3688 coeloscum
2445 3636 2612 3704 gloria
2649 3651 2703 3692 et
2739 3655 2858 3694 cum
2896 3640 3054 3695 Patre
3090 3643 3389 3706 sedentem,

1828 3720 2154 3783 sacerdotes,
2187 3721 2424 3789 laudate;
2456 3725 2625 3794 plebs,
2669 3729 3060 3796 superexaltate
3090 3743 3185 3798 per
3210 3730 3391 3783 omnia

1828 3809 2039 3863 smcula.

1898 3920 1998 3986 Qui
2029 3936 2059 3978 a
2088 3926 2346 3980 servitute
2378 3926 2637 3981 idolorum
2667 3937 2966 3984 creaturam
2994 3932 3186 3995 salvat,
3215 3941 3270 3986 et
3298 3947 3392 4001 po-

1829 4009 1907 4064 nit
1935 4010 2105 4077 ipsam
2135 4011 2356 4068 liberam
2388 4017 2526 4083 apud
2556 4021 2827 4087 proprium
2861 4019 3103 4084 Patrem,
3138 4023 3278 4074 hunc
3307 4036 3385 4076 sa-

1830 4102 2072 4156 cerdotes
2095 4101 2323 4170 laudate,
2354 4106 2935 4176 plebs,superexaltate
2963 4125 3059 4179 per
3082 4112 3262 4164 omnia
3293 4127 3392 4168 sa:-

1830 4195 1969 4248 cuia.

1901 4307 2008 4360 Sua
2054 4309 2217 4376 ipsius
2255 4310 2602 4365 descensione
2645 4314 2734 4380 qui
2776 4313 2954 4368 obruit
2992 4315 3303 4379 inimicum,
3339 4327 3393 4369 et

1828 4399 1996 4469 688
2027 4414 2120 4454 sua
2151 4401 2315 4470 ipsius
2344 4407 2658 4458 ascensione
2686 4405 2776 4472 qui
2807 4406 3064 4460 exaltavit
3095 4408 3391 4472 hominem,

1831 4491 1991 4554 lnmc,
2022 4493 2331 4547 sacerdotes
2351 4535 2366 4561 ,
2394 4493 2637 4558 laudate;
2673 4495 2842 4563 plebs,
2876 4499 3271 4566 superexaltate
3299 4514 3394 4567 per

1829 4582 2011 4637 onmia
2045 4583 2258 4637 sazcula.

1899 4715 1974 4770 Te
2005 4731 2166 4785 supra
2201 4725 2435 4771 mentem
2469 4727 2525 4772 et
2563 4719 2823 4773 rationem
2861 4719 3078 4772 Matrem
3118 4723 3238 4783 Dei,
3273 4738 3392 4791 qua:

1831 4807 1881 4860 in
1915 4816 2154 4877 tempore
2185 4810 2434 4876 temporis
2463 4821 2729 4863 exsortem
2763 4810 3102 4864 incﬁ'abiliter
3121 4813 3278 4868 enixa
3310 4830 3390 4878 es,

1829 4897 2012 4952 ﬁdeles
2039 4899 2354 4954 unanimiter
2380 4901 2801 4970 magniﬁcamus.

1898 5009 1972 5063 'l‘e
2001 5010 2322 5065 salvatorem
2355 5012 2537 5065 mundi
2563 5012 2836 5066 Christum
2864 5013 3032 5068 Deum
3063 5017 3286 5082 apostoli
3315 5034 3390 5071 vI-

1828 5100 2012 5154 dentes
2040 5101 2295 5153 divinitus
2321 5101 2637 5167 exaltatum,
2663 5118 2784 5157 cum
2816 5104 3008 5158 timore
3034 5106 3389 5168 exsultantes,

1829 5191 2256 5259 magnilicamus.

1901 5306 1975 5359 Te
2005 5305 2412 5359 descendentem
2445 5320 2611 5372 usque
2641 5305 2705 5358 ad
2732 5315 2969 5359 extrema
3005 5315 3181 5370 terrae,
3212 5316 3265 5360 et
3300 5310 3392 5362 ho-

1830 5399 2024 5451 minem
2061 5397 2353 5449 salvantem
2378 5437 2391 5461 ,
2424 5405 2476 5449 et
2509 5396 2825 5450 ascensione
2859 5405 2944 5449 tua
2977 5399 3386 5464 superes-altan-

1830 5498 1932 5540 tem
1969 5488 2142 5550 hunc,
2174 5486 2596 5554 magniﬁcamus.

1894 5600 2264 5668 Ave,Deipara
2296 5611 2462 5653 mater
2483 5599 2679 5654 Christi
2713 5599 2802 5653 Dei
2831 5617 2844 5652 :
2873 5616 3028 5668 quem
3059 5601 3199 5652 enim
3231 5614 3387 5667 pepe-

1830 5692 1941 5744 l'isti
1964 5736 1976 5755 ,
2013 5692 2167 5744 hodie
2196 5707 2258 5744 ex
2297 5700 2435 5745 terra
2467 5689 2898 5760 supravolantem
2929 5706 3046 5746 cum
3081 5687 3282 5759 angelis
3310 5689 3388 5742 vi-

1827 5783 1977 5836 dens.
2015 5781 2386 5841 uiaxniticasti.
