4170 6454
150 408 246 462 HZ‘J

1232 389 1404 446 \'lT.\
1444 383 1794 442 BARLAAM
1847 379 1930 435 ΕΤ
1969 380 2186 436 JUASl
2204 378 2318 436 [Ἦ.

3281 371 3383 432 870

150 539 254 581 νος,
283 515 578 588 χαριέντως
617 514 732 582 ἅμα
758 511 852 563 καὶ
881 505 1099 577 ὁμαλῶς
1131 501 1463 569 ἀπεκρίνατο
1484 513 1496 528 ·
1533 497 1596 588 1:2!
1626 493 1706 588 λο-

1823 495 2048 560 placida,
2080 503 2127 545 ct
2156 495 2397 560 a-qudiili
2425 509 2548 547 voce
2577 495 2640 548 ad
2668 494 2802 548 hunc
2835 496 3043 548 modum
3069 497 3337 564 respondit
3361 515 3375 552 :

150 625 241 674 γον
265 606 398 676 πρός
418 622 484 673 με
517 603 744 670 συνᾶραι
773 597 966 658 θέλεις,
989 593 1034 646 ὧ
1059 590 1300 662 βασιλεῦ,
1327 590 1453 646 τοὺς
1481 582 1708 655 ἐχθρούς

151 715 242 748 σου
294 699 356 748 ἐκ
397 695 560 764 μέσου
593 690 688 743 τοῦ
721 686 1074 756 δικαστηρίου
1128 681 1374 749 ποίησον,
1427 676 1522 730 καὶ
1569 692 1712 743 τηνι-

150 785 318 838 καῦτα
348 778 752 850 ἀποκρινοῦμαί
785 794 865 829 σοι
895 776 1021 843 περὶ
1039 767 1113 826 ὧν
1135 772 1201 824 ἂν
1225 769 1468 839 ζητήσῃς
1493 763 1706 835 μαθεῖν’

150 878 368 928 ἐκείνων
399 876 506 942 γὰρ
539 870 937 939 συμπαρόντων
982 883 1088 926 σοι,
1114 863 1292 924 οὐδεὶς
1325 860 1447 928 ἐμοὶ
1479 857 1616 926 πρὸς
1646 854 1706 906 σέ

149 969 323 1033 λόγος,
381 966 562 1026 Ἕκτος
603 963 657 1014 δέ
711 961 866 1026 λόγου
913 957 1144 1027 τιμὼρει
1173 995 1185 1015 ,
1222 953 1459 1022 σφάττε,
1494 949 1640 1002 ποίει
1684 945 1713 998 δ

149 1058 319 1118 θέλεις
346 1074 360 1086 ο
403 1057 521 1124 ἐμοι
561 1057 667 1123 γὰρ
710 1059 738 1104 6
787 1052 988 1120 κόσμος
1021 1045 1396 1116 ἐσταύρωται,
1448 1039 1606 1107 κάγὼ
1635 1037 1712 1107 τῷ

150 1152 357 1215 κόσμῳ,
390 1148 551 1216 φησὶν
581 1149 608 1198 6
636 1145 778 1206 θεῖος
807 1145 899 1196 καὶ
924 1140 1054 1206 ἐμδς
1095 1136 1412 1197 διδάσκαλος
1434 1133 1566 1200 (5|).
1603 1127 1710 1182 Τοῦ

150 1241 203 1291 δὲ
234 1240 490 1304 βασιλέως
527 1236 789 1298 εἰπόντος,
823 1234 928 1285 Καὶ
957 1231 1100 1292 τίνες
1129 1231 1174 1281 οἱ
1199 1227 1381 1297 ἐχθροὶ
1411 1221 1577 1283 οὗτοι,
1616 1219 1712 1283 οὒς

151 1332 212 1381 ἐκ
249 1330 412 1399 μέσου
449 1327 669 1396 ποιῆσαί
722 1342 786 1394 με
830 1322 1230 1390 προστάσσειςς
1279 1318 1445 1386 φησὶν
1491 1318 1518 1368 6
1567 1315 1707 1375 θεῖος

149 1424 329 1489 ἀνήρ’
391 1421 448 1471 ’0
497 1419 665 1487 θυμὸς
704 1419 798 1469 καὶ
852 1417 884 1484 ἡ
933 1412 1241 1480 ἐπιθυμξαο
1284 1409 1457 1460 ταῦτα
1506 1406 1611 1476 γὰρ
1651 1404 1708 1468 ἐξ

149 1511 322 1580 ἀρχῆς
363 1511 458 1577 μὲν
481 1507 730 1578 συνεργοὶ
754 1507 851 1572 τῆς
884 1503 1099 1568 φύσεως
1128 1501 1232 1552 ὑπὸ
1256 1496 1349 1550 τοῦ
1375 1493 1712 1565 δημιουργοῦ

149 1602 532 1672 παρήχθησαν,
567 1602 661 1650 καὶ
688 1598 781 1649 νῦν
812 1593 1073 1652 ὡσαύτως
1103 1590 1283 1660 ἔχουσι
1313 1589 1426 1649 τοῖς
1469 1587 1544 1656 μὴ
1571 1583 1714 1637 κατὰ

149 1696 326 1758 σάρκα
358 1689 813 1757 πολιτευομένοις,
865 1686 996 1738 ἀλλὰ
1031 1684 1170 1737 κατὰ
1203 1682 1418 1750 πνεῦμα
1441 1679 1552 1746 (5‘2)
1584 1693 1593 1703 '
1657 1679 1714 1728 ἐν

146 1787 277 1852 ὑμῖν
313 1783 398 1842 δὲ,
438 1783 633 1840 οἵτινες
671 1779 732 1830 τὸ
769 1778 886 1828 {Dav
927 1777 1048 1828 ἐστὲ
1092 1776 1311 1843 σάρκες,
1363 1771 1528 1841 μηδὲν
1559 1769 1707 1836 έχονο

144 1893 236 1936 τες
264 1875 356 1928 τοῦ
388 1873 695 1942 πνεύματος
716 1909 730 1932 ,
763 1871 1028 1923 ἀντίδικοι
1056 1885 1090 1935 γ

143 1966 357 2035 ἐχθρῶν
389 1965 482 2016 καὶ
521 1963 793 2032 πολεμίων
835 1960 1277 2028 διαπράττονται.
1341 1956 1407 2007 'H
1456 1954 1563 2023 γὰρ
1588 1954 1707 2004 ἐπι-

143 2057 317 2125 θυμία
342 2057 398 2107 ἐν
423 2057 570 2123 ὑμῖν,
599 2052 962 2122 ἐνεργουμένη
991 2053 1107 2121 μὲν,
1126 2049 1319 2119 ἡδονὴν
1350 2049 1460 2116 (35)
1485 2044 1710 2113 ἐγείρει,

146 2149 249 2216 ll
291 2145 709 2216 καταργουμένη
749 2144 805 2195 δὲ
833 2182 848 2206 ,
894 2143 1086 2211 θυμόν.
1135 2140 1381 2193 Ἀπέστω
1413 2134 1507 2188 οὖν
1543 2135 1713 2188 ταῦτα

142 2252 384 2304 σήμερον
417 2234 524 2286 ἀπὸ
543 2233 658 2296 σοῦ,
689 2232 1214 2303 προκαθεζέσοωσαν
1249 2229 1304 2281 δὲ
1336 2229 1416 2288 εἰς
1447 2224 1714 2294 ἀκρόασιν

150 2329 254 2380 τῶν
287 2327 590 2396 λεγομένων
621 2327 713 2378 καὶ
743 2325 923 2394 κρίσιν
953 2326 986 2394 ή
1026 2323 1286 2392 φρόνησις
1317 2321 1410 2372 καὶ
1446 2319 1477 2387 ὴ
1503 2317 1711 2369 δικαιο-

141 2418 307 2487 σύνη.
343 2419 402 2470 Εἰ
429 2420 534 2486 γὰρ
562 2416 652 2468 τὸν
681 2415 851 2484 θυμὸν
883 2416 978 2468 καὶ
1003 2414 1099 2482 τὴν
1130 2409 1427 2478 ἐπιθυμίαν
1459 2411 1520 2460 ἐκ
1547 2407 1713 2476 μέσου

141 2511 398 2578 ποιήσεις
421 2547 435 2569 ,
469 2507 806 2570 ἀντεισάξεις
830 2505 887 2558 δέ
925 2506 1024 2575 τήν
1065 2491 1328 2572 φρόνησιν
1370 2501 1461 2552 καὶ
1492 2499 1591 2569 τὴν
1632 2497 1713 2550 δι-

141 2600 465 2667 καιοσύνην,
496 2598 803 2666 φιλαλήθως
838 2598 1009 2650 πάντα
1038 2595 1176 2657 λέξω
1205 2611 1305 2645 σοι.
1335 2593 1475 2663 Πρὸς
1496 2589 1661 2643 ταῦτα
1689 2590 1718 2640 6

143 2687 402 2757 βασιλεὺς
434 2688 536 2757 ἔφη
564 2703 576 2716 ο
621 2687 772 2751 Ἰδοὺ,
824 2687 970 2751 εἴξας
1000 2702 1092 2737 σου
1125 2687 1188 2754 τῇ
1224 2682 1469 2748 ἀξιώσει,
1499 2679 1717 2731 ἐκϐαλῶ

143 2779 243 2832 τοῦ
297 2780 573 2848 συνεδρίου
630 2781 727 2846 τήν
777 2794 836 2829 τε
890 2775 1182 2844 ἐπιθυμὶαν
1237 2775 1333 2826 καὶ
1382 2773 1472 2824 τὸν
1522 2771 1713 2839 θυμὸν,

146 2872 411 2944 μεσάζειν
469 2873 523 2923 δὲ
576 2872 674 2938 τὴν
736 2872 996 2938 φρόνησιν
1059 2869 1154 2918 καὶ¹
1205 2867 1304 2934 τὴν
1369 2865 1716 2931 δικαιοσύνην

142 2967 385 3031 ποιήσω.
421 2963 558 3028 Λέγε
597 2979 685 3030 μοι
713 2960 895 3012 λοιπὸν
923 2957 1090 3019 ἀδεῶς
1119 2955 1281 3009 πόθεν
1312 2973 1394 3006 σοι
1425 2957 1458 3024 ή
1481 2954 1716 3020 τοσαύτη

142 3053 372 3120 ἐγένετο
407 3052 581 3120 πλάνη
607 3092 621 3113 ,
653 3053 748 3103 καὶ
777 3051 838 3102 τὸ
871 3049 1144 3119 προτιμᾷν
1174 3047 1243 3099 τὰ
1292 3048 1348 3098 ἐν
1383 3047 1569 3106 κεναῖς
1603 3042 1714 3113 (54)

144 3141 334 3195 ἐλπίσι
367 3141 472 3192 τῶν
503 3141 560 3190 ἐν
605 3139 762 3208 χερσὶ
791 3137 1158 3206 βλεπομένων.
1221 3133 1561 3204 Ἀποκριθεὶς
1596 3133 1651 3184 δὲ
1689 3132 1718 3182 6

142 3233 423 3302 ἁρημῖτης
451 3226 604 3282 εἶπεν
629 3245 644 3260 ο

223 3473 290 3526 El
325 3473 421 3542 τὴν
451 3471 626 3542 ἀρχὴν
654 3469 836 3538 ζητεῖς
861 3510 875 3533 ,
911 3461 956 3520 ὦ
1004 3465 1249 3534 βασιλεῦ,
1297 3463 1460 3517 πόθεν
1509 3479 1600 3530 μοι
1629 3460 1720 3526 γέ-

141 3580 280 3633 γονε
317 3563 423 3614 τῶν
456 3560 808 3628 προσκαὶρων
841 3558 940 3627 μὲν
973 3558 1248 3626 ὑπεριδεῖν
1271 3594 1287 3618 ,
1318 3556 1438 3608 ὅλον
1466 3555 1522 3606 δὲ
1547 3555 1719 3622 ἐμαυ-

139 3658 246 3708 τὸν
279 3657 398 3715 ταῖς
433 3651 670 3711 αἰωνίοις
721 3649 998 3702 ἐπιδοῦναι
1039 3649 1274 3708 ἐλπίσιν,
1328 3647 1585 3698 ἄκουσον.
1633 3643 1722 3696 Ἐν

143 3747 392 3816 ἡμέραις
417 3743 692 3811 ἀρχαίαις,
727 3741 805 3792 ἔτι
835 3739 1032 3808 κομιδῆ
1061 3739 1180 3800 νέος
1208 3739 1489 3807 ὑπάρχων,
1516 3734 1725 3804 ἡκουσὰ

143 3855 204 3890 τι
251 3838 401 3905 ῥῆμα
441 3832 641 3898 ἀγαθὸν
671 3832 766 3882 καὶ
795 3830 1077 3898 σωτήριον,
1115 3827 1207 3879 καί
1241 3844 1306 3895 με
1340 3825 1460 3877 κατ’
1491 3824 1663 3892 ἄκρας
1689 3825 1721 3890 ἡ

142 3925 350 3979 τούτου
387 3922 612 3987 δύναμις
649 3915 782 3981 εἷλε,
817 3918 945 3981 καὶ,
997 3917 1182 3987 ὥσπερ
1211 3933 1292 3977 τις
1325 3915 1464 3974 θεῖος
1501 3913 1722 3983 σπόρος,

141 4024 184 4090 ὴ
223 4017 416 4070 τούτου
463 4017 648 4086 μνήμη
677 4055 691 4076 ,
721 4018 786 4083 τῇ
818 4016 923 4082 ἐμῇ
961 4013 1287 4081 φυτευθεῖσα
1319 4012 1547 4081 καρδίᾳ,
1579 4008 1724 4078 ἀχώ-

143 4125 346 4180 ριστος
370 4109 448 4168 εἰς
477 4107 563 4158 ἀεὶ
590 4103 882 4173 διετηρήθη
905 4103 980 4164 ὡς
1005 4103 1096 4154 καὶ
1129 4102 1426 4170 ῥιζωθῆναι
1459 4141 1472 4164 ,
1511 4100 1604 4152 καὶ
1630 4103 1726 4153 ἐκ-

139 4198 482 4265 όλαστῆσαι,
511 4197 601 4246 καὶ
629 4195 687 4246 ὃν
719 4196 849 4262 ὁρᾷς
882 4193 1092 4261 καρπον
1119 4194 1361 4257 ἐνεγκεῖν
1391 4192 1447 4242 ἐν
1481 4191 1626 4259 ἐμοί.
1663 4191 1727 4242 Ἡ

139 4289 215 4341 δὲ
263 4287 357 4338 τοῦ
407 4287 647 4354 ῥήματος
702 4285 928 4350 δύναμις
965 4282 1188 4350 τοιαύτη
1236 4299 1318 4344 τις
1354 4278 1456 4351 ἦν’
1515 4281 1726 4346 Ἔδοξε,

145 4379 322 4447 φησὶ,
353 4381 464 4438 τοῖς
491 4377 737 4443 ἀνοήτοις
771 4374 876 4424 τῶν
916 4374 1084 4424 ὄντων
1117 4373 1216 4438 μὲν
1251 4375 1614 4440 καταφρονεῖν
1653 4373 1729 4434 ὡς

151 4470 244 4539 μὴ
276 4468 464 4528 ὅντων,
495 4465 602 4516 τῶν
632 4465 706 4533 μὴ
737 4463 899 4514 ὄντων
926 4463 981 4513 δὲ
1019 4462 1091 4523 ὡς
1121 4461 1287 4513 ὄντοιν
1316 4462 1635 4530 ἀντέχεσθαι
1668 4479 1728 4514 τε

148 4559 266 4613 καὶ
304 4555 653 4625 περιέχεσθαι
674 4569 686 4582 ·
723 4556 750 4604 6
778 4553 852 4621 μὴ
882 4552 1220 4618 γευσάμενος
1249 4547 1340 4603 οὖν
1369 4553 1464 4619 τῆς
1506 4551 1613 4602 τῶν
1639 4552 1729 4603 6v-

148 4663 280 4697 των
312 4642 646 4712 γλυκύτητος
669 4681 684 4703 ,
735 4641 794 4690 οὐ
845 4641 1132 4706 δυνήσεται
1180 4640 1281 4706 12
1312 4639 1417 4690 τῶν
1453 4639 1528 4709 μὴ
1566 4639 1734 4693 ὅντων

155 4731 513 4802 καταμαθεῖν
569 4730 666 4799 τὴν
719 4729 918 4798 φύσιν·
975 4731 1048 4798 μὴ
1104 4729 1436 4797 καταμαθὼν
1466 4731 1558 4792 δὲ,
1620 4731 1735 4794 πῶς

156 4820 353 4874 αὐτῶν
387 4818 751 4887 ὑπερόψεταις
791 4821 953 4868 Ὄντα
992 4817 1089 4884 μὲν
1118 4811 1210 4869 οὖν
1236 4819 1491 4870 ἐκάλεσεν
1524 4819 1553 4869 6
1581 4818 1736 4885 λόγος

157 4912 240 4964 τὰ
283 4908 476 4961 αἰώνια
506 4908 596 4959 καὶ
643 4907 718 4976 μή
752 4905 1107 4974 σαλευόμενα,
1157 4907 1230 4975 μὴ
1263 4907 1390 4958 ὄντα
1429 4907 1482 4958 δὲ
1528 4907 1617 4960 τὸν
1647 4910 1736 4960 ἐν·

158 5000 352 5054 meo;
380 5000 489 5066 βίον
521 5000 612 5048 καὶ
642 4997 738 5066 τὴν
769 4997 976 5069 τρυφὴν
1017 4997 1106 5048 καὶ
1141 4998 1235 5066 τήν
1263 4997 1603 5068 ψευδομένην
1643 5000 1735 5051 εὐ-

163 5090 417 5161 ⁴ῃμερίαν
442 5106 454 5118 ·
483 5083 583 5150 οἷς,
614 5084 657 5142 ὦ
705 5087 920 5155 βασιλεῦ
941 5127 956 5149 ,
996 5087 1179 5148 κακῶς
1219 5089 1320 5153 φεῦ
1350 5089 1362 5140 l
1397 5090 1428 5157 ἡ
1458 5090 1522 5157 σὴ
1563 5107 1734 5158 προσ-

165 5183 387 5250 ήλωται
437 5179 647 5241 καρδία.
683 5176 851 5234 Κάγὼ
879 5178 934 5227 δέ
965 5193 1092 5228 ποτε
1138 5176 1338 5227 τούτων
1375 5179 1730 5247 ὰντειχόμην·

251 5331 371 5402 (51)
405 5330 574 5402 Epist.
609 5331 674 5402 ad
704 5328 817 5382 Gal.
853 5330 1043 5402 10L”.

253 5398 372 5467 (52)
405 5401 594 5451 Paulus
626 5401 789 5464 Epist.
822 5399 886 5449 ad
918 5398 1184 5450 Romanos
1224 5413 1342 5460 VIII,
1368 5405 1422 5452 4.

1761 4505 1806 4560 υ

1821 585 1874 639 Si
1908 599 2178 638 sermones
2210 603 2411 638 llit't'tllll
2436 602 2714 641 conserere
2743 589 2792 640 in
2822 589 3054 641 animum
3101 589 3322 654 inducis,
3346 606 3378 642 ο

1822 690 1936 738 rex,
1972 677 2049 728 fac
2082 677 2257 725 hostes
2283 685 2396 726 tuos
2428 693 2456 725 ι*
2483 677 2656 728 medio
2679 679 2920 730 trilmnali
2955 680 3289 742 sttbtnoveas,
3319 696 3379 734 ac

1823 772 1928 817 tuin
1958 766 2023 817 de
2053 766 2130 816 bis
2155 765 2308 817 rebus
2331 783 2454 828 qtt.’t~
2498 767 2788 834 intelligere
2837 767 2984 832 cupis
3015 771 3102 820 tibi
3153 785 3376 826 resvou-

1822 851 1980 904 dt'bO.
2008 853 2105 905 Illis
2133 862 2303 905 autem
2330 856 2669 918 manentibus
2696 854 2865 906 nul‘us
2891 858 3013 908 mihi
3037 857 3100 910 ad
3125 870 3172 910 te
3200 873 3379 910 sermo

1819 943 1938 996 erit.
1963 942 2105 994 Citra
2137 958 2431 996 sermonem
2455 953 2628 995 autem
2661 946 2926 1009 excrucia,
2975 947 3251 1010 obtrttnca,
3301 948 3379 999 fac

1821 1033 2048 1098 denique
2071 1035 2324 1103 quidquid
2357 1035 2519 1087 Iubet.
2567 1035 2688 1087 Milii
2723 1053 2861 1088 etttnt
2913 1040 3136 1090 InlllitlllS
3164 1041 3377 1093 crucili~

1820 1139 1917 1177 xus
1948 1132 2047 1188 est,
2077 1133 2128 1177 et
2159 1139 2256 1192 ego
2283 1124 2500 1186 mundo,
2548 1135 2601 1177 ut
2640 1126 2711 1177 ait
2763 1141 2906 1178 meus
2938 1128 3184 1194 magister
3237 1129 3375 1198 (Gal.

1823 1219 1915 1270 νι).
1946 1214 2180 1282 Cumque
2201 1230 2291 1268 rex
2323 1213 2543 1266 dirisset
2574 1232 2586 1267 :
2620 1214 2842 1280 Quinam
2889 1218 3096 1270 tandem
3152 1229 3271 1271 sunt
3326 1219 3376 1271 hi

1822 1307 2000 1358 hostes
2030 1307 2152 1368 mei,
2181 1318 2313 1372 quos
2342 1319 2428 1358 me
2449 1304 2567 1357 hinc
2581 1288 2838 1374 ablegare
2861 1305 3054 1372 jubes?
3086 1308 3376 1366 Iracundia.

1823 1393 1988 1460 inquit
2017 1394 2124 1456 ille,
2154 1403 2209 1448 et
2235 1395 2512 1462 cupiditas.
2544 1394 2670 1447 Nam
2699 1409 2777 1447 eae
2825 1396 3048 1462 primum
3075 1401 3282 1463 quidem
3311 1397 3383 1453 ab

1820 1483 2053 1534 omnium
2088 1497 2264 1534 rerum
2306 1494 2521 1549 parente
2563 1495 2719 1550 atque
2757 1484 3045 1538 architecto
3085 1486 3149 1538 ita
3196 1488 3385 1549 produ-

1820 1582 1917 1625 ctae
1946 1581 2089 1630 sunt.
2127 1583 2182 1623 ut
2215 1580 2409 1624 natura:
2457 1573 2869 1640 opitularentur,
2923 1589 2985 1629 ac
3032 1591 3171 1627 nunc.
3215 1579 3376 1629 etiam

1817 1662 2056 1714 eamdem
2090 1662 2150 1712 iis
2178 1675 2391 1728 operam
2429 1661 2681 1724 pra-bent,
2717 1663 2808 1730 qui
2853 1678 2956 1717 non
2986 1672 3041 1716 ut
3083 1665 3250 1728 carni,
3274 1662 3378 1718 sed

1821 1763 1870 1804 ut
1900 1750 2107 1818 spiritui
2129 1762 2540 1804 consentaneum
2584 1761 2684 1814 est,
2741 1753 2940 1807 vivunt.
2995 1753 3051 1807 In
3089 1755 3235 1808 vobis
3285 1771 3376 1808 au-

1095 1867 1334 1933 εγύνασι,
1378 1861 1562 1916 καὶτὰ
1604 1860 1710 1912 τῶν

1821 1853 1947 1906 tem,
1980 1844 2067 1910 qui
2098 1858 2315 1912 prorsus
2357 1844 2597 1897 carnales
2628 1843 2776 1905 estis,
2821 1859 2917 1897 nec
2961 1845 3118 1898 ullam
3169 1847 3382 1913 spiritus

1823 1941 2022 1996 partem
2051 1932 2257 1986 habetis
2277 1973 2290 1994 ,
2324 1931 2635 1985 adversariae
2684 1933 3021 1998 exstiterunt,
3071 1949 3236 2003 eaque
3266 1951 3331 2001 qn
3353 1950 3380 1982 ιι

1821 2022 2046 2076 inimicis
2089 2033 2141 2076 et
2173 2024 2412 2076 hostibus
2438 2023 2774 2088 conveniunt,
2807 2035 3179 2092 exsequuntur.
3225 2024 3382 2090 Cupi-

1819 2113 1956 2166 ditas
1980 2113 2200 2175 etenim,
2229 2126 2350 2164 cum
2379 2113 2425 2164 ei
2452 2127 2479 2164 a
2506 2113 2654 2165 vobis
2674 2127 2830 2181 opera
2855 2113 3026 2171 datur.
3063 2114 3308 2180 voluptati
3331 2130 3380 2166 ιη

1820 2205 2053 2256 excitat:
2086 2218 2207 2255 cum
2239 2211 2414 2256 autem
2452 2204 2714 2266 aboletur,
2766 2202 3102 2258 iracundiam.
3152 2204 3377 2258 Proinde

1824 2291 2238 2360 facessantipsa:
2283 2293 2540 2344 hodierno
2566 2295 2649 2345 die
2696 2293 2788 2346 abs
2820 2305 2900 2354 te;
2960 2297 3176 2361 prasint
3205 2305 3381 2348 autem

1821 2380 1887 2433 ad
1913 2394 2094 2433 eorum
2124 2395 2240 2448 quae
2266 2396 2294 2432 a
2325 2397 2405 2434 "ie
2428 2381 2668 2434 dicentur
2687 2382 3003 2436 auditionem
3025 2400 3085 2436 ae
3104 2385 3380 2452 judicium,

1822 2472 2096 2540 prudentia
2125 2480 2176 2524 et
2197 2471 2417 2538 justitia.
2454 2473 2581 2525 Nam
2611 2473 2654 2525 si
2695 2473 3018 2527 iracundiam
3049 2484 3102 2527 et
3126 2477 3381 2540 cupidita-

1795 2570 1916 2637 tem
1963 2561 2030 2615 de
2083 2563 2262 2615 medio
2311 2562 2623 2620 sustuleris.
2659 2568 2822 2628 atque
2863 2575 3052 2613 earum
3099 2561 3220 2616 loco
3256 2577 3384 2629 pru-

1805 2656 2044 2710 dentiam
2077 2665 2132 2709 et
2166 2655 2436 2724 justitiam
2465 2653 2773 2715 induxeris,
2802 2669 2929 2708 vere
2962 2655 3145 2708 omnia
3179 2656 3274 2708 tibi
3303 2656 3386 2709 di-

1805 2761 1944 2799 cam.
1977 2747 2154 2814 Atque
2196 2762 2288 2798 rex
2324 2745 2406 2796 Ιιὶς
2440 2747 2623 2800 verbis
2668 2753 2753 2800 cst
2799 2762 2932 2800 usus
2969 2764 2980 2799 :
3023 2749 3100 2800 En
3131 2749 3382 2816 petitioni

1803 2844 1912 2891 tute
1940 2837 2102 2897 cessi,
2139 2845 2300 2904 atque
2343 2837 2700 2902 riq-iditatetn
2728 2848 2784 2889 et
2819 2836 3158 2890 iracundiam
3188 2853 3218 2892 e
3247 2855 3383 2892 con-

1801 2929 1928 2981 cilio
1960 2928 2209 2996 ejiciatn;
2257 2927 2508 2993 daboqite
2541 2945 2760 2996 operam
2811 2938 2866 2980 ut
2897 2929 3184 2997 prudentia
3213 2938 3265 2983 cl
3294 2931 3385 3000 ju-

1801 3020 1951 3073 stitia
1985 3020 2426 3086 interponantur.
2464 3017 2580 3070 Jun
2634 3020 2796 3088 igitur
2842 3021 3049 3091 absque
3091 3023 3201 3076 ttllo
3233 3034 3381 3078 metu

1800 3111 1929 3163 mibi
1959 3126 2172 3179 expone
2217 3110 2358 3163 unde
2397 3111 2495 3162 tibi
2529 3112 2613 3163 bic
2638 3128 2794 3164 error
2826 3113 3055 3168 obortus
3085 3115 3179 3177 sit,
3221 3125 3279 3168 ut
3315 3130 3379 3168 ea

1797 3217 1919 3270 quae
1949 3202 2003 3254 in
2039 3216 2176 3253 vana
2225 3217 2320 3269 spe
2370 3203 2543 3269 posita
2578 3214 2724 3266 sunt,
2758 3205 2825 3258 iis
2856 3206 3019 3260 rebus
3052 3221 3174 3274 quae
3203 3207 3380 3258 niani-

1798 3295 1898 3348 lms
1927 3300 2216 3346 tenentur.
2265 3304 2407 3362 atqu.
2469 3296 2642 3347 oculis
2688 3307 3008 3360 cernuntur,
3054 3307 3376 3368 anteponas.

1799 3382 2154 3452 lii-spondens
2188 3393 2372 3436 autem
2407 3387 2633 3438 cietiiita
2662 3385 2799 3440 dixit
2831 3404 2842 3437 :

1899 3475 1955 3529 Si
1986 3475 2277 3541 intelligere
2301 3479 2465 3540 cupis,
2503 3490 2535 3524 ι)
2566 3487 2676 3536 rex,
2709 3473 2844 3526 unde
2877 3474 2973 3526 hoc
3003 3475 3224 3540 primum
3258 3477 3383 3529 niilti

1829 3565 2003 3617 animo
2035 3563 2280 3628 injectum
2311 3564 2483 3614 tuerit.
2518 3573 2573 3614 ιιι
2603 3562 2825 3614 Caducas
2864 3579 2949 3615 res
2971 3575 3382 3627 contemerem,

1831 3667 1891 3706 ac
1937 3668 2021 3706 me
2051 3662 2214 3705 totum
2264 3666 2699 3718 sentptternarum
2739 3667 2910 3704 rerum
2945 3655 3052 3717 spei
3102 3656 3383 3718 traderem,

1832 3743 1975 3795 audi.
2004 3743 2162 3804 Olim,
2194 3755 2310 3794 cum
2341 3744 2507 3793 adbur~
2546 3742 2754 3794 iuvenili
2788 3751 2938 3795 aelate
2966 3758 3160 3808 essent,
3194 3744 3385 3797 bunum

1833 3847 1892 3884 ac
1920 3833 2148 3886 salutare
2179 3832 2392 3883 verbum
2419 3833 2611 3886 audin.
2645 3847 2790 3894 (:ttjttﬁ
2822 3833 2900 3883 vis
2924 3833 3173 3898 majorem
3198 3834 3248 3886 in
3278 3850 3385 3884 ino-

1831 3921 1955 3974 dum
1983 3935 2066 3973 ute
2093 3925 2280 3986 rapuit.
2319 3922 2584 3986 ipsiusque
2627 3922 2896 3982 memoria,
2931 3921 3088 3973 divini
3113 3923 3385 3989 cujusdam

1835 4011 2049 4064 seminis
2080 4012 2260 4066 instar.
2295 4011 2489 4075 pri-turi
2541 4026 2658 4060 ιιιιιιι
2701 4010 2852 4060 insita
2882 4012 2950 4062 ita
2981 4021 3284 4076 permansit,
3331 4022 3386 4064 ut

1840 4117 2099 4168 numquam
2151 4119 2176 4149 ιι
2223 4115 2304 4151 me
2333 4100 2503 4150 ιιινιιιΙι
2553 4108 2805 4166 potuertt;
2837 4099 2970 4151 adeo
2998 4108 3052 4150 ιιι
3079 4110 3131 4152 et
3185 4102 3388 4156 radices

1836 4194 2021 4256 egeiit,
2063 4202 2115 4242 et
2142 4206 2356 4259 germen
2405 4196 2622 4240 Clil'Jr‘I"
2691 4204 2749 4240 ac
2796 4200 2999 4240 maturo
3027 4201 3262 4256 tempore
3281 4187 3386 4242 fru-

1831 4293 1969 4332 etum
2002 4281 2051 4332 in
2083 4297 2166 4332 me
2197 4279 2392 4330 tulerit.
2431 4278 2592 4340 lltijus
2619 4285 2793 4328 autem
2820 4276 2962 4328 verbi
2993 4277 3103 4329 [nec
3129 4277 3206 4329 vis
3232 4287 3345 4328 erat
3371 4293 3384 4328 :

1836 4371 2123 4432 I-chordes,
2157 4369 2420 4436 inquiebat
2453 4368 2560 4425 ille,
2594 4381 2652 4418 ac
2705 4365 2881 4419 smlidi
2917 4368 3174 4426 homines.
3211 4365 3387 4420 animo

1835 4465 1904 4515 ita
1931 4461 2217 4525 comparati
2241 4467 2382 4516 sunt.
2411 4468 2464 4508 ut
2489 4474 2547 4506 ea
2572 4471 2685 4522 quae.
2712 4466 2856 4516 sunt,
2884 4455 3102 4523 perinde
3128 4471 3191 4510 ac
3212 4456 3257 4509 si
3282 4472 3385 4509 non

1832 4554 1960 4612 sint,
1989 4557 2332 4611 aspernentur
2353 4586 2366 4604 ,
2394 4560 2454 4595 ea
2489 4557 2660 4597 autem
2687 4561 2804 4609 quae.
2835 4561 2936 4597 non
2981 4552 3123 4607 sunt,
3169 4543 3386 4610 perinde

1839 4662 1901 4702 ac
1929 4648 1970 4700 si
1997 4648 2123 4710 sint,
2157 4647 2554 4712 amplectantur.
2585 4661 2644 4697 ac
2675 4645 2942 4698 mordicus
2977 4642 3261 4695 retineant.
3293 4640 3392 4704 Qui

1841 4745 2011 4790 autem
2039 4749 2220 4787 eorum
2251 4751 2364 4801 quzc
2404 4745 2526 4786 sunt
2552 4735 2882 4786 dulcedinem
2916 4732 3128 4785 minime
3156 4731 3404 4797 degusta-

1844 4827 1932 4884 vit,
1967 4826 2009 4876 is
2037 4839 2219 4876 eorum
2265 4839 2384 4890 qum
2414 4839 2516 4875 non
2545 4833 2666 4875 sunt
2692 4834 2930 4874 naturam
2968 4819 3256 4889 perfectam
3307 4822 3404 4869 ba-

1845 4915 1968 4966 bere
1996 4928 2100 4966 non
2128 4913 2342 4978 poterit.
2367 4912 2511 4964 lianc
2537 4928 2693 4980 porro
2723 4912 2821 4964 nisi
2849 4912 3179 4976 exploratam
3211 4910 3406 4961 habnt:-

1845 5003 1932 5064 rit.
1953 5015 2178 5069 quonam
2203 5001 2361 5054 modo
2384 5017 2444 5054 ea
2467 5012 2764 5055 contemnet
2788 5017 2848 5055 ac
2874 5017 2966 5068 pro
2991 5001 3155 5053 niliilo
3178 4999 3406 5066 putabi?

1848 5092 2010 5144 Porro
2041 5106 2135 5159 per
2159 5105 2218 5143 ea
2249 5107 2368 5157 qua:
2397 5104 2536 5155 sunt,
2573 5093 2682 5143 lucc
2713 5092 2883 5144 oratio
2929 5093 3271 5157 sempiternas
3299 5103 3404 5149 res,

1848 5192 2007 5248 atque
2036 5198 2062 5233 a
2086 5181 2372 5248 jactatione
2404 5184 2601 5233 alit-uas
2636 5183 2954 5250 intelligebat
2983 5199 2995 5234 :
3029 5197 3120 5246 per
3147 5195 3202 5232 ei
3232 5189 3405 5230 autem

253 5465 369 5536 (‘55)
403 5469 462 5530 Β,
493 5468 802 5532 ἐπιθυμίαν.
840 5467 1009 5520 Locus
1039 5483 1143 5519 non
1189 5469 1408 5520 nitidus.
1453 5465 1721 5535 Trapezur

1802 5485 1882 5522 ts:
1916 5486 1932 5517 t
1975 5467 2103 5520 Nam
2154 5469 2589 5534 concupiscentia
2637 5485 2682 5519 ιιι
2728 5467 2872 5517 vobis
2915 5475 3171 5534 operatur
3197 5465 3411 5536 quidem

173 5533 513 5606 \‘ultlplalent
542 5548 595 5614 et
642 5541 865 5614 inritat,
904 5538 978 5614 ira
1015 5552 1139 5587 vero
1169 5537 1416 5590 destruit.
1447 5555 1464 5588 ι
1500 5533 1627 5601 Quae
1668 5538 1856 5592 Latina
1908 5550 2116 5591 vertere
2166 5533 2352 5590 Billius
2396 5540 2523 5590 satis
2570 5540 2793 5614 habuit.~
2821 5540 2916 5590 list
2954 5533 3012 5589 in
3048 5538 3087 5586 Δ
3121 5533 3412 5604 aScriptuut

173 5613 474 5668 scltoltuui,
503 5608 612 5660 sed.
659 5607 796 5671 quod
832 5606 1002 5665 doleo,
1035 5618 1138 5656 mut
1172 5615 1297 5657 tutu.

257 5679 374 5744 (35)
402 5676 458 5741 Β,
492 5677 720 5746 καιναῖς,
753 5685 805 5726 et
850 5676 926 5746 sic
971 5675 1115 5735 alibi,
1149 5675 1538 5746 permutatione
1567 5677 1721 5730 solita

1802 5696 1828 5730 ll
1871 5677 2038 5743 Longi
2069 5678 2212 5730 Past.
2259 5693 2328 5737 tv,
2360 5679 2410 5734 ὃ,
2457 5680 2542 5728 ubi
2585 5674 2646 5746 ir..-
2684 5677 2779 5746 μὲν
2811 5680 2964 5731 κένον
2998 5678 3186 5742 πένθος
3217 5674 3410 5736 ἀνθῶν,

169 5764 305 5816 jure
345 5745 576 5816 praetulit
609 5746 846 5812 Coraytts
886 5745 962 5797 ιιι·
990 5745 1392 5799 eruditissimus
1427 5745 1725 5801 variantcm
1763 5748 2046 5802 lectioutm
2085 5749 2289 5800 καινόν.
