4180 6458
177 377 283 440 €83

177 581 367 643 παιδὸς
411 582 660 652 ἀγχινοίᾳ.
708 583 799 633 καὶ
839 583 1084 648 συνέσει,
1119 584 1518 654 ἐκπλήττεσθαι
1550 584 1608 636 δὲ
1661 584 1755 637 καὶ

174 671 269 725 τὸν
299 671 526 741 βασιλέα
555 674 616 726 τό
643 691 701 725 τε
739 674 1094 744 χαριέστατον
1125 675 1216 728 τοῦ
1252 677 1541 746 προσώπου
1573 679 1665 729 καὶ
1693 677 1754 730 τὸ

173 764 277 826 τῆς
307 764 486 832 ψυχῆς
517 767 864 835 κατάστημα.
886 767 1136 830 Ἐντολάς
1164 785 1223 820 τε
1259 769 1430 821 ἐδίδου
1477 773 1589 832 τοῖς
1625 787 1750 820 συν-

172 855 328 906 οῦσιν
377 856 562 926 αὐτῷ,
598 859 763 928 μηδὲν
797 858 855 911 τδ
899 862 1161 931 παράπαν
1188 863 1295 916 τῶν
1329 865 1422 916 τοῦ
1459 862 1573 933 βίου
1605 865 1752 916 ἀνια-

175 947 289 1017 ρῶν
327 948 475 1016 αὑτῴ
513 951 794 1020 γνώριμον
838 953 1047 1019 θεῖναι,
1082 956 1204 1024 μηδ’
1235 957 1315 1008 ὅτι
1355 958 1490 1018 ὅλως
1522 955 1751 1020 Θάνατος

171 1041 244 1090 τὰ
271 1041 514 1109 παρόντα
539 1045 747 1108 τερπνὰ
773 1043 1096 1114 διαδέχεται.
1127 1049 1322 1110 Κεναῖς
1347 1048 1404 1100 δὲ
1433 1049 1752 1116 ἐπηρείδετο

173 1129 376 1195 ἐλπίσι,
420 1135 512 1185 καὶ
543 1133 702 1187 τοῦτο
728 1137 791 1204 δὴ
837 1137 897 1188 τῦ
929 1136 1020 1188 τοῦ
1048 1137 1206 1205 λόγου
1231 1181 1244 1204 ,
1276 1142 1357 1200 εἰς
1401 1140 1630 1208 οὐρανὸν
1657 1157 1749 1192 το-

173 1222 353 1285 ξεύειν
400 1225 511 1292 (75)
561 1227 871 1297 ἐπιχειρῶν.
927 1230 1050 1292 Πῶς
1103 1235 1210 1300 γὰρ
1259 1232 1326 1285 ἂν
1365 1233 1460 1286 καὶ
1505 1234 1748 1286 διέλαθεν

172 1315 492 1388 ἀνθρωπίνῃ
513 1319 668 1386 φύσει
697 1323 724 1372 ὁ
754 1321 980 1385 θάνατος
1005 1341 1018 1387 ;
1045 1325 1104 1377 οὗ
1143 1325 1325 1393 μέντοι
1355 1327 1475 1378 οὐδὲ
1496 1327 1573 1393 τῷ
1596 1326 1747 1380 παιδὶ

169 1405 407 1461 διέλαθε.
449 1411 602 1482 "ian
635 1413 744 1482 γὰρ
781 1413 990 1466 συνέσει
1022 1415 1335 1484 κατάκομον
1370 1416 1510 1486 ἔχων
1539 1419 1746 1480 ἐκεῖνος

167 1501 264 1550 τὸν
293 1501 567 1571 λογισμόν,
611 1506 834 1557 ἐσκόπει
875 1505 996 1558 καθ’
1029 1507 1218 1559 ἑαυτὸν
1259 1510 1364 1560 τίνι
1399 1509 1543 1577 λόγῳ
1581 1511 1743 1562 αὐτόν

165 1609 228 1642 τε
257 1594 510 1662 ἀπρόῖτον
545 1594 680 1650 εἶναι
725 1598 753 1648 ὁ
780 1597 962 1668 πατὴρ
996 1600 1317 1653 κατεδίκασε
1350 1601 1443 1652 καὶ
1478 1604 1637 1653 παντὶ
1668 1601 1743 1671 τῷ

167 1685 478 1756 βουλομένῳ
501 1689 598 1757 τὴν
627 1691 705 1749 εἰς
733 1691 896 1742 αὐτὸν
921 1691 983 1742 οὐ
1005 1695 1277 1760 συγχωρεῖ
1307 1692 1529 1744 εἴσοδον.
1563 1694 1744 1762 Ἔγνω

166 1777 280 1842 γὰρ
313 1776 432 1829 καθ’
461 1777 652 1828 ἑαυτὸν
686 1781 759 1847 μη
793 1778 920 1830 ἄνευ
950 1783 1048 1847 τῆς
1070 1780 1164 1831 τοῦ
1191 1782 1396 1850 πατρὸς
1426 1784 1741 1850 προσταγῆς

1278 379 1447 438 VITA
1490 377 1846 436 BARLAAM
1884 379 1977 436 ΕΤ
2005 379 2356 440 JOASAPH.

177 486 652 560 προϐαλλόμενος,
689 489 766 553 ὡς
796 489 1081 554 κάκείνους
1113 491 1412 562 θαυμάζειν
1447 492 1541 544 ἐπὶ
1572 495 1640 563 τῇ
1669 491 1762 545 τοῦ

3308 395 3412 457 890

1796 502 1832 553 Α
1869 510 2011 563 nium
2037 512 2300 582 animique
2347 529 2566 568 acutam
2598 517 3001 579 admirarentur,
3035 533 3227 583 rexque
3251 521 3411 572 etlam
3489 560 3492 563 -

1865 605 1977 670 Ipse
2014 620 2078 656 ex
2119 609 2290 657 vultus
2322 605 2483 672 ipsius
2514 619 2804 668 venuState,
2834 607 3098 674 animique
3130 609 3330 672 habitu,
3358 609 3410 659 in

1861 705 2130 764 stuporem
2180 699 2495 752 traheretur.
2546 699 3024 754 Maudabataun-m
3053 703 3244 768 bisqui
3286 716 3407 754 cum

1861 802 1926 837 eo
1973 787 2316 840 versabantur
2347 799 2402 841 ut
2429 790 2615 840 darent
2650 803 2863 854 operam
2913 804 2978 840 ne
3023 789 3146 854 quid
3193 804 3410 855 prorsus

1858 890 2038 929 eorum
2067 891 2183 943 qua:
2213 878 2262 929 in
2289 881 2384 931 liac
2412 880 2516 932 vita
2544 878 2764 932 molesta
2809 888 2929 932 sunt
2954 879 3286 946 intelligeret,
3311 896 3408 935 nec

1859 969 2075 1020 omnino
2102 969 2240 1036 quod
2285 984 2426 1023 mors
2452 982 2740 1039 praesentes
2780 972 3076 1037 voluptates
3117 971 3230 1023 exci
3270 979 3405 1027 eret.

1857 1056 2114 1109 Caeterum
2143 1059 2280 1110 inani
2309 1073 2405 1127 spe
2429 1062 2707 1121 nitebatur,
2730 1071 2888 1125 atque
2917 1063 2995 1129 (ut
3023 1062 3302 1125 proverbio
3325 1063 3408 1115 di-

1857 1148 2080 1216 citu'r)iu
2107 1150 2294 1200 emlntn
2317 1151 2530 1216 sagittas
2606 1151 2824 1202 mittere
2919 1138 3228 1204 donabatur.
3262 1155 3410 1216 Quo-

1858 1253 1975 1290 nam
2002 1241 2140 1291 enim
2170 1241 2325 1292 modo
2353 1256 2495 1293 mors
2522 1240 2758 1293 humana:
2777 1250 2975 1293 natura-
3002 1239 3260 1308 incognita
3287 1256 3407 1296 esse

1856 1331 2068 1394 posset?
2100 1329 2278 1398 itaque
2306 1346 2370 1384 ne
2413 1331 2560 1400 pueri
2591 1330 2800 1397 quidem
2831 1331 3180 1398 cognitionem
3206 1331 3402 1400 ell‘ugit.

1855 1420 1984 1471 Nam
2013 1434 2130 1471 cum
2161 1422 2390 1473 animum
2422 1435 2628 1474 summa
2655 1424 2936 1487 sagacitate
2977 1430 3218 1474 ornatum
3247 1433 3300 1476 et
3328 1423 3409 1476 in-

1853 1518 2105 1561 Strnctnm
2149 1509 2384 1574 haberet,
2417 1525 2594 1563 secum
2624 1511 2736 1574 ipse
2765 1511 3128 1564 causidcrabat
3157 1511 3406 1579 quidnam

1852 1607 2052 1664 patrem
2081 1597 2388 1651 adduxiSset
2418 1609 2474 1650 ut
2504 1599 2604 1665 ipsi
2632 1601 2867 1653 omnium
2899 1599 3095 1652 aditum
3122 1601 3408 1655 interdice-

1851 1698 1948 1745 ret.
1975 1703 2072 1741 nec
2100 1689 2383 1755 quemlibet
2407 1689 2470 1741 ad
2501 1704 2559 1742 se
2601 1690 2858 1743 accedere
2903 1699 3187 1756 pateretur.
3226 1692 3324 1744 l’er
3350 1706 3408 1745 se

1850 1781 1990 1830 enini
2024 1779 2350 1847 intelligebat
2373 1781 2471 1832 lioc
2493 1788 2621 1832 citra
2645 1782 2806 1844 patris
2833 1781 3110 1847 imperium
3137 1796 3239 1833 non
3269 1783 3402 1834 lieri.

164 1883 327 1916 τουτο
362 1863 521 1920 εἶναι.
572 1871 760 1935 Ὅμως
813 1870 990 1938 ᾐδεῖτο
1031 1873 1306 1941 ἐρωτῆσαι
1353 1873 1550 1925 αὐτόν’
1583 1872 1740 1925 τοῦτο

1781 1865 1822 1925 Β
1849 1867 2104 1922 Ceterum
2154 1872 2267 1938 ipse
2298 1871 2625 1939 interrogare
2656 1871 2955 1935 verebatur,
2986 1880 3094 1924 tum
3127 1873 3266 1939 quod
3311 1873 3407 1923 nii-

167 1959 272 2025 μὲν
299 1959 560 2013 ἀπίθανον
590 1958 732 2012 εἶναι
764 1961 956 2028 λέγων,
995 1961 1070 2033 μὴ
1108 1964 1178 2015 τα
1209 1965 1560 2034 συμφέροντα
1591 1965 1740 2034 αὐτῷ

163 2053 260 2103 τὸν
298 2052 510 2121 πατέρα
535 2052 904 2116 διανοεῖσθαι,
954 2054 1111 2106 τοῦτο
1149 2055 1203 2107 δὲ
1253 2055 1493 2118 σκοπῶν,
1535 2055 1646 2119 ώς,
1697 2057 1746 2108 εί

163 2145 309 2196 κατὰ
337 2145 560 2214 γνώμην
590 2145 686 2198 τοῦ
713 2147 918 2216 πατρός
957 2148 1073 2200 ἐστι
1110 2147 1171 2200 τὸ
1192 2150 1447 2216 πρᾶγμα,
1481 2149 1584 2201 κᾶν
1613 2153 1747 2220 ἐρω-

161 2240 330 2307 τήσῃ,
363 2237 464 2289 οὺκ
509 2236 578 2290 ἀν
627 2237 776 2308 αὖτῷ
808 2240 878 2291 τὰ
905 2240 1004 2308 τῆς
1051 2240 1312 2310 ἀληθείας
1353 2242 1742 2312 γνωριοῖ(74).

163 2329 339 2381 ”‹)οεν
373 2330 504 2400 παρ’
703 2332 900 2396 ἄλλων,
929 2333 1024 2385 καὶ
1059 2334 1134 2403 μὴ
1180 2334 1332 2404 παρά
1368 2336 1459 2388 τοῦ
1503 2335 1742 2405 πατρὸς,

157 2421 339 2474 ταῦτα
373 2422 562 2490 μαθεῖν
584 2424 943 2490 διέγνω.Ἔνα
971 2427 1025 2477 δὲ
1055 2427 1163 2478 τῶν
1187 2428 1551 2494 παιδαγωγῶν
1575 2445 1744 2498 προσ-

160 2513 484 2580 ᾳιλέστατον
507 2517 601 2567 και
621 2515 952 2568 οἰκειότατον
1004 2516 1112 2568 τῶν
1141 2515 1343 2570 λοιπῶν
1385 2520 1740 2588 κεκτημένος,

159 2607 260 2657 ἐπὶ
316 2608 501 2660 πλεῖον
549 2610 976 2678 οἰκειωσάμενος
1019 2611 1115 2690 καὶ
1155 2612 1386 2682 δωρεαῖς
1437 2613 1744 2683 φιλοτίμοις

155 2700 578 2768 δεξιωσάμενος,
607 2701 938 2754 ἐπυνθάνετο
964 2706 1092 2773 παρ’
1123 2705 1288 2756 αὑτοῦ
1319 2705 1372 2756 τί
1404 2705 1469 2758 ἂν
1499 2706 1740 2774 βούλοιτο

154 2791 236 2857 τῷ
273 2792 544 2860 βασιλειή
596 2795 653 2844 ὲν
686 2793 762 2863 τῷ
810 2796 1256 2864 περιτειχίσματι
1305 2797 1502 2865 ἐκείνῳ
1547 2798 1737 2850 τούτου

156 2883 441 2952 κάθειρξις
465 2925 476 2946 ,
510 2885 604 2936 καὶ
627 2885 702 2946 ώς
727 2886 788 2937 El
816 2885 974 2937 τοῦτό
1003 2903 1136 2955 φησι
1165 2886 1351 2952 σαφῶς
1383 2886 1616 2950 διδάξεις
1647 2903 1735 2952 με,

157 2974 458 3042 πρόκριτος
507 2975 724 3044 πάντων
773 2977 870 3044 ἔσῃ
919 2993 1047 3044 μοι,
1083 2979 1178 3027 καὶ
1225 2976 1496 3046 διαθήκην
1553 2977 1740 3045 φιλίας

151 3067 440 3132 διηνεκοῦς
482 3066 808 3136 διαθήσομαί
855 3084 958 3119 σοι.
1009 3067 1068 3117 'U
1102 3067 1159 3118 δὲ
1206 3068 1588 3134 παιδαγωγὸς,
1621 3067 1740 3136 ἐχέ-

153 3175 314 3226 φρων
350 3158 442 3209 καὶ
471 3158 629 3219 αὐτὸς
662 3159 942 3226 ὑπάρχων,
977 3158 1068 3210 καὶ
1105 3157 1263 3220 εἰδὼς
1289 3159 1387 3227 τὴν
1415 3157 1509 3209 τοῦ
1548 3159 1739 3220 παιδὸς

153 3252 386 3315 συνετὴν
417 3251 510 3300 καὶ
550 3249 760 3301 τελείαν
791 3254 1076 3320 φρόνησιν,
1111 3251 1205 3302 καὶ
1247 3249 1324 3311 ώς
1352 3251 1454 3302 οὐκ
1487 3250 1554 3302 ἂν
1585 3250 1736 3319 αὐτῷ

151 3357 371 3408 γενοιτο
401 3341 648 3393 κινδύνου
681 3341 936 3413 πρόξενος
956 3382 970 3400 .
1000 3343 1176 3394 πάντα
1207 3343 1357 3410 αὐτῷ
1391 3343 1534 3394 κατὰ
1567 3344 1735 3411 μέρος

149 3433 475 3498 διηγήσατο,
506 3432 597 3485 τὸν
625 3433 765 3484 κατὰ
792 3432 900 3484 τῶν
940 3433 1284 3501 Χριστιανῶν
1321 3433 1552 3486 τεθέντα
1586 3433 1736 3502 παρά

149 3525 250 3574 τοῦ
280 3523 544 3590 βασιλέως
569 3524 808 3590 διωγμὸν
833 3526 928 3575 καὶ
956 3525 1248 3594 ἐξαιρέτως
1275 3525 1417 3576 κατά
1443 3525 1550 3575 τῶν
1573 3526 1736 3593 ἀσκη-

152 3617 288 3675 τῶν,
322 3617 471 3676 ὅπως
500 3634 558 3667 τε
587 3616 950 3687 ἀπηλάθησαν
975 3617 1070 3668 καὶ
1105 3615 1477 3684 ἐξεϐλήθησαν
1510 3617 1610 3684 τῆς
1641 3631 1739 3666 πε-

155 3709 398 3779 ριχώρου
427 3709 661 3779 ἐκείνης,
693 3707 781 3763 οἷα
804 3727 862 3762 τε
889 3708 1243 3778 γεννηθέντος
1273 3709 1440 3760 αὑτοῦ
1469 3709 1517 3760 οἱ
1540 3709 1736 3776 ἀστρο-

153 3803 308 3868 λεγοι
333 3802 772 3872 προηγόρευσαν.
815 3802 911 3854 Ἴν’
936 3796 1030 3853 οὖν
1055 3818 1208 3869 φησι,
1243 3801 1337 3870 μὴ,
1370 3800 1607 3860 ἀκούσας
1636 3799 1735 3868 τῆς

154 3894 388 3945 ἐκείνων
417 3893 669 3962 διδαχῆς,
721 3893 925 3960 ταύτην
961 3893 1266 3962 προκρίνῃς
1311 3893 1409 3960 τῆς
1457 3891 1736 3960 ἡμετέρας

155 3984 496 4052 θρησκείας,
531 3985 607 4054 μὴ
646 3985 1000 4054 προσομιλεῖν
1037 4001 1120 4035 σοι
1173 3983 1403 4042 πολλοὺς
1432 4023 1445 4043 ,
1481 3981 1597 4033 ἀλλ’
1643 3981 1736 4032 εὑ-

154 4076 526 4145 αριθμήτους,
555 4077 583 4128 ὁ
621 4076 874 4145 βασιλεὺς
903 4075 1322 4146 ἐπετηδεύσατο,
1356 4075 1572 4136 ἐντολὰς
1605 4075 1739 4143 ἡμῖν

149 4167 280 4229 δὼς
318 4169 484 4234 μηδέν
517 4184 598 4221 σοι
629 4169 736 4220 τῶν
767 4169 860 4219 τοῦ
898 4167 1014 4236 βίου
1044 4168 1286 4238 ἀνιαρῶν
1307 4169 1593 4235 γνωρίσαι.

1847 1959 1985 2012 nime
2017 1975 2142 2012 vero
2163 1970 2579 2014 consentaneum
2611 1975 2728 2013 esse
2757 1961 2980 2028 diceret,
3010 1962 3134 2029 quin
3167 1974 3313 2027 pater
3342 1977 3404 2014 ea

1847 2063 1960 2116 qua!
1987 2051 2083 2116 ipsi
2106 2049 2462 2104 conducerent
2485 2050 2952 2114 animadverteret;
2983 2061 3090 2104 tum
3113 2053 3248 2119 quod
3275 2051 3402 2106 illud

1845 2153 2020 2193 secum
2049 2150 2333 2208 reputaret,
2353 2142 2396 2194 si
2420 2141 2469 2193 id
2493 2140 2559 2194 de
2582 2139 2745 2208 patris
2767 2143 3032 2194 voluntate
3056 2142 3221 2204 lii-ret,
3241 2158 3404 2210 quan—

1847 2233 2086 2285 tumlibet
2118 2233 2229 2300 ipse
2279 2243 2698 2299 percontaretur,
2734 2248 2791 2285 se
2821 2241 2994 2286 tamen
3024 2233 3098 2285 rei
3129 2236 3403 2288 veritatem

1845 2321 3019 2390 minimeintellecturumesse.Quapropterex
3045 2323 3185 2384 aliis,
3208 2337 3270 2377 ac
3297 2339 3401 2377 non

1847 2425 1870 2465 α
1901 2421 2045 2478 patec
2073 2413 2184 2465 lucc
2211 2415 2347 2466 scire
2370 2413 2660 2467 constituit.
2693 2411 2869 2478 Itaque
2897 2427 3017 2464 cum
3043 2427 3201 2465 unum
3235 2430 3264 2464 e
3294 2429 3402 2478 pre-

1845 2500 2051 2568 dagogis
2084 2503 2296 2570 reliquis
2324 2503 2612 2554 cltariorem
2641 2516 2704 2554 ac
2745 2500 3130 2554 familiariorem
3164 2503 3400 2568 haberet,

1844 2603 2062 2653 eumque
2093 2590 2292 2656 majore
2319 2589 2495 2642 adltuc
2521 2589 2887 2642 benevolentia
2917 2589 3015 2642 sibi
3045 2588 3394 2655 chilMlSSN,

1842 2689 1989 2746 atque
2019 2680 2356 2746 amplissimis
2383 2681 2688 2732 muneribus
2717 2679 3000 2742 aﬂecissct,
3026 2680 3094 2732 ab
3120 2695 3185 2732 eo
3213 2683 3400 2735 scisci-

1843 2771 2046 2819 tabatur
2089 2767 2338 2835 quidnam
2387 2783 2564 2838 regem
2597 2768 2894 2834 impulisset
2934 2777 2988 2821 ut
3037 2783 3156 2822 eum
3206 2771 3256 2823 in
3302 2770 3402 2824 hoc

1842 2869 1990 2928 septo
2022 2860 2279 2913 inclusum
2326 2869 2549 2914 teneret.
2595 2861 2726 2915 Illud
2765 2862 2922 2914 etiam
2967 2861 3400 2930 adjnngebauSi

1844 2949 1965 3002 milii
1995 2961 2176 3020 aperte
2220 2953 2318 3004 ltnc
2360 2955 2689 3017 exposueris,
2713 2953 2958 3006 omnibus
2988 2963 3036 3005 te
3059 2963 3397 3022 anteponam,

1844 3049 2212 3106 perpetuaeque
2237 3040 2481 3093 amicitia:
2513 3039 2685 3094 foedus
2714 3050 2883 3095 tecum
2913 3042 3117 3095 feriam.
3152 3043 3396 3111 Pedagn.

1843 3141 1935 3194 gus
1960 3138 2152 3189 autem,
2185 3139 2242 3180 ut
2284 3131 2371 3195 qui
2413 3129 2570 3182 etiam
2618 3130 2730 3197 ipse
2779 3131 3010 3198 prudens
3057 3144 3110 3185 et
3153 3135 3399 3186 cordatus

1767 3210 1808 3266 C
1842 3228 1999 3281 esset,
2027 3219 2279 3285 puerique
2303 3221 2640 3288 sagacitatem
2667 3234 2732 3274 ac
2771 3223 3004 3274 numeris
3030 3224 3274 3278 omnibus
3302 3225 3399 3278 ab-

1841 3306 2061 3359 solutam
2094 3308 2420 3371 prudeutiam
2461 3311 2783 3376 exploratam
2817 3313 3054 3377 haberet,
3089 3331 3258 3383 neque
3299 3318 3398 3370 sibi

1842 3395 1908 3448 ab
1955 3411 2020 3449 eo
2059 3399 2343 3462 periculum
2394 3401 2557 3454 ullum
2607 3403 2890 3457 conﬂatum
2938 3406 3001 3458 iri
3047 3409 3394 3474 existimaret,

1842 3488 2013 3540 omnia
2041 3489 2088 3541 ei
2109 3489 2372 3555 sigillatim
2397 3493 2670 3559 exposuit,
2691 3510 2877 3562 nempe
2903 3505 2957 3550 et
2977 3499 3396 3564 persecutionem

1841 3577 2092 3631 adversus
2138 3579 2503 3645 Christianos,
2539 3599 2600 3636 ac
2641 3586 2967 3651 potissimum
3014 3587 3266 3640 adversus

1841 3671 1926 3737 qui
1960 3685 2017 3722 se
2048 3673 2224 3738 pietati
2253 3673 2488 3727 colenda:
2534 3685 2672 3728 toto.
2714 3677 3051 3731 devovissent
3092 3682 3396 3745 promnl'm-

1846 3769 1973 3824 tam,
2002 3772 2057 3814 et
2099 3765 2539 3830 quemadmodum
2591 3770 2658 3818 ab
2701 3767 2943 3820 omnibus
2991 3769 3226 3821 ﬁnitimis
3273 3772 3398 3822 locis

1839 3851 2039 3918 exiiulsi
2068 3863 2120 3905 et
2146 3853 2299 3921 ejeeti
2348 3854 2590 3918 fuissent,
2624 3869 2780 3924 atque
2815 3859 2936 3911 item
2967 3873 3028 3912 ea
3059 3875 3172 3926 qum
3202 3861 3316 3927 ipso
3347 3864 3394 3911 in

1841 3938 2008 3992 lucem
2033 3941 2175 3995 edito
2205 3945 2449 4013 astrologi
2476 3946 2864 4013 prmdixissenl.
2893 3948 2968 4000 Ne
2996 3950 3171 4015 igitur,
3206 3950 3392 4018 inquit,

1838 4030 2011 4082 audita
2038 4045 2219 4084 eorum
2251 4033 2488 4087 doctrina
2518 4075 2533 4099 ,
2563 4049 2678 4089 eam
2711 4038 2949 4103 religioni
2983 4051 3179 4092 nostra.
3207 4043 3395 4105 prurie-

1837 4136 1942 4186 ras,
1976 4123 2168 4176 idcirco
2198 4138 2227 4176 a
2260 4140 2383 4194 rege
2432 4127 2553 4181 data
2598 4144 2755 4197 opera
2788 4141 2898 4192 est,
2933 4147 2998 4184 ne
3031 4132 3178 4184 multi
3224 4141 3393 4187 unum

156 4245 621 4299 eunsuctudinem
672 4248 960 4311 haberent,
1011 4250 1108 4304 sed
1155 4249 1316 4318 pauci
1353 4248 1601 4300 omnino.
1641 4245 1716 4300 Ac
1754 4248 1914 4301 nobis
1947 4249 2112 4302 etiam
2159 4257 2326 4320 atque
2373 4251 2540 4306 etiam
2571 4254 2871 4319 mandavit,
2919 4263 2980 4309 ut
3035 4257 3384 4311 studeremus

147 4353 223 4391 ιιρ
274 4338 404 4400 quid
450 4339 676 4402 hujusce
725 4342 850 4393 vitae
896 4345 1273 4398 molestiarum
1307 4360 1406 4411 per
1447 4357 1547 4394 nos
1599 4342 1953 4411 intelligeres.

226 4431 410 4484 Ταῦτα
435 4433 510 4494 ώς
549 4433 780 4500 ἤκουσεν
807 4433 835 4484 ὁ
861 4432 1077 4494 νεανίας
1124 4431 1280 4484 οὐδὲν
1328 4431 1514 4498 ἕτερον
1562 4444 1734 4496 προσ-

1914 4447 2033 4498 ll;ec
2055 4455 2111 4499 ut
2131 4448 2438 4502 adolescens
2457 4448 2680 4512 audivit,
2702 4449 2899 4501 nullum
2921 4451 3143 4503 alterum
3174 4451 3394 4503 verbum

142 4527 308 4578 é'JEtO
347 4525 576 4593 λαλῆσαι
603 4539 614 4550 ·
652 4525 831 4592 ἥψατο
877 4523 954 4593 δὲ,
979 4523 1084 4591 τῆς
1113 4525 1339 4591 καρδίας
1373 4519 1537 4575 αὑτοῦ
1581 4520 1737 4587 λόγος

1781 4521 1812 4574 D
1845 4535 2098 4600 adiunxit.
2129 4538 2390 4590 (Steterunt
2418 4539 2658 4591 salutaris
2682 4555 2857 4591 sermo
2882 4541 3041 4606 ipsius
3065 4549 3248 4606 pectus
3280 4544 3400 4592 teti-

145 4619 451 4684 σωτήριος,
480 4617 572 4668 καὶ
601 4617 635 4686 ὴ
657 4616 747 4667 τοῦ
776 4616 1136 4685 Παρακλήτου
1162 4615 1321 4683 χάρις
1346 4615 1467 4674 τοὺς
1505 4615 1728 4680 νοητοὺς

141 4711 318 4762 αλδ-του
363 4708 673 4777 ὸςθαλμοὺς
718 4707 1008 4772 διανοίγειν
1047 4706 1371 4774 ἐπεχείρησε
1403 4747 1415 4764 ,
1455 4703 1588 4770 πρὸς
1636 4703 1726 4754 τὸν

139 4800 256 4868 31
291 4799 490 4867 ἀψευδῆ
525 4799 941 4867 χειραγωγοῦσα
966 4797 1117 4859 Θεὸν,
1166 4797 1241 4857 ὡς
1271 4796 1474 4863 προϊὼν
1503 4796 1530 4845 ὁ
1571 4793 1728 4859 λόγος

140 4891 432 4957 δηλώσειε.
469 4889 685 4958 Συχνῶς
712 4889 767 4942 δὲ
793 4889 886 4940 τοῦ
913 4889 1120 4956 πατρὸς
1147 4886 1312 4939 αὑτοῦ
1340 4888 1432 4939 καὶ
1466 4884 1730 4955 βασιλέως

140 4983 295 5034 κατὰ
331 4982 457 5034 θέαν
487 4981 580 5032 τοῦ
607 4981 793 5042 παιδὸς
830 4980 1130 5049 ἐρχομένου
1161 4979 1388 5047 (ἀγάπῃ
1414 4979 1522 5045 γὰρ
1560 4977 1730 5044 ὑπερ-

140 5072 421 5141 6λ>.ι.ο·5σῃ
462 5073 635 5138 ἐφίλει
661 5072 878 5142 αὑτὸν),
931 5073 989 5124 ἐν
1033 5073 1130 5141 μιᾷ
1159 5070 1270 5140 (75)
1321 5070 1470 5136 λέγει
1513 5066 1660 5135 αὺτῴ
1701 5066 1730 5118 ὁ

140 5170 290 5219 ιιος·
331 5168 537 5220 Μαθεῖν
570 5185 626 5220 τι
673 5167 999 5237 ἐπεθύμησα
1041 5167 1197 5236 παρὰ
1236 5166 1360 5230 σοῦ,
1409 5159 1456 5218 ὦ
1492 5166 1730 5222 δέσποτα

1845 4629 1939 4688 uit,
1970 4643 2030 4680 ac
2060 4628 2301 4681 l’aracliti
2341 4631 2503 4695 gratia
2551 4632 2852 4696 spirituales
2878 4632 3038 4696 ipsius
3061 4631 3241 4683 oculos
3271 4645 3397 4696 ape-

1845 4719 1949 4770 rire
1997 4731 2239 4784 aggressa
2285 4728 2400 4772 est.
2432 4733 2551 4770 eum
2596 4722 2661 4771 ad
2708 4734 2888 4772 verum
2936 4719 3118 4779 Deum,
3153 4730 3397 4786 tanquam

1845 4819 2081 4876 porrecta
2110 4823 2264 4859 manu
2288 4809 2506 4871 ducens,
2531 4809 2974 4877 quemadmodum
3001 4811 3254 4860 orationis
3278 4824 3398 4873 pro-

1843 4912 2024 4963 grcssu
2053 4897 2550 4951 demonstrabimus.
2579 4900 2706 4952 Cum
2737 4910 2908 4951 autem
2939 4914 3028 4951 rex
3060 4900 3219 4966 ipsius
3250 4908 3398 4966 pater

1843 4989 2028 5042 crebro
2066 5003 2186 5040 eum
2235 4991 2429 5042 viseret
2462 4991 2777 5055 {singularis
2819 4993 3015 5042 etenim
3062 4991 3228 5056 ipsius
3273 5004 3397 5053 erga

1843 5093 1960 5131 eum
1991 5093 2138 5129 amur
2167 5083 2326 5143 erat),
2353 5079 2574 5144 quadam
2602 5078 2686 5129 die
2717 5077 2796 5127 bis
2822 5078 2997 5128 verbis
3019 5079 3081 5129 ad
3111 5093 3230 5130 eum
3259 5077 3399 5130 ﬁlius

1844 5180 1968 5219 usus
2003 5175 2084 5219 est
2107 5183 2119 5216 :
2145 5167 2188 5220 υ
2220 5168 2344 5220 bere
2371 5183 2432 5220 ac
2475 5184 2562 5219 rex
2589 5207 2605 5230 ,
2636 5167 2832 5233 ali-inid
2863 5185 2921 5218 ex
2955 5179 3007 5219 te
3049 5168 3187 5220 scire
3219 5169 3394 5231 cuiin,

367 5304 1246 5446 Kideyvltnpl::i,pet33?;£:sii.bene
1286 5374 1492 5429 notavi.
1525 5374 1566 5427 C
1597 5374 1828 5444 γνωριῆ.
1875 5374 2106 5446 Scripsi
2130 5377 2371 5446 γνωριοῖ,
2412 5390 2473 5427 ea
2503 5375 2762 5429 varietate
2793 5375 2984 5429 fretus.
3013 5373 3140 5429 Inde
3184 5386 3411 5442 possunt

139 5448 400 5515 meliores
443 5456 690 5498 auctores
720 5444 1220 5515 Ῑιινιιτίηιὶιιςιηίιιδ
1245 5449 1407 5515 epist.
1446 5446 1568 5500 582.
1604 5446 1693 5511 qui
1726 5450 1738 5496 i

1803 5447 1987 5498 codici:
2014 5444 2173 5508 5002,
2207 5444 2310 5498 non
2342 5447 2621 5515 Καλυκίῳ,
2651 5457 2709 5500 ιιι
2734 5447 2908 5511 vulgo,
2936 5448 3026 5499 sed
3060 5447 3297 5512 Τιτιανῷ
3326 5462 3408 5498 est

140 5514 416 5580 inscripta
447 5533 460 5567 :
519 5516 824 5584 γράμματα
861 5513 1205 5585 γοῦνᾷἐ)θεῖν
1234 5514 1372 5585 ὑπὲρ
1398 5516 1506 5566 τῶν
1536 5516 1727 5582 γάμων
1758 5516 1923 5582 ἐχρῆν
1952 5516 2103 5585 παρὰ
2143 5515 2237 5567 σοῦ
2276 5515 2556 5582 δηλοῦντα,
2576 5513 2660 5577 ’ως
2683 5517 2751 5568 τὰ
2801 5519 2899 5582 μὲν
2928 5516 3038 5584 ἔχοι
3077 5533 3157 5568 σοι
3203 5517 3404 5577 καλῶς,

136 5586 259 5637 τῶν
289 5585 345 5634 δὲ
383 5583 676 5651 λόγωνίνῦν
709 5586 801 5636 ἐπὶ
835 5583 1030 5636 σαυτοῦ
1063 5584 1368 5653 φροντίζεις
1391 5601 1403 5614 ο
1449 5588 1584 5634 man
1614 5587 1740 5652 ἔχει,

1781 5587 1918 5651 quod
1968 5583 2190 5636 vei-lium
2238 5587 2334 5648 legi
2378 5588 2426 5636 in
2470 5588 2653 5639 indice
2693 5587 2850 5640 5033.
2906 5583 3187 5638 Cliorieius
3215 5587 3265 5638 in
3298 5585 3407 5638 Vil-

143 5656 346 5726 luisnni
393 5655 670 5726 Anccdotis
700 5655 918 5716 Gra’cis,
965 5651 1115 5726 tutu.—
1139 5651 1200 5717 ΙΙ,
1234 5669 1353 5722 pag.
1387 5653 1454 5706 57
1489 5673 1500 5707 :
1536 5651 1740 5722 Τὸνςι]

1781 5653 2020 5724 ἱστοργον
2048 5656 2257 5706 ἀνεῖλον
2285 5657 2515 5724 πατέρα,
2553 5657 2762 5719 παιδὸς,
2789 5653 2850 5710 οὒ
2884 5658 2956 5726 μὴ
3001 5657 3154 5726 φέρει
3194 5657 3296 5726 τὴν
3326 5673 3406 5708 τε·

143 5725 368 5790 λευτην,
392 5725 774 5794 ἀποστερήσας
794 5739 806 5752 ⁸
836 5728 961 5784 imo,
991 5725 1168 5791 φέροι.

229 5794 344 5861 (7b)
371 5795 508 5848 Intra
541 5793 717 5864 plene,
761 5796 818 5847 ἐν
850 5796 946 5865 μιᾷ
979 5795 1081 5846 τῶν
1118 5793 1361 5866 ἡμερῶν.
1391 5794 1520 5849 \‘ide
1551 5803 1732 5849 notata

1781 5794 1834 5848 Id
1865 5793 2076 5866 Syntip.
2107 5810 2230 5866 pag.
2268 5794 2385 5850 I79.
