4180 6458
154 378 262 439 993
1256 376 1431 435 VITA
1470 376 1825 437 BARLAMI
1863 378 1957 437 ΕΤ
1991 379 2346 439 JOASAPH.
3285 368 3392 431 894

158 484 255 537 καὶ
289 482 475 554 μόνοις
518 483 913 556 ἀποκληρωθὲν
941 487 1051 546 τοῖς
1090 482 1382 545 ἀθανάτοις
1426 483 1593 547 θεοῖς.
1625 486 1734 538 Καὶ

1831 478 2128 548 improviso
2160 480 2511 535 conﬂantur?
2540 478 2608 533 Et
2645 476 2769 546 quis
2811 474 3032 531 tandem
3080 475 3391 541 hominum,

154 574 437 627 ἐπαύσατο
466 574 564 645 μὲν
591 578 619 627 6
664 574 757 627 τοῦ
805 574 1069 644 βασιλέως
1108 572 1221 634 υἱὸς
1257 572 1573 641 ἐπερωτῶν,
1607 573 1748 625 ὠδυ-

1823 572 2229 641 responderuut
2264 574 2364 637 illi,
2392 573 2575 625 futura
2609 570 2924 640 perspicere
2955 585 3019 624 ac
3047 568 3289 638 perfecte
3310 570 3395 622 in-

154 665 295 734 νήθη
328 666 383 717 δὲ
413 664 510 736 τὴν
533 667 763 737 καρδίαν
793 667 886 719 ἐπὶ
916 665 994 736 τῷ
1023 663 1275 734 ὁραθέντι
1299 706 1313 729 ,
1353 665 1445 717 καὶ
1470 664 1740 735 ὴλλοιώθη

1822 663 2066 732 telligere
2089 666 2290 733 queat?
2330 664 2445 719 Hoc
2475 664 2626 718 enim
2658 663 2911 716 humanae
2934 669 3145 715 naturae
3169 652 3394 731 captum

155 759 192 825 ή
227 755 409 828 μορφὴ
440 759 534 811 τοῦ
562 757 857 829 προσώπου
888 757 1053 812 αὑτοῦ
1077 756 1153 828 τῷ
1176 757 1435 827 ἀσυνήθει
1467 756 1565 809 τοῦ
1598 758 1743 827 πράο

1816 755 2053 821 excedit,
2080 771 2143 809 ac
2173 756 2305 810 solis
2335 754 2739 810 immortalibus
2765 752 2872 805 diis
2919 752 3252 805 attributum
3282 757 3393 805 est.

156 865 395 916 ’ίματος-
1822 848 1921 903 Hic
1968 847 2331 918 percontandi
2378 848 2603 917 quidem
2654 846 2819 900 ﬁnem
2860 843 2996 897 fecit
3028 843 3175 912 regis
3212 842 3393 906 ﬁlius;

162 958 355 996 verum
398 959 464 995 ex
502 940 817 1009 huiusmodi
850 939 1168 1009 spectaculo
1207 938 1459 993 dolorem
1496 936 1686 991 animo
1726 939 1895 1009 cepit,
1929 940 2116 1010 reique
2148 940 2394 996 novitate
2446 939 2523 992 ita
2553 939 2784 993 allectus
2814 945 2922 1001 est,
2968 941 3030 988 ut
3075 933 3190 988 oris
3220 934 3398 1004 ipsius

161 1044 341 1095 forma
378 1041 789 1092 immutaretur.

231 1132 364 1184 Μετ’
397 1130 460 1182 οὑ
515 1130 713 1191 πολλάς
736 1130 793 1181 δὲ
826 1129 1037 1200 ἡμέρας
1080 1126 1233 1192 αὖθις
1276 1129 1625 1201 διερχόμενος
1658 1128 1745 1180 ὲν-

1895 1122 2135 1176 Rursum
2172 1130 2355 1175 autem
2387 1124 2534 1175 foras
2566 1123 2950 1191 progrediens,
2986 1123 3040 1177 in
3080 1125 3399 1193 eapularcm

156 1226 419 1294 τυγχάνει
441 1224 657 1295 γέροντι
684 1224 1123 1293 πεπαλαιωμένη)
1157 1227 1213 1273 ἐν
1240 1224 1474 1292 ἡμέραις
1496 1221 1743 1287 πολλαῖς,

159 1316 555 1387 ὲρῥικνωμένῳ
596 1315 695 1386 μὲν
740 1316 801 1368 τὸ
829 1317 1145 1385 πρόσωπον,
1204 1316 1525 1386 παρειμένῳ
1554 1314 1610 1367 δὲ
1645 1315 1744 1377 τὰς

160 1412 402 1480 κνήμας,
438 1411 829 1478 συγκεκυφότι,
866 1410 960 1461 καὶ
984 1409 1121 1469 ὅλως
1145 1409 1567 1478 πεπολιωμένῳ,
1592 1409 1744 1460 ὲστε-

165 1505 389 1574 ρημὲνῳ
432 1504 559 1565 τοὺς
618 1503 861 1564 ὀδόντας,
902 1503 996 1555 καὶ
1037 1502 1425 1569 ἐγκεκομμένα
1473 1500 1744 1553 λαλοῦντι.

1827 1213 2119 1279 quemdam
2142 1229 2329 1267 senem
2355 1214 2573 1277 incidit,
2595 1222 2786 1285 rugata
2810 1213 2971 1279 facie,
2994 1214 3185 1269 fractis
3204 1231 3269 1270 ac
3287 1215 3403 1268 dis-

1836 1304 2023 1360 solutis
2055 1305 2217 1370 tibiis,
2251 1318 2414 1358 curvo
2450 1319 2707 1372 corpore,
2754 1306 2929 1369 capite
2977 1314 3190 1368 prorsus
3229 1312 3397 1358 cano,

1835 1396 1924 1462 qui
1956 1403 2207 1459 praeterea
2236 1393 2483 1446 dentibus
2499 1395 2733 1455 carebat,
2764 1402 2920 1458 atque
2936 1389 3205 1443 concisum
3231 1385 3391 1453 quid-

1835 1485 1958 1538 dam
1987 1495 2041 1537 et
2070 1484 2418 1551 interruptum
2448 1482 2782 1551 loquebatur.
2813 1480 3041 1548 Stupore
3070 1478 3251 1544 itaque
3277 1490 3394 1528 cor-

1838 1584 2057 1641 reptus,
2089 1590 2209 1627 cum
2239 1572 2507 1625 hominem
2533 1588 2655 1626 eunt
2687 1570 2905 1640 prepius
2965 1569 3030 1620 ad
3096 1581 3155 1621 se
3203 1563 3393 1618 adduci

165 1594 471 1663 Ἐκπληξις
522 1588 615 1646 οὖν
657 1592 819 1644 αὑτὸν
882 1592 1188 1662 λαμϐάνει·
1252 1592 1349 1644 καὶ
1393 1592 1481 1661 δὴ,
1523 1592 1752 1661 πλησίον

161 1689 354 1739 τοῦτον
381 1684 628 1753 ἀγαγὼν,
673 1685 934 1755 ἐπηρώτα
972 1684 1165 1754 μαθεῖν
1199 1685 1260 1737 τὸ
1280 1687 1378 1755 τῆς
1405 1684 1533 1748 θέας
1574 1686 1755 1754 παρά-

161 1782 339 1846 δοξον.
374 1783 437 1835 Ui
462 1782 520 1834 δὲ
543 1783 927 1853 συμπαρόντες
973 1778 1126 1835 εἷπον
1158 1798 1171 1810 ·
1216 1778 1384 1845 Οὗτος
1409 1783 1617 1854 χρόνων
1650 1783 1753 1853 ἤδη

1836 1664 2099 1732 iussisset,
2128 1678 2218 1715 eos
2252 1663 2339 1729 qui
2373 1671 2479 1713 tum
2527 1662 2745 1713 aderant
2771 1657 3126 1726 interrogabat
3173 1653 3393 1720 ecquid-

1841 1767 1960 1804 naui
2000 1762 2116 1803 tam
2172 1752 2406 1803 insolens
2459 1751 2813 1815 spectaculum
2863 1758 3025 1801 esset.
3083 1746 3157 1798 Illi
3208 1756 3387 1796 autem

164 1876 441 1927 πλείστων
491 1876 751 1942 ὑπάρχει,
817 1874 934 1937 καὶ,
985 1874 1125 1925 κατά
1169 1874 1364 1944 μικρὸν
1418 1874 1749 1944 μειουμένης

163 1968 317 2037 ο.)τῷ
344 1969 439 2035 τῆς
478 1967 682 2035 ἰσχύος,
712 1965 1147 2032 ἐξασθενοῦντων
1180 1965 1236 2017 δὲ
1279 1967 1389 2019 τῶν
1434 1968 1635 2035 μελῶν,
1668 1968 1745 2028 εἰς

175 2064 246 2128 ἢν
278 2064 407 2129 ὁρᾷς
443 2061 643 2127 ἕςθασε
686 2062 1085 2131 ταλαιπωρίαν.
1116 2061 1225 2113 Kal.
1260 2062 1332 2123 τί,
1368 2062 1524 2130 φησὶ,
1556 2062 1745 2115 τούτου

162 2155 227 2204 τὸ
252 2154 434 2217 τέ).ος;
470 2156 531 2204 Οἱ
584 2153 640 2204 δὲ
675 2151 830 2205 εἷπον
861 2153 1013 2222 αὐτῴ
1038 2170 1049 2180 ·
1094 2154 1261 2206 Οὐδὲν
1299 2153 1485 2225 ἄλλοῆ
1520 2154 1747 2217 θάνατος

164 2244 332 2297 αὑτὸν
354 2244 676 2309 διαδέξεται.
718 2245 879 2297 Ἀλλὰ
906 2246 999 2297 καὶ
1031 2244 1219 2306 πᾶσιν,
1246 2245 1369 2315 ἔφη,
1394 2249 1506 2309 τοῖς
1535 2246 1746 2317 ἀνθρώ-

165 2354 292 2397 ποις
322 2335 479 2389 τοῦτο
536 2338 858 2404 πρόκειταις
920 2339 952 2407 ἦ
998 2339 1092 2390 καὶ
1146 2334 1306 2389 τοῦτο
1358 2338 1523 2399 ἐνίοις
1566 2337 1748 2390 αὐτῶν

167 2429 495 2496 συμίὲαίνει;
537 2429 947 2498 ’Λπεκρίθησαν
976 2430 1173 2481 ἐκεῖνοι
1205 2444 1220 2457 ’
1251 2429 1313 2479 Εἰ
1350 2428 1427 2498 μὴ
1454 2428 1749 2497 προλαϐὼν

164 2524 193 2571 ὁ
226 2521 456 2581 θάνατος
490 2522 820 2590 μεταστήσει
844 2521 968 2572 τινὰ
1010 2520 1119 2572 τῶν
1152 2519 1426 2581 ἐντεῦθεν,
1459 2521 1746 2587 ἀδύνατον,

161 2614 276 2665 τῶν
308 2614 513 2683 χρόνων
538 2614 963 2684 προϐαινόντων,
999 2616 1072 2683 μὴ
1104 2616 1183 2677 είς
1208 2613 1416 2683 ταύτης
1444 2615 1617 2666 ἐλθεῖν
1647 2617 1748 2686 τὴν

164 2708 369 2773 πεῖραν
396 2705 497 2774 τῆς
527 2706 751 2770 τάξεως.
797 2706 903 2759 Καί
943 2725 1109 2776 φησιν
1147 2711 1175 2760 6
1214 2710 1376 2771 παῖς’
1429 2709 1517 2761 Ἐν
1557 2710 1744 2770 πόσοις

163 2795 261 2848 οὖν
293 2796 437 2848 ἔτεσι
463 2796 620 2849 τοῦτο
643 2798 939 2868 ἐπέρχεταί
973 2814 1117 2862 τινι;
1165 2801 1261 2851 καὶ
1290 2802 1338 2851 εἰ
1374 2806 1589 2861 παντως
1620 2801 1751 2868 πρό-

166 2906 347 2940 κειται
378 2888 406 2937 ὁ
429 2888 680 2950 θάνατος,
711 2891 803 2940 καὶ
827 2891 926 2941 οὐκ
954 2889 1068 2941 ἔστι
1101 2889 1320 2959 μέθοδος
1344 2892 1534 2942 τοῦτον
1568 2908 1749 2961 παρα-

164 2983 421 3049 δραμεῖν,
461 2983 553 3032 καὶ
599 2983 733 3050 μηδὲ
768 2983 848 3043 εἰς
897 2981 1100 3050 ταύτην
1133 2981 1312 3032 ἐλθεῖν
1343 2982 1444 3052 τὴν
1474 2982 1751 3034 ταλαιπω-

170 3074 334 3141 ρίαν;
391 3074 655 3139 Λέγουσιν
697 3072 881 3141 αὐτῷ·
933 3074 1019 3124 Ἑν
1072 3072 1407 3140 ὀγδοήκοντα
1444 3073 1541 3141 μὲν
1587 3074 1618 3141 ἦ
1657 3075 1751 3126 καὶ

165 3166 367 3216 ἑκατὸν
388 3164 565 3215 ἔτεσιν
594 3167 674 3225 εἰς
706 3163 864 3215 τοῦτο
891 3164 950 3215 τὸ
976 3164 1156 3232 γῆρας
1330 3164 1669 3215 καταντῶσιν
1698 3165 1749 3215 οἱ

166 3259 475 3327 ἄνθρωποι,
502 3252 619 3308 εἶτα
656 3256 1084 3321 ἀποθνήσκουσι,
1123 3258 1198 3326 μὴ
1239 3256 1415 3318 ἄλλως
1464 3257 1749 3327 ἐνδεχομέ-

168 3369 286 3402 νο).
324 3349 497 3418 Χρέος
528 3348 635 3419 γάρ
687 3351 917 3415 φυσικὸν
950 3349 977 3398 6
1017 3347 1245 3410 θάνατός
1282 3349 1450 3409 ἐστιν,
1480 3347 1540 3411 ἐξ
1571 3348 1750 3418 ἀρχῆς

168 3442 422 3494 ἐπιτεθὲν
444 3444 554 3502 τοῖς
580 3439 911 3509 ἀνθρώποις,
963 3442 1057 3492 καὶ
1096 3440 1473 3512 ἀπαραίτητος
1504 3444 1536 3511 ἡ
1562 3441 1753 3493 τούτου

170 3536 480 3595 ἐπελευσις.

248 3627 435 3677 Ταῦτα
466 3625 643 3677 πάντα
681 3625 757 3687 ὠς
790 3620 897 3676 εἶδέ
949 3641 1007 3676 τε
1050 3626 1145 3677 καὶ
1194 3626 1427 3695 ἤκουσεν
1468 3628 1495 3677 6
1536 3624 1755 3686 συνετὸς

172 3719 382 3778 ἐκεῖνος
413 3716 505 3767 καὶ
537 3714 797 3786 φρόνιμος
841 3714 1082 3776 νεανίας,
1139 3715 1399 3777 στενάξας
1444 3715 1508 3766 ἐκ
1558 3714 1755 3782 βάθους

174 3806 429 3876 καρδίας,
472 3804 577 3872 ἔστι
605 3820 617 3832 '
654 3804 854 3874 Πικρὺς
880 3806 908 3855 ό
942 3806 1055 3872 βίος
1104 3797 1259 3865 οὗτος
1298 3806 1393 3856 καὶ⁹
1422 3806 1599 3874 πάσης
1637 3804 1756 3855 ὀδύ-

173 3917 277 3967 νης
304 3898 397 3950 καὶ
436 3898 629 3965 ἀηδίας
655 3895 960 3958 ἀνάπλεως,
995 3896 1043 3946 εἰ
1072 3898 1244 3948 ταῦτα
1276 3896 1449 3958 οὕτως
1479 3896 1611 3965 ἔχει.
1646 3897 1756 3949 Καὶ

172 3992 299 4052 πῶς
337 3990 704 4058 ἀμεριμνήσει
737 4005 819 4049 τις
961 3988 1257 4058 προσδοκίᾳ
1295 3988 1389 4040 τοῦ
1425 3989 1623 4057 ἀδήλου
1656 3988 1755 4039 θα-

171 4086 365 4145 νάτου,
398 4078 509 4149 03f;
540 4080 747 4141 ἕλευσις
773 4079 831 4131 οὐ
866 4080 1027 4148 μόνον
1057 4081 1454 4148 ἀπαραίτητος,
1490 4080 1625 4131 ἀλλά
1654 4080 1754 4132 καὶ

172 4176 397 4242 ἄδηλος,
434 4171 615 4232 καθὼς
641 4172 852 4232 εἴπατε,
886 4171 1156 4239 ὑπάρχεις
1188 4173 1296 4224 Καὶ
1336 4171 1547 4241 ἀπῆλθε
1579 4172 1753 4224 ταῦτα

173 4270 429 4335 στρέφων
472 4267 527 4316 ὲν
556 4264 756 4331 ἐαυτῷ,
809 4264 901 4315 καὶ
953 4264 1250 4327 ἀπαύστως
1298 4264 1751 4334 διαλογιζόμενος,

171 4364 272 4414 καὶ
324 4359 534 4419 πυκνὰς
568 4356 891 4424 ποιούμενος
936 4357 1064 4424 περὶ
1096 4356 1191 4407 τοῦ
1226 4354 1456 4410 θανάτου
1488 4358 1586 4417 τὰς
1624 4358 1756 4410 ὑπο-

176 4456 430 4522 μνήσεις,
457 4449 643 4510 πόνοις
669 4465 727 4499 τε
756 4450 849 4501 καὶ
879 4448 1140 4517 ἀθυμίαις
1164 4450 1225 4498 ἐκ
1246 4448 1435 4501 τούτου
1462 4448 1638 4511 συζῶν
1659 4449 1757 4501 καὶ

177 4546 463 4596 ἄπαυστον
509 4540 648 4608 ἔχων
681 4540 778 4606 τὴν
825 4538 1023 4607 λύπην.
1074 4538 1162 4591 Ἐὶ
1177 4555 1266 4604 εγε
1301 4539 1410 4608 γάρ
1448 4540 1505 4591 ἐν
1536 4539 1715 4609 ἐαυτῷ
1738 4558 1750 4570 ·

173 4632 327 4704 ’Λρά
352 4633 478 4683 ποτέ
511 4648 578 4699 με
602 4634 629 4682 6
660 4631 889 4692 θάνατος
923 4630 1328 4698 καταλήψεταις
1371 4633 1462 4683 καὶ
1483 4631 1564 4692 τίς
1594 4632 1749 4683 ἔσται

173 4729 204 4779 6
242 4728 461 4795 μνήμην
495 4739 593 4791 μου
628 4723 947 4790 ποιούμενος
977 4722 1117 4791 μετά
1159 4722 1410 4786 θάνατον,
1438 4724 1531 4775 τοῦ
1561 4724 1754 4794 χρόνου

173 4819 358 4872 πάντα
385 4817 452 4883 τῇ
490 4813 626 4884 λήθῃ
662 4813 1076 4883 παραδιδόντος;
1111 4814 1205 4866 za‘t
1247 4815 1294 4865 εἰ
1340 4814 1631 4868 ἀποθανὼν
1670 4819 1751 4880 εἰς

171 4909 235 4961 τὴ
272 4907 347 4976 μὴ
385 4905 443 4956 δν
471 4904 902 4973 διαλυθήσομαι;
943 4905 975 4972 ἣ
1026 4904 1140 4956 ἐστι
1165 4922 1247 4967 τις
1287 4906 1421 4977 ἄλλη
1458 4908 1611 4979 βιοτὴ
1654 4912 1749 4963 καὶ

169 4999 363 5067 ἕτερος
397 4997 633 5064 κόσμος
674 4996 859 5047 Ταῦτα
894 4997 987 5048 καὶ
1017 4998 1083 5049 τὰ
1125 4997 1338 5061 τούτοις
1368 5001 1529 5068 ὃμοια
1566 5002 1748 5053 ἀπαύ-

173 5107 319 5148 στως
348 5086 825 5159 διενθυμούμενος,
853 5087 1071 5156 ώχριών
1094 5092 1454 5157 κατετήκετο·
1486 5094 1606 5143 κατ’
1631 5092 1753 5161 ὄψιν

168 5184 228 5233 δὲ
255 5180 350 5231 τοῦ
380 5180 606 5247 πατρὸς,
639 5179 727 5230 ὅτε
766 5180 967 5249 συνέϐη
1001 5180 1191 5234 τοῦτον
1225 5182 1541 5249 ἀφικέσθαι,
1585 5203 1755 5256 προσο

167 5275 413 5326 εποιεῖτο
444 5271 504 5321 τὸ
554 5271 735 5341 ἱλαρὸν
781 5272 875 5323 καὶ
919 5272 1145 5337 ἄλυπον,
1192 5273 1268 5342 μὴ
1304 5274 1631 5345 βουλόμενος
1672 5280 1753 5344 εἰς

167 5367 376 5438 γνῶσιν
423 5364 500 5434 τῷ
558 5365 724 5434 πατρὶ
799 5364 867 5417 τὰ
920 5364 1068 5435 αὐτῷ
1138 5368 1483 5437 μελετώμενα
1558 5369 1753 5425 ἐλθεῖν.

187 5457 405 5510 Ἰ-Σπόθει
426 5457 481 5509 δὲ
521 5457 878 5525 ἁκατασχέτῳ
895 5458 1000 5511 τινὶ
1035 5457 1186 5526 πόθῳ
1209 5459 1301 5512 καὶ
1332 5460 1574 5529 ἐγλίχετο
1608 5464 1760 5513 ἐντυ›

168 5550 291 5617 γ;ῐν
313 5564 415 5598 τινι
446 5544 526 5614 τῷ
548 5546 833 5615 δυναμένῳ
858 5546 956 5618 τὴν
976 5549 1141 5600 αὑτοῦ
1167 5551 1583 5621 πληροφορῆσαι
1610 5568 1759 5622 καρ-

165 5642 314 5705 δίαν,
351 5640 445 5693 καὶ
474 5639 629 5708 λόγον
661 5640 865 5710 ἀγαθὸν
899 5644 1019 5704 ταῖς
1047 5642 1212 5694 αὑτοῦ
1248 5646 1438 5706 ἀκοαῖς
1464 5646 1754 5715 ὲνηχῆσαι.

248 5821 287 5832 ,νγ

257 5821 351 5873 ἰῦν
398 5821 940 5891 προμνημονευθέντα
961 5822 1017 5876 δὲ
1065 5822 1407 5893 παιδαγωγὸν
1468 5822 1620 5891 αὖθις
1666 5829 1759 5881 ἐπ-

1780 1844 2092 1928 Bdixerunt
2123 1859 2134 1892 :
2170 1841 2263 1892 llic
2293 1849 2448 1892 (etate
2479 1840 2629 1892 valde
2676 1847 2986 1904 provectus,
3033 1850 3093 1886 ac
3141 1832 3394 1901 paulatim

1840 1933 2220 1987 decedentibus
2249 1933 2344 1999 ipsi
2374 1933 2573 1985 viribus
2597 1973 2611 1998 ,
2664 1928 3020 1996 membrisque
3061 1924 3395 1979 imbecillita-

1838 2034 1944 2079 tem
1975 2022 2428 2084 contrahentibus,
2459 2023 2523 2075 ad
2556 2023 2693 2075 hanc
2722 2036 2879 2089 quam
2904 2020 3079 2073 cernis
3103 2032 3398 2070 :t-rutnnam

1841 2113 2096 2184 pervenit.
2133 2115 2196 2166 Et
2225 2114 2500 2181 quisnam,
2534 2113 2707 2179 inquit
2737 2112 2863 2176 ille,
2905 2109 3072 2176 ipsius
3126 2108 3242 2160 linis
3278 2107 3397 2159 e3t?

1840 2206 1980 2261 Nihil
2007 2205 2169 2269 aliud,
2197 2206 2438 2272 inquiunt
2466 2204 2565 2268 illi,
2593 2218 2750 2271 quam
2774 2217 2917 2255 mors
2944 2202 3116 2268 ipsum
3148 2199 3394 2263 excipiet.

1842 2298 2171 2351 Omnibusne
2218 2296 2552 2361 hominibus,
2586 2294 2755 2361 inquit
2782 2293 2904 2355 ille,
2938 2292 3037 2344 hoc
3067 2290 3399 2358 propositum

1840 2398 1942 2455 est,
1966 2404 2031 2441 an
2056 2386 2368 2456 quihusdam
2390 2386 2647 2438 duntaxat
2666 2381 2967 2450 contingit?
2992 2380 3408 2448 Responderunt

1841 2481 1914 2533 illi
1941 2497 1954 2531 ε
1986 2479 2095 2533 Nisi
2126 2492 2269 2529 mors
2298 2486 2635 2529 antevertens
2683 2474 2915 2540 aliquem
2967 2471 3091 2524 hinc
3129 2468 3360 2523 abducat
3387 2508 3403 2530 ,

1843 2570 1959 2622 ﬁeri
1985 2585 2086 2622 non
2119 2575 2292 2634 potest
2322 2566 2445 2634 quin
2494 2564 2749 2630 temporis
2789 2574 3078 2630 progressu
3104 2566 3274 2613 status
3301 2559 3405 2610 liu-

1844 2657 1991 2726 iusce
2020 2656 2306 2722 periculum
2339 2670 2442 2706 non
2476 2653 2649 2704 faciat.
2678 2650 2810 2705 Tum
2844 2651 3152 2703 adolescens
3182 2665 3194 2699 :
3228 2647 3401 2713 Quoto

1846 2762 1987 2799 anno
2018 2747 2117 2799 hoc
2146 2745 2372 2812 cuipiam
2408 2742 2700 2809 contingit?
2741 2750 2900 2809 atque
2948 2754 3236 2808 prorsusne
3269 2741 3401 2791 mori

1845 2852 2065 2893 neaesse
2097 2846 2176 2888 est
2200 2874 2216 2899 ,
2250 2850 2418 2903 neque
2448 2848 2534 2888 ars
2565 2832 2669 2885 ulla
2699 2840 2781 2885 est
2803 2845 2903 2899 qua
2937 2838 3157 2883 mortem
3189 2827 3405 2896 ellugia-

1846 2942 1979 2989 ntus,
2010 2938 2168 2993 atque
2192 2942 2241 2977 In
2270 2924 2402 2976 hanc
2429 2925 2780 2976 calamitatem
2814 2922 3033 2974 minime
3073 2919 3404 2973 incidamus?

1848 3020 2035 3072 Dicunt
2061 3018 2146 3071 ei:
2179 3016 2531 3083 Octogesimo,
2565 3023 2653 3066 aut
2674 3012 2971 3067 centesimo
3002 3025 3142 3063 anno
3168 3010 3231 3062 ad
3266 3010 3403 3063 lianc

1849 3120 2174 3166 seneCIutem
2203 3109 2442 3161 homines
2473 3106 2819 3174 perveniunt,
2849 3121 2914 3159 ac
2939 3104 3133 3159 deinde
3172 3103 3406 3155 moriun-

1852 3215 1954 3267 tur,
1987 3220 2086 3258 nec
2115 3204 2267 3256 aliter
2299 3202 2409 3254 lieri
2443 3211 2633 3268 potest.
2679 3200 2922 3253 Debitum
2975 3198 3115 3251 enim
3170 3198 3405 3250 naturale

1853 3308 1993 3346 mors
2015 3302 2115 3355 est,
2146 3290 2445 3343 hominibus
2474 3290 2541 3340 ab
2571 3287 2722 3340 initio
2752 3289 3078 3355 impositum,
3109 3302 3278 3356 neque
3302 3288 3403 3338 υιιςι

1856 3385 2056 3438 ratione
2085 3384 2248 3453 ipsius
2271 3380 2527 3435 adventus
2553 3379 2705 3431 vitari
2741 3388 2930 3446 potest.

1914 3634 2034 3686 ΙΙωο
2062 3633 2261 3695 omnia,
2293 3642 2350 3685 ut
2376 3648 2536 3701 sagax
2580 3638 2671 3693 ille
2710 3654 2772 3693 ac
2816 3639 3045 3707 prudens
3094 3637 3402 3691 adolescens

1849 3734 2047 3788 audivit
2083 3742 2244 3802 atque
2289 3733 2569 3798 intellexit,
2612 3733 2799 3786 intimo
2826 3731 2988 3785 corde
3030 3730 3401 3797 ingemiscens,

1851 3827 1982 3880 dixit
2013 3843 2025 3878 :
2056 3826 2256 3878 Acerba
2291 3824 2401 3877 Inec
2425 3826 2533 3877 vita
2577 3831 2680 3886 est,
2732 3830 2890 3889 atque
2936 3822 3079 3874 omni
3130 3820 3313 3872 dolore
3342 3834 3404 3870 ac

1851 3917 2094 3968 maestitia
2126 3914 2298 3982 plena,
2331 3914 2375 3966 si
2404 3927 2489 3966 res
2521 3913 2589 3965 ita
2613 3928 2669 3965 se
2700 3912 2874 3964 habet.
2904 3910 2969 3962 Et
2990 3923 3217 3975 quonam
3248 3908 3406 3960 modo

1851 4010 2106 4074 quispiam
2172 4004 2222 4057 in
2254 4006 2471 4058 incerta:
2531 4006 2717 4057 mortis
2768 4002 3198 4069 exspectatiotie,
3253 4002 3409 4066 cujus

1853 4100 2106 4152 adventus
2127 4113 2241 4165 non
2275 4097 2432 4149 utodo
2461 4096 2616 4148 vitari
2649 4109 2753 4148 non
2779 4101 2987 4161 potest,
3017 4092 3108 4145 sed
3134 4094 3317 4153 etiam,
3348 4098 3407 4144 ut

1853 4189 2053 4242 dixistis
2077 4229 2091 4252 ,
2125 4190 2353 4241 incertus
2382 4195 2493 4250 est,
2526 4200 2717 4239 securo
2764 4185 2945 4237 animo
2990 4183 3125 4236 erit?
3153 4182 3398 4249 Abiitque

1855 4282 1966 4332 hmo
1992 4294 2173 4333 secum
2205 4280 2418 4330 volvens
2448 4285 2602 4343 atque
2628 4275 2841 4328 assidue
2869 4272 3235 4335 considerans,
3268 4288 3409 4324 mor.

1855 4370 2026 4436 lisque
2071 4368 2375 4421 memoriam
2425 4366 2711 4419 identidem
2762 4364 2944 4417 animo
2996 4373 3281 4430 repetens,
3342 4374 3409 4415 ac

1856 4460 2103 4527 deinceps
2132 4460 2185 4512 in
2228 4457 2500 4510 doloribus
2545 4457 2817 4524 animique
2861 4452 3290 4509 consternatione
3332 4451 3409 4503 vi-

1856 4564 2003 4615 vens,
2036 4555 2194 4616 atque
2222 4548 2273 4600 in
2303 4558 2556 4615 perpetuo
2581 4560 2808 4600 mmrore
2835 4546 3057 4613 degens.
3080 4545 3250 4612 Atque
3268 4543 3409 4611 apud

1858 4654 1917 4692 se
1946 4638 2156 4692 dicebat
2182 4653 2196 4689 :
2229 4637 2438 4706 Ergone
2461 4652 2602 4689 mors
2626 4651 2708 4688 me
2734 4636 3019 4704 aliquando
3038 4633 3327 4701 corripiet?
3350 4634 3412 4685 Et

1858 4730 2097 4796 quisnam
2125 4726 2226 4780 erit
2252 4727 2339 4794 qui
2369 4726 2472 4779 mei
2506 4733 2624 4793 post
2664 4735 2887 4778 mortem
2927 4724 3260 4791 meminerit,
3287 4736 3410 4776 cum

1859 4828 2068 4886 tempus
2108 4818 2281 4870 omnia
2309 4816 2578 4869 obliviOne
2605 4814 2953 4867 contriverit?
2978 4813 3111 4867 Num
3155 4820 3413 4876 praterea

1860 4918 2031 4963 morte
2050 4908 2255 4961 functus
2281 4907 2333 4959 in
2356 4905 2574 4958 nihilum
2598 4905 2889 4967 dissolvar;
2919 4919 2985 4956 an
3016 4914 3218 4964 contra,
3248 4902 3411 4955 altera

1861 5001 2100 5068 quaedam
2132 4998 2235 5051 vita
2263 5006 2349 5050 est
2372 5037 2385 5062 ,
2418 5006 2470 5051 et
2499 4996 2627 5048 alter
2662 4994 2923 5048 mundus?
2948 4996 3069 5047 llrec
3090 5006 3144 5047 et
3173 4995 3254 5047 liis
3275 4994 3417 5047 sitni-

1862 5094 1930 5146 lia
1953 5100 2202 5161 perpetuo
2225 5091 2480 5157 cogitans,
2503 5088 2702 5155 pallore
2726 5087 3124 5141 conﬁciebatur.
3150 5085 3417 5141 Przsente

1864 5194 2037 5238 tamen
2066 5193 2215 5251 patre
2237 5223 2254 5249 ,
2284 5184 2328 5234 si
2354 5182 2564 5249 quando
2593 5183 2657 5233 ad
2693 5196 2815 5234 eum
2849 5182 3072 5243 veniret,
3101 5181 3321 5234 hilarem
3354 5198 3416 5235 ac

1865 5288 2094 5329 mmrore
2123 5288 2346 5326 vacuum
2377 5272 2607 5324 animum
2636 5286 2743 5339 prae
2770 5287 2827 5325 se
2853 5272 3078 5338 ferebat,
3111 5272 3251 5342 quod
3273 5275 3421 5327 scili-

1865 5375 1948 5419 cet
1976 5380 2035 5417 ea
2061 5378 2180 5431 qua:
2225 5362 2484 5429 cogitabat
2523 5361 2589 5415 ad
2634 5362 2797 5430 ipsius
2835 5364 3189 5430 cognitionem
3238 5368 3420 5418 venire

1865 5456 2045 5509 nollet.
2079 5454 2447 5511 Incredibilem
2479 5467 2653 5505 autem
2682 5456 2732 5507 in
2762 5454 2973 5507 modum
3015 5454 3244 5522 aliquem
3283 5471 3417 5508 nan-

1865 5548 1988 5599 cisci
2019 5546 2286 5611 cupiebat,
2317 5546 2405 5614 qui
2433 5545 2595 5613 ipsius
2625 5547 2822 5610 pect0ri
2863 5555 3058 5599 certam
3092 5547 3246 5600 ﬁdem
3281 5550 3419 5601 lace-

1867 5648 1980 5700 rel,
2014 5654 2073 5691 ac
2100 5639 2292 5691 bonum
2345 5653 2645 5692 sermonem
2691 5639 2855 5705 ipsius
2909 5639 3121 5694 auribus
3164 5639 3419 5693 instillare

1865 5737 2061 5796 posset.

1937 5820 2187 5885 Quocirca
2223 5820 2288 5876 de
2315 5820 2595 5892 padagogo
2639 5837 2703 5878 eo
2747 5825 2897 5892 cujus
2942 5829 3064 5878 ante
3096 5823 3417 5877 mentionem
