4180 6458
128 402 232 462 ΜΠ

1221 400 1393 457 ΥΙΤᾸ
1435 395 1789 457 ΒᾸΙὶΙΑᾹΜ
1832 395 1921 453 ET
1959 395 2308 456 JOASAPH.

3273 402 3376 462 808

124 510 302 565 οὐδενὶ
326 507 485 576 μέχρι
508 506 603 559 τοῦ
626 498 922 558 νῦντοῦτο-ι
948 506 1270 577 ὲφανὲρωσα
1291 523 1303 535 ·
1332 507 1417 559 σοὶ
1450 508 1506 559 δὲ
1536 505 1702 558 κατά-

1820 516 1917 571 est,
1946 522 2208 576 quemque
2244 507 2441 561 nemini
2469 506 2643 562 adhuc
2676 509 2907 564 ostendi.
2930 508 3044 563 Tibi
3072 518 3246 563 autem
3271 516 3368 562 nor.

126 600 284 669 δηλον
313 598 413 667 ἥδη
444 596 607 657 ποιῶ,
655 599 873 649 συνετόν
903 614 961 649 τε
1001 598 1095 649 καὶ
1124 599 1353 668 νουνεχῆ
1388 597 1610 667 βλέπων
1639 613 1699 649 σε

126 691 298 760 ἄνδρα
332 691 465 757 (81),
500 688 573 752 ὡς
616 687 684 741 ἂν
709 689 1016 761 εἰσαγάγῃς
1041 689 1147 758 37
1182 707 1249 758 με
1290 690 1428 761 πρὸς
1463 689 1556 742 τὸν
1586 691 1703 742 υἱον

128 780 225 832 τοῦ
272 780 559 850 βασιλέως,
603 781 699 833 καὶ
737 779 985 833 ἐπιδώσω
1029 780 1220 833 τοῦτον
1270 780 1439 850 αὐτῷ.
1478 780 1704 833 Πάντων

131 873 242 941 γὰρ
262 873 371 924 τῶν
404 873 587 925 καλῶν
626 873 971 942 ἀσυγκρίτως
1016 874 1311 944 ὑπερέχει’
1348 875 1571 927 δύναται
1610 876 1705 929 καὶ

130 964 353 1032 τυφλοῖς
387 967 450 1033 τῇ
485 964 683 1035 καρδία
717 964 831 1033 φῶς
858 965 1153 1035 δωρεῖσθαι
1177 966 1392 1032 σοφίας,
1419 966 1620 1035 κωφῶν
1648 968 1705 1019 δὲ

132 1052 250 1107 ὦτα
286 1056 545 1123 ἀνοίγειν,
592 1056 810 1118 ἀλάλοις
851 1073 911 1108 τε
946 1058 1128 1127 φωνὴν
1148 1056 1369 1117 διδόναι,
1406 1059 1499 1110 καὶ
1538 1058 1706 1128 ρῶσιν

133 1151 248 1210 τοῖς
277 1150 489 1200 νοσοῦσι
546 1150 849 1219 παρέχειν*
885 1151 1014 1211 τοὺς
1054 1151 1298 1219 ἄφρονας
1338 1152 1571 1219 σοςςὶζει,
1594 1151 1708 1203 δαί-

140 1260 307 1311 μονας
330 1242 534 1308 διώκει,
567 1245 660 1295 καὶ
684 1245 795 1295 πᾶν
820 1244 847 1295 6
868 1260 919 1295 τι
954 1244 1118 1295 καλὸν
1138 1246 1229 1296 καὶ
1252 1246 1512 1313 ἐράσμιον
1536 1244 1709 1312 63706-

139 1352 247 1397 νως
270 1339 491 1405 χορηγεῖ
520 1336 594 1404 τῷ
620 1336 940 1405 κεκτημένῳ
968 1337 1149 1388 αὐτόν.
1184 1337 1348 1403 Λέγει
1374 1338 1512 1405 ’πρὸς
1546 1337 1710 1390 αὑτὸν

140 1429 169 1477 ὁ
228 1427 603 1494 παιδαγωγός·
665 1428 807 1499 Ὀρῶ
856 1444 913 1479 σε
962 1428 1245 1498 ἄνθρωπον
1310 1429 1575 1499 σταθεροῦ
1614 1430 1710 1484 καὶ

146 1517 435 1587 βεϐηκότος
465 1522 811 1589 φρονήματος
833 1536 846 1549 ·
866 1521 933 1573 τὰ
950 1522 1001 1573 δὲ
1033 1523 1257 1591 ῥήματὰ
1281 1540 1374 1573 σου
1405 1523 1619 1592 ἄμετρα
1649 1541 1707 1576 σε

145 1611 451 1679 καυχᾶσθαι
494 1614 840 1681 ἐμφαίνουσι.
876 1615 1070 1675 Λίοους
1107 1616 1212 1686 γὰρ
1243 1616 1334 1667 καὶ
1368 1618 1709 1685 μαργαρίτας

144 1704 456 1766 πολυτελεῖς
481 1707 571 1757 καὶ
606 1705 937 1776 πολυτίμους
984 1708 1101 1767 πῶς
1133 1707 1197 1759 ἄν
1230 1723 1310 1759 σοι
1338 1708 1712 1777 διηγησαίμην

140 1796 299 1856 ὅσους
322 1797 569 1865 ἑώρακας
592 1798 852 1866 Ἐχοντας
873 1798 927 1849 δὲ
944 1799 1195 1860 τοιαύτας
1225 1799 1289 1861 ἃς
1313 1802 1539 1869 εἴρηκας
1555 1800 1713 1851 δυνά-

142 1904 267 1953 μεις
302 1888 423 1939 οὔτε
446 1884 605 1955 εἶδον,
646 1889 770 1941 οὔτε
806 1892 1036 1961 ἤκουσα.
1082 1892 1273 1961 ’Ὀμως
1302 1892 1586 1954 ὑπόδειξον
1621 1910 1711 1962 μοι

140 1979 325 2041 αὑτὸν,
354 1980 464 2041 καὶ,
493 1983 539 2032 εἰ
570 1981 683 2032 ἔστι
718 1983 937 2034 κατὰτὸ
965 1984 1117 2053 ῥῆμα
1150 2001 1266 2046 σου,
1287 1984 1477 2036 θᾶττον
1504 1985 1712 2052 εἰσάγω

138 2071 329 2123 τοῦτον
390 2074 525 2142 πρὸς
572 2074 663 2125 τὸν
695 2074 801 2139 ,τοῦ
844 2076 1102 2144 βασιλέως
1131 2077 1264 2141 υἱὸν,
1301 2077 1394 2128 καὶ
1427 2077 1591 2143 τιμὰς
1628 2077 1709 2127 δτι

142 2165 406 2232 μεγίστας
460 2166 553 2217 καὶ
603 2166 811 2233 δωρεὰς
1051 2171 1182 2237 παρ’
1222 2168 1409 2221 αὑτοῦ.
1448 2168 1623 2238 Πρινὴ
1652 2168 1709 2220 δὲ

140 2258 507 2328 βεϐαιωθῆναί
548 2276 613 2328 με
641 2263 705 2329 τῇ
739 2260 963 2327 ἀψευδεῖ
1014 2261 1120 2313 τῶν
1163 2260 1458 2329 ὀφθαλμῶν
1498 2261 1707 2330 ὁράσει,

136 2354 401 2404 ἁῧὺνατόν
436 2371 525 2421 μοι
582 2354 659 2422 τῷ
706 2354 823 2423 ὲμῶ
876 2355 1115 2426 δεσπότῃ
1169 2360 1266 2406 καὶ
1320 2354 1533 2422 βασιλεῖ
1584 2357 1712 2422 περὶ

140 2446 466 2510 τερα-(ματος
514 2442 754 2509 (ianva-3;
800 2444 972 2496 ταῦτα
1004 2444 1067 2513 δὴ
1118 2447 1181 2496 τα
1223 2447 1502 2513 ὑπέρογκα
1532 2447 1713 2512 ἀπαγ-

138 2534 340 2597 γεῖλαι.
385 2535 440 2585 'U
486 2534 541 2586 δὲ
592 2536 857 2605 Βαρ).;ὰμ.
917 2537 1055 2606 ἔφη·
1103 2538 1295 2600 Καλῶς
1358 2534 1517 2600 εἶπας
1572 2538 1711 2606 μήτε

140 2629 448 2692 ἑωρακέναι
484 2629 701 2682 πώποτε
736 2631 872 2700 μήτε
905 2632 1199 2699 ἀκηκοέναι
1252 2632 1510 2695 τοιαύτας
1549 2633 1711 2686 δυνά-

144 2735 270 2785 μεις
292 2720 384 2768 καὶ
414 2719 691 2786 ἐνεργείας
708 2734 721 2746 ⁸
742 2721 770 2771 6
801 2722 909 2789 γὰρ
943 2722 1076 2789 πρὸς
1102 2721 1160 2772 σέ
1198 2738 1299 2790 μου
1318 2722 1472 2788 λόγος
1496 2722 1554 2772 οὐ
1582 2720 1710 2790 περί

140 2827 237 2860 του
272 2811 525 2878 τυχόντος
544 2814 660 2863 ἐστὶ
693 2812 1040 2880 πράγματος,
1058 2815 1189 2866 ἀλλὰ
1222 2814 1540 2882 θαυμαστοῦ
1564 2828 1711 2874 τινος

140 2903 243 2951 καὶ
272 2901 529 2968 μεγάλου.
573 2904 695 2954 Ὅτι
747 2904 802 2954 δὲ
837 2904 1109 2973 ἐζήτησας
1158 2904 1350 2957 τοῦτον
1385 2904 1709 2969 θεάσασθαι,

139 2997 377 3048 ἄκουσον
400 2996 507 3047 τῶν
546 2995 693 3064 ἐμῶν
725 2996 1004 3065 ῥημάτων.

228 3176 289 3228 Ὀ
318 3174 463 3236 λίθος
499 3168 649 3237 οὗτος
674 3176 702 3226 6
730 3173 1027 3242 πολύτιμος
1061 3173 1200 3241 μετὰ
1231 3175 1340 3228 τῶν
1376 3178 1713 3248 προειρημέ-

140 3286 252 3319 νων
283 3266 567 3336 ἐνεργειῶν
596 3266 688 3317 καὶ
719 3266 1025 3335 δυνάμεων,
1064 3267 1139 3318 έτι
1170 3268 1261 3319 καὶ
1282 3268 1485 3337 ταύτην
1514 3270 1711 3342 κέκτη-

140 3377 237 3411 ται
264 3360 363 3427 τὴν
404 3358 589 3425 ἰσχύν·
643 3360 705 3409 οὑ
740 3358 965 3411 δύναται
1001 3359 1294 3411 θεάσασθαι
1327 3363 1490 3413 αὑτὸν
1528 3364 1589 3415 ἐκ
1618 3363 1713 3415 τοῦ

142 3451 440 3518 ’προχείρου
461 3451 488 3501 ὁ
519 3448 593 3519 μὴ
624 3448 764 3518 ἔχων
797 3450 1116 3521 ἐρρωμένην
1147 3451 1245 3519 μὲν
1282 3452 1379 3521 τὴν
1402 3454 1591 3522 ὅρασιν
1620 3454 1716 3506 καὶ

144 3541 521 3608 ὑγιαίνουσαν,
549 3541 709 3607 ἁγνὸν
742 3540 796 3591 δὲ
977 3541 1038 3593 τὸ
1064 3541 1222 3609 σῶμα
1261 3544 1353 3593 καὶ
1382 3546 1556 3613 πάντη
1586 3545 1717 3615 ἁμό·

142 3633 357 3682 νυντον.
412 3630 472 3681 Εἰ
500 3628 608 3699 γάρ
663 3646 765 3691 τις,
808 3630 880 3699 μὴ
928 3629 998 3680 τὰ
1036 3629 1128 3681 δύο
1158 3631 1331 3683 ταῦτα
1383 3634 1524 3685 καλὰ
1553 3633 1715 3703 ἔχων,

144 3721 439 3789 προπετῶς
468 3720 752 3787 ὲμὸλέᾦειε
783 3720 861 3790 τῷ
902 3722 1068 3791 τιμίῳ
1094 3722 1227 3792 λίθῳ
1264 3724 1457 3794 τούτῳ,
1497 3727 1588 3778 καὶ
1618 3726 1717 3777 αὐ-

143 3815 246 3880 τὴν
276 3813 448 3880 δήπου
479 3812 544 3879 ἣν
576 3812 688 3879 ἔχει
718 3813 945 3884 ὀπτικήν
995 3812 1223 3882 δύναμιν
1255 3815 1347 3865 καὶ
1385 3816 1484 3877 τὰς
1513 3815 1718 3884 φρένας

144 3902 628 3968 προσαπολέσειεν.
665 3902 807 3968 Ἐγὼ
830 3903 906 3963 δὲ,
946 3905 1045 3955 οὑκ
1068 3904 1309 3973 ἀμύητος
1332 3907 1430 3973 τῆς
1467 3906 1718 3974 ἰατρικῆς

146 3997 463 4061 ἐπιστήμης
513 3996 791 4062 ὑπάρχων,
830 3994 1050 4063 καθορῶ
1096 4012 1190 4046 σου
1240 3997 1365 4055 τοὺς
1402 3996 1717 4064 ὀφθαλμοὺς

148 4089 230 4159 μὴ
261 4087 428 4153 ὑγιῶς
468 4086 709 4154 ἔχοντας,
737 4088 829 4138 καὶ
852 4087 1063 4139 δέδοικα
1107 4089 1177 4156 μὴ
1202 4089 1295 4140 καὶ
1322 4084 1388 4159 ἧς
1410 4089 1552 4156 ἔχεις
1581 4089 1714 4157 ὁρα-

147 4195 294 4239 σεως
334 4178 583 4246 στέρησιν
609 4179 946 4247 προξενήσω.
991 4178 1149 4230 ’.ιλλά
1180 4180 1271 4231 τὸν
1295 4181 1408 4231 υἱὸν
1432 4179 1525 4231 τοῦ
1564 4180 1717 4249 βασι-

146 4272 292 4331 λέως
321 4272 531 4337 ἀκήκοα
560 4270 671 4337 βίον
697 4271 794 4337 μὲν
812 4270 951 4338 ἔχειν
967 4270 1238 4339 σώφρονα,
1264 4272 1388 4333 τοὺς
1406 4270 1717 4341 ὀφθαλμοὺς

146 4362 207 4413 δὲ
233 4360 467 4429 ὡραίους
497 4360 589 4413 καὶ
619 4360 784 4426 ὑγιῶς
809 4359 1049 4429 δρῶντας
1069 4377 1081 4389 ·
1109 4360 1299 4413 τούτου
1333 4361 1490 4431 χάριν
1524 4362 1718 4432 ἐκείνῳ

150 4452 434 4515 ὑποδεῖξαι
465 4452 556 4503 τὸν
596 4452 866 4521 θησαυρδν
907 4451 1097 4504 τοῦτον
1138 4452 1479 4523 τεθάρῤηκα.
1518 4454 1589 4507 Συ
1625 4451 1718 4505 οὖν

1819 599 2048 660 declare,
2079 598 2217 665 quod
2246 607 2297 651 te
2325 598 2634 665 prudentem
2661 614 2722 653 ac
2750 601 3023 653 cordatum
3056 601 3223 653 virum
3253 613 3372 653 eSsc

1821 694 2047 757 videam,
2095 704 2151 745 ut
2196 706 2280 745 me
2317 692 2381 745 ad
2424 692 2562 759 regis
2592 692 2756 745 filium
2790 694 3092 747 introducas
3116 731 3132 757 ,
3166 692 3371 759 ipsique

1820 799 1938 837 cum
1965 787 2106 838 dono
2136 784 2276 835 dem.
2303 782 2573 851 Siquidem
2608 784 2742 836 bona
2776 784 2953 834 omnia
2984 782 3372 849 incomparabi-

1823 874 1942 928 liter
1972 874 2257 927 antecellit.
2290 873 2419 926 Nam
2470 880 2525 924 et
2572 873 2635 923 iis
2668 874 2755 940 qui
2806 873 2977 925 cordis
3020 874 3189 924 ocuiis
3237 870 3376 936 capti

1828 978 1969 1030 sunt,
2000 966 2272 1032 sapientia:
2299 966 2467 1019 lucem
2499 963 2672 1026 all'ert,
2705 973 2759 1017 et
2787 964 2962 1017 surdis
2991 978 3146 1016 aures
3171 962 3369 1029 aperit,

1826 1070 1877 1112 ct
1912 1060 2069 1111 niutis
2096 1072 2275 1109 vocem
2304 1058 2555 1123 impertit,
2587 1066 2638 1109 et
2669 1065 2989 1125 aegrotantes
3017 1056 3069 1109 in
3096 1057 3375 1109 sanitatem

1824 1150 2033 1210 asserit,
2074 1158 2126 1199 et
2156 1149 2347 1199 stultus
2374 1146 2632 1211 sapientia
2664 1146 2843 1209 donat,
2876 1154 2929 1199 et
2958 1153 3224 1199 dzemmies
3255 1145 3373 1211 pel-

1825 1239 1919 1303 lit,
1962 1252 2022 1290 ac
2064 1238 2289 1303 denique
2318 1235 2569 1304 quidquid
2611 1237 2886 1303 pulchrum
2916 1247 2969 1288 et
3014 1235 3373 1302 expetendum

1824 1338 1924 1390 est,
1956 1329 2172 1381 domino
2221 1341 2319 1380 suo
2360 1327 2631 1380 uberrime
2676 1327 2991 1395 suppeditat.
3026 1328 3106 1378 Ait
3148 1327 3211 1379 ad
3255 1343 3376 1380 eum

1828 1422 2143 1487 pazdagogus
2170 1437 2182 1470 :
2219 1420 2296 1472 Te
2327 1419 2544 1485 quidem
2579 1418 2843 1471 hominem
2870 1418 3042 1485 gravis
3065 1429 3222 1483 atque
3253 1432 3377 1469 con-

1824 1514 2012 1563 stantis
2037 1512 2195 1563 animi
2220 1527 2339 1563 esse
2368 1510 2555 1574 video;
2589 1521 2837 1562 cauerunt
2871 1512 3027 1562 verba
3068 1520 3154 1560 tua
3193 1508 3378 1560 inuno-

1823 1602 1995 1653 dicam
2018 1600 2295 1667 quamdam
2319 1600 2623 1667 iactantiam
2650 1614 2756 1666 prie
2776 1615 2834 1652 se
2861 1600 3217 1664 fernut.Qut.d
3235 1602 3375 1654 enim

1824 1691 2142 1744 excellentes
2166 1699 2324 1756 atque
2356 1691 2585 1757 ingentis
2636 1692 2788 1757 pretii
2837 1691 3032 1757 lapides
3061 1701 3113 1743 et
3157 1692 3376 1743 uniuni-5

1827 1781 2096 1844 videtim,
2164 1797 2394 1849 quonam
2459 1782 2615 1835 modo
2682 1782 3045 1834 enumerando
3103 1797 3378 1836 recensere

1748 1867 1786 1923 Β
1826 1872 2049 1939 queam?
2074 1886 2170 1925 nec
2202 1882 2375 1923 tamen
2408 1887 2631 1937 unquam
2674 1883 2761 1923 aut
2795 1873 2896 1924 vidi
2945 1882 3032 1923 aut
3078 1873 3251 1926 audivi
3290 1873 3381 1940 qui

1826 1975 1915 2013 eas
1965 1976 2095 2026 quas
2139 1961 2562 2011 commemorain
2601 1962 2741 2014 vires
2789 1960 3067 2015 haberent.
3100 1962 3381 2015 Verumta-

1827 2066 1946 2104 men
1976 2067 2094 2104 eutu
2127 2050 2251 2103 mihi
2280 2052 2531 2115 ostende,
2564 2068 2623 2105 ac
2653 2053 2695 2105 si
2750 2054 2868 2107 talis
2896 2064 2980 2107 est
3021 2056 3229 2122 qualem
3257 2056 3335 2107 ais
3355 2096 3371 2118 ,

1829 2142 1943 2193 sine
1974 2142 2077 2192 ulla
2108 2145 2444 2195 cunctatione
2472 2142 2535 2195 ad
2566 2148 2702 2211 regis
2736 2144 2897 2196 filium
2928 2154 2979 2198 te
3010 2145 3374 2207 introducam.

1832 2234 1917 2299 qui
1944 2246 1992 2288 te
2010 2234 2251 2285 maximis
2280 2236 2565 2286 honoribus
2591 2250 2651 2286 ac
2676 2236 3184 2300 hetieficiiwtnahit.
3204 2236 3382 2288 Prim-

1814 2329 1970 2382 qttam
2002 2326 2177 2367 autem
2211 2330 2303 2380 per
2335 2315 2506 2382 ipsum
2542 2317 2820 2368 oculorum
2849 2316 3123 2378 obtutum,
3151 2318 3239 2384 qui
3274 2316 3381 2370 falli

1812 2406 2012 2472 nequit,
2040 2402 2177 2457 dicta
2205 2415 2288 2457 tua
2318 2406 2671 2469 conlirmaris,
2696 2407 2810 2458 fieri
2839 2421 2941 2457 non
2971 2414 3145 2471 potest
3188 2416 3245 2459 ut
3282 2406 3381 2458 do-

1813 2498 1957 2550 niino
1986 2512 2105 2548 meo
2129 2512 2190 2548 ac
2221 2497 2329 2565 regi
2363 2497 2428 2548 de
2452 2513 2508 2550 re
2533 2499 2732 2551 incerta
2762 2506 2817 2551 et
2845 2499 3107 2563 incognita
3139 2499 3250 2550 hrec
3276 2508 3381 2550 tam

1814 2586 2091 2639 immodica
2119 2601 2179 2638 ac
2205 2589 2512 2654 prmtumida
2539 2589 2861 2640 renuntiem.
2897 2587 3035 2639 Dixit
3058 2598 3231 2639 autem
3260 2587 3385 2638 ηπ.

1813 2674 1950 2728 leam
1980 2691 1995 2729 :
2026 2675 2189 2730 Recte
2211 2677 2413 2741 dixisti,
2442 2688 2493 2731 te
2520 2678 2825 2747 hnjusmodi
2860 2678 2997 2731 vires
3024 2694 3085 2731 ac
3110 2679 3386 2732 facultates

1820 2781 1921 2820 nec
1953 2785 2180 2836 unquam
2214 2773 2579 2837 perspexisse,
2613 2784 2712 2824 nec
2739 2771 2971 2823 audisse.
3007 2770 3213 2823 Etenim
3259 2787 3383 2822 ora-

1815 2861 1889 2911 tio
1919 2860 1982 2912 ad
2016 2870 2067 2913 te
2100 2878 2213 2913 mea
2242 2878 2344 2913 non
2376 2862 2441 2914 de
2470 2877 2528 2915 re
2557 2861 2778 2928 vulgari,
2806 2864 2899 2915 sed
2928 2863 3126 2929 ingenti
3151 2861 3383 2929 quadam

1813 2960 1867 3002 et
1906 2951 2212 3004 admiranda
2246 2964 2345 3005 est.
2379 2953 2528 3015 Quod
2574 2963 2750 3006 autem
2780 2968 2900 3006 cum
2943 2968 3164 3006 cernere
3190 2957 3383 3021 quasi-

1816 3042 1957 3103 visti,
1988 3042 2111 3093 andi
2142 3041 2268 3109 quid
2293 3042 2486 3095 dicam.

1889 3163 2040 3232 Lapis
2064 3164 2150 3218 hic
2170 3166 2364 3218 summi
2396 3166 2574 3233 pretii,
2608 3175 2801 3234 praeter
2829 3181 2920 3220 eas
2950 3183 3085 3237 quas
3113 3168 3218 3221 dixi
3245 3168 3386 3221 vires

1815 3264 1869 3309 et
1897 3256 2197 3320 facultates,
2232 3259 2366 3311 hanc
2392 3259 2549 3310 etiam
2579 3258 2753 3311 habet.
2789 3257 2921 3311 Eum
2965 3261 3107 3312 enim
3142 3272 3381 3325 prompte

1814 3359 1877 3400 ac
1905 3346 2055 3399 facile
2085 3347 2389 3414 prospicere
2436 3364 2541 3401 non
2594 3359 2800 3417 potest,
2835 3350 2923 3417 qui
2955 3365 3140 3403 sanmn
3189 3366 3249 3403 ac
3283 3354 3377 3402 tir-

1815 3454 1957 3491 ntum
2010 3438 2253 3503 oculum,
2307 3453 2606 3507 corpusque
2656 3456 2844 3507 purum
2905 3453 3063 3510 atque
3112 3443 3181 3495 ab
3235 3442 3382 3496 omni

1814 3536 2067 3593 Sputcue
2092 3529 2320 3581 alienum
2350 3546 2453 3581 non
2489 3531 2665 3583 habet.
2700 3529 2830 3583 Nam
2861 3533 2904 3584 si
2937 3535 3057 3600 quis
3084 3578 3098 3599 ,
3133 3534 3214 3585 his
3246 3534 3378 3584 dua-

1816 3623 1912 3675 lms
1942 3623 2097 3676 rebus
2136 3638 2239 3675 non
2274 3633 2416 3676 recte
2445 3625 2801 3691 comparatis,
2839 3626 2888 3677 in
2921 3627 3059 3679 hunc
3093 3628 3381 3693 pretio-nm

1817 3711 2040 3778 lapidein
2072 3714 2254 3764 oculos
2308 3722 2508 3766 temere
2556 3728 2618 3766 ac
2660 3715 2956 3780 petulanter
2988 3716 3184 3782 injiciut
3210 3756 3226 3779 ,
3271 3718 3383 3777 ipsa

1813 3818 2025 3871 quoque
2067 3806 2273 3857 scilicet
2315 3819 2416 3872 qua
2468 3804 2724 3871 praeditus
2776 3816 2859 3859 est
2906 3807 3162 3859 cernendi
3221 3809 3268 3858 vi
3322 3822 3385 3861 ac

1814 3904 1988 3948 mente
2018 3897 2231 3959 insuper
2262 3897 2625 3948 mulctahitur.
2664 3898 2773 3965 Ego
2817 3913 2978 3965 porro
3005 3940 3018 3959 ,
3056 3909 3236 3965 utpote
3269 3914 3381 3951 me-

1819 3983 2008 4037 dicina:
2032 3984 2255 4037 minime
2302 3987 2447 4038 rudis
2478 3999 2529 4039 et
2558 3988 2769 4056 ignarus
2789 4029 2804 4053 ,
2834 3990 3018 4041 oculos
3051 3998 3169 4041 tuos
3202 4005 3383 4056 parum

1812 4090 1971 4129 sanos
2013 4090 2131 4129 esse
2176 4079 2447 4144 conSpicio
2476 4094 2490 4130 :
2524 4094 2585 4133 ac
2633 4081 2857 4148 proinde
2908 4098 3095 4135 vereor
3138 4098 3205 4137 uc
3248 4085 3388 4137 hanc

1818 4180 2029 4233 quoque
2078 4182 2235 4233 quiin
2286 4167 2449 4221 habes
2491 4171 2743 4225 cernendi
2796 4172 3101 4229 facultatem
3149 4178 3386 4229 amittas.

1821 4255 2009 4309 Verum
2040 4256 2107 4310 de
2138 4258 2278 4327 regis
2308 4262 2415 4312 tilio
2457 4262 2632 4315 audivi
2659 4301 2675 4327 ,
2707 4280 2827 4318 eum
2861 4276 2964 4319 tam
2994 4269 3112 4321 vitm
3142 4273 3387 4323 castitate

1817 4346 2089 4414 praiditum
2119 4364 2258 4410 esse,
2293 4358 2399 4403 tum
2434 4352 2684 4419 pulchros
2714 4371 2775 4408 ac
2818 4363 3150 4423 perSpicaees
3199 4362 3387 4414 oculos

1817 4438 2031 4493 habere.
2058 4440 2316 4503 Quocirca
2349 4442 2657 4498 thesaurum
2691 4446 2831 4501 hunc
2864 4450 2958 4517 ipsi
2989 4453 3275 4507 ostendere
3299 4454 3388 4507 mi~

151 4544 233 4612 μὴ
270 4541 485 4611 ἀμελῶς
511 4543 639 4611 περὶ
681 4542 873 4593 τούτου
918 4542 1191 4613 διατεθῇς,
1226 4544 1359 4613 μηδὲ
1390 4543 1713 4613 πράγματος

1818 4531 1955 4582 nime
1998 4531 2272 4587 dubitabo.
2323 4536 2680 4599 Quamobrem
2726 4556 2792 4593 ne
2820 4542 3159 4595 commiseris
3195 4554 3251 4597 ut
3284 4544 3388 4598 hoc

146 4635 401 4688 τοιούτου
430 4636 518 4685 τὸν
563 4634 750 4704 κύριόν
790 4651 884 4686 σου
930 4638 1334 4707 ἀποστερήσῃς.
1362 4621 1443 4689 ⁹Ὀ
1476 4638 1532 4690 δὲ
1578 4641 1717 4709 πρὸς

148 4728 321 4781 αὑτὸν
343 4766 357 4789 ,
390 4728 497 4778 Καὶ
525 4728 574 4777 εί
608 4726 802 4790 ταῦτα,
826 4728 1010 4795 φησὶν,
1038 4727 1211 4790 οὕτως
1238 4729 1374 4797 ἔχει,
1407 4730 1478 4798 μή
1509 4748 1596 4798 μοι
1624 4734 1718 4783 τὸν

148 4817 307 4869 λίθον
358 4816 661 4886 ὑποδείξῃς·
713 4819 770 4869 ἐν
803 4818 1095 4889 ἁμαρτίαις
1148 4818 1257 4888 γὰρ
1288 4820 1509 4883 πολλαῖς
1540 4822 1569 4872 6
1606 4821 1719 4889 βίος

152 4926 264 4979 μου
284 4907 596 4977 ἐρρύπωται
618 4921 632 4934 ·
663 4908 760 4976 οὑχ
792 4908 959 4975 ὑγιῶς
982 4909 1038 4961 δὲ
1068 4910 1161 4961 καὶ
1176 4910 1272 4977 τὴν
1301 4911 1509 4981 ὅρασιν,
1539 4912 1720 4976 καθὼς

149 4997 338 5061 εἶπας,
367 4999 664 5068 κέκτημαι.
708 4998 846 5051 Ἀλλ’
892 4998 1021 5066 ἐγὼ,
1054 5002 1167 5061 τοῖς
1204 5004 1313 5063 σοῖς
1344 5003 1588 5064 πεισθεὶς
1623 5006 1721 5073 ρή-

154 5108 315 5162 μασι,
360 5093 621 5161 γνωρίσαι
659 5090 832 5145 ταῦτα
882 5091 960 5161 τῷ
1011 5093 1182 5162 κυρίῳ
1232 5111 1332 5162 μου
1382 5097 1476 5147 καὶ
1515 5095 1723 5163 βασιλεῖ

150 5186 260 5237 οὑκ
288 5184 521 5251 ὀκνήσω.
546 5178 681 5235 Eii-:5
714 5183 903 5247 ταῦτα,
952 5186 1045 5237 καὶ
1087 5184 1343 5237 εἰσελθὼν
1374 5188 1516 5238 κατὰ
1554 5187 1720 5258 μέρος

152 5271 339 5324 πάντα
363 5271 438 5340 τῷ
471 5271 572 5339 υἱῷ
606 5271 699 5324 τοῦ
756 5271 1021 5340 βασιλέως
1074 5274 1428 5342 ἀπήγγειλεν.
1480 5275 1721 5339 Ἐκεῖνος

151 5364 237 5421 δὲ,
271 5363 345 5423 ὼς
374 5364 569 5431 ἤκουσε
621 5364 689 5416 τὰ
731 5362 824 5415 τοῦ
873 5364 1225 5431 παιδαγωγοῦ
1273 5367 1510 5433 ῥήματα,
1545 5368 1722 5437 χαρᾶς

151 5471 307 5515 τινος
342 5454 435 5505 καὶ
484 5454 750 5523 θυμηδίας
790 5456 1171 5525 πνευματικῆς
1208 5456 1425 5526 ᾔσθετο,
1454 5462 1518 5529 τῇ
1555 5458 1718 5512 αὒτοῦ

154 5547 546 5616 ἐμπνευσάσης
578 5546 795 5617 καρδίᾳ,
830 5549 944 5608 καὶ,
981 5548 1164 5611 ἔνθους
1202 5549 1389 5620 ὥσπερ
1433 5551 1721 5619 γενόμενος

153 5641 223 5707 τὴ
243 5660 260 5687 ι
284 5636 483 5706 ψυχὴν,
512 5638 763 5691 ἐκέλευσε
796 5639 988 5691 Θᾶττον
1025 5640 1335 5708 εἰσαγαγεῖν
1362 5641 1453 5696 τὸν
1482 5641 1673 5712 ἄνδρα,

231 5820 349 5889 (dit
378 5824 439 5881 .\,
472 5820 687 5873 συνετόν
720 5838 775 5873 σι
798 5821 891 5875 καὶ
922 5840 967 5874 ν.
1006 5821 1083 5889 βλ.
1115 5821 1166 5873 ἅ.

1820 4624 2071 4693 negligas,
2103 4641 2164 4680 ac
2196 4643 2253 4681 re
2284 4629 2414 4682 tanti
2445 4632 2702 4684 momenti
2754 4633 3029 4687 dominum
3078 4644 3226 4688 tuum
3280 4636 3389 4703 pri-

1820 4731 1928 4769 ves.
1965 4717 2053 4770 Ille
2084 4728 2259 4772 autem
2288 4720 2351 4771 ad
2383 4736 2501 4773 eum
2534 4723 2665 4774 divit
2696 4741 2709 4775 :
2737 4724 2791 4778 Si
2825 4723 2937 4777 hzec
2970 4725 3038 4776 ita
3063 4740 3120 4777 se
3148 4725 3385 4790 habent,

1818 4821 1884 4859 ne
1921 4807 2048 4859 mihi
2085 4808 2311 4875 lapidein
2358 4811 2611 4865 ostendas
2634 4851 2649 4875 ,
2678 4815 2942 4881 siquidem
2984 4815 3231 4881 plurimis
3264 4830 3387 4880 pec-

1818 4901 1948 4953 catis
1974 4902 2076 4951 vita
2108 4918 2221 4954 mea
2256 4904 2523 4969 inquinata
2555 4914 2665 4966 est,
2699 4921 2760 4957 ac
2806 4915 3061 4973 prmterea
3094 4922 3161 4959 ne
3201 4906 3390 4960 oculos

1818 4990 2027 5056 quidem
2061 4992 2189 5044 satis
2236 5007 2391 5045 sanos
2436 4994 2624 5047 habeo.
2657 4994 2731 5047 De
2768 4994 2865 5049 hac
2910 5007 3086 5049 autem
3131 5011 3189 5050 re
3216 4997 3391 5050 domi-

1822 5097 1944 5133 uutn
1976 5096 2151 5135 tneum
2184 5098 2360 5150 regem
2391 5084 2673 5139 certiorem
2706 5086 2881 5141 facere
2909 5088 3128 5141 minimc
3167 5098 3386 5142 cuncta-

1826 5175 1938 5227 bor.
1972 5174 2082 5227 lloc
2110 5190 2352 5229 sermone
2392 5177 2605 5239 habito,
2638 5177 2705 5230 ad
2809 5178 2950 5246 regis
3048 5177 3217 5231 filium
3300 5178 3389 5233 in-

1822 5280 2059 5333 gressus,
2088 5268 2265 5319 omnia
2296 5267 2344 5320 ei
2380 5267 2650 5336 sigillatim
2696 5271 2962 5335 exposuit.
2996 5268 3085 5321 lile
3115 5279 3291 5321 autem
3335 5280 3392 5321 ut

1826 5358 2171 5425 prteceploris
2201 5360 2358 5412 verba
2382 5360 2617 5423 audivit,
2650 5360 2909 5427 spirituali
2940 5362 3166 5427 quadam
3208 5361 3391 5415 laetitia

1826 5458 1881 5501 et
1923 5448 2193 5519 voluptate
2239 5458 2423 5519 pectus
2468 5464 2622 5503 suum
2668 5448 2839 5502 afflari
2890 5453 3084 5513 sensit;
3137 5465 3200 5504 ac
3248 5454 3392 5503 velut

1834 5540 2051 5596 numine
2120 5551 2429 5611 correptus,
2492 5541 2758 5595 hominem
2819 5541 3065 5597 celeriter
3126 5540 3391 5595 introduci

1822 5630 1995 5699 jussit.
