4180 6458
182 384 273 446 ‘Jul

1270 400 1431 456 \'l'l‘.\
1478 400 1822 457 [HHLAAM
1864 398 1957 456 ΕΤ
1992 398 2340 457 JOASAPII.

3301 406 3406 470 902

184 500 319 570 ἧσο-η
354 518 453 569 μου
480 502 513 571 ἠ
541 502 705 571 ψυχὴ.
740 506 831 556 καὶ
866 506 1083 570 εὔελπις
1107 512 1376 582 ἐγενόμην
1410 516 1497 566 διά
1532 517 1625 568 σοῦ
1652 516 1745 567 τού

1833 508 2192 560 conservabo.
2232 508 2314 561 Tn
2359 524 2490 561 vero
2532 509 2576 562 si
2620 510 2751 578 quid
2796 510 3068 582 ejusmodi
3112 513 3280 577 nosti,
3335 532 3405 571 ne

185 591 517 660 ποθουμένου
567 594 858 665 ἐπιτυχεῖν.
910 599 1005 650 Διά
1050 602 1204 653 τοῦτο
1243 606 1337 655 καὶ
1388 604 1579 656 θάττον
1628 607 1742 656 εἰσ-

191 682 397 749 ήγαγον
425 699 482 735 σε
513 686 651 752 πρὸς
680 704 746 754 με
785 690 879 740 καὶ
904 692 1190 761 προσηνῶς
1234 695 1520 764 ἐδεξάμην,
1553 696 1741 764 ὥσπερ

177 773 300 821 τινὰ
324 772 438 824 τῶν
467 775 709 844 συνήθων
735 794 823 845 μοι
850 782 941 830 καὶ
975 780 1296 849 ἡλικιωτῶν,
1324 784 1479 853 εἴπερ
1511 788 1571 837 ού
1605 786 1739 852 ψευ-

182 861 451 931 σθήσομαι
479 866 579 932 τῆς
606 867 839 929 ἐλπίδος.
879 870 987 921 Καὶ
1024 874 1052 921 ὀ
1080 873 1342 944 Βαρλαὰμ
1370 876 1472 943 ἔφη
1495 894 1506 904 ·
1547 877 1741 940 Καλῶς

178 953 444 1023 ἐποίησας
486 958 642 1009 τοῦτο
682 961 776 1011 καὶ
824 961 927 1031 ﬁl
961 964 1126 1026 ἀξίως
1160 967 1255 1034 τῆς
1307 967 1405 1034 σῆς
1452 969 1737 1037 βασιλικῆς

183 1049 676 1118 μεγαλοπρεπείας,
729 1054 809 1106 ὅτι
856 1058 929 1125 μὴ
969 1059 1033 1125 τῇ
1084 1060 1381 1129 φαινομένῃ
1440 1063 1740 1131 προσέσχες

179 1138 448 1208 εὐτελείᾳ,
470 1141 605 1194 ἀλλὰ
628 1144 724 1209 τῆς
751 1146 1142 1215 κεκρυμμένης
1172 1150 1359 1214 ἐγένου
1385 1150 1617 1212 ἐλπίδος.

176 1234 324 1288 Dixit
358 1248 542 1292 autent
590 1241 836 1294 Barlaam
877 1258 889 1292 :

1830 613 2017 665 qua-so
2042 599 2095 651 id
2115 600 2366 661 reticeas,
2391 616 2582 651 verum
2606 602 2739 653 mihi
2757 618 2965 656 narres.
2985 602 3405 672 Quamprimum

1830 689 1977 741 enim
2003 704 2033 740 e
2066 691 2361 758 longinqua
2389 692 2610 758 regione
2639 701 2691 744 te
2730 693 2942 747 venisse
2986 695 3196 757 audivi,
3234 696 3406 748 animi

1832 781 2115 849 voluptate
2158 782 2391 836 affectus
2420 800 2565 846 sum,
2594 796 2759 852 atque
2786 785 2840 836 in
2871 786 3067 837 bonam
3099 801 3250 853 spem
3280 786 3407 839 veni

1833 874 1949 926 fore
1976 884 2034 926 ut
2074 891 2239 942 Opera
2267 884 2358 927 tua
2404 876 2455 928 id
2500 876 2645 944 quod
2680 877 2971 945 cupiebam
3011 893 3405 945 consequerer.

1835 966 2021 1034 quue
2061 968 2285 1019 nomine
2311 968 2497 1020 statim
2528 977 2577 1019 te
2603 968 2669 1019 ad
2694 984 2779 1020 me
2815 967 3123 1025 introduxi.
3148 968 3411 1020 comiter-

1834 1073 1941 1126 que
1972 1059 2603 1125 tanquamfamiliarium
2638 1076 2886 1112 meorum
2910 1068 2965 1111 et
2989 1060 3283 1127 :L-qualium
3314 1059 3413 1112 ali-

1836 1166 1998 1217 quem
2023 1152 2233 1218 execpi.
2260 1151 2437 1219 Atque
2463 1152 2670 1203 utinam
2702 1168 2796 1220 spe
2822 1168 2939 1205 mea
2974 1153 3199 1205 minime
3221 1150 3407 1204 fallar!

937 1242 1228 1302 Prteclare,
1264 1251 1429 1309 atque
1485 1253 1545 1295 ut
1591 1246 1734 1311 regia
1775 1249 2180 1315 magnificentia
2218 1248 2444 1314 dignum
2496 1258 2635 1309 crat,
2693 1249 2793 1300 hoe
2836 1248 3034 1309 fecisti,
3082 1257 3143 1300 ut
3184 1261 3295 1300 non
3342 1243 3413 1298 ad

175 1338 419 1383 externa}
454 1334 689 1386 vilitatis
742 1335 981 1402 Speciem
1032 1335 1277 1386 animum
1331 1335 1621 1403 adjiceres,
1670 1353 1864 1391 verum
1911 1342 2177 1392 abstrusa:
2229 1340 2346 1407 spei
2391 1338 2626 1407 teipsum
2677 1340 2941 1393 traderes.

252 1426 358 1481 ἿΙν
386 1431 491 1498 γάρ
519 1432 627 1497 (87)
662 1449 745 1492 τις
772 1431 1023 1499 βασιλεὺς
1056 1431 1229 1498 μέγας
1262 1432 1353 1483 καὶ
1392 1430 1619 1492 ἔνδοξος,
1645 1426 1740 1479 καὶ

180 1520 419 1587 ἐγένετο,
438 1519 783 1587 διερχομένου
802 1520 966 1571 αὑτοῦ
995 1521 1081 1588 ἐφ’
1106 1522 1350 1589 ἅρματος
1370 1518 1737 1588 χρυσοκολλή-

176 1628 275 1661 του
317 1610 409 1660 καὶ
461 1609 555 1677 τῆς
587 1612 696 1675 (88)
757 1610 972 1677 βασιλεῖ
1018 1612 1335 1679 πρεπούσης
1394 1611 1735 1682 δορυφορίας,

180 1701 493 1768 ὑπαντῆσαι
530 1700 624 1751 δύο
668 1701 887 1769 ἄνδρας,
922 1703 1257 1772 διερρωγότα
1288 1703 1386 1772 μὲν
1432 1699 1739 1771 ἠμφιεσμέ-

1916 1426 2041 1478 Erat
2068 1425 2208 1477 enim
2255 1427 2537 1492 aliquando
2570 1442 2789 1495 magnus
2834 1427 3045 1493 quidam
3091 1436 3147 1481 et
3190 1429 3409 1481 illustris

1845 1532 1937 1569 rex
1957 1557 1972 1579 ,
2001 1517 2085 1568 cui
2104 1555 2119 1578 ,
2149 1530 2268 1568 cum
2313 1518 2364 1567 in
2408 1532 2571 1570 aureo
2599 1532 2757 1570 curru
2779 1557 2793 1579 ,
2820 1519 3107 1573 satellitum
3139 1535 3294 1573 tnanu
3321 1538 3409 1574 re-

1845 1608 1947 1673 gia:
1990 1606 2251 1673 majestati
2281 1607 2437 1674 digna
2481 1610 2684 1659 cinctus
2722 1607 2821 1660 iter
2850 1608 3076 1670 faceret,
3105 1610 3325 1678 contigit
3352 1621 3408 1663 ut

1846 1699 1981 1751 duos
2014 1700 2174 1760 viros,
2219 1698 2405 1750 laceris
2450 1712 2510 1749 ac
2558 1698 2786 1751 sordidis
2830 1700 3086 1764 vestibus,
3117 1711 3275 1768 atque
3316 1716 3415 1755 oro

176 1807 305 1851 νους
330 1790 421 1840 καὶ
456 1793 815 1857 ῥερυπωμένα
845 1793 979 1859 (89),
1014 1792 1370 1861 ἑκτετηκότας
1387 1792 1441 1843 δὲ
1469 1792 1536 1841 τά
1570 1789 1738 1859 προσ·

1849 1792 2021 1845 macie
2048 1789 2314 1853 confecto,
2343 1804 2405 1843 ac
2450 1790 2701 1857 majorem
2731 1794 2783 1843 in
2812 1791 3025 1844 modum
3067 1792 3283 1860 pallido,
3312 1796 3410 1845 ob-

177 1898 308 1932 ωπα
370 1882 460 1931 καὶ
520 1880 640 1932 λίαν
680 1882 1170 1951 κατωχριωμένους
1195 1900 1209 1911 ⁸
1245 1878 1311 1952 ἦν
1359 1883 1415 1934 δὲ
1458 1880 1739 1948 γινώσκων

177 1973 407 2032 τούτους
430 1973 457 2023 ὁ
486 1972 734 2040 βασιλεὺς
762 1974 840 2039 τῷ
866 1973 1216 2043 ύπωπιασμῷ
1247 1973 1340 2025 τοῦ
1372 1972 1621 2041 σώματος
1646 1974 1741 2025 καὶ

176 2068 294 2125 τοῖς
326 2063 420 2131 τῆς
455 2064 738 2131 ἀσκήσεως
782 2064 967 2132 ἱδρῶσι
1006 2066 1067 2117 τὸ
1105 2067 1328 2135 σαρκίον
1373 2066 1739 2133 ἐκδεδαπανη-

179 2158 369 2217 κὸτας.
413 2155 498 2217 Ὠς
519 2152 609 2207 οὗν
636 2152 773 2205 εἶδεν
804 2156 1022 2219 αὐτοὺς,
1050 2157 1439 2226 καταπηδήσας
1457 2158 1615 2219 εὐθὺς
1646 2154 1740 2206 τοῦ

178 2245 429 2315 ἅρματος
456 2247 549 2296 καὶ
582 2248 671 2295 ἐπὶ
698 2245 794 2313 τὴν
840 2246 943 2314 γῆν
984 2246 1187 2308 πεσὼν,
1226 2248 1619 2316 προσεκύνησε,
1651 2246 1745 2297 καὶ

179 2337 421 2397 ἀναστάς
484 2336 824 2407 περιεπλάκη
889 2338 1071 2400 αὐτοῖς
1125 2338 1561 2407 προσφιλέστατα
1620 2354 1746 2390 κατ-

186 2427 590 2496 ασπαζόμενος.
625 2431 684 2479 ΟΞ
727 2429 781 2479 δὲ
813 2433 1134 2497 μεγιστᾶνες
1164 2431 1327 2482 αὑτοῦ
1365 2432 1458 2483 καὶ
1491 2430 1745 2498 ἄρχοντες

180 2519 551 2588 ἐδυσχέραναν
583 2522 673 2571 ἐπὶ
698 2523 892 2590 τούτῳ,
927 2522 1123 2585 ἀνάξια
1139 2524 1236 2591 τῆς
1278 2524 1560 2592 βασιλικῆς
1588 2523 1745 2592 δόξης

184 2613 546 2679 πεποιηκέναι
606 2614 765 2664 αὑτὸν
819 2615 1164 2683 νομίζοντες·
1209 2617 1284 2686 μὴ
1328 2618 1631 2685 τολμῶντες
1691 2617 1747 2667 δὲ

184 2702 332 2754 κατὰ
370 2704 656 2772 πρόσωπον
704 2705 968 2771 ἐλέγχειν,
1017 2707 1109 2757 τὸν
1139 2710 1359 2777 γνήσιον
1390 2708 1556 2759 αὕτοῦ
1592 2709 1746 2759 ἀδελ-

184 2792 289 2860 φὸν
316 2794 495 2860 ἔλεγον
520 2795 745 2863 λαλῆσαι
772 2797 848 2864 τῷ
880 2797 1087 2865 βασιλεῖ
1135 2800 1208 2867 μὴ
1245 2799 1305 2851 τὸ
1328 2799 1460 2866 ὕψος
1498 2799 1591 2850 τοῦ
1631 2799 1748 2850 δια-

182 2883 426 2950 δήματος
450 2886 645 2935 οὑτωσὶ
673 2886 1046 2955 καθυϐρίζειν.
1075 2889 1183 2940 Τοῦ
1214 2889 1270 2940 δὲ
1296 2890 1546 2951 εἰπόντος
1579 2889 1749 2941 ταῦτα

182 2976 267 3043 τῷ
300 2975 510 3045 ἀδελφῷ
558 2978 645 3027 καὶ
676 2979 1175 3048 καταμεμψαμένου
1204 2981 1302 3050 τὴν
1327 2981 1552 3050 ἄκαιρον
1584 2979 1749 3032 αὑτοῦ

184 3068 595 3135 σμικρολογίαν,
628 3070 858 3122 δέδωκεν
894 3071 1041 3140 αύτῷ
1090 3073 1381 3142 ἀπόκρισιν
1414 3077 1441 3126 ὀ
1472 3073 1745 3142 βασιλεὺς,

183 3155 258 3225 ἦν
293 3157 349 3206 ού
390 3158 617 3225 συνῆκεν
650 3160 678 3209 ὁ
704 3158 928 3225 ἀδελφὸς
954 3158 1136 3213 αὐτοῦ.

267 3331 427 3393 ἘΟος
464 3334 573 3402 γάρ
602 3329 669 3402 ἦν
710 3336 903 3404 ἐκείνῳ
936 3335 1015 3405 τῷ
1064 3336 1293 3406 βασιλεῖ,
1326 3339 1453 3393 ὃταν
1478 3338 1750 3406 ἀπόφασιν

183 3418 421 3473 θανάτου
459 3424 599 3474 κατά
625 3440 770 3484 τινος
813 3424 1005 3487 ἐδίδου,
1041 3426 1257 3494 κήρυκα
1305 3428 1386 3488 εἰς
1434 3426 1533 3496 τὴν
1582 3428 1745 3478 αὐτοῦ

182 3510 362 3579 Θύραν
389 3512 737 3563 ἀποστέλλειν
789 3514 925 3582 μετά
961 3516 1260 3583 σάλπιγγος
1310 3515 1646 3586 τεταγμένης
1672 3516 1750 3577 εἰς

182 3602 348 3654 τοῦτο
368 3618 381 3631 ⁸
416 3603 509 3653 καὶ
531 3607 597 3672 τῇ
631 3610 779 3674 (ξωνῇ
822 3606 920 3674 τῆς
956 3606 1255 3671 σάλπιγγος
1284 3607 1497 3674 ἐκείνης
1526 3605 1752 3676 ⁴ᾔσθοντο

187 3694 392 3751 πάντες
424 3693 650 3745 Θανάτου
690 3696 871 3765 ἔνοχον
902 3697 1107 3747 ἐκεῖνον
1147 3697 1431 3765 ὑπάρχειν.
1482 3697 1752 3767 Ἐσπέρας

189 3782 300 3853 42
337 3780 429 3834 οὖν
467 3786 911 3854 καταλαϐούσης,
958 3786 1276 3837 ἀπέστειλεν
1311 3789 1337 3837 ὁ
1371 3786 1622 3854 βασιλεὺς
1651 3786 1752 3853 τὴν

189 3878 473 3943 σάλπιγγα
523 3877 615 3928 τοῦ
652 3878 880 3930 Θανάτου
920 3877 1200 3939 σαλπίζειν
1233 3879 1326 3929 ἐπὶ
1368 3882 1434 3947 τῇ
1472 3878 1611 3948 θύρᾳ
1659 3877 1752 3929 τού

184 3967 338 4016 οἴκου
368 3965 459 4016 τοῦ
506 3967 735 4033 ἀδελφοῦ
774 3968 961 4019 αὑτοῦ.
1014 3969 1101 4029 Ὠς
1138 3964 1228 4019 οὖν
1266 3969 1497 4037 ἤκουσεν
1545 3970 1752 4031 ἐκεῖνος

184 4057 287 4125 τὴν
322 4056 595 4123 σάλπιγγα
634 4057 726 4109 τοῦ
758 4057 1011 4121 θανάτου,
1041 4058 1263 4125 ἀπέγνω
1286 4058 1383 4126 τῆς
1419 4058 1608 4109 ἑαυτοῦ
1642 4076 1751 4109 σω·-

182 4148 385 4215 τηρίας
416 4148 507 4200 καὶ
534 4148 737 4201 διέθετο
765 4151 833 4202 τά
869 4150 988 4201 κατ’
1036 4150 1201 4200 αὑτὸν
1254 4150 1383 4218 ὅλην
1414 4149 1511 4218 τὴν
1542 4149 1711 4201 νύκτα
1731 4166 1744 4178 ·

182 4236 306 4305 ἅμα
319 4237 372 4287 δὲ
391 4237 553 4306 πρωῒ,
573 4240 991 4307 ἀμφιασάμενος
1011 4240 1213 4308 μέλανα
1232 4240 1325 4291 καὶ
1346 4240 1593 4309 πενθήρη
1617 4240 1748 4308 (90),

186 4327 332 4396 μετὰ
370 4328 622 4391 γυναικὸς
653 4329 744 4380 καὶ
769 4329 972 4380 τέκνων
1002 4328 1300 4397 ἀπέρχεται
1346 4330 1425 4389 είς
1450 4328 1547 4397 τὴν
1584 4328 1752 4395 Ούραν

182 4417 286 4470 τοῦ
318 4417 576 4470 παλατὶου
606 4419 804 4470 κλαίων
834 4419 928 4471 καὶ
957 4419 1299 4488 ὀδυρόμενος.
1342 4420 1664 4486 Εἰσαγαγὼν
1696 4420 1752 4471 δὲ

1853 1885 1969 1935 vios
2015 1881 2257 1934 haberet.
2304 1880 2435 1948 Regi
2469 1895 2627 1949 porro
2664 1883 2990 1950 exploratum
3018 1892 3132 1936 erat
3158 1898 3252 1937 eos
3291 1899 3411 1937 cor-

1848 1972 1997 2041 poris
2026 1970 2368 2024 afflictatione
2392 1986 2453 2024 ac
2481 1972 2604 2025 vitae
2642 1972 2753 2026 Deo
2792 1984 3113 2029 consecrata:
3141 1975 3411 2030 laboribus

1849 2078 2037 2117 carnes
2075 2078 2198 2117 suas
2238 2063 2310 2116 ita
2357 2064 2664 2118 confecisse.
2715 2064 2781 2118 Ut
2829 2066 2986 2134 igitur
3029 2082 3124 2121 eos
3172 2069 3334 2133 vidit,
3379 2088 3411 2123 θ

1851 2171 2010 2209 curru
2053 2155 2231 2209 statim
2278 2154 2554 2219 desiliens,
2586 2166 2744 2225 atque
2784 2156 2927 2211 humi
2972 2169 3285 2227 prostratus,
3314 2178 3409 2215 eos

1849 2249 2118 2314 adoravit;
2149 2264 2211 2302 ac
2236 2250 2430 2303 deinde
2474 2266 2715 2317 surgens,
2744 2252 3062 2308 amicissime
3102 2257 3412 2323 complexus

1848 2351 1959 2403 est,
1992 2350 2045 2393 et
2073 2341 2340 2392 salutavit.
2385 2340 2638 2394 Proceres
2672 2352 2849 2395 autem
2894 2345 3061 2411 ipsius
3088 2360 3150 2398 ac
3180 2347 3412 2413 pra-fecti

1852 2432 1955 2485 hoc
2000 2432 2227 2484 moleste
2267 2433 2528 2494 tulerunt,
2556 2448 2675 2485 eum
2710 2434 2911 2487 facinus
2940 2436 3082 2501 regia
3119 2437 3288 2503 gloria
3337 2440 3417 2490 in-

1850 2522 2066 2590 dignum
2108 2522 2382 2576 admisi~se
2423 2525 2809 2579 existimantes.
2843 2524 3035 2578 Verum
3064 2540 3184 2580 cum
3232 2543 3414 2581 coram

1852 2613 2024 2680 ipsum
2055 2613 2447 2680 reprehendere
2473 2615 2691 2668 minime
2716 2616 2990 2679 auderent,
3013 2632 3133 2670 cum
3161 2632 3418 2687 germano

1859 2707 2023 2772 ipsius
2065 2705 2225 2758 fratre
2255 2704 2507 2771 agebant,
2540 2713 2595 2757 nt
2624 2720 2798 2772 regem
2840 2706 3181 2774 admoneret,
3212 2724 3281 2763 ne
3308 2710 3421 2764 dia-

1852 2795 2081 2848 dematis
2108 2795 2506 2862 amplitudinem
2530 2806 2578 2847 et
2612 2796 2989 2849 sublimitatem
3012 2800 3079 2849 ad
3124 2799 3265 2854 hunc
3306 2816 3425 2852 ttio-

1854 2886 1979 2939 dntn
2020 2885 2282 2939 dedecore
2310 2900 2371 2938 ac
2410 2887 2727 2938 Contumelia
2773 2886 3022 2941 alliceret.
3066 2889 3196 2942 Cum
3244 2892 3423 2959 itaque

1855 2993 1969 3044 ipse
2024 2977 2137 3030 haec
2186 2975 2335 3029 fratri
2383 2975 2637 3039 dixisset,
2686 2986 2843 3044 atque
2895 2978 3316 3046 intempestivam
3360 2989 3416 3031 et

1854 3071 2229 3133 pmposteram
2260 3064 2423 3127 ipsius
2453 3061 2797 3111 humilitatem
2829 3073 3162 3125 accusasset,
3194 3077 3416 3127 respon-

1776 3160 1823 3221 ς
1856 3166 1970 3203 sum
2012 3152 2107 3219 ipsi
2148 3167 2239 3205 rex
2284 3151 2457 3217 dedit,
2488 3150 2625 3218 quod
2665 3163 2694 3201 a
2739 3151 2901 3204 fratre
2948 3152 3163 3206 minime
3209 3153 3414 3206 intelle-

1854 3250 1996 3293 ctum
2026 3249 2125 3293 est.

1928 3330 2037 3382 Mos
2062 3330 2203 3382 enim
2231 3331 2337 3397 regi
2373 3338 2489 3383 erat
2517 3339 2572 3382 ut
2613 3344 2732 3382 cum
2762 3331 2989 3398 aliquem
3018 3342 3189 3385 morte
3216 3334 3412 3388 multa-

1853 3428 1962 3480 ret,
1994 3434 2286 3487 prteeonem
2310 3436 2428 3473 cum
2462 3422 2604 3485 tuba,
2629 3437 2746 3489 qua:
2772 3422 2980 3489 quidem
3004 3423 3188 3476 mortis
3215 3424 3413 3478 idcirco

1851 3508 2143 3574 dicebatur,
2173 3513 2237 3563 ad
2281 3512 2443 3579 ipsius
2483 3513 2621 3566 lurcs
2672 3514 2931 3579 mitteret,
2960 3525 3118 3583 atque
3162 3529 3229 3569 ex
3274 3517 3413 3571 Inlita

1851 3602 1990 3655 illius
2018 3605 2263 3670 clangore
2302 3618 2485 3656 omnes
2515 3604 2565 3657 ei
2610 3604 2939 3657 moriendum
2986 3618 3105 3658 esse
3146 3606 3410 3674 intellige-

1849 3692 1995 3747 bant.
2029 3693 2207 3760 Itaque
2235 3710 2352 3747 cum
2385 3696 2810 3762 advesperasset,
2853 3697 3100 3751 lethaletn
3139 3699 3315 3751 tubam
3343 3700 3409 3752 ad

1849 3784 2027 3835 fratris
2061 3788 2138 3836 sui
2185 3787 2325 3837 fores
2356 3787 2656 3854 clangorem
2705 3787 2962 3839 edituram
3004 3802 3093 3839 rex
3144 3789 3305 3840 misit.
3346 3788 3412 3841 Ut

1849 3876 2005 3943 igitur
2030 3876 2118 3928 ille
2164 3874 2300 3927 hanc
2330 3876 2506 3928 tubam
2536 3876 2765 3939 audivit,
2797 3877 3072 3943 desperata
3103 3881 3272 3931 salute
3318 3893 3412 3943 [Irl'

1847 3975 2008 4018 totam
2126 3974 2338 4015 noctem
2438 3966 2745 4019 domesticis
2766 3969 2924 4021 rebus
2945 3968 3229 4021 consuluit.
3257 3969 3409 4021 Mane

1846 4065 2017 4108 autem
2061 4064 2174 4108 atra
2218 4071 2278 4109 ac
2325 4058 2529 4118 lugubri
2571 4068 2716 4112 veste
2749 4061 2981 4121 indutus,
3008 4075 3127 4113 eum
3161 4077 3410 4113 uxorem:

1847 4148 2020 4199 liberis
2047 4147 2112 4198 ad
2156 4148 2329 4214 palatii
2364 4149 2501 4199 fores
2545 4149 2677 4202 flens
2716 4164 2779 4202 ac
2810 4152 3102 4204 lamentans
3142 4151 3407 4217 profectus

1843 4248 1942 4289 est.
1971 4237 2101 4290 Cum
2132 4247 2304 4289 autem
2339 4254 2428 4292 ret
2462 4240 2630 4306 ipsum
2678 4241 2742 4293 ad
2789 4255 2849 4293 se
2886 4242 3219 4304 admisisset,
3250 4251 3410 4308 atque

1843 4328 1912 4381 ita
1952 4330 2235 4395 ejnlantem
2267 4331 2516 4394 vidisset,
2548 4330 2627 4384 his
2658 4332 2834 4385 verbis
2864 4348 2991 4385 usus
3020 4340 3137 4386 est:
3174 4332 3218 4385 Ο
3246 4336 3408 4386 stulto

1843 4434 1903 4473 ac
1930 4420 2163 4484 demens,
2198 4422 2241 4472 si
2290 4422 2467 4474 fratris
2497 4423 2603 4484 tui,
2635 4437 2753 4475 cum
2784 4440 2892 4490 quo
2923 4424 3062 4477 idem
3105 4425 3198 4478 tilii
3242 4440 3411 4492 genus

184 4507 355 4558 αὑτὸν
380 4510 407 4560 ὁ
430 4508 697 4576 βασιλεὺς,
723 4510 815 4559 καὶ
839 4507 1010 4570 οὕτως
1030 4508 1149 4559 ἰδὼν
1169 4508 1584 4578 ὀλοφυρόμενον,
1616 4510 1740 4579 ἔφη·

1843 4520 1893 4564 et
1924 4526 2020 4580 par
2050 4512 2215 4564 honor
2256 4521 2370 4576 est,
2406 4516 2457 4564 in
2488 4528 2644 4579 quem
2690 4513 2886 4565 nullius
2926 4516 3145 4567 omnino
3189 4516 3409 4568 sceleris

182 4595 261 4651 Ὦ
294 4600 517 4653 ἀσύνετε
546 4602 638 4653 καὶ
670 4602 861 4670 ἄφρον,
894 4604 941 4653 εἰ
992 4603 1055 4653 σὺ
1091 4603 1262 4663 οὕτως
1305 4602 1608 4665 ἐδειλίασας
1662 4603 1752 4655 τὸν

182 4692 407 4760 κήρυκα
450 4691 545 4744 τοῦ
566 4692 825 4759 ὁμοτίμου
879 4708 972 4742 σου
1024 4690 1275 4758 ἀδελφοῦ,
1334 4694 1467 4761 πρὸς
1496 4694 1554 4745 ὃν
1600 4694 1752 4746 οὐδὲν

181 4779 331 4839 ὅλως
388 4780 578 4831 ἑαυτὸν
643 4778 1018 4849 ἡμαρτηκέναι
1077 4780 1389 4847 γινώσκεις,
1461 4782 1582 4843 πῶς
1626 4783 1751 4851 ἐμοὶ

187 4867 401 4939 μέμψιν
432 4872 705 4939 ἐπήγαγες
758 4872 815 4921 ἐν
858 4870 1186 4923 ταπεινώσει
1220 4873 1593 4943 ἀσπασαμένη)
1625 4876 1750 4936 τοὺς

184 4960 443 5029 κήρυκας
470 4959 565 5011 τοῦ
590 4959 723 5011 Θεοῦ
756 4977 879 5029 μου,
910 4960 1034 5023 τοὺς
1059 4961 1416 5032 εύηχέστερον
1451 4964 1750 5031 σάλπιγγος

184 5049 500 5119 μηνύοντάς
563 5067 653 5119 μοι
691 5049 782 5101 τὸν
831 5049 1059 5102 θάνατον
1108 5054 1201 5104 καὶ
1243 5052 1341 5121 τὴν
1379 5054 1615 5123 φοϐεράν
1657 5054 1751 5106 τοῦ

179 5139 461 5193 Δεσπότου
489 5140 809 5208 ὑπάντησιν,
842 5132 887 5207 ᾧ
918 5140 1088 5194 πολλὰ
1118 5142 1211 5195 καὶ
1252 5144 1466 5212 μεγάλα
1517 5146 1754 5214 ἐμαυτὸν

181 5231 569 5302 ἡμαρτηκέναι
608 5232 940 5300 ἐπίσταμαι;
973 5232 1104 5284 Ἰδοὺ
1133 5233 1313 5286 τοίνυν
1346 5234 1445 5303 τὴν
1475 5235 1573 5303 σὴν
1601 5235 1757 5301 ἐλέγ-

178 5340 303 5394 χων
334 5323 517 5375 ἄνοιαν
545 5322 719 5391 τούτῳ
764 5322 829 5392 δὴ
852 5321 930 5392 τῷ
967 5323 1152 5393 τρόπῳ
1194 5326 1536 5395 ἐχρησάμην,
1568 5324 1756 5397 ὥσπερ

1843 4602 1933 4652 tibi
1972 4601 2215 4654 conscius
2239 4614 2320 4665 es,
2368 4616 2660 4668 pra-cenem
2703 4602 2771 4654 ita
2815 4604 3140 4665 extimuisti;
3172 4619 3404 4671 quonam

1844 4690 2003 4741 modo
2032 4690 2161 4741 mihi
2209 4692 2636 4757 reprehensionis
2676 4704 2851 4743 notam
2902 4693 3100 4745 idcirco
3143 4694 3409 4758 inussisti,

1844 4781 1979 4847 quod
2025 4780 2113 4833 Dei
2146 4781 2248 4834 mei
2288 4797 2576 4849 przeeones,
2610 4784 2699 4850 qui
2732 4792 2991 4847 mortem,
3022 4797 3085 4835 ac
3124 4784 3325 4837 Domini
3358 4788 3410 4838 in

1844 4884 1997 4937 quem
2030 4885 2114 4921 me
2162 4874 2320 4923 multa
2352 4882 2402 4923 et
2442 4871 2621 4940 gravia
2666 4875 2866 4927 scelera
2919 4882 3253 4939 perpetrasse
3296 4877 3409 4927 scio

1844 4960 2314 5026 pertimescuidum
2343 4960 2625 5011 adventum
2654 4960 2779 5012 mihi
2809 4962 2995 5028 quavis
3026 4962 3145 5014 tuba
3172 4963 3409 5015 vocalius

1844 5048 2095 5114 altiusque
2114 5048 2443 5111 denuntiant,
2470 5049 2741 5102 humiliter
2761 5065 2820 5103 ac
2843 5051 3075 5105 demisse
3102 5052 3411 5105 salutarim?

1844 5138 1918 5193 En
1951 5138 2101 5205 igitur
2141 5147 2195 5191 ut
2238 5148 2377 5190 tuam
2419 5139 2740 5192 dementiam
2784 5154 3160 5206 coarguerem,
3197 5141 3293 5194 hac
3326 5158 3411 5195 ra-

1846 5231 1985 5283 tione
2028 5243 2154 5281 usus
2201 5243 2315 5281 sum
2341 5269 2354 5289 ,
2386 5229 2825 5296 quemadmodum
2856 5232 3015 5283 etiam
3058 5245 3151 5285 eos
3182 5232 3269 5300 qui
3313 5233 3404 5286 tibi

1847 5331 1902 5373 ut
1934 5335 2018 5372 me
2045 5319 2483 5386 reprehenderes,
2512 5319 2562 5371 in
2590 5319 2823 5372 animum
2857 5320 3204 5385 induxerunt,
3233 5322 3411 5377 statim

260 5480 373 5554 (εἴ.)
404 5479 620 5554 l_._emma
648 5480 928 5554 metricum
965 5481 1016 5554 in
1057 5482 1242 5536 codice
1269 5484 1314 5535 A
1353 5498 1365 5533 :
1399 5482 1682 5554 Παραὸολὴ
1713 5502 1752 5535 π

1833 5500 1903 5554 ητη
1933 5500 1994 5551 γε
2023 5483 2162 5552 αὔτη
2197 5482 2471 5552 τυγχάνει.

260 5552 376 5619 (88)
407 5549 609 5619 Forsan
638 5550 733 5601 καὶ
764 5548 1046 5619 μετάίτῆς.

260 5618 375 5686 (89)
403 5617 474 5688 [le
508 5619 608 5688 hac
648 5619 868 5688 perfecti
903 5617 1093 5681 forma,
1132 5629 1169 5674 ι.
1211 5621 1295 5684 ΙΙΙ,
1322 5636 1374 5686 p.
1410 5624 1534 5677 459.
1560 5623 1642 5676 Cf.
1671 5624 1828 5675 modo
1860 5639 1910 5688 β.
1944 5625 2034 5687 38,
2072 5624 2159 5677 19.

260 5688 376 5764 (ῼρ)
401 5685 468 5764 ς,
501 5685 731 5764 μελανάἶ
764 5687 835 5740 De
858 5690 1120 5756 adjective
1154 5685 1379 5764 μελανδς
1410 5705 1447 5764 t.
1480 5694 1563 5756 Ill,
1598 5710 1648 5760 ι).
1684 5693 1751 5744 15

1834 5685 2132 5762 llc~yeliins
2182 5710 2193 5743 :
2225 5694 2479 5764 περκνὸν,
2528 5692 2773 5763 μελανόν.
2811 5694 2874 5759 C,
2911 5692 3063 5748 πενο.
3099 5693 3315 5764 ἱμάτια,
3368 5701 3419 5747 ω

181 5773 246 5828 p.
276 5756 365 5821 41,
403 5757 455 5821 7,
491 5762 607 5828 ρερ.
642 5757 830 5827 ἱμάτια
865 5773 878 5787 ’
906 5774 1010 5827 quo
1049 5756 1262 5815 nomine
1302 5763 1456 5817 facile
1487 5756 1752 5819 carebimu

1842 5766 1921 5817 ει.
1944 5756 2075 5831 ἰωις.
2112 5764 2195 5817 43.
