4180 6458
180 461 278 523 νυδ

1246 437 1421 496 VlTA
1464 430 1810 492 BABLAAM
1858 428 1947 488 ET
1985 394 2331 488 J'oasspn.

3291 444 3392 505 9ού

174 557 324 614 εἶπεν
358 556 489 627 (99.)-
530 556 591 607 Et
624 554 716 605 τόν
758 552 890 621 ἐμὸν
922 550 1098 619 βούλει
1144 548 1423 617 Δεσπότην
1462 546 1672 617 μαθεῖν,
1709 547 1735 598 6

1851 550 2116 615 Rarlaam,
2149 550 2315 603 dixit:
2348 552 2403 603 Si
2448 552 2684 617 quisnam
2734 552 2986 606 Dominus
3015 567 3162 606 meus
3202 555 3267 609 sit
3314 554 3399 607 in-

174 649 373 721 Ktipté;
404 649 549 699 ἐστιν
596 642 800 713 Ἰησοῦς
819 642 1073 713 Χριστὸς,
1106 642 1133 693 6
1159 639 1454 708 μονογενὴς
1493 637 1622 698 Υἱὸς
1639 634 1732 688 τοῦ

170 742 326 804 Θεοῦ,
368 743 395 793 6
431 736 700 809 μακάριος
740 734 837 788 καὶ
869 735 1033 803 μόνος
1081 732 1374 802 δυνάστης,
1414 732 1442 783 ὁ
1471 730 1736 790 Βασιλεὺς

170 832 277 884 τῶν
311 830 698 901 βασιλευόντων
752 827 846 879 καὶ
878 826 1079 893 Κύριος
1133 823 1242 876 τῶν
1285 824 1671 890 κυριευόντων,
1707 824 1736 874 6

177 924 333 992 μόνος
362 923 497 990 ἔχων
536 918 857 983 ἀθανασίαν,
902 916 1016 984 φῶς
1059 916 1223 969 οἰκῶν
1273 916 1569 986 ἀπρόσιτον
1595 915 1730 985 (95),

171 1018 200 1067 6
231 1016 324 1066 σὺν
365 1014 538 1079 Πατρὶ
581 1013 675 1063 καὶ
704 1010 843 1079 ἁγίῳ
890 1009 1163 1078 Πνεύματι
1190 1005 1563 1077 δοξαζόμενος.
1622 1009 1735 1060 Οὐκ

172 1103 289 1173 εἰμὶ
311 1104 417 1170 γάρ
439 1102 550 1170 ἐγὼ
572 1102 679 1154 τῶν
706 1102 832 1162 τοὺς
849 1100 1073 1162 πολλοὺς
1094 1098 1316 1163 τούτους
1350 1100 1445 1153 καὶ
1465 1100 1736 1163 ἀτάκτους

172 1193 611 1262 ἀναγορευόντων
636 1191 813 1255 θεοὺς,
841 1191 1018 1243 καὶτὰ
1043 1190 1224 1260 ἄψυχα
1245 1189 1417 1243 ταῦτα
1450 1192 1543 1243 καὶ
1577 1192 1736 1257 κωφὰ

175 1282 481 1352 σεϐομένων
515 1283 739 1336 εἴδωλον
773 1282 887 1335 ἀλλ’
911 1282 1005 1334 ἕνα
1038 1281 1168 1333 Θεὸν
1200 1281 1454 1350 γινώσκω
1482 1283 1576 1335 καὶ
1599 1286 1733 1351 όμο-

170 1375 316 1441 λογῶ
472 1377 527 1426 ἐν
573 1375 749 1443 τρισὶν
780 1375 1108 1426 ὑποστάσεσι
1134 1373 1510 1444 δοξαζόμενον,
1563 1375 1737 1445 Πατρί

172 1484 339 1536 φημι,
376 1470 467 1520 καὶ
498 1467 630 1537 Tit},
664 1468 757 1519 καὶ
791 1469 929 1536 ἁγίῳ
955 1467 1249 1535 Πνεύματι,
1279 1467 1336 1518 ὲν
1367 1469 1463 1538 μιᾷ
1491 1469 1545 1520 δὲ
1577 1467 1738 1535 φύσει

172 1562 267 1612 καὶ
300 1560 474 1630 οὐσίᾳ,
502 1561 558 1611 ἐν
592 1552 687 1629 μιᾷ
715 1560 839 1628 δόξῃ
878 1560 970 1611 καὶ
1000 1558 1247 1629 βασιλείᾳ
1276 1560 1349 1629 μὴ
1377 1561 1733 1632 μεριζομένῃ.

220 1648 245 1667 τ
323 1673 341 1681 _
396 1650 419 1681 ν
825 1652 836 1667 .
1006 1654 1014 1664 ,
1066 1670 1083 1679 _
1228 1647 1255 1665 ν
1360 1671 1377 1680 _
1511 1656 1529 1667 μ

172 1657 339 1715 Uti—.0,
364 1670 453 1705 ουν
477 1655 503 1705 6
534 1655 590 1704 ὲν
612 1654 786 1723 τρισὶν
816 1669 1176 1706 υποστασισιν
1201 1670 1279 1712 εις
1311 1653 1464 1717 Θεὸς,
1501 1656 1736 1724 αναρχός

168 1763 231 1798 τε
256 1747 347 1797 καὶ
371 1745 739 1813 ἀτελεύτητος,
766 1744 986 1809 αἰώνιός
1013 1762 1073 1796 τε
1105 1746 1199 1798 καὶ
1230 1745 1420 1809 ἀΐδιος,
1458 1746 1733 1814 ἅκτιστος,

169 1837 438 1906 ἄτρεπτός
460 1855 516 1889 τε
542 1838 633 1889 καὶ
654 1834 966 1906 ἀσώματος,
1013 1838 1264 1907 ἀόρατος,
1296 1838 1731 1908 ἀπερίγραπτος,

1839 644 2074 711 telligere
2100 644 2270 710 cupis,
2305 643 2557 697 Dominus
2584 643 2738 697 Jesus
2765 644 3005 701 Christus
3027 656 3135 712 est,
3162 648 3399 715 unigeni-

1837 743 1940 793 tus.
1972 738 2181 802 inquam
2204 775 2216 795 ,
2252 734 2336 788 ille
2367 735 2454 787 Dei
2488 735 2671 798 Filius,
2709 735 2798 789 ille
2842 736 3026 792 beatus
3051 747 3107 792 et
3130 740 3276 793 solus
3309 755 3400 805 po-

1840 832 1978 887 tens,
2012 824 2101 877 ille
2143 823 2250 876 ltex
2284 840 2463 893 regum
2493 836 2545 877 et
2577 825 2827 880 Dominus
2857 828 3236 881 dominantium
3263 874 3277 897 ,
3310 831 3398 899 qui

1833 915 1974 967 solus
2013 914 2170 967 habet
2198 914 2675 980 immortalitatem,
2709 932 2770 971 ac
2815 920 2986 972 lucem
3017 919 3216 973 habitat
3247 922 3398 974 inac-

1834 1004 2163 1068 cessibilem,
2195 1005 2283 1072 qui
2327 1020 2447 1058 cum
2477 1006 2631 1059 Patre
2655 1018 2708 1061 et
2733 1008 2929 1073 Spiritu
2968 1022 3151 1064 sancto
3191 1011 3397 1079 gloriﬁ—

1835 1105 1982 1147 catur
2009 1095 2057 1165 (ι
2088 1095 2215 1147 Tim.
2244 1096 2340 1162 Vl).
2367 1097 2543 1163 Neque
2565 1101 2706 1151 enim
2730 1112 2794 1151 ex
2817 1115 2998 1153 eorum
3031 1116 3256 1155 numero
3280 1118 3397 1156 sum

1838 1186 1926 1253 qui
1958 1188 2145 1240 multos
2176 1187 2274 1240 hos
2301 1198 2355 1240 et
2385 1188 2681 1255 petulantes
2704 1188 2833 1244 deos
2861 1194 3071 1256 colunt,
3102 1203 3258 1259 atque
3286 1194 3401 1247 hac

1840 1275 2028 1327 animai:
2057 1278 2291 1342 expertia
2323 1286 2375 1330 et
2404 1278 2563 1331 surda
2609 1279 2889 1333 simulacra
2931 1291 3281 1345 venerantur;
3314 1297 3403 1334 ve-

1841 1380 1956 1418 rum
1989 1382 2145 1418 unum
2178 1366 2341 1420 Deum
2372 1382 2601 1434 agnosco
2626 1378 2681 1423 et
2721 1371 3001 1434 conﬁteor,
3036 1375 3122 1439 qui
3156 1373 3205 1425 itt
3237 1374 3401 1426 tribu:

1845 1461 2103 1525 personis,
2142 1462 2238 1512 hoc
2276 1468 2358 1513 est
2398 1461 2556 1514 Patre
2598 1470 2651 1513 et
2692 1462 2830 1517 Filio
2859 1473 2913 1516 et
2955 1463 3151 1529 Spiritu
3197 1477 3402 1528 saneto,

1844 1561 2002 1612 atque
2030 1564 2127 1600 una
2177 1560 2361 1601 natura
2390 1558 2443 1603 et
2470 1553 2718 1615 es-entia,
2754 1553 2803 1605 in
2834 1568 2938 1605 una
2967 1552 3132 1619 gloria
3162 1562 3216 1606 et
3246 1568 3403 1620 regno

1841 1641 2056 1692 minime
2085 1640 2257 1692 diviso
2298 1641 2638 1708 gloriﬁcatur.
2686 1643 2780 1696 Hic
2812 1645 2971 1712 igitur
3002 1646 3050 1696 in
3084 1646 3251 1697 tribus
3284 1660 3402 1712 per-

1840 1730 1983 1782 sonis
2028 1745 2160 1782 unus
2201 1730 2354 1795 Deus,
2408 1733 2649 1799 principii
2698 1747 2759 1787 ac
2807 1733 2926 1785 ﬁnis
2977 1748 3170 1800 expers
3215 1734 3402 1802 (Nam.

1843 1818 2057 1880 ωαι.2,
2088 1822 2147 1871 de
2180 1820 2419 1888 Pasch.),
2467 1823 2836 1889 sempiternus,
2885 1823 3173 1885 increatus,
3219 1825 3405 1877 immu-

170 1931 545 1999 ἀπερινόητος,
578 1928 779 1996 ἀγαθὸς
809 1930 903 1982 καὶ
935 1928 1139 1992 δίκαιος
1176 1929 1355 1999 μόνος,
1402 1932 1429 1982 6
1460 1933 1526 1983 τά
1558 1932 1735 1985 πάντα

1851 1911 2033 1972 labilis,
2064 1926 2286 1978 corpore
2330 1925 2545 1976 vacans,
2575 1913 2851 1966 invisibilis
2872 1953 2886 1975 ,
2917 1914 3407 1981 circumscriptione

168 2021 234 2070 ἐκ
281 2018 355 2088 μὴ
375 2018 540 2069 ὄντων
584 2017 1048 2089 ὑποστησάμενος,
1087 2019 1156 2072 τά
1198 2034 1258 2069 τε
1306 2017 1476 2087 όρατά
1520 2020 1611 2071 καὶ
1668 2018 1737 2072 τὰ

172 2110 402 2179 ἀόρατα,
434 2110 645 2181 πρῶτον
678 2110 776 2179 μὲν
803 2111 1126 2180 δημιουργεῖ
1146 2109 1245 2171 τὰς
1273 2110 1556 2180 οὐρανίους
1587 2109 1737 2162 δυνά-

177 2217 299 2269 μεις
334 2201 425 2253 κα)⁸
465 2202 749 2272 ἀοράτους,
778 2201 1131 2272 ἀναρίθμητά
1158 2219 1276 2254 τινα
1308 2202 1486 2271 πλήθη
1513 2201 1649 2255 ἄῦλά
1678 2218 1735 2254 τε

174 2295 272 2347 καὶ
293 2295 580 2364 ἀσώματα,
615 2294 964 2365 λειτουργικὰ
1002 2295 1287 2365 πνεύματα
1336 2297 1438 2364 τῆς
1472 2296 1563 2347 τοῦ
1600 2295 1733 2347 Θεοῦ

168 2387 593 2458 μεγαλειότητος
613 2405 624 2416 ·
655 2387 843 2440 ἔπειτα
874 2388 966 2441 τὸν
993 2387 1271 2458 ὁρώμενον
1300 2389 1504 2458 κόσμον
1520 2388 1733 2451 τοῦτον,

164 2480 397 2550 οὐρανόν
437 2499 494 2534 τε
533 2481 626 2534 καὶ
668 2482 772 2551 γῆν
825 2481 920 2533 καὶ
970 2481 1069 2550 τὴν
1101 2481 1400 2546 θάλασσαν,
1444 2483 1607 2551 ὅνπερ
1643 2482 1737 2535 κα).

169 2572 316 2641 φωτὶ
352 2573 648 2642 φαιδρύνας
697 2573 1134 2643 κατεκόσμησεν,
1188 2573 1417 2643 οὐρανὸν
1472 2573 1571 2642 μὲν
1602 2572 1736 2642 ἡλίῳ

167 2666 269 2717 καὶ
306 2664 501 2735 σελήνη
543 2664 635 2717 καὶ
657 2667 769 2728 τοῖς
816 2666 1057 2735 ἄστροις,
1092 2665 1194 2735 γῆν
1220 2664 1275 2717 δὲ
1305 2665 1579 2727 παντοίοις
1607 2664 1734 2733 βλα-

169 2758 413 2827 στήμασι
436 2758 528 2808 καὶ
554 2755 832 2825 διαφόροις
854 2754 1033 2819 ζώοις,
1065 2757 1162 2825 τήν
1187 2773 1247 2808 τε
1278 2756 1550 2809 θάλασσαν
1575 2756 1737 2809 πάλιν

164 2847 249 2915 τῷ
304 2846 617 2917 παμπληθεῖ
662 2847 769 2899 τῶν
802 2847 1016 2917 νηκτῶν
1066 2848 1235 2916 γένει.
1297 2849 1482 2901 Ταῦτα
1535 2848 1732 2913 πάντα,

165 2940 335 3001 αὐτὸς
363 2934 507 3006 εἷπε,
538 2939 632 2992 καὶ
675 2939 1064 3009 ἐγεννήθησαν,
1096 2940 1256 3002 αὐτὸς
1290 2940 1590 2993 ἐνετείλατο
1642 2941 1735 2992 καὶ

165 3032 498 3103 ἐκτίσθησαν
533 3033 663 3102 (94).
721 3028 854 3085 Εἶτα
909 3033 1233 3104 δημιουργεῖ
1299 3033 1389 3086 τὸν
1452 3034 1736 3104 ἄνθρωπον

165 3126 361 3193 χερσὶν
421 3125 598 3189 ἰδίαις,
655 3125 781 3196 χοῦν
826 3126 925 3194 μὲν
964 3125 1149 3179 λαϐὼν
1205 3127 1310 3179 ἀπὸ
1354 3127 1452 3196 τῆς
1508 3128 1611 3196 γῆς
1656 3132 1736 3190 εἰς

162 3215 458 3269 διάπλασιν
490 3214 582 3268 τοῦ
640 3215 911 3284 σώματος,
951 3216 1050 3286 τὴν
1081 3218 1137 3269 δὲ
1184 3217 1360 3287 ψυχὴν
1394 3218 1616 3288 λογικὴν
1643 3220 1735 3270 καὶ
1762 3238 1803 3293 C

163 3307 364 3377 νοεράν
388 3306 475 3359 διὰ
504 3306 596 3359 τοῦ
620 3308 823 3359 οἰκείου
856 3309 1255 3377 ἐμφυσήματος
1287 3308 1434 3378 αὐτῷ
1456 3309 1578 3370 δοὺς
1597 3309 1729 3377 (95),

167 3402 294 3468 ἥτις
337 3401 450 3452 κατ’
480 3401 661 3452 εἰκόνα
690 3400 783 3452 καὶ
824 3400 1080 3468 ὁμοίωσιν
1114 3400 1206 3452 τοῦ
1239 3400 1374 3452 Θεοῦ
1413 3400 1731 3471 δεδημιουρ-

161 3489 373 3559 γῆσθαι
408 3491 715 3559 γέγραπται
741 3491 872 3560 (96)·
906 3491 1023 3543 κατ’
1057 3492 1242 3544 εἰκόνα
1274 3491 1391 3559 μὲν,
1424 3492 1511 3544 διὰ
1533 3493 1592 3543 τὸ
1622 3510 1733 3545 νοε-

165 3580 265 3651 ρὸν
298 3579 393 3631 καὶ
423 3579 786 3644 αὐτεξούσιον,
832 3580 953 3633 καθ’
993 3581 1250 3648 ὁμοίωσιν
1280 3580 1334 3632 δὲ
1376 3580 1463 3632 διὰ
1510 3582 1610 3649 τὴν
1634 3584 1731 3650 τῆς

156 3672 369 3739 ἀρετῆς
391 3670 531 3721 κατά
556 3671 613 3723 τὸ
636 3670 858 3721 δυνατὸν
1002 3671 1260 3738 ὁμοίωσιν
1285 3670 1416 3740 (97).
1434 3670 1634 3723 Τοῦτον
1648 3672 1735 3723 τὸν

156 3754 454 3833 ἄνθρωπον
492 3761 928 3832 αύτεξουσιότητι
992 3764 1086 3816 καὶ
1151 3762 1421 3833 ἀθανασίᾳ
1476 3763 1735 3833 τιμήσας,

161 3854 398 3923 βασιλέα
426 3853 533 3906 τῶν
574 3853 788 3921 ὲπὶγῆς
824 3854 1179 3923 κατέστησεν·
1212 3856 1437 3923 ἐποίησε
1468 3855 1523 3907 δὲ
1554 3854 1611 3920 ἐξ
1641 3857 1739 3908 αύ-

158 3944 260 3996 τοῦ
293 3945 352 3995 τὸ
379 3943 531 4011 θῆλυ,
564 3943 755 4013 βοηθὸν
789 3943 937 4013 αύτῷ
969 3946 1093 3996 κατ’
1133 3944 1295 3998 αὐτόν
1322 3945 1456 4014 (98).

1845 2016 2052 2065 carens,
2080 2003 2237 2055 animi
2265 2002 2791 2070 comprehensionem
2818 2006 3039 2072 l‘ngicns,
3066 2005 3211 2058 solus
3237 2004 3406 2080 bonus

1845 2112 1907 2150 ac
1931 2098 2106 2164 jusms
2146 2105 2260 2160 est,
2293 2081 2380 2163 qui
2424 2098 2621 2159 omnia,
2652 2106 2755 2148 tam
2784 2111 2899 2163 qua:
2927 2096 3092 2149 oculis
3122 2106 3409 2149 cernuntur

1845 2202 1999 2256 quam
2041 2201 2158 2255 quas
2196 2189 2463 2241 oculorum
2504 2188 2742 2240 obtutum
2784 2186 3028 2254 fugiunt,
3064 2204 3126 2241 ex
3162 2189 3327 2241 nihilo
3360 2207 3410 2239 in

1846 2282 2023 2324 ortum
2045 2269 2317 2338 produxit.
2345 2267 2584 2324 Primum
2607 2271 2815 2325 scilicet
2842 2274 3192 2329 invisibihum
3219 2294 3282 2332 ac
3300 2294 3409 2334 ca:-

1846 2364 2061 2416 lestium
2090 2362 2348 2415 virtutum
2373 2362 2824 2418 innumerabilem
2856 2368 3144 2434 quamdam
3170 2372 3408 2425 multitn.

1845 2455 2024 2509 dinem
2046 2470 2075 2508 a
2096 2454 2318 2507 materia
2345 2463 2396 2507 et
2419 2469 2650 2523 corpore
2677 2466 2968 2521 secretam,
3000 2459 3103 2514 hoc
3131 2472 3211 2516 est
3234 2463 3409 2517 admi-

1846 2548 2047 2601 nistros
2061 2546 2258 2600 divina:
2273 2546 2572 2614 majestatis
2585 2549 2807 2616 spiritus
2824 2566 2837 2615 ;
2856 2550 3045 2605 deinde
3058 2562 3239 2607 autem
3254 2571 3409 2609 mun-

1847 2641 1973 2693 dum
1995 2640 2139 2694 hunc
2162 2638 2216 2692 in
2248 2648 2522 2708 aspectum
2544 2640 2846 2703 cadentem,
2866 2642 2968 2697 hoc
2993 2651 3076 2698 est
3100 2645 3320 2710 caelum,
3349 2664 3412 2700 ac

1846 2741 2068 2790 terram,
2086 2739 2139 2783 et
2158 2746 2336 2795 mare;
2358 2746 2519 2797 quem
2538 2731 2701 2785 etiam
2732 2732 3010 2788 lanis-sima
3038 2735 3158 2790 luce
3183 2752 3415 2791 coorna~

1843 2824 1938 2883 vit,
1973 2824 2168 2875 coelum
2205 2837 2398 2891 nempe
2424 2823 2537 2877 sole
2570 2838 2634 2877 ac
2663 2824 2791 2877 luna
2824 2835 2879 2879 et
2899 2826 3192 2892 sideribus,
3211 2839 3412 2883 terram

1844 2927 2026 2969 autem
2060 2915 2239 2968 omnis
2269 2916 2481 2982 generis
2528 2916 2792 2986 stirpibus
2846 2933 2909 2972 ac
2956 2920 3122 2975 variis
3166 2923 3416 2978 animan-

1844 3010 2010 3069 tihus,
2034 3021 2181 3060 mare
2203 3007 2433 3075 denique
2457 3009 2924 3064 numerosissimis
2948 3010 3179 3079 piscium
3205 3017 3417 3084 generi-

1848 3102 1970 3155 bus.
2006 3100 2129 3154 Hmc
2156 3101 2335 3155 omnia
2371 3101 2485 3169 ipse
2511 3102 2670 3165 dixit,
2690 3112 2743 3155 et
2764 3100 2906 3157 facta
2936 3114 3093 3169 sunt;
3118 3107 3232 3174 ipse
3261 3124 3414 3162 man-

1848 3190 2014 3252 davit,
2044 3201 2097 3243 et
2125 3200 2306 3243 creata
2331 3200 2457 3243 sunt
2485 3188 2658 3258 (Psal.
2685 3192 2924 3258 CXLVIII).
2959 3191 3093 3248 Post
3115 3205 3293 3250 autem
3322 3199 3420 3252 ho-

1849 3281 2047 3334 minem
2076 3279 2303 3334 suismet
2332 3280 2583 3334 manibus
2610 3280 2833 3352 efﬁngit,
2862 3294 3079 3353 sumpto
3100 3286 3356 3343 nimirum
3388 3305 3415 3343 a

1848 3382 1992 3426 terra
2022 3372 2086 3424 ad
2112 3373 2357 3440 corporis
2390 3373 2837 3440 compositionem
2862 3376 2998 3441 luto,
3033 3380 3217 3433 anima
3238 3388 3418 3434 autem

1848 3466 2076 3519 rationis
2106 3476 2159 3517 et
2182 3466 2549 3535 intelligentia:
2572 3468 2831 3536 participe
2861 3484 2955 3537 per
2983 3486 3138 3524 suam
3171 3472 3418 3527 insulila-

1851 3558 2050 3610 tionem
2077 3557 2176 3625 ipsi
2201 3557 2422 3619 tributa,
2440 3574 2560 3626 quae
2579 3560 2795 3628 quidem
2817 3562 2883 3614 ad
2908 3562 3004 3615 Dei
3038 3562 3329 3633 imaginem
3366 3574 3419 3617 et

1852 3649 2259 3703 similitudinem
2291 3647 2485 3702 elIecta
2537 3666 2655 3704 esse
2696 3653 2902 3720 scripta
2932 3667 3014 3708 est
3058 3654 3210 3724 (Gen.
3239 3655 3319 3724 t):
3357 3658 3420 3709 ad

1852 3740 2141 3810 imaginem
2180 3740 2447 3805 videlicet,
2483 3755 2702 3810 propter
2731 3745 2839 3797 vim
2895 3746 3232 3815 intelligendi
3259 3756 3423 3817 atque

1854 3833 2065 3885 arbitrii
2087 3834 2390 3888 libertatem
2413 3852 2427 3899 ;
2454 3838 2517 3887 ad
2537 3835 2950 3890 similitudinem
2969 3848 3173 3903 autem,
3199 3848 3422 3907 propter

1859 3921 2074 3975 virtutis
2105 3923 2294 3990 ipsius,
2318 3924 2495 3991 quoad
2520 3927 2637 3992 ejus
2670 3926 2785 3980 lieri
2818 3936 3015 3994 potest,
3040 3930 3395 3983 imitationem

173 4026 341 4081 Hune
370 4039 530 4093 porro
572 4024 839 4075 hominem
862 4062 876 4085 ,
913 4022 1121 4076 arbitrii
1149 4022 1399 4077 libertate
1432 4029 1592 4087 atque
1633 4018 2035 4077 immortalitate
2064 4025 2322 4077 donatum
2347 4065 2360 4089 ,
2411 4038 2599 4075 eorum
2633 4037 2751 4090 quae
2784 4021 2835 4073 in
2877 4028 3018 4073 terra
3072 4030 3200 4074 sunt
3240 4038 3417 4089 regem

173 4117 507 4180 constituit;
540 4124 703 4181 atque
723 4127 784 4167 ex
821 4113 938 4182 ipso
969 4110 1243 4173 feniinam,
1275 4124 1393 4176 quae
1427 4109 1524 4177 ipsi
1553 4110 1753 4163 auxilio
1786 4125 1948 4177 esset,
1978 4114 2075 4181 ipsi
2113 4113 2343 4168 similem
2378 4111 2575 4167 eﬂ‘ecit.

263 4203 398 4265 Καὶ,
434 4200 704 4269 φυτεύσας
766 4198 1094 4267 παράδεισον
1134 4199 1190 4249 ὲν
1251 4196 1409 4265 Ἐδὲμ
1450 4194 1588 4247 κατά
1628 4196 1757 4247 ἀνα·

1931 4206 2262 4274 Consitoque
2287 4206 2338 4257 in
2375 4204 2522 4258 Eden
2555 4204 2618 4257 ad
2655 4205 2931 4261 Orientem
2970 4206 3242 4277 paradiso,
3267 4205 3422 4259 volt:-

186 4296 380 4358 τολάς,
410 4291 744 4362 εὐφροσύνης
792 4290 885 4341 καὶ
917 4288 1182 4356 θυμηδίας
1233 4288 1413 4353 πάσης
1467 4286 1761 4355 πεπληρω-

1860 4298 2022 4365 ptatis
2067 4300 2246 4352 omnis
2297 4306 2461 4367 atque
2490 4299 2873 4353 oblectamenti
2910 4303 3091 4370 pleno,
3124 4298 3421 4353 hominem.

191 4389 381 4460 μένον,
415 4385 567 4437 ἔθετο
614 4383 671 4434 ὲν
731 4379 876 4449 αὐτῷ
918 4378 1009 4431 τὸν
1075 4378 1358 4447 ἄνθρωπον
1413 4378 1473 4430 ὅν
1534 4379 1759 4441 ἔπλασε,

188 4481 414 4533 πάντων
449 4475 546 4545 μὲν
574 4473 681 4526 τῶν
720 4474 899 4524 ἐκεῖσε
932 4470 1089 4522 θείων
1119 4468 1300 4536 φυτῶν
1326 4467 1587 4529 κελεύσας
1616 4469 1763 4519 ἀκω-

189 4573 373 4632 λύτως
397 4568 659 4637 μετέχειν,
693 4562 810 4623 ἐνὸς
848 4561 902 4613 δὲ
937 4561 1095 4629 μόνον
1132 4559 1356 4629 θέμενος
1387 4559 1602 4629 ἐντολὴν
1624 4560 1759 4623 ὅλως

192 4659 277 4728 μὴ
298 4654 621 4723 γεύσασθαι,
665 4653 801 4719 ὅπερ
831 4650 984 4715 ξύλον
1014 4649 1107 4701 τοῦ
1146 4647 1436 4715 γινώσκειν
1462 4650 1625 4703 καλὸν
1667 4654 1759 4703 καὶ

191 4745 437 4818 πονηρὸν
468 4744 750 4814 κέκληται,
790 4740 960 4803 οὕτως
987 4737 1153 4793 εἰπών
1176 4738 1311 4810 (99)'
1349 4732 1425 4811 τῌ
1451 4738 1495 4790 δ’
1525 4740 1589 4792 ἂν
1625 4740 1760 4810 ἡμέ-

1859 4407 2018 4459 quem
2049 4390 2349 4455 elﬁnterat,
2383 4391 2435 4443 in
2473 4391 2591 4459 ipso
2640 4392 2959 4458 collocavit;
2989 4394 3068 4447 sic
3099 4391 3341 4460 quidem,
3369 4402 3427 4443 ut

1858 4482 2038 4535 divina
2059 4483 2272 4536 bonitas
2311 4483 2493 4535 omnia
2521 4483 2658 4549 ligna
2686 4499 2807 4552 quae
2846 4484 2953 4537 illic
2981 4494 3136 4538 erant
3169 4484 3289 4538 sine
3318 4483 3429 4536 ullo

1862 4574 2248 4641 impedimento
2280 4589 2402 4627 eum
2439 4576 2715 4643 percipere
2751 4576 3002 4644 juberet;
3045 4577 3207 4630 unius
3247 4583 3429 4628 autem

1861 4665 2122 4719 duntaxat
2142 4666 2523 4736 degustatione
2544 4669 2644 4735 ipsi
2666 4667 3013 4721 interdiceret
3029 4667 3194 4736 (quod
3211 4666 3429 4735 quidem

1859 4754 2064 4824 lignum
2105 4757 2346 4811 scicntia:
2381 4757 2502 4816 boni
2536 4767 2587 4810 et
2633 4758 2758 4811 mali
2814 4759 3151 4827 appellatum
3183 4758 3317 4829 est),
3346 4755 3432 4809 his

272 4921 387 4989 (92)
416 4919 632 4973 Lemma
667 4915 947 4989 metricum
981 4916 1031 4966 in
1180 4913 1447 4989 Βαρλαὰμ
1484 4906 1585 4966 ὧδε
1617 4912 1848 4977 διάλεξις
1885 4913 2129 4984 δευτέρα.

296 4992 386 5055 95)
419 4990 433 5041 |
478 4988 647 5051 Epist.
680 4988 743 5037 ad
768 4984 908 5038 Tim.
944 5000 1018 5041 vr.
1054 4984 1139 5047 15,
1178 4985 1261 5037 l6.

296 5062 383 5129 94)
420 5059 556 5111 Psal.
589 5056 894 5129 CSL_VIIIL5.

275 5119 387 5200 (95')
417 5130 549 5180 Gen.
583 5143 640 5188 ιι,
679 5126 710 5200 ἶ
740 5144 753 5177 :
794 5126 903 5178 Καὶ
935 5122 1168 5177 ἔπλασεν
1191 5124 1219 5174 6
1246 5123 1373 5186 Θεδς
1400 5123 1489 5175 τὸν
1519 5123 1823 5193 ἄνθρωπον,
1868 5122 1997 5191 χοῦν
2036 5122 2141 5174 ἀπὸ
2173 5123 2271 5193 τῆς
2297 5122 2417 5190 γῆς,
2444 5126 2539 5173 καὶ
2571 5120 2907 5191 ἐνεφύσησεν
2945 5123 3023 5182 είς
3052 5119 3111 5171 τὸ
3144 5119 3431 5188 πρόσωπον

196 5193 369 5259 αὐτοῦ
404 5196 569 5264 πνοὴν
604 5193 772 5264 ζωῆς.

275 5269 389 5344 (96)
425 5256 637 5344 _Geii_.-t',
795 5294 865 5344 -τ-
892 5262 1171 5344 Dejerh'is
1200 5266 1321 5344 κατ’
1352 5265 1535 5344 εἰκόνα
1557 5263 1651 5344 καὶ
1684 5265 1762 5332 ὁμι

1851 5279 1940 5315 σιν
1964 5262 2081 5316 vide
2106 5271 2143 5314 l.
2182 5260 2222 5325 l,
2256 5278 2310 5331 p.
2334 5260 2467 5327 250;
2492 5260 2849 5323 Chevrmana,
2886 5272 2923 5314 t.
2953 5256 3016 5321 Il,
3045 5274 3095 5327 p.
3125 5257 3247 5311 3H.
3274 5256 3433 5310 Lcm-

200 5332 294 5395 nia
331 5332 381 5389 in
413 5339 451 5389 A
486 5354 497 5389 :
533 5335 675 5401 Ὅρα
703 5334 755 5385 τί
776 5335 836 5385 τὸ
864 5332 983 5385 κατ’
1015 5333 1198 5384 εἰκόνα
1227 5336 1318 5387 καὶ
1343 5334 1462 5386 καθ’
1491 5333 1763 5400 ὁμοίωσιν.

294 5408 404 5473 (97)
439 5406 501 5459 Et
536 5396 738 5481 ethnici
782 5419 995 5481 quoque
1032 5405 1381 5481 sapietttesjtt
1419 5396 1774 5481 philosophia,
1809 5403 2027 5481 virtute,
2073 5400 2579 5481 terrestrittmnfnga
2628 5399 2870 5481 et‘ndio,‘
2897 5406 3191 5481 posuerunt
3224 5398 3322 5481 την
3354 5396 3432 5481 στιρ

199 5468 329 5547 Ρεῷ
358 5468 642 5550 ὁμοίωσινἶ
667 5468 950 5550 [ιυραΔιχὶ-ᾴε
975 5474 1026 5527 in
1059 5473 1194 5525 notis
1221 5475 1284 5550 ad
1311 5468 1496 5550 Marini
1533 5468 1762 5550 Prol-Iun

1851 5490 1882 5524 ι.
1915 5472 2033 5550 103,
2067 5474 2199 5550 LO};
2229 5472 2365 5550 apud
2413 5470 2915 5550 FaLs_t_er:_A.ntt_ziti‘t.
2943 5468 3127 5550 pliil'gl.
3159 5468 3431 5550 l,_‘29

204 5531 489 5603 llaithiam
519 5545 731 5610 Prnleg.
758 5546 822 5596 ad
851 5541 1102 5610 Hippocr.
1140 5558 1190 5609 p.
1229 5543 1314 5603 Μ,
1359 5562 1409 5595 n.
1452 5544 1511 5607 l;
1550 5531 1799 5596 [terimur
1822 5531 1934 5596 not.
1968 5531 2033 5595 ad
2076 5531 2337 5597 Themist.
2375 5557 2427 5610 p.
2460 5541 2593 5605 155;
2625 5538 2897 5593 Heindorf.
2940 5531 3005 5591 ad
3041 5536 3243 5591 Thewt.
3276 5537 3302 5606 §
3333 5538 3430 5597 8i;

210 5619 357 5669 \‘ict.
379 5615 571 5669 Cleric.
607 5615 671 5667 ad
712 5612 956 5667 Sentent.
990 5612 1125 5665 Plat.
1159 5628 1278 5680 pag.
1314 5614 1438 5668 5l9.

287 5685 400 5749 (98)
434 5683 568 5739 Gen.
605 5699 668 5743 ιι.
706 5683 795 5736 20.
826 5711 898 5723 ——
927 5680 1133 5736 Theod.
1162 5683 1483 5737 Prodromus
1513 5683 1749 5737 Tetrast.
1792 5684 1844 5734 in
1883 5680 2019 5736 Gen.

2060 5699 2180 5751 pag.
2208 5683 2274 5745 «ις
2309 5682 2567 5751 Suvign.‘,
2615 5681 2679 5734 de
2726 5678 2848 5733 Erae
2883 5678 3243 5731 formatione:
3275 5675 3431 5743 Σίγα,

206 5755 347 5816 Θεὸς
382 5754 573 5824 δρᾶται
595 5753 849 5824 γυναικὸς
878 5753 973 5820 τὴν
1007 5752 1219 5804 πλάσινσ
1248 5755 1354 5807 imo
1391 5753 1489 5823 δρᾷ
1529 5756 1646 5822 τῆς,
1681 5764 1738 5806 ιιι

1856 5750 1957 5806 lius
2008 5750 2089 5809 est
2122 5754 2173 5806 in
2212 5753 2395 5807 codice
2431 5750 2590 5805 285i.

288 5824 398 5893 (1)9)
417 5823 554 5878 Cen.
592 5841 649 5886 ll,
688 5823 773 5878 17.

527 5921 792 5979 Parnm.
847 5923 958 5980 (in.
1010 5925 1223 5983 XCVI.

1154 6030 1178 6059 \

3059 5888 3136 5946 ειν
