4180 6458
158 434 265 490 ειυς)

1233 410 1400 468 VlTs’t
1446 406 1797 465 ΒΛΠΙΛΛΜ
1841 406 1931 464 ΕΤ
1971 402 2320 465 JOASAPH.

3267 429 3368 487 910

149 548 337 594 σαντο,
363 531 428 599 τῇ
461 527 676 596 γενέσει
699 526 763 579 τὺ
803 526 913 578 πᾶν
950 523 1338 593 ἐπιτρέψαντες
1361 539 1376 553 ·
1408 521 1559 576 ἄλλοι
1587 519 1715 572 πολ-

1827 518 1984 572 fatum
2018 522 2346 586 invexerunt,
2376 522 2728 592 natalitiisque
2750 526 3010 582 sideribus
3032 529 3208 582 omnia
3233 544 3378 582 enm—

148 621 276 683 λοὺς
302 621 454 683 θεοὺς
486 619 688 680 κακοὺς
713 618 808 672 καὶ
840 616 1172 678 πολυπαθεῖς
1201 614 1592 684 ἐσεϐάσθησαν,
1624 612 1717 664 τοῦ

147 714 297 782 ἔχειν
330 713 526 774 αὐτοὺς
554 712 663 763 τῶν
704 710 848 763 [δίων
882 709 1073 762 παθῶν
1111 709 1208 760 καὶ
1239 705 1426 760 δεινῶν
1465 705 1718 774 πράξεων

151 806 510 875 συνηγόρους,
527 796 600 856 ὧν
629 803 723 855 καὶ
747 801 1090 871 μορφώματα
1113 799 1464 860 τυπώσαντες
1493 797 1720 865 ἀνεστή-

148 897 330 948 λωσαν
362 895 524 958 ξόανα
557 895 716 961 κωφὰ
750 893 842 945 καὶ
890 891 1194 961 ἀναίσθητα
1227 890 1443 953 εἴδωλα,
1473 891 1565 942 καὶ
1590 903 1720 954 συγ-

151 992 465 1052 κλείσαντες
498 991 556 1043 ἐν
586 991 733 1052 ναοῖς
793 986 1230 1056 προσεκύνησαν,
1274 981 1624 1052 λατρεύοντες
1651 981 1715 1048 τῇ

150 1083 329 1134 κτίσει
359 1081 506 1151 παρὰ
533 1081 622 1132 τὸν
658 1078 932 1132 Κτίσαντα
955 1077 1054 1146 (5),
1093 1077 1142 1127 οἱ
1183 1074 1283 1142 μὲν
1312 1073 1390 1142 τῷ
1419 1073 1575 1142 ἡλίῳ,
1619 1070 1714 1122 καὶ

148 1175 218 1240 τῇ
250 1171 466 1240 σελήνῃ,
507 1170 598 1222 καὶ
628 1170 740 1230 τοῖς
773 1167 992 1236 ἄστροις
1030 1165 1066 1218 ἃ.
1093 1163 1242 1216 ἔθετο
1285 1163 1312 1214 ό
1334 1162 1464 1222 Θεὸς
1495 1160 1630 1231 πρὸς
1661 1160 1718 1212 τὸ

148 1263 352 1330 φαῦσιν
399 1262 657 1330 παρέχειν
703 1259 782 1328 τῷ
846 1256 1112 1328 περιγείῳ
1152 1253 1326 1324 τούτῳ
1375 1251 1568 1320 κόσμῳ
1616 1249 1716 1319 (ϐ),

145 1359 332 1427 ἄψυχά
360 1374 414 1408 τε
442 1356 569 1408 ὄντα
603 1355 698 1406 καὶ
730 1353 1066 1422 ἀναίσθητα,
1114 1353 1180 1420 τῇ
1227 1348 1452 1420 προνοίᾳ
1481 1347 1575 1399 τοῦ
1615 1349 1718 1416 Δη-

149 1448 413 1517 μιουργοῦ
453 1447 822 1516 φωτιζόμενα,
873 1445 967 1496 καὶ
1020 1440 1478 1511 διακρατούμενα,
1510 1440 1569 1491 οὐ
1613 1439 1717 1507 μὴν

144 1542 204 1594 δὲ
235 1539 442 1593 οἴκοθέν
480 1557 532 1591 τι
561 1539 671 1610 49
714 1537 988 1605 δυνάμενα
1008 1549 1022 1564 ⁸
1051 1537 1100 1587 οἱ
1129 1535 1185 1587 δέ
1217 1533 1294 1602 τῷ
1331 1532 1461 1602 πυρὶ
1487 1531 1579 1583 καὶ
1609 1533 1718 1592 τοῖς

145 1632 305 1684 ὕδασι
367 1633 459 1684 καὶ
497 1633 610 1692 τοῖς
642 1629 849 1691 λοιποῖς
877 1626 1162 1696 στοιχείοις
1199 1624 1299 1694 τῆς
1328 1623 1455 1691 γῆς,
1487 1622 1719 1691 ἀψύχοις

145 1726 246 1776 καὶ
277 1722 621 1792 ἀναισθήτοις
653 1717 792 1774 οὖσι·
830 1721 924 1772 καὶ
962 1721 1063 1771 οὐκ
1092 1717 1440 1788 ᾐσχύνθησαν
1465 1719 1512 1768 οἱ
1545 1715 1720 1782 ἐμψυ-

145 1834 236 1884 χοι
265 1817 358 1869 καὶ
405 1815 612 1881 λογικοὶ
640 1815 706 1866 τὰ
749 1811 976 1866 τοιαῦτα
1007 1809 1284 1862 σέϐεσθαι·
1318 1809 1467 1861 ἄλλοι
1507 1807 1719 1877 θηρίοις

145 1907 244 1959 καὶ
297 1908 548 1975 ἑρπετοῖς
604 1906 696 1958 καὶ
753 1904 977 1971 κτήνεσι
1033 1900 1384 1970 τετραπόδοις
1438 1898 1499 1950 τὸ
1553 1898 1716 1960 σέϐας

143 2000 465 2066 ἁπένειμον,
508 1995 976 2066 κτηνωδεστὲρους
1007 1993 1116 2046 τῶν
1153 1991 1463 2060 σεϐομένων
1489 1989 1717 2051 ἑαυτοὺς

142 2087 587 2149 ἀποδεικνύντες·
617 2087 668 2138 οἱ
698 2084 755 2138 δὲ
799 2083 1103 2154 ἀνθρώπων
1140 2080 1301 2134 τινῶν
1346 2081 1591 2150 αἰσχρῶν
1623 2080 1715 2132 καὶ

141 2180 381 2232 εὐτελῶν
441 2177 786 2249 μορφώματα
834 2176 1274 2239 ἀνετυπὼσαντο,
1327 2174 1420 2227 καὶ
1471 2174 1713 2238 τούτους,

143 2273 306 2334 θεοὺς
337 2270 623 2334 ἐκάλεσαν,
662 2271 753 2321 καὶ
779 2268 906 2330 τους
931 2267 1030 2336 μὲν
1055 2263 1236 2318 αὐτῶν
1267 2263 1524 2333 ἄρρενας,
1563 2264 1716 2325 τινας

141 2364 203 2414 δὲ
241 2361 458 2431 θηλείας
513 2361 825 2430 ὠνόμασαν,
883 2358 975 2421 οὒς
1017 2360 1214 2410 ἐκεῖνοι
1259 2356 1411 2409 αὐτοὶ
1468 2354 1717 2417 ἐξέθεντο

150 2452 371 2518 μοιχοὺς
392 2445 525 2502 εἷναι
549 2451 643 2502 καὶ
672 2451 874 2517 φονεῖς,
902 2447 1174 2519 ὀργίλους,
1193 2447 1284 2500 καὶ
1306 2445 1580 2514 ζηλωτάς,
1615 2447 1710 2500 καὶ

149 2543 539 2608 υιδμαντικοὺς,
617 2540 1020 2610 πατροκτόνους
1094 2541 1190 2592 καὶ
1271 2538 1714 2606 ἀδελφοκτόνους,

146 2633 386 2695 κλέπτας
437 2634 530 2686 καὶ
589 2633 862 2702 ἅρπαγας,
913 2632 1118 2702 χωλοὺς
1176 2632 1272 2684 καὶ
1331 2632 1576 2694 κυλλούς,
1622 2631 1717 2684 καὶ

149 2725 501 2792 φαρμακούς,
531 2726 626 2776 καὶ
659 2725 1039 2793 μαινομένους,
1072 2725 1164 2777 καὶ
1191 2724 1396 2776 τούτων
1424 2725 1576 2786 τινας
1615 2725 1715 2793 μὲν

145 2815 628 2884 τετελευτηκότας,
695 2816 848 2878 τινὰς
899 2815 957 2868 δὲ
1017 2817 1558 2886 κεκεραυνωμένους,
1622 2816 1717 2867 καὶ

147 2906 541 2975 κοπτομένους,
576 2908 670 2960 καὶ
711 2907 1112 2976 θρηνουμένους
1170 2908 1265 2959 καὶ
1298 2907 1716 2970 δεδουλευκότας

145 2997 478 3068 ἀνθρώποις,
528 3000 622 3051 καὶ
654 2999 900 3065 φυγάδας
943 2998 1291 3066 γενομένους,
1328 2999 1423 3050 καὶ
1477 3001 1556 3060 εἰς
1601 2999 1716 3062 ζῶα

150 3088 706 3157 μεταμορφουμένους
734 3090 826 3140 ἐπὶ
853 3091 1117 3158 πονηραῖς
1148 3090 1240 3142 καὶ
1269 3090 1523 3158 αἰσχραῖς
1565 3090 1716 3159 μίξε-

147 3180 445 3244 σιν.”Οθεν,
473 3179 859 3248 ιλαμϐάνοντες
897 3181 946 3232 οἱ
1013 3181 1291 3250 ἄνθρωποι
1325 3181 1579 3250 ἀφορμάς
1605 3182 1714 3235 ἀπὸ

142 3272 256 3323 τῶν
289 3271 424 3323 θεῶν
465 3272 666 3333 αὐτῶν,
700 3271 871 3334 ἀδεῶς
925 3273 1342 3341 κατεμιαίνοντο
1376 3273 1525 3344 πάσῃ
1572 3274 1713 3327 ἀκα-

146 3364 370 3432 θαρσία.
406 3365 511 3416 Καὶ
543 3363 688 3433 δεινὴ
716 3368 934 3435 κατεῖχε
973 3364 1238 3423 σκότωσις
1278 3365 1337 3418 τὸ
1366 3366 1526 3432 γένος
1557 3367 1712 3434 ἡμῶν

144 3458 206 3506 ἐν
239 3454 468 3516 ἐκείνοις
501 3457 612 3516 τοῖς
638 3455 870 3525 χρόνοις.
908 3458 1001 3509 καὶ
1049 3457 1148 3510 οὐκ
1185 3453 1253 3524 ἦν
1291 3457 1318 3509 ὁ
1352 3457 1570 3522 συνιὼν,
1606 3458 1707 3512 οὐκ

145 3545 218 3617 ἦν
248 3547 277 3598 ὁ
301 3547 547 3616 ἐκζητῶν
584 3547 674 3598 τὸν
707 3545 842 3599 Θεόν
867 3547 942 3617 (7)

233 3834 483 3903 Ἀϐραὰμ
511 3833 567 3884 δέ
600 3850 684 3895 τις
712 3833 769 3884 ἐν
804 3832 986 3904 ἐκείνῃ
1017 3835 1082 3905 τῇ
1110 3835 1271 3904 γενεᾷ
1309 3832 1465 3904 μόνος
1515 3837 1712 3907 εὐρέθη

143 3925 249 3988 τὰς
291 3924 573 3991 αἰσθήσεις
615 3924 714 3990 τῆς
757 3923 936 3992 ψυχῆς
984 3925 1302 3994 ἐρρωμένας
1352 3926 1510 3994 ἔχων,
1556 3928 1614 3990 ὃς
1648 3931 1712 3996 τῇ

145 4016 354 4085 θεωρία
373 4014 478 4066 τῶν
509 4013 819 4082 κτισμάτων
842 4014 1057 4081 ἐπέγνω
1085 4016 1177 4068 τὸν
1207 4018 1570 4088 Δημιουργόν.
1605 4021 1715 4070 Κα-

142 4107 416 4176 τανοήσας
449 4107 556 4174 γὰρ
583 4105 810 4174 οὐρανὸν
857 4105 952 4156 καὶ
977 4107 1083 4174 γῆν
1111 4109 1204 4160 καὶ
1234 4107 1529 4171 θάλασσαν,
1562 4110 1716 4178 ἥλιον

145 4201 246 4253 καὶ
276 4198 504 4266 σελήνην
539 4198 631 4250 καὶ
663 4198 732 4251 τὰ
760 4198 941 4262 λοιπά,
969 4198 1248 4268 ἐθαύμασε
1270 4199 1367 4269 τὴν
1396 4201 1714 4270 ἐναρμόνιον

145 4292 353 4360 ταύτην
379 4291 761 4360 διακόσμησινο
817 4289 939 4342 ἰδὼν
972 4289 1027 4342 δὲ
1069 4291 1162 4343 τὸν
1194 4291 1399 4359 κόσμον
1433 4292 1525 4344 καὶ
1561 4291 1631 4345 τά
1659 4293 1714 4345 ἐν

145 4383 302 4451 αὐτῷ
333 4384 531 4442 πάντα,
564 4382 661 4434 οὐκ
686 4381 1007 4449 αὐτομάτως
1036 4382 1366 4450 γεγενῆσθαι
1397 4385 1491 4435 καὶ
1520 4399 1716 4451 συντη-

150 4471 367 4542 ρεῖσθαι
403 4471 509 4540 50
549 4472 818 4540 ἐνόμισεν,
849 4470 971 4524 οὔτε
1014 4471 1120 4543 μὴν
1147 4475 1257 4535 τοῖς
1297 4474 1584 4542 στοιχείοις
1617 4475 1716 4541 τῆς

1816 614 2092 666 miserunt.
2124 615 2224 667 Alii
2254 617 2446 668 multos
2472 619 2603 670 deos
2646 620 2834 684 malos,
2878 636 2940 674 ac
2969 621 3150 675 multis
3177 622 3378 674 vitiosis

1816 703 2182 759 ali‘ectitmibus
2235 708 2533 763 laborantes
2585 712 2904 774 coluerunt,
2962 729 3066 782 quo
3122 715 3374 768 videlicet

1818 809 2029 847 suarum
2061 797 2396 851 alfectionum
2426 811 2480 852 et
2507 803 2738 867 gravium
2772 802 3085 870 ﬂagitiorum
3127 805 3373 859 delenso-

1817 900 1903 939 res
1931 896 1982 939 et
2014 899 2262 954 patronos
2302 904 2391 942 eos
2425 890 2699 945 haberent.
2731 893 2966 958 Quorum
2994 895 3152 947 etiam
3179 892 3378 948 formas

1817 977 2020 1044 pictura
2051 983 2431 1046 exprimentes,
2462 983 2649 1035 surdas
2679 995 2877 1038 statuas
2907 1001 2968 1039 ac
3012 1000 3171 1038 sensu
3199 1000 3382 1039 caren-

1819 1069 1886 1122 tia
1919 1070 2201 1125 simulacra
2235 1074 2285 1126 in
2323 1075 2483 1127 altum
2515 1087 2819 1142 erexerunt,
2872 1091 3043 1146 eaque
3081 1078 3134 1132 in
3166 1079 3380 1146 templis

1819 1161 2022 1215 inclusa
2050 1163 2323 1218 coluerunt
2351 1175 2405 1219 et
2434 1165 2739 1232 adorarunt,
2784 1171 3077 1222 servientes
3125 1169 3377 1222 nimirum

1819 1263 2083 1307 creatura:
2114 1258 2285 1321 potius
2314 1274 2469 1326 quam
2497 1260 2754 1325 Creatori.
2785 1260 3009 1326 Quidam
3043 1265 3182 1315 enim
3211 1262 3375 1317 solem

1819 1353 1872 1395 et
1892 1344 2068 1396 lunam
2099 1360 2160 1398 ac
2187 1347 2382 1410 sidera,
2417 1365 2534 1416 qua:
2566 1351 2703 1403 Deus
2730 1351 2794 1403 ad
2822 1352 2992 1405 lucem
3022 1361 3237 1407 terreno
3259 1353 3380 1404 huic

1820 1438 2018 1487 mundo
2049 1435 2368 1488 alierendam
2413 1441 2606 1505 postiit,
2655 1443 2971 1495 coluerunt:
3004 1458 3124 1512 qua:
3167 1444 3378 1511 quidem

1822 1527 1996 1578 anima
2053 1537 2104 1579 et
2158 1542 2316 1581 sensu
2367 1532 2578 1592 carent',
2626 1546 2689 1586 ac
2737 1533 3003 1586 Creatoris
3053 1533 3382 1600 providentia

1818 1618 2178 1671 illuminantur
2207 1628 2262 1672 et
2299 1632 2702 1684 conservantur,
2737 1639 2838 1675 non
2887 1636 3064 1677 autem
3095 1626 3378 1694 quidquam

1820 1725 1914 1778 per
1960 1727 2017 1764 se
2052 1712 2241 1765 vitium
2288 1712 2502 1766 habent.
2532 1714 2634 1766 Alii
2682 1723 2854 1768 autem
2889 1717 3065 1783 ignem
3094 1726 3148 1770 et
3191 1731 3381 1784 aquam

1817 1816 1878 1855 ac
1919 1803 2118 1869 reliqua
2153 1813 2309 1855 terrae
2355 1805 2638 1870 elementa,
2687 1805 2876 1871 quibus
2923 1821 3020 1858 nec
3064 1806 3241 1858 anima
3286 1823 3384 1858 nec

1819 1907 2008 1945 sensus
2037 1895 2194 1946 ine5t.
2229 1892 2408 1961 Neque
2438 1908 2530 1948 eos
2554 1895 2643 1962 qui
2667 1896 2838 1947 anima
2868 1906 2921 1948 et
2951 1897 3152 1974 ratione
3176 1897 3380 1965 praediti

1816 1995 1940 2036 sunt
1970 1984 2228 2050 ejusmodi
2274 1986 2432 2038 rebus
2473 1985 2673 2039 cultum
2713 1986 2970 2041 adhibere
3018 1987 3224 2054 puduit.
3275 1991 3379 2042 Alii

1825 2073 1974 2140 feris,
2027 2086 2080 2129 et
2111 2077 2406 2144 reptilibus,
2437 2086 2492 2130 et
2537 2078 2845 2147 pecudibus,
2877 2089 2929 2134 et
2959 2081 3383 2149 quadrupedibus:

1822 2167 2178 2244 animantibus
2227 2169 2616 2224 venerationem
2647 2158 2943 2225 tribuerunt
2972 2189 2985 2224 :
3011 2172 3134 2225 hinc
3179 2173 3380 2228 scilicet

1824 2273 1944 2312 sese
1992 2259 2207 2312 rationis
2250 2261 2416 2328 magis
2460 2273 2706 2328 expertes
2750 2263 3089 2317 ostendentes
3119 2279 3274 2331 quam
3319 2283 3381 2318 ea

1821 2349 1935 2416 ipsa
1962 2364 2079 2418 quae
2122 2351 2386 2404 colebant.
2420 2353 2524 2406 Alii
2554 2355 2781 2420 turpium
2814 2355 3162 2421 quorumdam
3195 2366 3250 2410 et
3289 2360 3380 2410 abs

1819 2441 2078 2511 jecturnm
2111 2442 2380 2496 hominum
2407 2446 2602 2499 l‘nrmas
2626 2445 2998 2514 depinxerunt,
3029 2463 3229 2516 eosque
3251 2450 3379 2503 deos

1824 2534 2174 2601 appeilarunt,
2229 2535 2416 2599 partim
2445 2538 2727 2598 masculos,
2759 2539 2948 2603 partim
2972 2536 3197 2592 feminas
3217 2553 3373 2607 :quo.-.

1824 2624 1979 2676 etiam
2014 2624 2222 2689 ipsimet
2253 2623 2539 2690 adulteros,
2572 2632 2626 2679 et
2653 2625 2964 2691 homicidas,
2997 2636 3052 2681 et
3080 2629 3377 2688 iracundos,

1825 2724 1878 2765 el.
1906 2713 2131 2776 imidus,
2160 2727 2212 2766 et
2245 2715 2491 2777 furiosos,
2541 2725 2594 2769 et
2625 2717 2937 2783 parricidas,
2978 2728 3031 2771 et
3059 2718 3376 2777 fratricidas.

1825 2813 1878 2856 ct
1908 2805 2046 2856 fures
2067 2844 2085 2870 ,
2157 2813 2214 2860 et
2280 2816 2527 2878 raptores
2550 2854 2566 2878 ,
2657 2815 2711 2860 et
2733 2807 2968 2872 claudos,
2997 2818 3052 2862 et
3075 2809 3298 2876 debiles,
3329 2821 3381 2863 ct

1827 2898 2112 2958 venenatis,
2143 2905 2197 2947 et
2225 2898 2434 2948 insanus
2461 2911 2580 2950 esse
2610 2897 2964 2965 tradiderunt,
2996 2911 3155 2970 atque
3194 2903 3380 2956 borum

1829 2985 2112 3036 nonnullos
2159 3001 2380 3037 mortem
2434 2988 2645 3051 nbitsse,
2699 2971 2981 3044 nonnullos
3019 2992 3236 3047 fulmine
3266 3010 3384 3063 pero

1826 3088 2008 3127 cussos
2040 3076 2218 3138 luisse,
2251 3077 2530 3129 tmnnullos
2571 3078 2870 3133 hominibus
2916 3082 3184 3147 serviisse,
3226 3094 3386 3154 atque

1825 3166 2043 3217 exsules
2085 3167 2373 3229 exstitisse,
2421 3169 2702 3221 nonnullos
2732 3170 2946 3225 vulnera
2988 3175 3278 3243 accepisse,
3324 3191 3386 3228 ac

1827 3261 2050 3311 lamenta
2079 3256 2326 3319 edidisse,
2361 3269 2518 3326 atque
2547 3258 2614 3312 ob
2663 3261 2898 3328 ituproba
2926 3275 2978 3316 et
3015 3262 3153 3316 [teda
3185 3266 3378 3333 ﬂagitia

1827 3351 1875 3400 in
1908 3349 2148 3401 animalia
2197 3365 2313 3402 sese
2347 3351 2670 3404 immutasse.
2702 3351 2817 3418 Quo
2847 3353 3002 3407 ﬁebat
3045 3363 3101 3407 ut
3145 3356 3384 3409 homines

1825 3439 1892 3491 ab
1925 3441 2049 3505 ipsis
2083 3440 2181 3492 diis
2211 3441 2546 3494 occasionum
2575 3455 2862 3510 sumentes,
2895 3447 3035 3498 onmi
3066 3447 3388 3513 impuritatis

1827 3547 2023 3599 genere
2055 3547 2175 3585 sc~e
2221 3535 2663 3588 contaminarent.
2713 3536 2788 3589 Ac
2833 3546 2944 3590 tum
2974 3537 3232 3592 horrenda
3272 3543 3388 3609 qui-

1830 3630 1945 3673 dem
1979 3622 2149 3688 caligo
2178 3637 2342 3689 genus
2387 3633 2626 3677 nostrum
2659 3627 2902 3690 tenebat;
2935 3642 3105 3694 neque
3146 3639 3260 3682 erat
3299 3633 3388 3696 qui

1829 3711 2172 3782 intelligeret,
2203 3727 2300 3766 nec
2337 3714 2424 3782 qui
2457 3713 2619 3767 Deum
2649 3715 2944 3783 requireret
2974 3716 3145 3786 (Psal.
3179 3721 3318 3782 xm).

1895 3838 1964 3888 Ε
2014 3848 2188 3889 autem
2219 3847 2376 3893 :etate
2404 3841 2670 3894 Abraham
2713 3848 2858 3898 solus
2887 3846 3136 3901 inventus
3184 3859 3265 3902 est
3295 3854 3382 3916 qui

1821 3932 2010 3983 animm
2039 3944 2250 3983 sensum
2282 3932 2494 3986 tit-mum
2539 3949 2603 3988 ac
2650 3935 2910 3989 valentem
2943 3937 3182 4003 haberet,
3231 3953 3385 4010 atque

1821 4034 1889 4074 ex
1926 4035 2099 4073 rerum
2147 4023 2475 4076 conditarum
2524 4037 2806 4093 prospectu
2857 4030 3186 4084 conditorem
3223 4047 3379 4099 agno-

1825 4121 2023 4166 sceret.
2050 4116 2176 4166 Nam
2205 4130 2323 4166 cum
2357 4116 2574 4182 ctelum,
2605 4132 2666 4170 ac
2697 4127 2914 4185 terram,
2947 4132 3000 4174 et
3025 4137 3191 4190 mare,
3217 4128 3382 4177 solent

1821 4205 1948 4258 item
1995 4215 2048 4257 et
2077 4208 2246 4258 lunam
2278 4222 2339 4260 ac
2371 4209 2570 4276 reliqua
2608 4211 3034 4280 considerasset,
3081 4214 3382 4283 hujusmodi

1824 4305 2068 4349 ornatunt
2095 4298 2464 4352 concinnitatis
2509 4302 2718 4367 plenum
2762 4301 3049 4357 admiratus
3094 4315 3193 4359 est.
3229 4305 3387 4359 Cunt-

1824 4402 1928 4456 que
1950 4389 2222 4452 mundum,
2247 4398 2301 4442 et
2336 4405 2399 4442 ea
2428 4407 2545 4459 qua:
2577 4395 2624 4443 in
2654 4392 2766 4459 ipso
2814 4403 2957 4456 sunt,
2999 4399 3384 4463 conspexisset,

1823 4495 1928 4533 non
1958 4495 2083 4532 casu
2114 4493 2176 4532 ac
2208 4479 2424 4532 fortuito
2478 4496 2535 4533 ea
2585 4483 2856 4536 exstitisse
2885 4493 3041 4552 atque
3084 4489 3388 4542 conservari

147 4567 255 4632 γῆς
287 4563 319 4632 ἦ
352 4565 461 4624 τοῖς
487 4561 714 4630 ἀψύχοις
742 4562 978 4625 εἰδώλοις
999 4562 1097 4633 τὴν
1130 4565 1308 4617 αἰτίαν
1331 4565 1429 4632 τῆς
1459 4565 1713 4634 τοιαύτης

1827 4567 2166 4622 existimavit.
2197 4567 2302 4620 Nec
2329 4583 2536 4620 rursum
2568 4577 2720 4622 terra:
2751 4570 3046 4636 elementis,
3097 4582 3187 4627 aut
3217 4575 3388 4626 inani-

143 4655 561 4723 διακοσμήσεως
599 4651 994 4722 προσανέθετο·
1049 4654 1187 4707 ἀλλὰ
1232 4655 1327 4708 τὸν
1371 4655 1544 4726 άληθῆ
1586 4657 1716 4708 Θεὸν

143 4746 239 4796 διὰ
273 4744 476 4795 τούτων
507 4744 738 4811 ἐπέγνω,
772 4743 867 4797 καὶ
898 4745 1056 4798 αὐτὸν
1085 4741 1224 4798 εἶναι
1255 4750 1597 4818 Δημιουργὸν
1621 4749 1715 4801 τοῦ

147 4834 353 4896 παντὸς
405 4833 501 4886 καὶ
549 4835 778 4904 συνοχέα
845 4837 1100 4907 συνῆκεν.
1175 4838 1600 4906 Ἀποδεξάμενος
1659 4841 1714 4892 δέ

141 4925 340 4979 τοῦτον
387 4926 486 4992 τῆς
539 4926 959 4994 εὐγνωμοσύνης
1014 4930 1106 4981 κα)⁸
1155 4929 1322 4999 ὀρθῆς
1371 4931 1637 5002 κρίσεως,
1689 4935 1717 4985 ὁ

142 5017 284 5078 Θεὸς
314 5019 630 5086 ἐνεςςάνισεν
659 5018 822 5070 αὐτὸν
850 5017 1019 5088 αὐτῷ,
1057 5021 1119 5073 οὐ
1150 5021 1328 5084 καθὼς
1360 5022 1472 5092 ἔχει
1503 5023 1716 5090 φύσεως

145 5107 319 5177 (Θεὸν
350 5108 460 5177 γὰρ
508 5109 634 5160 ἰδεῖν
665 5113 895 5180 γεννητῇ
937 5111 1096 5178 φύσει
1144 5113 1452 5182 ἀδύνατον),
1486 5115 1601 5168 ἀλλ’
1635 5117 1716 5167 ol-

144 5201 470 5265 κονομικαῖς
499 5215 610 5250 τισι
641 5197 1004 5266 θεοφανείαις,
1052 5202 1129 5264 ὡς
1172 5198 1314 5254 οἶδεν
1341 5205 1502 5266 αὐτός
1524 5219 1537 5232 °
1590 5208 1712 5270 καὶ,

142 5287 484 5355 τελεωτέραν
515 5288 718 5354 γνῶσιν
761 5289 936 5353 ἐνθεὶς
973 5292 1138 5344 αὐτοῦ
1183 5294 1250 5363 τῇ
1282 5293 1448 5364 ψυχῇ,
1476 5294 1716 5358 ἐδόξασε,

143 5384 247 5432 καὶ
279 5381 479 5432 οἰκεῖον
509 5381 660 5433 ἔθετο
699 5381 1028 5451 θεράποντα,
1056 5385 1135 5448 ὃς,
1173 5384 1267 5437 καὶ
1297 5387 1438 5439 κατά
1466 5388 1716 5458 διαδοχὴν

142 5473 262 5532 τοῖς
295 5469 355 5534 ἐξ
380 5473 542 5525 αὐτοῦ
574 5475 948 5543 παραπέμψας
974 5477 1074 5546 τὴν
1097 5477 1399 5540 εὐσέϐειαν,
1422 5481 1511 5532 τὸν
1540 5480 1715 5551 ἀληθῆ

141 5561 437 5632 γνωρίζειν
461 5564 667 5629 ἐδίδαξε
711 5565 864 5622 Θεόν.
895 5567 984 5619 Διὸ
1017 5569 1112 5622 καὶ⁵
1139 5570 1220 5632 εἰς
1260 5571 1463 5640 πλῆθος
1493 5573 1718 5643 ἄπειρον

221 5721 300 5798 (ᾗ)
327 5723 504 5798 Epist.
534 5723 612 5798 ad
632 5721 783 5777 Rom.
816 5739 854 5798 I,
889 5721 960 5776 9.5
991 5741 1005 5776 :
1053 5723 1464 5798 Ἐσεβάσθησαν
1489 5728 1582 5779 καὶ
1613 5729 1716 5781 ἐλά¹

1827 5746 1943 5782 ισαν
1968 5733 2035 5798 τῇ
2070 5729 2242 5782 κτίσει

1826 4661 1927 4713 mis
1971 4660 2270 4712 simulacris
2299 4672 2516 4713 ornatus
2547 4661 2913 4727 hujuscemodi
2962 4678 3173 4717 causam
3219 4667 3384 4718 ascri-

1828 4752 1931 4819 psit
1957 4767 1971 4815 ;
2002 4749 2094 4803 sed
2127 4749 2289 4804 Deum
2323 4765 2502 4803 verum
2536 4765 2627 4818 per
2657 4751 2770 4805 haec
2799 4756 3032 4820 agnovit,
3073 4763 3232 4824 atque
3262 4755 3384 4808 uni-

1825 4841 1964 4894 versi
2013 4840 2321 4893 elfectorem
2368 4851 2420 4892 et
2464 4851 2890 4895 conservatorem
2940 4857 3060 4897 esse
3109 4844 3384 4897 intellexit.

1827 4935 1966 4986 Deus
1997 4941 2170 4985 autem
2200 4931 2312 4998 ejus
2342 4933 2656 4999 probitatem
2701 4936 2861 4988 animi
2890 4945 3046 5004 atque
3078 4939 3383 4996 candorem,

1827 5033 2135 5088 rectumque
2158 5020 2413 5090 judicium
2444 5024 2822 5090 comprobans,
2853 5025 3084 5093 seipsum
3113 5029 3160 5080 ei
3193 5029 3388 5095 patele-
3432 5024 3435 5028 ’

1825 5116 1896 5168 cit
1942 5115 2068 5181 (non
2125 5114 2333 5180 quidem
2385 5126 2438 5166 ut
2489 5129 2673 5168 natura
2717 5128 2819 5181 est,
2862 5133 3033 5185 neque
3075 5119 3214 5170 enim
3266 5119 3383 5172 lier-i

1826 5215 2000 5273 potest
2046 5215 2101 5258 ut
2139 5213 2314 5259 creata
2363 5217 2542 5257 natura
2602 5207 2766 5259 Deum
2815 5218 3015 5272 cernat,
3069 5223 3251 5260 verum
3297 5224 3387 5274 per

1826 5298 2241 5364 dispensatorias
2260 5296 2511 5365 quasdam
2537 5297 2628 5350 Dei
2653 5296 2906 5361 visiones,
2938 5300 3381 5364 quemadmodum

1830 5392 1941 5456 ipse
1968 5388 2157 5456 novit),
2191 5390 2583 5455 pleniorentque
2607 5389 2687 5441 sui
2715 5389 3070 5454 cognitionem
3121 5389 3172 5440 in
3223 5389 3384 5455 ipsius

1828 5479 2005 5532 animo
2035 5479 2292 5541 inserens,
2323 5478 2484 5546 gloria
2517 5493 2636 5532 eum
2663 5479 2855 5541 alfecit,
2889 5480 3093 5548 sibique
3133 5482 3384 5532 tantulum

1831 5568 2038 5622 ascivit.
2087 5570 2185 5635 Qui
2216 5567 2426 5637 quidem
2475 5583 2568 5638 per
2615 5583 3006 5623 successionem
3062 5570 3145 5623 his
3187 5571 3274 5637 qui
3321 5571 3386 5622 ab

2280 5729 2428 5800 παρὰ
2451 5729 2538 5782 τὸν
2571 5729 2866 5783 Κτίσαντα.

223 5786 300 5865 (6)
421 5795 688 5865 adjective
726 5796 1022 5863 περίγειος,
1058 5804 1096 5865 ι2
1125 5794 1212 5854 Ill,
1248 5786 1365 5861 pag.
1400 5797 1488 5861 25,
1524 5815 1574 5850 ιι.
1609 5800 1670 5860 7;
1701 5816 1716 5863 ι

1857 5801 1924 5852 48
1949 5840 1962 5859 .
1995 5786 2049 5854 ti.
2079 5801 2129 5853 4.
2160 5830 2224 5840 -
2263 5786 2442 5856 δι’ὶῖοι.
2481 5803 2530 5854 in
2564 5804 2609 5853 A
2635 5818 2647 5855 :
2672 5803 2719 5854 οἱ
2748 5802 3019 5857 Χαλδαῖοι.

225 5860 302 5934 (Ἰ)
346 5864 509 5933 Epist.
537 5864 604 5918 ad
639 5860 905 5928 ῐὶυιυζιιι,
942 5865 1042 5931 ll;
1078 5864 1218 5919 Psal.
1250 5860 1377 5932 itit,
1410 5860 1578 5922 2.(ρἷ
1617 5884 1666 5939 p.
1702 5860 1796 5935 l6,
1837 5887 1889 5924 ιι.
1921 5869 1974 5922 2.
