4180 6458
153 482 263 543 9⁵25

1242 459 1424 517 νὶΤΛ
1463 458 1819 520 BARLAAM
1857 458 1953 519 ET
1990 460 2341 521 JOASAPII.
3269 472 3372 532 9'26

147 574 317 643 ἀορεια
354 570 465 641 (66)
497 569 661 623 πάλιν
706 569 885 639 ψυχῆς
934 586 991 623 τε
1019 568 1112 621 καὶ
1141 567 1414 635 σώματος.
1460 566 1603 620 Αὐτὸ
1627 562 1723 619 οὖν
1754 576 1797 633 Β

1754 576 1797 633 Β
1828 570 1879 639 (1
1914 572 2091 626 Thess.
2125 576 2225 642 iv).
2261 575 2352 628 Est
2376 585 2548 629 autem
2588 580 2935 648 resurrectio,
2974 582 3163 637 anime
3200 599 3378 638 rursus

149 664 212 716 τὸ
254 662 451 731 σῶμα,
512 661 573 712 τὸ
622 662 979 729 φθειρόμενον
1036 660 1131 711 καὶ
1185 657 1555 725 διαλυόμενον,
1591 657 1724 710 αὐτὸ

148 757 514 825 ἀναστήσεται
555 752 851 821 ἄφθαρτον.
884 753 993 805 Καὶ
1026 751 1288 821 μηδαμῶς
1341 767 1422 801 σοι
1462 749 1725 812 ἀπιστίας

147 846 414 914 λογισμὸς
438 845 569 916 περὶ
597 845 788 896 τούτου
831 841 1034 913 ἐπέλθῃ
1069 841 1181 908 (67)
1203 859 1218 871 ·
1252 841 1353 893 οὐκ
1381 839 1491 910 64
1526 841 1723 893 ἀδυνα-

148 941 237 991 tsi
267 938 373 1008 γὰρ
417 936 496 1004 τῷ
525 936 585 998 ἐξ
620 936 795 1006 ἀρχῆς
839 936 902 986 ὲκ
930 935 1029 1003 τῆς
1058 932 1157 1002 γῆς
1181 930 1538 983 διαπλάσαντι
1569 930 1724 992 αὐτὸ,

152 1026 274 1083 εἶτα
298 1029 646 1097 ἀποστραφὲν
669 1029 750 1088 εἰς
774 1028 876 1094 γῆν
906 1026 966 1088 ἐξ
995 1019 1059 1094 ἦς
1083 1023 1309 1092 ἐλήφθη,
1341 1022 1478 1075 κατᾶ
1506 1022 1601 1091 τήν
1628 1019 1723 1073 τοῦ

152 1118 499 1191 Δημιουργοῦ
550 1117 827 1184 ἀπόφασιν
888 1114 1021 1185 ((38),
1066 1109 1223 1171 αὖθις
1277 1111 1600 1178 ἀναστῆσαι.
1662 1109 1726 1161 Εἰ

154 1214 268 1280 γὰρ
308 1212 578 1279 ἐννοήσεις
621 1209 763 1259 πόσα
800 1205 860 1268 ἐξ
897 1205 997 1257 οὐκ
1034 1204 1204 1254 ὄντων
1228 1203 1481 1271 ἐποίησεν
1512 1203 1539 1253 ὁ
1570 1201 1724 1264 Θεὸς,

157 1303 318 1369 ἱκανή
351 1318 432 1353 σοι
460 1301 615 1351 ἕσται
641 1296 780 1361 αὕτη
811 1291 1103 1355 ἀπόδειξις.
1139 1293 1250 1345 Καὶ
1274 1293 1384 1358 γὰρ
1413 1292 1517 1360 γῆν
1546 1288 1726 1341 λαϐὼν

154 1394 416 1460 ἐποίησεν
462 1390 771 1458 ἄνθρωπον.
815 1386 918 1453 γῆν
962 1385 1060 1436 οὐκ
1084 1379 1248 1436 οὖσαν
1277 1384 1543 1452 πρότερον
1564 1398 1577 1411 ο
1609 1380 1727 1443 πῶς

151 1482 250 1539 οὖν
295 1486 326 1550 ἡ
359 1484 427 1550 γῆ
472 1481 695 1547 γέγονεν
735 1476 1040 1546 ἄνθρωπος;
1073 1475 1189 1537 πῶς
1210 1475 1265 1528 δὲ
1299 1474 1439 1545 αὕτη
1468 1476 1567 1526 οὐκ
1595 1470 1727 1527 οὖσα

154 1576 472 1643 παρήγετος
510 1570 669 1622 ποίαν
689 1570 745 1621 δὲ
789 1567 1106 1637 ὐποδάθραν
1132 1568 1281 1636 exet;
1316 1567 1432 1628 πῶς
1462 1565 1518 1617 δὲ
1547 1565 1607 1630 ἐξ
1626 1566 1725 1617 αὐ-

150 1668 253 1735 τῆς
288 1663 649 1733 παρήχθησαν
673 1660 741 1712 τὰ
761 1660 867 1711 τῶν
889 1662 1100 1727 ἀλόγων
1123 1661 1325 1730 ἄπειρα
1347 1659 1500 1727 γένη,
1527 1659 1594 1711 τὰ
1618 1656 1726 1713 τῶν

154 1756 516 1825 σπερμάτων,
559 1752 628 1803 τά
656 1750 763 1803 τῶν
804 1751 1017 1817 φυτῶνς
1083 1749 1240 1803 ’Λλλά
1280 1750 1375 1802 καὶ
1412 1748 1509 1800 νῦν
1560 1764 1729 1800 κατα-

152 1850 352 1917 νόησον
380 1848 473 1911 ἐπὶ
500 1843 599 1911 τῆς
622 1843 930 1912 γεννήσεως
955 1842 1049 1911 τῆς
1076 1842 1349 1911 ἡμετέρας
1372 1857 1386 1871 ο
1418 1841 1478 1892 οὐ
1507 1840 1727 1910 σπέρμα

1817 678 1937 717 cum
1963 678 2186 732 corpore
2210 666 2529 733 eonjunctio.
2570 669 2827 732 Quocirca
2852 672 2951 725 hoc
2977 672 3144 739 ipsum
3167 687 3377 740 corpus.

1817 752 1956 819 quod
1986 753 2165 805 interit
2190 769 2250 805 ae
2278 756 2601 819 dissolvitur,
2631 761 2696 810 ita
2728 771 2998 831 resurget,
3029 771 3085 816 ut
3130 762 3378 829 deinceps

1820 840 2041 894 interire
2069 854 2294 909 nequeat
2323 842 2377 911 (Ι
2402 843 2519 898 Cor.
2549 845 2665 913 xv).
2694 847 2800 902 Nec
2825 866 2951 904 vero
2979 852 3097 906 huic.
3121 854 3196 907 rei
3224 854 3379 909 [idem

1827 932 1938 984 ullo
1977 932 2135 985 modo
2178 936 2433 1001 abrogare
2474 938 2524 988 in
2567 948 2797 991 mentem
2840 942 2928 993 tibi
2968 945 3161 997 veniat.
3205 945 3383 1014 Neque

1826 1022 1965 1074 enim
1995 1022 2043 1074 ei
2071 1023 2156 1088 qui
2191 1026 2356 1090 ipsum
2388 1027 2614 1093 primum
2652 1042 2684 1082 e
2723 1038 2858 1086 terra
2889 1031 3131 1098 efﬁnxit,
3175 1045 3379 1104 postea-

1828 1125 1987 1179 quam
2022 1114 2071 1164 in
2102 1124 2295 1167 terram
2338 1130 2403 1167 ex
2448 1132 2548 1184 qua
2587 1130 2855 1187 sumptum
2897 1132 2977 1175 est
3016 1125 3201 1190 rediit,
3233 1127 3380 1194 juxta

1819 1199 2082 1257 Creatoris
2104 1205 2416 1258 sententiam
2444 1222 2623 1261 rursus
2646 1210 2710 1261 ad
2742 1211 2899 1264 vitam
2924 1213 3157 1268 excitare
3185 1216 3384 1285 impos-

1819 1293 1972 1347 sibile
2000 1304 2101 1348 est.
2129 1294 2258 1348 Nam
2288 1298 2333 1349 si
2365 1299 2503 1365 quod
2536 1298 2645 1369 Rex
2672 1300 2811 1355 Deus
2843 1316 2907 1356 ex
2940 1304 3104 1357 nihilo
3132 1307 3181 1358 in
3208 1317 3381 1361 ortum

1821 1385 2162 1453 produxerit,
2196 1397 2365 1440 tecum
2398 1398 2613 1457 reputes
2637 1430 2651 1453 ,
2686 1392 2820 1446 istud
2852 1393 2980 1447 satis
3011 1408 3200 1464 magno
3229 1410 3383 1465 argu-

1822 1486 2002 1530 mento
2029 1477 2120 1530 tibi
2153 1480 2379 1532 futurum
2421 1490 2523 1535 est.
2567 1482 2771 1537 Etenim
2813 1496 3022 1555 sumpta
3065 1497 3236 1555 terra,
3264 1506 3384 1558 quae

1817 1569 1970 1639 prius
2001 1585 2103 1622 non
2133 1580 2281 1633 erat,
2317 1572 2584 1626 hominem
2620 1580 2911 1641 procreavit
2938 1578 3090 1645 (Gen.
3116 1582 3214 1647 ιι).
3245 1582 3384 1644 Quu-

1822 1675 1944 1713 nam
1976 1661 2132 1729 igitur
2163 1664 2321 1717 modo
2346 1679 2376 1717 e
2408 1675 2545 1718 terra
2590 1665 2747 1719 homo
2787 1668 2956 1723 factus
2984 1672 3108 1724 est?
3144 1673 3382 1735 Quonam:

1820 1756 1978 1808 modo
2021 1757 2132 1823 ipsa
2179 1774 2243 1811 ex
2295 1758 2463 1811 nihilo
2513 1761 2763 1824 producta
2811 1763 2929 1816 est?
2972 1762 3211 1829 Quonam
3257 1766 3381 1819 item

1828 1845 2173 1901 fundamento
2204 1849 2429 1902 nititur?
2459 1850 2693 1915 Quonam
2723 1854 2948 1922 denique
2975 1854 3131 1908 modo
3158 1868 3223 1908 ex
3266 1857 3377 1922 ipsa

159 1941 337 2011 βραχῦ
389 1939 591 1991 ὲνίεται
641 1939 720 1997 εἰς
754 1935 852 2003 τὴν
894 1934 1296 2003 ὑποδεχομένην
1328 1934 1537 2003 μήτραν
1566 1924 1728 1998 arti-rd;
1760 1939 1804 1993 Β

1727 1979 1728 1986 η
1760 1938 2028 1995 Binﬁnila
2059 1948 2170 1992 tum
2201 1942 2473 1995 brutorum
2494 1982 2510 2005 ,
2540 1952 2644 1995 tum
2669 1946 2931 1997 seminum
2961 1986 2976 2010 ,
3005 1954 3112 1998 tum
3141 1946 3378 2014 stirpiun.

158 2029 325 2080 πόθεν
352 2024 443 2079 οὖν
472 2028 503 2095 ἠ
539 2024 773 2092 τοσαύτη
802 2023 894 2075 τοῦ
918 2022 1056 2087 ideo»
1085 2022 1371 2084 διάπλασις
1399 2042 1413 2087 ;

1818 2043 2014 2099 genera
2054 2032 2305 2096 producta
2347 2036 2511 2087 sunt?
2541 2034 2836 2100 Quinetiam
2868 2039 2918 2089 in
2960 2047 3137 2091 nostro
3175 2054 3383 2108 quoque

152 2118 277 2162 ortu
309 2112 465 2163 velim
501 2113 597 2163 hoc
632 2111 965 2165 consideres.
992 2111 1074 2162 An
1107 2126 1213 2164 non
1243 2110 1387 2165 enim
1420 2112 1773 2182 perexiguum
1804 2130 1985 2169 semen
2018 2120 2069 2169 in
2105 2125 2326 2181 terram,
2360 2120 2459 2171 hoc
2485 2130 2567 2172 est
2595 2122 2647 2173 in
2677 2122 2889 2174 vulvam
2921 2123 3093 2189 ipsum
3116 2124 3395 2192 excipien-

156 2214 265 2258 t-rm
296 2204 589 2257 emittitur?
630 2204 785 2258 Unde
815 2204 981 2274 igitur
1006 2205 1118 2259 haec
1148 2215 1293 2261 tanta
1323 2205 1577 2260 animalis
1604 2204 1859 2263 eﬂcctio?

224 2296 315 2363 Τῷ
340 2290 431 2347 οὖν
456 2291 626 2345 ταῦτα
658 2291 837 2343 πάντα
856 2289 1323 2357 δημιουργήσαντι
1352 2289 1414 2336 ἑκ
1446 2287 1521 2357 μὴ
1551 2287 1720 2340 δντων

152 2391 251 2443 καὶ
274 2389 351 2440 ἔτι
384 2382 802 2455 δημιουργοῦντι
830 2383 927 2435 οὐκ
964 2380 1223 2433 ἀδύνατον
1250 2380 1312 2429 ἐκ
1342 2377 1445 2445 γῆς
1471 2376 1541 2429 τά
1572 2394 1721 2430 νενε-

152 2480 415 2551 κρωμένα
458 2479 552 2529 καὶ
586 2475 955 2545 διαφθαρέντα
996 2470 1226 2539 σώματα
1264 2470 1586 2538 ἀναστῆσαι,
1638 2470 1724 2522 ἴνα

154 2578 384 2634 ἕκαστος
432 2568 679 2638 ἀπολάϐῃ
728 2567 869 2618 κατά
902 2565 970 2616 τὰ
1007 2564 1144 2633 ἔργα
1188 2560 1387 2614 αὐτοῦ’
1433 2561 1728 2632 Ἐργασίας

155 2670 287 2737 γάρ.
318 2664 500 2733 φησὶν,
533 2664 641 2729 (59)
664 2662 690 2713 ὁ
712 2660 903 2728 παρὼν
940 2657 1151 2727 καιρὸς,
1183 2658 1210 2708 ὁ
1232 2655 1289 2706 δὲ
1357 2654 1573 2723 μέλλων
1603 2654 1726 2705 ἀντ-

157 2760 483 2818 αποδόσεως.
504 2756 653 2806 Ἐπεὶ
680 2753 782 2803 ποῦ
812 2753 872 2802 τὸ
891 2749 1095 2802 δίκαιον
1117 2747 1211 2800 τοῦ
1232 2747 1389 2809 Θεοῦ,
1413 2748 1461 2797 εἰ
1493 2745 1567 2814 μὴ
1592 2744 1725 2797 ἀνά.-

166 2867 352 2911 στασις
382 2844 484 2917 ἦν;
516 2846 700 2897 πολλοὶ
740 2843 875 2914 γὰρ,
916 2842 1113 2895 δίκαιοι
1138 2840 1311 2903 ὄντες,
1342 2839 1513 2892 πολλὰ
1542 2842 1599 2891 ὲν
1649 2836 1728 2906 τῷ

161 2942 391 3013 παρόντι
414 2940 513 3009 βίῳ
536 2936 967 3007 κακουχηθέντες
1000 2934 1094 2986 καὶ
1118 2930 1521 3002 τιμωρηθέντες
1541 2928 1729 2998 βιαίως

160 3032 505 3103 ἀνῃρέθησαν
525 3046 539 3061 ·
573 3028 703 3081 ἔνιοι
728 3028 803 3091 δὲ,
844 3025 1059 3086 ἀσεϐεῖς
1087 3024 1240 3085 ὄντες
1282 3023 1376 3074 καὶ
1401 3022 1728 3092 παράνομοι,

161 3130 218 3175 ἐν
253 3124 429 3192 τρυφῇ
474 3118 566 3171 καὶ
608 3117 875 3187 εὐημερίᾳ
904 3115 1001 3183 τήν
1030 3113 1317 3184 παροῦσαν
1347 3111 1492 3180 ζωὴν
1520 3109 1733 3179 ἀνήλω-

1893 2290 2250 2356 Quamobrem
2304 2291 2352 2345 ei
2403 2289 2490 2359 qui
2537 2292 2713 2344 omnia
2763 2306 2827 2343 ex
2879 2291 3046 2345 nihilo
3092 2292 3378 2359 produxit,

1822 2390 1979 2449 atque
2013 2381 2303 2434 etiamnum
2344 2381 2617 2448 producit,
2668 2381 2884 2433 minime
2930 2381 3250 2449 impossibile
3297 2393 3381 2437 est

1818 2485 2044 2536 corpora
2096 2486 2156 2525 ea
2183 2486 2301 2539 quae
2326 2480 2497 2524 morte
2520 2472 2751 2524 extincta
2776 2480 2932 2539 atque
2966 2481 3209 2539 corrupta
3234 2482 3377 2537 sunt,

1820 2574 1849 2612 e
1880 2568 2022 2613 terra
2053 2562 2119 2614 ad
2152 2562 2311 2614 vitam
2341 2576 2622 2624 revocare,
2663 2569 2718 2613 ut
2758 2562 3117 2630 unusquisque
3160 2577 3382 2616 consen-

1821 2662 2029 2707 taneam
2059 2654 2309 2723 operibus
2337 2654 2443 2706 suis
2470 2653 2767 2707 mercedem
2800 2654 3016 2722 recipiat
3057 2652 3143 2723 (II
3166 2655 3283 2709 Cor.
3309 2672 3378 2720 νς

1821 2743 2024 2798 Psalm.
2053 2744 2192 2813 ut).
2225 2745 2446 2799 Laboris
2475 2746 2616 2799 enim
2646 2754 2759 2810 est,
2792 2747 2956 2814 inquit
2993 2747 3114 2813 ille,
3148 2762 3382 2815 ιιι-αδδιτις

1822 2848 2065 2909 tempus;
2095 2838 2327 2893 futurum
2353 2849 2562 2901 autem,
2590 2839 2866 2892 mercedis.
2895 2839 3136 2906 Alioqui,
3168 2840 3377 2894 ubinam

1820 2935 1913 2988 Dei
1936 2933 2138 3002 justitia
2165 2934 2265 2987 erit
2287 2972 2302 2995 ,
2330 2933 2435 2986 nisi
2460 2933 2532 2985 sit
2557 2932 2907 2984 resurrectio?
2934 2930 3201 2998 Siquidem
3229 2933 3377 2995 multi

1822 3024 1972 3093 probi
2016 3022 2147 3082 viri.
2192 3037 2309 3074 cum
2360 3022 2413 3074 in
2463 3022 2562 3074 hac
2600 3022 2703 3073 vita
2746 3021 2937 3073 multas
2966 3021 3293 3074 calamitates
3318 3036 3381 3075 ac

1825 3114 1990 3165 multa
2023 3112 2275 3180 supplicia
2309 3112 2554 3164 lulissml
2575 3152 2590 3174 ,
2625 3125 2719 3178 per
2745 3109 2848 3161 vim
2881 3110 3088 3163 tandem
3117 3111 3181 3164 de
3206 3111 3382 3165 medio

164 3229 297 3265 σανο
347 3213 373 3262 δ
423 3210 480 3262 δὲ
523 3208 676 3269 Θεὸς,
730 3205 916 3273 ἐπειδὴ
961 3202 1163 3270 ἀγαθός
1214 3204 1331 3253 ἐστι
1368 3201 1461 3253 καὶ
1500 3200 1729 3261 δίκαιος,
1757 3220 1801 3279 C

1728 3242 1729 3245 η
1757 3220 1801 3279 C
1826 3203 2017 3255 sublati
2047 3209 2190 3253 sunt.
2220 3200 2464 3253 Nonnulli
2492 3209 2675 3252 contra
2707 3199 2851 3264 impii
2884 3213 2943 3251 ac
2972 3198 3248 3253 facinorosi
3281 3201 3379 3252 liu-

161 3306 361 3372 ὥρισεν
402 3300 611 3369 ἡμέραν
640 3297 986 3357 ἀναστάσεως
1030 3294 1123 3345 καὶ
1157 3294 1419 3354 ἐτάσεως,
1452 3291 1557 3353 ἵνα,
1587 3291 1725 3341 ἁπο-

161 3395 404 3448 λαϐοῦσα
446 3393 650 3458 ἑκάστη
699 3388 845 3457 ψυχὴ
884 3386 943 3438 τὸ
988 3385 1114 3437 ἴδιον
1145 3384 1324 3452 σῶμα,
1354 3384 1382 3435 ὁ
1413 3382 1512 3450 μὲν
1536 3381 1727 3444 κακὸς,

161 3483 394 3537 ἐνταῦθα
447 3484 514 3534 τὰ
565 3479 745 3548 ἀγαθά
798 3476 1112 3539 ἀπολαϐὼν,
1157 3474 1264 3544 65
1324 3475 1441 3527 ἐκεῖ
1478 3473 1607 3543 περὶ
1652 3465 1728 3525 ὧν

160 3578 377 3645 ἥμαρτε
419 3570 677 3639 κολασθῇ,
703 3572 731 3622 ὁ
774 3569 831 3619 δὲ
864 3566 1088 3633 ἀγαθὸς,
1132 3564 1365 3617 ἐνταῦθα
1397 3563 1731 3634 τιμωρηθεὶς

166 3667 296 3736 περὶ
333 3658 407 3716 ὧν
436 3664 704 3731 ἥμαρτεν,
735 3660 852 3711 ἐκεῖ
879 3657 986 3709 τῶν
1016 3655 1236 3724 ἀγαθῶν
1269 3654 1603 3723 κληρονόμος
1634 3654 1733 3721 γέ-

163 3773 362 3825 νηται·
431 3753 775 3806 Ἀκούσονται
829 3751 958 3818 γάρ,
1012 3748 1174 3815 φησιν
1222 3746 1252 3796 ὁ
1303 3746 1529 3813 Κύριος,
1578 3747 1627 3797 οἱ
1674 3747 1734 3798 ὲν

163 3852 276 3911 τοῖς
310 3847 596 3915 μνημείοις
646 3846 737 3912 τῆς
782 3841 967 3910 φωνῆς
995 3838 1090 3892 τοῦ
1141 3835 1275 3891 Υἱοῦ
1308 3837 1403 3890 τοῦ
1447 3836 1607 3903 Θεοῦ,
1640 3836 1736 3889 καὶ

167 3936 538 4000 ἐξελεύσονται
573 3934 624 3984 οἱ
652 3932 718 3984 τὰ
750 3930 930 3995 ἀγαθά
964 3929 1291 3998 ποιήσαντες
1330 3930 1408 3988 εἰς
1437 3926 1736 3978 ἀνάστασιν

168 4028 345 4096 ζωῆς.
384 4028 432 4078 οἱ
462 4025 518 4077 δὲ
549 4024 617 4076 τά
647 4023 828 4091 φαῦλα
861 4022 1163 4090 πράξαντες
1195 4022 1272 4081 εἰς
1294 4020 1586 4073 ἀνάστασιν
1616 4017 1736 4089 κρί-

171 4134 311 4178 σεως
347 4115 481 4180 (70),
514 4112 674 4183 ἡνίκα
716 4114 808 4165 καὶ
840 4111 1018 4181 θρόνοι
1042 4112 1389 4180 τεθήσονται,
1436 4110 1531 4163 καὶ
1568 4110 1597 4162 ὁ
1623 4110 1736 4162 Πα-

169 4208 323 4268 λαιὸς
365 4205 470 4258 τῶν
499 4205 717 4274 ἡμερῶν
757 4205 850 4255 καὶ
882 4205 1095 4256 πάντων
1130 4203 1469 4272 Δημιουργὸι,
1496 4202 1735 4271 προκαθ-

173 4299 280 4349 ίσει
333 4295 468 4365 (71),
524 4294 617 4346 καὶ
671 4292 842 4360 βίϐλοι
894 4292 1271 4360 ἀνοιγήσονται
1349 4291 1462 4361 (72)
1519 4292 1739 4346 πάντων

166 4386 330 4456 ἡμῶν
387 4385 484 4444 τὰς
544 4380 797 4452 πράξεις,
831 4382 954 4445 τοὺς
1002 4381 1218 4449 λόγους,
1268 4383 1366 4444 τὰς
1413 4382 1739 4453 ἐνθυμήσεις

166 4473 630 4545 ἐγγεγραμμένας
674 4472 926 4541 ἔχουσαι,
966 4474 1061 4525 καὶ
1104 4475 1347 4542 ποταμὸς
1378 4474 1548 4543 πυρὸς
1585 4474 1739 4527 ’ἑλκε-

1826 3292 2027 3356 mines,
2072 3290 2124 3343 in
2167 3290 2369 3344 deliciis
2412 3304 2474 3342 ac
2520 3289 2785 3356 prosperis
2829 3302 3003 3342 rerum
3047 3286 3381 3343 successibus

1826 3390 2144 3435 urmsentem
2188 3380 2348 3432 vitam
2394 3389 2868 3443 consumpserunt:
2896 3389 2950 3431 at
2988 3379 3161 3440 Deus.
3207 3390 3263 3432 ut
3291 3383 3380 3445 qui

1828 3479 1982 3533 simul
2013 3486 2065 3530 et
2093 3476 2325 3529 bonitate
2366 3484 2421 3528 et
2460 3475 2658 3542 justitia
2704 3482 2942 3542 praestet,
2986 3473 3387 3527 resurrectionis

1834 3582 1898 3622 ac
1926 3567 2324 3621 referendarum
2352 3566 2615 3618 rationum
2645 3565 2783 3617 diem
2813 3565 3115 3630 constituit,
3146 3574 3236 3630 ut,
3267 3578 3388 3616 eum

1836 3671 2057 3725 qumque
2101 3656 2278 3709 anima
2331 3669 2525 3722 corpus
2573 3670 2722 3709 suum
2778 3658 3062 3722 receperit,
3116 3656 3391 3721 improbus

1835 3750 2045 3819 quidem
2092 3758 2147 3802 et
2191 3749 2514 3811 sceleratus,
2561 3746 2649 3814 qui
2696 3746 2781 3800 hic
2826 3748 3001 3799 omnia
3049 3746 3279 3798 secunda
3326 3759 3391 3797 ae

1836 3842 1953 3894 lata
2002 3840 2272 3902 habuerit,
2323 3839 2430 3892 illic
2476 3839 2732 3891 scelerum
2776 3852 2959 3905 poenas
3002 3838 3146 3901 luat;
3194 3837 3391 3904 probus

1836 3941 2017 3986 contra
2065 3945 2247 3984 eorum
2294 3944 2412 3998 qua:
2458 3930 2639 3998 inique
2682 3930 2935 3997 gesserit,
2982 3928 3150 3995 poenis
3194 3928 3246 3980 in
3292 3926 3391 3979 hac

1835 4030 1940 4083 vita
1979 4027 2297 4095 persolutis,
2344 4026 2453 4079 illic
2498 4026 2755 4078 bonorum
2799 4024 3162 4076 haereditatem
3201 4035 3389 4074 conse-

1833 4128 2047 4188 quatur.
2078 4119 2306 4173 Audierit
2334 4117 2473 4172 enim
2496 4156 2512 4181 ,
2545 4116 2713 4185 inquit
2744 4116 3029 4181 Dominus,
3059 4115 3143 4182 qui
3186 4115 3237 4167 in
3274 4129 3391 4166 mo-

1833 4210 2106 4264 uumentis
2225 4215 2395 4274 sunt,
2502 4220 2684 4258 vocem
2717 4205 2830 4258 Filii
2872 4205 2983 4257 Dei.
3026 4205 3093 4257 Et
3130 4205 3386 4266 exibunt,

1833 4302 1922 4370 qui
1952 4302 2086 4354 bona
2112 4299 2349 4353 fecerunt
2375 4300 2426 4350 in
2453 4298 2887 4350 resurrectionem
2914 4297 3036 4347 vitae
3060 4310 3076 4359 ;
3101 4296 3186 4358 qui
3214 4303 3386 4346 autem

1839 4391 1975 4443 mala
2006 4399 2255 4460 egerunt,
2284 4389 2337 4442 in
2364 4387 2803 4442 resurrectionem
2839 4386 3021 4455 judicii
3065 4383 3259 4455 (Joan.
3293 4401 3321 4437 v
3342 4383 3385 4455 ).

1835 4481 1949 4546 Quo
1989 4482 2190 4534 scilicet
2238 4489 2473 4544 tempore
2520 4477 2674 4531 sedes
2720 4490 2929 4544 quoque
2973 4475 3386 4534 collocabuntur.

166 4585 259 4618 ται
309 4565 447 4631 (75),
488 4564 578 4613 καί
617 4562 793 4614 πάντα
838 4566 902 4611 τά
941 4562 1298 4629 κεκρυμμένα
1334 4561 1738 4615 ἀνακαλύπτονο
1767 4563 1813 4618 D

1734 4563 1813 4618 -D
1837 4581 1992 4638 atque
2033 4573 2291 4636 Antiquos
2336 4569 2540 4620 dierum
2585 4567 2748 4635 (Dan.
2789 4572 2882 4632 vn)
2907 4606 2921 4629 ,
2954 4578 3234 4629 rerumque
3270 4578 3385 4617 om-

165 4677 280 4712 ται.
318 4656 506 4718 Οὐδεὶς
541 4656 659 4706 ἐκεῖ
702 4654 1016 4723 συνήγορος,
1055 4652 1089 4723 ἢ
1130 4654 1421 4723 πιθανότης
1450 4654 1730 4724 ῥημάτων,

172 4754 199 4817 ἢ
235 4747 439 4817 ψευδὴς
489 4744 753 4810 ἀπολογία
773 4786 787 4808 ,
819 4744 853 4813 ἣ
900 4743 1135 4796 πλούτου
1164 4743 1475 4805 δυναστεία,
1505 4744 1538 4814 ἢ
1571 4742 1739 4808 ἀξιω-

172 4843 363 4907 μάτων
408 4838 589 4903 ὄγκος,
622 4835 655 4905 ἢ
683 4836 870 4906 δώρων
908 4835 1130 4903 ἄφθονοι
1158 4835 1363 4899 δόσεις,
1408 4835 1603 4903 κλέψαι
1639 4834 1740 4905 τὴν

164 4931 337 5001 έρθὴν
378 4929 558 4999 κρίσιν
592 4926 898 4995 ἰσχύουσιν·
946 4926 1062 4979 ἀλλ’
1109 4927 1139 4979 ὁ
1186 4926 1484 4989 ἀδέκαστος
1530 4927 1736 4988 ἐκεῖνος

1839 4663 1981 4715 nium
2015 4675 2204 4728 parens
2229 4669 2282 4714 et
2310 4660 2627 4712 architectus
2658 4656 2975 4726 praesidebit.
3005 4658 3079 4709 Ac
3110 4654 3226 4707 libri
3254 4668 3390 4721 ape-

1840 4752 2066 4817 riuntur,
2110 4750 2161 4802 in
2200 4750 2388 4817 quibus
2427 4751 2659 4802 omnium
2701 4757 2935 4801 nostrum
2972 4747 3237 4807 actiones,
3276 4758 3390 4798 ser-

1840 4854 2061 4902 mones,
2110 4841 2456 4907 cogitationes
2504 4837 2771 4905 inscriptae
2817 4835 3168 4889 continentur.
3224 4834 3393 4899 Atque

1845 4928 2029 4996 igneus
2059 4928 2249 4983 ﬂuvius
2277 4928 2460 4995 rapido
2489 4943 2644 4982 cursu
2675 4931 2933 4990 voivetur,
2960 4936 3251 4993 cunctaque
3279 4940 3396 4992 quae

244 5085 357 5145 (66)
400 5083 616 5137 Lemma
651 5083 931 5136 metricum
964 5082 1016 5134 in
1057 5082 1099 5136 Α
1130 5099 1142 5133 :
1186 5082 1505 5143 Ἀνάστασις
1532 5082 1585 5133 τί
1615 5082 1660 5135 δ’
1691 5080 1807 5133 ἐστὶ
1838 5079 1895 5149 μί

675 5083 931 5136 nelricum
964 5082 1016 5134 in
1057 5082 1099 5136 Α
1130 5099 1142 5133 :
1186 5082 1505 5143 Ἀνάστασις
1532 5082 1585 5133 τί
1615 5082 1660 5135 δ’
1691 5080 1807 5133 ἐστὶ
1838 5079 1912 5149 μὴ
1942 5078 2326 5149 παραδράμῃς.

244 5137 755 5231 (θη-Αςηεπέλθρι,
794 5153 1209 5231 Swpiusnotata
1233 5137 1517 5231 synchysis
1542 5153 1629 5231 illa
1657 5152 1775 5231 fuit.
1809 5137 1895 5231 Ιὲι]

1754 5191 1775 5203 ι.
1809 5137 2214 5231 [ﬁdelius-Fab.“
2318 5146 2422 5200 “228
2453 5144 2747 5231 corayanze
2775 5160 2786 5195 :
2831 5137 3405 5231 Ἀνδρὸς-τξδθονημεττ

168 5209 303 5293 ἧξεν
336 5209 411 5285 εἰς
440 5225 631 5292 δούλην
665 5209 905 5290 Κύπριςῖ
951 5222 1014 5273 Ἠ
1064 5223 1109 5275 δ’
1138 5218 1212 5293 αὖ
1242 5209 1485 5293 Ηέτίμα
1513 5221 1613 5293 τὴν
1661 5221 1786 5293 θεὰν
1960 5220 2143 5289 ἡμέρα

2146 5236 2195 5278 ν,
2231 5208 2373 5278 ’Ἕως
2430 5219 2549 5268 xu"
2596 5208 2794 5276 ’ὕπνους
2826 5208 2989 5283 φησιν
3015 5231 3027 5243 ·
3060 5211 3150 5279 Μὴ
3179 5208 3407 5283 τίμα-σύ

263 5313 275 5323 ·
310 5278 413 5346 Τὸν
444 5278 610 5363 ἄνδρα
645 5278 904 5361 πημαίνω
933 5293 1062 5361 γὰρ,
1095 5292 1155 5344 οὐ
1186 5278 1429 5363 πόθῶἷσέ
1460 5307 1545 5359 γε.
1568 5278 1758 5346 ’(ὶοιιει
1807 5291 1825 5343 ε

1755 5308 1758 5343 ;
1807 5289 1940 5345 299i
1977 5278 2020 5344 Ᾰ
2056 5278 2194 5342 male
2222 5286 2513 5355 ποιμαίνω,
2547 5286 2637 5340 sed
2669 5278 2920 5354 proprius
2953 5283 3090 5353 φιλῶ
3118 5278 3213 5351 pro
3235 5278 3406 5329 ποθῶ.

176 5360 349 5418 \‘clim
380 5360 552 5415 ριίιιιιι
584 5366 634 5414 in
661 5366 799 5414 malo
821 5372 992 5414 metro
1014 5360 1201 5428 ίτθρυηί
1234 5360 1385 5430 φησί-

245 5434 356 5503 (68)
382 5433 512 5486 Gen.
543 5448 627 5492 Ill.
767 5430 927 5483 Couf.
961 5446 1082 5503 pag.
1115 5432 1201 5492 65,
1241 5449 1301 5503 n._

246 5501 358 5569 (tiu;
391 5504 682 5567 Gregorius
708 5502 834 5553 Naz.
871 5513 1011 5553 orat.
1046 5502 1100 5564 9,
1132 5517 1251 5571 pag.
1283 5501 1405 5553 13'2.

246 5578 359 5641 (70)
393 5574 609 5625 Scilicet
637 5575 776 5637 apud
805 5572 1085 5641 Joannem,
1113 5588 1164 5633 ν,
1194 5572 1283 5632 ‘28,
1314 5571 1403 5623 29.

247 5636 363 5707 (71)
404 5644 527 5695 ιιειιι,
562 5636 719 5703 ινιιίθ
751 5656 764 5692 :
809 5639 1106 5708 Ἐθεώρουν
1135 5643 1237 5703 ἓως
1271 5643 1393 5693 δτου
1430 5642 1480 5693 οἱ
1504 5641 1682 5710 θρόνοι
1711 5640 1979 5709 ἐτέθησαν
2004 5641 2098 5693 καὶ
2131 5641 2364 5703 Παλαιὸς
2394 5638 2615 5711 ἡμερῶν
2649 5636 2902 5706 ἐκάθητο.

249 5715 364 5775 (72)
384 5713 526 5765 —|biil.
561 5711 627 5763 il)
653 5728 666 5763 :
701 5713 998 5780 Κριτήριον
1024 5711 1245 5763 ἐκάθισε
1284 5711 1378 5763 καὶ
1410 5711 1581 5779 βίϐλοι
1608 5711 1977 5781 ἠνεῴχθησαν.

248 5766 363 5847 ξῖδ)
394 5782 652 5857 meam.
689 5766 765 5833 δι’
797 5766 928 5835 Dab.
986 5782 1201 5857 quidem
1256 5766 1427 5857 ίιιιςιεὶ
1474 5766 1899 5857 Ποταίιδςξ“πιὲρε

1754 5766 1947 5851 ’π’-ἱρὸς
1985 5782 2131 5836 ἕλκει
2175 5780 2481 5851 ἔμπροσθ;ν
2531 5779 2711 5833 αὑτοῦ.
2754 5778 2858 5833 Sed
2889 5789 2967 5833 est
2996 5776 3210 5829 ἕλκεται
3267 5766 3405 5838 apud

167 5856 401 5923 Ulv'gor.
438 5853 588 5917 Nan,
619 5867 777 5920 quem
808 5862 991 5906 uoster
1020 5851 1279 5920 sequitur.
1315 5851 1397 5905 Cl'.
1432 5862 1554 5907 nota
1587 5852 1852 5921 proxima.
