4180 6458
155 502 253 561 tm

1239 486 1412 545 Vth
1453 486 1803 548 BARLAAM
1849 487 1945 549 ET
1981 490 2332 555 JO-tSAPH.

3275 509 3376 569 9324

147 601 269 671 δοξῃ
311 597 479 651 αὐτοῦ
509 637 523 659 ,
560 596 656 649 καὶ
691 598 892 659 πάντες
930 597 981 651 οἱ
1007 596 1151 668 ἅγιοι
1191 596 1408 664 ἄγγελοι
1445 597 1562 667 μετ’
1609 599 1711 652 αὖ·

1824 611 1902 666 Ac
1928 626 2139 666 rursum
2183 626 2246 666 ex
2270 609 2357 664 bis
2383 626 2397 663 :
2428 612 2557 664 Cum
2585 618 2791 664 venerit
2838 605 3004 663 Filius
3044 605 3272 661 hominis
3316 605 3378 659 in

145 692 258 756 τοῦ,
289 689 408 743 τότε
442 689 868 758 συναχθήσονται
903 687 1212 759 ἔμπροσθεν
1243 689 1408 740 αὑτοῦ
1440 690 1618 744 πάντα
1645 692 1715 746 τὰ

145 782 266 851 εθνη
300 783 396 834 καλ⁵
423 783 640 850 ἀφοριεί
668 781 864 844 αὐτοὺς
895 781 989 834 ἀπ’
1018 780 1288 850 ἀλλήλων,
1317 779 1507 852 ῶσπερ
1539 785 1566 834 6
1595 799 1717 835 ποι-

147 873 255 944 μήν
282 873 529 943 ἀφορίζει
562 872 630 924 τά
655 871 899 943 πρόϐατα
927 872 1036 926 ἀπὸ
1066 873 1173 925 τῶν
1206 874 1432 942 ἐρίφων,
1467 873 1562 926 καὶ
1592 874 1716 944 στή-

148 981 226 1018 σει
259 965 328 1017 τά
370 965 468 1033 μὲν
500 965 747 1035 πρόϐατα
782 968 844 1018 ἐκ
884 965 1071 1028 δεξιῶν
1098 965 1285 1030 αὐτοῦ,
1323 967 1392 1019 τά
1424 966 1480 1018 δὲ
1531 967 1715 1034 ἐρίφια

145 1056 204 1122 ἐξ
230 1058 553 1127 εὐωνύμων·
587 1058 707 1110 τότε
743 1061 858 1128 ἐρεῖ
895 1062 923 1111 6
970 1059 1222 1127 βασιλεὺς
1257 1063 1373 1124 τοῖς
1411 1063 1474 1113 ἐκ
1521 1059 1715 1126 δεξιῶν

145 1149 330 1202 αὐτοῦ·
370 1149 558 1212 Δεῦτε,
590 1153 639 1203 ot
676 1152 1031 1222 εὐλογημένοι
1057 1153 1152 1207 τοῦ
1179 1153 1392 1225 Πατρός
1425 1170 1549 1219 μου,
1583 1152 1716 1222 κλη-

147 1244 480 1309 ρονομήσατε
518 1243 615 1314 τὴν
662 1245 1070 1314 ἡτοιμασμένην
1111 1246 1236 1310 ὑμῖν
1276 1241 1556 1310 βασιλείαν
1603 1244 1716 1296 ἀπὸ

145 1331 450 1403 καταϐολῆς
502 1335 728 1404 κόσμου’
767 1337 1026 1389 ἐπείνασα
1065 1331 1175 1403 γὰρ
1220 1335 1315 1386 καὶ
1355 1334 1591 1390 ἐδώκατέ
1623 1355 1716 1408 μοι

147 1425 364 1488 φαγεῖν,
406 1424 635 1494 ἐδίψησα
663 1427 752 1477 γαί
789 1422 1076 1475 ἐποτίσατέ
1114 1442 1203 1494 με,
1249 1424 1397 1491 ξένος
1430 1427 1577 1498 ἢμην
1621 1429 1719 1483 καὶ

145 1514 483 1582 συνηγάγετέ
513 1529 602 1579 με,
639 1511 844 1579 γυμνὸς
885 1514 980 1566 καὶ
1026 1515 1381 1584 περιεϐάλετέ
1430 1536 1519 1588 με,
1552 1521 1718 1589 ἡσθέ-

145 1620 286 1673 νησα
342 1608 435 1654 καὶ
491 1601 869 1670 ἐπεσκέψασθέ
926 1621 1023 1671 με,
1070 1605 1128 1656 ἐν
1171 1606 1384 1677 φυλακῇ
1431 1609 1580 1678 ἥμην
1625 1610 1721 1665 καὶ

144 1688 333 1758 ἤλθετε
355 1687 491 1757 πρός
523 1705 610 1756 με.
635 1688 700 1739 Τί
729 1687 890 1741 τοῦτο
916 1691 1120 1759 λέγων;
1149 1695 1244 1757 τὰς
1267 1697 1560 1766 γινομένας
1591 1700 1720 1771 παρ’

143 1781 302 1851 ἡμῶν
335 1784 414 1844 είς
443 1784 569 1844 τοὺς
597 1783 884 1853 δεομένους
919 1784 1165 1848 εὐποιίας
1203 1786 1383 1857 ἑαυτῷ
1413 1789 1720 1861 οἰκειούμε-

142 1891 254 1933 νος.
291 1875 403 1927 Καὶ
447 1875 507 1927 ἐν
540 1875 711 1946 ἑτέρῳ
745 1875 913 1943 λέγει·
955 1877 1069 1939 Πᾶς
1104 1876 1180 1948 (5)
1213 1879 1360 1942 ὅστις
1394 1881 1718 1952 ὁμολογήσει

143 1966 201 2016 ἐν
224 1965 350 2034 ἐμοὶ
383 1965 689 2034 ἔμπροσθεν
719 1966 826 2016 τῶν
858 1965 1183 2036 ἀνθρώπων,
1214 1971 1530 2042 ὁμολογήσω
1559 1975 1714 2042 κάγὼ

141 2057 201 2108 ἐν
231 2054 383 2124 αὐτῷ
403 2054 714 2126 ἔμπροσθεν
739 2056 830 2109 τοῦ
864 2057 1080 2127 Πατρός
1115 2076 1214 2127 μου
1238 2060 1334 2112 τοῦ
1361 2065 1416 2114 ἐν
1442 2063 1712 2133 οὐρανοῖς.

228 2146 360 2201 ἰδοὺ
408 2147 495 2200 διά
547 2149 766 2201 πάντων
819 2147 1025 2201 τούτων
1079 2152 1173 2203 καὶ
1224 2152 1398 2207 ἄλλων
1455 2155 1715 2212 πλειόνων

143 2235 253 2307 ⁷2
281 2237 515 2308 ἐδήλωσε
540 2237 761 2306 βεϐαίας
789 2235 928 2292 εἶναι
960 2243 1051 2293 καὶ
1076 2242 1338 2310 ἀσφαλεῖς
1360 2246 1455 2307 τὰς
1479 2249 1719 2317 ἀμοιϐὰς

140 2331 254 2382 τῶν
279 2328 500 2397 ἀγαθῶν
527 2332 706 2399 ἔργων
726 2347 740 2363 ’
769 2332 905 2385 ἀλλὰ
937 2334 1030 2385 καὶ
1054 2333 1165 2386 τῶν
1195 2335 1454 2390 ἐναντίων
1486 2339 1717 2405 εὐθύνας

141 2421 473 2474 ἀποκεῖσθαι
495 2423 925 2493 προκατήγγειλε
947 2424 1034 2477 διὰ
1054 2425 1379 2495 παραϐολῶν
1399 2429 1719 2500 θαυμασίων

141 2515 240 2566 καὶ
270 2512 544 2576 ἐξαισίων,
589 2514 656 2576 ἃς
694 2516 725 2584 ἡ
761 2516 912 2586 πηγὴ
955 2517 1054 2587 τῆς
1095 2518 1283 2588 σοφίας
1315 2522 1392 2589 (lt)
1428 2525 1718 2592 πανσόφως

139 2603 486 2671 διηγήσατοο
541 2605 674 2657 ποτὲ
728 2607 828 2675 μὲν
887 2607 1142 2662 πλούσιόν
1188 2627 1310 2664 τινα
1365 2617 1718 2684 παρεισάγων

142 2693 439 2764 πορφύραν
492 2698 586 2747 καὶ
635 2697 834 2766 βύσσον
894 2698 1244 2770 ἐνδεδυμένον
1294 2701 1394 2772 (5),
1449 2707 1542 2759 καὶ
1595 2709 1718 2760 καθ’

142 2786 364 2855 ἡμέραν
390 2785 658 2856 λαμπρῶς
691 2789 1142 2860 εὐφραινόμενον,
1185 2795 1513 2864 ἀμετάδοτον
1541 2799 1598 2852 δὲ
1629 2801 1720 2854 καὶ

141 2877 356 2947 ἀνηλεῆ
408 2880 544 2949 πρὸς
595 2882 724 2944 τοὺς
777 2882 1065 2951 δεομένους
1116 2886 1461 2958 ὑπάρχοντα,
1495 2891 1572 2954 ὡς
1627 2894 1722 2947 καὶ

146 2970 368 3037 πτωχόν
398 2988 517 3022 τινα
550 2971 796 3041 Λάζαρον
824 2974 1048 3043 ὀνόματι
1083 2977 1219 3046 πρὸς
1254 2982 1342 3032 τὸν
1375 2981 1594 3035 πυλῶνα
1623 2983 1722 3037 αὐ-

141 3059 247 3112 τοῦ
295 3061 628 3131 βεϐλημένον
665 3065 1068 3134 παραϐλέπειν,
1109 3070 1203 3122 καὶ
1247 3071 1368 3123 οὐδέ
1397 3073 1575 3125 αὐτῶν
1612 3073 1724 3130 τῶν

143 3149 251 3219 τῆς
280 3154 561 3221 τραπέζης
588 3155 750 3208 αὐτοῦ
773 3157 967 3226 ψιχίων
994 3160 1283 3214 ἐπιδιδόναι
1304 3163 1456 3232 αὐτῷ
1477 3181 1489 3192 ·
1515 3163 1724 3218 ἀποθα-

144 3241 356 3293 νόντων
400 3238 494 3295 οὖν
541 3244 896 3314 ἀμφοτέρων,
939 3248 966 3298 ὁ
1012 3249 1110 3316 μὲν
1153 3251 1322 3318 πένης
1368 3254 1576 3317 ἐκεῖνος
1627 3256 1725 3310 καὶ

143 3331 790 3406 ἡλκωμένοςάπηνέχθη,
811 3340 992 3407 φησὶν,
1011 3330 1088 3404 εἰς
1111 3344 1201 3395 τὸν
1221 3345 1416 3398 κόλπον
1453 3347 1723 3418 Ἀϐραὰμ,

141 3426 255 3494 τὴν
278 3425 384 3478 τῶν
403 3425 626 3478 δικαίων
653 3429 944 3482 συναυλίαν
967 3431 1110 3485 οὓτω
1135 3434 1403 3504 δηλώσας·
1433 3440 1460 3490 6
1485 3438 1540 3491 δὲ
1566 3439 1730 3493 πλού-

146 3530 270 3576 σιος
317 3515 590 3585 παρεδόθη
635 3518 796 3587 φλογὶ
843 3523 1047 3591 πικρᾶς
1083 3523 1321 3592 βασάνου
1368 3529 1426 3582 ἐν
1478 3530 1556 3599 τῷ

148 3607 298 3675 πρὸς
327 3607 386 3659 ὃν
431 3607 680 3678 Ἀϐραὰμ
723 3610 936 3678 ἔλεγεν·
992 3614 1291 3680 Ἀπέλαϐες
1341 3619 1406 3672 σὺ
1449 3621 1517 3674 τὰ
1551 3621 1733 3690 ἀγαθά

146 3715 255 3752 σου
293 3702 351 3750 ἐν
382 3701 446 3769 τῇ
479 3699 590 3770 ζωῇ
638 3719 754 3764 σου,
799 3705 894 3756 καὶ
934 3705 1182 3777 Λάζαρος
1216 3710 1416 3779 ὁμοίως
1459 3715 1526 3767 τά
1561 3714 1729 3771 κακά’

144 3788 252 3842 νῦν
279 3788 336 3840 δῖε
361 3783 516 3852 οὗτος
552 3793 652 3860 μὲν
679 3796 1101 3864 παρακαλεῖται,
1135 3803 1198 3852 σὺ
1226 3800 1282 3852 δὲ
1307 3802 1584 3861 ὀδυνᾶσαι.

241 3881 507 3950 Ἐτέρωθι
543 3883 599 3935 δὲ
633 3887 984 3956 παρεικάζων
1013 3889 1112 3958 τὴν
1155 3890 1263 3942 τῶν
1296 3894 1542 3962 οὐρανῶν
1576 3894 1733 3966 βασι-

142 3971 314 4026 λείαν
361 3973 634 4043 ἀνθρώπῳ
683 3974 924 4043 βασιλεῖ,
967 3979 1116 4040 ὅστις
1149 3980 1372 4051 ἐποίησε
1406 3986 1618 4052 γάμους
1651 3987 1733 4059 τῷ

148 4063 262 4131 υξῴ
290 4063 454 4115 αὐτοῦ
488 4064 601 4133 (6),
635 4065 734 4137 τὴν
761 4068 1062 4134 μέλλουσαν
1091 4073 1427 4145 εὐφροσύνην
1464 4080 1556 4130 καὶ
1589 4078 1732 4150 λαμ-

149 4157 410 4226 πρότητα
431 4155 576 4210 οὓτω
591 4157 785 4228 δηλῶν.
811 4161 954 4231 Πρὸς
977 4162 1072 4215 ἀνθ
1082 4164 1292 4234 ρώπους
1312 4168 1421 4238 γάρ
1445 4171 1732 4236 ταπεινοὺς

147 4250 257 4302 καὶ.
281 4247 350 4300 τά
379 4248 597 4317 ἐπίγεια
633 4251 963 4320 φρονοῦντας
1001 4256 1092 4308 τὸν
1123 4256 1276 4325 λόγον
1320 4259 1637 4331 ποιούμενος
1669 4265 1734 4317 ἐκ

146 4339 271 4392 τῶν
303 4340 548 4408 συνήθων
576 4341 758 4404 αὐτοῖς
788 4344 882 4395 καὶ
908 4345 1200 4415 γνωρίμων
1229 4348 1401 4402 ἐδίδου
1431 4352 1530 4413 τὰς
1557 4370 1734 4422 παρα-

145 4429 349 4492 ϐολάς.
383 4431 458 4483 Οὐ
499 4432 680 4499 μέντοι
706 4431 763 4484 δὲ
793 4434 1002 4504 γάμους
1026 4438 1117 4488 καὶ
1145 4441 1426 4507 τραπέζας
1456 4443 1514 4495 ἐν
1543 4443 1734 4514 ἐκείνῳ

147 4522 469 4593 παρεδήλου
495 4522 571 4592 τῷ
600 4523 757 4577 αἰῶνι
783 4521 920 4578 εἶναι
941 4544 953 4556 ·
987 4528 1124 4580 ἀλλά
1152 4532 1218 4598 τῇ
1246 4530 1425 4583 αὐτῶν
1458 4549 1733 4601 συγκατα-

1823 703 2099 772 majestate
2125 717 2240 767 sua,
2272 710 2328 757 et
2353 717 2537 756 omnes
2565 701 2737 770 angeli
2760 715 2880 755 cum
2909 714 2997 762 eo,
3024 709 3148 752 tunc
3176 698 3381 753 sedebit

1824 807 1982 857 super
2006 795 2189 843 sedem
2219 794 2509 858 tnajestatis
2547 806 2677 850 sum,
2708 801 2762 846 et
2782 792 3234 860 congregabuntur
3259 801 3380 843 ante

1822 896 1941 934 eum
1969 896 2158 934 omnes
2182 890 2384 948 gentes,
2415 889 2468 934 et
2487 879 2753 946 separabit
2778 893 2870 932 eos
2889 887 2956 930 an
2983 884 3223 941 invicem.
3247 883 3384 935 sicut

1820 982 1998 1038 pastor
2019 980 2261 1039 segregat
2280 985 2404 1023 oves
2421 970 2489 1023 ab
2513 969 2697 1022 lizedis.
2728 969 2788 1023 Et
2811 978 3007 1022 statuet
3025 984 3149 1022 oves
3170 973 3379 1037 quidem

1819 1075 1847 1112 a
1871 1061 2075 1113 dextris
2102 1063 2233 1123 suis,
2267 1059 2444 1112 haedos
2471 1069 2649 1112 autem
2693 1075 2722 1113 a
2751 1059 3002 1112 sinistris.
3049 1059 3198 1112 'l‘unc
3242 1062 3383 1114 dicet

1820 1149 1932 1208 Rex
1962 1154 2042 1206 bis
2069 1153 2156 1222 qui
2187 1169 2217 1206 a
2242 1152 2440 1207 dextris
2469 1161 2622 1206 erunt
2652 1170 2664 1206 :
2689 1151 2894 1216 Venite,
2924 1152 3184 1207 benedicti
3209 1153 3379 1207 Patris

1820 1244 1950 1310 mei,
1973 1244 2234 1311 possidete
2262 1258 2481 1312 regnum
2507 1243 2656 1297 vobis
2682 1252 2920 1310 paratum
2953 1257 2981 1295 a
3004 1245 3380 1296 constitutione

1822 1337 2026 1391 mundi.
2060 1337 2262 1390 Esurit'i
2290 1336 2453 1398 enim,
2483 1345 2536 1388 et
2573 1333 2794 1390 dediSIis
2833 1333 2961 1386 mihi
3011 1334 3333 1388 manducare
3364 1349 3381 1398 ;

1822 1429 1984 1495 sitivi,
2019 1427 2314 1482 etdedistis
2337 1425 2463 1479 mihi
2489 1425 2701 1488 bibere;
2732 1426 2922 1492 hospes
2950 1439 3116 1490 eram,
3149 1434 3198 1478 et
3222 1426 3385 1479 colle-

1819 1519 1972 1588 gistis
2001 1532 2116 1580 nte;
2168 1517 2358 1580 nudus,
2387 1524 2442 1570 et
2463 1515 2811 1579 cuoperuistis
2852 1529 2973 1578 me;
3021 1513 3280 1575 inﬁrmus,
3334 1524 3389 1565 et

1823 1615 2076 1668 visitastis
2121 1628 2244 1678 me;
2291 1613 2342 1665 in
2371 1625 2586 1666 carcere
2631 1624 2799 1672 eram,
2847 1616 2904 1664 et
2928 1610 3147 1662 venistis
3186 1606 3251 1660 ad
3297 1622 3385 1662 me

1829 1706 2042 1776 (Matth.
2088 1705 2230 1772 xxv).
2263 1704 2368 1757 Cur
2393 1703 2473 1755 bis
2496 1703 2670 1755 verbis
2697 1701 2879 1764 utitur,
2909 1700 3009 1754 nisi
3036 1700 3156 1769 quia
3184 1697 3384 1753 beneﬁ-

1827 1798 1929 1862 cia,
1961 1812 2078 1863 quae
2100 1811 2127 1847 a
2151 1796 2299 1848 nobis
2322 1793 2374 1848 in
2395 1805 2609 1862 egentes
2631 1791 2989 1854 conferuntur,
3015 1787 3115 1842 sibi
3135 1785 3384 1842 asciscit?

1831 1889 1894 1942 Et
1918 1888 2024 1940 alio
2053 1887 2168 1939 loco
2197 1887 2267 1938 ait
2297 1903 2309 1937 :
2353 1885 2534 1938 Omnis
2561 1887 2859 1952 quicunque
2912 1881 3248 1936 conﬁtebitur
3297 1893 3385 1933 me

1828 1991 2010 2031 coram
2037 1976 2354 2040 hominibus,
2380 1975 2670 2027 conﬁtebor
2691 1983 2744 2027 et
2767 1989 2865 2041 ego
2884 1988 3004 2026 eum
3029 1986 3206 2025 coram
3228 1969 3384 2024 Patre

1831 2080 1973 2128 meo,
2003 2065 2091 2134 qui
2119 2075 2199 2118 est
2231 2066 2280 2117 in
2308 2064 2456 2117 cmlis
2481 2063 2656 2132 (Luca:
2686 2066 2799 2126 xii).

1900 2157 1975 2210 En
2008 2172 2098 2223 per
2128 2159 2240 2209 hate
2267 2156 2464 2216 omnia,
2496 2170 2554 2206 ac
2585 2155 2734 2220 plura
2784 2153 2908 2216 alia,
2960 2153 3106 2206 ﬁrma
3142 2159 3196 2205 et
3237 2157 3384 2204 certa

1829 2264 1946 2305 esse
1973 2250 2228 2303 bonorum
2259 2263 2477 2316 Operum
2522 2246 2734 2316 praemia
2779 2245 3086 2300 declaravit.
3117 2244 3386 2312 Quemad-

1829 2341 2042 2394 modum
2073 2344 2230 2396 etiam
2271 2351 2451 2394 contra
2496 2339 2852 2405 improborum
2895 2339 3158 2392 actionum
3202 2349 3386 2403 pcenas

1826 2432 1932 2487 illic
1958 2431 2253 2486 reconditas
2283 2446 2399 2484 esse
2428 2429 2778 2491 denuntiavit,
2809 2442 2902 2492 per
2922 2424 3254 2478 admirandas
3282 2423 3384 2477 sci-

1828 2521 1954 2576 licet
1996 2531 2050 2576 et
2091 2521 2320 2575 eximias
2347 2519 2621 2588 parabolas
2649 2532 2778 2585 quas
2827 2518 2914 2571 ille
2953 2514 3223 2583 sapientia:
3266 2513 3386 2567 fons

1828 2627 2042 2680 prorsus
2062 2613 2328 2680 sapienter
2345 2613 2606 2678 exposuit.
2634 2610 2841 2664 Etenim
2864 2609 3079 2662 divitem
3103 2605 3383 2672 quemdam

1825 2703 2028 2759 inducit
2071 2701 2244 2774 (Luca:
2274 2704 2408 2770 xvi),
2451 2718 2680 2771 purpura
2724 2709 2778 2754 et
2823 2701 2980 2771 bysso
3029 2701 3292 2762 indutum,
3324 2714 3386 2752 ac

1831 2793 2066 2862 quotidie
2105 2794 2378 2862 splendide
2407 2794 2733 2859 epulantem;
2764 2802 2999 2845 tenacem
3029 2801 3202 2844 autem
3230 2801 3386 2858 atque

1826 2898 1857 2938 a
1897 2885 2259 2939 misericordia
2291 2893 2572 2947 remotum,
2605 2883 2738 2934 adeo
2766 2889 2820 2934 ut
2871 2895 3150 2948 pauperem
3193 2895 3386 2947 quem-

1826 2973 1971 3038 dam,
2019 2975 2270 3028 Lazarum
2319 2974 2551 3038 nomine,
2596 2971 2661 3024 ad
2689 2971 2829 3024 fores
2856 2985 2977 3024 suas
2999 2971 3258 3038 jaceutem
3287 2969 3384 3024 de-

1823 3065 2070 3131 Spiceret,
2095 3079 2156 3118 ac
2182 3078 2249 3117 ne
2271 3065 2410 3131 ipsas
2434 3061 2643 3130 quidem
2670 3075 2865 3114 mensa:
2887 3074 2997 3111 suae
3027 3059 3190 3112 micas
3217 3057 3265 3110 ei
3286 3058 3382 3111 im-

1822 3156 2061 3224 pertiret.
2118 3155 2349 3222 Utroque
2405 3153 2561 3220 igitur
2606 3162 2844 3204 extremo
2881 3151 3000 3203 vitae
3046 3149 3133 3202 die
3179 3147 3376 3207 functo.

1825 3261 2024 3316 pauper
2053 3248 2263 3316 quidem
2287 3247 2375 3300 ille
2404 3256 2560 3314 atque
2586 3245 2860 3300 ulcerosus
2888 3245 2939 3298 in
2965 3244 3186 3299 Ahraha:
3209 3245 3378 3297 sinum

1752 3297 1798 3359 ε
1825 3297 2032 3393 delatus
2057 3297 2139 3392 Est
2165 3338 2290 3407 (quo
2318 3297 2507 3404 nempe
2536 3336 2790 3389 vocabulo
2839 3335 3120 3402 proborum
3151 3335 3381 3386 virorum

1827 3429 2004 3482 sedem
2034 3425 2361 3496 declaravit),
2388 3427 2537 3482 dives
2563 3436 2744 3480 centra
2789 3424 3132 3478 acerbissimo
3160 3423 3383 3477 [latomie

1829 3518 2090 3586 supplicio
2136 3519 2188 3572 in
2233 3517 2437 3571 inferno
2485 3517 2726 3570 addictus
2773 3525 2876 3569 est.
2931 3515 3008 3568 Ad
3038 3528 3191 3582 quem
3222 3515 3381 3567 etiam

1832 3607 2094 3660 Abraham
2125 3607 2205 3658 his
2231 3607 2406 3659 verbis
2433 3605 2674 3658 utebatur
2705 3621 2718 3657 :
2747 3603 3004 3670 Recepisti
3037 3604 3166 3656 bona
3203 3602 3256 3655 in
3280 3602 3384 3654 vita

1831 3707 1940 3762 tua,
1971 3707 2024 3752 et
2053 3698 2278 3752 Lazarus
2305 3697 2545 3750 similiter
2572 3697 2727 3752 mala.
2751 3696 2895 3750 Nunc
2919 3705 3093 3750 autem
3123 3695 3236 3764 ipse
3261 3707 3388 3749 con-

1832 3789 2050 3852 solatur,
2074 3799 2130 3842 tu
2156 3802 2284 3842 vero
2310 3787 2583 3842 cruciaris.

1927 3907 2164 3963 Rursum
2251 3905 2358 3962 alio
2458 3911 2574 3965 loco
2589 3911 2837 3965 ctelorum
2853 3924 3071 3976 regnum
3091 3908 3289 3962 homini
3305 3924 3390 3962 re-

1834 4000 1883 4067 gi
1899 4001 2070 4054 simile
2085 4015 2203 4054 esse
2222 4001 2294 4053 ait
2307 4001 2396 4068 qui
2413 4000 2519 4054 tilio
2535 4015 2632 4053 suo
2647 4001 2854 4066 nuptias
2871 3998 2992 4052 fecit
3010 3999 3216 4064 (Matth.
3237 3999 3389 4066 xxii).

1837 4090 1941 4143 Per
1971 4093 2180 4157 nuptias
2209 4104 2364 4155 porro
2395 4090 2566 4142 futura
2598 4089 2772 4142 la-titia
2799 4098 2852 4140 et
2874 4090 3087 4142 etaritas
3111 4088 3388 4142 indicatur.

1838 4179 2042 4232 Etenim
2067 4180 2130 4231 ad
2156 4179 2381 4232 humiles
2400 4192 2461 4231 ac
2489 4180 2711 4231 terrenis
2741 4177 3015 4230 affectibus
3046 4178 3272 4231 imbutos
3298 4177 3393 4229 ho-

1836 4271 2006 4323 mines
2033 4269 2192 4323 vcrba
2235 4269 2451 4334 faciens,
2497 4269 2564 4321 ab
2593 4267 2657 4322 iis
2687 4267 2842 4321 rebus
2881 4282 2997 4335 quae
3026 4268 3151 4334 ipsis
3190 4271 3393 4320 usitata:

1835 4375 1896 4414 ac
1927 4361 2208 4414 familiares
2238 4368 2408 4424 erant,
2454 4361 2726 4428 parabolas
2752 4358 2976 4411 ducebat
3029 4376 3040 4409 :
3099 4373 3202 4410 non
3256 4357 3393 4425 quod

1817 4451 2040 4518 ~ttuptias
2062 4459 2116 4503 et
2143 4464 2353 4502 mensas
2375 4448 2426 4501 in
2456 4463 2570 4502 aevo
2599 4448 2686 4500 illo
2709 4461 2826 4500 esse
2856 4447 3178 4505 ostenderet.
3203 4445 3296 4499 sed
3325 4445 3391 4498 ad

1837 4557 2018 4596 eorum
2045 4541 2338 4594 crassitiem
2379 4553 2498 4592 sese
2536 4539 2836 4598 demittens,
2869 4537 2951 4589 bis
2983 4536 3251 4589 vocabulis
3281 4544 3394 4588 ute-

146 4612 370 4666 ϐαίνων
400 4613 695 4683 παχύτητι,
724 4615 987 4680 τοιούτοις
1016 4618 1243 4689 ὀνόμασι
1275 4621 1560 4692 κέχρηται,
1593 4641 1725 4693 γνω-

1796 4647 1810 4696 ι
1839 4632 2008 4694 batur,
2029 4630 2276 4691 uqutura
2302 4631 2427 4697 ipsis
2447 4631 2718 4696 perspicua
2746 4628 2960 4682 faceret.
2979 4628 3173 4680 Omnes
3196 4628 3389 4695 itaque,

148 4704 319 4774 ρξσαι
361 4703 545 4765 αὐτοῖς
588 4703 656 4756 τὰ
698 4704 957 4774 μέλλοντα
1003 4707 1344 4777 βουλόμενος.
1380 4711 1484 4780 73
1523 4713 1737 4776 Πάντας

150 4792 270 4861 μὲν
300 4785 415 4852 οὖν,
445 4793 601 4861 φησὶ,
633 4795 989 4848 συνεκάλεσεν
1017 4799 1044 4849 6
1079 4798 1331 4866 βασιλεὺς
1359 4801 1546 4871 ὑψηλῷ
1574 4805 1739 4874 κηρύ-

145 4901 187 4952 γ
197 4897 344 4953 ματι
367 4881 442 4950 (1)
467 4883 738 4936 συνελθεῖν
763 4888 840 4948 εἰς
861 4889 988 4950 τοὺς
1011 4888 1221 4958 γάμους
1241 4891 1334 4943 καὶ
1355 4893 1739 4964 ἐμφορηθῆναι

144 4975 279 5028 τῶν
307 4975 637 5045 ἀπορρήτων
668 4978 889 5045 ἀγαθῶν
926 4981 1168 5034 ἐκείνων·
1204 4983 1388 5035 πολλοὶ
1417 4985 1472 5037 δὲ
1504 4984 1611 5038 τῶν
1649 5005 1742 5039 κει

145 5063 460 5134 κλημένων
490 5067 862 5136 ἀμελήσαντες
891 5070 990 5121 οὐκ
1019 5071 1279 5141 ἀπῆλθον,
1313 5074 1458 5137 ἀλλ’,
1495 5077 1738 5146 άπασχο-

147 5159 438 5227 λήσαντες
479 5156 725 5222 ἑαυτοὺς,
758 5158 807 5210 οἱ
843 5160 942 5228 μὲν
983 5161 1063 5223 εἰς
1090 5162 1326 5232 ἀγροὺς,
1357 5165 1406 5215 oi
1436 5165 1494 5217 δέ
1527 5168 1606 5228 εἰς
1635 5167 1739 5236 ἐμ-

153 5249 397 5319 πορίας,
423 5249 472 5299 oi
503 5248 560 5301 δέ
589 5251 666 5310 είς
693 5251 1026 5320 νεονύμφους
1045 5257 1329 5321 γυναῖκας,
1361 5258 1725 5328 ἀπεστέρησαπ

1839 5269 1949 5321 illis
1977 5275 2151 5320 autem
2200 5279 2293 5317 sua
2335 5271 2521 5329 sponte
2571 5283 2588 5294 ί-

150 5341 407 5400 ἐαυτους
448 5338 546 5408 τῆς
591 5339 974 5411 λαμπρότητος
1017 5343 1110 5396 τοῦ
1145 5348 1447 5416 νυμφῶνος.
1491 5347 1744 5403 Ἐκείνων

150 5432 219 5486 δὲ
247 5427 494 5482 ἐθελοντὶ
519 5428 983 5502 ἁλλοτριωθέντων
1003 5434 1100 5503 τῆς
1127 5440 1363 5508 τερπνῆς
1382 5438 1739 5510 εὐφροσύνης,

239 5605 331 5677 ('5)
364 5605 497 5659 Luc.
530 5620 626 5664 χιιι.
659 5607 716 5661 8.

235 5678 329 5752 (ξ)
363 5677 575 5752 _Sirach.
608 5692 644 5739 I,
743 5696 758 5733 :
789 5680 940 5752 πηγὴ
975 5681 1164 5750 σοφίας
1193 5681 1348 5750 λόγος
1379 5684 1533 5740 Θεοῦ.

365 5745 639 5818 μυρίκη,
671 5749 737 5802 it)
766 5745 918 5818 seqq.

238 5815 328 5891 (ϐ)
363 5815 550 5891 Matth.
592 5833 728 5891 xxii,
820 5815 972 5891 seqq.

1841 4723 2029 4791 inquit,
2053 4735 2142 4774 rex
2173 4721 2259 4773 ille
2288 4719 2496 4771 sublimi
2528 4719 2790 4785 praeconio
2813 4718 2877 4769 ad
2900 4718 3104 4782 nuptias
3134 4716 3386 4768 invitavit.

1840 4821 1994 4880 atque
2019 4821 2073 4864 ut
2102 4812 2252 4862 bonis
2284 4810 2387 4860 illis
2411 4807 2473 4858 ad
2497 4806 2789 4860 satietatem
2817 4819 2982 4871 usque
3045 4801 3374 4854 fruerentur.

1847 4904 1998 4960 Multi
2073 4912 2248 4958 autem
2287 4912 2469 4954 eorum
2506 4911 2593 4965 qm
2637 4893 2837 4948 invitati
2892 4891 3115 4956 fuerant,
3163 4888 3241 4942 ire
3291 4900 3385 4940 ne-

1836 4997 2111 5063 glexerunt
2140 5011 2154 5045 :
2185 5005 2364 5044 verum
2396 5002 2451 5041 se
2479 4986 2620 5054 ipsos
2647 4984 2836 5053 partim
2858 4972 2910 5035 in
2934 4978 3092 5048 agris,
3122 4976 3307 5044 partim
3333 4975 3384 5029 in

1837 5083 2297 5153 negotiationibus,
2341 5078 2526 5146 partim
2573 5077 2622 5129 in
2669 5073 2918 5129 uxoribus
2949 5083 3111 5137 nuper
3157 5066 3388 5131 acceptis

1841 5186 2183 5243 occupantes,
2227 5171 2472 5239 nuptialis
2507 5168 2721 5222 thalami
2760 5163 3037 5234 splendore
3083 5166 3383 5212 caruerunt.

2631 5257 2938 5314 suavissima
2967 5253 3051 5306 illzi
3094 5249 3272 5303 ketitia
3298 5261 3389 5297 ex-

1842 5356 2028 5418 clusis,
2059 5354 2146 5406 alii
2175 5350 2342 5404 vocati
2374 5359 2514 5413 sunt,
2546 5361 2703 5415 atque
2729 5343 2955 5411 impletae
2982 5347 3101 5393 sunt
3121 5339 3286 5406 epulas
3305 5333 3388 5386 di-

1845 5442 2254 5498 scumbentihns.
2277 5441 2548 5509 Ingressus
2564 5446 2733 5490 autem
2756 5449 2845 5488 rex
2872 5444 2923 5484 ut
2941 5431 3136 5484 videret
3160 5429 3390 5480 discum-

239 5889 328 5957 (7)
360 5886 520 5942 Prov.
553 5902 629 5953 ix,
659 5888 693 5944 5
726 5909 737 5944 :
783 5890 1088 5950 Ἀπέστειλε
1119 5897 1244 5962 τοὺς
1277 5900 1474 5972 ἑαυτῆς
1501 5900 1740 5971 δούλους,
1775 5906 2108 5973 συγκαλοῦσα
2149 5908 2282 5973 ξιξ.τὰ
2315 5907 2516 5980 ὑψηλοῦ
2543 5911 2917 5982 κηρύγματος.
