4180 6458
198 437 297 498 νειῑ
1307 431 1475 493 ΥΙΊἋ
1522 436 1875 494 ΒᾹΙΠΛΛΜ.
1914 434 2007 492 ΕΤ
2044 435 2393 497 ,ΙΟΛΞᾹΡΠ

3352 440 3456 503 933

195 538 415 594 ἐννοιῶν
442 539 691 611 καρδίαςο
716 541 810 593 καὶ
829 540 929 593 οὐκ
958 539 1073 591 ἔστι
1107 536 1283 602 κτίσις
1306 541 1515 611 ἀφανὴς
1545 543 1768 594 ἐνώπιοι¹

1807 552 1853 607 Α
1900 548 2274 607 ι·οιιὶισιίοηιιηι
2304 555 2357 601 et
2384 547 2730 599 intemiomm
2760 548 2953 601 cordis.
2988 548 3051 601 lit
3089 562 3191 602 non
3222 560 3301 603 est
3349 553 3453 603 ulla

194 632 383 694 αὑτοῦ,
427 634 604 686 πάντα
649 632 706 684 δὲ
752 634 935 702 γυμνὰ
996 634 1090 685 καὶ
1140 634 1614 704 τετραχηλισμένα
1660 640 1773 697 τοῖς

192 728 491 799 ὀφθαλμοῖς
522 728 709 793 αὐτου,
738 729 875 799 πρὸς
904 728 963 781 ὂν
986 730 1122 800 ἡμῖν
1150 730 1179 781 6
1205 730 1382 797 λόγος.

265 909 454 964 Ταῦτα
482 909 576 962 καὶ
604 912 654 962 οἱ
680 912 954 980 προφῆται
978 911 1085 981 πρὸ
1104 911 1312 981 χρόνων
1335 910 1546 964 πολλῶν
1576 914 1645 982 τῇ
1677 911 1774 963 τοῦ

194 1001 517 1073 Πνεύματος
549 1000 895 1071 λαμπόμενοι
940 1002 1124 1072 χάριτι
1157 1004 1519 1073 ἀριδηλότατα
1568 1005 1775 1075 κατήγ-

193 1093 399 1162 γειλαν.
427 1093 567 1161 Φησι
596 1092 706 1162 γὰρ
737 1094 766 1145 6
834 1095 1045 1158 Ησαιας
1070 1111 1086 1126 ο
1137 1094 1279 1163 Ἐγὼ
1304 1094 1377 1149 τά
1422 1094 1560 1167 ἔργα
1593 1096 1775 1148 αὐτῶν

193 1188 289 1241 καὶ
318 1186 444 1248 τοὺς
476 1185 776 1257 λογισμοὺς
814 1186 1115 1257 ἐπίσταμαι
1145 1186 1242 1241 καὶ
1278 1187 1645 1240 ἀνταποδώσω
1677 1188 1775 1239 αὑ-

190 1281 307 1343 τοῖς
331 1295 345 1309 ·
390 1278 499 1332 ίδοὺ
535 1281 869 1347 συναγαγεῖν
909 1279 1142 1351 ἔρχομαι
1173 1279 1355 1333 πάντα
1395 1279 1466 1333 τά
1512 1278 1642 1349 ἔθνη
1681 1281 1776 1333 καὶ

188 1370 293 1434 τὰς
331 1370 611 1438 γλώσσας,
652 1371 748 1425 καὶ
780 1369 1005 1441 ἥξουσι,
1070 1372 1165 1424 καὶ
1207 1370 1429 1442 ὄψονται
1472 1371 1573 1434 τὴν
1617 1364 1774 1428 δόξαν

193 1481 300 1533 μου
330 1462 461 1533 (14)’
494 1464 587 1516 καὶ
610 1462 763 1517 ἔσται
788 1465 816 1515 6
844 1464 1068 1535 οὐρανὸς
1092 1459 1276 1518 καινὸς
1302 1455 1396 1508 καὶ
1425 1457 1458 1524 ἡ
1486 1455 1559 1525 γῆ
1584 1457 1769 1526 καινὴν

187 1556 228 1609 ἆ
272 1554 384 1622 ἐγὼ
414 1555 554 1609 ποιῶ
592 1556 693 1625 μὲν
733 1554 965 1608 ἐνώπιόν
998 1563 1124 1617 μου·
1161 1547 1258 1599 καὶ
1292 1546 1413 1615 ἥξει
1451 1548 1601 1600 πᾶσα
1635 1549 1772 1619 σὰρξ

185 1646 287 1699 τοῦ
318 1644 691 1718 προσκυνῆσαι
726 1635 959 1691 ενὼπιὸν
1009 1653 1150 1706 μου,
1195 1634 1344 1704 λέγει
1395 1634 1633 1706 Κύριος,
1677 1637 1775 1689 καὶ

186 1737 585 1803 ἐξελεύσονται,
620 1731 717 1784 καὶ
752 1729 976 1800 ὄψονται
1009 1728 1078 1783 τά
1116 1727 1265 1781 κῶλα
1308 1727 1418 1780 τῶν
1442 1727 1770 1797 ἀνθρώπων,

185 1834 302 1886 τῶν
334 1825 798 1898 ⁸παραὸεὸηκότων
842 1826 900 1878 ἐν
939 1823 1087 1895 ἐμοί·
1128 1825 1158 1876 6
1189 1822 1300 1893 γὰρ
1332 1822 1550 1893 σκώληξ
1592 1824 1772 1877 αὐτῶν

1906 647 2147 691 creatura
2190 637 2467 690 invisibilis
2506 637 2557 690 in
2598 648 2881 703 consiiectu
2909 638 3042 704 ejus,
3074 639 3249 692 omnia
3279 652 3454 693 autem

1901 732 2037 783 nuda
2064 741 2117 784 et
2153 738 2331 794 aperta
2361 738 2483 782 sunt
2509 728 2562 781 in
2584 730 2755 782 oculis
2781 727 2913 797 ejus,
2939 729 3001 781 ad
3023 745 3177 799 quem
3202 730 3355 785 nobis
3374 745 3454 785 Cal

1898 836 2073 873 sermo
2104 819 2288 889 (Hebr.
2314 826 2413 885 tv).

1970 914 2092 965 llaec
2120 914 2279 965 etiam
2312 910 2581 979 piophetae
2612 909 2782 977 longis
2828 910 2894 960 ah
2937 910 3057 964 hinc
3107 915 3452 982 temporibus,

1897 1004 2127 1072 Spiritus
2154 1004 2321 1056 sancti
2360 1003 2525 1068 gratia
2554 1001 2824 1067 illustrati,
2867 1004 3199 1070 apertissime
3248 1010 3457 1059 nuntia-

1896 1105 2104 1147 verunt.
2134 1095 2219 1146 Att
2245 1108 2386 1146 enim
2418 1091 2574 1145 Isaias
2622 1110 2633 1143 :
2670 1092 2777 1159 Ego
2803 1107 2963 1158 Opera
2994 1091 3196 1146 illorum
3227 1097 3370 1157 novi.
3402 1107 3456 1149 ιιι

1896 1186 2112 1240 reddam
2143 1186 2241 1239 eis.
2289 1183 2423 1235 Ecce
2458 1183 2608 1236 venio
2636 1192 2692 1237 ut
2717 1198 3031 1253 congregem
3058 1200 3243 1239 omnes
3270 1197 3454 1255 gentes

1896 1287 1947 1325 ct
1977 1278 2207 1338 linguas;
2237 1284 2286 1326 et
2316 1276 2547 1340 venient,
2575 1288 2628 1329 et
2652 1276 2901 1331 videbunt
2927 1278 3147 1345 gloriam
3171 1292 3339 1331 meam
3365 1297 3378 1343 ;
3404 1291 3456 1334 ct

1897 1363 2001 1417 erit
2028 1366 2221 1419 ccelum
2255 1383 2469 1429 niwum,
2500 1379 2552 1422 ct
2583 1380 2718 1423 terra
2759 1385 2918 1435 nova,
2969 1388 3087 1439 qua:
3130 1388 3227 1440 ego
3267 1372 3453 1427 faciam

1894 1470 2110 1510 manere
2140 1470 2315 1510 coram
2340 1475 2444 1511 me.
2481 1461 2542 1511 lit
2565 1462 2737 1513 veniet
2766 1461 2939 1516 omnis
2960 1477 3105 1526 caro,
3138 1474 3189 1515 et
3216 1464 3455 1517 adorabit

1892 1559 1976 1598 me
2008 1546 2058 1599 in
2084 1558 2368 1615 conspectu
2400 1564 2539 1613 meo,
2567 1550 2692 1602 dicit
2724 1550 3001 1614 Dominus;
3030 1563 3082 1606 et
3129 1554 3368 1617 exibunt,
3400 1564 3456 1607 et

1894 1635 2421 1691 videlmntcadavera
2456 1639 2748 1703 hominum,
2774 1642 2860 1708 qui
2894 1644 3218 1707 prmvaricati
3249 1655 3373 1697 sunt
3403 1646 3455 1697 in

1890 1742 1995 1780 me.
2029 1726 2158 1781 Nam
2189 1732 2384 1783 vermis
2404 1745 2585 1785 eorum
2614 1747 2717 1785 non
2740 1733 3012 1796 morietur,
3035 1744 3087 1788 et
3109 1735 3244 1797 ignis
3261 1749 3448 1789 eorum

1893 1835 1998 1873 non
2027 1822 2411 1891 exstinguetur.
2437 1823 2495 1876 Et
2520 1834 2674 1876 erunt
2701 1839 2866 1893 usque
2889 1824 2953 1877 ad
2977 1827 3273 1880 satietatem
3298 1827 3456 1881 visio-

184 1925 252 1976 οὐ
288 1917 632 1988 τελευτήσει,
666 1915 763 1971 καὶ
809 1915 870 1968 τὸ
902 1914 1016 1985 πῦρ
1043 1913 1225 1968 αὐτῶν
1262 1914 1325 1967 οὐ
1374 1913 1766 1986 σϐεσθήσεται,

1802 1896 1843 1952 Β
1893 1910 1974 1963 nis
1995 1911 2137 1964 omni
2159 1912 2300 1965 carni
2328 1910 2464 1981 (Isa.
2490 1916 2651 1981 uri).
2682 1916 2759 1969 Ae
2785 1930 2990 1968 rursum
3022 1915 3087 1969 de
3114 1917 3200 1971 die
3227 1917 3317 1969 illo
3336 1916 3408 1970 ait
3439 1938 3453 1971 :

179 2013 283 2067 καὶ
311 2012 528 2065 ἔσονται
568 2011 649 2073 είς
683 2010 875 2079 ὅρασιν
906 2007 1059 2079 πάσῃ
1098 2006 1283 2079 σαρκί.
1319 2006 1429 2058 Kal
1456 2000 1613 2069 αὖθις
1642 2007 1770 2076 περὶ

178 2107 286 2175 τῆς
325 2106 538 2178 ἡμέρας
576 2102 795 2173 ἐκείνης
826 2100 1007 2169 λέγει’
1063 2100 1171 2152 Kal
1207 2098 1317 2169 (l5)
1354 2098 1704 2170 εἰληθήσεται
1740 2100 1770 2150 6

177 2197 415 2270 οὐρανὸς
444 2195 520 2259 ὡς
552 2194 760 2265 βιὸλίον
779 2235 795 2259 ,
822 2194 919 2246 καὶ
950 2191 1134 2245 πάντα
1164 2190 1233 2244 τά
1266 2190 1442 2261 ἄστρα
1472 2188 1768 2243 πεσοῦνται

178 2290 264 2355 ὡς
295 2289 470 2360 φύλλα
498 2288 558 2355 ἐξ
600 2285 871 2359 ἀμπέλου·
909 2284 1019 2338 ίδοὺ
1055 2284 1167 2355 (16)
1206 2284 1314 2354 γὰρ
1346 2282 1533 2353 ἡμέρα
1562 2282 1767 2353 Κυρίου

181 2383 431 2455 ἔρχεται,
456 2381 678 2443 ἀνίατος
707 2377 886 2449 θυμοῦ
915 2377 1009 2431 καὶ
1037 2375 1230 2449 ὀργῆς,
1264 2374 1435 2427 θεῖναι
1465 2373 1564 2446 τὴν
1593 2375 1772 2426 οἰκου-

185 2478 359 2547 μένην
396 2474 524 2545 ὃλην
555 2471 762 2544 ἔρημον
799 2470 895 2524 καὶ
938 2469 1067 2532 τοὺς
1102 2465 1465 2538 ἁμαρτωλοὺς
1502 2466 1767 2521 ἀπολέσαι

183 2568 250 2634 ἐξ
280 2568 479 2638 αὐτῆςο
522 2568 572 2618 οἱ
619 2562 728 2634 γὰρ
770 2561 999 2631 ἀστέρες
1035 2558 1131 2611 τοῦ
1180 2556 1413 2629 οὐρανοῦ
1459 2558 1569 2628 76
1609 2558 1703 2612 καὶ
1738 2560 1768 2610 6

196 2663 393 2733 Ὠρίων
423 2660 518 2715 καὶ
546 2660 655 2723 πᾶς
679 2659 708 2710 6
732 2657 938 2726 κόσμος
962 2651 1058 2705 τοῦ
1088 2650 1321 2723 οὐρανοῦ
1354 2651 1417 2703 τὸ
1447 2650 1563 2720 φῶς
1588 2650 1767 2704 αὐτῶν

182 2755 251 2808 οὐ
282 2754 531 2818 δώσουσι,
561 2751 657 2804 καὶ
682 2746 1103 2816 σκοτισθήσεται
1134 2742 1228 2796 τοῦ
1258 2742 1411 2812 ἡλίου
1450 2741 1767 2795 ἀνατέλλον-

183 2866 300 2913 τος,
338 2848 433 2902 καὶ
463 2849 496 2918 ὴ
526 2844 724 2915 σελήνη
750 2842 812 2894 o6
830 2838 990 2891 δώσει
1013 2836 1075 2889 τὸ
1100 2835 1216 2904 φῶς
1238 2835 1428 2905 αὐτῆς·
1462 2835 1558 2899 καὶ
1581 2835 1767 2888 ἀπολῶ

184 2942 351 3012 ὓϐριν
397 2938 615 3007 ἀνόμων
658 2934 751 2987 καὶ
797 2928 955 3000 ὓϐριν
1008 2926 1377 2996 ὑπερηφάνων
1416 2925 1762 2980 ταπεινώσω.

182 3035 304 3088 Καὶ
352 3030 517 3083 πάλιν
566 3028 734 3091 λέγει·
787 3021 925 3073 υύαὶ
976 3018 1088 3088 (17)
1140 3020 1191 3071 οἱ
1243 3015 1618 3086 ἐπισπώμενοι
1667 3015 1768 3079 τὰς

182 3124 466 3196 ἁμαρτίας
510 3114 691 3171 αὐτῶν
729 3112 804 3175 ὡς
840 3110 1061 3181 σχοινίῳ
1099 3108 1300 3180 μακρῷ
1345 3109 1439 3161 καὶ
1470 3108 1548 3171 ὡς
1597 3106 1765 3175 ζυγοῦ

185 3217 375 3288 ἱμάντι
410 3207 695 3279 δαμάλεως
728 3205 826 3265 τὰς
868 3204 1131 3272 ἀνομίας⁶
1170 3203 1306 3256 Οὐαὶ
1338 3206 1387 3257 οἱ
1420 3204 1675 3274 λέγοντες
1704 3206 1765 3257 τὺ

182 3300 428 3372 πονηρὸν
454 3295 617 3351 καλὸν
640 3293 733 3346 καὶ
762 3292 823 3344 τὸ
861 3292 1025 3344 καλὸν
1059 3293 1298 3363 πονηρὸν
1316 3334 1331 3357 ,
1360 3296 1409 3348 οί
1439 3295 1679 3360 τιθέντες
1708 3299 1767 3351 τὸ

185 3394 381 3455 σκότος
404 3389 519 3459 φῶς
547 3382 637 3436 καὶ
661 3383 722 3436 τὸ
746 3382 863 3451 φῶς
892 3383 1104 3446 σκότος,
1129 3386 1180 3437 οἱ
1210 3384 1451 3449 τιθέντες
1480 3386 1540 3440 τὸ
1569 3388 1767 3458 πικρὸν

183 3485 363 3554 γλυκὺ
389 3476 484 3530 καὶ
508 3476 571 3529 τὸ
595 3475 770 3544 γλυκὺ
803 3477 1020 3547 πικρόν·
1052 3477 1178 3530 οὐαὶ
1205 3478 1255 3530 οἱ
1293 3478 1570 3548 ἰσχύοντες
1610 3481 1766 3551 ὑμῶν

182 3581 238 3633 οξ
262 3571 545 3632 δυνάσται,
578 3571 627 3622 οί
660 3567 951 3641 κιρνῶντες
982 3568 1046 3621 τὸ
1085 3570 1301 3640 σίκερα,
1341 3572 1390 3623 οί
1432 3570 1766 3636 δικαιοῦντες

174 3665 273 3716 τὸν
303 3661 472 3733 ἀσεϐῆ
512 3661 700 3713 ἕνεκεν
734 3658 922 3729 δώρων
947 3658 1044 3711 καὶ
1074 3657 1134 3710 τὺ
1161 3658 1370 3711 δίκαιον
1415 3660 1511 3713 τοῦ
1550 3661 1765 3715 δικαίου

174 3756 430 3825 αἴροντες
456 3752 590 3824 (18),
619 3753 669 3805 οί
697 3751 1038 3813 ἐκκλίνοντες
1062 3750 1176 3818 (19)
1206 3751 1389 3821 κρίσιν
1412 3751 1645 3823 πτωχῶν
1667 3756 1762 3807 καὶ

177 3844 527 3917 ἁρπάζοντες
547 3842 722 3914 κρίμα
751 3842 1023 3910 πενήτων,
1048 3839 1191 3893 ὥστε
1220 3836 1361 3895 εἶναι
1385 3842 1569 3907 αὐτοῖς
1589 3845 1767 3914 χήραν

176 3940 266 4000 είς
290 3934 547 4006 ἁρπαγὴν
576 3934 667 3986 καὶ
694 3932 929 4005 ὀρφανὸν
955 3934 1034 3996 εἰς
1065 3934 1366 4003 προνομήν.
1396 3935 1507 3988 Kal
1524 3935 1578 3987 τί
1598 3938 1761 4008 steti}-

179 4046 339 4083 σουσι
396 4031 464 4095 τῇ
530 4026 713 4098 ἡμέρα
766 4025 866 4093 τῆς
912 4025 1265 4094 ὲπισκοπῆς;
1316 4027 1412 4079 καὶ
1459 4027 1598 4100 πρὸς
1638 4029 1760 4082 τίνα

178 4120 618 4190 καταφεύξονται
640 4117 734 4172 τοῦ
754 4115 1086 4188 βοηθηθῆναι
1103 4134 1117 4182 ;
1136 4118 1229 4170 καὶ
1246 4117 1349 4171 ποῦ
1372 4120 1755 4190 καταλείψουσι

1892 1998 1959 2051 Et
1978 1998 2272 2052 involvetur
2299 2002 2492 2054 cmlum
2514 2003 2649 2055 sicut
2675 2002 2827 2067 liber,
2860 2018 3045 2058 omnes
3067 2007 3233 2059 stellae
3262 2006 3455 2060 cadent

1896 2090 2035 2141 sicut
2079 2089 2259 2142 folium
2301 2092 2366 2144 de
2396 2088 2569 2144 vinea.
2598 2092 2733 2147 Ecce
2762 2097 2900 2148 enim
2931 2095 3045 2149 dies
3072 2096 3277 2150 Domini
3308 2099 3454 2151 venit

1890 2179 2075 2244 plenus
2106 2178 2282 2233 furore
2324 2189 2376 2233 et
2413 2182 2509 2244 ira,
2555 2181 2620 2235 ad
2650 2183 2944 2250 ponendam
2973 2193 3165 2239 terram
3187 2186 3239 2239 in
3267 2187 3453 2240 soliti--

1887 2272 2083 2340 dinem,
2111 2283 2164 2326 et
2181 2284 2488 2341 peccatores
2504 2277 2616 2344 ejus
2631 2280 2982 2333 conterendos
3004 2294 3065 2334 ex
3085 2296 3166 2335 ea.
3189 2283 3449 2349 Quoniam

1884 2363 2055 2417 stella:
2083 2365 2204 2417 cmli
2235 2376 2289 2418 et
2316 2366 2566 2432 splendor
2592 2383 2773 2421 earum
2798 2384 2902 2422 non
2937 2372 3243 2437 expandent
3271 2372 3449 2425 lumen

1887 2468 2063 2507 suum.
2096 2453 2162 2507 Et
2188 2455 2620 2511 obtenebrabitur
2638 2458 2717 2512 sol
2746 2459 2799 2512 in
2827 2468 2945 2513 ortu
2968 2475 3085 2521 suo,
3108 2471 3161 2514 et
3188 2462 3308 2515 luna
3342 2478 3446 2516 non

1883 2545 2182 2613 splendebit
2212 2548 2263 2600 in
2289 2549 2486 2604 lumine
2512 2566 2629 2605 suo.
2658 2551 2720 2603 Et
2742 2550 3017 2621 quiescere
3046 2550 3235 2605 faciam
3265 2568 3449 2623 super-

1882 2636 2022 2690 biam
2052 2637 2365 2702 infidelium,
2408 2650 2462 2695 et
2497 2643 2850 2709 arrogantiam
2896 2641 3106 2695 fortium
3155 2644 3447 2698 humilialm

1884 2726 2017 2794 (Isa.
2046 2732 2185 2800 xm).
2216 2736 2292 2787 Ac
2318 2748 2500 2786 rursus
2520 2734 2594 2787 ait
2620 2751 2633 2785 :
2664 2733 2750 2787 Va:
2770 2736 2855 2801 «iui
2878 2722 3093 2788 trahitis
3114 2734 3442 2803 iniquitatem

1884 2821 1937 2875 in
1980 2820 2227 2877 funiculis
2274 2826 2541 2889 vanitatis,
2590 2835 2643 2879 et
2685 2825 2835 2891 quasi
2882 2827 3150 2880 vinculum
3201 2828 3442 2894 plaustri.

1878 2919 2167 2974 peccatum.
2197 2910 2285 2964 Va:
2328 2911 2417 2979 qui
2466 2909 2640 2963 dicitis
2683 2911 2879 2963 malum
2920 2909 3134 2975 bonum,
3184 2920 3443 2979 ponentes

1881 3013 2115 3051 amarum
2146 3000 2198 3053 in
2227 3000 2402 3064 dulce,
2431 3010 2485 3053 et
2516 2999 2669 3053 dulce
2699 3000 2749 3052 in
2778 3014 3032 3052 amarum.
3071 3001 3157 3051 Vae
3203 3000 3291 3065 qui
3349 3016 3443 3067 pu-

1885 3096 2054 3141 tentes
2080 3090 2208 3142 estis
2230 3090 2294 3143 ad
2328 3089 2610 3144 bibendum
2639 3090 2837 3147 vinum.
2868 3098 2923 3142 et
2944 3090 3039 3141 viri
3065 3089 3226 3141 fortes
3250 3091 3314 3142 ad
3343 3089 3445 3142 mi-

1880 3178 2126 3230 scendam
2150 3178 2483 3234 ebrietatem.
2509 3178 2608 3244 Qui
2625 3178 2925 3247 justilicatis
2953 3178 3169 3245 impium
3192 3192 3290 3246 pro
3319 3193 3439 3230 niu-

1797 3258 1841 3314 C
1882 3268 2115 3331 neribus,
2146 3276 2201 3321 et
2235 3268 2489 3335 justitiam
2583 3271 2718 3339 justi
2789 3266 3017 3322 aufertis
3127 3269 3197 3322 ab
3224 3282 3308 3321 eo.
3337 3268 3439 3334 Qui

1879 3355 2418 3423 declinatisjudicium
2442 3371 2753 3424 pauperum,
2770 3367 2825 3412 et
2843 3357 3069 3426 diripitis
3088 3359 3437 3412 substantiam

1878 3457 2189 3512 egenorum,
2217 3454 2275 3497 ut
2312 3447 2377 3498 sit
2401 3446 2551 3498 vobis
2574 3447 2841 3513 orphanus
2867 3447 2917 3500 in
2941 3446 3196 3513 praedam.
3227 3446 3291 3501 Et
3313 3445 3437 3514 quid

1880 3534 2087 3588 facietis
2114 3550 2165 3587 in
2193 3533 2279 3587 die
2312 3535 2663 3589 visitatiouis?
2688 3548 2739 3590 et
2767 3536 2831 3589 ad
2860 3551 3018 3605 quem
3046 3536 3358 3603 confugietis
3383 3538 3434 3590 in

1879 3627 2171 3679 auxilium?
2192 3635 2246 3679 et
2268 3626 2355 3681 ubi
2380 3627 2755 3695 derelinquetis
2774 3628 2991 3696 gloriam
3014 3636 3268 3690 vestram,
3299 3643 3363 3681 ne
3384 3626 3436 3681 in

1882 3718 2239 3770 visitationem
2269 3718 2552 3771 incidatis?
2602 3717 2825 3787 Propter
2871 3718 2992 3785 hoc,
3039 3719 3177 3773 sicut
3221 3719 3440 3772 devorat

1877 3808 2122 3876 stipulam
2162 3807 2343 3877 lingua
2385 3823 2543 3876 ignis,
2573 3816 2629 3861 et
2654 3809 2803 3862 calor
2831 3807 3060 3863 ﬂammae
3106 3808 3313 3873 exurit,
3356 3808 3434 3861 sic

1878 3898 2023 3952 radix
2053 3913 2235 3952 eorum
2271 3901 2418 3967 quasi
2454 3899 2624 3954 favilla
2668 3901 2787 3965 erit,
2818 3901 2873 3954 et
2915 3914 3126 3970 germen
3153 3915 3337 3955 eorum
3378 3910 3437 3953 ut

1876 3987 2063 4054 pulvis.
2111 3986 2434 4054 Abjecerunt
2456 3986 2595 4039 enim
2626 3987 2792 4055 legem
2846 3986 3049 4040 Domini
3086 3989 3434 4053 exercituum,

1876 4090 1927 4131 et
1948 4077 2212 4146 eloquium
2237 4079 2404 4131 sancti
2430 4077 2588 4132 lsrael
2618 4078 3112 4147 blasphemaverunt
3140 4077 3270 4146 (Isa.
3288 4080 3362 4145 v).

173 4214 282 4285 τὴν
321 4212 479 4278 δόξαν
508 4209 691 4305 αὐτῶν
734 4207 829 4305 τοῖλ
990 4209 1253 4305 εμπεσεζν
1294 4212 1374 4273 εἰς
1417 4211 1760 4305 ἀπαγωγήη
1808 4221 1904 4274 Ὃν
1932 4223 2135 4295 τρόπον
2204 4225 2540 4297 καυθήσεται
2567 4226 2789 4298 καλάμη
2822 4226 2928 4280 ὑπὸ
2973 4227 3243 4305 ἄνθρακος
3274 4227 3445 4298 πυρὸς

176 4310 279 4361 καὶ
315 4303 756 4375 συγκαυθήσεται
807 4301 916 4355 ὑπὸ
963 4300 1161 4370 φλογὸς
1205 4301 1529 4375 ἀνημμένης
1562 4304 1697 4375 (20).
1729 4310 1763 4380 ἡ
1836 4313 1963 4384 ῥίζα
2026 4316 2206 4370 αὐτῶν
2235 4316 2309 4380 ὣς
2343 4316 2505 4387 χνοῦς
2537 4317 2712 4383 ἔσται,
2743 4320 2928 4374 καὶτὸ
2958 4300 3118 4382 ἄνθος
3150 4318 3330 4374 αὐτῶν
3368 4318 3445 4381 ὡς

177 4396 460 4468 κονιορτὸς
499 4394 862 4465 ἀναϐήσεταιο
895 4394 956 4447 οὐ
998 4395 1108 4465 γάρ
1140 4394 1419 4468 ἠθέλησαν
1466 4397 1563 4451 τὸν
1600 4400 1766 4471 νόμον
1804 4406 2008 4476 Κυρίου
2044 4409 2294 4475 Σαϐαὼθ,
2361 4410 2495 4464 ἀλλὰ
2542 4413 2603 4465 τὸ
2646 4414 2823 4481 λόγιον
2865 4413 2960 4467 τοῦ
3030 4415 3187 4480 ἁγίου
3230 4412 3445 4482 Ἰσραὴλ

175 4487 511 4560 παρώξυναν
755 4487 761 4493 ’

252 4580 443 4651 Τούτῳ
474 4579 716 4652 συνᾴδων
746 4579 842 4633 κα)⁵
878 4578 1067 4651 ἔτερος
1102 4579 1390 4651 προφήτης
1427 4581 1593 4651 φησίν
1626 4581 1762 4653 (21)·

1802 4588 1841 4641 Ι)
1946 4596 2143 4661 Eodem
2182 4598 2402 4661 accedit,
2436 4596 2575 4664 quod
2598 4599 2668 4649 ait
2696 4596 2830 4651 alius
2852 4595 3101 4661 propheta
3133 4611 3148 4651 :
3176 4596 3329 4649 Juxta
3352 4604 3433 4649 est

176 4674 291 4747 7⁸1
339 4673 536 4743 Ἐγγὺς
576 4674 611 4743 ἡ
648 4671 831 4743 ἡμέρα
860 4671 1067 4742 Κυρίου
1100 4673 1135 4742 ἡ
1182 4672 1423 4744 μεγάλην
1462 4676 1630 4742 ἐγγὺς
1671 4678 1765 4729 καὶ

1878 4691 1991 4743 dies
2024 4689 2231 4743 Domini
2263 4704 2446 4758 magna
2478 4698 2533 4741 et
2558 4689 2709 4741 velox
2739 4690 2914 4741 nimis.
2948 4688 3060 4741 Vox
3089 4688 3194 4741 diei
3226 4687 3432 4741 Domini

175 4764 385 4835 ταχινή
428 4763 655 4834 σφόδρα·
692 4762 845 4831 φωνὴ
892 4763 928 4832 ἡ
972 4763 1188 4835 ἡμέρας
1226 4764 1434 4833 Κυρίου
1470 4766 1646 4837 πικρά
1674 4769 1768 4821 καὶ

1872 4793 2070 4840 amara,
2096 4778 2434 4833 tribulabitur
2462 4778 2632 4832 fortis.
2661 4779 2784 4832 Dies
2813 4778 2904 4831 ira:
2925 4779 3035 4831 dies
3062 4779 3172 4842 illa,
3201 4778 3315 4831 dies
3340 4778 3432 4830 tri-

180 4855 401 4925 σκληρά
447 4854 748 4907 τέτακται·
788 4853 989 4924 δυνατὴ
1042 4853 1229 4926 ἡμέρα
1280 4855 1448 4927 ὀργῆς
1496 4857 1531 4927 ἠ
1585 4857 1767 4927 ἡμέρα

1871 4870 2153 4924 bulationis
2177 4880 2230 4924 et
2264 4870 2539 4934 angustiae,
2580 4870 2694 4923 dies
2739 4869 3055 4924 calamitatis
3081 4880 3136 4923 et
3180 4871 3428 4932 miseriae,

177 4947 374 5016 ἐκείνη
393 4986 408 5011 ,
438 4945 620 5017 ἡμέρα
659 4943 893 5014 θλίψεως
925 4946 1019 4998 καὶ
1046 4946 1293 5014 ἀνάγκης
1312 4985 1328 5010 ,
1357 4946 1540 5017 ἡμέρα
1576 4949 1768 5002 ταλαι-

1868 4962 1980 5014 dies
2008 4944 2348 5014 tenebrarum
2378 4968 2432 5014 et
2455 4959 2715 5026 caliginis,
2739 4959 2853 5011 dies
2876 4960 3081 5012 nebula:
3100 4967 3154 5011 et
3177 4957 3425 5020 turbinis,

178 5040 403 5111 πωρίας
434 5056 530 5093 και
556 5036 895 5107 ἀφανισμοῦ,
931 5037 1113 5107 ἡμέρα
1153 5038 1376 5099 σκότους
1410 5040 1504 5092 καὶ
1539 5040 1763 5108 γνόφου,

1867 5050 1980 5103 dies
2011 5050 2148 5103 tubas
2176 5058 2231 5104 et
2253 5046 2515 5118 clangoris
2535 5063 2694 5116 super
2715 5050 2954 5102 civitates
2977 5050 3226 5111 munitas,
3257 5057 3308 5102 et
3338 5065 3429 5101 su-

258 5244 374 5313 (14)
403 5242 509 5313 Isa.
540 5260 684 5303 Lavi.
717 5245 829 5299 18..

260 5312 378 5384 (15)
409 5312 543 5384 Ibid.
579 5330 763 5375 xxxw.
795 5322 848 5379 4.

261 5385 378 5451 (lii)
410 5383 543 5437 Ibid.
576 5401 697 5443 xm.
728 5389 780 5447 9,
821 5390 901 5453 l0,
938 5390 995 5442 11

263 5455 380 5522 (17)
412 5454 517 5508 Isa.
554 5470 604 5518 ν,
639 5456 725 5510 18.
758 5497 772 5511 .

263 5524 503 5600 (18)_§ic
532 5528 715 5600 colles
736 5532 777 5581 Α
807 5531 934 5584 olim
960 5548 975 5593 ;
1009 5546 1150 5585 nunc
1180 5532 1588 5595 ecorrectionc,
1622 5528 1685 5581 τὸ
1718 5530 1768 5584 il

1797 5547 1901 5583 ,κον
1928 5529 2021 5582 τοῦ
2056 5530 2107 5584 δ,
2130 5530 2246 5600 αἷρ.
2277 5528 2429 5596 Quod
2459 5526 2580 5583 dedi
2626 5536 2709 5581 est
2749 5527 2861 5595 ipsa
2894 5524 3042 5579 lsaim
3089 5524 3246 5579 lectio
3276 5540 3325 5587 ν,
3356 5524 3447 5577 1’5.

183 5596 253 5661 C,
278 5593 471 5671 τδάδ.
500 5611 553 5648 τ.
587 5595 1009 5671 δ.-αίρούμενοι.

265 5664 382 5735 (19)
414 5663 517 5735 Isa.
562 5681 616 5729 χ,
646 5663 744 5721 2.’
834 5663 846 5671 ’

270 5734 570 5815 (ἓυ).18ιιίξιξ
616 5747 797 5815 textus
836 5743 1065 5815 exhibet
1093 5758 1146 5804 ν,
1176 5744 1271 5806 21».
1308 5743 1635 5815 ἀνειμένης.
1670 5758 1768 5812 quo

1800 5745 1814 5796 l
1873 5759 1976 5797 non
2029 5742 2377 5815 praetulerim.
2412 5741 2586 5798 Poeta:
2641 5736 2813 5792 Grtcci
2864 5740 3115 5791 dixi-runt
3167 5734 3455 5805 αἰθόμενον

190 5805 499 5885 πῦρέίζὶρξε
530 5805 697 5885 I_6aias
729 5826 793 5885 ιν
824 5812 885 5885 5,
918 5814 1089 5884 πυρὸς
1120 5805 1410 5885 καιομένου
1434 5805 1461 5869 ἐ
1504 5805 1568 5881 x,
1601 5805 1768 5880 17,’Ξεν

1806 5815 1939 5884 πυρὶ
1972 5805 2265 5883 καιομένῳ.

273 5874 387 5946 (21)
422 5874 663 5945 Sophon.
701 5896 739 5939 t,
774 5882 841 5936 H
868 5874 1021 5951 Seqq'.

525 5978 795 6035 ιἈτιιοι..
843 5972 959 6033 Gn.
1012 5971 1230 6035 ΚΕΗ.

3056 5971 3136 6030 30
