  <div class='ocr_page' id='page_1' title='image "/cluster/home/n/w/nwhite01/storage/ocr_20150623/96/nnc1.0046979875/480.png"; bbox 0 0 4180 6458; ppageno 0'>
   <div class='ocr_carea' id='block_1_1' title="bbox 242 393 348 453">
    <p class='ocr_par' dir='ltr' id='par_1_1' title="bbox 242 393 348 453">
     <span class='ocr_line' id='line_1_1' title="bbox 242 393 348 453; baseline -0.066 0"><span class='ocrx_word' id='word_1_1' title='bbox 242 393 348 453; x_wconf 62' lang='lat'><strong>919</strong></span> 
     </span>
    </p>
   </div>
   <div class='ocr_carea' id='block_1_2' title="bbox 1334 399 2429 459">
    <p class='ocr_par' dir='ltr' id='par_1_2' title="bbox 1334 399 2429 459">
     <span class='ocr_line' id='line_1_2' title="bbox 1334 399 2429 459; baseline -0.001 -1"><span class='ocrx_word' id='word_1_2' title='bbox 1334 400 1509 459; x_wconf 74' lang='lat' dir='ltr'><strong>VITA</strong></span> <span class='ocrx_word' id='word_1_3' title='bbox 1552 399 1908 457; x_wconf 71' lang='lat' dir='ltr'><strong>BARLAAM</strong></span> <span class='ocrx_word' id='word_1_4' title='bbox 1950 399 2043 457; x_wconf 87' lang='grc' dir='ltr'><strong>ΕΤ</strong></span> <span class='ocrx_word' id='word_1_5' title='bbox 2082 399 2429 457; x_wconf 72' lang='lat' dir='ltr'><strong>JUASAPH.</strong></span> 
     </span>
    </p>
   </div>
   <div class='ocr_carea' id='block_1_3' title="bbox 3382 392 3486 453">
    <p class='ocr_par' dir='ltr' id='par_1_3' title="bbox 3382 392 3486 453">
     <span class='ocr_line' id='line_1_3' title="bbox 3382 392 3486 453; baseline 0.019 -2"><span class='ocrx_word' id='word_1_6' title='bbox 3382 392 3486 453; x_wconf 71' lang='lat'><strong>950</strong></span> 
     </span>
    </p>
   </div>
   <div class='ocr_carea' id='block_1_4' title="bbox 238 511 1811 605">
    <p class='ocr_par' dir='ltr' id='par_1_4' title="bbox 238 511 1811 586">
     <span class='ocr_line' id='line_1_4' title="bbox 238 511 1811 586; baseline -0.004 -17"><span class='ocrx_word' id='word_1_7' title='bbox 238 518 381 569; x_wconf 71' lang='grc' dir='ltr'>ἁ).λά</span> <span class='ocrx_word' id='word_1_8' title='bbox 410 515 758 586; x_wconf 81' lang='grc' dir='ltr'><strong>συγχωρήσει</strong></span> <span class='ocrx_word' id='word_1_9' title='bbox 790 529 880 584; x_wconf 88' lang='grc' dir='ltr'><strong>μοι</strong></span> <span class='ocrx_word' id='word_1_10' title='bbox 932 513 1108 565; x_wconf 77' lang='grc' dir='ltr'>πάντα</span> <span class='ocrx_word' id='word_1_11' title='bbox 1132 553 1148 579; x_wconf 92' lang='grc'><strong>,</strong></span> <span class='ocrx_word' id='word_1_12' title='bbox 1182 512 1569 584; x_wconf 82' lang='grc' dir='ltr'>φιλάνθρωπος</span> <span class='ocrx_word' id='word_1_13' title='bbox 1615 511 1693 564; x_wconf 81' lang='grc' dir='ltr'>ὣν</span> <span class='ocrx_word' id='word_1_14' title='bbox 1724 512 1811 565; x_wconf 61' lang='grc' dir='ltr'>καὶ</span> 
     </span>
    </p>
   </div>
   <div class='ocr_carea' id='block_1_5' title="bbox 1928 511 3487 605">
    <p class='ocr_par' dir='ltr' id='par_1_5' title="bbox 1940 532 3487 605">
     <span class='ocr_line' id='line_1_5' title="bbox 1940 532 3487 605; baseline 0.01 -28"><span class='ocrx_word' id='word_1_15' title='bbox 1940 536 2167 591; x_wconf 77' lang='lat' dir='ltr'><strong>moveat,</strong></span> <span class='ocrx_word' id='word_1_16' title='bbox 2200 543 2380 581; x_wconf 91' lang='lat' dir='ltr'><strong>verum</strong></span> <span class='ocrx_word' id='word_1_17' title='bbox 2428 544 2521 594; x_wconf 89' lang='lat' dir='ltr'><strong>pro</strong></span> <span class='ocrx_word' id='word_1_18' title='bbox 2549 544 2666 595; x_wconf 89' lang='lat' dir='ltr'><strong>sua,</strong></span> <span class='ocrx_word' id='word_1_19' title='bbox 2714 542 2767 585; x_wconf 89' lang='lat' dir='ltr'><strong>ut</strong></span> <span class='ocrx_word' id='word_1_20' title='bbox 2792 532 2969 596; x_wconf 76' lang='lat' dir='ltr'><strong>doces,</strong></span> <span class='ocrx_word' id='word_1_21' title='bbox 3003 534 3321 605; x_wconf 72' lang='lat' dir='ltr'><strong>benignitate</strong></span> <span class='ocrx_word' id='word_1_22' title='bbox 3361 542 3487 593; x_wconf 85' lang='lat' dir='ltr'><strong>mihi</strong></span> 
     </span>
    </p>
   </div>
   <div class='ocr_carea' id='block_1_6' title="bbox 239 600 1815 675">
    <p class='ocr_par' dir='ltr' id='par_1_6' title="bbox 239 600 1815 675">
     <span class='ocr_line' id='line_1_6' title="bbox 239 600 1815 675; baseline -0.003 -16"><span class='ocrx_word' id='word_1_23' title='bbox 239 607 637 675; x_wconf 76' lang='grc' dir='ltr'>εὖσπλαγχνος,</span> <span class='ocrx_word' id='word_1_24' title='bbox 668 603 811 659; x_wconf 83' lang='grc' dir='ltr'>καθὰ</span> <span class='ocrx_word' id='word_1_25' title='bbox 832 600 1126 667; x_wconf 76' lang='grc' dir='ltr'><strong>διδάσκεις,</strong></span> <span class='ocrx_word' id='word_1_26' title='bbox 1160 603 1254 657; x_wconf 76' lang='grc' dir='ltr'>καὶ</span> <span class='ocrx_word' id='word_1_27' title='bbox 1281 604 1506 669; x_wconf 79' lang='grc' dir='ltr'>ἀξιώσει</span> <span class='ocrx_word' id='word_1_28' title='bbox 1532 621 1599 674; x_wconf 89' lang='grc' dir='ltr'><strong>με</strong></span> <span class='ocrx_word' id='word_1_29' title='bbox 1630 603 1815 656; x_wconf 89' lang='grc' dir='ltr'>δοῦλον</span> 
     </span>
    </p>
   </div>
   <div class='ocr_carea' id='block_1_7' title="bbox 239 693 1813 767">
    <p class='ocr_par' dir='ltr' id='par_1_7' title="bbox 239 693 1813 767">
     <span class='ocr_line' id='line_1_7' title="bbox 239 693 1813 767; baseline -0.002 -15"><span class='ocrx_word' id='word_1_30' title='bbox 239 698 411 752; x_wconf 74' lang='grc' dir='ltr'>αὑτοῦ</span> <span class='ocrx_word' id='word_1_31' title='bbox 438 698 712 767; x_wconf 81' lang='grc' dir='ltr'>γενέσθαι.</span> <span class='ocrx_word' id='word_1_32' title='bbox 749 698 889 765; x_wconf 84' lang='grc' dir='ltr'>Ἤδη</span> <span class='ocrx_word' id='word_1_33' title='bbox 920 693 1013 749; x_wconf 79' lang='grc' dir='ltr'>οὖν</span> <span class='ocrx_word' id='word_1_34' title='bbox 1068 697 1302 767; x_wconf 80' lang='grc' dir='ltr'>ἑτοίμως</span> <span class='ocrx_word' id='word_1_35' title='bbox 1355 696 1464 766; x_wconf 78' lang='grc' dir='ltr'>ἔχω</span> <span class='ocrx_word' id='word_1_36' title='bbox 1494 696 1593 749; x_wconf 75' lang='grc' dir='ltr'>καὶ</span> <span class='ocrx_word' id='word_1_37' title='bbox 1626 696 1686 747; x_wconf 85' lang='grc' dir='ltr'>τὸ</span> <span class='ocrx_word' id='word_1_38' title='bbox 1720 696 1813 764; x_wconf 86' lang='grc' dir='ltr'><strong>βά-</strong></span> 
     </span>
    </p>
   </div>
   <div class='ocr_carea' id='block_1_8' title="bbox 240 783 1811 858">
    <p class='ocr_par' dir='ltr' id='par_1_8' title="bbox 240 783 1811 858">
     <span class='ocr_line' id='line_1_8' title="bbox 240 783 1811 858; baseline -0.003 -18"><span class='ocrx_word' id='word_1_39' title='bbox 240 807 454 858; x_wconf 82' lang='grc' dir='ltr'>πτισμα</span> <span class='ocrx_word' id='word_1_40' title='bbox 479 788 753 852; x_wconf 78' lang='grc' dir='ltr'>δέξασθαι.</span> <span class='ocrx_word' id='word_1_41' title='bbox 789 789 882 841; x_wconf 76' lang='grc' dir='ltr'>καὶ</span> <span class='ocrx_word' id='word_1_42' title='bbox 910 786 1087 839; x_wconf 90' lang='grc' dir='ltr'>πάντα</span> <span class='ocrx_word' id='word_1_43' title='bbox 1119 788 1217 838; x_wconf 83' lang='grc' dir='ltr'>ὅσα</span> <span class='ocrx_word' id='word_1_44' title='bbox 1250 787 1409 856; x_wconf 76' lang='grc' dir='ltr'>εἴπῃς</span> <span class='ocrx_word' id='word_1_45' title='bbox 1434 803 1523 854; x_wconf 90' lang='grc' dir='ltr'><strong>μοι</strong></span> <span class='ocrx_word' id='word_1_46' title='bbox 1557 783 1811 854; x_wconf 83' lang='grc' dir='ltr'>φυλάξαι.</span> 
     </span>
    </p>
   </div>
   <div class='ocr_carea' id='block_1_9' title="bbox 239 877 1813 950">
    <p class='ocr_par' dir='ltr' id='par_1_9' title="bbox 239 877 1813 950">
     <span class='ocr_line' id='line_1_9' title="bbox 239 877 1813 950; baseline -0.005 -15"><span class='ocrx_word' id='word_1_47' title='bbox 239 883 309 935; x_wconf 82' lang='grc' dir='ltr'>Τί</span> <span class='ocrx_word' id='word_1_48' title='bbox 339 882 393 935; x_wconf 77' lang='grc' dir='ltr'>δὲ</span> <span class='ocrx_word' id='word_1_49' title='bbox 432 880 536 950; x_wconf 85' lang='grc' dir='ltr'>χρή</span> <span class='ocrx_word' id='word_1_50' title='bbox 579 896 645 948; x_wconf 90' lang='grc' dir='ltr'><strong>με</strong></span> <span class='ocrx_word' id='word_1_51' title='bbox 675 882 852 931; x_wconf 81' lang='grc' dir='ltr'><strong>ποιεῖν</strong></span> <span class='ocrx_word' id='word_1_52' title='bbox 883 879 1019 947; x_wconf 84' lang='grc' dir='ltr'><strong>μετά</strong></span> <span class='ocrx_word' id='word_1_53' title='bbox 1051 877 1113 929; x_wconf 86' lang='grc' dir='ltr'>τὸ</span> <span class='ocrx_word' id='word_1_54' title='bbox 1150 879 1435 948; x_wconf 80' lang='grc' dir='ltr'><strong>βάπτισμα</strong></span> <span class='ocrx_word' id='word_1_55' title='bbox 1462 896 1475 940; x_wconf 91' lang='grc'><strong>;</strong></span> <span class='ocrx_word' id='word_1_56' title='bbox 1504 878 1597 930; x_wconf 80' lang='grc' dir='ltr'><strong>καὶ</strong></span> <span class='ocrx_word' id='word_1_57' title='bbox 1630 879 1678 929; x_wconf 88' lang='grc' dir='ltr'><strong>εί</strong></span> <span class='ocrx_word' id='word_1_58' title='bbox 1715 879 1813 947; x_wconf 90' lang='grc' dir='ltr'>ἀρ-</span> 
     </span>
    </p>
   </div>
   <div class='ocr_carea' id='block_1_10' title="bbox 240 967 1813 1040">
    <p class='ocr_par' dir='ltr' id='par_1_10' title="bbox 240 967 1813 1040">
     <span class='ocr_line' id='line_1_10' title="bbox 240 967 1813 1040; baseline -0.004 -15"><span class='ocrx_word' id='word_1_59' title='bbox 240 977 332 1026; x_wconf 79' lang='grc' dir='ltr'><strong>κεῖ</strong></span> <span class='ocrx_word' id='word_1_60' title='bbox 366 970 523 1024; x_wconf 86' lang='grc' dir='ltr'>τοῦτο</span> <span class='ocrx_word' id='word_1_61' title='bbox 565 971 724 1039; x_wconf 83' lang='grc' dir='ltr'>μόνον</span> <span class='ocrx_word' id='word_1_62' title='bbox 911 969 1047 1039; x_wconf 85' lang='grc' dir='ltr'>πρὸς</span> <span class='ocrx_word' id='word_1_63' title='bbox 1081 968 1388 1040; x_wconf 84' lang='grc' dir='ltr'>σωτηρίαν’,</span> <span class='ocrx_word' id='word_1_64' title='bbox 1429 969 1491 1020; x_wconf 77' lang='grc' dir='ltr'>τὸ</span> <span class='ocrx_word' id='word_1_65' title='bbox 1523 967 1813 1021; x_wconf 84' lang='grc' dir='ltr'>πιστεῦσαι</span> 
     </span>
    </p>
   </div>
   <div class='ocr_carea' id='block_1_11' title="bbox 241 1059 1810 1133">
    <p class='ocr_par' dir='ltr' id='par_1_11' title="bbox 241 1059 1810 1133">
     <span class='ocr_line' id='line_1_11' title="bbox 241 1059 1810 1133; baseline -0.004 -15"><span class='ocrx_word' id='word_1_66' title='bbox 241 1065 342 1118; x_wconf 77' lang='grc' dir='ltr'>καὶ</span> <span class='ocrx_word' id='word_1_67' title='bbox 372 1062 737 1133; x_wconf 77' lang='grc' dir='ltr'><strong>βαπτισθῆναι</strong></span> <span class='ocrx_word' id='word_1_68' title='bbox 761 1102 776 1124; x_wconf 94' lang='grc'><strong>,</strong></span> <span class='ocrx_word' id='word_1_69' title='bbox 810 1063 843 1132; x_wconf 85' lang='grc' dir='ltr'><strong>ἢ</strong></span> <span class='ocrx_word' id='word_1_70' title='bbox 879 1062 974 1114; x_wconf 76' lang='grc' dir='ltr'><strong>καὶ</strong></span> <span class='ocrx_word' id='word_1_71' title='bbox 1020 1060 1155 1113; x_wconf 78' lang='grc' dir='ltr'>ἀλλὰ</span> <span class='ocrx_word' id='word_1_72' title='bbox 1182 1060 1301 1113; x_wconf 84' lang='grc' dir='ltr'>τινὰ</span> <span class='ocrx_word' id='word_1_73' title='bbox 1334 1059 1415 1111; x_wconf 87' lang='grc' dir='ltr'><strong>δεῖ</strong></span> <span class='ocrx_word' id='word_1_74' title='bbox 1439 1060 1810 1129; x_wconf 77' lang='grc' dir='ltr'><strong>προστιθέναι.</strong></span> 
     </span>
    </p>
   </div>
   <div class='ocr_carea' id='block_1_12' title="bbox 319 1150 1805 1225">
    <p class='ocr_par' dir='ltr' id='par_1_12' title="bbox 319 1150 1805 1225">
     <span class='ocr_line' id='line_1_12' title="bbox 319 1150 1805 1225; baseline -0.003 -18"><span class='ocrx_word' id='word_1_75' title='bbox 319 1154 426 1208; x_wconf 85' lang='grc' dir='ltr'>Καί</span> <span class='ocrx_word' id='word_1_76' title='bbox 471 1171 602 1225; x_wconf 84' lang='grc' dir='ltr'>φησι</span> <span class='ocrx_word' id='word_1_77' title='bbox 636 1152 772 1224; x_wconf 80' lang='grc' dir='ltr'>πρὸς</span> <span class='ocrx_word' id='word_1_78' title='bbox 821 1152 983 1205; x_wconf 80' lang='grc' dir='ltr'>αὑτὸν</span> <span class='ocrx_word' id='word_1_79' title='bbox 1015 1154 1044 1205; x_wconf 87' lang='grc' dir='ltr'><strong>ό</strong></span> <span class='ocrx_word' id='word_1_80' title='bbox 1090 1151 1357 1223; x_wconf 82' lang='grc' dir='ltr'>Βαρλαάμ</span> <span class='ocrx_word' id='word_1_81' title='bbox 1385 1170 1398 1182; x_wconf 80' lang='grc'><em>”</em></span> <span class='ocrx_word' id='word_1_82' title='bbox 1453 1152 1718 1204; x_wconf 75' lang='grc' dir='ltr'>Ἄκουσον</span> <span class='ocrx_word' id='word_1_83' title='bbox 1750 1150 1805 1203; x_wconf 84' lang='grc' dir='ltr'><strong>τί</strong></span> 
     </span>
    </p>
   </div>
   <div class='ocr_carea' id='block_1_13' title="bbox 240 1242 1813 1315">
    <p class='ocr_par' dir='ltr' id='par_1_13' title="bbox 240 1242 1813 1315">
     <span class='ocr_line' id='line_1_13' title="bbox 240 1242 1813 1315; baseline -0.003 -17"><span class='ocrx_word' id='word_1_84' title='bbox 240 1247 326 1298; x_wconf 83' lang='grc' dir='ltr'><strong>δεῖ</strong></span> <span class='ocrx_word' id='word_1_85' title='bbox 366 1250 535 1298; x_wconf 83' lang='grc' dir='ltr'>ποιεῖν</span> <span class='ocrx_word' id='word_1_86' title='bbox 564 1245 701 1315; x_wconf 86' lang='grc' dir='ltr'><strong>μετά</strong></span> <span class='ocrx_word' id='word_1_87' title='bbox 730 1245 791 1297; x_wconf 83' lang='grc' dir='ltr'>τὸ</span> <span class='ocrx_word' id='word_1_88' title='bbox 820 1245 1101 1314; x_wconf 78' lang='grc' dir='ltr'>βάπτισμα</span> <span class='ocrx_word' id='word_1_89' title='bbox 1126 1263 1140 1276; x_wconf 75' lang='grc' dir='ltr'><strong><em>ο</em></strong></span> <span class='ocrx_word' id='word_1_90' title='bbox 1187 1245 1369 1313; x_wconf 81' lang='grc' dir='ltr'><strong>πάσης</strong></span> <span class='ocrx_word' id='word_1_91' title='bbox 1402 1244 1501 1313; x_wconf 84' lang='grc' dir='ltr'>μὲν</span> <span class='ocrx_word' id='word_1_92' title='bbox 1536 1242 1813 1314; x_wconf 87' lang='grc' dir='ltr'>ἁμαρτίας</span> 
     </span>
    </p>
   </div>
   <div class='ocr_carea' id='block_1_14' title="bbox 243 1335 1813 1405">
    <p class='ocr_par' dir='ltr' id='par_1_14' title="bbox 243 1335 1813 1405">
     <span class='ocr_line' id='line_1_14' title="bbox 243 1335 1813 1405; baseline -0.001 -17"><span class='ocrx_word' id='word_1_93' title='bbox 243 1338 342 1390; x_wconf 73' lang='grc' dir='ltr'>καὶ</span> <span class='ocrx_word' id='word_1_94' title='bbox 371 1337 571 1399; x_wconf 78' lang='grc' dir='ltr'>παντὸς</span> <span class='ocrx_word' id='word_1_95' title='bbox 604 1336 810 1398; x_wconf 82' lang='grc' dir='ltr'><strong>πάθους</strong></span> <span class='ocrx_word' id='word_1_96' title='bbox 860 1335 1192 1405; x_wconf 82' lang='grc' dir='ltr'>ἀπέχεσθαι,</span> <span class='ocrx_word' id='word_1_97' title='bbox 1226 1335 1599 1405; x_wconf 88' lang='grc' dir='ltr'>ἐποικοδομεῖν</span> <span class='ocrx_word' id='word_1_98' title='bbox 1626 1336 1682 1388; x_wconf 85' lang='grc' dir='ltr'>δὲ</span> <span class='ocrx_word' id='word_1_99' title='bbox 1720 1336 1813 1387; x_wconf 81' lang='grc' dir='ltr'>ἐπὶ</span> 
     </span>
    </p>
   </div>
   <div class='ocr_carea' id='block_1_15' title="bbox 240 1425 1813 1498">
    <p class='ocr_par' dir='ltr' id='par_1_15' title="bbox 240 1425 1813 1498">
     <span class='ocr_line' id='line_1_15' title="bbox 240 1425 1813 1498; baseline -0.001 -17"><span class='ocrx_word' id='word_1_100' title='bbox 240 1431 323 1498; x_wconf 82' lang='grc' dir='ltr'>τῷ</span> <span class='ocrx_word' id='word_1_101' title='bbox 356 1428 591 1497; x_wconf 76' lang='grc' dir='ltr'><strong>θεμελίῳ</strong></span> <span class='ocrx_word' id='word_1_102' title='bbox 614 1427 715 1497; x_wconf 83' lang='grc' dir='ltr'>τῆς</span> <span class='ocrx_word' id='word_1_103' title='bbox 757 1426 1037 1497; x_wconf 77' lang='grc' dir='ltr'>ὀρθοδόξου</span> <span class='ocrx_word' id='word_1_104' title='bbox 1072 1426 1307 1489; x_wconf 88' lang='grc' dir='ltr'>πίστεως</span> <span class='ocrx_word' id='word_1_105' title='bbox 1334 1426 1433 1497; x_wconf 80' lang='grc' dir='ltr'>τὴν</span> <span class='ocrx_word' id='word_1_106' title='bbox 1462 1425 1571 1480; x_wconf 88' lang='grc' dir='ltr'><strong>τῶν</strong></span> <span class='ocrx_word' id='word_1_107' title='bbox 1598 1428 1813 1496; x_wconf 83' lang='grc' dir='ltr'><strong>ἀρετῶν</strong></span> 
     </span>
    </p>
   </div>
   <div class='ocr_carea' id='block_1_16' title="bbox 237 1518 1813 1593">
    <p class='ocr_par' dir='ltr' id='par_1_16' title="bbox 237 1518 1813 1593">
     <span class='ocr_line' id='line_1_16' title="bbox 237 1518 1813 1593; baseline -0.003 -17"><span class='ocrx_word' id='word_1_108' title='bbox 237 1523 526 1593; x_wconf 85' lang='grc' dir='ltr'>ἐργασίαν,</span> <span class='ocrx_word' id='word_1_109' title='bbox 571 1520 756 1591; x_wconf 84' lang='grc' dir='ltr'>ἐπειδὴ</span> <span class='ocrx_word' id='word_1_110' title='bbox 802 1521 988 1581; x_wconf 86' lang='grc' dir='ltr'>πίστις</span> <span class='ocrx_word' id='word_1_111' title='bbox 1037 1519 1205 1589; x_wconf 67' lang='grc' dir='ltr'>χωρὶς</span> <span class='ocrx_word' id='word_1_112' title='bbox 1258 1520 1367 1572; x_wconf 90' lang='grc' dir='ltr'><strong>τῶν</strong></span> <span class='ocrx_word' id='word_1_113' title='bbox 1411 1518 1590 1589; x_wconf 76' lang='grc' dir='ltr'>ἔργων</span> <span class='ocrx_word' id='word_1_114' title='bbox 1642 1520 1813 1589; x_wconf 87' lang='grc' dir='ltr'>νεκρά</span> 
     </span>
    </p>
   </div>
   <div class='ocr_carea' id='block_1_17' title="bbox 238 1610 1811 1688">
    <p class='ocr_par' dir='ltr' id='par_1_17' title="bbox 238 1610 1811 1688">
     <span class='ocr_line' id='line_1_17' title="bbox 238 1610 1811 1688; baseline -0.001 -23"><span class='ocrx_word' id='word_1_115' title='bbox 238 1617 390 1665; x_wconf 82' lang='grc' dir='ltr'>ἐστιν</span> <span class='ocrx_word' id='word_1_116' title='bbox 413 1612 749 1683; x_wconf 86' lang='grc' dir='ltr'>(66),ῶσπερ</span> <span class='ocrx_word' id='word_1_117' title='bbox 773 1611 869 1663; x_wconf 65' lang='grc' dir='ltr'>καὶ</span> <span class='ocrx_word' id='word_1_118' title='bbox 898 1610 1032 1681; x_wconf 78' lang='grc' dir='ltr'>ἔργα</span> <span class='ocrx_word' id='word_1_119' title='bbox 1062 1611 1296 1675; x_wconf 87' lang='grc' dir='ltr'>πίστεως</span> <span class='ocrx_word' id='word_1_120' title='bbox 1326 1610 1469 1678; x_wconf 88' lang='grc' dir='ltr'>δίχα.</span> <span class='ocrx_word' id='word_1_121' title='bbox 1497 1611 1635 1688; x_wconf 78' lang='grc' dir='ltr'>Φησὶ</span> <span class='ocrx_word' id='word_1_122' title='bbox 1654 1610 1762 1679; x_wconf 86' lang='grc' dir='ltr'>γὰρ</span> <span class='ocrx_word' id='word_1_123' title='bbox 1784 1614 1811 1663; x_wconf 85' lang='grc' dir='ltr'><em>ὀ</em></span> 
     </span>
    </p>
   </div>
   <div class='ocr_carea' id='block_1_18' title="bbox 255 1700 1814 1771">
    <p class='ocr_par' dir='ltr' id='par_1_18' title="bbox 255 1700 1814 1771">
     <span class='ocr_line' id='line_1_18' title="bbox 255 1700 1814 1771; baseline -0.004 -13"><span class='ocrx_word' id='word_1_124' title='bbox 255 1703 593 1765; x_wconf 84' lang='grc' dir='ltr'>Ἀπόστολος·</span> <span class='ocrx_word' id='word_1_125' title='bbox 612 1702 701 1755; x_wconf 81' lang='grc' dir='ltr'>Ἐν</span> <span class='ocrx_word' id='word_1_126' title='bbox 724 1702 992 1771; x_wconf 88' lang='grc' dir='ltr'>πνεύματι</span> <span class='ocrx_word' id='word_1_127' title='bbox 1012 1700 1119 1771; x_wconf 87' lang='grc'>(67)</span> <span class='ocrx_word' id='word_1_128' title='bbox 1137 1703 1508 1767; x_wconf 82' lang='grc' dir='ltr'>περιπατεῖτε,</span> <span class='ocrx_word' id='word_1_129' title='bbox 1521 1701 1615 1754; x_wconf 76' lang='grc' dir='ltr'><strong>καὶ</strong></span> <span class='ocrx_word' id='word_1_130' title='bbox 1632 1701 1814 1754; x_wconf 84' lang='grc' dir='ltr'>ἐπιθυ-</span> 
     </span>
    </p>
   </div>
   <div class='ocr_carea' id='block_1_19' title="bbox 239 1790 1811 1863">
    <p class='ocr_par' dir='ltr' id='par_1_19' title="bbox 239 1790 1811 1863">
     <span class='ocr_line' id='line_1_19' title="bbox 239 1790 1811 1863; baseline 0 -18"><span class='ocrx_word' id='word_1_131' title='bbox 239 1796 373 1863; x_wconf 83' lang='grc' dir='ltr'>μίαν</span> <span class='ocrx_word' id='word_1_132' title='bbox 415 1791 613 1862; x_wconf 76' lang='grc' dir='ltr'>σαρκδς</span> <span class='ocrx_word' id='word_1_133' title='bbox 663 1793 722 1844; x_wconf 79' lang='grc' dir='ltr'>οὐ</span> <span class='ocrx_word' id='word_1_134' title='bbox 776 1791 851 1862; x_wconf 87' lang='grc' dir='ltr'>μὴ</span> <span class='ocrx_word' id='word_1_135' title='bbox 896 1790 1152 1862; x_wconf 79' lang='grc' dir='ltr'><strong>τελέσητε</strong></span> <span class='ocrx_word' id='word_1_136' title='bbox 1181 1806 1194 1819; x_wconf 91' lang='grc'><strong>·</strong></span> <span class='ocrx_word' id='word_1_137' title='bbox 1245 1790 1457 1860; x_wconf 81' lang='grc' dir='ltr'>φανερὰ</span> <span class='ocrx_word' id='word_1_138' title='bbox 1500 1791 1557 1844; x_wconf 82' lang='grc' dir='ltr'><strong>δέ</strong></span> <span class='ocrx_word' id='word_1_139' title='bbox 1590 1792 1709 1845; x_wconf 84' lang='grc' dir='ltr'>ἐστι</span> <span class='ocrx_word' id='word_1_140' title='bbox 1742 1792 1811 1846; x_wconf 87' lang='grc' dir='ltr'><strong>τά</strong></span> 
     </span>
    </p>
   </div>
   <div class='ocr_carea' id='block_1_20' title="bbox 1938 620 3489 699">
    <p class='ocr_par' dir='ltr' id='par_1_20' title="bbox 1938 620 3489 699">
     <span class='ocr_line' id='line_1_20' title="bbox 1938 620 3489 699; baseline 0.01 -32"><span class='ocrx_word' id='word_1_141' title='bbox 1938 620 2110 671; x_wconf 85' lang='lat' dir='ltr'><strong>omnia</strong></span> <span class='ocrx_word' id='word_1_142' title='bbox 2139 621 2421 685; x_wconf 78' lang='lat' dir='ltr'><strong>condonet,</strong></span> <span class='ocrx_word' id='word_1_143' title='bbox 2451 636 2635 688; x_wconf 82' lang='lat' dir='ltr'><strong>ineque</strong></span> <span class='ocrx_word' id='word_1_144' title='bbox 2665 636 2872 677; x_wconf 87' lang='lat' dir='ltr'><strong>servum</strong></span> <span class='ocrx_word' id='word_1_145' title='bbox 2900 626 2998 680; x_wconf 85' lang='lat' dir='ltr'><strong>sibi</strong></span> <span class='ocrx_word' id='word_1_146' title='bbox 3025 629 3283 683; x_wconf 80' lang='lat' dir='ltr'><strong>asciscere</strong></span> <span class='ocrx_word' id='word_1_147' title='bbox 3310 631 3489 699; x_wconf 74' lang='lat' dir='ltr'><strong>digne-</strong></span> 
     </span>
    </p>
   </div>
   <div class='ocr_carea' id='block_1_21' title="bbox 1939 706 3491 782">
    <p class='ocr_par' dir='ltr' id='par_1_21' title="bbox 1939 706 3491 782">
     <span class='ocr_line' id='line_1_21' title="bbox 1939 706 3491 782; baseline 0.008 -24"><span class='ocrx_word' id='word_1_148' title='bbox 1939 715 2042 762; x_wconf 97' lang='lat' dir='ltr'><strong>tur.</strong></span> <span class='ocrx_word' id='word_1_149' title='bbox 2071 706 2185 762; x_wconf 82' lang='lat' dir='ltr'><strong>Jani</strong></span> <span class='ocrx_word' id='word_1_150' title='bbox 2218 711 2391 779; x_wconf 78' lang='lat' dir='ltr'><strong>itaque</strong></span> <span class='ocrx_word' id='word_1_151' title='bbox 2417 714 2675 778; x_wconf 74' lang='lat' dir='ltr'><strong>baptisma</strong></span> <span class='ocrx_word' id='word_1_152' title='bbox 2707 719 2976 781; x_wconf 71' lang='lat' dir='ltr'><strong>suscipere</strong></span> <span class='ocrx_word' id='word_1_153' title='bbox 3002 732 3209 782; x_wconf 88' lang='lat' dir='ltr'><strong>paratus</strong></span> <span class='ocrx_word' id='word_1_154' title='bbox 3237 736 3372 781; x_wconf 86' lang='lat' dir='ltr'><strong>sum,</strong></span> <span class='ocrx_word' id='word_1_155' title='bbox 3405 735 3491 775; x_wconf 73' lang='lat' dir='ltr'><strong>at-</strong></span> 
     </span>
    </p>
   </div>
   <div class='ocr_carea' id='block_1_22' title="bbox 1935 802 3490 877">
    <p class='ocr_par' dir='ltr' id='par_1_22' title="bbox 1935 802 3490 877">
     <span class='ocr_line' id='line_1_22' title="bbox 1935 802 3490 877; baseline 0.01 -26"><span class='ocrx_word' id='word_1_156' title='bbox 1935 814 2036 866; x_wconf 88' lang='lat' dir='ltr'><strong>que</strong></span> <span class='ocrx_word' id='word_1_157' title='bbox 2063 802 2237 853; x_wconf 80' lang='lat' dir='ltr'><strong>omnia</strong></span> <span class='ocrx_word' id='word_1_158' title='bbox 2273 816 2390 870; x_wconf 66' lang='lat' dir='ltr'><strong>quae</strong></span> <span class='ocrx_word' id='word_1_159' title='bbox 2426 804 2814 872; x_wconf 66' lang='lat' dir='ltr'><strong>praiscripseris</strong></span> <span class='ocrx_word' id='word_1_160' title='bbox 2846 821 3075 862; x_wconf 85' lang='lat' dir='ltr'><strong>servare.</strong></span> <span class='ocrx_word' id='word_1_161' title='bbox 3108 812 3365 877; x_wconf 82' lang='lat' dir='ltr'><strong>Quidnam</strong></span> <span class='ocrx_word' id='word_1_162' title='bbox 3398 829 3490 865; x_wconf 81' lang='lat' dir='ltr'><strong>au-</strong></span> 
     </span>
    </p>
   </div>
   <div class='ocr_carea' id='block_1_23' title="bbox 1936 892 3489 960">
    <p class='ocr_par' dir='ltr' id='par_1_23' title="bbox 1936 892 3489 960">
     <span class='ocr_line' id='line_1_23' title="bbox 1936 892 3489 960; baseline 0.012 -20"><span class='ocrx_word' id='word_1_163' title='bbox 1936 899 2040 943; x_wconf 87' lang='lat' dir='ltr'><strong>tem</strong></span> <span class='ocrx_word' id='word_1_164' title='bbox 2070 892 2195 943; x_wconf 89' lang='lat' dir='ltr'><strong>mihi</strong></span> <span class='ocrx_word' id='word_1_165' title='bbox 2221 903 2338 957; x_wconf 91' lang='lat' dir='ltr'><strong>post</strong></span> <span class='ocrx_word' id='word_1_166' title='bbox 2362 896 2675 960; x_wconf 73' lang='lat' dir='ltr'><strong>baptismum</strong></span> <span class='ocrx_word' id='word_1_167' title='bbox 2704 892 2999 951; x_wconf 71' lang='lat' dir='ltr'><strong>faciendum</strong></span> <span class='ocrx_word' id='word_1_168' title='bbox 3031 903 3143 953; x_wconf 75' lang='lat' dir='ltr'><strong>est?</strong></span> <span class='ocrx_word' id='word_1_169' title='bbox 3174 904 3383 958; x_wconf 77' lang='lat' dir='ltr'><strong>Satisne</strong></span> <span class='ocrx_word' id='word_1_170' title='bbox 3407 916 3489 959; x_wconf 84' lang='lat' dir='ltr'><strong>est</strong></span> 
     </span>
    </p>
   </div>
   <div class='ocr_carea' id='block_1_24' title="bbox 1932 980 3489 1062">
    <p class='ocr_par' dir='ltr' id='par_1_24' title="bbox 1932 980 3489 1062">
     <span class='ocr_line' id='line_1_24' title="bbox 1932 980 3489 1062; baseline 0.013 -33"><span class='ocrx_word' id='word_1_171' title='bbox 1932 980 1998 1031; x_wconf 90' lang='lat' dir='ltr'><strong>ad</strong></span> <span class='ocrx_word' id='word_1_172' title='bbox 2028 982 2249 1033; x_wconf 88' lang='lat' dir='ltr'><strong>salutem</strong></span> <span class='ocrx_word' id='word_1_173' title='bbox 2275 985 2490 1037; x_wconf 86' lang='lat' dir='ltr'><strong>credere</strong></span> <span class='ocrx_word' id='word_1_174' title='bbox 2536 1000 2595 1037; x_wconf 78' lang='lat' dir='ltr'><strong>ac</strong></span> <span class='ocrx_word' id='word_1_175' title='bbox 2628 986 2915 1052; x_wconf 79' lang='lat' dir='ltr'><strong>baptizari?</strong></span> <span class='ocrx_word' id='word_1_176' title='bbox 2946 1005 3012 1040; x_wconf 88' lang='lat' dir='ltr'><strong>an</strong></span> <span class='ocrx_word' id='word_1_177' title='bbox 3032 994 3191 1045; x_wconf 88' lang='lat' dir='ltr'><strong>etiam</strong></span> <span class='ocrx_word' id='word_1_178' title='bbox 3219 996 3317 1045; x_wconf 86' lang='lat' dir='ltr'><strong>alia</strong></span> <span class='ocrx_word' id='word_1_179' title='bbox 3348 1011 3489 1062; x_wconf 77' lang='lat' dir='ltr'><strong>qua:-</strong></span> 
     </span>
    </p>
   </div>
   <div class='ocr_carea' id='block_1_25' title="bbox 1933 1072 2765 1140">
    <p class='ocr_par' dir='ltr' id='par_1_25' title="bbox 1933 1072 2765 1140">
     <span class='ocr_line' id='line_1_25' title="bbox 1933 1072 2765 1140; baseline 0.01 -18"><span class='ocrx_word' id='word_1_180' title='bbox 1933 1072 2051 1122; x_wconf 86' lang='lat' dir='ltr'><strong>dam</strong></span> <span class='ocrx_word' id='word_1_181' title='bbox 2082 1073 2371 1140; x_wconf 79' lang='lat' dir='ltr'><strong>adjungere</strong></span> <span class='ocrx_word' id='word_1_182' title='bbox 2400 1090 2615 1129; x_wconf 87' lang='lat' dir='ltr'><strong>necesse</strong></span> <span class='ocrx_word' id='word_1_183' title='bbox 2645 1079 2765 1130; x_wconf 82' lang='lat' dir='ltr'><strong>est?</strong></span> 
     </span>
    </p>
   </div>
   <div class='ocr_carea' id='block_1_26' title="bbox 2006 1162 3490 1245">
    <p class='ocr_par' dir='ltr' id='par_1_26' title="bbox 2006 1162 3490 1245">
     <span class='ocr_line' id='line_1_26' title="bbox 2006 1162 3490 1245; baseline 0.011 -32"><span class='ocrx_word' id='word_1_184' title='bbox 2006 1162 2143 1215; x_wconf 79' lang='lat' dir='ltr'><strong>Dixit</strong></span> <span class='ocrx_word' id='word_1_185' title='bbox 2172 1175 2344 1217; x_wconf 85' lang='lat' dir='ltr'><strong>autem</strong></span> <span class='ocrx_word' id='word_1_186' title='bbox 2375 1164 2439 1218; x_wconf 86' lang='lat' dir='ltr'><strong>ad</strong></span> <span class='ocrx_word' id='word_1_187' title='bbox 2476 1180 2597 1219; x_wconf 92' lang='lat' dir='ltr'><strong>eum</strong></span> <span class='ocrx_word' id='word_1_188' title='bbox 2630 1168 2867 1222; x_wconf 84' lang='lat' dir='ltr'><strong>Barlaam</strong></span> <span class='ocrx_word' id='word_1_189' title='bbox 2896 1187 2907 1219; x_wconf 87' lang='lat'>:</span> <span class='ocrx_word' id='word_1_190' title='bbox 2935 1170 3067 1225; x_wconf 85' lang='lat' dir='ltr'><strong>Audi</strong></span> <span class='ocrx_word' id='word_1_191' title='bbox 3094 1174 3219 1241; x_wconf 88' lang='lat' dir='ltr'><strong>quid</strong></span> <span class='ocrx_word' id='word_1_192' title='bbox 3252 1175 3343 1230; x_wconf 84' lang='lat' dir='ltr'><strong>tibi</strong></span> <span class='ocrx_word' id='word_1_193' title='bbox 3371 1188 3490 1245; x_wconf 80' lang='lat' dir='ltr'><strong>post</strong></span> 
     </span>
    </p>
   </div>
   <div class='ocr_carea' id='block_1_27' title="bbox 1933 1250 3491 1334">
    <p class='ocr_par' dir='ltr' id='par_1_27' title="bbox 1933 1250 3491 1334">
     <span class='ocr_line' id='line_1_27' title="bbox 1933 1250 3491 1334; baseline 0.011 -30"><span class='ocrx_word' id='word_1_194' title='bbox 1933 1250 2246 1317; x_wconf 78' lang='lat' dir='ltr'><strong>baptismum</strong></span> <span class='ocrx_word' id='word_1_195' title='bbox 2290 1254 2588 1309; x_wconf 75' lang='lat' dir='ltr'><strong>iaciendum</strong></span> <span class='ocrx_word' id='word_1_196' title='bbox 2634 1258 2701 1309; x_wconf 87' lang='lat' dir='ltr'><strong>sit</strong></span> <span class='ocrx_word' id='word_1_197' title='bbox 2744 1275 2759 1310; x_wconf 90' lang='lat'><strong>:</strong></span> <span class='ocrx_word' id='word_1_198' title='bbox 2799 1274 2988 1327; x_wconf 86' lang='lat' dir='ltr'><strong>nempe</strong></span> <span class='ocrx_word' id='word_1_199' title='bbox 3019 1271 3074 1313; x_wconf 91' lang='lat' dir='ltr'><strong>ut</strong></span> <span class='ocrx_word' id='word_1_200' title='bbox 3102 1264 3168 1316; x_wconf 89' lang='lat' dir='ltr'><strong>ab</strong></span> <span class='ocrx_word' id='word_1_201' title='bbox 3196 1266 3337 1319; x_wconf 91' lang='lat' dir='ltr'><strong>omni</strong></span> <span class='ocrx_word' id='word_1_202' title='bbox 3369 1282 3491 1334; x_wconf 86' lang='lat' dir='ltr'><strong>pec-</strong></span> 
     </span>
    </p>
   </div>
   <div class='ocr_carea' id='block_1_28' title="bbox 1928 1348 3489 1427">
    <p class='ocr_par' dir='ltr' id='par_1_28' title="bbox 1928 1348 3489 1427">
     <span class='ocr_line' id='line_1_28' title="bbox 1928 1348 3489 1427; baseline 0.01 -30"><span class='ocrx_word' id='word_1_203' title='bbox 1928 1354 2068 1406; x_wconf 84' lang='lat' dir='ltr'><strong>cato,</strong></span> <span class='ocrx_word' id='word_1_204' title='bbox 2111 1356 2164 1400; x_wconf 89' lang='lat' dir='ltr'><strong>et</strong></span> <span class='ocrx_word' id='word_1_205' title='bbox 2201 1348 2266 1399; x_wconf 90' lang='lat' dir='ltr'><strong>ab</strong></span> <span class='ocrx_word' id='word_1_206' title='bbox 2293 1349 2438 1400; x_wconf 88' lang='lat' dir='ltr'><strong>omni</strong></span> <span class='ocrx_word' id='word_1_207' title='bbox 2469 1350 2657 1401; x_wconf 81' lang='lat' dir='ltr'><strong>vitiosa</strong></span> <span class='ocrx_word' id='word_1_208' title='bbox 2693 1350 2969 1405; x_wconf 79' lang='lat' dir='ltr'><strong>affectione</strong></span> <span class='ocrx_word' id='word_1_209' title='bbox 3003 1353 3289 1423; x_wconf 71' lang='lat' dir='ltr'><strong>abstineas,</strong></span> <span class='ocrx_word' id='word_1_210' title='bbox 3329 1368 3489 1427; x_wconf 89' lang='lat' dir='ltr'><strong>atque</strong></span> 
     </span>
    </p>
   </div>
   <div class='ocr_carea' id='block_1_29' title="bbox 1930 1437 3489 1515">
    <p class='ocr_par' dir='ltr' id='par_1_29' title="bbox 1930 1437 3489 1515">
     <span class='ocr_line' id='line_1_29' title="bbox 1930 1437 3489 1515; baseline 0.009 -27"><span class='ocrx_word' id='word_1_211' title='bbox 1930 1438 2236 1491; x_wconf 69' lang='lat' dir='ltr'><strong>Orthodoxaa</strong></span> <span class='ocrx_word' id='word_1_212' title='bbox 2255 1437 2375 1491; x_wconf 91' lang='lat' dir='ltr'><strong>ﬁdei</strong></span> <span class='ocrx_word' id='word_1_213' title='bbox 2404 1440 2744 1494; x_wconf 80' lang='lat' dir='ltr'><strong>fundamento</strong></span> <span class='ocrx_word' id='word_1_214' title='bbox 2770 1443 3017 1497; x_wconf 84' lang='lat' dir='ltr'><strong>virtutum</strong></span> <span class='ocrx_word' id='word_1_215' title='bbox 3046 1446 3276 1500; x_wconf 87' lang='lat' dir='ltr'><strong>studium</strong></span> <span class='ocrx_word' id='word_1_216' title='bbox 3304 1462 3489 1515; x_wconf 89' lang='lat' dir='ltr'><strong>super-</strong></span> 
     </span>
    </p>
   </div>
   <div class='ocr_carea' id='block_1_30' title="bbox 1928 1532 3487 1607">
    <p class='ocr_par' dir='ltr' id='par_1_30' title="bbox 1928 1532 3487 1607">
     <span class='ocr_line' id='line_1_30' title="bbox 1928 1532 3487 1607; baseline 0.008 -28"><span class='ocrx_word' id='word_1_217' title='bbox 1928 1539 2124 1582; x_wconf 74' lang='lat' dir='ltr'><strong>struu.</strong></span> <span class='ocrx_word' id='word_1_218' title='bbox 2155 1532 2410 1595; x_wconf 82' lang='lat' dir='ltr'><strong>Quoniam</strong></span> <span class='ocrx_word' id='word_1_219' title='bbox 2440 1532 2569 1585; x_wconf 89' lang='lat' dir='ltr'><strong>ﬁdes</strong></span> <span class='ocrx_word' id='word_1_220' title='bbox 2597 1533 2711 1585; x_wconf 87' lang='lat' dir='ltr'><strong>sine</strong></span> <span class='ocrx_word' id='word_1_221' title='bbox 2740 1535 2985 1597; x_wconf 88' lang='lat' dir='ltr'><strong>operibus</strong></span> <span class='ocrx_word' id='word_1_222' title='bbox 3014 1546 3217 1590; x_wconf 85' lang='lat' dir='ltr'><strong>mortua</strong></span> <span class='ocrx_word' id='word_1_223' title='bbox 3241 1548 3322 1592; x_wconf 89' lang='lat' dir='ltr'><strong>est</strong></span> <span class='ocrx_word' id='word_1_224' title='bbox 3345 1538 3487 1607; x_wconf 80' lang='lat' dir='ltr'><strong>(Jac.</strong></span> 
     </span>
    </p>
   </div>
   <div class='ocr_carea' id='block_1_31' title="bbox 1932 1618 3485 1689">
    <p class='ocr_par' dir='ltr' id='par_1_31' title="bbox 1932 1618 3485 1689">
     <span class='ocr_line' id='line_1_31' title="bbox 1932 1618 3485 1689; baseline 0.008 -18"><span class='ocrx_word' id='word_1_225' title='bbox 1932 1618 1993 1682; x_wconf 87' lang='lat' dir='ltr'><strong>i),</strong></span> <span class='ocrx_word' id='word_1_226' title='bbox 2017 1621 2457 1687; x_wconf 80' lang='lat' dir='ltr'><strong>quemadmodum</strong></span> <span class='ocrx_word' id='word_1_227' title='bbox 2482 1622 2640 1676; x_wconf 87' lang='lat' dir='ltr'><strong>etiam</strong></span> <span class='ocrx_word' id='word_1_228' title='bbox 2665 1638 2823 1689; x_wconf 79' lang='lat' dir='ltr'><strong>Opera</strong></span> <span class='ocrx_word' id='word_1_229' title='bbox 2852 1640 3051 1679; x_wconf 87' lang='lat' dir='ltr'><strong>remota</strong></span> <span class='ocrx_word' id='word_1_230' title='bbox 3080 1625 3202 1680; x_wconf 87' lang='lat' dir='ltr'><strong>ﬁde.</strong></span> <span class='ocrx_word' id='word_1_231' title='bbox 3235 1628 3319 1681; x_wconf 79' lang='lat' dir='ltr'><strong>Ait</strong></span> <span class='ocrx_word' id='word_1_232' title='bbox 3344 1632 3485 1683; x_wconf 88' lang='lat' dir='ltr'><strong>enim</strong></span> 
     </span>
    </p>
   </div>
   <div class='ocr_carea' id='block_1_32' title="bbox 1932 1712 3486 1781">
    <p class='ocr_par' dir='ltr' id='par_1_32' title="bbox 1932 1712 3486 1781">
     <span class='ocr_line' id='line_1_32' title="bbox 1932 1712 3486 1781; baseline 0.006 -16"><span class='ocrx_word' id='word_1_233' title='bbox 1932 1713 2219 1780; x_wconf 79' lang='lat' dir='ltr'><strong>Apostolus</strong></span> <span class='ocrx_word' id='word_1_234' title='bbox 2246 1712 2390 1781; x_wconf 86' lang='lat' dir='ltr'><strong>(Gal.</strong></span> <span class='ocrx_word' id='word_1_235' title='bbox 2420 1714 2474 1779; x_wconf 78' lang='grc' dir='ltr'><strong>ν)</strong></span> <span class='ocrx_word' id='word_1_236' title='bbox 2520 1730 2535 1767; x_wconf 88' lang='lat'><strong>:</strong></span> <span class='ocrx_word' id='word_1_237' title='bbox 2577 1716 2774 1781; x_wconf 82' lang='lat' dir='ltr'><strong>Spiritu</strong></span> <span class='ocrx_word' id='word_1_238' title='bbox 2825 1718 3111 1775; x_wconf 82' lang='lat' dir='ltr'><strong>ambulate.</strong></span> <span class='ocrx_word' id='word_1_239' title='bbox 3142 1730 3195 1772; x_wconf 89' lang='lat' dir='ltr'><strong>et</strong></span> <span class='ocrx_word' id='word_1_240' title='bbox 3224 1720 3486 1775; x_wconf 78' lang='lat' dir='ltr'><strong>desideria</strong></span> 
     </span>
    </p>
   </div>
   <div class='ocr_carea' id='block_1_33' title="bbox 1928 1805 3483 1882">
    <p class='ocr_par' dir='ltr' id='par_1_33' title="bbox 1928 1805 3483 1882">
     <span class='ocr_line' id='line_1_33' title="bbox 1928 1805 3483 1882; baseline 0.005 -24"><span class='ocrx_word' id='word_1_241' title='bbox 1928 1805 2102 1860; x_wconf 82' lang='lat' dir='ltr'><strong>carnis</strong></span> <span class='ocrx_word' id='word_1_242' title='bbox 2148 1822 2215 1861; x_wconf 89' lang='lat' dir='ltr'><strong>ne</strong></span> <span class='ocrx_word' id='word_1_243' title='bbox 2254 1809 2555 1875; x_wconf 87' lang='lat' dir='ltr'><strong>perlicialis.</strong></span> <span class='ocrx_word' id='word_1_244' title='bbox 2598 1812 2872 1865; x_wconf 80' lang='lat' dir='ltr'><strong>Manifesta</strong></span> <span class='ocrx_word' id='word_1_245' title='bbox 2918 1821 3043 1866; x_wconf 84' lang='lat' dir='ltr'><strong>sunt</strong></span> <span class='ocrx_word' id='word_1_246' title='bbox 3084 1829 3246 1882; x_wconf 87' lang='lat' dir='ltr'><strong>opera</strong></span> <span class='ocrx_word' id='word_1_247' title='bbox 3288 1816 3483 1874; x_wconf 84' lang='lat' dir='ltr'><strong>carnis,</strong></span> 
     </span>
    </p>
   </div>
   <div class='ocr_carea' id='block_1_34' title="bbox 235 1871 1811 1970">
    <p class='ocr_par' dir='ltr' id='par_1_34' title="bbox 235 1881 1810 1954">
     <span class='ocr_line' id='line_1_34' title="bbox 235 1881 1810 1954; baseline 0 -19"><span class='ocrx_word' id='word_1_248' title='bbox 235 1886 379 1954; x_wconf 76' lang='grc' dir='ltr'>ἔργα</span> <span class='ocrx_word' id='word_1_249' title='bbox 434 1883 532 1950; x_wconf 83' lang='grc' dir='ltr'>τῆς</span> <span class='ocrx_word' id='word_1_250' title='bbox 578 1882 776 1953; x_wconf 66' lang='grc' dir='ltr'>σαρκὸς</span> <span class='ocrx_word' id='word_1_251' title='bbox 828 1881 990 1935; x_wconf 78' lang='grc' dir='ltr'>ἅτινά</span> <span class='ocrx_word' id='word_1_252' title='bbox 1033 1884 1149 1933; x_wconf 84' lang='grc' dir='ltr'>ἐστι</span> <span class='ocrx_word' id='word_1_253' title='bbox 1178 1920 1193 1945; x_wconf 92' lang='grc'><strong>,</strong></span> <span class='ocrx_word' id='word_1_254' title='bbox 1233 1884 1498 1951; x_wconf 84' lang='grc' dir='ltr'>μοιχεῖαι,</span> <span class='ocrx_word' id='word_1_255' title='bbox 1522 1886 1768 1954; x_wconf 83' lang='grc' dir='ltr'>πορνεῖαι</span> <span class='ocrx_word' id='word_1_256' title='bbox 1793 1925 1810 1950; x_wconf 87' lang='grc'><strong>,</strong></span> 
     </span>
    </p>
   </div>
   <div class='ocr_carea' id='block_1_35' title="bbox 1928 1871 3484 1970">
    <p class='ocr_par' dir='ltr' id='par_1_35' title="bbox 1929 1899 3484 1970">
     <span class='ocr_line' id='line_1_35' title="bbox 1929 1899 3484 1970; baseline 0.005 -22"><span class='ocrx_word' id='word_1_257' title='bbox 1929 1913 2048 1966; x_wconf 67' lang='lat' dir='ltr'><strong>quae</strong></span> <span class='ocrx_word' id='word_1_258' title='bbox 2072 1899 2565 1964; x_wconf 88' lang='lat' dir='ltr'><strong>suntadulterium,</strong></span> <span class='ocrx_word' id='word_1_259' title='bbox 2609 1900 2909 1970; x_wconf 78' lang='lat' dir='ltr'><strong>foruicatio,</strong></span> <span class='ocrx_word' id='word_1_260' title='bbox 2941 1903 3293 1969; x_wconf 85' lang='lat' dir='ltr'><strong>immunditia,</strong></span> <span class='ocrx_word' id='word_1_261' title='bbox 3335 1904 3484 1958; x_wconf 58' lang='lat' dir='ltr'><strong>luxu.</strong></span> 
     </span>
    </p>
   </div>
   <div class='ocr_carea' id='block_1_36' title="bbox 234 1972 1807 2046">
    <p class='ocr_par' dir='ltr' id='par_1_36' title="bbox 234 1972 1807 2046">
     <span class='ocr_line' id='line_1_36' title="bbox 234 1972 1807 2046; baseline 0.001 -19"><span class='ocrx_word' id='word_1_262' title='bbox 234 1973 595 2043; x_wconf 77' lang='grc' dir='ltr'>ἀκαθαρσίαι,</span> <span class='ocrx_word' id='word_1_263' title='bbox 630 1973 927 2041; x_wconf 82' lang='grc' dir='ltr'>ἀσέλγειαι,</span> <span class='ocrx_word' id='word_1_264' title='bbox 971 1972 1409 2043; x_wconf 76' lang='grc' dir='ltr'>είδωλολατρίαι,</span> <span class='ocrx_word' id='word_1_265' title='bbox 1445 1979 1807 2046; x_wconf 85' lang='grc' dir='ltr'>φαρμακεῖαι,</span> 
     </span>
    </p>
   </div>
   <div class='ocr_carea' id='block_1_37' title="bbox 235 2065 1809 2137">
    <p class='ocr_par' dir='ltr' id='par_1_37' title="bbox 235 2065 1809 2137">
     <span class='ocr_line' id='line_1_37' title="bbox 235 2065 1809 2137; baseline 0.003 -19"><span class='ocrx_word' id='word_1_266' title='bbox 235 2065 431 2137; x_wconf 75' lang='grc' dir='ltr'>ἔχθραι</span> <span class='ocrx_word' id='word_1_267' title='bbox 456 2106 471 2130; x_wconf 94' lang='grc'><strong>,</strong></span> <span class='ocrx_word' id='word_1_268' title='bbox 502 2066 617 2137; x_wconf 78' lang='grc' dir='ltr'>ἔρις</span> <span class='ocrx_word' id='word_1_269' title='bbox 639 2104 654 2129; x_wconf 93' lang='grc'><strong>,</strong></span> <span class='ocrx_word' id='word_1_270' title='bbox 690 2066 875 2135; x_wconf 75' lang='grc' dir='ltr'>ζῆλοι,</span> <span class='ocrx_word' id='word_1_271' title='bbox 907 2065 1072 2136; x_wconf 80' lang='grc' dir='ltr'>θυμοὶ</span> <span class='ocrx_word' id='word_1_272' title='bbox 1094 2105 1110 2131; x_wconf 92' lang='grc'><strong>,</strong></span> <span class='ocrx_word' id='word_1_273' title='bbox 1153 2066 1408 2133; x_wconf 85' lang='grc' dir='ltr'>ἐρίθειαι,</span> <span class='ocrx_word' id='word_1_274' title='bbox 1443 2068 1809 2137; x_wconf 84' lang='grc' dir='ltr'>διχοστασίαι,</span> 
     </span>
    </p>
   </div>
   <div class='ocr_carea' id='block_1_38' title="bbox 235 2157 1811 2230">
    <p class='ocr_par' dir='ltr' id='par_1_38' title="bbox 235 2157 1811 2230">
     <span class='ocr_line' id='line_1_38' title="bbox 235 2157 1811 2230; baseline -0.001 -17"><span class='ocrx_word' id='word_1_275' title='bbox 235 2160 503 2229; x_wconf 80' lang='grc' dir='ltr'>αἱρέσεις,</span> <span class='ocrx_word' id='word_1_276' title='bbox 527 2159 730 2229; x_wconf 85' lang='grc' dir='ltr'>φθόνοι,</span> <span class='ocrx_word' id='word_1_277' title='bbox 760 2157 937 2225; x_wconf 80' lang='grc' dir='ltr'>φόνοι,</span> <span class='ocrx_word' id='word_1_278' title='bbox 963 2158 1337 2229; x_wconf 77' lang='grc' dir='ltr'>φιλαργυρίαι,</span> <span class='ocrx_word' id='word_1_279' title='bbox 1371 2158 1659 2230; x_wconf 84' lang='grc' dir='ltr'>λοιδορίαι,</span> <span class='ocrx_word' id='word_1_280' title='bbox 1686 2160 1811 2227; x_wconf 84' lang='grc' dir='ltr'>φιλ-</span> 
     </span>
    </p>
   </div>
   <div class='ocr_carea' id='block_1_39' title="bbox 240 2251 1811 2323">
    <p class='ocr_par' dir='ltr' id='par_1_39' title="bbox 240 2251 1811 2323">
     <span class='ocr_line' id='line_1_39' title="bbox 240 2251 1811 2323; baseline 0 -17"><span class='ocrx_word' id='word_1_281' title='bbox 240 2251 452 2321; x_wconf 72' lang='grc' dir='ltr'>ηδονίαι</span> <span class='ocrx_word' id='word_1_282' title='bbox 483 2292 499 2317; x_wconf 95' lang='grc'><strong>,</strong></span> <span class='ocrx_word' id='word_1_283' title='bbox 528 2253 711 2323; x_wconf 83' lang='grc' dir='ltr'>μέθαι,</span> <span class='ocrx_word' id='word_1_284' title='bbox 748 2251 947 2321; x_wconf 84' lang='grc' dir='ltr'>κῶμοι,</span> <span class='ocrx_word' id='word_1_285' title='bbox 988 2251 1356 2323; x_wconf 82' lang='grc' dir='ltr'>ὑπερηφανίαι</span> <span class='ocrx_word' id='word_1_286' title='bbox 1382 2291 1398 2315; x_wconf 97' lang='grc'><strong>,</strong></span> <span class='ocrx_word' id='word_1_287' title='bbox 1431 2253 1528 2306; x_wconf 78' lang='grc' dir='ltr'>καὶ</span> <span class='ocrx_word' id='word_1_288' title='bbox 1562 2252 1632 2305; x_wconf 86' lang='grc' dir='ltr'><strong>τά</strong></span> <span class='ocrx_word' id='word_1_289' title='bbox 1650 2254 1811 2323; x_wconf 84' lang='grc' dir='ltr'>ὃμοια</span> 
     </span>
    </p>
   </div>
   <div class='ocr_carea' id='block_1_40' title="bbox 234 2340 1809 2414">
    <p class='ocr_par' dir='ltr' id='par_1_40' title="bbox 234 2340 1809 2414">
     <span class='ocr_line' id='line_1_40' title="bbox 234 2340 1809 2414; baseline 0.001 -19"><span class='ocrx_word' id='word_1_290' title='bbox 234 2342 452 2405; x_wconf 79' lang='grc' dir='ltr'>τούτοις</span> <span class='ocrx_word' id='word_1_291' title='bbox 472 2360 486 2374; x_wconf 87' lang='grc'><strong>·</strong></span> <span class='ocrx_word' id='word_1_292' title='bbox 516 2342 554 2397; x_wconf 77' lang='grc' dir='ltr'><strong>ἀ</strong></span> <span class='ocrx_word' id='word_1_293' title='bbox 596 2342 848 2414; x_wconf 81' lang='grc' dir='ltr'>προλέγω</span> <span class='ocrx_word' id='word_1_294' title='bbox 879 2342 1032 2412; x_wconf 76' lang='grc' dir='ltr'>ὑμῖν,</span> <span class='ocrx_word' id='word_1_295' title='bbox 1068 2340 1254 2405; x_wconf 84' lang='grc' dir='ltr'>καθὼς</span> <span class='ocrx_word' id='word_1_296' title='bbox 1284 2342 1379 2395; x_wconf 74' lang='grc' dir='ltr'>καὶ</span> <span class='ocrx_word' id='word_1_297' title='bbox 1419 2345 1702 2413; x_wconf 84' lang='grc' dir='ltr'>προεῖπον,</span> <span class='ocrx_word' id='word_1_298' title='bbox 1728 2345 1809 2397; x_wconf 82' lang='grc' dir='ltr'>ὅτι</span> 
     </span>
    </p>
   </div>
   <div class='ocr_carea' id='block_1_41' title="bbox 235 2434 1809 2507">
    <p class='ocr_par' dir='ltr' id='par_1_41' title="bbox 235 2434 1809 2507">
     <span class='ocr_line' id='line_1_41' title="bbox 235 2434 1809 2507; baseline 0.002 -20"><span class='ocrx_word' id='word_1_299' title='bbox 235 2436 290 2489; x_wconf 89' lang='grc' dir='ltr'><strong>οί</strong></span> <span class='ocrx_word' id='word_1_300' title='bbox 319 2435 389 2489; x_wconf 84' lang='grc' dir='ltr'><strong>τὰ</strong></span> <span class='ocrx_word' id='word_1_301' title='bbox 424 2435 647 2489; x_wconf 89' lang='grc' dir='ltr'>τοιαῦτα</span> <span class='ocrx_word' id='word_1_302' title='bbox 679 2436 1018 2505; x_wconf 70' lang='grc' dir='ltr'>πράσσοντες</span> <span class='ocrx_word' id='word_1_303' title='bbox 1050 2434 1328 2505; x_wconf 82' lang='grc' dir='ltr'>βασιλείαν</span> <span class='ocrx_word' id='word_1_304' title='bbox 1354 2435 1489 2489; x_wconf 84' lang='grc' dir='ltr'>Θεοῦ</span> <span class='ocrx_word' id='word_1_305' title='bbox 1522 2436 1585 2489; x_wconf 83' lang='grc' dir='ltr'>οὺ</span> <span class='ocrx_word' id='word_1_306' title='bbox 1612 2436 1809 2507; x_wconf 83' lang='grc' dir='ltr'>κληρο-</span> 
     </span>
    </p>
   </div>
   <div class='ocr_carea' id='block_1_42' title="bbox 236 2530 1809 2602">
    <p class='ocr_par' dir='ltr' id='par_1_42' title="bbox 236 2530 1809 2602">
     <span class='ocr_line' id='line_1_42' title="bbox 236 2530 1809 2602; baseline 0.001 -19"><span class='ocrx_word' id='word_1_307' title='bbox 236 2532 593 2601; x_wconf 80' lang='grc' dir='ltr'>νομήσουσιν·</span> <span class='ocrx_word' id='word_1_308' title='bbox 620 2533 649 2586; x_wconf 91' lang='grc' dir='ltr'><strong>ό</strong></span> <span class='ocrx_word' id='word_1_309' title='bbox 674 2532 731 2585; x_wconf 76' lang='grc' dir='ltr'>δὲ</span> <span class='ocrx_word' id='word_1_310' title='bbox 762 2530 969 2601; x_wconf 84' lang='grc' dir='ltr'>καρπὸς</span> <span class='ocrx_word' id='word_1_311' title='bbox 984 2530 1075 2584; x_wconf 90' lang='grc' dir='ltr'><strong>τοῦ</strong></span> <span class='ocrx_word' id='word_1_312' title='bbox 1095 2531 1404 2600; x_wconf 88' lang='grc' dir='ltr'>πνεύματός</span> <span class='ocrx_word' id='word_1_313' title='bbox 1425 2532 1573 2585; x_wconf 77' lang='grc' dir='ltr'>ἐστιν</span> <span class='ocrx_word' id='word_1_314' title='bbox 1596 2532 1809 2602; x_wconf 84' lang='grc' dir='ltr'>ἀγάπη,</span> 
     </span>
    </p>
   </div>
   <div class='ocr_carea' id='block_1_43' title="bbox 238 2622 1810 2695">
    <p class='ocr_par' dir='ltr' id='par_1_43' title="bbox 238 2622 1810 2695">
     <span class='ocr_line' id='line_1_43' title="bbox 238 2622 1810 2695; baseline 0.001 -20"><span class='ocrx_word' id='word_1_315' title='bbox 238 2622 406 2693; x_wconf 79' lang='grc' dir='ltr'>χαρὰ,</span> <span class='ocrx_word' id='word_1_316' title='bbox 434 2626 646 2695; x_wconf 79' lang='grc' dir='ltr'>εἰρήνη,</span> <span class='ocrx_word' id='word_1_317' title='bbox 693 2622 1066 2694; x_wconf 81' lang='grc' dir='ltr'>μακροθυμία,</span> <span class='ocrx_word' id='word_1_318' title='bbox 1099 2624 1425 2693; x_wconf 82' lang='grc' dir='ltr'>χρηστότης,</span> <span class='ocrx_word' id='word_1_319' title='bbox 1459 2624 1810 2693; x_wconf 84' lang='grc' dir='ltr'>ἀγαθωσύνη,</span> 
     </span>
    </p>
   </div>
   <div class='ocr_carea' id='block_1_44' title="bbox 239 2711 1806 2783">
    <p class='ocr_par' dir='ltr' id='par_1_44' title="bbox 239 2711 1806 2783">
     <span class='ocr_line' id='line_1_44' title="bbox 239 2711 1806 2783; baseline 0.001 -19"><span class='ocrx_word' id='word_1_320' title='bbox 239 2713 448 2775; x_wconf 77' lang='grc' dir='ltr'>πίστις,</span> <span class='ocrx_word' id='word_1_321' title='bbox 496 2712 757 2783; x_wconf 86' lang='grc' dir='ltr'>πραότης,</span> <span class='ocrx_word' id='word_1_322' title='bbox 805 2712 1140 2781; x_wconf 81' lang='grc' dir='ltr'>ἐγκράτεια,</span> <span class='ocrx_word' id='word_1_323' title='bbox 1177 2711 1447 2778; x_wconf 77' lang='grc' dir='ltr'>ἁγιασμὸς</span> <span class='ocrx_word' id='word_1_324' title='bbox 1478 2712 1659 2782; x_wconf 84' lang='grc' dir='ltr'>ψυχῆς</span> <span class='ocrx_word' id='word_1_325' title='bbox 1710 2715 1806 2766; x_wconf 84' lang='grc' dir='ltr'><strong>καί</strong></span> 
     </span>
    </p>
   </div>
   <div class='ocr_carea' id='block_1_45' title="bbox 238 2801 1810 2873">
    <p class='ocr_par' dir='ltr' id='par_1_45' title="bbox 238 2801 1810 2873">
     <span class='ocr_line' id='line_1_45' title="bbox 238 2801 1810 2873; baseline 0.003 -20"><span class='ocrx_word' id='word_1_326' title='bbox 238 2801 497 2870; x_wconf 77' lang='grc' dir='ltr'>σώματος</span> <span class='ocrx_word' id='word_1_327' title='bbox 524 2841 538 2864; x_wconf 89' lang='grc'><strong>,</strong></span> <span class='ocrx_word' id='word_1_328' title='bbox 566 2802 897 2863; x_wconf 81' lang='grc' dir='ltr'>ταπείνωσις</span> <span class='ocrx_word' id='word_1_329' title='bbox 928 2801 1153 2870; x_wconf 82' lang='grc' dir='ltr'>καρδίας</span> <span class='ocrx_word' id='word_1_330' title='bbox 1182 2803 1290 2854; x_wconf 64' lang='grc' dir='ltr'>καῖ’</span> <span class='ocrx_word' id='word_1_331' title='bbox 1321 2802 1605 2873; x_wconf 76' lang='grc' dir='ltr'>συντριϐὴ,</span> <span class='ocrx_word' id='word_1_332' title='bbox 1652 2804 1810 2873; x_wconf 84' lang='grc' dir='ltr'>ἐλεη-</span> 
     </span>
    </p>
   </div>
   <div class='ocr_carea' id='block_1_46' title="bbox 239 2893 1808 2965">
    <p class='ocr_par' dir='ltr' id='par_1_46' title="bbox 239 2893 1808 2965">
     <span class='ocr_line' id='line_1_46' title="bbox 239 2893 1808 2965; baseline 0.003 -21"><span class='ocrx_word' id='word_1_333' title='bbox 239 2893 453 2963; x_wconf 82' lang='grc' dir='ltr'>μοσύνη</span> <span class='ocrx_word' id='word_1_334' title='bbox 473 2934 488 2957; x_wconf 93' lang='grc'><strong>,</strong></span> <span class='ocrx_word' id='word_1_335' title='bbox 539 2893 912 2962; x_wconf 80' lang='grc' dir='ltr'>ἀμνησικακία</span> <span class='ocrx_word' id='word_1_336' title='bbox 942 2934 957 2958; x_wconf 92' lang='grc'><strong>,</strong></span> <span class='ocrx_word' id='word_1_337' title='bbox 1018 2893 1397 2964; x_wconf 85' lang='grc' dir='ltr'>φιλανθρωπία</span> <span class='ocrx_word' id='word_1_338' title='bbox 1422 2933 1437 2959; x_wconf 87' lang='grc'><strong>,</strong></span> <span class='ocrx_word' id='word_1_339' title='bbox 1484 2896 1761 2965; x_wconf 83' lang='grc' dir='ltr'>ἀγρυπνία</span> <span class='ocrx_word' id='word_1_340' title='bbox 1793 2939 1808 2962; x_wconf 93' lang='grc'><strong>,</strong></span> 
     </span>
    </p>
   </div>
   <div class='ocr_carea' id='block_1_47' title="bbox 239 2983 1809 3055">
    <p class='ocr_par' dir='ltr' id='par_1_47' title="bbox 239 2983 1809 3055">
     <span class='ocr_line' id='line_1_47' title="bbox 239 2983 1809 3055; baseline 0.001 -19"><span class='ocrx_word' id='word_1_341' title='bbox 239 2985 508 3055; x_wconf 88' lang='grc' dir='ltr'>μετάνοια</span> <span class='ocrx_word' id='word_1_342' title='bbox 537 2984 770 3054; x_wconf 87' lang='grc' dir='ltr'>ἀκριϐὴς</span> <span class='ocrx_word' id='word_1_343' title='bbox 802 2984 1019 3036; x_wconf 89' lang='grc' dir='ltr'>πάντων</span> <span class='ocrx_word' id='word_1_344' title='bbox 1046 2983 1154 3037; x_wconf 87' lang='grc' dir='ltr'><strong>τῶν</strong></span> <span class='ocrx_word' id='word_1_345' title='bbox 1192 2985 1601 3053; x_wconf 86' lang='grc' dir='ltr'>προγεγονότων</span> <span class='ocrx_word' id='word_1_346' title='bbox 1638 2988 1809 3054; x_wconf 79' lang='grc' dir='ltr'>σφαλ-</span> 
     </span>
    </p>
   </div>
   <div class='ocr_carea' id='block_1_48' title="bbox 241 3074 1811 3147">
    <p class='ocr_par' dir='ltr' id='par_1_48' title="bbox 241 3074 1811 3147">
     <span class='ocr_line' id='line_1_48' title="bbox 241 3074 1811 3147; baseline -0.001 -17"><span class='ocrx_word' id='word_1_347' title='bbox 241 3078 453 3147; x_wconf 79' lang='grc' dir='ltr'>μάτων,</span> <span class='ocrx_word' id='word_1_348' title='bbox 499 3075 733 3147; x_wconf 81' lang='grc' dir='ltr'>δάκρυον</span> <span class='ocrx_word' id='word_1_349' title='bbox 787 3074 1132 3138; x_wconf 79' lang='grc' dir='ltr'>κατανύξεως</span> <span class='ocrx_word' id='word_1_350' title='bbox 1158 3118 1173 3140; x_wconf 95' lang='grc'><strong>,</strong></span> <span class='ocrx_word' id='word_1_351' title='bbox 1210 3076 1408 3139; x_wconf 83' lang='grc' dir='ltr'>πένθος</span> <span class='ocrx_word' id='word_1_352' title='bbox 1436 3076 1575 3146; x_wconf 85' lang='grc' dir='ltr'>ὑπέρ</span> <span class='ocrx_word' id='word_1_353' title='bbox 1611 3093 1671 3129; x_wconf 90' lang='grc' dir='ltr'><strong>τε</strong></span> <span class='ocrx_word' id='word_1_354' title='bbox 1702 3078 1811 3128; x_wconf 90' lang='grc' dir='ltr'><strong>τῶν</strong></span> 
     </span>
    </p>
   </div>
   <div class='ocr_carea' id='block_1_49' title="bbox 240 3166 1809 3239">
    <p class='ocr_par' dir='ltr' id='par_1_49' title="bbox 240 3166 1809 3239">
     <span class='ocr_line' id='line_1_49' title="bbox 240 3166 1809 3239; baseline -0.002 -17"><span class='ocrx_word' id='word_1_355' title='bbox 240 3170 393 3222; x_wconf 74' lang='grc' dir='ltr'>ῖδίων</span> <span class='ocrx_word' id='word_1_356' title='bbox 416 3167 699 3239; x_wconf 81' lang='grc' dir='ltr'>ἁμαρτιῶν</span> <span class='ocrx_word' id='word_1_357' title='bbox 730 3168 825 3221; x_wconf 78' lang='grc' dir='ltr'>καὶ</span> <span class='ocrx_word' id='word_1_358' title='bbox 855 3166 965 3219; x_wconf 90' lang='grc' dir='ltr'><strong>τῶν</strong></span> <span class='ocrx_word' id='word_1_359' title='bbox 987 3166 1081 3220; x_wconf 86' lang='grc' dir='ltr'><strong>τοῦ</strong></span> <span class='ocrx_word' id='word_1_360' title='bbox 1108 3167 1357 3236; x_wconf 88' lang='grc' dir='ltr'>πλησίον,</span> <span class='ocrx_word' id='word_1_361' title='bbox 1389 3169 1486 3221; x_wconf 77' lang='grc' dir='ltr'><strong>καὶ</strong></span> <span class='ocrx_word' id='word_1_362' title='bbox 1510 3168 1579 3219; x_wconf 81' lang='grc' dir='ltr'><strong>τὰ</strong></span> <span class='ocrx_word' id='word_1_363' title='bbox 1600 3169 1809 3231; x_wconf 81' lang='grc' dir='ltr'>τούτοις</span> 
     </span>
    </p>
   </div>
   <div class='ocr_carea' id='block_1_50' title="bbox 235 3257 1811 3330">
    <p class='ocr_par' dir='ltr' id='par_1_50' title="bbox 235 3257 1811 3330">
     <span class='ocr_line' id='line_1_50' title="bbox 235 3257 1811 3330; baseline -0.002 -14"><span class='ocrx_word' id='word_1_364' title='bbox 235 3265 437 3330; x_wconf 86' lang='grc' dir='ltr'>ὃμοια,</span> <span class='ocrx_word' id='word_1_365' title='bbox 474 3261 632 3314; x_wconf 84' lang='grc' dir='ltr'>ἆτινα</span> <span class='ocrx_word' id='word_1_366' title='bbox 656 3300 670 3323; x_wconf 91' lang='grc'><strong>,</strong></span> <span class='ocrx_word' id='word_1_367' title='bbox 704 3260 893 3328; x_wconf 83' lang='grc' dir='ltr'>ὥσπερ</span> <span class='ocrx_word' id='word_1_368' title='bbox 938 3258 1084 3320; x_wconf 75' lang='grc' dir='ltr'>τινες</span> <span class='ocrx_word' id='word_1_369' title='bbox 1116 3257 1375 3327; x_wconf 85' lang='grc' dir='ltr'>βαθμίδες</span> <span class='ocrx_word' id='word_1_370' title='bbox 1405 3259 1501 3312; x_wconf 74' lang='grc' dir='ltr'>καὶ</span> <span class='ocrx_word' id='word_1_371' title='bbox 1545 3258 1811 3329; x_wconf 80' lang='grc' dir='ltr'>κλίμακες</span> 
     </span>
    </p>
   </div>
   <div class='ocr_carea' id='block_1_51' title="bbox 238 3348 1813 3422">
    <p class='ocr_par' dir='ltr' id='par_1_51' title="bbox 238 3348 1813 3422">
     <span class='ocr_line' id='line_1_51' title="bbox 238 3348 1813 3422; baseline -0.003 -17"><span class='ocrx_word' id='word_1_372' title='bbox 238 3352 488 3422; x_wconf 79' lang='grc' dir='ltr'>ἀλλήλων</span> <span class='ocrx_word' id='word_1_373' title='bbox 517 3349 770 3420; x_wconf 79' lang='grc' dir='ltr'>ἐχόμεναι</span> <span class='ocrx_word' id='word_1_374' title='bbox 803 3350 919 3420; x_wconf 76' lang='lat'><strong>88</strong></span> <span class='ocrx_word' id='word_1_375' title='bbox 941 3349 1037 3402; x_wconf 79' lang='grc' dir='ltr'>καὶ</span> <span class='ocrx_word' id='word_1_376' title='bbox 1069 3349 1161 3402; x_wconf 84' lang='grc' dir='ltr'><strong>ὑπ’</strong></span> <span class='ocrx_word' id='word_1_377' title='bbox 1193 3348 1441 3419; x_wconf 82' lang='grc' dir='ltr'>ἀλλήλων</span> <span class='ocrx_word' id='word_1_378' title='bbox 1482 3350 1813 3420; x_wconf 86' lang='grc' dir='ltr'>συγκροτού-</span> 
     </span>
    </p>
   </div>
   <div class='ocr_carea' id='block_1_52' title="bbox 240 3439 1810 3515">
    <p class='ocr_par' dir='ltr' id='par_1_52' title="bbox 240 3439 1810 3515">
     <span class='ocr_line' id='line_1_52' title="bbox 240 3439 1810 3515; baseline 0.001 -20"><span class='ocrx_word' id='word_1_379' title='bbox 240 3460 429 3515; x_wconf 87' lang='grc' dir='ltr'>μεναι,</span> <span class='ocrx_word' id='word_1_380' title='bbox 471 3443 550 3506; x_wconf 90' lang='grc' dir='ltr'><strong>είς</strong></span> <span class='ocrx_word' id='word_1_381' title='bbox 594 3440 823 3512; x_wconf 79' lang='grc' dir='ltr'>οὐρανὸν</span> <span class='ocrx_word' id='word_1_382' title='bbox 875 3440 972 3511; x_wconf 83' lang='grc' dir='ltr'>τὴν</span> <span class='ocrx_word' id='word_1_383' title='bbox 1015 3439 1192 3510; x_wconf 75' lang='grc' dir='ltr'>ψυχὴν</span> <span class='ocrx_word' id='word_1_384' title='bbox 1232 3440 1616 3513; x_wconf 83' lang='grc' dir='ltr'>ἀναφέρουσιν.</span> <span class='ocrx_word' id='word_1_385' title='bbox 1680 3442 1810 3496; x_wconf 84' lang='grc' dir='ltr'><strong>’1δοῦ</strong></span> 
     </span>
    </p>
   </div>
   <div class='ocr_carea' id='block_1_53' title="bbox 236 3533 1809 3605">
    <p class='ocr_par' dir='ltr' id='par_1_53' title="bbox 236 3533 1809 3605">
     <span class='ocr_line' id='line_1_53' title="bbox 236 3533 1809 3605; baseline 0 -17"><span class='ocrx_word' id='word_1_386' title='bbox 236 3536 450 3588; x_wconf 79' lang='grc' dir='ltr'>τούτων</span> <span class='ocrx_word' id='word_1_387' title='bbox 467 3533 854 3603; x_wconf 78' lang='grc' dir='ltr'>ἐντετάλμεθα,</span> <span class='ocrx_word' id='word_1_388' title='bbox 887 3534 1025 3603; x_wconf 87' lang='grc' dir='ltr'><strong>μετά</strong></span> <span class='ocrx_word' id='word_1_389' title='bbox 1046 3533 1106 3586; x_wconf 75' lang='grc' dir='ltr'><strong>τὺ</strong></span> <span class='ocrx_word' id='word_1_390' title='bbox 1124 3533 1428 3605; x_wconf 85' lang='grc' dir='ltr'>βάπτισμα,</span> <span class='ocrx_word' id='word_1_391' title='bbox 1449 3534 1771 3605; x_wconf 82' lang='grc' dir='ltr'>ἀντέχεσθαι</span> <span class='ocrx_word' id='word_1_392' title='bbox 1792 3574 1809 3599; x_wconf 90' lang='grc'><strong>,</strong></span> 
     </span>
    </p>
   </div>
   <div class='ocr_carea' id='block_1_54' title="bbox 235 3624 1047 3694">
    <p class='ocr_par' dir='ltr' id='par_1_54' title="bbox 235 3624 1047 3694">
     <span class='ocr_line' id='line_1_54' title="bbox 235 3624 1047 3694; baseline -0.002 -15"><span class='ocrx_word' id='word_1_393' title='bbox 235 3625 351 3679; x_wconf 89' lang='grc' dir='ltr'><strong>τῶν</strong></span> <span class='ocrx_word' id='word_1_394' title='bbox 378 3625 423 3676; x_wconf 83' lang='grc' dir='ltr'>δ’</span> <span class='ocrx_word' id='word_1_395' title='bbox 448 3625 703 3678; x_wconf 74' lang='grc' dir='ltr'>ἐναντίων</span> <span class='ocrx_word' id='word_1_396' title='bbox 723 3624 1047 3694; x_wconf 80' lang='grc' dir='ltr'>ἀπέχεσθαι.</span> 
     </span>
    </p>
   </div>
   <div class='ocr_carea' id='block_1_55' title="bbox 315 3714 1811 3786">
    <p class='ocr_par' dir='ltr' id='par_1_55' title="bbox 315 3714 1811 3786">
     <span class='ocr_line' id='line_1_55' title="bbox 315 3714 1811 3786; baseline -0.001 -16"><span class='ocrx_word' id='word_1_397' title='bbox 315 3718 375 3770; x_wconf 77' lang='grc' dir='ltr'>Εἰ</span> <span class='ocrx_word' id='word_1_398' title='bbox 404 3716 461 3770; x_wconf 79' lang='grc' dir='ltr'>δὲ</span> <span class='ocrx_word' id='word_1_399' title='bbox 494 3714 632 3786; x_wconf 88' lang='grc' dir='ltr'><strong>μετά</strong></span> <span class='ocrx_word' id='word_1_400' title='bbox 666 3715 729 3769; x_wconf 80' lang='grc' dir='ltr'>τὸ</span> <span class='ocrx_word' id='word_1_401' title='bbox 755 3714 938 3769; x_wconf 84' lang='grc' dir='ltr'>λαϐεῖν</span> <span class='ocrx_word' id='word_1_402' title='bbox 970 3716 1072 3784; x_wconf 87' lang='grc' dir='ltr'>τὴν</span> <span class='ocrx_word' id='word_1_403' title='bbox 1100 3715 1390 3784; x_wconf 77' lang='grc' dir='ltr'>ἐπίγνωσιν</span> <span class='ocrx_word' id='word_1_404' title='bbox 1411 3716 1510 3786; x_wconf 85' lang='grc' dir='ltr'>τῆς</span> <span class='ocrx_word' id='word_1_405' title='bbox 1534 3716 1811 3786; x_wconf 83' lang='grc' dir='ltr'>ἀληθείας,</span> 
     </span>
    </p>
   </div>
   <div class='ocr_carea' id='block_1_56' title="bbox 234 3802 1811 3877">
    <p class='ocr_par' dir='ltr' id='par_1_56' title="bbox 234 3802 1811 3877">
     <span class='ocr_line' id='line_1_56' title="bbox 234 3802 1811 3877; baseline -0.002 -16"><span class='ocrx_word' id='word_1_406' title='bbox 234 3807 352 3861; x_wconf 86' lang='grc' dir='ltr'><strong>τῶν</strong></span> <span class='ocrx_word' id='word_1_407' title='bbox 372 3808 652 3877; x_wconf 84' lang='grc' dir='ltr'>προτέρων</span> <span class='ocrx_word' id='word_1_408' title='bbox 676 3802 833 3870; x_wconf 82' lang='grc' dir='ltr'>αὖθις</span> <span class='ocrx_word' id='word_1_409' title='bbox 851 3805 1223 3877; x_wconf 79' lang='grc' dir='ltr'>ἒπιλαϐόμεθα</span> <span class='ocrx_word' id='word_1_410' title='bbox 1243 3807 1452 3876; x_wconf 83' lang='grc' dir='ltr'>νεκρῶν</span> <span class='ocrx_word' id='word_1_411' title='bbox 1474 3805 1652 3876; x_wconf 80' lang='grc' dir='ltr'>ἔργων</span> <span class='ocrx_word' id='word_1_412' title='bbox 1677 3806 1811 3876; x_wconf 86' lang='grc'>(68),</span> 
     </span>
    </p>
   </div>
   <div class='ocr_carea' id='block_1_57' title="bbox 238 3896 1809 3969">
    <p class='ocr_par' dir='ltr' id='par_1_57' title="bbox 238 3896 1809 3969">
     <span class='ocr_line' id='line_1_57' title="bbox 238 3896 1809 3969; baseline -0.001 -16"><span class='ocrx_word' id='word_1_413' title='bbox 238 3900 337 3953; x_wconf 85' lang='grc' dir='ltr'><strong>καί</strong></span> <span class='ocrx_word' id='word_1_414' title='bbox 365 3898 439 3961; x_wconf 87' lang='grc' dir='ltr'>ὠς</span> <span class='ocrx_word' id='word_1_415' title='bbox 469 3897 614 3951; x_wconf 87' lang='grc' dir='ltr'>κύων</span> <span class='ocrx_word' id='word_1_416' title='bbox 640 3897 734 3951; x_wconf 70' lang='grc' dir='ltr'>ἐπὶ</span> <span class='ocrx_word' id='word_1_417' title='bbox 754 3897 847 3950; x_wconf 86' lang='grc' dir='ltr'>τὸν</span> <span class='ocrx_word' id='word_1_418' title='bbox 875 3897 1003 3951; x_wconf 82' lang='grc' dir='ltr'>ἴδιον</span> <span class='ocrx_word' id='word_1_419' title='bbox 1030 3896 1223 3968; x_wconf 73' lang='grc' dir='ltr'>ἔμετον</span> <span class='ocrx_word' id='word_1_420' title='bbox 1246 3897 1646 3967; x_wconf 67' lang='grc' dir='ltr'>ἐπιστρέῲομεν</span> <span class='ocrx_word' id='word_1_421' title='bbox 1676 3898 1809 3969; x_wconf 79' lang='grc'>(69),</span> 
     </span>
    </p>
   </div>
   <div class='ocr_carea' id='block_1_58' title="bbox 238 3984 1810 4058">
    <p class='ocr_par' dir='ltr' id='par_1_58' title="bbox 238 3984 1810 4058">
     <span class='ocr_line' id='line_1_58' title="bbox 238 3984 1810 4058; baseline -0.001 -18"><span class='ocrx_word' id='word_1_422' title='bbox 238 3988 585 4058; x_wconf 80' lang='grc' dir='ltr'>συμϐήσεται</span> <span class='ocrx_word' id='word_1_423' title='bbox 634 3988 767 4058; x_wconf 77' lang='grc' dir='ltr'>ἡμῖν</span> <span class='ocrx_word' id='word_1_424' title='bbox 817 3986 878 4038; x_wconf 83' lang='grc' dir='ltr'>τὸ</span> <span class='ocrx_word' id='word_1_425' title='bbox 943 3986 1046 4037; x_wconf 80' lang='grc' dir='ltr'><strong>ὑπὸ</strong></span> <span class='ocrx_word' id='word_1_426' title='bbox 1092 3984 1187 4038; x_wconf 85' lang='grc' dir='ltr'><strong>τοῦ</strong></span> <span class='ocrx_word' id='word_1_427' title='bbox 1237 3986 1441 4057; x_wconf 83' lang='grc' dir='ltr'>Κυρίου</span> <span class='ocrx_word' id='word_1_428' title='bbox 1501 3987 1810 4057; x_wconf 77' lang='grc' dir='ltr'>εἰρημένον.</span> 
     </span>
    </p>
   </div>
   <div class='ocr_carea' id='block_1_59' title="bbox 240 4076 1813 4149">
    <p class='ocr_par' dir='ltr' id='par_1_59' title="bbox 240 4076 1813 4149">
     <span class='ocr_line' id='line_1_59' title="bbox 240 4076 1813 4149; baseline -0.002 -17"><span class='ocrx_word' id='word_1_429' title='bbox 240 4082 418 4132; x_wconf 70' lang='grc' dir='ltr'>’Ὅταν</span> <span class='ocrx_word' id='word_1_430' title='bbox 448 4081 588 4149; x_wconf 82' lang='grc' dir='ltr'>γάρ,</span> <span class='ocrx_word' id='word_1_431' title='bbox 617 4077 749 4148; x_wconf 76' lang='grc' dir='ltr'>φησὶ</span> <span class='ocrx_word' id='word_1_432' title='bbox 776 4076 910 4148; x_wconf 86' lang='grc'>(70),</span> <span class='ocrx_word' id='word_1_433' title='bbox 942 4077 1003 4129; x_wconf 79' lang='grc' dir='ltr'>τὸ</span> <span class='ocrx_word' id='word_1_434' title='bbox 1030 4076 1339 4148; x_wconf 87' lang='grc' dir='ltr'>ἀκάθαρτον</span> <span class='ocrx_word' id='word_1_435' title='bbox 1368 4077 1592 4148; x_wconf 80' lang='grc' dir='ltr'>Πνεῦμα</span> <span class='ocrx_word' id='word_1_436' title='bbox 1622 4078 1813 4148; x_wconf 74' lang='grc' dir='ltr'>ἐξέλθῃ</span> 
     </span>
    </p>
   </div>
   <div class='ocr_carea' id='block_1_60' title="bbox 235 4169 1815 4240">
    <p class='ocr_par' dir='ltr' id='par_1_60' title="bbox 235 4169 1815 4240">
     <span class='ocr_line' id='line_1_60' title="bbox 235 4169 1815 4240; baseline -0.003 -15"><span class='ocrx_word' id='word_1_437' title='bbox 235 4172 352 4225; x_wconf 84' lang='grc' dir='ltr'>ἀπὸ</span> <span class='ocrx_word' id='word_1_438' title='bbox 375 4170 469 4223; x_wconf 88' lang='grc' dir='ltr'><strong>τοῦ</strong></span> <span class='ocrx_word' id='word_1_439' title='bbox 498 4169 785 4237; x_wconf 86' lang='grc' dir='ltr'>ἀνθρώπου</span> <span class='ocrx_word' id='word_1_440' title='bbox 816 4170 914 4240; x_wconf 84' lang='grc' dir='ltr'><strong>(τῇ</strong></span> <span class='ocrx_word' id='word_1_441' title='bbox 942 4169 1124 4239; x_wconf 83' lang='grc' dir='ltr'>χάριτι</span> <span class='ocrx_word' id='word_1_442' title='bbox 1148 4170 1348 4240; x_wconf 84' lang='grc' dir='ltr'>δηλαδὴ</span> <span class='ocrx_word' id='word_1_443' title='bbox 1380 4169 1475 4223; x_wconf 89' lang='grc' dir='ltr'><strong>τοῦ</strong></span> <span class='ocrx_word' id='word_1_444' title='bbox 1501 4170 1815 4239; x_wconf 84' lang='grc' dir='ltr'>βαπτίσμα-</span> 
     </span>
    </p>
   </div>
   <div class='ocr_carea' id='block_1_61' title="bbox 237 4260 1813 4332">
    <p class='ocr_par' dir='ltr' id='par_1_61' title="bbox 237 4260 1813 4332">
     <span class='ocr_line' id='line_1_61' title="bbox 237 4260 1813 4332; baseline 0 -19"><span class='ocrx_word' id='word_1_445' title='bbox 237 4265 391 4331; x_wconf 82' lang='grc' dir='ltr'>τος),</span> <span class='ocrx_word' id='word_1_446' title='bbox 420 4261 693 4331; x_wconf 78' lang='grc' dir='ltr'>διέρχεται</span> <span class='ocrx_word' id='word_1_447' title='bbox 719 4260 786 4313; x_wconf 75' lang='grc' dir='ltr'>δι’</span> <span class='ocrx_word' id='word_1_448' title='bbox 813 4261 1061 4332; x_wconf 88' lang='grc' dir='ltr'>ἀνύδρων</span> <span class='ocrx_word' id='word_1_449' title='bbox 1088 4261 1295 4327; x_wconf 85' lang='grc' dir='ltr'>τόπων,</span> <span class='ocrx_word' id='word_1_450' title='bbox 1331 4260 1530 4331; x_wconf 74' lang='grc' dir='ltr'>ζητοῦν</span> <span class='ocrx_word' id='word_1_451' title='bbox 1564 4261 1813 4313; x_wconf 85' lang='grc' dir='ltr'>ἀνάπαυ-</span> 
     </span>
    </p>
   </div>
   <div class='ocr_carea' id='block_1_62' title="bbox 240 4351 1815 4423">
    <p class='ocr_par' dir='ltr' id='par_1_62' title="bbox 240 4351 1815 4423">
     <span class='ocr_line' id='line_1_62' title="bbox 240 4351 1815 4423; baseline -0.004 -16"><span class='ocrx_word' id='word_1_452' title='bbox 240 4371 354 4416; x_wconf 84' lang='grc' dir='ltr'>σιν,</span> <span class='ocrx_word' id='word_1_453' title='bbox 384 4353 479 4406; x_wconf 74' lang='grc' dir='ltr'>καὶ</span> <span class='ocrx_word' id='word_1_454' title='bbox 502 4353 600 4421; x_wconf 78' lang='grc' dir='ltr'>οὐχ</span> <span class='ocrx_word' id='word_1_455' title='bbox 631 4354 908 4422; x_wconf 81' lang='grc' dir='ltr'>εὑρίσκει·</span> <span class='ocrx_word' id='word_1_456' title='bbox 943 4353 1016 4421; x_wconf 84' lang='grc' dir='ltr'>μὴ</span> <span class='ocrx_word' id='word_1_457' title='bbox 1054 4354 1218 4423; x_wconf 84' lang='grc' dir='ltr'>φέρον</span> <span class='ocrx_word' id='word_1_458' title='bbox 1248 4353 1305 4405; x_wconf 87' lang='grc' dir='ltr'>δὲ</span> <span class='ocrx_word' id='word_1_459' title='bbox 1336 4353 1428 4405; x_wconf 77' lang='grc' dir='ltr'>ἐπὶ</span> <span class='ocrx_word' id='word_1_460' title='bbox 1468 4352 1603 4405; x_wconf 76' lang='grc' dir='ltr'>πολὺ</span> <span class='ocrx_word' id='word_1_461' title='bbox 1631 4351 1815 4404; x_wconf 81' lang='grc' dir='ltr'>ἄοικον</span> 
     </span>
    </p>
   </div>
   <div class='ocr_carea' id='block_1_63' title="bbox 238 4430 1814 4515">
    <p class='ocr_par' dir='ltr' id='par_1_63' title="bbox 238 4444 1814 4515">
     <span class='ocr_line' id='line_1_63' title="bbox 238 4444 1814 4515; baseline -0.002 -15"><span class='ocrx_word' id='word_1_462' title='bbox 238 4449 342 4501; x_wconf 69' lang='grc' dir='ltr'>καὶ</span> <span class='ocrx_word' id='word_1_463' title='bbox 374 4446 619 4499; x_wconf 82' lang='grc' dir='ltr'>ἀνέστιον</span> <span class='ocrx_word' id='word_1_464' title='bbox 653 4444 1111 4513; x_wconf 80' lang='grc' dir='ltr'>περιπλανᾶσθαι,</span> <span class='ocrx_word' id='word_1_465' title='bbox 1148 4445 1325 4512; x_wconf 77' lang='grc' dir='ltr'>λέγει’</span> <span class='ocrx_word' id='word_1_466' title='bbox 1372 4444 1814 4515; x_wconf 78' lang='grc' dir='ltr'>Ἐπιστρέψωείς</span> 
     </span>
    </p>
   </div>
   <div class='ocr_carea' id='block_1_64' title="bbox 237 4533 1811 4604">
    <p class='ocr_par' dir='ltr' id='par_1_64' title="bbox 237 4533 1811 4604">
     <span class='ocr_line' id='line_1_64' title="bbox 237 4533 1811 4604; baseline -0.003 -16"><span class='ocrx_word' id='word_1_467' title='bbox 237 4538 335 4589; x_wconf 74' lang='grc' dir='ltr'>τὸν</span> <span class='ocrx_word' id='word_1_468' title='bbox 368 4533 517 4588; x_wconf 75' lang='grc' dir='ltr'>οἶκόν</span> <span class='ocrx_word' id='word_1_469' title='bbox 549 4550 687 4604; x_wconf 88' lang='grc' dir='ltr'>μου,</span> <span class='ocrx_word' id='word_1_470' title='bbox 719 4534 843 4585; x_wconf 81' lang='grc' dir='ltr'>ὅθεν</span> <span class='ocrx_word' id='word_1_471' title='bbox 886 4534 1130 4602; x_wconf 80' lang='grc' dir='ltr'>ἐξῆλθον.</span> <span class='ocrx_word' id='word_1_472' title='bbox 1168 4535 1281 4587; x_wconf 63' lang='grc' dir='ltr'><strong>Καὶ</strong></span> <span class='ocrx_word' id='word_1_473' title='bbox 1303 4574 1318 4598; x_wconf 89' lang='grc'><strong>,</strong></span> <span class='ocrx_word' id='word_1_474' title='bbox 1352 4534 1526 4600; x_wconf 79' lang='grc' dir='ltr'>ἐλθὸν,</span> <span class='ocrx_word' id='word_1_475' title='bbox 1566 4533 1811 4600; x_wconf 87' lang='grc' dir='ltr'>εὑρίσκει</span> 
     </span>
    </p>
   </div>
   <div class='ocr_carea' id='block_1_65' title="bbox 241 4624 1811 4695">
    <p class='ocr_par' dir='ltr' id='par_1_65' title="bbox 241 4624 1811 4695">
     <span class='ocr_line' id='line_1_65' title="bbox 241 4624 1811 4695; baseline -0.003 -16"><span class='ocrx_word' id='word_1_476' title='bbox 241 4624 629 4695; x_wconf 83' lang='grc' dir='ltr'>σεσαρωμένον</span> <span class='ocrx_word' id='word_1_477' title='bbox 662 4624 758 4677; x_wconf 76' lang='grc' dir='ltr'><strong>καὶ</strong></span> <span class='ocrx_word' id='word_1_478' title='bbox 789 4625 1230 4694; x_wconf 78' lang='grc' dir='ltr'>κεκοσμημένον,</span> <span class='ocrx_word' id='word_1_479' title='bbox 1263 4624 1419 4676; x_wconf 83' lang='grc' dir='ltr'>κενὸν</span> <span class='ocrx_word' id='word_1_480' title='bbox 1452 4624 1508 4676; x_wconf 82' lang='grc' dir='ltr'>δὲ</span> <span class='ocrx_word' id='word_1_481' title='bbox 1559 4624 1655 4676; x_wconf 77' lang='grc' dir='ltr'>καὶ</span> <span class='ocrx_word' id='word_1_482' title='bbox 1683 4640 1811 4693; x_wconf 83' lang='grc' dir='ltr'>σχο-</span> 
     </span>
    </p>
   </div>
   <div class='ocr_carea' id='block_1_66' title="bbox 240 4715 1817 4786">
    <p class='ocr_par' dir='ltr' id='par_1_66' title="bbox 240 4715 1817 4786">
     <span class='ocr_line' id='line_1_66' title="bbox 240 4715 1817 4786; baseline -0.001 -17"><span class='ocrx_word' id='word_1_483' title='bbox 240 4716 496 4780; x_wconf 79' lang='grc' dir='ltr'>λάζοντα,</span> <span class='ocrx_word' id='word_1_484' title='bbox 525 4716 601 4786; x_wconf 80' lang='grc' dir='ltr'>μὴ</span> <span class='ocrx_word' id='word_1_485' title='bbox 628 4716 1026 4785; x_wconf 78' lang='grc' dir='ltr'>ὑποδεξάμενον</span> <span class='ocrx_word' id='word_1_486' title='bbox 1049 4716 1147 4785; x_wconf 80' lang='grc' dir='ltr'>τὴν</span> <span class='ocrx_word' id='word_1_487' title='bbox 1168 4715 1429 4784; x_wconf 82' lang='grc' dir='ltr'>ἐργασίαν</span> <span class='ocrx_word' id='word_1_488' title='bbox 1451 4716 1549 4785; x_wconf 76' lang='grc' dir='ltr'>τῆς</span> <span class='ocrx_word' id='word_1_489' title='bbox 1577 4715 1817 4786; x_wconf 85' lang='grc' dir='ltr'>χάριτος,</span> 
     </span>
    </p>
   </div>
   <div class='ocr_carea' id='block_1_67' title="bbox 243 4805 1817 4879">
    <p class='ocr_par' dir='ltr' id='par_1_67' title="bbox 243 4805 1817 4879">
     <span class='ocr_line' id='line_1_67' title="bbox 243 4805 1817 4879; baseline 0.002 -20"><span class='ocrx_word' id='word_1_490' title='bbox 243 4808 385 4876; x_wconf 71' lang='grc' dir='ltr'>μηδὲ</span> <span class='ocrx_word' id='word_1_491' title='bbox 420 4806 785 4879; x_wconf 82' lang='grc' dir='ltr'>πληρώσαντα</span> <span class='ocrx_word' id='word_1_492' title='bbox 816 4808 1011 4860; x_wconf 77' lang='grc' dir='ltr'>ἑαυτὸν</span> <span class='ocrx_word' id='word_1_493' title='bbox 1045 4807 1122 4877; x_wconf 81' lang='grc' dir='ltr'>τῷ</span> <span class='ocrx_word' id='word_1_494' title='bbox 1167 4806 1382 4877; x_wconf 84' lang='grc' dir='ltr'>πλούτῳ</span> <span class='ocrx_word' id='word_1_495' title='bbox 1429 4806 1539 4860; x_wconf 89' lang='grc' dir='ltr'><strong>τῶν</strong></span> <span class='ocrx_word' id='word_1_496' title='bbox 1582 4805 1817 4876; x_wconf 85' lang='grc' dir='ltr'>ἀρετῶν.</span> 
     </span>
    </p>
   </div>
   <div class='ocr_carea' id='block_1_68' title="bbox 1931 1988 3486 2060">
    <p class='ocr_par' dir='ltr' id='par_1_68' title="bbox 1931 1988 3486 2060">
     <span class='ocr_line' id='line_1_68' title="bbox 1931 1988 3486 2060; baseline 0.005 -20"><span class='ocrx_word' id='word_1_497' title='bbox 1931 1990 2028 2055; x_wconf 87' lang='lat' dir='ltr'><strong>ria,</strong></span> <span class='ocrx_word' id='word_1_498' title='bbox 2056 1988 2315 2042; x_wconf 84' lang='lat' dir='ltr'><strong>idolorum</strong></span> <span class='ocrx_word' id='word_1_499' title='bbox 2343 1992 2592 2057; x_wconf 80' lang='lat' dir='ltr'><strong>servitus,</strong></span> <span class='ocrx_word' id='word_1_500' title='bbox 2624 1993 2898 2060; x_wconf 87' lang='lat' dir='ltr'><strong>veneﬁcia,</strong></span> <span class='ocrx_word' id='word_1_501' title='bbox 2935 1994 3244 2059; x_wconf 68' lang='lat' dir='ltr'><strong>inimicitiae,</strong></span> <span class='ocrx_word' id='word_1_502' title='bbox 3270 2006 3486 2049; x_wconf 57' lang='lat' dir='ltr'><strong>conten.</strong></span> 
     </span>
    </p>
   </div>
   <div class='ocr_carea' id='block_1_69' title="bbox 1932 2078 3485 2149">
    <p class='ocr_par' dir='ltr' id='par_1_69' title="bbox 1932 2078 3485 2149">
     <span class='ocr_line' id='line_1_69' title="bbox 1932 2078 3485 2149; baseline 0.004 -18"><span class='ocrx_word' id='word_1_503' title='bbox 1932 2078 2122 2142; x_wconf 86' lang='lat' dir='ltr'><strong>tiones,</strong></span> <span class='ocrx_word' id='word_1_504' title='bbox 2155 2080 2544 2146; x_wconf 64' lang='lat' dir='ltr'><strong>simulationes,</strong></span> <span class='ocrx_word' id='word_1_505' title='bbox 2574 2081 2686 2145; x_wconf 69' lang='lat' dir='ltr'><strong>irai,</strong></span> <span class='ocrx_word' id='word_1_506' title='bbox 2715 2084 2865 2145; x_wconf 69' lang='lat' dir='ltr'><strong>rixae,</strong></span> <span class='ocrx_word' id='word_1_507' title='bbox 2896 2082 3273 2149; x_wconf 75' lang='lat' dir='ltr'><strong>dissensiones,</strong></span> <span class='ocrx_word' id='word_1_508' title='bbox 3303 2095 3485 2148; x_wconf 60' lang='lat' dir='ltr'><strong>secta,</strong></span> 
     </span>
    </p>
   </div>
   <div class='ocr_carea' id='block_1_70' title="bbox 1929 2169 3482 2239">
    <p class='ocr_par' dir='ltr' id='par_1_70' title="bbox 1929 2169 3482 2239">
     <span class='ocr_line' id='line_1_70' title="bbox 1929 2169 3482 2239; baseline 0.006 -18"><span class='ocrx_word' id='word_1_509' title='bbox 1929 2169 2155 2234; x_wconf 70' lang='lat' dir='ltr'><strong>invidiae,</strong></span> <span class='ocrx_word' id='word_1_510' title='bbox 2185 2170 2482 2231; x_wconf 87' lang='lat' dir='ltr'><strong>homicidia,</strong></span> <span class='ocrx_word' id='word_1_511' title='bbox 2508 2170 2742 2236; x_wconf 86' lang='lat' dir='ltr'><strong>avaritia,</strong></span> <span class='ocrx_word' id='word_1_512' title='bbox 2770 2173 3185 2239; x_wconf 83' lang='lat' dir='ltr'><strong>iiialedictiones,</strong></span> <span class='ocrx_word' id='word_1_513' title='bbox 3212 2191 3361 2229; x_wconf 86' lang='lat' dir='ltr'><strong>amor</strong></span> <span class='ocrx_word' id='word_1_514' title='bbox 3388 2193 3482 2230; x_wconf 87' lang='lat' dir='ltr'><strong>vo-</strong></span> 
     </span>
    </p>
   </div>
   <div class='ocr_carea' id='block_1_71' title="bbox 1932 2260 3479 2333">
    <p class='ocr_par' dir='ltr' id='par_1_71' title="bbox 1932 2260 3479 2333">
     <span class='ocr_line' id='line_1_71' title="bbox 1932 2260 3479 2333; baseline 0.006 -20"><span class='ocrx_word' id='word_1_515' title='bbox 1932 2260 2213 2328; x_wconf 88' lang='lat' dir='ltr'><strong>luptatum,</strong></span> <span class='ocrx_word' id='word_1_516' title='bbox 2253 2262 2556 2326; x_wconf 80' lang='lat' dir='ltr'><strong>ebrietates,</strong></span> <span class='ocrx_word' id='word_1_517' title='bbox 2601 2267 3033 2331; x_wconf 65' lang='lat' dir='ltr'><strong>comessationes,</strong></span> <span class='ocrx_word' id='word_1_518' title='bbox 3070 2275 3123 2319; x_wconf 87' lang='lat' dir='ltr'><strong>et</strong></span> <span class='ocrx_word' id='word_1_519' title='bbox 3167 2268 3245 2320; x_wconf 88' lang='lat' dir='ltr'><strong>his</strong></span> <span class='ocrx_word' id='word_1_520' title='bbox 3263 2269 3479 2333; x_wconf 84' lang='lat' dir='ltr'><strong>similia,</strong></span> 
     </span>
    </p>
   </div>
   <div class='ocr_carea' id='block_1_72' title="bbox 1927 2349 3482 2425">
    <p class='ocr_par' dir='ltr' id='par_1_72' title="bbox 1927 2349 3482 2425">
     <span class='ocr_line' id='line_1_72' title="bbox 1927 2349 3482 2425; baseline 0.008 -24"><span class='ocrx_word' id='word_1_521' title='bbox 1927 2365 2045 2418; x_wconf 77' lang='lat' dir='ltr'><strong>quze</strong></span> <span class='ocrx_word' id='word_1_522' title='bbox 2090 2349 2315 2417; x_wconf 68' lang='lat' dir='ltr'><strong>praedico</strong></span> <span class='ocrx_word' id='word_1_523' title='bbox 2337 2353 2501 2415; x_wconf 84' lang='lat' dir='ltr'><strong>vobis,</strong></span> <span class='ocrx_word' id='word_1_524' title='bbox 2525 2353 2660 2407; x_wconf 84' lang='lat' dir='ltr'><strong>sicut</strong></span> <span class='ocrx_word' id='word_1_525' title='bbox 2682 2354 2924 2421; x_wconf 73' lang='lat' dir='ltr'><strong>praedixi,</strong></span> <span class='ocrx_word' id='word_1_526' title='bbox 2964 2356 3208 2424; x_wconf 90' lang='lat' dir='ltr'><strong>quoniam</strong></span> <span class='ocrx_word' id='word_1_527' title='bbox 3233 2358 3319 2425; x_wconf 85' lang='lat' dir='ltr'><strong>qui</strong></span> <span class='ocrx_word' id='word_1_528' title='bbox 3361 2361 3482 2414; x_wconf 78' lang='lat' dir='ltr'><strong>talia</strong></span> 
     </span>
    </p>
   </div>
   <div class='ocr_carea' id='block_1_73' title="bbox 1926 2440 3481 2513">
    <p class='ocr_par' dir='ltr' id='par_1_73' title="bbox 1926 2440 3481 2513">
     <span class='ocr_line' id='line_1_73' title="bbox 1926 2440 3481 2513; baseline 0.009 -24"><span class='ocrx_word' id='word_1_529' title='bbox 1926 2449 2087 2506; x_wconf 82' lang='lat' dir='ltr'><strong>agunt</strong></span> <span class='ocrx_word' id='word_1_530' title='bbox 2115 2456 2331 2508; x_wconf 79' lang='lat' dir='ltr'><strong>regnum</strong></span> <span class='ocrx_word' id='word_1_531' title='bbox 2358 2440 2448 2494; x_wconf 88' lang='lat' dir='ltr'><strong>Dei</strong></span> <span class='ocrx_word' id='word_1_532' title='bbox 2484 2458 2586 2495; x_wconf 90' lang='lat' dir='ltr'><strong>non</strong></span> <span class='ocrx_word' id='word_1_533' title='bbox 2612 2456 3018 2513; x_wconf 85' lang='lat' dir='ltr'><strong>consequentur.</strong></span> <span class='ocrx_word' id='word_1_534' title='bbox 3056 2447 3278 2501; x_wconf 83' lang='lat' dir='ltr'><strong>Fructus</strong></span> <span class='ocrx_word' id='word_1_535' title='bbox 3306 2460 3481 2503; x_wconf 88' lang='lat' dir='ltr'><strong>autem</strong></span> 
     </span>
    </p>
   </div>
   <div class='ocr_carea' id='block_1_74' title="bbox 1925 2530 3478 2605">
    <p class='ocr_par' dir='ltr' id='par_1_74' title="bbox 1925 2530 3478 2605">
     <span class='ocr_line' id='line_1_74' title="bbox 1925 2530 3478 2605; baseline 0.005 -22"><span class='ocrx_word' id='word_1_536' title='bbox 1925 2530 2151 2594; x_wconf 74' lang='lat' dir='ltr'><strong>Spiritus</strong></span> <span class='ocrx_word' id='word_1_537' title='bbox 2175 2540 2278 2595; x_wconf 91' lang='lat' dir='ltr'><strong>est,</strong></span> <span class='ocrx_word' id='word_1_538' title='bbox 2309 2533 2561 2599; x_wconf 84' lang='lat' dir='ltr'><strong>charitas,</strong></span> <span class='ocrx_word' id='word_1_539' title='bbox 2604 2535 2873 2602; x_wconf 78' lang='lat' dir='ltr'><strong>gaudium,</strong></span> <span class='ocrx_word' id='word_1_540' title='bbox 2916 2550 3044 2601; x_wconf 79' lang='lat' dir='ltr'><strong>pax,</strong></span> <span class='ocrx_word' id='word_1_541' title='bbox 3088 2538 3478 2605; x_wconf 74' lang='lat' dir='ltr'><strong>longanimitas,</strong></span> 
     </span>
    </p>
   </div>
   <div class='ocr_carea' id='block_1_75' title="bbox 1928 2620 3477 2695">
    <p class='ocr_par' dir='ltr' id='par_1_75' title="bbox 1928 2620 3477 2695">
     <span class='ocr_line' id='line_1_75' title="bbox 1928 2620 3477 2695; baseline 0.007 -23"><span class='ocrx_word' id='word_1_542' title='bbox 1928 2620 2243 2687; x_wconf 78' lang='lat' dir='ltr'><strong>benignitas,</strong></span> <span class='ocrx_word' id='word_1_543' title='bbox 2274 2622 2505 2686; x_wconf 88' lang='lat' dir='ltr'><strong>bonitas,</strong></span> <span class='ocrx_word' id='word_1_544' title='bbox 2537 2624 2689 2690; x_wconf 88' lang='lat' dir='ltr'><strong>lides,</strong></span> <span class='ocrx_word' id='word_1_545' title='bbox 2733 2627 3105 2689; x_wconf 88' lang='lat' dir='ltr'><strong>mansuetudo,</strong></span> <span class='ocrx_word' id='word_1_546' title='bbox 3136 2630 3477 2695; x_wconf 88' lang='lat' dir='ltr'><strong>continentia,</strong></span> 
     </span>
    </p>
   </div>
   <div class='ocr_carea' id='block_1_76' title="bbox 1924 2714 3481 2784">
    <p class='ocr_par' dir='ltr' id='par_1_76' title="bbox 1924 2714 3481 2784">
     <span class='ocr_line' id='line_1_76' title="bbox 1924 2714 3481 2784; baseline 0.008 -19"><span class='ocrx_word' id='word_1_547' title='bbox 1924 2714 2267 2766; x_wconf 83' lang='lat' dir='ltr'><strong>sanctiﬁcatio</strong></span> <span class='ocrx_word' id='word_1_548' title='bbox 2307 2716 2496 2768; x_wconf 70' lang='lat' dir='ltr'><strong>anima:</strong></span> <span class='ocrx_word' id='word_1_549' title='bbox 2533 2727 2587 2769; x_wconf 90' lang='lat' dir='ltr'><strong>et</strong></span> <span class='ocrx_word' id='word_1_550' title='bbox 2628 2719 2883 2784; x_wconf 90' lang='lat' dir='ltr'><strong>corporis,</strong></span> <span class='ocrx_word' id='word_1_551' title='bbox 2924 2720 3098 2773; x_wconf 87' lang='lat' dir='ltr'><strong>cordis</strong></span> <span class='ocrx_word' id='word_1_552' title='bbox 3120 2721 3389 2775; x_wconf 82' lang='lat' dir='ltr'><strong>afﬂictatio</strong></span> <span class='ocrx_word' id='word_1_553' title='bbox 3430 2735 3481 2778; x_wconf 92' lang='lat' dir='ltr'><strong>et</strong></span> 
     </span>
    </p>
   </div>
   <div class='ocr_carea' id='block_1_77' title="bbox 1927 2804 3477 2878">
    <p class='ocr_par' dir='ltr' id='par_1_77' title="bbox 1927 2804 3477 2878">
     <span class='ocr_line' id='line_1_77' title="bbox 1927 2804 3477 2878; baseline 0.007 -23"><span class='ocrx_word' id='word_1_554' title='bbox 1927 2805 2195 2870; x_wconf 88' lang='lat' dir='ltr'><strong>contritio,</strong></span> <span class='ocrx_word' id='word_1_555' title='bbox 2212 2804 2567 2874; x_wconf 86' lang='lat' dir='ltr'><strong>eleeinosyna,</strong></span> <span class='ocrx_word' id='word_1_556' title='bbox 2588 2806 2893 2875; x_wconf 88' lang='lat' dir='ltr'><strong>injuriarum</strong></span> <span class='ocrx_word' id='word_1_557' title='bbox 2919 2808 3132 2873; x_wconf 84' lang='lat' dir='ltr'><strong>oblivio,</strong></span> <span class='ocrx_word' id='word_1_558' title='bbox 3159 2811 3477 2878; x_wconf 82' lang='lat' dir='ltr'><strong>humanitas,</strong></span> 
     </span>
    </p>
   </div>
   <div class='ocr_carea' id='block_1_78' title="bbox 1928 2894 3481 2969">
    <p class='ocr_par' dir='ltr' id='par_1_78' title="bbox 1928 2894 3481 2969">
     <span class='ocr_line' id='line_1_78' title="bbox 1928 2894 3481 2969; baseline 0.01 -25"><span class='ocrx_word' id='word_1_559' title='bbox 1928 2894 2123 2960; x_wconf 77' lang='lat' dir='ltr'><strong>vigilia,</strong></span> <span class='ocrx_word' id='word_1_560' title='bbox 2161 2896 2375 2951; x_wconf 85' lang='lat' dir='ltr'><strong>sincera</strong></span> <span class='ocrx_word' id='word_1_561' title='bbox 2413 2896 2480 2950; x_wconf 90' lang='lat' dir='ltr'><strong>de</strong></span> <span class='ocrx_word' id='word_1_562' title='bbox 2512 2899 2756 2952; x_wconf 90' lang='lat' dir='ltr'><strong>omnibus</strong></span> <span class='ocrx_word' id='word_1_563' title='bbox 2799 2900 3214 2968; x_wconf 68' lang='lat' dir='ltr'><strong>praicedentibus</strong></span> <span class='ocrx_word' id='word_1_564' title='bbox 3253 2904 3481 2969; x_wconf 88' lang='lat' dir='ltr'><strong>peccatis</strong></span> 
     </span>
    </p>
   </div>
   <div class='ocr_carea' id='block_1_79' title="bbox 1928 2987 3515 3060">
    <p class='ocr_par' dir='ltr' id='par_1_79' title="bbox 1928 2987 3515 3060">
     <span class='ocr_line' id='line_1_79' title="bbox 1928 2987 3515 3060; baseline 0.006 -22"><span class='ocrx_word' id='word_1_565' title='bbox 1928 2987 2254 3052; x_wconf 67' lang='lat' dir='ltr'><strong>paenitentia,</strong></span> <span class='ocrx_word' id='word_1_566' title='bbox 2284 2990 2708 3055; x_wconf 87' lang='lat' dir='ltr'><strong>compunctionis</strong></span> <span class='ocrx_word' id='word_1_567' title='bbox 2737 2988 3003 3059; x_wconf 68' lang='lat' dir='ltr'><strong>lacrymai,</strong></span> <span class='ocrx_word' id='word_1_568' title='bbox 3034 2991 3203 3044; x_wconf 88' lang='lat' dir='ltr'><strong>luctus</strong></span> <span class='ocrx_word' id='word_1_569' title='bbox 3234 3000 3359 3045; x_wconf 85' lang='lat' dir='ltr'><strong>tum</strong></span> <span class='ocrx_word' id='word_1_570' title='bbox 3384 3009 3480 3060; x_wconf 86' lang='lat' dir='ltr'><strong>pro</strong></span> <span class='ocrx_word' id='word_1_571' title='bbox 3512 3036 3515 3041; x_wconf 45' lang='grc' dir='ltr'><strong>λ</strong></span> 
     </span>
    </p>
   </div>
   <div class='ocr_carea' id='block_1_80' title="bbox 1924 3076 3481 3153">
    <p class='ocr_par' dir='ltr' id='par_1_80' title="bbox 1924 3076 3481 3153">
     <span class='ocr_line' id='line_1_80' title="bbox 1924 3076 3481 3153; baseline 0.008 -26"><span class='ocrx_word' id='word_1_572' title='bbox 1924 3076 2057 3140; x_wconf 91' lang='lat' dir='ltr'><strong>suis,</strong></span> <span class='ocrx_word' id='word_1_573' title='bbox 2087 3087 2195 3129; x_wconf 89' lang='lat' dir='ltr'><strong>tum</strong></span> <span class='ocrx_word' id='word_1_574' title='bbox 2227 3091 2321 3144; x_wconf 90' lang='lat' dir='ltr'><strong>pro</strong></span> <span class='ocrx_word' id='word_1_575' title='bbox 2347 3078 2567 3131; x_wconf 89' lang='lat' dir='ltr'><strong>aliorum</strong></span> <span class='ocrx_word' id='word_1_576' title='bbox 2597 3081 2842 3146; x_wconf 88' lang='lat' dir='ltr'><strong>peccatis,</strong></span> <span class='ocrx_word' id='word_1_577' title='bbox 2873 3081 3082 3150; x_wconf 89' lang='lat' dir='ltr'><strong>aliaque</strong></span> <span class='ocrx_word' id='word_1_578' title='bbox 3114 3082 3349 3149; x_wconf 86' lang='lat' dir='ltr'><strong>ejusdem</strong></span> <span class='ocrx_word' id='word_1_579' title='bbox 3381 3100 3481 3153; x_wconf 77' lang='lat' dir='ltr'><strong>ge-</strong></span> 
     </span>
    </p>
   </div>
   <div class='ocr_carea' id='block_1_81' title="bbox 1926 3168 3477 3239">
    <p class='ocr_par' dir='ltr' id='par_1_81' title="bbox 1926 3168 3477 3239">
     <span class='ocr_line' id='line_1_81' title="bbox 1926 3168 3477 3239; baseline 0.007 -21"><span class='ocrx_word' id='word_1_580' title='bbox 1926 3169 2070 3220; x_wconf 88' lang='lat' dir='ltr'><strong>neris</strong></span> <span class='ocrx_word' id='word_1_581' title='bbox 2111 3185 2124 3218; x_wconf 92' lang='lat'><strong>:</strong></span> <span class='ocrx_word' id='word_1_582' title='bbox 2165 3183 2284 3236; x_wconf 67' lang='lat' dir='ltr'><strong>qua:</strong></span> <span class='ocrx_word' id='word_1_583' title='bbox 2308 3168 2521 3237; x_wconf 88' lang='lat' dir='ltr'><strong>quidem</strong></span> <span class='ocrx_word' id='word_1_584' title='bbox 2564 3173 3029 3239; x_wconf 30' lang='lat' dir='ltr'><strong>tanqiiam‘gradus</strong></span> <span class='ocrx_word' id='word_1_585' title='bbox 3063 3182 3116 3224; x_wconf 89' lang='lat' dir='ltr'><strong>et</strong></span> <span class='ocrx_word' id='word_1_586' title='bbox 3143 3174 3299 3226; x_wconf 63' lang='lat' dir='ltr'><strong>scale</strong></span> <span class='ocrx_word' id='word_1_587' title='bbox 3337 3174 3477 3229; x_wconf 85' lang='lat' dir='ltr'><strong>inter</strong></span> 
     </span>
    </p>
   </div>
   <div class='ocr_carea' id='block_1_82' title="bbox 1922 3256 3474 3327">
    <p class='ocr_par' dir='ltr' id='par_1_82' title="bbox 1922 3256 3474 3327">
     <span class='ocr_line' id='line_1_82' title="bbox 1922 3256 3474 3327; baseline 0.005 -17"><span class='ocrx_word' id='word_1_588' title='bbox 1922 3272 1980 3310; x_wconf 88' lang='lat' dir='ltr'><strong>se</strong></span> <span class='ocrx_word' id='word_1_589' title='bbox 2017 3256 2362 3321; x_wconf 68' lang='lat' dir='ltr'><strong>cohaerentes,</strong></span> <span class='ocrx_word' id='word_1_590' title='bbox 2389 3267 2547 3327; x_wconf 85' lang='lat' dir='ltr'><strong>atque</strong></span> <span class='ocrx_word' id='word_1_591' title='bbox 2580 3258 2695 3311; x_wconf 76' lang='lat' dir='ltr'><strong>alite</strong></span> <span class='ocrx_word' id='word_1_592' title='bbox 2726 3259 2935 3314; x_wconf 82' lang='lat' dir='ltr'><strong>ab-aliis</strong></span> <span class='ocrx_word' id='word_1_593' title='bbox 2968 3264 3210 3323; x_wconf 70' lang='lat' dir='ltr'><strong>suzfultie,</strong></span> <span class='ocrx_word' id='word_1_594' title='bbox 3240 3264 3474 3319; x_wconf 86' lang='lat' dir='ltr'><strong>animum</strong></span> 
     </span>
    </p>
   </div>
   <div class='ocr_carea' id='block_1_83' title="bbox 1921 3346 3451 3421">
    <p class='ocr_par' dir='ltr' id='par_1_83' title="bbox 1921 3346 3451 3421">
     <span class='ocr_line' id='line_1_83' title="bbox 1921 3346 3451 3421; baseline 0.004 -21"><span class='ocrx_word' id='word_1_595' title='bbox 1921 3348 1973 3400; x_wconf 91' lang='lat' dir='ltr'><strong>in</strong></span> <span class='ocrx_word' id='word_1_596' title='bbox 2004 3346 2197 3401; x_wconf 71' lang='lat' dir='ltr'><strong>cuilum</strong></span> <span class='ocrx_word' id='word_1_597' title='bbox 2236 3346 2557 3401; x_wconf 78' lang='lat' dir='ltr'><strong>subvehunt.</strong></span> <span class='ocrx_word' id='word_1_598' title='bbox 2577 3349 2651 3401; x_wconf 85' lang='lat' dir='ltr'><strong>Eii</strong></span> <span class='ocrx_word' id='word_1_599' title='bbox 2680 3347 2800 3403; x_wconf 80' lang='lat' dir='ltr'><strong>biec-</strong></span> <span class='ocrx_word' id='word_1_600' title='bbox 2818 3359 2941 3403; x_wconf 82' lang='lat' dir='ltr'><strong>sunt</strong></span> <span class='ocrx_word' id='word_1_601' title='bbox 2977 3366 3092 3419; x_wconf 64' lang='lat' dir='ltr'><strong>qua</strong></span> <span class='ocrx_word' id='word_1_602' title='bbox 3136 3362 3251 3418; x_wconf 90' lang='lat' dir='ltr'><strong>post</strong></span> <span class='ocrx_word' id='word_1_603' title='bbox 3280 3353 3451 3421; x_wconf 84' lang='lat' dir='ltr'><strong>baptis</strong></span> 
     </span>
    </p>
   </div>
   <div class='ocr_carea' id='block_1_84' title="bbox 1922 3437 3471 3511">
    <p class='ocr_par' dir='ltr' id='par_1_84' title="bbox 1922 3437 3471 3511">
     <span class='ocr_line' id='line_1_84' title="bbox 1922 3437 3471 3511; baseline 0.007 -22"><span class='ocrx_word' id='word_1_604' title='bbox 1922 3453 2066 3490; x_wconf 85' lang='lat' dir='ltr'><strong>mum</strong></span> <span class='ocrx_word' id='word_1_605' title='bbox 2120 3438 2362 3505; x_wconf 86' lang='lat' dir='ltr'><strong>amplecti</strong></span> <span class='ocrx_word' id='word_1_606' title='bbox 2388 3437 2651 3506; x_wconf 86' lang='lat' dir='ltr'><strong>jubemur,</strong></span> <span class='ocrx_word' id='word_1_607' title='bbox 2678 3449 2834 3509; x_wconf 88' lang='lat' dir='ltr'><strong>atque</strong></span> <span class='ocrx_word' id='word_1_608' title='bbox 2868 3440 2935 3494; x_wconf 89' lang='lat' dir='ltr'><strong>ab</strong></span> <span class='ocrx_word' id='word_1_609' title='bbox 2962 3442 3079 3495; x_wconf 86' lang='lat' dir='ltr'><strong>aliis</strong></span> <span class='ocrx_word' id='word_1_610' title='bbox 3102 3457 3221 3511; x_wconf 68' lang='lat' dir='ltr'><strong>quae</strong></span> <span class='ocrx_word' id='word_1_611' title='bbox 3247 3458 3365 3497; x_wconf 88' lang='lat' dir='ltr'><strong>cum</strong></span> <span class='ocrx_word' id='word_1_612' title='bbox 3388 3446 3471 3500; x_wconf 90' lang='lat' dir='ltr'><strong>liis</strong></span> 
     </span>
    </p>
   </div>
   <div class='ocr_carea' id='block_1_85' title="bbox 1924 3528 2445 3596">
    <p class='ocr_par' dir='ltr' id='par_1_85' title="bbox 1924 3528 2445 3596">
     <span class='ocr_line' id='line_1_85' title="bbox 1924 3528 2445 3596; baseline 0.004 -17"><span class='ocrx_word' id='word_1_613' title='bbox 1924 3537 2155 3596; x_wconf 79' lang='lat' dir='ltr'><strong>pugnant</strong></span> <span class='ocrx_word' id='word_1_614' title='bbox 2180 3528 2445 3583; x_wconf 85' lang='lat' dir='ltr'><strong>abstinere</strong></span> 
     </span>
    </p>
   </div>
   <div class='ocr_carea' id='block_1_86' title="bbox 1999 3714 3473 3783">
    <p class='ocr_par' dir='ltr' id='par_1_86' title="bbox 1999 3714 3473 3783">
     <span class='ocr_line' id='line_1_86' title="bbox 1999 3714 3473 3783; baseline 0 -16"><span class='ocrx_word' id='word_1_615' title='bbox 1999 3714 2157 3780; x_wconf 87' lang='lat' dir='ltr'><strong>Quod</strong></span> <span class='ocrx_word' id='word_1_616' title='bbox 2218 3714 2261 3767; x_wconf 90' lang='lat' dir='ltr'><strong>si</strong></span> <span class='ocrx_word' id='word_1_617' title='bbox 2324 3723 2440 3781; x_wconf 83' lang='lat' dir='ltr'><strong>post</strong></span> <span class='ocrx_word' id='word_1_618' title='bbox 2495 3726 2763 3781; x_wconf 84' lang='lat' dir='ltr'><strong>acceptam</strong></span> <span class='ocrx_word' id='word_1_619' title='bbox 2826 3715 3060 3768; x_wconf 80' lang='lat' dir='ltr'><strong>veritatis</strong></span> <span class='ocrx_word' id='word_1_620' title='bbox 3124 3714 3473 3783; x_wconf 81' lang='lat' dir='ltr'><strong>cognitionem</strong></span> 
     </span>
    </p>
   </div>
   <div class='ocr_carea' id='block_1_87' title="bbox 1927 3805 3474 3873">
    <p class='ocr_par' dir='ltr' id='par_1_87' title="bbox 1927 3805 3474 3873">
     <span class='ocr_line' id='line_1_87' title="bbox 1927 3805 3474 3873; baseline 0.001 -18"><span class='ocrx_word' id='word_1_621' title='bbox 1927 3805 2100 3870; x_wconf 81' lang='lat' dir='ltr'><strong>priora</strong></span> <span class='ocrx_word' id='word_1_622' title='bbox 2149 3815 2351 3856; x_wconf 89' lang='lat' dir='ltr'><strong>mortua</strong></span> <span class='ocrx_word' id='word_1_623' title='bbox 2400 3819 2560 3871; x_wconf 83' lang='lat' dir='ltr'><strong>opera</strong></span> <span class='ocrx_word' id='word_1_624' title='bbox 2604 3820 2810 3858; x_wconf 90' lang='lat' dir='ltr'><strong>rursum</strong></span> <span class='ocrx_word' id='word_1_625' title='bbox 2854 3807 3185 3873; x_wconf 85' lang='lat' dir='ltr'><strong>arripiamus,</strong></span> <span class='ocrx_word' id='word_1_626' title='bbox 3232 3819 3292 3857; x_wconf 90' lang='lat' dir='ltr'><strong>ac</strong></span> <span class='ocrx_word' id='word_1_627' title='bbox 3329 3808 3474 3857; x_wconf 82' lang='lat' dir='ltr'><strong>canis</strong></span> 
     </span>
    </p>
   </div>
   <div class='ocr_carea' id='block_1_88' title="bbox 1926 3894 3472 3965">
    <p class='ocr_par' dir='ltr' id='par_1_88' title="bbox 1926 3894 3472 3965">
     <span class='ocr_line' id='line_1_88' title="bbox 1926 3894 3472 3965; baseline 0.003 -20"><span class='ocrx_word' id='word_1_628' title='bbox 1926 3894 2091 3949; x_wconf 77' lang='lat' dir='ltr'><strong>instar</strong></span> <span class='ocrx_word' id='word_1_629' title='bbox 2132 3894 2197 3947; x_wconf 84' lang='lat' dir='ltr'><strong>ad</strong></span> <span class='ocrx_word' id='word_1_630' title='bbox 2228 3904 2467 3949; x_wconf 87' lang='lat' dir='ltr'><strong>nostrum</strong></span> <span class='ocrx_word' id='word_1_631' title='bbox 2492 3898 2745 3950; x_wconf 80' lang='lat' dir='ltr'><strong>vomitum</strong></span> <span class='ocrx_word' id='word_1_632' title='bbox 2781 3908 3105 3950; x_wconf 72' lang='lat' dir='ltr'><strong>revertamur</strong></span> <span class='ocrx_word' id='word_1_633' title='bbox 3137 3895 3220 3965; x_wconf 88' lang='grc' dir='ltr'><strong>(ΙΙ</strong></span> <span class='ocrx_word' id='word_1_634' title='bbox 3247 3894 3360 3949; x_wconf 84' lang='lat' dir='ltr'><strong>Pet.</strong></span> <span class='ocrx_word' id='word_1_635' title='bbox 3390 3898 3472 3961; x_wconf 88' lang='lat' dir='ltr'><strong>ii),</strong></span> 
     </span>
    </p>
   </div>
   <div class='ocr_carea' id='block_1_89' title="bbox 1924 3977 3473 4053">
    <p class='ocr_par' dir='ltr' id='par_1_89' title="bbox 1924 3977 3473 4053">
     <span class='ocr_line' id='line_1_89' title="bbox 1924 3977 3473 4053; baseline 0.004 -20"><span class='ocrx_word' id='word_1_636' title='bbox 1924 3977 2053 4034; x_wconf 82' lang='lat' dir='ltr'><strong>illud</strong></span> <span class='ocrx_word' id='word_1_637' title='bbox 2094 3984 2245 4035; x_wconf 87' lang='lat' dir='ltr'><strong>nobis</strong></span> <span class='ocrx_word' id='word_1_638' title='bbox 2276 4000 2372 4037; x_wconf 90' lang='lat' dir='ltr'><strong>usu</strong></span> <span class='ocrx_word' id='word_1_639' title='bbox 2422 3988 2629 4051; x_wconf 85' lang='lat' dir='ltr'><strong>veniet,</strong></span> <span class='ocrx_word' id='word_1_640' title='bbox 2672 3988 2810 4053; x_wconf 83' lang='lat' dir='ltr'><strong>quod</strong></span> <span class='ocrx_word' id='word_1_641' title='bbox 2856 4003 2882 4039; x_wconf 91' lang='lat' dir='ltr'><strong>a</strong></span> <span class='ocrx_word' id='word_1_642' title='bbox 2917 3988 3137 4039; x_wconf 82' lang='lat' dir='ltr'><strong>Domino</strong></span> <span class='ocrx_word' id='word_1_643' title='bbox 3164 3989 3360 4040; x_wconf 88' lang='lat' dir='ltr'><strong>dictum</strong></span> <span class='ocrx_word' id='word_1_644' title='bbox 3394 3995 3473 4039; x_wconf 81' lang='lat' dir='ltr'><strong>est</strong></span> 
     </span>
    </p>
   </div>
   <div class='ocr_carea' id='block_1_90' title="bbox 1922 4077 3475 4151">
    <p class='ocr_par' dir='ltr' id='par_1_90' title="bbox 1922 4077 3475 4151">
     <span class='ocr_line' id='line_1_90' title="bbox 1922 4077 3475 4151; baseline -0.004 -18"><span class='ocrx_word' id='word_1_645' title='bbox 1922 4080 2099 4151; x_wconf 75' lang='lat' dir='ltr'><strong>(Luae</strong></span> <span class='ocrx_word' id='word_1_646' title='bbox 2127 4083 2249 4149; x_wconf 73' lang='lat'><strong>1|):</strong></span> <span class='ocrx_word' id='word_1_647' title='bbox 2299 4081 2429 4134; x_wconf 85' lang='lat' dir='ltr'><strong>Cum</strong></span> <span class='ocrx_word' id='word_1_648' title='bbox 2470 4081 2642 4144; x_wconf 91' lang='lat' dir='ltr'><strong>enim,</strong></span> <span class='ocrx_word' id='word_1_649' title='bbox 2673 4079 2856 4145; x_wconf 83' lang='lat' dir='ltr'><strong>inquit,</strong></span> <span class='ocrx_word' id='word_1_650' title='bbox 2905 4077 3129 4131; x_wconf 70' lang='lat' dir='ltr'><strong>exiverit</strong></span> <span class='ocrx_word' id='word_1_651' title='bbox 3175 4077 3475 4129; x_wconf 83' lang='lat' dir='ltr'><strong>immundus</strong></span> 
     </span>
    </p>
   </div>
   <div class='ocr_carea' id='block_1_91' title="bbox 1920 4168 3471 4239">
    <p class='ocr_par' dir='ltr' id='par_1_91' title="bbox 1920 4168 3471 4239">
     <span class='ocr_line' id='line_1_91' title="bbox 1920 4168 3471 4239; baseline -0.006 -12"><span class='ocrx_word' id='word_1_652' title='bbox 1920 4177 2139 4239; x_wconf 86' lang='lat' dir='ltr'><strong>spiritus</strong></span> <span class='ocrx_word' id='word_1_653' title='bbox 2185 4176 2252 4227; x_wconf 89' lang='lat' dir='ltr'><strong>ab</strong></span> <span class='ocrx_word' id='word_1_654' title='bbox 2295 4174 2507 4226; x_wconf 90' lang='lat' dir='ltr'><strong>homine</strong></span> <span class='ocrx_word' id='word_1_655' title='bbox 2550 4173 2670 4239; x_wconf 87' lang='lat' dir='ltr'><strong>(per</strong></span> <span class='ocrx_word' id='word_1_656' title='bbox 2699 4171 2943 4237; x_wconf 82' lang='lat' dir='ltr'><strong>baptismi</strong></span> <span class='ocrx_word' id='word_1_657' title='bbox 2985 4168 3184 4222; x_wconf 86' lang='lat' dir='ltr'><strong>scilicet</strong></span> <span class='ocrx_word' id='word_1_658' title='bbox 3226 4168 3471 4236; x_wconf 77' lang='lat' dir='ltr'><strong>gratiam)</strong></span> 
     </span>
    </p>
   </div>
   <div class='ocr_carea' id='block_1_92' title="bbox 1919 4258 3470 4330">
    <p class='ocr_par' dir='ltr' id='par_1_92' title="bbox 1919 4258 3470 4330">
     <span class='ocr_line' id='line_1_92' title="bbox 1919 4258 3470 4330; baseline -0.004 -17"><span class='ocrx_word' id='word_1_659' title='bbox 1919 4263 2156 4316; x_wconf 86' lang='lat' dir='ltr'><strong>ambulat</strong></span> <span class='ocrx_word' id='word_1_660' title='bbox 2183 4278 2272 4329; x_wconf 92' lang='lat' dir='ltr'><strong>per</strong></span> <span class='ocrx_word' id='word_1_661' title='bbox 2299 4266 2408 4315; x_wconf 88' lang='lat' dir='ltr'><strong>loca</strong></span> <span class='ocrx_word' id='word_1_662' title='bbox 2438 4262 2710 4330; x_wconf 89' lang='lat' dir='ltr'><strong>inaquosa,</strong></span> <span class='ocrx_word' id='word_1_663' title='bbox 2738 4273 2977 4326; x_wconf 64' lang='lat' dir='ltr'><strong>qurerens</strong></span> <span class='ocrx_word' id='word_1_664' title='bbox 3003 4258 3261 4326; x_wconf 88' lang='lat' dir='ltr'><strong>requiem,</strong></span> <span class='ocrx_word' id='word_1_665' title='bbox 3291 4269 3345 4310; x_wconf 93' lang='lat' dir='ltr'><strong>et</strong></span> <span class='ocrx_word' id='word_1_666' title='bbox 3368 4272 3470 4309; x_wconf 89' lang='lat' dir='ltr'><strong>non</strong></span> 
     </span>
    </p>
   </div>
   <div class='ocr_carea' id='block_1_93' title="bbox 1923 4346 3473 4405">
    <p class='ocr_par' dir='ltr' id='par_1_93' title="bbox 1923 4346 3473 4405">
     <span class='ocr_line' id='line_1_93' title="bbox 1923 4346 3473 4405; baseline -0.003 -1"><span class='ocrx_word' id='word_1_667' title='bbox 1923 4353 2145 4405; x_wconf 80' lang='lat' dir='ltr'><strong>invenit.</strong></span> <span class='ocrx_word' id='word_1_668' title='bbox 2179 4352 2502 4405; x_wconf 77' lang='lat' dir='ltr'><strong>Permolesm</strong></span> <span class='ocrx_word' id='word_1_669' title='bbox 2537 4363 2711 4403; x_wconf 87' lang='lat' dir='ltr'><strong>autem</strong></span> <span class='ocrx_word' id='word_1_670' title='bbox 2745 4351 2917 4402; x_wconf 80' lang='lat' dir='ltr'><strong>ferens</strong></span> <span class='ocrx_word' id='word_1_671' title='bbox 2953 4363 3010 4401; x_wconf 89' lang='lat' dir='ltr'><strong>se</strong></span> <span class='ocrx_word' id='word_1_672' title='bbox 3038 4346 3233 4400; x_wconf 89' lang='lat' dir='ltr'><strong>diutius</strong></span> <span class='ocrx_word' id='word_1_673' title='bbox 3262 4346 3384 4399; x_wconf 81' lang='lat' dir='ltr'><strong>tecti</strong></span> <span class='ocrx_word' id='word_1_674' title='bbox 3411 4360 3473 4399; x_wconf 87' lang='lat' dir='ltr'><strong>ac</strong></span> 
     </span>
    </p>
   </div>
   <div class='ocr_carea' id='block_1_94' title="bbox 1922 4438 3471 4511">
    <p class='ocr_par' dir='ltr' id='par_1_94' title="bbox 1922 4438 3471 4511">
     <span class='ocr_line' id='line_1_94' title="bbox 1922 4438 3471 4511; baseline -0.001 -19"><span class='ocrx_word' id='word_1_675' title='bbox 1922 4443 2047 4496; x_wconf 88' lang='lat' dir='ltr'><strong>laris</strong></span> <span class='ocrx_word' id='word_1_676' title='bbox 2067 4452 2333 4511; x_wconf 72' lang='lat' dir='ltr'><strong>expertem</strong></span> <span class='ocrx_word' id='word_1_677' title='bbox 2446 4451 2568 4491; x_wconf 82' lang='lat' dir='ltr'><strong>esse</strong></span> <span class='ocrx_word' id='word_1_678' title='bbox 2596 4478 2610 4502; x_wconf 92' lang='lat'><strong>,</strong></span> <span class='ocrx_word' id='word_1_679' title='bbox 2685 4438 2763 4494; x_wconf 91' lang='lat' dir='ltr'><strong>ait</strong></span> <span class='ocrx_word' id='word_1_680' title='bbox 2841 4458 2853 4492; x_wconf 91' lang='lat'><strong>:</strong></span> <span class='ocrx_word' id='word_1_681' title='bbox 2897 4441 3151 4494; x_wconf 77' lang='lat' dir='ltr'><strong>Revertar</strong></span> <span class='ocrx_word' id='word_1_682' title='bbox 3180 4441 3233 4492; x_wconf 92' lang='lat' dir='ltr'><strong>in</strong></span> <span class='ocrx_word' id='word_1_683' title='bbox 3259 4441 3471 4492; x_wconf 83' lang='lat' dir='ltr'><strong>domum</strong></span> 
     </span>
    </p>
   </div>
   <div class='ocr_carea' id='block_1_95' title="bbox 1925 4530 3473 4594">
    <p class='ocr_par' dir='ltr' id='par_1_95' title="bbox 1925 4530 3473 4594">
     <span class='ocr_line' id='line_1_95' title="bbox 1925 4530 3473 4594; baseline -0.003 -8"><span class='ocrx_word' id='word_1_684' title='bbox 1925 4550 2094 4586; x_wconf 77' lang='lat' dir='ltr'><strong>tuenm</strong></span> <span class='ocrx_word' id='word_1_685' title='bbox 2123 4534 2273 4585; x_wconf 67' lang='lat' dir='ltr'><strong>unde</strong></span> <span class='ocrx_word' id='word_1_686' title='bbox 2314 4532 2469 4587; x_wconf 75' lang='lat' dir='ltr'><strong>exivi.</strong></span> <span class='ocrx_word' id='word_1_687' title='bbox 2522 4532 2582 4584; x_wconf 80' lang='lat' dir='ltr'><strong>Et</strong></span> <span class='ocrx_word' id='word_1_688' title='bbox 2627 4530 2848 4583; x_wconf 81' lang='lat' dir='ltr'><strong>veniens</strong></span> <span class='ocrx_word' id='word_1_689' title='bbox 2896 4530 3096 4583; x_wconf 75' lang='lat' dir='ltr'><strong>invenit</strong></span> <span class='ocrx_word' id='word_1_690' title='bbox 3141 4546 3255 4581; x_wconf 88' lang='lat' dir='ltr'><strong>eam</strong></span> <span class='ocrx_word' id='word_1_691' title='bbox 3301 4530 3473 4594; x_wconf 87' lang='lat' dir='ltr'><strong>scopis</strong></span> 
     </span>
    </p>
   </div>
   <div class='ocr_carea' id='block_1_96' title="bbox 1922 4623 3474 4684">
    <p class='ocr_par' dir='ltr' id='par_1_96' title="bbox 1922 4623 3474 4684">
     <span class='ocr_line' id='line_1_96' title="bbox 1922 4623 3474 4684; baseline -0.006 -6"><span class='ocrx_word' id='word_1_692' title='bbox 1922 4627 2224 4678; x_wconf 84' lang='lat' dir='ltr'><strong>itiundatam</strong></span> <span class='ocrx_word' id='word_1_693' title='bbox 2269 4635 2320 4674; x_wconf 88' lang='lat' dir='ltr'><strong>et</strong></span> <span class='ocrx_word' id='word_1_694' title='bbox 2362 4630 2597 4673; x_wconf 83' lang='lat' dir='ltr'><strong>ornatam</strong></span> <span class='ocrx_word' id='word_1_695' title='bbox 2617 4661 2632 4684; x_wconf 91' lang='lat'><strong>,</strong></span> <span class='ocrx_word' id='word_1_696' title='bbox 2661 4628 2909 4673; x_wconf 61' lang='lat' dir='ltr'><strong>caeterum</strong></span> <span class='ocrx_word' id='word_1_697' title='bbox 2959 4623 3164 4673; x_wconf 85' lang='lat' dir='ltr'><strong>inanem</strong></span> <span class='ocrx_word' id='word_1_698' title='bbox 3196 4634 3257 4671; x_wconf 84' lang='lat' dir='ltr'><strong>ac</strong></span> <span class='ocrx_word' id='word_1_699' title='bbox 3286 4634 3474 4671; x_wconf 88' lang='lat' dir='ltr'><strong>vacan—</strong></span> 
     </span>
    </p>
   </div>
   <div class='ocr_carea' id='block_1_97' title="bbox 1925 4711 3474 4782">
    <p class='ocr_par' dir='ltr' id='par_1_97' title="bbox 1925 4711 3474 4782">
     <span class='ocr_line' id='line_1_97' title="bbox 1925 4711 3474 4782; baseline -0.006 -11"><span class='ocrx_word' id='word_1_700' title='bbox 1925 4727 2052 4781; x_wconf 89' lang='lat' dir='ltr'><strong>tem,</strong></span> <span class='ocrx_word' id='word_1_701' title='bbox 2093 4725 2150 4768; x_wconf 89' lang='lat' dir='ltr'><strong>ut</strong></span> <span class='ocrx_word' id='word_1_702' title='bbox 2185 4730 2305 4782; x_wconf 75' lang='lat' dir='ltr'><strong>qua:</strong></span> <span class='ocrx_word' id='word_1_703' title='bbox 2333 4714 2517 4780; x_wconf 70' lang='lat' dir='ltr'><strong>gratim</strong></span> <span class='ocrx_word' id='word_1_704' title='bbox 2550 4713 2747 4763; x_wconf 78' lang='lat' dir='ltr'><strong>cultum</strong></span> <span class='ocrx_word' id='word_1_705' title='bbox 2787 4721 2943 4779; x_wconf 81' lang='lat' dir='ltr'><strong>atque</strong></span> <span class='ocrx_word' id='word_1_706' title='bbox 2977 4713 3332 4777; x_wconf 89' lang='lat' dir='ltr'><strong>operationem</strong></span> <span class='ocrx_word' id='word_1_707' title='bbox 3376 4711 3474 4764; x_wconf 88' lang='lat' dir='ltr'><strong>iiii-</strong></span> 
     </span>
    </p>
   </div>
   <div class='ocr_carea' id='block_1_98' title="bbox 1923 4804 3472 4874">
    <p class='ocr_par' dir='ltr' id='par_1_98' title="bbox 1923 4804 3472 4874">
     <span class='ocr_line' id='line_1_98' title="bbox 1923 4804 3472 4874; baseline -0.004 -13"><span class='ocrx_word' id='word_1_708' title='bbox 1923 4809 2066 4862; x_wconf 88' lang='lat' dir='ltr'><strong>iiime</strong></span> <span class='ocrx_word' id='word_1_709' title='bbox 2105 4808 2419 4874; x_wconf 86' lang='lat' dir='ltr'><strong>susceperit,</strong></span> <span class='ocrx_word' id='word_1_710' title='bbox 2445 4819 2541 4857; x_wconf 67' lang='lat' dir='ltr'><strong>nec</strong></span> <span class='ocrx_word' id='word_1_711' title='bbox 2571 4820 2628 4855; x_wconf 75' lang='lat' dir='ltr'><strong>se</strong></span> <span class='ocrx_word' id='word_1_712' title='bbox 2670 4806 2835 4871; x_wconf 77' lang='lat' dir='ltr'><strong>ipsam</strong></span> <span class='ocrx_word' id='word_1_713' title='bbox 2861 4804 3113 4855; x_wconf 89' lang='lat' dir='ltr'><strong>virtutum</strong></span> <span class='ocrx_word' id='word_1_714' title='bbox 3151 4804 3336 4869; x_wconf 80' lang='lat' dir='ltr'><strong>Opibus</strong></span> <span class='ocrx_word' id='word_1_715' title='bbox 3376 4819 3472 4855; x_wconf 85' lang='lat' dir='ltr'><strong>cu-</strong></span> 
     </span>
    </p>
   </div>
   <div class='ocr_carea' id='block_1_99' title="bbox 240 4894 1811 4969">
    <p class='ocr_par' dir='ltr' id='par_1_99' title="bbox 240 4897 1811 4969">
     <span class='ocr_line' id='line_1_99' title="bbox 240 4897 1811 4969; baseline -0.001 -17"><span class='ocrx_word' id='word_1_716' title='bbox 240 4900 382 4952; x_wconf 76' lang='grc' dir='ltr'>Τὸτε</span> <span class='ocrx_word' id='word_1_717' title='bbox 410 4898 523 4969; x_wconf 87' lang='grc'><strong>(71)</strong></span> <span class='ocrx_word' id='word_1_718' title='bbox 545 4898 836 4968; x_wconf 78' lang='grc' dir='ltr'>πορεύεται</span> <span class='ocrx_word' id='word_1_719' title='bbox 868 4898 962 4951; x_wconf 72' lang='grc' dir='ltr'>καὶ</span> <span class='ocrx_word' id='word_1_720' title='bbox 996 4898 1262 4967; x_wconf 84' lang='grc' dir='ltr'>λαμϐάνει</span> <span class='ocrx_word' id='word_1_721' title='bbox 1290 4897 1409 4966; x_wconf 76' lang='grc' dir='ltr'>μεθ’</span> <span class='ocrx_word' id='word_1_722' title='bbox 1440 4899 1635 4951; x_wconf 77' lang='grc' dir='ltr'>ἑαυτοῦ</span> <span class='ocrx_word' id='word_1_723' title='bbox 1655 4899 1811 4969; x_wconf 72' lang='grc' dir='ltr'>ἔτερα</span> 
     </span>
    </p>
   </div>
   <div class='ocr_carea' id='block_1_100' title="bbox 1928 4894 3475 4969">
    <p class='ocr_par' dir='ltr' id='par_1_100' title="bbox 1928 4894 3475 4960">
     <span class='ocr_line' id='line_1_100' title="bbox 1928 4894 3475 4960; baseline -0.003 -8"><span class='ocrx_word' id='word_1_724' title='bbox 1928 4898 2155 4952; x_wconf 85' lang='lat' dir='ltr'><strong>mularit.</strong></span> <span class='ocrx_word' id='word_1_725' title='bbox 2188 4898 2337 4951; x_wconf 87' lang='lat' dir='ltr'><strong>Tunc</strong></span> <span class='ocrx_word' id='word_1_726' title='bbox 2375 4897 2534 4960; x_wconf 79' lang='lat' dir='ltr'><strong>vadit,</strong></span> <span class='ocrx_word' id='word_1_727' title='bbox 2563 4904 2617 4948; x_wconf 87' lang='lat' dir='ltr'><strong>et</strong></span> <span class='ocrx_word' id='word_1_728' title='bbox 2661 4894 2884 4947; x_wconf 89' lang='lat' dir='ltr'><strong>assumit</strong></span> <span class='ocrx_word' id='word_1_729' title='bbox 2908 4909 3086 4949; x_wconf 88' lang='lat' dir='ltr'><strong>secum</strong></span> <span class='ocrx_word' id='word_1_730' title='bbox 3116 4904 3314 4960; x_wconf 82' lang='lat' dir='ltr'><strong>septem</strong></span> <span class='ocrx_word' id='word_1_731' title='bbox 3344 4894 3475 4947; x_wconf 85' lang='lat' dir='ltr'><strong>alios</strong></span> 
     </span>
    </p>
   </div>
   <div class='ocr_carea' id='block_1_101' title="bbox 240 4984 1811 5059">
    <p class='ocr_par' dir='ltr' id='par_1_101' title="bbox 240 4986 1811 5059">
     <span class='ocr_line' id='line_1_101' title="bbox 240 4986 1811 5059; baseline 0.001 -19"><span class='ocrx_word' id='word_1_732' title='bbox 240 4988 390 5041; x_wconf 81' lang='grc' dir='ltr'>ἐτττά</span> <span class='ocrx_word' id='word_1_733' title='bbox 417 4986 713 5059; x_wconf 75' lang='grc' dir='ltr'>Πνεῦματα</span> <span class='ocrx_word' id='word_1_734' title='bbox 742 4986 1079 5059; x_wconf 79' lang='grc' dir='ltr'>πονηρότερα</span> <span class='ocrx_word' id='word_1_735' title='bbox 1117 4988 1309 5039; x_wconf 80' lang='grc' dir='ltr'>ἑαυτοῦ</span> <span class='ocrx_word' id='word_1_736' title='bbox 1335 5002 1337 5006; x_wconf 75' lang='lat'><em>‘</em></span> <span class='ocrx_word' id='word_1_737' title='bbox 1382 4990 1476 5041; x_wconf 72' lang='grc' dir='ltr'>καὶ</span> <span class='ocrx_word' id='word_1_738' title='bbox 1511 4988 1811 5043; x_wconf 77' lang='grc' dir='ltr'>εἰσελθόντα</span> 
     </span>
    </p>
   </div>
   <div class='ocr_carea' id='block_1_102' title="bbox 1928 4984 3476 5059">
    <p class='ocr_par' dir='ltr' id='par_1_102' title="bbox 1928 4984 3476 5057">
     <span class='ocr_line' id='line_1_102' title="bbox 1928 4984 3476 5057; baseline -0.004 -14"><span class='ocrx_word' id='word_1_739' title='bbox 1928 4990 2137 5057; x_wconf 74' lang='lat' dir='ltr'><strong>Spiritus</strong></span> <span class='ocrx_word' id='word_1_740' title='bbox 2164 4986 2443 5054; x_wconf 79' lang='lat' dir='ltr'><strong>nequiores</strong></span> <span class='ocrx_word' id='word_1_741' title='bbox 2480 5002 2571 5046; x_wconf 90' lang='lat' dir='ltr'><strong>se,</strong></span> <span class='ocrx_word' id='word_1_742' title='bbox 2612 4995 2660 5037; x_wconf 87' lang='lat' dir='ltr'><strong>et</strong></span> <span class='ocrx_word' id='word_1_743' title='bbox 2702 4987 2971 5052; x_wconf 83' lang='lat' dir='ltr'><strong>ingressus</strong></span> <span class='ocrx_word' id='word_1_744' title='bbox 3013 4985 3211 5039; x_wconf 88' lang='lat' dir='ltr'><strong>habitat</strong></span> <span class='ocrx_word' id='word_1_745' title='bbox 3239 4984 3364 5039; x_wconf 91' lang='lat' dir='ltr'><strong>illic.</strong></span> <span class='ocrx_word' id='word_1_746' title='bbox 3411 4987 3476 5038; x_wconf 58' lang='lat' dir='ltr'><strong>[ﬁt</strong></span> 
     </span>
    </p>
   </div>
   <div class='ocr_carea' id='block_1_103' title="bbox 319 5160 1811 5237">
    <p class='ocr_par' dir='ltr' id='par_1_103' title="bbox 319 5162 1811 5237">
     <span class='ocr_line' id='line_1_103' title="bbox 319 5162 1811 5237; baseline -0.005 -16"><span class='ocrx_word' id='word_1_747' title='bbox 319 5166 431 5234; x_wconf 85' lang='grc'>(66)</span> <span class='ocrx_word' id='word_1_748' title='bbox 462 5162 649 5220; x_wconf 80' lang='lat' dir='ltr'><strong>Jacob.</strong></span> <span class='ocrx_word' id='word_1_749' title='bbox 673 5164 843 5237; x_wconf 79' lang='lat' dir='ltr'><strong>Epist.</strong></span> <span class='ocrx_word' id='word_1_750' title='bbox 882 5181 942 5227; x_wconf 88' lang='lat' dir='ltr'><strong>It,</strong></span> <span class='ocrx_word' id='word_1_751' title='bbox 974 5164 1043 5217; x_wconf 70' lang='grc'>26</span> <span class='ocrx_word' id='word_1_752' title='bbox 1076 5164 1302 5237; x_wconf 22' lang='grc' dir='ltr'>εῖῶσπερ</span> <span class='ocrx_word' id='word_1_753' title='bbox 1324 5163 1442 5237; x_wconf 43' lang='grc' dir='ltr'>-γὰρ</span> <span class='ocrx_word' id='word_1_754' title='bbox 1476 5165 1537 5216; x_wconf 84' lang='grc' dir='ltr'>τὸ</span> <span class='ocrx_word' id='word_1_755' title='bbox 1574 5163 1734 5237; x_wconf 89' lang='grc' dir='ltr'>σῶμα</span> <span class='ocrx_word' id='word_1_756' title='bbox 1771 5184 1811 5234; x_wconf 78' lang='grc' dir='ltr'><strong>χι</strong></span> 
     </span>
    </p>
   </div>
   <div class='ocr_carea' id='block_1_104' title="bbox 1928 5160 3475 5237">
    <p class='ocr_par' dir='ltr' id='par_1_104' title="bbox 1928 5160 3475 5237">
     <span class='ocr_line' id='line_1_104' title="bbox 1928 5160 3475 5237; baseline -0.004 -21"><span class='ocrx_word' id='word_1_757' title='bbox 1928 5166 2281 5237; x_wconf 64' lang='grc' dir='ltr'>ςπνεύματος</span> <span class='ocrx_word' id='word_1_758' title='bbox 2306 5166 2699 5237; x_wconf 20' lang='grc' dir='ltr'>νεκρόνγεστιν,</span> <span class='ocrx_word' id='word_1_759' title='bbox 2738 5162 2881 5217; x_wconf 73' lang='grc' dir='ltr'>οὕτω</span> <span class='ocrx_word' id='word_1_760' title='bbox 2910 5166 3002 5216; x_wconf 76' lang='grc' dir='ltr'>καὶ</span> <span class='ocrx_word' id='word_1_761' title='bbox 3038 5165 3071 5232; x_wconf 78' lang='grc' dir='ltr'><strong>ἡ</strong></span> <span class='ocrx_word' id='word_1_762' title='bbox 3102 5161 3278 5224; x_wconf 85' lang='grc' dir='ltr'>πίστις</span> <span class='ocrx_word' id='word_1_763' title='bbox 3310 5160 3475 5229; x_wconf 75' lang='grc' dir='ltr'>χωρὶς</span> 
     </span>
    </p>
   </div>
   <div class='ocr_carea' id='block_1_105' title="bbox 240 5234 1811 5305">
    <p class='ocr_par' dir='ltr' id='par_1_105' title="bbox 240 5234 1811 5305">
     <span class='ocr_line' id='line_1_105' title="bbox 240 5234 1811 5305; baseline -0.003 -14"><span class='ocrx_word' id='word_1_764' title='bbox 240 5240 352 5291; x_wconf 83' lang='grc' dir='ltr'><strong>τῶν</strong></span> <span class='ocrx_word' id='word_1_765' title='bbox 383 5237 561 5305; x_wconf 71' lang='grc' dir='ltr'>ἔργων</span> <span class='ocrx_word' id='word_1_766' title='bbox 587 5235 758 5303; x_wconf 80' lang='grc' dir='ltr'>νεκρά</span> <span class='ocrx_word' id='word_1_767' title='bbox 783 5238 922 5288; x_wconf 89' lang='grc' dir='ltr'>ἐστι.</span> <span class='ocrx_word' id='word_1_768' title='bbox 956 5236 1040 5289; x_wconf 82' lang='lat' dir='ltr'><strong>Cl&#39;.</strong></span> <span class='ocrx_word' id='word_1_769' title='bbox 1071 5236 1295 5305; x_wconf 71' lang='lat' dir='ltr'><strong>Gregnr.</strong></span> <span class='ocrx_word' id='word_1_770' title='bbox 1323 5234 1448 5287; x_wconf 67' lang='grc' dir='ltr'><strong>Νη.</strong></span> <span class='ocrx_word' id='word_1_771' title='bbox 1477 5246 1619 5290; x_wconf 84' lang='lat' dir='ltr'><strong>orat.</strong></span> <span class='ocrx_word' id='word_1_772' title='bbox 1648 5234 1738 5299; x_wconf 72' lang='grc'><strong>40,</strong></span> <span class='ocrx_word' id='word_1_773' title='bbox 1767 5253 1811 5304; x_wconf 86' lang='lat' dir='ltr'><strong>p.</strong></span> 
     </span>
    </p>
   </div>
   <div class='ocr_carea' id='block_1_106' title="bbox 1928 5234 2578 5305">
    <p class='ocr_par' dir='ltr' id='par_1_106' title="bbox 1928 5234 2578 5301">
     <span class='ocr_line' id='line_1_106' title="bbox 1928 5234 2578 5301; baseline 0.003 -13"><span class='ocrx_word' id='word_1_774' title='bbox 1928 5235 1974 5301; x_wconf 73' lang='lat'><strong>2,</strong></span> <span class='ocrx_word' id='word_1_775' title='bbox 2008 5237 2033 5289; x_wconf 87' lang='grc'><strong>1</strong></span> <span class='ocrx_word' id='word_1_776' title='bbox 2060 5254 2075 5300; x_wconf 88' lang='grc'>;</span> <span class='ocrx_word' id='word_1_777' title='bbox 2107 5234 2160 5289; x_wconf 77' lang='lat' dir='ltr'><strong>et</strong></span> <span class='ocrx_word' id='word_1_778' title='bbox 2189 5252 2313 5293; x_wconf 78' lang='lat' dir='ltr'><strong>mox</strong></span> <span class='ocrx_word' id='word_1_779' title='bbox 2344 5234 2457 5292; x_wconf 74' lang='lat' dir='ltr'><strong>not.</strong></span> <span class='ocrx_word' id='word_1_780' title='bbox 2488 5236 2578 5291; x_wconf 83' lang='grc'>68.</span> 
     </span>
    </p>
   </div>
   <div class='ocr_carea' id='block_1_107' title="bbox 319 5304 1203 5377">
    <p class='ocr_par' dir='ltr' id='par_1_107' title="bbox 319 5304 1203 5377">
     <span class='ocr_line' id='line_1_107' title="bbox 319 5304 1203 5377; baseline 0.003 -25"><span class='ocrx_word' id='word_1_781' title='bbox 319 5304 430 5377; x_wconf 67' lang='grc'>(67)</span> <span class='ocrx_word' id='word_1_782' title='bbox 459 5304 639 5377; x_wconf 55' lang='lat' dir='ltr'><strong>Epist.</strong></span> <span class='ocrx_word' id='word_1_783' title='bbox 665 5305 899 5377; x_wconf 62' lang='lat' dir='ltr'><strong>ad._§al.</strong></span> <span class='ocrx_word' id='word_1_784' title='bbox 942 5320 991 5365; x_wconf 74' lang='grc' dir='ltr'><strong>ν,</strong></span> <span class='ocrx_word' id='word_1_785' title='bbox 1025 5304 1203 5377; x_wconf 45' lang='lat' dir='ltr'><strong>lii-2&#39;2.</strong></span> 
     </span>
    </p>
   </div>
   <div class='ocr_carea' id='block_1_108' title="bbox 318 5371 1811 5447">
    <p class='ocr_par' dir='ltr' id='par_1_108' title="bbox 318 5371 1811 5447">
     <span class='ocr_line' id='line_1_108' title="bbox 318 5371 1811 5447; baseline 0.001 -21"><span class='ocrx_word' id='word_1_786' title='bbox 318 5371 429 5443; x_wconf 55' lang='lat'><strong>(&#39;68)</strong></span> <span class='ocrx_word' id='word_1_787' title='bbox 459 5371 630 5447; x_wconf 60' lang='lat' dir='ltr'><strong>Epist.</strong></span> <span class='ocrx_word' id='word_1_788' title='bbox 662 5374 728 5426; x_wconf 88' lang='lat' dir='ltr'><strong>ad</strong></span> <span class='ocrx_word' id='word_1_789' title='bbox 759 5374 921 5428; x_wconf 82' lang='lat' dir='ltr'><strong>Hebr.</strong></span> <span class='ocrx_word' id='word_1_790' title='bbox 954 5390 1026 5437; x_wconf 84' lang='lat' dir='ltr'><strong>iv,</strong></span> <span class='ocrx_word' id='word_1_791' title='bbox 1061 5377 1082 5425; x_wconf 91' lang='grc'><strong>1</strong></span> <span class='ocrx_word' id='word_1_792' title='bbox 1119 5417 1130 5426; x_wconf 95' lang='grc'><strong>.</strong></span> <span class='ocrx_word' id='word_1_793' title='bbox 1165 5373 1426 5447; x_wconf 74' lang='grc' dir='ltr'>Θεμέλιον</span> <span class='ocrx_word' id='word_1_794' title='bbox 1454 5373 1811 5447; x_wconf 21' lang='grc' dir='ltr'>λκαταραλλόμ</span> 
     </span>
    </p>
   </div>
   <div class='ocr_carea' id='block_1_109' title="bbox 1928 5371 3197 5447">
    <p class='ocr_par' dir='ltr' id='par_1_109' title="bbox 1932 5371 3197 5447">
     <span class='ocr_line' id='line_1_109' title="bbox 1932 5371 3197 5447; baseline -0.002 -21"><span class='ocrx_word' id='word_1_795' title='bbox 1932 5375 2249 5447; x_wconf 63' lang='grc' dir='ltr'><strong>Δμετανοίας</strong></span> <span class='ocrx_word' id='word_1_796' title='bbox 2280 5375 2394 5447; x_wconf 14' lang='grc' dir='ltr'>ἀπὺᾲ</span> <span class='ocrx_word' id='word_1_797' title='bbox 2417 5374 2631 5444; x_wconf 83' lang='grc' dir='ltr'>νεκρῶν</span> <span class='ocrx_word' id='word_1_798' title='bbox 2663 5377 2869 5447; x_wconf 80' lang='grc' dir='ltr'>ἔργων·</span> <span class='ocrx_word' id='word_1_799' title='bbox 2906 5384 2965 5447; x_wconf 85' lang='lat' dir='ltr'><strong>et</strong></span> <span class='ocrx_word' id='word_1_800' title='bbox 3000 5390 3073 5447; x_wconf 61' lang='grc' dir='ltr'><strong>ιτ,</strong></span> <span class='ocrx_word' id='word_1_801' title='bbox 3097 5373 3131 5447; x_wconf 37' lang='lat'><strong>~1</strong></span> <span class='ocrx_word' id='word_1_802' title='bbox 3145 5371 3197 5447; x_wconf 67' lang='grc'>4.</span> 
     </span>
    </p>
   </div>
   <div class='ocr_carea' id='block_1_110' title="bbox 319 5436 1811 5515">
    <p class='ocr_par' dir='ltr' id='par_1_110' title="bbox 319 5436 1811 5515">
     <span class='ocr_line' id='line_1_110' title="bbox 319 5436 1811 5515; baseline -0.002 -17"><span class='ocrx_word' id='word_1_803' title='bbox 319 5436 431 5514; x_wconf 65' lang='grc'>(69)</span> <span class='ocrx_word' id='word_1_804' title='bbox 473 5436 738 5515; x_wconf 70' lang='lat' dir='ltr'><strong>Respectu</strong></span> <span class='ocrx_word' id='word_1_805' title='bbox 780 5446 846 5496; x_wconf 83' lang='lat' dir='ltr'><strong>ad</strong></span> <span class='ocrx_word' id='word_1_806' title='bbox 876 5436 1058 5496; x_wconf 88' lang='lat' dir='ltr'><strong>lioliiiii</strong></span> <span class='ocrx_word' id='word_1_807' title='bbox 1104 5436 1288 5515; x_wconf 62' lang='lat' dir='ltr'><strong>[dicunt</strong></span> <span class='ocrx_word' id='word_1_808' title='bbox 1327 5444 1466 5515; x_wconf 59' lang='grc' dir='ltr'><strong>νειμ-ἰ</strong></span> <span class='ocrx_word' id='word_1_809' title='bbox 1516 5445 1558 5515; x_wconf 64' lang='lat' dir='ltr'><strong>Ii</strong></span> <span class='ocrx_word' id='word_1_810' title='bbox 1594 5436 1811 5515; x_wconf 57' lang='lat' dir='ltr'><strong>Episl.:l</strong></span> 
     </span>
    </p>
   </div>
   <div class='ocr_carea' id='block_1_111' title="bbox 1928 5436 3480 5515">
    <p class='ocr_par' dir='ltr' id='par_1_111' title="bbox 1928 5436 3480 5515">
     <span class='ocr_line' id='line_1_111' title="bbox 1928 5436 3480 5515; baseline -0.003 -19"><span class='ocrx_word' id='word_1_811' title='bbox 1928 5436 1997 5496; x_wconf 65' lang='grc' dir='ltr'>Ξῖ</span> <span class='ocrx_word' id='word_1_812' title='bbox 2025 5436 2346 5515; x_wconf 61' lang='grc' dir='ltr'>Συμϐέϐηιεε</span> <span class='ocrx_word' id='word_1_813' title='bbox 2377 5445 2435 5498; x_wconf 85' lang='grc' dir='ltr'>δὲ</span> <span class='ocrx_word' id='word_1_814' title='bbox 2470 5436 2656 5508; x_wconf 67' lang='grc' dir='ltr'>αὑτοῖς</span> <span class='ocrx_word' id='word_1_815' title='bbox 2682 5436 2752 5499; x_wconf 62' lang='grc' dir='ltr'>τό</span> <span class='ocrx_word' id='word_1_816' title='bbox 2788 5448 2888 5514; x_wconf 82' lang='grc' dir='ltr'>τῆς</span> <span class='ocrx_word' id='word_1_817' title='bbox 2920 5436 3480 5515; x_wconf 37' lang='grc' dir='ltr'>ἀληθοῦς-Παροιμίας</span> 
     </span>
    </p>
   </div>
   <div class='ocr_carea' id='block_1_112' title="bbox 272 5510 3472 5585">
    <p class='ocr_par' dir='ltr' id='par_1_112' title="bbox 272 5510 3472 5585">
     <span class='ocr_line' id='line_1_112' title="bbox 272 5510 3472 5585; baseline -0.003 -16"><span class='ocrx_word' id='word_1_818' title='bbox 272 5510 436 5569; x_wconf 58' lang='lat' dir='ltr'><strong>l’i&#39;ot.</strong></span> <span class='ocrx_word' id='word_1_819' title='bbox 462 5510 611 5585; x_wconf 71' lang='lat' dir='ltr'><strong>xxvi,</strong></span> <span class='ocrx_word' id='word_1_820' title='bbox 644 5511 741 5582; x_wconf 83' lang='grc'><strong>11]-</strong></span> <span class='ocrx_word' id='word_1_821' title='bbox 794 5531 815 5564; x_wconf 78' lang='grc' dir='ltr'><strong>ι</strong></span> <span class='ocrx_word' id='word_1_822' title='bbox 844 5515 1007 5567; x_wconf 82' lang='grc' dir='ltr'>Κύων</span> <span class='ocrx_word' id='word_1_823' title='bbox 1038 5512 1372 5583; x_wconf 49' lang='grc' dir='ltr'>επιστρεᾮας</span> <span class='ocrx_word' id='word_1_824' title='bbox 1400 5514 1494 5565; x_wconf 70' lang='grc' dir='ltr'>ἐπὶ</span> <span class='ocrx_word' id='word_1_825' title='bbox 1509 5513 1570 5567; x_wconf 85' lang='grc' dir='ltr'>τὸ</span> <span class='ocrx_word' id='word_1_826' title='bbox 1591 5510 1721 5585; x_wconf 83' lang='grc' dir='ltr'>ῐδιον</span> <span class='ocrx_word' id='word_1_827' title='bbox 1740 5513 1984 5584; x_wconf 77' lang='grc' dir='ltr'>ἐξέραμα</span> <span class='ocrx_word' id='word_1_828' title='bbox 2006 5530 2021 5544; x_wconf 78' lang='grc' dir='ltr'><strong>ο</strong></span> <span class='ocrx_word' id='word_1_829' title='bbox 2062 5532 2081 5565; x_wconf 77' lang='lat' dir='ltr'><strong>i</strong></span> <span class='ocrx_word' id='word_1_830' title='bbox 2107 5510 2224 5574; x_wconf 78' lang='grc' dir='ltr'>καὶ,</span> <span class='ocrx_word' id='word_1_831' title='bbox 2257 5510 2279 5566; x_wconf 68' lang='grc' dir='ltr'>ἐ</span> <span class='ocrx_word' id='word_1_832' title='bbox 2304 5510 2410 5578; x_wconf 67' lang='grc' dir='ltr'><strong>ΊΓΥς</strong></span> <span class='ocrx_word' id='word_1_833' title='bbox 2427 5516 2735 5585; x_wconf 83' lang='grc' dir='ltr'>λουσαμένη</span> <span class='ocrx_word' id='word_1_834' title='bbox 2768 5510 3111 5585; x_wconf 72' lang='grc' dir='ltr'>εἰς’κύλισμα</span> <span class='ocrx_word' id='word_1_835' title='bbox 3145 5510 3423 5585; x_wconf 78' lang='grc' dir='ltr'>βορϐόρου.</span> <span class='ocrx_word' id='word_1_836' title='bbox 3456 5528 3472 5554; x_wconf 78' lang='grc' dir='ltr'><strong>ι</strong></span> 
     </span>
    </p>
   </div>
   <div class='ocr_carea' id='block_1_113' title="bbox 290 5582 3476 5653">
    <p class='ocr_par' dir='ltr' id='par_1_113' title="bbox 290 5582 3476 5653">
     <span class='ocr_line' id='line_1_113' title="bbox 290 5582 3476 5653; baseline -0.003 -14"><span class='ocrx_word' id='word_1_837' title='bbox 290 5582 692 5639; x_wconf 66' lang='lat' dir='ltr'><strong>setitlo-Abdias</strong></span> <span class='ocrx_word' id='word_1_838' title='bbox 723 5598 803 5646; x_wconf 88' lang='lat' dir='ltr'><strong>iii,</strong></span> <span class='ocrx_word' id='word_1_839' title='bbox 830 5585 864 5637; x_wconf 84' lang='lat'><strong>6</strong></span> <span class='ocrx_word' id='word_1_840' title='bbox 894 5603 907 5638; x_wconf 90' lang='lat'><strong>:</strong></span> <span class='ocrx_word' id='word_1_841' title='bbox 955 5603 972 5634; x_wconf 78' lang='grc' dir='ltr'><strong>ι</strong></span> <span class='ocrx_word' id='word_1_842' title='bbox 1005 5582 1231 5638; x_wconf 62' lang='lat' dir='ltr'><strong>l’rmsteS</strong></span> <span class='ocrx_word' id='word_1_843' title='bbox 1261 5594 1338 5645; x_wconf 90' lang='lat' dir='ltr'><strong>ut,</strong></span> <span class='ocrx_word' id='word_1_844' title='bbox 1376 5585 1420 5635; x_wconf 85' lang='lat' dir='ltr'><strong>si</strong></span> <span class='ocrx_word' id='word_1_845' title='bbox 1448 5585 1556 5642; x_wconf 62' lang='lat' dir='ltr'><strong>hinc</strong></span> <span class='ocrx_word' id='word_1_846' title='bbox 1594 5584 1787 5640; x_wconf 86' lang='lat' dir='ltr'><strong>mulier</strong></span> <span class='ocrx_word' id='word_1_847' title='bbox 1816 5582 1881 5638; x_wconf 80' lang='lat' dir='ltr'><strong>ad</strong></span> <span class='ocrx_word' id='word_1_848' title='bbox 1913 5582 2137 5639; x_wconf 67' lang='lat' dir='ltr'><strong>coitiqu</strong></span> <span class='ocrx_word' id='word_1_849' title='bbox 2171 5586 2425 5651; x_wconf 81' lang='lat' dir='ltr'><strong>libidinis,</strong></span> <span class='ocrx_word' id='word_1_850' title='bbox 2471 5600 2578 5653; x_wconf 89' lang='lat' dir='ltr'><strong>quo</strong></span> <span class='ocrx_word' id='word_1_851' title='bbox 2602 5582 2757 5653; x_wconf 76' lang='lat' dir='ltr'><strong>prius</strong></span> <span class='ocrx_word' id='word_1_852' title='bbox 2791 5594 2907 5636; x_wconf 80' lang='lat' dir='ltr'><strong>erat</strong></span> <span class='ocrx_word' id='word_1_853' title='bbox 2944 5582 3161 5644; x_wconf 71' lang='lat' dir='ltr'><strong>imitata,</strong></span> <span class='ocrx_word' id='word_1_854' title='bbox 3197 5582 3356 5633; x_wconf 78' lang='lat' dir='ltr'><strong>tuerit</strong></span> <span class='ocrx_word' id='word_1_855' title='bbox 3398 5593 3476 5630; x_wconf 84' lang='lat' dir='ltr'><strong>re-</strong></span> 
     </span>
    </p>
   </div>
   <div class='ocr_carea' id='block_1_114' title="bbox 246 5656 1165 5717">
    <p class='ocr_par' dir='ltr' id='par_1_114' title="bbox 246 5656 1165 5717">
     <span class='ocr_line' id='line_1_114' title="bbox 246 5656 1165 5717; baseline -0.001 -10"><span class='ocrx_word' id='word_1_856' title='bbox 246 5656 452 5717; x_wconf 70' lang='lat' dir='ltr'><strong>voluta,</strong></span> <span class='ocrx_word' id='word_1_857' title='bbox 490 5668 593 5705; x_wconf 81' lang='lat' dir='ltr'><strong>non</strong></span> <span class='ocrx_word' id='word_1_858' title='bbox 622 5662 844 5706; x_wconf 83' lang='lat' dir='ltr'><strong>sanetur</strong></span> <span class='ocrx_word' id='word_1_859' title='bbox 870 5657 1108 5709; x_wconf 87' lang='lat' dir='ltr'><strong>munitio.</strong></span> <span class='ocrx_word' id='word_1_860' title='bbox 1147 5675 1165 5706; x_wconf 74' lang='grc' dir='ltr'><strong>ι</strong></span> 
     </span>
    </p>
   </div>
   <div class='ocr_carea' id='block_1_115' title="bbox 326 5722 931 5790">
    <p class='ocr_par' dir='ltr' id='par_1_115' title="bbox 326 5722 931 5790">
     <span class='ocr_line' id='line_1_115' title="bbox 326 5722 931 5790; baseline 0.002 -17"><span class='ocrx_word' id='word_1_861' title='bbox 326 5724 431 5790; x_wconf 77' lang='grc' dir='ltr'><strong>ΠΟ)</strong></span> <span class='ocrx_word' id='word_1_862' title='bbox 465 5722 591 5775; x_wconf 80' lang='lat' dir='ltr'><strong>an.</strong></span> <span class='ocrx_word' id='word_1_863' title='bbox 628 5739 698 5783; x_wconf 70' lang='lat' dir='ltr'><strong>si,</strong></span> <span class='ocrx_word' id='word_1_864' title='bbox 726 5722 813 5787; x_wconf 70' lang='grc'><strong>21,</strong></span> <span class='ocrx_word' id='word_1_865' title='bbox 846 5725 931 5779; x_wconf 66' lang='lat'><strong>35.</strong></span> 
     </span>
    </p>
   </div>
   <div class='ocr_carea' id='block_1_116' title="bbox 322 5793 703 5858">
    <p class='ocr_par' dir='ltr' id='par_1_116' title="bbox 322 5793 703 5858">
     <span class='ocr_line' id='line_1_116' title="bbox 322 5793 703 5858; baseline 0 -14"><span class='ocrx_word' id='word_1_866' title='bbox 322 5796 432 5858; x_wconf 71' lang='lat' dir='ltr'><strong>ni)</strong></span> <span class='ocrx_word' id='word_1_867' title='bbox 462 5793 589 5846; x_wconf 83' lang='lat' dir='ltr'><strong>Ibid.</strong></span> <span class='ocrx_word' id='word_1_868' title='bbox 618 5794 703 5847; x_wconf 63' lang='lat' dir='ltr'><strong>eo.</strong></span> 
     </span>
    </p>
   </div>
  </div>
