4180 6458
174 447 279 506 957
1268 446 1441 505 Vl'l‘A
1484 443 1839 504 13mm.“
1877 442 1971 502 ET
2008 443 2356 505 JOASAPH.
3342 454 3445 516 ora

183 556 498 629 παραλυθῇ.
534 554 710 619 ἔξεστι
759 559 818 611 τὸ
863 560 1142 630 σαθρωθὲν
1175 563 1289 622 τοῖς
1323 562 1631 631 πταίσμασι
1690 563 1755 629 τῇ

1790 574 1831 622 Λ
1888 552 2024 616 quod
2055 566 2148 619 per
2177 564 2392 620 peccata
2433 566 2735 623 corruptum
2780 569 2881 622 est,
2930 552 3253 628 poenitentiae
3294 568 3448 633 adju-

181 652 439 721 μετανοίᾳ
461 646 616 713 αὖθις
646 649 992 703 ἀνακαινίσαι
1028 650 1125 716 (8).
1167 650 1378 718 Πλῆθος
1404 651 1514 720 γὰρ
1548 653 1757 719 οἰκτιρ-

184 743 308 812 μῶν
349 742 483 794 Θεοῦ
516 741 821 812 ἀριθμῆσαι
848 742 939 793 καὶ
974 740 1203 811 μέγεθος
1242 742 1427 803 ἐλέους
1462 743 1629 795 αὐτοῦ
1665 759 1759 812 με-

175 833 382 904 τρῆσαι
407 834 668 886 ἀδύνατον
694 850 708 862 ·
743 834 1118 902 ἁμαρτήματα
1138 833 1193 885 δὲ
1215 830 1415 903 οἷάπερ
1442 834 1509 886 ἂν
1541 828 1643 887 ὦσι
1665 835 1759 887 καὶ

177 928 496 995 πταίσματα
541 927 726 995 μέτρῳ
774 926 1090 978 ὑπόκεινται
1147 928 1241 978 καὶ
1282 926 1567 995 ἀριθμητά
1615 921 1756 978 εἶναι

180 1016 490 1086 συμϐαίνει.
532 1016 611 1067 Ί“ἀ
642 1012 740 1068 οὖν
795 1017 978 1085 μέτρῳ
1019 1016 1113 1067 καὶ
1161 1016 1377 1085 ἀριθμῴ
1422 1016 1755 1086 ὑποκείμενα

179 1112 496 1179 πταίσματα
536 1110 691 1177 ἡμῶν
882 1108 944 1159 τὸ
970 1108 1279 1178 ἀμέτρητον
1308 1108 1455 1170 ἕλεος
1492 1110 1586 1161 καὶ
1631 1109 1757 1172 τοὺς

180 1200 588 1270 ἀναριθμήτους
631 1199 949 1268 οἰκτιρμοὶις
977 1198 1070 1250 τοῦ
1097 1200 1233 1251 θεοῦ
1264 1200 1485 1268 νικῆσαι
1511 1201 1573 1252 ού
1599 1200 1757 1253 δύνα-

178 1309 294 1344 ται.

250 1383 342 1437 Διὸ
396 1384 457 1437 οὐ
519 1383 977 1455 προσετάχθημεν
1031 1384 1123 1436 ἐπὶ
1172 1387 1288 1446 τοῖς
1350 1384 1757 1453 ἡμαρτημένοις

179 1474 609 1539 ἀπογινώσκειν.
644 1475 758 1528 ἀλλ’
787 1473 1172 1542 ἐπιγινώσκειν
1200 1475 1299 1541 τὴν
1330 1475 1643 1543 ἀγαθότητα
1664 1477 1757 1527 τοῦ

178 1565 339 1625 Θεοῦ,
379 1564 470 1618 καὶ
519 1565 953 1632 καταγινώσκειν
995 1567 1104 1618 τῶν
1154 1566 1573 1636 ἁμαρτημάτων
1614 1562 1688 1619 ὧν
1720 1569 1754 1637 ἡ

178 1656 377 1725 ἄφεσις
404 1657 687 1725 πρόκειται
716 1656 1247 1731 διάοφιλανθρωπίαν
1279 1657 1371 1709 τοῦ
1405 1657 1668 1727 Χριστοῦ,
1702 1657 1759 1719 ὃς

180 1748 325 1818 ὑπὲρ
358 1749 466 1799 τῶν
510 1748 794 1817 ἁμαρτιῶν
837 1748 995 1819 ἡμῶν
1043 1750 1104 1800 τὸ
1157 1750 1289 1801 ἴδιον
1334 1748 1551 1817 ἐξέχεεν
1596 1746 1755 1819 αἷμα.

183 1839 515 1908 Πολλαχόθεν
547 1839 601 1891 δὲ
631 1840 734 1908 τῆς
766 1839 986 1908 γραφῆς
1007 1839 1372 1908 διδασκόμεθα
1406 1841 1505 1911 τὴν
1532 1840 1759 1911 δύναμιν

1888 653 2065 694 mento
2092 646 2292 697 sarcire
2312 661 2374 699 ac
2397 660 2653 702 renovare
2680 649 2821 702 licet.
2848 652 3032 721 Neque
3053 658 3193 707 enim
3228 672 3448 711 misera-

1890 732 2088 784 tionum
2121 734 2212 786 Dei
2254 736 2534 791 multitudo
2564 743 2827 795 numerari
2859 756 3063 811 potest,
3094 762 3194 801 nec
3239 751 3453 804 misert-

1886 825 2080 876 θοι-αισι
2111 826 2276 889 ipsius
2300 831 2605 897 magnitudo
2644 834 2693 887 in
2747 852 3048 893 mensuram
3094 844 3233 896 cadit
3279 843 3448 914 (Paul.

1887 928 2080 987 chIV).
2106 919 2323 974 Pcccata
2351 935 2552 990 contra,
2583 942 2909 996 quzecnnque
2953 936 3160 988 tandem
3204 938 3292 990 illa
3334 937 3450 991 fue-

1887 1010 2011 1072 rint,
2041 1026 2303 1066 mcnsura:
2326 1028 2386 1066 ac
2410 1032 2627 1070 numero
2653 1020 3025 1089 subjiciuntur.
3056 1026 3168 1091 Quo
3194 1032 3251 1081 lit
3276 1041 3330 1082 nt
3360 1048 3445 1094 ea,

1886 1114 2003 1153 eum
2049 1103 2102 1155 in
2145 1119 2446 1157 mensuram
2485 1122 2547 1161 ac
2587 1125 2860 1165 numerum
2891 1118 3103 1180 cadant,
3138 1122 3444 1175 ittttttcllSnttt

1890 1188 1985 1243 Dei
2014 1192 2424 1247 misericordiam
2455 1206 2610 1265 atque
2642 1202 3053 1258 innumerabiles
3081 1209 3447 1265 miserationes

1886 1296 2094 1337 Vtttcere
2119 1297 2400 1354 nequeant.

1956 1383 2030 1430 At:
2057 1380 2273 1445 proinde
2299 1383 2367 1434 ob
2397 1392 2727 1449 peccatorum
2771 1388 3158 1443 multitudinem
3209 1396 3440 1448 animum

1883 1466 2213 1532 despoodere
2282 1472 2497 1524 minime
2534 1474 2811 1540 jubetnur,
2860 1480 2951 1529 scd
3014 1482 3102 1531 ltei
3150 1481 3440 1537 benitatctn

1886 1573 2193 1623 agnoscere,
2224 1574 2284 1613 ac
2325 1574 2535 1627 percata
2584 1579 2759 1619 nostra
2804 1574 3187 1637 eundemnare,
3216 1592 3440 1643 quorum

1884 1653 2124 1705 remissio
2154 1668 2367 1720 propter
2392 1656 2586 1739 Christi
2630 1660 3001 1729 benignitatem
3033 1670 3297 1732 praposita
3326 1682 3439 1736 est,

1880 1750 1967 1811 qui
2002 1760 2096 1813 pro
2124 1746 2411 1800 sceleribus
2440 1752 2634 1803 nostris
2676 1756 2984 1820 sanguinem
3036 1770 3187 1809 suum
3237 1758 3440 1814 elTudit.

1883 1836 2049 1890 Porro
2071 1852 2189 1889 cum
2218 1852 2282 1890 ex
2315 1841 2491 1892 multis
2520 1842 2804 1909 Scriptura:
2829 1846 2955 1898 locis
2981 1850 3304 1913 paenitentia:
3332 1852 3439 1906 vim

174 1933 278 2001 τῆς
308 1932 593 2000 μετανοίας
614 1971 629 1993 .
672 1932 765 1983 καὶ
795 1931 1029 2000 μάλιστα
1070 1933 1133 1983 ἐκ
1168 1931 1278 1983 τῶν
1323 1934 1759 2002 προσταγμάτων

1795 1930 1838 1987 Β
1882 1928 2248 1992 addiscainus,
2281 1940 2388 1982 tum
2419 1932 2743 1998 pmissimum
2774 1950 2838 1988 ex
2884 1936 3281 1994 Dominimostri
3312 1943 3438 1998 Jesu

174 2023 273 2074 καὶ
320 2019 647 2091 παραϐολῶν
681 2020 773 2073 τοῦ
824 2022 1029 2090 Κυρίου
1059 2022 1218 2090 ἡμῶν
1274 2023 1447 2092 Ἰησοῦ
1499 2024 1758 2094 Χριστοῦ.

190 2114 324 2166 Ἀπὸ
350 2116 473 2165 τότε
507 2114 646 2183 γὰρ,
682 2116 847 2183 φησὶν
891 2113 992 2183 (9).
1025 2114 1231 2183 ἤρξατο
1273 2118 1300 2168 ὁ
1354 2117 1567 2184 Ἰησοῦς
1620 2116 1763 2169 διδά-

174 2221 332 2258 σκειν
382 2204 473 2257 καὶ
507 2204 682 2269 λέγειν
703 2222 715 2233 ·
766 2206 1091 2257 Μετανοεῖτε
1119 2223 1130 2234 ·
1171 2208 1367 2277 ἦγγικε
1401 2210 1509 2279 γὰρ
1538 2211 1568 2279 ἠ
1611 2207 1765 2278 βασι-

172 2294 299 2347 λεία
330 2294 438 2347 τῶν
464 2295 729 2366 οὐρανῶν.
774 2294 933 2347 Ἀλλὰ
964 2297 1058 2350 καὶ
1090 2299 1148 2349 ἐν
1173 2300 1458 2371 παραϐολῇ
1492 2302 1607 2352 υἱόν
1641 2318 1762 2354 τινα

178 2388 496 2454 εἰσηγεῖται
531 2387 669 2455 (10),
705 2386 937 2441 λαϐόντα
956 2389 1056 2457 τὴν
1085 2389 1179 2441 τοῦ
1217 2392 1427 2461 πατρὸς
1453 2392 1641 2445 οὐσίαν
1668 2396 1762 2447 καὶ

172 2482 260 2541 είς
289 2479 473 2546 χώραν
504 2480 938 2551 ἀποδημήσαντα
972 2482 1190 2551 μακρὰν
1213 2520 1228 2544 ,
1265 2485 1429 2536 κάκεῖ
1466 2486 1522 2535 ἐν
1549 2484 1759 2554 ἀσωτίᾳ

173 2567 357 2620 πάντα
397 2566 855 2622 καταναλώσαντα
902 2569 1016 2638 (ll)
1043 2610 1058 2634 ,
1093 2566 1212 2623 εἶτα
1238 2611 1253 2633 ,
1296 2571 1457 2641 λιμοῦ
1489 2573 1629 2625 κατά
1661 2575 1760 2643 τὴν

172 2656 365 2729 χώραν
386 2658 598 2728 ἐκείνην
621 2659 937 2729 γενομένου,
968 2661 1272 2714 ἀπελθόντα
1303 2664 1396 2714 καὶ
1430 2663 1760 2733 κολληθέντα

171 2751 263 2803 ἐνὶ
288 2750 399 2803 τῶν
422 2752 680 2822 πονηρῶν
703 2752 936 2804 πολιτῶν
965 2754 1061 2821 τῆς
1091 2753 1549 2825 πολυαμαρτήτου
1577 2757 1759 2827 χώρας

171 2840 434 2909 ἐκείνης’
492 2840 551 2904 ὃς
595 2842 690 2893 καὶ
734 2840 981 2911 ἔπεμψεν
1017 2841 1200 2906 αὑτὸν,
1251 2842 1439 2910 φησὶν,
1489 2845 1569 2905 εἰς
1624 2846 1751 2907 τοὺς

170 2934 382 3002 ἀγροὺς
421 2932 586 2986 αὐτοῦ
621 2932 836 3000 βόσκειν
870 2933 1087 3003 χοίρους
1110 2950 1122 2962 ·
1161 2934 1260 3004 τὴν
1287 2935 1629 3005 τραχυτάτην
1665 2938 1758 2989 καὶ

172 3024 442 3095 βδελυρὰν
483 3025 761 3093 ἁμαρτίαν
787 3024 931 3076 οὕτω
965 3025 1221 3088 καλέσας.
1254 3026 1430 3079 Πολλά
1459 3024 1551 3080 οὖν
1588 3034 1758 3098 μογή-

173 3131 314 3177 σας,
354 3116 447 3168 καὶ
479 3117 558 3179 είς
612 3115 849 3184 ἐσχάτην
900 3114 1181 3185 ἐληλακὼς
1232 3117 1631 3189 ταλαιπωρίαν,
1684 3121 1757 3182 ὡς

174 3208 319 3278 μηδέ
362 3208 461 3279 τῆς
498 3206 815 3279 βρομώδους
864 3210 972 3261 τῶν
1023 3208 1220 3280 χοίρων
1254 3213 1461 3282 τροφῆς
1492 3214 1589 3283 τὴν
1622 3214 1755 3265 ἰδίαν

178 3299 389 3370 ἰσχύειν
444 3301 733 3371 ἐμπλῆσαι
785 3301 1071 3370 γαστέρα,
1120 3305 1200 3365 εἰς
1248 3305 1601 3372 συναίσθησιν
1659 3278 1823 3373 όιξέδ

173 3409 310 3445 ποτε
335 3392 447 3462 (li!)
475 3392 645 3445 ἐλθὼν
674 3396 773 3463 τῆς
807 3392 1066 3462 τοιαύτης
1095 3394 1378 3465 αἰσχύνης,
1408 3396 1518 3466 96
1544 3398 1756 3467 θρηνῶν

171 3484 368 3538 ἑαυτὸν
397 3484 547 3551 ἔλεγε
568 3500 581 3514 ·
616 3484 780 3537 Πόσοι
826 3484 1030 3554 μίσθιοι
1059 3484 1152 3538 τοῦ
1184 3489 1389 3558 πατρός
1422 3505 1523 3558 μου
1560 3505 1755 3558 περισ-

173 3577 426 3630 σεύονται
455 3576 670 3647 ἀρτωνί
698 3577 809 3645 ἐγὼ
840 3577 897 3629 δὲ
923 3578 1068 3647 λιμῷ
1102 3579 1435 3649 ἀπόλλυμαι.
1491 3582 1757 3642 Ἀναστὰς

172 3670 518 3741 πορεύσομαι
560 3669 695 3740 πρὸς
723 3670 814 3722 τὸν
861 3672 1074 3741 πατέρα
1108 3690 1241 3741 μου,
1288 3675 1383 3725 καὶ
1423 3674 1533 3743 ἐρῶ
1566 3674 1716 3745 αὐτῷ
1739 3691 1751 3704 ·

174 3762 378 3833 πάτερ,
413 3762 661 3831 ἥμαρτον
708 3764 786 3825 είς
816 3763 907 3814 τὸν
936 3763 1165 3824 οὐρανὸν
1208 3765 1301 3817 καὶ
1348 3764 1582 3819 ἐνώπιόν
1622 3784 1715 3819 σου
1739 3808 1756 3830 ,

174 3854 277 3907 καὶ
293 3854 393 3905 οὐκ
422 3852 538 3921 είμλ,
556 3853 701 3916 ἄξιος
732 3852 996 3921 κληθῆναι
1019 3856 1134 3917 υἱός
1162 3872 1253 3907 σου
1280 3872 1293 3884 ·
1332 3855 1556 3927 ποίησόν
1582 3872 1648 3925 με
1682 3857 1756 3918 ὠς

172 3946 278 3999 ἕνα
307 3945 416 3997 τῶν
448 3944 675 4013 μισθίων
722 3962 835 3998 σου.
882 3948 992 3999 Καὶ
1041 3946 1283 4009 ἀναστὰς
1335 3943 1464 4016 ἦ).οε
1500 3947 1636 4017 πρὸς
1664 3946 1757 4001 τὸν

174 4037 393 4103 πατέρα
416 4033 604 4087 αὐτοῦ.
653 4035 713 4087 '0
751 4035 825 4097 δὲ,
857 4036 1140 4106 πόρρωθεν
1177 4038 1297 4088 ἰδὼν
1329 4038 1513 4103 αὑτὸν,
1546 4037 1754 4091 ἐσπλα-

175 4128 439 4197 γχνίσθη,
472 4128 565 4180 καὶ
598 4127 967 4199 προσδραμὼν
998 4128 1394 4197 ἐνηγκαλίσατο
1417 4129 1508 4182 καὶ
1540 4147 1756 4197 συμπα-

173 4216 289 4279 θῶς
323 4215 680 4285 κατεφίλησε·
715 4215 830 4277 καὶ,
858 4215 960 4285 τῆς
988 4217 1264 4286 προτέρας
1291 4217 1531 4282 ἀξιώσας
1561 4216 1747 4287 τιμῆς,

172 4305 374 4375 ἑορτὴν
408 4305 749 4375 χαρμόσυνον
784 4306 876 4356 ἐπὶ
927 4308 994 4375 τῇ
1041 4306 1210 4359 αὑτοῦ
1242 4308 1528 4379 ἀνευρέσει
1562 4311 1753 4380 ἐποιή-

174 4414 337 4458 σατο,
368 4395 536 4459 θύσας
578 4397 670 4450 τὸν
702 4397 903 4467 μόσχον
947 4397 1037 4450 τὸν
1079 4400 1344 4451 σιτευτόν.
1391 4401 1523 4453 Ἰδοὺ
1551 4401 1755 4470 ταύτην

171 4488 279 4557 τὴν
308 4487 620 4558 παραϐολὴν
641 4488 891 4556 περὶτῶν
920 4489 979 4554 ἐξ
1002 4490 1285 4558 ἁμαρτιῶν
1308 4491 1755 4561 ύποστρεφόντων

173 4579 275 4630 καὶ
311 4579 367 4632 ὲν
423 4580 682 4649 μετανοίᾳ
731 4585 1188 4649 προσπιπτόντων
1240 4585 1370 4652 ἡμῖν
1420 4583 1749 4653 ἐξηγήσατο.

186 4669 357 4722 Ἀλλὰ
380 4672 471 4722 καὶ
504 4670 735 4739 ποιμένα
761 4673 882 4725 τινά
914 4673 1116 4739 ἀγαθὸν
1139 4670 1294 4737 αὖθις
1323 4675 1473 4745 δηλοῖ
1495 4677 1604 4744 (l5)
1628 4676 1753 4728 ἐκα-

171 4761 273 4815 τὸν
301 4762 573 4831 ἐσχηκότα
616 4763 866 4832 πρόϐατα
920 4767 1049 4829 καὶ,
1089 4765 1184 4817 τοῦ
1215 4766 1333 4829 ἐνὸς
1369 4766 1708 4830 ἀπολωλότος
1732 4806 1749 4831 ,

172 4852 555 4907 καταλιπόντα
596 4852 664 4909 τὰ
716 4856 1235 4924 ἐνενηκονταεννέα,
1290 4858 1371 4919 είς
1425 4855 1751 4926 ἐπιζήτησιν

172 4942 275 4997 τοῦ
322 4944 604 5013 ἀλωμένου
651 4944 907 5008 ἐξελθεῖν,
944 4946 1048 5007 ἕως
1092 4944 1269 5017 εὑρὼν
1303 4948 1436 5000 αὐτὸ
1460 4989 1474 5012 ,
1513 4948 1749 5011 καὶτοῖς

174 5036 351 5104 ὤμοις
385 5037 671 5091 ἀναλαϐὼν
696 5077 710 5099 ,
743 5040 854 5095 τοῖς
892 5037 1153 5091 ἀπλανέσι
1185 5038 1572 5108 συγκατέμιξε,
1618 5056 1749 5108 συγ-

178 5127 414 5191 καλέσας
444 5129 570 5191 τοὺς
608 5129 794 5197 φίλους
825 5129 920 5182 καὶ
948 5131 1075 5192 τοὺς
1108 5130 1359 5197 γείτονας
1393 5132 1475 5193 είς
1505 5131 1741 5201 εὐωχίαν

1880 2019 2073 2072 Christi
2102 2021 2391 2074 actionibus
2433 2039 2492 2077 ac
2532 2027 2817 2092 parabolis.
2860 2030 2931 2080 Ex
2983 2038 3104 2085 tunc
3149 2035 3307 2099 enim,
3339 2038 3431 2102 ait,

1882 2110 2042 2176 carpit
2068 2110 2222 2165 Jesus
2258 2113 2468 2177 docere,
2515 2123 2569 2168 et
2609 2117 2785 2171 dicere
2813 2136 2825 2168 :
2858 2119 3225 2175 Paenitentiam
3270 2128 3429 2193 agite,

1881 2204 2317 2272 appropinquavit
2362 2208 2503 2257 enim
2547 2222 2761 2274 regnum
2804 2213 3055 2263 calorum
3088 2213 3299 2283 (Matth.
3326 2219 3431 2283 ιιι).

1877 2295 2012 2357 Quin
2050 2296 2207 2347 etiam
2255 2295 2306 2347 in
2356 2296 2602 2359 parabola
2651 2300 2812 2349 lilium
2863 2304 3138 2364 quemdam
3191 2305 3428 2367 inducit,

1878 2387 2027 2454 (Luc.
2058 2386 2169 2455 xv),
2196 2388 2284 2455 qui
2322 2402 2442 2440 cum
2485 2390 2714 2456 acceptis
2745 2394 2973 2457 paternis
3003 2396 3187 2457 apibus
3226 2396 3277 2447 in
3319 2396 3433 2448 lon-

1874 2482 2121 2546 ginquam
2145 2480 2411 2544 regionem
2444 2479 2705 2545 profectus
2736 2479 2935 2540 fuisset,
2964 2498 3160 2550 easque
3188 2491 3239 2536 in
3284 2490 3426 2539 omni

1878 2571 2037 2621 luxus
2082 2580 2239 2635 atque
2291 2569 2705 2635 intemperantia:
2749 2586 2942 2639 genere
2993 2577 3425 2642 consumpsisset,

1875 2671 2078 2727 postea,
2121 2661 2333 2726 regione
2362 2662 2444 2712 illa
2474 2665 2606 2713 fame
2651 2662 2921 2716 laborante
2946 2665 3092 2728 abiit,
3123 2676 3177 2718 et
3206 2668 3431 2723 adhaesit

1882 2751 2173 2805 unicivinm
2188 2753 2416 2821 regionis
2444 2754 2877 2817 illius.Quieti:nn
2899 2756 3040 2805 illum
3068 2759 3115 2807 in
3138 2773 3342 2823 :tgt‘ttltt,
3371 2769 3428 2811 ιιι

1877 2860 2086 2913 porcos,
2117 2845 2216 2897 hoc
2244 2855 2323 2898 est
2349 2849 2695 2912 asperrimum
2726 2856 2778 2896 et
2814 2849 3189 2899 exslecramlnm
3243 2866 3428 2915 pecca-

1874 2946 2008 2998 tum,
2040 2945 2297 3003 pasceret,
2326 2935 2490 2986 misit.
2534 2934 2664 2986 Cum
2708 2935 2880 3002 itaque
2908 2938 3083 2987 nmltis
3110 2936 3424 2990 calanntati~

1874 3023 1972 3077 bus
2000 3024 2218 3078 affectus
2244 3024 2447 3086 fuisset,
2476 3033 2630 3091 atque
2659 3024 2708 3075 in
2733 3034 2925 3075 tantam
2960 3026 3222 3079 miseriam
3253 3030 3426 3079 venis-

1870 3125 1982 3177 set,
2015 3124 2071 3169 ut
2117 3130 2182 3169 ne
2228 3130 2502 3181 pomorum
2547 3116 2756 3182 quidem
2797 3117 2997 3182 siliquis
3045 3116 3140 3179 ipsi
3187 3129 3421 3171 ventrem

1870 3220 2022 3257 suum
2052 3206 2272 3272 implere
2304 3207 2499 3264 liceret,
2534 3205 2741 3256 tandem
2789 3208 3067 3271 aliqnanlt)
3095 3208 3225 3255 hanc
3254 3223 3418 3268 usque

1869 3301 2004 3350 adeo
2029 3312 2239 3365 gravem
2269 3297 2607 3364 ignominiam
2638 3309 2956 3363 agnoscens,
2990 3296 3251 3359 vitamque
3278 3312 3423 3351 suam

1869 3388 2073 3452 lugens,
2104 3386 2310 3439 dicebat
2343 3403 2357 3439 :
2392 3386 2578 3451 Quanti
2626 3386 2931 3437 mercenarii
2967 3386 3017 3436 in
3062 3386 3218 3436 domo
3267 3389 3426 3450 patris

1869 3478 1971 3529 mei
1998 3477 2266 3530 abundant
2298 3476 2538 3542 panibus.
2570 3489 2668 3542 ego
2697 3486 2869 3528 antem
2902 3474 3036 3528 farno
3077 3488 3251 3539 pereo.
3298 3476 3425 3529 Sur-

1867 3582 2008 3635 gain,
2037 3576 2091 3621 et
2131 3567 2216 3619 ibo
2244 3568 2307 3619 ad
2337 3576 2538 3634 patrem
2583 3580 2756 3619 meum
2777 3605 2793 3627 ,
2824 3575 2878 3618 et
2902 3566 3071 3619 dicam
3112 3565 3162 3619 ei
3194 3581 3208 3615 ι
3241 3564 3426 3631 l’ater,

1870 3660 2079 3729 peccavi
2109 3662 2159 3711 in
2189 3659 2379 3712 cmlmn
2410 3667 2464 3711 et
2490 3673 2667 3709 coram
2700 3668 2770 3720 te,
2796 3671 2902 3724 tam
2947 3671 3049 3709 non
3078 3669 3193 3709 sum
3240 3657 3427 3723 dignus

1871 3747 2045 3801 vocari
2075 3748 2210 3799 [ilius
2241 3756 2358 3799 tuus
2378 3787 2391 3809 ,
2424 3747 2506 3799 l'ac
2537 3761 2619 3799 me
2644 3748 2779 3799 sicut
2804 3760 2965 3798 unum
2995 3744 3062 3798 de
3090 3743 3428 3797 mercenariis

1869 3843 1992 3892 tuis.
2026 3841 2090 3891 Et
2118 3852 2339 3905 surgens
2369 3837 2509 3890 venit
2536 3836 2598 3888 ad
2640 3847 2839 3903 patrem
2885 3850 3055 3888 suum.
3088 3833 3218 3887 Cum
3248 3845 3423 3885 autem

1866 3929 2039 3983 adhuc
2069 3928 2224 3991 longe
2250 3940 2409 3991 esset,
2441 3928 2570 3979 vidit
2595 3927 2738 3979 illum
2772 3938 2917 3994 pater
2943 3941 3089 3988 suus,
3120 3934 3179 3978 et
3222 3924 3425 3976 miseri-

1866 4021 2042 4072 cordia
2071 4027 2245 4071 motus
2273 4027 2373 4080 est,
2405 4031 2467 4070 ac
2509 4032 2761 4070 accurens
2788 4017 2977 4070 cecidit
3023 4031 3187 4083 super
3230 4017 3422 4069 collum

1867 4111 2004 4176 ejus,
2032 4117 2085 4162 et
2112 4108 2375 4163 osculatus
2403 4118 2482 4161 est
2507 4122 2660 4171 eum,
2689 4116 2846 4171 atque
2877 4111 2924 4158 in
2958 4107 3157 4173 pristini
3210 4105 3424 4160 honoris

1869 4199 2039 4251 locum
2070 4199 2318 4262 restituit,
2346 4208 2397 4251 et
2425 4197 2493 4251 ob
2522 4199 2687 4264 ipsius
2714 4197 3066 4251 inventionem
3098 4196 3420 4249 latissimum

1866 4287 2057 4343 festum
2085 4289 2408 4352 celebravit,
2440 4289 2617 4341 occiso
2654 4286 2815 4338 vitulo
2862 4288 3117 4352 saginato.
3161 4284 3240 4337 En
3289 4286 3423 4337 hanc

1870 4378 2168 4445 parabolam
2198 4377 2263 4429 de
2290 4376 2354 4429 iis
2391 4376 2479 4444 qui
2518 4390 2548 4429 a
2595 4377 2820 4442 peccatis
2868 4377 3125 4437 resiliunt,
3168 4383 3325 4442 atque
3354 4377 3421 4428 ad

1870 4468 2226 4535 paenitentiam
2248 4475 2552 4532 accurrunt,
2577 4470 2727 4521 nobis
2744 4470 3194 4521 commemoravit.
3222 4467 3422 4534 Quine-

1868 4560 1991 4611 tiam
2020 4561 2214 4610 bonnm
2243 4558 2521 4626 quemdam
2550 4566 2811 4625 pastorem
2840 4570 3018 4609 rursns
3046 4556 3241 4609 inducit
3266 4556 3415 4622 (Luc.

1789 4633 1830 4687 Ῑ)
1869 4647 1987 4716 xv),
2018 4650 2106 4716 qui
2128 4662 2248 4699 cum
2277 4657 2485 4700 centum
2512 4661 2637 4700 oves
2666 4647 2904 4713 haberet,
2934 4657 3089 4713 atque
3118 4660 3268 4696 unam
3290 4644 3420 4696 ami-

1866 4740 2042 4806 sisset,
2074 4742 2271 4792 relictts
2319 4739 2598 4807 nonaginta
2642 4752 2852 4802 novem,
2900 4737 2966 4789 ad
3009 4735 3417 4805 conquirendam

1864 4846 1979 4885 eam
2012 4845 2130 4898 qua:
2157 4832 2432 4885 aberrabat
2460 4831 2722 4899 profectus
2765 4838 2870 4895 est,
2898 4832 3065 4883 donec
3110 4842 3226 4881 eam
3273 4828 3419 4879 inve-

1868 4923 2052 4985 nisset,
2085 4931 2241 4989 atque
2269 4922 2498 4974 humeris
2522 4922 2803 4985 sublatam,
2835 4934 2954 4972 cum
2978 4920 3041 4970 iis
3062 4932 3179 4983 qua:
3204 4916 3418 4969 minime

1865 5012 2244 5067 aberraverunt
2289 5013 2665 5081 conjunxisset.
2707 5014 2806 5077 Qui
2850 5014 3006 5065 etiam
3059 5010 3159 5063 hoc
3210 5012 3417 5061 nomine

1865 5104 2061 5156 amicos
2090 5118 2153 5156 ac
2182 5104 2377 5155 Vicinos
2405 5104 2467 5154 ad
2498 5103 2795 5154 com'ivium
2824 5101 2891 5153 ob
2916 5114 3031 5152 eam
3052 5100 3308 5151 inventam
3331 5114 3417 5149 ce-

254 5304 333 5368 (8)
366 5303 564 5358 Paulus
597 5304 763 5380 Epist.
800 5307 866 5380 ad
904 5305 1178 5380 Hebravt,
1218 5307 1269 5365 4,
1297 5307 1349 5369 9,
1387 5306 1553 5380 multo
1587 5309 1759 5361 severi

1789 5324 1827 5361 tr
1847 5321 1965 5363 est:
2016 5312 2301 5364 Ἀδύνατον
2336 5312 2442 5380 γὰρ
2481 5329 2608 5373 τους
2651 5312 2794 5376 ἅπαξ
2839 5312 3293 5379 φωτισθένταςν..
3340 5314 3428 5365 καὶ

177 5380 621 5443 παραπεσόντας,
653 5376 814 5429 πάλιν
837 5375 1205 5439 ἀνακαινίζειν
1228 5380 1306 5439 εἰς
1339 5377 1630 5446 μετάνοιαν

250 5446 328 5505 (9)
353 5446 546 5499 Matth.
578 5461 652 5507 tv,
683 5447 767 5499 17.

250 5518 362 5583 (l0)
392 5519 545 5584 Apud
570 5515 699 5570 an.
731 5531 820 5583 xv,
852 5517 937 5581 Η,
974 5532 1097 5585 sqq.

250 5588 296 5651 (Ι
317 5590 361 5653 l)
400 5588 463 5648 Α,
497 5587 676 5638 πᾶσαν
696 5604 820 5641 κατ.
849 5587 1021 5641 Lucas
1055 5588 1493 5655 ιδαπανήσαντος
1519 5588 1574 5642 δὲ
1607 5588 1769 5641 αὑτοῦ
1801 5588 1996 5641 πάντα.

251 5658 362 5738 μὲν
395 5656 436 5709 C
460 5656 576 5740 sine
754 5655 961 5743 smpins
984 5657 1275 5743 jnt'tg‘itotpé
1306 5657 1577 5743 ποτεεηιίιι.
1604 5660 1760 5737 Cbryt

1789 5669 2041 5743 Dsttittitts.
2086 5660 2240 5742 γαπ-Ιιὶ
2264 5675 2442 5743 causa
2466 5662 2586 5743 “Erl.
2606 5677 2672 5741 Ρ.
2701 5662 2806 5740 ἳςιὸ
2840 5680 2849 5712 :
2880 5660 3286 5743 Διαϐλέψωμεν.
3324 5660 3428 5741 ιιῖν

174 5726 273 5809 όίξέ
305 5742 454 5791 ποτε,
482 5726 707 5809 χρὴ,
740 5729 878 5809 πρὸς
898 5728 966 5779 τὰ

1007 5727 1378 5802 μέλλοντα.....
1440 5728 1565 5796 ’0ψέ
1588 5727 1727 5802 γοῦν
1761 5745 1889 5802 ποτε
1922 5730 2019 5798 τὴν
2043 5734 2197 5783 νόσον
2251 5731 2519 5784 ἀπόθεσθε
2570 5732 2663 5801 τῆς
2688 5734 2796 5785 τών
2840 5727 3422 5802 χρυσίωνεπθυμίας.

178 5798 387 5849 lim-sits
416 5810 467 5861 ιι.
501 5795 642 5867 ⁷;
674 5795 1123 5867 ἀναστῶμενόψὲ
1148 5798 1276 5866 γοῦν
1314 5814 1459 5851 ποτε.
1497 5795 1645 5855 Adde
1677 5815 1728 5867 ιν.
1763 5798 1883 5853 Hb.

250 5866 552 5933 (t3)Apnd.
588 5866 719 5921 an.
752 5884 839 5931 λι,
864 5868 893 5922 εί
926 5909 960 5922 ..
