4180 6458
127 456 224 511 Sili-Ti

1200 456 1370 514 “TA
1415 456 1763 515 BARLAA)!
1811 457 1902 513 ΕΤ
1943 454 2286 512 ιλιιςλιηι.

3264 460 3369 523 9ἷο

125 571 247 623 διῶν
295 569 592 638 φιλοτίμως
651 567 1098 631 ὲναποτιθέντες,
1159 571 1252 621 καὶ
1314 571 1686 642 γεωργοῦντες

1797 577 2285 642 suavissimumque
2309 573 2543 628 fructum
2583 589 2645 628 ac
2689 573 2891 629 cmlesti
2927 586 3108 626 mensa
3142 572 3364 641 dignum

128 665 323 732 καρπον
367 661 701 731 γλυκύτατον
748 662 842 715 καὶ
884 663 983 730 τῆς
1026 663 1353 732 ἐπουρανίου
1403 666 1682 736 τραπέζης

127 756 354 820 ἐπάξιον.

199 848 372 900 Ἀλλοι
415 847 472 899 δὲ
503 845 842 900 κοινοϐιακδν
891 849 1242 919 μετέρχονται
1287 847 1400 917 βίον
1425 865 1439 878 ο
1469 849 1681 911 οἵτινες,

131 938 296 1006 πλήθη
324 937 726 1008 πολυάνθρωπα
748 940 841 990 ἐπὶ
857 939 917 990 τὸ
933 941 1062 992 αὐτὸ
1076 939 1476 1010 ἀθροισθέντες,
1500 941 1590 1009 ὑφ’
1608 942 1686 992 ἐνὶ

128 1028 381 1098 ταξιάρχῃ
427 1030 522 1081 καὶ
558 1029 894 1100 προεστῶτι,
920 1031 1243 1106 τῴεῖπάντων
1271 1032 1686 1102 διαφορωτάτῳ,

129 1121 342 1183 ἑαυτοὺς
374 1121 590 1186 ἔταξαν,
641 1123 750 1174 πᾶν
800 1122 1014 1194 θέλημα
1059 1124 1270 1176 ἑαυτῶν
1323 1125 1568 1195 μαχαίρᾳ
1591 1128 1691 1195 τῆς

131 1213 365 1280 ὑπακοῆς
408 1215 855 1283 ἀποσφάξαντεςο
894 1218 990 1269 καὶ
1033 1216 1251 1280 δούλους
1289 1216 1532 1287 ὠνητοὺς
1568 1220 1693 1270 ἐαυ-

129 1306 248 1366 τους
295 1306 554 1369 ἑκουσίως
599 1307 971 1378 λογισάμενοι,
1019 1311 1120 1362 οὐκ
1159 1309 1239 1362 ἔτι
1266 1311 1475 1374 ἑαυτοῖς
1503 1311 1690 1374 ζῶσιν,

129 1397 243 1448 ἀλλ’
277 1393 318 1464 ᾧ
340 1401 448 1469 (59)
477 1401 564 1453 διὰ
593 1403 682 1454 τὸν
711 1403 804 1455 τοῦ
834 1404 1070 1473 Χριστοῦ
1109 1403 1273 1456 πόθον
1294 1405 1521 1468 ἑαυτοὺς
1555 1405 1693 1457 καθ-

131 1490 396 1555 υπέταξαν
417 1509 429 1520 ·
464 1493 790 1564 οἰκειότερον
842 1495 900 1546 δὲ
945 1495 1145 1565 μᾶλλον
1176 1498 1369 1562 εἰπεῖν,
1403 1498 1567 1561 ζῶσιν
1598 1499 1698 1549 οὐκ

131 1585 210 1636 ἔτι
237 1586 465 1649 ἑαυτοῖς,
502 1586 566 1656 ζῇ
593 1588 648 1639 δὲ
682 1589 741 1638 ἐν
762 1588 944 1648 αὐτοῖς
969 1591 998 1640 ὁ
1037 1589 1289 1658 Χριστὸς,
1318 1583 1361 1655 ᾧ
1398 1590 1696 1659 ἠκολούθη-

133 1693 233 1729 σαν
263 1680 434 1730 πάντα
459 1679 935 1749 ἁπαρνησάμενοι.
972 1679 1144 1732 Τοῦτο
1169 1680 1277 1750 γάρ
1302 1683 1450 1733 ἐστιν
1483 1681 1697 1750 ἀναχώ-

134 1787 310 1838 ρησις,
339 1773 541 1841 κόσμου
581 1772 828 1825 ἑκούσιον
869 1775 1045 1842 μῖσος,
1080 1774 1174 1827 καὶ
1215 1775 1444 1844 ἄρνησις
1487 1773 1700 1842 φύσεως

132 1865 282 1934 πόθῳ
335 1863 446 1915 τῶν
507 1863 648 1934 ὑπὲρ
701 1863 884 1930 φύσιν.
921 1859 1082 1917 Οὗτοι
1133 1864 1314 1917 τοίνυν
1357 1865 1433 1928 ὡς
1484 1866 1702 1933 ἄγγελοι

1794 671 2122 723 οιροὶοηιοε.

1861 856 1964 908 Alii
2000 863 2174 908 autem
2207 853 2588 906 emnohiticam
2622 854 2792 906 vitam
2827 861 3232 907 consectantur.
3265 852 3367 919 Qui

1794 947 2012 1016 quidem
2059 947 2300 999 maximo
2355 960 2582 998 numero
2629 945 2681 997 iu
2724 960 2889 996 ttnum
2940 945 3153 1008 coacti,
3209 946 3371 999 unius

1797 1040 2032 1108 praefecti
2070 1049 2228 1104 atque
2262 1038 2522 1091 antistitis
2563 1039 2690 1105 (qui
2722 1038 2977 1092 omnibus
3007 1037 3204 1090 virtute
3232 1053 3373 1104 pra:-

1795 1135 1936 1202 stat)
1991 1129 2219 1198 imperio
2269 1144 2327 1182 se
2374 1131 2520 1198 ipsos
2573 1129 2813 1184 subdunt

1798 1240 1949 1276 suam
1969 1221 2292 1276 obedienti:e
2316 1235 2573 1275 mucrone
2595 1236 2819 1291 prorsus
2845 1231 3180 1284 truncantes,
3206 1235 3375 1288 seque

1798 1315 1940 1366 velut
1965 1314 2211 1378 emptitia
2261 1312 2529 1380 mancipia
2567 1311 2712 1365 ultro
2743 1319 3093 1380 reputantes.
3135 1327 3238 1365 non
3261 1311 3373 1377 jam

1797 1408 1898 1460 sibi
1926 1406 2062 1474 ipsis
2093 1407 2301 1468 vivunt,
2333 1406 2427 1459 sed
2454 1404 2504 1458 ei
2538 1406 2625 1458 cui
2656 1404 2726 1458 ob
2759 1403 2963 1458 Christi
2991 1416 3232 1458 amorem
3255 1415 3375 1456 sese

1795 1499 2173 1556 submiserunt
2195 1542 2208 1562 ,
2240 1498 2321 1551 vel
2348 1509 2405 1551 ut
2443 1497 2623 1565 aptius
2655 1497 2876 1563 loquar,
2908 1497 3097 1548 vivunt
3121 1497 3231 1564 jam
3267 1511 3374 1548 non

1796 1596 1896 1649 sibi
1921 1595 2075 1661 ipsis,
2101 1594 2233 1645 vivit
2254 1603 2435 1645 autem
2459 1591 2512 1645 in
2555 1589 2641 1644 his
2664 1590 2910 1643 Christus
2939 1587 3080 1658 (Gal.
3104 1589 3185 1658 tt),
3213 1603 3374 1658 quem

2866 1145 2880 1181 :
2929 1145 2994 1184 ac
3041 1128 3372 1184 voluntatem

1800 1690 1964 1741 rebus
2009 1684 2265 1738 omnibus
2310 1681 2570 1751 ahjuratis
2605 1681 2774 1734 secuti
2815 1691 2960 1732 sunt.
3005 1678 3140 1733 Nam
3182 1679 3234 1732 in
3275 1680 3378 1732 hoc

1799 1779 2017 1831 demum
2052 1790 2300 1828 secessus
2333 1787 2362 1824 a
2399 1772 2597 1826 mundo
2627 1771 2902 1834 consistit,
2934 1780 2991 1824 ut
3029 1781 3252 1840 propter
3283 1785 3377 1823 ea-

1804 1884 1919 1922 rum
1947 1883 2126 1921 rerum
2149 1881 2268 1934 qua:
2300 1874 2490 1918 natura
2510 1863 2858 1917 sublimiores
2879 1871 3004 1917 sunt
3025 1863 3375 1931 cupiditatem

132 1958 226 2009 ἐπὶ
252 1957 348 2026 τῆς
368 1956 472 2026 γῆς
513 1956 905 2021 πολιτεύονται,
938 1956 1185 2026 ψαλμοὺς
1218 1958 1314 2010 καὶ
1343 1956 1543 2026 ὕμνους
1571 1961 1701 2027 ὀμο-

1802 1960 2162 2013 voluntarium
2191 1959 2276 2013 sui
2306 1958 2476 2026 ipsius
2498 1956 2680 2009 odium
2705 1957 2974 2027 quispiam
2999 1956 3290 2024 concipiat,
3313 1971 3375 2008 ac

133 2048 372 2115 θυμαδὸν
425 2049 502 2119 τῷ
541 2049 733 2119 Κυρίῳ
773 2049 1025 2120 ᾄδοντες,
1065 2051 1162 2102 καὶ
1209 2050 1542 2120 ὁμολογητα“ι
1595 2057 1709 2114 τοῖς

131 2139 314 2203 ἄθλοις
356 2141 454 2210 τῆς
489 2142 733 2210 ὑπακοῆς
769 2141 1232 2212 χρηματίζοντες·
1266 2144 1354 2212 ἐφ’
1394 2137 1476 2206 οἷς
1529 2145 1620 2196 καὶ
1653 2145 1713 2195 τὺ

130 2232 448 2285 δεσποτικὸν
482 2233 782 2302 πληροῦται
811 2235 1010 2302 λόγιον.
1034 2236 1173 2304 Φησὶ
1203 2235 1343 2305 γάρ’
1386 2236 1560 2288 Ὅπου
1598 2238 1710 2300 MO)

132 2326 244 2375 εἰσὶ
265 2324 358 2377 δύο
385 2326 417 2394 ἢ
453 2329 602 2394 τρεῖς
652 2328 982 2396 συνηγμένοι
1016 2329 1096 2390 είς
1134 2328 1197 2379 τὸ
1229 2329 1358 2397 ὲμον
1384 2329 1574 2396 ὄνομα,
1598 2331 1713 2380 ἐκεῖ

133 2418 254 2485 εἰμὶ
301 2420 356 2469 ἐν
395 2420 544 2488 μέσῳ
574 2420 774 2472 αὐτῶν.
803 2420 918 2471 Οὐκ
952 2420 1032 2483 είς
1076 2419 1235 2472 τοῦτο
1280 2423 1340 2473 τι
1373 2422 1571 2490 μέτρον
1613 2423 1722 2489 τὴν

133 2511 232 2561 ἐπὶ
258 2512 334 2580 τῷ
361 2513 585 2581 ὀνόματι
609 2511 774 2566 αὑτοῦ
805 2513 1126 2582 συναγωγὴν
1169 2514 1540 2583 περικλείσας,
1576 2515 1710 2567 ἀλλά

133 2603 226 2654 διὰ
253 2603 361 2655 τῶν
381 2603 474 2656 δύο
494 2605 526 2674 ἦ
555 2605 721 2672 τριῶν
745 2604 1048 2674 ἁδιόριστον
1077 2606 1166 2657 τὸν
1189 2605 1420 2674 ἀριθμὸν
1441 2606 1707 2674 δηλώσας.

138 2692 266 2745 lifts
290 2693 398 2764 γάρ
427 2693 618 2762 ὀλίγοι,
648 2694 757 2747 εἴτε
785 2693 970 2746 πολλοὶ
1001 2693 1089 2747 διά
1113 2694 1176 2746 τὸ
1203 2696 1358 2760 ἆγιον
1388 2696 1550 2746 αὑτοῦ
1584 2713 1709 2746 συν-

135 2784 382 2854 αχθῶσιν
427 2786 632 2855 ὃνομα,
665 2787 813 2856 αὐτῷ
855 2787 1106 2855 διαπύρῳ
1153 2787 1506 2858 λατρεύοντες
1540 2787 1712 2855 πόθῳ,

136 2877 260 2925 εκεῖ
288 2879 542 2946 παρεῖναι
572 2875 760 2929 τοῦτον
786 2875 1112 2944 πιστεύομεν
1145 2877 1204 2927 ἐν
1236 2878 1384 2946 μέσῳ
1418 2879 1516 2928 τῶν
1546 2874 1712 2927 αὑτοῦ

135 2965 365 3019 δούλων.

1802 2063 2054 2108 naturam
2086 2053 2322 2119 :ibjuret.
2355 2051 2417 2105 lli
2454 2050 2617 2119 igitur
2644 2049 2956 2118 angelorum
2989 2049 3160 2103 instar
3186 2049 3237 2101 in
3264 2049 3374 2099 vita

1805 2157 2114 2210 versantur,
2138 2146 2379 2214 psalmos
2410 2145 2666 2197 videlicet
2691 2150 2745 2196 et
2769 2143 2999 2213 hymnos
3019 2139 3376 2196 concordibus

1801 2245 1998 2298 animis
2041 2242 2268 2295 Domino
2314 2248 2607 2303 canentes,
2657 2246 2716 2290 et
2761 2235 3133 2291 conlessorum
3180 2247 3374 2287 nomen

1803 2346 2021 2405 propter
2044 2332 2366 2387 obedientia:
2395 2330 2693 2385 certamina
2730 2329 3066 2384 obtinentes.
3092 2327 3146 2381 In
3176 2327 3375 2396 quibus

1801 2432 1962 2482 etiam
2001 2425 2336 2478 Dominicum
2369 2423 2496 2476 illud
2527 2420 2804 2474 oraculqu
2832 2421 3114 2490 expletur:
3139 2417 3378 2471 Ubicun-

1803 2538 1907 2590 que
1937 2519 2139 2574 fuerint
2168 2520 2274 2571 duo
2301 2518 2379 2569 vel
2413 2526 2524 2569 tres
2553 2514 2864 2584 congregati
2898 2513 2950 2566 iu
2982 2511 3202 2564 uouiinc
3234 2523 3374 2572 luco,
3428 2587 3430 2590 ν

1803 2614 1914 2668 illic
1936 2629 2052 2666 sum
2078 2613 2128 2664 in
2153 2610 2328 2664 medio
2347 2609 2560 2663 illorum
2582 2607 2798 2677 (Matth.
2823 2607 3002 2676 xvtu).
3024 2603 3229 2669 Quibus
3249 2617 3375 2653 ver-

1801 2707 1884 2760 bis
1915 2721 2017 2758 non
2054 2706 2152 2756 hoc
2185 2704 2449 2756 duntaxat
2488 2712 2714 2753 numero
2743 2712 2839 2752 eos
2869 2696 2958 2765 qui
2988 2697 3042 2749 in
3074 2693 3244 2763 ipsius
3274 2706 3374 2746 no-

1809 2800 1955 2853 mine
1982 2805 2384 2866 congregantur
2408 2793 2854 2861 circumscripsit,
2894 2803 3081 2844 verum
3117 2801 3214 2854 per
3241 2785 3376 2841 duos

1801 2901 1895 2942 aut
1925 2901 2033 2942 tres
2063 2887 2400 2939 indeﬁnitum
2428 2897 2714 2936 numerum
2737 2879 3079 2948 signiﬁcavit.
3107 2873 3239 2929 Nam
3262 2874 3377 2928 sive

1804 2979 1962 3048 pauci
2003 2979 2116 3031 sive
2148 2977 2300 3028 multi
2330 2977 2397 3027 ob
2426 2984 2674 3027 sanctum
2708 2973 2873 3040 ipsius
2907 2984 3100 3024 nomen
3129 2967 3182 3021 in
3207 2979 3372 3019 unum

124 3070 476 3129 (τυηνοιηίιιιιι,
503 3068 658 3135 eique
685 3065 896 3120 ardenti
933 3081 1116 3119 amore
1153 3064 1354 3117 cultum
1399 3063 1706 3133 adhibeant,
1739 3068 1849 3122 illic
1889 3085 2014 3122 eum
2050 3069 2102 3120 in
2149 3068 2326 3120 medio
2354 3079 2632 3119 servorum
2664 3077 2880 3116 suorum
2923 3061 3112 3113 adesse
3151 3057 3375 3110 minime

122 3163 459 3216 dubitaums.

198 3230 425 3293 Τούτοις
471 3235 584 3294 τοῖς
631 3234 819 3296 τύποις
853 3238 945 3288 καὶ
976 3239 1097 3300 ταῖς
1139 3239 1420 3302 τοιαύταις
1459 3243 1704 3310 ἀγωγαῖς
1735 3261 1776 3314 C

120 3323 290 3391 107
329 3326 376 3375 οἱ
423 3326 598 3393 γήϊνοι
646 3329 738 3380 καὶ
781 3329 956 3396 χοῖκοὶ
1001 3330 1092 3382 τὸν
1129 3329 1241 3399 βίον
1275 3333 1554 3402 ἐζήλωσαν
1601 3337 1709 3390 τῶν

114 3414 416 3481 οὐρανίων,
454 3417 512 3467 ἐν
553 3418 830 3483 νηστείαις
873 3421 966 3471 καὶ
993 3421 1177 3489 εὐχαῖς
1229 3424 1322 3474 καὶ
1351 3425 1708 3492 ἀγρυπνίαις,

114 3506 182 3554 ἐν
241 3503 473 3571 δάκρυσι
517 3505 741 3576 θερμοῖς
791 3509 884 3559 καὶ
937 3509 1328 3580 άμετεωρίστῳ
1380 3512 1599 3577 πένθει,
1651 3517 1709 3566 ἐν

113 3597 367 3664 ξενιτεία
402 3599 494 3649 καὶ
530 3601 719 3669 μνήμῃ
752 3600 986 3652 Θανάτου
1011 3641 1026 3663 ,
1055 3604 1110 3652 ὲν
1147 3603 1417 3672 πραότητι
1460 3606 1552 3658 καὶ
1583 3607 1709 3674 ἀορ-

112 3686 320 3756 γηςὲᾳ,
349 3690 405 3739 ἐν
438 3693 614 3757 σιωπῇ
648 3691 890 3758 χειλέων,
932 3694 992 3742 έν
1017 3693 1372 3764 ἀκτημοσύνῃ
1409 3696 1504 3747 καὶ
1559 3714 1706 3750 πτω-

110 3781 288 3849 χείᾳ,
346 3781 405 3830 ἐν
451 3780 644 3851 ἁγνεία
695 3783 791 3834 καὶ
837 3785 1182 3854 σωφροσύνῃ,
1218 3789 1276 3838 ὲν
1324 3790 1709 3858 ταπεινόφρονι

111 3872 326 3940 γνώμῃ
361 3872 454 3923 καὶ
480 3873 702 3943 ἠσυχίᾳ,
746 3876 804 3926 ὲν
842 3875 1034 3946 ἀγάπῃ
1075 3875 1258 3948 τελεία
1289 3879 1428 3947 πρὸς
1455 3881 1546 3932 τὸν
1575 3881 1709 3934 Θεὸν

108 3965 224 4016 καὶ
254 3965 347 4015 τὸν
372 3964 621 4031 πλησίον,
655 3967 743 4018 τὸν
775 3967 1019 4036 παρόντα
1047 3969 1430 4033 ἐκτελέσαντες
1471 3972 1584 4040 βίον
1614 3974 1710 4025 καὶ

107 4055 350 4122 ἀγγελοι
377 4059 490 4118 τοῖς
519 4058 742 4127 τρόποις
771 4059 1078 4128 γτιιιεμενοι.
1115 4062 1280 4114 Ὅθεν
1305 4064 1437 4127 Θεὸς
1463 4064 1709 4134 θαύμασι

104 4149 221 4199 καὶ
265 4149 512 4217 σημείοις
561 4151 653 4202 καὶ
685 4151 954 4214 ποικίλαις
985 4153 1274 4222 δυνάμεσιν
1308 4157 1507 4219 αὐτούς
1579 4175 1709 4209 κατ·-

104 4239 436 4307 εκόσμησε,
469 4241 682 4292 καὶτὸν
731 4241 968 4310 φθόγγον
999 4244 1097 4312 τῆς
1154 4245 1475 4314 θαυμαστὴς
1529 4248 1709 4299 αὐτῶν

107 4330 412 4394 πολιτείας
464 4333 542 4393 εἰς
585 4331 652 4385 τά
699 4333 911 4402 πέρατα
957 4333 1263 4404 διηχεῖσθσι
1311 4338 1408 4405 τῆς
1448 4339 1708 4407 οἰκουμέ-

105 4440 222 4490 νης
263 4423 378 4489 (41)
415 4425 702 4492 πεποίηκε.
741 4426 850 4477 Καὶ¹
883 4425 1043 4494 εἰπερ
1087 4445 1170 4480 σοι
1199 4430 1290 4480 τὸν
1325 4428 1440 4497 βίον
1472 4431 1589 4490 ἐνὸς
1614 4433 1709 4482 αὑ-

100 4515 236 4564 τῶν
261 4513 357 4564 ἐπὶ
390 4515 656 4583 στόματος
688 4516 869 4586 φέρων
903 4519 1043 4570 κατὰ
1073 4520 1240 4588 μέρος
1262 4519 1616 4590 διηγήσομαι,
1649 4521 1708 4583 ὃς

102 4609 223 4657 καὶ
249 4607 494 4675 ἀρχηγὸς
513 4608 952 4678 γεγενῆσθαιτῆς
977 4610 1120 4662 κατά
1140 4614 1408 4678 μοναχοὺς
1433 4613 1707 4676 πολιτείας

103 4702 387 4767 λέγεται(
407 4700 689 4762 Ἀντώνιος
709 4701 764 4754 δὲ
791 4702 960 4769 ὄνομα
981 4703 1172 4772 αύτῷ),
1197 4704 1381 4772 γνώσῃ
1406 4707 1623 4766 πάντως
1645 4707 1710 4758 ἐκ

96 4791 219 4844 τοῦ
251 4791 374 4853 ἑνὸς
393 4792 610 4861 δένδρου
633 4793 739 4844 τῶν
764 4794 1041 4862 ὁμογενῶν
1069 4796 1163 4846 καὶ
1187 4795 1448 4863 ὁμοειδῶν
1477 4797 1708 4864 καρπῶν

97 4882 598 4963 τὴνιγλυκύτητα,
631 4886 724 4936 καὶ
743 4886 859 4938 οἵαν
885 4887 1093 4948 ἐκεῖνος
1121 4887 1272 4939 ἔθετο
1305 4888 1403 4956 τῆς
1422 4887 1709 4956 ἀσκήσεως

97 4982 139 5030 ὑ
156 4976 474 5045 ποεάθραν,
515 4976 634 5028 οἵαν
662 4977 719 5029 δὲ
744 4978 841 5046 τὴν
868 4977 1071 5048 ὀροφὴν
1094 4979 1354 5048 ἐπήξατο,
1386 4980 1484 5032 καὶ
1510 4979 1710 5032 ὁποίων

96 5069 345 5142 ἠξιώθη
376 5072 526 5140 παρᾶ
554 5069 648 5122 τοῦ
679 5071 928 5141 Σωτῆρος
953 5074 1135 5140 τυχεῖν
1169 5071 1542 5143 χαρισμάτων.
1577 5073 1712 5124 Πολ-

96 5169 208 5217 ὶνιὶ
247 5163 308 5213 δὲ
338 5163 432 5214 καὶ
461 5162 610 5215 ἄλλοι
643 5162 762 5228 μετ’
801 5165 1008 5214 ἐκεῖνον
1039 5162 1131 5215 τὸν
1163 5164 1277 5215 ἴσον
1307 5163 1708 5232 ἀγωνισάμενοι

91 5254 325 5320 ἀγῶνα
359 5253 468 5304 τῶν
495 5257 696 5323 ὁμοίων
725 5253 915 5323 ἔτυχον
950 5257 1228 5324 στεφάνων
1254 5273 1310 5308 τε
1343 5257 1436 5308 καὶ
1458 5256 1655 5324 γερῶν.

197 5433 486 5502 Μακάριοι
533 5425 678 5483 οὗτοι
727 5433 821 5483 καὶ
864 5431 1288 5502 τρισμακάριοι,
1329 5433 1376 5483 οἱ
1425 5432 1516 5484 τὸν
1579 5431 1714 5483 Θεὸν

89 5526 553 5592 ἀγαπήσαντες,
586 5525 680 5576 καὶ
710 5522 798 5576 δια
837 5523 936 5581 τὴν
983 5523 1205 5593 ἀγάπην
1242 5522 1406 5576 αὑτοῦ
1441 5539 1716 5592 καταφρο-

89 5619 408 5685 νήσαντες
441 5613 682 5668 πάντων.
716 5612 1054 5682 Ἐδάκρυσαν
1085 5614 1194 5683 γὰρ
1223 5611 1548 5675 πενθοῦντες
1576 5613 1714 5681 ἡμέ-

201 5749 326 5823 (39‘:
357 5749 554 5823 [ilossa
581 5749 648 5802 ad
681 5749 979 5823 marginem
1011 5749 1067 5804 in
1090 5750 1133 5803 A
1162 5768 1176 5806 :
1205 5747 1281 5819 τῷ
1317 5723 1670 5823 καθηγεμόνι.

203 5820 328 5887 μυ)
353 5819 539 5872 Matth.
578 5833 729 5875 xvut.
757 5818 847 5874 20.

204 5889 512 5960 (41)(Σοιιῐ.
545 5889 744 5958 ν.101,
777 5890 948 5944 ιι.51.

468 5997 741 6056 Ρηιιοι.
788 5991 908 6053 Gn.
954 5989 1173 6052 XCVI.

1878 3259 1975 3310 l‘cr
2001 3257 2113 3310 haec
2141 3256 2404 3324 exempla,
2444 3264 2498 3306 et
2527 3269 2620 3321 per
2661 3252 2962 3318 hujuSmodi
3010 3252 3268 3304 coitiones
3315 3264 3371 3304 et

1803 3349 2057 3407 actiones,
2087 3346 2284 3399 terreni
2307 3347 2540 3397 caelitum
2589 3344 2746 3394 vitam
2790 3343 2978 3393 imitati
3008 3351 3148 3402 sant.
3182 3352 3235 3392 ut
3278 3343 3368 3409 qui

1807 3438 1855 3488 in
1881 3436 2116 3504 jejuniis,
2144 3447 2197 3486 et
2245 3433 2488 3501 precibus
2527 3447 2588 3485 ac
2631 3430 2839 3498 vigiliis,
2875 3432 2926 3484 in
2954 3431 3248 3484 calentibus
3286 3432 3366 3482 la-

1805 3528 2001 3597 cryinis
2028 3538 2081 3580 et
2109 3527 2248 3579 luctu
2280 3525 2346 3579 ab
2375 3524 2518 3578 omni
2542 3523 2705 3576 animi
2734 3522 3077 3575 distractione
3106 3521 3274 3576 libero
3315 3522 3366 3574 in

1808 3617 2229 3685 peregrinatione
2255 3629 2317 3667 ac
2346 3615 2530 3666 mortis
2575 3612 2856 3673 memoria,
2905 3614 2957 3664 iu
2988 3612 3199 3664 lenitate
3249 3612 3367 3663 aui-

1809 3710 1985 3777 mique
2011 3707 2198 3761 aﬂ‘cctu
2229 3710 2295 3758 ab
2324 3706 2589 3758 iracundia
2639 3715 2866 3768 remoto,
2903 3705 2955 3758 in
3008 3704 3268 3757 lahiorum
3295 3705 3368 3759 si-

1808 3801 1986 3861 lentio,
2019 3800 2069 3851 in
2102 3807 2409 3867 paupertate
2435 3805 2592 3864 atque
2615 3797 2813 3863 inopia,
2843 3797 2895 3848 in
2926 3795 3167 3848 castitate
3193 3809 3256 3848 ac
3284 3813 3366 3858 pu-

1808 3889 2003 3952 dicitia,
2035 3889 2087 3940 in
2109 3887 2402 3940 humilitate
2427 3895 2481 3939 et
2509 3887 2702 3954 quiete,
2735 3902 2796 3940 ac
2843 3885 3072 3952 denique
3118 3885 3169 3936 in
3199 3885 3370 3951 perfe-

1806 3988 1890 4030 cta
1923 3989 2043 4040 erga
2067 3975 2228 4028 Deum
2265 3984 2316 4028 et
2347 3975 2650 4042 proximum
2673 3974 2928 4028 charitate
2951 3978 3225 4042 praesentis
3251 3977 3369 4028 vitm

1805 4066 2118 4119 curriculum
2150 4063 2493 4127 confecerint,
2517 4065 2839 4134 angelosque
2879 4067 3114 4120 moribus
3143 4081 3363 4136 expres-

1813 4157 1996 4209 serint.
2022 4155 2101 4207 0b
2123 4169 2346 4223 eamque
2367 4169 2579 4207 Causam
2615 4155 2752 4208 Deus
2781 4155 3050 4209 miraculis
3088 4170 3150 4211 ac
3199 4157 3369 4225 signis

1811 4247 2075 4314 variisque
2099 4245 2380 4298 virtutibus
2419 4260 2512 4299 eos
2541 4247 2836 4312 exornavit,
2886 4246 3168 4315 eﬂ'ecitque
3193 4258 3251 4301 ut
3271 4249 3370 4301 ad-

1810 4337 2059 4389 mirandae
2081 4350 2266 4388 eorum
2295 4337 2412 4388 vitae
2438 4336 2654 4390 rationis
2678 4351 2833 4400 sono,
2869 4337 2967 4404 ipsi
2993 4352 3203 4406 quoque
3223 4339 3370 4394 orbis

1808 4439 2064 4478 terrarum
2091 4423 2224 4479 lines
2250 4436 2554 4493 persouent.
2591 4429 2666 4479 Ac
2696 4429 2739 4480 si
2782 4427 2940 4482 unius
2983 4429 3235 4496 ipsorum,
3267 4430 3370 4482 hoc

1809 4526 1893 4570 est
1937 4517 2169 4580 Antonii,
2218 4518 2308 4586 qui
2351 4519 2508 4571 etiam
2551 4520 2857 4574 monastica
2898 4519 3021 4574 vitm
3065 4535 3269 4588 auspex
3307 4536 3372 4574 ac

1742 4618 1784 4670 ι)
1813 4609 2062 4676 princeps
2092 4609 2362 4662 exstitisse
2391 4608 2602 4674 dicitur,
2631 4609 2793 4662 vitam
2834 4611 2928 4664 tibi
2971 4611 3238 4680 sigillatum
3265 4627 3368 4666 cx-

1809 4713 2081 4768 pnnerem,
2112 4700 2357 4753 nimirum
2379 4715 2443 4754 ex
2466 4716 2568 4753 una
2593 4702 2784 4756 arbore
2805 4699 3030 4755 fructum
3059 4717 3242 4757 eorum
3275 4703 3367 4770 qui

1809 4791 2048 4858 ejusdem
2147 4792 2357 4862 generis
2437 4805 2501 4847 ac
2579 4788 2777 4862 speciei
2859 4795 2984 4855 sint,
3034 4792 3366 4847 dulcedinem

1808 4895 2022 4949 prorsus
2051 4882 2376 4951 intelligeres
2395 4921 2411 4946 ,
2453 4883 2824 4951 quoduamque
2849 4883 2942 4938 ille
2971 4884 3367 4938 exercitationis

1808 4971 2066 5040 religiosae
2095 4973 2490 5027 fundamentum
2516 4973 2665 5042 iecit,
2710 4984 2765 5028 et
2803 4975 3068 5042 quodnam
3101 4974 3365 5043 fastigium

1809 5065 2015 5127 struxit,
2048 5075 2101 5118 et
2129 5075 2350 5133 quantas
2397 5079 2424 5115 a
2475 5063 2752 5119 Salvatore
2805 5066 3004 5132 gratias
3051 5077 3367 5119 consecutus

1807 5164 1907 5207 est.
1937 5154 2180 5224 Plerique
2203 5165 2360 5208 etiam
2389 5156 2477 5208 alii
2531 5165 2647 5222 post
2673 5169 2792 5208 eum
2840 5155 3028 5208 eodem
3075 5156 3366 5210 certamine

1809 5246 2090 5315 perfuncti,
2121 5247 2185 5300 ad
2208 5250 2421 5300 easdem
2452 5261 2676 5300 Coronas
2702 5257 2757 5300 et
2782 5246 2966 5301 eadem
2995 5248 3208 5317 praemia
3240 5263 3366 5316 per-

1809 5350 2088 5391 venerunt.

1880 5431 2021 5482 lieni
2051 5438 2195 5484 certe
2241 5429 2310 5482 illi
2339 5443 2400 5481 ac
2433 5439 2512 5482 ter
2538 5428 2699 5490 beati.
2729 5439 2786 5483 ut
2811 5431 2898 5499 qui
2926 5431 3017 5484 Dei
3047 5445 3232 5485 amore
3269 5431 3368 5484 lla-

1807 5528 2040 5585 grarunt,
2065 5529 2222 5583 atque
2244 5520 2312 5572 ob
2342 5519 2504 5587 ipsius
2532 5518 2846 5574 charitatem
2865 5522 3041 5574 omnia
3074 5536 3172 5588 pro
3201 5522 3369 5575 nihilo

1808 5609 2085 5661 duxerunt.
2135 5607 2407 5676 Siquidem
2456 5609 2718 5679 lacrymas
2759 5607 3140 5678 profuderunt,
3171 5608 3367 5679 diuque

2987 5973 3070 6037 31
