4180 6458
151 406 246 468 9ἷῗ

1225 407 1394 465 νῘΤΛ
1439 403 1790 464 BARLAUI
1836 402 1924 460 ET
1965 403 2314 462 JOASAPII.

3289 404 3399 468 978

147 514 396 579 είκονίζει
420 511 516 566 τοῦ
547 513 672 583 ᾅδου
703 513 967 582 γαστέρα,
990 513 1088 583 τὴν
1125 517 1544 583 μαιμάσσουσαν
1577 514 1708 564 ὑπο-

1829 517 1911 581 qui
1939 532 2032 569 eos
2071 518 2347 584 suscipere
2393 517 2556 584 gestit
2609 515 2701 584 qui
2746 522 3042 580 przesentes
3091 513 3395 582 voluptates

149 605 399 670 δέξασθαι
441 607 567 668 τοὺς
601 606 668 658 τὰ
713 607 958 676 παρόντα
1000 607 1209 674 τερπνά
1248 606 1358 657 τῶν
1411 605 1710 674 μελλόντων

151 699 366 767 ἀγαθῶν
395 699 809 767 προκρίνοντας.
850 699 908 750 '0
943 699 997 750 δὲ
1031 697 1123 750 τοῦ
1157 698 1370 766 μελιτος
1399 697 1712 766 σταλαγμὸς

149 793 247 858 τὴν
274 789 583 859 γλυκύτητα
609 791 865 859 ἐμφαίνει
893 789 1002 842 τῶν
1027 790 1121 842 τοῦ
1161 791 1367 857 κόσμον
1409 789 1581 857 ἡδέων
1599 827 1612 849 ,
1646 789 1710 840 δι’

149 877 216 952 ἧς
255 882 453 942 ἐκεῖνο,
491 881 716 932 ἀπατῶν
744 881 872 942 τοὺς
917 879 1112 932 ἑαυτοῦ
1153 880 1358 946 φίλους,
1390 877 1488 930 οὐκ
1518 879 1582 947 ἐᾷ
1615 879 1713 945 τῆς

152 971 299 1038 σφῶν
337 969 746 1042 προνοήσασθαι
785 969 1081 1040 σωτηρίας.

220 1063 374 1114 ΚΕΦ.
412 1062 511 1115 ll".
561 1060 718 1131 114
755 1059 972 1129 Ταύτην
1010 1061 1038 1112 ὁ
1082 1059 1317 1126 Ἰωάσαφ
1365 1057 1486 1111 λίαν
1523 1058 1719 1111 ἀποδε-

149 1152 378 1222 ξάμενος
406 1151 507 1222 τὴν
542 1151 857 1220 παραϐολὴν
930 1151 1032 1218 ἔφη
1113 1150 1201 1212 Ὠς
1246 1149 1451 1219 ἀληθὴς
1500 1151 1528 1201 ὁ
1561 1149 1716 1216 λόγος

148 1238 300 1304 οὗτος
328 1244 422 1296 καὶ
445 1243 587 1295 πάνυ
615 1243 1051 1312 ἁρμοδιώτατοςῑ
1085 1242 1176 1312 Μὴ
1208 1237 1302 1295 οὖν
1337 1242 1570 1312 ὀκνήσῃς
1606 1259 1718 1292 τοι-

151 1333 337 1395 ούτους
379 1334 464 1386 ἀεί
503 1351 592 1401 μοι
625 1336 829 1396 τύπους
857 1333 1253 1398 ὑποδεικνύειν,
1289 1334 1377 1386 ἴνα
1411 1334 1524 1399 γνῶ
1559 1335 1720 1402 ἀκρι-

150 1425 260 1485 ϐὡς
287 1425 465 1485 ὁποῖος
492 1423 722 1493 ὑπάρχεν
750 1424 778 1474 ὁ
809 1423 928 1475 καθ’
958 1424 1105 1491 ἡμᾶς
1137 1420 1270 1490 βίος,
1302 1422 1398 1472 καὶ
1418 1419 1579 1474 τίνων
1612 1421 1717 1479 τοὶς

153 1517 342 1567 ὲαυτού
374 1515 544 1580 φίλοις
573 1514 831 1585 πρόξενος
857 1515 1086 1580 γίνεται.

237 1607 293 1659 ’0
316 1607 370 1658 δὲ
399 1607 577 1676 γέρων
611 1604 784 1659 εἶπεν·
814 1607 1032 1673 Ὅμοιοι
1055 1606 1211 1668 αὖθίς
1239 1609 1377 1660 εἰσιν
1397 1609 1442 1660 0i
1470 1605 1722 1677 ἐρασθέν-

151 1719 244 1764 τες
277 1700 385 1753 τῶν
425 1701 519 1752 τοῦ
558 1702 670 1770 βίον
712 1699 960 1770 τερπνῶν
1005 1703 1098 1752 καὶ
1138 1704 1204 1769 τῇ
1249 1700 1439 1753 τούτου
1483 1701 1722 1765 γλυκαίν-

153 1790 337 1851 θέντες
371 1789 621 1859 ἠδύτητι,
653 1789 762 1840 τῶν
803 1789 1101 1856 μελλόντων
1145 1805 1206 1840 τε
1243 1789 1336 1840 καὶ
1391 1789 1464 1857 μὴ
1505 1791 1726 1840 0115'.)-

1825 609 2018 661 f-ituris
2050 610 2204 661 bonis
2252 618 2604 676 anteponunt.
2638 607 2815 661 Mellis
2873 622 3002 661 vero
3041 606 3251 676 guttula
3283 608 3393 660 dis-

1824 703 2023 765 tillans,
2051 701 2234 754 mundi
2250 700 2641 767 iucunditatem
2667 712 2722 752 et
2745 699 3080 754 dulcedinem
3102 699 3392 767 signiﬁcat,

1821 806 1916 860 per
1937 808 2096 860 quam
2125 791 2214 845 ille
2246 793 2453 846 amicus
2481 807 2611 848 suos
2643 791 2952 856 ludilicans,
2971 806 3066 846 eos
3091 791 3255 847 saluti
3285 807 3398 845 sua:

1820 889 2134 954 piosliicere
2167 886 2392 939 minime
2422 885 2567 938 sinit.

1891 1071 2020 1124 Cie.
2058 1069 2198 1124 XIII.
2233 1095 2301 1108 —
2341 1068 2490 1123 llanc
2542 1070 2850 1138 parabolam
2897 1071 3158 1139 majorem
3196 1070 3252 1124 in
3283 1086 3400 1122 mo-

1821 1161 1948 1215 dum
1980 1165 2344 1230 coniprohaus
2373 1158 2655 1228 Josaphat,
2693 1160 2828 1212 dixit
2869 1175 2882 1212 :
2914 1160 3085 1226 Quam
3117 1177 3278 1217 verus
3309 1162 3398 1215 hic

1822 1267 2003 1306 sermo
2029 1261 2105 1304 est
2135 1293 2146 1315 ,
2180 1265 2241 1303 ac
2286 1252 2670 1304 concinnitatis
2701 1251 2878 1305 omnis
2921 1252 3157 1320 plenus!
3192 1253 3400 1319 Quam-

1823 1344 2007 1397 obrem
2040 1358 2107 1396 ne
2137 1354 2206 1407 te,
2231 1359 2412 1410 quaso
2460 1343 2634 1412 hujus:
2663 1345 2766 1397 .odi
2795 1345 2993 1411 ﬁguras
3018 1346 3151 1400 mihi
3181 1347 3401 1402 assidue

1825 1439 2198 1491 demonstrare
2227 1440 2424 1506 pigeat,
2460 1454 2567 1506 quo
2588 1451 2738 1492 certo
2772 1439 3067 1510 intelligam
3093 1441 3272 1509 qualis
3302 1457 3402 1496 no-

1824 1544 1938 1584 Stra
1968 1531 2072 1582 vita
2111 1531 2201 1590 sit.
2241 1544 2293 1584 et
2325 1545 2460 1600 quas
2507 1547 2590 1584 res
2623 1533 2814 1585 amicis
2845 1533 2958 1587 suis
2992 1544 3257 1588 accersat.

1901 1621 2043 1676 Dixit
2098 1636 2278 1677 autem
2343 1641 2509 1679 senex
2567 1645 2581 1680 :
2647 1628 2861 1681 Similes
2920 1643 3134 1682 rursum
3185 1639 3314 1681 sunt
3367 1628 3401 1680 ii

1820 1715 1911 1785 qui
1966 1715 2297 1785 voluptatum
2355 1719 2516 1786 hujus
2551 1720 2670 1772 vita:
2725 1735 2911 1774 amore
2959 1723 3098 1788 capti
3183 1736 3403 1774 earum-

1821 1821 1928 1874 que
1955 1811 2219 1862 suavitate
2263 1811 2464 1866 deliniti
2489 1856 2502 1877 ,
2556 1827 2644 1868 res
2678 1813 2850 1868 ﬂuxas
2885 1822 2940 1868 et
2986 1814 3278 1869 imbecilles
3319 1814 3405 1867 fn-

155 1883 332 1949 μένων
360 1883 427 1933 τὰ
481 1882 681 1949 ῥευστὰ
726 1882 818 1934 καὶ
863 1881 1067 1948 ἀσθενῆ
1118 1882 1579 1950 προτιμήσαντες,
1630 1882 1723 1932 ἁν-

1835 1903 1971 1954 turis
2023 1913 2186 1970 atque
2241 1918 2269 1956 a
2318 1902 2616 1969 iactatione
2670 1906 2862 1960 alienis
2913 1907 3250 1975 antiquiores
3311 1908 3407 1960 ha—

152 1972 356 2043 θρώπῳ
387 1977 492 2025 τινὶ¹
519 1975 666 2042 τρεῖς
703 1972 960 2042 ἐσχηκότι
994 1972 1178 2040 φίλους
1201 2013 1216 2036 ,
1247 1964 1320 2024 ὧν
1348 1973 1475 2033 τοὺς
1508 1973 1606 2040 μὲν
1637 1973 1729 2025 δύο

153 2065 474 2133 περιπαθῶς
518 2065 682 2131 ἐτίμα
705 2105 719 2126 ,
758 2064 851 2116 καὶ
886 2062 1131 2131 σςοδρῶς
1170 2062 1271 2131 τῆς
1297 2062 1478 2116 αὐτῶν
1509 2063 1728 2132 ἀγάπης

149 2158 430 2228 ἀντείχετο
449 2197 464 2220 ,
498 2157 660 2226 μέχρι
685 2155 917 2208 Θανάτου
949 2157 1090 2224 ὑπὲρ
1119 2155 1297 2207 αὐτῶν
1327 2154 1727 2224 ἀγωνιζόμενος

153 2251 249 2301 καὶ
288 2249 726 2318 προκινδυνεύειν
767 2250 1094 2319 αἱρούμενος
1117 2263 1131 2278 ο
1166 2248 1304 2318 πρὸς
1341 2249 1397 2301 δέ
1427 2248 1516 2301 τὸν
1548 2257 1728 2317 τρίτον

149 2340 325 2410 πολλῇ
360 2341 585 2409 εφέρετο
611 2340 1042 2408 καταφρονήσει,
1071 2340 1209 2409 μήτε
1243 2343 1430 2408 τιμὴς,
1465 2342 1602 2411 μήτε
1630 2343 1728 2410 της

151 2432 540 2502 προσηκούσης
586 2433 746 2484 αὑτὸν
786 2430 1007 2483 πώποτε
1038 2430 1278 2495 ἀξιώσας
1319 2433 1541 2501 ἀγάπης
1565 2473 1580 2495 ,
1613 2433 1727 2486 ἀλλ’

150 2526 188 2593 ἣ
234 2525 434 2593 μικράν
462 2541 584 2576 τινα
618 2529 709 2577 καὶ
742 2526 1041 2596 οὖδαμινὴν
1077 2529 1156 2590 εἰς
1190 2528 1352 2580 αὑτὸν
1398 2530 1728 2597 προσποιού-

156 2633 316 2685 μενο,
351 2616 552 2684 φιλίαν.
586 2618 1114 2687 Καταλαμϐάνονσιν
1148 2619 1241 2673 οὖν
1271 2622 1327 2672 ἐν
1367 2623 1464 2690 μιᾷ
1507 2622 1727 2692 φοϐεροί

152 2724 300 2767 τινες
328 2710 419 2759 καὶ
453 2709 675 2771 ἐξαίσιοι
713 2711 1070 2776 στρατιῶται,
1110 2711 1428 2774 σπεύδοντες
1471 2714 1728 2780 ταχύτητι

153 2799 325 2868 πολλῇ
366 2802 493 2869 πρὸς
528 2801 618 2852 τὶν
650 2801 872 2867 βασιλέα
903 2801 1094 2854 τοῦτον
1124 2805 1372 2869 ἀγαγεῖν,
1414 2805 1567 2869 λόγον
1600 2807 1729 2857 ἁπο-

148 2888 393 2942 δὼσοντα
422 2891 561 2958 ὑπὲρ
600 2891 822 2960 ὀφειλῆς
865 2893 1075 2962 μυρίων
1117 2894 1417 2948 ταλάντων.
1461 2897 1728 2964 Στενοχω-

153 2981 419 3051 ρούμενος
439 2981 514 3043 δὲ,
545 2985 750 3044 ἐκεῖνος
777 2983 958 3050 ἐζήτει
989 2982 1201 3053 βοηθὸν,
1231 2987 1322 3037 τὸν
1353 2986 1728 3039 σνναντιλαϐἐο

153 3074 284 3126 σθαι
330 3074 478 3144 αύτῷ
526 3078 584 3126 ἐν
621 3074 700 3143 τῷ
750 3075 964 3142 φρικτῷ
1001 3075 1094 3127 τοῦ
1132 3076 1395 3144 βασιλέως
1440 3078 1730 3147 λυγοθεσξῳ

145 3167 473 3234 δυνάμενον.
508 3166 742 3235 Δραμὼν
769 3162 861 3218 οὖν
897 3166 1031 3236 πρὸς
1065 3168 1156 3219 τὸν
1189 3168 1408 3235 πρῶτον
1441 3169 1603 3222 αὑτοῦ
1637 3171 1730 3222 καὶ

150 3260 374 3311 πάντων
402 3258 772 3328 γνησιώτατον
793 3259 966 3327 φίλον,
995 3259 1162 3326 λέγει·
1198 3256 1380 3322 Οἶδας,
1411 3253 1454 3311 ὦ
1483 3261 1623 3329 φίλε,
1656 3261 1732 3324 ὡς
1759 3239 1801 3296 C

146 3351 243 3404 ἀεὶ
277 3350 478 3419 ἐθέμην
521 3350 618 3420 τὴν
662 3352 838 3420 ψυχήν
883 3368 982 3419 μου
1035 3351 1172 3419 ὑπὲρ
1213 3352 1305 3402 σοῦ
1342 3353 1451 3420 (64)
1525 3354 1643 3404 νυνὶ
1676 3353 1731 3404 δὲ

145 3442 344 3513 χρῄζω
373 3443 623 3512 βοηθείας
655 3445 712 3495 ἐν
743 3446 807 3512 τῇ
841 3443 1024 3513 ἡμέρα
1052 3443 1222 3516 ταύτῃ
1262 3444 1361 3512 τῆς
1399 3445 1732 3514 κατεχούσης

149 3553 224 3605 με
256 3537 519 3604 ἀνάγκης.
556 3536 742 3588 Πόσων
772 3533 864 3588 οὖν
905 3537 1216 3605 ἐπαγγέλλῃ
1255 3538 1728 3589 συναντιὶαϐἐσθαι

147 3642 250 3694 μοι
467 3626 595 3688 νῦνς
630 3627 721 3678 καὶ
749 3626 886 3696 τίςή
919 3644 1065 3696 παρα
1091 3626 1184 3680 σοῦ
1213 3630 1610 3698 προσγινομενη
1643 3646 1735 3697 μοι

143 3717 333 3777 ἐλπὶς,
366 3717 832 3785 προσφιλέστατες
873 3720 1216 3788 Ἀποκριθεὶς
1247 3716 1340 3771 οὖν
1372 3721 1576 3780 ἐκεῖνος
1606 3720 1730 3788 ἔφη·

145 3808 275 3858 (ὶὺκ
303 3808 413 3876 εἰμί
443 3824 536 3858 σον
569 3808 740 3876 φίλος,
769 3809 1048 3877 ἄνθρωπε*
1083 3809 1182 3862 οὐκ
1219 3811 1519 3879 ἐπίσταμαι
1547 3811 1630 3872 τίς
1661 3807 1733 3866 εἴ.

148 3897 389 3959 Ἀλλονς
423 3897 531 3967 γὰρ
553 3899 661 3968 ἔχω
687 3900 1026 3968 προσφιλεῖς,
1053 3900 1171 3969 μεθ’
1200 3896 1272 3954 ὧν
1296 3905 1374 3953 δεῖ
1403 3921 1469 3971 με
1497 3904 1735 3972 σήμερον

137 3986 566 4054 εὐφραίνεσθαι,
604 3988 698 4040 καὶ
748 3987 935 4056 φίλους
982 3990 1180 4052 αὐτοὺς
1229 3993 1308 4052 εἰς
1341 3992 1402 4044 τὸ
1443 3992 1567 4061 ἑξῆς
1603 3997 1734 4061 κτή-

137 4081 371 4134 σασθαι.
409 4079 640 4150 Παρέχω
667 4079 724 4132 δέ.
769 4096 850 4132 σοι
887 4080 992 4133 ἰδοὺ
1029 4083 1195 4151 ῥάκια
1223 4083 1338 4148 δύο,
1373 4085 1466 4136 τοῦ
1501 4087 1642 4152 ἔχειν
1675 4101 1736 4136 σε

136 4173 329 4225 ταῦτα
355 4174 414 4224 ἐν
443 4175 506 4242 τῇ
534 4167 696 4245 ὁδῷᾗ
730 4172 958 4244 πορεύῃ,
994 4175 1152 4227 ἆτινα
1185 4175 1335 4226 οὐδέν
1366 4193 1424 4226 σε
1459 4176 1517 4228 τὸ
1557 4179 1733 4245 παρὰ-

139 4282 266 4316 τταν
315 4263 678 4332 ὼςελήσουσι.
729 4267 840 4318 Καὶ
897 4266 1167 4336 μηδεμίαν
1210 4267 1377 4338 ἄλλην
1427 4267 1555 4337 παρ’
1602 4267 1736 4336 ἐμοῦ

138 4358 541 4428 προσδοκήσῃς
589 4359 804 4412 ἐλπίδα.
849 4360 1066 4414 Τούτων
1100 4364 1340 4424 ἀκούσας
1391 4364 1595 4423 ἐκεῖνος
1643 4362 1738 4413 καὶ

140 4450 435 4516 ἀπογνοὺς
483 4450 552 4519 ἣν
602 4450 663 4515 ἐξ
709 4451 875 4504 αὐτοῦ
923 4452 1176 4522 βοήθειαν
1218 4454 1434 4522 ἤλπιζε,
1474 4454 1606 4519 πρὸς
1646 4453 1737 4505 τὸν

137 4541 348 4607 ἕτερον
382 4541 674 4610 πορεύεται
729 4543 902 4612 φίλον,
960 4543 1052 4594 καί
1105 4562 1271 4613 φλᾶν
1323 4544 1638 4612 Μέμνησαι,
1692 4539 1736 4596 ὦ

130 4633 363 4702 ἑταῖρε,
390 4632 522 4702 ὅσης
549 4633 866 4704 ἀπήλαυσας
893 4637 1022 4706 παρ’
1063 4638 1196 4704 ἐμοῦ
1221 4638 1386 4704 τιμῆς
1411 4638 1503 4688 καὶ
1529 4638 1732 4703 εὐγνω-

133 4722 420 4794 μοσύνης·
468 4726 708 4795 σήμερον
748 4726 824 4790 δὲ,
872 4727 1048 4796 θλίψει
1101 4727 1414 4794 περιπεσὼν
1451 4731 1545 4780 καὶ
1590 4744 1731 4797 συμ-

127 4814 304 4883 φορᾷ
337 4815 598 4884 μεγίστῃ,
635 4816 822 4885 χρῄζω
865 4817 1150 4885 συνεργοῦ.
1193 4820 1364 4870 Πόσον
1402 4817 1493 4872 οὖν
1531 4820 1732 4887 ἰσχύεις

133 4923 254 4976 μοι
285 4909 684 4971 σνγκοπιάσαι;
721 4909 780 4971 ἐξ
809 4909 976 4976 αὐτῆς
1004 4909 1270 4978 γνώρισον
1301 4928 1413 4978 μοι.
1461 4911 1521 4964 ’0
1545 4913 1600 4963 δέ
1630 4929 1731 4980 φη-

130 5016 248 5050 σιν
305 4998 378 5049 Οὐ
415 4998 660 5065 σχολάζω
693 5002 929 5067 σήμερον
957 5001 1427 5063 συναγωνίσασθαί
1470 5019 1552 5054 σοι
1634 5019 1731 5070 με·

130 5089 379 5160 ρίμναις
416 5089 524 5156 γάρ
571 5089 728 5156 κάγὼ
761 5091 853 5141 καὶ
897 5093 1248 5161 περιστάσεσι
1292 5093 1638 5160 περιπεσὼν,
1672 5094 1731 5145 ἐν

129 5178 339 5244 Ολίᾲει
372 5180 504 5246 εἰμί.
541 5180 750 5248 Μικρὸν
780 5180 824 5231 δ’
853 5182 1001 5248 ὅμως
1032 5181 1332 5234 συνοδεύσω
1360 5201 1459 5248 σοι,
1493 5187 1595 5236 κᾶν
1628 5201 1730 5253 μη-

125 5272 251 5325 δὲν
282 5270 548 5340 ὠφελήτω
599 5289 674 5322 σε·
714 5271 804 5324 καὶ
834 5314 846 5333 ,
882 5273 1074 5325 θᾶττον
1124 5275 1464 5343 ὑποστρέψας
1514 5277 1688 5327 οἶκαδε
1713 5315 1728 5337 ν

127 5364 282 5421 ταῖς
317 5362 468 5422 ἰδίαις
497 5364 689 5430 ἔσομαι
735 5363 1130 5432 ἀσχολούμενος
1171 5368 1484 5436 μερίμναις.
1534 5370 1731 5429 Κεναῖς

121 5448 254 5503 οἷν
300 5455 553 5504 κακεῖθεν
606 5454 953 5522 ὑποστρέψας
1000 5457 1185 5524 χερσὶν
1237 5461 1263 5509 ὁ
1307 5459 1590 5527 ἅνθρωπος
1641 5463 1735 5512 καὶ

129 5542 427 5592 πάντοθεν
503 5544 908 5611 άπορού;;-νος,
988 5548 1302 5611 ἐταλάνιζεν
1368 5551 1558 5601 ἑαυτὸν
1637 5553 1735 5620 τῆς

127 5650 396 5705 ματαίας
435 5636 646 5686 ἐλπίδος
690 5638 796 5687 τὼν
843 5640 1173 5705 ά·,ηιιι›ρ.ὀνιι›-ι
1217 5642 1378 5694 αὑτοῦ
1418 5645 1604 5710 φίλων,
1640 5651 1730 5696 καὶ

1602 5821 1618 5847 ⁸.
1655 5822 1705 5847 (.J

233 5813 344 5866 ἑθῖίλ
381 5811 502 5864 Ξοδτξ
576 5833 683 5878 χιιι,
729 5817 782 5866 ’ὶί
824 5861 827 5864 .
881 5820 977 5887 ῖίγί
1007 5819 1179 5888 ’ξυρῷ
1224 5838 1316 5889 μετ
1363 5839 1488 5887 uris;
1532 5821 1619 5872 ποί)

1667 5839 1793 5889 ἠιμ

1833 1993 2104 2054 buerunt,
2159 1993 2407 2057 homini,
2467 1996 2558 2064 qui
2615 2007 2727 2051 tres
2786 1997 2988 2050 amicos
3048 1997 3272 2061 habuit,
3334 2014 3403 2053 ex

1835 2083 2030 2150 quibus
2087 2084 2224 2138 duos
2279 2087 2496 2154 quidem
2545 2098 2751 2157 ingenti
2800 2089 2964 2143 animi
3016 2089 3213 2145 aﬂ‘ectu
3266 2091 3406 2146 cole-

1830 2178 1960 2244 bat,
1997 2193 2060 2232 ac
2105 2181 2455 2236 vehementer
2491 2184 2742 2246 amabat,
2781 2188 2914 2239 adeo
2959 2197 3015 2240 ut
3057 2187 3124 2240 ad
3176 2197 3404 2240 mortem

1833 2285 2004 2339 usque
2072 2286 2169 2338 pro
2239 2274 2370 2342 ipsis
2437 2275 2701 2329 dimicare
2770 2292 2831 2330 ac
2898 2279 3136 2346 pericula
3203 2282 3406 2348 qumvis

1833 2364 1984 2416 adire
2015 2365 2236 2420 minime
2277 2378 2590 2426 recusaret.
2629 2369 2849 2422 tertium
2899 2381 3076 2423 autem
3116 2371 3404 2426 admodum

1833 2454 2264 2522 aspernabatur,
2317 2460 2478 2512 itaut
2532 2476 2630 2514 nec
2685 2461 2948 2515 honorem
3002 2479 3272 2531 unquam.
3308 2479 3409 2517 nec

1831 2559 1994 2614 quam
2029 2558 2126 2616 par
2179 2560 2297 2602 crat
2331 2549 2761 2605 benevolentiam
2804 2551 2903 2620 ipsi
2953 2561 3270 2622 praestaret,
3311 2556 3407 2610 scd

1839 2649 2081 2700 linguam
2129 2637 2408 2702 quamdam
2440 2639 2720 2704 duulasat,
2750 2655 2973 2708 eamque
3018 2644 3190 2695 lictam
3233 2658 3294 2695 ac
3336 2648 3406 2696 si-

1837 2726 2091 2779 mulatam
2123 2729 2407 2781 amicitiam
2439 2730 2735 2784 exhiberet.
2770 2731 3039 2785 Venerunt
3071 2747 3247 2786 au'em
3270 2750 3402 2802 quo-

1836 2818 1958 2872 dam
1989 2819 2076 2872 die
2124 2834 2386 2875 immanes
2435 2831 2594 2890 atque
2623 2822 2870 2876 horrendi
2904 2825 3115 2888 milites,
3155 2825 3243 2894 qui
3284 2841 3403 2878 eum

1836 2927 2040 2965 summa
2067 2927 2187 2966 cum
2220 2913 2556 2970 feSIinatione
2585 2915 2650 2970 ad
2683 2932 2856 2984 regem
2889 2919 3182 2982 traherent,
3225 2927 3282 2974 ut
3308 2919 3404 2973 de-

1837 3019 1952 3059 cem
1975 3007 2198 3060 millium
2225 3010 2564 3072 taleutorum,
2593 3026 2710 3079 qua:
2733 3012 2978 3076 debebat,
3007 3013 3264 3070 rationem
3287 3017 3401 3070 red-

1835 3101 2006 3156 deret.
2040 3100 2132 3154 llle
2170 3100 2326 3167 igitur
2383 3103 2435 3155 in
2485 3115 2748 3156 aiinimam
2799 3106 3094 3171 angustiam
3137 3105 3399 3171 redactus,

1837 3191 2070 3257 aliquem
2123 3193 2412 3260 quaerebat,
2455 3193 2544 3262 qui
2589 3194 2640 3246 in
2687 3194 2969 3248 metuenda
3002 3196 3090 3250 illa
3139 3197 3403 3251 rationum

1837 3284 1974 3350 apud
2003 3297 2183 3351 regem
2215 3282 2514 3337 redditione
2539 3298 2693 3351 opem
2725 3284 2821 3350 ipsi
2851 3283 3030 3341 ferret.
3063 3286 3294 3341 Currens
3317 3287 3404 3341 ita-

1837 3387 1941 3442 que
1985 3372 2050 3425 ad
2111 3373 2372 3440 primum,
2404 3374 2748 3444 omniumque
2774 3376 2996 3430 aliorum
3035 3376 3407 3432 charissimum

1838 3469 2085 3526 amicum,
2114 3466 2180 3518 ad
2227 3481 2349 3519 eum
2378 3468 2452 3520 ait
2489 3484 2502 3518 :
2537 3467 2650 3522 Non
2683 3476 2734 3521 te
2758 3469 2907 3537 fugit,
2939 3483 2972 3522 ο
2998 3471 3188 3534 amice,
3217 3485 3407 3537 quem-

1839 3555 2125 3608 admodum
2158 3565 2244 3608 tua
2274 3571 2432 3609 causa
2462 3560 2624 3610 vitam
2662 3572 2833 3610 meam
2880 3573 3092 3627 semper
3131 3560 3185 3613 in
3222 3559 3409 3615 discri-

1841 3661 1959 3698 men
1989 3647 2328 3707 adduxerim;
2362 3661 2504 3700 nunc
2535 3656 2710 3700 autem
2743 3648 3001 3702 hodierno
3036 3649 3142 3714 die,
3189 3661 3408 3720 urgente

1839 3742 2180 3800 necessitate.
2212 3755 2310 3807 ope
2341 3750 2424 3793 tua
2465 3751 2622 3805 atque
2671 3741 2869 3795 auxilio
2919 3743 3150 3814 indigeo.
3205 3745 3405 3812 Ecquid

1838 3846 1966 3900 ergo
1998 3841 2049 3883 te
2079 3832 2206 3883 mihi
2237 3832 2442 3885 auxilio
2471 3831 2587 3885 fore
2649 3833 2953 3900 polliceris?
2986 3847 3037 3887 et
3067 3850 3311 3901 quamam
3354 3835 3404 3888 in

1840 3932 1911 3986 te,
1933 3923 2015 3974 vir
2043 3921 2378 3981 charissime.
2413 3936 2534 3990 spes
2557 3922 2687 3975 mihi
2711 3925 2996 3978 constituta
3028 3925 3150 3978 est?
3171 3924 3406 3993 Respon-

1839 4016 1974 4068 dens
1998 4025 2174 4067 autem
2201 4014 2307 4072 ille.
2331 4012 2406 4066 ait
2436 4031 2449 4065 :
2482 4014 2701 4067 Amicus
2722 4025 2844 4068 tuus
2872 4030 2977 4068 non
3007 4031 3147 4080 sum,
3169 4030 3204 4071 ο
3228 4016 3404 4077 homo.

1839 4122 1935 4159 une
1971 4108 2057 4173 qui
2090 4108 2164 4158 sis
2197 4105 2339 4160 n0vi.
2373 4106 2509 4160 Sunt
2547 4108 2686 4161 enim
2721 4107 2850 4160 mihi
2881 4107 2968 4161 alii
2999 4109 3176 4172 amici,
3201 4109 3406 4178 quibus-

1839 4212 1958 4250 eum
1992 4197 2151 4250 hodie
2178 4196 2434 4252 obiectari
2464 4212 2550 4251 me
2599 4207 2830 4266 oportet,
2858 4213 3098 4266 quosque
3129 4199 3178 4252 in
3229 4208 3378 4268 poste

1840 4300 1954 4339 rum
1988 4301 2082 4352 pro
2112 4288 2298 4338 amicis
2348 4285 2623 4341 habiturus
2666 4303 2807 4341 sum.
2849 4288 3025 4354 Quare
3071 4288 3174 4342 duo
3205 4299 3405 4344 tantum

1837 4377 2009 4431 cilicia
2037 4377 2128 4430 tibi
2160 4378 2392 4444 porrigo,
2425 4387 2482 4431 ut
2504 4393 2566 4432 ea
2608 4380 2656 4432 in
2710 4379 2796 4431 via
2841 4393 2941 4447 qua
2971 4381 3146 4448 pergis
3176 4380 3370 4434 habeas
3391 4423 3406 4443 ,

1838 4485 1958 4536 qua:
1984 4471 2142 4522 etiam
2175 4470 2285 4534 ipsa
2325 4469 2454 4521 nihil
2485 4470 2580 4523 tibi
2609 4470 2952 4524 emolumenti
2981 4471 3206 4526 allatura
3250 4483 3404 4536 sunt;

1842 4575 1938 4612 nec
1976 4560 2220 4628 estquod
2311 4578 2339 4616 a
2415 4577 2500 4614 me
2583 4559 2874 4629 quidquam
2950 4573 3246 4631 exspectes.
3284 4565 3406 4620 llmc

1842 4651 1930 4704 ille
1953 4651 2195 4709 audiens.
2231 4665 2291 4702 ac
2318 4651 2385 4704 de
2412 4652 2634 4714 auxilio,
2669 4653 2808 4720 quod
2841 4652 2908 4706 ab
2947 4668 3011 4706 eo
3041 4656 3405 4724 exapectabat,

1841 4755 1988 4807 spem
2013 4756 2226 4793 omnem
2253 4741 2533 4807 ahjiciens,
2560 4743 2624 4796 ad
2649 4744 2940 4797 secundum
2965 4744 3188 4798 amicum
3211 4762 3267 4800 se
3288 4762 3404 4802 cono

1843 4828 1964 4892 fert,
1996 4829 2059 4882 ad
2091 4845 2316 4898 eumque
2360 4832 2436 4884 ait
2460 4847 2472 4859 ·
2508 4831 2828 4896 Recordare,
2873 4847 3062 4896 amice,
3101 4845 3351 4902 quantum
3379 4853 3405 4888 a

1845 4935 1930 4972 me
1957 4918 2177 4972 honoris
2199 4932 2252 4972 et
2289 4920 2666 4974 beneﬁciorum
2691 4924 2981 4989 acceperis.
3019 4923 3284 4978 Hodierno
3312 4941 3404 4979 au-

1837 5019 1944 5063 tem
1967 5011 2052 5063 die
2079 5013 2128 5062 in
2159 5014 2441 5063 maximam
2469 5012 2822 5066 calamitatem
2849 5013 3255 5067 etafﬂictionem
3284 5031 3403 5082 pro-

1838 5103 2050 5165 lapsus,
2106 5101 2424 5166 opitulatore
2492 5101 2667 5170 aliquo
2707 5117 2839 5168 opus
2890 5103 3080 5156 habeo.
3135 5104 3397 5170 Quidnam

1835 5191 1992 5256 igitur
2020 5189 2306 5258 adiumenti
2339 5207 2474 5244 nunc
2509 5193 2634 5244 ttlilll
2664 5192 2854 5246 alTerre
2876 5208 3056 5260 queas,
3101 5195 3182 5247 fac
3211 5196 3397 5250 sciam.

1834 5281 1926 5335 Ille
1947 5291 2119 5334 autem
2140 5282 2238 5333 ait:
2263 5281 2430 5334 Hodie
2450 5283 2578 5335 mihi
2601 5298 2691 5350 per
2715 5285 2921 5352 negotia
2939 5293 3108 5337 tecum
3126 5294 3394 5338 certamen

1833 5374 2012 5424 subire
2051 5373 2270 5424 minime
2303 5373 2446 5425 licet.
2498 5373 2652 5427 Curis
2683 5375 2824 5427 enim
2861 5384 2912 5428 et
2955 5375 3399 5430 sollicitudinibus

1843 5461 2072 5529 undique
2113 5478 2322 5528 urgeor,
2355 5472 2512 5532 atque
2565 5463 2616 5517 in
2657 5463 2947 5519 afﬂictione
3000 5481 3138 5519 sum.
3175 5467 3394 5521 Paulum

1845 5562 2017 5605 tamen
2049 5561 2220 5606 tecum
2260 5566 2496 5621 pergam,
2536 5554 2777 5620 quamvis
2805 5556 2931 5608 nihil
2973 5555 3092 5611 hinc
3130 5557 3395 5611 commodi
