4180 6458
136 383 239 447 981

1230 395 1406 457 νΙΤΑ
1444 393 1803 455 BARLAAM
1840 391 1935 451 ET
1971 390 2323 451 JOASAPII.

3260 397 3365 461 982

141 499 295 570 ἡμῶν
317 501 692 573 ἐξερχομένων
718 504 813 557 τοῦ
839 504 1114 576 σώματος,
1143 505 1287 579 ὑπὲρ
1316 507 1476 578 ἡμῶν
1504 524 1566 560 τε
1587 507 1709 561 δυσ·

1745 508 1790 563 Α
1826 508 1984 570 cisci,
2041 524 2103 562 ac
2158 519 2333 564 nostra
2387 528 2540 567 causa
2594 515 2755 569 Deum
2796 518 3035 583 precibus
3071 519 3371 588 innectere,

141 594 357 662 ωπῆσαι
389 594 482 647 τὸν
513 595 750 667 Κύριον,
787 598 883 650 καὶ
912 597 1022 651 τῶν
1056 598 1267 670 ἐχθρῶν
1311 601 1458 671 ἡμᾶς
1493 598 1717 669 λυτρούκ

144 702 300 753 μενος
340 687 436 740 καὶ
472 687 662 742 δεινῶν
705 690 1041 760 φορολόγων,
1088 690 1195 744 τῶν
1239 691 1548 760 λογοθέσιον
1586 692 1721 762 ἡμῖν

141 779 337 848 πικρὸν
367 780 428 833 ἐν
452 779 532 850 τῷ
566 782 690 851 ἀέρι
730 782 1052 848 κινούντων,
1083 784 1180 838 καὶ
1216 784 1585 856 χειρώσασθαι
1626 801 1717 835 πι-

140 870 287 940 κρῶς
316 870 645 943 ζητούντων.
685 870 856 939 Οὗτός
882 879 1031 929 ἐστιν
1054 879 1084 930 ὁ
1111 875 1413 947 εὐγνώμων
1442 877 1594 945 φίλος
1625 876 1719 929 καὶ

136 963 361 1030 ἀγαθὸς,
386 968 414 1019 ό
444 968 607 1037 118
634 968 727 1021 καὶ
750 967 849 1040 τὴν
877 968 1080 1041 μικράν
1102 971 1136 1039 ή
1146 969 1261 1039 μῶν
1290 970 1598 1040 εὐπραγίαν
1624 970 1717 1022 ἐπὶ

142 1060 362 1128 μνήμης
385 1060 569 1129 φέρων
598 1061 695 1113 καὶ
722 1062 822 1115 σὺν
855 1064 1001 1133 τόκῳ
1029 1063 1162 1133 ἡμῖν
1193 1065 1377 1116 πᾶσαν
1403 1062 1713 1125 ἀποδιδούς.

209 1228 370 1281 ΚΕΦ.
408 1230 506 1283 ΙΔ’.
546 1225 715 1295 Αὖθις
756 1226 852 1283 οὗν
889 1232 919 1285 ό
976 1234 1245 1303 Ἰωάσαφο
1282 1229 1354 1288 Εὖ
1383 1252 1467 1287 σοι
1507 1235 1716 1303 γένοιτο

135 1321 289 1390 παρά
317 1323 525 1393 Κυρίου
548 1323 644 1377 τοῦ
668 1324 826 1388 Θεοῦ,
850 1318 897 1378 ὦ
926 1325 1209 1396 σοφώτατε
1238 1328 1347 1382 τῶν
1376 1327 1712 1399 ἀνθρώπωνί

137 1412 413 1484 εὔφρανας
443 1416 551 1487 γάρ
591 1434 692 1485 μου
732 1418 833 1490 τὴν
869 1420 1051 1491 ψυχὴν
1078 1421 1193 1484 τοῖς
1228 1422 1587 1492 καταλλήλοις
1619 1440 1716 1477 σου

136 1505 232 1557 καὶ
254 1506 497 1575 ἀρίστοις
521 1509 751 1579 ῥήμασι.
779 1512 1082 1583 Τοιγαροῦν
1111 1513 1474 1568 ἀνατύπωσόν
1505 1532 1595 1584 μοι
1620 1518 1717 1569 καὶ

133 1596 218 1649 ἐτι
246 1599 426 1652 είκόνα
451 1600 552 1671 τῆς
584 1603 948 1671 ματαιότητος
978 1605 1072 1658 τοῦ
1114 1608 1346 1677 κόσμου,
1386 1608 1481 1661 καὶ
1506 1609 1621 1672 πῶς
1649 1610 1715 1663 ἄν

133 1708 221 1755 τις
245 1694 303 1745 ἐν
334 1693 523 1765 εἰρήνῃ
545 1695 641 1748 καὶ
670 1696 939 1768 ἀσφαλείᾳ
954 1698 1146 1752 τοῦτον
1165 1699 1383 1755 διέλθοι.

220 1876 531 1931 ’Δναλαὸὼν
548 1878 605 1932 δὲ
628 1878 724 1933 τὸν
745 1878 902 1944 λόγον
928 1880 958 1932 ὁ
978 1879 1200 1949 Βαρλαά
1207 1902 1246 1950 μ
1271 1879 1375 1948 ἔφη
1392 1896 1407 1911 ο
1442 1880 1507 1933 Ἀ
1517 1899 1713 1934 κουσον

128 1969 231 2021 καὶ
251 1969 445 2022 τούτου
468 1970 534 2042 δὴ
561 1969 656 2023 τοῦ
683 1970 897 2043 προὸλή
908 1989 1072 2040 ματος
1092 1972 1377 2042 ὁμοίωσιν.
1405 1972 1567 2025 Πόλιν
1592 1973 1714 2025 τινὰ

131 2063 432 2132 μεμάθηκα
462 2064 729 2135 μεγάλην,
756 2060 826 2136 ἦς
851 2067 902 2119 οἱ
938 2065 1154 2119 πολῖται
1186 2065 1444 2135 τοιαύτην
1478 2067 1712 2136 ἐσχήκε-

127 2171 235 2207 σαν
280 2154 519 2209 ἔκπαλαι
567 2157 895 2228 συνήθειαν,
937 2157 1000 2210 τὸ
1036 2157 1509 2226 ἐπιλαμϐάνεσθαι
1560 2156 1712 2221 ξένου

123 2244 275 2309 τινὸς
317 2244 413 2299 καὶ
458 2245 740 2314 ἀγνώστου
789 2248 1017 2318 ἀνδρὸς,
1048 2248 1216 2319 μηδὲν
1255 2247 1364 2301 τῶν
1396 2250 1578 2318 νόμων
1615 2249 1713 2317 τῆς

122 2335 339 2400 πόλεως
365 2338 463 2392 καὶ
488 2339 841 2408 παραδόσεων
869 2341 1008 2403 ὅλως
1041 2341 1431 2409 ἐπισταμένου,
1460 2341 1557 2393 καὶ
1584 2339 1711 2393 τοῦ-

121 2444 223 2481 τον
272 2426 498 2497 βασιλέα
546 2428 809 2499 καθιστᾷν
850 2432 1100 2494 ἑαυτοῖς,
1142 2430 1326 2499 πάσης
1363 2429 1710 2484 ἀπολαύοντα

119 2518 378 2582 ἐξουσίας
422 2521 517 2575 καὶ
544 2521 654 2574 τῶν
691 2521 855 2575 αὑτοῦ
890 2521 1213 2591 θελημάτων
1244 2520 1541 2583 ἀκωλύτως
1589 2522 1711 2591 ἐχό-

121 2633 312 2685 μενον,
334 2616 462 2689 ἄχρι
486 2617 937 2691 συμπληρώσεως
966 2617 1298 2671 ἐνιαυσιαίου
1324 2619 1540 2689 χρόνου.
1570 2612 1707 2682 Εἶτ’,

120 2710 390 2781 ἐξαίφνης
434 2712 494 2766 ἐν
548 2715 699 2784 πάσῃ
753 2711 919 2765 αὐτοῦ
966 2711 1326 2780 τυγχάνοντος
1380 2710 1706 2781 άμεριμνίᾳ,

115 2803 438 2874 τρυφῶντός
466 2822 527 2857 τε
554 2806 651 2859 καὶ
672 2804 1058 2868 σπαταλιῖΝτος
1083 2804 1280 2867 ἀδεῶς,
1303 2806 1399 2857 καὶ
1424 2803 1710 2856 συνδιαιωο

114 2898 294 2959 νίζειν
325 2895 478 2966 αὐτῷ
502 2897 601 2967 τὴν
629 2896 908 2966 βασιλείαν
936 2897 1112 2950 εἰσαεὶ
1137 2895 1427 2959 δοκοῦντος
1446 2935 1461 2957 ,
1495 2897 1709 2964 ἐπεγει-

117 2988 350 3057 ρόμενοι
382 2989 505 3041 κατ’
547 2988 747 3055 αὐτοῦ,
792 2988 889 3042 καὶ⁸
923 2988 1023 3059 τὴν
1064 2987 1349 3059 βασιλικὴν
1380 2987 1706 3058 ἀφελόμενοι

115 3079 357 3150 στολὴν,
396 3081 605 3148 γυμνόν
633 3097 692 3133 τε
736 3079 842 3133 ἀνὰ
874 3082 1056 3132 πᾶσαν
1098 3078 1569 3150 θριαμϐεύσαντες
1606 3081 1706 3149 τὴν

112 3170 282 3222 πόλιν
302 3209 319 3231 ,
349 3170 624 3238 ἐξόριστον
654 3169 902 3240 ἔπεμπον
935 3172 1017 3233 εἰς
1054 3170 1275 3240 μακρὰν
1311 3169 1705 3241 ἀπῳκισμένην

111 3265 222 3315 καὶ
272 3261 515 3331 μεγάλην
542 3262 666 3315 τινὰ
696 3263 881 3332 νῆσον,
916 3264 975 3315 ἐν
1000 3258 1057 3336 ᾗ,
1092 3264 1231 3334 μήτε
1276 3262 1573 3333 διατροφῆς
1618 3263 1708 3317 εὐ-

112 3354 315 3424 πορῶν
366 3354 505 3424 μήτε
559 3353 908 3423 ἐνδυμάτων,
957 3356 1016 3406 ἐν
1065 3354 1211 3426 λιμῷ
1261 3356 1357 3409 καὶ
1406 3354 1708 3425 γυμνότητι

109 3446 315 3509 δεινῶς
343 3445 728 3516 κατετρύχετο,
756 3446 856 3516 τῆς
892 3447 1023 3516 παρ’
1052 3446 1245 3499 ἐλπίδα
1273 3446 1526 3517 δοθείσης
1556 3445 1708 3517 αὐτῷ

108 3539 339 3609 τρυφῆς
369 3539 464 3591 καὶ
500 3537 770 3608 θυμηδίας
799 3540 880 3599 είς
907 3537 1089 3609 λύπην
1134 3534 1291 3601 αὖθις
1323 3539 1418 3593 καὶ
1454 3539 1587 3611 παρ’
1614 3537 1706 3591 ἐλ-

109 3632 256 3686 πίδα
288 3632 467 3685 πᾶσαν
492 3630 588 3685 καὶ
614 3630 948 3701 προσδοκίαν
979 3631 1468 3703 μεταμειφθείσης.

198 3901 358 3955 Κατά
378 3900 442 3954 τὸ
468 3899 968 3973 παρακολουθῆσαν
988 3900 1171 3954 τοίνυν
1191 3900 1314 3963 ἔθος
1339 3900 1448 3954 τῶν
1475 3902 1706 3956 πολιτῶν

106 3996 389 4060 ἐκείνων,
438 3993 830 4063 προεχειρίσθη
873 4010 958 4057 τις
995 3996 1137 4063 ἀνὴρ
1175 3996 1256 4057 εἰς
1286 3994 1386 4063 τὴν
1427 3994 1705 4065 βασιλείαν

110 4086 292 4158 119
330 4085 545 4140 συνέσει
589 4084 759 4156 πολλῇ
795 4084 887 4137 τὸν
941 4085 1201 4154 λογισμὸν
1238 4086 1547 4156 κατάκομον
1592 4087 1704 4157 (67)

104 4182 285 4249 ἔχων,
314 4178 374 4241 ὃς
403 4177 602 4230 αὐτίκα
628 4176 703 4246 μὴ
739 4175 1145 4245 συναρπασθεὶς
1170 4182 1236 4247 τῇ
1267 4177 1528 4247 ἐξαίφνης
1555 4178 1704 4248 αύτῷ

1825 610 1983 663 atque
2007 603 2075 653 ab
2110 602 2346 657 hostibus
2385 607 2579 660 nostris
2614 617 2669 661 et
2706 608 2979 665 horrendis
3016 614 3368 679 exactoribus,

1824 706 1913 757 qm
1938 691 2003 743 de
2036 692 2322 747 referendis
2348 698 2637 751 rationibus
2664 699 2907 754 acerbam
2956 704 3106 757 nobis
3149 706 3202 758 in
3247 722 3339 760 aer

1824 782 1966 834 litem
1994 795 2226 846 movent,
2254 799 2315 838 ac
2341 787 2623 842 crudeliter
2651 806 2745 844 nos
2769 792 3001 861 arripere
3025 797 3349 850 contendunt

1827 871 2053 927 liberare
2092 885 2281 940 potest.
2326 877 2421 932 Hic
2457 879 2704 933 ninnrum
2741 893 2825 937 est
2860 885 3114 939 candidus
3168 888 3258 942 ille
3309 903 3370 941 ac

1826 964 2021 1027 probus
2057 972 2112 1017 et
2145 976 2322 1034 gratus
2356 970 2577 1032 amicus,
2615 970 2700 1037 qui
2737 976 3028 1039 quamlibet
3062 978 3220 1030 etiam
3258 981 3367 1033 cxi-

1823 1068 1979 1119 guum
2017 1055 2211 1112 bonum
2248 1067 2485 1113 nostrum
2523 1076 2654 1128 Opus
2684 1067 2933 1119 memoria
2965 1075 3125 1133 tenet,
3153 1084 3217 1123 ac
3244 1085 3364 1123 cum

1824 1147 2002 1202 tenore
2031 1148 2181 1202 nobis
2204 1150 2325 1204 illud
2356 1152 2615 1220 rependit.

1890 1237 2019 1291 Cn.
2052 1237 2185 1291 XIV.
2215 1268 2229 1277 -
2310 1239 2533 1295 Rursum
2562 1242 2718 1309 igitur
2742 1243 2996 1309 Josaphat
3022 1245 3155 1298 dixit
3196 1264 3210 1301 :
3253 1248 3367 1302 Uti-

1822 1340 1940 1378 nam
1970 1328 2117 1381 tibia
2148 1328 2367 1383 Domino
2392 1329 2498 1384 Deo
2532 1347 2614 1385 .uo
2642 1362 2649 1371 -
2682 1347 2807 1384 aut
2846 1331 3014 1385 fausta
3049 1345 3101 1387 et
3135 1335 3365 1403 jucunda

1821 1414 1945 1475 sint.
1975 1414 2241 1469 hominum
2271 1418 2677 1474 sapientissime.
2708 1420 2980 1484 Siquidem
3008 1425 3219 1488 optimis
3266 1428 3367 1479 tuis

1830 1508 2069 1560 aptisque
2087 1499 2418 1549 sermonibus
2440 1498 2667 1551 animum
2692 1518 2863 1552 meum
2885 1500 3205 1552 exhilarasti.
3227 1500 3366 1565 Quo-

1824 1584 1960 1635 circa
2000 1588 2242 1639 vanitatis
2280 1588 2435 1655 hujus
2473 1590 2649 1642 mundi
2689 1607 2893 1643 rursum
2934 1591 3211 1665 imaginem
3242 1593 3368 1646 mihi

1822 1674 2078 1739 exprime,
2111 1685 2166 1728 et
2190 1692 2288 1740 qua
2318 1678 2521 1732 ratione
2546 1679 2679 1731 hanc
2707 1680 2864 1732 vitam
2891 1680 2943 1732 in
2976 1695 3102 1748 pace
3130 1695 3193 1735 ac
3218 1696 3369 1736 secu-

1825 1762 1978 1818 ritate
2006 1779 2286 1831 peragrare
2312 1781 2523 1835 queam.

1746 1856 1787 1911 B
1896 1851 2174 1916 Excipieus
2206 1852 2364 1917 igitur
2389 1867 2684 1906 sermonem
2716 1856 2981 1922 Barlaam,
3003 1854 3115 1908 ait:
3139 1855 3373 1923 Hujusce

1828 1951 2035 2007 quoque
2063 1943 2372 2007 quwstionis
2400 1943 2792 1996 similitudinem
2817 1947 2955 1998 audi.
2974 1945 3169 2000 Urbem
3186 1963 3367 2012 quaut-

1821 2028 1939 2077 dam
1970 2042 2207 2095 magnam
2238 2030 2499 2085 exstitisse
2534 2035 2739 2102 accepi,
2772 2036 2823 2087 in
2860 2051 2960 2103 qua
2999 2036 3140 2091 cives
3179 2037 3279 2091 hoc
3319 2039 3369 2090 in

1822 2131 1968 2171 more
2005 2128 2161 2183 atque
2199 2121 2438 2175 instituto
2468 2125 2690 2189 positum
2732 2124 3013 2193 habebant,
3045 2134 3101 2180 ut
3136 2127 3366 2194 peregri-

1821 2221 1943 2258 tmm
1974 2209 2250 2274 quemdam
2289 2220 2341 2264 et
2377 2212 2611 2279 ignotum
2651 2214 2839 2279 virum,
2867 2230 2928 2269 ac
2958 2218 3129 2283 legum
3157 2229 3213 2272 et
3238 2233 3361 2272 cono

1820 2296 2157 2349 suetudinqu
2188 2302 2414 2353 civitatis
2438 2304 2652 2355 omnino
2676 2304 2861 2358 rudem
2887 2314 2939 2359 et
2963 2306 3201 2374 ignarum
3228 2308 3364 2362 acci-

1821 2396 2027 2452 pereut,
2058 2403 2282 2455 eumque
2310 2392 2407 2443 sibi
2440 2392 2566 2459 ipsis
2587 2409 2761 2461 regem
2786 2397 3180 2460 constituerent,
3205 2410 3365 2464 penes

1819 2491 1973 2543 quem
2006 2491 2097 2544 per
2126 2479 2277 2531 unius
2306 2481 2430 2533 anni
2455 2483 2775 2536 curriculum
2808 2499 2982 2538 rerum
3009 2486 3243 2539 outniutu
3271 2502 3365 2553 po-

1819 2577 1983 2621 testas
2009 2579 2169 2634 esset,
2200 2569 2390 2639 quique
2419 2572 2582 2628 libere
2610 2582 2663 2628 et
2697 2574 2810 2629 sine
2846 2575 2954 2629 ullo
2992 2578 3364 2644 impedimento

1817 2659 2068 2727 quidquid
2099 2661 2276 2725 vellet,
2309 2665 2523 2718 faceret.
2550 2664 2673 2717 Post
2705 2676 2899 2732 autem,
2929 2669 3054 2722 dum
3094 2668 3181 2723 ille
3219 2672 3363 2726 omni

1819 2766 2034 2817 prorsus
2059 2766 2183 2807 cura
2215 2770 2407 2809 vacuus
2445 2757 2677 2823 degeret,
2706 2768 2863 2828 atque
2892 2760 2944 2812 in
2982 2760 3105 2814 luxu
3140 2770 3194 2815 et
3226 2761 3360 2816 del--

1820 2842 1915 2893 ciis
1951 2855 2068 2894 s:ne
2111 2843 2217 2895 ullo
2257 2854 2396 2897 metu
2437 2860 2771 2911 versaretur,
2811 2859 3227 2916 perpetuumque
3263 2851 3363 2904 sibi

1816 2947 2031 3002 regnum
2062 2935 2171 2987 fore
2197 2938 2547 3001 existimaret,
2574 2950 2790 3007 repente
2818 2942 3070 2996 adversus
3111 2958 3233 2997 eum
3281 2945 3361 2996 in-

1815 3034 2108 3090 8urgentes,
2134 3027 2432 3094 regiamque
2459 3027 2555 3095 ipsi
2580 3043 2777 3084 veSIem
2804 3030 3159 3096 detrahentes,
3183 3047 3243 3086 ac
3267 3050 3359 3085 nu-

1815 3110 1939 3164 dum
1973 3128 2066 3180 per
2093 3124 2254 3168 tutam
2288 3116 2470 3171 urbem
2503 3131 2746 3189 tanquam
2774 3121 2824 3175 in
2856 3124 3173 3191 triumphum
3203 3139 3359 3191 agen-

1733 3209 1778 3271 ο
1818 3210 1915 3266 tes,
1948 3205 2000 3257 in
2028 3220 2265 3273 magnam
2337 3212 2621 3277 quamdam
2718 3226 2783 3265 ac
2876 3211 3031 3283 longe
3104 3224 3359 3268 remotam

1812 3296 2035 3351 insulam
2064 3312 2181 3349 eum
2214 3297 2534 3366 relegabant,
2569 3300 2619 3352 in
2649 3316 2750 3370 qua
2787 3316 2885 3358 nec
2912 3306 3050 3357 victu
3081 3319 3177 3358 nec
3204 3305 3357 3357 indu-

1812 3383 2004 3438 mentis
2043 3386 2479 3452 suppeteutibus,
2522 3389 2659 3442 fame
2694 3404 2757 3442 ac
2794 3390 3028 3445 nuditate
3065 3392 3357 3446 miserrime

1812 3475 2169 3540 premebatur,
2200 3476 2467 3541 voluptate
2484 3477 2685 3532 scilicet
2704 3488 2860 3548 atque
2886 3480 3045 3534 animi
3076 3481 3336 3537 hilaritate

1809 3581 1925 3635 qua:
1954 3576 2149 3633 praeter
2166 3583 2312 3631 spem
2338 3569 2433 3635 ipsi
2461 3582 2707 3623 concessa
2736 3572 2925 3636 fuerat,
2974 3573 3025 3625 in
3076 3587 3354 3628 mmrorem

1810 3670 1992 3709 rursus
2021 3665 2209 3722 praeter
2232 3672 2379 3715 seem
2409 3674 2617 3715 omnem
2648 3672 2701 3715 et
2723 3668 3178 3731 exSpectatiouetn
3206 3679 3351 3718 com-

1811 3753 2026 3800 mutata.

1886 3906 2116 3974 Contigit
2142 3918 2269 3973 ergo
2298 3913 2354 3958 ut
2381 3918 2475 3971 pro
2501 3904 2713 3970 antiquo
2739 3902 2930 3955 civium
2960 3902 3163 3954 illorum
3212 3916 3357 3953 more

1819 4006 1977 4064 atque
2002 3995 2258 4057 instituto,
2288 3995 2368 4048 vir
2396 3994 2604 4063 quidam
2656 4006 2843 4060 magno
2890 3989 3080 4057 ingenii
3124 3992 3362 4043 acumine

1818 4086 2068 4155 praditus
2097 4086 2161 4138 ad
2189 4101 2405 4153 regnum
2434 4088 2800 4136 ascisceretur.
2828 4082 2924 4146 Qui
2970 4083 3144 4134 statim
3190 4081 3362 4134 subita

1820 4191 1882 4229 ea
1909 4175 2178 4234 felicitate.
2206 4189 2323 4241 qua:
2352 4174 2447 4240 ipsi
2476 4173 2750 4241 obtigerat,
2781 4170 2915 4223 haud
2944 4185 3199 4237 quaquam
3232 4185 3363 4237 prae.

1820 4279 1945 4332 ceps
1972 4267 2243 4329 abreptus,
2274 4277 2371 4315 nec
2393 4277 2572 4316 eorum
2609 4259 2697 4339 qui
2727 4269 2847 4314 ante
2875 4273 2931 4311 se
2959 4259 3152 4326 regiam
3187 4258 3362 4325 digni-

1824 4370 1981 4413 tatem
2002 4358 2357 4419 obtinuerant,
2381 4356 2676 4422 misereque
2693 4353 2843 4421 ejecti
2871 4352 3093 4413 fuerant,
3113 4350 3361 4403 incuriam

1823 4450 2077 4513 imitatus,
2109 4449 2285 4501 atiimo
2312 4449 2467 4499 anxio
2495 4460 2557 4499 ac
2581 4445 2803 4499 sollicito
2849 4445 2896 4495 id
2945 4443 3204 4510 agitabat,
3234 4457 3364 4509 quo-

1828 4555 1949 4594 nam
1977 4550 2129 4608 pacto
2155 4539 2314 4592 rebus
2350 4539 2460 4591 suis
2498 4538 2692 4602 optime
2734 4534 3051 4589 consuleret.
3088 4535 3214 4585 Dum
3241 4548 3366 4599 ergo

1822 4632 2005 4685 crebra
2034 4628 2373 4684 meditatione
2414 4626 2525 4679 haec
2550 4641 2726 4680 secum
2759 4636 3008 4687 versaret,
3040 4638 3132 4689 per
3158 4625 3367 4688 sapien-

1823 4721 2083 4775 tissimum
2110 4719 2385 4787 quemdam
2416 4717 2793 4780 consiliarium,
2824 4717 2889 4768 de
2928 4715 3115 4766 civimu
3145 4728 3364 4766 consue-

1826 4810 2007 4865 tudine
2031 4825 2090 4863 ac
2105 4808 2337 4877 perpetui
2368 4807 2535 4862 exsilii
2560 4809 2676 4860 loco
2704 4807 2897 4860 certior
2917 4806 3079 4858 factus
3107 4814 3206 4867 est,
3234 4820 3368 4871 quo-

1824 4917 1942 4955 nam
1971 4910 2124 4968 pacto
2150 4901 2263 4953 sine
2290 4899 2397 4951 ullo
2432 4913 2611 4951 errore
2648 4898 2759 4965 ipse
2795 4896 2894 4949 sibi
2931 4909 3118 4954 cavere
3153 4894 3371 4946 deberet

1825 4990 2104 5045 Intellexit.
2142 4990 2273 5042 Cum
2312 4990 2467 5057 igitur
2507 4988 2607 5040 hoc
2643 4986 2989 5055 cognovisset,
3030 4985 3367 5050 futurumque

1827 5094 1988 5147 prope
2024 5080 2162 5133 diem
2186 5089 2242 5132 ut
2276 5078 2341 5131 ad
2380 5078 2525 5131 illam
2565 5077 2791 5131 insulam
2821 5076 3179 5142 ablegaretur,
3216 5085 3381 5140 atque.

1825 5168 2166 5225 adventitium
2195 5168 2319 5222 illud
2349 5180 2403 5222 et
2430 5168 2661 5222 alienum
2696 5180 2914 5235 regnum
2941 5165 3059 5219 aliis
3095 5165 3373 5231 relinque-

103 4269 515 4340 προσπεσούσῃ
544 4268 792 4338 εύθηνίᾳ,
831 4267 965 4338 μηδὲ
988 4268 1096 4321 τῶν
1127 4269 1704 4339 προϐεϐασιλευκότων

102 4363 220 4415 καὶ
265 4361 467 4422 ἀθλίως
505 4359 884 4429 ἐκϐληθέντων
929 4360 1029 4429 τὴν
1060 4360 1396 4429 ἀμεριμνίαν
1427 4361 1699 4431 ζηλώσας,

98 4454 465 4524 ὲμμέριμνον
508 4447 623 4521 εἶχε
663 4451 758 4505 καὶ
795 4450 1088 4519 ἐναγώνιον
1134 4453 1235 4522 τὴν
1278 4452 1457 4523 ψυχὴν
1489 4454 1607 4517 πῶς
1636 4455 1703 4508 ἂν

97 4548 189 4599 τὸ.
220 4545 339 4598 κατ’
364 4543 528 4598 αὐτὸν
553 4539 613 4595 εὖ
642 4543 899 4604 διάθοιτο.
929 4544 1007 4614 Τῇ
1038 4546 1208 4614 συχνῇ
1237 4544 1295 4596 δὲ
1323 4544 1521 4618 μελέτῃ
1543 4546 1697 4615 άκρι-
1731 4552 1774 4607 ι)

96 4635 474 4704 ϐωσάμενος,
508 4634 650 4701 ἔγνω
685 4633 774 4686 διά
826 4650 971 4696 τινος
1023 4634 1337 4702 σοφωτάτου
1386 4635 1696 4703 συμϐούλου

92 4727 220 4795 τὴν
251 4725 543 4797 συνήθειαν
569 4726 680 4779 τῶν
708 4725 940 4779 πολιτῶν
959 4766 974 4789 ,
1011 4724 1106 4778 καὶ
1148 4726 1239 4778 τὸν
1264 4726 1430 4778 τόπον
1468 4727 1571 4795 τῆς
1613 4728 1697 4780 δι-

90 4816 353 4888 ηνεκοῦς
384 4817 619 4887 ἐξορίας·
652 4818 801 4881 ὅπως
843 4834 901 4869 τε
945 4818 1050 4889 χρὴ
1077 4817 1268 4871 ἑαυτὸν
1295 4819 1703 4887 ἀσφαλίσασθαι

91 4908 382 4972 ἀπλανῶς
410 4909 686 4980 ἐδιδάχθη.
716 4909 879 4965 Ταῦτ’
910 4909 1003 4963 οὖν
1037 4910 1112 4973 ὡς
1150 4908 1292 4977 ἔγνω
1314 4949 1330 4973 ,
1369 4914 1465 4964 καὶ
1510 4913 1593 4964 ὅτι
1620 4911 1702 4964 δεῖ

87 4998 286 5055 αὐτὸν
314 5002 438 5054 ὅσον
470 4999 624 5054 οὔπω
656 5000 872 5070 ἐκείνην
901 5001 1349 5071 καταλαμϐάνειν
1376 5003 1477 5071 τὴν
1513 5002 1697 5072 νῆσον,

85 5092 221 5163 τὴν
266 5090 311 5144 δ’
358 5092 657 5161 ἐπίκτητον
699 5094 905 5164 ταύτην
946 5093 1045 5147 καὶ
1094 5094 1384 5164 ἀλλοτρίαν
1424 5093 1701 5164 βασιλείαν

87 5182 428 5254 ἀλλοτρίοις
474 5182 633 5247 αὖθις
676 5185 1149 5256 καταλιμπάνειν,
1185 5187 1403 5252 ἀνοίξας
1433 5188 1558 5251 τοὺς
1598 5187 1696 5259 θη-

190 5337 308 5409 (67)
336 5336 897 5413 Constantinusllan.
920 5337 1127 5413 Chron.
1171 5355 1291 5410 pag.
1322 5343 1424 5399 109
1452 5388 1455 5391 .
1511 5343 1698 5412 χάρισι

1739 5351 2060 5413 κατακομος,
2101 5340 2219 5395 1am
2258 5338 2478 5413 Noster.
2506 5354 2559 5408 p.
2605 5337 2699 5413 ξε),
2730 5337 2819 5399 18,
2851 5337 2998 5413 πάσῃ
3032 5336 3250 5413 συνέσει
3280 5352 3380 5389 κα·-

86 5407 653 5491 τάκομον.λογισμὸν
690 5409 844 5491 dixit.
877 5411 1043 5491 Isaac.
1082 5407 1608 5491 Po.rp_liyrogen.:'l)é
1633 5407 1953 5491 prastat-1n;
1983 5421 2201 5491 narrato
2225 5410 2479 5491 Achillis,
2501 5407 2564 5463 ac
2608 5409 2808 5489 Etiatut
2845 5410 2911 5488 de
2960 5408 3380 5491 l’ol'yxeutn‘nu-

88 5478 572 5560 'vliiS‘COHOGIUiO',
603 5480 746 5560 quod
781 5478 991 5560 Paridis
1011 5478 1460 5560 -perlid‘ia'rupit.
1506 5483 1709 5560 ἐντεῦθε

1739 5501 1776 5545 ν,
1819 5486 1895 5560 ait
1929 5499 1982 5560 ι),
2288 5480 2669 5560 ἀληθείαςθτῇς
2712 5478 3169 5560 φονικῇιςςταύτης
3198 5478 3379 5560 αὐτῶν

92 5544 508 5626 ἆυνελευσεως,
604 5544 850 5626 Πρίαμος
883 5551 978 5626 καὶ
1006 5544 1290 5626 δὶὰμταύτα
1320 5544 1551 5626 ῤ’γέρων
1588 5544 1832 5626 ᾄθλιος
1872 5544 2269 5626 ἐντὸςᾷεἰσῆλθε
2298 5544 2461 5604 πάλιν
2482 5550 2575 5626 τοῦ
2605 5544 2813 5609 ἄστεως
2951 5546 3119 5626 λύπη
3150 5544 3382 5625 κατάκο-

94 5636 248 5697 ρος.
286 5618 392 5671 Pro
419 5618 489 5697 δι’
532 5618 905 5697 ἀληθείας-εει
935 5620 1283 5691 διαληθείσας
1318 5618 1531 5697 ἰιιίυυιί.
1579 5624 1709 5689 817;

1756 5627 1898 5679 unde
1943 5618 2308 5691 διαλυθείσης,
2361 5621 2500 5689 quod
2546 5629 2643 5697 est.
2679 5629 2959 5697 sententia:
2998 5618 3376 5697 aptissimum,

87 5689 344 5765 faciam,
379 5692 539 5756 idque
564 5692 745 5765 lac-tle.
777 5691 912 5765 Nam
946 5706 984 5765 η
1014 5689 1128 5745 ειυ
1174 5704 1444 5765 permutat
1484 5695 1820 5755 iotacismus,
1858 5697 1998 5763 quod
2029 5693 2140 5760 jam
2189 5689 2344 5765 fuita
2387 5706 2471 5744 me
2519 5689 2817 5765 saepissime
2868 5689 3241 5765 monituiuhet
3265 5692 3375 5765 tero

88 5761 351 5837 initiatio
380 5775 479 5837 σης
527 5760 634 5812 alio
667 5756 1043 5837 loco-ejusdem
1084 5756 1287 5818 codicis
1331 5766 1465 5818 abiit
1511 5766 1563 5819 iu
1596 5782 1709 5829 σας,

1764 5756 2190 5837 υὺί,ἰπυί)υῑιυ
2237 5762 2383 5817 edito
2437 5758 2816 5830 πυρσωθείσης
2866 5773 2916 5826 p.
2966 5757 3094 5823 302,
3126 5756 3378 5809 librarius

88 5831 341 5897 scripsit
373 5833 510 5884 male
541 5829 935 5899 πυρσωθείσας.
