4180 6458
154 420 267 483 985

1252 417 1429 477 νιΤΑ
1467 415 1821 477 BARLAAM
1862 416 1954 475 ΕΤ
1993 417 2342 476 JUASAPII.

3301 430 3407 495 986

156 525 391 587 σιλείαν,
421 524 901 595 είτειάξιωμάτων
933 526 1325 596 λαμπρότητας
1345 567 1359 589 ,
1421 528 1532 580 εἴτε
1564 528 1719 580 δυνα-

1839 526 2041 599 fragilia
2071 536 2249 589 omnia
2291 536 2591 603 praesentia.
2646 539 2780 593 llinc
2823 541 3026 596 scilicet
3073 540 3190 598 hrec
3232 559 3410 598 omina

150 611 335 673 στείας
359 612 547 678 ὄγκον,
581 615 690 665 εἴτε
718 615 994 682 τυράννων
1027 614 1368 685 θρασύτητα,
1398 619 1506 669 εἴτε
1539 636 1589 669 τι
1618 618 1728 670 τῶν

144 703 427 765 τοιούτων,
455 702 627 765 οὕτως
660 706 753 757 καὶ
794 707 864 757 τά
892 708 1167 759 ἐνεστῶτα
1200 710 1278 771 εἰς
1310 711 1437 773 τοὺς
1472 710 1599 777 ἑξῆς
1629 712 1729 763 καὶ

149 795 447 860 μετέπειτα
496 795 721 862 χρόνους
764 797 1254 868 ἀμαυρωθήσεται.
1308 793 1521 871 Ὦνπερ
1571 802 1729 870 κάγὼ

144 879 231 946 εἷς
282 885 540 954 ὑπάρχων
576 888 642 955 τῇ
682 888 900 956 συνήθει
933 890 1153 952 πάντως
1202 891 1487 945 ἀλλοιώσει
1522 894 1726 946 ύποπε-

143 974 367 1043 σοῦμαι,
404 978 495 1029 καὶ
522 976 702 1039 καθὼς
731 981 778 1030 οἱ
819 979 924 1048 πρὸ
950 981 1085 1048 ἐμοῦ
1113 982 1179 1034 δι’
1208 984 1403 1043 αἰῶνος
1430 986 1726 1054 τέρπεσθαι

139 1067 259 1128 τοῖς
294 1068 559 1135 παροῦσιν
589 1070 650 1120 ού
684 1071 1146 1140 συνεχωρήθησαν
1170 1114 1183 1135 ,
1219 1075 1390 1137 οὕτως
1433 1077 1585 1129 ἔσται
1634 1079 1728 1131 καὶ

141 1156 238 1208 ἐπ’
267 1158 407 1227 ὲμοί.
439 1159 697 1211 Κατεῖδον
730 1161 837 1230 γάρ
861 1160 947 1213 οία
973 1165 1099 1225 τοὺς
1122 1166 1444 1233 ἀνθρώπους
1472 1171 1500 1220 ὁ
1529 1170 1727 1239 τύραν-

139 1265 239 1309 νος
295 1244 446 1312 οὗτος
500 1252 594 1301 καὶ
649 1251 970 1321 ταραχώδης
1027 1258 1427 1326 κατεργάζεται
1481 1262 1721 1329 κόσμος,

144 1341 459 1407 μετατιθεὶς
494 1343 690 1405 αὐτοὺς
722 1344 974 1396 ἐντεῦθεν
1002 1349 1278 1414 κάκεῖθεν,
1327 1351 1481 1420 122
1507 1355 1599 1415 οὓς
1631 1356 1726 1423 μὲν

142 1432 214 1482 ἐκ
247 1433 479 1484 πλούτου
510 1435 644 1502 πρὸς
670 1438 880 1498 πενίαν,
913 1436 1005 1499 οὓς
1030 1438 1084 1489 δὲ
1116 1442 1178 1490 ἐκ
1208 1443 1395 1505 πενίας
1432 1449 1509 1504 είς
1547 1446 1723 1512 δόξαν,

142 1524 367 1585 τούτους
392 1525 489 1593 μὲν
521 1525 807 1592 ύπεξάγων
828 1528 921 1580 τοῦ
942 1529 1079 1597 βίου,
1106 1530 1298 1595 ἄλλους
1328 1535 1382 1587 δὲ
1412 1536 1567 1599 αὖθις
1598 1540 1725 1589 ἀντ-

142 1615 418 1680 εισάγων,
452 1617 603 1677 τινάς
668 1619 767 1685 μὲν
811 1620 1006 1686 σοφοὺς
1039 1621 1133 1671 καὶ
1178 1626 1428 1686 συνετοὺς
1473 1626 1727 1679 ἀποδοκι-

142 1706 335 1773 μάζων
362 1745 376 1770 ,
419 1707 648 1777 ἀτίμους
695 1726 753 1761 τε
800 1712 893 1763 καὶ
924 1713 1163 1777 εὐτελεῖς
1214 1717 1338 1778 τοὺς
1373 1719 1584 1785 τιμίους
1634 1721 1728 1772 καὶ

141 1803 464 1867 περιφανεῖς
502 1802 900 1871 ἐργαζόμενος,
944 1806 1139 1870 ἄλλους
1168 1808 1223 1860 δὲ
1263 1811 1500 1877 ἀσόφους
1532 1830 1591 1864 τε
1633 1814 1725 1865 καὶ⁵

1838 635 1969 675 vana
1999 638 2138 688 esse,
2186 642 2356 695 neque
2398 629 2678 697 quidquam
2733 631 2971 687 utilitatis
3017 633 3215 690 habere
3252 634 3409 689 inte!-

1838 711 1962 769 lexi.
1987 716 2122 783 Quin
2152 719 2326 786 potius
2348 722 2787 789 quemadmodum
2823 727 2995 792 priora
3045 729 3224 783 omnia
3270 731 3405 784 obli-

1836 805 1991 860 vione
2015 808 2201 862 obruta
2223 822 2344 864 sunt
2371 814 2508 879 (sive
2533 816 2752 884 gloriam
2776 816 2994 884 dixeris,
3016 818 3131 874 sive
3157 836 3407 889 regnum,

1835 894 1947 949 sive
1975 896 2289 966 dignitatum
2320 902 2684 973 Splendorem,
2716 906 2829 962 sive
2856 911 3109 977 potentia:
3153 913 3405 980 amplitu-

1834 986 2032 1051 dinem,
2062 992 2173 1045 sive
2202 1002 2543 1061 tyrannorum
2571 999 2868 1061 audaciam,
2921 1003 3036 1057 sive
3083 1004 3209 1073 quid
3259 1006 3404 1058 aliud

1834 1081 2068 1147 ejusdem
2119 1086 2582 1153 generis),eodem
2637 1090 2795 1143 modo
2844 1096 3125 1159 prazsentia
3190 1110 3406 1164 quoque

1834 1178 2044 1229 tandem
2073 1188 2306 1235 vetustas
2334 1182 2657 1238 obscurabit.
2683 1185 2917 1252 Quorum
2951 1191 3000 1241 in
3031 1207 3252 1245 numero
3280 1210 3401 1247 rum

1834 1263 1947 1329 ipse
1971 1280 2178 1336 quoque
2205 1273 2328 1336 sim,
2357 1283 2622 1327 consuette
2654 1275 3007 1331 immutationi
3037 1295 3254 1346 prorsus
3275 1285 3403 1337 sub-

1833 1355 2004 1425 iicior.
2056 1360 2121 1413 Ut
2147 1364 2285 1416 enim
2316 1366 2377 1417 iis
2406 1366 2494 1432 qui
2519 1376 2643 1421 ante
2667 1384 2750 1421 me
2780 1370 3097 1424 exstiterunt
3119 1416 3133 1439 ,
3166 1388 3402 1439 praesen-

1831 1450 1959 1500 titnn
1986 1465 2159 1505 rerum
2190 1454 2543 1521 voluptatibus
2578 1468 2832 1531 perpetuo
2876 1461 2978 1514 frui
3022 1462 3242 1516 tninime
3270 1479 3403 1517 con-

1831 1552 2038 1592 cessmn
2065 1543 2272 1604 est,sic
2322 1560 2387 1596 ne
2437 1545 2563 1598 inihi
2613 1548 2830 1613 quidem
2881 1552 3227 1605 concedetur.
3276 1554 3403 1606 Ani-

1835 1633 2088 1682 madverti
2119 1633 2280 1695 enim,
2304 1636 2746 1695 quemadmodum
2782 1649 3036 1708 tyrannus
3069 1642 3153 1695 hic
3181 1657 3243 1695 ac
3287 1650 3402 1694 tur-

1832 1721 2075 1775 hulentus
2104 1724 2329 1777 mundus
2362 1724 2600 1780 homines
2628 1739 2837 1791 tractet,
2872 1746 2967 1785 eos
3012 1732 3260 1785 nimirum
3295 1737 3397 1787 huc

1831 1823 1987 1882 atque
2015 1814 2138 1868 illuc
2166 1816 2461 1880 invertens,
2491 1818 2587 1872 hos
2616 1822 2822 1874 scilicet
2848 1837 2911 1875 ex
2967 1823 3155 1891 opibus
3183 1824 3244 1876 ad
3275 1838 3399 1893 ego.

138 1892 440 1954 ἀσυνέτους
481 1894 573 1946 ἐπὶ
610 1895 803 1964 θρόνου
849 1896 1089 1959 καθίζων
1125 1900 1283 1969 δόξης
1330 1903 1464 1971 (71),
1508 1906 1719 1976 τιμίους

1832 1914 2044 1972 statem,
2091 1906 2211 1962 illos
2260 1924 2444 1963 rursus
2490 1926 2555 1964 ex
2604 1914 2918 1980 gravissima
2970 1925 3283 1981 paupertate
3329 1917 3396 1969 ad

116 1999 201 2041 ,τε
235 1985 361 2045 τοὺς
397 1983 626 2053 ἀτίμους
666 1988 759 2038 καὶ
786 1987 1014 2053 ἀφανεῖς
1047 1992 1182 2044 πᾶσι
1224 1992 1505 2049 δεικνύων.

1832 1996 2071 2065 gloriam,
2096 1997 2192 2051 bos
2214 2015 2245 2053 e
2273 2002 2378 2053 vita
2408 2001 2627 2066 ducens,
2660 2003 2776 2056 illos
2815 2020 3024 2057 rursum
3054 2020 3238 2057 eorum
3272 2007 3392 2058 loco

132 2071 189 2123 in
225 2072 389 2125 vitam
439 2073 731 2137 inducens;
784 2076 1055 2145 sapientes
1096 2081 1358 2147 quosdam
1403 2092 1457 2135 et
1497 2083 1800 2152 ingeniosos
1850 2086 1995 2139 viros
2046 2086 2356 2156 improbans
2405 2103 2470 2143 ac
2528 2089 2796 2156 rejiciens,
2827 2105 3031 2161 eosque
3060 2093 3150 2162 qui
3200 2093 3252 2147 in
3304 2095 3403 2149 ho-

133 2178 275 2218 nore
317 2180 380 2219 ac
431 2167 716 2235 splendore
762 2181 939 2235 erant,
986 2182 1324 2240 contemptus
1357 2184 1409 2228 et
1444 2177 1805 2245 despicabiles
1838 2181 2102 2245 reddens;
2160 2182 2294 2236 alios
2343 2193 2531 2237 contra
2591 2185 2908 2254 insipientes
2959 2203 3021 2242 ac
3070 2189 3296 2243 stolidos
3346 2192 3397 2244 in

130 2263 326 2330 gloriae
365 2264 559 2317 throno
603 2267 913 2331 collocaris,
964 2282 1164 2335 eosque
1215 2270 1304 2338 qui
1354 2271 1549 2337 objecti
1581 2282 1635 2325 et
1664 2275 1879 2331 obscuri
1920 2288 2112 2341 erant,
2151 2278 2222 2330 ita
2267 2280 2542 2344 evehens,
2575 2289 2634 2334 ut
2666 2281 2795 2351 ipsis
2827 2282 2896 2336 ab
2927 2283 3176 2340 omnibus
3228 2286 3401 2341 honor

143 2361 435 2415 trihnatttr.

215 2453 326 2506 Καὶ
360 2452 505 2505 ἔστιν
537 2454 663 2507 ἰδεῖν
698 2457 758 2507 τὸ
788 2457 896 2509 τῶν
940 2459 1245 2529 ἀνθρώπων
1290 2464 1443 2531 γένος
1481 2464 1723 2534 μηδὸλως

138 2547 287 2598 κατὰ
326 2548 617 2617 πρόσωπον
649 2550 747 2617 τῆς
783 2552 947 2605 αὐτοῦ
981 2556 1225 2623 ἀπηνοῦς
1255 2558 1564 2626 τυραννίδος
1599 2558 1722 2628 ἕχον

140 2640 354 2691 στάσινο
401 2639 536 2703 ἀλλ’,
581 2641 655 2702 ὡς
702 2644 831 2694 ὅταν
886 2648 1216 2717 περιστερά,
1256 2648 1527 2716 ᾳεύγουσα
1565 2651 1722 2703 ἀετὸν

137 2732 252 2781 εἶτε
312 2731 543 2800 ἱέρακα,
596 2734 795 2797 τόπους
845 2738 908 2787 ἐκ
962 2739 1145 2790 τόπων
1203 2742 1439 2811 ἀμείϐῃ,
1482 2742 1576 2794 νῦν
1623 2744 1721 2812 μὲν

139 2822 321 2891 τούτῳ
343 2823 417 2891 τῷ
446 2824 666 2894 δένδρῳ,
701 2827 854 2889 αὖθις
882 2830 1076 2898 ἐκείνῳ
1096 2830 1174 2900 τῷ
1200 2832 1409 2901 θάμνῳ,
1435 2830 1532 2885 εἶτ’
1559 2834 1720 2897 εὐθὺς

135 2912 414 2981 τρώγλαις
451 2916 560 2966 τῶν
594 2917 808 2985 πετρῶν
849 2920 941 2971 καὶ
976 2925 1256 2985 παντοίαις
1298 2925 1560 2987 ἀκάνθαις
1589 2927 1719 2979 ἑαυ-

134 3003 242 3071 τὴν
275 3006 753 3073 προσαράσσουσα.
789 3011 883 3062 καὶ
921 3012 1157 3079 οὐδαμοῦ
1187 3015 1515 3082 εύρίσκουσα
1548 3034 1717 3088 προσ-

136 3096 335 3161 φύγιον
364 3097 600 3163 ἀσφαλὲς
620 3138 634 3161 ,
668 3100 727 3150 ἐν
775 3102 922 3171 σάλῳ
951 3105 1045 3155 καὶ
1073 3106 1406 3158 ταλαντῶσει
1435 3109 1717 3161 ταλαιπω-

1912 2476 1982 2525 Ac
2011 2488 2231 2525 cernere
2260 2480 2368 2537 est,
2413 2472 2681 2524 homtnum
2716 2487 2881 2540 genus
2923 2475 2991 2523 ita
3034 2483 3395 2539 comparatum

1838 2579 1973 2628 esse,
2006 2574 2060 2617 ut
2087 2576 2207 2617 ante
2237 2564 2505 2617 crudelem
2530 2562 2697 2629 ipsius
2720 2563 3051 2633 tyrannidem
3076 2563 3204 2615 nihil
3226 2566 3395 2618 omnir

1837 2674 1907 2711 no
1939 2658 2146 2711 firtnum
2177 2674 2237 2711 ac
2277 2657 2465 2711 stabile
2498 2658 2706 2711 habeat.
2753 2656 3214 2723 Quemadmodum
3253 2657 3395 2710 enim

1834 2749 2077 2802 columba
2106 2749 2332 2817 aquilam
2356 2758 2448 2801 aut
2477 2749 2780 2815 accipitrem
2810 2747 3036 2815 fugiens,
3072 2747 3245 2801 locum
3272 2747 3396 2801 sub-

1835 2838 2289 2899 iudepcommutat,
2322 2856 2381 2891 ac
2405 2855 2543 2893 nunc
2569 2840 2777 2908 quidem
2805 2840 2856 2892 in
2884 2840 2981 2892 hac
3004 2839 3220 2899 arbore,
3252 2856 3391 2893 nunc

1832 2939 2007 2982 autem
2055 2930 2107 2981 in
2140 2930 2230 2982 illo
2261 2930 2446 2982 frutire
2466 2974 2480 2997 ,
2512 2945 2573 2983 ac
2595 2931 2785 2983 deinde
2810 2933 2859 2983 in
2890 2932 3096 3000 rupium
3122 2933 3393 2991 cavernis.

1837 3035 1900 3074 ac
1934 3023 2093 3074 variis
2138 3023 2304 3089 Spinis
2338 3024 2520 3090 pedem
2553 3022 2806 3091 affigens,
2848 3038 2947 3077 nec
2977 3034 3142 3077 tutum
3174 3038 3391 3091 usquam

1833 3111 2131 3180 perfugium
2182 3114 2473 3173 inveniens,
2527 3114 2578 3167 in
2609 3123 2862 3181 perpetua
2903 3112 3193 3182 jactatione
3235 3124 3392 3182 atque

138 3188 317 3253 ρεῖται
376 3185 644 3255 διηνεκεῖ,
708 3189 883 3253 οὕτως
958 3194 1096 3245 εἰσὶν
1168 3197 1218 3248 oi
1284 3201 1397 3260 τοῖς
1453 3199 1718 3269 παροῦσιν

1832 3179 2064 3255 aerumna
2094 3214 2333 3257 versatur
2360 3222 2372 3255 :
2399 3204 2583 3257 eodem
2617 3204 2774 3258 modo
2802 3220 2860 3259 se
2910 3206 3124 3269 habent,
3167 3208 3257 3276 qui
3302 3222 3392 3263 res

136 3278 487 3345 ἐπτοημένοι,
517 3279 606 3347 ὑφ’
635 3281 814 3351 ὁρμῆς
840 3284 937 3351 μὲν
957 3286 1243 3353 ἀλογίστου
1269 3289 1467 3352 ἀθλίως
1491 3290 1714 3343 πονοῦν-

133 3386 254 3430 τες.
290 3371 536 3439 μηδόλως
563 3373 621 3425 δέ
656 3390 707 3425 τι
740 3374 953 3444 ἔχοντες
988 3378 1205 3448 βέϐαιον
1236 3381 1267 3441 ἢ
1297 3383 1554 3449 ἀσφαλὲς,
1594 3387 1717 3453 μήτ’

136 3461 498 3527 ἐπιστάμενοι
540 3464 617 3526 εἰς
667 3465 854 3518 ὁποῖον
896 3471 1204 3522 καταντῶσι
1255 3474 1437 3535 τέλος,
1480 3477 1574 3527 καὶ⁵
1614 3475 1715 3527 ποῦ

134 3552 363 3614 τούτους
390 3554 419 3604 ὁ
465 3555 688 3621 μάταιος
713 3556 836 3624 ἄγει
864 3559 997 3627 βίος,
1092 3563 1469 3628 καθυπέταξαν
1492 3567 1717 3628 ἑαυτοὺς

136 3646 261 3696 λίαν
308 3646 583 3716 δυστυχῶς
631 3650 726 3701 καί⁸
768 3653 1004 3716 ἀθλίως,
1063 3658 1275 3725 πονηρά
1329 3660 1428 3725 μὲν
1474 3659 1718 3728 ἑλόμενοι

136 3738 265 3789 ἀντὶ
298 3739 538 3804 ἀγαθῶν,
575 3742 924 3809 μετελθόντες
957 3746 1013 3799 δὲ
1044 3736 1240 3801 κακίαν
1268 3751 1388 3802 ἀντὶ
1416 3752 1717 3821 χρηστότη-

134 3846 253 3890 τος,
282 3830 314 3897 ῆ
350 3833 433 3892 τίς
464 3833 491 3882 ὁ
519 3832 617 3893 τάς
648 3834 862 3904 ψυχρὰς
896 3837 1004 3889 τῶν
1044 3839 1254 3891 πολλῶν
1293 3843 1385 3893 καὶ
1428 3844 1717 3913 μοχθηρῶν

136 3920 323 3973 αὺτῶν
364 3924 623 3991 καμάτων
656 3925 1033 3997 διαδεξάμενος
1067 3934 1438 4003 ἐπικαρπίας,
1487 3938 1595 3988 εἴτε
1634 3938 1715 3989 οξ-

138 4015 312 4078 κεῖος,
342 4016 450 4065 εἴτε
477 4014 773 4085 ἀλλότριος⁸
804 4022 898 4072 καὶ
933 4021 1193 4087 πολλάκις
1239 4026 1358 4078 οὐδὲ
1401 4026 1551 4095 φίλος
1582 4028 1716 4091 ὅλως

135 4104 174 4173 ἢ
205 4105 467 4170 γνωστὸς,
500 4105 617 4158 ἀλλ’
639 4108 831 4177 ἐχθρὸς
868 4114 960 4163 καὶ
987 4114 1263 4183 πολέμιος.

214 4281 404 4334 Ταῦτα
436 4283 614 4336 πάντα
651 4285 747 4337 καὶ
785 4287 855 4340 τά
904 4286 1111 4354 τούτοις
1158 4294 1394 4364 ἑπόμενα
1437 4298 1717 4370 διακρίνας

140 4376 201 4425 ἐν
236 4374 312 4441 τῷ
338 4374 435 4443 τῆς
467 4375 646 4445 ψυχῆς
691 4381 980 4451 κριτηρίῳ,
1021 4383 1257 4455 ἐμίσησα
1296 4389 1387 4440 τὸν
1428 4392 1719 4459 σύμπαντά

143 4483 251 4533 μου
288 4466 397 4532 βίον
446 4468 535 4517 τὸν
573 4471 631 4519 ὲν
678 4473 790 4532 τοῖς
828 4474 1075 4540 ματαίοις
1121 4476 1498 4546 ἀναλωθέντα,
1533 4483 1592 4535 ὃν
1637 4485 1715 4538 δι-

142 4560 351 4624 ήγαγον
373 4560 483 4619 τοῖς
505 4563 631 4629 περὶ
652 4563 755 4630 γῆν
772 4564 952 4627 πόνοις
976 4573 1378 4640 προστετηκὼς.
1399 4576 1718 4630 Ἀποϐαλλοσ

145 4648 297 4714 μένῳ
319 4647 473 4717 123
495 4649 550 4701 δέ
570 4668 659 4716 μοι
680 4655 777 4721 τῆς
795 4654 971 4724 ψυχῆς
996 4659 1095 4728 τὴν
1116 4660 1319 4715 τούτων
1341 4668 1715 4735 προσπάθειαν

144 4738 246 4788 καὶ
276 4738 641 4808 ἀπορρίψαντι
667 4745 946 4817 κατεφάνη
969 4749 1037 4800 τὰ
1063 4750 1140 4819 τῷ
1168 4752 1281 4804 δντι
1308 4755 1506 4822 ἀγαθὰ,
1534 4759 1595 4811 τὸ
1625 4778 1717 4827 φο-

140 4829 357 4882 ϐεῖσθαι
386 4833 476 4883 τὸν
499 4834 632 4885 θεὸν
662 4836 759 4887 καὶ
792 4844 967 4891 ποιεῖν
1000 4842 1162 4894 αὐτοῦ
1190 4844 1251 4897 τὸ
1282 4845 1507 4917 θέλημα.
1546 4851 1714 4903 Τοῦτο

141 4920 255 4988 γαρ
286 4921 456 4987 ἔγνων
480 4924 696 4978 πάντων
718 4928 826 4979 τῶν
851 4931 1072 4997 ἀγαθῶν
1100 4936 1392 5002 κεφάλαιον
1424 4942 1707 5011 ὑπάρχειν·

138 5009 305 5062 τοῦτο
335 5014 426 5064 καὶ
452 5015 595 5085 ἀρχὴ
636 5019 824 5085 copia;
859 5021 1077 5089 λέγεται
1106 5026 1215 5095 (7:2)
1249 5031 1339 5082 καὶ
1376 5034 1534 5101 σοφία
1564 5053 1711 5087 τετε-

139 5103 431 5170 λειωμένη·
466 5104 577 5174 ζωὴ
613 5109 718 5178 γάρ
751 5113 896 5163 ἐστιν
929 5116 1131 5179 ἄλυπος
1172 5121 1263 5171 καὶ
1306 5123 1712 5193 ἀνεπηρέαστος

138 5196 258 5255 τοῖς
283 5196 659 5266 ἀντεχομένοις
692 5202 880 5270 αὐτῆς,
909 5207 1133 5271 καὶτοῖς
1163 5210 1595 5282 ἐπερειδομένοις
1621 5217 1709 5269 ἐπ’

138 5284 313 5353 αὐτὴν
342 5286 415 5348 ὡς
445 5290 535 5341 ἐπὶ
565 5292 766 5359 Κύριον
806 5295 1073 5367 ἀσφαλής.
1114 5299 1442 5372 Ἐπιστησας
1472 5306 1563 5357 οὖν
1602 5324 1706 5375 μου

139 5378 237 5427 τὸν
274 5376 525 5450 λογισμὸν
556 5386 620 5454 τῇ
651 5385 1034 5463 ἀπλανεστάτῃ
1201 5396 1306 5447 τῶν
1352 5398 1575 5451 ἐντολῶν
1611 5399 1705 5452 τοῦ

140 5468 353 5537 Κυρίου
382 5471 513 5540 (ῗό),
548 5478 640 5526 καὶ
671 5479 830 5543 γνοὺς
864 5481 1105 5550 ἀκριϐῶς
1137 5485 1301 5553 μηδὲν
1332 5490 1390 5540 ἐν
1419 5491 1552 5560 αὐτῇ
1584 5507 1704 5544 σκο-

215 5681 331 5748 (τι)
358 5682 548 5742 Matth.
576 5705 700 5751 xxv,
735 5694 794 5747 51
828 5712 837 5747 ;

1829 3305 2128 3364 praesentes
2160 3296 2224 3348 ad
2253 3308 2523 3363 stuporem
2572 3312 2736 3364 usque
2767 3300 3044 3362 mirantur,
3078 3298 3271 3366 quippe
3300 3315 3370 3367 qu

1828 3386 2224 3441 inconsiderato
2253 3388 2480 3455 quodam
2512 3388 2709 3456 impetu
2740 3390 2930 3443 misere
2974 3389 3236 3453 laborent,
3288 3405 3378 3445 net

1827 3482 2110 3550 quidquam
2141 3482 2357 3536 omnino
2396 3482 2601 3535 firmum
2646 3490 2737 3535 aut
2765 3482 2955 3536 stabile
2995 3482 3253 3552 habeant,
3285 3498 3387 3537 nec

1827 3571 1892 3623 ad
1941 3586 2097 3639 quem
2148 3571 2305 3624 finem
2364 3572 2670 3640 perventnri
2717 3572 2853 3633 sint.
2914 3573 3235 3641 intelligant,
3289 3588 3387 3628 nec

1827 3676 1933 3726 quo
1975 3663 2185 3716 tandem
2214 3677 2345 3715 vana
2387 3663 2519 3727 vita,
2552 3667 2668 3725 cui,
2715 3678 2967 3731 perquam
3000 3662 3283 3717 infeliciter
3324 3680 3388 3718 ac

1826 3754 2021 3807 misere
2070 3754 2205 3807 mala
2248 3754 2404 3807 bonis
2450 3755 2810 3819 przeferentes,
2842 3769 2902 3807 ac
2936 3755 3212 3823 probitatis
3263 3756 3381 3809 loco

1822 3846 2007 3898 vitium
2029 3855 2395 3900 consertantes
2412 3888 2426 3910 ,
2448 3862 2565 3902 sese
2586 3849 2943 3915 subjecerunt,
2966 3863 3059 3902 eos
3080 3850 3266 3913 ducat;
3289 3863 3387 3904 nec

1823 3937 2065 4001 quisnam
2100 3937 2315 4001 frigidos
2348 3940 2630 3992 multorum
2673 3955 2735 3993 ac
2784 3941 3101 3994 miserorum
3140 3940 3380 3995 laborum

1822 4041 2037 4079 suorum
2071 4028 2270 4081 fructus
2298 4038 2616 4095 excepturus
2642 4030 2733 4093 sit,
2765 4030 2865 4084 hoc
2894 4038 2994 4092 est,
3028 4031 3379 4100 propinquus-

1824 4131 1892 4169 ne
1934 4131 1998 4170 an
2042 4119 2280 4181 alienus,
2330 4134 2391 4172 ac
2422 4135 2659 4187 persaepe
2689 4136 2755 4174 ne
2796 4125 2997 4174 amicus
3035 4122 3243 4191 quidem
3295 4132 3385 4177 aut

1822 4218 1999 4273 notus,
2030 4224 2209 4261 verum
2238 4210 2483 4262 inimicus
2512 4221 2566 4264 et
2596 4211 2781 4264 hostis.

1891 4297 2036 4360 Haec,
2066 4298 2303 4364 inquam,
2333 4302 2530 4359 omnia,
2551 4310 2735 4365 etquae
2755 4300 2837 4353 his
2856 4312 3209 4356 consentanea
3233 4310 3380 4369 sunt,

1816 4400 1936 4441 cum
1982 4388 2095 4456 ipse
2127 4391 2177 4442 in
2208 4389 2398 4443 animm
2444 4406 2574 4444 mea:
2603 4390 2720 4443 foro
2766 4392 3171 4460 disceptassem,
3222 4395 3384 4447 totius

1820 4478 1941 4531 vitae
1971 4495 2122 4542 mem,
2154 4496 2310 4547 quam
2336 4482 2384 4533 in
2410 4481 2567 4534 rebus
2594 4483 2743 4536 vanis
2764 4484 3086 4553 consumpsi,
3121 4499 3182 4537 ac
3206 4494 3374 4537 terre-

1820 4568 1901 4621 nis
1950 4569 2217 4623 labbribus
2263 4572 2505 4625 addictus
2557 4574 2809 4655 transegi,
2858 4574 3037 4626 odium
3089 4589 3174 4627 me
3220 4577 3379 4642 cepit.

1820 4661 2057 4728 Cumque
2106 4677 2291 4716 eorum
2340 4656 2575 4716 amorem
2615 4680 2678 4717 ex
2730 4666 2905 4717 animo
2946 4666 3297 4718 excussissem
3326 4674 3381 4720 et

1819 4752 2138 4819 ejecissem,
2193 4769 2255 4807 ea
2300 4769 2419 4808 sese
2473 4757 2641 4808 oculis
2690 4758 2822 4810 meis
2871 4758 3212 4823 obtulerunt,
3260 4774 3379 4828 qua:

1817 4858 1942 4897 vere
1971 4844 2105 4896 bona
2136 4856 2283 4906 sunt.
2317 4846 2417 4899 hoc
2462 4857 2564 4908 est,
2600 4847 2693 4901 Dei
2741 4859 2882 4901 metu
2916 4849 3190 4916 prmditum
3236 4866 3373 4912 esse,

1817 4944 1974 5001 atque
2015 4936 2179 5002 ipsius
2219 4937 2479 4989 voluntati
2526 4938 2767 5007 obsequi.
2802 4939 2929 4991 Nam
2981 4940 3081 4993 hoc
3119 4940 3375 4994 honorum

1813 5030 2049 5079 omnium
2080 5039 2237 5095 caput
2266 5042 2382 5081 esse
2411 5038 2737 5095 compertum
2772 5030 2945 5082 habui.
2982 5029 3090 5083 Hoc
3117 5031 3259 5084 enim
3290 5046 3375 5084 sa-

1815 5119 2025 5183 pientiae
2057 5117 2261 5171 initium
2294 5134 2411 5172 esse
2440 5120 2651 5181 divitur,
2681 5130 2837 5187 atque
2865 5120 2998 5175 adeo
3029 5121 3259 5188 perfecta
3292 5136 3376 5175 sa-

1813 5209 2030 5275 pientia.
2078 5211 2295 5275 Etenim
2330 5225 2574 5263 mcernris
2604 5226 2794 5279 expers
2842 5212 2945 5264 vita
2996 5221 3096 5273 est,
3127 5223 3282 5279 atque
3310 5214 3375 5265 ab

1809 5300 1953 5352 omni
1996 5298 2285 5353 olfensione
2316 5301 2477 5352 libera
2511 5301 2572 5352 iis
2602 5302 2687 5369 qui
2719 5315 2833 5353 eam
2865 5302 3272 5368 amplectuntur,
3306 5311 3361 5355 et

1811 5388 1898 5457 qui
1929 5392 1977 5442 ei
2011 5398 2257 5457 tanquam
2290 5390 2515 5442 Domino
2546 5392 2856 5453 innituntur,
2910 5400 3019 5443 tuta
3050 5402 3103 5444 et
3131 5392 3197 5443 ab
3226 5389 3371 5443 omni

1810 5480 2046 5552 periculo
2088 5482 2357 5536 immunis.
2408 5485 2538 5536 Cum
2588 5484 2765 5552 itaque
2812 5484 3042 5537 animum
3082 5498 3254 5537 meum
3306 5479 3374 5537 ad

882 5697 1109 5777 K_a0£a:t
1141 5702 1232 5753 ἐπὶ
1254 5705 1452 5777 ,θρόνου
1483 5707 1639 5777 δύξης
1669 5710 1853 5763 αὑτοῦ.

364 5754 497 5847 εδαί.
524 5776 610 5821 cx,
636 5762 701 5817 10
732 5782 743 5817 :
790 5767 952 5835 Ἀρχὴ
983 5772 1168 5835 σοφίας
1200 5752 1354 5840 e653,-
1385 5752 1714 5846 Κυιρίοῖίῖξιδ

1832 5799 1857 5833 ·.
1890 5793 1925 5833 t.
1961 5781 2018 5837 ll.
2055 5797 2103 5847 ιι.
2134 5784 2290 5837 imit.
2316 5786 2365 5835 :2.

216 5822 331 5891 (75)
364 5824 504 5880 Psal.
536 5848 721 5892 culti.
752 5837 818 5885 ἴιὲ
845 5822 863 5888 ;’
888 5822 1290 5893 ’διίὸδινίεντξηῖιῖ›ν
1322 5830 1409 5894 σωκ
1453 5831 1683 5914 ὶέ-ραμην
