4180 6458
141 393 250 456 993

1226 380 1398 437 VITA
1441 377 1796 436 BARLAAM
1836 376 1930 435 ET
1967 375 2315 440 JOASAPH.

3287 389 3395 454 994

135 494 464 559 ἀπάγουσαν
485 495 634 565 ἡμᾶς
665 492 776 544 τῶν
798 490 1075 561 φθαρτῶν,
1109 490 1204 542 καὶ
1240 491 1350 540 τῶν
1382 489 1566 542 ἀϊδίων
1591 504 1719 556 μετ-

1838 528 1933 580 per
1961 512 2098 581 quod
2132 511 2375 564 homines
2402 515 2846 581 sempiternorum
2877 517 3136 569 bonorum
3177 519 3392 585 partici-

135 587 297 653 ὀχους
329 585 528 654 ὲργαςο
535 586 721 654 μένην.

214 679 454 739 "alata;
475 674 587 740 οὖν,
604 678 810 745 φησὶνό
833 676 1088 742 Ἰωάσαφ,
1114 675 1207 728 καὶ
1230 673 1402 736 οὕτως
1416 672 1722 738 ἀναγκαίας

137 768 308 839 οὔσης
340 771 440 839 τῆς
485 772 741 840 τοιαύτης
786 768 1127 836 φιλοσοφίας,
1161 767 1279 830 πῶς
1302 768 1362 820 ού
1405 766 1592 818 πολλοὶ
1625 765 1722 834 ζη-

137 861 295 916 λοῦσι
330 865 573 933 σήμερον
598 865 811 914 τουτονὶ
837 861 929 914 τὸν
958 861 1103 931 βίον;

228 1056 286 1105 '0
326 1055 381 1107 δὲ
408 1055 586 1124 γέρων
617 1054 718 1124 ἔφη
740 1071 753 1084 ⁸
795 1054 990 1107 Πολλοὶ
1046 1055 1144 1124 μὲν
1195 1054 1479 1124 ἐζήλωσαν
1507 1053 1601 1106 καὶ
1627 1053 1723 1124 ζη-

139 1149 347 1211 λοῦσιν,
377 1147 697 1204 οἱπλεῖστοι
732 1147 786 1200 δὲ
821 1147 1042 1200 ὀκνοῦσι
1065 1149 1159 1201 καὶ
1203 1147 1543 1200 ἀναδύονται.
1578 1145 1720 1198 Ὀλί-

142 1259 233 1308 γοι
263 1243 387 1310 γὰρ,
420 1239 563 1294 καθα
593 1257 758 1310 φησιν
789 1243 817 1293 ὀ
868 1240 1094 1310 Κύριος,
1141 1242 1190 1292 οἱ
1236 1241 1337 1309 τῆς
1381 1239 1573 1307 στενῆς
1597 1239 1718 1292 ὁδοῦ

144 1333 242 1383 καὶ
269 1330 637 1400 τεθλιμμένης
660 1332 932 1400 ὁδοιπόροι
965 1332 1065 1402 (ὅ),
1091 1332 1192 1400 τῆς
1224 1331 1517 1400 ἀνειμένης
1551 1331 1606 1384 δὲ
1630 1331 1724 1384 καὶ

144 1422 409 1486 πλατείας
433 1425 482 1476 οἱ
508 1423 731 1487 πλείους
755 1426 852 1492 (4).
885 1425 948 1477 Οἱ
991 1426 1098 1495 γὰρ
1146 1423 1402 1487 καθάπαξ
1443 1423 1547 1476 ὑπὸ
1575 1424 1726 1491 φιλο-

142 1517 459 1585 χρηματίας
490 1518 585 1569 καὶ
614 1517 725 1570 τῶν
753 1521 852 1588 τῆς
901 1518 1216 1588 φιληδονίας
1265 1517 1448 1571 κακῶν
1482 1517 1721 1581 ἁλόντες,

142 1611 213 1677 τῇ
249 1611 376 1678 κενῇ
406 1608 462 1660 δὲ
495 1607 589 1660 καὶ
635 1610 842 1679 ματαίᾳ
910 1609 1342 1680 προστετηκότες
1392 1598 1538 1682 δόξης
1595 1609 1725 1662 δυσ·

145 1704 520 1764 αποσπάστως
543 1703 723 1756 αὐτῶν
761 1705 993 1772 ἔχουσιν,
1027 1703 1102 1764 ὼς
1133 1703 1228 1756 ἆτε
1257 1700 1471 1763 δούλους
1502 1699 1726 1763 ἑαυτοὺς

147 1796 414 1858 ἑκουσίως
467 1797 956 1866 ἀπεμπολήσαντες
1012 1795 1278 1865 ἀλλοτρίῳ
1319 1795 1576 1865 δεσπότῃ,
1629 1793 1726 1846 καὶ

145 1888 244 1938 ἀπ’
287 1888 535 1950 ἐναντίας
578 1889 859 1958 ἱστάμενοι
899 1887 978 1956 τῷ
1007 1888 1182 1939 ταῦτα
1214 1888 1558 1940 ἐπιτάττοντι
1583 1885 1722 1954 Θεῷ,

143 1981 243 2030 καὶ
267 1980 479 2047 δέσμιοι
515 1981 662 2051 αὐτῷ
710 1980 1090 2051 κατεχόμενοι.
1121 1979 1282 2051 Ψυχὴ
1309 1980 1417 2050 γὰρ
1462 1978 1722 2045 καθάπαξ

145 2069 473 2132 ἀπογνοῦσα
508 2069 606 2136 τῆς
662 2070 867 2130 οἰκείας
912 2059 1201 2138 σωτηρίας,
1235 2068 1333 2130 τὰς
1363 2067 1519 2137 ἡνίας
1556 2067 1729 2137 αὐτῆς

145 2159 377 2212 ὲνδοῐσα
403 2164 522 2223 ταῖς
554 2161 769 2227 ἀλόγοις
794 2160 1136 2228 ἐπιθυμίαις,
1181 2158 1460 2229 πανταχοῦ
1501 2160 1728 2229 περιφέ-

147 2270 323 2324 ρεται.
356 2255 450 2306 ,λιά
469 2253 624 2306 τοῦτο
651 2254 1052 2324 ὀλοφυρόμενος
1076 2256 1102 2305 ό
1131 2255 1423 2324 Προφήτης
1450 2254 1546 2323 τὴν
1565 2270 1729 2325 περι-

143 2349 457 2417 κεχυμένην
491 2347 675 2400 ἄνοιαν
727 2349 847 2410 ταῖς
891 2345 1177 2408 τοιαύταις
1231 2345 1452 2416 ψυχαῖς,
1505 2347 1601 2398 καὶ
1624 2344 1742 2415 τῆς

144 2439 505 2506 ἐπικειμένης
536 2439 726 2502 αὐταῖς
775 2438 972 2507 ἀχλύος
1023 2440 1125 2506 τὴν
1159 2437 1447 2507 παχύτητα
1482 2436 1724 2506 θρηνῶν,

142 2531 336 2598 ἔλεγεν
361 2547 375 2561 ο
419 2531 533 2582 Υἱοὶ
568 2531 644 2601 (5',-
675 2530 1004 2598 ἀνθρώπων,
1041 2529 1145 2591 ἓως
1172 2529 1302 2580 πότε
1338 2526 1722 2598 βαρυκάρδιοις

145 2624 293 2674 ἰνατί
316 2623 561 2690 ἀγαπᾶτε
595 2623 927 2694 ματαιότητι
959 2621 1053 2674 καὶ
1073 2621 1284 2691 ζητεῖτε
1313 2620 1544 2689 ψεῦδο;;
1580 2622 1725 2690 Ὀτῳ

141 2731 231 2776 τις
265 2715 363 2765 καὶ
389 2715 494 2765 τῶν
525 2713 811 2782 ἡμετέρων
844 2713 1024 2780 σοφῶν
1079 2711 1434 2775 διδασκάλων,
1481 2711 1722 2778 θεολογι-

141 2807 393 2864 mina-.0;
427 2806 565 2874 ἀνὴρ
600 2805 695 2874 ((i).
751 2804 1012 2873 συνᾴδων,
1046 2805 1136 2856 καί
1202 2821 1321 2855 τινα
1366 2806 1493 2874 παρ’
1529 2801 1724 2855 ἑαυτοῦ

140 2896 480 2962 προστιοε“·ς,
514 2897 679 2967 ἐκϐοᾷ
732 2899 896 2949 πᾶσιν
946 2897 1020 2956 ὼς
1068 2894 1128 2959 ἐξ
1157 2897 1405 2948 ἀπόπτου
1451 2896 1596 2958 τινὸς
1630 2895 1724 2948 καὶ

147 2984 314 3053 130
338 2985 365 3034 ύ
383 2985 681 3054 ὶιιηλοτὰτης
709 2986 991 3053 περιωπῆς
1013 2984 1107 3051 (7)·
1134 2985 1253 3037 Υἱοὶ
1274 2984 1595 3054 ἀνθρώπων,
1621 2985 1724 3046 ἕως

144 3077 279 3124 ποτε
317 3073 702 3143 βαρ-ἀκάρδιοις
760 3075 898 3126 ίνατί
961 3076 1213 3141 ἀγαπᾶτε
1259 3075 1597 3143 ματαιότητα
1631 3077 1724 3126 καὶ

140 3170 359 3232 ζητεῖτε
395 3168 621 3236 ψεῦδος
671 3169 828 3235 Μέγα
879 3187 928 3220 τι
958 3168 1050 3219 τὸν
1083 3166 1317 3220 ἐνταῦθα
1360 3168 1474 3236 βίον
1503 3169 1595 3220 καὶ
1627 3167 1722 3236 τὴν

141 3262 359 3328 τρυφὴν
406 3261 499 3314 καὶ
532 3263 590 3312 τὸ
655 3262 849 3332 μικρὸν
893 3261 1138 3330 δοξάριον
1180 3262 1273 3312 καὶ
1321 3262 1417 3330 τὴν
1459 3262 1724 3330 ταπεινὴν

139 3347 466 3399 δυναστείαν
496 3350 586 3401 καὶ
625 3349 720 3418 τὴν
746 3349 1084 3419 ψευδομένην
1136 3351 1438 3418 εὐημερίαν
1471 3350 1721 3417 ὑπολαμ-

140 3439 425 3501 ϐάνοντες,
457 3440 489 3494 ἃ
526 3442 597 3510 μὴ
628 3441 734 3492 τῶν
781 3443 1013 3511 ἐχόντων
1069 3443 1270 3510 μᾶλλον
1325 3444 1472 3495 ἐστὶν
1530 3443 1562 3512 ἣ
1616 3444 1723 3495 τῶν

141 3533 508 3592 ἐλπισάντων,
543 3532 659 3583 οὐδὲ
684 3531 886 3584 τούτων
938 3533 1136 3602 μᾶλλον
1175 3534 1206 3602 ἣ
1244 3534 1350 3586 τῶν
1396 3535 1515 3585 ούδέ
1558 3551 1724 3604 προσ-

139 3620 519 3688 δοκησαντων,
566 3621 754 3690 ὥσπερ
804 3621 931 3690 χοῦς
970 3623 1073 3673 ὑπὸ
1105 3623 1368 3683 λαίλαπος
1401 3623 1590 3676 ἄλλοτε
1645 3626 1724 3687 εἰς

139 3713 341 3774 ἄλλους
371 3713 695 3780 ριτιιζόμενα
731 3714 823 3765 καὶ
873 3716 1412 3784 μεταῤῥιπτούμενα,
1460 3717 1492 3783 ἢ
1537 3716 1725 3786 ὥσπερ

142 3805 354 3864 καπνὸς
388 3805 730 3873 διαρῤἐοντα,
761 3805 857 3857 καὶ
889 3807 964 3868 ὡς
1016 3807 1149 3875 ὄναρ
1195 3808 1478 3871 παίζοντα,
1513 3808 1603 3860 καὶ
1647 3808 1724 3870 ὡς

143 3894 276 3945 σκιὰ
312 3895 385 3964 μὴ
423 3894 793 3962 κρατούμενα,
841 3894 962 3946 οὗτε
996 3897 1204 3948 ἀπόντα
1255 3897 1583 3948 δυσέλπιστα
1613 3900 1726 3961 τοῖς

139 3988 206 4037 ο)
249 3988 625 4058 κεκτημένοις,
661 3985 782 4038 οὗτε
816 3989 1057 4055 παρόντα
1098 3989 1264 4040 πιστά
1293 3991 1405 4050 τοῖς
1435 3988 1668 4058 ἔχουσιν.

1839 618 1933 671 pes
1960 603 2267 655 redduntur.

1902 690 2032 744 Cum
2071 693 2247 760 igitur,
2294 692 2468 760 inquit
2515 693 2793 762 Josaphat,
2825 704 2933 748 tam
2964 697 3179 765 antiqua
3210 704 3264 749 et
3296 709 3393 748 ne-

1832 785 2064 838 cessaria
2111 784 2416 852 huiusmodi
2447 785 2780 857 philosolihia
2813 790 2902 854 sit,
2931 787 3057 855 quid
3096 803 3268 841 causae
3311 796 3394 840 est

1831 876 2174 942 quamobrem
2203 878 2456 932 hodierna
2482 879 2575 933 die
2603 881 2750 948 pauci
2779 890 2884 933 sint
2914 880 3006 950 qui
3055 879 3191 933 hanc
3224 879 3390 932 vitam

1833 965 2143 1018 imitentur?

1903 1058 2200 1126 Respondit
2228 1073 2391 1113 senex
2418 1059 2603 1114 :Multi
2634 1060 2847 1130 quidem
2874 1076 2990 1114 eam
3023 1060 3212 1114 imitati
3245 1069 3395 1124 sunt,

1831 1160 1885 1203 et
1908 1153 2194 1205 etiamnum
2224 1153 2518 1208 imitantur.
2547 1153 2616 1208 At
2647 1155 2812 1207 multo
2844 1155 3019 1220 plures
3049 1163 3392 1217 cunctantur,

1833 1258 1893 1296 ac
1919 1259 2098 1298 moras
2125 1255 2358 1299 nectunt.
2393 1245 2550 1298 Pauci
2581 1246 2721 1299 enim
2746 1256 2889 1306 sunt,
2921 1254 2977 1297 ut
3005 1246 3079 1297 ait
3110 1245 3392 1309 Dominus,

1832 1335 1918 1399 qui
1949 1349 2043 1401 per
2073 1344 2273 1388 arctam
2295 1343 2351 1387 et
2373 1343 2648 1403 angustam
2690 1335 2831 1388 viam
2866 1335 3146 1397 incedant;
3177 1337 3263 1402 qui
3295 1348 3396 1386 au-

1834 1437 1938 1478 tcm
1964 1441 2056 1495 per
2083 1425 2294 1481 facilem
2321 1437 2375 1482 et
2402 1428 2586 1492 latam,
2615 1443 2771 1494 quam
2799 1427 3011 1496 plurimi
3035 1427 3250 1498 (Matth.
3283 1443 3393 1492 vtt;

1833 1515 1959 1570 Luc.
1987 1519 2156 1585 χχιιι).
2183 1519 2314 1571 Nam
2341 1519 2429 1586 qui
2453 1519 2617 1573 semel
2641 1521 2984 1587 pecuniarum
3008 1519 3317 1588 cupiditate,
3342 1529 3398 1574 et

1833 1612 2078 1666 vitiorum
2119 1628 2237 1682 quae
2266 1629 2330 1666 ex
2375 1613 2730 1681 voluptatibus
2758 1613 3025 1676 oriuntur,
3061 1626 3247 1666 amore
3276 1627 3396 1666 cor-

1833 1703 1991 1771 repti,
2021 1718 2276 1772 vanaque
2301 1712 2354 1756 et
2377 1703 2517 1756 inani
2558 1703 2740 1772 gloria:
2770 1703 2964 1756 addicti
3009 1713 3154 1769 sunt,
3208 1701 3297 1755 vix
3327 1702 3402 1757 ab

1833 1793 1965 1863 ipsis
2009 1794 2189 1847 divelli
2225 1803 2467 1861 possunt,
2502 1803 2559 1846 ut
2589 1791 2675 1863 qni
2721 1792 2897 1848 alieno
2926 1793 3168 1859 domino,
3198 1793 3401 1862 quique

1833 1887 2036 1953 omnia,
2067 1897 2250 1939 contra
2293 1901 2355 1938 ac
2383 1886 2550 1951 Deus,
2573 1888 2828 1956 imperat,
2881 1895 3039 1956 atque
3086 1886 3232 1954 ipsos
3281 1896 3398 1938 tan-

1835 1993 1990 2043 quam
2017 1976 2216 2030 catenis
2244 1977 2559 2046 quihusdam
2592 1979 2798 2033 vinctos
2823 1987 2991 2044 tenet,
3023 1977 3158 2032 ultra
3189 1977 3396 2045 seipsos

1837 2067 2205 2135 manciparint.
2241 2069 2462 2122 Animus
2482 2068 2707 2138 quippe,
2738 2084 2858 2122 cum
2889 2068 3053 2123 semel
3077 2068 3264 2122 salutis
3286 2083 3396 2122 sua:

1839 2171 1985 2224 spem
2013 2157 2287 2224 abiecerit,
2318 2157 2551 2211 habenas
2581 2171 2704 2211 suas
2731 2157 2934 2212 aversis
2961 2172 2990 2211 a
3023 2159 3231 2212 ratione
3258 2161 3405 2226 cupi-

1838 2248 2090 2301 ditatibus
2110 2252 2454 2315 permittens,
2498 2264 2924 2319 quaquaversum
2954 2251 3136 2304 fertur.
3170 2251 3247 2304 Ac
3273 2265 3401 2320 prn-

1835 2336 1959 2392 inde
1987 2338 2246 2406 PrOpheta
2269 2340 2487 2395 otiosam
2575 2338 2881 2412 huiusmodi
2953 2334 3148 2400 animis
3215 2358 3402 2398 amen-

1835 2432 1960 2486 tiam
1989 2432 2296 2500 deplorans,
2321 2435 2660 2504 caliginisqne
2681 2438 2824 2506 ipsos
2845 2440 3081 2504 urgentis
3101 2439 3400 2493 crassitiem

1835 2523 2041 2592 lugens,
2067 2522 2149 2578 his
2175 2525 2348 2578 verbis
2386 2527 2632 2580 utebatur
2659 2542 2674 2580 :
2701 2527 2820 2580 Filii
2852 2527 3150 2596 hominum,
3199 2546 3401 2598 usque-

1835 2626 1942 2678 quo
1966 2612 2110 2680 gravi
2134 2613 2339 2667 corde?
2369 2623 2422 2666 ut
2449 2614 2572 2683 quid
2601 2615 2822 2684 diligitis
2853 2620 3163 2683 vanitatem,
3187 2627 3241 2673 et
3263 2635 3403 2688 quae-

1837 2707 1955 2762 ritis
1991 2708 2362 2761 mendacium?
2389 2708 2848 2774 Quemadmodum
2874 2711 3036 2764 etiam
3066 2711 3280 2781 quidam
3313 2729 3398 2766 sa—

1840 2799 2072 2865 pientum
2105 2800 2476 2868 magistrorum
2508 2811 2843 2866 nostrorum,
2875 2803 2957 2856 vir
2983 2818 3162 2855 rerum
3192 2803 3398 2856 divina-

1837 2903 1951 2941 rum
1974 2890 2351 2956 peritissimus,
2375 2889 2613 2944 eamdem
2642 2907 2759 2945 cum
2787 2892 3047 2960 Propheta
3072 2894 3399 2950 cantilenam

1835 2992 2049 3041 canens,
2084 2991 2147 3030 ac
2176 2981 2412 3046 quaedam
2441 2993 2469 3031 a
2501 2980 2678 3048 seipso
2704 2980 3022 3050 adiungens,
3056 2991 3304 3052 tanquam
3329 3001 3396 3039 ex

1835 3071 1938 3121 alta
1963 3069 2186 3138 quadam
2209 3081 2263 3123 et
2285 3071 2576 3124 editissima
2600 3073 2811 3137 specula
2835 3075 3081 3128 omnibus
3103 3076 3354 3131 inclamat
3378 3097 3393 3133 :

1837 3156 1953 3212 Filii
1985 3159 2284 3226 hominum,
2321 3175 2593 3230 usquequo
2621 3163 2765 3230 gravi
2798 3165 2992 3219 corde?
3023 3176 3080 3218 nt
3119 3169 3244 3234 quid
3272 3167 3396 3222 dili-

1835 3248 1957 3314 gitis
1977 3251 2285 3312 vanitatem,
2315 3258 2370 3302 et
2401 3252 2638 3316 qumritis
2663 3254 2995 3308 mendacium
3028 3255 3200 3327 (Psal.
3225 3259 3390 3324 xuv);

1835 3352 2076 3404 magnum
2105 3338 2350 3392 nimirum
2379 3339 2574 3407 aliquid
2608 3343 2741 3394 hanc
2768 3345 2948 3401 vitam.
2980 3357 3034 3398 et
3060 3345 3310 3414 delicias,
3338 3360 3395 3402 et

1833 3427 2074 3495 exiguam
2105 3427 2407 3494 gloriolam.
2433 3437 2487 3484 et
2511 3431 2820 3486 mendaeem
2850 3438 3252 3503 prosperitatem
3274 3455 3395 3494 esse

1838 3521 2205 3574 existimantes
2249 3520 2435 3588 (Nam,
2470 3538 2580 3576 ora.
2621 3525 2683 3576 de
2708 3527 2815 3578 suis
2857 3543 2956 3581 scr.
3005 3539 3052 3581 et
3097 3530 3164 3582 ad
3193 3529 3394 3587 Iulium

1832 3608 2091 3664 Eziwten.
2115 3612 2176 3678 )?
2204 3611 2331 3677 Qua:
2359 3613 2569 3680 quidem
2603 3630 2705 3670 non
2738 3619 2905 3685 magis
2934 3634 3115 3672 eorum
3143 3631 3267 3675 sunt
3295 3626 3384 3691 qui

1835 3701 2077 3754 fruuntur
2101 3717 2261 3770 quam
2287 3703 2372 3771 qui
2399 3719 2459 3758 ea
2494 3705 2543 3757 in
2576 3720 2670 3774 spe
2718 3707 3047 3775 habuerunt;
3082 3728 3179 3766 nec
3206 3730 3394 3769 rursus

1837 3791 2020 3843 horum
2051 3793 2217 3856 magis
2239 3809 2396 3862 quam
2419 3809 2606 3848 eorum
2634 3797 2723 3863 qui
2753 3813 2819 3851 ne
2841 3814 2902 3852 ea
2926 3803 3135 3868 quidem
3161 3820 3390 3874 unquam

1829 3889 2220 3942 exSpectarnnt.
2245 3891 2299 3936 et
2318 3898 2434 3948 quae
2455 3898 2559 3937 non
2586 3899 2738 3940 secus
2759 3902 2819 3942 ac
2844 3891 3010 3953 pulvis
3027 3907 3055 3943 a
3079 3895 3291 3949 turbine
3324 3896 3390 3949 ad

1830 3971 1961 4025 alios
1976 3982 2136 4032 atque
2148 3974 2278 4026 alios
2291 3974 2513 4030 subinde
2531 3978 2837 4046 perﬂantur,
2854 3995 2913 4033 ac
2931 3983 3166 4037 vicissim
3191 3988 3392 4054 jactano

134 4063 154 4105 t
188 4071 255 4107 tr.
288 4066 378 4106 aut
417 4055 548 4109 t'umi
580 4060 752 4111 instar
790 4060 1054 4124 deﬂuunt,
1088 4079 1151 4115 ac
1189 4065 1328 4116 velut
1371 4055 1698 4120 insomnium
1729 4067 1973 4125 homines
2002 4071 2366 4138 ludilicantur,
2403 4083 2456 4128 et
2497 4085 2554 4127 ιιι
2600 4075 2790 4128 umbra
2822 4073 3040 4126 retineri
3077 4075 3374 4138 nequeunt,

133 4161 202 4195 ιν·
251 4145 486 4217 denique
525 4151 595 4204 ita
641 4161 832 4205 natura
872 4167 1184 4223 comparata
1210 4166 1354 4222 sunt,
1379 4165 1436 4210 ut
1470 4174 1568 4213 nec
1589 4147 1947 4228 cumulisunt,
1971 4180 2030 4218 ea
2062 4181 2118 4219 se
2158 4166 2440 4222 habituros
2480 4183 2603 4223 esse
2640 4167 2888 4222 homines
2915 4165 3235 4235 desperent;
3272 4176 3373 4216 nec

128 4257 265 4293 cum
315 4245 529 4302 adsunt,
575 4247 981 4313 possidentibus
1023 4262 1168 4303 certa
1220 4262 1272 4305 et
1313 4255 1528 4307 stabilia
1568 4257 1693 4310 sint.

232 4343 416 4402 υῦτως
437 4337 528 4393 οὖν
552 4341 644 4394 τοῦ
674 4342 920 4411 Σωτῆρος
951 4342 1354 4410 ἐντελλομένου,
1376 4342 1484 4395 τῶν
1509 4341 1722 4410 προφη-

1901 4354 2030 4405 Cum
2072 4353 2226 4420 igitur
2252 4354 2313 4403 ad
2356 4355 2490 4406 hunc
2538 4355 2748 4406 modum
2796 4356 3036 4410 Salvator
3085 4361 3391 4429 praecipiat,

145 4456 264 4488 -.ων
293 4451 349 4484 τε
381 4434 475 4485 καὶ
509 4433 845 4486 ⁹Αποστόλων
873 4434 1270 4503 κηρυττόντων,
1301 4433 1396 4486 καὶ
1420 4433 1530 4484 τῶν
1558 4434 1728 4500 ἁγίων

1839 4443 2107 4509 proiihetze
2133 4453 2186 4495 et
2214 4444 2435 4510 apostoli
2465 4444 2782 4512 praedicent,
2809 4461 2870 4500 ac
2896 4450 3060 4503 sancti
3087 4466 3270 4508 omnes
3297 4457 3395 4508 viri

145 4528 375 4579 πάντων
402 4525 548 4595 ἔργῳ
585 4542 643 4577 τε
681 4527 773 4577 καὶ
807 4525 949 4594 λόγῳ
981 4527 1059 4587 εἰς
1101 4525 1200 4594 τὴν
1232 4525 1332 4594 τῆς
1362 4525 1564 4595 ἀρετῆς
1610 4543 1732 4578 συν-

142 4616 442 4670 ωθούντων
488 4618 638 4684 ἡμᾶς
697 4615 1108 4684 ἀπλανεστάτην
1150 4616 1285 4676 ὁδὸν,
1325 4615 1428 4668 κᾶν
1459 4615 1628 4682 ὀλίγοι
1681 4617 1730 4666 οἱ

144 4706 364 4775 ταύτην
394 4692 690 4769 ὁδεύοντες,
723 4705 943 4768 πλείους
978 4705 1035 4757 δὲ
1079 4709 1126 4758 οἱ
1163 4708 1262 4775 τὴν
1289 4706 1602 4775 εὐρύχωρον
1638 4706 1732 4757 καὶ

146 4801 295 4861 πρὸς
324 4796 598 4849 ἀπώλειαν
621 4797 859 4862 ἄγουσαν
877 4798 1284 4867 προκρίνοντες,
1312 4798 1410 4850 οὐκ
1444 4801 1508 4850 ἐκ
1539 4796 1727 4849 τούτου

143 4894 181 4959 ἡ
213 4889 460 4940 πολιτεία
492 4889 590 4956 τῆς
635 4888 819 4941 ἐνθέου
862 4888 1065 4957 ταύτης
1111 4889 1722 4960 κατασμικρυνθήσεται

139 4982 491 5050 φιλοσοφίας,
518 4981 674 5038 ἀλλὰ.
700 4980 950 5052 καθάπερ
975 4983 1004 5033 ὁ
1024 4985 1192 5053 ἣλιος,
1220 4985 1299 5044 είς
1330 4981 1529 5050 φαῦσιν
1558 4983 1720 5034 πᾶσιν

140 5071 480 5134 ἀνατέλλων,
515 5071 762 5137 ἀφθόνως
789 5073 955 5124 αὑτοῦ
1005 5073 1104 5135 τὰς
1133 5075 1358 5136 ἀκτῖνας
1403 5074 1721 5144 προπέμπει

137 5165 361 5227 πάντας
386 5164 712 5232 φωτίζεσθαι
737 5167 1201 5236 προτρεπόμενος,
1228 5165 1369 5219 οὕτω
1390 5167 1482 5219 καὶ
1514 5169 1546 5237 ὴ
1592 5168 1723 5238 ἀλη-

136 5257 249 5325 θὴς
295 5256 579 5324 φιλοσοφία
610 5258 735 5319 τοὺς
759 5257 930 5326 αὐτῆς
977 5260 1214 5327 ἐραστὰς
1248 5259 1397 5328 ἡλίου
1426 5259 1581 5329 δίκην
1607 5277 1718 5328 (ἓω-

1837 4545 1944 4586 tum
1975 4550 2030 4586 re
2059 4535 2193 4598 ipsa,
2222 4545 2327 4586 tum
2364 4550 2607 4589 sermone
2636 4538 2700 4590 ad
2738 4539 2947 4593 virtutis
2976 4543 3111 4595 viam
3152 4544 3219 4597 ab
3247 4549 3393 4603 omni

1835 4642 2014 4680 errore
2066 4627 2294 4680 maxime
2345 4627 2629 4681 immunem
2685 4645 2783 4684 nos
2835 4631 3134 4699 impellant,
3183 4638 3393 4693 etiamsi

1839 4718 1984 4783 pauci
2017 4716 2149 4768 hanc
2180 4726 2420 4778 teneant,
2448 4727 2629 4770 contra
2660 4731 2833 4774 autem
2867 4723 3014 4776 multi
3043 4724 3201 4778 latam
3231 4737 3391 4795 atque

1836 4805 1889 4860 in
1917 4807 2132 4859 exitium
2175 4810 2450 4859 ducentem
2492 4807 2590 4860 sibi
2634 4809 2892 4879 deligant,
2924 4829 3025 4867 non
3059 4826 3232 4871 tamen
3264 4834 3391 4887 pro-

1836 4910 2012 4964 pterea
2040 4896 2228 4949 divina:
2259 4897 2411 4963 hujus
2443 4899 2788 4967 philosophia:
2834 4904 3128 4960 institutum
3169 4912 3395 4966 minoris

1836 4986 2196 5054 aestimandum
2219 4999 2317 5038 est.
2347 4987 2412 5041 Ut
2437 4989 2573 5042 enim
2598 4991 2709 5054 sol,
2736 5009 2855 5046 cum
2885 4995 3210 5053 illuminandi
3235 5016 3395 5057 causa

1838 5080 2088 5132 exoriens
2129 5077 2306 5131 radios
2349 5095 2473 5132 suos
2516 5080 2791 5137 afﬂuenter
2826 5088 3063 5150 emittat,
3103 5105 3394 5161 omnesque

1837 5171 1901 5222 ad
1932 5167 2293 5233 excipiendum
2325 5171 2492 5222 tumet.
2530 5176 2854 5236 voltortetur,
2885 5178 2926 5230 si
2957 5181 3167 5246 quidam
3199 5183 3396 5238 clausis

1838 5262 2006 5316 oculis
2029 5260 2362 5326 splendorem
2393 5260 2550 5326 ipsius
2583 5264 2771 5316 intueri
2797 5268 2990 5331 nolint,
3023 5286 3126 5322 non
3160 5284 3399 5337 promer-

231 5389 303 5468 β)
336 5389 524 5444 Matth.
563 5406 659 5468 vlt,
691 5376 795 5445 ίτῖὶι
833 5392 997 5463 Στενὴ
1038 5394 1070 5464 ἡ
1109 5393 1274 5464 πύλη,
1311 5398 1404 5446 καὶ
1449 5394 1783 5466 τεθλιμμένη
1813 5398 1845 5466 ἡ
1881 5396 1997 5458 ὁδὸς
2029 5398 2061 5467 ἡ
2092 5398 2380 5465 ἀπάγουσα
2405 5399 2483 5459 εἰς
2510 5396 2609 5468 τὴν
2654 5396 2820 5468 ζωὴν,
2849 5395 2943 5449 καὶ
2978 5394 3146 5465 ὀλίγοι
3179 5395 3318 5451 εἰσὶν
3345 5398 3397 5451 οι

138 5460 494 5523 εὑρίσκοντες
525 5463 713 5530 αὑτήν.

223 5530 302 5612 (ό)
335 5530 518 5614 Matth.
551 5546 655 5614 vn:
679 5531 744 5614 l2
768 5551 788 5614 ,ι
819 5533 1054 5614 [ἶλατεῖα
1084 5535 1117 5604 ἡ
1142 5533 1302 5603 πύλη,
1337 5536 1429 5587 καὶ
1454 5533 1728 5606 εύρύχωρι

1848 5536 1963 5600 όδδς
1997 5537 2028 5607 ἡ
2061 5539 2351 5608 ἀπάγουσα
2383 5541 2459 5600 εἰς
2482 5540 2579 5607 τὴν
2603 5536 2896 5605 ἀπώλειαν,
2930 5537 3024 5590 καὶ
3054 5535 3239 5590 πολλοί
3262 5537 3401 5592 εἰσιν

135 5605 192 5657 oi
225 5601 594 5672 εἰσερχόμενοι
625 5601 694 5672 δι’
721 5603 910 5672 αὐτῆς.

220 5649 665 5739 (si'tsgzgii"..;'~2'.

219 5743 302 5810 (6)
333 5739 492 5809 Greg.
533 5741 660 5795 ΜΖ.
688 5755 824 5797 orat.
862 5743 918 5803 9.
961 5759 1010 5811 p.
1047 5745 1167 5798 151.

220 5813 302 5880 (7)
332 5813 404 5866 De
433 5812 705 5870 locutione
746 5815 851 5867 vid.
895 5815 1090 5870 “asins
1116 5819 1180 5870 ad
1209 5815 1445 5873 Leonem
1490 5817 1633 5873 Diae.
1664 5836 1715 5888 ν.
1748 5818 1871 5870 “illi.
