4180 6458
223 466 349 530 1001

1316 467 1487 526 VITA
1531 457 1884 521 BARLAAM
1925 457 2016 514 ΕΤ
2060 456 2405 515 JOASAPII.

3326 452 3460 515 1002

214 587 402 648 Οῦτως
436 580 551 649 οὖν,
591 579 653 638 εὖ
690 583 823 650 ῖσθι,
857 581 1100 654 βασιλεῦ,
1149 580 1242 633 καὶ
1276 578 1456 647 πολλῷ
1481 575 1790 647 χαλεπώτε-

1900 572 2048 639 quit:
2085 571 2162 624 Tu
2193 588 2340 639 vero,
2370 588 2402 627 ο
2431 589 2543 641 rex,
2586 574 2879 643 cujusmodi
2910 573 3120 628 tandem
3160 574 3348 628 horum
3378 573 3461 627 vi-

219 697 310 747 ρος
348 678 377 729 6
408 676 530 731 καθ’
564 677 710 747 ἡμᾶς
756 675 1066 743 λελόγισται
1105 672 1218 741 βίος
1248 673 1363 733 τοῖς
1402 670 1670 730 ἐπόπταις
1702 666 1795 718 καί

217 769 456 839 μύσταις
489 769 590 838 τῆς
637 768 807 822 ἀϊδίου
857 765 1016 835 δόξης
1062 764 1280 833 ἐκείνης
1336 764 1432 815 καὶ
1461 762 1571 814 τῶν
1618 760 1796 812 πάντα

214 861 343 915 νοῦν
374 861 810 933 ὑπερϐαινόντων
830 858 1053 928 ἀγαθῶν
1075 874 1088 886 ’
1121 860 1262 912 αἵτε
1291 855 1478 927 χρυσῷ
1504 853 1797 909 καταστίλ-

214 954 411 1007 ϐουσαι
463 954 633 1006 οἰκίαι
667 954 762 1005 καὶ
796 951 867 1004 τά
904 950 1137 1022 λαμπρά
1168 948 1339 1003 ταῦτα
1374 948 1671 1016 ἐνδύματα,
1704 947 1796 997 καὶ

213 1048 250 1113 ἡ
286 1044 447 1114 λοιπὴ
496 1045 592 1097 τοῦ
637 1044 755 1113 βίου
798 1044 990 1096 τούτου
1041 1042 1242 1112 τρυφὴ,
1300 1040 1582 1093 σκυϐάλων
1612 1055 1671 1091 τε
1703 1038 1797 1089 καὶ

220 1135 450 1205 ἀμαρῶν
479 1136 620 1187 εἰσιν
647 1134 951 1204 ἀηδέστερα
977 1136 1089 1194 τοῖς
1120 1130 1419 1200 ὀφθαλμοῖς
1439 1130 1547 1183 τῶν
1578 1129 1796 1181 εἰδότων

217 1228 288 1280 τὰ
304 1226 668 1297 ἀνεκδιήγητα
689 1226 860 1296 κάλλη
884 1225 991 1277 τῶν
1010 1226 1067 1277 ἐν
1084 1224 1337 1294 οὐρανοῖς
1366 1219 1797 1291 ἀχειροτεύκτων

220 1318 599 1387 σκηνωμάτων
641 1317 778 1388 (20),
820 1315 924 1385 τῆς
982 1314 1318 1382 θεοῦσάντου
1366 1330 1427 1365 τε
1464 1311 1658 1379 στολῆς
1707 1311 1797 1362 καὶ

217 1410 327 1461 τῶν
382 1409 677 1478 ἀφθάρτων
744 1408 1112 1478 διαδημάτων,
1148 1406 1184 1459 ἃ.
1246 1406 1544 1476 ἡτοίμασεν
1600 1406 1629 1455 6
1662 1404 1791 1461 Θεὸς

217 1503 331 1561 τοῖς
360 1501 645 1568 ἀγαπῶσιν
676 1501 837 1553 αὐτὸν
862 1500 995 1571 (2|),
1022 1502 1049 1552 6
1091 1500 1307 1553 πάντων
1336 1500 1677 1568 Δημιουργὸς
1707 1498 1798 1547 καὶ

224 1591 381 1660 137
428 1592 649 1662 Κύριος.
704 1595 799 1645 ’ον
854 1595 1057 1663 τρόπον
1105 1594 1211 1661 γὰρ
1265 1589 1605 1659 ἀνοηταίνειν
1667 1590 1797 1657 ἡμῖν

217 1679 364 1735 οῦτοι
398 1683 780 1754 ἐλογίσθησαν,
815 1684 995 1754 πολλῷ
1024 1685 1185 1737 πλέον
1212 1686 1395 1753 ἡμεῖς,
1425 1684 1473 1734 οἱ
1502 1681 1576 1751 τῷ
1610 1682 1800 1750 κόσμῳ

219 1774 694 1846 περιπλανώμενοι
730 1778 825 1830 καὶ
874 1778 1353 1848 αὐταρεσκοῦντες
1401 1777 1458 1827 ἐν
1492 1777 1556 1843 τῇ
1608 1774 1801 1841 ψευδο-

221 1870 357 1940 μένη
387 1872 561 1944 ταύτῃ
590 1873 717 1943 δόξῃ
753 1874 847 1926 καὶ
887 1874 1105 1944 ἀνοήτῳ
1148 1874 1354 1945 τρυφῇ,
1383 1870 1596 1940 θρήνων
1631 1872 1800 1938 ἐσμὲν

217 1964 360 2027 ἄξιοι
381 1965 471 2016 καὶ
496 1964 747 2034 δακρύων
768 1965 825 2017 ἐν
855 1965 1157 2034 ὀφθαλμοῖς
1181 1965 1291 2016 τῶν
1316 1962 1674 2032 γευσαμένων
1698 1962 1798 2027 τῆς

217 2053 556 2122 γλυκύτητος
597 2058 703 2123 τῶν
730 2057 950 2123 ἀγαθῶν
986 2056 1231 2109 ἐκείνων.

1902 672 2004 714 tam
2033 676 2155 715 esse
2182 664 2490 718 existimas?
2528 665 2801 727 Omnium,
2850 664 3020 732 inquit
3064 664 3174 729 ille,
3206 678 3336 732 quas
3364 678 3461 717 un-

1898 768 2054 818 quam
2085 752 2346 816 viderim,
2395 754 2813 809 insuavissimam
2847 764 2898 808 et
2936 753 3322 817 miserrimam,
3366 768 3462 807 ex-

1898 842 2297 910 secrationeque
2335 841 2546 913 dignam
2585 854 2638 899 et
2679 844 3047 898 aversandam.
3092 845 3241 897 Tunc
3276 846 3350 897 ait
3395 842 3462 905 ad

1898 946 2018 987 eum
2086 934 2378 1001 primarius
2452 932 2539 985 illc
2614 932 2955 987 consiliarius
3033 951 3045 986 :
3111 936 3191 991 Ad
3220 937 3461 991 eumdem

1899 1024 1969 1097 ita
2001 1023 2375 1082 modum.mihi
2421 1024 2603 1089 crede,
2629 1040 2661 1077 ο
2690 1041 2803 1089 rex,
2834 1040 2897 1079 ac
2927 1025 3091 1080 multo
3120 1030 3277 1081 etiam
3308 1043 3460 1081 acer-

1900 1114 2013 1165 bior
2053 1116 2158 1166 vita
2208 1124 2385 1168 nostra
2423 1115 2487 1167 iis
2534 1128 2651 1168 esse
2691 1116 2914 1180 videtur,
2944 1116 3032 1184 qui
3080 1119 3457 1185 sempiternam

1899 1203 2040 1256 illam
2072 1205 2293 1272 gloriam
2313 1247 2327 1271 ,
2362 1219 2426 1258 ac
2456 1208 2590 1259 bona
2622 1206 2707 1256 illa
2739 1222 2855 1271 quae
2898 1222 3108 1260 onmem
3152 1209 3343 1260 mentis
3367 1222 3459 1261 ca-

1901 1305 2043 1361 ptum
2099 1308 2386 1361 superant,
2433 1297 2860 1362 contemplantur
2906 1306 3063 1363 atque
3117 1308 3456 1363 cognoscunt.

1899 1385 2071 1448 Atque
2094 1397 2222 1434 auro
2253 1386 2528 1438 rutilantes
2569 1384 2731 1448 uades,
2773 1397 2835 1437 ac
2866 1384 3123 1450 praeclara
3156 1386 3267 1436 ιιωο
3307 1386 3460 1437 indu-

1903 1479 2099 1533 menta,
2142 1486 2451 1537 exterasque
2498 1476 2615 1526 vitae
2659 1474 2892 1539 delictze,
2927 1475 2989 1528 iis
3034 1475 3120 1542 qui
3167 1477 3456 1528 cmlestium

1907 1563 2366 1615 tabernaculomm
2410 1577 2512 1615 non
2554 1578 2713 1615 manu
2755 1564 3043 1625 factorum,
3079 1574 3341 1629 vestisque
3375 1565 3458 1617 di-

1905 1651 2097 1703 vinitus
2122 1661 2403 1717 contextae,
2432 1667 2493 1705 ac
2526 1652 2879 1705 diadematum
2908 1654 3259 1721 corruptionis
3287 1656 3458 1707 omnis

1903 1742 2226 1806 expertium,
2265 1758 2381 1808 qua:
2424 1757 2598 1795 rerum
2638 1745 2871 1796 onmium
2914 1745 3232 1796 architectus
3261 1759 3321 1795 ac
3350 1745 3452 1796 Do-

1901 1832 2073 1882 minus
2093 1830 2424 1899 diligentibus
2446 1847 2504 1883 se
2533 1835 2866 1897 praeparavit,
2893 1834 3209 1887 stercoribus
3231 1844 3281 1887 et
3304 1848 3458 1887 emno

1833 1942 1874 1995 Β
1904 1920 2166 1974 l'etidiores
2197 1922 2458 1975 videntur.
2486 1922 2534 1991 (Ι
2568 1922 2685 1975 Cor.
2712 1924 2789 1992 ιι).
2822 1925 3271 1990 Quemadmodum
3314 1927 3456 1980 enim

1899 2010 1981 2061 isti
2008 2010 2205 2075 judicio
2233 2019 2414 2063 nostro
2441 2026 2502 2065 ac
2538 2021 2795 2067 sententia
2837 2014 3129 2081 desipiunt,
3164 2016 3229 2068 ita
3257 2018 3414 2070 etiam
3436 2056 3455 2084 ,

221 2136 288 2174 at:
319 2121 488 2173 multo
519 2122 712 2190 magis.
738 2121 835 2178 nes
880 2124 973 2190 qui
1016 2126 1066 2174 in
1096 2122 1300 2176 mundo
1328 2123 1671 2187 oberramus,
1708 2132 1869 2194 atque
1898 2124 1951 2178 in
1988 2123 2236 2176 mendaci
2271 2122 2373 2176 hac
2407 2121 2578 2189 gloria
2610 2121 2897 2189 stultisque
2926 2121 3137 2175 deliciis
3168 2121 3327 2176 nobis
3356 2121 3459 2190 pla—

218 2223 433 2270 cemus,
459 2207 513 2261 in
541 2224 733 2263 eorum
756 2212 932 2264 oculis
955 2211 1045 2277 qui
1078 2212 1343 2265 bonorum
1379 2212 1597 2265 illorum
1625 2214 1964 2269 dulcedinem
2002 2212 2384 2281 degustarunt,
2424 2211 2572 2262 luctu
2600 2217 2653 2262 et
2691 2210 2943 2278 lacrymis
2975 2210 3123 2279 digni
3152 2225 3366 2264 sumus.

304 2288 364 2339 ὐ
391 2288 447 2341 δὲ
480 2289 735 2359 βασιλεὺς
763 2292 967 2345 τούτων
988 2295 1248 2356 ἀκούσας,
1276 2295 1375 2346 καὶ
1408 2293 1586 2354 ἐννεὸς
1612 2292 1801 2361 ὥσπερ

1963 2304 2058 2359 llis
2085 2310 2268 2356 autem
2306 2302 2485 2356 verbis
2512 2302 2795 2370 perculsus
2829 2316 2945 2365 rex,
2973 2302 3150 2369 inquit
3180 2320 3192 2354 :
3230 2301 3459 2366 Quinam

218 2380 529 2449 γενόμενος,
564 2381 667 2453 ἔφη
689 2399 701 2411 ·
733 2384 888 2447 Τίνες
907 2380 999 2439 οῦν
1042 2386 1239 2438 ἐκεῖνοί
1272 2388 1406 2439 εἰσιν
1438 2387 1486 2437 οἱ
1516 2387 1802 2456 κρείττονα.

1895 2396 2062 2466 igitur
2083 2396 2159 2448 illi
2184 2404 2313 2448 sunt
2334 2395 2424 2462 qui
2450 2395 2883 2462 pra-stantiorem
2907 2396 3066 2447 nobis
3088 2394 3250 2447 vitam
3271 2394 3466 2463 agunt?

220 2471 325 2539 τῆς
360 2472 482 2525 καθ’
526 2475 677 2544 ἡμᾶς
722 2479 1055 2545 κεκτημένοι
1094 2478 1274 2547 ζωήν,
1313 2479 1540 2539 Πάντες,
1578 2478 1742 2546 φησὶν
1772 2478 1800 2527 6

222 2566 738 2635 πρωτοσύμὸουλος,
798 2571 849 2622 οἰ
880 2570 949 2623 τά
984 2572 1178 2624 αἰώνια
1216 2571 1657 2641 προτιμήσαντες
1686 2568 1798 2621 τῶν

222 2658 595 2727 προσκαίρων.
626 2660 791 2723 Αὖθις
818 2661 911 2714 οῦν
940 2662 1033 2715 τοῦ
1054 2662 1316 2733 βασιλέως
1346 2663 1538 2732 μαθεῖν
1564 2661 1797 2732 ζητοῦν-

221 2762 314 2807 τος
368 2747 489 2801 τίνα
536 2749 605 2801 τὰ
640 2749 854 2814 αἰώνια,
899 2753 1064 2821 φησὶν
1098 2754 1125 2803 6
1174 2754 1350 2820 ἀνήρ’
1400 2752 1650 2804 Βασιλεία
1688 2752 1797 2820 (22)

221 2837 524 2907 ἀδιάδοχος,
567 2841 660 2892 καὶ
713 2843 829 2911 ζωὴ
884 2842 958 2912 μὴ
1014 2844 1349 2913 ὑποκειμένη
1401 2844 1635 2912 θανάτῳ,
1706 2846 1803 2896 καὶ

227 2928 454 2991 πλοῦτος
483 2931 748 2999 μηδέποτε
780 2933 1126 3002 ὑφορώμενος
1161 2934 1370 2997 πενίαν,
1420 2937 1564 3005 χαρά
1612 2953 1671 2986 τε
1707 2936 1801 2987 καὶ

224 3018 534 3089 εὐφροσύνη
587 3022 770 3090 πάσης
821 3023 1087 3091 ἀμέτοχος
1126 3024 1304 3092 λύπης
1350 3025 1441 3077 καὶ
1488 3024 1801 3094 ἀχθηδόνος,

226 3112 323 3162 καὶ
355 3112 546 3181 εἰρήνη
601 3113 855 3183 διηνεκὴς
908 3115 1171 3185 ἐλευθέρα
1213 3117 1395 3186 πάσης
1455 3117 1653 3184 ἔχθρας
1709 3116 1802 3167 καὶ

1896 2489 2119 2550 Omnes,
2144 2487 2319 2553 inquit
2338 2486 2447 2545 ille,
2473 2487 2565 2551 qui
2584 2485 2910 2550 sempiterna
2930 2484 3150 2538 caducis
3179 2494 3233 2538 et
3262 2483 3472 2553 fragili-

1914 2573 2011 2625 bus
2042 2578 2399 2640 praetulerunt.
2430 2572 2668 2639 Cumque
2697 2588 2787 2625 rex
2816 2587 3025 2626 rursum
3055 2587 3300 2641 quamam
3328 2586 3470 2624 sem-

1915 2666 2122 2731 piterna
2154 2664 2244 2717 illa
2289 2672 2469 2717 essent
2496 2664 2857 2732 quaesivisset;
2890 2663 3160 2729 respondit
3206 2662 3294 2715 ille
3319 2677 3332 2714 :
3362 2661 3468 2714 Re-

1912 2770 2071 2823 gnum
2110 2755 2175 2807 ab
2214 2762 2357 2808 omni
2401 2755 2740 2808 successione
2788 2755 3049 2819 alienum,
3081 2769 3142 2808 ac
3170 2754 3274 2808 vita
3315 2753 3472 2809 morti

1914 2846 2127 2899 minime
2156 2844 2405 2907 obnoxia,
2438 2853 2491 2897 et
2521 2859 2647 2908 opes
2672 2852 2959 2908 egestatem
3006 2860 3108 2896 non
3142 2853 3471 2907 metuentes,

1912 2936 2092 2991 laetitia
2120 2937 2243 2990 item
2274 2946 2327 2988 et
2354 2936 2633 2989 oblectatio
2660 2936 2728 2988 ab
2756 2936 2899 2987 omni
2931 2935 3182 2989 maestitia
3205 2943 3262 2988 et
3291 2935 3472 2987 dolore

1909 3025 2170 3090 :wjuncta,
2205 3040 2407 3091 paxque
2436 3034 2685 3091 perpetua
2715 3064 2727 3084 ,
2761 3033 2815 3077 et
2845 3024 2911 3077 ab
2938 3026 3079 3077 omni
3114 3023 3391 3077 inimicitia
3421 3034 3474 3076 et

1911 3115 2244 3166 contentione
2285 3114 2466 3167 libera.
2500 3114 2589 3165 llis
2620 3114 2771 3165 bonis
2796 3155 2809 3175 ,
2859 3114 3047 3180 quibus
3090 3114 3343 3166 divinitus
3370 3112 3471 3166 frui

226 3199 578 3265 φιλονεικίας.
633 3203 851 3255 Τούτων
892 3205 941 3256 οἰ
986 3205 1421 3270 καταξιωθέντες
1478 3208 1799 3270 ἀπολαύειν,

1864 3203 1873 3254 ἰ
1908 3203 2205 3268 contigerit.
2226 3203 2360 3255 beati
2394 3203 2466 3254 illi
2490 3217 2549 3255 ac
2580 3216 2721 3268 saepe
2761 3202 2927 3263 beati;
2966 3208 3129 3254 vitam
3156 3202 3294 3255 enim
3324 3203 3471 3255 omni

229 3291 515 3360 μακάριοι,
553 3295 644 3345 καὶ
672 3295 835 3347 τοῦτο
860 3297 1123 3358 πολλάκις
1151 3298 1265 3365 (25)
1287 3313 1301 3327 °
1336 3297 1540 3350 ἄλυπον
1577 3302 1683 3367 γὰρ
1712 3300 1806 3352 καὶ

228 3382 469 3449 ἀμοχθον
525 3383 781 3452 ζήσουσιν
843 3388 922 3448 είς
965 3387 1168 3449 αἰῶνας
1214 3387 1380 3457 ζωὴν,
1432 3390 1651 3441 πάντων
1700 3390 1807 3441 τῶν

229 3472 407 3540 ἡδέων
437 3474 531 3525 καὶ
553 3474 804 3542 τερπνῶν
833 3475 934 3543 τῆς
964 3477 1058 3529 τοῦ
1087 3476 1221 3529 Θεοῦ
1256 3478 1533 3547 βασιλείας
1569 3480 1807 3549 ἀμογητὶ

228 3561 619 3627 ἀπολαύοντες,
663 3564 863 3634 καὶτῷ
901 3568 1125 3639 Χριστῷ
1166 3570 1499 3639 ἀτελεύτητα
1534 3572 1803 3639 συμϐασι-

228 3651 499 3712 λεύοντες.
533 3653 679 3704 Καί·
710 3655 807 3716 Τίς
848 3655 997 3720 ἄξιος
1031 3660 1236 3710 τούτων
1283 3661 1594 3729 ἐπιτυχεῖν;
1628 3662 1806 3712 είπόν-

228 3760 325 3805 τος
360 3742 451 3795 τοῦ
506 3743 791 3812 βασιλέως,
828 3750 1034 3812 ἐκεῖνος
1074 3751 1411 3821 ἀπεκρίνατο
1437 3770 1449 3781 ⁸
1511 3753 1717 3814 Πάντες
1756 3754 1803 3805 οἰ

228 3836 331 3901 τῆς
360 3838 535 3887 ἐκεῖσε
568 3838 895 3907 ἀπαγούσης
936 3840 1053 3892 ὁδοῦ
1111 3842 1480 3910 δραξάμενοι·
1528 3842 1806 3905 ἀκώλυτος

227 3924 340 3991 γὰρ
370 3924 400 3991 ἡ
440 3925 644 3987 εἴσοδος
679 3931 788 3989 τοῖς
827 3927 1085 3995 θελήσασι
1118 3929 1431 3997 μόνον(24).
1474 3931 1529 3981 'O
1561 3931 1617 3983 δὲ
1649 3932 1804 3999 βασι-

226 4013 355 4075 λεύς
376 4032 389 4045 ·
420 4016 527 4068 Καὶ
552 4018 656 4078 τίς,
686 4019 873 4086 φησιν,
894 4020 927 4087 ὴ
959 4020 1139 4071 ἐκεῖσε
1161 4020 1403 4089 φέρουσα
1424 4022 1606 4089 τρίϐος
1629 4040 1642 4087 ;
1666 4022 1805 4092 Πρὸς

226 4106 289 4155 ὃν
322 4105 425 4175 ἔφη
453 4108 480 4157 ὀ
512 4107 759 4178 λαμπρὸς
793 4108 953 4179 138
990 4110 1090 4181 τὴν
1129 4109 1306 4182 ψυχὴν
1339 4113 1543 4174 ἐκεῖνος
1568 4127 1583 4141 ⁸
1616 4113 1689 4165 Τὸ
1720 4131 1806 4182 γι-

228 4195 462 4247 νώσκειν
492 4196 581 4247 τὸν
614 4197 775 4265 μόνον
806 4199 1060 4267 ἀληθινὸν
1108 4199 1263 4262 Θεὸν,
1297 4201 1390 4253 καὶ
1425 4201 1636 4269 Ἰησοῦν
1668 4203 1803 4271 Χρι-

232 4286 358 4337 στὸν
406 4287 516 4354 (25)
562 4288 651 4339 τὸν
695 4289 957 4357 μονογενῆ
1014 4290 1178 4344 αὑτοῦ
1228 4291 1355 4343 Υίον
1425 4295 1515 4345 κιιί⁸
1559 4294 1619 4346 τὸ
1656 4294 1808 4360 ἅγιον

230 4380 329 4431 καὶ
364 4378 627 4441 ζωοποιὸν
668 4380 807 4432 [Ινεῦ
818 4399 912 4450 μα.

313 4469 373 4520 '0
402 4470 579 4522 τοίνυν
625 4470 901 4539 βασιλεὺς,
937 4473 1039 4542 τῆς
1081 4473 1397 4542 ἀλουργίδος
1424 4477 1639 4528 σύνεσιν
1670 4476 1808 4547 ἔχων

231 4558 392 4623 ἀξίαν
424 4560 560 4629 (26),
594 4560 698 4630 ἔφη
746 4561 883 4631 πρὸς
912 4562 1073 4615 αὐτόν
1098 4581 1111 4594 ’
1161 4565 1269 4616 Καὶ
1298 4566 1349 4617 τί
1383 4566 1443 4617 τὸ
1474 4566 1720 4620 κωλῦσάν
1749 4585 1807 4619 σε

236 4652 402 4721 μέχρι
432 4651 524 4705 τοῦ
558 4651 651 4706 νῦν
707 4654 782 4724 μὴ
829 4655 1094 4725 γνωρίσαι
1140 4674 1232 4724 μοι
1266 4658 1393 4727 περί
1418 4657 1664 4724 τούτων;
1698 4661 1812 4713 Οὐκ

232 4742 505 4810 ἀναϐολῆς
533 4744 643 4814 γάρ
673 4746 766 4797 καὶ
800 4745 1144 4814 ὑπερθέσεως
1176 4746 1305 4809 ἄξιά
1334 4764 1424 4816 μοι
1458 4747 1606 4800 δοκεῖ
1630 4749 1811 4820 ὑπάρ-

232 4851 352 4902 χειν
392 4833 587 4897 ταῦτα,
619 4834 673 4885 εῖ
730 4852 791 4901 γε
823 4835 998 4905 ἀληθῆ
1053 4838 1339 4906 τυγχάνει’
1373 4840 1504 4892 εἰδὲ
1535 4841 1813 4909 ἀμφίϐολά

234 4925 411 4986 ἐστιν,
451 4925 701 4991 ἐμπόνως
738 4924 819 4976 δεῖ
840 4924 1071 4994 ζητῆσαι
1107 4928 1298 4996 μέχρις
1338 4929 1461 4980 ὅτου
1489 4931 1549 4981 τὸ
1574 4930 1812 4999 ἀναμφίο

233 5013 429 5064 λεκτον
476 5012 715 5083 εὕροιμι.
765 5016 877 5068 Ούκ
916 5015 1164 5086 ἀμελείᾳ,
1194 5018 1356 5084 φησὶν
1403 5019 1611 5089 ὁάνὴρ,
1659 5020 1812 5091 ἢρᾳ-

236 5104 411 5173 θυμία
447 5105 825 5175 συνεχόμενος,
867 5107 994 5176 περί
1020 5108 1223 5160 τούτων
1246 5106 1468 5178 ῶκνησά
1499 5128 1582 5162 σοι
1612 5112 1811 5180 γνωρί-

313 5284 424 5353 (se)
458 5284 613 5353 Conf.
644 5299 697 5352 p.
738 5285 822 5347 t7,
850 5300 903 5337 η.
941 5284 1049 5339 54'.

1915 3294 2095 3345 labore
2126 3303 2179 3345 et
2210 3293 2457 3345 tumstitia
2498 3307 2714 3345 vacuam
2748 3295 2797 3343 in
2849 3307 3007 3346 omne
3032 3308 3199 3345 aevum
3234 3292 3430 3346 ducent
3456 3330 3473 3354 ,

1911 3383 2156 3434 omnibus
2201 3383 2344 3449 regni
2376 3381 2469 3434 Dei
2505 3380 2925 3448 jucumlitatilius
2969 3392 3025 3434 et
3070 3382 3476 3435 oblectamentis

1910 3472 2021 3525 sine
2050 3472 2157 3525 ullo
2180 3475 2358 3525 labore
2387 3476 2641 3532 fruentes,
2690 3486 2751 3524 ac
2780 3487 2899 3525 cum
2928 3472 3139 3524 Christo
3187 3472 3236 3524 in
3288 3488 3475 3540 perpe-

1911 3572 2055 3613 tuum
2108 3572 2405 3627 regnantes.
2464 3560 2703 3628 Cumque
2753 3576 2845 3613 rex
2893 3561 3115 3613 dixisset
3156 3577 3169 3613 :
3219 3561 3473 3626 Quisnam

1912 3652 2119 3705 tandem
2152 3651 2264 3704 hac
2292 3652 2541 3719 consequi
2575 3651 3001 3719 promerebitur?
3028 3651 3301 3717 respondit
3342 3652 3431 3704 ille
3456 3693 3469 3705 .

1907 3744 2103 3797 Omnes
2134 3744 2219 3812 qui
2252 3746 2413 3797 vitam
2447 3745 2569 3797 illuc
2599 3744 2879 3797 ducentem
2925 3745 3275 3811 arripuerint;
3328 3744 3472 3796 aditu

1909 3833 2045 3885 enim
2075 3848 2231 3886 nemo
2254 3832 2577 3901 prohibetur,
2600 3835 2686 3901 qni
2716 3834 2873 3886 modo
2901 3835 3147 3887 voluerit.
3178 3835 3309 3886 Tum
3335 3850 3425 3887 rex
3454 3852 3467 3885 :

1913 3922 1977 3973 Et
2003 3936 2265 3990 quaenam,
2297 3924 2483 3990 inquit,
2508 3936 2587 3975 est
2612 3924 2690 3975 via
2718 3938 2817 3991 qua
2846 3924 2969 3976 illuc
3009 3924 3148 3977 itur?
3176 3924 3472 3991 Respondit

1910 4012 1997 4064 ille
2048 4011 2285 4078 prmclari
2328 3996 2487 4062 animi
2524 4011 2638 4063 vir:
2672 4012 3007 4078 Cognoscere
3059 4014 3228 4066 solum
3286 4031 3469 4067 verum

1908 4102 2096 4165 Deum,
2124 4109 2177 4154 et
2204 4098 2380 4154 Jesum
2410 4100 2682 4153 Christum
2715 4101 3040 4168 unigenitum
3075 4103 3240 4170 ipsius
3268 4102 3431 4157 (ilium
3455 4144 3468 4167 ,

1908 4200 1959 4245 et
1986 4200 2223 4245 sanctum
2254 4206 2317 4245 ac
2350 4190 2612 4244 viviticum
2636 4190 2891 4260 Spiritum
2920 4191 3101 4259 (Joan.
3135 4192 3288 4260 xvii).

1988 4486 2098 4541 Rex
2124 4486 2301 4555 igitur,
2332 4486 2473 4556 regia
2504 4501 2631 4539 sane
2654 4488 2927 4554 prudentia
2960 4490 3230 4555 praeditus,
3262 4488 3327 4542 ad
3350 4502 3473 4543 eum

1920 4574 2131 4641 inquit:
2155 4576 2218 4629 Et
2244 4577 2491 4643 quidnam
2522 4577 2771 4629 hactenus
2790 4585 2838 4629 te
2867 4577 3151 4643 prohibuit,
3194 4580 3479 4645 quominus

1918 4664 2043 4716 mihi
2069 4667 2180 4719 hac
2199 4666 2531 4732 exponeres?
2554 4666 2733 4732 Neque
2753 4668 2894 4720 enim
2920 4668 3031 4719 hzec
3054 4672 3395 4722 cunctatione
3417 4684 3479 4722 ac

1920 4755 2165 4807 dilatione
2211 4755 2337 4808 mihi
2370 4756 2523 4821 digna
2554 4770 2671 4809 esse
2698 4756 2965 4821 videntur,
3012 4759 3057 4809 si
3100 4757 3315 4824 quidem
3353 4772 3481 4810 vera

1920 4857 2059 4897 sunt.
2090 4844 2239 4907 Quod
2266 4844 2309 4895 si
2340 4844 2493 4896 dubia
2526 4853 2666 4905 sunt,
2692 4846 2876 4898 sedulo
2908 4855 2959 4898 et
2980 4853 3223 4898 accurate
3254 4844 3481 4899 investi-

1920 4932 2143 5003 gandum
2159 4943 2260 4999 est,
2278 4936 2616 5002 quoadusque
2643 4949 2701 4987 ea
2734 4936 2865 4988 citra
2890 4936 3045 4987 ullam
3067 4936 3472 5003 ambiguitatem

1922 5041 1978 5081 ac
2008 5027 2383 5082 dubitationem
2414 5028 2766 5081 inveniamus.
2802 5027 2915 5080 Non
2959 5028 3273 5095 negligentia
3304 5036 3358 5079 et
3387 5042 3480 5079 so-

1922 5116 2099 5169 cordia
2146 5115 2340 5169 factum
2388 5124 2495 5181 est,
2543 5118 2615 5169 ait
2656 5117 2780 5182 ille,
2815 5125 2869 5170 ut
2919 5115 3014 5169 tibi
3058 5118 3171 5169 huic
3217 5131 3482 5184 exponere

313 5348 425 5425 (ΞΕ)
458 5348 657 5425 Jacob.‘
682 5370 720 5420 l,
754 5353 822 5407 12
847 5372 858 5406 :
889 5355 1134 5423 Ληψεται
1169 5356 1452 5423 στέφανον,
1482 5355 1539 5407 ὃν
1569 5356 1934 5425 ἐπηγγείλατο
1962 5356 1989 5406 ὁ
2017 5355 2219 5424 Κύριος
2241 5355 2355 5415 τοῖς
2389 5351 2677 5422 ἀγαπῶσιν
2707 5348 2889 5403 αὐτόν.

312 5423 423 5494 (2'2)
456 5424 672 5494 Lemma
705 5433 789 5477 est
828 5427 1105 5494 metricum
1146 5427 1196 5476 in
1228 5427 1410 5478 codice
1436 5428 1478 5476 A
1509 5444 1521 5477 :
1564 5423 1699 5479 Τίνα
1722 5427 1791 5479 τὰ

1865 5424 2014 5478 ἰὼνια
2045 5423 2223 5493 ἀγαθά
2260 5426 2380 5494 ὅρα.

314 5490 428 5564 {9.3)
456 5495 518 5556 Α,
546 5493 640 5546 καὶ
659 5494 778 5564 τρῖς
801 5509 849 5564 τ.
879 5493 973 5545 καὶ
1002 5492 1261 5557 πολλάκις
1286 5510 1299 5523 ·
1336 5509 1366 5548 e
1400 5497 1759 5550 correctione.

315 5561 427 5629 (ει)
459 5564 613 5617 Conf.
646 5561 704 5631 p.‘
730 5561 853 5614 Ml.

455 5627 787 5709 J_oatt.__xvtl,_
805 5632 891 5709 δέ
922 5632 1070 5709 Αὕτη
1102 5632 1158 5684 δέ
1207 5634 1354 5688 ἐστιν
1397 5635 1430 5704 ή
1463 5635 1679 5700 αἰώνιος
1710 5635 1844 5707 ζωὴ,
1894 5635 1981 5687 ἶνα
2012 5634 2323 5703 γινώσκωσι
2372 5650 2430 5686 σε
2485 5632 2575 5684 τὸν
2626 5629 2787 5700 μόνον
2838 5628 3091 5700 ἀληθινὸν
3118 5627 3269 5691 Θεὸν,
3314 5627 3410 5709 καὶ
3431 5627 3492 5680 ὃν

238 5705 571 5765 ἀπέστειλας
616 5702 822 5771 Ἰησοῦν
844 5702 1105 5771 Χριστόν.

320 5772 522 5846 (τίθλϐ,
549 5765 730 5846 τοίνυν
760 5774 787 5824 6
835 5765 1111 5838 βασιλεὺς,
1144 5772 1579 5846 βασιλικωτάτην
1609 5777 1744 5845 ἔχων
1776 5793 1802 5828 σ

1864 5792 2022 5829 νεσινο
2059 5789 2180 5843 qua:
2223 5773 2326 5830 fuit
2366 5772 2744 5840 interpretum,
2786 5767 3001 5837 Georgii
3052 5765 3399 5834 Trapezuntii
3426 5779 3491 5819 ac

246 5845 406 5906 Biilii,
438 5842 617 5898 lectio.

573 5938 842 5996 l’nnox.
897 5936 1012 5997 Gn.
1063 5934 1278 5996 XC‘i’l.

3093 5946 3175 6010 32
