4180 6458
214 388 342 446 ltinn

1298 396 1468 454 VITA
1507 396 1856 453 BARLAAM
1899 398 1990 456 ET
2029 402 2376 462 JOAS.\PH.

3309 416 3435 477 1010

207 513 336 550 σουο
389 501 654 567 γνώρισον
699 521 787 572 μοι
837 506 926 556 τόν
955 522 1014 556 τε
1066 504 1296 558 πλοῦτον
1349 507 1449 574 τῆς
1479 507 1638 577 δόξης
1681 509 1769 558 τοῦ

1875 522 2119 585 gestiens,
2150 523 2244 577 abs
2274 535 2324 581 te
2352 537 2493 596 peto.
2527 540 2578 580 ut
2606 541 2658 584 et
2687 530 2876 586 divina:
2899 532 3083 602 gloria:
3111 530 3342 593 divitias.
3375 546 3431 588 et

206 586 342 638 Θεοῦ
373 595 463 640 καὶ
494 591 554 640 τὸ
581 593 916 661 ὑπερϐάλλον
943 595 1042 662 τῆς
1070 596 1232 648 αὐτοῦ
1268 597 1572 664 δυνάμεως.

280 679 413 730 Eius
436 681 491 731 δὲ
521 681 656 750 πρὸς
689 685 851 736 αὐτὸν
884 687 912 736 ὁ
949 686 1207 756 Ιιαρλαάμ
1234 708 1242 717 '
1278 689 1366 757 Τῷ
1396 688 1514 757 Θεῴ
1546 689 1774 758 εὖχομαι

205 769 411 831 διδάξαι
461 789 518 824 σε
586 774 773 833 ταῦτα.
825 777 916 828 καὶ
954 777 1053 844 τῆν
1097 779 1296 844 γνῶσιν
1347 779 1458 831 τῶν
1513 781 1773 833 τοιούτων

206 860 440 914 ἐνθεῖναί
496 880 587 915 σου
637 867 702 934 τῇ
749 865 927 935 ψυχῇ·
966 869 1088 919 ἐπεὶ
1118 871 1268 940 παρά
1316 869 1624 939 ἀνθρώπως
1673 873 1772 939 τὴν

205 952 370 1004 αὐτοῦ
404 954 660 1023 λεχθῆναι
687 957 842 1020 δόξαν
868 961 960 1011 καὶ
985 959 1213 1029 δύναμιν
1249 961 1308 1012 τὸ
1351 961 1612 1030 παράπαν
1642 962 1772 1014 ἀδύ-

207 1059 388 1104 νατον,
418 1046 520 1096 κάν
559 1049 729 1099 πᾶσαι
760 1049 815 1100 αἱ
845 1049 952 1100 τῶν
974 1051 1092 1103 νυν)⁸
1115 1052 1211 1102 καὶ
1235 1051 1341 1103 τῶν
1371 1051 1595 1104 πώποτε
1622 1069 1776 1119 γενο-

209 1134 387 1203 μένων
434 1137 736 1206 ἀνθρώπων
776 1140 1020 1206 γλῶσσαι
1052 1141 1112 1194 ἓν
1139 1143 1422 1209 γένωνται.
1476 1143 1612 1196 Θεὸν
1641 1144 1772 1213 γὰρ,

205 1226 372 1291 φησιν
388 1228 415 1278 δ
432 1227 826 1300 εύαγγελιστὴς
839 1233 932 1284 καὶ
952 1232 1202 1300 θεολόγος
1226 1233 1358 1303 (56),
1378 1234 1550 1296 οὐδεὶς
1563 1235 1774 1303 ἑώρακε

205 1314 455 1367 πώποτε·
490 1319 517 1369 ὁ
545 1320 840 1389 μονογενὴς
864 1321 1011 1384 Υἱὸς,
1046 1325 1074 1375 ὁ
1102 1323 1176 1374 ῶν
1217 1325 1298 1384 εἰς
1335 1324 1427 1375 τὸν
1453 1323 1653 1376 κόλπον
1679 1323 1772 1377 τοῦ

207 1406 439 1475 ἰητρὸς,
504 1411 710 1472 ἐκεῖνος
764 1411 1090 1482 ἐξηγήσατο.
1126 1413 1234 1466 Τοῦ
1281 1415 1338 1467 δὲ
1387 1416 1621 1485 ἀοράτου
1681 1417 1774 1467 καὶ

205 1496 581 1567 ὑπεραπείρου
622 1499 720 1570 τὴν
776 1503 930 1566 δόξαν
988 1503 1080 1555 καὶ
1123 1504 1224 1570 τὴν
1271 1506 1664 1574 μεγαλωσύνην
1690 1509 1772 1570 τίς

205 1588 413 1654 ἰσχύσει
457 1590 614 1661 145
659 1595 908 1662 γηγενῶν
957 1596 1381 1659 καταλαϐέσθαι,
1432 1599 1480 1649 εξ
1521 1600 1595 1667 μὴ
1631 1593 1674 1666 ᾧ
1707 1600 1773 1651 ἂν

201 1682 365 1742 αὐτὸς
409 1683 731 1753 ἀποκαλύψῃ
779 1685 900 1736 καθ’
947 1686 1075 1738 ὅσον
1125 1686 1392 1755 βούλεται,
1430 1689 1621 1757 ὥσπερ
1657 1693 1772 1752 τοῖς

200 1774 511 1841 προφήταις
525 1774 691 1826 αὐτοῦ
713 1777 806 1828 κα)⁸
822 1777 1138 1839 ἀποστόλοις
1161 1779 1510 1845 ἀπεκάλυψεν
1532 1797 1544 1841 ;
1580 1781 1770 1850 Ἡμεῖς

199 1863 258 1914 δὲ
289 1867 349 1914 ὲκ
377 1865 466 1916 τοῦ
497 1867 855 1934 κηρύγματος
886 1868 1066 1919 αὐτῶν
1101 1869 1197 1919 καὶ
1245 1870 1302 1934 ἐξ
1338 1870 1509 1938 αὐτῆς
1539 1873 1635 1938 τῆς
1664 1872 1769 1922 τῶν

199 1956 545 2024 πραγμάτων
567 1957 801 2023 φύσεως,
839 1958 978 2011 κατὰ
1006 1959 1068 2011 τὸ
1098 1959 1377 2030 ἐγχωροῦν
1407 1964 1536 2029 ἡμῖν
1564 1963 1771 2029 μανθά-

198 2063 384 2112 νομεν.
424 2049 586 2115 Λέγει
634 2050 742 2119 γάρ
776 2051 809 2116 ἡ
868 2051 1058 2121 Γραφὴ
1086 2067 1102 2084 ο
1166 2055 1225 2105 0i
1278 2055 1499 2122 οὐρανοὶ
1541 2055 1652 2119 (57)
1688 2055 1768 2106 δι-

199 2138 462 2205 ηγοῦνται
492 2141 648 2204 δόξαν
673 2141 832 2202 Θεοῦ,
861 2145 1079 2211 ποίησιν
1109 2143 1163 2196 δὲ
1183 2145 1380 2213 χειρῶν
1410 2147 1573 2197 αὑτοῦ
1605 2149 1772 2213 άναγ⁴

199 2229 380 2295 γέλλει
424 2231 483 2283 τὸ
531 2233 850 2302 στερέωμα³
896 2233 1045 2286 Καίο
1094 2235 1173 2286 Τὰ
1223 2236 1430 2304 ἀόρατα
1468 2236 1576 2302 (38)
1604 2237 1768 2287 αὖτοῦ

199 2322 311 2372 ἀπὸ
342 2323 569 2384 κτίσεως
625 2323 834 2392 κόσμου
875 2327 988 2386 τοῖς
1027 2326 1294 2394 ποιήμασι
1325 2326 1592 2392 νοούμενα
1636 2327 1769 2379 καθ-

197 2415 413 2481 ορᾶται,
439 2415 472 2481 ἦ
499 2430 558 2466 τε
586 2414 755 2477 ἀΐδιος
784 2415 948 2468 αὑτοῦ
979 2415 1204 2482 δύναμις
1235 2418 1328 2469 καὶ
1356 2417 1586 2486 θειότης.

271 2673 539 2743 Καθάπερ
574 2674 680 2745 γάρ
716 2693 832 2736 τις,
867 2675 1044 2727 οἰκίαν
1097 2675 1218 2728 ἰδὼν
1249 2675 1516 2743 λαμπρῶς
1557 2676 1648 2727 καὶ
1683 2677 1767 2726 ἐν·

195 2765 404 2834 τέχνως
439 2765 956 2833 κατεσκευασμένην
995 2764 1027 2834 ἢ
1071 2763 1264 2828 σκεῦος
1303 2764 1516 2831 εὐφυῶς
1571 2781 1768 2831 συνηρ-

199 2857 491 2925 μοσμένον,
523 2856 616 2907 τὸν
661 2855 942 2923 οἰκοδόμον
975 2855 1006 2924 ἢ
1041 2857 1270 2908 τέκτονα
1297 2855 1458 2917 εὐθὺς
1493 2859 1556 2908 ἂν
1587 2858 1768 2925 ἐννοή-

197 2966 298 3005 σας
333 2948 684 3016 θαυμάσειεν,
724 2947 864 2998 οὓτω
889 2948 998 3014 (39)
1023 2947 1211 3013 κάγὼ,
1249 2948 1314 3000 ὲκ
1347 2949 1420 3017 μὴ
1456 2949 1624 3000 ὄντων
1654 2949 1768 3000 δια-

194 3039 458 3100 πλασθεὶς
490 3040 582 3091 καὶ
622 3041 700 3099 εἰς
740 3039 799 3089 τὸ
825 3037 883 3088 ὃν
923 3037 1221 3105 παραχθεὶς
1246 3081 1259 3102 ,
1294 3041 1339 3090 εἰ
1374 3040 1468 3090 καὶ
1504 3041 1594 3090 τον
1629 3039 1768 3091 πλά-

197 3149 332 3200 στην
370 3131 462 3182 καὶ
496 3131 742 3200 παροχέα
770 3129 1068 3182 θεάσασθαι
1101 3131 1160 3181 οὐ
1193 3130 1486 3199 δεδύνημαι
1514 3172 1528 3190 ,
1558 3129 1674 3182 ἀλλ’
1705 3133 1768 3182 ὲκ

192 3221 298 3288 τῆς
322 3219 660 3290 εύαρμόστου
689 3221 781 3271 καὶ
813 3219 1267 3288 θαυμασιωτάτης
1297 3237 1396 3288 μου
1421 3220 1765 3288 κατασκευῆς

194 3317 278 3374 εἰς
319 3312 520 3379 γνῶσιν
565 3307 728 3380 ἦλθον
765 3311 864 3379 τῆς
898 3311 1063 3363 αὑτοῦ
1098 3311 1289 3378 σοφίας
1313 3353 1326 3376 ν
1379 3313 1438 3362 οὐ
1489 3313 1609 3364 καθ.
1653 3313 1680 3364 ὅ
1714 3312 1766 3363 τί

195 3407 364 3466 ἐστιν,
397 3403 533 3456 ἀλλὰ
564 3401 708 3455 καθά
745 3401 1040 3470 δεδύνημαι
1091 3406 1231 3454 νοεῖν
1256 3404 1364 3470 (i0)
1386 3443 1400 3464 ,
1427 3404 1508 3454 ὅτι
1541 3403 1639 3453 οὐκ
1672 3403 1766 3456 αύ-

193 3493 448 3561 τομάτως
503 3493 813 3563 ⁸παρήχθην,
863 3491 983 3543 οὐδὲ
1041 3493 1134 3558 ἀφ’
1189 3491 1384 3543 ἑαυτοῦ
1439 3495 1764 3560 γεγῖνημαι,

194 3587 312 3638 ἀλλ’
346 3585 508 3646 αὐτὸς
535 3585 736 3637 ἔπλασε
770 3601 836 3654 με
866 3583 1047 3646 καθὼς
1077 3585 1350 3656 ἠϐουλήθη
1373 3625 1386 3648 ,
1421 3587 1638 3638 πάντων
1670 3589 1767 3656 μὲν

196 3677 605 3747 προκατάρχειν
637 3676 801 3742 τάξας
834 3676 943 3729 τῶν
987 3678 1323 3744 κτισμάτων,
1372 3678 1532 3729 τινῶν
1582 3678 1635 3731 δὲ
1675 3679 1767 3730 καὶ

195 3767 506 3830 ἐλαττώσεις
533 3807 546 3830 ,
593 3767 684 3818 καὶ
713 3767 1068 3837 συντριϐέντα
1114 3769 1276 3820 πάλιν
1325 3769 1596 3840 κρείττονι
1636 3771 1766 3821 άνα-

197 3859 433 3912 καινίσει
457 3857 795 3921 ἀναπλάσας,
825 3855 946 3910 εἶτα
967 3858 1062 3910 καὶ
1083 3859 1367 3925 ὑπεξάγων
1389 3861 1494 3910 τῶν
1518 3861 1766 3912 ἐντεῦθεν

193 3951 276 4021 τῷ
305 3951 432 4021 θείῳ
459 3951 624 4004 αὑτοῦ
655 3950 1038 4020 προστάγματι
1074 3952 1166 4003 καὶ
1201 3951 1337 4019 πρὸς
1375 3953 1567 4021 ἑτέραν
1605 3969 1767 4020 μετα-

195 4043 368 4104 τιθεὶς
415 4042 594 4111 βιοτὴν
636 4042 993 4108 ἀτελεύτητον
1044 4043 1138 4094 καὶ
1199 4041 1436 4103 αἰώνιον,
1489 4045 1547 4093 ὲν
1594 4043 1769 4094 οὐδενὶ

195 4135 405 4186 τούτων
434 4134 730 4202 δυναμένου
765 4150 867 4202 μου
899 4131 1250 4186 ἀνθίστασθαι
1277 4136 1343 4201 τῇ
1371 4135 1516 4200 ἰσχύϊ
1544 4133 1640 4201 τῆς
1671 4135 1767 4184 αύο

197 4223 296 4274 τοῦ
344 4222 628 4290 προνοίας,
672 4223 810 4291 μήτε
856 4238 909 4273 τι
961 4221 1310 4290 προστιθέναι
1365 4221 1585 4289 ἐμαυτῷ
1631 4223 1766 4290 μήτε

202 4313 365 4385 146
402 4315 672 4382 ὑφαιρεῖν,
709 4313 819 4365 εἴτε
853 4311 973 4364 καθ’
1005 4312 1223 4380 ἡλικίαν
1252 4313 1362 4380 (at)
1393 4314 1500 4364 εἴτε
1542 4314 1682 4365 κατὰ
1710 4314 1769 4364 τὸ

197 4408 300 4475 τῆς
343 4406 558 4474 μοριρῆς
587 4401 724 4464 εἶδος
744 4444 758 4463 ,
792 4406 927 4473 μήτε
954 4403 1021 4456 τὰ
1051 4404 1476 4471 πεπαλαιωμένα
1515 4422 1604 4474 μοι
1635 4405 1768 4456 dwa-

1875 616 2036 676 ipsius
2067 620 2309 684 potentiae
2334 623 2696 676 excc'lentiam
2729 626 2855 678 mihi
2885 627 3147 681 declares.

1949 706 2084 758 Dixit
2132 719 2304 762 autem
2351 713 2416 763 ad
2465 714 2635 779 ipsum
2684 714 2961 768 Barlaam:
2994 715 3156 769 Deum
3210 715 3434 784 supplex

1877 811 2004 865 rogo
2035 809 2090 851 ut
2124 799 2234 852 huic
2262 812 2312 853 te
2337 802 2544 866 doceat,
2577 815 2738 872 alque
2784 805 3081 872 huiusmodi
3124 821 3300 860 rerum
3345 821 3435 859 co-

1877 902 1940 952 ει·
1969 897 2163 940 ιιοιιοιιι
2198 891 2372 944 animo
2421 902 2510 944 tuo
2559 893 2774 948 iuserat.
2811 895 3249 963 Quandoquidem
3295 895 3431 962 apud

1885 977 2124 1029 homines
2150 978 2313 1045 ipsius
2336 980 2499 1047 gloria
2527 996 2589 1035 ac
2617 985 2847 1048 putentia
2861 983 3004 1036 nullo
3024 983 3182 1036 modo
3195 996 3432 1036 comme-

1885 1068 2080 1120 morari
2106 1079 2306 1136 potest.
2343 1077 2583 1138 quamvis
2605 1072 2761 1126 etiam
2792 1090 2976 1127 omnes
3005 1075 3242 1126 omnium
3267 1071 3437 1124 homi-

1879 1171 2032 1218 num,
2053 1167 2156 1210 tam
2173 1162 2260 1222 qui
2287 1174 2429 1212 nunc
2450 1171 2570 1213 sunt
2596 1177 2750 1228 quam
2775 1163 2863 1231 qui
2890 1163 3172 1231 aliquando
3201 1161 3434 1225 fuerunt,

1884 1248 2074 1315 lingua:
2095 1249 2146 1300 in
2174 1264 2333 1302 unum
2364 1262 2569 1303 coeant.
2608 1253 2772 1304 Deum
2801 1252 2972 1314 enim,
3013 1251 3180 1317 inquit
3207 1263 3436 1317 evange-

1877 1331 1994 1382 lista
2018 1332 2646 1400 ettlicolugus(.louu.t),
2731 1352 2893 1391 nemo
2965 1339 3102 1393 vidit
3181 1355 3435 1408 unquam.

1894 1419 2200 1488 Unigenitus
2233 1421 2414 1486 Filius,
2445 1424 2532 1488 qui
2565 1434 2644 1475 est
2673 1425 2723 1476 in
2748 1427 2866 1477 sinu
2896 1427 3100 1491 Patris,
3136 1429 3252 1495 ipse
3281 1445 3438 1484 enar-

1877 1511 2030 1562 ravit.
2061 1509 2184 1575 Ejus
2213 1524 2372 1576 porro
2401 1511 2489 1579 qui
2517 1516 2791 1564 oculorum
2826 1513 3065 1568 obtutum
3094 1513 3248 1584 fugit,
3277 1529 3436 1587 atque

1877 1600 2165 1651 immensus
2195 1609 2306 1664 est,
2339 1601 2564 1667 gloriam
2593 1612 2648 1653 et
2678 1601 3009 1670 majestateui
3028 1645 3042 1668 ,
3075 1606 3192 1671 quis
3221 1600 3434 1660 tandem

1874 1702 2055 1740 eorum
2097 1688 2185 1756 qui
2235 1704 2264 1741 e
2315 1698 2452 1742 terra
2500 1694 2734 1743 concreti
2778 1700 2940 1756 sunt,
2985 1697 3428 1762 comprehensam

1877 1780 2069 1833 habere
2097 1791 2286 1848 queat,
2319 1783 2415 1834 nisi
2447 1783 2558 1848 ipse
2583 1783 2836 1834 arbitratu
2863 1797 2964 1836 suo
3009 1799 3128 1838 eam
3177 1789 3432 1853 patefece—

1877 1869 1978 1932 rit,
2018 1871 2461 1937 quelnadtnoduni
2511 1871 2712 1924 scilicet
2743 1874 3010 1940 prophetis
3057 1876 3165 1927 suis
3210 1885 3262 1928 et
3308 1892 3432 1942 apo-

1873 1963 2020 2014 stolis
2071 1962 2347 2029 patefecit?
2396 1963 2501 2016 Nos
2554 1973 2728 2016 autem
2785 1973 2893 2018 tum
2939 1981 3007 2018 ex
3065 1981 3248 2019 eorum
3302 1981 3430 2034 prae-

1874 2054 2172 2117 dicatione,
2224 2063 2332 2106 tum
2381 2068 2445 2105 ex
2498 2055 2608 2120 ipsa
2671 2069 2846 2106 rermu
2910 2068 3125 2123 natura,
3180 2067 3431 2124 quantum

1873 2144 2079 2211 assequi
2129 2145 2277 2196 nobis
2318 2144 2494 2208 datur,
2532 2158 2648 2196 eam
2689 2144 2962 2196 discimus.
2989 2149 3074 2198 Ait
3113 2146 3254 2200 cnim
3283 2148 3432 2199 Scri-

1875 2233 2223 2300 ptura:Cu:Ii
2279 2242 2530 2285 cuarrant
2584 2234 2805 2301 gloriam
2863 2233 2976 2298 Dei,
3019 2245 3073 2287 et
3111 2251 3268 2302 opera
3325 2254 3429 2287 ma-

1871 2337 2030 2375 nuum
2059 2321 2176 2390 ejus
2201 2321 2476 2374 annuutiat
2506 2325 2890 2375 lirtuatncututn
2933 2322 3101 2391 (Psai.
3133 2326 3306 2394 xvtn).
3355 2327 3430 2378 Ac

1871 2429 2087 2468 rursus:
2121 2413 2402 2464 luvisihilia
2456 2413 2620 2474 ipsius
2661 2429 2688 2463 a
2721 2423 2960 2466 creatura
3012 2415 3215 2473 mundi,
3250 2429 3343 2480 per
3367 2430 3428 2466 ea

1869 2517 1987 2569 qua:
2015 2502 2146 2553 facta
2169 2512 2291 2552 sunt
2321 2541 2335 2563 ,
2370 2499 2634 2553 intellecta
2663 2502 3080 2566 conspiciuntur,
3110 2503 3430 2567 sempiterna

1868 2606 2078 2659 quoque
2108 2589 2270 2657 ipsius
2297 2591 2528 2656 potentia
2555 2599 2608 2643 et
2635 2592 2882 2644 divinitas
2909 2590 3082 2661 (Rom.
3117 2592 3156 2661 t)

1943 2682 2400 2746 Quemadmodum
2453 2681 2592 2733 enim
2623 2682 2882 2749 quiSpiam
2919 2684 3134 2736 domum
3184 2682 3434 2747 praeclare

1873 2787 1936 2824 ac
1962 2787 2166 2824 summa
2198 2784 2311 2824 arte
2338 2782 2715 2831 constructum.
2745 2783 2838 2826 aut
2873 2774 3142 2828 vasculum
3167 2775 3432 2840 eleganter

1875 2865 2249 2914 concinnatum
2298 2864 2654 2930 perspiciens,
2699 2863 3048 2916 architectum
3097 2873 3187 2917 aut
3229 2863 3433 2918 fabrum

1874 2953 2051 3004 Statim
2088 2954 2156 3004 ob
2197 2953 2432 3004 animum
2481 2953 2581 3005 sibi
2638 2955 2913 3020 proponit,
2954 2957 3030 3007 sic.
3057 2954 3218 3006 etiam
3245 2968 3342 3021 ego
3367 2967 3434 3006 ex

1878 3042 2044 3091 nihilo
2093 3041 2321 3103 el'tictus,
2365 3050 2524 3108 atque
2565 3042 2616 3092 in
2665 3051 2838 3093 ortum
2890 3041 3196 3108 productus,
3227 3041 3433 3094 etiamsi

1796 3167 1837 3223 Ο
1878 3134 2112 3182 lii-torem
2143 3144 2205 3181 ac
2236 3130 2606 3195 pl‘Odtlt‘lUl’Cln
2660 3145 2833 3182 meum
2883 3145 3102 3183 cernere
3147 3144 3432 3197 nequeam,

1877 3232 2048 3271 tamen
2075 3235 2139 3271 ex
2170 3221 2440 3284 aptissima
2471 3221 2801 3285 maximeque
2827 3221 3135 3274 admiranda
3166 3221 3267 3273 mei
3297 3231 3432 3273 stru-

1875 3325 2022 3362 cuira
2037 3310 2099 3362 ad
2121 3311 2392 3374 sapientim
2421 3310 2584 3373 ipsius
2600 3313 2950 3375 cognitionem
2969 3314 3107 3372 veni,
3127 3328 3230 3364 non
3253 3322 3434 3380 quate~

1876 3417 1970 3450 nus
1989 3411 2089 3460 (ιιι,
2105 3401 2195 3452 sed
2211 3409 2471 3467 quatenus
2489 3400 2780 3468 intelligere
2795 3417 2960 3469 queo:
2979 3417 3168 3469 nempe
3191 3417 3312 3470 quia
3330 3418 3432 3456 nou

1876 3509 2000 3545 (usu
2027 3509 2087 3546 ac
2113 3493 2327 3544 fortuito
2353 3493 2636 3558 productus
2657 3509 2792 3557 sum,
2811 3509 2913 3549 nec
2933 3510 2963 3549 a
2981 3510 3065 3550 me
3085 3495 3201 3565 ipso
3229 3496 3434 3560 exstiti,

1879 3599 2058 3636 Verum
2092 3584 2205 3651 ipse
2226 3584 2483 3637 arbitratu
2505 3598 2602 3637 suo
2625 3601 2710 3640 me
2731 3587 2936 3641 efliuxit
2963 3589 3076 3642 :sic
3103 3587 3348 3642 nimirum
3382 3597 3436 3643 ut

1878 3690 1960 3725 uie
1977 3675 2402 3726 rerumomnium
2423 3675 2752 3728 conditarum
2771 3677 3059 3746 principem
3081 3678 3434 3744 constituerit,

1875 3765 2187 3830 quihusdam
2237 3773 2414 3817 autem
2462 3765 2762 3818 inferiorem
2812 3766 3024 3832 fecerit,
3057 3781 3118 3821 ac
3147 3767 3434 3821 contritum

1875 3855 2032 3905 etiam
2063 3854 2242 3906 dmno
2266 3871 2364 3908 suo
2393 3857 2615 3923 imperio
2644 3873 2725 3910 tne
2751 3872 2812 3912 ex
2847 3858 2944 3911 hac
2967 3857 3069 3911 vita
3096 3857 3345 3920 educeus,
3374 3859 3437 3912 ad

1877 3943 2096 3994 alteram
2127 3944 2288 3996 vitam
2323 3946 2441 3996 linis
2469 3957 2742 4003 expertem
2773 3963 2834 3999 ac
2860 3949 3235 4015 sempiternam
3269 3960 3437 4000 trans-

1879 4032 2034 4086 ferat.
2085 4033 2287 4098 Quibus
2325 4035 2567 4089 omnibus
2603 4035 2654 4088 in
2685 4038 2846 4092 rebus
2884 4040 3230 4105 providentia!
3275 4038 3438 4104 ipsius

1876 4132 2073 4184 \i-‘tbus
2121 4131 2377 4182 obluctari
2425 4145 2665 4198 nequeo,
2697 4143 2796 4182 nec
2839 4129 2968 4180 mihi
3015 4127 3324 4197 quidquam,
3360 4125 3437 4180 vel

1872 4229 2125 4287 quantum
2147 4220 2210 4271 ad
2233 4221 2608 4284 Staturam,vel
2633 4229 2888 4288 quantum
2917 4218 2981 4270 ad
3010 4217 3190 4271 formae
3218 4216 3437 4280 ﬁguram

1873 4311 2082 4374 attinet,
2115 4311 2346 4375 adjicere
2388 4320 2478 4362 aut
2527 4309 2838 4363 subtrahere
2863 4351 2878 4374 ,
2918 4323 3015 4361 nec
3041 4322 3104 4360 ea
3131 4321 3248 4374 quae
3275 4307 3326 4359 iu
3357 4321 3442 4360 me

1873 4411 2135 4456 vetustate
2165 4400 2404 4455 confecta
2441 4411 2585 4466 sunt,
2620 4414 2898 4462 renovare.
2943 4413 3041 4452 nec
3083 4413 3200 4465 qua:
3243 4398 3441 4450 labefa-

201 4496 467 4558 καινίζειν
495 4494 808 4563 ἐξισχύσαι,
848 4496 985 4562 μήτε
1030 4494 1098 4546 τὰ
1137 4493 1511 4564 διεφθαρμένα
1543 4497 1769 4563 ἐπανορ-

1875 4500 2014 4544 ctata
2041 4502 2096 4545 et
2118 4501 2365 4558 corrupta
2395 4501 2539 4553 sunt,
2566 4492 2615 4544 in
2645 4491 2908 4558 integrum
2932 4489 3213 4542 restituere
3256 4489 3438 4554 Neque

202 4584 350 4640 θοῦν.
384 4585 569 4646 Οὐδεὶς
616 4585 722 4654 γάρ
760 4583 868 4636 τῶν
910 4583 1212 4653 ἀνθρώπων
1252 4585 1456 4636 τούτων
1490 4602 1543 4636 τι
1587 4587 1773 4653 ἴσχυσέ

201 4692 338 4728 ποτε.
384 4675 864 4744 κατεργάσασθαι,
908 4674 1030 4728 οὔτε
1075 4676 1360 4744 βασιλεὺς,
1399 4676 1520 4728 οὔτε
1567 4677 1728 4744 σοφὸς
1756 4717 1770 4740 ,

201 4763 327 4817 οὔτε
364 4764 638 4826 πλούσιος,
664 4764 785 4816 οὔτε
810 4764 1099 4833 δυνάστης,
1130 4766 1252 4818 οὔτε
1283 4784 1366 4827 τις
1397 4766 1552 4828 ἄλλος
1575 4766 1778 4835 ἀνθρώ-

201 4872 336 4908 πινα
421 4856 818 4924 μετερχόμενος
893 4856 1329 4924 ἐπιτηδεύματα·
1391 4857 1576 4918 Οὐδεὶς
1629 4857 1773 4927 γάρ,

203 4946 342 5015 φησὶ
365 4945 500 5012 (4‘2),
539 4945 801 5014 βασιλέων
840 4945 873 5015 ἢ
913 4946 1021 4998 τῶν
1052 4949 1108 4998 ἐν
1139 4948 1436 5016 ὑπεροχαῖς
1461 4947 1630 5000 ὄντων
1659 4949 1775 5000 ἑτέ-

207 5053 309 5105 ραν
335 5036 453 5104 εσχε
484 5037 749 5103 γενέσεως
778 5036 974 5105 ἀρχὴν,
1005 5036 1101 5107 μία
1127 5037 1182 5088 δὲ
1208 5039 1424 5094 πάντων
1461 5038 1663 5100 εἴσοδος
1698 5038 1778 5100 εἰς

201 5126 295 5178 τὸν
336 5126 468 5194 βίον,
505 5125 678 5190 ἐξοδός
708 5143 768 5179 τε
794 5127 900 5196 ἴση.

282 5263 392 5328 (56)
422 5261 578 5315 Joan.
604 5277 644 5327 1,
678 5265 765 5317 18.

281 5335 391 5398 (57)
423 5331 565 5384 Psal.
598 5348 748 5396 xvm,
780 5335 827 5386 l.

277 5403 392 5468 (58)
437 5403 601 5469 Epist.
628 5405 693 5454 ad
737 5403 889 5455 liont.
924 5417 960 5462 l,
995 5405 1084 5458 20.

1875 4583 2013 4635 enim
2046 4578 2348 4642 mortalium
2379 4580 2516 4634 ullus
2556 4594 2782 4648 unquam
2808 4578 2924 4643 fuit,
2952 4579 3040 4646 qui
3073 4578 3256 4632 horum
3289 4577 3441 4645 quid-

1875 4687 2030 4738 quam
2057 4670 2266 4724 el‘licere
2289 4679 2484 4738 posset,
2502 4685 2602 4722 non
2622 4685 2712 4722 rex
2728 4710 2740 4732 ,
2756 4685 2858 4722 non
2885 4669 3114 4736 sapiens,
3138 4683 3242 4720 nun
3263 4667 3438 4733 dives,

1884 4775 1989 4812 non
2025 4768 2231 4826 puteus,
2257 4776 2360 4811 nou
2383 4759 2612 4824 denique
2639 4759 2771 4810 alius
2799 4757 3058 4824 quispiam
3089 4756 3312 4808 humana
3337 4765 3444 4808 stu-

1877 4850 1960 4904 dia
1991 4858 2332 4904 consectans.
2379 4850 2566 4902 Nullus
2593 4849 2757 4912 enim,
2793 4848 2964 4915 inquit
2995 4848 3100 4911 ille,
3127 4861 3330 4913 regum,
3356 4853 3445 4900 aut

1878 4960 2061 4999 eorum
2083 4946 2169 5012 qui
2197 4943 2250 4997 in
2269 4942 2592 4996 sublimitate
2616 4950 2760 5004 sunt,
2777 4940 2917 4993 aliud
2942 4939 3122 4992 habuit
3149 4937 3442 4990 natiuitatis

1881 5037 2106 5090 initium.
2127 5034 2274 5089 Unus
2301 5033 2441 5085 enim
2465 5041 2544 5084 est
2565 5032 2799 5084 omnium
2826 5029 3074 5082 introitus
3095 5027 3160 5080 ad
3185 5027 3368 5089 vitam,
3391 5032 3446 5080 et

1885 5127 2022 5178 idem
2052 5125 2230 5177 exitus
2256 5122 2408 5190 (δίῳ.
2437 5122 2559 5172 viil.

280 5471 392 5548 ι
424 5469 644 5548 ξτειιιιιμ
677 5473 842 5548 ἰιι-Αι
877 5473 1018 5548 Ὅρα
1051 5475 1114 5525 ὲκ
1152 5473 1313 5528 τίνων
1338 5476 1418 5538 εἰς
1445 5475 1543 5544 τὴν
1576 5475 1670 5529 τοῦ
1700 5477 1835 5531 Θεοῦ
1861 5478 2062 5548 γνῶσιν
2100 5477 2194 5530 καὶ
2235 5474 2636 5546 μεγαλειότητα
2664 5474 2929 5542 ἀνάγεται
2970 5474 3274 5544 ἄνθρωπος.

282 5543 394 5606 (40)
424 5541 484 5600 C,
519 5542 659 5592 καθὰ
686 5542 766 5593 δεῖ

793 5558 860 5608 με
894 5547 1053 5596 νοεῖν.

283 5611 394 5672 (Η)
431 5608 618 5687 Matth.
657 5627 728 5675 τι,
759 5612 828 5663 27
863 5629 874 5662 :
913 5613 1006 5674 Ti;
1033 5611 1091 5676 ἐξ
1119 5613 1273 5684 ὑμῶν
1302 5615 1580 5685 μεριμνῶν
1629 5616 1854 5670 δύναται
1887 5616 2212 5687 προσθεῖναι
2259 5613 2350 5666 sui.
2394 5613 2493 5682 τὴν
2521 5613 2740 5682 ἠλικίαν
2786 5614 2949 5668 αὐτοῦ
2999 5612 3178 5684 πῆχυν
3200 5612 3333 5682 Eva;
3363 5613 3446 5671 Cf.

208 5677 342 5733 an.
377 5694 470 5737 λιι.
502 5679 589 5732 25.

286 5748 394 5816 (2.!)
433 5752 555 5817 δᾶν.
591 5749 766 5804 Ξειιυιιι
831 5764 921 5816 \it,
969 5751 1016 5814 Ρη,
1045 5753 1093 5802 li.
