4180 6458
183 463 298 526 1017

1263 464 1440 523 ΥΙΤΑ
1479 464 1832 524 BARLAAM
1873 466 1966 524 ET
2003 454 2351 525 JOASAPH.

3273 466 3404 530 1018

181 581 316 650 ζωὴν
339 575 576 631 αίῶνιον⁹
603 575 672 627 τὰ
701 574 810 644 γὰρ
836 571 1040 642 ὀψώνια
1073 572 1168 642 τῆς
1194 573 1469 642 ἁμαρτίας
1497 574 1743 633 θανατος,

1858 575 1954 637 ⁷)εἰ,
1987 575 2091 627 vita
2144 583 2378 637 :etcrua,
2411 574 2462 628 in
2511 574 2721 629 Christo
2762 575 2885 630 Jesu
2942 573 3170 630 Domino
3224 583 3408 628 nostro

179 672 236 724 τὸ
263 671 317 723 δὲ
349 670 593 739 χάρισμα
627 666 723 724 τοῦ
746 665 883 718 θεοῦ
912 665 1026 732 ζωὴ
1057 663 1294 725 αἰώνιος.

243 756 377 814 Εἷπε
425 761 481 813 δὲ
533 761 561 812 ὁ
608 759 844 824 Ίιοιάσαφ
897 756 1032 825 πρὸς
1066 757 1245 808 αὐτόν·
1305 755 1566 826 Ἐπείπερ
1610 756 1643 824 ἡ
1688 757 1745 807 ἐν

185 855 339 924 σαρκὶ
369 853 480 921 ζωὴ
514 852 612 903 οὐκ
643 853 698 902 ἐν
736 850 918 920 μέτρῳ
948 848 1093 918 ζωῆς
1129 865 1211 900 σοι
1236 848 1541 914 λελόγισται
1566 885 1579 908 ,
1624 847 1744 898 οὐδὲ

179 946 266 999 τὸν
292 946 520 998 θάνατον
556 942 765 1005 τοῦτον,
795 943 853 995 ὃν
887 942 1206 1010 ὑφίστανται
1239 941 1470 1006 πάντες,
1520 939 1746 994 θάνατόν

186 1056 263 1090 σοι
295 1037 604 1105 λογίζεσθαι
632 1037 757 1105 χρή.

261 1131 320 1182 '0
343 1131 397 1183 δὲ
424 1128 601 1198 γέρων
630 1127 981 1198 ἁπεκρίνατο·
1019 1126 1466 1195 Ἀναμιριλέκτως
1493 1126 1588 1178 καὶ
1619 1125 1748 1194 περὶ

182 1220 383 1274 τούτων
405 1220 577 1281 οὕτως
606 1219 714 1287 ἔχω
737 1259 750 1282 ,
787 1217 1032 1287 μηδόλως
1059 1217 1152 1270 τὸν
1182 1216 1517 1287 πρόσκαιρον
1539 1217 1749 1269 τουτονὶ

184 1314 406 1366 θάνατον
456 1312 710 1382 τρέμων,
762 1312 901 1381 μήτε
941 1311 1170 1364 θάνατον
1217 1311 1378 1362 αὑτὸν
1426 1309 1749 1378 τοπαράπαν

182 1403 492 1466 ἀποκαλῶν,
523 1402 660 1468 εἴγε
692 1401 788 1472 τὴν
820 1402 938 1454 ὁδὸν
965 1403 1071 1454 τῶν
1103 1401 1331 1453 ἐντολῶν
1363 1401 1456 1454 τοῦ
1487 1401 1621 1454 Θεοῦ
1655 1401 1750 1471 βα-

182 1496 395 1559 δίζοντα
425 1510 492 1563 με
517 1493 627 1564 (66)
660 1493 940 1565 καταλάϐῃ
963 1534 977 1558 ,
1004 1493 1354 1563 διαδατήριον
1381 1493 1436 1545 δὲ
1463 1493 1659 1562 μᾶλλον
1687 1496 1752 1547 ἐκ

184 1588 410 1640 θανάτου
458 1585 593 1654 πρὸς
649 1585 794 1654 ζωὴν
849 1584 948 1655 τὴν
1004 1584 1290 1654 κρείττονα
1338 1588 1432 1638 καὶ
1487 1585 1752 1638 τελειοτέ-

189 1696 288 1748 ραν
312 1678 444 1746 (6Ἱ),
474 1679 567 1730 καὶ
615 1678 674 1728 ἐν
705 1678 927 1748 Χριστῷ
970 1677 1357 1747 κρυπτομένην
1391 1677 1504 1746 (68)
1526 1718 1540 1741 ,
1570 1674 1753 1748 ἧσπερ

188 1769 475 1832 ποθοῦντες
507 1771 709 1838 τυχεῖν,
740 1769 790 1820 οἱ
817 1767 960 1834 ἆγιοι
990 1769 1129 1821 πάνυ
1165 1771 1231 1838 τῇ
1263 1772 1514 1840 παρούσῃ
1538 1769 1754 1840 ἐδυσχέ-

187 1877 386 1929 ραινον.
418 1859 508 1912 Διό
561 1876 725 1928 φησιν
757 1861 784 1910 ὁ
839 1858 1177 1920 ’Δπόστολος“
1238 1861 1470 1929 Οἴδαμεν
1503 1860 1614 1928 (69)
1648 1862 1752 1922 ὅτι,

182 1954 280 2006 ἐὰν
311 1953 344 2020 ἡ
376 1952 618 2017 ἐπίγειος
646 1951 804 2019 ήμῶν
850 1952 995 2002 οίκία
1036 1950 1131 2002 τοῦ
1163 1952 1398 2020 σκήνους
1430 1951 1708 2020 καταλυθῇ
1738 1991 1752 2012 ,

181 2042 470 2112 οἰκοδομὴν
521 2043 584 2094 ἐκ
635 2041 771 2094 Θεοῦ
823 2041 1022 2111 ἔχομεν
1088 2041 1266 2095 οἰκίαν
1316 2043 1754 2112 ἀχειροποίητον,

181 2133 422 2195 αἰώνιον,
453 2137 511 2185 ἐν
540 2135 652 2196 τοῖς
691 2134 941 2203 οὐρανοῖς
960 2151 973 2164 ·
1013 2134 1107 2185 καὶ
1130 2133 1236 2201 γὰρ
1270 2135 1328 2185 ὲν
1359 2135 1532 2202 τούτῳ
1571 2134 1758 2186 στενά-

182 2225 372 2292 ζομεν,
409 2223 469 2274 τὸ
495 2223 808 2294 οἰκητήριον
836 2221 995 2292 ἡμῶν
1024 2223 1083 2274 τὸ
1115 2223 1174 2284 ἐξ
1204 2221 1436 2288 ούρανοῦ
1468 2221 1757 2274 ἐπενδύσαο

185 2315 312 2367 σθαι
340 2313 748 2374 ἐπιποθοῦντες,
774 2313 910 2381 εἴγε
942 2314 1036 2364 καὶ
1061 2312 1437 2381 ἐνδυσάμενοι,
1467 2314 1526 2366 οὐ
1561 2314 1758 2384 γυμνοὶ

181 2405 590 2474 εὑρεθησόμεθα
610 2421 624 2435 ·
666 2404 819 2473 153
845 2405 940 2456 καὶ
981 2403 1088 2472 γὰρ
1117 2406 1165 2456 οἱ
1197 2404 1348 2467 ὄντες
1377 2408 1434 2457 ἐν
1464 2405 1541 2476 τῷ
1572 2409 1759 2476 σκήνει

184 2497 515 2564 στενάζομεν
535 2495 880 2564 βαρούμενοι,
902 2495 984 2562 ἐφ’
1006 2487 1049 2561 ᾧ
1073 2495 1131 2547 οὐ
1156 2495 1381 2564 θέλομεν
1407 2496 1757 2558 ἐκδύσασθαι,

183 2589 302 2640 ἀλλ’
335 2586 752 2650 ἐπενδύσασθαι,
782 2587 868 2638 ἵνα
897 2587 1184 2656 καταποθῇ
1221 2587 1282 2639 τὸ
1311 2587 1503 2654 θνητὸν
1531 2588 1634 2640 ὑπὸ
1662 2589 1758 2658 τῆς

185 2681 353 2749 ζωῆς.
390 2680 497 2732 Καὶ
533 2679 718 2730 πάλιν⁸
750 2678 1108 2748 Ταλαίπωρος
1155 2679 1266 2749 (70)
1297 2679 1406 2747 ἐγὼ
1445 2681 1756 2752 ἄνθρωποςί

185 2773 274 2833 τίς
307 2789 371 2841 με
405 2771 624 2840 ῥύσεται
655 2772 720 2823 ἐκ
752 2769 843 2823 τοῦ
877 2769 1131 2839 σώματος
1157 2769 1249 2822 τοῦ
1287 2770 1519 2824 θανάτου
1548 2773 1757 2837 τούτου;

187 2863 302 2914 Καὶ
334 2857 487 2923 αὖθις
506 2878 518 2890 ·
569 2860 853 2928 Ἐπιθυμῶ
879 2861 990 2926 (7|)
1016 2861 1273 2912 ἀναλῦσαι
1303 2861 1396 2914 καὶ
1423 2863 1518 2914 σὺν
1545 2863 1763 2931 Χριστῷ

188 2949 352 3006 εἶναι.
400 2954 456 3004 Ὀ
499 2953 554 3003 δὲ
602 2954 915 3021 Προφήτης,
955 2953 1092 3003 Πότε
1140 2953 1249 3021 (72)
1281 2953 1396 3020 ἥξω
1424 2993 1438 3015 ,
1481 2955 1634 3022 φησὶ,
1672 2956 1762 3006 καὶ

193 3041 505 3110 ὀφθήσομαι
533 3040 611 3108 τῷ
642 3041 918 3110 προσώπῳ
947 3040 1040 3092 τοῦ
1073 3040 1242 3104 Θεοῦ;
1281 3042 1401 3092 "Uti
1431 3042 1488 3093 δὲ
1510 3045 1604 3095 καὶ
1641 3046 1765 3111 ἐμοὶ

188 3131 271 3200 τῷ
304 3132 518 3183 πάντων
549 3131 946 3200 ἐλαχιστοτέρῳ
979 3132 1210 3194 οὐδόλως
1243 3133 1334 3183 τὸν
1374 3133 1630 3203 αἰσθητὸν
1667 3135 1764 3187 θά-

191 3240 358 3276 νατον
387 3223 682 3275 δεδοικέναι
714 3222 894 3288 δοκεῖ,
933 3222 1109 3286 ἒξεστί
1146 3240 1226 3274 σοι
1257 3224 1460 3290 γνῶναι
1493 3225 1599 3293 τῷ,
1631 3229 1761 3296 παρ’

193 3312 350 3364 οῦδὲν
385 3309 609 3378 θέμενόν
645 3328 712 3380 με
744 3311 839 3380 τὴν
872 3310 966 3362 τοῦ
999 3311 1093 3363 σοῦ
1136 3314 1340 3380 πατρὸς
1371 3313 1600 3384 ἀπειλὴν
1630 3316 1764 3384 (75),
1794 3295 1834 3314 υ

195 3402 372 3463 ἀδεῶς
404 3401 803 3471 παραγενέσθαι
851 3403 987 3471 πρὸς
1029 3403 1086 3455 σὲ
1130 3403 1224 3455 καὶ
1262 3405 1353 3455 τὸν
1385 3406 1654 3475 σωτήριόν
1688 3423 1767 3458 σοι

198 3493 557 3560 καταγγεῖλαι
591 3493 766 3560 λόγον,
796 3493 1042 3563 ἀκριϐῶς
1084 3512 1190 3563 περ
1217 3497 1395 3550 είόὁτα
1427 3497 1524 3562 ῶς,
1560 3500 1606 3550 εί
1629 3498 1769 3550 ἔλθοι

199 3583 351 3654 αὐτῷ
384 3585 464 3647 είς
504 3583 706 3651 γνῶσιν
761 3584 936 3638 ταῦτα
961 3625 975 3648 ,
1014 3586 1228 3655 μυρίοις
1277 3605 1377 3657 με,
1435 3591 1482 3641 εί
1522 3589 1768 3655 δυνατὸν,

197 3675 572 3728 καθ-αποῦαλεῖ
606 3676 878 3739 θανάτοις.
928 3677 1067 3730 Ἀλλ’
1115 3679 1323 3747 ἔγωγε,
1357 3682 1451 3732 τὸν
1495 3682 1588 3734 τοῦ
1637 3683 1771 3735 Θεοῦ

199 3766 358 3832 λόγον
389 3765 608 3818 πάντων
662 3768 974 3836 προκρίνων
1019 3769 1115 3821 καὶ
1167 3769 1334 3822 αὑτοῦ
1371 3771 1552 3824 ποθῶν
1580 3775 1771 3825 ἐπιτυ-

200 3854 342 3923 χεῖν,
378 3851 500 3905 οὔτε
550 3852 821 3923 πτοοῦμαι
861 3855 952 3906 τὸν
984 3856 1320 3926 πρόσκαιρον
1371 3858 1620 3928 θάνατον,
1649 3861 1772 3916 οὔτε

198 3943 307 4011 τῆς
357 3942 610 4011 τοιαύτης
645 3943 806 3996 αὐτὸν
850 3947 1220 4015 προσηγορίας
1270 3948 1420 4015 ἄξιον
1453 3952 1589 4013 ὅλως
1641 3953 1774 4006 ἀπο-

197 4036 384 4101 καλῶ,
412 4039 478 4106 τῇ
505 4040 805 4109 Δεσποτικῇ
834 4039 1153 4109 πειθόμενος
1184 4042 1393 4114 ἐντολῇ,
1419 4049 1484 4117 τῇ
1520 4047 1774 4124 λεγούσῃ⁶

201 4129 298 4199 Μὴ
336 4129 585 4196 φοϐεῖσθε
629 4130 746 4198 (Ἠ)
778 4131 885 4184 ἀπὸ
911 4133 1022 4184 τῶν
1050 4135 1459 4191 ἁποκτενόντων
1486 4139 1544 4192 τὸ
1574 4141 1730 4210 σῶμα
1758 4183 1773 4206 ,

198 4220 302 4289 τὴν
331 4221 385 4272 δὲ
425 4220 599 4290 ψυχὴν
649 4221 722 4291 μὴ
769 4222 1081 4292 δυναμένων
1119 4225 1468 4282 ἀποκτεῖναιο
1504 4233 1776 4302 φοϐήθητε

199 4314 261 4365 δὲ
301 4313 500 4382 μᾶλλον
529 4313 622 4366 τὸν
648 4313 948 4386 δυνάμενον
983 4317 1079 4371 καὶ
1116 4318 1294 4389 ψυχὴν
1326 4322 1420 4374 καὶ
1454 4323 1614 4392 σῶμα
1641 4327 1776 4378 ἀπο-

200 4405 362 4458 λέσαι
401 4406 458 4455 ἐν
485 4403 700 4474 γεέννῃ.

281 4495 467 4548 Ταῦτα
500 4497 599 4566 μὲν
627 4497 742 4559 οὖν,
776 4499 939 4566 φησὶν
969 4501 998 4552 ὁ
1041 4501 1316 4571 Ἰωάσαφ,
1367 4505 1465 4574 τῆς
1516 4507 1778 4578 ἀληθινῆς

1840 665 2011 731 (liam.
2037 665 2130 731 γι).

1912 756 2047 808 Dixit
2075 765 2250 808 autem
2281 755 2346 808 ad
2379 770 2499 809 eum
2543 755 2802 825 Josaphat
2829 757 3302 828 :Quandoquidem
3327 758 3409 810 vi-

1844 859 1946 899 tam
1969 861 2089 916 qua:
2112 847 2163 901 in
2187 861 2346 901 carne
2372 849 2602 913 ducitur,
2623 849 2786 907 vitam
2807 863 2926 903 esse
2952 850 3170 904 minime
3197 863 3409 912 censes,

1842 954 1936 1008 par
1965 951 2045 993 est
2077 940 2234 1006 igitur
2261 949 2318 993 ut
2350 954 2416 995 ne
2445 953 2670 994 tuortem
2700 941 2918 1010 quidem
2949 943 3083 996 hanc
3110 956 3266 1012 quam
3296 955 3413 996 om-

1845 1043 1937 1082 nes
1964 1029 2190 1080 subeunt
2220 1039 2443 1082 mortem
2466 1043 2586 1084 esse
2613 1044 2854 1085 censeas.

1918 1122 2206 1190 Respondit
2222 1137 2382 1176 senex
2402 1140 2412 1174 :
2432 1120 2560 1177 Siue
2574 1124 2674 1176 ulla
2689 1124 3016 1178 dubitatione
3029 1124 3095 1179 de
3109 1124 3190 1178 his
3206 1137 3416 1193 quoque

1847 1211 1914 1268 ita
1937 1229 2148 1278 censeo,
2166 1215 2360 1283 quippe
2387 1214 2478 1281 qui
2508 1217 2882 1284 temporariam
2909 1217 3043 1271 hanc
3063 1229 3286 1272 mortent
3317 1217 3417 1270 mi-

1849 1306 1990 1357 nime
2025 1303 2415 1368 pertimescant,
2437 1304 2542 1357 into
2565 1319 2663 1358 nec
2690 1305 2907 1358 omnino
2932 1315 3155 1360 mortem
3177 1321 3294 1360 eam
3321 1321 3416 1374 ap-

1849 1394 2058 1462 pellem.
2100 1397 2143 1447 si
2190 1395 2403 1462 quidem
2430 1410 2512 1447 me
2537 1410 2630 1463 per
2670 1394 2974 1449 divinorum
3024 1407 3414 1465 praceptorum

1851 1486 1986 1539 viam
2021 1487 2350 1538 incedentem
2402 1487 2702 1554 arripuerit,
2735 1487 2861 1555 quin
2885 1488 3058 1555 potius
3084 1488 3360 1540 transitura
3387 1501 3417 1539 tt

1849 1589 2017 1631 morte
2039 1578 2102 1630 ad
2121 1578 2541 1646 prmstantiorettt
2557 1586 2608 1631 et
2632 1579 2998 1646 perfectiorem
3017 1578 3179 1631 vitam
3251 1585 3418 1644 atque

1852 1670 1905 1723 itt
1975 1668 2194 1722 Christo
2261 1669 2625 1722 absconditam
2651 1668 2870 1740 (Colon.
2896 1667 3182 1737 tu).Cujus
3205 1666 3418 1736 quidem

1851 1759 2235 1825 eonsequenda:
2275 1761 2562 1826 cupiditate
2592 1760 2875 1826 ﬂagrantes
2899 1756 3086 1826 Optimi
3120 1758 3218 1810 viri
3239 1796 3255 1821 ,
3286 1770 3421 1829 pra:-

1851 1857 2054 1901 sentem
2085 1848 2218 1901 hanc
2249 1850 2405 1901 vitam
2437 1853 2757 1915 permoleste
2788 1850 3044 1903 ferebant.
3079 1848 3229 1902 Unde
3260 1849 3420 1901 etiam

1785 1931 1925 1993 Bait
1967 1940 2526 2005 Aposmlus:Scimus
2573 1941 2716 1994 enim
2762 1942 3012 2010 quoniam
3061 1940 3107 1994 si
3155 1940 3422 1994 terrestris

1852 2030 2044 2085 domus.
2077 2043 2253 2084 nostra
2285 2033 2438 2100 hujus
2470 2032 2810 2087 habitationis
2839 2033 3169 2095 dissolvitur,
3191 2032 3425 2086 mdtlica-

1854 2127 2048 2179 tionem
2077 2142 2140 2178 ex
2177 2128 2283 2179 Deo
2314 2126 2589 2190 habemus,
2621 2127 2838 2180 domum
2883 2141 2988 2179 non
3036 2125 3420 2189 manufactaut,

1855 2225 2108 2270 azternatn
2160 2219 2212 2270 in
2256 2219 2424 2270 cmlis.
2484 2219 2614 2271 Nam
2659 2228 2712 2272 et
2751 2219 2802 2271 in
2850 2217 2947 2272 hoc
3003 2215 3420 2287 ingemiscitnus,

1857 2305 2230 2361 habitationem
2265 2317 2518 2371 nostram,
2551 2324 2669 2376 quae
2695 2308 2762 2362 de
2807 2309 2944 2362 caelo
2979 2315 3082 2372 est,
3113 2306 3425 2376 superindui

1857 2401 2150 2468 cupientes,
2179 2402 2222 2453 si
2274 2409 2452 2454 tamen
2497 2400 2670 2453 vestiti
2709 2408 2764 2453 et
2801 2415 2905 2452 non
2935 2400 3060 2454 nudi
3092 2399 3427 2452 inveniamur

1860 2500 1940 2564 (ll
1963 2500 2084 2552 Cor.
2123 2498 2198 2565 ν).
2232 2495 2364 2549 Nam
2401 2505 2450 2549 ct
2474 2495 2566 2564 qui
2600 2509 2794 2548 smnus
2827 2494 2881 2547 in
2916 2495 3020 2549 hoc
3051 2495 3427 2560 tabernaculo,

1859 2591 2276 2660 ingemiscitnus
2308 2587 2536 2654 gravati,
2566 2600 2630 2639 eo
2660 2585 2803 2654 quod
2836 2586 3088 2641 nolumus
3110 2585 3427 2655 exspoliari.

1857 2685 1948 2740 sed
1981 2682 2356 2752 supcrvestiri,
2390 2689 2445 2731 ttt
2473 2678 2998 2746 absorbeaturquod
3027 2678 3258 2732 mortale
3289 2688 3373 2732 est
3399 2692 3429 2730 a

1858 2771 1985 2824 vita.
2001 2770 2076 2821 Ac
2093 2785 2309 2820 rursum
2335 2783 2346 2817 :
2371 2766 2582 2828 Infelix,
2599 2767 2796 2834 inquit,
2811 2781 2909 2836 ego
2927 2765 3110 2829 homo,
3125 2766 3251 2832 quis
3269 2781 3354 2820 me
3374 2767 3434 2820 li-

1855 2864 2063 2916 berabit
2087 2860 2151 2912 de
2171 2874 2402 2926 corpore
2433 2859 2625 2910 mortis
2669 2857 2833 2924 hujus
2866 2855 3039 2926 (Rom.
3063 2859 3158 2926 vn)
3188 2855 3296 2910 iEt
3323 2857 3430 2912 alio

1855 2949 2192 3016 locoztlupio
2218 2948 2536 3008 dissolvi,et
2558 2961 2678 2999 esse
2714 2962 2836 2998 cum
2861 2946 3080 3000 Christo
3111 2945 3330 3016 (Philip.
3365 2946 3428 3014 ι).

1856 3043 1919 3094 lit
1943 3042 2202 3110 propheta
2227 3038 2388 3091 David
2407 3055 2419 3089 :
2435 3037 2661 3102 Quando
2683 3038 2988 3101 veniam,et
3010 3037 3283 3106 apparebo
3305 3045 3432 3090 ante

1865 3133 2047 3188 faciem
2083 3134 2171 3186 Dei
2203 3131 2372 3203 (Psal.
2399 3134 2543 3201 xu)?
2573 3134 2720 3200 Quod
2752 3145 2927 3188 autem
2947 3151 3048 3202 ego
3075 3149 3288 3205 quoque
3315 3150 3432 3189 om-

1864 3225 2004 3277 nium
2033 3225 2276 3278 infirmus
2303 3240 2610 3291 corpoream
2644 3236 2868 3280 mortem
2923 3228 3068 3281 nullo
3105 3229 3266 3284 modo
3293 3229 3433 3283 exti-

1868 3329 2116 3379 mescam,
2155 3315 2275 3368 hinc
2304 3315 2457 3368 facile
2489 3317 2576 3369 tibi
2602 3315 2895 3383 intelligere
2927 3316 3067 3381 licet,
3098 3319 3237 3385 quod
3270 3320 3436 3385 patris

1863 3405 1938 3458 tui
1969 3407 2125 3458 minis
2153 3408 2474 3472 contemptis
2498 3421 2567 3479 _ae
2597 3421 2691 3474 pro
2729 3407 2898 3460 nihilo
2928 3408 3145 3472 habitis,
3172 3409 3436 3476 intrepide

1864 3496 1929 3546 ad
1958 3504 2008 3546 to.
2040 3497 2375 3559 accesserim,
2405 3507 2462 3550 ut
2489 3496 2809 3548 salutiferam
2834 3495 3127 3550 doctrinam
3160 3497 3250 3550 tibi
3273 3512 3438 3566 expo-

1867 3600 2084 3649 nert-m;
2142 3587 2349 3638 tametsi
2398 3587 2593 3652 alioqui
2643 3589 3126 3656 compertissimum
3183 3589 3434 3644 haberem

1868 3675 1983 3730 fore
2015 3685 2069 3728 ut
2098 3676 2142 3728 si
2177 3681 2290 3728 hme
2311 3677 2644 3737 rescisceret.
2674 3681 2939 3732 sexcentis
2963 3695 3066 3744 me,
3105 3679 3148 3732 si
3182 3681 3291 3734 fieri
3319 3695 3440 3748 pos-

1867 3776 1970 3832 set,
2002 3765 2258 3818 tuortihus
2287 3764 2543 3820 ιιΠίι-ετοι.
2607 3766 2798 3819 Verum
2853 3782 2951 3834 ego
2992 3765 3088 3821 Dei
3134 3782 3437 3823 sermonem

1867 3859 2114 3912 omnibus
2139 3859 2295 3911 rebus
2325 3867 2670 3923 anteponens,
2703 3858 2922 3926 ipsoque
2952 3857 3050 3911 frui
3071 3861 3310 3926 cupiens,
3338 3873 3444 3914 nee

1871 3952 2245 4017 temporariam
2298 3950 2432 4002 hanc
2476 3958 2700 4004 mortem
2757 3950 3124 4019 perhorresco,
3178 3966 3275 4005 nec
3317 3966 3442 4004 eant.

1873 4043 2170 4109 hujusmodi
2195 4043 2407 4096 nomine
2430 4042 2794 4108 appellandam
2819 4041 2978 4105 duco,
3007 4041 3211 4095 Domini
3234 4042 3440 4096 scilicet

1872 4132 2123 4185 mandato
2173 4132 2551 4196 obtemperans
2605 4129 2875 4184 dicentis:
2929 4130 3103 4185 Nolite
3132 4132 3321 4185 timere
3347 4143 3449 4184 eos

1876 4225 1962 4292 qtti
1988 4222 2229 4276 occidunt
2262 4237 2473 4289 corpus,
2500 4223 2734 4274 animum
2767 4229 2941 4275 autem
2971 4236 3074 4275 non
3097 4230 3320 4291 possunt
3349 4236 3444 4274 oe-

1876 4317 2080 4377 cidere;
2106 4316 2197 4367 sed
2231 4315 2405 4379 potius
2446 4318 2625 4366 timete
2655 4327 2775 4365 eum
2797 4311 2887 4380 qui
2920 4323 3094 4380 potest
3123 4311 3354 4366 animam
3385 4321 3444 4365 et

1875 4420 2068 4472 corpus
2092 4406 2312 4472 perdere
2339 4405 2388 4457 in
2411 4405 2704 4470 gehennam
2735 4401 2944 4473 (Matth.
2970 4403 3049 4472 ι).

1953 4516 2096 4582 llaec,
2148 4517 2315 4582 inquit
2364 4519 2636 4587 Josaphat,
2681 4537 2820 4577 verte
2851 4534 3043 4579 vestra:
3089 4525 3450 4595 philosophias

201 4586 364 4654 ὑμῶν
420 4587 736 4654 φιλοσοφίας
775 4588 842 4639 τὰ
887 4589 1323 4661 κατορθώματα,
1371 4595 1766 4667 ὑπεραναὸεεη-

1879 4607 2129 4674 prwclara
2156 4605 2412 4671 facinora,
2467 4620 2798 4665 terrenorum
2831 4611 3104 4668 hominum
3128 4618 3216 4683 qui
3247 4633 3276 4670 a
3306 4633 3448 4685 pra:-

197 4678 339 4729 κάτα
366 4676 485 4728 λίαν
514 4677 614 4746 τὴν
639 4677 748 4729 τῶν
770 4679 972 4747 γηΐνων
996 4681 1157 4747 φύσιν
1177 4684 1286 4736 τῶν
1314 4685 1777 4753 δυσαποσπάστως

195 4768 304 4835 τῆς
350 4769 632 4838 παρούσης
665 4769 900 4837 ἐχόντων
952 4769 1129 4841 ζωῆςο
1165 4774 1258 4826 καὶ
1300 4779 1558 4847 μακάριοι
1623 4782 1780 4851 ὑμεῖς

1877 4698 2014 4752 acuti
2038 4699 2134 4753 hac
2161 4700 2266 4753 vita
2297 4701 2381 4754 vix
2409 4704 2566 4756 avelli
2589 4716 2824 4770 possunt,
2860 4714 3098 4760 naturam
3131 4709 3287 4778 longe
3310 4712 3445 4763 mul-

1878 4798 2093 4855 tumque
2119 4801 2389 4854 superant.
2425 4793 2499 4844 Ac
2526 4808 2616 4844 vos
2636 4793 2796 4860 beati,
2842 4796 2926 4864 qui
2950 4797 3048 4850 hac
3075 4800 3449 4854 strenuis~ima

211 4858 378 4949 154
409 4857 662 4926 τοιαύτης
703 4861 951 4930 ἐχόμενοι
988 4864 1374 4938 ἁνδρειοτάτης
1396 4869 1641 4941 γνώμης.
1686 4873 1766 4937 Ἰίς

1879 4887 2056 4930 mente
2087 4880 2291 4945 praediti
2323 4881 2471 4933 estis.
2511 4881 2736 4946 Quinam
2761 4899 2919 4949 porro
2949 4886 3041 4940 tibi
3069 4902 3132 4942 ac
3155 4889 3314 4942 sociis
3345 4889 3452 4944 tuis

197 4947 265 5000 δέ
314 4964 406 4998 σου
462 4951 556 4999 καὶ
605 4949 713 5002 τῶν
759 4953 857 5005 σὺν
900 4954 983 5006 σοὶ
1023 4956 1081 5006 ἐν
1125 4959 1192 5027 τῇ
1250 4960 1476 5032 τοιαύτῃ
1523 4963 1766 5033 ἐρήμῳὶ

1877 4965 1931 5021 itt
1959 4967 2260 5034 lmjusmodi
2285 4969 2566 5024 solitudine
2591 4947 2769 5025 victust
2786 4977 3046 5043 sit,atque
3069 4975 3193 5030 item
3218 4978 3377 5042 unde,
3397 4990 3452 5033 et

201 5037 479 5106 διατροφὴ
507 5077 522 5101 ,
554 5038 722 5091 πόθεν
749 5041 804 5093 δὲ
845 5043 914 5096 τὰ
952 5044 1229 5116 ἐνδύματα
1256 5051 1350 5103 καὶ
1379 5055 1620 5120 ποταπά,
1650 5056 1766 5123 γνώ

201 5128 362 5184 οισόν
397 5145 490 5184 μοι
515 5129 826 5184 φιλαλήθως

1874 5054 2174 5125 cuiusmodi
2200 5059 2351 5112 vobis
2382 5069 2556 5115 vestes
2596 5070 2899 5130 suppetant,
2916 5079 3042 5119 vere
3065 5064 3194 5119 mihi
3221 5081 3450 5134 expone.

199 5144 362 5199 ρισον
397 5145 490 5198 μοι
515 5144 826 5201 φιλαλήθως

427 5285 932 5374 ξξαιλοκνιιιῦβεε
965 5290 1372 5374 ¹Ὀδὸν-ἐντολῷν
1396 5315 1488 5352 σου
1523 5299 1773 5374 ἔδραμον.

431 5353 709 5429 ρῐηϐτςς.
744 5354 940 5429 blant.
962 5359 1002 5424 Ι,
1036 5377 1086 5429 p.
1116 5365 1237 5420 515.

287 5422 402 5494 (68)
439 5422 683 5494 Epistula
707 5427 772 5478 ad
790 5422 999 5482 Coloss.
1031 5422 1112 5494 in,
1146 5435 1178 5487 5
1213 5453 1224 5488 :
1270 5437 1431 5490 Ἀπεθ

310 5492 398 5560 69)
437 5493 477 5546 ll
502 5494 666 5561 Epist.
699 5496 765 5546 ad
789 5495 914 5550 Cur.
951 5514 1001 5563 ν,
1036 5492 1146 5555 144.

314 5563 400 5628 70)
430 5563 600 5630 Epist.
633 5565 698 5616 ad
721 5564 872 5618 Rom.
911 5582 1006 5632 νη,
1047 5571 1136 5624 24.

726 5633 957 5725 Ehilipp.
987 5631 1027 5704 t,
1055 5641 1126 5694 25
1159 5659 1172 5698 :
1215 5644 1322 5717 Τὴν
1359 5647 1654 5720 ἐπιθυμίαν
1686 5651 1766 5725 ἐχ(

1858 5656 1928 5720 εἰς
1952 5655 2010 5710 τὸ
2044 5657 2373 5714 ἀναλῦσαι...

285 5701 400 5770 (72)
433 5699 572 5755 I’Sal.
605 5716 712 5764 xu,
738 5703 792 5757 2.

285 5771 399 5844 (2??)
427 5770 582 5844 geni.
610 5786 763 5844 pagg.
785 5773 882 5844 20,
915 5777 1004 5844 2|,
1035 5780 1124 5834 28.

287 5837 397 5909 (τί)
429 5837 592 5896 Matth
603 5837 622 5896 ξ
655 5837 824 5906 (.128.

1438 5438 1590 5493 άνετε
1614 5442 1743 5514 γὰρ,
1786 5443 1880 5499 καὶ
1906 5446 1938 5515 ἡ
1964 5445 2074 5518 ζωὴ
2116 5448 2270 5518 ὑμῶν
2309 5449 2613 5521 κέκρυπται
2641 5451 2736 5506 σὺν
2772 5450 2848 5523 τῷ
2869 5452 3090 5525 Χριστῷ
3117 5454 3177 5508 ἐν
3203 5454 3276 5526 τῷ
3316 5453 3457 5527 Θεῷ.
