  <div class='ocr_page' id='page_1' title='image "/cluster/home/n/w/nwhite01/storage/ocr_20150623/96/nnc1.0046979875/516.png"; bbox 0 0 4180 6458; ppageno 0'>
   <div class='ocr_carea' id='block_1_1' title="bbox 194 376 297 440">
    <p class='ocr_par' dir='ltr' id='par_1_1' title="bbox 194 376 297 440">
     <span class='ocr_line' id='line_1_1' title="bbox 194 376 297 440; baseline -0.049 0"><span class='ocrx_word' id='word_1_1' title='bbox 194 376 297 440; x_wconf 62' lang='lat' dir='ltr'><strong>luat</strong></span> 
     </span>
    </p>
   </div>
   <div class='ocr_carea' id='block_1_2' title="bbox 1256 381 2343 443">
    <p class='ocr_par' dir='ltr' id='par_1_2' title="bbox 1256 381 2343 443">
     <span class='ocr_line' id='line_1_2' title="bbox 1256 381 2343 443; baseline 0.002 -3"><span class='ocrx_word' id='word_1_2' title='bbox 1256 382 1426 440; x_wconf 70' lang='lat' dir='ltr'><strong>VITA</strong></span> <span class='ocrx_word' id='word_1_3' title='bbox 1469 381 1820 440; x_wconf 60' lang='lat' dir='ltr'><strong>BARLAAM</strong></span> <span class='ocrx_word' id='word_1_4' title='bbox 1861 382 1954 440; x_wconf 85' lang='lat' dir='ltr'><strong>ET</strong></span> <span class='ocrx_word' id='word_1_5' title='bbox 1993 382 2343 443; x_wconf 66' lang='lat' dir='ltr'>JOASAPII.</span> 
     </span>
    </p>
   </div>
   <div class='ocr_carea' id='block_1_3' title="bbox 3285 394 3420 457">
    <p class='ocr_par' dir='ltr' id='par_1_3' title="bbox 3285 394 3420 457">
     <span class='ocr_line' id='line_1_3' title="bbox 3285 394 3420 457; baseline -0.007 0"><span class='ocrx_word' id='word_1_6' title='bbox 3285 394 3420 457; x_wconf 66' lang='grc'><strong>1022</strong></span> 
     </span>
    </p>
   </div>
   <div class='ocr_carea' id='block_1_4' title="bbox 190 490 1765 571">
    <p class='ocr_par' dir='ltr' id='par_1_4' title="bbox 190 490 1744 563">
     <span class='ocr_line' id='line_1_4' title="bbox 190 490 1744 563; baseline -0.002 -16"><span class='ocrx_word' id='word_1_7' title='bbox 190 493 376 563; x_wconf 75' lang='grc' dir='ltr'>αλήθως</span> <span class='ocrx_word' id='word_1_8' title='bbox 420 491 517 561; x_wconf 74' lang='grc' dir='ltr'><strong>τὴν</strong></span> <span class='ocrx_word' id='word_1_9' title='bbox 550 493 652 543; x_wconf 81' lang='grc' dir='ltr'><strong>τῶν</strong></span> <span class='ocrx_word' id='word_1_10' title='bbox 677 490 956 561; x_wconf 75' lang='grc' dir='ltr'><strong>παρόντων</strong></span> <span class='ocrx_word' id='word_1_11' title='bbox 995 492 1330 560; x_wconf 81' lang='grc' dir='ltr'>ματαιότητα</span> <span class='ocrx_word' id='word_1_12' title='bbox 1367 494 1458 544; x_wconf 67' lang='grc' dir='ltr'>καὶ</span> <span class='ocrx_word' id='word_1_13' title='bbox 1485 493 1610 544; x_wconf 78' lang='grc' dir='ltr'>οἴων</span> <span class='ocrx_word' id='word_1_14' title='bbox 1645 511 1744 544; x_wconf 88' lang='grc' dir='ltr'>κα-</span> 
     </span>
    </p>
   </div>
   <div class='ocr_carea' id='block_1_5' title="bbox 1844 490 3414 571">
    <p class='ocr_par' dir='ltr' id='par_1_5' title="bbox 1844 499 3414 571">
     <span class='ocr_line' id='line_1_5' title="bbox 1844 499 3414 571; baseline 0.004 -19"><span class='ocrx_word' id='word_1_15' title='bbox 1844 501 2132 553; x_wconf 85' lang='lat' dir='ltr'><strong>vanitatem</strong></span> <span class='ocrx_word' id='word_1_16' title='bbox 2159 499 2547 565; x_wconf 78' lang='lat' dir='ltr'><strong>demonstravi,</strong></span> <span class='ocrx_word' id='word_1_17' title='bbox 2577 501 2892 571; x_wconf 80' lang='lat' dir='ltr'><strong>quantisque</strong></span> <span class='ocrx_word' id='word_1_18' title='bbox 2914 501 3066 556; x_wconf 88' lang='lat' dir='ltr'><strong>malis</strong></span> <span class='ocrx_word' id='word_1_19' title='bbox 3086 503 3171 558; x_wconf 85' lang='lat' dir='ltr'><strong>hic</strong></span> <span class='ocrx_word' id='word_1_20' title='bbox 3187 505 3414 560; x_wconf 77' lang='lat' dir='ltr'><strong>mundus</strong></span> 
     </span>
    </p>
   </div>
   <div class='ocr_carea' id='block_1_6' title="bbox 189 583 1746 656">
    <p class='ocr_par' dir='ltr' id='par_1_6' title="bbox 189 583 1746 656">
     <span class='ocr_line' id='line_1_6' title="bbox 189 583 1746 656; baseline -0.001 -18"><span class='ocrx_word' id='word_1_21' title='bbox 189 586 284 638; x_wconf 86' lang='grc' dir='ltr'><strong>κῶν</strong></span> <span class='ocrx_word' id='word_1_22' title='bbox 313 587 337 637; x_wconf 87' lang='lat'><strong>6</strong></span> <span class='ocrx_word' id='word_1_23' title='bbox 371 585 572 654; x_wconf 81' lang='grc' dir='ltr'>κόσμος</span> <span class='ocrx_word' id='word_1_24' title='bbox 629 583 831 653; x_wconf 83' lang='grc' dir='ltr'>γέμει,</span> <span class='ocrx_word' id='word_1_25' title='bbox 877 583 1131 653; x_wconf 83' lang='grc' dir='ltr'>χαλεπῶς</span> <span class='ocrx_word' id='word_1_26' title='bbox 1171 583 1397 635; x_wconf 81' lang='grc' dir='ltr'><strong>ἀπατῶν</strong></span> <span class='ocrx_word' id='word_1_27' title='bbox 1430 585 1556 647; x_wconf 82' lang='grc' dir='ltr'>τοὺς</span> <span class='ocrx_word' id='word_1_28' title='bbox 1596 585 1746 656; x_wconf 86' lang='grc' dir='ltr'>αὑτῷ</span> 
     </span>
    </p>
   </div>
   <div class='ocr_carea' id='block_1_7' title="bbox 191 677 1746 748">
    <p class='ocr_par' dir='ltr' id='par_1_7' title="bbox 191 677 1746 748">
     <span class='ocr_line' id='line_1_7' title="bbox 191 677 1746 748; baseline 0.001 -18"><span class='ocrx_word' id='word_1_29' title='bbox 191 679 519 747; x_wconf 73' lang='grc' dir='ltr'><strong>πειθομένους</strong></span> <span class='ocrx_word' id='word_1_30' title='bbox 550 679 642 730; x_wconf 73' lang='grc' dir='ltr'><strong>καὶ</strong></span> <span class='ocrx_word' id='word_1_31' title='bbox 666 677 1019 748; x_wconf 74' lang='grc' dir='ltr'>πολυτρόπως</span> <span class='ocrx_word' id='word_1_32' title='bbox 1045 677 1242 740; x_wconf 78' lang='grc' dir='ltr'>αὐτοὺς</span> <span class='ocrx_word' id='word_1_33' title='bbox 1263 678 1590 744; x_wconf 83' lang='grc' dir='ltr'>παγιδεὺων.</span> <span class='ocrx_word' id='word_1_34' title='bbox 1619 680 1746 732; x_wconf 85' lang='grc' dir='ltr'>Λοι-</span> 
     </span>
    </p>
   </div>
   <div class='ocr_carea' id='block_1_8' title="bbox 190 767 1744 840">
    <p class='ocr_par' dir='ltr' id='par_1_8' title="bbox 190 767 1744 840">
     <span class='ocr_line' id='line_1_8' title="bbox 190 767 1744 840; baseline 0.003 -20"><span class='ocrx_word' id='word_1_35' title='bbox 190 770 277 822; x_wconf 65' lang='grc' dir='ltr'><strong>πὸν</strong></span> <span class='ocrx_word' id='word_1_36' title='bbox 302 769 623 838; x_wconf 81' lang='grc' dir='ltr'>πορευθῆναί</span> <span class='ocrx_word' id='word_1_37' title='bbox 656 785 719 837; x_wconf 90' lang='grc' dir='ltr'><strong>με</strong></span> <span class='ocrx_word' id='word_1_38' title='bbox 743 768 822 820; x_wconf 84' lang='grc' dir='ltr'>δεῖ</span> <span class='ocrx_word' id='word_1_39' title='bbox 850 767 972 820; x_wconf 78' lang='grc' dir='ltr'>ὅθεν</span> <span class='ocrx_word' id='word_1_40' title='bbox 1002 768 1254 838; x_wconf 75' lang='grc' dir='ltr'><strong>ἐλήλυθα.</strong></span> <span class='ocrx_word' id='word_1_41' title='bbox 1286 771 1393 821; x_wconf 75' lang='grc' dir='ltr'>Καὶ</span> <span class='ocrx_word' id='word_1_42' title='bbox 1424 769 1744 840; x_wconf 76' lang='grc' dir='ltr'>τηνικαῦτα,</span> 
     </span>
    </p>
   </div>
   <div class='ocr_carea' id='block_1_9' title="bbox 192 859 1746 932">
    <p class='ocr_par' dir='ltr' id='par_1_9' title="bbox 192 859 1746 932">
     <span class='ocr_line' id='line_1_9' title="bbox 192 859 1746 932; baseline 0 -18"><span class='ocrx_word' id='word_1_43' title='bbox 192 863 243 914; x_wconf 82' lang='grc' dir='ltr'><strong>τὸ</strong></span> <span class='ocrx_word' id='word_1_44' title='bbox 268 861 539 931; x_wconf 71' lang='grc' dir='ltr'>ἀλλότριον</span> <span class='ocrx_word' id='word_1_45' title='bbox 563 859 903 928; x_wconf 80' lang='grc' dir='ltr'>ἀποθέμενος</span> <span class='ocrx_word' id='word_1_46' title='bbox 940 860 1148 930; x_wconf 76' lang='grc' dir='ltr'>σχῆμα,</span> <span class='ocrx_word' id='word_1_47' title='bbox 1182 862 1244 913; x_wconf 76' lang='grc' dir='ltr'><strong>τὸ</strong></span> <span class='ocrx_word' id='word_1_48' title='bbox 1278 861 1404 913; x_wconf 82' lang='grc' dir='ltr'>ἴδιον</span> <span class='ocrx_word' id='word_1_49' title='bbox 1438 861 1629 932; x_wconf 73' lang='grc' dir='ltr'>ἔσομαι</span> <span class='ocrx_word' id='word_1_50' title='bbox 1659 863 1746 913; x_wconf 89' lang='grc' dir='ltr'>ἐν-</span> 
     </span>
    </p>
   </div>
   <div class='ocr_carea' id='block_1_10' title="bbox 190 951 482 1020">
    <p class='ocr_par' dir='ltr' id='par_1_10' title="bbox 190 951 482 1020">
     <span class='ocr_line' id='line_1_10' title="bbox 190 951 482 1020; baseline -0.003 -15"><span class='ocrx_word' id='word_1_51' title='bbox 190 952 296 1005; x_wconf 77' lang='grc' dir='ltr'>δεδυ</span> <span class='ocrx_word' id='word_1_52' title='bbox 306 951 482 1020; x_wconf 87' lang='grc' dir='ltr'>μένος.</span> 
     </span>
    </p>
   </div>
   <div class='ocr_carea' id='block_1_11' title="bbox 252 1041 1747 1112">
    <p class='ocr_par' dir='ltr' id='par_1_11' title="bbox 252 1041 1747 1112">
     <span class='ocr_line' id='line_1_11' title="bbox 252 1041 1747 1112; baseline 0.001 -17"><span class='ocrx_word' id='word_1_53' title='bbox 252 1043 494 1095; x_wconf 81' lang='grc' dir='ltr'>Δυσωπεῖ</span> <span class='ocrx_word' id='word_1_54' title='bbox 550 1041 729 1094; x_wconf 82' lang='grc' dir='ltr'>τοίνυν</span> <span class='ocrx_word' id='word_1_55' title='bbox 774 1041 864 1094; x_wconf 67' lang='grc' dir='ltr'><strong>τὸν</strong></span> <span class='ocrx_word' id='word_1_56' title='bbox 899 1043 1133 1110; x_wconf 88' lang='grc' dir='ltr'>γέροντα</span> <span class='ocrx_word' id='word_1_57' title='bbox 1176 1043 1204 1093; x_wconf 98' lang='lat'><strong>6</strong></span> <span class='ocrx_word' id='word_1_58' title='bbox 1251 1041 1484 1110; x_wconf 69' lang='grc' dir='ltr'>Ἰωάσαφ</span> <span class='ocrx_word' id='word_1_59' title='bbox 1517 1043 1747 1112; x_wconf 60' lang='grc' dir='ltr'>ὀφθῆναι</span> 
     </span>
    </p>
   </div>
   <div class='ocr_carea' id='block_1_12' title="bbox 189 1132 1750 1204">
    <p class='ocr_par' dir='ltr' id='par_1_12' title="bbox 189 1132 1750 1204">
     <span class='ocr_line' id='line_1_12' title="bbox 189 1132 1750 1204; baseline -0.001 -16"><span class='ocrx_word' id='word_1_60' title='bbox 189 1133 323 1204; x_wconf 82' lang='grc' dir='ltr'>αὑτῷ</span> <span class='ocrx_word' id='word_1_61' title='bbox 354 1133 429 1204; x_wconf 83' lang='grc' dir='ltr'>τῷ</span> <span class='ocrx_word' id='word_1_62' title='bbox 465 1132 682 1204; x_wconf 80' lang='grc' dir='ltr'><strong>συνήθει</strong></span> <span class='ocrx_word' id='word_1_63' title='bbox 730 1132 898 1187; x_wconf 79' lang='grc' dir='ltr'>αὑτοῦ</span> <span class='ocrx_word' id='word_1_64' title='bbox 932 1132 1212 1201; x_wconf 79' lang='grc' dir='ltr'>ἐνδύματι.</span> <span class='ocrx_word' id='word_1_65' title='bbox 1252 1134 1386 1185; x_wconf 83' lang='grc' dir='ltr'>Τότε</span> <span class='ocrx_word' id='word_1_66' title='bbox 1427 1137 1455 1186; x_wconf 91' lang='lat'><strong>6</strong></span> <span class='ocrx_word' id='word_1_67' title='bbox 1483 1135 1750 1204; x_wconf 73' lang='grc' dir='ltr'>Βαρλαάμ</span> 
     </span>
    </p>
   </div>
   <div class='ocr_carea' id='block_1_13' title="bbox 188 1221 1750 1297">
    <p class='ocr_par' dir='ltr' id='par_1_13' title="bbox 188 1221 1750 1297">
     <span class='ocr_line' id='line_1_13' title="bbox 188 1221 1750 1297; baseline 0.001 -17"><span class='ocrx_word' id='word_1_68' title='bbox 188 1227 618 1294; x_wconf 77' lang='grc' dir='ltr'>ἀπεκδυσάμενος</span> <span class='ocrx_word' id='word_1_69' title='bbox 651 1226 678 1278; x_wconf 84' lang='lat'><strong>6</strong></span> <span class='ocrx_word' id='word_1_70' title='bbox 709 1221 777 1297; x_wconf 79' lang='grc' dir='ltr'>ἦν</span> <span class='ocrx_word' id='word_1_71' title='bbox 809 1226 1270 1296; x_wconf 75' lang='grc' dir='ltr'>περιϐεϐλημένος</span> <span class='ocrx_word' id='word_1_72' title='bbox 1305 1228 1540 1296; x_wconf 82' lang='grc' dir='ltr'>ἱμάτιον,</span> <span class='ocrx_word' id='word_1_73' title='bbox 1572 1229 1750 1297; x_wconf 80' lang='grc' dir='ltr'>θέαμα</span> 
     </span>
    </p>
   </div>
   <div class='ocr_carea' id='block_1_14' title="bbox 188 1316 1748 1392">
    <p class='ocr_par' dir='ltr' id='par_1_14' title="bbox 188 1316 1748 1392">
     <span class='ocr_line' id='line_1_14' title="bbox 188 1316 1748 1392; baseline -0.001 -18"><span class='ocrx_word' id='word_1_74' title='bbox 188 1322 328 1391; x_wconf 75' lang='grc' dir='ltr'>ὤφθη</span> <span class='ocrx_word' id='word_1_75' title='bbox 355 1320 587 1392; x_wconf 78' lang='grc' dir='ltr'>φοϐερὸν</span> <span class='ocrx_word' id='word_1_76' title='bbox 615 1319 692 1388; x_wconf 82' lang='grc' dir='ltr'>τῷ</span> <span class='ocrx_word' id='word_1_77' title='bbox 725 1316 1103 1388; x_wconf 45' lang='grc' dir='ltr'>Ίωάσαφῧιιν</span> <span class='ocrx_word' id='word_1_78' title='bbox 1136 1320 1299 1389; x_wconf 71' lang='grc' dir='ltr'><strong>γὰρὴ</strong></span> <span class='ocrx_word' id='word_1_79' title='bbox 1337 1321 1484 1371; x_wconf 78' lang='grc' dir='ltr'>πᾶσα</span> <span class='ocrx_word' id='word_1_80' title='bbox 1519 1321 1617 1388; x_wconf 78' lang='grc' dir='ltr'><strong>μὲν</strong></span> <span class='ocrx_word' id='word_1_81' title='bbox 1651 1322 1748 1391; x_wconf 72' lang='grc' dir='ltr'><strong>τῆς</strong></span> 
     </span>
    </p>
   </div>
   <div class='ocr_carea' id='block_1_15' title="bbox 188 1409 1750 1480">
    <p class='ocr_par' dir='ltr' id='par_1_15' title="bbox 188 1409 1750 1480">
     <span class='ocr_line' id='line_1_15' title="bbox 188 1409 1750 1480; baseline 0 -16"><span class='ocrx_word' id='word_1_82' title='bbox 188 1410 374 1480; x_wconf 69' lang='grc' dir='ltr'>σαρκὸς</span> <span class='ocrx_word' id='word_1_83' title='bbox 405 1413 625 1479; x_wconf 76' lang='grc' dir='ltr'><strong>ποιότης</strong></span> <span class='ocrx_word' id='word_1_84' title='bbox 659 1409 1098 1479; x_wconf 81' lang='grc' dir='ltr'>δεδαπανημὲνη,</span> <span class='ocrx_word' id='word_1_85' title='bbox 1133 1410 1588 1479; x_wconf 75' lang='grc' dir='ltr'>μεμελανωμὲνον</span> <span class='ocrx_word' id='word_1_86' title='bbox 1611 1411 1750 1464; x_wconf 78' lang='grc' dir='ltr'>δὲτὸ</span> 
     </span>
    </p>
   </div>
   <div class='ocr_carea' id='block_1_16' title="bbox 186 1503 1751 1576">
    <p class='ocr_par' dir='ltr' id='par_1_16' title="bbox 186 1503 1751 1576">
     <span class='ocr_line' id='line_1_16' title="bbox 186 1503 1751 1576; baseline -0.001 -17"><span class='ocrx_word' id='word_1_87' title='bbox 186 1507 348 1576; x_wconf 81' lang='grc' dir='ltr'>δέρμα</span> <span class='ocrx_word' id='word_1_88' title='bbox 369 1506 431 1557; x_wconf 87' lang='grc' dir='ltr'><strong>ἐκ</strong></span> <span class='ocrx_word' id='word_1_89' title='bbox 451 1504 552 1574; x_wconf 82' lang='grc' dir='ltr'>τῆς</span> <span class='ocrx_word' id='word_1_90' title='bbox 580 1503 807 1574; x_wconf 75' lang='grc' dir='ltr'><strong>ἡλιακῆς</strong></span> <span class='ocrx_word' id='word_1_91' title='bbox 842 1503 1167 1570; x_wconf 74' lang='grc' dir='ltr'>φλογώσεως</span> <span class='ocrx_word' id='word_1_92' title='bbox 1199 1504 1290 1556; x_wconf 76' lang='grc' dir='ltr'><strong>καὶ</strong></span> <span class='ocrx_word' id='word_1_93' title='bbox 1325 1505 1751 1574; x_wconf 86' lang='grc' dir='ltr'>περιτεταμένον</span> 
     </span>
    </p>
   </div>
   <div class='ocr_carea' id='block_1_17' title="bbox 186 1594 1750 1664">
    <p class='ocr_par' dir='ltr' id='par_1_17' title="bbox 186 1594 1750 1664">
     <span class='ocr_line' id='line_1_17' title="bbox 186 1594 1750 1664; baseline -0.001 -15"><span class='ocrx_word' id='word_1_94' title='bbox 186 1600 290 1659; x_wconf 81' lang='grc' dir='ltr'>τοῖς</span> <span class='ocrx_word' id='word_1_95' title='bbox 311 1594 622 1658; x_wconf 87' lang='grc' dir='ltr'>όστέοις,ὼς</span> <span class='ocrx_word' id='word_1_96' title='bbox 646 1594 798 1657; x_wconf 75' lang='grc' dir='ltr'>εἴτις</span> <span class='ocrx_word' id='word_1_97' title='bbox 825 1594 986 1664; x_wconf 65' lang='grc' dir='ltr'>δορὰν</span> <span class='ocrx_word' id='word_1_98' title='bbox 999 1612 1118 1646; x_wconf 85' lang='grc' dir='ltr'>τινα</span> <span class='ocrx_word' id='word_1_99' title='bbox 1145 1595 1440 1664; x_wconf 79' lang='grc' dir='ltr'>περιτείνει</span> <span class='ocrx_word' id='word_1_100' title='bbox 1458 1597 1514 1647; x_wconf 84' lang='grc' dir='ltr'><strong>ἐν</strong></span> <span class='ocrx_word' id='word_1_101' title='bbox 1532 1595 1750 1659; x_wconf 80' lang='grc' dir='ltr'>λεπτοῖς</span> 
     </span>
    </p>
   </div>
   <div class='ocr_carea' id='block_1_18' title="bbox 189 1683 1753 1754">
    <p class='ocr_par' dir='ltr' id='par_1_18' title="bbox 189 1683 1753 1754">
     <span class='ocr_line' id='line_1_18' title="bbox 189 1683 1753 1754; baseline -0.003 -14"><span class='ocrx_word' id='word_1_102' title='bbox 189 1685 474 1754; x_wconf 76' lang='grc' dir='ltr'>καλάμοις·</span> <span class='ocrx_word' id='word_1_103' title='bbox 528 1685 768 1754; x_wconf 85' lang='grc' dir='ltr'>τρίχινον</span> <span class='ocrx_word' id='word_1_104' title='bbox 815 1683 872 1736; x_wconf 82' lang='grc' dir='ltr'><strong>δέ</strong></span> <span class='ocrx_word' id='word_1_105' title='bbox 912 1699 963 1735; x_wconf 86' lang='grc' dir='ltr'><strong>τι</strong></span> <span class='ocrx_word' id='word_1_106' title='bbox 1001 1684 1166 1752; x_wconf 69' lang='grc' dir='ltr'>ῥάκος</span> <span class='ocrx_word' id='word_1_107' title='bbox 1212 1683 1617 1754; x_wconf 74' lang='grc' dir='ltr'>ἐρρικνωμένον</span> <span class='ocrx_word' id='word_1_108' title='bbox 1661 1684 1753 1736; x_wconf 76' lang='grc' dir='ltr'><strong>καὶ</strong></span> 
     </span>
    </p>
   </div>
   <div class='ocr_carea' id='block_1_19' title="bbox 186 1773 1747 1846">
    <p class='ocr_par' dir='ltr' id='par_1_19' title="bbox 186 1773 1747 1846">
     <span class='ocr_line' id='line_1_19' title="bbox 186 1773 1747 1846; baseline 0.001 -19"><span class='ocrx_word' id='word_1_109' title='bbox 186 1778 297 1829; x_wconf 69' lang='grc' dir='ltr'>’λίαν</span> <span class='ocrx_word' id='word_1_110' title='bbox 328 1777 500 1846; x_wconf 81' lang='grc' dir='ltr'>τραχὺ</span> <span class='ocrx_word' id='word_1_111' title='bbox 535 1773 935 1845; x_wconf 78' lang='grc' dir='ltr'>περιεζώννυτο</span> <span class='ocrx_word' id='word_1_112' title='bbox 966 1775 1023 1838; x_wconf 81' lang='grc' dir='ltr'>ἐξ</span> <span class='ocrx_word' id='word_1_113' title='bbox 1059 1777 1257 1842; x_wconf 74' lang='grc' dir='ltr'>ὀσφύος</span> <span class='ocrx_word' id='word_1_114' title='bbox 1285 1776 1446 1844; x_wconf 81' lang='grc' dir='ltr'>μέχρι</span> <span class='ocrx_word' id='word_1_115' title='bbox 1481 1776 1747 1843; x_wconf 75' lang='grc' dir='ltr'>γονάτων·</span> 
     </span>
    </p>
   </div>
   <div class='ocr_carea' id='block_1_20' title="bbox 186 1865 1752 1938">
    <p class='ocr_par' dir='ltr' id='par_1_20' title="bbox 186 1865 1752 1938">
     <span class='ocr_line' id='line_1_20' title="bbox 186 1865 1752 1938; baseline -0.001 -17"><span class='ocrx_word' id='word_1_116' title='bbox 186 1870 362 1938; x_wconf 71' lang='grc' dir='ltr'>ὅμοιον</span> <span class='ocrx_word' id='word_1_117' title='bbox 410 1868 466 1919; x_wconf 80' lang='grc' dir='ltr'>δὲ</span> <span class='ocrx_word' id='word_1_118' title='bbox 507 1867 698 1919; x_wconf 76' lang='grc' dir='ltr'>τούτου</span> <span class='ocrx_word' id='word_1_119' title='bbox 755 1865 978 1918; x_wconf 86' lang='grc' dir='ltr'>παλλίον</span> <span class='ocrx_word' id='word_1_120' title='bbox 1025 1867 1134 1936; x_wconf 81' lang='lat'><strong>(83)</strong></span> <span class='ocrx_word' id='word_1_121' title='bbox 1180 1867 1569 1937; x_wconf 78' lang='grc' dir='ltr'>περιεϐέϐλητο</span> <span class='ocrx_word' id='word_1_122' title='bbox 1613 1868 1752 1921; x_wconf 83' lang='grc' dir='ltr'><strong>κατά</strong></span> 
     </span>
    </p>
   </div>
   <div class='ocr_carea' id='block_1_21' title="bbox 183 1959 500 2028">
    <p class='ocr_par' dir='ltr' id='par_1_21' title="bbox 183 1959 500 2028">
     <span class='ocr_line' id='line_1_21' title="bbox 183 1959 500 2028; baseline -0.003 -14"><span class='ocrx_word' id='word_1_123' title='bbox 183 1960 288 2014; x_wconf 82' lang='grc' dir='ltr'><strong>τῶν</strong></span> <span class='ocrx_word' id='word_1_124' title='bbox 314 1959 358 2011; x_wconf 75' lang='grc' dir='ltr'><strong>ὅ)</strong></span> <span class='ocrx_word' id='word_1_125' title='bbox 366 1977 500 2028; x_wconf 80' lang='grc' dir='ltr'>μων.</span> 
     </span>
    </p>
   </div>
   <div class='ocr_carea' id='block_1_22' title="bbox 264 2048 1752 2120">
    <p class='ocr_par' dir='ltr' id='par_1_22' title="bbox 264 2048 1752 2120">
     <span class='ocr_line' id='line_1_22' title="bbox 264 2048 1752 2120; baseline 0.001 -17"><span class='ocrx_word' id='word_1_126' title='bbox 264 2049 726 2120; x_wconf 81' lang='grc' dir='ltr'>’Υπερθαυμάσας</span> <span class='ocrx_word' id='word_1_127' title='bbox 770 2048 826 2102; x_wconf 79' lang='grc' dir='ltr'><strong>δὲ</strong></span> <span class='ocrx_word' id='word_1_128' title='bbox 862 2049 889 2100; x_wconf 88' lang='lat'><strong>6</strong></span> <span class='ocrx_word' id='word_1_129' title='bbox 938 2049 1172 2119; x_wconf 75' lang='grc' dir='ltr'>Ἰωάσαιρ</span> <span class='ocrx_word' id='word_1_130' title='bbox 1213 2050 1312 2120; x_wconf 78' lang='grc' dir='ltr'>τῆς</span> <span class='ocrx_word' id='word_1_131' title='bbox 1343 2051 1586 2120; x_wconf 71' lang='grc' dir='ltr'>σκληρᾶς</span> <span class='ocrx_word' id='word_1_132' title='bbox 1616 2053 1752 2105; x_wconf 76' lang='grc' dir='ltr'>ταύ-</span> 
     </span>
    </p>
   </div>
   <div class='ocr_carea' id='block_1_23' title="bbox 185 2142 1754 2216">
    <p class='ocr_par' dir='ltr' id='par_1_23' title="bbox 185 2142 1754 2216">
     <span class='ocr_line' id='line_1_23' title="bbox 185 2142 1754 2216; baseline -0.001 -18"><span class='ocrx_word' id='word_1_133' title='bbox 185 2162 281 2216; x_wconf 76' lang='grc' dir='ltr'><strong>της</strong></span> <span class='ocrx_word' id='word_1_134' title='bbox 322 2144 593 2214; x_wconf 76' lang='grc' dir='ltr'><strong>διαγωγῆς</strong></span> <span class='ocrx_word' id='word_1_135' title='bbox 628 2143 687 2195; x_wconf 78' lang='grc' dir='ltr'>τὺ</span> <span class='ocrx_word' id='word_1_136' title='bbox 737 2142 1016 2204; x_wconf 82' lang='grc' dir='ltr'>ἐπίπονον,</span> <span class='ocrx_word' id='word_1_137' title='bbox 1068 2147 1162 2195; x_wconf 76' lang='grc' dir='ltr'><strong>καὶ</strong></span> <span class='ocrx_word' id='word_1_138' title='bbox 1204 2144 1264 2195; x_wconf 64' lang='grc' dir='ltr'>τὸ</span> <span class='ocrx_word' id='word_1_139' title='bbox 1313 2143 1415 2214; x_wconf 78' lang='grc' dir='ltr'>τῆς</span> <span class='ocrx_word' id='word_1_140' title='bbox 1455 2146 1754 2216; x_wconf 75' lang='grc' dir='ltr'>καρτερίας</span> 
     </span>
    </p>
   </div>
   <div class='ocr_carea' id='block_1_24' title="bbox 189 2226 1754 2306">
    <p class='ocr_par' dir='ltr' id='par_1_24' title="bbox 189 2226 1754 2306">
     <span class='ocr_line' id='line_1_24' title="bbox 189 2226 1754 2306; baseline -0.003 -17"><span class='ocrx_word' id='word_1_141' title='bbox 189 2234 518 2306; x_wconf 62' lang='grc' dir='ltr'><strong>¹ὓπερεῖἀιλλον</strong></span> <span class='ocrx_word' id='word_1_142' title='bbox 551 2233 844 2300; x_wconf 70' lang='grc' dir='ltr'>ἐκπλαγεὶς</span> <span class='ocrx_word' id='word_1_143' title='bbox 869 2275 882 2294; x_wconf 84' lang='grc'><strong>,</strong></span> <span class='ocrx_word' id='word_1_144' title='bbox 938 2233 1184 2305; x_wconf 65' lang='grc' dir='ltr'>σφοδρῶς</span> <span class='ocrx_word' id='word_1_145' title='bbox 1215 2235 1466 2303; x_wconf 67' lang='grc' dir='ltr'>ἐδάκρυε,</span> <span class='ocrx_word' id='word_1_146' title='bbox 1499 2235 1590 2288; x_wconf 87' lang='grc' dir='ltr'><strong>καί</strong></span> <span class='ocrx_word' id='word_1_147' title='bbox 1623 2226 1754 2304; x_wconf 56' lang='grc' dir='ltr'>φησι</span> 
     </span>
    </p>
   </div>
   <div class='ocr_carea' id='block_1_25' title="bbox 190 2325 1757 2398">
    <p class='ocr_par' dir='ltr' id='par_1_25' title="bbox 190 2325 1757 2398">
     <span class='ocr_line' id='line_1_25' title="bbox 190 2325 1757 2398; baseline -0.003 -16"><span class='ocrx_word' id='word_1_148' title='bbox 190 2328 319 2398; x_wconf 70' lang='grc' dir='ltr'>πρὸς</span> <span class='ocrx_word' id='word_1_149' title='bbox 346 2327 436 2377; x_wconf 67' lang='grc' dir='ltr'>τὸν</span> <span class='ocrx_word' id='word_1_150' title='bbox 473 2327 707 2395; x_wconf 82' lang='grc' dir='ltr'>γέροντα</span> <span class='ocrx_word' id='word_1_151' title='bbox 733 2341 747 2356; x_wconf 81' lang='grc'><strong><em>⁸</em></strong></span> <span class='ocrx_word' id='word_1_152' title='bbox 798 2326 953 2379; x_wconf 79' lang='grc' dir='ltr'>Ἐπεί</span> <span class='ocrx_word' id='word_1_153' title='bbox 988 2343 1053 2396; x_wconf 90' lang='grc' dir='ltr'><strong>με</strong></span> <span class='ocrx_word' id='word_1_154' title='bbox 1087 2325 1188 2395; x_wconf 74' lang='grc' dir='ltr'>τῆς</span> <span class='ocrx_word' id='word_1_155' title='bbox 1231 2328 1431 2396; x_wconf 78' lang='grc' dir='ltr'>πικρᾶς</span> <span class='ocrx_word' id='word_1_156' title='bbox 1458 2326 1552 2379; x_wconf 74' lang='grc' dir='ltr'>τοῦ</span> <span class='ocrx_word' id='word_1_157' title='bbox 1577 2327 1757 2380; x_wconf 74' lang='grc' dir='ltr'>διαϐό-</span> 
     </span>
    </p>
   </div>
   <div class='ocr_carea' id='block_1_26' title="bbox 188 2418 1754 2492">
    <p class='ocr_par' dir='ltr' id='par_1_26' title="bbox 188 2418 1754 2492">
     <span class='ocr_line' id='line_1_26' title="bbox 188 2418 1754 2492; baseline 0 -19"><span class='ocrx_word' id='word_1_158' title='bbox 188 2435 273 2474; x_wconf 76' lang='grc' dir='ltr'>ιιου</span> <span class='ocrx_word' id='word_1_159' title='bbox 337 2419 577 2481; x_wconf 79' lang='grc' dir='ltr'>δουλείας</span> <span class='ocrx_word' id='word_1_160' title='bbox 646 2418 1007 2488; x_wconf 77' lang='grc' dir='ltr'>ἐλευθερῶσαι</span> <span class='ocrx_word' id='word_1_161' title='bbox 1069 2418 1260 2488; x_wconf 74' lang='grc' dir='ltr'>ἥκεις,</span> <span class='ocrx_word' id='word_1_162' title='bbox 1309 2419 1460 2482; x_wconf 85' lang='grc' dir='ltr'>τέλος</span> <span class='ocrx_word' id='word_1_163' title='bbox 1543 2436 1634 2472; x_wconf 90' lang='grc' dir='ltr'><strong>σου</strong></span> <span class='ocrx_word' id='word_1_164' title='bbox 1688 2424 1754 2492; x_wconf 78' lang='grc' dir='ltr'>τῇ</span> 
     </span>
    </p>
   </div>
   <div class='ocr_carea' id='block_1_27' title="bbox 183 2510 1758 2584">
    <p class='ocr_par' dir='ltr' id='par_1_27' title="bbox 183 2510 1758 2584">
     <span class='ocr_line' id='line_1_27' title="bbox 183 2510 1758 2584; baseline -0.002 -15"><span class='ocrx_word' id='word_1_165' title='bbox 183 2514 471 2584; x_wconf 72' lang='grc' dir='ltr'>εὐεργεσία</span> <span class='ocrx_word' id='word_1_166' title='bbox 522 2513 772 2573; x_wconf 78' lang='grc' dir='ltr'>ἐπιθεὶς,</span> <span class='ocrx_word' id='word_1_167' title='bbox 818 2510 1058 2580; x_wconf 76' lang='grc' dir='ltr'><strong>ἐξάγαγε</strong></span> <span class='ocrx_word' id='word_1_168' title='bbox 1105 2512 1215 2580; x_wconf 61' lang='lat' dir='ltr'><strong>(Si)</strong></span> <span class='ocrx_word' id='word_1_169' title='bbox 1271 2513 1334 2564; x_wconf 84' lang='grc' dir='ltr'><strong>ἐκ</strong></span> <span class='ocrx_word' id='word_1_170' title='bbox 1367 2512 1615 2581; x_wconf 79' lang='grc' dir='ltr'>φυλακῆς</span> <span class='ocrx_word' id='word_1_171' title='bbox 1657 2514 1758 2582; x_wconf 72' lang='grc' dir='ltr'><strong>τὴν</strong></span> 
     </span>
    </p>
   </div>
   <div class='ocr_carea' id='block_1_28' title="bbox 181 2603 1756 2678">
    <p class='ocr_par' dir='ltr' id='par_1_28' title="bbox 181 2603 1756 2678">
     <span class='ocr_line' id='line_1_28' title="bbox 181 2603 1756 2678; baseline -0.003 -17"><span class='ocrx_word' id='word_1_172' title='bbox 181 2609 360 2678; x_wconf 66' lang='grc' dir='ltr'>ψυχήν</span> <span class='ocrx_word' id='word_1_173' title='bbox 403 2625 502 2677; x_wconf 87' lang='grc' dir='ltr'><strong>μου</strong></span> <span class='ocrx_word' id='word_1_174' title='bbox 527 2649 541 2670; x_wconf 89' lang='grc'><strong>,</strong></span> <span class='ocrx_word' id='word_1_175' title='bbox 601 2604 756 2676; x_wconf 77' lang='grc'><strong>157</strong></span> <span class='ocrx_word' id='word_1_176' title='bbox 805 2606 935 2667; x_wconf 80' lang='grc' dir='ltr'>καὶ,</span> <span class='ocrx_word' id='word_1_177' title='bbox 971 2603 1304 2675; x_wconf 76' lang='grc' dir='ltr'>παραλαϐών</span> <span class='ocrx_word' id='word_1_178' title='bbox 1343 2622 1410 2674; x_wconf 87' lang='grc' dir='ltr'><strong>με</strong></span> <span class='ocrx_word' id='word_1_179' title='bbox 1460 2607 1598 2675; x_wconf 78' lang='grc' dir='ltr'>μετὰ</span> <span class='ocrx_word' id='word_1_180' title='bbox 1639 2604 1756 2669; x_wconf 74' lang='grc' dir='ltr'>σοῦ,</span> 
     </span>
    </p>
   </div>
   <div class='ocr_carea' id='block_1_29' title="bbox 183 2694 1759 2769">
    <p class='ocr_par' dir='ltr' id='par_1_29' title="bbox 183 2694 1759 2769">
     <span class='ocr_line' id='line_1_29' title="bbox 183 2694 1759 2769; baseline -0.003 -17"><span class='ocrx_word' id='word_1_181' title='bbox 183 2700 404 2769; x_wconf 74' lang='grc' dir='ltr'>ἄγωμεν</span> <span class='ocrx_word' id='word_1_182' title='bbox 434 2696 707 2759; x_wconf 82' lang='grc' dir='ltr'>ἐντεῦθεν,</span> <span class='ocrx_word' id='word_1_183' title='bbox 757 2697 842 2748; x_wconf 85' lang='grc' dir='ltr'>ἴνα</span> <span class='ocrx_word' id='word_1_184' title='bbox 875 2696 1057 2748; x_wconf 84' lang='grc' dir='ltr'>τέλεον</span> <span class='ocrx_word' id='word_1_185' title='bbox 1088 2695 1494 2765; x_wconf 83' lang='grc' dir='ltr'>λελυτρωμένος</span> <span class='ocrx_word' id='word_1_186' title='bbox 1535 2694 1634 2764; x_wconf 83' lang='grc' dir='ltr'>τῆς</span> <span class='ocrx_word' id='word_1_187' title='bbox 1663 2695 1759 2748; x_wconf 76' lang='grc' dir='ltr'>τοῦ</span> 
     </span>
    </p>
   </div>
   <div class='ocr_carea' id='block_1_30' title="bbox 185 2786 1758 2860">
    <p class='ocr_par' dir='ltr' id='par_1_30' title="bbox 185 2786 1758 2860">
     <span class='ocr_line' id='line_1_30' title="bbox 185 2786 1758 2860; baseline -0.001 -17"><span class='ocrx_word' id='word_1_188' title='bbox 185 2792 390 2860; x_wconf 84' lang='grc' dir='ltr'>κόσμου</span> <span class='ocrx_word' id='word_1_189' title='bbox 443 2789 657 2856; x_wconf 73' lang='grc' dir='ltr'>ἀπάτης</span> <span class='ocrx_word' id='word_1_190' title='bbox 702 2789 801 2857; x_wconf 78' lang='grc' dir='ltr'><strong>τὴν</strong></span> <span class='ocrx_word' id='word_1_191' title='bbox 846 2786 1119 2856; x_wconf 71' lang='grc' dir='ltr'>σφραγῖδα</span> <span class='ocrx_word' id='word_1_192' title='bbox 1159 2787 1463 2856; x_wconf 78' lang='grc' dir='ltr'>τηνικαῦτα</span> <span class='ocrx_word' id='word_1_193' title='bbox 1521 2787 1758 2857; x_wconf 82' lang='grc' dir='ltr'>δὲξωμαι</span> 
     </span>
    </p>
   </div>
   <div class='ocr_carea' id='block_1_31' title="bbox 181 2878 1759 2951">
    <p class='ocr_par' dir='ltr' id='par_1_31' title="bbox 181 2878 1759 2951">
     <span class='ocr_line' id='line_1_31' title="bbox 181 2878 1759 2951; baseline -0.001 -16"><span class='ocrx_word' id='word_1_194' title='bbox 181 2883 276 2936; x_wconf 75' lang='grc' dir='ltr'>τοῦ</span> <span class='ocrx_word' id='word_1_195' title='bbox 315 2880 581 2951; x_wconf 82' lang='grc' dir='ltr'>σωτηρίου</span> <span class='ocrx_word' id='word_1_196' title='bbox 629 2879 1041 2948; x_wconf 79' lang='grc' dir='ltr'>βαπτίσματος,</span> <span class='ocrx_word' id='word_1_197' title='bbox 1094 2878 1189 2931; x_wconf 71' lang='grc' dir='ltr'>καὶ</span> <span class='ocrx_word' id='word_1_198' title='bbox 1239 2880 1493 2941; x_wconf 88' lang='grc' dir='ltr'>κοινωνός</span> <span class='ocrx_word' id='word_1_199' title='bbox 1531 2897 1611 2932; x_wconf 89' lang='grc' dir='ltr'><strong>σοι</strong></span> <span class='ocrx_word' id='word_1_200' title='bbox 1660 2882 1759 2950; x_wconf 86' lang='grc' dir='ltr'>τῆς</span> 
     </span>
    </p>
   </div>
   <div class='ocr_carea' id='block_1_32' title="bbox 184 2969 1759 3042">
    <p class='ocr_par' dir='ltr' id='par_1_32' title="bbox 184 2969 1759 3042">
     <span class='ocr_line' id='line_1_32' title="bbox 184 2969 1759 3042; baseline -0.002 -16"><span class='ocrx_word' id='word_1_201' title='bbox 184 2972 504 3040; x_wconf 77' lang='grc' dir='ltr'>θαυμαστῆς</span> <span class='ocrx_word' id='word_1_202' title='bbox 524 2969 733 3039; x_wconf 73' lang='grc' dir='ltr'>ταύτης</span> <span class='ocrx_word' id='word_1_203' title='bbox 769 2969 1086 3037; x_wconf 56' lang='grc' dir='ltr'>φιλοσοςίας</span> <span class='ocrx_word' id='word_1_204' title='bbox 1119 2970 1215 3021; x_wconf 74' lang='grc' dir='ltr'><strong>καὶ</strong></span> <span class='ocrx_word' id='word_1_205' title='bbox 1246 2969 1559 3038; x_wconf 74' lang='grc' dir='ltr'>ὑπερφυοῦς</span> <span class='ocrx_word' id='word_1_206' title='bbox 1585 2972 1759 3042; x_wconf 84' lang='grc' dir='ltr'>ἀσκή-</span> 
     </span>
    </p>
   </div>
   <div class='ocr_carea' id='block_1_33' title="bbox 185 3063 620 3133">
    <p class='ocr_par' dir='ltr' id='par_1_33' title="bbox 185 3063 620 3133">
     <span class='ocr_line' id='line_1_33' title="bbox 185 3063 620 3133; baseline -0.009 -15"><span class='ocrx_word' id='word_1_207' title='bbox 185 3081 324 3126; x_wconf 88' lang='grc' dir='ltr'>σεως</span> <span class='ocrx_word' id='word_1_208' title='bbox 355 3063 620 3133; x_wconf 78' lang='grc' dir='ltr'>γένωμαι.</span> 
     </span>
    </p>
   </div>
   <div class='ocr_carea' id='block_1_34' title="bbox 259 3149 1829 3228">
    <p class='ocr_par' dir='ltr' id='par_1_34' title="bbox 259 3149 1829 3228">
     <span class='ocr_line' id='line_1_34' title="bbox 259 3149 1829 3228; baseline 0 -22"><span class='ocrx_word' id='word_1_209' title='bbox 259 3151 390 3206; x_wconf 81' lang='grc' dir='ltr'>Εἷπε</span> <span class='ocrx_word' id='word_1_210' title='bbox 421 3152 474 3204; x_wconf 80' lang='grc' dir='ltr'>δὲ</span> <span class='ocrx_word' id='word_1_211' title='bbox 521 3149 785 3221; x_wconf 68' lang='grc' dir='ltr'>Βαρλαᾶμ</span> <span class='ocrx_word' id='word_1_212' title='bbox 835 3152 969 3220; x_wconf 72' lang='grc' dir='ltr'>πρὸς</span> <span class='ocrx_word' id='word_1_213' title='bbox 1012 3152 1208 3204; x_wconf 74' lang='grc' dir='ltr'>αὐτόν·</span> <span class='ocrx_word' id='word_1_214' title='bbox 1248 3153 1459 3223; x_wconf 77' lang='grc' dir='ltr'>Νεϐρὸν</span> <span class='ocrx_word' id='word_1_215' title='bbox 1502 3155 1762 3223; x_wconf 78' lang='grc' dir='ltr'>δορκάδος</span> <span class='ocrx_word' id='word_1_216' title='bbox 1792 3211 1829 3228; x_wconf 46' lang='grc' dir='ltr'><em>ι,</em></span> 
     </span>
    </p>
   </div>
   <div class='ocr_carea' id='block_1_35' title="bbox 185 3242 1761 3316">
    <p class='ocr_par' dir='ltr' id='par_1_35' title="bbox 185 3242 1761 3316">
     <span class='ocr_line' id='line_1_35' title="bbox 185 3242 1761 3316; baseline 0.001 -18"><span class='ocrx_word' id='word_1_217' title='bbox 185 3245 381 3316; x_wconf 75' lang='grc' dir='ltr'>ἕτρεφέ</span> <span class='ocrx_word' id='word_1_218' title='bbox 437 3260 524 3306; x_wconf 88' lang='grc' dir='ltr'><strong>τις</strong></span> <span class='ocrx_word' id='word_1_219' title='bbox 592 3242 700 3295; x_wconf 84' lang='grc' dir='ltr'><strong>τῶν</strong></span> <span class='ocrx_word' id='word_1_220' title='bbox 779 3243 1068 3296; x_wconf 80' lang='grc' dir='ltr'>πλουσίων.</span> <span class='ocrx_word' id='word_1_221' title='bbox 1139 3243 1449 3313; x_wconf 74' lang='grc' dir='ltr'>Αὑξηθεῖσα</span> <span class='ocrx_word' id='word_1_222' title='bbox 1510 3246 1566 3299; x_wconf 82' lang='grc' dir='ltr'>δὲ</span> <span class='ocrx_word' id='word_1_223' title='bbox 1620 3246 1761 3315; x_wconf 75' lang='grc' dir='ltr'>αὕτη</span> 
     </span>
    </p>
   </div>
   <div class='ocr_carea' id='block_1_36' title="bbox 180 3335 1756 3407">
    <p class='ocr_par' dir='ltr' id='par_1_36' title="bbox 180 3335 1756 3407">
     <span class='ocr_line' id='line_1_36' title="bbox 180 3335 1756 3407; baseline 0.001 -18"><span class='ocrx_word' id='word_1_224' title='bbox 180 3341 286 3402; x_wconf 72' lang='grc' dir='ltr'>τὰς</span> <span class='ocrx_word' id='word_1_225' title='bbox 338 3339 581 3407; x_wconf 78' lang='grc' dir='ltr'>ἐρήμους</span> <span class='ocrx_word' id='word_1_226' title='bbox 637 3335 855 3400; x_wconf 79' lang='grc' dir='ltr'>ἐπόθει,</span> <span class='ocrx_word' id='word_1_227' title='bbox 909 3337 976 3403; x_wconf 82' lang='grc' dir='ltr'>τῇ</span> <span class='ocrx_word' id='word_1_228' title='bbox 1033 3339 1236 3406; x_wconf 78' lang='grc' dir='ltr'>φυσικῇ</span> <span class='ocrx_word' id='word_1_229' title='bbox 1297 3336 1566 3406; x_wconf 80' lang='grc' dir='ltr'>ἑλκομένη</span> <span class='ocrx_word' id='word_1_230' title='bbox 1628 3339 1756 3402; x_wconf 78' lang='grc' dir='ltr'>ἕξει.</span> 
     </span>
    </p>
   </div>
   <div class='ocr_carea' id='block_1_37' title="bbox 197 3427 1762 3499">
    <p class='ocr_par' dir='ltr' id='par_1_37' title="bbox 197 3427 1762 3499">
     <span class='ocr_line' id='line_1_37' title="bbox 197 3427 1762 3499; baseline -0.001 -17"><span class='ocrx_word' id='word_1_231' title='bbox 197 3429 520 3494; x_wconf 75' lang='grc' dir='ltr'>ἘΞελθοῦσα</span> <span class='ocrx_word' id='word_1_232' title='bbox 548 3427 726 3480; x_wconf 81' lang='grc' dir='ltr'>τοίνυν</span> <span class='ocrx_word' id='word_1_233' title='bbox 752 3431 808 3479; x_wconf 86' lang='grc' dir='ltr'><strong>ἐν</strong></span> <span class='ocrx_word' id='word_1_234' title='bbox 839 3429 958 3496; x_wconf 83' lang='grc' dir='ltr'>μιᾷ,</span> <span class='ocrx_word' id='word_1_235' title='bbox 982 3427 1228 3497; x_wconf 83' lang='grc' dir='ltr'>εὑρίσκει</span> <span class='ocrx_word' id='word_1_236' title='bbox 1257 3429 1461 3499; x_wconf 84' lang='grc' dir='ltr'>ἀγέλην</span> <span class='ocrx_word' id='word_1_237' title='bbox 1487 3429 1762 3499; x_wconf 74' lang='grc' dir='ltr'>δορκάδων</span> 
     </span>
    </p>
   </div>
   <div class='ocr_carea' id='block_1_38' title="bbox 185 3518 1764 3590">
    <p class='ocr_par' dir='ltr' id='par_1_38' title="bbox 185 3518 1764 3590">
     <span class='ocr_line' id='line_1_38' title="bbox 185 3518 1764 3590; baseline -0.001 -18"><span class='ocrx_word' id='word_1_238' title='bbox 185 3521 538 3590; x_wconf 75' lang='grc' dir='ltr'>βοσκομένων</span> <span class='ocrx_word' id='word_1_239' title='bbox 584 3521 678 3572; x_wconf 71' lang='grc' dir='ltr'><strong>καὶ</strong></span> <span class='ocrx_word' id='word_1_240' title='bbox 728 3518 960 3587; x_wconf 82' lang='grc' dir='ltr'>ἐχόμενα</span> <span class='ocrx_word' id='word_1_241' title='bbox 998 3521 1202 3572; x_wconf 78' lang='grc' dir='ltr'>τούτων</span> <span class='ocrx_word' id='word_1_242' title='bbox 1240 3521 1502 3590; x_wconf 80' lang='grc' dir='ltr'>περιῆγεν</span> <span class='ocrx_word' id='word_1_243' title='bbox 1549 3525 1605 3574; x_wconf 83' lang='grc' dir='ltr'><strong>ἐν</strong></span> <span class='ocrx_word' id='word_1_244' title='bbox 1651 3527 1764 3585; x_wconf 80' lang='grc' dir='ltr'>τοῖς</span> 
     </span>
    </p>
   </div>
   <div class='ocr_carea' id='block_1_39' title="bbox 184 3609 1764 3682">
    <p class='ocr_par' dir='ltr' id='par_1_39' title="bbox 184 3609 1764 3682">
     <span class='ocr_line' id='line_1_39' title="bbox 184 3609 1764 3682; baseline 0.001 -19"><span class='ocrx_word' id='word_1_245' title='bbox 184 3611 394 3673; x_wconf 79' lang='grc' dir='ltr'>πεδίοις</span> <span class='ocrx_word' id='word_1_246' title='bbox 420 3610 510 3663; x_wconf 75' lang='grc' dir='ltr'><strong>τοῦ</strong></span> <span class='ocrx_word' id='word_1_247' title='bbox 542 3609 749 3680; x_wconf 78' lang='grc' dir='ltr'>δρυμοῦ</span> <span class='ocrx_word' id='word_1_248' title='bbox 782 3652 795 3672; x_wconf 88' lang='grc'><strong>,</strong></span> <span class='ocrx_word' id='word_1_249' title='bbox 828 3611 1244 3680; x_wconf 76' lang='grc' dir='ltr'>ὑποστρέφουσα</span> <span class='ocrx_word' id='word_1_250' title='bbox 1300 3614 1396 3682; x_wconf 80' lang='grc' dir='ltr'><strong>μὲν</strong></span> <span class='ocrx_word' id='word_1_251' title='bbox 1423 3615 1482 3666; x_wconf 78' lang='grc' dir='ltr'><strong>τὸ</strong></span> <span class='ocrx_word' id='word_1_252' title='bbox 1510 3615 1645 3682; x_wconf 73' lang='grc' dir='ltr'>πρὸς</span> <span class='ocrx_word' id='word_1_253' title='bbox 1677 3617 1764 3665; x_wconf 67' lang='grc' dir='ltr'>ἐσο</span> 
     </span>
    </p>
   </div>
   <div class='ocr_carea' id='block_1_40' title="bbox 182 3700 1762 3775">
    <p class='ocr_par' dir='ltr' id='par_1_40' title="bbox 182 3700 1762 3775">
     <span class='ocr_line' id='line_1_40' title="bbox 182 3700 1762 3775; baseline 0.007 -28"><span class='ocrx_word' id='word_1_254' title='bbox 182 3702 386 3771; x_wconf 75' lang='grc' dir='ltr'>πέραν,</span> <span class='ocrx_word' id='word_1_255' title='bbox 419 3701 534 3770; x_wconf 67' lang='grc' dir='ltr'>ἅμα</span> <span class='ocrx_word' id='word_1_256' title='bbox 564 3701 618 3753; x_wconf 86' lang='grc' dir='ltr'>δὲ</span> <span class='ocrx_word' id='word_1_257' title='bbox 650 3701 815 3771; x_wconf 72' lang='grc' dir='ltr'>πρωῒ,</span> <span class='ocrx_word' id='word_1_258' title='bbox 840 3704 906 3770; x_wconf 80' lang='grc' dir='ltr'>τῇ</span> <span class='ocrx_word' id='word_1_259' title='bbox 934 3700 1039 3754; x_wconf 89' lang='grc' dir='ltr'><strong>τῶν</strong></span> <span class='ocrx_word' id='word_1_260' title='bbox 1068 3703 1484 3772; x_wconf 77' lang='grc' dir='ltr'>ὑπουργούντων</span> <span class='ocrx_word' id='word_1_261' title='bbox 1513 3703 1762 3775; x_wconf 76' lang='grc' dir='ltr'>ἀμελείᾳ,</span> 
     </span>
    </p>
   </div>
   <div class='ocr_carea' id='block_1_41' title="bbox 180 3793 1768 3862">
    <p class='ocr_par' dir='ltr' id='par_1_41' title="bbox 180 3793 1768 3862">
     <span class='ocr_line' id='line_1_41' title="bbox 180 3793 1768 3862; baseline 0.003 -19"><span class='ocrx_word' id='word_1_262' title='bbox 180 3793 524 3862; x_wconf 79' lang='grc' dir='ltr'>ἐξερχυμένη</span> <span class='ocrx_word' id='word_1_263' title='bbox 559 3793 795 3855; x_wconf 75' lang='grc' dir='ltr'>καὶτοῖς</span> <span class='ocrx_word' id='word_1_264' title='bbox 829 3793 1041 3862; x_wconf 76' lang='grc' dir='ltr'>ἀγρίοις</span> <span class='ocrx_word' id='word_1_265' title='bbox 1085 3794 1546 3860; x_wconf 77' lang='grc' dir='ltr'>συναγελάζουσα.</span> <span class='ocrx_word' id='word_1_266' title='bbox 1595 3797 1768 3849; x_wconf 75' lang='grc' dir='ltr'>Ἐκεῖ-</span> 
     </span>
    </p>
   </div>
   <div class='ocr_carea' id='block_1_42' title="bbox 181 3883 1766 3956">
    <p class='ocr_par' dir='ltr' id='par_1_42' title="bbox 181 3883 1766 3956">
     <span class='ocr_line' id='line_1_42' title="bbox 181 3883 1766 3956; baseline 0.002 -21"><span class='ocrx_word' id='word_1_267' title='bbox 181 3901 297 3936; x_wconf 84' lang='grc' dir='ltr'><strong>νων</strong></span> <span class='ocrx_word' id='word_1_268' title='bbox 327 3884 383 3936; x_wconf 83' lang='grc' dir='ltr'>δὲ</span> <span class='ocrx_word' id='word_1_269' title='bbox 430 3883 762 3954; x_wconf 72' lang='grc' dir='ltr'>πορρωτέρω</span> <span class='ocrx_word' id='word_1_270' title='bbox 808 3883 1193 3953; x_wconf 84' lang='grc' dir='ltr'>μεταθεμένων</span> <span class='ocrx_word' id='word_1_271' title='bbox 1226 3885 1509 3955; x_wconf 82' lang='grc' dir='ltr'>νέμεσθαι,</span> <span class='ocrx_word' id='word_1_272' title='bbox 1538 3903 1766 3956; x_wconf 83' lang='grc' dir='ltr'>συνηκο-</span> 
     </span>
    </p>
   </div>
   <div class='ocr_carea' id='block_1_43' title="bbox 178 3974 1763 4048">
    <p class='ocr_par' dir='ltr' id='par_1_43' title="bbox 178 3974 1763 4048">
     <span class='ocr_line' id='line_1_43' title="bbox 178 3974 1763 4048; baseline 0.003 -23"><span class='ocrx_word' id='word_1_273' title='bbox 178 3974 420 4042; x_wconf 72' lang='grc' dir='ltr'>λούθησε</span> <span class='ocrx_word' id='word_1_274' title='bbox 469 3975 562 4026; x_wconf 72' lang='grc' dir='ltr'><strong>καὶ</strong></span> <span class='ocrx_word' id='word_1_275' title='bbox 611 3975 768 4044; x_wconf 72' lang='grc' dir='ltr'>αὑτὴ.</span> <span class='ocrx_word' id='word_1_276' title='bbox 822 3977 883 4025; x_wconf 77' lang='lat' dir='ltr'><strong>Ui</strong></span> <span class='ocrx_word' id='word_1_277' title='bbox 934 3976 989 4028; x_wconf 78' lang='grc' dir='ltr'>δὲ</span> <span class='ocrx_word' id='word_1_278' title='bbox 1036 3977 1126 4028; x_wconf 77' lang='grc' dir='ltr'>τοῦ</span> <span class='ocrx_word' id='word_1_279' title='bbox 1169 3977 1422 4030; x_wconf 86' lang='grc' dir='ltr'>πλουσίου</span> <span class='ocrx_word' id='word_1_280' title='bbox 1461 3979 1763 4048; x_wconf 81' lang='grc' dir='ltr'>ὑπηρέται,</span> 
     </span>
    </p>
   </div>
   <div class='ocr_carea' id='block_1_44' title="bbox 1844 593 3413 661">
    <p class='ocr_par' dir='ltr' id='par_1_44' title="bbox 1844 593 3413 661">
     <span class='ocr_line' id='line_1_44' title="bbox 1844 593 3413 661; baseline 0.004 -17"><span class='ocrx_word' id='word_1_281' title='bbox 1844 601 2063 652; x_wconf 83' lang='lat' dir='ltr'><strong>scateat.</strong></span> <span class='ocrx_word' id='word_1_282' title='bbox 2118 606 2212 646; x_wconf 83' lang='lat' dir='ltr'><strong>eos</strong></span> <span class='ocrx_word' id='word_1_283' title='bbox 2256 593 2341 661; x_wconf 92' lang='lat' dir='ltr'><strong>qui</strong></span> <span class='ocrx_word' id='word_1_284' title='bbox 2371 593 2465 660; x_wconf 82' lang='lat' dir='ltr'><strong>ipsi</strong></span> <span class='ocrx_word' id='word_1_285' title='bbox 2495 594 2865 661; x_wconf 88' lang='lat' dir='ltr'><strong>obtemperant</strong></span> <span class='ocrx_word' id='word_1_286' title='bbox 2909 595 2959 648; x_wconf 92' lang='lat' dir='ltr'><strong>in</strong></span> <span class='ocrx_word' id='word_1_287' title='bbox 2993 595 3228 650; x_wconf 82' lang='lat' dir='ltr'><strong>fraudem</strong></span> <span class='ocrx_word' id='word_1_288' title='bbox 3260 598 3413 651; x_wconf 78' lang='lat' dir='ltr'><strong>indu-</strong></span> 
     </span>
    </p>
   </div>
   <div class='ocr_carea' id='block_1_45' title="bbox 1846 682 3415 754">
    <p class='ocr_par' dir='ltr' id='par_1_45' title="bbox 1846 682 3415 754">
     <span class='ocr_line' id='line_1_45' title="bbox 1846 682 3415 754; baseline 0.004 -21"><span class='ocrx_word' id='word_1_289' title='bbox 1846 695 1994 747; x_wconf 71' lang='lat' dir='ltr'><strong>oens,</strong></span> <span class='ocrx_word' id='word_1_290' title='bbox 2028 682 2293 750; x_wconf 78' lang='lat' dir='ltr'><strong>variisque</strong></span> <span class='ocrx_word' id='word_1_291' title='bbox 2321 683 2490 737; x_wconf 90' lang='lat' dir='ltr'><strong>modis</strong></span> <span class='ocrx_word' id='word_1_292' title='bbox 2520 685 2783 737; x_wconf 82' lang='lat' dir='ltr'><strong>irretiens.</strong></span> <span class='ocrx_word' id='word_1_293' title='bbox 2836 682 3094 749; x_wconf 82' lang='lat' dir='ltr'><strong>Deinceps</strong></span> <span class='ocrx_word' id='word_1_294' title='bbox 3124 687 3302 754; x_wconf 88' lang='lat' dir='ltr'><strong>igitur,</strong></span> <span class='ocrx_word' id='word_1_295' title='bbox 3349 701 3415 740; x_wconf 85' lang='lat' dir='ltr'><strong>eo</strong></span> 
     </span>
    </p>
   </div>
   <div class='ocr_carea' id='block_1_46' title="bbox 1848 774 3414 840">
    <p class='ocr_par' dir='ltr' id='par_1_46' title="bbox 1848 774 3414 840">
     <span class='ocr_line' id='line_1_46' title="bbox 1848 774 3414 840; baseline 0.003 -13"><span class='ocrx_word' id='word_1_296' title='bbox 1848 775 1985 828; x_wconf 87' lang='lat' dir='ltr'><strong>unde</strong></span> <span class='ocrx_word' id='word_1_297' title='bbox 2035 774 2137 827; x_wconf 88' lang='lat' dir='ltr'><strong>huc</strong></span> <span class='ocrx_word' id='word_1_298' title='bbox 2182 774 2327 840; x_wconf 83' lang='lat' dir='ltr'><strong>veni,</strong></span> <span class='ocrx_word' id='word_1_299' title='bbox 2384 774 2758 830; x_wconf 73' lang='lat' dir='ltr'><strong>revertendum</strong></span> <span class='ocrx_word' id='word_1_300' title='bbox 2804 785 2916 839; x_wconf 87' lang='lat' dir='ltr'><strong>est,</strong></span> <span class='ocrx_word' id='word_1_301' title='bbox 2976 792 3037 828; x_wconf 88' lang='lat' dir='ltr'><strong>ac</strong></span> <span class='ocrx_word' id='word_1_302' title='bbox 3089 786 3200 830; x_wconf 90' lang='lat' dir='ltr'><strong>tum</strong></span> <span class='ocrx_word' id='word_1_303' title='bbox 3238 777 3414 832; x_wconf 76' lang='lat' dir='ltr'><strong>alieno</strong></span> 
     </span>
    </p>
   </div>
   <div class='ocr_carea' id='block_1_47' title="bbox 1849 865 2788 936">
    <p class='ocr_par' dir='ltr' id='par_1_47' title="bbox 1849 865 2788 936">
     <span class='ocr_line' id='line_1_47' title="bbox 1849 865 2788 936; baseline 0.002 -18"><span class='ocrx_word' id='word_1_304' title='bbox 1849 866 2026 918; x_wconf 88' lang='lat' dir='ltr'><strong>habitu</strong></span> <span class='ocrx_word' id='word_1_305' title='bbox 2058 865 2323 934; x_wconf 86' lang='lat' dir='ltr'><strong>deposito,</strong></span> <span class='ocrx_word' id='word_1_306' title='bbox 2359 881 2530 920; x_wconf 87' lang='lat' dir='ltr'><strong>meum</strong></span> <span class='ocrx_word' id='word_1_307' title='bbox 2555 867 2788 936; x_wconf 83' lang='lat' dir='ltr'><strong>induam.</strong></span> 
     </span>
    </p>
   </div>
   <div class='ocr_carea' id='block_1_48' title="bbox 1914 1034 3412 1111">
    <p class='ocr_par' dir='ltr' id='par_1_48' title="bbox 1914 1034 3412 1111">
     <span class='ocr_line' id='line_1_48' title="bbox 1914 1034 3412 1111; baseline 0.007 -23"><span class='ocrx_word' id='word_1_308' title='bbox 1914 1034 2226 1088; x_wconf 82' lang='lat' dir='ltr'><strong>Ol-secravit</strong></span> <span class='ocrx_word' id='word_1_309' title='bbox 2255 1045 2428 1091; x_wconf 88' lang='lat' dir='ltr'><strong>autem</strong></span> <span class='ocrx_word' id='word_1_310' title='bbox 2454 1052 2634 1091; x_wconf 89' lang='lat' dir='ltr'><strong>senem</strong></span> <span class='ocrx_word' id='word_1_311' title='bbox 2666 1040 2942 1108; x_wconf 84' lang='lat' dir='ltr'><strong>Josaphat,</strong></span> <span class='ocrx_word' id='word_1_312' title='bbox 2993 1053 3042 1096; x_wconf 92' lang='lat' dir='ltr'><strong>ut</strong></span> <span class='ocrx_word' id='word_1_313' title='bbox 3073 1059 3131 1096; x_wconf 84' lang='lat' dir='ltr'><strong>se</strong></span> <span class='ocrx_word' id='word_1_314' title='bbox 3161 1045 3259 1111; x_wconf 84' lang='lat' dir='ltr'><strong>ipsi</strong></span> <span class='ocrx_word' id='word_1_315' title='bbox 3290 1061 3412 1099; x_wconf 85' lang='lat' dir='ltr'><strong>cum</strong></span> 
     </span>
    </p>
   </div>
   <div class='ocr_carea' id='block_1_49' title="bbox 1851 1131 3410 1201">
    <p class='ocr_par' dir='ltr' id='par_1_49' title="bbox 1851 1131 3410 1201">
     <span class='ocr_line' id='line_1_49' title="bbox 1851 1131 3410 1201; baseline 0.008 -23"><span class='ocrx_word' id='word_1_316' title='bbox 1851 1136 2104 1179; x_wconf 79' lang='lat' dir='ltr'><strong>consueta</strong></span> <span class='ocrx_word' id='word_1_317' title='bbox 2130 1135 2276 1180; x_wconf 84' lang='lat' dir='ltr'><strong>veste</strong></span> <span class='ocrx_word' id='word_1_318' title='bbox 2306 1131 2632 1183; x_wconf 66' lang='lat' dir='ltr'><strong>ostenderet.</strong></span> <span class='ocrx_word' id='word_1_319' title='bbox 2664 1131 2794 1185; x_wconf 79' lang='lat' dir='ltr'><strong>Cum</strong></span> <span class='ocrx_word' id='word_1_320' title='bbox 2832 1134 3008 1201; x_wconf 81' lang='lat' dir='ltr'><strong>itaque</strong></span> <span class='ocrx_word' id='word_1_321' title='bbox 3033 1135 3272 1190; x_wconf 86' lang='lat' dir='ltr'><strong>Barlaam</strong></span> <span class='ocrx_word' id='word_1_322' title='bbox 3319 1153 3410 1191; x_wconf 80' lang='lat' dir='ltr'><strong>ve-</strong></span> 
     </span>
    </p>
   </div>
   <div class='ocr_carea' id='block_1_50' title="bbox 1842 1220 3416 1297">
    <p class='ocr_par' dir='ltr' id='par_1_50' title="bbox 1842 1220 3416 1297">
     <span class='ocr_line' id='line_1_50' title="bbox 1842 1220 3416 1297; baseline 0.009 -28"><span class='ocrx_word' id='word_1_323' title='bbox 1842 1225 1975 1270; x_wconf 83' lang='lat' dir='ltr'><strong>stem</strong></span> <span class='ocrx_word' id='word_1_324' title='bbox 1990 1232 2104 1270; x_wconf 87' lang='lat' dir='ltr'><strong>eam</strong></span> <span class='ocrx_word' id='word_1_325' title='bbox 2127 1234 2283 1287; x_wconf 90' lang='lat' dir='ltr'><strong>quam</strong></span> <span class='ocrx_word' id='word_1_326' title='bbox 2306 1220 2520 1287; x_wconf 77' lang='lat' dir='ltr'><strong>gerebat</strong></span> <span class='ocrx_word' id='word_1_327' title='bbox 2541 1224 2790 1285; x_wconf 78' lang='lat' dir='ltr'><strong>exuisset,</strong></span> <span class='ocrx_word' id='word_1_328' title='bbox 2816 1223 3138 1279; x_wconf 87' lang='lat' dir='ltr'><strong>horrendum</strong></span> <span class='ocrx_word' id='word_1_329' title='bbox 3161 1227 3416 1297; x_wconf 82' lang='lat' dir='ltr'><strong>.Iosapltat</strong></span> 
     </span>
    </p>
   </div>
   <div class='ocr_carea' id='block_1_51' title="bbox 1845 1308 3414 1385">
    <p class='ocr_par' dir='ltr' id='par_1_51' title="bbox 1845 1308 3414 1385">
     <span class='ocr_line' id='line_1_51' title="bbox 1845 1308 3414 1385; baseline 0.011 -27"><span class='ocrx_word' id='word_1_330' title='bbox 1845 1308 2202 1374; x_wconf 84' lang='lat' dir='ltr'><strong>spectaculum</strong></span> <span class='ocrx_word' id='word_1_331' title='bbox 2235 1323 2353 1362; x_wconf 89' lang='lat' dir='ltr'><strong>sese</strong></span> <span class='ocrx_word' id='word_1_332' title='bbox 2382 1312 2591 1364; x_wconf 90' lang='lat' dir='ltr'><strong>obtulit.</strong></span> <span class='ocrx_word' id='word_1_333' title='bbox 2647 1312 2853 1366; x_wconf 83' lang='lat' dir='ltr'><strong>Etenim</strong></span> <span class='ocrx_word' id='word_1_334' title='bbox 2893 1323 3000 1367; x_wconf 89' lang='lat' dir='ltr'><strong>tota</strong></span> <span class='ocrx_word' id='word_1_335' title='bbox 3029 1317 3204 1371; x_wconf 90' lang='lat' dir='ltr'><strong>carnis</strong></span> <span class='ocrx_word' id='word_1_336' title='bbox 3249 1317 3414 1385; x_wconf 83' lang='lat' dir='ltr'><strong>ipsius</strong></span> 
     </span>
    </p>
   </div>
   <div class='ocr_carea' id='block_1_52' title="bbox 1845 1405 3413 1494">
    <p class='ocr_par' dir='ltr' id='par_1_52' title="bbox 1845 1405 3413 1494">
     <span class='ocr_line' id='line_1_52' title="bbox 1845 1405 3413 1494; baseline 0.008 -40"><span class='ocrx_word' id='word_1_337' title='bbox 1845 1407 2068 1474; x_wconf 83' lang='lat' dir='ltr'><strong>qualitas</strong></span> <span class='ocrx_word' id='word_1_338' title='bbox 2091 1405 2291 1476; x_wconf 79' lang='grc' dir='ltr'>[πιότης</span> <span class='ocrx_word' id='word_1_339' title='bbox 2317 1409 2534 1476; x_wconf 75' lang='lat' dir='ltr'><strong>fortasse</strong></span> <span class='ocrx_word' id='word_1_340' title='bbox 2559 1410 2854 1494; x_wconf 59' lang='lat' dir='ltr'><strong>legendum,</strong></span> <span class='ocrx_word' id='word_1_341' title='bbox 2903 1413 2956 1464; x_wconf 85' lang='lat' dir='ltr'><strong>id</strong></span> <span class='ocrx_word' id='word_1_342' title='bbox 2977 1424 3074 1477; x_wconf 74' lang='lat' dir='ltr'><strong>est,</strong></span> <span class='ocrx_word' id='word_1_343' title='bbox 3130 1416 3413 1487; x_wconf 83' lang='lat' dir='ltr'><strong>pinguedo]</strong></span> 
     </span>
    </p>
   </div>
   <div class='ocr_carea' id='block_1_53' title="bbox 1850 1499 3415 1574">
    <p class='ocr_par' dir='ltr' id='par_1_53' title="bbox 1850 1499 3415 1574">
     <span class='ocr_line' id='line_1_53' title="bbox 1850 1499 3415 1574; baseline 0.008 -24"><span class='ocrx_word' id='word_1_344' title='bbox 1850 1499 2130 1564; x_wconf 86' lang='lat' dir='ltr'><strong>absumpta</strong></span> <span class='ocrx_word' id='word_1_345' title='bbox 2163 1509 2298 1565; x_wconf 87' lang='lat' dir='ltr'><strong>erat,</strong></span> <span class='ocrx_word' id='word_1_346' title='bbox 2329 1515 2390 1554; x_wconf 87' lang='lat' dir='ltr'><strong>ac</strong></span> <span class='ocrx_word' id='word_1_347' title='bbox 2413 1502 2562 1570; x_wconf 86' lang='lat' dir='ltr'><strong>pellis</strong></span> <span class='ocrx_word' id='word_1_348' title='bbox 2591 1518 2654 1556; x_wconf 83' lang='lat' dir='ltr'><strong>ex</strong></span> <span class='ocrx_word' id='word_1_349' title='bbox 2685 1503 2816 1556; x_wconf 88' lang='lat' dir='ltr'><strong>solis</strong></span> <span class='ocrx_word' id='word_1_350' title='bbox 2859 1514 2988 1558; x_wconf 70' lang='lat' dir='ltr'><strong>testu</strong></span> <span class='ocrx_word' id='word_1_351' title='bbox 3023 1515 3180 1574; x_wconf 88' lang='lat' dir='ltr'><strong>atque</strong></span> <span class='ocrx_word' id='word_1_352' title='bbox 3223 1508 3415 1563; x_wconf 86' lang='lat' dir='ltr'><strong>ardore</strong></span> 
     </span>
    </p>
   </div>
   <div class='ocr_carea' id='block_1_54' title="bbox 1847 1589 3412 1668">
    <p class='ocr_par' dir='ltr' id='par_1_54' title="bbox 1847 1589 3412 1668">
     <span class='ocr_line' id='line_1_54' title="bbox 1847 1589 3412 1668; baseline 0.006 -25"><span class='ocrx_word' id='word_1_353' title='bbox 1847 1589 2045 1643; x_wconf 77' lang='lat' dir='ltr'><strong>circum</strong></span> <span class='ocrx_word' id='word_1_354' title='bbox 2075 1605 2194 1644; x_wconf 90' lang='lat' dir='ltr'><strong>ossa</strong></span> <span class='ocrx_word' id='word_1_355' title='bbox 2223 1601 2368 1645; x_wconf 89' lang='lat' dir='ltr'><strong>tensa</strong></span> <span class='ocrx_word' id='word_1_356' title='bbox 2392 1605 2528 1656; x_wconf 89' lang='lat' dir='ltr'><strong>erat,</strong></span> <span class='ocrx_word' id='word_1_357' title='bbox 2573 1609 2676 1646; x_wconf 82' lang='lat' dir='ltr'><strong>non</strong></span> <span class='ocrx_word' id='word_1_358' title='bbox 2709 1609 2863 1649; x_wconf 84' lang='lat' dir='ltr'><strong>secus</strong></span> <span class='ocrx_word' id='word_1_359' title='bbox 2906 1611 2967 1650; x_wconf 87' lang='lat' dir='ltr'><strong>ac</strong></span> <span class='ocrx_word' id='word_1_360' title='bbox 2994 1599 3040 1652; x_wconf 91' lang='lat' dir='ltr'><strong>si</strong></span> <span class='ocrx_word' id='word_1_361' title='bbox 3072 1599 3191 1665; x_wconf 91' lang='lat' dir='ltr'><strong>quis</strong></span> <span class='ocrx_word' id='word_1_362' title='bbox 3224 1601 3412 1668; x_wconf 89' lang='lat' dir='ltr'><strong>pellem</strong></span> 
     </span>
    </p>
   </div>
   <div class='ocr_carea' id='block_1_55' title="bbox 1849 1680 3416 1753">
    <p class='ocr_par' dir='ltr' id='par_1_55' title="bbox 1849 1680 3416 1753">
     <span class='ocr_line' id='line_1_55' title="bbox 1849 1680 3416 1753; baseline 0.008 -21"><span class='ocrx_word' id='word_1_363' title='bbox 1849 1680 2131 1733; x_wconf 88' lang='lat' dir='ltr'><strong>subtilibus</strong></span> <span class='ocrx_word' id='word_1_364' title='bbox 2177 1681 2394 1734; x_wconf 87' lang='lat' dir='ltr'><strong>calamis</strong></span> <span class='ocrx_word' id='word_1_365' title='bbox 2454 1683 2784 1738; x_wconf 51' lang='lat' dir='ltr'><strong>tetendisset.</strong></span> <span class='ocrx_word' id='word_1_366' title='bbox 2842 1685 3086 1740; x_wconf 86' lang='lat' dir='ltr'><strong>Pannoso</strong></span> <span class='ocrx_word' id='word_1_367' title='bbox 3139 1703 3297 1753; x_wconf 87' lang='lat' dir='ltr'><strong>porro</strong></span> <span class='ocrx_word' id='word_1_368' title='bbox 3353 1706 3416 1744; x_wconf 90' lang='lat' dir='ltr'><strong>ac</strong></span> 
     </span>
    </p>
   </div>
   <div class='ocr_carea' id='block_1_56' title="bbox 1853 1773 3414 1849">
    <p class='ocr_par' dir='ltr' id='par_1_56' title="bbox 1853 1773 3414 1849">
     <span class='ocr_line' id='line_1_56' title="bbox 1853 1773 3414 1849; baseline 0.006 -25"><span class='ocrx_word' id='word_1_369' title='bbox 1853 1788 2101 1838; x_wconf 73' lang='lat' dir='ltr'><strong>perquam</strong></span> <span class='ocrx_word' id='word_1_370' title='bbox 2129 1787 2316 1839; x_wconf 84' lang='lat' dir='ltr'><strong>aspero</strong></span> <span class='ocrx_word' id='word_1_371' title='bbox 2348 1773 2522 1827; x_wconf 85' lang='lat' dir='ltr'><strong>cilicio</strong></span> <span class='ocrx_word' id='word_1_372' title='bbox 2549 1791 2579 1829; x_wconf 91' lang='lat' dir='ltr'><strong>e</strong></span> <span class='ocrx_word' id='word_1_373' title='bbox 2608 1776 2797 1830; x_wconf 85' lang='lat' dir='ltr'><strong>lumbis</strong></span> <span class='ocrx_word' id='word_1_374' title='bbox 2819 1792 2984 1847; x_wconf 90' lang='lat' dir='ltr'><strong>usque</strong></span> <span class='ocrx_word' id='word_1_375' title='bbox 3006 1780 3069 1832; x_wconf 90' lang='lat' dir='ltr'><strong>ad</strong></span> <span class='ocrx_word' id='word_1_376' title='bbox 3096 1797 3262 1849; x_wconf 88' lang='lat' dir='ltr'><strong>genua</strong></span> <span class='ocrx_word' id='word_1_377' title='bbox 3303 1785 3414 1836; x_wconf 91' lang='lat' dir='ltr'><strong>cin-</strong></span> 
     </span>
    </p>
   </div>
   <div class='ocr_carea' id='block_1_57' title="bbox 1783 1846 3130 1936">
    <p class='ocr_par' dir='ltr' id='par_1_57' title="bbox 1783 1846 3130 1936">
     <span class='ocr_line' id='line_1_57' title="bbox 1783 1846 3130 1936; baseline 0.009 -24"><span class='ocrx_word' id='word_1_378' title='bbox 1783 1846 1824 1900; x_wconf 77' lang='grc' dir='ltr'>Β</span> <span class='ocrx_word' id='word_1_379' title='bbox 1850 1862 2093 1930; x_wconf 87' lang='lat' dir='ltr'><strong>gebatur,</strong></span> <span class='ocrx_word' id='word_1_380' title='bbox 2127 1862 2367 1931; x_wconf 83' lang='lat' dir='ltr'><strong>idemque</strong></span> <span class='ocrx_word' id='word_1_381' title='bbox 2397 1863 2611 1931; x_wconf 77' lang='lat' dir='ltr'><strong>pallium</strong></span> <span class='ocrx_word' id='word_1_382' title='bbox 2643 1865 2876 1921; x_wconf 83' lang='lat' dir='ltr'><strong>humeris</strong></span> <span class='ocrx_word' id='word_1_383' title='bbox 2897 1846 3130 1936; x_wconf 78' lang='lat' dir='ltr'><strong>gerebat.</strong></span> 
     </span>
    </p>
   </div>
   <div class='ocr_carea' id='block_1_58' title="bbox 1928 2042 3423 2116">
    <p class='ocr_par' dir='ltr' id='par_1_58' title="bbox 1928 2042 3423 2116">
     <span class='ocr_line' id='line_1_58' title="bbox 1928 2042 3423 2116; baseline 0.003 -19"><span class='ocrx_word' id='word_1_384' title='bbox 1928 2043 2238 2097; x_wconf 81' lang='lat' dir='ltr'><strong>Admiratus</strong></span> <span class='ocrx_word' id='word_1_385' title='bbox 2294 2042 2467 2110; x_wconf 87' lang='lat' dir='ltr'><strong>itaque</strong></span> <span class='ocrx_word' id='word_1_386' title='bbox 2500 2042 2756 2112; x_wconf 75' lang='lat' dir='ltr'><strong>Jnsapltat</strong></span> <span class='ocrx_word' id='word_1_387' title='bbox 2788 2045 3088 2116; x_wconf 81' lang='lat' dir='ltr'><strong>ltttjusrnodi</strong></span> <span class='ocrx_word' id='word_1_388' title='bbox 3123 2050 3240 2102; x_wconf 72' lang='lat' dir='ltr'><strong>vitae</strong></span> <span class='ocrx_word' id='word_1_389' title='bbox 3282 2051 3423 2102; x_wconf 85' lang='lat' dir='ltr'><strong>duri—</strong></span> 
     </span>
    </p>
   </div>
   <div class='ocr_carea' id='block_1_59' title="bbox 1863 2131 3420 2206">
    <p class='ocr_par' dir='ltr' id='par_1_59' title="bbox 1863 2131 3420 2206">
     <span class='ocr_line' id='line_1_59' title="bbox 1863 2131 3420 2206; baseline 0.005 -22"><span class='ocrx_word' id='word_1_390' title='bbox 1863 2135 1987 2185; x_wconf 81' lang='lat' dir='ltr'><strong>tiam</strong></span> <span class='ocrx_word' id='word_1_391' title='bbox 2011 2141 2062 2185; x_wconf 91' lang='lat' dir='ltr'><strong>et</strong></span> <span class='ocrx_word' id='word_1_392' title='bbox 2094 2131 2454 2198; x_wconf 86' lang='lat' dir='ltr'><strong>asperitatem,</strong></span> <span class='ocrx_word' id='word_1_393' title='bbox 2485 2142 2642 2200; x_wconf 89' lang='lat' dir='ltr'><strong>atque</strong></span> <span class='ocrx_word' id='word_1_394' title='bbox 2671 2148 2732 2186; x_wconf 83' lang='lat' dir='ltr'><strong>ex</strong></span> <span class='ocrx_word' id='word_1_395' title='bbox 2765 2133 2962 2203; x_wconf 86' lang='lat' dir='ltr'><strong>ingenti</strong></span> <span class='ocrx_word' id='word_1_396' title='bbox 2989 2151 3050 2190; x_wconf 90' lang='lat' dir='ltr'><strong>ea</strong></span> <span class='ocrx_word' id='word_1_397' title='bbox 3077 2147 3130 2190; x_wconf 90' lang='lat' dir='ltr'><strong>et</strong></span> <span class='ocrx_word' id='word_1_398' title='bbox 3168 2139 3420 2206; x_wconf 78' lang='lat' dir='ltr'><strong>singulari</strong></span> 
     </span>
    </p>
   </div>
   <div class='ocr_carea' id='block_1_60' title="bbox 1863 2222 3424 2294">
    <p class='ocr_par' dir='ltr' id='par_1_60' title="bbox 1863 2222 3424 2294">
     <span class='ocr_line' id='line_1_60' title="bbox 1863 2222 3424 2294; baseline 0.003 -18"><span class='ocrx_word' id='word_1_399' title='bbox 1863 2225 2137 2276; x_wconf 77' lang='lat' dir='ltr'><strong>tolerantia</strong></span> <span class='ocrx_word' id='word_1_400' title='bbox 2167 2233 2383 2289; x_wconf 83' lang='lat' dir='ltr'><strong>stupore</strong></span> <span class='ocrx_word' id='word_1_401' title='bbox 2410 2222 2629 2276; x_wconf 78' lang='lat' dir='ltr'><strong>affectus</strong></span> <span class='ocrx_word' id='word_1_402' title='bbox 2665 2224 2955 2292; x_wconf 87' lang='lat' dir='ltr'><strong>ingemuit,</strong></span> <span class='ocrx_word' id='word_1_403' title='bbox 2987 2231 3318 2294; x_wconf 73' lang='lat' dir='ltr'><strong>prolusisque</strong></span> <span class='ocrx_word' id='word_1_404' title='bbox 3349 2229 3424 2280; x_wconf 88' lang='lat' dir='ltr'><strong>la-</strong></span> 
     </span>
    </p>
   </div>
   <div class='ocr_carea' id='block_1_61' title="bbox 1863 2312 3420 2383">
    <p class='ocr_par' dir='ltr' id='par_1_61' title="bbox 1863 2312 3420 2383">
     <span class='ocr_line' id='line_1_61' title="bbox 1863 2312 3420 2383; baseline 0.004 -18"><span class='ocrx_word' id='word_1_405' title='bbox 1863 2313 2058 2383; x_wconf 85' lang='lat' dir='ltr'><strong>Crytnis</strong></span> <span class='ocrx_word' id='word_1_406' title='bbox 2080 2313 2143 2364; x_wconf 85' lang='lat' dir='ltr'><strong>ad</strong></span> <span class='ocrx_word' id='word_1_407' title='bbox 2176 2327 2354 2365; x_wconf 87' lang='lat' dir='ltr'><strong>senem</strong></span> <span class='ocrx_word' id='word_1_408' title='bbox 2383 2313 2489 2363; x_wconf 88' lang='lat' dir='ltr'><strong>ait:</strong></span> <span class='ocrx_word' id='word_1_409' title='bbox 2527 2312 2783 2378; x_wconf 83' lang='lat' dir='ltr'><strong>Quoniam</strong></span> <span class='ocrx_word' id='word_1_410' title='bbox 2831 2328 2893 2366; x_wconf 85' lang='lat' dir='ltr'><strong>ea</strong></span> <span class='ocrx_word' id='word_1_411' title='bbox 2927 2314 3020 2368; x_wconf 85' lang='lat' dir='ltr'><strong>tibi</strong></span> <span class='ocrx_word' id='word_1_412' title='bbox 3052 2316 3151 2368; x_wconf 78' lang='lat' dir='ltr'><strong>huc.</strong></span> <span class='ocrx_word' id='word_1_413' title='bbox 3179 2318 3420 2371; x_wconf 76' lang='lat' dir='ltr'><strong>Veniendi</strong></span> 
     </span>
    </p>
   </div>
   <div class='ocr_carea' id='block_1_62' title="bbox 1865 2403 3423 2466">
    <p class='ocr_par' dir='ltr' id='par_1_62' title="bbox 1865 2403 3423 2466">
     <span class='ocr_line' id='line_1_62' title="bbox 1865 2403 3423 2466; baseline 0.004 -11"><span class='ocrx_word' id='word_1_414' title='bbox 1865 2417 2022 2456; x_wconf 87' lang='lat' dir='ltr'><strong>causa</strong></span> <span class='ocrx_word' id='word_1_415' title='bbox 2053 2404 2166 2466; x_wconf 86' lang='lat' dir='ltr'><strong>luit,</strong></span> <span class='ocrx_word' id='word_1_416' title='bbox 2213 2412 2267 2452; x_wconf 92' lang='lat' dir='ltr'><strong>ut</strong></span> <span class='ocrx_word' id='word_1_417' title='bbox 2296 2417 2378 2454; x_wconf 81' lang='lat' dir='ltr'><strong>nte</strong></span> <span class='ocrx_word' id='word_1_418' title='bbox 2408 2417 2468 2453; x_wconf 78' lang='lat' dir='ltr'><strong>ex</strong></span> <span class='ocrx_word' id='word_1_419' title='bbox 2499 2403 2686 2454; x_wconf 88' lang='lat' dir='ltr'><strong>acerba</strong></span> <span class='ocrx_word' id='word_1_420' title='bbox 2718 2403 2912 2457; x_wconf 83' lang='lat' dir='ltr'><strong>diaboli</strong></span> <span class='ocrx_word' id='word_1_421' title='bbox 2938 2410 3194 2462; x_wconf 88' lang='lat' dir='ltr'><strong>servitute</strong></span> <span class='ocrx_word' id='word_1_422' title='bbox 3247 2419 3423 2462; x_wconf 78' lang='lat' dir='ltr'><strong>extra-</strong></span> 
     </span>
    </p>
   </div>
   <div class='ocr_carea' id='block_1_63' title="bbox 1867 2488 3422 2566">
    <p class='ocr_par' dir='ltr' id='par_1_63' title="bbox 1867 2488 3422 2566">
     <span class='ocr_line' id='line_1_63' title="bbox 1867 2488 3422 2566; baseline -0.001 -22"><span class='ocrx_word' id='word_1_423' title='bbox 1867 2488 2332 2556; x_wconf 81' lang='lat' dir='ltr'><strong>lteres,benelicio</strong></span> <span class='ocrx_word' id='word_1_424' title='bbox 2416 2500 2508 2544; x_wconf 90' lang='lat' dir='ltr'><strong>tuo</strong></span> <span class='ocrx_word' id='word_1_425' title='bbox 2580 2499 2875 2544; x_wconf 82' lang='lat' dir='ltr'><strong>extremam</strong></span> <span class='ocrx_word' id='word_1_426' title='bbox 2950 2507 3168 2546; x_wconf 89' lang='lat' dir='ltr'><strong>manum</strong></span> <span class='ocrx_word' id='word_1_427' title='bbox 3249 2499 3422 2566; x_wconf 83' lang='lat' dir='ltr'><strong>itnpo.</strong></span> 
     </span>
    </p>
   </div>
   <div class='ocr_carea' id='block_1_64' title="bbox 1869 2591 3416 2659">
    <p class='ocr_par' dir='ltr' id='par_1_64' title="bbox 1869 2591 3416 2659">
     <span class='ocr_line' id='line_1_64' title="bbox 1869 2591 3416 2659; baseline 0.005 -22"><span class='ocrx_word' id='word_1_428' title='bbox 1869 2599 1960 2650; x_wconf 83' lang='lat' dir='ltr'><strong>ne,</strong></span> <span class='ocrx_word' id='word_1_429' title='bbox 1991 2593 2146 2650; x_wconf 86' lang='lat' dir='ltr'><strong>atque</strong></span> <span class='ocrx_word' id='word_1_430' title='bbox 2175 2602 2401 2640; x_wconf 85' lang='lat' dir='ltr'><strong>annuam</strong></span> <span class='ocrx_word' id='word_1_431' title='bbox 2447 2604 2616 2642; x_wconf 85' lang='lat' dir='ltr'><strong>meam</strong></span> <span class='ocrx_word' id='word_1_432' title='bbox 2655 2591 2721 2643; x_wconf 90' lang='lat' dir='ltr'><strong>de</strong></span> <span class='ocrx_word' id='word_1_433' title='bbox 2766 2592 3005 2645; x_wconf 81' lang='lat' dir='ltr'><strong>custodia</strong></span> <span class='ocrx_word' id='word_1_434' title='bbox 3058 2593 3193 2646; x_wconf 91' lang='lat' dir='ltr'><strong>educ</strong></span> <span class='ocrx_word' id='word_1_435' title='bbox 3247 2593 3416 2659; x_wconf 71' lang='lat' dir='ltr'><strong>(Puri.</strong></span> 
     </span>
    </p>
   </div>
   <div class='ocr_carea' id='block_1_65' title="bbox 1867 2677 3425 2748">
    <p class='ocr_par' dir='ltr' id='par_1_65' title="bbox 1867 2677 3425 2748">
     <span class='ocr_line' id='line_1_65' title="bbox 1867 2677 3425 2748; baseline 0.003 -18"><span class='ocrx_word' id='word_1_436' title='bbox 1867 2677 2030 2742; x_wconf 76' lang='lat' dir='ltr'><strong>cut),</strong></span> <span class='ocrx_word' id='word_1_437' title='bbox 2063 2692 2122 2728; x_wconf 88' lang='lat' dir='ltr'><strong>ac</strong></span> <span class='ocrx_word' id='word_1_438' title='bbox 2147 2693 2231 2728; x_wconf 88' lang='lat' dir='ltr'><strong>nte</strong></span> <span class='ocrx_word' id='word_1_439' title='bbox 2261 2678 2462 2732; x_wconf 89' lang='lat' dir='ltr'><strong>itineris</strong></span> <span class='ocrx_word' id='word_1_440' title='bbox 2487 2681 2559 2732; x_wconf 84' lang='lat' dir='ltr'><strong>tui</strong></span> <span class='ocrx_word' id='word_1_441' title='bbox 2586 2681 2785 2733; x_wconf 86' lang='lat' dir='ltr'><strong>socium</strong></span> <span class='ocrx_word' id='word_1_442' title='bbox 2802 2681 3014 2748; x_wconf 79' lang='lat' dir='ltr'><strong>adhibe,</strong></span> <span class='ocrx_word' id='word_1_443' title='bbox 3046 2691 3098 2734; x_wconf 91' lang='lat' dir='ltr'><strong>ut</strong></span> <span class='ocrx_word' id='word_1_444' title='bbox 3125 2683 3300 2734; x_wconf 78' lang='lat' dir='ltr'><strong>mundi</strong></span> <span class='ocrx_word' id='word_1_445' title='bbox 3327 2683 3425 2734; x_wconf 91' lang='lat' dir='ltr'><strong>im-</strong></span> 
     </span>
    </p>
   </div>
   <div class='ocr_carea' id='block_1_66' title="bbox 1871 2768 3425 2839">
    <p class='ocr_par' dir='ltr' id='par_1_66' title="bbox 1871 2768 3425 2839">
     <span class='ocr_line' id='line_1_66' title="bbox 1871 2768 3425 2839; baseline 0.006 -23"><span class='ocrx_word' id='word_1_446' title='bbox 1871 2775 2082 2828; x_wconf 82' lang='lat' dir='ltr'><strong>postura</strong></span> <span class='ocrx_word' id='word_1_447' title='bbox 2145 2780 2360 2831; x_wconf 86' lang='lat' dir='ltr'><strong>prorsus</strong></span> <span class='ocrx_word' id='word_1_448' title='bbox 2409 2768 2680 2829; x_wconf 84' lang='lat' dir='ltr'><strong>liberatus,</strong></span> <span class='ocrx_word' id='word_1_449' title='bbox 2734 2781 2843 2822; x_wconf 91' lang='lat' dir='ltr'><strong>tum</strong></span> <span class='ocrx_word' id='word_1_450' title='bbox 2899 2771 3128 2839; x_wconf 87' lang='lat' dir='ltr'><strong>denique</strong></span> <span class='ocrx_word' id='word_1_451' title='bbox 3179 2773 3425 2825; x_wconf 81' lang='lat' dir='ltr'><strong>salutaris</strong></span> 
     </span>
    </p>
   </div>
   <div class='ocr_carea' id='block_1_67' title="bbox 1869 2853 3426 2924">
    <p class='ocr_par' dir='ltr' id='par_1_67' title="bbox 1869 2853 3426 2924">
     <span class='ocr_line' id='line_1_67' title="bbox 1869 2853 3426 2924; baseline 0.006 -20"><span class='ocrx_word' id='word_1_452' title='bbox 1869 2853 2113 2920; x_wconf 58' lang='lat' dir='ltr'><strong>baptismi</strong></span> <span class='ocrx_word' id='word_1_453' title='bbox 2143 2867 2168 2905; x_wconf 87' lang='lat' dir='ltr'><strong>s</strong></span> <span class='ocrx_word' id='word_1_454' title='bbox 2192 2855 2372 2920; x_wconf 89' lang='lat' dir='ltr'><strong>gillum</strong></span> <span class='ocrx_word' id='word_1_455' title='bbox 2403 2856 2682 2922; x_wconf 83' lang='lat' dir='ltr'><strong>accipiam,</strong></span> <span class='ocrx_word' id='word_1_456' title='bbox 2732 2859 3038 2924; x_wconf 84' lang='lat' dir='ltr'><strong>sociumque</strong></span> <span class='ocrx_word' id='word_1_457' title='bbox 3075 2876 3158 2912; x_wconf 91' lang='lat' dir='ltr'><strong>me</strong></span> <span class='ocrx_word' id='word_1_458' title='bbox 3199 2862 3286 2912; x_wconf 85' lang='lat' dir='ltr'><strong>tibi</strong></span> <span class='ocrx_word' id='word_1_459' title='bbox 3331 2861 3426 2913; x_wconf 85' lang='lat' dir='ltr'><strong>ad-</strong></span> 
     </span>
    </p>
   </div>
   <div class='ocr_carea' id='block_1_68' title="bbox 1868 2940 3424 3013">
    <p class='ocr_par' dir='ltr' id='par_1_68' title="bbox 1868 2940 3424 3013">
     <span class='ocr_line' id='line_1_68' title="bbox 1868 2940 3424 3013; baseline 0.006 -21"><span class='ocrx_word' id='word_1_460' title='bbox 1868 2940 2124 2992; x_wconf 74' lang='lat' dir='ltr'><strong>tuirandze</strong></span> <span class='ocrx_word' id='word_1_461' title='bbox 2171 2941 2320 3008; x_wconf 83' lang='lat' dir='ltr'><strong>hujus</strong></span> <span class='ocrx_word' id='word_1_462' title='bbox 2353 2943 2696 3011; x_wconf 64' lang='lat' dir='ltr'><strong>philosophias</strong></span> <span class='ocrx_word' id='word_1_463' title='bbox 2743 2957 2900 3013; x_wconf 88' lang='lat' dir='ltr'><strong>atque</strong></span> <span class='ocrx_word' id='word_1_464' title='bbox 2928 2952 3134 3002; x_wconf 70' lang='lat' dir='ltr'><strong>exnnize</strong></span> <span class='ocrx_word' id='word_1_465' title='bbox 3162 2960 3424 3003; x_wconf 47' lang='lat' dir='ltr'><strong>exi-rcita-</strong></span> 
     </span>
    </p>
   </div>
   <div class='ocr_carea' id='block_1_69' title="bbox 1871 3029 2341 3094">
    <p class='ocr_par' dir='ltr' id='par_1_69' title="bbox 1871 3029 2341 3094">
     <span class='ocr_line' id='line_1_69' title="bbox 1871 3029 2341 3094; baseline 0.002 -13"><span class='ocrx_word' id='word_1_466' title='bbox 1871 3029 2025 3081; x_wconf 87' lang='lat' dir='ltr'><strong>tionis</strong></span> <span class='ocrx_word' id='word_1_467' title='bbox 2059 3029 2341 3094; x_wconf 57' lang='lat' dir='ltr'><strong>prabeam.</strong></span> 
     </span>
    </p>
   </div>
   <div class='ocr_carea' id='block_1_70' title="bbox 1943 3160 3428 3230">
    <p class='ocr_par' dir='ltr' id='par_1_70' title="bbox 1943 3160 3428 3230">
     <span class='ocr_line' id='line_1_70' title="bbox 1943 3160 3428 3230; baseline -0.007 -7"><span class='ocrx_word' id='word_1_468' title='bbox 1943 3170 2074 3223; x_wconf 80' lang='lat' dir='ltr'><strong>Dixit</strong></span> <span class='ocrx_word' id='word_1_469' title='bbox 2107 3177 2280 3220; x_wconf 88' lang='lat' dir='ltr'><strong>autem</strong></span> <span class='ocrx_word' id='word_1_470' title='bbox 2311 3167 2376 3220; x_wconf 87' lang='lat' dir='ltr'><strong>ad</strong></span> <span class='ocrx_word' id='word_1_471' title='bbox 2406 3181 2524 3219; x_wconf 91' lang='lat' dir='ltr'><strong>eum</strong></span> <span class='ocrx_word' id='word_1_472' title='bbox 2549 3164 2786 3216; x_wconf 85' lang='lat' dir='ltr'><strong>Barlaam</strong></span> <span class='ocrx_word' id='word_1_473' title='bbox 2816 3178 2832 3218; x_wconf 91' lang='lat'><strong>:</strong></span> <span class='ocrx_word' id='word_1_474' title='bbox 2893 3163 3110 3230; x_wconf 71' lang='lat' dir='ltr'><strong>Capreae</strong></span> <span class='ocrx_word' id='word_1_475' title='bbox 3154 3160 3428 3214; x_wconf 90' lang='lat' dir='ltr'><strong>binnulum</strong></span> 
     </span>
    </p>
   </div>
   <div class='ocr_carea' id='block_1_71' title="bbox 1870 3253 3432 3328">
    <p class='ocr_par' dir='ltr' id='par_1_71' title="bbox 1870 3253 3432 3328">
     <span class='ocr_line' id='line_1_71' title="bbox 1870 3253 3432 3328; baseline -0.004 -16"><span class='ocrx_word' id='word_1_476' title='bbox 1870 3260 2016 3312; x_wconf 80' lang='lat' dir='ltr'><strong>dives</strong></span> <span class='ocrx_word' id='word_1_477' title='bbox 2044 3257 2298 3328; x_wconf 84' lang='lat' dir='ltr'><strong>quispiam</strong></span> <span class='ocrx_word' id='word_1_478' title='bbox 2339 3255 2464 3310; x_wconf 91' lang='lat' dir='ltr'><strong>olim</strong></span> <span class='ocrx_word' id='word_1_479' title='bbox 2489 3256 2661 3308; x_wconf 81' lang='lat' dir='ltr'><strong>alebat</strong></span> <span class='ocrx_word' id='word_1_480' title='bbox 2691 3272 2704 3307; x_wconf 87' lang='lat'><strong>:</strong></span> <span class='ocrx_word' id='word_1_481' title='bbox 2753 3269 2871 3307; x_wconf 93' lang='lat' dir='ltr'><strong>cum</strong></span> <span class='ocrx_word' id='word_1_482' title='bbox 2897 3262 3070 3306; x_wconf 88' lang='lat' dir='ltr'><strong>autem</strong></span> <span class='ocrx_word' id='word_1_483' title='bbox 3099 3253 3211 3321; x_wconf 90' lang='lat' dir='ltr'><strong>ipse</strong></span> <span class='ocrx_word' id='word_1_484' title='bbox 3233 3254 3432 3307; x_wconf 84' lang='lat' dir='ltr'><strong>crevis-</strong></span> 
     </span>
    </p>
   </div>
   <div class='ocr_carea' id='block_1_72' title="bbox 1869 3345 3430 3412">
    <p class='ocr_par' dir='ltr' id='par_1_72' title="bbox 1869 3345 3430 3412">
     <span class='ocr_line' id='line_1_72' title="bbox 1869 3345 3430 3412; baseline -0.001 -12"><span class='ocrx_word' id='word_1_485' title='bbox 1869 3360 1970 3412; x_wconf 63' lang='grc' dir='ltr'>ενι,</span> <span class='ocrx_word' id='word_1_486' title='bbox 1997 3347 2217 3401; x_wconf 84' lang='lat' dir='ltr'><strong>naturali</strong></span> <span class='ocrx_word' id='word_1_487' title='bbox 2247 3345 2434 3398; x_wconf 64' lang='lat' dir='ltr'><strong>allecto</strong></span> <span class='ocrx_word' id='word_1_488' title='bbox 2461 3355 2754 3412; x_wconf 70' lang='lat' dir='ltr'><strong>pertractus</strong></span> <span class='ocrx_word' id='word_1_489' title='bbox 2785 3345 3098 3397; x_wconf 86' lang='lat' dir='ltr'><strong>solitudines</strong></span> <span class='ocrx_word' id='word_1_490' title='bbox 3128 3353 3298 3408; x_wconf 82' lang='lat' dir='ltr'><strong>expct-</strong></span> <span class='ocrx_word' id='word_1_491' title='bbox 3319 3345 3354 3398; x_wconf 88' lang='lat' dir='ltr'><strong>b</strong></span> <span class='ocrx_word' id='word_1_492' title='bbox 3390 3355 3430 3399; x_wconf 91' lang='lat' dir='ltr'><strong>t.</strong></span> 
     </span>
    </p>
   </div>
   <div class='ocr_carea' id='block_1_73' title="bbox 1873 3435 3435 3505">
    <p class='ocr_par' dir='ltr' id='par_1_73' title="bbox 1873 3435 3435 3505">
     <span class='ocr_line' id='line_1_73' title="bbox 1873 3435 3435 3505; baseline -0.006 -13"><span class='ocrx_word' id='word_1_493' title='bbox 1873 3439 2126 3505; x_wconf 77' lang='lat' dir='ltr'><strong>Egressus</strong></span> <span class='ocrx_word' id='word_1_494' title='bbox 2152 3436 2304 3503; x_wconf 83' lang='lat' dir='ltr'><strong>igitur</strong></span> <span class='ocrx_word' id='word_1_495' title='bbox 2351 3438 2574 3502; x_wconf 84' lang='lat' dir='ltr'><strong>quodam</strong></span> <span class='ocrx_word' id='word_1_496' title='bbox 2608 3435 2714 3498; x_wconf 65' lang='lat' dir='ltr'><strong>die,</strong></span> <span class='ocrx_word' id='word_1_497' title='bbox 2763 3448 3076 3500; x_wconf 81' lang='lat' dir='ltr'><strong>caprearum</strong></span> <span class='ocrx_word' id='word_1_498' title='bbox 3109 3449 3318 3501; x_wconf 77' lang='lat' dir='ltr'><strong>gregem</strong></span> <span class='ocrx_word' id='word_1_499' title='bbox 3345 3449 3435 3496; x_wconf 83' lang='lat' dir='ltr'><strong>pa-</strong></span> 
     </span>
    </p>
   </div>
   <div class='ocr_carea' id='block_1_74' title="bbox 1872 3523 3435 3594">
    <p class='ocr_par' dir='ltr' id='par_1_74' title="bbox 1872 3523 3435 3594">
     <span class='ocr_line' id='line_1_74' title="bbox 1872 3523 3435 3594; baseline -0.006 -13"><span class='ocrx_word' id='word_1_500' title='bbox 1872 3530 1973 3581; x_wconf 91' lang='lat' dir='ltr'><strong>stui</strong></span> <span class='ocrx_word' id='word_1_501' title='bbox 2002 3542 2215 3594; x_wconf 83' lang='lat' dir='ltr'><strong>operam</strong></span> <span class='ocrx_word' id='word_1_502' title='bbox 2247 3527 2458 3577; x_wconf 83' lang='lat' dir='ltr'><strong>dantem</strong></span> <span class='ocrx_word' id='word_1_503' title='bbox 2486 3525 2704 3586; x_wconf 69' lang='lat' dir='ltr'><strong>int-cuit,</strong></span> <span class='ocrx_word' id='word_1_504' title='bbox 2757 3531 2916 3591; x_wconf 88' lang='lat' dir='ltr'><strong>atque</strong></span> <span class='ocrx_word' id='word_1_505' title='bbox 2969 3523 3033 3577; x_wconf 88' lang='lat' dir='ltr'><strong>ad</strong></span> <span class='ocrx_word' id='word_1_506' title='bbox 3065 3539 3155 3576; x_wconf 88' lang='lat' dir='ltr'><strong>eas</strong></span> <span class='ocrx_word' id='word_1_507' title='bbox 3200 3537 3319 3578; x_wconf 88' lang='lat' dir='ltr'><strong>sese</strong></span> <span class='ocrx_word' id='word_1_508' title='bbox 3342 3523 3435 3576; x_wconf 84' lang='lat' dir='ltr'><strong>atl-</strong></span> 
     </span>
    </p>
   </div>
   <div class='ocr_carea' id='block_1_75' title="bbox 1869 3613 3435 3686">
    <p class='ocr_par' dir='ltr' id='par_1_75' title="bbox 1869 3613 3435 3686">
     <span class='ocr_line' id='line_1_75' title="bbox 1869 3613 3435 3686; baseline -0.006 -15"><span class='ocrx_word' id='word_1_509' title='bbox 1869 3621 2112 3686; x_wconf 81' lang='lat' dir='ltr'><strong>juugcns,</strong></span> <span class='ocrx_word' id='word_1_510' title='bbox 2167 3631 2260 3683; x_wconf 88' lang='lat' dir='ltr'><strong>per</strong></span> <span class='ocrx_word' id='word_1_511' title='bbox 2313 3629 2468 3678; x_wconf 81' lang='lat' dir='ltr'><strong>agros</strong></span> <span class='ocrx_word' id='word_1_512' title='bbox 2521 3625 2571 3666; x_wconf 87' lang='lat' dir='ltr'><strong>et</strong></span> <span class='ocrx_word' id='word_1_513' title='bbox 2607 3628 2822 3680; x_wconf 81' lang='lat' dir='ltr'><strong>campos</strong></span> <span class='ocrx_word' id='word_1_514' title='bbox 2870 3613 3169 3677; x_wconf 85' lang='lat' dir='ltr'><strong>oberrabat,</strong></span> <span class='ocrx_word' id='word_1_515' title='bbox 3205 3629 3266 3666; x_wconf 88' lang='lat' dir='ltr'><strong>ac</strong></span> <span class='ocrx_word' id='word_1_516' title='bbox 3312 3629 3435 3665; x_wconf 86' lang='lat' dir='ltr'><strong>seru</strong></span> 
     </span>
    </p>
   </div>
   <div class='ocr_carea' id='block_1_76' title="bbox 1871 3701 3437 3776">
    <p class='ocr_par' dir='ltr' id='par_1_76' title="bbox 1871 3701 3437 3776">
     <span class='ocr_line' id='line_1_76' title="bbox 1871 3701 3437 3776; baseline -0.004 -15"><span class='ocrx_word' id='word_1_517' title='bbox 1871 3711 2083 3776; x_wconf 79' lang='lat' dir='ltr'><strong>quidem</strong></span> <span class='ocrx_word' id='word_1_518' title='bbox 2115 3707 2333 3759; x_wconf 88' lang='lat' dir='ltr'><strong>domum</strong></span> <span class='ocrx_word' id='word_1_519' title='bbox 2376 3719 2434 3757; x_wconf 77' lang='lat' dir='ltr'><strong>se</strong></span> <span class='ocrx_word' id='word_1_520' title='bbox 2483 3705 2748 3757; x_wconf 82' lang='lat' dir='ltr'><strong>referebat</strong></span> <span class='ocrx_word' id='word_1_521' title='bbox 2776 3722 2788 3767; x_wconf 91' lang='lat'><strong>;</strong></span> <span class='ocrx_word' id='word_1_522' title='bbox 2823 3719 2978 3757; x_wconf 86' lang='lat' dir='ltr'><strong>mane</strong></span> <span class='ocrx_word' id='word_1_523' title='bbox 3009 3715 3180 3756; x_wconf 85' lang='lat' dir='ltr'><strong>autem</strong></span> <span class='ocrx_word' id='word_1_524' title='bbox 3211 3701 3437 3755; x_wconf 81' lang='lat' dir='ltr'><strong>fatitulo-</strong></span> 
     </span>
    </p>
   </div>
   <div class='ocr_carea' id='block_1_77' title="bbox 1873 3796 3434 3866">
    <p class='ocr_par' dir='ltr' id='par_1_77' title="bbox 1873 3796 3434 3866">
     <span class='ocr_line' id='line_1_77' title="bbox 1873 3796 3434 3866; baseline -0.006 -13"><span class='ocrx_word' id='word_1_525' title='bbox 1873 3815 1989 3853; x_wconf 90' lang='lat' dir='ltr'><strong>rum</strong></span> <span class='ocrx_word' id='word_1_526' title='bbox 2020 3798 2330 3866; x_wconf 72' lang='lat' dir='ltr'><strong>negligentia</strong></span> <span class='ocrx_word' id='word_1_527' title='bbox 2365 3796 2505 3849; x_wconf 76' lang='lat' dir='ltr'><strong>iuras</strong></span> <span class='ocrx_word' id='word_1_528' title='bbox 2536 3797 2929 3863; x_wconf 83' lang='lat' dir='ltr'><strong>egrediebatur,</strong></span> <span class='ocrx_word' id='word_1_529' title='bbox 2981 3806 3138 3858; x_wconf 87' lang='lat' dir='ltr'><strong>atque</strong></span> <span class='ocrx_word' id='word_1_530' title='bbox 3192 3810 3310 3848; x_wconf 84' lang='lat' dir='ltr'><strong>cum</strong></span> <span class='ocrx_word' id='word_1_531' title='bbox 3341 3796 3434 3845; x_wconf 79' lang='lat' dir='ltr'><strong>sil.</strong></span> 
     </span>
    </p>
   </div>
   <div class='ocr_carea' id='block_1_78' title="bbox 1871 3887 3435 3955">
    <p class='ocr_par' dir='ltr' id='par_1_78' title="bbox 1871 3887 3435 3955">
     <span class='ocr_line' id='line_1_78' title="bbox 1871 3887 3435 3955; baseline -0.003 -13"><span class='ocrx_word' id='word_1_532' title='bbox 1871 3889 2134 3943; x_wconf 74' lang='lat' dir='ltr'><strong>Vestribns</strong></span> <span class='ocrx_word' id='word_1_533' title='bbox 2161 3890 2333 3955; x_wconf 80' lang='lat' dir='ltr'><strong>capris</strong></span> <span class='ocrx_word' id='word_1_534' title='bbox 2358 3904 2412 3941; x_wconf 78' lang='lat' dir='ltr'><strong>se</strong></span> <span class='ocrx_word' id='word_1_535' title='bbox 2437 3889 2770 3955; x_wconf 72' lang='lat' dir='ltr'><strong>aggregabat.</strong></span> <span class='ocrx_word' id='word_1_536' title='bbox 2808 3887 2970 3940; x_wconf 83' lang='lat' dir='ltr'><strong>Porro</strong></span> <span class='ocrx_word' id='word_1_537' title='bbox 2999 3903 3116 3938; x_wconf 89' lang='lat' dir='ltr'><strong>cum</strong></span> <span class='ocrx_word' id='word_1_538' title='bbox 3146 3887 3246 3938; x_wconf 70' lang='lat' dir='ltr'><strong>illm</strong></span> <span class='ocrx_word' id='word_1_539' title='bbox 3273 3887 3435 3951; x_wconf 80' lang='lat' dir='ltr'><strong>pabu-</strong></span> 
     </span>
    </p>
   </div>
   <div class='ocr_carea' id='block_1_79' title="bbox 1872 3978 3434 4045">
    <p class='ocr_par' dir='ltr' id='par_1_79' title="bbox 1872 3978 3434 4045">
     <span class='ocr_line' id='line_1_79' title="bbox 1872 3978 3434 4045; baseline -0.003 -12"><span class='ocrx_word' id='word_1_540' title='bbox 1872 3981 2037 4034; x_wconf 89' lang='lat' dir='ltr'><strong>latum</strong></span> <span class='ocrx_word' id='word_1_541' title='bbox 2070 3980 2275 4045; x_wconf 84' lang='lat' dir='ltr'><strong>longius</strong></span> <span class='ocrx_word' id='word_1_542' title='bbox 2312 3979 2706 4045; x_wconf 79' lang='lat' dir='ltr'><strong>processissent,</strong></span> <span class='ocrx_word' id='word_1_543' title='bbox 2762 3979 2875 4042; x_wconf 87' lang='lat' dir='ltr'><strong>ipse</strong></span> <span class='ocrx_word' id='word_1_544' title='bbox 2905 3993 3115 4043; x_wconf 90' lang='lat' dir='ltr'><strong>quoque</strong></span> <span class='ocrx_word' id='word_1_545' title='bbox 3153 3992 3242 4029; x_wconf 83' lang='lat' dir='ltr'><strong>cas</strong></span> <span class='ocrx_word' id='word_1_546' title='bbox 3269 3978 3434 4029; x_wconf 82' lang='lat' dir='ltr'><strong>comi-</strong></span> 
     </span>
    </p>
   </div>
   <div class='ocr_carea' id='block_1_80' title="bbox 175 4066 1767 4138">
    <p class='ocr_par' dir='ltr' id='par_1_80' title="bbox 175 4066 1767 4138">
     <span class='ocr_line' id='line_1_80' title="bbox 175 4066 1767 4138; baseline 0.004 -19"><span class='ocrx_word' id='word_1_547' title='bbox 175 4067 350 4119; x_wconf 74' lang='grc' dir='ltr'>τοῦτο</span> <span class='ocrx_word' id='word_1_548' title='bbox 380 4067 713 4134; x_wconf 82' lang='grc' dir='ltr'>αἰσθόμενοι,</span> <span class='ocrx_word' id='word_1_549' title='bbox 756 4066 841 4133; x_wconf 68' lang='grc' dir='ltr'><strong>ἐφ’</strong></span> <span class='ocrx_word' id='word_1_550' title='bbox 874 4067 1056 4119; x_wconf 81' lang='grc' dir='ltr'>ἵππων</span> <span class='ocrx_word' id='word_1_551' title='bbox 1087 4069 1403 4133; x_wconf 71' lang='grc' dir='ltr'>ἀναϐάντες,</span> <span class='ocrx_word' id='word_1_552' title='bbox 1442 4071 1767 4138; x_wconf 81' lang='grc' dir='ltr'>κατεδίωξαν</span> 
     </span>
    </p>
   </div>
   <div class='ocr_carea' id='block_1_81' title="bbox 175 4159 1767 4233">
    <p class='ocr_par' dir='ltr' id='par_1_81' title="bbox 175 4159 1767 4233">
     <span class='ocr_line' id='line_1_81' title="bbox 175 4159 1767 4233; baseline 0.001 -21"><span class='ocrx_word' id='word_1_553' title='bbox 175 4159 366 4212; x_wconf 77' lang='grc' dir='ltr'>ὀπίσω</span> <span class='ocrx_word' id='word_1_554' title='bbox 394 4159 594 4221; x_wconf 80' lang='grc' dir='ltr'>αὐτῶν,</span> <span class='ocrx_word' id='word_1_555' title='bbox 633 4161 726 4210; x_wconf 75' lang='grc' dir='ltr'><strong>καὶ</strong></span> <span class='ocrx_word' id='word_1_556' title='bbox 754 4159 852 4226; x_wconf 77' lang='grc' dir='ltr'><strong>τὴν</strong></span> <span class='ocrx_word' id='word_1_557' title='bbox 889 4160 986 4228; x_wconf 88' lang='grc' dir='ltr'><strong>μέν</strong></span> <span class='ocrx_word' id='word_1_558' title='bbox 1019 4161 1158 4212; x_wconf 78' lang='grc' dir='ltr'>ἰδίαν</span> <span class='ocrx_word' id='word_1_559' title='bbox 1177 4162 1412 4229; x_wconf 83' lang='grc' dir='ltr'>δορκάδα</span> <span class='ocrx_word' id='word_1_560' title='bbox 1448 4163 1767 4233; x_wconf 80' lang='grc' dir='ltr'>ζωγρήσαν-</span> 
     </span>
    </p>
   </div>
   <div class='ocr_carea' id='block_1_82' title="bbox 174 4252 1770 4323">
    <p class='ocr_par' dir='ltr' id='par_1_82' title="bbox 174 4252 1770 4323">
     <span class='ocr_line' id='line_1_82' title="bbox 174 4252 1770 4323; baseline 0.003 -20"><span class='ocrx_word' id='word_1_561' title='bbox 174 4269 303 4313; x_wconf 80' lang='grc' dir='ltr'>τες,</span> <span class='ocrx_word' id='word_1_562' title='bbox 334 4252 428 4303; x_wconf 67' lang='grc' dir='ltr'><strong>καὶ</strong></span> <span class='ocrx_word' id='word_1_563' title='bbox 461 4252 971 4319; x_wconf 56' lang='grc' dir='ltr'>ἐπαναστρέιζαντες</span> <span class='ocrx_word' id='word_1_564' title='bbox 999 4254 1204 4315; x_wconf 80' lang='grc' dir='ltr'>οἴκαδε,</span> <span class='ocrx_word' id='word_1_565' title='bbox 1234 4255 1496 4323; x_wconf 81' lang='grc' dir='ltr'>ἁπρόῐτον</span> <span class='ocrx_word' id='word_1_566' title='bbox 1531 4256 1625 4306; x_wconf 77' lang='grc' dir='ltr'><strong>τοὺ</strong></span> <span class='ocrx_word' id='word_1_567' title='bbox 1661 4255 1770 4308; x_wconf 85' lang='grc' dir='ltr'>λοι-</span> 
     </span>
    </p>
   </div>
   <div class='ocr_carea' id='block_1_83' title="bbox 177 4330 1765 4414">
    <p class='ocr_par' dir='ltr' id='par_1_83' title="bbox 177 4330 1765 4414">
     <span class='ocr_line' id='line_1_83' title="bbox 177 4330 1765 4414; baseline 0.004 -23"><span class='ocrx_word' id='word_1_568' title='bbox 177 4340 296 4392; x_wconf 73' lang='grc' dir='ltr'>ποῦ</span> <span class='ocrx_word' id='word_1_569' title='bbox 329 4341 539 4392; x_wconf 80' lang='grc' dir='ltr'>ἕθεντο’</span> <span class='ocrx_word' id='word_1_570' title='bbox 569 4341 667 4407; x_wconf 83' lang='grc' dir='ltr'><strong>τῆς</strong></span> <span class='ocrx_word' id='word_1_571' title='bbox 721 4341 778 4392; x_wconf 86' lang='grc' dir='ltr'>δὲ</span> <span class='ocrx_word' id='word_1_572' title='bbox 801 4340 992 4410; x_wconf 85' lang='grc' dir='ltr'>λοιπῆς</span> <span class='ocrx_word' id='word_1_573' title='bbox 1023 4342 1225 4410; x_wconf 82' lang='grc' dir='ltr'>ἀγέλης</span> <span class='ocrx_word' id='word_1_574' title='bbox 1255 4330 1350 4405; x_wconf 74' lang='grc' dir='ltr'><strong>τὰς</strong></span> <span class='ocrx_word' id='word_1_575' title='bbox 1385 4346 1483 4414; x_wconf 85' lang='grc' dir='ltr'><strong>μὲν</strong></span> <span class='ocrx_word' id='word_1_576' title='bbox 1509 4345 1765 4398; x_wconf 86' lang='grc' dir='ltr'>ἀπέκτει-</span> 
     </span>
    </p>
   </div>
   <div class='ocr_carea' id='block_1_84' title="bbox 1844 4330 3433 4414">
    <p class='ocr_par' dir='ltr' id='par_1_84' title="bbox 1875 4340 3433 4410">
     <span class='ocr_line' id='line_1_84' title="bbox 1875 4340 3433 4410; baseline -0.001 -16"><span class='ocrx_word' id='word_1_577' title='bbox 1875 4341 2095 4410; x_wconf 84' lang='lat' dir='ltr'><strong>posthac</strong></span> <span class='ocrx_word' id='word_1_578' title='bbox 2119 4342 2189 4394; x_wconf 86' lang='lat' dir='ltr'><strong>ita</strong></span> <span class='ocrx_word' id='word_1_579' title='bbox 2219 4349 2518 4404; x_wconf 87' lang='lat' dir='ltr'><strong>tenuerunt,</strong></span> <span class='ocrx_word' id='word_1_580' title='bbox 2548 4351 2600 4393; x_wconf 90' lang='lat' dir='ltr'><strong>ut</strong></span> <span class='ocrx_word' id='word_1_581' title='bbox 2625 4340 2748 4393; x_wconf 83' lang='lat' dir='ltr'><strong>nulli</strong></span> <span class='ocrx_word' id='word_1_582' title='bbox 2777 4340 2841 4392; x_wconf 91' lang='lat' dir='ltr'><strong>ad</strong></span> <span class='ocrx_word' id='word_1_583' title='bbox 2862 4355 2976 4392; x_wconf 88' lang='lat' dir='ltr'><strong>eam</strong></span> <span class='ocrx_word' id='word_1_584' title='bbox 3002 4341 3172 4391; x_wconf 79' lang='lat' dir='ltr'><strong>aditus</strong></span> <span class='ocrx_word' id='word_1_585' title='bbox 3202 4348 3433 4406; x_wconf 85' lang='lat' dir='ltr'><strong>pateret;</strong></span> 
     </span>
    </p>
   </div>
   <div class='ocr_carea' id='block_1_85' title="bbox 177 4430 1765 4508">
    <p class='ocr_par' dir='ltr' id='par_1_85' title="bbox 177 4431 1765 4508">
     <span class='ocr_line' id='line_1_85' title="bbox 177 4431 1765 4508; baseline 0.004 -26"><span class='ocrx_word' id='word_1_586' title='bbox 177 4448 314 4491; x_wconf 79' lang='grc' dir='ltr'>ναν,</span> <span class='ocrx_word' id='word_1_587' title='bbox 351 4432 448 4494; x_wconf 76' lang='grc' dir='ltr'>τὰς</span> <span class='ocrx_word' id='word_1_588' title='bbox 489 4431 546 4483; x_wconf 76' lang='grc' dir='ltr'>δὲ</span> <span class='ocrx_word' id='word_1_589' title='bbox 589 4431 777 4494; x_wconf 83' lang='grc' dir='ltr'>κακῶς</span> <span class='ocrx_word' id='word_1_590' title='bbox 825 4433 1081 4486; x_wconf 87' lang='grc' dir='ltr'>διέθεντο.</span> <span class='ocrx_word' id='word_1_591' title='bbox 1119 4435 1223 4487; x_wconf 79' lang='grc' dir='ltr'>Τὸν</span> <span class='ocrx_word' id='word_1_592' title='bbox 1264 4435 1427 4488; x_wconf 85' lang='grc' dir='ltr'>αὑτὸν</span> <span class='ocrx_word' id='word_1_593' title='bbox 1475 4437 1538 4507; x_wconf 76' lang='grc' dir='ltr'>δὴ</span> <span class='ocrx_word' id='word_1_594' title='bbox 1570 4438 1765 4508; x_wconf 78' lang='grc' dir='ltr'>τρόπον</span> 
     </span>
    </p>
   </div>
   <div class='ocr_carea' id='block_1_86' title="bbox 1844 4430 3432 4508">
    <p class='ocr_par' dir='ltr' id='par_1_86' title="bbox 1872 4430 3432 4499">
     <span class='ocr_line' id='line_1_86' title="bbox 1872 4430 3432 4499; baseline 0 -15"><span class='ocrx_word' id='word_1_595' title='bbox 1872 4431 2132 4498; x_wconf 82' lang='lat' dir='ltr'><strong>reliquum</strong></span> <span class='ocrx_word' id='word_1_596' title='bbox 2163 4440 2339 4484; x_wconf 87' lang='lat' dir='ltr'><strong>autem</strong></span> <span class='ocrx_word' id='word_1_597' title='bbox 2371 4445 2582 4498; x_wconf 85' lang='lat' dir='ltr'><strong>gregem</strong></span> <span class='ocrx_word' id='word_1_598' title='bbox 2631 4432 2820 4499; x_wconf 89' lang='lat' dir='ltr'><strong>partim</strong></span> <span class='ocrx_word' id='word_1_599' title='bbox 2864 4430 3211 4494; x_wconf 85' lang='lat' dir='ltr'><strong>trucidarunt,</strong></span> <span class='ocrx_word' id='word_1_600' title='bbox 3243 4433 3432 4499; x_wconf 77' lang='lat' dir='ltr'><strong>partim</strong></span> 
     </span>
    </p>
   </div>
   <div class='ocr_carea' id='block_1_87' title="bbox 174 4519 1765 4597">
    <p class='ocr_par' dir='ltr' id='par_1_87' title="bbox 174 4519 1765 4597">
     <span class='ocr_line' id='line_1_87' title="bbox 174 4519 1765 4597; baseline 0.004 -24"><span class='ocrx_word' id='word_1_601' title='bbox 174 4522 409 4573; x_wconf 83' lang='grc' dir='ltr'>δέδοικα</span> <span class='ocrx_word' id='word_1_602' title='bbox 453 4519 708 4586; x_wconf 81' lang='grc' dir='ltr'>γενέσθαι</span> <span class='ocrx_word' id='word_1_603' title='bbox 757 4523 853 4574; x_wconf 71' lang='grc' dir='ltr'><strong>καὶ</strong></span> <span class='ocrx_word' id='word_1_604' title='bbox 893 4523 980 4590; x_wconf 73' lang='grc' dir='ltr'><strong>ἐφ’</strong></span> <span class='ocrx_word' id='word_1_605' title='bbox 1007 4525 1174 4592; x_wconf 72' lang='grc' dir='ltr'>ἡμᾶς,</span> <span class='ocrx_word' id='word_1_606' title='bbox 1203 4526 1250 4576; x_wconf 89' lang='grc' dir='ltr'>εἰ</span> <span class='ocrx_word' id='word_1_607' title='bbox 1279 4527 1765 4597; x_wconf 85' lang='grc' dir='ltr'>συνακολουθήσεις</span> 
     </span>
    </p>
   </div>
   <div class='ocr_carea' id='block_1_88' title="bbox 1844 4519 3435 4597">
    <p class='ocr_par' dir='ltr' id='par_1_88' title="bbox 1875 4519 3435 4574">
     <span class='ocr_line' id='line_1_88' title="bbox 1875 4519 3435 4574; baseline -0.001 0"><span class='ocrx_word' id='word_1_608' title='bbox 1875 4525 2012 4574; x_wconf 71' lang='lat' dir='ltr'><strong>male</strong></span> <span class='ocrx_word' id='word_1_609' title='bbox 2041 4519 2351 4572; x_wconf 80' lang='lat' dir='ltr'><strong>multarunt.</strong></span> <span class='ocrx_word' id='word_1_610' title='bbox 2401 4520 2598 4573; x_wconf 84' lang='lat' dir='ltr'><strong>Eodem</strong></span> <span class='ocrx_word' id='word_1_611' title='bbox 2631 4519 2787 4572; x_wconf 90' lang='lat' dir='ltr'><strong>modo</strong></span> <span class='ocrx_word' id='word_1_612' title='bbox 2813 4535 2879 4574; x_wconf 88' lang='lat' dir='ltr'><strong>ne</strong></span> <span class='ocrx_word' id='word_1_613' title='bbox 2924 4521 3072 4573; x_wconf 77' lang='lat' dir='ltr'><strong>nobis</strong></span> <span class='ocrx_word' id='word_1_614' title='bbox 3101 4520 3302 4574; x_wconf 84' lang='lat' dir='ltr'><strong>accidat</strong></span> <span class='ocrx_word' id='word_1_615' title='bbox 3325 4535 3435 4572; x_wconf 84' lang='lat' dir='ltr'><strong>tue-</strong></span> 
     </span>
    </p>
   </div>
   <div class='ocr_carea' id='block_1_89' title="bbox 180 4609 1765 4686">
    <p class='ocr_par' dir='ltr' id='par_1_89' title="bbox 180 4612 1765 4686">
     <span class='ocr_line' id='line_1_89' title="bbox 180 4612 1765 4686; baseline 0.006 -24"><span class='ocrx_word' id='word_1_616' title='bbox 180 4628 286 4680; x_wconf 87' lang='grc' dir='ltr'><strong>μοι</strong></span> <span class='ocrx_word' id='word_1_617' title='bbox 308 4627 324 4641; x_wconf 76' lang='grc' dir='ltr'><strong>ο</strong></span> <span class='ocrx_word' id='word_1_618' title='bbox 359 4612 570 4681; x_wconf 78' lang='grc' dir='ltr'>μήποτε</span> <span class='ocrx_word' id='word_1_619' title='bbox 603 4612 694 4663; x_wconf 76' lang='grc' dir='ltr'><strong>καὶ</strong></span> <span class='ocrx_word' id='word_1_620' title='bbox 726 4612 823 4681; x_wconf 85' lang='grc' dir='ltr'>τῆς</span> <span class='ocrx_word' id='word_1_621' title='bbox 850 4613 949 4682; x_wconf 77' lang='grc' dir='ltr'><strong>σῆς</strong></span> <span class='ocrx_word' id='word_1_622' title='bbox 975 4614 1340 4685; x_wconf 88' lang='grc' dir='ltr'>ἀποστερηθῶ</span> <span class='ocrx_word' id='word_1_623' title='bbox 1363 4619 1732 4686; x_wconf 80' lang='grc' dir='ltr'>συνοικήσεως</span> <span class='ocrx_word' id='word_1_624' title='bbox 1752 4658 1765 4682; x_wconf 97' lang='grc'><strong>,</strong></span> 
     </span>
    </p>
   </div>
   <div class='ocr_carea' id='block_1_90' title="bbox 1844 4609 3436 4686">
    <p class='ocr_par' dir='ltr' id='par_1_90' title="bbox 1874 4609 3436 4680">
     <span class='ocr_line' id='line_1_90' title="bbox 1874 4609 3436 4680; baseline 0 -16"><span class='ocrx_word' id='word_1_625' title='bbox 1874 4619 1985 4675; x_wconf 89' lang='lat' dir='ltr'><strong>tuo,</strong></span> <span class='ocrx_word' id='word_1_626' title='bbox 2013 4611 2057 4664; x_wconf 91' lang='lat' dir='ltr'><strong>si</strong></span> <span class='ocrx_word' id='word_1_627' title='bbox 2090 4610 2214 4664; x_wconf 89' lang='lat' dir='ltr'><strong>mibi</strong></span> <span class='ocrx_word' id='word_1_628' title='bbox 2245 4617 2296 4662; x_wconf 90' lang='lat' dir='ltr'><strong>te</strong></span> <span class='ocrx_word' id='word_1_629' title='bbox 2325 4613 2571 4664; x_wconf 81' lang='lat' dir='ltr'><strong>comitem</strong></span> <span class='ocrx_word' id='word_1_630' title='bbox 2604 4609 2878 4680; x_wconf 70' lang='lat' dir='ltr'><strong>adiungas.</strong></span> <span class='ocrx_word' id='word_1_631' title='bbox 2913 4611 3022 4664; x_wconf 86' lang='lat' dir='ltr'><strong>Hoc</strong></span> <span class='ocrx_word' id='word_1_632' title='bbox 3047 4621 3144 4676; x_wconf 90' lang='lat' dir='ltr'><strong>est,</strong></span> <span class='ocrx_word' id='word_1_633' title='bbox 3169 4626 3233 4664; x_wconf 92' lang='lat' dir='ltr'><strong>ne</strong></span> <span class='ocrx_word' id='word_1_634' title='bbox 3263 4619 3316 4664; x_wconf 88' lang='lat' dir='ltr'><strong>et</strong></span> <span class='ocrx_word' id='word_1_635' title='bbox 3344 4620 3436 4665; x_wconf 92' lang='lat' dir='ltr'><strong>tuo</strong></span> 
     </span>
    </p>
   </div>
   <div class='ocr_carea' id='block_1_91' title="bbox 175 4698 1765 4775">
    <p class='ocr_par' dir='ltr' id='par_1_91' title="bbox 175 4698 1765 4775">
     <span class='ocr_line' id='line_1_91' title="bbox 175 4698 1765 4775; baseline 0.005 -24"><span class='ocrx_word' id='word_1_636' title='bbox 175 4700 289 4752; x_wconf 74' lang='grc' dir='ltr'><strong>καὶ</strong></span> <span class='ocrx_word' id='word_1_637' title='bbox 333 4698 518 4751; x_wconf 84' lang='grc' dir='ltr'>κακῶν</span> <span class='ocrx_word' id='word_1_638' title='bbox 549 4699 758 4753; x_wconf 85' lang='grc' dir='ltr'>πολλῶν</span> <span class='ocrx_word' id='word_1_639' title='bbox 803 4704 916 4762; x_wconf 84' lang='grc' dir='ltr'>τοῖς</span> <span class='ocrx_word' id='word_1_640' title='bbox 947 4700 1181 4772; x_wconf 80' lang='grc' dir='ltr'>ἑταίροις</span> <span class='ocrx_word' id='word_1_641' title='bbox 1230 4720 1334 4770; x_wconf 87' lang='grc' dir='ltr'><strong>μου</strong></span> <span class='ocrx_word' id='word_1_642' title='bbox 1361 4704 1606 4774; x_wconf 80' lang='grc' dir='ltr'>γένωμαι</span> <span class='ocrx_word' id='word_1_643' title='bbox 1636 4708 1765 4775; x_wconf 85' lang='grc' dir='ltr'>πρό-</span> 
     </span>
    </p>
   </div>
   <div class='ocr_carea' id='block_1_92' title="bbox 1844 4698 3437 4775">
    <p class='ocr_par' dir='ltr' id='par_1_92' title="bbox 1873 4699 3437 4768">
     <span class='ocr_line' id='line_1_92' title="bbox 1873 4699 3437 4768; baseline -0.001 -12"><span class='ocrx_word' id='word_1_644' title='bbox 1873 4699 2222 4756; x_wconf 86' lang='lat' dir='ltr'><strong>contubernio</strong></span> <span class='ocrx_word' id='word_1_645' title='bbox 2260 4700 2455 4766; x_wconf 82' lang='lat' dir='ltr'><strong>priver,</strong></span> <span class='ocrx_word' id='word_1_646' title='bbox 2509 4709 2563 4754; x_wconf 90' lang='lat' dir='ltr'><strong>et</strong></span> <span class='ocrx_word' id='word_1_647' title='bbox 2593 4701 2832 4768; x_wconf 86' lang='lat' dir='ltr'><strong>ingentes</strong></span> <span class='ocrx_word' id='word_1_648' title='bbox 2871 4701 3031 4755; x_wconf 86' lang='lat' dir='ltr'><strong>sociis</strong></span> <span class='ocrx_word' id='word_1_649' title='bbox 3063 4702 3194 4755; x_wconf 87' lang='lat' dir='ltr'><strong>nteis</strong></span> <span class='ocrx_word' id='word_1_650' title='bbox 3221 4702 3437 4755; x_wconf 82' lang='lat' dir='ltr'><strong>calami-</strong></span> 
     </span>
    </p>
   </div>
   <div class='ocr_carea' id='block_1_93' title="bbox 170 4792 1765 4867">
    <p class='ocr_par' dir='ltr' id='par_1_93' title="bbox 170 4792 1765 4867">
     <span class='ocr_line' id='line_1_93' title="bbox 170 4792 1765 4867; baseline 0.005 -24"><span class='ocrx_word' id='word_1_651' title='bbox 170 4792 348 4859; x_wconf 82' lang='grc' dir='ltr'>ξενος</span> <span class='ocrx_word' id='word_1_652' title='bbox 388 4792 655 4860; x_wconf 83' lang='grc' dir='ltr'>κρίματός</span> <span class='ocrx_word' id='word_1_653' title='bbox 690 4808 748 4843; x_wconf 88' lang='grc' dir='ltr'><strong>τε</strong></span> <span class='ocrx_word' id='word_1_654' title='bbox 787 4793 1007 4845; x_wconf 86' lang='grc' dir='ltr'>αἰωνίου</span> <span class='ocrx_word' id='word_1_655' title='bbox 1051 4794 1128 4862; x_wconf 84' lang='grc' dir='ltr'><strong>τῷ</strong></span> <span class='ocrx_word' id='word_1_656' title='bbox 1156 4795 1234 4864; x_wconf 83' lang='grc' dir='ltr'>σῷ</span> <span class='ocrx_word' id='word_1_657' title='bbox 1263 4798 1574 4867; x_wconf 87' lang='grc' dir='ltr'>γεννήτορι.</span> <span class='ocrx_word' id='word_1_658' title='bbox 1611 4798 1765 4851; x_wconf 82' lang='grc' dir='ltr'>Ἀλλά</span> 
     </span>
    </p>
   </div>
   <div class='ocr_carea' id='block_1_94' title="bbox 1844 4792 3434 4867">
    <p class='ocr_par' dir='ltr' id='par_1_94' title="bbox 1876 4793 3434 4859">
     <span class='ocr_line' id='line_1_94' title="bbox 1876 4793 3434 4859; baseline 0.001 -14"><span class='ocrx_word' id='word_1_659' title='bbox 1876 4799 2034 4855; x_wconf 76' lang='lat' dir='ltr'><strong>tatus,</strong></span> <span class='ocrx_word' id='word_1_660' title='bbox 2061 4806 2121 4844; x_wconf 89' lang='lat' dir='ltr'><strong>ac</strong></span> <span class='ocrx_word' id='word_1_661' title='bbox 2149 4793 2524 4858; x_wconf 77' lang='lat' dir='ltr'><strong>sempiternam</strong></span> <span class='ocrx_word' id='word_1_662' title='bbox 2551 4793 2682 4859; x_wconf 84' lang='lat' dir='ltr'><strong>patri</strong></span> <span class='ocrx_word' id='word_1_663' title='bbox 2713 4803 2802 4846; x_wconf 89' lang='lat' dir='ltr'><strong>tuo</strong></span> <span class='ocrx_word' id='word_1_664' title='bbox 2828 4795 3317 4847; x_wconf 79' lang='lat' dir='ltr'><strong>condemnationem</strong></span> <span class='ocrx_word' id='word_1_665' title='bbox 3342 4809 3434 4847; x_wconf 87' lang='lat' dir='ltr'><strong>ac-</strong></span> 
     </span>
    </p>
   </div>
   <div class='ocr_carea' id='block_1_95' title="bbox 169 4881 1765 4960">
    <p class='ocr_par' dir='ltr' id='par_1_95' title="bbox 169 4881 1765 4960">
     <span class='ocr_line' id='line_1_95' title="bbox 169 4881 1765 4960; baseline 0.004 -26"><span class='ocrx_word' id='word_1_666' title='bbox 169 4881 355 4935; x_wconf 80' lang='grc' dir='ltr'><strong>τοῦτό</strong></span> <span class='ocrx_word' id='word_1_667' title='bbox 378 4899 434 4935; x_wconf 89' lang='grc' dir='ltr'><strong>σε</strong></span> <span class='ocrx_word' id='word_1_668' title='bbox 459 4882 706 4952; x_wconf 79' lang='grc' dir='ltr'>βούλεται</span> <span class='ocrx_word' id='word_1_669' title='bbox 727 4885 754 4936; x_wconf 88' lang='lat'><strong>6</strong></span> <span class='ocrx_word' id='word_1_670' title='bbox 782 4883 1006 4953; x_wconf 84' lang='grc' dir='ltr'>Κύριος,</span> <span class='ocrx_word' id='word_1_671' title='bbox 1039 4884 1135 4937; x_wconf 78' lang='grc' dir='ltr'>νῦν</span> <span class='ocrx_word' id='word_1_672' title='bbox 1171 4885 1269 4954; x_wconf 76' lang='grc' dir='ltr'>μὲν</span> <span class='ocrx_word' id='word_1_673' title='bbox 1299 4888 1673 4957; x_wconf 84' lang='grc' dir='ltr'>σημειωθῆναι</span> <span class='ocrx_word' id='word_1_674' title='bbox 1703 4892 1765 4960; x_wconf 81' lang='grc' dir='ltr'>τῇ</span> 
     </span>
    </p>
   </div>
   <div class='ocr_carea' id='block_1_96' title="bbox 1844 4881 3432 4960">
    <p class='ocr_par' dir='ltr' id='par_1_96' title="bbox 1874 4881 3432 4954">
     <span class='ocr_line' id='line_1_96' title="bbox 1874 4881 3432 4954; baseline 0.003 -18"><span class='ocrx_word' id='word_1_675' title='bbox 1874 4897 2098 4936; x_wconf 78' lang='lat' dir='ltr'><strong>cersam.</strong></span> <span class='ocrx_word' id='word_1_676' title='bbox 2133 4881 2252 4934; x_wconf 77' lang='lat' dir='ltr'><strong>Vult</strong></span> <span class='ocrx_word' id='word_1_677' title='bbox 2277 4883 2452 4950; x_wconf 87' lang='lat' dir='ltr'><strong>itaque</strong></span> <span class='ocrx_word' id='word_1_678' title='bbox 2499 4896 2549 4937; x_wconf 87' lang='lat' dir='ltr'><strong>te</strong></span> <span class='ocrx_word' id='word_1_679' title='bbox 2578 4883 2825 4937; x_wconf 86' lang='lat' dir='ltr'><strong>Dominus</strong></span> <span class='ocrx_word' id='word_1_680' title='bbox 2859 4899 2998 4938; x_wconf 91' lang='lat' dir='ltr'><strong>nunc</strong></span> <span class='ocrx_word' id='word_1_681' title='bbox 3027 4885 3240 4954; x_wconf 89' lang='lat' dir='ltr'><strong>quidem</strong></span> <span class='ocrx_word' id='word_1_682' title='bbox 3271 4886 3432 4940; x_wconf 79' lang='lat' dir='ltr'><strong>divini</strong></span> 
     </span>
    </p>
   </div>
   <div class='ocr_carea' id='block_1_97' title="bbox 173 4971 1765 5050">
    <p class='ocr_par' dir='ltr' id='par_1_97' title="bbox 173 4971 1765 5050">
     <span class='ocr_line' id='line_1_97' title="bbox 173 4971 1765 5050; baseline 0.007 -26"><span class='ocrx_word' id='word_1_683' title='bbox 173 4971 576 5041; x_wconf 78' lang='grc' dir='ltr'>σφραγῖδιτοῦ</span> <span class='ocrx_word' id='word_1_684' title='bbox 603 4973 748 5025; x_wconf 87' lang='grc' dir='ltr'>θείου</span> <span class='ocrx_word' id='word_1_685' title='bbox 773 4974 1151 5044; x_wconf 86' lang='grc' dir='ltr'>βαπτίσματος</span> <span class='ocrx_word' id='word_1_686' title='bbox 1180 4977 1314 5044; x_wconf 81' lang='grc'>(85),</span> <span class='ocrx_word' id='word_1_687' title='bbox 1343 4981 1436 5033; x_wconf 74' lang='grc' dir='ltr'><strong>καὶ</strong></span> <span class='ocrx_word' id='word_1_688' title='bbox 1469 4981 1648 5050; x_wconf 87' lang='grc' dir='ltr'>μένειν</span> <span class='ocrx_word' id='word_1_689' title='bbox 1677 4983 1765 5034; x_wconf 75' lang='grc' dir='ltr'><strong>ἐπὶ</strong></span> 
     </span>
    </p>
   </div>
   <div class='ocr_carea' id='block_1_98' title="bbox 1844 4971 3432 5050">
    <p class='ocr_par' dir='ltr' id='par_1_98' title="bbox 1877 4971 3432 5043">
     <span class='ocr_line' id='line_1_98' title="bbox 1877 4971 3432 5043; baseline 0.004 -18"><span class='ocrx_word' id='word_1_690' title='bbox 1877 4971 2124 5040; x_wconf 86' lang='lat' dir='ltr'><strong>baptismi</strong></span> <span class='ocrx_word' id='word_1_691' title='bbox 2147 4972 2316 5040; x_wconf 80' lang='lat' dir='ltr'><strong>sigillo</strong></span> <span class='ocrx_word' id='word_1_692' title='bbox 2330 4973 2648 5039; x_wconf 76' lang='lat' dir='ltr'><strong>consignari,</strong></span> <span class='ocrx_word' id='word_1_693' title='bbox 2669 4984 2826 5043; x_wconf 87' lang='lat' dir='ltr'><strong>atque</strong></span> <span class='ocrx_word' id='word_1_694' title='bbox 2845 4977 2930 5028; x_wconf 83' lang='lat' dir='ltr'><strong>hic</strong></span> <span class='ocrx_word' id='word_1_695' title='bbox 2960 4985 3262 5030; x_wconf 88' lang='lat' dir='ltr'><strong>manentem</strong></span> <span class='ocrx_word' id='word_1_696' title='bbox 3292 4977 3432 5031; x_wconf 79' lang='lat' dir='ltr'><strong>muni</strong></span> 
     </span>
    </p>
   </div>
   <div class='ocr_carea' id='block_1_99' title="bbox 174 5061 1765 5142">
    <p class='ocr_par' dir='ltr' id='par_1_99' title="bbox 174 5061 1765 5142">
     <span class='ocr_line' id='line_1_99' title="bbox 174 5061 1765 5142; baseline 0.007 -27"><span class='ocrx_word' id='word_1_697' title='bbox 174 5061 404 5133; x_wconf 81' lang='grc' dir='ltr'>χώρας,</span> <span class='ocrx_word' id='word_1_698' title='bbox 440 5064 620 5133; x_wconf 78' lang='grc' dir='ltr'>πάσης</span> <span class='ocrx_word' id='word_1_699' title='bbox 654 5065 1016 5136; x_wconf 83' lang='grc' dir='ltr'>ἀντεχόμενον</span> <span class='ocrx_word' id='word_1_700' title='bbox 1064 5070 1346 5132; x_wconf 71' lang='grc' dir='ltr'>εὐσεϐείας</span> <span class='ocrx_word' id='word_1_701' title='bbox 1390 5073 1484 5124; x_wconf 67' lang='grc' dir='ltr'><strong>καὶ</strong></span> <span class='ocrx_word' id='word_1_702' title='bbox 1520 5073 1618 5142; x_wconf 83' lang='grc' dir='ltr'>τῆς</span> <span class='ocrx_word' id='word_1_703' title='bbox 1663 5075 1765 5126; x_wconf 87' lang='grc' dir='ltr'><strong>τῶν</strong></span> 
     </span>
    </p>
   </div>
   <div class='ocr_carea' id='block_1_100' title="bbox 1844 5061 3429 5142">
    <p class='ocr_par' dir='ltr' id='par_1_100' title="bbox 1876 5063 3429 5133">
     <span class='ocr_line' id='line_1_100' title="bbox 1876 5063 3429 5133; baseline 0.001 -18"><span class='ocrx_word' id='word_1_704' title='bbox 1876 5063 2087 5130; x_wconf 90' lang='lat' dir='ltr'><strong>pietatis</strong></span> <span class='ocrx_word' id='word_1_705' title='bbox 2116 5064 2296 5133; x_wconf 86' lang='lat' dir='ltr'><strong>generi</strong></span> <span class='ocrx_word' id='word_1_706' title='bbox 2347 5067 2580 5126; x_wconf 82' lang='lat' dir='ltr'><strong>studere,</strong></span> <span class='ocrx_word' id='word_1_707' title='bbox 2628 5065 3012 5132; x_wconf 66' lang='lat' dir='ltr'><strong>praeceptisque</strong></span> <span class='ocrx_word' id='word_1_708' title='bbox 3069 5065 3178 5117; x_wconf 90' lang='lat' dir='ltr'><strong>suis</strong></span> <span class='ocrx_word' id='word_1_709' title='bbox 3217 5079 3429 5130; x_wconf 84' lang='lat' dir='ltr'><strong>operam</strong></span> 
     </span>
    </p>
   </div>
   <div class='ocr_carea' id='block_1_101' title="bbox 177 5153 1765 5236">
    <p class='ocr_par' dir='ltr' id='par_1_101' title="bbox 177 5153 1765 5236">
     <span class='ocr_line' id='line_1_101' title="bbox 177 5153 1765 5236; baseline 0.008 -29"><span class='ocrx_word' id='word_1_710' title='bbox 177 5153 430 5207; x_wconf 76' lang='grc' dir='ltr'>ἐντολῶν</span> <span class='ocrx_word' id='word_1_711' title='bbox 457 5155 548 5207; x_wconf 80' lang='grc' dir='ltr'>τοῦ</span> <span class='ocrx_word' id='word_1_712' title='bbox 585 5157 824 5227; x_wconf 80' lang='grc' dir='ltr'>Χριστοῦ</span> <span class='ocrx_word' id='word_1_713' title='bbox 863 5160 1146 5230; x_wconf 83' lang='grc' dir='ltr'>ἐργασίας.</span> <span class='ocrx_word' id='word_1_714' title='bbox 1194 5163 1362 5215; x_wconf 78' lang='grc' dir='ltr'>Ἐπάν</span> <span class='ocrx_word' id='word_1_715' title='bbox 1396 5164 1556 5235; x_wconf 76' lang='lat'><strong>158</strong></span> <span class='ocrx_word' id='word_1_716' title='bbox 1581 5166 1636 5218; x_wconf 86' lang='grc' dir='ltr'>δὲ</span> <span class='ocrx_word' id='word_1_717' title='bbox 1661 5165 1765 5236; x_wconf 83' lang='grc' dir='ltr'>δῴη</span> 
     </span>
    </p>
   </div>
   <div class='ocr_carea' id='block_1_102' title="bbox 1844 5153 3432 5236">
    <p class='ocr_par' dir='ltr' id='par_1_102' title="bbox 1878 5154 3432 5223">
     <span class='ocr_line' id='line_1_102' title="bbox 1878 5154 3432 5223; baseline 0.006 -22"><span class='ocrx_word' id='word_1_718' title='bbox 1878 5155 2019 5209; x_wconf 76' lang='lat' dir='ltr'><strong>dare.</strong></span> <span class='ocrx_word' id='word_1_719' title='bbox 2069 5155 2417 5223; x_wconf 72' lang='lat' dir='ltr'><strong>Posteaquam</strong></span> <span class='ocrx_word' id='word_1_720' title='bbox 2470 5164 2644 5207; x_wconf 67' lang='lat' dir='ltr'><strong>autem</strong></span> <span class='ocrx_word' id='word_1_721' title='bbox 2696 5154 2836 5208; x_wconf 87' lang='lat' dir='ltr'><strong>illius</strong></span> <span class='ocrx_word' id='word_1_722' title='bbox 2861 5155 3144 5219; x_wconf 58' lang='lat' dir='ltr'><strong>,bonorum</strong></span> <span class='ocrx_word' id='word_1_723' title='bbox 3191 5155 3432 5210; x_wconf 90' lang='lat' dir='ltr'><strong>omnium</strong></span> 
     </span>
    </p>
   </div>
   <div class='ocr_carea' id='block_1_103' title="bbox 173 5245 1765 5323">
    <p class='ocr_par' dir='ltr' id='par_1_103' title="bbox 173 5245 1765 5323">
     <span class='ocr_line' id='line_1_103' title="bbox 173 5245 1765 5323; baseline 0.007 -26"><span class='ocrx_word' id='word_1_724' title='bbox 173 5245 391 5313; x_wconf 80' lang='grc' dir='ltr'>καιρὸν</span> <span class='ocrx_word' id='word_1_725' title='bbox 437 5248 464 5298; x_wconf 89' lang='lat'><strong>6</strong></span> <span class='ocrx_word' id='word_1_726' title='bbox 497 5247 712 5300; x_wconf 79' lang='grc' dir='ltr'>πάντων</span> <span class='ocrx_word' id='word_1_727' title='bbox 745 5249 910 5321; x_wconf 81' lang='grc' dir='ltr'>δοτὴρ</span> <span class='ocrx_word' id='word_1_728' title='bbox 951 5252 1059 5304; x_wconf 86' lang='grc' dir='ltr'><strong>τῶν</strong></span> <span class='ocrx_word' id='word_1_729' title='bbox 1107 5253 1310 5315; x_wconf 87' lang='grc' dir='ltr'>καλῶν,</span> <span class='ocrx_word' id='word_1_730' title='bbox 1345 5256 1644 5323; x_wconf 79' lang='grc' dir='ltr'>τηνικαῦτα</span> <span class='ocrx_word' id='word_1_731' title='bbox 1680 5259 1765 5309; x_wconf 69' lang='grc' dir='ltr'>καὶ</span> 
     </span>
    </p>
   </div>
   <div class='ocr_carea' id='block_1_104' title="bbox 1844 5245 3423 5323">
    <p class='ocr_par' dir='ltr' id='par_1_104' title="bbox 1879 5245 3423 5310">
     <span class='ocr_line' id='line_1_104' title="bbox 1879 5245 3423 5310; baseline 0.001 -12"><span class='ocrx_word' id='word_1_732' title='bbox 1879 5245 2321 5300; x_wconf 86' lang='lat' dir='ltr'><strong>datorismuuere</strong></span> <span class='ocrx_word' id='word_1_733' title='bbox 2349 5245 2558 5299; x_wconf 55' lang='lat' dir='ltr'><strong>occasio</strong></span> <span class='ocrx_word' id='word_1_734' title='bbox 2607 5260 2723 5299; x_wconf 88' lang='lat' dir='ltr'><strong>sese</strong></span> <span class='ocrx_word' id='word_1_735' title='bbox 2748 5245 3016 5310; x_wconf 85' lang='lat' dir='ltr'><strong>obtulerit,</strong></span> <span class='ocrx_word' id='word_1_736' title='bbox 3065 5255 3174 5300; x_wconf 91' lang='lat' dir='ltr'><strong>tum</strong></span> <span class='ocrx_word' id='word_1_737' title='bbox 3221 5248 3423 5300; x_wconf 78' lang='lat' dir='ltr'><strong>dt-murr</strong></span> 
     </span>
    </p>
   </div>
   <div class='ocr_carea' id='block_1_105' title="bbox 168 5335 1765 5419">
    <p class='ocr_par' dir='ltr' id='par_1_105' title="bbox 168 5336 1765 5419">
     <span class='ocr_line' id='line_1_105' title="bbox 168 5336 1765 5419; baseline 0.007 -29"><span class='ocrx_word' id='word_1_738' title='bbox 168 5336 397 5409; x_wconf 72' lang='grc' dir='ltr'>ἑλεύσῃ</span> <span class='ocrx_word' id='word_1_739' title='bbox 429 5339 566 5408; x_wconf 79' lang='grc' dir='ltr'>πρὸς</span> <span class='ocrx_word' id='word_1_740' title='bbox 601 5342 780 5409; x_wconf 76' lang='grc' dir='ltr'>ἡμᾶς,</span> <span class='ocrx_word' id='word_1_741' title='bbox 814 5343 908 5394; x_wconf 78' lang='grc' dir='ltr'>καὶ</span> <span class='ocrx_word' id='word_1_742' title='bbox 951 5343 1011 5395; x_wconf 81' lang='grc' dir='ltr'>τὺ</span> <span class='ocrx_word' id='word_1_743' title='bbox 1041 5343 1334 5398; x_wconf 87' lang='grc' dir='ltr'>ὑπόλοιπον</span> <span class='ocrx_word' id='word_1_744' title='bbox 1361 5347 1461 5416; x_wconf 85' lang='grc' dir='ltr'><strong>τῆς</strong></span> <span class='ocrx_word' id='word_1_745' title='bbox 1490 5349 1765 5419; x_wconf 83' lang='grc' dir='ltr'>παρούσης</span> 
     </span>
    </p>
   </div>
   <div class='ocr_carea' id='block_1_106' title="bbox 1844 5335 3438 5419">
    <p class='ocr_par' dir='ltr' id='par_1_106' title="bbox 1878 5335 3438 5405">
     <span class='ocr_line' id='line_1_106' title="bbox 1878 5335 3438 5405; baseline 0.001 -15"><span class='ocrx_word' id='word_1_746' title='bbox 1878 5344 1932 5390; x_wconf 83' lang='lat' dir='ltr'><strong>et</strong></span> <span class='ocrx_word' id='word_1_747' title='bbox 1956 5335 2022 5389; x_wconf 89' lang='lat' dir='ltr'><strong>ad</strong></span> <span class='ocrx_word' id='word_1_748' title='bbox 2053 5350 2150 5389; x_wconf 89' lang='lat' dir='ltr'><strong>nos</strong></span> <span class='ocrx_word' id='word_1_749' title='bbox 2175 5337 2376 5402; x_wconf 77' lang='lat' dir='ltr'><strong>venies,</strong></span> <span class='ocrx_word' id='word_1_750' title='bbox 2407 5345 2461 5389; x_wconf 90' lang='lat' dir='ltr'><strong>et</strong></span> <span class='ocrx_word' id='word_1_751' title='bbox 2490 5351 2580 5403; x_wconf 88' lang='lat' dir='ltr'><strong>per</strong></span> <span class='ocrx_word' id='word_1_752' title='bbox 2612 5337 2871 5404; x_wconf 74' lang='lat' dir='ltr'><strong>reliquum</strong></span> <span class='ocrx_word' id='word_1_753' title='bbox 2888 5352 3044 5391; x_wconf 91' lang='lat' dir='ltr'><strong>omne</strong></span> <span class='ocrx_word' id='word_1_754' title='bbox 3066 5337 3284 5405; x_wconf 86' lang='lat' dir='ltr'><strong>hujusce</strong></span> <span class='ocrx_word' id='word_1_755' title='bbox 3316 5340 3438 5392; x_wconf 75' lang='lat' dir='ltr'><strong>vita:</strong></span> 
     </span>
    </p>
   </div>
   <div class='ocr_carea' id='block_1_107' title="bbox 1875 4066 3428 4135">
    <p class='ocr_par' dir='ltr' id='par_1_107' title="bbox 1875 4066 3428 4135">
     <span class='ocr_line' id='line_1_107' title="bbox 1875 4066 3428 4135; baseline -0.001 -14"><span class='ocrx_word' id='word_1_756' title='bbox 1875 4079 2014 4122; x_wconf 87' lang='lat' dir='ltr'><strong>tatus</strong></span> <span class='ocrx_word' id='word_1_757' title='bbox 2041 4077 2142 4122; x_wconf 88' lang='lat' dir='ltr'><strong>est.</strong></span> <span class='ocrx_word' id='word_1_758' title='bbox 2169 4073 2234 4120; x_wconf 84' lang='lat' dir='ltr'><strong>At</strong></span> <span class='ocrx_word' id='word_1_759' title='bbox 2256 4083 2382 4120; x_wconf 84' lang='lat' dir='ltr'><strong>vero</strong></span> <span class='ocrx_word' id='word_1_760' title='bbox 2401 4068 2734 4121; x_wconf 81' lang='lat' dir='ltr'><strong>divitisillius</strong></span> <span class='ocrx_word' id='word_1_761' title='bbox 2760 4068 2853 4120; x_wconf 87' lang='lat' dir='ltr'><strong>viri</strong></span> <span class='ocrx_word' id='word_1_762' title='bbox 2885 4066 3087 4128; x_wconf 81' lang='lat' dir='ltr'><strong>famuli,</strong></span> <span class='ocrx_word' id='word_1_763' title='bbox 3112 4082 3170 4120; x_wconf 87' lang='lat' dir='ltr'><strong>re</strong></span> <span class='ocrx_word' id='word_1_764' title='bbox 3197 4068 3428 4135; x_wconf 75' lang='lat' dir='ltr'><strong>cognita,</strong></span> 
     </span>
    </p>
   </div>
   <div class='ocr_carea' id='block_1_108' title="bbox 1874 4159 3431 4224">
    <p class='ocr_par' dir='ltr' id='par_1_108' title="bbox 1874 4159 3431 4224">
     <span class='ocr_line' id='line_1_108' title="bbox 1874 4159 3431 4224; baseline -0.002 -13"><span class='ocrx_word' id='word_1_765' title='bbox 1874 4159 2190 4211; x_wconf 82' lang='lat' dir='ltr'><strong>enust:ensis</strong></span> <span class='ocrx_word' id='word_1_766' title='bbox 2217 4159 2365 4224; x_wconf 91' lang='lat' dir='ltr'><strong>equis</strong></span> <span class='ocrx_word' id='word_1_767' title='bbox 2387 4172 2478 4211; x_wconf 89' lang='lat' dir='ltr'><strong>eas</strong></span> <span class='ocrx_word' id='word_1_768' title='bbox 2499 4173 2525 4206; x_wconf 85' lang='lat' dir='ltr'><strong>a</strong></span> <span class='ocrx_word' id='word_1_769' title='bbox 2560 4168 2707 4222; x_wconf 86' lang='lat' dir='ltr'><strong>tergo</strong></span> <span class='ocrx_word' id='word_1_770' title='bbox 2738 4159 2953 4209; x_wconf 74' lang='lat' dir='ltr'><strong>insecuti</strong></span> <span class='ocrx_word' id='word_1_771' title='bbox 2984 4167 3124 4222; x_wconf 81' lang='lat' dir='ltr'><strong>sum,</strong></span> <span class='ocrx_word' id='word_1_772' title='bbox 3173 4171 3236 4209; x_wconf 90' lang='lat' dir='ltr'><strong>ac</strong></span> <span class='ocrx_word' id='word_1_773' title='bbox 3283 4171 3431 4209; x_wconf 89' lang='lat' dir='ltr'><strong>suam</strong></span> 
     </span>
    </p>
   </div>
   <div class='ocr_carea' id='block_1_109' title="bbox 1872 4248 3431 4317">
    <p class='ocr_par' dir='ltr' id='par_1_109' title="bbox 1872 4248 3431 4317">
     <span class='ocr_line' id='line_1_109' title="bbox 1872 4248 3431 4317; baseline -0.001 -18"><span class='ocrx_word' id='word_1_774' title='bbox 1872 4249 2086 4317; x_wconf 87' lang='lat' dir='ltr'><strong>quidem</strong></span> <span class='ocrx_word' id='word_1_775' title='bbox 2108 4263 2353 4314; x_wconf 85' lang='lat' dir='ltr'><strong>capream</strong></span> <span class='ocrx_word' id='word_1_776' title='bbox 2377 4248 2548 4301; x_wconf 81' lang='lat' dir='ltr'><strong>vivam</strong></span> <span class='ocrx_word' id='word_1_777' title='bbox 2573 4258 2800 4316; x_wconf 85' lang='lat' dir='ltr'><strong>captam,</strong></span> <span class='ocrx_word' id='word_1_778' title='bbox 2823 4249 3139 4313; x_wconf 87' lang='lat' dir='ltr'><strong>domumque</strong></span> <span class='ocrx_word' id='word_1_779' title='bbox 3164 4248 3431 4300; x_wconf 87' lang='lat' dir='ltr'><strong>reductam</strong></span> 
     </span>
    </p>
   </div>
   <div class='ocr_carea' id='block_1_110' title="bbox 230 5473 1765 5582">
    <p class='ocr_par' dir='ltr' id='par_1_110' title="bbox 230 5473 1762 5578">
     <span class='ocr_line' id='line_1_110' title="bbox 230 5473 1762 5578; baseline 0.008 -33"><span class='ocrx_word' id='word_1_780' title='bbox 230 5563 245 5578; x_wconf 39' lang='grc' dir='ltr'>ι</span> <span class='ocrx_word' id='word_1_781' title='bbox 265 5494 386 5562; x_wconf 80' lang='grc'><strong>(85)</strong></span> <span class='ocrx_word' id='word_1_782' title='bbox 418 5491 732 5578; x_wconf 49' lang='grc' dir='ltr'>μειίιιιιςιιηι</span> <span class='ocrx_word' id='word_1_783' title='bbox 763 5496 1003 5563; x_wconf 75' lang='lat' dir='ltr'><strong>pallium.</strong></span> <span class='ocrx_word' id='word_1_784' title='bbox 1044 5473 1294 5555; x_wconf 58' lang='grc' dir='ltr'>λίθεοιιυε</span> <span class='ocrx_word' id='word_1_785' title='bbox 1318 5500 1479 5557; x_wconf 80' lang='grc' dir='ltr'>Ριίιιο</span> <span class='ocrx_word' id='word_1_786' title='bbox 1513 5517 1560 5557; x_wconf 86' lang='lat' dir='ltr'><strong>c.</strong></span> <span class='ocrx_word' id='word_1_787' title='bbox 1592 5505 1660 5558; x_wconf 84' lang='lat'><em>76</em></span> <span class='ocrx_word' id='word_1_788' title='bbox 1693 5519 1706 5556; x_wconf 90' lang='lat'><strong>:</strong></span> <span class='ocrx_word' id='word_1_789' title='bbox 1737 5521 1762 5557; x_wconf 87' lang='grc' dir='ltr'><strong>ε</strong></span> 
     </span>
    </p>
   </div>
   <div class='ocr_carea' id='block_1_111' title="bbox 1844 5473 3452 5582">
    <p class='ocr_par' dir='ltr' id='par_1_111' title="bbox 1844 5503 3452 5582">
     <span class='ocr_line' id='line_1_111' title="bbox 1844 5503 3452 5582; baseline 0.002 -25"><span class='ocrx_word' id='word_1_790' title='bbox 1844 5503 2034 5558; x_wconf 75' lang='grc' dir='ltr'>όντινα</span> <span class='ocrx_word' id='word_1_791' title='bbox 2072 5504 2372 5574; x_wconf 77' lang='grc' dir='ltr'>μοναχὸν...</span> <span class='ocrx_word' id='word_1_792' title='bbox 2405 5504 2572 5574; x_wconf 80' lang='grc' dir='ltr'>μηδὲν</span> <span class='ocrx_word' id='word_1_793' title='bbox 2610 5504 2802 5575; x_wconf 72' lang='grc' dir='ltr'>ἔχοντα</span> <span class='ocrx_word' id='word_1_794' title='bbox 2843 5503 2980 5576; x_wconf 77' lang='grc' dir='ltr'>πλὴν</span> <span class='ocrx_word' id='word_1_795' title='bbox 3023 5505 3300 5577; x_wconf 84' lang='grc' dir='ltr'>στιχαρίου</span> <span class='ocrx_word' id='word_1_796' title='bbox 3336 5526 3452 5582; x_wconf 83' lang='grc' dir='ltr'>τρι-</span> 
     </span>
    </p>
   </div>
   <div class='ocr_carea' id='block_1_112' title="bbox 175 5579 820 5701">
    <p class='ocr_par' dir='ltr' id='par_1_112' title="bbox 175 5579 820 5701">
     <span class='ocr_line' id='line_1_112' title="bbox 175 5579 746 5635; baseline 0.007 -21"><span class='ocrx_word' id='word_1_797' title='bbox 175 5580 353 5635; x_wconf 80' lang='grc' dir='ltr'>χινου</span> <span class='ocrx_word' id='word_1_798' title='bbox 382 5580 473 5614; x_wconf 87' lang='grc' dir='ltr'><strong>και</strong></span> <span class='ocrx_word' id='word_1_799' title='bbox 498 5579 746 5618; x_wconf 71' lang='grc' dir='ltr'>παιλιου.</span> 
     </span>
     <span class='ocr_line' id='line_1_113' title="bbox 266 5631 820 5701; baseline 0.004 -15"><span class='ocrx_word' id='word_1_800' title='bbox 266 5633 389 5700; x_wconf 66' lang='lat'><strong>(85)</strong></span> <span class='ocrx_word' id='word_1_801' title='bbox 423 5631 566 5687; x_wconf 85' lang='lat' dir='ltr'><strong>Ps:tl.</strong></span> <span class='ocrx_word' id='word_1_802' title='bbox 597 5648 740 5701; x_wconf 70' lang='lat' dir='ltr'><strong>CXLI,</strong></span> <span class='ocrx_word' id='word_1_803' title='bbox 771 5635 820 5688; x_wconf 82' lang='lat'><strong>7.</strong></span> 
     </span>
    </p>
   </div>
   <div class='ocr_carea' id='block_1_113' title="bbox 269 5702 1765 5788">
    <p class='ocr_par' dir='ltr' id='par_1_113' title="bbox 269 5702 1739 5788">
     <span class='ocr_line' id='line_1_114' title="bbox 269 5702 1739 5788; baseline 0.009 -34"><span class='ocrx_word' id='word_1_804' title='bbox 269 5703 388 5788; x_wconf 62' lang='grc' dir='ltr'>ιδςὶ)</span> <span class='ocrx_word' id='word_1_805' title='bbox 419 5702 717 5788; x_wconf 29' lang='lat' dir='ltr'><strong>{Iugera}?</strong></span> <span class='ocrx_word' id='word_1_806' title='bbox 749 5705 844 5758; x_wconf 75' lang='grc' dir='ltr'>τοῦ</span> <span class='ocrx_word' id='word_1_807' title='bbox 875 5708 1026 5788; x_wconf 79' lang='grc' dir='ltr'>ἀγίου</span> <span class='ocrx_word' id='word_1_808' title='bbox 1062 5710 1399 5788; x_wconf 69' lang='grc' dir='ltr'>Πνεὺματρς.</span> <span class='ocrx_word' id='word_1_809' title='bbox 1435 5713 1739 5788; x_wconf 75' lang='lat' dir='ltr'><strong>Baptismus</strong></span> 
     </span>
    </p>
   </div>
   <div class='ocr_carea' id='block_1_114' title="bbox 1844 5702 3453 5788">
    <p class='ocr_par' dir='ltr' id='par_1_114' title="bbox 1844 5715 3453 5788">
     <span class='ocr_line' id='line_1_115' title="bbox 1844 5715 3453 5788; baseline 0.002 -22"><span class='ocrx_word' id='word_1_810' title='bbox 1844 5719 1872 5788; x_wconf 51' lang='grc' dir='ltr'>ξι</span> <span class='ocrx_word' id='word_1_811' title='bbox 1903 5717 2028 5768; x_wconf 87' lang='lat' dir='ltr'><strong>ulim</strong></span> <span class='ocrx_word' id='word_1_812' title='bbox 2077 5722 2313 5786; x_wconf 68' lang='grc' dir='ltr'>σφραγὶς</span> <span class='ocrx_word' id='word_1_813' title='bbox 2346 5718 2561 5788; x_wconf 56' lang='lat' dir='ltr'><strong>dictus;</strong></span> <span class='ocrx_word' id='word_1_814' title='bbox 2599 5715 2729 5788; x_wconf 63' lang='lat' dir='ltr'><strong>Vide</strong></span> <span class='ocrx_word' id='word_1_815' title='bbox 2763 5717 2986 5788; x_wconf 86' lang='lat' dir='ltr'><strong>Segaar.</strong></span> <span class='ocrx_word' id='word_1_816' title='bbox 3027 5718 3093 5775; x_wconf 91' lang='lat' dir='ltr'><strong>ad</strong></span> <span class='ocrx_word' id='word_1_817' title='bbox 3121 5716 3294 5774; x_wconf 86' lang='lat' dir='ltr'><strong>Clem.</strong></span> <span class='ocrx_word' id='word_1_818' title='bbox 3331 5719 3453 5772; x_wconf 44' lang='lat' dir='ltr'><strong>Ali:-</strong></span> 
     </span>
    </p>
   </div>
   <div class='ocr_carea' id='block_1_115' title="bbox 184 5771 1765 5856">
    <p class='ocr_par' dir='ltr' id='par_1_115' title="bbox 184 5771 1762 5850">
     <span class='ocr_line' id='line_1_116' title="bbox 184 5771 1762 5850; baseline 0.009 -24"><span class='ocrx_word' id='word_1_819' title='bbox 184 5775 396 5830; x_wconf 75' lang='lat' dir='ltr'><strong>\undt.</strong></span> <span class='ocrx_word' id='word_1_820' title='bbox 433 5792 452 5824; x_wconf 77' lang='grc' dir='ltr'><strong>ι</strong></span> <span class='ocrx_word' id='word_1_821' title='bbox 493 5771 627 5838; x_wconf 78' lang='lat' dir='ltr'><strong>Qttts</strong></span> <span class='ocrx_word' id='word_1_822' title='bbox 663 5777 812 5832; x_wconf 73' lang='lat' dir='ltr'><strong>dives</strong></span> <span class='ocrx_word' id='word_1_823' title='bbox 835 5771 1072 5835; x_wconf 53' lang='lat' dir='ltr'><strong>saltetttr</strong></span> <span class='ocrx_word' id='word_1_824' title='bbox 1110 5800 1128 5834; x_wconf 79' lang='grc' dir='ltr'><strong>ι</strong></span> <span class='ocrx_word' id='word_1_825' title='bbox 1164 5771 1285 5850; x_wconf 72' lang='lat' dir='ltr'><strong>pag.</strong></span> <span class='ocrx_word' id='word_1_826' title='bbox 1312 5771 1450 5850; x_wconf 75' lang='lat'><strong>380;</strong></span> <span class='ocrx_word' id='word_1_827' title='bbox 1485 5771 1699 5840; x_wconf 63' lang='lat' dir='ltr'><strong>Fabric.</strong></span> <span class='ocrx_word' id='word_1_828' title='bbox 1735 5805 1762 5840; x_wconf 74' lang='grc' dir='ltr'><strong>ει</strong></span> 
     </span>
    </p>
   </div>
   <div class='ocr_carea' id='block_1_116' title="bbox 1844 5771 2742 5856">
    <p class='ocr_par' dir='ltr' id='par_1_116' title="bbox 1844 5771 2742 5856">
     <span class='ocr_line' id='line_1_117' title="bbox 1844 5771 2742 5856; baseline -0.002 -15"><span class='ocrx_word' id='word_1_829' title='bbox 1844 5771 2332 5848; x_wconf 64' lang='grc' dir='ltr'>ι’δυιιιιοοΑὐῖιίιιίιῖ,</span> <span class='ocrx_word' id='word_1_830' title='bbox 2377 5804 2429 5856; x_wconf 87' lang='lat' dir='ltr'><strong>p.</strong></span> <span class='ocrx_word' id='word_1_831' title='bbox 2466 5787 2588 5849; x_wconf 75' lang='grc'><strong>557,</strong></span> <span class='ocrx_word' id='word_1_832' title='bbox 2621 5787 2742 5842; x_wconf 78' lang='grc'><strong>700.</strong></span> 
     </span>
    </p>
   </div>
  </div>
