4180 6458
179 444 201 497 1
213 439 304 496 C37

1327 435 1496 488 VITA
1535 430 1887 488 BABLAAM
1919 433 2013 487 ΕΤ
2046 433 2389 490 εοΑεΑΡΗ.

3422 436 3559 493 1038

172 565 424 643 στεφάνων
457 566 490 631 ἢ
538 563 819 635 τιμωριῶν
881 558 1131 632 πρόξενοι
1198 557 1460 632 γίνονται·
1515 560 1637 617 ταῖς
1692 575 1798 609 κα.-

1914 557 2273 630 ignoramus,
2309 560 2465 631 quod
2487 561 2991 632 quemadmodum
3023 561 3220 618 fumus
3265 578 3557 634 apes,eo-

177 641 351 729 θαρναῖς
381 650 438 706 δὲ
467 647 710 722 καρδίαις
755 646 978 702 ἐνοικεῖν
1039 646 1130 701 τὸν
1190 646 1428 720 Χριστὸν
1494 641 1604 716 ἅμα
1634 643 1802 719 Ηατρὶ

177 745 259 798 καὶ
313 740 441 816 ἁγίῳ
501 736 769 810 Πνεῦματι
822 734 1203 809 ἐπιστάμεθα..
1258 736 1349 796 Ὠς
1421 733 1468 789 δ’
1525 734 1590 789 αὗ
1641 733 1805 789 πάλιν

180 834 366 892 καπνὸς
426 829 726 902 μελίσσας,
787 826 930 899 οὕτω
986 826 1114 891 τους
1174 825 1450 902 πονηρους
1506 826 1807 902 λογισμοὺς

182 922 439 979 ἐκδιώκιιν
485 920 644 991 ἡμῶν
721 919 821 986 τήν
891 921 988 972 τοῦ
1044 915 1188 981 θείου
1274 915 1594 989 Πνεῦματος
1641 917 1802 990 χάριν

186 1010 575 1084 μεμαθήκαμεν.
616 1006 707 1061 Διὸ
740 1003 1016 1078 ἐπιμελῶς
1062 1006 1197 1081 πρὸς
1227 1009 1384 1060 τοῦτο
1416 1000 1584 1079 ἔχων,
1634 1006 1806 1060 πάντα

186 1101 527 1175 διαλογισμὸν
587 1097 880 1172 ἐμπαθείας
941 1094 1248 1171 ἀπαλείψας
1303 1102 1401 1166 τῆς
1459 1096 1668 1169 ψυχῆς,
1709 1096 1804 1157 τάς

183 1190 412 1267 ἀρίστους
472 1187 804 1261 ἐμφῦτευσον
863 1185 1072 1248 ἐνναίας
1109 1231 1122 1254 ,
1171 1186 1293 1240 ναὸν
1357 1186 1575 1240 σεαυτὸν
1635 1188 1807 1239 ποιῶν

178 1285 266 1336 τοῦ
295 1279 440 1354 άγίου
482 1277 814 1350 Πνεῦματος.
851 1277 944 1334 Ἐκ
972 1280 1079 1331 τῶν
1137 1273 1508 1351 διαλογισμῶν
1564 1275 1665 1351 γάρ
1716 1273 1804 1328 καὶ

180 1369 306 1446 πρὸς
333 1367 428 1430 τάς
457 1368 574 1422 κατ’
625 1365 893 1443 ἐνέργειαν
954 1365 1171 1441 πράξεις
1230 1363 1526 1439 ἐρχόμεθα·
1587 1362 1676 1418 καὶ
1707 1366 1808 1416 πᾶν

177 1459 370 1536 ἔργεν,
429 1457 534 1511 ἀπὸ
591 1454 796 1520 ἐννοίας
878 1455 965 1510 καὶ
1025 1453 1370 1526 ἐνθυμήσεως
1444 1453 1755 1529 προκόπτον
1791 1496 1805 1521 ,

1913 647 2047 703 dem
2063 648 2236 703 modo
2251 665 2443 721 prava:
2458 652 2842 723 cogitationes
2860 651 3297 724 diviniSpiritus
3309 654 3562 726 gratiam

1914 754 1947 792 a
1969 737 2142 793 nobis
2170 739 2528 810 propellunt.
2563 741 2955 806 Quamobrem
3001 759 3233 798 summo
3274 743 3468 798 studio
3497 744 3560 800 in

1914 826 2024 881 hoc
2040 828 2263 882 enitere
2286 833 2369 892 ut,
2402 828 2563 882 omni
2586 830 2794 884 vitiosa
2841 831 3194 903 cogitatione
3239 848 3327 897 ex,
3358 831 3557 887 animo

1915 921 2013 969 tuo
2041 917 2328 970 exstincta
2361 922 2415 970 et
2447 916 2659 984 deleta,
2695 920 2948 990 optimas
2963 937 3228 992 quasque
3253 922 3559 994 cogitatio-

1915 1021 2021 1058 nes
2045 1005 2104 1057 in
2132 1021 2199 1059 ea
2231 1005 2478 1072 inseras,
2514 1006 2921 1079 templumque
2954 1010 3202 1081 Spiritus
3226 1012 3412 1067 sancti
3445 1012 3552 1066 tei-

1916 1110 2087 1166 psum
2121 1094 2364 1150 efficias.
2424 1096 2723 1165 Siquidem
2784 1114 2887 1167 per
2927 1101 3312 1172 cogitationes
3343 1101 3418 1157 ad
3456 1119 3555 1159 ac-

1916 1184 2107 1237 tiones
2143 1183 2300 1254 ipsas
2330 1184 2636 1251 venimus;
2671 1191 2848 1256 atque
2880 1204 3055 1244 omne
3090 1206 3237 1261 opus
3273 1207 3307 1245 a
3339 1193 3558 1264 cogita-

1918 1274 2076 1328 tione
2095 1273 2396 1344 animique
2411 1273 2728 1344 agitatione
2745 1278 3149 1348 progrediens,
3176 1296 3416 1352 parvum
3439 1281 3556 1353 pri-

1917 1379 2012 1416 mo
2045 1362 2282 1417 inittum
2321 1362 2546 1434 arripii,
2579 1380 2644 1419 ac.
2692 1364 2905 1421 deinde
2939 1367 3127 1422 tacitis
3171 1369 3554 1426 incrementis

1917 1468 2259 1524 augescens,
2295 1453 2502 1524 ingens
2533 1453 2606 1508 ad
2639 1460 2964 1510 extremum
2991 1457 3264 1515 efﬁcitur.

181 1552 362 1622 μικρᾶς
395 1541 820 1620 ἐπιλαμϐάνεται
853 1544 1052 1621 ἀρχῆς,
1086 1547 1203 1599 εἶτα
1229 1549 1347 1605 ταῖς
1380 1545 1516 1598 κατά
1549 1541 1742 1616 μικρὸν
1766 1540 2045 1613 αὐξήσεσιν
2079 1539 2155 1602 εἷς
2192 1541 2406 1614 μεγάλα
2434 1539 2752 1616 καταλήγει.

241 1638 329 1692 Διὰ
376 1638 535 1692 τοῦτο
605 1632 746 1707 μηδέ
797 1633 943 1696 ὅλως
1017 1655 1114 1696 σου
1177 1634 1449 1709 κυριεῦσαι
1526 1635 1803 1703 συνήθειαν

1985 1631 2067 1686 0b
2101 1647 2228 1687 eam
2261 1633 2700 1695 causam,nullo
2714 1635 2888 1690 modo
2911 1638 3183 1708 permitte
3198 1646 3260 1694 ut
3282 1641 3554 1713 improba

174 1727 318 1802 ἐάσῃς
364 1725 725 1798 κακὴν,ἆλλά
777 1729 966 1798 νεαρᾶς
1000 1721 1076 1779 ἔτι
1115 1720 1301 1794 οὔσης,
1361 1718 1506 1796 ἔξελέ
1555 1744 1651 1777 σου
1701 1729 1802 1790 τῆς

169 1815 382 1893 καρδίας
412 1818 511 1886 τὴν
543 1814 786 1890 πονηράν
831 1814 1001 1890 ῥίζαν,
1047 1815 1138 1868 ’ἱνα
1202 1815 1301 1887 μή,
1335 1813 1594 1891 ἑμιρυεῖσα
1624 1812 1713 1868 καὶ
1749 1810 1799 1866 ἐν

175 1913 249 1981 τῷ
305 1907 449 1982 βάθει
505 1907 600 1967 τάς
659 1905 809 1981 ῥίζας
864 1902 1168 1976 ἐμπήξασα,
1221 1902 1426 1979 χρόνου
1482 1903 1573 1957 καὶ
1629 1901 1803 1956 κόπου

178 1998 336 2073 δεηθῇ
387 2000 483 2052 τοῦ
541 1995 920 2072 ἐκριζωθῆναι.
978 1995 1074 2048 Διά
1127 1997 1289 2049 τοῦτο
1345 1995 1449 2066 γάρ
1476 1993 1650 2047 ἀεὶτά
1683 1989 1803 2064 μείο

177 2095 293 2158 ζονα
320 2091 426 2143 τῶν
457 2084 862 2161 ἁμαρτημάτων
903 2082 1271 2159 ἐπεισέρχεται
1309 2084 1460 2156 ἡμῖν
1516 2082 1606 2137 καὶ
1637 2101 1804 2136 κατα-

171 2174 462 2233 δυναστεύει
518 2179 624 2229 τῶν
683 2172 964 2249 ἡμετέρων
1023 2176 1235 2248 ψυχῶν,
1291 2171 1371 2227 ὅτι
1428 2171 1494 2226 τά
1542 2167 1802 2225 ἐλάττονα

168 2271 313 2328 172
345 2266 605 2323 δοκοῦντα
638 2268 769 2321 εἶναι
799 2311 813 2335 ,
843 2266 953 2320 οἷον
996 2264 1319 2337 ἐνθυμήσεις
1347 2263 1608 2335 πονηραὶ,
1643 2260 1799 2337 λόγοι

165 2362 462 2434 ἁπρεπεῖς,-
495 2354 712 2431 ὁμιλίαι
761 2356 941 2427 κακαὶ,
976 2361 1076 2425 τῆς
1134 2353 1521 2430 προσηκούσης
1580 2350 1641 2406 οὐ
1670 2372 1799 2426 τυγ-

167 2451 318 2526 χάνει
377 2445 735 2521 διορθώσεως.
794 2447 998 2519 ’Ὠσπερ
1046 2445 1149 2518 γάρ
1192 2442 1242 2498 ἐν
1291 2447 1408 2504 τοῖς
1469 2442 1712 2512 σώμασιν
1748 2440 1800 2494 οἱ

168 2542 372 2612 μικρῶν
411 2536 916 2613 καταφρανήσαντες
946 2533 1269 2608 τραυμάτων
1329 2527 1625 2601 σηπεδόνας
1656 2527 1800 2584 πολ-

165 2627 319 2688 λάκις
375 2625 463 2681 καὶ
519 2623 744 2688 θάνατον
801 2623 1013 2686 ἑαυτοῖς
1069 2622 1454 2696 προεξένησαν,
1513 2617 1656 2675 οὕτω
1706 2619 1794 2674 καὶ

157 2719 266 2771 τῶν
298 2717 510 2790 ψυχῶν,
545 2714 596 2768 οἱ
637 2717 744 2768 τῶν
777 2717 987 2787 μικρῶν
1043 2711 1414 2785 ὑπερορῶντες
1465 2713 1649 2772 παθῶν
1710 2708 1800 2763 καὶ

162 2804 572 2878 ἁμαρτημάτων
609 2849 622 2872 ,
681 2804 746 2855 τά
811 2801 1031 2873 μείζονα
1088 2800 1448 2874 ἐπεισάγουσι·
1507 2799 1626 2862 καθ’
1677 2797 1802 2853 ὅσον

161 2892 220 2948 δὲ
249 2894 314 2947 τά
357 2893 577 2963 μείζονα
635 2889 1003 2964 ἐπεισέρχεται
1063 2890 1264 2958 αὐτοῖς,
1298 2887 1348 2942 ἐν
1401 2882 1501 2958 ἕξει
1533 2885 1797 2962 γινομένη

1915 1723 2278 1778 consuetudo
2293 1723 2395 1778 tibi
2416 1723 2758 1780 dominetur
2780 1744 2793 1791 ;
2811 1743 3009 1782 verum
3033 1729 3221 1784 donec
3242 1747 3448 1788 recens
3461 1740 3552 1791 est

1915 1827 2149 1883 parvam
2164 1811 2422 1867 radicem
2437 1829 2466 1866 e
2491 1819 2725 1883 pectore
2741 1820 2838 1869 tuo
2857 1816 3068 1884 evelle;
3091 1835 3164 1873 ne
3181 1819 3396 1891 alioqui
3414 1840 3547 1880 cum

1912 1901 2240 1972 pullularit,
2264 1918 2330 1957 ac
2361 1902 2590 1958 radices
2612 1919 2747 1959 suas
2768 1905 2883 1959 alte
2903 1906 3182 1973 inﬁxerit,
3205 1915 3410 1980 postea
3431 1929 3553 1969 non

1913 1991 2025 2046 nisi
2053 1991 2226 2064 longo
2247 1997 2532 2063 tempore,
2551 2007 2617 2048 ac
2640 2009 2851 2065 magno
2874 2011 3008 2049 cum
3023 1995 3224 2052 labore
3241 2001 3551 2073 exstirpari

1911 2083 2116 2152 possit.
2151 2081 2232 2137 Ob
2266 2082 2324 2135 id
2352 2082 2512 2137 enim
2535 2084 2763 2153 majora
2788 2090 3028 2155 peccata
3059 2087 3324 2156 quotidie
3342 2090 3415 2145 ad
3440 2108 3549 2148 nos

1911 2171 2136 2225 aditum
2167 2171 2407 2234 habent,
2432 2175 2608 2242 atque
2632 2172 2692 2225 in
2724 2173 2953 2227 animas
2973 2179 3206 2230 nostras
3228 2177 3545 2248 imperium

1911 2259 2202 2325 obtinent,
2236 2260 2519 2330 quoniam
2551 2260 2622 2314 iis
2656 2277 2787 2331 qnze
2824 2263 3056 2318 minoro
3090 2281 3218 2320 esse
3249 2266 3544 2339 videntur,

1909 2350 2020 2404 hoc
2050 2354 2140 2404 est
2169 2349 2453 2420 improbis
2475 2351 2948 2423 cogitationibus,
2969 2352 3300 2412 inhonestis
3322 2375 3547 2418 sermo-

1910 2440 2086 2495 nibus
2107 2482 2120 2506 ,
2155 2439 2448 2510 malisque
2478 2439 2791 2512 colloquiis
2831 2449 3228 2502 consentanea
3259 2453 3545 2514 correctio

1910 2530 2158 2585 minime
2181 2529 2765 2586 adhibetur.Utenim
2784 2533 2844 2586 in
2879 2535 3223 2605 corporibus
3247 2540 3346 2610 qui
3370 2558 3549 2612 parva

1910 2618 2151 2674 vulnera
2167 2618 2470 2691 negligunt
2483 2620 2708 2675 saniem
2727 2620 3072 2694 plerumque
3087 2641 3154 2680 ac
3169 2632 3416 2683 mortem
3436 2630 3548 2686 sibi

1910 2709 2053 2779 ipsis
2072 2713 2399 2772 accersunt,
2416 2708 2489 2762 ad
2503 2709 2776 2763 eumdem
2792 2711 3031 2767 modum
3054 2715 3231 2770 etiam
3255 2716 3313 2771 in
3333 2718 3546 2775 animis

1913 2799 2020 2852 hoc
2040 2815 2149 2852 usu
2168 2799 2345 2864 venit,
2378 2803 2443 2852 ut
2473 2798 2572 2868 qui
2598 2795 2844 2854 minima
2865 2801 3004 2856 vitia
3023 2818 3090 2858 ac
3113 2811 3352 2875 peccata
3372 2809 3546 2863 nihili

1911 2885 3193 2958 pendunt.graviorasibiinvehant.Quatenus
3207 2902 3402 2950 autem
3417 2913 3547 2969 gra-

156 2984 195 3049 ἡ
224 2983 376 3056 ψυχή
410 2986 751 3054 καταφρονεῖ.
798 2974 1024 3046 ’Ᾱσεόἠς
1054 2977 1177 3053 γάρ,
1229 2974 1389 3052 φησίν
1441 2979 1572 3047 (46),
1628 2974 1798 3069 ἐλθῶν

1913 2977 2070 3030 viora
2101 2980 2340 3046 peccata
2370 2974 2513 3045 ipsis
2554 2975 2924 3043 oboriuntur,
2974 2988 3273 3037 contracto
3304 2985 3546 3042 tandem

156 3071 235 3133 εἷς
272 3071 432 3145 βάθος
487 3073 668 3124 κακῶν
727 3073 1068 3144 καταφρονεῖ,
1121 3065 1210 3121 καὶ
1271 3065 1464 3122 λοιπὸν
1519 3065 1698 3138 ὥσπερ
1740 3065 1798 3126 ὗς

154 3156 645 3232 ἐγκυλινδοῦμενος
707 3152 962 3232 βορϐόρῳ
1018 3153 1198 3225 ἣδεται
1258 3157 1390 3227 (47),
1445 3154 1586 3210 οὕτω
1641 3153 1730 3208 καὶ
1763 3157 1797 3223 ἡ

153 3249 312 3322 ψυχὴ
347 3246 550 3318 ἐκείνη,
591 3251 712 3308 ταῖς
765 3251 954 3308 κακαῖς
1011 3244 1313 3315 συνηθείαις
1362 3248 1798 3318 καταχωσθεῖσα,

157 3337 288 3392 οὐδὲ
320 3337 567 3407 αἴσθησιν
622 3330 890 3408 λαμϐάνει
943 3342 1043 3404 τῆς
1087 3341 1199 3389 τῶν
1232 3335 1639 3408 ἁμαρτημάτων
1673 3330 1800 3387 δυσ-

156 3425 352 3494 ωδίας,
385 3425 530 3482 ἀλλὰ
556 3425 804 3501 τέρπεται
867 3422 1081 3498 μᾶλλον
1115 3424 1304 3486 αὐταῖς
1334 3423 1422 3478 καὶ
1469 3421 1799 3494 ἐνηδύνεται,

154 3518 235 3578 ὡς
298 3517 497 3592 ἀγαθοῦ
552 3535 699 3577 τινος
755 3522 856 3584 τῆς
913 3514 1100 3577 κακίας
1158 3508 1647 3590 ἀντεχομένη·κᾶν
1705 3513 1804 3586 ὀψέ

149 3604 220 3676 δή
256 3625 394 3661 ποτε
425 3604 750 3661 ἀνανεύουσα
781 3604 858 3668 εἷς
887 3602 1134 3673 αἶ’σθησιν
1185 3600 1338 3677 ἔλθῃ,
1397 3601 1553 3674 κόπῳ
1604 3599 1803 3673 πολλῷ

149 3694 243 3749 καὶ
284 3692 476 3768 ἱδρῶτι
534 3691 936 3770 ἐλευθεροῦται,
997 3693 1079 3754 οἷς
1109 3694 1220 3764 (48)
1252 3690 1491 3746 ἐθελοντὶ
1549 3687 1803 3746 κατεδοῦο

151 3785 344 3839 λευσεν
383 3783 574 3853 ἑαυτὴν
606 3783 675 3850 τῆ
697 3779 921 3856 ’πονηρᾷ
952 3782 1224 3853 συνηθείᾳ.

224 4051 328 4105 Διά

145 4142 333 4209 πάσης
366 4140 565 4202 ἐννοίας
623 4139 712 4194 καὶ
772 4139 1123 4211 ἐνθυμήσεως
1179 4142 1420 4211 πονηρᾶς
1478 4137 1567 4190 καὶ
1625 4136 1802 4205 πάσης

142 4229 438 4300 ἐμπαθῶς
497 4227 799 4298 συνηθείας·
865 4225 1076 4299 μᾶλλον
1137 4223 1195 4281 δὲ
1249 4231 1366 4287 ταῖς
1417 4225 1632 4302 ἀρεταῖς
1666 4221 1805 4292 ἔθιζε

141 4319 342 4373 ἐαυτὸν
373 4319 464 4372 καὶ
519 4316 568 4372 ἐν
610 4312 709 4390 ἔξει
764 4323 866 4386 τῆς
920 4316 1129 4371 τούτων
1191 4319 1351 4390 γενοῦ
1404 4313 1678 4389 ἐργασίας.
1739 4314 1801 4368 Εἰ

424 4055 585 4105 τοῦτο
661 4050 803 4125 πάσῃ
851 4046 1075 4122 δυνάμει
1139 4046 1407 4123 μάκρυνον
1459 4048 1647 4102 ἑαυτὸν
1698 4048 1803 4101 ἀπὸ

1912 3065 2115 3119 habitu
2131 3065 2327 3118 anima
2350 3064 2409 3117 in
2428 3070 2829 3135 contemptum
2852 3068 3024 3123 cadit.
3050 3070 3270 3142 Impius
3289 3075 3446 3129 enim
3461 3075 3546 3130 in-

1907 3156 2035 3227 quit
2084 3155 2209 3225 Ille,
2259 3172 2394 3209 cum
2429 3155 2488 3209 in
2518 3155 2877 3226 profundum
2937 3162 3184 3229 venerit,
3219 3167 3550 3222 contemnit

1906 3245 2090 3315 (Prov.
2117 3245 2232 3313 vn).
2269 3247 2348 3299 Ac
2391 3244 2692 3316 deinceps,
2726 3253 2790 3299 ut
2841 3264 2940 3304 sus
2971 3250 3030 3304 in
3077 3269 3242 3307 emno
3295 3255 3544 3311 volutari

1907 3334 2217 3406 gaudet(U
2242 3335 2417 3389 Peter.
2453 3335 2540 3404 ιι),
2573 3335 2656 3389 sic
2676 3337 2850 3391 etiam
2867 3339 3186 3396 auimailla
3203 3360 3549 3412 pravaecon-

1910 3421 2210 3478 suetudini
2241 3423 2624 3487 immersa,ne
2647 3430 3017 3494 peccatorum
3043 3430 3279 3499 quidem
3299 3432 3547 3489 fetorem

1910 3512 2108 3578 sentit,
2141 3527 2341 3565 verum
2374 3511 2730 3584 potiusipsis
2747 3515 2960 3585 gaudet
2996 3523 3053 3571 et
3075 3518 3420 3587 oblectatur,
3451 3524 3546 3578 vi-

1911 3603 2174 3671 tiumque
2207 3602 2395 3655 instar
2414 3599 2552 3656 boni
2577 3602 2905 3673 cujuspiam
2939 3608 3267 3664 arctissime
3309 3613 3547 3669 retinet.
3589 3611 3591 3614 ⁴

1908 3693 2096 3760 Atque
2116 3695 2181 3744 ut
2210 3691 2388 3743 etiam
2428 3689 2769 3761 aliquando,
2789 3699 3026 3765 recepta
3063 3698 3294 3753 meliori
3327 3707 3544 3770 mente,

1910 3776 2201 3832 scelerum
2235 3793 2475 3832 suorum
2507 3793 2686 3833 sensu
2713 3779 3024 3850 afficiatur,
3056 3801 3177 3839 non
3201 3791 3399 3843 tamen
3420 3790 3548 3845 sine

1909 3881 2121 3936 magno
2153 3863 2353 3919 labore
2375 3881 2442 3919 ac
2477 3863 2691 3921 sudore
2711 3883 2743 3922 a
2774 3885 2950 3939 prava
2980 3876 3428 3945 consuetudine,
3453 3878 3545 3934 cui

1910 3955 2065 4008 ultro
2089 3970 2155 4008 ac
2178 3961 2385 4024 sponte
2419 3971 2478 4008 se
2513 3955 2570 4009 in
2597 3957 2936 4013 servitutem
2961 3959 3205 4032 addixit,
3238 3963 3544 4026 liberatur.

1911 4044 2195 4109 Quocirca
2210 4043 2486 4098 omnibus
2508 4045 2730 4100 viribus
2745 4046 2818 4101 ab
2842 4050 2998 4103 omni
3021 4052 3178 4107 mala
3194 4054 3547 4126 cogitatione

1911 4140 2086 4205 atque
2105 4133 2264 4187 omni
2282 4133 2488 4190 vitiosa
2500 4151 2604 4190 con
2616 4137 2928 4192 suetudine
2947 4145 3333 4199 teremove.ac
3353 4147 3546 4215 potius

1912 4243 1931 4277 ι
1948 4223 2530 4291 irtutibusassuesce,
2557 4241 2772 4295 easque
2793 4227 2872 4281 ita
2894 4229 3020 4283 cole
3052 4235 3224 4302 atque
3242 4249 3466 4300 exerce,
3485 4239 3551 4288 ut

1915 4329 2116 4368 earum
2137 4312 2376 4367 habitus
2393 4313 2494 4366 tibi
2515 4319 3058 4384 comparetur.1\'am
3073 4321 3117 4373 si
3136 4322 3376 4390 paulum
3392 4323 3549 4377 labo-

145 4410 250 4480 γάρ
287 4407 483 4480 μικρὸν
545 4405 822 4467 κοπιάσεις
856 4405 908 4460 ἐν
961 4404 1139 4466 αὐτοῖς
1173 4404 1264 4458 καὶ
1292 4404 1349 4458 ἐν
1409 4402 1509 4474 ἔξει
1557 4403 1800 4477 γενέσθαι

1916 4402 1995 4455 ris
2027 4401 2086 4455 in
2117 4401 2259 4471 ipsis
2281 4402 2632 4471 susceperis,
2669 4409 2844 4472 atque
2878 4421 3078 4460 earum
3113 4408 3377 4463 habitum
3405 4427 3549 4465 con-

149 4495 454 4570 ἰσχύσεις,
515 4496 735 4550 ἀκόπως
795 4492 988 4548 λοιπὸν
1061 4497 1130 4567 τῇ
1185 4498 1282 4547 τοῦ
1341 4496 1474 4547 Θεοῦ
1531 4491 1805 4565 συνεργείᾳ

150 4585 477 4659 προκόψεις.
510 4586 574 4641 Ἡ
604 4584 704 4658 γάρ
733 4581 839 4654 ἕξις
888 4590 986 4652 τῆς
1044 4583 1238 4656 ἀρετῆς
1293 4585 1362 4654 τῇ
1423 4579 1574 4653 ψυχῇ
1628 4599 1806 4632 ποιω-

151 4678 331 4742 θεῖσα,
367 4674 442 4735 ὡς
475 4674 565 4728 ἅτε
598 4673 828 4747 φυσικὴν
863 4672 1170 4746 συγγένειαν
1201 4669 1336 4744 πρὸς
1383 4669 1550 4736 αὐτὴν
1604 4667 1805 4740 ἔχουσα

149 4761 243 4814 καὶ
307 4764 400 4816 τὸν
451 4764 579 4818 Θεὸν
638 4762 892 4836 συνεργὸν
950 4760 1300 4831 κεκτημένη,
1359 4751 1806 4828 δυσμετάϐλητος

147 4847 360 4921 γίνεται
419 4853 568 4908 178
627 4851 717 4906 καὶ
784 4850 904 4906 λίαν
959 4848 1335 4923 ἀσφαλεστάτη
1369 4891 1382 4915 ,
1441 4845 1620 4905 καθὼς
1680 4845 1806 4915 ὁρᾷς

153 4937 239 4990 ὅτι
275 4941 312 5008 ἡ
348 4937 565 5014 ἀνδρεία
623 4936 718 4995 κκῖ
770 4939 1050 5017 φρόνησις,
1113 4935 1433 5012 σωφροσύνη
1493 4955 1550 4988 τε
1599 4933 1689 4987 καὶ
1726 4931 1808 4986 δι-

150 5027 420 5097 καιοσύνη
453 5032 564 5101 (49)
603 5023 1046 5100 δυσμετάϐλητάί
1104 5024 1257 5092 εἰσιν,
1318 5019 1450 5093 ἔξεις
1507 5023 1655 5075 οὖσαι
1705 5027 1806 5090 τῆς

153 5117 354 5190 ψυχῆς
381 5119 471 5172 καὶ
528 5117 831 5187 ποιότητες
872 5114 960 5170 καὶ
1004 5113 1272 5188 ἐνέργεται
1324 5109 1412 5166 διὰ
1464 5113 1660 5187 βάθους
1716 5131 1806 5164 κε-

155 5211 503 5276 χωρηκυῖαι.
538 5206 603 5264 Εἰ
635 5207 738 5281 γάρ
771 5206 837 5260 τά
877 5203 1019 5274 πάθη
1076 5209 1177 5272 τῆς
1231 5200 1438 5267 κακίας,
1500 5200 1560 5254 οὗ
1614 5200 1811 5276 cost-Ai

147 5293 297 5362 ἡμῖν
334 5293 482 5364 ὅντα,
541 5294 668 5351 ἀλλ’
700 5295 890 5368 ἐξωθεν
952 5290 1352 5359 ἐπεισελθῦντα,
1404 5289 1563 5358 ἡνίκα
1622 5287 1674 5343 ἐν
1708 5283 1808 5360 ἔξει

144 5380 446 5453 γένωνται,
479 5378 899 5455 δυσμετάϐλητά
936 5382 1063 5453 εἰσι,
1093 5381 1246 5452 πόσῳ
1283 5377 1519 5452 ,μᾶλλον
1553 5381 1587 5446 ἡ
1621 5377 1807 5448 ἀρετή,

230 5509 352 5572 (46)
384 5509 656 5563 Proverb.
692 5526 842 5574 xvm,
876 5511 928 5564 3.

232 5580 355 5646 (47)
387 5579 549 5636 Conf.
583 5599 639 5648 p.
665 5583 752 5648 88,
785 5597 843 5634 n.
878 5583 965 5637 60.

234 5651 352 5716 (48)
384 5650 443 5716 c,
476 5651 546 5702 ὧν

150 5737 216 5770 τρι
225 5736 442 5774 manca.

1917 4490 2182 4558 traxeris,
2218 4496 2438 4560 postea,
2477 4491 2590 4544 Deo
2615 4491 2877 4560 juvante,
2899 4494 3045 4548 citra
3076 4495 3337 4552 laborem
3360 4499 3548 4553 ullum

1918 4579 2208 4650 proﬁcies.
2244 4578 2546 4648 Siquidem
2582 4580 2808 4633 virtutis
2841 4581 3075 4636 habitus
3101 4585 3314 4638 animae.
3337 4587 3551 4642 insitus

1916 4673 2117 4738 utpote
2137 4666 2466 4721 naturalem
2483 4683 2615 4724 cum
2632 4684 2699 4722 ea
2713 4671 3120 4738 cognationem
3143 4674 3386 4739 habens,
3409 4676 3552 4730 Dei-

1917 4772 2028 4826 que
2057 4753 2438 4824 opeadjutus,
2476 4755 2560 4807 vix
2583 4757 2826 4810 omnino
2853 4762 3238 4816 mutationem
3253 4764 3434 4819 ullam
3457 4783 3555 4819 re-

1917 4845 2078 4913 cipit,
2114 4849 2288 4912 atque
2324 4843 2379 4895 in
2411 4842 2618 4912 primis
2662 4845 2862 4899 ﬁrmus
2914 4854 3020 4914 est,
3056 4853 3551 4920 quemadmodum

1920 4932 2076 4986 vides
2106 4930 2516 4985 fortitudinem
2545 4939 2594 4986 el
2634 4933 3029 5006 prudentiam,
3073 4942 3554 5011 temperantiam-

1919 5037 2030 5092 que
2064 5021 2201 5074 item
2235 5021 2631 5090 acljustitiam,
2666 5023 2752 5076 vix
2781 5026 3020 5082 omnino
3046 5033 3432 5086 mutationem
3465 5031 3554 5086 ul-

1919 5111 2036 5165 lam
2081 5108 2414 5173 admittere,
2456 5115 2763 5180 propterea
2797 5113 2953 5182 quod
2987 5117 3194 5172 animae
3237 5119 3468 5173 habitus
3500 5124 3557 5173 et

1921 5198 2237 5270 qualitates
2270 5205 2327 5250 et
2353 5200 2722 5268 operationes
2765 5203 2900 5271 sint,
2935 5220 3060 5259 eam
3097 5208 3334 5275 penitus
3375 5225 3552 5278 pene-

1923 5289 2314 5341 trantesNam
2333 5303 2464 5342 eum
2481 5288 2601 5342 vitii
2618 5291 3116 5364 affectiones,qu:e
3137 5296 3306 5349 nobis
3320 5312 3435 5350 non
3455 5312 3554 5348 na-

1927 5375 2164 5440 lurales,
2182 5375 2278 5428 sed
2297 5375 2478 5429 adven
2492 5384 2502 5428 ι
2518 5378 2527 5429 i
2541 5377 2631 5430 tier.
2648 5385 3193 5452 sunt,posteaquam
3209 5384 3278 5437 ad
3294 5383 3558 5436 habitum

630 5647 746 5706 ene,
767 5651 862 5711 οἷς.
882 5651 1103 5724 Billyus
1131 5652 1278 5706 bene
1306 5667 1317 5705 :
1347 5666 1492 5721 pom'
1530 5648 1712 5703 s‘esh'e
1746 5647 2199 5701 volontaircmen!
2230 5647 2494 5700 souhmiw
2521 5651 2552 5727 rt
2586 5647 2638 5700 In,
2668 5650 2937 5702 servitudc
2967 5647 3030 5700 de
3061 5647 3335 5699 immrtaisc
3367 5662 3565 5700 ara-ou-

234 5791 360 5864 (49)
400 5793 638 5848 Lemma
669 5794 726 5848 in
771 5797 812 5848 Α
843 5811 854 5848 :
887 5791 1200 5863 Σημείωσαι
1231 5790 1368 5852 τίνες
1399 5791 1452 5844 αἱ
1487 5789 1720 5868 μεγάλαι
1751 5788 2000 5867 τέσσαρες
2030 5786 2233 5866 ἀρεταί.
