4180 6458
184 481 300 544 i‘lil

1260 456 1433 516 Vl'l‘A
1473 454 1830 513 BARLAAM
1868 454 1960 512 ΕΤ
2001 450 2353 511 JOASAPIL

3287 468 3422 526 1042

175 575 317 647 αὖτῷ
346 575 438 630 καὶ
468 574 763 648 πρόσωπον
793 572 928 645 πρὸς
960 571 1254 644 πρόσωπον
1294 570 1406 641 (56)
1438 569 1589 640 αὐτῴ
1628 569 1745 622 δια-

1863 584 1917 629 et
1945 583 2175 631 tremore
2202 590 2387 646 preces
2412 578 2475 629 ad
2506 591 2624 632 eum
2654 576 2890 643 adhibet,
2924 576 3010 631 hic
3038 575 3285 630 nimirum
3309 590 3429 629 cum

174 666 410 733 λέγεται.

242 841 480 912 Πάρεστι
512 839 618 910 γὰρ
650 838 928 909 πανταχοῦ
980 839 1007 892 ὁ
1039 838 1243 907 ἀγαθὸς
1276 839 1434 910 ἡμῶν
1472 841 1748 909 Δεσπότης

170 932 458 986 ἐπακούων
505 932 614 986 τῶν
660 932 971 1001 εἰλικρινῶς
1020 932 1114 985 καὶ
1143 931 1401 1004 καθαρῶς
1450 948 1749 1010 προσερχο-

172 1028 346 1095 μένων
379 1023 549 1095 αὐτῷ,
601 1024 853 1094 καθάπερ
894 1024 1060 1094 φησὶν
1106 1027 1133 1078 ὁ
1158 1025 1483 1096 Προφήτηςο
1522 1024 1747 1094 Ὀφθαλ-

174 1117 263 1181 poi.
297 1115 408 1188 (57)
457 1117 664 1189 Κυρίου
705 1117 798 1170 ἐπί
852 1117 1117 1183 δικαίους,
1172 1118 1267 1171 καὶ
1314 1112 1426 1172 ὦτα
1459 1116 1623 1171 αὑτοῦ
1668 1119 1750 1183 εἰς

173 1207 355 1277 δέησιν
383 1208 584 1263 αὐτῶν.
624 1208 734 1263 Καὶ
765 1208 855 1261 διὰ
893 1209 1056 1262 τοῦτο
1093 1211 1141 1263 οἱ
1172 1210 1418 1280 Πατέρες
1443 1211 1542 1280 τὴν
1578 1227 1750 1281 προσ-

173 1299 336 1371 ευχὴν
379 1301 571 1354 ἕνωσιν
622 1300 913 1371 ἀνθρώπου
964 1302 1101 1373 πρὸς
1152 1302 1285 1355 Θεὸν
1315 1303 1611 1372 ὁρίζονται.
1656 1303 1750 1358 καὶ

174 1390 333 1462 ἔργον
362 1391 614 1461 ἀγγέλων
645 1391 851 1463 ταύτην
898 1391 1146 1454 καλοῦσί,
1179 1394 1275 1448 καὶ
1304 1394 1403 1464 τῆς
1447 1393 1749 1465 μελλούσης

173 1482 519 1554 εὐφροσύνης
559 1483 846 1556 προοίμιον
900 1483 1034 1556 (58).
1107 1485 1260 1538 Ἐπεὶ
1311 1486 1422 1559 γὰρ
1472 1486 1750 1557 βασιλείαν

172 1573 418 1644 οὐρανῶν
476 1574 577 1645 τὴν
628 1574 908 1645 ἐγγύτητα
970 1575 1065 1631 καὶ
1125 1577 1361 1648 Θεωρίαν
1427 1580 1531 1649 τῆς
1590 1579 1752 1647 ἁγίας

172 1666 404 1735 Τριάδος
444 1666 606 1720 πλέον
646 1668 866 1721 πάντων
891 1666 1153 1732 τίθενται,
1188 1669 1329 1738 πρὸς
1363 1667 1523 1722 τοῦτο
1564 1669 1621 1723 δὲ
1659 1670 1753 1722 καὶ

173 1756 208 1823 η
240 1754 337 1825 τῆς
372 1755 540 1825 εὐχῆς
568 1754 898 1827 προσεδρεία
938 1756 1028 1810 τὸν
1069 1756 1194 1811 νοῦν
1221 1759 1575 1828 χειραγωγεϊ,
1603 1758 1751 1811 είκό-

169 1860 283 1906 τως
323 1846 609 1915 προοίμιον
646 1846 742 1899 καὶ
774 1847 939 1901 οἱονεὶ
971 1848 1368 1919 προεικόνισμα
1407 1850 1621 1920 ἐκείνης
1652 1850 1751 1919 τῆς

173 1935 577 2005 μακαριότητος
619 1938 880 2008 κέκληται
916 1937 1078 2008 αὕτη.
1120 1939 1195 1994 Ού
1228 1940 1377 1993 πᾶσα
1406 1938 1462 1992 δὲ
1495 1939 1627 2011 εὐχὴ
1655 1942 1747 1993 ού-

168 2026 307 2077 τωσὶ
354 2027 713 2101 καθέστηκεν,
756 2030 871 2084 ἀλλ’
911 2030 944 2100 ἠ
982 2028 1082 2098 τῆς
1133 2030 1503 2102 προσηγορίας
1541 2031 1746 2100 ταύτης

167 2114 343 2180 ὅντως
373 2117 530 2185 ἀξία,
568 2122 601 2191 ἡ
635 2120 766 2173 Θεὸν
809 2118 1007 2191 ἔχουσα
1040 2120 1383 2184 διδάσκαλον,
1414 2122 1505 2175 τὸν
1538 2120 1747 2174 διδόντα

168 2205 340 2273 εὐχὴν
363 2206 441 2276 τῷ
466 2208 764 2279 εύχομένῳ,
792 2210 825 2279 ή
858 2208 1076 2261 πάντων
1113 2209 1219 2262 τῶν
1247 2210 1337 2264 ἐπὶ
1372 2210 1475 2281 γῆς
1501 2211 1744 2279 ὑπεραρ-

167 2295 332 2351 θείσα
351 2298 445 2352 καὶ
465 2298 542 2369 τῷ
561 2300 805 2371 Δεσπότῃ
830 2300 949 2372 Θεῷ
969 2300 1188 2371 άμέσως
1215 2302 1635 2371 ἐντυγχάνουσα.

249 2476 465 2549 Ταύτην
498 2479 710 2552 σεαυτῷ
738 2481 1048 2552 περιποιοῦ,
1083 2483 1178 2536 καὶ
1208 2484 1286 2547 είς
1314 2483 1518 2554 ταύτην
1546 2484 1749 2553 ἀγωνί-

166 2567 271 2632 ζου
300 2569 397 2639 τὴν
438 2572 757 2640 προκοπήν·
811 2570 972 2643 ἱκανὴ
1017 2573 1125 2644 γὰρ
1156 2573 1388 2644 ὑπάρχει
1425 2575 1487 2627 ἐκ
1528 2575 1634 2644 γῆς
1669 2575 1749 2637 είς

164 2659 434 2729 οὐρανοὺς
462 2660 745 2730 άνυψῶσαί
778 2678 859 2716 σε.
887 2664 999 2716 Ούκ
1028 2664 1430 2735 ἀπαρασκεύως
1459 2665 1515 2718 δὲ
1550 2666 1645 2717 καὶ
1671 2666 1744 2729 ὡς

166 2748 328 2820 ἔτυχε
358 2751 649 2822 προκόψεις
671 2753 727 2805 ὲν
758 2753 928 2825 ταύτῃ
950 2770 961 2782 ·
988 2754 1145 2820 ἀλλὰ,
1172 2756 1393 2810 πάντων
1418 2756 1528 2810 τῶν
1557 2756 1744 2810 παθῶν

164 2845 272 2913 τὴν
317 2843 495 2913 ψυχὴν
542 2846 921 2917 προκαθάρας,
964 2849 1059 2901 καὶ
1096 2850 1277 2919 πάσης
1312 2852 1556 2919 πονηρᾶς
1588 2852 1745 2903 ἐνου-

169 2935 394 3006 μήσεως
422 2936 628 3005 ταύτην
654 2937 979 3011 ἀποσμήξας
1014 2939 1088 3004 ὡς
1123 2940 1364 3013 καθαρὸν
1399 2943 1490 2995 καὶ
1512 2943 1745 3013 νεόσμη-

168 3041 301 3077 κτον
345 3025 630 3097 ἔσοπτρον,
692 3029 852 3099 176
899 3029 1081 3100 πάσης
1130 3048 1188 3083 τε
1236 3033 1601 3102 μνησικακίας
1653 3036 1747 3087 καὶ

172 3116 397 3184 μήνιδος
439 3119 664 3170 σεαυτὸν
706 3120 1012 3190 μακρύνας,
1044 3122 1165 3191 ἥτις
1213 3123 1375 3176 πλέον
1407 3124 1624 3177 πάντων
1649 3124 1749 3186 τάς

1863 681 1927 719 eo
1948 666 2383 720 consuetudinem
2408 666 2588 732 habet,
2630 667 2870 737 facieque
2900 668 2966 722 ad
2998 666 3188 722 faciem
3216 681 3335 721 cum
3367 684 3431 720 eu

1860 754 2195 822 colloquitur.

1934 842 2207 912 Siquidem
2237 843 2407 898 bonus
2436 850 2616 897 noster
2665 843 2802 897 Deus
2841 856 2905 897 ac
2954 842 3207 896 Dominus
3237 842 3431 910 ubique

1859 933 2028 996 adest,
2054 949 2147 989 eos
2166 935 2251 1004 qui
2277 936 2485 988 sincero
2507 949 2569 988 ac
2592 950 2721 1002 puro
2745 936 2925 989 animo
2951 937 3120 1001 ipsum
3149 944 3432 998 precantur

1863 1026 2167 1090 exaudiens,
2194 1026 2636 1094 quemadmodum
2662 1028 2735 1079 ait
2765 1025 3030 1094 Propheta
3077 1040 3092 1079 :
3138 1024 3289 1079 Oculi
3323 1025 3431 1077 Do-

1858 1116 1985 1169 mini
2016 1130 2175 1182 super
2214 1117 2400 1183 justus,
2452 1127 2505 1170 et
2552 1132 2710 1170 aures
2748 1116 2862 1184 ejus
2911 1118 2962 1171 in
3014 1130 3199 1186 preces
3245 1130 3428 1170 eorum

1859 1206 2025 1277 (I’sal.
2058 1211 2268 1276 nam).
2322 1209 2436 1274 Quo
2480 1209 2538 1262 lit
2587 1218 2644 1263 ut
2689 1209 2873 1263 Patres
2902 1208 3128 1262 hominis
3172 1223 3293 1262 cum
3324 1207 3431 1262 Deo

1858 1295 2285 1367 conjunctionem
2310 1300 2603 1351 orationem
2634 1313 2756 1354 esse
2785 1298 3065 1362 deliniant,
3088 1312 3311 1364 eamque
3336 1312 3431 1350 an-

1856 1390 2093 1457 gelorum
2126 1404 2259 1459 opus
2281 1405 2341 1444 ac
2366 1390 2555 1445 futurae
2581 1390 2774 1445 laititizn
2802 1389 3115 1458 przeludium
3137 1389 3429 1456 appellent.

1856 1479 2125 1549 Siquidem
2159 1482 2209 1535 in
2239 1480 2337 1535 hoc
2357 1484 2535 1550 potius
2555 1497 2711 1552 quam
2735 1482 2785 1535 in
2808 1481 2927 1535 ullis
2949 1480 3065 1533 aliis
3087 1479 3248 1534 rebus
3269 1480 3429 1533 situm

1858 1584 1977 1625 esse
2020 1570 2279 1625 caelorum
2325 1586 2547 1642 regnum
2595 1580 2836 1637 censent,
2874 1581 2930 1625 ut
2958 1572 3076 1640 quis
3104 1572 3167 1622 ad
3192 1577 3429 1622 sanctam

1862 1658 2168 1713 Trinitatem
2229 1660 2655 1728 appropinquet,
2738 1674 2965 1727 eamque
3020 1659 3431 1725 contempletur.

1858 1753 2021 1816 Quam
2046 1751 2255 1819 quidem
2286 1751 2351 1806 ad
2386 1766 2497 1805 rem
2528 1766 2647 1805 cum
2676 1751 2927 1820 precandi
2968 1750 3252 1804 assiduitas
3274 1764 3426 1802 men-

1860 1854 1961 1895 tem
1992 1842 2138 1895 velut
2168 1856 2325 1895 manu
2356 1840 2532 1909 ducat,
2575 1856 2680 1895 non
2709 1840 2805 1895 abs
2837 1855 2894 1894 re
2916 1840 3259 1894 beatitudinis
3289 1840 3431 1893 illius

1782 1913 1826 1969 Β
1861 1932 2169 1999 praeludtum
2216 1948 2279 1989 ac
2326 1933 2470 1988 velut
2516 1932 2719 2001 effigies
2764 1934 3005 2002 quaedam
3036 1934 3297 2001 appellata
3325 1941 3427 1986 est.

1861 2026 2060 2081 Verum
2133 2038 2244 2079 non
2409 2028 2581 2081 omnis
2611 2027 2784 2080 oratio
2808 2024 3069 2095 ejusmodi
3101 2033 3217 2089 est;
3251 2023 3344 2079 sed
3367 2040 3428 2079 ea

1858 2118 2068 2170 demum
2090 2114 2190 2170 hoc
2220 2114 2436 2170 nomine
2467 2114 2819 2180 nuncupanda
2846 2123 2950 2177 est,
2975 2126 3093 2182 qua:
3124 2114 3309 2177 Deum,
3339 2111 3427 2181 qui

1856 2206 2110 2263 orationis
2154 2206 2428 2261 materiam
2477 2204 2819 2273 suppeditat,
2873 2204 3183 2270 magistrum
3236 2203 3425 2269 habet,

1856 2312 2077 2368 quasque
2116 2312 2276 2367 supra
2308 2308 2514 2352 terrena
2561 2295 2740 2350 omnia
2788 2295 3060 2364 assurgit,
3102 2303 3261 2364 atque
3305 2309 3427 2349 cum

1858 2392 2078 2446 ltotniuo
2104 2390 2317 2445 Christo
2341 2390 2458 2444 sine
2481 2387 2580 2442 ulla
2614 2386 2926 2443 intermedia
2955 2401 3014 2441 re
3035 2395 3293 2441 versatur.

1928 2487 2073 2541 lianc
2092 2485 2246 2541 velim
2275 2483 2364 2538 tibi
2386 2485 2648 2552 acquiras,
2678 2492 2833 2551 atque
2865 2481 2915 2535 in
2945 2494 3008 2535 ea
3040 2479 3258 2545 provehi
3285 2494 3418 2534 con-

1859 2580 2064 2635 tendas.
2091 2577 2294 2635 Etenim
2321 2576 2433 2645 ip~a
2466 2576 2601 2630 hanc
2629 2575 2731 2628 vim
2765 2576 2941 2639 habet,
2976 2582 3034 2627 ut
3064 2580 3120 2627 te
3146 2589 3173 2626 a
3205 2581 3344 2627 terra
3376 2572 3427 2625 io

1857 2674 2021 2728 «‘mlos
2076 2670 2371 2725 subvehere
2410 2671 2593 2737 possit.
2637 2668 2903 2722 Caeterum
2946 2680 3050 2721 non
3103 2675 3324 2729 temere,
3364 2679 3430 2720 ac

1858 2780 1973 2821 sine
2002 2766 2105 2820 ulla
2136 2763 2524 2831 prmparatione
2547 2762 2597 2815 in
2628 2760 2739 2829 ipsa
2770 2773 3085 2831 progressus
3113 2759 3310 2824 facies;
3340 2775 3428 2816 ve-

1858 2873 1974 2910 rum
2002 2857 2074 2910 ita
2102 2855 2338 2917 demum,
2370 2855 2412 2910 si
2439 2854 2669 2908 animam
2698 2862 2838 2907 tuam
2864 2854 2933 2908 ab
2954 2852 3200 2907 omnibus
3221 2852 3429 2907 vitiosis

1858 2947 2227 3003 achclitmibtts
2257 2948 2403 3015 prius
2433 2947 2757 3015 repurgaris,
2804 2960 3029 3016 eamque
3055 2945 3123 3001 ab
3151 2945 3297 3000 omni
3329 2945 3428 2999 im-

1859 3040 2018 3109 proba
2048 3038 2366 3108 cogitatione
2394 3038 2684 3103 detersam,
2710 3037 2823 3106 puri
2849 3036 3124 3105 cujusdam
3152 3050 3213 3092 ac
3238 3051 3425 3091 recens

1859 3131 2086 3186 ahstersi
2112 3130 2310 3196 speculi
2343 3131 2510 3183 instar
2549 3128 2809 3193 ell'eceris,
2847 3137 2900 3184 et
2928 3129 2995 3183 ab
3037 3129 3180 3183 omni
3212 3128 3431 3199 injuria-

163 3210 447 3279 ἡμετέρας
494 3210 657 3279 εὐχὰς
688 3212 824 3281 πρὸς
854 3211 986 3264 Θεὸν
1018 3212 1318 3282 ἀνάγεσθαι
1357 3214 1577 3278 κωλύει,
1614 3216 1749 3268 πᾶσί

1861 3239 1978 3278 rum
2013 3223 2379 3279 recordatione
2408 3234 2563 3292 atque
2594 3224 2667 3277 ira
2709 3222 2849 3293 (qum
2877 3224 3063 3291 majori
3095 3238 3253 3293 quam
3301 3223 3431 3278 reli-

165 3315 230 3353 τε
264 3302 373 3364 τοῖς
403 3303 751 3373 ἡμαρτηκόσι
784 3320 867 3357 σοι
897 3305 1006 3358 ἀπὸ
1036 3306 1265 3377 καρδίας
1294 3308 1452 3375 ἀφεὶς
1476 3307 1546 3361 τὰ
1569 3307 1751 3379 πλημ-

167 3392 487 3463 μεὶήματα,
522 3395 613 3448 καὶ
644 3398 703 3447 ἐν
732 3396 1126 3465 ἐλεημοσύναις
1166 3399 1263 3452 καὶ
1306 3400 1611 3471 οίκτιρμοῖς
1655 3419 1755 3455 πε-

163 3484 350 3553 νήτων
374 3483 472 3554 τὴν
500 3484 666 3556 εὐχὴν
698 3488 987 3557 πτερώσας
1019 3488 1154 3559 (59),
1190 3492 1509 3560 προσάγαγε
1532 3492 1609 3562 τῷ
1634 3492 1754 3563 Θεῷ

168 3577 317 3645 μετὰ
366 3578 587 3648 θερμῶν
638 3577 912 3650 δακρύων.
966 3577 1153 3642 Οὕτως
1202 3580 1499 3649 εὐχόμενος
1547 3581 1753 3652 δυνήσῃ

164 3668 349 3721 ιίπετν
384 3667 459 3731 ὼς
501 3671 530 3722 ὀ
575 3671 848 3742 μακάριος
896 3671 1095 3724 Δαυῒδο
1149 3665 1316 3735 Οὗτος
1350 3673 1459 3743 γὰρ
1500 3672 1755 3740 βασιλεὺς

163 3759 250 3813 ὢν
290 3763 381 3815 καὶ
424 3762 645 3832 μυρίαις
677 3761 785 3834 (60)
822 3764 1112 3834 ἑλκόμενος
1146 3765 1415 3835 φροντίσι,
1452 3765 1746 3831 πάντωνξδὲ

165 3852 288 3905 τῶν
312 3852 499 3905 παθῶν
535 3854 633 3923 τὴν
661 3854 841 3925 ψυχὴν
873 3854 1039 3910 αὑτοῦ
1072 3856 1397 3927 καθαρίσας,
1430 3857 1583 3924 ἔλεγε
1613 3857 1747 3929 πρὸς

167 3942 268 3995 τὸν
299 3942 458 3997 Θεόν·
513 3944 751 3998 Ἀδικίαν
785 3944 897 4016 (61)
938 3947 1179 4016 ἐμίσησα
1227 3948 1323 4001 καὶ
1351 3948 1750 4018 ἐδδελυξάμην,

168 4035 271 4086 τὸν
317 4034 374 4089 δὲ
419 4034 585 4106 νόμον
632 4052 725 4090 σου
776 4037 1069 4108 ἠγάπησα·
1122 4040 1354 4103 ἑπτάκις
1393 4038 1494 4108 τῆς
1539 4041 1753 4111 ἡμέρας

168 4126 349 4197 ᾔνεσα
376 4144 433 4180 σε
468 4128 561 4182 ἐπὶ
584 4128 653 4181 τὰ
680 4129 928 4201 κρίματα
951 4130 1052 4200 τῆς
1083 4130 1455 4202 δικαιοσύνης·
1489 4132 1755 4202 ἐφύλαξεν

164 4220 207 4286 ἡ
258 4216 405 4289 ψυχή
449 4236 553 4289 μου
593 4220 663 4273 τὰ
709 4222 990 4293 μαρτύριά
1020 4240 1114 4276 σου
1165 4226 1261 4277 καὶ
1294 4224 1579 4295 ἠγάπησεν
1617 4226 1755 4279 αὐτὰ

166 4307 406 4379 σφόδρα·
432 4310 709 4378 ἐγγισάτω
735 4312 768 4382 ἡ
796 4312 979 4382 δέησίς
1015 4331 1117 4384 μου
1143 4316 1377 4369 ἐνώπιόν
1410 4332 1526 4382 σου,
1558 4318 1752 4390 Κύριε’

167 4400 323 4453 κατὰ
349 4403 411 4455 τὸ
444 4403 622 4473 λόγιόν
655 4422 750 4458 σου
784 4406 1058 4461 συνετισόν
1096 4426 1183 4478 με.

1860 3332 1957 3382 qua
1994 3315 2169 3369 omnia
2203 3314 2583 3381 impedimento
2618 3323 2699 3369 est
2725 3331 2830 3385 quo
2876 3316 3051 3369 minus
3091 3330 3276 3385 preces
3332 3331 3429 3370 no-

1858 3416 1984 3463 :tra:
2007 3406 2073 3460 ad
2108 3405 2271 3459 Deum
2300 3404 2552 3459 sublimes
2582 3404 2841 3473 ferantur)
2875 3405 3099 3474 teipsnm
3132 3406 3313 3475 procul
3344 3422 3431 3461 re-

1862 3499 2112 3565 moveris,
2158 3497 2463 3567 cunctisque
2492 3496 2580 3565 qui
2616 3507 2667 3551 te
2696 3496 2953 3564 laeserint,
2986 3498 3333 3552 offensionem
3365 3511 3433 3551 et

1862 3591 2039 3642 animo
2070 3588 2362 3652 remiseris,
2385 3595 2541 3655 atque
2562 3601 2656 3659 per
2676 3586 3046 3656 eleemosynas
3066 3596 3119 3642 et
3138 3602 3429 3657 pauperum

1865 3679 2253 3745 miserationes,
2287 3678 2512 3732 orationi
2537 3678 2678 3733 velut
2700 3692 2897 3746 pennas
2924 3679 3177 3747 quasdam
3201 3681 3432 3747 additas,

1861 3782 1977 3821 eam
2007 3767 2118 3822 Deo
2144 3782 2265 3821 cum
2290 3766 2584 3822 calentibus
2614 3767 2863 3838 laerymis
2884 3770 3161 3825 obtuleris.
3187 3770 3264 3825 Ad
3292 3771 3433 3826 hunc

1862 3862 2052 3930 quippe
2081 3861 2296 3915 modum
2319 3874 2501 3926 orans,
2535 3861 2721 3915 iisdem
2752 3862 2929 3916 verbis
2955 3864 3027 3916 uti
3060 3865 3279 3931 poteris,
3316 3868 3434 3933 qui-

1862 3953 1959 4006 bus
1989 3952 2172 4005 beatns
2208 3951 2297 4006 ille
2328 3950 2515 4015 David,
2540 3953 2627 4019 qui
2659 3967 2752 4007 rex
2783 3964 2918 4021 erat,
2949 3970 3011 4009 ac
3039 3959 3308 4012 sexcentis
3336 3973 3432 4011 cn-

1863 4045 1936 4097 ris
1973 4041 2387 4108 distrahebatur,
2439 4043 2709 4111 nihiloque
2752 4044 2925 4098 secius
2976 4057 3152 4102 tamen
3200 4048 3432 4104 animant

1863 4146 2011 4186 suam
2041 4146 2069 4185 a
2096 4130 2302 4186 vitiosis
2330 4132 2692 4186 affectionibus
2716 4143 3147 4201 perpurgaverat,
3175 4138 3239 4190 ad
3264 4137 3431 4193 Deum

1863 4223 2130 4284 utebatur,
2161 4222 2382 4276 dicens:
2417 4221 2746 4290 lniquitatem
2778 4222 2902 4276 odio
2934 4223 3111 4293 habui,
3144 4234 3199 4279 et
3226 4227 3433 4281 abomi—

1865 4326 2020 4368 natus
2046 4328 2184 4375 sum,
2231 4313 2397 4381 legem
2426 4322 2599 4366 autem
2633 4322 2775 4367 tuam
2809 4314 2985 4369 dilexi.
3028 4315 3235 4385 Septies
3268 4318 3430 4374 indie

1866 4404 2072 4458 Iaudem
2094 4402 2201 4457 dixi
2234 4402 2347 4464 tibi,
2380 4417 2539 4469 super
2562 4402 2758 4471 judicia
2785 4405 3002 4469 justitite
3030 4416 3153 4461 tum.
3187 4408 3429 4461 Custodi-

175 4488 265 4538 vit
320 4488 504 4541 anima
555 4502 678 4542 mea
716 4488 1037 4545 testimonia
1072 4501 1188 4557 tua,
1228 4500 1283 4547 et
1326 4491 1521 4546 dilexit
1557 4505 1619 4543 ea
1669 4489 2037 4544 vehementer.
2079 4488 2503 4557 Appropinqnct
2533 4490 2850 4560 deprecatio
2882 4502 3001 4543 mea
3041 4488 3095 4539 in
3126 4497 3428 4557 conspectu

174 4593 309 4645 tuo,
348 4579 608 4646 Domine;
634 4580 790 4651 juxta
821 4582 1101 4652 eloquium
1142 4593 1296 4640 tuum
1340 4584 1408 4637 da
1452 4583 1583 4638 mihi
1616 4582 1951 4637 intellectum
1985 4580 2154 4649 (Psal.
2192 4581 2404 4647 cxvm).

264 4742 376 4801 (Pili)
406 4741 562 4794 Cnttl.
596 4757 647 4810 β.
682 4742 801 4805 1⁵25,
834 4757 886 4793 tt.
919 4740 1008 4793 8?.

267 4812 377 4873 (‘17)
415 4810 553 4865 Psal.
590 4828 783 4875 xum,
815 4811 897 4865 l5.

270 4880 384 4949 (ὃὸ)
418 4879 651 4951 Joannes
671 4874 829 4951 Clini.
864 4878 1045 4951 Scala.
1080 4895 1127 4933 ο.
1150 4879 1221 4951 9.8
1254 4879 1370 4932 iuit.
1406 4899 1416 4933 :
1445 4881 1729 4951 ῐιροσευχή

1857 4900 1872 4934 ι
1907 4880 2046 4935 κατὰ
2080 4882 2179 4951 μὲν
2216 4880 2314 4951 τὴν
2345 4879 2519 4950 αὐτῆς
2550 4880 2812 4949 ποιότητα
2848 4875 3104 4951 συνουσία
3133 4874 3227 4928 κα)⁵
3255 4874 3449 4951 ἓνωσις

186 4944 483 5021 ἀνθρώπου
521 4950 621 5022 καὶ
643 4948 848 5022 Θεοῦ...
895 4948 1140 5022 άῖιγέλων
1193 4948 1352 5022 ἔργον
1397 4944 1509 5003 καὶ⁷
1540 4944 1749 5018 “eum

1864 4944 2214 5022 sbgopoativq._
2247 4944 2485 5022 Joannes
2516 4944 2912 5022 illirys.'o_rat._
2947 4946 2968 4998 1
3009 4947 3086 5022 de_
3134 4956 3273 5022 o_rat.
3308 4944 3453 5022 p._5,

188 5014 331 5092 vdit.
359 5036 486 5073 ann.
512 5018 658 5092 j570
691 5037 703 5073 :
754 5014 1026 5092 famam
1058 5020 1162 5089 γὰρ
1194 5014 1354 5088 ἔργον
1389 5023 1421 5091 ἡ
1448 5014 1745 5092 προσευχὴ.

1856 5014 1994 5076 ursus
2028 5014 2171 5076 orat.
2192 5020 2244 5087 2,
2278 5038 2329 5090 ι).
2369 5021 2439 5076 28
2474 5038 2486 5073 :
2522 5014 2837 5090 Πρόσευχῆς
2870 5017 2926 5070 δὲ
2953 5014 3130 5069 κοινὸν
3158 5014 3320 5085 ἔργον
3349 5014 3449 5079 ἀγ-

189 5091 375 5161 γέλων
400 5089 536 5161 ὁμοῦ
568 5090 660 5161 καὶ
684 5089 781 5144 άνθ
792 5090 1005 5161 ρῴπων.

210 5160 213 5161 ⁷
274 5160 389 5228 (59)
430 5160 705 5213 Scholiutn
739 5160 804 5212 ad
838 5160 1059 5213 Joannis
1087 5160 1300 5211 Scalam
1351 5173 1402 5225 p.
1438 5161 1501 5214 Η

193 5231 389 5304 perm
430 5229 563 5304 εὐχῇ
596 5246 711 5304 σου,
746 5230 847 5304 ούκ
876 5229 1163 5304 ἀνέρχεται
1193 5230 1273 5304 είς
1304 5228 1501 5304 Nec...

471 5160 705 5232 choliutn
739 5156 804 5232 ad
838 5158 1059 5232 Joannis
1087 5158 1327 5232 Scalam__
1351 5173 1402 5232 p.
1438 5161 1541 5215 M3
1571 5176 1584 5213 :
1619 5161 1749 5231 ΙΙτετ

1856 5163 1973 5215 ἐστι
2007 5162 2101 5232 τῆς
2132 5161 2299 5231 εὐχῆς
2332 5163 2364 5230 ἡ
2410 5156 2778 5228 ἐλεημοσύνηο
2816 5156 2910 5211 ἐὰν
2961 5156 3036 5228 μὴ
3063 5156 3294 5225 ποιήσῃς
3323 5168 3451 5206 πτε-

274 5286 389 5380 (6ιῇ
413 5286 747 5380 Αλᾘυρίοις.
786 5300 876 5353 Sic
905 5286 1304 5380 τοίς”φροντίσι
1340 5286 1376 5352 ι’.
1409 5286 1516 5380 :lll,
1543 5317 1596 5369 p.
1636 5300 1739 5380 εἰ),

1856 5316 2012 5368 supra
2034 5318 2107 5380 _p.
2154 5301 2319 5380 8,24,
2358 5300 2742 5380 C_ha.buit':olg
2774 5315 2821 5351 τ.
2874 5314 2934 5367 μ.
2962 5295 3196 5377 λογάσιι
3238 5309 3290 5363 p.
3326 5294 3449 5380 112,

190 5364 298 5423 ult.
336 5364 399 5441 Α,
435 5364 1025 5441 C,'cn'nsettscrnntjn
1055 5364 1162 5423 τῶν
1198 5364 1561 5441 περιεχόντων
1600 5364 1749 5440 αὐτῷ

1856 5364 2120 5441 ιμῲορῶν,
2171 5364 2256 5425 ubi
2310 5364 2501 5441 scripsi
2551 5383 2776 5441 secutus
2825 5364 3215 5437 περιεχουσῶν,
3260 5364 3452 5441 relicto

192 5439 347 5505 quod
391 5453 496 5493 non
528 5438 701 5508 placet
738 5438 905 5508 αὐτῷ.
938 5439 1085 5493 Talia
1134 5438 1562 5494 codicis‘t'nenda
1594 5438 1913 5509 plerumque
1957 5438 2215 5495 tolluntur
2263 5440 2483 5509 alterius
2523 5454 2644 5508 ope.

2678 5438 2778 5505 Qui
2824 5434 2931 5490 nuo
2961 5434 3142 5490 utetur
3167 5434 3329 5505 malo,
3358 5443 3453 5487 ant

198 5504 394 5578 plures
429 5504 717 5563 mendosos
746 5504 983 5573 habebit,
1010 5520 1178 5575 notet,
1223 5519 1276 5562 et
1306 5511 1551 5564 emendet
1578 5504 1661 5564 vel
1702 5513 1751 5564 in
1804 5504 2023 5565 auctore
2052 5512 2369 5575 recentiore,
2398 5512 2442 5564 si
2468 5504 2632 5563 fuerit
2672 5504 2867 5578 auctor
2893 5506 3085 5578 litteris
3115 5504 3453 5578 imbutnset

194 5581 456 5649 "ratione
479 5578 762 5649 scripserit
804 5580 868 5631 ad
914 5581 1188 5649 antiquam
1225 5582 1633 5647 grammaticam
1685 5579 2039 5649 conformata.

2084 5583 2234 5647 Quod
2278 5574 2470 5635 iterum
2507 5580 2630 5635 dico
2669 5579 2738 5632 ob
2776 5575 2978 5631 lleiskii
3011 5577 3079 5647 de
3105 5574 3451 5647 Constantini

191 5650 291 5721 sui
324 5662 387 5701 ac
412 5642 669 5721 similium
702 5649 1021 5703 solmcismis
1048 5642 1571 5721 animadversiones.
1598 5649 1865 5721 ilsaacius
1901 5642 2343 5721 Pnrpliy'rogeun.
2386 5651 2458 5704 De
2503 5649 2781 5721 Praeteriit.
2827 5662 2945 5721 pag.
2968 5646 3103 5721 277,
3134 5652 3317 5721 narrat
3348 5642 3453 5721 Inlf’:

190 5720 398 5793 cubant
419 5718 571 5793 inter
600 5720 860 5793 insomnia
900 5722 1066 5793 visam
1101 5735 1222 5793 esse
1248 5719 1321 5793 ᾡς
1350 5720 1721 5789 ἐγκυμονῆσαι

1856 5720 1912 5773 ὸν
1938 5712 2018 5792 τῇ
2039 5712 2219 5793 μῆτρᾷ
2259 5721 2634 5791 ἁναπτομένου
2675 5718 2768 5772 καὶ
2814 5712 3152 5787 ςςλᾶγόεντος.
3187 5714 3317 5769 Cod.
3347 5712 3451 5768 817

191 5787 323 5843 sine
347 5788 677 5860 fo|_(Bci_s‘tno,
710 5790 1081 5858 ἀναπτόμενον
1112 5791 1199 5844 καὶ
1233 5787 1541 5860 φλογόεντα.

280 5856 389 5923 (61)
420 5855 557 5912 Psal.
591 5875 776 5923 cum,
820 5855 978 5915 165⁷..
