4180 6458
209 470 342 532 1053

1287 446 1460 507 νιίιι
1504 440 1855 502 BAHLAAM
1897 438 1990 496 ET
2027 431 2373 496 JUASAPll.

3282 441 3418 506 1054

200 567 310 623 τῶν
337 565 428 619 τοῦ
457 566 660 635 κόσμου
697 563 875 616 καλῶν
903 560 1220 631 τηλικοῦτον
1241 560 1520 630 εὖφράνοι,
1539 558 1612 618 t'o;
1639 555 1768 615 Θεὸς

1886 565 2041 615 linem
2074 562 2260 614 faciat?
2283 561 2357 614 Ac
2387 575 2615 624 rursum,
2645 561 2907 626 quodnam
2938 577 3014 616 ρει
3051 562 3208 627 hujus
3252 567 3429 616 mundi

194 658 358 720 αὐτὸς
411 658 617 718 ἐκεῖνος
653 658 762 718 τοῖς
803 655 1122 723 άγαττήσασι
1163 651 1558 721 χαριζόμενος;
1595 643 1767 714 οὗπερ

191 748 258 799 τὸ
301 747 494 809 κάλλος
530 747 625 816 μὲν
656 748 860 813 ἄφατον
887 788 900 808 ,
942 741 1228 797 δυναστεία
1262 742 1317 794 δὲ
1352 741 1562 809 ἄμαχος
1606 737 1697 790 καὶ
1733 739 1765 806 ή

193 839 324 902 δόξα
352 839 548 899 ἀΐδιος·
586 834 754 905 οὗπερ
787 839 852 890 τὰ
889 835 1090 903 ἀγαθὰ,
1121 835 1192 887 τὰ
1225 836 1336 894 τοῖς
1382 830 1544 883 αὑτοῦ
1599 828 1771 897 φίλοις

196 932 537 998 ἀποκείμενα
573 969 586 990 ,
639 931 852 980 πάντων
906 929 1014 980 τῶν
1070 926 1362 996 ὁρωμένων
1427 921 1771 990 ἁσυγκρίτως

199 1023 481 1092 ὑπερέχει,
514 1021 546 1074 ἃ
572 1022 842 1090 όιρθαλμὸς
883 1021 981 1073 οὐκ
1015 1017 1141 1083 εἶδε,
1177 1019 1268 1072 καὶ
1295 1013 1386 1079 οῦς
1415 1017 1514 1068 οὐκ
1543 1015 1770 1083 ἤκουσε,

201 1114 301 1166 καὶ
357 1114 449 1166 ἐπὶ
502 1113 728 1182 καρδίαν
786 1111 1073 1184 ἀνθρώπου
1121 1111 1220 1164 οὐκ
1273 1107 1440 1177 ἀνέϐη
1503 1104 1648 1175 (88)'
1700 1096 1775 1155 ὧν

203 1204 540 1274 κληρονόμος
570 1204 964 1274 ἀναδειχθείης,
991 1206 1057 1274 τῇ
1084 1201 1178 1257 τοῦ
1209 1201 1342 1255 Θεοῦ
1369 1198 1775 1271 φρουρούμενος

204 1295 569 1364 κραταιοτάτῃ
596 1295 759 1363 χειρί.

290 1556 442 1624 187
493 1555 548 1607 'U
579 1557 632 1607 δὲ
659 1555 752 1608 τοῦ
789 1555 1048 1624 βασιλέως
1076 1553 1214 1618 υίὸς,
1245 1554 1477 1624 δάκρυσι
1512 1568 1778 1620 συγκεχυ·

213 1646 371 1716 μένος
407 1647 494 1713 (89
524 1687 536 1708 ,
563 1649 749 1714 ἠνιᾶτο
775 1647 865 1698 καὶ
900 1646 1155 1716 ἤσχαλλε,
1185 1645 1539 1714 φιλοστόργου
1572 1641 1777 1710 Πατρὸς

211 1737 306 1788 καὶ
339 1736 652 1788 διδασκάλου
689 1736 909 1804 ἀρίστου
948 1735 1342 1802 ἀπολειφθῆναι
1396 1733 1470 1802 μὴ
1517 1731 1780 1800 ἀνεχόμε-

210 1843 320 1889 νος.
359 1829 463 1878 Καὶ
505 1830 586 1889 τίς
619 1845 728 1895 μοι,
767 1827 950 1894 φησὶν,
985 1819 1029 1878 ὦ
1065 1825 1262 1892 Πάτερ,
1291 1823 1389 1890 τὴν
1426 1823 1522 1892 σὴν
1559 1822 1778 1892 πληρώ-

212 1935 297 1971 σει
352 1920 536 1984 τάξιν;
595 1919 699 1970 ὑπὸ
741 1920 846 1971 τίνι
896 1919 952 1970 δὲ
1007 1917 1118 1984 ἐγὼ
1169 1918 1392 1986 τοιούτῳ
1425 1917 1638 1986 ποιμένι
1693 1915 1782 1967 καὶ
1814 1897 1854 1951 Β

209 2011 390 2080 ὁδηγῷ
438 2011 669 2080 ψυχικῆς
719 2010 989 2079 σωτηρίας
1042 2010 1381 2077 γενήσομαι;
1441 2009 1493 2060 τί
1530 2007 1622 2059 τοῦ
1688 2007 1782 2060 σοῦ

212 2098 565 2167 παραμύθιον
602 2100 899 2167 ποιήσομαι
943 2098 1142 2160 πόθου;
1175 2098 1283 2150 ἰδοὺ
1313 2099 1418 2167 γὰρ
1452 2098 1547 2166 ἐμὲ
1574 2097 1661 2149 τὸν
1693 2115 1784 2148 πο·-

211 2189 381 2257 νηρδν
413 2189 596 2242 δοῦλον
640 2191 733 2241 καὶ
780 2189 1092 2259 ἀποστάτην
1121 2191 1198 2260 τῷ
1243 2189 1360 2258 Θεῴ
1395 2190 1745 2258 προσήγαγες
1768 2229 1782 2251 ,

212 2281 312 2332 καὶ
339 2283 416 2343 εἰς
452 2280 569 2332 υἱοῦ
603 2282 695 2332 καὶ
743 2281 1078 2350 κληρονόμου
1113 2282 1451 2349 κατέστησας
1486 2281 1658 2342 τάξιν,
1694 2279 1786 2332 καλ¹

213 2369 308 2422 τὸν
357 2371 672 2424 ἀπολωλότα
729 2373 824 2425 καὶ
873 2374 1218 2442 όρειάλωτον,
1263 2373 1353 2423 τὸν
1406 2372 1569 2423 παντὶ
1613 2372 1785 2440 θηρίῳ

213 2461 433 2531 ἕτοιμον
465 2465 543 2524 εἰς
583 2463 768 2534 βορὰν,
799 2463 1092 2534 ἐζήτησας,
1123 2465 1215 2516 καὶ
1242 2466 1349 2526 τοῖς
1372 2464 1630 2516 άπλανέσι
1654 2465 1785 2515 κάτ-

215 2551 410 2620 έμιξας
446 2553 581 2605 Θεοῦ
612 2556 900 2625 προϐάτοις
926 2573 938 2586 '
988 2555 1081 2608 καὶ
1121 2555 1326 2621 ἕδειξάς
1364 2573 1452 2626 μοι
1485 2555 1577 2622 τὴν
1608 2555 1786 2608 ἐπίτο-

220 2659 323 2712 μον
371 2645 468 2713 τῆς
509 2645 763 2714 ἀληθείας
812 2647 962 2710 όδὺν,
1001 2647 1283 2715 ἐξαγαγών
1335 2665 1399 2717 με
1435 2647 1527 2700 τοῦ
1567 2648 1786 2709 σκότους

216 2732 316 2785 καὶ
347 2735 442 2804 τῆς
476 2737 634 2797 σκιᾶς
695 2735 784 2788 τοῦ
815 2737 1046 2790 Θανάτου
1068 2781 1081 2802 ,
1117 2739 1207 2790 καὶ
1238 2780 1252 2803 ,
1292 2741 1418 2798 τοὺς
1470 2740 1634 2799 πόδας
1686 2755 1786 2806 μου

220 2824 549 2890 μεταγαγὼν
587 2824 698 2894 (90)
734 2827 797 2878 ὲκ
826 2826 925 2895 τῆς
955 2827 1249 2898 ὀλισθηρᾶς
1278 2829 1371 2880 καὶ
1411 2829 1785 2897 θανατηφόρου

216 2914 315 2967 καὶ
350 2915 715 2984 σκολιωτάτης
746 2919 837 2970 καὶ
866 2918 1156 2990 καμπύλης
1179 2918 1426 2988 ἀτραποῦ
1457 2920 1590 2989 (91),
1624 2920 1785 2988 μεγά-

213 3005 327 3058 λων
355 3009 448 3058 καὶ
477 3008 794 3076 Θαυμασίων
844 3027 933 3078 μοι
968 3011 1200 3079 γέγονας
1250 3009 1505 3079 πρόξενος
1545 3010 1783 3077 ἀγαθῶν.

218 3097 314 3149 καὶ
341 3094 415 3150 ὢν
448 3099 620 3160 οὐδεὶς
648 3099 960 3169 ἐξαρκέσειε
1012 3100 1167 3167 λόγος
1198 3101 1259 3153 τὸ
1297 3102 1561 3171 ὑπερέχον
1595 3101 1784 3169 διηγή-

219 3189 443 3241 σασθαι.
498 3190 766 3256 Μεγάλων
806 3193 900 3244 καὶ
932 3191 1092 3254 αὐτὸς
1127 3191 1267 3262 ὑπὲρ
1297 3192 1430 3260 ἐμοῦ
1464 3191 1558 3244 τοῦ
1590 3193 1783 3260 μικροῦ

221 3282 514 3350 μετάσχοις
539 3281 630 3332 τοῦ
665 3282 800 3333 Θεοῦ
835 3282 1083 3350 δωρεῶν·
1118 3283 1214 3335 καὶ
1243 3283 1342 3351 τῆς
1383 3283 1522 3355 ἐμῆς
1569 3284 1786 3354 εὐχαρι-

1865 648 2079 712 bonum,
2113 651 2249 717 quod
2293 663 2432 703 tanta
2464 653 2695 705 animum
2727 653 2993 721 voluptate
3027 655 3339 720 perluttdac.
3370 663 3427 708 ut

1872 739 2007 790 Deus
2051 754 2107 791 se
2140 739 2308 806 ipsum
2357 741 2421 794 iis
2450 757 2478 793 a
2509 742 2696 808 quibus
2726 743 2959 810 diligitur
3001 747 3206 797 donans
3233 761 3243 794 :
3274 759 3425 812 ctqus

1869 840 1917 880 et
1953 828 2284 893 pulchritudo
2317 845 2562 885 sermone
2591 835 2731 885 omni
2768 835 3098 899 prtestantiur
3129 842 3229 896 est,
3253 845 3305 888 et
3335 849 3432 902 po-

1871 923 2030 971 tentia
2064 921 2276 983 invicta,
2309 931 2362 973 et
2387 921 2548 989 gloria
2577 925 2922 992 setupiterna.
2955 933 3002 976 et
3033 925 3185 993 cujus
3213 925 3346 979 bona
3365 939 3427 980 ea

1877 1025 1984 1077 ιιιιηε
2033 1013 2195 1076 ipsius
2225 1011 2426 1065 amicos
2456 1024 2686 1078 manent,
2720 1015 2894 1066 omnia
2938 1028 3052 1082 quas
3096 1015 3263 1067 oculis
3313 1029 3432 1068 cer-

1871 1113 2065 1151 ntnnur
2111 1099 2614 1167 imcomparahiliter
2658 1102 2980 1156 antecellunt
3024 1117 3039 1156 :
3080 1117 3199 1170 quas
3247 1103 3435 1158 oculus

1872 1205 1974 1241 non
2026 1191 2187 1256 vidit,
2239 1207 2336 1246 nec
2382 1194 2528 1246 auris
2574 1191 2806 1260 audivit,
2840 1205 2938 1245 nec
2983 1191 3038 1246 in
3068 1207 3161 1245 cor
3205 1192 3435 1248 hominis

1871 1281 2219 1334 ascenderunt
2249 1281 2305 1350 (Ι
2350 1282 2468 1337 Cor.
2504 1282 2596 1352 tt)?
2623 1283 2859 1349 Quorum
2891 1284 3088 1337 utinam
3134 1283 3226 1337 tibi
3278 1284 3434 1336 robu-

1871 1371 2100 1422 stissima
2144 1371 2233 1424 Dei
2284 1387 2440 1426 manu
2483 1382 2634 1440 septo
2677 1387 2741 1428 ac
2784 1375 2987 1426 munito
3023 1373 3284 1427 ltzeredem
3317 1387 3438 1428 esse

1871 1459 2166 1528 contingat!

1947 1549 2104 1616 [tegis
2137 1558 2310 1604 autem
2343 1551 2478 1605 ﬁlius
2524 1552 2770 1622 lacrymis
2804 1550 3080 1622 perfusus,
3123 1553 3436 1623 angebatur,

1875 1653 1935 1692 ac
1963 1654 2168 1692 summa
2198 1641 2436 1695 molestia
2469 1642 2831 1714 afﬁciebatur,
2865 1655 2917 1697 ut
2945 1646 3034 1714 qui
3081 1646 3146 1698 ab
3176 1647 3441 1700 amantis-

1875 1737 2008 1789 simu
2036 1747 2185 1804 patre
2225 1752 2287 1792 ac
2317 1736 2771 1806 pratstantissimo‘
2797 1741 3048 1809 magistro
3087 1741 3308 1806 relinqui
3342 1741 3440 1793 mi-

1879 1828 2020 1882 nime
2068 1830 2375 1883 sustineret.
2419 1831 2483 1883 Et
2523 1833 2762 1900 quisnam
2789 1875 2802 1898 ,
2853 1832 3151 1899 inquiebat.
3187 1848 3219 1884 o
3264 1833 3438 1897 Pater,

1880 1926 1997 1971 tuas
2049 1926 2224 1985 partes
2263 1920 2529 1986 explebit?
2570 1928 2659 1974 aut
2699 1936 2852 1990 quem
2896 1921 3106 1975 tandem
3141 1921 3439 1991 hujusmodi

1880 2018 2142 2072 pastorem
2169 2023 2230 2061 ac
2255 2009 2442 2063 ducent
2475 2013 2724 2080 consequi
2754 2015 2971 2078 potero?
3000 2021 3052 2065 et
3081 2029 3306 2080 quonam
3349 2027 3438 2067 so-

1879 2095 2006 2148 latio
2032 2097 2350 2150 desiderium
2381 2100 2452 2152 tui
2479 2099 2689 2154 leuibo?
2712 2099 2852 2155 Ecce
2873 2104 3012 2156 enim
3039 2118 3122 2156 me
3145 2103 3440 2171 improbum

1880 2201 1941 2238 ac
1972 2190 2216 2240 rebellent
2249 2203 2462 2242 servum
2493 2191 2556 2243 ad
2591 2191 2750 2246 Deum
2782 2192 3064 2255 adduxisti,
3089 2193 3316 2261 atquein
3347 2192 3441 2247 ﬁlii

1879 2287 1930 2331 et
1961 2278 2183 2330 haeredis
2215 2280 2385 2334 clase
2413 2283 2682 2336 collocasti
2705 2327 2718 2348 ,
2751 2298 2811 2336 ac
2853 2299 2937 2336 tne
2982 2283 3239 2352 perditum
3280 2294 3440 2354 atque

1881 2369 2122 2422 omnibus
2153 2370 2332 2424 besxiis
2363 2371 2591 2438 praedam
2615 2373 2908 2442 expositum
2939 2375 3262 2442 exquisiisti,+
3378 2383 3435 2430 ct

1883 2473 2007 2512 cum
2102 2460 2165 2512 iis
2191 2459 2284 2513 Dei
2312 2461 2494 2514 ovibus
2519 2479 2635 2530 qua:
2676 2464 2890 2518 minime
2931 2467 3305 2519 aberraverant
3347 2481 3442 2519 co-

1884 2553 2070 2620 pttlasli
2093 2553 2240 2609 (Luc.
2265 2554 2378 2622 xv),
2403 2564 2559 2622 atque
2577 2557 3019 2624 compendiariam
3037 2558 3275 2612 veritatis
3301 2559 3440 2612 viam

1883 2644 2010 2697 mihi
2052 2643 2418 2701 demonstrasti
2454 2644 2624 2713 (Psul.
2663 2646 2874 2716 Lxxxv),
2908 2664 3093 2716 meque
3116 2649 3181 2701 de
3212 2649 3442 2702 tenebris

1882 2745 1932 2787 et
1961 2737 2142 2788 umbra
2171 2738 2355 2790 mortis
2400 2736 2626 2792 eduxlsti
2649 2737 2822 2809 (Luca
2865 2740 2928 2806 ι),
2958 2753 3018 2792 ac
3050 2739 3209 2807 pedes
3238 2754 3382 2793 meos
3412 2755 3444 2793 e

1884 2825 2080 2879 lubrica
2106 2837 2156 2889 et
2176 2829 2398 2881 exitiosa
2425 2844 2485 2882 ac
2509 2845 2752 2896 perversa
2777 2840 2828 2883 et
2849 2845 3008 2884 curva
3035 2830 3116 2884 via
3145 2833 3442 2885 extraxist‘.

1883 2913 2066 2982 Magna
2097 2926 2148 2966 et
2180 2915 2485 2970 admiranda
2514 2918 2640 2971 mihi
2669 2935 2698 2972 a
2729 2929 2779 2973 te
2809 2919 2942 2972 bona
2969 2929 3083 2972 orta
3114 2927 3256 2982 sunt,
3284 2929 3442 2988 atque

1881 3006 2161 3074 ejusmodi,
2192 3018 2246 3059 ut
2276 3008 2592 3074 singularem
2633 3024 2816 3062 eorum
2845 3009 3257 3076 magnitudinem
3298 3010 3440 3063 nulla

1885 3097 2050 3148 oratio
2075 3102 2321 3166 consequi
2354 3099 2540 3166 possit.
2575 3099 2878 3168 Magnorum
2907 3100 3065 3169 igitur
3090 3101 3201 3169 ipse
3233 3116 3442 3170 quoque

1885 3202 1981 3256 pro
2003 3203 2086 3240 me
2111 3187 2300 3256 exiguo
2324 3189 2639 3243 homunculo
2664 3193 2825 3257 ipsius
2849 3191 3221 3246 beneliciorum
3246 3191 3444 3246 utinam

1887 3283 1960 3332 sis
1990 3281 2289 3347 particeps!
2324 3291 2480 3350 atque
2513 3281 2563 3335 id
2594 3283 2732 3351 quod
2765 3298 2894 3338 mea:
2925 3285 3209 3353 gratiarum
3253 3283 3448 3338 actioni

218 3370 376 3431 στίας
418 3371 701 3440 ὑστέρημα
735 3371 1018 3441 πληρώσαι
1056 3373 1263 3443 Κύριος
1287 3413 1301 3436 ,
1352 3374 1380 3426 ό
1413 3375 1574 3443 μόνος
1624 3375 1783 3427 νικῶν

1886 3369 2035 3424 deest
2063 3371 2271 3437 expleat
2302 3372 2575 3438 Dominus,
2605 3373 2696 3442 qui
2725 3375 2868 3428 solus
2894 3375 3272 3430 beneﬁciorum
3313 3377 3446 3431 rcla-

215 3463 338 3523 ταῖς
370 3461 478 3513 τῶν
512 3461 725 3531 δωρεῶν
754 3463 1053 3517 ἀντιδόσεσι
1091 3465 1216 3526 τοὺς
1243 3465 1405 3517 αὐτὸν
1437 3465 1784 3532 ἀγαπῶντας.

307 3551 362 3603 '0
403 3552 458 3604 δὲ
500 3552 784 3622 Βαρλαάμ,
818 3555 920 3622 τῆς
953 3555 1256 3626 θρηνῳδίας
1286 3556 1448 3610 αὑτὸν
1481 3557 1787 3624 ἐκκόπτων,

217 3645 458 3704 ἀναστὰς
485 3645 562 3705 είς
594 3645 757 3714 εὐχὴν
782 3645 988 3710 ἵστατο,
1018 3646 1133 3710 καὶ,
1157 3646 1235 3698 τὼ
1257 3650 1403 3718 χεῖρε
1430 3651 1506 3711 εἰς
1527 3649 1788 3719 οὐρανοὺς

214 3734 406 3805 διάρας
426 3750 440 3766 ο
484 3736 540 3788 '0
564 3735 715 3798 Θεὸς,
750 3736 924 3802 ἔλεγε,
953 3737 1046 3788 καὶ
1069 3737 1256 3808 Πατὴρ
1281 3738 1374 3791 τοῦ
1404 3741 1608 3810 Κυρίου
1635 3743 1790 3811 ήμῶν

232 3822 410 3891 Ἰησοῦ
456 3825 728 3893 Χριστοῦ,
763 3826 790 3876 ό
839 3824 1080 3892 φωτίσας
1109 3827 1176 3880 τὰ
1223 3829 1355 3898 πρὶν
1405 3831 1787 3900 ὲσκοτισμένα,

225 3912 392 3981 188
424 3915 517 3966 καὶ
558 3912 653 3982 τὴν
681 3914 883 3982 ὁρατὴν
908 3913 1112 3984 ταύτην
1139 3917 1233 3970 καὶ
1261 3917 1490 3988 ἀόρατον
1521 3922 1697 3974 κτίσιν
1727 3925 1790 3976 ὲκ

217 4001 319 4054 τοῦ
377 4003 451 4072 μὴ
506 4003 658 4064 ὄντος
707 4003 1084 4073 παραγαγὼν,
1114 4005 1142 4058 ό
1195 4005 1255 4059 τὸ
1315 4007 1407 4062 σὸν
1461 4011 1790 4082 ἐπιστρέψας

225 4093 454 4160 πλάσμα
497 4094 609 4161 (9‘2)
650 4095 745 4146 καὶ
786 4094 860 4165 μὴ
890 4095 1056 4158 ἐάσας
1098 4099 1242 4166 ἡμᾶς
1274 4098 1451 4154 ὀπίσω
1496 4105 1595 4172 τῆς
1625 4106 1792 4174 ἀφρο-

225 4182 394 4252 σύνης
425 4181 583 4252 ἡμῶν
614 4185 966 4254 πορεύεσθαι,
1002 4186 1434 4260 εὐχαριστοῦμεν
1465 4208 1566 4256 σοι,
1597 4195 1687 4247 καὶ
1724 4198 1787 4267 τῇ

224 4277 292 4342 σῇ
324 4273 483 4342 σοφία
521 4273 615 4325 καὶ
647 4275 873 4344 δυνάμει
910 4277 988 4348 τῷ
1025 4280 1211 4349 Κυρίῳ
1254 4282 1409 4351 ήμῶν
1447 4283 1621 4353 Ἰησοῦ
1655 4287 1790 4358 Χρι-

223 4363 356 4433 στῷ,
394 4364 463 4416 δι’
493 4360 555 4417 οῦ
584 4366 677 4418 καὶ
723 4369 849 4430 τοὺς
879 4369 1079 4432 αἰῶνας
1108 4373 1368 4442 ἐποίησας
1393 4413 1406 4436 ,
1441 4375 1701 4440 πεσόντας
1730 4396 1788 4431 τε

222 4457 371 4524 ἡμᾶς
399 4457 842 4540 ἀνέστησαςμκαὶ
873 4461 1364 4532 πεπλημμεληκόσι
1385 4465 1482 4528 τὰς
1517 4468 1789 4538 ἁμαρτίας

1887 3462 2027 3513 tione
2051 3476 2142 3512 eos
2167 3462 2250 3527 qui
2284 3461 2442 3529 ipsius
2471 3476 2653 3516 amore
2685 3464 2892 3530 praediti
2923 3475 3046 3520 sunt
3083 3475 3310 3533 superat.

1958 3551 2192 3604 Barlaaut
2241 3560 2439 3617 autem,
2493 3553 2656 3620 ipsius
2701 3554 3101 3611 lamentationes
3145 3567 3444 3626 amputans,

1887 3641 2133 3704 surrexit,
2184 3650 2341 3710 atque
2385 3641 2449 3694 ad
2480 3643 2736 3697 orandum
2784 3659 2842 3698 se
2870 3649 3229 3714 comparavit,
3285 3647 3445 3699 mani-

1889 3730 2087 3796 husque
2117 3731 2164 3782 in
2191 3733 2380 3783 coelum
2403 3731 2643 3799 sublatis,
2677 3732 2759 3786 hic
2779 3733 2955 3787 verbis
3009 3748 3130 3787 usus
3159 3742 3240 3788 est
3266 3777 3276 3788 .
3315 3737 3449 3788 Deus

1889 3827 1943 3874 et
1972 3819 2127 3874 Pater
2157 3819 2360 3873 Domini
2388 3821 2696 3876 nostiiJesu
2720 3821 2940 3890 Christi,
2966 3825 3053 3892 qui
3081 3838 3143 3877 ea
3166 3838 3282 3893 quae
3306 3824 3448 3891 prius

1891 3910 2122 3963 tenebris
2162 3910 2384 3964 obducta
2415 3919 2598 3974 erant,
2653 3911 2770 3966 luce
2799 3913 3108 3982 perfodisti,
3162 3924 3317 3982 atque
3363 3930 3449 3968 res

1888 4013 2072 4051 omnes
2101 3999 2338 4053 conditas
2360 4039 2375 4064 ,
2426 4009 2531 4052 tam
2562 4015 2678 4067 qua:
2709 4010 2922 4067 aSpectu
2953 4002 3249 4055 sentiuntur
3292 4018 3448 4071 quam

1890 4103 2006 4155 qua:
2035 4087 2100 4141 ab
2124 4089 2395 4142 oculorum
2425 4103 2582 4143 sensu
2611 4100 2829 4143 remotae
2855 4099 2997 4152 sunt,
3026 4105 3089 4144 ex
3134 4090 3302 4143 nihilo
3331 4108 3451 4160 pro-

1891 4181 2108 4244 duxisti,
2131 4181 2217 4247 qui
2247 4183 2548 4249 ligmeutum
2574 4191 2718 4236 tuum
2740 4183 3068 4247 convertisti,
3090 4199 3184 4237 nec
3209 4197 3304 4236 nos
3334 4192 3452 4250 post

1894 4270 2246 4338 insipientiam
2298 4282 2530 4324 nostram
2573 4271 2719 4326 abire
2769 4273 3080 4336 permisisti,
3132 4273 3327 4340 gratias
3358 4273 3451 4325 tibi

1893 4363 2125 4431 agimus,
2173 4377 2234 4414 ac
2263 4372 2361 4414 tua:
2393 4369 2639 4429 potentiae
2682 4369 2735 4414 et
2763 4363 3058 4430 sapientize,
3093 4361 3191 4414 hoc
3218 4370 3300 4414 est
3349 4362 3449 4414 Do-

1895 4457 2037 4508 tuino
2063 4462 2243 4505 nostro
2268 4450 2389 4505 .lesu
2413 4449 2646 4513 Christo,
2679 4465 2773 4517 per
2799 4465 2953 4518 quem
2976 4449 3134 4503 etiam
3160 4450 3347 4503 stecula
3375 4449 3448 4503 fc-

219 4545 460 4613 ἀφῆκας,
483 4547 849 4616 πλανηθέντας
872 4551 1241 4620 ὲπανήγαγες,
1256 4555 1783 4624 αἰχμαλωτισθέντας

1895 4545 2010 4596 cisti
2039 4542 2191 4604 (Ileb.
2224 4542 2283 4608 t),
2309 4555 2506 4608 nosque
2537 4551 2809 4608 protapsos
2839 4551 2890 4594 et
2912 4541 3149 4609 jaceutes
3177 4541 3448 4606 excitasﬁ,

219 4636 512 4705 ὲλυτρώσω
535 4678 550 4702 ,
602 4638 930 4708 τεθνηκότας
981 4640 1353 4712 ὲζωοποξησας
1384 4645 1461 4714 τῷ
1493 4647 1660 4718 τιμίῳ
1691 4648 1784 4701 τοῦ

221 4725 355 4778 Υίοῦ
392 4743 483 4778 σου
537 4729 630 4780 καὶ
675 4729 990 4800 Δεσποτικῷ
1025 4733 1236 4802 αἵματι.
1275 4735 1341 4786 Σὲ
1374 4732 1466 4789 οὖν
1499 4739 1788 4792 ἐπικαλοῦ-

221 4833 344 4885 μαι,
382 4817 474 4868 καὶ
499 4817 590 4868 τὸν
620 4820 880 4891 μονογενῆ
907 4837 998 4874 σου
1023 4822 1171 4886 Υίὺν,
1201 4826 1293 4877 καὶ
1322 4825 1383 4878 τὸ
1409 4829 1673 4897 πανάγιόν
1694 4848 1786 4884 σου

221 4909 449 4978 Πνεῦμα
479 4925 492 4938 ο
529 4909 674 4962 ἔπιδε
715 4911 808 4964 ἐπὶ
837 4913 898 4965 τὸ
927 4913 1144 4982 λογικόν
1180 4933 1271 4969 σου
1304 4919 1574 4988 πρόϐατον
1602 4921 1783 4988 τοῦτο,

217 4999 282 5052 τὸ
318 5001 615 5071 προσελθὸν
646 5003 713 5056 δι’
764 5003 898 5074 ἐμοῦ
937 5006 1028 5058 τοῦ
1066 5008 1284 5074 ἀναξίου
1322 5011 1402 5073 είς
1431 5011 1622 5065 θυσίαν
1659 5030 1784 5080 σοι,

219 5092 317 5144 καὶ
369 5094 594 5161 ἁγίασον
643 5096 812 5148 αὐτοῦ
850 5095 948 5168 τὴν
985 5098 1161 5169 ψυχὴν
1193 5102 1258 5170 τῇ
1312 5105 1377 5172 σῇ
1431 5103 1658 5174 δυνάμει
1690 5105 1787 5157 καὶ

217 5184 437 5253 χάριτιο
468 5185 759 5254 ἐπίσκεψαι
798 5187 895 5256 τὴν
924 5189 1166 5258 ἄμπελον
1211 5191 1415 5264 ταύτην
1459 5195 1556 5265 τὴν
1588 5213 1786 5264 φυτευ-

298 5359 406 5428 (88)
447 5362 604 5416 Conl.
636 5379 688 5430 p.
721 5362 810 5428 60,
837 5382 888 5418 ιι.
929 5366 1014 5423 ,47

1898 4644 1949 4688 et
1977 4631 2403 4696 delntquentbus
2432 4640 2642 4697 peccata
2686 4631 2964 4694 remisisti,
2992 4644 3174 4682 errore
3203 4637 3452 4696 vagantes

1901 4721 2190 4784 ri-duxisti,
2240 4721 2473 4784 captivos
2503 4719 2792 4781 redemisti,
2827 4729 2994 4772 morte
3041 4719 3330 4772 exstinctos
3361 4735 3454 4788 per

1899 4809 2014 4862 Filii
2046 4813 2116 4859 tui
2162 4822 2222 4860 ac
2252 4808 2454 4858 Domini
2495 4808 2657 4859 nostri
2708 4807 2992 4873 pretiosum
3041 4806 3351 4874 sanguinem
3384 4807 3451 4858 ad

1879 4908 2044 4949 vitam
2081 4898 2381 4951 revocasti.
2414 4893 2490 4948 Te
2541 4897 2706 4966 igitur
2745 4897 2963 4958 invoco,
3008 4904 3171 4964 atque
3212 4898 3462 4966 unigeni-

1882 5000 1991 5042 tum
2019 4988 2216 5042 Filiutn
2245 4997 2420 5054 tuum,
2455 4997 2509 5042 et
2538 4987 2954 5042 sanctissimum
2992 4998 3142 5041 lttuttt
3166 4989 3456 5058 Spiritum.

1887 5079 2122 5148 llespice
2165 5083 2216 5131 in
2269 5080 2482 5131 ratione
2518 5079 2797 5146 prtt'ditam
2833 5079 2974 5131 hanc
3009 5093 3190 5141 ovem,
3215 5095 3335 5148 qua:
3367 5095 3462 5148 per

1885 5188 1970 5224 me
2005 5171 2284 5240 indignum
2310 5168 2584 5224 hominem
2616 5172 2683 5224 ad
2715 5171 2890 5224 altare
2920 5179 3072 5224 tuum
3099 5170 3334 5234 accedit,
3374 5181 3454 5223 at-

724 5435 774 5502 1,
820 5435 1054 5505 δάκρυσι
1110 5441 1540 5510 συγκεχυμένοις
1590 5445 1780 5513 scripsi

1883 5463 1901 5499 ι
1933 5445 2035 5512 BC,
2066 5463 2189 5500 cum
2240 5459 2382 5504 esset
2432 5450 2485 5504 in
2537 5451 2600 5513 A,
2645 5451 2692 5504 δ.
2727 5449 3100 5521 συνεχόμενος.
3156 5449 3232 5507 lbi
3281 5454 3462 5509 malim

218 5504 647 5571 συγκεχυμένος.

429 5569 638 5658 ιιίιρ,ἰ,
675 5573 788 5664 79
834 5575 1126 5664 ’βπιιρᾶναι
1158 5579 1270 5664 rei;
1303 5580 1375 5664 ex
1389 5580 1569 5633 σκότει
1591 5584 1683 5634 καὶ
1715 5583 2469 5664 σκιᾷθανάτου..κρθημὲνοις,
2499 5589 2591 5642 τοῦ
2619 5591 2943 5646 κατευθῦναι
2970 5594 3092 5657 τοὺς
3121 5594 3282 5657 πόδας
3310 5593 3466 5664 ἡμῶν

216 5639 718 5724 είίηῖλβρνηξῐρήνης-
741 5643 870 5724 ,Ρδὶξι
924 5639 1166 5724 θξκσκνιιυ
1199 5649 1232 5702 (ί
1255 5639 1269 5700 γε
1322 5649 1408 5702 Ἐν
1441 5656 1733 5717 σκοτεινοῖς
1771 5672 1783 5706 ι

1887 5656 1946 5707 ἐν
1983 5655 2108 5724 σκιᾷ
2141 5639 2393 5711 θανάτου.

295 5711 400 5775 illi)
434 5709 708 5767 Gloss’eu'ta
741 5717 790 5767 itt
821 5717 885 5778 Α,
925 5717 1063 5769 ὁδοῦ.

293 5780 405 5848 (92;
439 5781 750 5872 Dracontius
782 5784 1178 5872 lies-aetrnum!)
1207 5805 1275 5871 :_t
1316 5787 1419 5872 Ilis-
1443 5790 1694 5847 llominus
1727 5795 1941 5863 pictatis
1990 5811 2142 5865 opem
2191 5798 2486 5853 sithducct'c
2522 5817 2624 5854 non
2658 5802 2788 5866 vult,
2831 5800 3099 5870 Prnjiccrc
3135 5817 3232 5857 nec
3263 5800 3464 5872 plasma

220 5864 382 5904 suum
409 5852 519 5906 vult
545 5855 788 5910 conditor
810 5858 928 5910 aevi.
973 5873 988 5904 ι
1017 5855 1099 5909 ω.
1133 5874 1181 5926 ιι.
1211 5857 1242 5911 5
1277 5869 1330 5913 ct
1364 5859 1448 5913 51.
