4180 6458
112 395 237 454 loti?

1193 385 1364 443 VITA
1410 385 1768 447 BARLAAM
1809 387 1904 448 ET
1941 391 2293 454 JOASAPII.

3216 405 3350 473 1058

179 491 237 544 Ὀ
281 489 335 542 δὲ
381 490 592 562 Ζαρδάν
636 493 838 557 ἐκεῖνος
886 493 984 564 τὴν
1012 495 1266 565 τοιαύτην
1310 496 1472 549 αὑτοῦ
1503 499 1671 550 αἰσθὸ·

1713 505 1755 557 Λ
1793 523 1804 528 τ·
1870 499 2074 552 Zardan
2101 511 2276 551 autem
2317 497 2425 561 ille,
2455 512 2571 553 cum
2597 499 2895 569 hujusmodi
2927 504 3091 572 ipsius
3117 508 3237 563 vita}
3267 527 3352 564 ra-

97 599 262 650 μενος
290 582 566 653 διαγωγὴν
603 587 696 636 καὶ
728 584 904 654 λύπης
955 587 1353 657 πληρούμενος,
1385 589 1678 660 μερίμναις

90 687 154 722 τε
180 672 382 735 δειναῖς
411 674 510 742 τὴν
537 673 715 745 ψυχὴν
747 675 1074 745 βαλλόμενος
1096 719 1110 742 ,
1137 679 1236 730 οὐκ
1269 674 1415 748 εἶχεν
1442 681 1470 732 ὃ
1492 698 1543 732 τι
1577 680 1675 733 καὶ

91 761 314 832 δράσειε
337 779 351 792 ο
384 765 562 828 τ’έλος,
592 770 659 836 τῇ
694 768 821 838 ἀνίᾳ
861 770 1262 838 καταπονηθεὶς
1282 813 1297 834 ,
1333 773 1413 833 είς
1441 773 1534 824 τὸν
1560 774 1678 824 ἐαυ-

90 854 189 905 τοῦ
221 855 574 926 ἀπεδήμησεν
623 854 773 912 οἷκον
799 900 814 923 ,
848 863 1155 932 ἀρρωστεῖν
1186 864 1674 933 προσποιούμενος.

103 947 194 1009 Ὠς
219 947 275 999 δὲ
306 950 386 1012 εἰς
411 949 614 1016 γνῶσιν
654 949 731 1020 τῷ
775 952 987 1020 βασιλεῖ
1014 953 1173 1006 τοῦτο
1205 954 1492 1024 ἐληλύθει,
1517 956 1678 1008 ἄλλον

93 1039 200 1109 μὲν
237 1041 350 1094 ἀντ’
400 1041 566 1094 αὑτοῦ
605 1044 716 1095 τῶν
753 1045 1098 1099 πιςτοτάτων
1143 1047 1553 1118 καθυπηρετεῖν
1599 1048 1677 1118 τῷ

92 1132 202 1202 υίῷ
248 1132 664 1196 ἐξαπέστειλεν·
699 1136 862 1199 αὐτὸς
891 1137 945 1189 δὲ
973 1180 986 1202 ,
1024 1139 1122 1208 τῆς
1171 1139 1265 1191 τοῦ
1311 1139 1525 1210 Ζαρδάν
1554 1140 1678 1191 ἐπι-

93 1221 428 1292 μελούμενος
449 1223 661 1291 ὑγείας,
687 1226 872 1296 ἰατρὸν
898 1226 1047 1296 αύτῷ
1067 1228 1274 1298 πέμπει
1304 1229 1676 1299 δοκιμώτατον

89 1317 190 1368 καὶ
219 1317 494 1386 φροντίδος
520 1319 600 1370 δτι
635 1319 834 1389 πολλῆς
873 1320 1014 1384 ἀξιοί
1043 1320 1469 1391 θεραπευθῆναι.

175 1429 234 1483 '0
267 1430 323 1484 δέ
352 1431 556 1501 ἰατρὸς,
587 1431 705 1485 ἐπεὶ
746 1433 824 1503 τῷ
861 1433 1071 1504 βασιλεῖ
1094 1428 1251 1498 οὗτος
1279 1437 1677 1507 κεχαρισμένος

86 1515 183 1590 ἦν.
215 1523 489 1592 ἐπιμελῶς
532 1527 872 1594 ἐπεσκέψατο
898 1567 911 1586 ,
942 1528 1034 1579 καὶ
1055 1566 1068 1589 ,
1096 1529 1294 1597 ἄριστα
1328 1528 1576 1596 διαγνοὺς
1609 1531 1676 1583 τά

88 1609 214 1662 κατ’
247 1612 432 1670 αὐτὸν.
456 1613 532 1682 τῷ
565 1613 776 1682 βασιλεί
807 1615 999 1666 θᾶττον
1024 1615 1368 1683 ἀναγγέλλει,
1396 1616 1473 1678 ὡς
1511 1618 1674 1684 Ἐγὼ,

88 1703 264 1770 φησὶ,
298 1704 512 1768 ούδενὸς
536 1707 844 1774 νοσήματος
877 1708 1048 1759 αἴτιον
1089 1709 1148 1760 ἐν
1174 1707 1252 1777 τῷ
1284 1708 1558 1779 ἀνθρώπῳ
1593 1711 1675 1760 εύ-

89 1793 211 1861 ρεῖν
239 1792 568 1863 δεδύνημαι·
612 1794 764 1847 ἐνθεν
791 1812 872 1848 τοι
907 1797 1001 1848 καὶ
1043 1795 1430 1865 ὑπολαμϐάνω,
1466 1797 1672 1869 ἀθυμία

83 1885 197 1935 τινὶ
232 1887 332 1953 τὴν
369 1884 550 1954 ψυχὴν
580 1885 868 1957 βληθέντα,
915 1888 1104 1941 τοῦτον
1139 1890 1562 1959 μαλακισθῆναι.
1611 1892 1670 1944 '0

82 1971 144 2024 δὲ
180 1973 454 2042 βασιλεὺς,
480 1977 685 2028 τούτων
711 1976 950 2039 ἀκούσας
971 1976 1080 2029 τῶν
1113 1981 1399 2050 ῥημάτων,
1430 1980 1668 2033 ὑπέλαϐε

87 2065 310 2135 βαρέως
338 2066 486 2137 αύτῷ
517 2068 608 2120 τὸν
640 2067 757 2119 υἱὸν
785 2067 1132 2138 διατεθῆναι,
1169 2072 1263 2122 καὶ
1291 2070 1482 2122 τούτου
1512 2072 1671 2142 χάριν

83 2155 402 2225 λυπηθέντα
427 2155 590 2208 αὑτὸν
625 2155 998 2228 ὑποχωρῆσαι.
1033 2159 1244 2212 Μαθεῖν
1267 2160 1323 2212 δὲ
1355 2159 1416 2226 τὸ
1440 2163 1669 2230 πρᾶγμα

85 2245 398 2309 ἀκολούθως
434 2245 758 2317 βουλόμενος
786 2287 800 2310 ,
827 2249 1101 2318 δεδήλωκε
1129 2249 1206 2320 τῷ
1239 2251 1473 2320 Ζαρδάν,
1511 2254 1664 2322 191

84 2339 166 2400 ὡς
199 2338 399 2408 Αὔριον
451 2340 780 2409 ἐλεύσομαι,
822 2341 997 2408 φησὶ,
1032 2339 1312 2411 θεωρῆσαί
1345 2360 1402 2396 σε
1428 2384 1443 2408 ,
1479 2349 1572 2396 καὶ
1604 2349 1670 2396 τα

85 2430 190 2498 τῆς
218 2429 604 2499 ἐπισυμῦάσης
637 2445 717 2481 σοι
745 2429 1037 2496 διαγνῶναι
1062 2431 1396 2501 ἀρρωστίας.

173 2559 230 2613 '0
259 2558 470 2629 Ζαρδὰν
500 2559 580 2623 δὲ,
615 2559 818 2628 ταύτης
848 2558 1090 2620 ἀκούσας
1118 2559 1216 2629 τῆς
1249 2559 1528 2627 ἀγγελίας,
1556 2561 1670 2629 ἅμα
1704 2596 1708 2600 -

97 2649 247 2721 πρωῒ
287 2650 747 2721 περιϐαλλόμενος
780 2650 943 2702 αὑτοῦ
989 2649 1049 2702 τὸ
1084 2649 1297 2718 ἱμάτιον
1323 2694 1336 2712 ,
1377 2652 1668 2718 πορεύεται

93 2746 232 2817 πρὸς
261 2746 351 2798 τὸν
380 2745 622 2814 βασιλέα.
661 2744 768 2796 Καὶ
797 2742 1052 2794 εἰσελθὼν
1081 2741 1488 2811 προσεκύνησεν
1521 2745 1669 2814 αύτῴ

84 2838 181 2889 ἐπὶ
214 2837 310 2905 τῆς
345 2836 468 2906 γῆς.
513 2836 572 2888 '0
601 2834 657 2886 δὲ
693 2834 949 2903 βασιλεὺς
978 2875 993 2899 ,
1034 2833 1116 2895 Τί,
1152 2834 1305 2902 φησὶ,
1348 2835 1671 2903 παρεϐιάσω

86 2927 280 2979 ἑαυτὸν
321 2924 756 2996 παραγενέσθαις
792 2925 952 2986 αὐτὸς
983 2922 1092 2994 γὰρ
1131 2922 1321 2993 ἤθελον
1365 2924 1670 2992 ἐπισκέψα-

88 3016 219 3068 σθαί
256 3033 337 3079 σε,
367 3017 461 3068 καὶ
491 3018 626 3068 πᾶσι
650 3015 1036 3085 γνωρίσαιτὴν
1073 3014 1209 3084 πρὸς
1236 3015 1293 3066 σέ
1327 3031 1427 3084 μου
1460 3016 1664 3082 φιλίαν.

95 3111 170 3175 Ὀ,
209 3109 266 3160 δὲ
313 3108 615 3177 ἀντὲφησεν
641 3125 656 3140 ο
709 3108 768 3160 ἸΙ
810 3107 956 3176 ἐμὴ,
987 3105 1240 3177 βασιλεῦ,
1287 3106 1540 3161 ἀσθένεια
1568 3110 1668 3160 οὐκ

83 3204 206 3256 ἐστι
240 3201 348 3254 τῶν
385 3202 632 3271 συνήθων
660 3201 969 3271 ἀνθρώποις
1001 3199 1354 3270 ἀρῤωστειῶν
1376 3217 1388 3227 ·
1429 3200 1544 3252 ἀλλ’
1601 3204 1664 3254 ἐκ
1693 3206 1734 3261 C

83 3296 338 3364 λυπηρᾶς
383 3294 477 3348 καὶ
516 3293 861 3364 ἐμμερίμνου
910 3293 1092 3362 ψυχῆς
1141 3295 1241 3360 τῆς
1292 3291 1518 3362 καρδίας
1548 3293 1668 3345 ὀδυ-

83 3393 375 3460 νωμένης,
410 3391 760 3460 συνωδυνήθη
805 3388 866 3440 τὸ
900 3388 1081 3458 σῶμα.
1128 3388 1433 3459 Ἀφροσὺνη
1476 3388 1532 3440 δέ
1578 3405 1667 3458 μοι

80 3479 154 3555 ἦν
185 3483 356 3546 οὕτως
383 3482 575 3552 ἔχοντά
602 3499 668 3552 με
713 3482 786 3551 μὴ
811 3480 1072 3542 δουλικῶς
1108 3481 1246 3550 πρὸς
1273 3479 1332 3532 τὸ
1362 3481 1452 3532 σὸν
1486 3499 1656 3552 παραυ

83 3575 341 3644 γενέσθαι
383 3575 618 3644 κράτος,
664 3574 800 3626 ἀλλά
837 3573 939 3642 τὴν
975 3574 1074 3642 σὴν
1111 3571 1386 3640 βασιλείαν
1426 3571 1666 3643 προσμέ-

84 3685 203 3720 νειν
239 3668 342 3730 ’ἑως
377 3667 512 3737 ἐμοῦ
544 3665 638 3718 τοῦ
673 3666 884 3717 οἰκέτου
917 3663 1206 3732 σκυλῆναι.
1252 3663 1360 3715 Τοῦ
1400 3663 1663 3732 βασιλέως

83 3758 184 3816 οὖν
227 3759 634 3829 πυνθανομένου
665 3758 747 3821 τίς
787 3760 819 3827 ἡ
864 3757 962 3828 τῆς
990 3756 1228 3826 ἀθυμίας
1263 3756 1432 3809 αὑτοῦ
1473 3757 1620 3808 αἰτία
1647 3797 1661 3820 ,

85 3849 376 3904 ὑπολαϐὼν
403 3852 431 3902 ὁ
459 3849 700 3920 Ζαρδάν,
741 3848 932 3915 Μέγας
957 3847 1080 3917 ἐμοὶ
1103 3847 1368 3911 κίνδυνος,
1399 3846 1502 3917 ἔφη
1525 3864 1536 3874 ·
1571 3848 1664 3899 καὶ

86 3942 343 4014 μεγάλων
383 3938 496 4009 ἐγὼ
541 3938 821 4010 τιμωριῶν
853 3939 1006 4005 ἄξιος
1028 3979 1043 4002 ,
1077 3937 1288 3990 πολλῶν
1317 3937 1374 3989 δὲ
1418 3937 1662 3990 θανάτων

80 4036 272 4102 ἔνοχος
300 4031 642 4100 καθέστηκα,
667 4033 772 4096 ὃτι,
801 4029 896 4083 σοῦ
921 4033 1036 4092 τοῖς
1077 4031 1497 4100 προστάγμασιν
1528 4032 1660 4099 ἀμε-

81 4125 195 4187 λῶς
223 4123 491 4186 διατεθεὶς
542 4122 701 4185 ἀνίας
729 4137 811 4174 σοι
843 4120 1051 4192 πολλῆς
1079 4121 1203 4175 ὅσον
1229 4121 1440 4174 οὐδέπω
1465 4121 1662 4191 πρόξε-

81 4234 178 4279 νος
206 4217 426 4285 γέγονα.

158 4435 326 4499 Αῦθις
350 4435 406 4488 δὲ
435 4437 463 4488 ὁ
491 4435 740 4506 βασιλεὺς
763 4480 776 4503 ,
814 4437 921 4490 Καὶ
955 4436 1076 4488 τίνα
1118 4437 1181 4489 συ
1218 4435 1485 4504 ἀμέλειαν
1521 4435 1660 4505 ὴμέ-

1795 592 1991 645 ιὶυιιοιιι
2025 591 2388 652 intellexisset,
2416 605 2723 662 summaque
2748 595 2869 651 inde
2894 599 3142 653 maestitia
3174 605 3357 657 aliice-

1795 691 1964 745 retur,
1995 682 2344 750 gravibusque
2373 682 2530 733 animi
2573 685 2714 737 curis
2742 700 3041 752 vexaretur,
3093 705 3192 745 nec
3226 693 3350 758 quid

1795 774 1988 824 laceret
2027 771 2263 836 haberet,
2312 770 2376 824 ad
2427 781 2724 828 extremum
2769 793 2996 834 mmrore
3042 795 3350 849 oppressus,

1791 862 2036 915 simulato
2059 863 2261 924 morbo,
2302 863 2351 914 in
2383 879 2504 914 suas
2530 867 2670 916 ardes
2694 871 2976 922 concessit.
3004 871 3150 937 Quod
3179 882 3234 926 ut
3259 890 3350 928 rex

1791 954 2068 1022 corruperit,
2111 953 2268 1005 alium
2309 956 2586 1021 quemdam
2629 973 2690 1009 ex
2739 958 2842 1024 bis,
2891 975 3024 1027 quos
3065 964 3348 1018 lidissimos

1793 1045 2040 1105 habebat,
2075 1046 2234 1104 misit,
2263 1045 2350 1109 qui
2380 1045 2538 1110 ipsius
2573 1048 2686 1099 loco
2726 1050 2831 1101 lilio
2860 1051 3196 1105 ministraret.
3231 1054 3345 1120 Ipse

1787 1146 1962 1190 autem
1992 1133 2304 1186 valetudinis
2334 1134 2586 1186 Zardauis
2622 1152 2798 1189 curam
2831 1156 3039 1205 gerens,
3067 1144 3352 1197 ce‘eberri-

1791 1243 1930 1280 tnutn
1959 1224 2023 1277 ad
2061 1239 2178 1276 eum
2221 1225 2480 1275 medicum
2521 1224 2698 1285 mittit,
2734 1243 2960 1297 eumque
2997 1242 3052 1284 ut
3087 1247 3344 1288 summam

1790 1318 1852 1366 ad
1887 1314 2047 1382 ipsius
2073 1317 2399 1366 curationem
2437 1313 2840 1370 sollicitudinem
2886 1324 3131 1379 adhibeat
3171 1340 3342 1396 rogat.

1817 1449 1826 1476 '~
1855 1443 2084 1498 Medicus
2115 1444 2294 1512 igitur,
2319 1443 2566 1507 quoniam
2593 1455 2713 1494 cum
2747 1446 2853 1512 regi
2885 1459 3085 1511 gratum
3113 1460 3162 1500 et
3187 1467 3336 1501 aeno-

1781 1540 1922 1595 ptum
1953 1548 2070 1586 esse
2101 1534 2466 1599 perSpiciebat,
2498 1536 2680 1584 sedqu
2718 1548 2837 1584 cum
2870 1533 3148 1584 invisi-bat.
3172 1532 3332 1585 Cum-

1777 1634 1877 1686 que
1908 1621 2069 1686 ipsius
2099 1631 2292 1674 statum
2315 1632 2557 1674 accurate
2578 1622 2986 1682 considerasset,
3021 1636 3129 1687 regi
3151 1623 3334 1675 conl‘e-

1777 1710 1898 1760 Slitn
1949 1710 2238 1775 indicavit,
2351 1729 2411 1766 se
2581 1713 2707 1764 nihil
2751 1712 2888 1779 quod
2949 1713 3186 1764 morbum
3237 1711 3333 1778 ipsi

1779 1809 2075 1853 accerseret
2096 1800 2148 1853 in
2170 1815 2235 1852 eo
2257 1801 2488 1866 reperire
2512 1804 2772 1867 potuisse;
2794 1816 2856 1853 ac
2886 1801 3104 1867 proinde
3130 1803 3196 1853 ita
3223 1804 3334 1855 exi-

1777 1888 1997 1941 stimare
2023 1905 2143 1942 eum
2173 1891 2350 1956 aliquo
2374 1892 2533 1944 animi
2564 1906 2790 1945 maerore
2842 1892 3085 1944 allectum
3115 1893 3164 1945 in
3193 1907 3334 1945 mor-

1781 1980 1904 2032 bum
1935 1980 2201 2033 incidisse.
2233 1982 2338 2033 ltex
2369 1991 2540 2033 autem
2574 1981 2657 2033 his
2679 1981 2851 2034 verbis
2878 1981 3091 2043 auditis,
3125 1981 3222 2032 hoc
3255 1996 3337 2033 ar-

1780 2070 1999 2122 bitratus
2039 2079 2122 2122 cst
2167 2084 2285 2122 eum
2332 2084 2362 2121 a
2406 2071 2512 2122 lilio
2551 2071 2788 2136 asperius
2824 2079 3097 2139 acceptum
3147 2072 3335 2136 fuisse,

1786 2172 1942 2230 atque
1986 2163 2083 2214 hac
2132 2161 2199 2213 de
2252 2175 2410 2213 causa
2459 2171 2714 2227 concepto
2745 2176 2975 2214 mwrore
3030 2160 3336 2214 recessisse.

1779 2251 2038 2316 Quidnam
2091 2259 2266 2302 autem
2323 2248 2371 2300 id
2419 2257 2562 2302 esset
2604 2249 2852 2316 deinceps
2903 2251 3040 2303 scire
3086 2250 3334 2316 cupiens,

1781 2343 2004 2395 Zardani
2035 2356 2092 2394 se
2121 2356 2267 2404 eum,
2289 2350 2344 2395 ut
2367 2342 2536 2394 oborti
2568 2342 2735 2394 morbi
2763 2357 2973 2396 causam
3004 2343 3335 2409 intelligeret,

1781 2435 2012 2488 crastino
2033 2433 2117 2487 die
2139 2435 2426 2487 invisurum
2451 2435 2783 2502 signiﬁcavit.

1848 2557 2053 2609 Zardan
2083 2569 2258 2609 autem
2310 2558 2462 2625 hujus
2496 2559 2734 2624 promissi
2765 2561 2956 2614 certior
2994 2560 3180 2623 factus,
3223 2573 3332 2615 sta-

1780 2647 1869 2700 tim
1901 2655 1957 2699 ιιι
1983 2647 2186 2708 diluxit.
2220 2647 2538 2701 indumentis
2565 2651 2824 2717 acceptis,
2855 2651 2919 2704 ad
2961 2667 3134 2720 regem
3176 2655 3334 2720 proli-

1777 2738 2011 2799 ciscitnr,
2041 2753 2268 2803 eumque
2316 2739 2471 2792 simul
2520 2749 2675 2807 atque
2729 2741 2994 2810 ingressus
3039 2753 3141 2809 est,
3190 2744 3332 2798 hnini

1781 2835 2073 2890 prcstratus
2111 2831 2368 2880 adoravit.
2413 2829 2520 2881 llex
2569 2841 2740 2884 autem
2787 2849 2799 2884 ε
2836 2833 2990 2896 Quid,
3024 2835 3210 2903 inquit,
3241 2836 3332 2888 tibi

1781 2918 1882 2968 vim
1911 2917 2151 2984 attulisti,
2179 2929 2233 2971 ut
2274 2919 2338 2971 ad
2389 2937 2472 2972 me
2500 2923 2818 2976 accederes?
2845 2926 2972 2979 Nam
3014 2927 3127 2994 ipse
3171 2930 3235 2980 ad
3285 2939 3337 2983 te

1781 3007 2063 3073 prnlicisri,
2090 3024 2365 3076 meumque
2391 3027 2512 3078 erga
2547 3025 2596 3064 te
2623 3029 2852 3068 amorem
2883 3019 3124 3071 onmibus
3155 3021 3334 3072 decla-

1778 3111 1895 3150 rare
1923 3098 1972 3149 in
1998 3101 2174 3151 animo
2206 3102 2480 3154 habebam.
2514 3103 2606 3156 Ille
2637 3115 2811 3158 autem
2856 3109 3122 3174 reSpondit
3151 3127 3164 3163 :
3193 3112 3333 3164 Mor-

1779 3189 1876 3242 bus
1907 3207 2074 3256 meus,
2106 3206 2138 3244 ο
2168 3209 2279 3258 rex,
2326 3210 2426 3245 non
2478 3210 2538 3248 ex
2571 3211 2752 3249 eorum
2786 3214 3004 3253 numero
3030 3213 3108 3254 est
3147 3203 3336 3270 quibus

1780 3283 2018 3336 liOmines
2061 3285 2300 3338 laborare
2328 3287 2530 3352 solent,
2564 3304 2746 3341 verum
2786 3305 2847 3343 ex
2896 3294 3056 3345 animi
3090 3297 3336 3349 mtestiria

1778 3382 1830 3425 et
1858 3376 2124 3426 anxietate
2153 3375 2316 3427 corde
2356 3376 2404 3428 in
2438 3378 2672 3430 dolorem
2704 3380 2947 3447 prolapso
2974 3397 3163 3449 corpus
3205 3401 3339 3453 qun-

1702 3482 1706 3486 -
1777 3474 1880 3527 que
1916 3463 2204 3516 condoluit.
2231 3467 2489 3518 Ameutite
2521 3481 2677 3534 porro
2702 3469 2825 3522 mihi
2851 3472 3145 3527 ducendum
3173 3488 3334 3538 esset,

1776 3550 1820 3601 si
1854 3565 1970 3604 cum
1995 3552 2061 3603 ita
2095 3569 2177 3606 mc
2209 3553 2476 3621 habt-rem,
2514 3573 2616 3609 non
2660 3566 2716 3610 ut
2745 3575 2953 3613 servum
2983 3563 3156 3626 decet,
3184 3569 3248 3617 ad
3283 3576 3336 3619 te

1773 3640 2116 3704 accederem;
2145 3658 2324 3696 verum
2349 3654 2403 3696 ut
2424 3649 2566 3714 regia
2591 3657 2672 3698 tua
2703 3649 2948 3716 majestas
2973 3652 3035 3704 ad
3059 3668 3142 3706 me
3169 3655 3335 3707 lamu-

1777 3731 1885 3784 lum
1910 3733 2123 3786 veniens
2144 3749 2259 3787 sese
2283 3738 2540 3804 t'aiigaret,
2568 3751 2952 3806 exspectarem.
2985 3744 3336 3801 Percontante

1777 3832 1949 3874 autem
1981 3838 2102 3892 rege
2131 3826 2376 3890 quidnam
2408 3841 2528 3879 eum
2564 3830 2615 3881 in
2649 3829 2788 3884 hunc
2831 3846 3112 3887 maerorem
3151 3836 3336 3904 conje-

1775 3911 1952 3973 cisset,
1989 3915 2318 3978 reSpondens
2345 3917 2550 3972 Zardan
2588 3936 2599 3971 :
2632 3919 2891 3990 Magnum,
2917 3924 3101 3993 inquit,
3131 3929 3337 3994 perieu-

1776 4005 1881 4057 lum
1915 4005 2043 4058 mihi
2091 4009 2378 4075 impendet,
2413 4014 2720 4081 magnisque
2749 4017 3018 4082 suppliciis
3057 4033 3116 4072 ac
3159 4021 3336 4074 multis

1779 4096 1962 4148 mortis
1992 4097 2270 4162 generibus
2294 4101 2507 4167 dignum
2540 4118 2622 4155 me
2649 4119 2896 4171 agnosco,
2929 4108 3174 4174 quoniam
3205 4126 3335 4177 prae-

1778 4188 1945 4253 ceptis
1972 4191 2073 4242 tuis
2102 4191 2426 4260 negligenter
2451 4195 2789 4262 obsequendo
2820 4200 3085 4267 ingentem
3117 4203 3203 4256 tibi
3224 4202 3244 4272 j
3267 4221 3334 4259 um

1780 4285 1993 4349 jamque
2017 4295 2298 4336 monerem
2328 4285 2600 4337 accersivi.

1865 4436 2069 4489 Rursum
2097 4444 2268 4488 autem
2294 4449 2358 4488 ex
2385 4447 2450 4487 eo
2477 4441 2745 4502 qumrente
2785 4447 2907 4500 rege
2949 4448 3187 4495 quamam
3229 4433 3322 4487 hu-

80 4531 293 4601 ληκαςς
326 4531 518 4598 ἤρετο·
571 4529 624 4582 τί
671 4529 728 4582 δὲ
757 4529 1115 4602 τὸηπεριέχον
1162 4545 1220 4580 σε
1248 4529 1407 4594 δέος;
1452 4527 1539 4581 Ἑν
1592 4531 1658 4598 τῇ

1702 4551 1739 4604 D
1769 4529 1997 4597 jusmodi
2039 4528 2348 4594 negligentia
2378 4535 2538 4590 esset,
2573 4525 2624 4576 in
2652 4538 2808 4591 quam
2841 4523 3130 4588 incidisset,
3159 4527 3322 4593 qund«

80 4624 218 4692 περὶ
248 4621 340 4673 τὸν
368 4621 552 4691 κύριόν
581 4639 684 4691 μου
707 4622 796 4674 τὸν
822 4624 936 4673 υἱόν
961 4639 1053 4673 σου
1093 4621 1348 4692 ἀκριϐείᾳ
1378 4621 1657 4690 ἦμέληκα,

80 4715 216 4783 Em.
264 4712 504 4783 Πονηρὸς
551 4713 658 4783 γάρ
695 4708 980 4784 ἄνθρωποξ
1012 4713 1106 4764 καὶ
1140 4713 1270 4780 γόης
1314 4711 1485 4776 ἐλθὼν
1519 4711 1658 4780 ὡμί-

81 4804 253 4871 λησεν
282 4803 429 4872 αύτῷ
457 4802 523 4855 τὰ
553 4803 650 4873 τῆς
675 4803 973 4873 Θρησκείας
992 4802 1103 4862 τῶν
1130 4802 1498 4873 Χριστιανῶν.
1528 4796 1668 4890 lii-.06

80 4894 360 4962 διηγεῖται
389 4893 529 4944 κατὰ
560 4893 726 4961 μέρος
753 4892 831 4962 τῷ
855 4892 1067 4961 βασιλεῖ
1091 4891 1159 4945 τὰ
1179 4893 1480 4963 λαληθέντα
1512 4891 1665 4961 παρά

84 4984 186 5037 τοῦ
229 4985 484 5055 γέροντος
525 4984 660 5054 πρὸς
709 4983 798 5037 τὸν
849 4984 963 5036 υἱὸν
1010 4984 1196 5046 αὑτοῦ,
1248 4986 1343 5036 καὶ
1383 4982 1497 5052 μεθ’
1532 4984 1663 5052 ὅσης

76 5072 280 5142 ἡδονῆς
308 5074 515 5136 ἐκεῖνος
536 5073 626 5125 τὸν
652 5071 808 5141 λόγον
836 5071 1054 5136 ἐδέξατο
1077 5110 1092 5134 ,
1126 5072 1282 5141 192
1313 5072 1406 5123 καὶ
1435 5072 1508 5132 ὡς
1531 5071 1650 5133 ὅλος

77 5163 180 5216 τοῦ
220 5163 456 5233 Χριστοῦ
501 5164 713 5231 γεγόνει
753 5165 850 5233 (‘2).
911 5163 1055 5230 Πρὸς
1101 5163 1156 5215 δὲ
1191 5164 1286 5214 καὶ
1333 5162 1428 5234 τὴν
1464 5161 1654 5229 κλῆσιν

79 5257 276 5326 ἐδήλου
324 5255 418 5309 τοῦ
466 5257 760 5325 γέροντος,
817 5257 1086 5328 Βαρλααμ
1124 5255 1315 5309 τοῦτον
1373 5255 1657 5308 καλεῖσθαι

80 5350 278 5402 εἰπών.
320 5347 572 5417 Ἀκηκόει
604 5347 712 5418 γὰρ
763 5349 859 5400 καὶ
909 5347 1175 5419 πρότερον
1218 5351 1245 5400 ὁ
1289 5347 1541 5417 βασιλεὺς
1590 5346 1658 5398 τά

78 5438 352 5509 περὶτοῦ
408 5437 672 5508 Βαρλαάμ
723 5437 819 5490 καὶ
870 5437 966 5505 τῆς
1015 5437 1321 5506 ἀκροτάτης
1370 5436 1658 5504 ἀσκήσεως

82 5530 275 5584 αὑτοῦ.
293 5531 381 5592 Ὠς
408 5529 453 5582 δ’
478 5530 558 5591 είς
577 5527 748 5591 ἀκοὰς
773 5528 944 5580 ταῦτα
969 5525 1098 5598 ἦλθε
1121 5528 1199 5598 τῷ
1232 5527 1460 5597 βασιλεῖ,
1487 5526 1661 5595 κλόνῳ

84 5622 254 5686 εὐθὺς
282 5623 345 5676 ἐκ
376 5622 473 5692 τῆς
503 5621 905 5692 περιπεσούσης
939 5619 1087 5691 αύτῷ
1111 5620 1348 5691 ἀθυμίας
1385 5618 1658 5690 βάλλεται,

1773 4635 1873 4688 que
1903 4620 2189 4688 perieulum
2241 4616 2366 4670 illud
2412 4618 2464 4668 in
2513 4630 2617 4682 quo
2661 4625 2942 4667 versatur:
2987 4614 3039 4667 In
3093 4617 3324 4668 ευειοθὶι

1773 4713 1969 4764 duuiani
1996 4713 2095 4764 mei
2128 4710 2217 4762 lilii
2249 4709 2344 4772 tui,
2377 4709 2563 4775 inquit,
2595 4707 2944 4775 negligentem
2989 4723 3074 4761 me
3103 4710 3323 4776 praebui.

1773 4803 2043 4870 Improbus
2072 4803 2211 4854 enim
2239 4799 2450 4866 quidam
2479 4813 2541 4851 ac
2565 4802 2916 4864 praestigiator
2946 4799 3232 4864 ingressus,
3260 4800 3324 4852 de

1771 4891 2082 4944 Christiana:
2123 4889 2386 4956 religionis
2430 4887 2667 4940 doctrina
2707 4888 2771 4939 ad
2813 4903 2932 4940 eum
2980 4891 3139 4941 verba
3182 4891 3324 4944 l'ecit.

1776 4982 2064 5048 l’osteaque
2093 4978 2220 5045 regi,
2245 4992 2377 5042 quos
2401 4977 2464 5030 ad
2489 4977 2652 5043 ipsius
2675 4977 2835 5029 lilium
2866 4992 3024 5030 senex
3055 4993 3326 5032 sermones

1775 5070 2041 5124 habuisset
2065 5070 2328 5138 sigillatim
2357 5068 2617 5132 estposuit,
2641 5076 2991 5134 quantamque
3016 5068 3100 5121 ille
3119 5083 3184 5122 ex
3201 5072 3326 5136 ipsis

1773 5163 2093 5230 voluptatein
2123 5162 2368 5226 cepisset,
2397 5162 2642 5226 quodque
2671 5175 2882 5227 prorsus
2908 5159 3115 5212 Christo
3143 5174 3200 5214 se
3243 5162 3308 5214 ad

1773 5255 2012 5308 dixisset.
2065 5251 2198 5318 Quin
2249 5253 2403 5305 etiam
2455 5253 2596 5305 senis
2653 5268 2842 5306 nomen
2890 5253 2984 5318 ipsi
3039 5253 3325 5320 iudicavit,

1779 5345 2012 5396 Barlaam
2056 5343 2222 5409 ipsqu
2254 5340 2546 5408 nuncupari
2574 5340 2776 5393 dicens.
2811 5340 2940 5392 Nam
2973 5341 3130 5394 etiam
3176 5354 3329 5398 antea

1777 5448 1870 5487 rex
1917 5433 1981 5486 de
2009 5431 2269 5494 Barlaam,
2303 5445 2363 5482 ac
2390 5444 2593 5483 summa
2622 5430 2877 5497 religiosa:
2908 5432 3073 5494 ipsius
3101 5433 3219 5485 vita:
3248 5452 3332 5484 as-

1782 5524 2024 5591 peritate,
2069 5521 2231 5574 multa
2280 5521 2547 5574 auditione
2593 5529 2886 5587 acceperat,
2925 5521 2989 5575 Ut
3017 5531 3189 5576 autem
3221 5525 3332 5579 hac

1781 5615 1844 5668 ad
1873 5615 2007 5682 regis
2036 5626 2190 5666 aures
2219 5620 2586 5680 pervenerunt,
2618 5621 2792 5667 tantus
2813 5615 2859 5667 ei
2893 5627 3088 5667 mceror
3115 5601 3333 5669 abortus

158 5825 235 5896 (εὶ)
266 5823 328 5892 C,
360 5825 620 5893 ἐγεγόνει.
654 5823 726 5880 Dc
767 5824 1037 5895 augmenti
1071 5822 1366 5879 emissione
1398 5821 1538 5877 infra
1569 5820 1841 5878 potabitur
