4146 6454
91 475 203 536 und

1152 459 1324 518 VlTA
1365 456 1715 517 BARLAAM
1759 456 1850 514 ET
1889 455 2234 515 JH.\S;\I'II.

3181 473 3314 537 1062

81 576 234 648 194
263 573 453 628 Ἔνθεν
499 587 577 626 τοι
610 572 703 625 καὶ
743 572 834 624 τὸν
881 570 1145 641 Ιιαρλαὰμ
1175 570 1402 641 ἔναγχος
1447 570 1635 640 μαθὼν

1756 571 1924 626 nixus.
1972 573 2226 639 Quocirca
2273 587 2390 627 cum
2431 573 2761 630 Burlaamum
2810 591 2980 642 nuper
3029 579 3314 636 recessisse

77 668 444 737 ὑποχωρῆσαι,
479 663 844 734 χειρώσασθαι
884 662 1135 717 ἔσπευδε.
1185 663 1376 731 Λὸχοις
1420 660 1512 715 οὖν
1542 665 1637 715 καὶ

77 761 313 829 λοχαγοῖς
343 758 452 808 τῶν
478 755 725 817 διεξόδων
754 753 850 814 τὰς
892 753 1109 814 πλείους
1137 750 1427 818 διειληφὼς
1448 793 1460 812 ,
1510 751 1637 820 μίαν

75 853 131 904 δὲ
174 850 277 902 τῶν
319 849 476 909 ὁδῶν,
513 849 578 916 ἣν
629 845 820 900 πασῶν
872 844 1072 914 μᾶλλον
1120 844 1411 912 ὑφωρᾶτο,
1452 844 1637 905 αὐτὸς,

75 942 256 1003 ἵπποις
291 939 488 1000 ἐπιϐάς
510 978 524 1000 .
570 937 672 989 ἀνὰ
701 937 899 1006 κράτος
945 933 1164 996 ἐδίωκε,
1201 933 1639 1003 προκαταλαϐεῖν

74 1034 230 1086 αὑτὸν
261 1035 323 1082 ἐκ
345 1030 544 1092 παντὸς
579 1029 778 1100 τρόπου
824 1027 1221 1095 διανοούμενος.
1275 1026 1362 1078 Ἐν
1401 1023 1551 1087 ὅλαις
1583 1024 1640 1076 δὲ

76 1123 134 1186 ἒξ
167 1123 395 1192 ἡμέραις
424 1121 712 1182 κοπιάσας,
748 1121 926 1188 μάτην
954 1117 1447 1186 τεταλαιπωρήκει.
1484 1112 1638 1177 Εἶτα,

75 1217 233 1276 αὐτὸς
267 1214 364 1283 μὲν
393 1213 448 1265 ἐν
488 1230 592 1265 τινι
631 1211 737 1264 τῶν
774 1210 1067 1280 βασιλικῶν
1113 1208 1386 1262 παλασίων
1433 1210 1490 1260 ἐν
1531 1209 1641 1269 τοῖς

73 1306 263 1374 ἀγροῖς
299 1303 626 1371 διακειμένῳ
669 1302 1039 1372 προσμείνας,
1080 1299 1171 1353 τὸν
1221 1299 1458 1369 ’Λραχὴν
1504 1299 1642 1366 μετὰ

77 1396 285 1449 ἱππέων
331 1397 432 1446 οὐκ
480 1394 674 1461 ὀλίγων
733 1394 839 1456 ἓως
894 1393 1062 1461 αὐτῆς
1113 1393 1212 1460 τῆς
1265 1392 1644 1462 Σενααριτιδος

77 1489 284 1557 ἐρήμου
323 1486 414 1536 ἐπὶ
443 1485 669 1555 ζήτησιν
699 1485 982 1537 ἀπέστειλε
1019 1485 1112 1536 τοῦ
1147 1485 1426 1553 Βαρλαάμ.
1467 1487 1644 1538 Κατα-

76 1577 254 1628 nam
281 1576 339 1628 δὲ
367 1577 569 1637 ἐκεῖνος
597 1576 687 1626 τὸν
719 1575 915 1638 τόπον,
944 1576 1149 1637 πάντας
1181 1576 1303 1637 τοὺς
1333 1576 1644 1642 περιοίκους

71 1666 354 1736 διετάραξε
374 1682 387 1695 ·
422 1665 515 1718 καὶ
544 1665 712 1718 τῶνδε
742 1667 815 1735 μὴ
843 1666 1146 1734 ἑωρακέναι
1182 1666 1313 1732 ποτὲ
1346 1668 1437 1719 τὸν
1477 1667 1646 1736 ἄνδρα

75 1758 556 1829 βεϐαιωσαμένων,
592 1759 682 1810 ἐπὶ
709 1759 806 1820 τὰς
838 1757 1076 1826 ἐρήμους
1114 1759 1142 1810 6
1175 1757 1359 1827 ἄρχων
1393 1757 1517 1819 τοὺς
1551 1759 1644 1809 εὑ-

75 1849 258 1911 σεϐεῖς
296 1850 578 1918 θηρεύσων
601 1849 768 1918 ἐξῄει.
804 1848 943 1900 Πολύ
971 1865 1030 1900 τε
1063 1851 1161 1917 τῆς
1193 1850 1400 1916 ἐρήμου
1443 1847 1644 1900 διοδεύ-

1753 663 2116 726 coxiiperisset,
2148 676 2267 715 eum
2311 663 2760 730 comprehendere
2800 664 3100 719 festinabat.
3135 665 3314 735 Itaque

1751 749 2002 804 militibus
2041 765 2102 804 ac
2147 751 2544 805 centurionibus
2601 751 2792 818 missis,
2847 753 3022 808 varios
3065 754 3310 810 itinerum

1751 844 1923 896 exitus
1950 845 2242 910 occupavit,
2275 858 2336 896 ea
2367 852 2539 898 autem
2572 845 2653 896 via
2679 860 2834 912 quam
2859 860 2922 899 ex
2952 847 3195 900 omnibus
3223 862 3313 901 su-

1748 934 2060 998 spectioreiu
2085 933 2474 1001 babebat,ipse,
2499 935 2805 988 conscensis
2830 935 2998 1004 equis,
3025 952 3141 990 cum
3165 940 3307 992 omni

1749 1024 2018 1076 celeritate
2050 1023 2482 1091 persequebatur,
2514 1034 2673 1092 atque
2702 1025 2845 1079 omni
2870 1028 3072 1082 ratione
3099 1031 3306 1097 assequi

1747 1111 2028 1181 cogitabat.
2061 1111 2342 1180 Caeterum,
2375 1126 2492 1166 cum
2522 1129 2612 1167 sex
2646 1123 2781 1170 totos
2804 1115 2915 1170 dies
2955 1116 3096 1171 inani
3212 1120 3305 1173 la-

1752 1203 1883 1256 bore
1935 1215 2054 1254 sese
2084 1200 2367 1269 fatigasset,
2400 1201 2512 1269 ipse
2557 1204 2770 1270 quidem
2803 1205 2852 1257 iu
2898 1205 3042 1274 regio
3080 1207 3306 1275 quodam

1747 1291 1960 1358 palatio,
1995 1291 2131 1358 quod
2162 1293 2268 1344 ruri
2299 1291 2456 1344 situm
2487 1300 2621 1358 erat,
2650 1304 2906 1348 remanet.
2939 1296 3181 1350 Aracheu
3210 1312 3306 1350 an-

1747 1394 1851 1436 tem
1883 1396 2000 1434 cum
2031 1383 2289 1450 equitibus
2320 1381 2455 1435 haud
2485 1383 2666 1450 paucis
2695 1385 2757 1435 ad
2791 1383 2954 1448 ipsam
2981 1401 3147 1454 usque
3169 1388 3305 1442 Sen-

1748 1474 2058 1527 uaaritidetn
2101 1473 2436 1528 solitudinem
2478 1474 2820 1540 conquirendi
2856 1475 3111 1531 Barlaami
3150 1495 3306 1533 causa

1748 1564 1910 1618 misit.
1943 1566 2040 1630 Qui
2069 1580 2188 1618 cum
2218 1565 2283 1617 ad
2322 1579 2442 1618 eum
2476 1565 2646 1617 locum
2681 1567 3039 1631 pervenisset,
3071 1569 3304 1622 omnium

1746 1654 2038 1708 incolarum
2067 1655 2272 1708 animos
2302 1653 2657 1722 perturbavit;
2686 1665 2840 1722 atque
2868 1670 2988 1709 cum
3019 1658 3092 1711 illi
3135 1659 3302 1713 virum

1745 1759 1866 1798 eum
1911 1759 1938 1797 a
1967 1760 2024 1798 se
2053 1744 2220 1798 visum
2250 1758 2369 1797 esse
2415 1753 2714 1811 negassent,
2761 1745 2810 1798 in
2858 1747 3216 1812 solitudinem,
3251 1758 3309 1802 ut

1748 1833 1861 1902 pios
1891 1834 2030 1887 viros
2063 1845 2363 1898 venaretur,
2391 1847 2507 1887 sese
2537 1834 2776 1887 contulit.
2806 1835 3042 1903 Cumque
3064 1839 3306 1890 solitudi-

74 1957 178 2002 σας
207 1939 282 2008 (6)
317 1914 611 2009 διάστημα,
795 1956 855 1990 τε
887 1914 1308 2007 περικυκλώσας
1353 1941 1446 1992 καὶ
1493 1941 1643 2008 ἀτρι-

1751 1940 1865 1979 nem
1894 1925 2034 1978 illam
2079 1939 2267 1993 magna
2303 1939 2367 1976 ex
2417 1935 2559 1992 parte
2610 1935 2957 1992 peragrasset,
2992 1941 3053 1980 ac
3100 1937 3308 1982 montes

75 2033 193 2092 δεῖς
227 2031 513 2100 φάραγγας
545 2031 814 2094 πεζεύσας
848 2031 942 2083 καὶ
975 2029 1270 2092 δυσϐάτονς
1296 2068 1310 2089 ,
1350 2032 1486 2100 μετὰ
1536 2031 1644 2083 τῶν

74 2123 176 2175 σὺν
224 2121 372 2190 αὑτῷ
412 2121 584 2191 ὄχλων
620 2122 931 2192 άκρώρειάν
978 2138 1101 2174 τινα
1150 2121 1507 2187 καταλαϐὼν,
1551 2121 1646 2173 καὶ

78 2212 240 2282 195
276 2212 405 2277 στάς
436 2215 521 2266 ἐπ’
551 2215 753 2282 αὐτῆς,
781 2214 881 2284 ὁρᾷ
924 2213 1063 2266 κατά
1103 2212 1198 2282 τὴν
1231 2212 1507 2282 ὑπώρειαν
1545 2213 1647 2280 φά-

71 2303 257 2370 λαγγα
289 2303 566 2374 ἐρημιτῶν
612 2303 1039 2372 περιπατοῦσαν.
1081 2304 1190 2356 Καὶ
1239 2303 1398 2366 εὐθὺς
1442 2304 1518 2372 τῷ
1553 2305 1646 2356 τοῦ

71 2394 338 2462 ἄρχοντος
384 2395 765 2463 προστάγματι
812 2395 1011 2457 πάντες
1063 2393 1148 2446 ἐπ’
1194 2395 1392 2456 αὐτοὺς
1434 2394 1646 2448 θέουσιν

70 2485 364 2549 ἀπνευστὶ,
415 2485 570 2548 ἄλλος
601 2485 756 2538 ἄλλον
785 2488 894 2548 τοῖς
928 2486 1146 2554 δρόμοις
1185 2485 1386 2552 φθάσαι
1414 2486 1646 2554 φιλονει-

71 2575 322 2638 κοῦντεςο
360 2576 452 2628 καὶ¹
480 2575 804 2644 φθάσαντες,
837 2576 1240 2647 περιεχύθησαν
1275 2577 1454 2639 αὐτοῖς
1493 2576 1648 2639 κύνες

67 2666 211 2718 ὡσεὶ
242 2667 423 2720 πολλοὶ
455 2670 486 2737 ἢ
527 2669 689 2738 θηρία
725 2671 936 2739 πονηρά
980 2687 1099 2722 τινα
1137 2670 1232 2722 καὶ
1270 2668 1646 2740 μισάνθρωπα.

74 2758 193 2812 Καὶ
229 2759 491 2828 κρατοῦσι
513 2762 638 2822 τοὺς
669 2760 866 2832 ἄνδρας
897 2761 972 2830 τῷ
997 2779 1055 2814 τε
1085 2761 1214 2812 εἴδει
1249 2761 1341 2813 καὶ
1378 2763 1441 2830 τῇ
1485 2777 1650 2812 κατα·

74 2849 269 2902 στάσει
295 2851 654 2918 σεμνοτάτους
673 2892 687 2914 ,
712 2852 806 2903 καὶ
829 2851 896 2904 τὰ
922 2853 1205 2920 σήμαντρα
1229 2851 1304 2920 (7)
1335 2851 1430 2918 τῆς
1453 2853 1650 2921 ἐρημι-

73 2945 186 3010 πῆς
218 2943 600 3006 καταστάσεως
624 2945 715 2996 ἐπὶ
742 2944 850 2996 τῶν
880 2945 1186 3015 προσώπων
1218 2945 1484 3014 φέροντας
1507 2962 1520 2975 ’
1557 2947 1650 2998 καὶ

71 3033 306 3097 τούτους
345 3035 598 3104 σύροντες
624 3035 702 3104 τῷ
728 3036 947 3105 ἄρχοντι
979 3037 1360 3105 παρέστησαν,
1394 3037 1455 3090 ού
1491 3037 1649 3106 θορυ-

73 3125 349 3192 ῐληθέντας
386 3127 520 3189 ὅλως
545 3165 558 3190 ,
590 3127 689 3179 οὐκ
720 3127 943 3194 ἀγεννές
987 3146 1034 3180 τι
1071 3131 1164 3180 καὶ
1197 3129 1523 3198 σκυθρωπὸν
1564 3134 1650 3181 ἐν·

67 3217 432 3285 ὁειξαμένους
459 3217 490 3287 ἢ
522 3219 950 3288 φθεγξαμένους.
999 3221 1056 3272 '0
1092 3221 1149 3271 δέ
1186 3221 1444 3290 προάγων
1471 3222 1538 3274 αὖ

74 3308 177 3359 καὶ
209 3308 373 3359 οἱονεὶ
411 3307 819 3378 καθηγούμενος
847 3310 1029 3379 πήραν
1065 3309 1326 3370 ἐϐάσταξε
1361 3311 1609 3380 τριχίιιην
1635 3351 1649 3374 ,

74 3399 293 3466 μεστὴν
354 3397 622 3466 λειψάνων
675 3399 1208 3468 προεκδημησάντων
1265 3399 1426 3454 τινῶν
1485 3401 1654 3470 ἁγίων

74 3487 230 3541 ιΙατέ
238 3505 365 3558 ρων.

158 3742 518 3810 Κατανοήσας
541 3742 594 3796 δέ
628 3743 826 3807 αὐτοὺς
853 3746 881 3797 6
925 3745 1177 3817 Ἀραχὴς,
1209 3747 1284 3810 ὡς
1309 3749 1407 3802 οὐκ
1431 3746 1538 3801 εἶδε
1565 3750 1653 3802 τὸν

76 3833 356 3902 Ηαρλαὰμ
380 3833 397 3903 (
422 3833 684 3896 ἐγίνωσκε
711 3836 818 3905 γὰρ
847 3835 1008 3889 αὐτὸν
1030 3838 1069 3899 ),
1095 3837 1358 3906 συνεχύθη
1392 3841 1457 3908 τῇ
1487 3839 1653 3909 λύπη*

69 3925 236 3991 λέγει
263 3923 317 3975 δέ
350 3925 485 3993 πρὸς
514 3926 708 3988 αύτούς
730 3943 742 3957 ·
774 3926 882 3978 Ποῦ
909 3925 1054 3978 ἔστιν
1089 3930 1117 3980 6
1145 3927 1397 3981 ἀπατεὼν
1427 3929 1652 3991 ἐκεῖνος,

67 4019 104 4069 ὁ
135 4015 230 4067 τὸν
259 4017 372 4067 υἱὸν
399 4016 675 4084 πλανήσας
704 4017 798 4069 τοῦ
841 4018 1135 4085 βασιλέως;
1176 4021 1234 4071 '0
1261 4020 1316 4073 δὲ
1345 4021 1442 4092 τὴν
1475 4023 1657 4091 πήραν

69 4104 376 4175 βαστάζων
411 4106 778 4176 ἀπεκρίνατό·
825 4109 937 4160 Οὐκ
980 4109 1126 4162 ἔστιν
1156 4111 1359 4175 ἐκεῖνος
1402 4114 1460 4166 ἐν
1491 4114 1655 4183 ἡμῖν·

70 4196 228 4267 μηδὲ
288 4197 526 4265 γένοιτοι
571 4199 760 4268 φεύγει
802 4201 911 4272 γάρ
967 4204 1114 4272 ἡμᾶς
1158 4206 1226 4274 τῇ
1270 4203 1364 4255 τοῦ
1419 4205 1655 4274 Χριστοῦ

63 4287 413 4356 διωκόμενος
459 4289 660 4357 χάριτι.
706 4290 794 4342 Ἐν
837 4291 964 4360 ὑμῖν
1004 4291 1060 4344 δὲ
1100 4293 1200 4354 τὰς
1242 4295 1484 4361 οἰκήσεις
1522 4293 1653 4363 ἔχει.

80 4378 156 4427 '0
187 4378 373 4447 ἄρχων
407 4379 531 4448 ἔφη·
571 4379 865 4443 Γινώσκεις
896 4377 990 4434 οῦν
1039 4382 1233 4447 αὑτόν;
1267 4383 1395 4446 Ναὶ,
1429 4387 1592 4454 φησὶν
1630 4387 1659 4437 6

66 4468 380 4536 ὲρημίτης·
413 4462 530 4520 οἶδα
550 4467 639 4520 τὸν
668 4469 956 4540 ἀπατεῶνα
985 4469 1274 4539 λεγόμενον
1299 4473 1395 4540 (8),
1427 4473 1485 4534 ὃς
1513 4475 1659 4527 ἐστιν

1744 2015 2018 2076 cinxisset,
2033 2013 2295 2082 vallesque
2316 2014 2568 2082 quasdam
2592 2013 2808 2066 minime
2832 2014 3002 2078 tritas,
3018 2025 3072 2068 et
3091 2031 3307 2071 accessu

1747 2105 2006 2166 difficiles,
2037 2119 2152 2157 cuin
2183 2120 2242 2158 ea
2275 2105 2544 2157 hominum
2570 2118 2724 2155 manu
2755 2119 2908 2172 quam
2941 2119 3121 2159 secum
3147 2107 3306 2162 habe-

1748 2197 1852 2262 but,
1889 2195 2107 2264 pedibus
2136 2196 2473 2264 pervasisset,
2504 2194 2566 2246 ad
2594 2196 2846 2248 tumulum
2875 2200 3152 2264 quemdam
3186 2214 3306 2267 pro-

1748 2288 1936 2352 fectus,
1970 2287 2020 2340 in
2051 2288 2166 2352 eius
2194 2284 2404 2352 fastigio
2429 2287 2768 2339 eremitarum
2803 2298 3024 2341 turmam
3055 2289 3303 2344 inambu-

1749 2381 1939 2432 lautetn
1965 2378 2165 2439 cernit;
2199 2379 2440 2444 nullaque
2473 2376 2780 2443 interposita
2824 2392 2990 2444 mora,
3023 2393 3112 2433 cos
3138 2379 3202 2432 ad
3247 2394 3305 2434 se

1744 2469 1930 2521 adduci
1957 2467 2126 2536 jubet.
2166 2466 2356 2520 Milites
2405 2472 2577 2533 Itaque
2627 2467 2904 2519 celerrimo
2935 2483 3114 2532 cursu,
3146 2479 3306 2538 atque

1744 2557 1833 2612 alii
1864 2559 1996 2612 alios
2023 2565 2350 2611 antevenere
2372 2556 2781 2614 conitendentes.
2807 2557 3064 2611 tumulum
3099 2567 3302 2626 petunt.

1747 2646 1926 2714 quue
1955 2660 2072 2698 cum
2115 2644 2497 2710 pervenissent,
2547 2643 3007 2698 circumdederunt
3050 2659 3144 2699 eos
3193 2655 3308 2699 tau-

1744 2750 1899 2804 quam
1927 2750 2082 2788 canes
2114 2733 2262 2788 multi
2294 2732 2461 2802 (Paul.
2497 2740 2624 2802 ut),
2658 2744 2748 2786 aut
2772 2745 3016 2802 tanquam
3043 2737 3306 2802 pestiferas

1748 2825 1983 2893 quasdam
2013 2833 2067 2878 et
2117 2827 2369 2876 iunuaues
2400 2821 2627 2886 bellum;
2661 2833 2818 2888 atque
2849 2824 2990 2889 ipsos
3039 2832 3148 2876 tum
3194 2826 3306 2877 oris

1749 2911 1946 2970 specie,
1977 2903 2084 2957 t’um
2119 2905 2296 2957 habitu
2329 2905 2674 2964 venerandos,
2708 2905 3059 2968 solitariaeque
3105 2903 3310 2958 exerci-

1755 2995 1968 3047 tationis
2018 3004 2167 3047 notas
2210 2995 2259 3047 in
2316 2996 2458 3048 vultu
2509 2993 2758 3057 ferentes,
2809 2994 3307 3061 comprehendunt,

1753 3091 2094 3152 raptatosque
2123 3083 2311 3136 Aracbi
2342 3084 2614 3145 exhibent,
2641 3085 2717 3136 sic
2747 3083 2922 3135 animo
2951 3091 3308 3149 comparatos,

1753 3184 1807 3228 ut
1838 3189 1933 3228 nec
1964 3175 2069 3227 ullo
2100 3174 2255 3228 modo
2304 3175 2751 3243 perturbarentur,
2787 3188 2882 3227 nec
2925 3174 3169 3240 ignavum
3216 3174 3310 3226 ali-

1679 3252 1718 3307 C
1749 3264 1876 3332 quid
1919 3279 1981 3319 ac
2022 3265 2171 3318 triste
2199 3264 2279 3318 vel
2305 3240 2415 3332 prae
2444 3278 2501 3316 se
2542 3263 2759 3324 ferrent,
2808 3263 2888 3315 vel
2936 3262 3304 3330 loquerentur.

1750 3355 1847 3420 Qui
1879 3364 2052 3408 autem
2085 3353 2224 3421 ipsos
2255 3360 2441 3407 Omnes
2468 3363 2712 3420 tanquam
2740 3351 2958 3404 antistes
2983 3350 3220 3419 praeibat,
3245 3365 3309 3403 ex

1749 3446 1921 3499 cilicio
1975 3455 2275 3498 contextam
2338 3457 2556 3509 peram,
2605 3442 2954 3509 quorumdam
3006 3449 3308 3492 sanctorum

1752 3537 1983 3595 Patrum,
2013 3535 2098 3602 qui
2125 3550 2189 3587 ex
2240 3534 2336 3586 hac
2367 3533 2467 3585 vita
2497 3532 2867 3597 diSCesseraut,
2903 3528 3135 3600 reliquiis
3179 3539 3308 3581 Cun-

1749 3624 1934 3676 fertum
1966 3622 2225 3690 gestabat.

1834 3747 2151 3816 Conspectis
2179 3757 2351 3803 autem
2398 3749 2524 3816 ipsis
2574 3747 2845 3808 Araclies,
2890 3755 2945 3798 ut
2995 3745 3324 3800 Barlaamnm

1764 3839 1979 3892 minime
2007 3839 2136 3892 vidit
2167 3840 2312 3907 (nam
2358 3855 2474 3891 cum
2509 3839 2682 3906 norat)
2714 3851 2942 3890 mmrore
2983 3838 3326 3888 conturbatus

1760 3937 1862 3990 est,
1893 3937 2050 3994 atque
2077 3929 2138 3980 ad
2169 3941 2263 3981 eos
2292 3928 2425 3980 dixit
2451 3943 2464 3980 :
2494 3928 2712 3981 Ubinam
2738 3934 2816 3979 est
2845 3926 3098 3991 impostor
3120 3924 3208 3979 ille
3233 3925 3326 3992 qui

1762 4022 1898 4087 regis
1923 4023 1970 4073 lil
1997 4037 2081 4074 um
2113 4023 2164 4074 in
2192 4037 2428 4076 errorem
2462 4021 2710 4075 induxit?
2740 4020 2787 4075 Is
2815 4033 2990 4074 autem
3020 4023 3320 4090 qut'ppram

1761 4112 2000 4178 gestabat
2027 4111 2296 4178 respondit
2331 4128 2346 4166 :
2379 4111 2489 4167 Non
2519 4121 2600 4165 est
2632 4111 2719 4165 ille
2749 4114 2886 4164 inter
2916 4126 3032 4177 nos,
3065 4111 3202 4163 absit
3232 4109 3324 4175 (si-

1764 4201 1997 4270 quidem,
2027 4204 2220 4258 ()hri-ti
2253 4205 2416 4272 gratia
2447 4205 2646 4270 pulsus,
2679 4219 2707 4256 a
2740 4203 2890 4256 nobis
2921 4202 3105 4271 fugit),
3138 4214 3323 4255 verum

1761 4294 1896 4360 apud
1930 4307 2022 4348 vos
2051 4295 2374 4348 domicilium
2407 4294 2581 4348 habet.
2617 4295 2744 4346 Eum
2790 4308 2935 4361 ergo,
2983 4292 3151 4362 inquit
3195 4293 3322 4354 dux,

1763 4383 1935 4436 nosti?
1962 4383 2141 4448 Certe,
2174 4385 2340 4452 inquit
2366 4386 2616 4446 eremita,
2649 4399 2770 4438 eum
2797 4385 2882 4452 qui
2913 4377 3166 4451 impostor
3192 4383 3325 4436 dici-

1762 4480 1844 4526 tur
1871 4474 2012 4536 novi,
2038 4473 2137 4527 hoc
2164 4482 2245 4528 est
2275 4475 2564 4536 diabolum,
2595 4475 2682 4543 qui
2712 4475 2761 4527 in
2787 4474 2962 4527 medio
2988 4474 3146 4527 vestri
3175 4472 3321 4525 habi-

61 4563 101 4613 ὁ
143 4558 413 4621 διάϐολος,
443 4558 471 4609 6
511 4560 676 4628 μέσον
707 4560 862 4628 ὑμῶν
900 4562 1170 4615 κατοικῶν
1207 4564 1300 4615 καὶ
1339 4566 1470 4632 παρ’
1508 4566 1647 4635 ὖμῶκ

1762 4572 1854 4624 tat,
1888 4571 2045 4631 atque
2075 4579 2102 4615 a
2144 4565 2289 4616 vobis
2317 4564 2566 4619 adoretur
2593 4573 2648 4618 et.
2688 4565 2900 4618 colitur.
2934 4563 3029 4618 Hic
3057 4563 3161 4617 dux
3202 4581 3214 4616 :
3253 4563 3324 4617 Do

63 4651 185 4702 λατ
197 4648 486 4718 ρευὸμενός
509 4666 567 4702 τε
591 4649 686 4703 καὶ
708 4650 1158 4722 θεραπευόμεως.
1191 4657 1254 4706 '0
1283 4655 1465 4726 ἄρχων
1489 4657 1647 4722 λέγει

1763 4653 1999 4706 ltarlaam
2032 4667 2128 4719 ego
2151 4667 2352 4721 quaero,
2385 4655 2555 4722 deque
2601 4669 2666 4707 eo
2715 4653 3064 4720 percontabar
3110 4653 3322 4708 ubinam

65 4740 228 4808 Περὶ
253 4738 348 4791 τοῦ
378 4739 641 4810 Βαρλαάμ
666 4740 776 4808 ἐγὼ
802 4743 896 4812 τὴν
926 4742 1152 4813 ζήτησιν
1189 4746 1318 4815 ἔχω,
1347 4751 1439 4800 καὶ
1471 4751 1647 4802 τούτω

1760 4751 1922 4794 esset.
1955 4742 2239 4795 Monachus
2267 4750 2443 4795 autem
2480 4759 2493 4794 :
2523 4743 2628 4796 Cur
2659 4744 2841 4810 igitur,
2877 4741 3072 4807 inquit,
3112 4755 3236 4808 praei
3258 4758 3323 4796 o-

61 4829 311 4902 ἠρόμην
345 4847 406 4883 σε
441 4835 632 4900 μαθεῖν
663 4832 764 4886 ποῦ
806 4834 970 4889 ἔστιν.
1021 4836 1179 4907 196
1229 4837 1286 4890 '0
1317 4839 1372 4890 δὲ
1407 4841 1647 4910 μοναχός

1759 4840 1897 4882 stere
1924 4829 2126 4883 locutus
2155 4845 2212 4884 es
2235 4831 2302 4882 de
2331 4845 2396 4884 eo
2416 4831 2501 4898 qui
2533 4832 2671 4899 regis
2697 4832 2803 4883 lilio
2826 4832 3166 4897 imposturam
3197 4830 3323 4884 fecit

63 4923 205 4978 Καὶ
233 4923 320 4975 ἵνα
348 4923 400 4975 τί
421 4962 436 4985 ,
467 4924 659 4994 φησὶν,
693 4925 1034 4994 άλληνάλλως
1060 4929 1356 4998 ἐλάλησας,
1394 4934 1522 5000 περὶ
1563 4933 1647 4987 τοῐ

1762 4935 1845 4973 me
1890 4920 2254 4988 interrogans?
2282 4921 2412 4973 Nam
2445 4920 2486 4973 si
2521 4921 2635 4973 Ball
2657 4935 2849 4973 :amum
2880 4919 3171 4989 quaerebas,
3203 4936 3320 4972 om-

60 5015 474 5084 ἁπατήσαντος
503 5016 595 5067 τὸν
624 5015 736 5068 υἱὸν
767 5017 857 5068 τοῦ
877 5018 1139 5086 βασιλέως
1158 5021 1255 5089 τὴν
1281 5021 1470 5074 πεῦσιν
1493 5039 1647 5093 προσ-

1761 5009 1884 5059 niuu
1914 5010 1982 5060 ita
2012 5008 2152 5075 loqui
2182 5009 2458 5074 oportebat
2490 5027 2501 5060 :
2535 5009 2755 5064 Ubinam
2801 5010 2889 5062 ille
2920 5017 3001 5062 est
3045 5009 3134 5076 qui
3181 5009 3321 5074 regis

58 5104 346 5175 αγαγών;
386 5109 433 5160 εἰ
467 5106 576 5177 γάρ
603 5108 692 5161 τὸν
720 5109 980 5179 Βαρλαάμ
1025 5110 1257 5180 ἐζήτεις,
1287 5112 1393 5165 ἔδει
1440 5129 1499 5166 σε
1525 5114 1647 5167 πάν-

1762 5099 1920 5149 lilium
1951 5099 2015 5150 ab
2041 5113 2223 5152 errore
2255 5100 2304 5152 in
2339 5099 2477 5151 viam
2518 5099 2744 5161 reduxit,
2777 5113 2837 5151 ac
2869 5099 3038 5152 salute
3064 5097 3322 5151 dauavit?

58 5215 201 5261 τως
233 5199 433 5249 εἰπεῖν·
467 5198 575 5250 Ποῦ
613 5198 758 5252 ἐστιν
797 5203 824 5253 6
863 5205 924 5254 ἐκ
955 5200 1054 5270 τῆς
1085 5202 1290 5272 πλάνης
1325 5204 1647 5274 ἐπιστρέψας

1760 5188 1886 5239 Nam
1915 5188 1998 5239 ille
2032 5187 2192 5240 frater
2219 5201 2396 5241 noster
2425 5198 2523 5249 est,
2557 5203 2616 5240 ac
2646 5189 2902 5254 religiosa:
2925 5188 3320 5241 exercitationis

59 5291 190 5345 καὶ
242 5287 423 5351 σώσας
475 5289 567 5341 τὸν
612 5289 706 5342 τοῦ
750 5290 1011 5359 βασιλέως
1053 5293 1198 5358 υἱόν;
1269 5293 1503 5357 Ἐκεῖνος
1550 5295 1647 5364 γάρ

1759 5280 1949 5330 socius.
1981 5277 2127 5331 Μπιιί
2161 5287 2336 5332 autem
2373 5279 2478 5346 j'mt
2517 5278 2630 5332 dies
2668 5286 2789 5331 sunt
2817 5292 2934 5332 cum
2965 5291 3084 5332 eum
3112 5293 3213 5331 nou
3242 5277 3321 5331 vi-

167 5431 250 5517 (ρ)
343 5431 472 5517 sine
494 5431 891 5517 prtepositjoue,
925 5435 1171 5517 66365“.
1210 5435 1418 5517 l’sellqs
1446 5435 1538 5517 D1?“
1545 5437 1647 5517 flre:

1751 5455 1778 5490 l.
1810 5453 1929 5506 pag.
1955 5437 2068 5516 51‘:
2104 5437 2372 5517 x).6vov_o_6
2407 5440 2627 5517 μέτριον
2653 5426 2973 5517 ἐργάζεται..
3016 5444 3088 5500 lbi
3122 5448 3334 5517 plenius

63 5501 465 5622 ςοιιυκάινῦιυ,
507 5501 901 5571 ἀπεργάζεται.
945 5503 1152 5561 ltursus
1184 5521 1306 5575 pag.
1336 5506 1402 5560 57
1437 5523 1448 5556 :
1495 5506 1600 5559 Τὸν
1644 5532 1647 5553 ε

63 5586 279 5622 απεογ
323 5589 494 5622 .εται.

1751 5501 1836 5560 ιτα
1881 5501 2061 5576 νεκρῷ
2097 5501 2482 5580 παραπλήσιον
2515 5501 2858 5581 ἐργάζεται·
2913 5531 3098 5571 rursus
3125 5501 3331 5583 'cudex,

57 5586 200 5628 ἀπε
214 5586 494 5638 ργαςεται.

165 5639 247 5703 (7)
283 5640 343 5709 (ξ,
387 5641 449 5706 σή
461 5639 688 5709 μανδρα.

171 5710 252 5790 (8)
275 5708 683 5796 ρηγεειτξιενον.
713 5709 927 5796 Illorum
959 5713 1366 5796 parlLicipio‘rtttn
1393 5726 1637 5782 permuta

1751 5732 1841 5796 lem
1869 5718 2021 5796 attigi
2047 5719 2110 5771 ad
2139 5717 2392 5796 N_iret._p.
2414 5718 2536 5796 1.23%.
2574 5720 2748 5793 Lydus
2776 5721 2848 5796 De
2879 5731 2982 5780 ost.
3012 5740 3065 5793 ρ.
3097 5726 3171 5782 2:
3218 5725 3332 5780 Ἰπ-

61 5779 238 5855 «ab;
270 5777 324 5858 δέ
351 5780 456 5902 ἷῖρα
486 5777 554 5850 ἦν
583 5781 644 5833 τὸ
674 5777 973 5853 γενόμενον
998 5777 1203 5855 σχῆμα.
1238 5777 1582 5854 (Ioujcclura,
1616 5804 1646 5855 q

58 5863 244 5906 auria
279 5859 504 5904 t'ttetur.

1759 5787 1851 5840 fttil
1883 5790 1947 5841 ibi
1974 5777 2242 5857 {inquisita
2270 5831 2278 5851 _,
2318 5777 2632 5859 λεγόμενον,
2657 5777 3334 5862 ttCttlitlilamvéSbe—flet—titi-
