4146 6454
140 450 257 511 1065

1184 452 1353 510 ΥΙΤΛ
1398 446 1751 508 BARLAAM
1789 437 1881 503 ET
1918 443 2263 503 JOASAPII.

3188 447 3322 510 1066

130 566 384 627 κοπέντας,
417 565 567 634 μόλις
588 564 688 634 τῆς
716 566 917 635 πολλῆς
950 567 1257 632 ἀνενεγκὼν
1287 566 1504 636 μανίας,
1535 564 1670 617 παύ-

1787 580 2124 639 posteaquam
2153 568 2320 635 plagis
2344 577 2573 619 :itrocem
2602 569 2651 619 iu
2682 568 2895 620 modum
2926 580 3043 619 con'
3062 565 3168 619 isos
3193 564 3345 630 vidit,

125 658 304 713 σασθαι
337 657 460 718 τοὺς
490 656 792 721 τύπτοντας
827 656 1060 710 κελεύει.
1103 658 1209 709 Καί
1245 674 1377 727 φησι
1411 657 1544 726 me;
1574 658 1670 707 αὐ-

121 748 233 811 τούς
257 764 268 776 ·
298 747 354 798 Τί
391 748 457 799 τὰ
485 747 618 800 όστᾶ
643 746 812 799 ταῦτα
841 747 949 798 τῶν
981 747 1290 799 τεθνεώτων
1320 748 1667 816 περιφέρετε;

120 842 183 899 εἰ,
214 832 280 889 ὧν
316 837 377 889 τὰ
412 839 546 890 ὀστᾶ
594 838 700 889 εἰσι
745 836 1037 899 ποθοῦντες
1063 878 1074 898 ,
1126 838 1297 890 ταῦτα
1336 836 1629 906 βαστάζετε
1652 877 1666 897 ,

117 925 271 995 ταύτῃ
295 928 353 996 τῇ
394 924 514 995 ὥρᾳ
557 925 795 995 θήσομαι
830 926 925 978 καὶ
959 925 1106 994 ὑμᾶς
1142 927 1261 995 μετ’
1289 927 1501 991 αὐτῶν,
1539 926 1624 978 ἵνα
1651 964 1666 987 ,

116 1020 216 1070 τῶν
250 1018 584 1086 ποθουμένων
620 1018 912 1087 τυχόντες,
946 1019 1107 1086 χάριν
1148 1033 1238 1086 μοι
1275 1016 1666 1085 ὁμολογήσητε.

127 1109 180 1161 '0
206 1110 255 1161 δὲ
281 1110 368 1177 τῆς
401 1108 551 1172 Θείας
595 1110 813 1179 ἐκείνης
841 1109 1119 1177 φάλαγγος
1149 1106 1375 1177 ἔξαρχος
1408 1109 1501 1161 καὶ
1532 1108 1669 1160 καθ-

113 1202 306 1271 ηγητὴς
361 1202 487 1269 παρ’
543 1201 694 1253 οὐδὲν
752 1198 851 1261 τὰς
909 1199 1005 1251 τοῦ
1070 1198 1332 1267 βασιλέως
1388 1198 1669 1267 τιθέμενος

112 1290 344 1355 ἀπειλὰς,
364 1291 435 1353 ὼς
457 1289 683 1359 μηδενὸς
698 1288 846 1357 αὐτῷ
865 1306 927 1340 συ
937 1288 1273 1356 μϐεϐηκότος
1286 1287 1509 1357 ἀνιαροῦ
1531 1288 1665 1356 (15),

113 1381 353 1451 ἐλευθέρα
381 1383 553 1450 φωνῇ,
595 1380 693 1432 καὶ
723 1378 1090 1449 λαμπροτάτῳ
1130 1379 1406 1447 προσώπῳ
1446 1380 1535 1429 καὶ
1569 1378 1668 1445 τὴν

113 1473 407 1526 ἐνοικοῦσαν
442 1476 507 1541 τῇ
536 1471 683 1541 ψυχῇ
711 1471 1031 1540 σημαίνοντι
1056 1471 1235 1540 χάριν,
1260 1469 1363 1538 ἔφη
1386 1485 1401 1499 ο
1436 1468 1514 1521 Τὰ
1536 1469 1670 1521 ὀστᾶ

108 1562 267 1614 ταῦτα
287 1561 353 1613 τὰ
382 1560 598 1631 καθαρὰ
631 1562 726 1614 καὶ
757 1560 890 1625 am
921 1560 1322 1627 περιφέρομεν,
1348 1551 1393 1610 ὧ
1423 1558 1666 1626 βασιλεῦ,

109 1653 196 1705 τὸν
241 1651 391 1704 πόθον
438 1668 496 1703 τε
534 1650 921 1719 ἀφοσιούμενοι
963 1645 1037 1703 ὧν
1070 1651 1177 1702 εἰσι
1212 1649 1530 1718 Θαυμασίων
1572 1648 1669 1699 ἀν-

106 1742 261 1812 δρῶν,
296 1742 385 1795 καὶ
416 1744 514 1812 τῆς
542 1742 831 1810 ἀσκήσεως
862 1740 1040 1795 αὐτῶν
1074 1740 1166 1791 καὶ
1199 1738 1481 1806 θεοφιλοῦς
1509 1737 1663 1789 πολι-

104 1833 249 1895 τείας
294 1833 370 1895 εἰς
430 1832 649 1901 μνήμην
699 1832 928 1893 ἑαυτοὺς
974 1830 1201 1896 ἄγοντες
1251 1830 1345 1893 καὶ
1394 1828 1531 1897 πρὸς
1575 1830 1666 1881 τὸν

103 1924 282 1992 ὅμοιον
309 1923 661 1993 διεγείροντες
679 1923 860 1992 ζῆλον,
887 1923 985 1992 τὴν
1013 1921 1317 1975 ἁνὰπαυσίν
1338 1937 1398 1973 τε
1421 1920 1665 1991 ὲνοπτρι.
1699 1914 1738 1967 Β

104 2017 311 2085 ζόμενοι
355 2016 445 2069 καὶ
483 2015 693 2086 τρυφὴν
722 2017 778 2065 ὲν
872 2012 966 2066 νῦν
1002 2015 1247 2082 διάγουσι
1273 2029 1286 2043 ·
1319 2012 1413 2065 καὶ
1438 2012 1662 2075 τούτους

106 2108 204 2176 μὲν
231 2105 638 2175 μακαρίζοντες,
671 2105 936 2175 ἀλλήλους
967 2105 1025 2158 δὲ
1062 2104 1476 2174 παραθήγοντες
1499 2142 1514 2164 ,
1547 2105 1661 2163 τοῖς

100 2198 274 2251 αὐτῶν
298 2196 671 2264 ἐξακολουθεῖν
700 2197 810 2266 (14)
848 2198 1015 2267 ἴχνεσι
1053 2197 1374 2265 σπεύδομεν.
1410 2195 1550 2263 Πρὸς
1579 2192 1657 2256 δὲ,

99 2290 194 2343 καὶ
220 2292 312 2359 τὴν
338 2288 427 2341 τοῦ
456 2288 685 2342 θανάτου
714 2291 926 2351 ἑαυτοῖς
956 2286 1386 2358 περιποιούμεθα
1417 2286 1658 2355 μνήμην,

101 2381 243 2434 πάνυ
272 2381 539 2450 ὠφέλιμον
572 2377 739 2434 οὖσαν
777 2381 871 2433 καὶ
911 2382 1047 2450 πρὸς
1088 2381 1214 2441 τοὺς
1248 2379 1344 2447 τῆς
1376 2378 1662 2446 ἀσκήσεως

99 2470 312 2537 ἀγῶνας
335 2471 491 2541 199
503 2471 797 2543 προθύμως
818 2469 1251 2540 ἁναπτεροῦσαν,
1277 2470 1373 2522 καὶ
1393 2468 1662 2536 ἁγιασμόν

96 2564 154 2617 δὲ
180 2567 243 2633 τῇ
271 2566 469 2617 τούτων
493 2564 773 2634 ἀρυόμεθα
803 2563 1161 2642 προσψαύσει.

172 2820 335 2885 Αὖθις
379 2822 433 2876 δὲ
461 2824 489 2875 ὁ
532 2821 802 2893 βασιλεὺς,
839 2822 902 2874 Εἰ
930 2821 1235 2890 ὠφέλιμος,
1268 2825 1429 2892 φησὶν
1453 2865 1467 2888 ,
1495 2826 1528 2894 ἡ
1568 2824 1663 2877 τοῦ

99 2913 330 2967 θανάτου
386 2916 605 2983 μνήμη,
655 2912 835 2975 καθώς
882 2929 1041 2980 φατε,
1084 2914 1135 2964 τί
1179 2915 1253 2983 μὴ
1296 2917 1406 2977 τοῖς
1452 2916 1508 2967 ὲν
1554 2919 1665 2978 τοῖς

100 3006 346 3074 σώμασιν
378 3006 529 3074 ὑμῶν
562 3005 768 3067 ὀστέοις
800 3004 899 3074 τὴν
926 3004 1118 3057 τούτου
1154 3005 1497 3074 ὑποδέχοισθε
1533 3011 1668 3075 μνή-

98 3116 232 3167 μην,
261 3101 369 3160 τοῖς
388 3098 606 3160 οἰκείοις
632 3098 759 3167 ύμῖν
779 3097 871 3149 καὶ
892 3097 1015 3150 ὅσον
1039 3096 1188 3149 οὔπω
1210 3097 1661 3167 φθαρησομένοις,

95 3188 243 3258 ἥπερ
268 3188 377 3258 (l5)
397 3190 506 3251 τοῖς
536 3188 838 3257 ἀλλοτρίοις
866 3186 1074 3249 τούτοις
1101 3188 1196 3239 καὶ
1216 3187 1661 3257 διεφθαρμένοις;

170 3281 283 3333 Καὶ
308 3283 334 3332 ό
365 3279 618 3347 μοναχὸς,
652 3278 816 3331 Πέντε
852 3279 972 3346 μὲν,
1004 3279 1189 3345 φησὶν,
1222 3278 1356 3346 ἐμοῦ
1387 3277 1665 3347 εἰρηκότος
1692 3258 1735 3315 C

93 3371 277 3433 αἰτίας
303 3375 400 3438 τῆς
429 3370 536 3423 τῶν
574 3369 839 3437 λειψάνων
875 3369 1177 3438 περιφορᾶς
1196 3408 1211 3430 ,
1247 3370 1382 3438 πρὸς
1411 3369 1541 3437 μίαν
1571 3370 1668 3422 αὺ-

95 3464 183 3523 τὸς
214 3462 742 3529 ἀνταποκρινόμενος
761 3503 776 3527 ,
811 3461 1098 3530 χλευάζειν
1129 3464 1278 3532 ἡμᾶς
1305 3462 1483 3524 δοκεῖς
1502 3479 1516 3493 '
1553 3462 1666 3515 ἀλλ’

93 3554 527 3623 ἐναργέστερον,
569 3549 627 3606 εὖ
664 3554 794 3616 ἴσθι,
834 3554 905 3607 τὰ
945 3554 1057 3606 τῶν
1096 3552 1669 3623 προτετελευτηκότων

95 3646 227 3698 ὗστᾶ
254 3644 353 3713 τὴν
388 3643 480 3696 τοῦ
518 3644 747 3696 θανάτου
783 3645 1091 3713 παριστὼσι
1132 3645 1373 3712 μνήμην,
1414 3645 1514 3712 ἥγε
1559 3643 1670 3695 τῶν

93 3734 335 3798 ζώντων.
381 3733 542 3793 Ἀλλ’,
576 3734 803 3802 ἐπείπερ
829 3732 981 3787 ταῦθ’
1010 3733 1184 3795 οὕτως
1213 3730 1351 3785 εἶναι
1379 3733 1670 3800 γινώσκεις

93 3826 185 3876 καὶ
211 3823 282 3875 τὰ
310 3824 368 3875 ὲν
392 3826 455 3893 τῇ
487 3822 650 3893 σαρκὶ
687 3839 780 3874 σου
812 3822 946 3874 ὀστᾶ
975 3822 1065 3874 τὸν
1092 3822 1319 3876 θάνατόν
1354 3840 1435 3876 σοι
1467 3824 1668 3876 ὑποτυ-

95 3914 279 3977 ττοῦσι,
310 3914 364 3965 τί
399 3913 471 3981 μὴ
509 3915 602 3963 καὶ
629 3911 810 3975 αὐτὸς,
849 3913 947 3980 τῆς
976 3913 1099 3983 ὅσον
1126 3913 1278 3964 οὔπω
1308 3912 1668 3982 ἐλευσομένης

93 4000 454 4071 μνημονεύων
484 4001 762 4068 τελευτῆς,
790 3996 848 4052 εὖ
874 4000 940 4052 τὰ
978 4000 1206 4053 σεαυτοῦ
1236 4000 1501 4070 διατίθης,
1532 4001 1670 4055 ἀλλὰ

93 4091 299 4154 πάσαις
336 4093 436 4161 μὲν
473 4092 570 4161 τὴν
598 4091 777 4160 ψυχήν
812 4108 906 4143 σου
941 4091 1244 4154 ἐκδέδωκας
1277 4093 1667 4162 παρανομίαις,

95 4182 286 4242 italu);
316 4182 376 4236 δὲ
406 4184 501 4235 καὶ
527 4181 769 4250 ἀνηλεῶς
805 4184 1048 4251 ἀναιρεῖς
1083 4184 1209 4245 τοὺς
1242 4182 1542 4251 λατρευτάς
1571 4183 1666 4236 τοῦ

93 4274 225 4326 ὖεοῦ
256 4275 356 4326 καὶ
386 4273 484 4341 τῆς
512 4270 791 4334 εὐσεϐείας
817 4272 1073 4341 ἐραστάς,
1104 4274 1228 4334 τοὺς
1257 4272 1424 4342 μηδέν
1452 4289 1534 4324 σοι
1555 4272 1667 4343 (16)

95 4363 458 4433 γδικηκότας,
500 4362 637 4430 μηδὲ
674 4378 756 4413 σοι
786 4362 893 4414 τῶν
928 4362 1210 4431 παρόντων
1250 4379 1303 4414 τι
1336 4363 1670 4434 συμμεριζο‹⁵

94 4456 290 4517 ιένους
324 4454 358 4525 ἢ
395 4453 691 4523 ἀφελέσθαι
722 4452 1187 4523 φιλονεικοῦντας;

162 4629 229 4680 '0
263 4628 323 4680 δὲ
356 4626 611 4697 βασιλεὺς
644 4626 781 4697 ἔφη·
815 4627 954 4689 Τοὺς
978 4626 1182 4688 δεινοὶς
1220 4626 1362 4693 ὑμᾶς
1406 4626 1501 4677 καὶ
1539 4625 1666 4678 λαος

93 4720 329 4783 τλάνους
359 4719 586 4781 εἰκότως
612 4718 845 4781 κολάζω,
887 4718 971 4770 ὅτι
1011 4719 1217 4779 πάντας
1244 4719 1486 4770 άπατᾶτε
1508 4756 1521 4780 ,
1562 4717 1666 4768 ἀπ-

101 4812 313 4882 χεσθαι
352 4811 465 4864 τῶν
507 4811 755 4881 τερπνῶν
786 4810 881 4863 τοῦ
934 4810 1049 4880 βίου
1099 4809 1498 4878 ὑποτιθέμενοι,
1552 4809 1668 4874 καὶ,

91 4904 200 4955 ιντὶ
222 4902 333 4971 τῆς
358 4902 618 4970 γλυκείας
647 4900 794 4970 ζωῆς
815 4902 910 4953 καὶ
938 4901 1037 4967 τῆς
1067 4900 1453 4968 ποθεινοτάτης
1474 4899 1669 4952 ὲπιθυ-

93 4994 213 5056 ιίας
253 4993 354 5045 καὶ
391 4992 611 5061 ἡδονῆς,
649 4991 746 5061 τὴν
789 4991 1031 5060 σκληρὰν
1054 4992 1147 5043 καὶ
1197 4990 1415 5058 ρυπώδη
1467 4990 1671 5059 ταύτην

93 5084 170 5135 cui.
211 5081 391 5151 200
424 5081 661 5151 πιναρὰν
699 5079 1017 5147 ἐκλέγεσθαι
1056 5078 1281 5148 ἀγωγὴν
1309 5076 1628 5140 ἐκϐιάζεσθε
1655 5116 1671 5140 ,

1783 662 1866 713 vix
1908 660 2118 713 tandem
2147 673 2209 710 ex
2256 655 2452 725 ingenti
2484 655 2659 709 furore
2685 669 2979 724 emergens,
3008 653 3348 710 carniﬁcibus

1785 751 2092 807 verberaudi
2125 750 2279 801 linem
2311 751 2481 802 facere
2509 747 2806 813 imperavit,
2838 756 2995 814 atque
3015 759 3078 798 an
3105 761 3197 800 eos
3226 745 3301 798 ait
3330 758 3345 796 :

1780 846 2019 911 Quanam
2066 842 2131 895 de
2158 857 2313 895 causa
2384 842 2497 895 haec
2572 847 2912 894 mortuorum
2985 855 3106 894 ossa
3176 847 3353 906 gestae

1780 937 1879 989 tis?
1900 936 1954 989 Si
1983 948 2187 995 eurmu,
2212 932 2275 985 ad
2298 946 2432 1000 quos
2456 931 2722 997 pertinent
2750 927 3017 983 desiderio
3041 928 3151 982 lucc
3179 928 3349 995 fertis,

1781 1028 1879 1082 hac
1912 1031 2022 1091 ipsa
2054 1027 2180 1078 liora
2211 1040 2303 1076 vos
2331 1023 2493 1076 etiam
2522 1036 2641 1075 cum
2674 1022 2776 1075 illis
2801 1019 3110 1081 collocaho,
3143 1026 3222 1081 ut,
3250 1032 3349 1071 vo-

1779 1126 1954 1173 torum
1987 1123 2281 1169 vestrorum
2314 1122 2590 1180 compotes
2618 1111 2812 1173 ell'ecti,
2842 1111 3063 1179 gratiam
3095 1107 3225 1162 mihi
3250 1108 3346 1162 ba-

1779 1206 1966 1260 beatis.
2001 1204 2197 1257 Diviuze
2251 1212 2426 1255 autem
2458 1201 2597 1253 illius
2627 1200 2862 1253 cohortis
2902 1199 3005 1252 dux
3054 1207 3213 1268 atque
3257 1212 3351 1250 an.

1779 1296 1929 1348 tistes
1955 1294 2124 1362 regias
2163 1294 2332 1345 minas
2384 1305 2478 1357 pro
2524 1288 2687 1342 nihilo
2715 1288 2915 1342 ducens
2946 1289 3163 1353 perinde
3210 1302 3275 1342 ac
3302 1288 3350 1341 si

1777 1386 1904 1439 nihil
1932 1385 2027 1452 ipsi
2051 1384 2260 1437 adversi
2287 1383 2613 1450 contigisset.
2642 1381 2803 1433 libera
2828 1395 2872 1431 vt
2896 1393 2958 1433 ce
2979 1393 3041 1433 ac
3070 1380 3349 1447 splendido

1776 1470 1945 1538 vultu,
1986 1473 2314 1539 gratiamque
2357 1469 2408 1522 in
2441 1468 2604 1536 ipsius
2636 1466 2810 1520 anima
2842 1467 3157 1520 insidentem
3186 1468 3347 1536 signi-

1777 1560 1988 1622 ﬁcante,
2035 1558 2273 1611 adhunc
2323 1558 2536 1610 modum
2588 1557 2908 1623 respuudit:
2945 1556 3067 1611 llaec
3118 1572 3243 1624 pura
3293 1567 3350 1612 et

1774 1661 1957 1706 sancta
1996 1664 2115 1702 ossa
2162 1651 2355 1703 idcirco
2383 1648 2833 1712 circumferimm,
2866 1656 2924 1701 ut
2950 1649 3347 1703 admirabilium

1775 1748 2029 1807 virorum,
2080 1758 2300 1809 quorum
2351 1742 2463 1810 ipsa
2509 1748 2654 1804 sunt,
2703 1739 3023 1794 desiderium
3077 1750 3349 1810 utcunque

1778 1838 2061 1900 leniamus,
2087 1849 2375 1902 eormnque
2397 1833 2696 1902 religiosam
2720 1832 3179 1897 exercitationem,
3209 1832 3346 1887 Deo-

1774 1945 1878 2000 que
1919 1928 2131 1982 cbaram
2160 1928 2319 1979 vitam
2353 1924 2504 1977 nobis
2546 1924 2597 1976 in
2647 1924 2963 1977 memoriam
3010 1938 3339 1989 revocemus,

1775 2034 1930 2090 atque
1956 2022 2018 2075 ad
2049 2021 2286 2090 ejusdem
2316 2020 2438 2071 vitm
2467 2018 2695 2077 studium
2728 2033 2823 2072 uos
2848 2019 2992 2085 ipsos
3019 2019 3339 2081 excitemus,

1776 2130 1836 2169 ac
1863 2114 2097 2182 requiem
2125 2126 2240 2163 eam
2282 2118 2336 2163 et
2365 2094 2577 2163 delicias
2604 2124 2695 2161 eas
2721 2108 2773 2161 in
2819 2109 3007 2175 quibus
3036 2123 3175 2162 nune
3224 2123 3344 2162 ver-

1775 2212 1956 2260 santur
1984 2204 2053 2256 ob
2092 2201 2274 2254 oculos
2322 2200 2474 2253 nobis
2512 2207 2890 2268 proponentes,
2939 2198 3081 2266 ipsos
3129 2198 3342 2264 quidem

1778 2296 1959 2351 beatos
1991 2292 2357 2361 praedicamus,
2407 2305 2501 2344 nos
2529 2300 2703 2346 autem
2736 2290 2801 2343 ad
2841 2291 3108 2353 seluenda
3153 2305 3339 2343 eorum

1776 2386 1994 2454 vestigia
2027 2399 2122 2438 nos
2148 2385 2292 2450 ipsos
2320 2393 2501 2437 mutuo
2528 2385 2786 2437 acuimus.
2810 2381 2944 2448 Quin
2966 2382 3125 2435 etiam
3156 2383 3343 2435 mortis

1778 2475 2113 2540 memoriam,
2141 2488 2257 2542 qua:
2281 2488 2616 2541 permagnam
2648 2472 2931 2526 utilitatem
2971 2471 3155 2537 aﬂ‘ert,
3182 2482 3343 2538 atque

1777 2569 1843 2623 ad
1871 2568 2133 2636 religiosa:
2162 2568 2281 2620 vitae
2311 2567 2601 2620 certamina
2631 2574 2903 2633 promptos
2948 2579 3043 2618 nos
3085 2578 3147 2617 ac
3193 2564 3344 2616 velut

1775 2666 2034 2729 pennatos
2062 2657 2250 2721 reddit,
2286 2658 2437 2709 nobis
2467 2655 2587 2709 hinc
2614 2669 3002 2726 comparamus,
3033 2668 3095 2708 ac
3125 2663 3344 2723 practer-

1774 2760 1833 2799 ea
1865 2759 1929 2796 ex
1955 2757 2136 2797 eorum
2165 2750 2413 2797 contactu
2435 2742 2767 2795 santtitatem
2800 2740 3096 2795 haurimus.

1851 2836 2075 2889 Rursum
2108 2834 2263 2901 igitur
2292 2848 2424 2885 rex:
2469 2832 2548 2896 Si,
2594 2832 2782 2898 inquit,
2832 2831 3015 2884 mortis
3045 2829 3342 2885 recordatio

1776 2936 1952 2982 vestra
1983 2924 2245 2979 sententia
2274 2924 2551 2976 utilitatem
2585 2922 2741 2989 pauit,
2770 2919 3014 2988 quidnam
3044 2933 3219 2983 causae
3260 2928 3344 2973 est

1774 3034 1869 3074 cur
1902 3033 2007 3071 non
2038 3018 2090 3070 in
2114 3031 2392 3081 corporum
2422 3014 2591 3082 potius
2633 3020 2928 3066 vestrorum
2964 3012 3193 3073 ossibus,
3222 3025 3343 3075 qua:

1775 3120 1949 3163 vestra
1982 3116 2124 3172 sunt,
2176 3122 2238 3159 ac
2281 3105 2582 3173 prepediem
2634 3103 2940 3165 interibunt,
2973 3117 3127 3169 quam
3174 3101 3227 3154 in
3259 3101 3342 3155 his

1777 3201 1965 3254 alienis
1994 3208 2152 3265 atque
2179 3196 2441 3265 corruptis
2471 3198 2604 3248 hanc
2630 3194 2938 3248 memoriam
2965 3192 3272 3260 usurpatis?

1849 3286 2138 3354 Respondit
2169 3285 2458 3338 monachus
2492 3300 2506 3334 :
2551 3282 2683 3336 Cum
2715 3284 2941 3349 quinque
2970 3296 3158 3336 causas
3201 3291 3342 3335 attu-

1778 3379 1930 3433 lerim
1979 3376 2320 3443 quamobrem
2371 3374 2619 3442 reliquias
2666 3373 3120 3438 circumferamus,
3170 3383 3223 3427 tu
3272 3375 3341 3428 ad

1776 3483 1933 3521 uuam
1992 3466 2245 3518 duntaxat
2299 3463 2646 3531 respondens,
2694 3463 2897 3516 cavillis
2942 3464 2993 3516 in
3022 3478 3119 3517 nos
3150 3465 3337 3519 uteris.

1779 3559 1972 3612 Verum
1998 3555 2314 3622 expressius,
2345 3550 2468 3605 mihi
2492 3552 2669 3616 crede,
2695 3567 2880 3606 eorum
2904 3553 2989 3618 qui
3014 3553 3123 3620 jam
3152 3554 3341 3607 deces-

1775 3655 1957 3703 serunt
1984 3661 2102 3698 ossa
2132 3647 2319 3697 mortis
2370 3646 2677 3697 memoriam
2731 3655 3135 3709 repraesentant,
3182 3661 3342 3711 quam

1774 3755 1955 3794 eorum
1997 3739 2084 3805 qui
2158 3736 2312 3803 hujus
2365 3737 2487 3787 vita:
2545 3750 2699 3787 usura
2758 3731 3023 3786 fruuntur.
3076 3733 3341 3788 Caeterum

1774 3828 2023 3897 quoniam
2055 3835 2107 3879 tu
2139 3825 2206 3878 de
2239 3825 2317 3876 his
2361 3825 2429 3876 ita
2457 3825 2664 3886 statuis,
2705 3833 2860 3892 atque
2890 3838 3008 3877 ossa
3047 3838 3108 3877 ea
3140 3839 3255 3891 qua:
3286 3825 3339 3876 in

1774 3933 1935 3972 carne
1964 3927 2051 3970 tua
2081 3924 2205 3970 sunt
2251 3925 2475 3968 mortem
2509 3915 2600 3967 tibi
2630 3916 2796 3968 oculis
2846 3914 3121 3981 objiciunt,
3150 3916 3237 3981 qui
3285 3918 3341 3968 tit

1776 4017 1834 4060 ut
1868 4007 1981 4074 ipse
2005 4006 2112 4073 jam
2138 4006 2348 4073 jamque
2379 4013 2613 4057 ventura:
2642 4005 2827 4057 mortis
2858 4018 3083 4068 memor,
3124 4005 3227 4057 tuis
3258 4020 3343 4058 re-

1777 4096 1877 4149 bus
1899 4104 2041 4148 recte
2066 4109 2168 4147 non
2198 4098 2463 4151 cousulas.
2493 4108 2674 4145 verum
2722 4093 2954 4147 animam
3007 4101 3153 4146 tuam
3193 4096 3339 4146 omni

1778 4185 2094 4253 ﬂagitiorum
2125 4184 2298 4252 generi
2330 4184 2591 4237 addictam
2618 4184 2835 4248 habeas,
2871 4184 2963 4237 Dei
2991 4193 3081 4237 aut
3108 4184 3341 4238 cultores

1776 4289 1839 4327 ac
1862 4274 2069 4343 pietatis
2115 4275 2403 4335 studiosos,
2458 4274 2546 4341 qui
2595 4282 2644 4328 te
2701 4274 2832 4328 nihil
2887 4274 3160 4338 laeserunt,
3212 4277 3343 4330 nihil

1780 4367 2114 4432 praesentium
2144 4379 2318 4417 rerum
2350 4372 2521 4416 tecum
2564 4378 2845 4418 commune
2878 4364 3087 4428 habent,
3117 4374 3209 4418 aut
3247 4365 3343 4419 tihi

1780 4456 1987 4523 eripere
2008 4456 2353 4517 contendunt,
2402 4456 2683 4509 immanem
2733 4463 2789 4509 et
2833 4457 3101 4509 crudelem
3143 4456 3195 4508 in
3227 4471 3343 4509 mo-

1780 4545 1905 4601 dum
1933 4546 1999 4599 de
2027 4544 2201 4598 medio
2231 4543 2419 4596 tollas?

1849 4642 1961 4693 Rex
1983 4638 2158 4691 au‘tem
2189 4636 2263 4688 ait
2286 4654 2299 4689 :
2332 4635 2435 4685 Vos
2458 4642 2513 4684 ut
2538 4631 2810 4697 pestiferos
2833 4628 3074 4681 homines
3090 4625 3341 4694 acpupull

1778 4732 2084 4787 seductores
2114 4725 2382 4791 suppliciis
2410 4721 2605 4783 ameio,
2638 4718 2889 4788 quoniam
2911 4730 3097 4771 omnes
3120 4716 3172 4770 iu
3208 4714 3373 4771 [τευ-ι

1778 4821 1897 4873 dem
1922 4817 2209 4883 impellitis,
2228 4824 2385 4880 atque
2401 4826 2427 4864 a
2443 4812 2565 4863 vitae
2585 4807 3001 4874 iucunditatibus
3013 4806 3264 4871 avocatis,
3280 4817 3346 4860 ac

1783 4925 1876 4977 pro
1904 4909 2044 4962 dulei
2075 4909 2177 4959 vita
2203 4916 2256 4959 et
2282 4902 2595 4956 suavissima
2624 4898 2912 4966 cupiditate
2941 4896 3044 4950 huc
3061 4910 3152 4949 eos
3180 4895 3346 4962 adigi-

1785 5002 1873 5063 tis,
1902 5011 1956 5053 ut
1983 5001 2169 5051 duram
2208 5005 2263 5050 et
2299 4994 2562 5048 sordidam
2608 5001 2766 5059 atque
2811 5001 3163 5043 aerumnosam
3210 4986 3347 5038 han:

1785 5091 1907 5145 vita:
1957 5088 2218 5143 rationem
2266 5083 2652 5153 amplexentur,
2708 5078 3036 5146 deorumque
3090 5075 3346 5129 honorem

145 5261 275 5329 (I5)
308 5258 635 5329 Theodorus
670 5256 890 5329 llyrtac.
919 5269 1085 5329 supra
1115 5265 1152 5307 t.
1176 5254 1225 5329 _l_,
1265 5251 1450 5329 [ιηὲῖϐ
1498 5268 1511 5303 :
1544 5253 1670 5329 Ιςαθι

1782 5252 1878 5329 ρεὶ.
1898 5252 2126 5329 μηδενρς
2166 5252 2471 5329 συμϐάντος
2506 5252 2781 5329 μεγάλου.
2816 5251 2985 5329 Quem
3012 5260 3015 5261 '
3038 5249 3183 5305 conf.
3215 5262 3335 5318 pag.

95 5319 207 5392 ss,
250 5319 345 5384 i3.
381 5329 536 5383 Philo
566 5326 639 5380 De
664 5319 865 5387 Αῖιτιιίι.
900 5340 950 5389 ι),
983 5325 1124 5377 585:
1175 5321 1457 5393 Ἀπαθείᾳ,
1489 5322 1670 5375 καθάπ

145 5402 276 5442 (In
314 5400 379 5442 (ἶ.
415 5398 473 5442 ἐξ
504 5398 624 5442 αὐτ-
655 5393 989 5442 ἀκολουθεῖν-
1023 5395 1219 5442 omissa
1253 5394 1333 5442 vel
1392 5395 1670 5442 trausnusil

1777 5319 2015 5402 imam;
2028 5322 2185 5392 όδυνη
2195 5319 2288 5442 ῧοῦ
2301 5339 2377 5404 ⁸συ
2386 5319 2561 5392 μὸεϐη
2569 5322 2741 5386 κότος.
2776 5319 3029 5405 χρῆσθαι.

1777 5402 2145 5442 ιτωυοειιιοιιρ.
2236 5393 2421 5442 asrltus
2450 5391 2613 5442 Przne.
2647 5407 2697 5442 c.
2742 5391 2811 5442 55
2840 5407 2853 5442 :
2885 5391 3025 5442 Τουτ

145 5402 276 5470 (14)
314 5398 474 5470 ΟηὲΑξ
504 5398 625 5470 αᾼὺτ.
655 5393 990 5470 ἀκολουθεῖν,
1023 5394 1333 5470 outis_sa_vel
1392 5395 1670 5470 transposil

1777 5393 2145 5470 .rzepositioue.

2236 5384 2421 5446 asiliu‘s
2450 5384 2613 5444 Praie.
2647 5384 2713 5445 c.'
2742 5384 3072 5458 53’;’Τούτῳ
3105 5384 3197 5443 οὖν
3218 5388 3346 5458 ἀρέο

93 5444 485 5524 τκὶὶ3¹σπέῡδέ
526 5466 614 5517 διὰ.
638 5464 858 5525 παντὸς.
892 5444 990 5531 τὴν
1014 5464 1177 5515 αὑτοῦ
1197 5463 1377 5514 εἰκόνα
1410 5444 1621 5533 σεαυτῷ
1650 5444 1899 5533 καθαρὰν
1933 5463 2025 5514 καὶ
2062 5462 2363 5531 ἁμόλυντον
2410 5461 2713 5529 φυλάττων.
2746 5444 2929 5516 Codex
2960 5444 3096 5514 2991
3127 5460 3195 5524 Δ,
3224 5444 3344 5511 δὶα-

95 5541 408 5603 ευλάττων,
440 5536 640 5589 omisso
673 5533 905 5599 σεαυτῷ,
934 5532 1071 5596 mind
1098 5548 1200 5585 non
1236 5534 1391 5603 valde
1413 5532 1849 5603 desideraverim.

149 5610 283 5690 (15)
313 5595 598 5674 (Σ,ἐῐπερ,
622 5605 762 5669 quod
792 5595 1075 5724 et'Bilpus
1115 5601 1295 5653 vertit.
1330 5601 1659 5655 Dubitatioui
1694 5602 1840 5654 locus
1871 5617 1990 5655 esse
2020 5610 2210 5669 potest.
2247 5601 2378 5655 Cum
2413 5600 2579 5669 ἥπερ,
2622 5598 2763 5668 quod
2804 5598 3033 5673 praetuli,
3067 5600 3171 5665 erit
3206 5595 3342 5649 faci-

170 5679 401 5724 ollmsis
434 5673 673 5724 adverbii
697 5672 916 5724 μᾶλλον.
993 5671 1223 5724 acillime
1253 5672 1395 5724 ἧπεο
1427 5671 1556 5724 abiit
1588 5672 1638 5724 iu
1668 5673 1845 5724 εἴπεο.
1890 5673 2008 5724 Mox
2040 5687 2136 5724 pro
2167 5674 2287 5724 ἥγε.
2325 5682 2442 5724 post
2469 5669 3342 5724 comparativum'évao‘réatepov.

93 5669 401 5747 is‘ellipsis
434 5669 673 5728 adverbii
696 5672 916 5741 μᾶλλον.
948 5669 1223 5725 Facillime
1253 5672 1395 5740 ἥπερ
1427 5671 1556 5724 abiit
1588 5672 1638 5725 iu
1668 5706 1670 5719 ι

1777 5689 1845 5741 ap.
1890 5673 2008 5727 Mox
2039 5687 2136 5740 pro
2167 5674 2287 5740 ἥγε,
2325 5682 2442 5740 post
2469 5671 2898 5739 comparativum
2914 5669 3343 5738 δεναργέστερον,

95 5766 116 5805 ι
148 5749 334 5802 habet
364 5748 499 5814 εἰγε.

152 5820 285 5890 (16)
311 5818 359 5874 C
389 5808 542 5873 caret
563 5810 898 5882 pronomine.
932 5808 991 5863 F.
1026 5825 1105 5865 σε.

433 5924 706 5981 l’nnos.
753 5917 870 5977 Gn.
915 5912 1111 5975 XCVI
1124 5958 1137 5972 .

2973 5876 3051 5939 3's
