4146 6454
150 457 166 516 1
179 456 278 513 089

1233 436 1401 495 ΗΤΛ
1447 435 1799 493 ΠΛΙῖΙΛΑΜ
1842 434 1934 493 ΕΤ
1971 435 2319 495 JUASAPII.

3246 463 3384 533 1090

135 561 317 611 τοῦτον
354 555 813 626 προσεκαλέσατο.
841 547 974 606 Εἶτα
1008 550 1371 620 περιπλακεὶς
1400 546 1697 614 κατεφίλει,

1812 581 1910 619 arc-
1933 567 2044 626 rsit,
2078 577 2238 634 atque
2263 566 2631 634 complectitur
2672 574 2726 619 et
2765 565 3121 629 exosculatur,
3153 562 3369 617 ieuiter-

136 651 322 721 πράως
373 649 742 719 ὑπερχόμενος
800 644 910 717 (8‘2)
957 644 1054 696 καὶ
1104 644 1325 711 ἠπίως,
1383 635 1454 691 τΩ
1513 639 1700 691 τέκνον

135 742 527 803 ποθεινότατον,
587 738 859 808 εἰρηκὼς,
915 735 1010 787 καὶ
1071 734 1415 803 φιλούμενον,
1472 731 1702 798 τίμησον

132 831 229 898 τὴν
262 829 356 880 τοῦ
396 829 487 880 σοῦ
518 822 966 897 πατρδς⁶πολιάν,
1004 827 1118 888 καὶ,
1155 826 1254 891 τῆς
1283 823 1423 891 ἐμῆς
1462 823 1701 881 ἀκούσας

132 923 389 991 δεήσεως,
420 921 580 990 222
610 918 925 990 προσελθὼν
972 918 1166 972 θυσίαν
1209 920 1318 978 τοῖς
1355 918 1493 976 θεοῖς
1532 929 1703 981 προσ-

135 1017 325 1080 άγαγε.
351 1013 504 1065 υῦτω
533 1016 636 1082 γαρ
665 1014 904 1075 ἐκείνους
924 1029 983 1064 τε
1007 1010 1254 1079 εὐμενεῖς
1284 1007 1446 1072 ἕξεις,
1473 1007 1565 1057 καὶ
1597 1023 1702 1074 μα-

137 1106 371 1174 κρότητα
417 1106 661 1174 ἡμερῶν,
717 1104 873 1172 δόξης
933 1121 994 1154 τε
1056 1103 1234 1169 πάσης
1281 1101 1376 1151 καὶ
1429 1096 1704 1166 βασιλείας

135 1198 540 1265 ἀνεπηρεάστου
572 1198 663 1248 καὶ
691 1196 970 1249 παντοίων
998 1193 1220 1262 ἀγαθῶν
1251 1189 1540 1261 μετουσίαν
1579 1190 1703 1258 παρ’

133 1289 309 1341 αὑτῶν
347 1290 623 1359 ἀπολήψῃ,
665 1289 789 1360 ἐμοί
817 1306 878 1340 τε
919 1287 997 1355 τῷ
1031 1287 1199 1357 πατρὶ
1227 1286 1327 1356 ἐστι
1369 1281 1704 1352 κεχαρισμέ-

135 1398 224 1442 νος
246 1381 331 1432 διὰ
361 1380 476 1449 βίου
503 1382 728 1442 παντὸς,
760 1381 855 1432 καὶ
893 1380 1060 1433 πᾶσιν
1089 1376 1398 1446 ἀνθρώποις
1433 1373 1611 1444 τίμιός
1646 1388 1706 1423 τε

138 1473 232 1524 καὶ
255 1472 555 1533 ἐπαινετός.
590 1471 746 1538 Μέγα
784 1472 893 1541 γάρ
923 1471 1004 1532 είς
1047 1469 1272 1520 ἐπαίνου
1307 1467 1466 1534 λόγον
1493 1463 1572 1533 τῷ
1603 1479 1709 1514 πα·-

135 1565 228 1632 τρὶ
258 1563 575 1625 ὑπακούειν,
614 1565 708 1615 καὶ
759 1562 994 1632 μάλιστα
1031 1561 1121 1612 ἐπ’
1168 1557 1358 1627 ἀγαθῴ
1396 1558 1491 1608 καὶ
1527 1557 1594 1624 τῇ
1629 1554 1708 1616 είς

138 1654 290 1714 θεοὺς
343 1651 543 1721 εὑνοίᾳ.
583 1653 648 1704 Τί
679 1653 756 1715 δὲ,
795 1651 1005 1712 τέκνον,
1045 1649 1344 1710 ὑπέλαόες;
1384 1645 1610 1713 πότερον
1633 1643 1709 1704 ὼς

140 1743 278 1794 ἐκὼν
301 1743 401 1811 τῆς
443 1743 654 1811 ἀγαθῆς
708 1742 961 1804 ἐκκλίνας
993 1739 1116 1792 ὁδοῦ
1151 1739 1250 1806 τὴν
1293 1736 1540 1787 ἐναντίαν
1574 1733 1708 1784 ἰέναι

137 1834 463 1904 προέκρινα,
512 1834 545 1903 ἦ
579 1835 773 1902 ἀγνοίᾳ.
815 1835 909 1886 καὶ
953 1831 1183 1901 ἀπειρίᾳ⁵
1229 1829 1322 1881 τοῦ
1352 1825 1560 1890 ἀγαθοῦ
1594 1827 1706 1886 τοῖς

135 1925 396 1995 ὀλεθρίοις
430 1926 662 1993 ἐμαυτὸν
707 1923 979 1987 ὲξέδωκα;
1027 1921 1184 1982 Ἀλλ’,
1214 1921 1262 1970 εί
1285 1919 1384 1987 μὲν
1405 1917 1600 1968 ἑκόντα
1637 1933 1704 1984 με

135 2016 376 2084 νομίζεις
405 2016 498 2068 τοῦ
532 2016 902 2085 συμφέροντος
931 2012 1205 2083 προτιμᾷν
1221 2012 1289 2062 τά
1317 2010 1463 2061 κακα
1489 2009 1594 2061 καὶ
1611 2008 1708 2075 τῆς

135 2106 282 2174 ζωῆς
299 2107 612 2174 προκρίνειν
628 2106 720 2156 τὸν
737 2106 986 2167 θάνατον,
1008 2102 1148 2154 πάνυ
1168 2117 1259 2169 μοι
1277 2100 1474 2162 δοκεῖς,
1496 2098 1706 2161 τέκνον,

135 2198 236 2263 τῆς
263 2198 430 2266 ὀρθῆς
456 2197 834 2266 ἀποσιραλῆναι
872 2195 1127 2266 κρίσεως.

217 2498 289 2554 ἸΙ
330 2505 426 2574 οὑχ
451 2507 579 2575 ὁρᾷς
605 2506 705 2578 ὅσῃ
739 2506 1007 2578 κακουχίᾳ.
1055 2508 1148 2560 καὶ
1179 2506 1527 2580 ταλαιπωρίᾳ
1575 2510 1702 2563 πολ-

125 2594 288 2658 λάκις
333 2598 571 2665 ἐμαυτὸν
610 2599 866 2669 ἐκιίδωμι
895 2602 954 2652 ἐν
981 2602 1102 2663 ταῖς
1159 2600 1302 2654 κατὰ
1347 2601 1452 2653 τῶν
1491 2601 1701 2672 ἐχθρῶν

129 2689 536 2757 ἐκστρατείαις,
569 2691 599 2759 ἢ
634 2691 822 2752 ἄλλαις
851 2694 963 2744 τισὶ
985 2691 1078 2745 τοῦ
1134 2691 1314 2745 κοινοῦ
1343 2696 1700 2764 προστασίαις

131 2778 555 2848 ἀσχολούμενος,
586 2780 662 2842 ὠς
694 2783 784 2832 καὶ
823 2781 1010 2850 πείνης
1040 2799 1099 2834 τε
1126 2785 1217 2834 καὶ
1251 2783 1430 2851 δίψης,
1464 2786 1700 2847 πεζοπο-

133 2875 258 2942 ρίας
294 2890 351 2925 τε
384 2875 476 2927 κα)⁵
502 2877 904 2943 χαμαικοιτίας,
946 2875 1087 2929 οὑτω
1114 2877 1331 2946 δεῆσαν,
1388 2879 1465 2948 μὴ
1508 2879 1694 2946 φείσα-

134 2965 289 3029 citat;
328 2967 553 3018 πλούτου
586 2967 641 3020 δέ
673 2969 765 3020 καὶ
810 2969 1109 3037 χρημάτων
1142 2969 1374 3038 τοσαύτη
1410 2989 1500 3038 μοι
1529 2972 1698 3040 πρόσ-

128 3073 279 3110 εστιν
313 3057 580 3131 ὑπεροψία
608 3075 666 3110 τε
728 3059 820 3110 καὶ
873 3061 1304 3128 καταφρόνησις,
1336 3062 1413 3124 ὡς
1446 3063 1696 3130 ἀφθόνως

64 3171 78 3178 -
128 3148 243 3200 ἔσθ’
303 3149 392 3201 ὅτε
457 3149 525 3202 τὰ
577 3153 802 3219 ταμιεῖα
865 3150 1043 3204 πάντα
1090 3151 1184 3204 τοῦ
1238 3151 1371 3221 ἐμοῦ
1435 3152 1696 3206 παλατίου

129 3243 509 3297 κατακενῶσαι
558 3246 637 3306 είς
692 3245 752 3296 τὸ
799 3245 1219 3314 ἀνοικοδομῆσαι
1249 3245 1373 3306 τοὺς
1403 3245 1511 3296 τῶν
1558 3244 1695 3298 θεῶν

131 3335 421 3402 μεγίστους
442 3338 599 3398 vnto-‘4;
633 3339 727 3388 καὶ
748 3338 987 3406 παντοίῳ
1003 3337 1224 3399 τούτους
1243 3337 1695 3407 καταλαμπρῦναι

129 3423 324 3491 κόσμῳ
356 3423 388 3492 ἢ
419 3427 528 3487 τοῖς
557 3425 936 3493 στρατοπέδοις
967 3423 1215 3492 ἀφθόνως
1253 3424 1522 3494 διανεῖμαι
1570 3430 1696 3489 τοὺς

127 3512 437 3580 θησλιυρους
487 3513 596 3563 τῶν
640 3515 957 3582 χρημάτων.
1012 3513 1280 3583 Τοιαύτης
1321 3513 1412 3566 οὖν
1455 3515 1698 3584 μετέχων

125 3601 239 3652 τῶν
263 3601 678 3654 ἀπολαυστικῶν
704 3603 1006 3673 ὑπεροιᾲίας
1035 3606 1128 3656 καὶ
1158 3607 1252 3673 τῆς
1281 3608 1340 3656 ἐν
1365 3607 1477 3666 τοῖς
1504 3605 1696 3667 δεινοῖς

128 3693 442 3763 Υαρτερίας,
487 3695 534 3744 εἰ
563 3695 660 3762 τὴν
713 3695 820 3746 τῶν
872 3695 1174 3749 Γαλιλαίων
1213 3697 1508 3763 ἐγίνωσκον
1560 3695 1693 3766 θρη-

126 3784 317 3840 σκείαν
344 3785 625 3853 κρείττονα
653 3784 750 3852 τῆς
779 3785 834 3836 ἐν
881 3781 1068 3853 χερσλν
1111 3784 1398 3853 ὑπάρχειν,
1431 3784 1600 3854 πόσης
1630 3785 1697 3838 ἂν

121 3874 228 3925 οὑκ
260 3872 419 3942 223
444 3873 632 3944 ἔκρινα
661 3873 722 3926 τὸ
745 3877 976 3944 πρᾶγμα
1009 3873 1245 3942 σπουδῆς
1275 3875 1448 3939 ἀξιον,
1475 3875 1691 3927 πάντων

126 3964 231 4034 μὲν
285 3965 558 4034 ὑπεριδεῖν
606 3964 699 4015 καί¹
765 3966 865 4034 τὴν
938 3964 1177 4033 ἐμαυτοῦ
1233 3966 1696 4037 περιποιήσασθαι

124 4054 438 4123 σωτηρίαν;
468 4054 530 4106 Εἰ
560 4053 615 4106 δὲ
644 4054 867 4120 ἄγνοιάν
889 4054 1091 4124 μοικαὶ
1117 4056 1376 4124 ἀπειρίαν
1405 4056 1499 4107 τοῦ
1528 4054 1694 4108 καλοῦ

121 4144 580 4210 καταγινώσκεις,
605 4147 762 4209 σύνες
784 4147 915 4208 ὅσας
945 4146 1207 4209 πολλάκις
1240 4146 1438 4208 νύκτας
1457 4148 1696 4210 ἀΰπνους

116 4234 423 4296 διετέλεσα,
473 4235 782 4305 ζητήματός
832 4252 978 4299 τινος
1025 4235 1403 4306 προτεθέντος,
1454 4236 1566 4288 ἐσθ’
1605 4237 1694 4290 ὅτε

120 4323 308 4376 κα.ὶοὺ
344 4325 475 4376 πολὺ
523 4326 849 4392 ἀναγκαίου,
884 4325 960 4393 μὴ
1017 4325 1274 4394 παρέχων
1307 4326 1442 4387 ὅλως
1470 4326 1694 4395 ἐμαυτῷ

115 4413 450 4474 ἀνάπαυσιν,
486 4416 615 4484 πρὶν
644 4415 676 4483 ἣ
709 4413 802 4466 τοῦ
838 4413 1174 4484 ζητουμένου
1198 4420 1352 4492 κσαιρῆ
1377 4417 1466 4468 καὶ
1494 4417 1693 4486 εὑπρε-

51 4515 62 4528 '
116 4507 401 4575 στεστόπην
428 4505 644 4576 εὕροιμι
671 4508 768 4576 τὴν
801 4507 975 4561 λύσιν.

1807 673 1907 724 que
1934 671 1995 707 ac
2023 656 2221 722 placide
2243 657 2477 722 irrepens
2498 673 2508 706 :
2533 655 2576 708 0
2596 656 2904 709 charissime
2924 666 2977 710 et
3004 654 3370 714 amantissime

1811 747 1879 797 tili
1900 785 1914 807 ,
1949 745 2148 811 inquit,
2181 747 2342 812 patris
2371 747 2615 800 canitiem
2651 748 2853 800 honore
2881 743 3055 812 afﬁce,
3100 744 3372 813 precibus-

1808 851 1910 902 que
1942 835 2075 889 meis
2104 837 2298 888 auditis
2325 837 2539 901 accede,
2571 852 2635 891 ac
2665 838 2770 889 diis
2807 835 3124 891 sacriﬁcium
3153 836 3368 889 adhibe.

1813 929 1900 982 Sic
1929 929 2068 981 enim
2095 936 2149 980 et
2186 928 2304 981 illos
2330 928 2584 996 benignos
2614 939 2667 982 et
2695 929 2877 983 faciles
2908 928 3179 982 habiturus
3207 943 3284 990 es,
3316 936 3373 982 et

1810 1019 2015 1072 dierum
2048 1019 2469 1082 diuturnitatem,
2510 1019 2834 1087 gloriamque
2873 1033 3110 1081 onmem,
3150 1027 3204 1070 et
3235 1019 3372 1071 inof-

1813 1107 2019 1160 fensum
2073 1123 2319 1176 regnum,
2359 1111 2638 1178 oumisque
2684 1109 2894 1178 generis
2944 1109 3078 1162 bona
3126 1107 3194 1160 ab
3240 1108 3372 1172 ipsis

1814 1197 2096 1266 percipies,
2118 1207 2171 1250 et
2192 1198 2317 1250 tnihi
2350 1201 2480 1268 patri
2515 1207 2603 1252 tuo
2632 1214 2722 1266 per
2750 1214 2960 1252 omnem
2992 1200 3147 1252 vitam
3177 1198 3374 1252 charus

1815 1291 1954 1351 eris;
1988 1305 2048 1343 ac
2071 1289 2296 1358 denique
2327 1295 2424 1344 lmc
2461 1291 2781 1357 assequeris,
2813 1298 2868 1342 ut
2903 1305 3087 1344 omnes
3126 1289 3371 1344 homines

1820 1391 1871 1436 te
1900 1384 1950 1437 in
1982 1383 2185 1438 honore
2231 1385 2479 1448 habeant,
2531 1385 2878 1450 laudibusque
2907 1382 3144 1436 ellerant.
3190 1383 3374 1449 Siqui-

1815 1472 1933 1526 dem
1975 1474 2038 1526 ad
2075 1474 2283 1526 laudem
2329 1473 2718 1538 adipiscendam
2751 1472 2926 1541 magni
2975 1473 3191 1526 interest
3237 1474 3374 1540 patri

1815 1564 2056 1627 obedire,
2080 1578 2141 1614 ac
2172 1565 2464 1628 prmsertitn
2497 1564 2550 1615 in
2599 1564 2663 1615 iis
2702 1563 2881 1629 rebus,
2914 1577 3030 1630 qua:
3060 1561 3126 1614 ad
3179 1562 3373 1615 bonum

1816 1673 1869 1717 et
1897 1661 1962 1715 ad
1984 1661 2202 1716 deorum
2235 1663 2658 1716 benevolentiam
2688 1673 2948 1731 spectant.
2981 1660 3248 1728 Quidnam
3281 1675 3378 1712 au-

1817 1768 1946 1827 tem,
1977 1760 2067 1822 lili,
2099 1775 2307 1825 censes,
2339 1771 2514 1814 utrum
2546 1774 2612 1813 ne
2653 1777 2738 1814 tne
2763 1762 3007 1827 consulto
3031 1777 3094 1814 ac
3124 1759 3191 1813 de
3220 1759 3378 1811 indu-

1817 1860 1943 1913 stria
1973 1874 2001 1911 a
2030 1861 2162 1912 bona
2187 1861 2268 1911 via
2297 1860 2604 1924 deﬂexisse,
2635 1874 2793 1928 atque
2819 1862 3141 1914 contrariam
3173 1859 3377 1928 ingredi

1816 1956 2101 2019 maluisse,
2156 1971 2222 2009 an
2261 1973 2385 2011 vero
2441 1959 2563 2012 hooi
2613 1959 2946 2026 ignoratione
2998 1970 3052 2014 et
3105 1959 3369 2027 imperitia

1820 2071 2078 2123 tnetpsum
2112 2057 2375 2124 pesufcris
2423 2059 2763 2128 dogmatibus
2808 2059 3110 2116 dedidisse?
3136 2061 3293 2120 Certe
3329 2065 3376 2118 si

1821 2171 1907 2208 tne
1935 2165 2121 2224 sponte
2160 2171 2223 2210 ac
2253 2157 2318 2210 de
2352 2157 2629 2220 industria,
2672 2169 2854 2212 contra
2909 2175 3066 2228 quant
3114 2161 3246 2215 utile
3283 2161 3375 2226 sit,

1821 2255 1956 2306 n'ala
2002 2253 2153 2307 bonis
2183 2255 2455 2321 praeferre,
2485 2269 2815 2324 mortemque
2844 2257 2946 2310 vita
2979 2259 3237 2324 potiorem
3277 2259 3387 2321 ita“:

1829 2335 1953 2390 bcre
1995 2336 2285 2400 existimas,
2318 2339 2681 2405 vehementer,
2731 2358 2764 2394 ο
2807 2339 2899 2406 fili,
2931 2358 2962 2395 ιι
3001 2355 3144 2398 recte
3183 2344 3382 2412 judicio

1825 2425 1949 2479 tnihi
1978 2427 2227 2480 aberrare
2254 2427 2449 2481 videris

1894 2517 1972 2569 An
2005 2531 2111 2568 non
2143 2516 2290 2571 vides
2319 2529 2446 2584 quot
2490 2520 2739 2572 mrumnis
2781 2529 2835 2575 et
2862 2519 3238 2576 afﬂictionibus
3268 2538 3380 2576 me-

1828 2607 1998 2672 ipsum
2039 2620 2274 2674 persaepe
2319 2609 2539 2671 tradam,
2575 2621 2682 2662 tum
2737 2611 2788 2664 in
2834 2613 3258 2679 expeditionibus
3286 2614 3379 2667 ad-

1821 2709 2006 2747 versus
2046 2695 2246 2759 hostes,
2294 2709 2400 2750 tum
2432 2701 2482 2752 in
2527 2701 2856 2767 publicorum
2898 2705 3222 2771 negotinrum
3256 2721 3377 2771 pro-

1821 2785 2094 2839 curatione
2125 2787 2382 2854 meipsum
2424 2804 2709 2858 occupans,
2740 2793 2874 2845 adeo
2905 2803 2959 2844 ut
2993 2792 3185 2846 famem
3214 2794 3374 2847 etiam

1821 2889 1881 2925 ac
1909 2876 2076 2939 sitim,
2109 2892 2227 2930 cum
2270 2878 2339 2930 ita
2370 2895 2589 2934 necesse
2617 2893 2717 2946 est,
2747 2883 3034 2951 perferam,
3063 2901 3124 2938 ac
3153 2887 3374 2953 pedibus

1820 2963 2110 3027 ambulent,
2139 2965 2384 3034 humique
2427 2982 2667 3021 somnum
2693 2971 2942 3038 carpam?
2985 2973 3154 3040 Opum
3193 2985 3370 3028 autem

1815 3061 1870 3106 et
1899 3056 2236 3120 pecuniarum
2268 3067 2406 3110 tanta
2437 3060 2487 3112 in
2519 3075 2602 3112 me
2627 3065 2952 3128 contemptio
2986 3078 3048 3116 ac
3076 3064 3373 3132 despicien-

1819 3141 1888 3193 tia
1927 3150 2031 3208 est,
2072 3152 2127 3195 ttt
2169 3143 2435 3198 interdum
2471 3147 2683 3214 profitsa
2713 3166 2885 3204 manu-
2913 3153 3090 3220 palatii
3121 3155 3222 3208 mei
3249 3154 3368 3208 tlte-

1814 3245 2000 3282 sauros
2029 3234 2355 3298 exhauriant,
2387 3253 2491 3302 quo
2520 3241 2842 3306 amplissima
2867 3243 2966 3295 diis
3002 3244 3221 3298 delubra
3269 3260 3370 3300 ex-

1815 3329 2035 3384 struam,
2067 3326 2311 3391 omnique
2339 3339 2530 3380 ornatu
2573 3331 2851 3397 illustrem,
2897 3344 2984 3386 aut
3027 3337 3364 3400 pecuniarum

1813 3424 2032 3480 aggeres
2061 3413 2312 3466 militibus
2345 3415 2710 3473 liberalissime
2738 3421 3070 3476 dlstribuam.
3110 3423 3238 3478 Cum
3267 3425 3367 3478 ita-

1813 3517 1913 3566 que
1942 3511 2113 3554 tantus
2157 3505 2205 3556 in
2239 3519 2322 3558 me
2362 3507 2683 3572 voluptatum
2736 3520 3092 3580 contemptus,
3127 3522 3267 3566 tanta
3308 3515 3361 3568 in

1814 3591 2058 3655 periculis
2085 3593 2360 3646 tolerantia
2391 3597 2477 3657 sit,
2497 3596 2540 3648 si
2569 3597 2906 3652 Galilasorum
2939 3602 3270 3670 religionem.
3297 3619 3363 3658 ea

1812 3693 1967 3744 quam
2001 3682 2241 3734 manibus
2293 3693 2528 3737 tenemus
2563 3688 2978 3753 prmstantiorem
3016 3704 3135 3743 esse
3162 3707 3359 3760 cogno-

1804 3779 2032 3834 acerem,
2064 3785 2129 3822 an
2157 3786 2259 3823 non
2287 3787 2492 3825 summo
2512 3774 2686 3827 studio
2715 3774 2765 3828 id
2789 3789 3020 3843 agerem,
3045 3789 3100 3830 ut
3123 3791 3361 3835 comem-

1808 3859 1908 3922 ptis
1936 3862 2179 3913 omnibus
2203 3863 2380 3925 rebus,
2421 3863 2642 3917 salutem
2674 3864 2800 3917 mihi
2841 3869 3239 3934 compararem?
3266 3869 3361 3925 Sin

1803 3955 1974 3999 autem
1997 3949 2121 4002 mihi
2153 3951 2271 4003 boni
2300 3952 2679 4011 ignorationem
2702 3965 2860 4024 atque
2889 3956 3204 4024 imperitiam
3234 3960 3360 4015 vitio

1804 4039 1986 4098 vertis.
2041 4041 2168 4092 illud
2225 4053 2393 4096 tecum
2451 4054 2652 4110 reputa,
2697 4055 2825 4114 qnot
2871 4059 3052 4103 noctes
3101 4050 3357 4108 insomnis

1801 4132 2096 4194 exegerim,
2154 4133 2443 4196 qna-suone
2488 4134 2661 4202 aliqua
2701 4139 2997 4205 proposita,
3043 4149 3098 4194 et
3141 4143 3355 4210 quidem

1809 4220 2069 4274 interdum
2097 4221 2228 4275 haud
2255 4223 2534 4277 admodum
2566 4229 2882 4290 necessaria,
2913 4230 3111 4283 nullam
3133 4233 3355 4286 omnino

1800 4314 1927 4366 inihi
1959 4315 2191 4381 requiem
2231 4316 2544 4380 concedens,
2588 4318 2891 4384 priusquam
2931 4323 3262 4388 pchpicuant
3291 4334 3346 4379 et

1797 4405 2397 4460 accommodatissimum
2434 4401 2606 4471 ipsius
2627 4408 2952 4468 solutionem
2973 4409 3324 4472 invenissem.

199 4602 262 4653 El
304 4601 398 4655 οὖν
423 4603 530 4653 τῶν
565 4603 916 4672 προσκαίρων
943 4603 1142 4656 τούτων
1190 4605 1534 4674 πραγμάτων
1569 4605 1689 4658 οὑδέ

1869 4609 2120 4674 Quocirca
2148 4623 2266 4662 cum
2295 4606 2606 4660 caducarmn
2636 4607 2820 4660 harum
2868 4624 3042 4662 rerum
3073 4623 3137 4663 ne
3181 4607 3342 4661 mini-

111 4691 183 4743 τὸ
199 4694 561 4762 σμικρότατον
588 4693 697 4761 ἔχω
718 4694 1211 4764 εὐκαταφρόνητον,
1244 4697 1400 4765 ἄχρις
1421 4689 1482 4747 οὗ
1511 4696 1690 4748 πάντα

113 4785 512 4852 συμφερόντως
595 4785 689 4837 καὶ
743 4787 836 4838 ἐπὶ
895 4787 1202 4857 λυσιτελεία
1272 4788 1380 4840 τῶν
1433 4788 1691 4841 ἁπάντων

111 4873 516 4943 ἐπιτελεσθείη,
544 4875 636 4927 καὶ
664 4875 839 4928 οὐδενὶ
883 4875 1055 4946 ἑτέρῳ
1089 4876 1474 4947 ἀκριϐέστερον
1519 4878 1551 4948 ἡ
1582 4880 1690 4930 τῶν

108 4965 451 5034 ἀπορρήτων
475 4965 762 5033 διάγνωσις
791 4967 849 5019 ἐν
874 4966 1042 5038 πάσῃ,
1067 4969 1142 5030 ὼς
1171 4965 1346 5039 οἶμαι,
1380 4972 1444 5039 τῇ
1479 4970 1690 5040 ὑφηλίῳ

105 5054 524 5124 διερευνᾶσθαι,
549 5055 624 5118 ὠς
655 5059 778 5125 ἐμοὶ
809 5059 963 5128 παρὰ
989 5059 1207 5112 πάντων
1239 5059 1685 5130 μεμαρτύρηται,

106 5145 241 5207 πῶς
275 5145 345 5197 τα
383 5145 522 5208 θεῖα,
574 5147 724 5200 καὶᾶ
779 5149 1028 5202 σέϐεσθαι
1059 5151 1154 5220 καὶ
1195 5150 1464 5218 θεολογεῖν
1506 5151 1686 5222 θέμις,

102 5238 578 5307 εὐκαταφρόνητα
604 5239 669 5292 ἀν
699 5239 1053 5312 ἐλογισάμην,
1101 5244 1195 5296 καὶ
1229 5244 1302 5313 μὴ
1337 5245 1485 5314 πάσῃ
1522 5261 1690 5297 σπου-

99 5332 206 5399 δῇ.
240 5331 389 5401 πάσῃ
413 5329 661 5400 δυνάμει,
706 5332 800 5404 ὅλῃ
831 5336 896 5404 τῇ
921 5334 1064 5405 ψυχῇ
1110 5337 1204 5388 καὶ
1235 5337 1341 5406 ὅλῳ
1367 5335 1444 5407 τῷ
1474 5335 1572 5402 νοῒ,
1607 5340 1687 5401 εἰς

96 5423 219 5490 τὴν
249 5422 450 5474 τούτων
479 5423 836 5494 ἀπησχόλησα
865 5427 1101 5496 ἐμαυτὸν
1121 5428 1368 5498 ζήτησιν,
1391 5427 1486 5481 τοῦ
1508 5431 1691 5501 εὑρεῖν

96 5513 333 5583 τάληθῆ
372 5515 463 5567 καὶ
508 5517 972 5585 πρεπωδέστατα;
1009 5520 1116 5572 Καί
1157 5537 1219 5589 γε
1245 5521 1486 5591 ἐζήτησα
1516 5523 1690 5592 ἐμπό-

95 5622 247 5666 νως,
277 5605 474 5668 πολλὰς
504 5606 604 5675 μὲν
634 5607 831 5669 νύκτας
854 5612 942 5661 ἴσα
973 5613 1091 5673 ταῖς
1120 5611 1355 5680 ἡμέραις
1384 5614 1440 5664 ἐν
1471 5614 1684 5676 τούτοις

92 5693 422 5757 ἀναλώσας,
451 5696 680 5758 πολλοὺς
714 5696 770 5748 δὲ
827 5699 1024 5766 capsit;
1065 5704 1158 5752 καί
1189 5700 1564 5770 ἐπιστήμονας
1604 5704 1684 5763 εἰς

179 5876 300 5945 (3'2)
334 5877 392 5940 υ,
424 5877 873 5950 ὑπερευχόμενος.

1804 4716 1943 4754 mani
1971 4700 2180 4766 quidem
2209 4697 2642 4750 contemnendam
2691 4699 2898 4762 ducam,
2929 4713 2973 4747 νι
2996 4714 3109 4751 runt
3137 4689 3356 4750 oninino

1801 4786 2205 4841 condncihiliter
2232 4793 2389 4853 atque
2426 4785 2489 4836 ad
2509 4787 2740 4837 omnium
2763 4786 3038 4838 utilitatem
3066 4800 3178 4838 eam
3196 4801 3356 4838 excu-

1804 4879 1927 4929 tiam
1950 4884 2002 4929 et
2020 4876 2285 4928 absolvam
2315 4873 2414 4943 (sic
2439 4874 2579 4926 enim
2615 4875 2750 4925 inter
2771 4887 2954 4925 omnes
2999 4884 3243 4927 constare
3269 4889 3352 4926 ar-

1805 4965 1995 5028 bitror,
2041 4965 2302 5016 neminem
2358 4962 2587 5014 omnium
2641 4962 2728 5029 qui
2759 4963 2856 5015 sub
2882 4963 2992 5016 sole
3030 4971 3174 5028 sunt,
3198 4975 3351 5014 arca-

1805 5069 1988 5108 narum
2019 5068 2193 5106 rerum
2221 5053 2570 5120 cognitionem
2607 5053 2903 5105 accuratius
2943 5067 3168 5119 unquam
3197 5052 3346 5105 inve-

1801 5143 2019 5211 stigasse
2045 5157 2200 5209 quam
2229 5143 2341 5210 ipse
2363 5140 2617 5209 fecerim),
2665 5156 2890 5208 quonam
2925 5151 3075 5208 pacto
3102 5157 3187 5195 res
3212 5143 3348 5194 divi-

1805 5247 1920 5294 nas,
1954 5241 2006 5284 et
2032 5245 2092 5282 ea
2135 5245 2251 5298 quae
2295 5230 2532 5283 venerari
2563 5243 2624 5282 ac
2651 5229 2866 5282 deorum
2899 5232 3100 5283 honore
3137 5229 3349 5284 afﬁcere

1806 5333 2037 5393 oportet,
2069 5322 2453 5376 contemnenda
2484 5319 2771 5379 duxissem.
2798 5335 2860 5373 ac
2888 5334 2989 5373 non
3012 5322 3186 5386 potius
3205 5321 3348 5374 omni

1801 5414 1996 5477 studio,
2019 5413 2264 5466 omnibus
2292 5409 2512 5473 viribus,
2548 5417 2659 5460 toto
2681 5407 2910 5475 denique
2954 5412 3131 5460 animo
3153 5422 3215 5460 ac
3243 5418 3349 5460 tota

1801 5513 1976 5560 mente
1999 5506 2049 5557 in
2074 5517 2254 5556 eorum
2282 5499 2687 5568 investigatione
2726 5509 2931 5566 tempus
2957 5507 3114 5566 atque
3131 5511 3348 5566 cperam

1805 5597 2114 5662 posuissem,
2156 5601 2213 5644 ut
2266 5606 2382 5660 qua:
2439 5604 2565 5645 vera
2616 5597 2669 5643 et
2719 5589 2944 5642 maxime
2993 5597 3346 5642 consentanea

1808 5697 1949 5750 sunt,
1982 5683 2308 5737 itﬂellllt'lll?
2345 5681 2546 5734 litenitn
2595 5690 2783 5745 magno
2834 5693 2951 5731 cum
2979 5677 3154 5731 labore
3183 5676 3259 5730 sic
3285 5690 3348 5730 ea
