4146 6454
770 380 905 443 1103

2183 388 2551 454 ADDENDA.

3866 391 3974 454 lilii

761 529 938 580 suum,
970 523 1021 567 et
1045 513 1096 566 in
1126 511 1327 566 alarum
1348 510 1509 579 ipsius
1530 508 1712 563 umbra
1742 509 1991 578 sperabat
2015 511 2185 581 (Psal.
2213 514 2320 583 xc).

2441 522 2564 559 στον
2593 504 2745 557 ἔθετο
2785 508 3109 579 καταφυγὴν
3143 508 3308 562 αὐτοῦ
3341 509 3477 575 (57),
3531 513 3623 564 καὶ
3672 513 3730 564 ἐν
3767 515 3831 582 τῇ

756 605 831 658 Illi
859 615 1034 660 autem
1057 607 1107 657 in
1138 602 1293 672 hujus
1311 602 1488 656 saaculi
1509 602 1836 671 principibus
1849 605 1938 672 qui
1955 603 2318 672 destruuntur,

758 710 821 749 ac
847 695 1024 748 mundi
1052 695 1286 762 principe
1320 692 1678 756 tenebrarum,
1731 694 1814 747 cui
1850 709 1909 749 se
1948 696 2092 764 ipsos
2122 694 2321 751 misere

758 786 1116 854 subiecerunt,
1150 784 1397 839 ﬁduciam
1427 798 1577 837 suam
1619 784 1952 839 collocabant
1993 783 2162 851 (Paul.
2201 801 2320 853 LVI;

758 875 944 944 [Cp/tes.
975 874 1070 943 Vl).

832 966 1147 1019 Producitur
1171 967 1346 1033 itaque
1376 962 1606 1028 Nachor,
1635 964 1724 1032 qui
1757 964 2087 1018 Barlaamum
2109 980 2167 1020 se
2202 978 2323 1021 esse

755 1056 1056 1108 simulabat.
1080 1056 1157 1110 Ac
1182 1070 1275 1108 rex
1316 1054 1533 1123 quidem
1578 1054 1681 1107 boc
1704 1054 1804 1106 sibi
1854 1054 2181 1123 propositum
2232 1056 2324 1110 Ita-

757 1146 949 1209 bebat;
982 1160 1164 1198 verum
1193 1150 1405 1212 sapiens
1452 1145 1543 1198 Dei
1573 1143 1902 1212 providentia
1932 1145 2140 1201 coalitus
2181 1146 2324 1202 aliud

761 1235 1185 1309 administrabat.
1217 1233 1529 1287 Astantibus
1555 1233 1697 1287 enim
1727 1234 1809 1288 bis
1835 1235 2103 1300 omnibus,
2130 1249 2227 1290 rex
2254 1237 2324 1290 ad

757 1333 993 1377 oratores
1016 1338 1141 1377 suos
1160 1331 1215 1378 et
1244 1323 1605 1393 philosophos,
1629 1323 1713 1378 vel
1745 1326 1920 1392 potius
1961 1324 2126 1393 plebis
2166 1325 2326 1380 sedu-

757 1426 934 1471 ctor-es
960 1429 1013 1470 ct
1044 1416 1241 1470 stolido
1266 1418 1427 1469 corde
1483 1419 1776 1489 pnnditos,
1850 1419 1927 1473 ait
1964 1436 1978 1473 :
2038 1418 2117 1474 En
2176 1419 2327 1472 vobis

761 1518 1053 1571 cci-tanien,
1083 1517 1137 1562 et
1166 1509 1374 1575 quidem
1399 1510 1682 1560 maximum
1712 1506 2037 1575 propesitum
2060 1519 2161 1562 est.
2193 1508 2327 1562 Duo-

759 1612 875 1651 rum
906 1597 1050 1650 enim
1091 1596 1314 1648 alterum
1361 1595 1514 1648 vobis
1560 1594 1853 1663 continget,
1901 1609 2094 1663 nempe
2142 1602 2202 1648 ut
2240 1595 2326 1650 vel

756 1688 995 1741 doctrina
1027 1697 1207 1741 nostra
1238 1685 1572 1748 conﬁrmata,
1598 1686 1905 1754 errorisque
1930 1685 2174 1741 convicto
2199 1687 2328 1741 Bar-

761 1779 935 1832 laamo
968 1778 1243 1847 ipsiusque
1269 1777 1454 1840 sociis,
1485 1775 1771 1828 maximam
1800 1775 2023 1843 gloriam
2062 1783 2117 1828 et
2160 1776 2329 1830 Itono-

761 1886 870 1925 rem
896 1881 1005 1923 tum
1034 1884 1065 1923 a
1095 1868 1250 1923 nobis
1283 1879 1391 1922 tum
1422 1884 1451 1921 a
1479 1878 1665 1923 senatu
1695 1869 2116 1937 consequamtni,
2157 1883 2222 1923 ac
2245 1870 2328 1922 vi-

758 1962 1009 2016 ctricibus
1021 1961 1234 2015 coronis
1245 1961 1508 2014 omemitti
1528 1977 1542 2025 ;
1568 1960 1652 2014 vel
1673 1957 1822 2015 fracti
1842 1976 1906 2017 ac
1927 1961 2185 2030 superati,
2207 1977 2327 2015 cum

758 2054 902 2107 omtti
926 2053 1212 2122 ignominia
1234 2055 1604 2122 gravissimam
1627 2063 1850 2108 mortem
1872 2054 2330 2123 oppetatis,atque

759 2161 947 2199 omnes
971 2154 1162 2199 vestra:
1193 2144 1470 2198 facultates
1500 2145 1697 2212 populo
1725 2145 2059 2215 addieantur,
2092 2160 2197 2215 quo
2217 2163 2329 2202 me-

760 2236 928 2289 moria
956 2245 1131 2291 vestra
1152 2250 1371 2305 prorsus
1398 2250 1428 2289 a
1478 2244 1615 2291 terra
1664 2236 1928 2292 deleatur.
1958 2237 2089 2292 Nam
2130 2248 2185 2293 et
2211 2253 2329 2294 cor-

756 2344 886 2397 pora
918 2339 1094 2383 vestra
1145 2327 1329 2384 bestiis
1357 2328 1664 2382 devoranda
1716 2329 1988 2398 objiciam,
2036 2339 2093 2385 et
2134 2330 2329 2386 liberos

762 2434 968 2474 νρμινυε
999 2429 1254 2488 perpetua
1295 2420 1554 2473 servitute
1579 2418 1834 2474 multabo.

828 2511 938 2565 llac
966 2513 1208 2564 oratione
1239 2526 1268 2564 a
1292 2524 1419 2578 rege
1442 2509 1644 2572 habita,
1680 2509 1850 2577 ipsius
1880 2509 2021 2563 ﬁlius
2054 2509 2136 2565 bis
2156 2509 2334 2565 verbis

759 2614 885 2652 usus
913 2607 1035 2653 est:
1065 2598 1293 2668 Equam
1343 2598 1662 2651 sententiam
1696 2595 1957 2650 hodierno
2003 2598 2092 2652 die
2141 2598 2328 2659 tulisti,

765 2712 797 2743 o
821 2709 934 2759 rex,
963 2707 1187 2761 eamque
1217 2691 1371 2744 velim
1399 2690 1538 2744 Deus
1566 2689 1880 2752 conﬁrmet;
1917 2698 2080 2756 atque
2111 2704 2211 2758 ego
2240 2704 2329 2744 ea-

756 2784 876 2834 dem
909 2783 1161 2850 magistro
1183 2794 1302 2834 meo
1326 2779 1463 2832 dico.
1491 2777 1899 2846 Conversusque
1919 2779 1984 2831 ad
2005 2777 2325 2843 Naehorem,

757 2873 843 2940 qui
876 2873 1118 2925 Barlaam
1149 2884 1269 2924 esse
1302 2869 1605 2937 putabatur;
1638 2867 1704 2920 ad
1727 2882 1847 2921 eum
1877 2869 1989 2921 ait:
2024 2867 2139 2922 Non
2170 2878 2222 2923 te
2250 2870 2329 2921 [n-

754 2973 851 3028 git,
876 2962 1203 3024 o.Barlaam,
1232 2960 1285 3014 in
1314 2973 1416 3029 qua
1464 2959 1631 3027 gloria
1682 2957 1981 3027 quibusque
2009 2959 2214 3013 deliciis
2246 2974 2330 3014 me

760 3054 1047 3107 mveucris.
1083 3052 1161 3105 Tu
1200 3063 1373 3105 tamen
1416 3048 1692 3117 permultis
1733 3048 2066 3102 sermonibus
2106 3062 2192 3102 me
2236 3048 2329 3099 ad-

2438 600 2635 668 ἧλπισε
2660 598 2769 650 τῶν
2800 598 2963 652 αὐτοῦ
2997 600 3283 671 πτερύγων
3316 601 3429 670 (38)
3449 618 3463 631 ’
3509 603 3560 654 οἱ
3589 604 3649 656 δὲ
3677 606 3793 666 τοῖς
3817 606 3983 675 ἄρχον-

2440 710 2522 744 σιν
2552 692 2920 763 ἐπεποεθησαν
2954 694 3065 759 (59)
3093 692 3188 746 τοῦ
3229 696 3422 757 αἰῶνος
3447 694 3636 748 τούτου
3668 696 3784 757 τοῖς
3804 714 3985 765 καταρ-

2437 783 2743 853 γουμένοις,
2765 784 2860 837 καὶ
2887 784 2966 853 τῷ
2992 785 3395 855 κοσμοκράτορι
3422 786 3518 839 τοῦ
3551 787 3779 849 σκότους
3804 787 3927 855 (40),
3948 782 3985 854 ᾧ

2435 874 2816 941 καθυπέταξαν
2835 874 3062 937 ἑαυτοὺς
3091 876 3337 938 ἐλεεινῶς
3364 876 3457 929 καὶ
3487 876 3709 939 ἁθλίως.

2510 964 2737 1031 Ἀγεται
2777 961 2957 1016 τοίνυν
2990 965 3020 1016 6
3056 962 3260 1035 Ναχὼρ
3287 964 3380 1017 τὸν
3412 965 3679 1033 Βαρλααμ
3720 966 3988 1035 ὐποκρινό-

2439 1066 2633 1118 μενός·
2670 1051 2765 1104 καὶ
2810 1050 2861 1103 οί
2904 1050 3005 1117 μὲν
3059 1052 3189 1121 περὶ
3231 1051 3321 1104 τὸν
3359 1052 3581 1121 βασιλέα
3627 1053 3724 1107 τοῦ
3763 1055 3987 1106 τοιούτου

2437 1140 2645 1208 εἴχοντο
2672 1140 2874 1194 σκοποῦ
2894 1159 2908 1172 ο
2939 1140 3102 1211 ἕτερα
3129 1142 3187 1195 δὲ
3203 1143 3365 1197 πάλιν
3393 1144 3426 1212 ή
3455 1145 3589 1214 σοφὴ
3620 1146 3852 1214 πρόνοια
3877 1145 3990 1198 ἄνω-

2437 1231 2529 1285 θεν
2557 1231 2848 1301 ᾠκονόμει.
2879 1234 3312 1304 Παρισταμένων
3361 1235 3470 1305 γὰρ
3509 1236 3723 1289 τούτων
3754 1239 3990 1292 ἁπάντων

2436 1321 2603 1390 φησὶν
2641 1321 2669 1373 6
2713 1320 2969 1389 βασιλεὺς
3008 1326 3121 1386 τοῖς
3172 1326 3428 1395 ῥήτορσιν
3463 1325 3628 1379 αὐτοῦ
3663 1329 3762 1380 καὶ
3796 1331 3991 1396 φιλοσό-

2436 1429 2583 1480 φοις,
2615 1413 2813 1482 μᾶλλον
2848 1413 2907 1466 δέ
2938 1417 3054 1478 τοῖς
3098 1415 3427 1478 λεωπλάνοις
3462 1418 3573 1488 (Η)
3603 1419 3699 1471 καὶ
3729 1422 3992 1484 ἀσυνέτως

2432 1502 2533 1570 τὴν
2577 1501 2836 1574 καρδίαν⁸
2902 1502 3034 1557 Ἰδοὺ
3087 1504 3150 1572 δὴ
3200 1506 3349 1574 ἀγὼν
3396 1508 3525 1576 ὑμῖν
3576 1510 3872 1579 πρόκειται
3915 1513 3994 1564 καὶ

2434 1596 2662 1665 ἀγώνων
2703 1599 2733 1650 6
2766 1598 3041 1668 μέγιστος.
3091 1600 3245 1652 Δυοῖν
3287 1601 3397 1672 γὰρ
3443 1602 3675 1671 θάτερον
3720 1607 3993 1674 γενήσεται

2436 1690 2593 1758 ὑμῖν·
2627 1688 2661 1757 ἦ
2690 1689 2757 1742 τὰ
2788 1690 3036 1759 ἡμέτερα
3066 1690 3440 1760 κρατύναντας
3459 1733 3474 1758 ,
3526 1696 3621 1747 καὶ
3656 1695 3776 1763 ΗΞ)
3809 1697 3994 1749 πλανᾶ-

2439 1781 2564 1833 σθαι
2591 1780 2681 1833 τὸν
2719 1779 2987 1849 Βαρλαὰμ
3028 1781 3192 1854 236
3235 1782 3328 1836 καὶ
3354 1784 3481 1845 τοὺς
3528 1786 3627 1839 σὺν
3655 1787 3814 1856 αύτῷ
3856 1788 3994 1853 ἐλέγ-

2438 1873 2656 1936 ξαντας.
2692 1871 2850 1942 δόξης
2896 1872 3161 1944 μεγίστης
3210 1875 3306 1927 καὶ
3344 1875 3508 1945 τιμῆς
3550 1877 3689 1945 παρ’
3760 1878 3994 1947 ήμῶντε

2435 1964 2528 2017 καὶ
2556 1963 2741 2034 πάσης
2771 1967 2954 2035 τυχεῖν
2993 1964 3093 2035 τῆς
3123 1966 3429 2036 συγκλήτου
3460 1968 3554 2021 καὶ
3588 1970 3885 2037 στεφάνοις
3926 1971 3996 2022 νὶ-

2435 2070 2540 2124 κης
2590 2056 3062 2126 καιιταιι-τεφθτῖιναι⁸
3106 2057 3138 2128 ἢ
3193 2058 3525 2126 ἡττηθέντας
3580 2062 3684 2112 σὺν
3735 2060 3891 2131 πασῃ
3934 2063 3999 2113 αἱ·

2437 2144 2606 2216 σχύνῃ
2619 2143 2974 2210 κακιγκάκως
2993 2145 3388 2213 θανατωθῆναι,
3412 2146 3589 2201 πάντα
3606 2147 3669 2201 δὲ
3682 2149 3753 2201 τὰ
3776 2150 4000 2220 ὑμέτερα

2433 2237 2513 2306 τῷ
2548 2238 2705 2308 δήμῳ
2722 2236 2965 2306 δοθῆναι,
2994 2236 3071 2300 ὡς
3090 2237 3157 2291 ἂν
3184 2238 3531 2292 παντάπασιν
3559 2239 3767 2309 ἐξαρθῇ
3790 2241 3854 2293 τὸ
3883 2260 4002 2311 μνη-

2437 2328 2667 2398 μόσυνον
2719 2327 2876 2397 ὑμῶν
2924 2326 3032 2381 ἀπὸ
3061 2327 3160 2396 τῆς
3198 2328 3447 2396 γῆς.’Τὰ
3498 2330 3598 2397 μὲν
3629 2330 3743 2400 γὰρ
3788 2332 4006 2399 σώματα

2435 2417 2588 2481 ὑμῶν
2623 2416 2834 2486 θηρίοις
2866 2414 3024 2471 δώσω
3046 2418 3445 2486 παρανάλωμα,
3477 2419 3543 2472 τὰ
3569 2420 3627 2472 δὲ
3654 2423 3833 2473 τέκνα
3864 2420 4006 2491 ὑμῶν

2433 2509 2674 2577 διηνεκεῖ
2708 2505 3104 2562 καταδουλώσω
3136 2508 3369 2577 δουλείᾳ.

2509 2599 2725 2652 Τούτων
2751 2597 2925 2660 οὕτως
2949 2599 3256 2669 εἰρημένων
3291 2598 3370 2667 τῷ
3387 2599 3617 2668 βασιλεῖ,
3647 2601 3679 2653 6
3700 2602 3823 2663 υἱὸς
3852 2601 4010 2655 αύτοῦ

2433 2690 2573 2758 ἔφη·
2624 2688 2818 2758 Κρίμα
2848 2687 3056 2742 δίκαιον
3095 2689 3337 2760 σήμερον
3386 2689 3628 2759 ἔκρινας,
3679 2684 3725 2742 ὦ
3763 2691 4011 2757 βασιλεῦ·

2433 2778 2698 2847 κρατύναι
2734 2776 2941 2847 Κύριος
2980 2777 3186 2849 ταύτην
3215 2796 3309 2832 σου
3333 2779 3432 2851 τὴν
3460 2779 3715 2849 γνώμην.
3746 2782 3927 2849 Κάγὼ
3960 2782 4013 2834 ἃ

2430 2871 2499 2924 τὰ
2535 2869 2676 2924 αὐτὰ
2711 2885 2852 2938 φημι
2885 2868 2963 2938 τῷ
2990 2869 3108 2939 ἐμῷ
3137 2870 3463 2939 διδασκάλῳ,
3501 2872 3611 2923 Καὶ
3647 2872 4018 2940 ἐπιστραςεὶς

2432 2962 2583 3030 λέγει
2609 2960 2688 3030 τῷ
2714 2959 2939 3032 Ναχὼρ,
2978 2961 3038 3024 ὃς
3080 2960 3360 3029 ἐνομίζετο
3403 2962 3673 3031 Βαρλαὰμ
3708 2958 3864 3015 εἶναι
3884 2980 3897 2990 '
3924 2957 4018 3015 οῗ-

2432 3054 2548 3115 δας.
2577 3047 2622 3105 ὧ
2644 3052 2929 3122 Βαρλαὰμ,
2961 3053 3020 3105 ἐν
3038 3051 3143 3105 τίνι
3161 3068 3229 3121 με
3247 3051 3372 3121 δόξῃ
3396 3051 3642 3121 εὕρηκας
3672 3055 3774 3106 καὶ
3801 3057 3988 3122 τρνφῇ
4006 3070 4020 3082 '

757 3146 953 3198 duxisti
999 3154 1108 3196 uta
1135 3139 1543 3210 patriislegibus
1581 3148 1636 3193 et
1679 3139 1934 3193 institutis
1961 3139 2325 3199 abscederem,

2436 3144 2527 3196 καὶ
2551 3142 2731 3209 λόγοις
2759 3142 3034 3202 πλείστοις
3078 3140 3303 3203 ἔπεισας
3345 3160 3410 3210 με
3441 3143 3549 3193 τῶν
3597 3143 3703 3210 μὲν
3739 3144 4027 3213 πατρῴων

757 3245 919 3306 atque
952 3236 1186 3303 ignotum
1218 3233 1383 3287 Deum
1406 3231 1658 3294 colerem,
1712 3245 2029 3284 arcanorum
2075 3245 2328 3300 quorum-

758 3327 881 3377 dam
911 3326 1159 3377 videlicet
1186 3337 1248 3373 ac
1273 3321 1721 3385 sempiternormn
1748 3320 2007 3371 bonorum
2038 3333 2133 3387 spe
2172 3333 2326 3372 men-

761 3428 867 3470 tem
898 3429 1069 3469 meztm
1092 3414 1159 3467 ad
1186 3412 1452 3480 sequenda
1499 3419 1588 3463 tua
1619 3411 1886 3478 dogmata,
1925 3417 1980 3463 et
2006 3410 2329 3465 exacerban-

759 3511 886 3565 dnm
919 3509 1085 3578 patris
1114 3507 1217 3561 mei
1250 3520 1310 3557 ac
1344 3503 1547 3558 domini
1578 3503 1812 3556 animum
1858 3516 1947 3555 me
1990 3501 2325 3570 pertrahens.

760 3600 1107 3670 Quocircaita
1138 3598 1403 3655 existima.
1429 3606 1481 3649 te
1514 3609 1656 3649 nunc
1688 3594 1831 3647 velut
1870 3593 1923 3645 in
1945 3594 2135 3646 trutina
2162 3600 2326 3645 stare.

760 3693 894 3747 Nam
923 3693 965 3746 si
996 3705 1059 3746 ex
1095 3689 1364 3759 proposito
1396 3687 1687 3739 certamine
1722 3685 1965 3751 superior
1993 3682 2327 3747 discesseris,

761 3800 879 3839 eam
893 3783 1093 3837 scilicet
1109 3795 1267 3849 qnam
1283 3779 1407 3831 mihi
1429 3775 1687 3830 tradidisti
1707 3774 1999 3828 doctrinam
2018 3786 2194 3825 verant
2211 3785 2330 3824 esse

762 3878 1158 3939 demonstrans,
1210 3881 1369 3939 atque
1399 3882 1491 3921 eos
1523 3866 1614 3936 qui
1648 3864 1907 3917 hodierna
1937 3864 2023 3916 die
2050 3861 2202 3915 nobis
2230 3860 2320 3913 ad-

761 3976 1060 4029 versantur,
1094 3963 1147 4017 in
1192 3976 1374 4015 errore
1403 3958 1603 4012 versari
1655 3956 1965 4019 ostendens,
1999 3965 2054 4007 tu
2107 3952 2319 4022 quidem

761 4059 1017 4125 majorem
1046 4068 1205 4122 quam
1237 4051 1374 4103 nllus
1416 4062 1642 4116 unquam
1674 4045 1945 4111 habuerit,
1974 4043 2194 4110 gloriam
2242 4056 2328 4092 rc-

762 4147 922 4211 fercs,
954 4157 1017 4195 ac
1061 4141 1299 4196 veritatis
1347 4152 1518 4205 prteco
1570 4136 1884 4195 vocaberis;
1929 4142 2089 4201 atque
2128 4145 2227 4200 ego
2269 4131 2320 4182 in

763 4247 850 4291 ttta
870 4235 1106 4290 doctrina
1135 4233 1402 4301 perstabo,
1430 4228 1826 4294 Christumque,
1874 4221 2321 4292 quemadmodum

761 4325 1084 4395 przedicasti,
1117 4322 1182 4375 ad
1210 4330 1504 4375 extremum
1548 4331 1712 4383 usque
1742 4313 1983 4382 Spiritum
2009 4313 2199 4366 colam.
2226 4310 2323 4366 Sin

761 4427 962 4479 autem,
993 4415 1105 4466 sive
1137 4412 1281 4476 dolo,
1330 4409 1443 4461 sive
1490 4405 1631 4458 serio
1673 4417 1735 4455 ac
1761 4417 1886 4456 vere
1912 4409 2211 4469 superatus,
2242 4399 2324 4467 ig—

2434 3232 2738 3301 ἁποστῆναι
2771 3231 2953 3301 νόμων
2982 3247 3042 3284 τε
3074 3232 3168 3285 καὶ
3203 3230 3363 3294 ἐθῶν,
3398 3232 3666 3302 ἀγνώστῳ
3696 3233 3753 3285 δὲ
3789 3235 4027 3304 λατρεύ-

2433 3340 2525 3377 σαι
2556 3321 2695 3392 Θεῷ,
2725 3321 2979 3391 ἀρρήτων
3005 3321 3167 3375 τινῶν
3190 3322 3286 3374 καὶ
3317 3323 3551 3374 αἰωνίων
3579 3323 3820 3389 ἀγαθῶν
3850 3327 4027 3390 ἐπαγ·

2431 3413 2639 3482 γελίαις
2683 3411 2918 3475 ἑλκύσας
2958 3429 3058 3482 μου
3109 3411 3200 3464 τὸν
3246 3411 3370 3465 νοῦν
3406 3415 3517 3473 τοῖς
3566 3415 3683 3474 σοῖς
3722 3413 4028 3477 ἐξακολου-

2433 3504 2594 3573 θῆσαι
2636 3502 2875 3570 δόγμασι
2905 3501 3000 3554 καὶ
3037 3500 3130 3553 τὸν
3173 3499 3304 3569 ἐμὸν
3337 3503 3762 3570 παραπικρᾶναι
3805 3505 4025 3572 πατέρα

2432 3614 2490 3651 τε
2534 3596 2629 3651 καὶ
2658 3594 2959 3664 δεσπότην;
2991 3590 3104 3645 Νῦν
3133 3591 3227 3646 οὖν
3263 3591 3338 3654 ὡς
3368 3593 3459 3644 ἐπὶ
3502 3593 3788 3664 τρυτάνης
3831 3595 4023 3663 νόμιζε

2437 3688 2663 3742 σεαυτὴν
2711 3686 2956 3739 ἑστάναι.
2988 3686 3049 3737 Εἰ
3082 3685 3178 3754 μὲν
3216 3686 3345 3754 γὰρ,
3377 3686 3605 3753 νικήσας
3650 3686 3753 3753 τὴν
3797 3704 4023 3755 7.9022:-

2440 3781 2612 3850 μένην
2659 3778 2859 3846 πάλην,
2898 3776 3076 3846 ἀληθῆ
3111 3792 3205 3828 σου
3237 3776 3304 3828 τὰ
3331 3776 3576 3844 δόγματα
3611 3777 3828 3843 δείξεις
3878 3779 3916 3831 ἃ
3941 3795 4023 3845 μοι

2434 3868 2713 3933 ἐδίδαξας“,
2769 3866 3160 3935 πλανωμένους
3210 3865 3267 3918 δέ
3311 3865 3547 3931 ἐλέγξεις
3586 3867 3719 3925 τοὺς
3775 3868 4026 3936 σήμερον

2434 3963 2568 4030 ἡμῖν
2611 3958 3067 4019 ἀντιπίπτοντας,
3119 3957 3184 4010 σὺ
3225 3957 3323 4026 μὲν
3364 3955 3671 4026 δοξασθήσῃ
3714 3957 3800 4020 ὡς
3852 3959 4027 4016 (.5531;

2433 4051 2543 4104 τῶν
2598 4048 2817 4101 πώποτε
2858 4046 3160 4115 γεγονότων
3216 4048 3308 4099 καὶ
3362 4045 3532 4115 κῄρνξ
3573 4046 3857 4115 ἀληθείας
3895 4049 4024 4113 κλη-

2435 4140 2599 4210 θήσῃ,
2633 4136 2742 4207 ἐγὼ
2766 4138 2823 4190 δὲ
2854 4138 2919 4206 τῇ
2958 4139 3024 4206 σῇ
3062 4137 3283 4207 ἐμμενῶ
3326 4136 3510 4205 διδαχῇ
3546 4136 3644 4187 καὶ
3673 4136 3755 4204 τῷ
3794 4135 4028 4206 Χῳστῷ

2433 4229 2737 4300 λατρεύσω,
2778 4227 2919 4281 καθὰ
2946 4227 3010 4296 δὴ
3039 4228 3134 4280 καὶ
3173 4226 3465 4298 ἐκήρυξας,
3496 4227 3661 4296 μέχρι
3694 4228 3804 4296 τῆς
3838 4228 4027 4280 τελενο

2432 4322 2591 4383 ταίας
2630 4337 2733 4390 μου
2766 4318 3068 4386 ἀναπνοῆς’
3111 4319 3159 4371 εί
3186 4318 3264 4379 δὲ.
3310 4317 3563 4388 ἡττηθείς
3592 4319 3708 4370 εἴτε
3734 4318 3897 4390 δόλῳ
3919 4320 4025 4372 εἴτε

2432 4412 2680 4483 ἀληθείᾳ,
2728 4410 2987 4480 αἰσχύνης
3016 4426 3105 4478 μοι
3135 4411 3374 4479 σήμερον
3402 4408 3661 4477 πρόξενος
3683 4410 3857 4480 γένῃ,
3895 4411 4027 4463 θᾶτ-

763 4504 1052 4558 nominiam
1109 4499 1236 4552 milli
1307 4495 1660 4556 conllaveris,
1714 4489 2089 4543 contumeliam
2150 4500 2326 4543 meam

2434 4521 2521 4556 τον
2551 4502 2819 4571 ἐκδικήσω
2862 4518 2962 4571 μου
2996 4501 3095 4554 τὴν
3126 4498 3301 4569 ὓϐριν,
3330 4499 3516 4568 χερσὶν
3553 4499 3801 4560 οἰκείαις
3834 4502 3949 4567 τήν
3974 4516 4026 4550 τε

752 4587 933 4638 statim
962 4584 1215 4637 ulciscar.
1245 4582 1455 4635 Etenim
1484 4582 1732 4634 meismet
1760 4578 2011 4633 manibus
2044 4592 2138 4631 cor
2166 4584 2322 4629 tuum

753 4693 815 4729 ac
850 4678 1088 4745 linguam
1117 4675 1365 4737 evellant,
1397 4686 1569 4742 eaque
1598 4685 1722 4725 eum
1754 4670 1961 4740 reliquo
1986 4679 2078 4723 tuo
2096 4680 2326 4736 corpore

754 4768 983 4822 canibus
1007 4766 1060 4819 in
1084 4765 1317 4835 praedam
1344 4763 1508 4827 dabo,
1539 4772 1598 4817 ut
1627 4773 1720 4817 tuo
1747 4763 1994 4831 exemplo
2025 4774 2215 4814 omnes
2243 4773 2327 4812 re-

753 4874 879 4927 gum
910 4857 1035 4911 ﬁliis
1066 4858 1420 4926 imposttnram
1455 4855 1678 4908 minime
1710 4852 1889 4908 facere
1912 4852 2256 4906 condiscant.

825 4949 921 5005 llis
951 4950 1132 5005 verbis
1161 4948 1385 5016 auditis,
1412 4948 1624 5001 Nacltor
1651 4947 1922 5016 ingentem
1957 4942 2235 4997 tristitiam
2267 4954 2333 4994 ac

982 5080 1121 5167 [ξέοι.
1164 5095 1249 5142 ac,
1279 5080 1317 5167 9-
1340 5096 1354 5132 :
1520 5078 1744 5167 ὖεέιστον
1773 5080 1893 5162 ἔθου
1926 5083 2250 5167 καταφυγήν
2275 5100 2392 5167 σορκ.

2433 4594 2660 4665 καρδίαν
2706 4610 2801 4645 σου
2840 4592 2936 4645 καὶ
2988 4590 3085 4660 τὴν
3136 4589 3380 4657 γλῶτταν
3427 4587 3715 4657 ἐξορύξας,
3769 4592 3926 4642 κυσί
3974 4606 4029 4640 τε

2435 4684 2599 4754 βορὰν
2629 4681 2803 4735 ταῦτα
2846 4680 3005 4750 237
3044 4679 3140 4732 σὺν
3191 4678 3266 4747 τῷ
3301 4677 3472 4747 λοιπῷ
3518 4693 3611 4729 σου
3644 4676 3890 4747 σώματι
3926 4694 4031 4729 πει-
4116 4690 4117 4709 ξ

2438 4774 2650 4842 ραδοὺς,
2689 4771 2780 4824 ἵνα
2823 4769 3151 4822 παιδευθῶσι
3196 4769 3395 4830 πάντες
3428 4766 3516 4819 διὰ
3543 4766 3640 4818 σοῦ
3677 4767 3759 4836 μὴ
3808 4768 4031 4833 glareis

2434 4864 2582 4924 υἱοὺς
2616 4843 2900 4930 βασιλξων.

2505 4949 2724 5003 Τούτων
2750 4947 2987 5012 ἀκούσας
3013 4950 3042 5001 6
3070 4945 3269 5018 Ναχὼρ
3291 4944 3401 5000 τῶν
3429 4943 3697 5017 ῥημάτων
3716 4945 3879 5015 (45),
3909 4961 4034 4997 σκυ-

836 5149 949 5220 (δε)
981 5149 1126 5220 Psal.
1159 5165 1264 5213 LVI,
1296 5149 1365 5220 [ε
1411 5148 1511 5220 ’ξένΔ
1526 5151 1589 5215 τῇ
1621 5150 1746 5219 σκιᾷ
1768 5150 1876 5202 τῶν
1900 5148 2185 5220 πτερύγων
2206 5148 2304 5205 ’σου
2333 5152 2523 5206 ἐλπιῶ.

979 5217 1116 5292 I_’sal_.
1149 5205 1307 5292 cxr._'v_,
1327 5218 1362 5269 ὗ
1394 5234 1407 5269 :
1559 5205 1853 5272 πεποίθατε
1884 5221 1970 5273 ἐπ’
2000 5205 2285 5292 όὶράοντας.

834 5288 945 5357 (40)
971 5286 1126 5357 Cotti.
1159 5302 1210 5353 p.
1243 5288 1331 5357 i5,
1363 5301 1417 5338 η.
1449 5287 1540 5339 45.

832 5344 945 5427 (μδ
971 5356 1034 5417 C,
1060 5344 1514 5427 λαόπλάινοιςηΛ,
1552 5344 1891 5427 λεοπλάνοιςε
1922 5355 2255 5412 Permutatio
2290 5373 2330 5411 nl

2459 5358 2724 5427 vocalium
2759 5374 2804 5409 ω
2831 5368 2888 5410 et
2926 5374 2973 5411 ο.
3006 5354 3260 5411 lsaacius.
3293 5354 3561 5427 Porpltgr.
3607 5354 3689 5410 De
3719 5353 4031 5412 Pralerm.

759 5440 814 5493 p.
842 5424 954 5494 965
981 5444 994 5476 :
1030 5426 1141 5494 Τὴν
1168 5424 1379 5478 διάθεον
1407 5424 1661 5493 ἁρπαγὴν
1689 5426 1789 5493 τῆς
1824 5426 2064 5494 Ἑλένης.
2097 5428 2330 5480 Rescribe

2434 5444 2481 5494 ;v
2503 5426 2591 5479 διὰ
2621 5425 2759 5479 θεῶν
2791 5427 2946 5494 ἁρπ.,
2979 5437 3035 5479 ιιι
3060 5435 3141 5480 est
3171 5428 3222 5478 in
3254 5426 3372 5478 cod.
3402 5425 3525 5478 817.

834 5493 947 5564 (42)
978 5495 1019 5547 Α
1055 5492 1170 5547 sine
1198 5495 1311 5547 καί.
1346 5492 1603 5562 Synesius
1630 5492 1823 5549 Calvit.
1857 5511 1908 5564 p.
1941 5492 2010 5549 63
2043 5514 2055 5548 :
2100 5496 2317 5566 Ἐπειδὴ

834 5581 858 5613 ν
889 5563 986 5616 δύο
1006 5562 1099 5615 καὶ
1123 5563 1265 5615 κατὰ
1286 5562 1526 5620 πλείους.
1562 5563 1764 5620 Inveni.
1796 5563 1935 5620 unod
1970 5564 2278 5620 amplector.
2315 5568 2326 5618 i

2434 5492 2683 5549 νοσὲκειτο
2767 5492 2943 5559 ἄλλον,
2972 5495 3137 5557 ἄλλτις
3167 5497 3250 5549 ἐπ’
3280 5494 3413 5563 ἄλλῃ
3451 5493 3796 5564 πιπτούσης,
3833 5496 3955 5568 ἤδη
3986 5496 4032 5546 ἑὲ
4116 5492 4117 5531 ἶ

2434 5565 2673 5619 odicibus
2705 5514 2931 5620 tﬁtobus.
2963 5564 3064 5620 ἥδη
3090 5534 3147 5618 δὲ
3184 5564 3277 5617 καὶ
3312 5563 3524 5618 σύνδυο.
4116 5560 4117 5620 l

760 5562 858 5616 σὺν
889 5563 986 5616 δύο
1006 5562 1099 5615 καὶ
1123 5563 1265 5615 κατὰ
1286 5562 1526 5623 πλείους.
1562 5563 1764 5628 Inveni,
1796 5562 1935 5631 quod
1970 5564 2278 5631 amplector,
2305 5562 2326 5618 ’ἰ

2434 5565 2673 5619 odicibtts

2852 5581 2931 5629 us,
2963 5564 3065 5634 ἤδη
3090 5563 3147 5618 δὲ
3184 5564 3277 5617 καὶ
3312 5563 3524 5618 σύνδυο.

830 5632 940 5701 (45)
972 5631 1168 5686 Lector
1196 5633 1757 5704 diligetts‘adscripsit
1788 5633 1853 5704 ad
1884 5635 2181 5704 marginem
2228 5635 2431 5688 codicis
2458 5635 2523 5704 Α,
2553 5632 2756 5704 στίχος.
2814 5631 3138 5704 Exciderunt
3184 5649 3323 5702 saepe
3369 5634 3692 5690 auctoribus
3744 5635 4034 5704 prosaiois

758 5716 977 5775 versus,
1005 5717 1067 5755 ac
1089 5702 1397 5775 praisertim
1431 5700 1666 5775 iambici}
1715 5701 1909 5775 Multus
1937 5700 2108 5775 fnigea
2135 5703 2203 5757 de
2237 5719 2297 5757 re
2343 5706 2410 5775 ad
2453 5700 2832 5759 Aristainctum
2869 5719 2925 5775 p.
2963 5703 3087 5766 255,
3123 5718 3187 5759 ac
3219 5700 3433 5773 possem
3478 5705 3647 5762 etiam
3684 5700 3781 5761 hic
3816 5705 4033 5760 manu

758 5784 899 5833 esse,
927 5772 979 5826 ni
1003 5772 1174 5826 satius
1206 5771 1477 5825 videretur
1502 5772 1749 5826 brevitati
1778 5772 1924 5827 circa
1957 5772 2082 5827 talia
2116 5788 2258 5829 nunc
2285 5774 2525 5829 studere.
