4146 6454
149 398 268 465 1109

1196 395 1371 457 VITA
1407 393 1764 455 BARLAAM
1801 394 1896 453 ET
1933 390 2282 453 JOASAPH.

3232 390 3361 452 1110

196 499 467 570 Ἕλθωμεν
498 497 612 569 οἷν,
651 496 697 558 ὦ
732 505 972 575 βασιλεῦ.
1006 508 1093 561 ἐπ’
1123 508 1262 562 αὐτὰ
1291 508 1361 562 τὰ
1410 512 1678 579 στοιχεῖα,

1861 503 1943 560 Ad
1966 504 2077 572 ipsa
2124 504 2282 575 igitur
2311 505 2597 585 elementa,
2631 522 2663 563 o
2690 525 2802 575 rex,
2836 509 3178 575 accedamus,
3202 520 3258 565 ut
3298 528 3362 568 ea

129 593 262 656 ὅπως
312 594 683 666 ἀποδείξωμεν
713 600 842 670 περὶ
876 601 1062 652 αὐτῶν
1106 601 1189 653 ὅτι
1228 604 1329 655 οὐκ
1387 600 1492 653 εἰσὶ
1540 601 1682 665 θεοὶ,

128 679 250 732 ἀλλὰ
278 681 492 751 φθαρτὰ
522 684 613 735 καὶ
640 684 1014 758 ἁλλοιουμενα,
1048 691 1112 741 ὲκ
1129 689 1223 743 τοῦ
1264 689 1338 760 μὴ
1363 690 1513 753 εντος
1543 707 1687 760 παρ-

128 768 347 838 αχθέντα
393 775 775 845 προστάγματι
818 778 913 832 τοῦ
986 782 1157 843 ὅντως
1198 780 1335 833 Θεοῦ
1362 822 1377 846 ,
1430 781 1489 842 ὃς
1541 782 1686 834 ἐστιν

127 862 389 931 ἄφθαρτός
422 882 480 917 τε
512 867 605 918 καὶ
647 869 1004 935 ἀναλλοίωτος
1033 874 1125 925 καὶ
1154 874 1402 943 ἀόρατος·
1438 873 1600 937 αὐτὸς
1632 873 1687 926 δὲ

128 953 291 1006 πάντα
318 957 451 1025 ὁρᾷ,
491 958 606 1024 καὶ,
643 960 824 1024 καθὼς
864 963 1133 1033 βούλεται,
1162 964 1363 1017 ἀλλοιοῖ
1397 964 1487 1017 καὶ
1517 980 1685 1034 μετα-

126 1040 316 1096 σάλλει.
345 1044 409 1096 Τί
438 1041 531 1099 οῦν
559 1048 701 1117 λέγω
729 1052 853 1124 περὶ
889 1053 996 1106 τῶν
1024 1055 1296 1123 στοιχείων
1321 1101 1333 1123 ,

191 1135 248 1186 Οἱ
278 1137 585 1206 νομίζοντες
626 1144 717 1195 τὸν
746 1146 976 1215 οὐρανὸν
1015 1143 1154 1200 εἶναι
1197 1148 1315 1201 Θεὸν
1351 1148 1679 1201 πλανῶνται.

134 1223 371 1297 Ὀρῶμεν
406 1232 515 1303 γὰρ
560 1235 720 1289 αὑτὸν
749 1238 1085 1308 τρεπόμενον
1128 1241 1221 1292 καὶ
1266 1240 1407 1293 κατὰ
1437 1240 1687 1310 ἀνάγκην

124 1318 450 1390 κινούμενον,
490 1326 583 1378 καὶ
616 1328 681 1379 ὲκ
718 1328 929 1381 πολλῶν
976 1330 1307 1383 συνεστῶτα·
1343 1330 1424 1383 διὸ
1468 1331 1561 1383 καὶ
1596 1329 1687 1383 κό-

124 1426 253 1475 σμος
284 1413 551 1480 καλεῖται⁵
586 1419 803 1488 Κόσμος
843 1421 899 1471 δὲ
931 1422 1239 1492 κατασκευή
1272 1420 1388 1473 ἐστί
1419 1439 1563 1484 τινος
1596 1438 1686 1473 τε-

121 1503 314 1571 χνίτουο
346 1506 406 1557 τὸ
456 1512 898 1565 κατασκευασθὲν
930 1512 985 1564 δὲ
1021 1514 1196 1583 ἀρχὴν
1233 1515 1323 1567 καί
1368 1514 1519 1577 τέλος
1549 1513 1682 1582 ἔχει.

124 1594 359 1648 Κινεῖται
390 1597 445 1650 δὲ
476 1600 503 1650 ό
530 1602 757 1671 οὐρανὸς
790 1606 930 1658 κατὰ
960 1606 1206 1674 ἀνάγκην
1252 1606 1348 1656 σὺν
1377 1607 1486 1668 τοῖς
1519 1603 1683 1657 αὑτοῦ

120 1687 417 1758 φωστῆρσι·
449 1691 518 1743 τὰ
547 1692 655 1761 γὰρ
683 1694 857 1766 ἄστρα
883 1698 1035 1762 τάξει
1084 1698 1176 1750 καὶ¹
1222 1696 1549 1766 διαστήματι
1589 1714 1683 1765 φε-

125 1776 320 1846 ρόμενα
345 1781 450 1834 ἀπὸ
482 1788 728 1853 σημείου,
770 1789 850 1849 εἰς
884 1790 1132 1858 σημεῖον,
1166 1788 1216 1841 οἱ
1250 1786 1347 1857 μὲν
1380 1787 1492 1855 (57)
1531 1786 1685 1839 δύου-

1790 596 1921 650 deos
1945 612 2050 651 non
2074 611 2198 653 esse
2223 598 2671 665 demonstremus,
2695 601 2785 654 sed
2809 603 3136 669 corruptioni
3161 618 3223 657 ac
3249 619 3364 657 mu-

1777 687 1979 741 ltationi
2007 687 2267 757 subjecta,
2316 700 2476 759 atque
2521 706 2585 745 ex
2626 692 2792 747 nihilo
2820 694 2870 746 in
2911 702 3088 748 ortum
3134 694 3243 748 veri
3275 694 3366 750 Dei

1790 775 1938 845 jussu
1970 779 2223 846 producta
2252 793 2389 842 esse,
2422 783 2509 849 qui
2538 783 2752 851 quidem
2796 785 3150 852 corruptionis
3180 793 3235 838 et
3265 784 3366 837 im-

1794 868 2103 921 mutationis
2143 884 2336 937 expers
2367 879 2469 930 est.
2502 881 2555 925 et
2599 872 2895 938 invisibilis,
2928 882 3221 940 contraque
3257 876 3366 940 ψευ

1794 957 1969 1009 omnia
1993 958 2180 1021 cernit,
2208 968 2261 1012 et
2288 960 2547 1013 arbitratu
2576 977 2671 1015 suo
2700 964 2938 1018 immutat
2964 972 3123 1034 atque
3143 977 3369 1017 conver—

1797 1046 1856 1099 tit
1911 1045 2046 1112 Quid
2073 1048 2234 1116 igitur
2263 1049 2329 1102 de
2357 1051 2639 1105 elementis
2660 1053 2815 1107 dico?

1866 1137 1964 1203 Qui
2011 1139 2203 1230 caelum
2252 1140 2407 1194 deum
2454 1156 2571 1195 osse
2617 1145 3201 1211 arbitrantur,errant.
3232 1145 3365 1201 Nam

1795 1225 1967 1294 ipsum
1991 1225 2253 1291 converti,
2281 1244 2343 1282 ac
2367 1233 2671 1285 necessario
2698 1235 2924 1296 movu-i,
2945 1246 3103 1304 atque
3131 1251 3199 1291 ex
3232 1236 3366 1288 mni»

1796 1321 1863 1371 tis
1893 1319 2053 1374 rebus
2082 1332 2328 1375 constare
2370 1323 2635 1385 videmus;
2671 1336 2949 1393 propterea
2992 1328 3132 1382 enim
3174 1327 3361 1398 κόσμιε

1795 1407 1845 1461 id
1873 1419 1953 1463 est
1982 1410 2211 1463 mundus
2249 1412 2559 1479 appellatur.
2592 1412 2813 1468 Mundus
2845 1433 3000 1483 porro
3029 1419 3245 1471 artiﬁcis
3273 1431 3370 1473 cu-

1798 1510 2002 1583 jusdam
2031 1512 2353 1564 constructio
2382 1521 2482 1564 est.
2502 1510 2652 1574 Quod
2676 1520 2852 1564 autem
2874 1518 3234 1564 constructum
3258 1516 3361 1570 est,

1800 1600 2112 1667 principium
2140 1613 2201 1653 ac
2229 1601 2385 1653 linem
2410 1599 2585 1653 habet.
2626 1603 2694 1652 At
2723 1600 2915 1655 malum
2943 1614 3046 1653 una
3074 1613 3194 1653 cum
3223 1597 3360 1652 side-

1798 1690 1940 1743 ribus
1970 1688 2081 1741 suis
2112 1688 2412 1741 necessario
2448 1697 2720 1751 movetur;
2753 1689 3013 1756 siquidem
3044 1697 3188 1740 astra
3214 1696 3364 1741 certo

1796 1778 1983 1831 ordine
2010 1791 2070 1829 ac
2097 1776 2270 1842 spatio
2300 1776 2547 1843 impulsa,
2578 1793 2603 1827 a
2635 1787 2827 1843 puncto
2857 1777 2907 1829 in
2940 1787 3214 1844 puuctum,
3248 1791 3367 1842 par-

122 1886 225 1934 σιν,
273 1872 319 1922 οἱ
367 1873 423 1924 δὲ
455 1875 838 1942 ἁνατέλλουσι,
871 1879 966 1929 καὶ
1005 1876 1147 1929 κατὰ
1186 1877 1412 1946 καιροὺς
1460 1875 1684 1946 πορείαν

1797 1870 1892 1921 tim
1940 1867 2206 1931 occidunt,
2240 1867 2428 1935 partim
2483 1867 2827 1930 exoriuntur,
2855 1869 3117 1935 certisque
3162 1876 3366 1933 tempo-

120 1962 393 2017 ποιοῦνται
426 1966 517 2018 τοῦ
568 1968 850 2021 ἀποτελεῖν
891 1969 1024 2039 θέρη
1067 1970 1160 2021 καὶ
1214 1967 1513 2038 χειμῶνας,
1545 1967 1685 2020 καθὰ

118 2056 466 2112 ἐπιτέτακται
496 2061 680 2120 αὐτοῖς
721 2061 870 2130 παρὰ
899 2061 991 2113 τοῦ
1018 2060 1176 2123 Θεοῦ,
1206 2060 1301 2113 καὶ
1329 2061 1388 2112 ού
1417 2059 1687 2131 παραϐαί-

116 2166 267 2203 νουσι
296 2153 420 2213 τοὺς
471 2152 633 2215 ἰδίους
664 2154 855 2222 ὄρους,
888 2153 1028 2206 κατὰ
1073 2150 1443 2223 ἀπαραίτητον
1473 2151 1687 2221 φύσεως

113 2242 380 2312 ἀνάγκην,
429 2243 527 2296 σὺν
570 2243 646 2314 τῷ
689 2246 926 2316 οὐρανίῳ
974 2246 1184 2313 κόσμῳ.
1240 2244 1399 2295 Ὅθεν
1453 2243 1687 2312 φανερόν

115 2333 231 2385 ἐστι
267 2333 340 2404 μὴ
373 2329 510 2387 εἶναι
543 2334 634 2387 τὸν
658 2336 885 2408 οὐρανὸν
920 2335 1059 2400 θεὸν,
1092 2336 1206 2388 ἀλλ’
1236 2335 1396 2405 ἔργον
1422 2333 1577 2386 Θεοῦ.

185 2505 247 2556 Oi
279 2502 336 2556 δὲ
368 2504 677 2574 νομίζοντες
700 2505 799 2576 τὴν
831 2507 933 2575 γῆν
960 2502 1099 2559 εἶναι
1127 2502 1256 2557 θεὰν
1284 2501 1684 2571 ἐπλανήθησαν.

121 2590 371 2662 Ὅρῶμεν
400 2594 507 2663 γὰρ
535 2593 702 2663 αὐτὴν
730 2593 833 2646 ὑπὸ
858 2593 966 2645 τῶν
991 2592 1292 2663 ἀνθρώπων
1320 2588 1684 2660 ὑϐριζομένην

105 2686 207 2739 καὶ
240 2687 776 2755 κατακυριευομένην
801 2687 895 2738 καὶ
920 2685 1231 2756 φυρομένην
1258 2683 1367 2756 (58)
1401 2684 1494 2736 καὶ
1519 2685 1688 2753 ἄχρηο

105 2794 237 2831 στον
264 2778 573 2847 γινομένην.
618 2776 743 2830 Ἐὰν
774 2776 882 2846 γὰρ
907 2776 1139 2847 ὀπτηθῇ,
1167 2775 1376 2843 γίνεται
1401 2775 1586 2843 νεκρὰ-
1623 2775 1688 2825 ἐκ

105 2870 223 2939 γὰρ
247 2869 340 2921 τοῦ
373 2870 641 2940 ὀστράκου
674 2868 869 2937 φύεται
898 2868 1069 2923 οὐδέν.
1114 2868 1235 2920 Ἔτι
1267 2867 1321 2919 δὲ
1349 2868 1443 2919 καὶ
1474 2866 1567 2918 ἐὰν
1598 2867 1690 2918 ἐπὶ

102 2966 277 3019 πλέον
297 2965 457 3035 242
484 2965 681 3035 βραχῇ,
701 2964 981 3034 φθείρεται
1008 2962 1104 3017 καὶ
1121 2963 1260 3032 αὑτὴ
1286 2963 1379 3015 καὶ
1406 2964 1453 3013 οἱ
1487 2961 1690 3030 καρποὶ

102 3076 140 3109 α
152 3057 301 3125 ύτῆς.
332 3058 738 3110 Καταπατεῖται
752 3055 809 3108 δὲ
833 3054 938 3107 ὑπό
954 3071 1014 3106 τε
1032 3053 1127 3107 ἀνθ
1138 3054 1333 3125 ρώπων
1354 3053 1447 3105 καὶ
1460 3051 1567 3104 τῶν
1581 3051 1690 3103 λοι-

1794 1975 1910 2013 rum
1945 1960 2129 2025 Spatiis
2157 1961 2256 2012 iter
2288 1974 2441 2011 suum
2488 1959 2706 2023 obeunt,
2739 1967 2795 2011 ut
2820 1968 3030 2013 aestates
3058 1968 3109 2012 et
3141 1959 3362 2019 hiemes,

1795 2047 2242 2115 quemadmodum
2272 2046 2398 2115 ipsis
2420 2060 2447 2097 a
2480 2046 2588 2099 Deo
2625 2047 2938 2113 imperatum
2970 2056 3080 2113 est,
3107 2047 3361 2100 efficiant.

1793 2138 1900 2191 Nec
1924 2138 2063 2206 leges
2083 2137 2183 2191 sibi
2203 2135 2352 2205 juxta
2375 2128 2737 2190 inevitabilem
2768 2146 2969 2190 natura:
2994 2136 3363 2195 necessitatem

1793 2232 2108 2286 constitutas
2136 2213 2256 2282 cum
2304 2230 2509 2283 caelesti
2557 2237 2744 2283 ornatu
2796 2230 3105 2295 infringunt.
3157 2232 3230 2283 Ex
3261 2246 3366 2294 quo

1794 2323 2129 2392 perspicuum
2182 2331 2283 2387 est,
2314 2323 2506 2376 coelum
2564 2338 2668 2376 non
2716 2322 2898 2389 deum,
2944 2323 3037 2378 sed
3093 2324 3185 2377 Det
3231 2337 3366 2392 opus

1793 2428 1934 2469 esse.

1864 2508 1965 2573 Qui
1997 2515 2176 2560 autem
2222 2514 2411 2560 terram
2445 2508 2596 2561 deam
2624 2522 2744 2563 esse
2772 2517 3011 2575 censent,
3040 2517 3239 2564 errant.
3278 2508 3367 2562 Vi-

1795 2598 1985 2653 demus
2028 2597 2168 2652 enim
2201 2613 2314 2651 eam
2346 2598 2413 2651 ab
2444 2598 2746 2651 hominibus
2777 2598 2965 2666 injuria
3000 2599 3163 2663 allici,
3194 2608 3249 2652 et
3276 2613 3367 2652 eo-

1791 2704 1909 2742 rum
1937 2688 2158 2755 imperio
2180 2687 2468 2754 subjectam
2494 2702 2635 2749 esse,
2656 2688 2813 2742 effodi
2836 2690 2994 2742 etiam
3026 2698 3077 2743 et
3102 2690 3363 2743 contami-

1793 2778 1940 2846 nari,
1970 2789 2127 2847 atque
2176 2777 2413 2831 inutilem
2466 2777 2597 2831 fieri.
2653 2778 2781 2831 Nam
2821 2781 2866 2831 si
2896 2780 3014 2846 igne
3063 2788 3360 2845 torreatur,

1790 2869 2047 2922 emoritur
2073 2909 2087 2931 ,
2116 2867 2375 2935 siquidem
2417 2882 2481 2920 ex
2530 2875 2662 2921 testa
2706 2869 2834 2921 nihil
2874 2868 3003 2923 oriri
3050 2879 3240 2937 potest.
3292 2872 3368 2924 Ac

1793 2968 2047 3025 praeterea
2076 2958 2120 3011 si
2151 2958 2408 3012 imbribus
2433 2959 2653 3011 nimium
2687 2960 3049 3026 perfundatur,
3084 2969 3194 3013 tum
3228 2961 3364 3027 ipsa,

1791 3060 1902 3105 tum
1936 3052 2099 3119 ipsius
2126 3052 2326 3104 fructus
2354 3061 2786 3119 corrumpuntur.
2817 3052 2953 3116 Quin
2974 3053 3041 3105 ab
3063 3052 3366 3107 hominian

102 3150 232 3202 ’πῶν
264 3149 437 3213 ζώων,
484 3149 685 3219 αἵμασι
726 3147 1101 3217 φονευομένων
1135 3148 1443 3216 μιαίνεται,
1471 3145 1686 3214 διορύσ-

1797 3144 2120 3211 reliquisque
2167 3142 2527 3195 animantibus
2574 3143 2929 3208 proculcntur,
2971 3142 3368 3196 interfect-rum

101 3257 265 3294 σεται
298 3240 429 3309 (59),
459 3240 669 3308 νεκρῶν
704 3240 846 3309 θήκη
897 3239 1108 3308 γίνεται
1155 3239 1439 3308 σωμάτων.
1474 3237 1689 3289 Τούτων

95 3331 288 3393 οὕτως
316 3331 505 3393 ὄντων,
532 3331 632 3383 οὐκ
655 3330 931 3398 ἐνδέχεται
964 3329 1064 3398 τὴν
1095 3329 1198 3399 γῆν
1228 3324 1368 3381 εἶναι
1399 3327 1546 3391 θεὰν,
1575 3328 1687 3381 ἀλλ’

96 3422 275 3494 ἔργον
304 3422 438 3475 Θεοῦ
472 3422 552 3484 εἰς
582 3420 776 3493 χρῆσιν
801 3417 1127 3491 ἀνθρώπων.

184 3599 250 3652 Οἱ
280 3599 337 3651 δὲ
366 3596 677 3668 νομίζοντες
704 3596 766 3649 τὸ
792 3594 938 3663 ὕδωρ
967 3588 1104 3647 εἶναι
1133 3593 1253 3646 θεὸν
1287 3593 1689 3665 ἐπλανήθησαν.

95 3693 226 3746 Καὶ
259 3690 391 3744 αὐτὸ
418 3688 527 3759 γὰρ
560 3689 639 3751 εἰς
669 3690 865 3757 χρῆσιν
897 3685 1005 3739 τῶν
1032 3685 1334 3756 ἀνθρώπων
1361 3684 1575 3753 γέγονε,
1599 3684 1694 3737 καὶ

94 3781 577 3850 κατακυριεύεται
605 3780 697 3833 ὑπ’
728 3777 929 3843 αὐτῶν,
958 3778 1229 3849 μιαίνεται
1260 3779 1355 3829 καὶ
1388 3776 1690 3846 φθείρεται,

92 3876 209 3933 καὶ
242 3875 547 3929 ἀλλοιοῦται
572 3872 837 3942 ἑψόμενον
865 3871 959 3925 καὶ
988 3870 1388 3939 ἀλλασσόμενον
1418 3867 1691 3941 χρώμασι,

93 3969 208 4022 καὶ
239 3967 346 4018 ὑπὸ
369 3964 462 4017 τοῦ
487 3962 686 4033 κρύους
709 3959 1077 4029 πηγνύμενον,
1106 3959 1199 4012 καὶ
1231 3960 1311 4020 εἰς
1343 3957 1562 4010 πάντων
1586 3956 1694 4009 τῶν

90 4057 445 4123 ἀκαθάρτων
475 4053 667 4107 πλύσιν
699 4053 988 4121 ἀγόμενον.
1038 4050 1128 4103 Διὸ
1164 4049 1424 4104 ἀδύνατον
1458 4049 1519 4101 τὸ
1552 4047 1695 4120 ὕδωρ

90 4146 259 4205 εἶναι
290 4147 433 4212 θεὸν,
470 4146 587 4200 ἀλλ’
616 4145 775 4216 ἔργον
807 4143 965 4198 Θεοῦ.

189 4415 257 4467 Oi
294 4413 354 4466 ετ
388 4411 699 4483 νομίζοντες
746 4409 808 4463 τδ
855 4406 967 4479 πῦρ
1014 4402 1153 4462 εἶναι
1195 4407 1317 4461 θεὸν
1365 4406 1695 4461 πλανῶνται.

1791 3233 2045 3300 sanguine
2066 3232 2393 3298 inquinatur,
2414 3230 2681 3298 effoditur,
2704 3233 3022 3301 completur,
3044 3233 3363 3287 cadaverum

1793 3322 1943 3377 theca
1973 3322 2219 3375 elficit‘ur.
2243 3322 2373 3385 Quae
2401 3336 2519 3373 cum
2551 3330 2619 3374 ita
2650 3322 2779 3385 sint,
2821 3321 2934 3374 fieri
2964 3336 3065 3374 non
3104 3330 3278 3389 potest
3314 3332 3370 3375 ut

1794 3422 1936 3468 terra
1966 3413 2062 3467 dea
2093 3413 2192 3477 sit,
2225 3411 2317 3467 sed
2348 3425 2434 3465 res
2462 3426 2491 3464 a
2525 3411 2634 3467 Deo
2676 3411 2742 3465 ad
2785 3412 3058 3466 hominum
3104 3428 3256 3467 usum
3286 3411 3367 3466 ef-

1793 3504 1953 3560 fectu.

1864 3595 2063 3648 Eodem
2093 3594 2271 3658 modo,
2298 3593 2385 3661 qui
2407 3606 2594 3661 aquam
2617 3591 2769 3647 deam
2792 3607 2912 3648 esse
2942 3602 3144 3658 putant,
3162 3601 3363 3648 errant.

1794 3682 1923 3737 Nam
1953 3699 2013 3737 ea
2046 3696 2255 3752 quoque
2294 3682 2358 3735 ad
2411 3683 2685 3736 hominum
2738 3696 2893 3736 usum
2944 3693 3218 3751 procreata
3246 3692 3363 3747 est,

1795 3787 2079 3841 eorumque
2120 3771 2473 3826 dominationi
2524 3772 2730 3826 subest.
2775 3772 3177 3827 Contaminatur
3206 3773 3366 3827 etiam

1794 3879 1847 3921 et
1870 3866 2237 3930 labefactatur,
2258 3875 2312 3920 et
2358 3879 2480 3920 cum
2511 3864 2631 3933 igne
2659 3872 2839 3918 coacta
2887 3873 2989 3931 est,
3020 3866 3363 3918 immntatur:

1796 3958 1930 4011 alios
1975 3965 2134 4026 atque
2161 3956 2295 4009 alios
2324 3954 2549 4009 subinde
2579 3955 2787 4009 colores
2827 3954 3007 4019 sumit,
3040 3963 3219 4022 utpote
3248 3969 3366 4023 quae

1798 4057 1851 4101 et
1875 4045 2075 4114 frigore
2119 4052 2460 4108 concrescat,
2494 4052 2550 4098 et
2576 4058 2641 4097 ex
2672 4056 2863 4097 cruore
2889 4044 3195 4109 spurcitiem
3235 4058 3367 4096 con-

1800 4136 1994 4202 trahat,
2024 4144 2079 4189 et
2106 4135 2171 4188 ad
2203 4134 2526 4203 impurarum
2557 4135 2796 4187 omnium
2836 4147 3011 4187 rerum
3042 4133 3368 4188 ablutionem

1798 4224 2133 4278 adhibeatur.
2164 4223 2240 4277 Ex
2264 4237 2370 4292 quo
2391 4223 2593 4291 liquido
2620 4231 2834 4276 constat
2860 4237 3048 4291 aquam
3069 4224 3222 4279 deam
3243 4238 3365 4280 esse

1800 4329 1904 4368 non
1935 4328 2112 4383 posse,
2140 4313 2234 4367 sed
2265 4313 2357 4367 Dei
2388 4328 2542 4382 opus.

1870 4406 1988 4460 Jam
2020 4420 2148 4458 vero
2190 4404 2278 4474 qui
2325 4405 2497 4473 ignem
2525 4403 2687 4460 deum
2730 4418 2855 4461 esse
2897 4406 3243 4474 arbitrantur,
3271 4408 3372 4476 ipsi

92 4507 234 4562 Καὶ
267 4505 400 4558 αὐτὸ
437 4503 546 4573 γὰρ
589 4504 669 4563 είς
719 4502 914 4571 χρῆσιν
962 4501 1180 4569 ἐγένετο
1228 4497 1553 4569 ἀνθρώπων.
1587 4497 1689 4551 Καὶ

1800 4509 2230 4570 quoqueerrant.
2261 4499 2468 4554 Etenim
2495 4500 2632 4569 ignis
2651 4500 2718 4554 ad
2745 4499 3019 4554 hominum
3045 4516 3200 4555 usum
3224 4515 3375 4556 crea-

90 4592 582 4663 κατακυριεύεται
610 4589 703 4643 ὑπ’
733 4588 934 4651 αὐτῶν,
966 4588 1396 4657 περιφερόμενον
1434 4587 1497 4638 ὲκ
1528 4585 1694 4638 τόπου

85 4688 201 4748 εἰς
220 4686 387 4736 τόπον
410 4684 492 4745 είς
519 4681 712 4750 ἕψησιν
737 4682 832 4733 καὶ
850 4680 1079 4749 ὄπτησιν
1106 4676 1461 4731 παντοδαπῶν
1494 4675 1695 4747 κρεῶν,

83 4777 201 4829 ἔτι
234 4774 295 4827 δὲ
323 4774 418 4826 καὶ
459 4771 671 4843 νεκρῶν
715 4771 1005 4842 σωμάτων.
1032 4768 1319 4839 Φθείρεται
1348 4767 1405 4820 δὲ
1435 4768 1530 4821 καὶ⁵
1555 4766 1698 4823 κατά

86 4865 355 4928 πολλοὺς
388 4864 623 4933 τρόπους
654 4903 669 4928 ,
704 4863 808 4915 ὑπὸ
836 4861 945 4915 τῶν
971 4860 1277 4932 ἀνθρώπων
1313 4858 1694 4928 σϐεννύμενον.

84 4958 215 5017 Διὸ
254 4957 355 5009 οὐκ
413 4955 689 5025 ἐνδέχεται
738 4953 800 5007 τὺ
847 4951 960 5025 πῦρ
1006 4947 1149 5005 εἶναι
1178 4950 1320 5016 θεὸν,
1372 4950 1486 5004 ἀλλ’
1539 4948 1699 5021 ἔργον

81 5047 284 5107 Θεοῦ.

194 5228 261 5281 Ol
301 5226 359 5281 δὶ
377 5223 693 5297 νομίζοντες
722 5222 823 5294 τὴν
841 5223 951 5277 τῶν
972 5221 1191 5295 ἀνέμων
1213 5221 1382 5292 πνοὴν
1410 5218 1548 5275 εἶναι
1574 5221 1704 5275 θεὰν

80 5316 463 5374 πλανῶνται.
519 5311 758 5384 Φανερὸν
805 5314 915 5382 γάρ
968 5313 1116 5365 ἐστιν
1163 5312 1245 5365 ὅτι
1295 5310 1537 5365 δουλεύει
1589 5312 1705 5364 ἑτέ-

86 5426 209 5485 ρῳ
254 5407 391 5477 (60),
426 5406 521 5460 καὶ
557 5404 718 5475 χάριν
766 5403 875 5457 τῶν
926 5402 1228 5476 ἀνθρώπων
1274 5403 1705 5458 κατεσκεύασται

1802 4599 1887 4647 tus
1914 4601 2017 4655 est,
2051 4592 2391 4660 ipsorumque
2432 4592 2782 4645 dominationi
2814 4591 3031 4657 subest,
3064 4599 3118 4646 et
3143 4592 3213 4645 ab
3244 4593 3374 4660 ipsis

1800 4684 1865 4736 ad
1896 4682 2069 4736 omnis
2097 4682 2311 4750 generis
2348 4694 2537 4745 carnes
2561 4721 2577 4746 ,
2610 4681 2805 4750 partim
2837 4680 3140 4748 elixandas,
3182 4683 3373 4750 partim

1801 4771 2079 4834 assandas,
2106 4778 2266 4838 atque
2316 4771 2476 4824 etiam
2524 4771 2589 4825 ad
2640 4779 2846 4825 mortua
2878 4786 3100 4840 corpora
3150 4788 3376 4827 concrc-

1802 4859 2016 4924 manda,
2044 4875 2076 4914 e
2104 4859 2221 4913 loco
2248 4859 2300 4913 in
2332 4860 2507 4913 locum
2536 4858 2946 4925 circumfertur;
2976 4872 3135 4929 atque
3159 4862 3377 4928 insuper

1803 4946 1986 5004 multis
2023 4949 2194 5004 modis
2221 4951 2595 5018 corrumpitur,
2628 4959 2683 5005 et
2725 4951 2792 5005 ab
2841 4952 3144 5005 hominibus
3170 4954 3376 5006 exstin-

1802 5039 2013 5108 guitur;
2045 5053 2107 5091 ac
2155 5038 2378 5107 proinde
2428 5038 2562 5106 ignis
2604 5039 2735 5094 deus
2765 5056 2886 5096 esse
2917 5057 3023 5096 non
3056 5050 3251 5110 potest,
3279 5044 3373 5097 sed

1804 5126 1896 5183 Dei
1926 5142 2082 5196 opus.

1874 5218 1956 5273 Ad
1970 5218 2215 5273 eumdem
2227 5217 2386 5273 etiam
2401 5219 2615 5273 modum
2630 5218 2716 5286 qui
2731 5230 3002 5275 ventorum
3021 5221 3200 5275 ﬂatum
3218 5222 3376 5277 deum

1803 5308 2297 5377 esserexistimant,
2325 5317 2527 5365 errant.
2566 5310 2906 5373 Perspicuum
2938 5312 3079 5365 enim
3121 5322 3205 5366 est
3242 5327 3371 5367 ven-

1807 5406 1917 5453 tum
1978 5394 2133 5450 alteri
2209 5392 2516 5461 inservire,
2591 5406 2751 5466 atque
2819 5400 3089 5456 hominum
3120 5417 3278 5457 causa
3309 5403 3374 5457 ad

201 5582 321 5651 (57)
352 5583 447 5636 Sic
474 5580 584 5643 AC,
614 5580 769 5649 quasi
797 5594 903 5651 non
934 5579 1111 5651 ἄστρα
1142 5579 1403 5647 scriptum
1432 5582 1591 5651 foret,
1622 5578 1715 5636 sed
1744 5576 1993 5645 ἀστέρες.

202 5649 323 5720 (58)
352 5653 415 5714 C,
447 5651 579 5721 66p:
606 5649 987 5722 σκαπτομένην
1018 5649 1111 5704 καὶ
1142 5649 1575 5722 φρουρουμένην.

228 5723 322 5808 ﬁ?)
350 5722 412 5808 9..
446 5722 585 5808 {‘99.-
612 5721 918 5808 γξμξςεταίο

230 5790 325 5865 60)
356 5790 421 5860 C,
452 5790 689 5846 δουπεύει
719 5790 843 5861 θεῷ.
