4146 6454
138 402 241 466 1121

1174 401 1348 462 VITA
1386 398 1734 459 BARLAAM
1777 398 1869 457 ET
1906 384 2255 465 IOASAPH.

3164 423 3299 487 11522

116 518 291 585 ήγαγεν
322 514 517 576 αὐτοὺς
559 514 587 566 δ
618 512 749 575 Θεὸς
786 513 842 566 ἐν
872 511 1015 583 χειρὶ
1045 512 1280 582 κραταιᾷ
1309 511 1400 563 καὶ
1430 512 1486 562 ἐν
1521 508 1643 579 βρα-

1762 511 1979 568 brachio
2020 518 2255 584 excelso,
2295 532 2390 586 per
2424 519 2634 591 Moysen
2679 522 2909 590 ipsorum
2958 525 3309 595 legislaturem

116 608 233 676 χίονι
258 605 433 676 ὑψηλῷ
460 604 570 675 (80)
596 605 684 657 διὰ
725 604 969 665 Μωσέως
999 602 1093 654 τοῦ
1129 602 1418 671 νομοθέτου
1441 600 1641 666 αὐτῶν,

113 702 197 753 καὶ
227 699 398 769 τέρασι
436 698 652 759 πολλοῖς
681 697 772 749 καὶ
797 696 1044 765 σημείοις
1078 693 1190 763 (81)
1228 692 1524 762 ἐγνώρισεν
1552 691 1644 743 αὐ-

110 795 209 852 τοῖς
226 792 309 861 τὴν
340 789 530 843 ἐαυτοῦ
556 788 806 858 δύναμιν.
844 787 1005 849 ’Λλλ’,
1030 784 1343 854 ἀγνώμονες
1370 783 1464 837 καὶ
1489 784 1645 839 αὐτοὶ

110 882 337 950 φανέντες
379 882 473 932 καὶ
516 879 813 948 ἄχρηστοι,
845 877 1107 939 πολλάκις
1156 876 1487 947 ἐλάτρευσαν
1531 877 1645 935 τοῖς

106 977 204 1027 τῶν
226 974 378 1026 ἐθνῶν
400 972 729 1040 σεϐάσμασι,
760 972 852 1024 καὶ
882 972 1009 1029 τοὺς
1044 968 1485 1038 ἀπεσταλμένους
1510 966 1643 1035 πρὸς

107 1067 284 1127 αὐτοὺς
330 1067 612 1135 προφήτας
664 1062 760 1116 καὶ
804 1062 1047 1123 δικαίους
1101 1061 1450 1113 ἀπέκτειναν.
1513 1052 1645 1111 Εἶτα

106 1159 176 1218 ὡς
205 1156 476 1226 εὐδόκησεν
511 1156 540 1207 ὁ
574 1155 701 1218 Υἱὸς
737 1154 830 1207 τοῦ
869 1152 1005 1205 Θεοῦ
1044 1151 1219 1205 ἐλθεῖν
1246 1152 1341 1203 ἐπὶ
1366 1152 1464 1219 τῆς
1503 1151 1643 1217 γῆς,

108 1250 577 1318 ἐμπαροινήσαντες
625 1247 703 1308 είς
745 1245 927 1307 αὐτὸν,
971 1245 1291 1315 προέδωκαν
1319 1243 1533 1311 Πιλάτῳ
1570 1240 1646 1308 τῷ

107 1342 310 1411 ἡγεμόνι
354 1339 462 1393 τῶν
521 1336 810 1408 Ῥωμαίων
859 1337 953 1388 καὶ
992 1333 1209 1405 σταυρῷ
1263 1332 1644 1393 κατεδίκασαν,

110 1434 178 1502 μὴ
203 1432 522 1493 αἰδεσθέντες
550 1430 649 1491 τὰς
671 1428 990 1498 εὐεργεσίας
1021 1425 1206 1488 αὐτοῦ,
1235 1424 1330 1477 καὶ
1364 1422 1430 1475 τὰ
1458 1423 1648 1491 ἀναρί-

106 1525 271 1592 θμητα
296 1524 542 1590 θαύματα
587 1522 729 1588 ἅπερ
762 1520 820 1569 ἐν
869 1518 1051 1578 αὐτοῖς
1084 1516 1394 1584 εἰργάσατο.
1429 1513 1516 1563 Διὸ
1546 1514 1645 1564 ἀπ-

105 1614 285 1665 ώλοντο
299 1616 359 1683 τῇ
387 1612 491 1681 ἰδίᾳ
518 1609 854 1679 παρανομία.
872 1608 1127 1659 Σέϐονται
1148 1607 1255 1675 γὰρ
1277 1607 1367 1656 καὶ
1398 1605 1491 1655 νῦν
1516 1605 1647 1656 Θεὸν

101 1706 187 1757 τὸν
208 1705 354 1773 μόνον
381 1702 814 1772 παντοκράτορα,
848 1698 960 1750 ἀλλ’
986 1699 1047 1750 οὐ
1072 1698 1192 1749 κατ’
1217 1698 1528 1763 ἐπίγνωσινο
1556 1694 1647 1746 τὸν

102 1796 204 1862 γὰρ
238 1793 785 1864 Χριστὸν·ἀρνοῦνται
813 1791 903 1842 τὸν
926 1789 1051 1841 Υίὸν
1087 1787 1182 1840 τοῦ
1212 1787 1347 1840 Θεοῦ
1368 1829 1381 1852 ,
1410 1786 1506 1839 καὶ
1543 1785 1650 1837 εἰσὶ

103 1886 374 1955 παρόμοιοι
406 1888 520 1943 τοῖς
548 1885 746 1946 ἔθνεσι,
784 1882 885 1936 κᾶν
917 1880 1159 1949 ἐγγίζειν
1187 1898 1302 1942 πως
1329 1883 1395 1949 τῇ
1426 1876 1650 1946 ἀληθείᾳ

99 1976 332 2038 δοκῶσιν,
379 1972 445 2048 ἧς
491 1975 715 2036 ἑαυτοὺς
760 1974 1094 2044 ὲμάκρυναν,
1140 1971 1325 2023 Ταῦτα
1370 1970 1497 2040 περὶ
1542 1968 1651 2020 τῶν

100 2064 374 2117 Ἰουδαίων.

168 2157 223 2206 Οί
255 2155 307 2205 δὲ
338 2153 649 2224 Χριστιανοὶ
677 2151 1118 2220 γενεαλογοῦνται
1165 2150 1273 2203 ἀπὸ
1314 2152 1407 2203 τοῦ
1446 2149 1648 2217 Κυρίου

110 2244 274 2312 Ἰησοῦ
304 2244 560 2312 Χριστοῦ.
600 2238 767 2305 Οὗτος
797 2243 853 2294 δὲ
886 2243 913 2293 ὁ
960 2243 1085 2304 Υἱὸς
1117 2240 1211 2293 τοῦ
1245 2241 1376 2293 Θεοῦ
1406 2241 1500 2293 τοῦ
1526 2241 1649 2307 ὑψί-

96 2351 217 2385 στου
261 2336 637 2404 ὁμολογεῖται,
668 2334 724 2385 ἐν
773 2333 1048 2401 ιινεύματι
1098 2332 1237 2400 ἁγίῳ
1278 2332 1372 2383 ἀπ’
1420 2327 1650 2397 οὐρανοῦ

94 2425 327 2487 καταϐὰς
573 2425 659 2477 διά
696 2424 795 2492 τὴν
844 2423 1119 2491 σωτηρίαν
1163 2422 1273 2473 τῶν
1325 2420 1646 2490 ἀνθρώπων·

92 2516 185 2567 καὶ
209 2559 221 2578 ,
265 2519 327 2567 ἐκ
357 2516 627 2585 Παρθένου
668 2514 828 2580 ἁγίας
857 2513 1135 2580 γεννηθεὶς
1184 2511 1437 2581 ἀσπόρως
1468 2527 1525 2562 τε
1556 2510 1650 2561 καὶ

90 2606 356 2675 ἀφθόρως,
392 2608 570 2674 σάρκα
598 2604 827 2656 ἀνέλαϐε
848 2644 863 2668 ,
896 2603 987 2655 καὶ
1016 2601 1261 2671 ἀνεφάνη
1312 2598 1648 2669 ἀνθρώποις,

88 2699 234 2759 ὅπως
258 2700 320 2748 ἐκ
343 2697 440 2763 τῆς
470 2695 727 2747 πολυθέου
758 2695 966 2763 πλάνης
997 2694 1195 2754 αὐτοὺς
1221 2692 1647 2761 ἀνακαλὲσηται.

87 2790 196 2840 Καὶ
216 2827 231 2851 ,
262 2788 481 2849 τελέσας
511 2786 606 2855 τὴν
636 2785 955 2854 θαυμαστὴν
1002 2782 1166 2836 αὐτοῦ
1202 2783 1533 2851 οἰκονομίαν,
1565 2782 1653 2835 διὰ

90 2879 320 2947 σταυροῦ
349 2879 575 2931 θανάτου
606 2876 866 2944 ἐγεύσατο
897 2875 1119 2944 ἑκουσίᾳ
1163 2873 1321 2943 βουλῇ
1353 2874 1473 2925 κατ’
1506 2874 1652 2925 οίκο-

88 2973 277 3039 νομίαν
308 2970 572 3039 μεγάληνο
620 2969 758 3037 μετά
799 2968 854 3019 δὲ
885 2970 1033 3036 τρεῖς
1078 2966 1291 3034 ἡμέρας
1326 2965 1522 3017 ἀνεϐίω
1560 2965 1651 3016 καὶ

86 3062 166 3122 εἰς
201 3060 461 3130 οὐρανοὺς
505 3058 754 3127 ἀνῆλθεν.
802 3050 876 3109 Οῧ
921 3056 981 3108 τὸ
1011 3056 1167 3117 κλέος
1200 3058 1299 3125 τῆς
1343 3054 1650 3124 παρουσίας

1753 600 1965 668 eduxit,
1996 619 2057 658 ac
2086 621 2179 673 per
2217 608 2374 661 multa
2424 611 2657 679 prodigia
2691 623 2743 666 et
2783 616 2933 683 signa
2980 631 3133 670 suam
3183 620 3312 686 ipsis

1754 701 2044 759 potentiam
2091 695 2400 751 declaravit.
2436 697 2628 752 Verum
2675 701 2777 770 ipsi
2826 718 3036 775 quoque
3084 709 3312 775 perfidos

1767 800 1925 860 atque
1956 794 2186 862 ingratos
2224 811 2344 852 sese
2374 800 2689 868 prtebentes,
2719 807 2949 872 gentium
2988 814 3115 864 deos
3145 826 3317 881 sape-

1760 900 1977 937 numero
2025 886 2338 955 adorarunt,
2386 893 2771 963 prophetasqne
2813 897 2877 951 ad
2916 913 2976 953 se
3024 902 3215 956 missos
3254 919 3317 957 ac

1754 974 1925 1039 jnstos
1949 978 2090 1028 viros
2120 989 2286 1032 morte
2309 978 2614 1034 affecerunt.
2636 982 2712 1037 Ac
2738 984 2945 1050 deinde,
2976 997 3316 1058 posteaquam

1759 1064 1826 1116 ita
1860 1064 1953 1118 Dei
1982 1066 2220 1121 voluntas
2250 1070 2394 1132 tulit,
2428 1080 2481 1122 ut
2529 1071 2694 1125 Filius
2737 1087 2863 1128 suus
2902 1076 2953 1129 in
2999 1086 3190 1132 terram
3220 1095 3315 1133 ve—

1760 1154 2070 1221 niret,eum
2112 1160 2426 1210 contumelia
2468 1161 2742 1227 affectum,
2775 1164 2962 1217 Pontio
3008 1166 3172 1222 Pilato
3203 1168 3313 1222 Ro-

1760 1257 2029 1296 manorum
2051 1245 2167 1298 duci
2200 1248 2523 1301 tradiderunt
2542 1294 2554 1311 ,
2583 1254 2858 1320 crucisque
2887 1256 3145 1322 supplicio
3173 1272 3304 1311 con-

1760 1331 2107 1400 demnarunt,
2132 1336 2271 1389 nulla
2300 1336 2541 1391 videlicet
2566 1337 2729 1406 ipsius
2759 1343 3134 1400 beneficiorum
3159 1357 3315 1416 atque

1763 1421 2229 1477 innumerabilium
2258 1427 2663 1490 miraculorum.
2704 1446 2821 1498 qure
2860 1434 2999 1489 inter
3041 1436 3184 1501 ipsos
3222 1440 3315 1492 de-

1765 1507 2024 1575 signarat.
2072 1513 2248 1565 habita
2296 1517 2521 1572 ratione.
2554 1530 2753 1583 suoque
2783 1523 2983 1576 scelere
3027 1525 3315 1589 perierunt.

1765 1596 1896 1650 Nam
1956 1615 2093 1653 nunc
2149 1617 2358 1669 quoque
2417 1605 2587 1658 solum
2644 1608 2855 1673 quidem
2908 1612 3315 1680 omnipotentem

1763 1687 1926 1742 Deum
1955 1693 2165 1753 colunt,
2207 1692 2301 1744 sed
2345 1708 2448 1746 non
2496 1696 2781 1749 secundum
2812 1701 3109 1767 scientiam,
3151 1705 3311 1772 siqui-

1759 1775 1878 1827 dem
1911 1777 2173 1830 Christum
2205 1778 2391 1832 Filium
2438 1781 2528 1835 Dei
2560 1793 2751 1850 negant
2787 1785 2969 1857 (Rom.
2993 1789 3073 1857 ι),
3103 1792 3313 1857 gentili-

1762 1865 1962 1931 busque
1988 1866 2187 1919 similes
2214 1877 2353 1930 sunt,
2380 1870 2583 1923 etiamsi
2609 1872 2671 1923 ad
2702 1876 3000 1944 veritatem,
3027 1892 3058 1930 a
3078 1893 3179 1946 qua
3200 1894 3313 1947 pro-

1757 1955 1839 2007 cul
1871 1970 1928 2007 se
1972 1966 2343 2022 removerunt,
2375 1960 2594 2025 propius
2639 1961 2908 2030 aliquanto
2945 1967 3200 2023 accedere
3228 1967 3307 2023 vi-

1757 2040 1998 2094 deantur.
2026 2044 2098 2096 Ac
2120 2043 2187 2096 de
2213 2043 2411 2097 Judceis
2439 2044 2710 2102 haCIenus.

1832 2149 1901 2204 At
1940 2150 2280 2205 Christiania
2314 2154 2534 2209 Domino
2576 2169 2754 2212 nostro
2800 2161 2922 2217 Iesu
2963 2165 3174 2221 Christo
3212 2168 3309 2224 do-

1753 2242 1935 2294 ctrinae
1961 2257 2069 2295 sure
2092 2244 2345 2310 originem
2372 2246 2590 2300 ducunt.
2622 2248 2715 2302 llic
2740 2261 2913 2306 autem
2943 2253 3034 2309 Dei
3063 2256 3306 2311 altissimi

1755 2330 1913 2382 Filius
1937 2331 1989 2382 in
2015 2330 2207 2397 Spiritu
2235 2344 2415 2385 sancto
2437 2336 2686 2389 creditur.
2709 2338 2807 2403 Qui
2832 2341 3039 2408 quidem
3065 2343 3306 2399 humanm

1750 2422 1934 2475 saluzis
1974 2436 2127 2474 causa
2170 2424 2235 2476 de
2282 2426 2419 2478 cmlo
2467 2427 2776 2491 descendit.
2809 2442 2965 2500 atque
3008 2450 3075 2488 ex
3123 2444 3304 2491 sancta

1750 2511 1966 2579 Virgine
1994 2514 2197 2579 genitus
2226 2502 2339 2577 esi,
2371 2531 2432 2569 ac
2474 2515 2588 2570 sine
2633 2521 2832 2574 semine
2870 2531 2924 2575 et
2967 2526 3302 2593 corruptione

1750 2618 1965 2657 carnem
1994 2606 2258 2672 suscepit,
2291 2606 2697 2676 hominibusque
2736 2613 3005 2678 apparuit,
3036 2623 3090 2667 ut
3132 2629 3227 2669 eos
3270 2629 3299 2668 a

1747 2689 1880 2744 falso
1924 2694 2204 2745 multorum
2253 2692 2473 2747 deorum
2505 2697 2649 2748 cultu
2683 2710 2968 2752 revocaret.
3002 2702 3174 2769 Atque
3200 2703 3299 2756 ad-

1748 2782 1983 2835 miranda
2030 2784 2404 2835 incarnationis
2436 2800 2543 2836 sine
2570 2787 2961 2853 dispensatione
3001 2791 3298 2856 perfunctus

1750 2882 1975 2925 mortem
2006 2884 2214 2938 sponte,
2243 2884 2400 2942 atque
2432 2876 2625 2943 ingenti
2663 2877 2889 2944 quodam
2933 2880 3175 2945 consilio,
3206 2896 3300 2949 per

1748 2976 1959 3013 crucem
2000 2962 2309 3027 degustavit.
2356 2960 2553 3015 Triduo
2596 2976 2770 3017 autem
2817 2976 2936 3034 post
2982 2971 3298 3035 resurrexit,

1746 3058 1904 3117 atque
1932 3050 1982 3102 in
2010 3051 2177 3104 caelos
2203 3053 2459 3105 ascendit.
2489 3053 2649 3121 Cujus
2680 3056 2969 3122 praesentia:
2992 3058 3208 3125 gloriam
3232 3074 3296 3113 ex

83 3153 148 3202 ὲκ
187 3154 281 3219 τῆς
310 3150 440 3219 παρ’
488 3149 671 3210 αὐτοῖς
714 3146 1052 3215 καλουμένης
1090 3145 1451 3213 εὐαγγελικῆς
1487 3146 1643 3213 ἁγίας

1747 3137 2031 3204 Scriptura.
2071 3154 2188 3204 quae
2211 3139 2349 3203 apud
2381 3155 2474 3193 eos
2506 3143 2814 3211 Evangelica
2845 3158 3079 3214 vocatur,
3109 3150 3150 3201 si
3181 3164 3295 3204 eam

83 3241 307 3309 Γραφῆς
346 3239 520 3302 ἔξεστί
570 3256 653 3291 σοι
691 3238 929 3305 γνῶναι,
977 3235 1233 3305 βασιλεῦ,
1274 3236 1369 3287 ἐὰν
1400 3234 1648 3304 ἐντύχῃς.

80 3328 249 3391 Οὗτος
280 3328 487 3381 δώδεκα
520 3328 643 3397 ἔσχε
678 3328 921 3396 μαθητὰς
943 3365 957 3389 ,
999 3326 1080 3389 οἳ,
1116 3324 1252 3393 μετὰ
1275 3324 1372 3394 τὴν
1403 3325 1459 3375 ἐν
1488 3326 1651 3393 οὐρα-

79 3423 192 3483 νοῖς
243 3420 430 3474 ἄνοδον
462 3418 663 3483 αὐτοῦ,
706 3418 926 3486 ἐξῆλθον
962 3418 1042 3480 εἰς
1093 3416 1192 3478 τὰς
1240 3416 1509 3485 ἐπαρχίας
1554 3416 1650 3486 τῆς

75 3509 427 3579 οἰκουμένης,
459 3510 551 3562 καὶ
580 3509 824 3574 ἐδίδαξαν
858 3509 954 3577 τὴν
1001 3507 1207 3560 ἐκείνου
1238 3506 1644 3576 μεγαλωσύνην·

76 3602 335 3667 καθάπερ
362 3594 443 3661 εἷς
475 3600 532 3665 ἐξ
561 3600 739 3651 αὐτῶν
769 3600 867 3660 τὰς
906 3598 1029 3651 καθ’
1060 3601 1206 3667 ἡμᾶς
1241 3598 1504 3668 περιῆλθε
1540 3596 1650 3668 χώ-

76 3705 208 3758 ρας,
258 3688 321 3738 τὸ
354 3686 533 3755 δόγμα
578 3685 862 3757 κηρύττων
909 3687 1005 3755 τῆς
1057 3685 1337 3754 ἀληθείας.
1390 3685 1552 3737 Ὅθεν
1598 3687 1645 3737 oi

70 3780 245 3829 εἰσέτι
278 3774 652 3837 διακονοῦντες
696 3778 763 3846 τῇ
791 3776 1109 3849 δικαιοσύνῃ
1157 3778 1252 3829 τοῦ
1296 3778 1647 3847 κηρύγματος

66 3869 279 3930 αὐτῶν,
332 3866 619 3921 καλοῦνται
668 3867 1003 3934 Χριστιανοί.
1059 3870 1167 3920 Καὶ
1215 3862 1360 3919 οῦτοι
1416 3870 1553 3920 εἰσιν
1596 3868 1644 3919 οἱ

65 3960 210 4026 ὑπὲρ
236 3957 417 4009 πάντα
444 3957 511 4011 τὰ
540 3956 666 4026 ἔθνη
698 3957 797 4025 τῆς
818 3958 918 4026 γῆς
947 3958 1197 4028 εὑρόντες
1228 3958 1325 4027 τὴν
1361 3957 1641 4027 ἀλήθειαν·

64 4051 409 4116 γινώσκουσι
454 4048 563 4118 γάρ
603 4049 693 4100 τὸν
733 4048 886 4115 Θεὸν,
928 4048 1150 4118 κτίστην
1180 4048 1273 4101 καὶ
1316 4050 1643 4119 δημιουργὸν

61 4142 174 4192 τῶν
205 4142 466 4194 ἁπάντων
490 4143 547 4192 ἐν
588 4140 699 4208 Υίῴ
739 4144 1021 4208 μονογενεί
1043 4142 1137 4193 καὶ
1175 4141 1453 4209 Πνεύματι
1478 4142 1639 4210 ἁγίῳ,

61 4233 158 4281 καὶ
184 4230 351 4283 ἄλλον
377 4229 496 4281 θεὸν
526 4230 663 4300 πλὴν
690 4230 878 4281 τούτου
907 4232 968 4283 οὐ
994 4231 1263 4282 σέϐονται.
1298 4232 1518 4299 Ἔχουσι
1544 4231 1641 4293 τάς

59 4322 294 4383 ἐντολάς
336 4321 498 4373 αὐτοῦ
537 4322 630 4373 τοῦ
675 4322 878 4390 Κυρίου
940 4320 1117 4390 Ἰησοῦ
1158 4320 1393 4391 Χριστοῦ
1436 4323 1492 4373 ἐν
1522 4324 1639 4384 ταῖς

56 4412 330 4482 καρδίαις
375 4413 831 4482 κεχαραγμένας,
876 4414 970 4465 καὶ
1014 4413 1218 4476 ταύτας
1271 4413 1633 4481 φυλάττουσι,

1742 3226 1914 3292 legere
1940 3227 1993 3279 in
2024 3227 2255 3279 animum
2301 3229 2589 3294 induxeris,
2620 3234 2916 3301 perspicere
2946 3236 3096 3301 licet,
3124 3250 3157 3289 o
3182 3252 3292 3291 rex.

1742 3316 1835 3369 Hic
1864 3317 2141 3370 duodecim
2174 3320 2460 3386 discipulos
2502 3322 2708 3387 habuit,
2750 3326 2836 3391 qui
2880 3335 2996 3393 post
3036 3328 3197 3393 ipsius
3241 3327 3294 3381 in

1738 3410 1932 3463 cmluni
1959 3424 2230 3465 ast-ensum
2261 3411 2312 3464 in
2342 3414 2482 3467 orbis
2512 3423 2663 3468 terra:
2688 3420 2982 3484 provincias
3005 3421 3277 3483 exierunt,

1746 3498 2011 3565 ipsiusque
2064 3510 2341 3568 angustam
2395 3505 2786 3571 amplitudinem
2846 3510 3287 3578 promulgarunt:

1739 3587 2177 3656 quemadmodum
2204 3590 2363 3643 etiam
2394 3607 2528 3645 unus
2556 3610 2618 3646 ex
2654 3596 2778 3662 ipsis
2801 3598 3038 3664 regiones
3084 3579 3291 3655 nostras

1739 3678 2064 3744 peragravit,
2097 3688 2153 3731 ut
2182 3681 2418 3734 veritatis
2445 3681 2690 3750 dogmata
2718 3688 3028 3754 praedicaret
3056 3691 3289 3761 (Supra,

1736 3784 1782 3820 ο.
1813 3768 1894 3836 l);
1940 3770 2077 3823 unde
2126 3771 2411 3824 etiamnum
2463 3773 2496 3826 ii
2545 3776 2631 3842 qui
2682 3778 3066 3843 praedicationis
3111 3796 3292 3837 eorum

1731 3856 1951 3925 iustitia:
1980 3857 2342 3913 administram
2370 3876 2582 3928 operam
2615 3876 2838 3934 navant,
2869 3868 3153 3923 Christiani
3195 3885 3292 3939 ap-

1735 3946 2017 4014 pellantur.
2048 3950 2219 4016 Atque
2249 3948 2300 4001 hi
2345 3962 2465 4003 sunt
2493 3954 2581 4019 qui
2612 3955 2885 4009 veritatem
2919 3971 3075 4026 Supra
3107 3975 3292 4015 omnes

1736 4045 1891 4091 terra:
1934 4038 2178 4090 nationes
2223 4038 2557 4108 invenerunt.
2597 4042 2865 4111 Siquidem
2910 4046 3071 4100 Deum
3112 4063 3286 4101 rerum

1734 4128 1966 4180 omnium
1997 4127 2325 4181 conditorem
2356 4139 2511 4197 atque
2538 4134 2881 4188 architectum
2911 4135 2962 4188 in
3009 4136 3141 4190 Filio
3172 4139 3288 4191 uni-

1730 4217 1910 4283 genito
1930 4224 1984 4269 et
2012 4215 2210 4282 Spiritu
2252 4227 2436 4272 sancto
2460 4232 2776 4287 agnoscunt,
2808 4238 2904 4277 nec
2949 4236 3139 4292 praeter
3165 4242 3285 4280 cum

1734 4306 1898 4359 ullum
1946 4306 2105 4358 alium
2148 4307 2309 4360 Deum
2341 4322 2677 4365 venerantur.
2720 4314 2924 4369 Habent
2961 4327 3137 4372 autem
3187 4319 3287 4371 Dn-

1732 4398 1858 4452 mini
1921 4395 2048 4450 Jcsu
2142 4395 2341 4453 Christi
2433 4404 2680 4460 mandata
2749 4405 2995 4459 cordibus
3038 4422 3150 4461 sus
3202 4413 3282 4462 in-

53 4503 487 4571 προσδοκῶντες
515 4505 810 4556 ἀνάστασιν
846 4504 1053 4574 νεκρῶν
1083 4505 1175 4557 καὶ
1215 4504 1359 4573 ζωὴν
1384 4505 1479 4557 τοῦ
1511 4506 1637 4575 μέλ-

1747 4488 1967 4556 sculpta,
2000 4504 2165 4556 eaque
2206 4489 2537 4555 custodiunt,
2571 4500 2895 4546 mortuorum
2942 4501 3281 4552 resurrectio-

51 4594 252 4654 λοντος
290 4593 510 4656 αίῶνος.
540 4595 615 4645 Οὐ
650 4592 1019 4663 μοιχεύουσιν,
1069 4596 1129 4646 οὐ
1172 4595 1544 4665 πορνεύουσιν,
1579 4596 1639 4647 οὐ

46 4682 639 4752 ψευδομαρτυροῦσιν,
692 4685 793 4735 οὐκ
840 4683 1169 4753 ἐπιθυμοῦσι
1224 4685 1292 4736 τά
1347 4685 1638 4756 ἀλλότρια,

45 4772 268 4839 τιμῶσι
314 4774 528 4842 πατέρα
576 4775 672 4825 καὶ⁹
718 4774 930 4845 μητέρα
953 4815 968 4838 ,
999 4776 1093 4828 καὶ
1126 4776 1250 4839 τοὺς
1283 4776 1509 4844 πλησίον
1551 4794 1639 4845 cpt-

44 4863 212 4915 λοῦσι
236 4901 252 4925 ,
281 4864 470 4916 δίκαια
510 4864 807 4935 κρίνουσιν,
836 4866 935 4917 ὅσα
971 4868 1032 4918 οὐ
1070 4867 1313 4920 θέλουσιν
1340 4868 1520 4931 αὐτοῖς
1556 4869 1641 4936 γί-

45 4952 254 5008 νεσθαι
300 4956 479 5026 ἑτέρῳ
529 4957 590 5007 οὐ
634 4956 884 5020 ποιοῦσι,
924 4958 1051 5021 τοὺς
1085 4958 1405 5022 ἀδικοῦντας
1445 4961 1641 5023 αὐτοὺς

47 5044 454 5112 παρακαλοῦσι
486 5045 580 5099 καὶ
601 5047 916 5117 προσφιλεῖς
944 5048 1138 5111 αὐτοὺς
1168 5050 1378 5113 ἑαυτοῖς
1409 5050 1639 5115 ποιοῦσι,

40 5135 181 5195 τοὺς
236 5134 473 5205 ἐχθροὺς
510 5136 818 5206 εὐεργετεῖν
864 5138 1251 5202 σπουδάζουσι,
1295 5143 1488 5208 πραεῖς
1536 5144 1642 5195 εἱσι

38 5224 146 5275 καὶ
178 5226 459 5287 ἐπιεικεῖς
480 5267 495 5291 ,
523 5228 629 5279 ἀπὸ
651 5227 829 5297 πάσης
857 5230 1139 5291 συνουσίας
1167 5230 1366 5299 ἀνόμου
1396 5234 1486 5283 καὶ
1534 5234 1642 5286 ἀπὸ

37 5314 242 5382 πάσης
285 5314 455 5386 25hI
496 5317 833 5385 ἀκαθαρσίας
860 5319 1312 5388 ἐγκρατεύονται,
1344 5322 1517 5391 χήραν
1544 5324 1641 5392 οὐχ

34 5405 439 5477 ὑπερορῶσιν,
488 5409 722 5479 ὀρφανὸν
769 5411 831 5462 οὐ
865 5410 1148 5464 λυποῦσιν*
1196 5412 1224 5462 ὁ
1264 5412 1401 5481 ἔχων
1446 5412 1523 5483 τῷ
1562 5417 1636 5484 μὴ

32 5496 235 5565 ἔχοντι
279 5500 530 5566 ἀφθόνως
574 5503 912 5572 ἐπιχορηγείο
951 5499 1100 5566 ξένον
1141 5503 1237 5565 ἐὰν
1286 5503 1489 5567 ἴδωσιν,
1531 5505 1637 5558 ὑπὸ

110 5695 240 5765 (80)
278 5696 430 5754 Psal.
471 5714 670 5766 cxxxv,
704 5701 792 5757 l2.

112 5769 247 5835 (δι)
283 5766 375 5822 cr.
415 5784 467 5839 p.
496 5770 585 5837 55,
617 5785 672 5826 n.
714 5772 803 5826 l6.

1732 4592 1852 4629 nem
1885 4591 1947 4630 ac
1966 4577 2132 4631 futuri
2164 4578 2343 4642 seculi
2378 4579 2533 4632 vitam
2563 4592 2951 4649 exspectantes.
2981 4584 3093 4639 Non
3137 4589 3283 4641 adul-

1733 4666 1846 4717 terii
1869 4707 1882 4729 ,
1915 4680 2017 4718 non
2051 4664 2407 4720 fornicationis
2431 4668 2649 4722 crimine
2674 4684 2789 4723 sese
2816 4672 3141 4738 devinciunt,
3170 4691 3278 4729 non

1730 4756 1919 4809 falsum
1951 4758 2303 4810 testimonium
2332 4758 2531 4821 dicunt,
2554 4761 2721 4814 aliena
2748 4778 2849 4816 non
2868 4767 3280 4835 concupiscunt,

1731 4846 1866 4913 patri
1895 4855 1948 4900 et
1977 4847 2129 4900 matri
2177 4847 2427 4902 honorem
2460 4851 2727 4915 tribuunt,
2761 4856 3026 4919 proximos
3070 4869 3275 4925 amant,

1726 4936 1924 5003 justum
1950 4936 2203 5005 judicium
2233 4936 2435 5001 ferunt;
2464 4955 2581 5007 quae
2606 4942 2705 4994 sibi
2751 4943 2877 5010 ipsis
2908 4946 3019 4999 fieri
3065 4950 3280 5016 nolunt,

1730 5026 1850 5080 aliis
1879 5042 1982 5080 non
2016 5026 2242 5089 faciunt;
2270 5043 2362 5082 eos
2390 5044 2419 5080 a
2446 5031 2633 5097 quibus
2662 5032 2920 5086 laaduntur
2963 5035 3270 5104 obsecrant,

1732 5129 1795 5168 ac
1822 5116 1921 5169 sibi
1944 5131 2127 5169 eorum
2156 5118 2440 5172 amicitiam
2469 5122 2767 5174 conciliant.
2804 5122 3044 5179 Inimicos
3084 5127 3280 5181 beneli-

1730 5206 1828 5259 ciis
1875 5205 2091 5260 afficere
2127 5208 2367 5271 student,
2414 5210 2557 5263 icnes
2599 5218 2653 5263 et
2700 5210 2878 5268 faciles
2906 5229 2964 5269 se
3009 5218 3281 5283 praebent,

1730 5297 1796 5347 ab
1825 5298 1968 5349 omni
2012 5297 2188 5364 iniquo
2218 5298 2501 5351 concubitu
2528 5310 2682 5367 atque
2710 5302 2775 5355 ab
2801 5306 2942 5357 omni
2977 5307 3277 5373 impuritate

1731 5384 2029 5451 abstinent,
2054 5388 2261 5440 viduam
2305 5406 2406 5441 non
2446 5399 2821 5457 contemnunt,
2850 5396 3049 5462 pupillo
3086 5410 3281 5450 maero-

1733 5491 1844 5532 rem
1889 5491 1992 5532 non
2038 5477 2299 5545 inferunt,
2347 5479 2436 5549 qui
2484 5479 2641 5535 habet
2677 5496 2781 5535 non
2826 5485 3035 5540 habenti
3081 5485 3284 5553 prolixe
