4146 6454
122 402 232 462 1125

1170 404 1342 466 VITA
1384 406 1740 468 BARLAAM
1780 408 1874 469 ΕΤ
1909 410 2258 470 JOASAPH.

3174 425 3310 491 1126

114 516 254 587 256
276 517 455 592 ταύτῃ,
478 520 553 584 ὼς
574 519 709 590 ὁμοῦ
730 519 1155 590 διασκεψώμεθα
1179 522 1310 592 περὶ
1330 514 1406 575 ῶν
1429 522 1534 593 χρὴ
1557 523 1654 593 τὴν
1684 578 1685 583 η

1765 543 1817 586 ιιι
1837 534 1904 589 de
1927 535 2008 590 bis
2030 536 2186 591 rebus
2207 539 2277 592 de
2296 538 2489 607 quibus
2513 542 2741 595 crastina
2766 543 2852 599 die
2875 557 2999 600 cum
3025 545 3089 601 iis
3107 549 3194 616 qui
3221 565 3318 603 nos

113 609 274 677 αῠριον
305 609 528 680 λαλῆσαι
561 614 673 674 τοῖς
703 611 1034 680 πολεμοῦσιν
1061 613 1209 681 ἡμᾶς
1228 651 1256 680 ,_
1279 613 1409 675 τοὺς
1436 615 1564 677 σοὺς
1589 613 1646 666 δὲ

112 696 250 751 πάλιν
284 703 340 753 σὺ
369 702 485 770 μεθ’
519 703 714 756 ἑαυτοῦ
754 703 937 757 λαϐὼν
980 705 1051 757 τὰ
1087 703 1275 756 εἰκότα
1311 704 1645 776 μελετήσατε

110 788 266 852 καθὼς
291 789 553 859 βούλεσθε·
581 794 637 861 ἢ,
665 793 792 856 τοὺς
824 795 951 857 σοὺς
985 795 1110 864 ἐμοὶ
1139 797 1550 866 παραχωρήσας
1577 797 1644 867 τῇ

107 884 242 932 νυκτὶ
269 881 461 953 ταύτῃ,
491 883 621 936 λάϐε
653 884 746 936 τὺν
775 885 910 955 ὲμὺν
952 885 1092 956 πρὸς
1120 886 1332 941 ἑαυτόν.
1361 886 1425 940 Εἰ
1457 886 1514 940 δὲ
1537 888 1646 958 ἀμέ-

104 971 293 1042 φότεροι
308 967 402 1026 ὦσι
425 975 577 1045 παρὰ
604 976 707 1042 σοὶ,
731 977 760 1028 ὁ
789 978 886 1046 μὲν
909 977 1042 1046 ἐμὸς
1067 977 1124 1031 ὲν
1150 977 1326 1047 θλίψει
1354 979 1450 1032 καὶ
1471 979 1642 1049 φόϐῳ,

102 1061 146 1111 oi
169 1060 219 1112 δὲ
244 1062 316 1114 σοὶ
349 1063 405 1115 ἐν
452 1065 599 1134 χαρᾷ
627 1066 732 1118 καὶ
757 1066 940 1119 ἀνέσει
963 1107 976 1130 ,
1009 1065 1070 1120 οὔ
1115 1084 1205 1136 μοι
1247 1069 1396 1121 δοκεῖ
1426 1069 1646 1123 δικαίαν

91 1147 227 1204 εἶναι
252 1152 442 1222 κρίσιν,
485 1155 622 1208 ἀλλὰ
649 1156 968 1212 δυναστείαν
1003 1160 1102 1229 τῆς
1132 1158 1380 1223 ἐξουσίας
1415 1161 1511 1214 καὶ
1535 1179 1644 1216 πα-

103 1239 305 1305 ράϐασιν
325 1243 432 1296 τῶν
463 1246 770 1315 συνθηκῶν.
813 1247 1100 1318 Ἠττηθεὶς
1132 1249 1190 1302 δὲ
1219 1251 1247 1302 ὁ
1287 1240 1542 1319 βασιλεὺς
1563 1252 1644 1323 τῷ

96 1331 280 1403 ἀστείῳ
303 1334 392 1386 τοῦ
425 1337 701 1406 ῥήματος,
738 1341 865 1402 τοὺς
907 1341 1104 1413 σοφοὺς
1145 1341 1312 1393 αὐτοῦ
1346 1342 1440 1395 καὶ
1478 1343 1645 1413 ἱερεῖς

96 1424 222 1492 πρὸς
249 1425 430 1480 ἑαυτὸν
470 1429 803 1500 λαϐόμενος,
845 1431 937 1484 τὸν
969 1411 1174 1503 Ναχὼρ
1214 1411 1542 1505 παραχωρεῖ
1567 1434 1646 1505 τῷ

95 1514 204 1583 υίῷ,
233 1515 445 1580 ἄλπίδας
467 1519 546 1572 ἔτι
577 1522 912 1592 κεκτημένος
944 1523 1030 1575 ἐπ’
1050 1523 1212 1578 αὐτὸν
1239 1527 1334 1577 καὶ
1355 1525 1644 1592 φυλάττειν

89 1601 156 1655 τὰ
181 1603 562 1676 ὡμολογημένα
599 1610 792 1664 δοκῶν.
1274 1611 1286 1621 ’

170 1693 476 1765 Ἀπέρχεται
502 1699 686 1752 τοίνυν
717 1704 745 1754 ὁ
772 1701 867 1753 τοῦ
901 1702 1168 1772 βασιλέως
1190 1705 1305 1769 υἱὸς
1335 1706 1416 1770 είς
1437 1707 1498 1760 τὸ
1524 1708 1642 1762 ἑαυ-

85 1786 175 1839 τοῦ
204 1789 696 1864 παλάτιον,ιῶσπερ
740 1812 827 1857 τις
870 1796 1296 1866 Ὀλυμπιονίκης
1338 1801 1448 1853 τῶν
1486 1802 1638 1855 ἀντι-

83 1878 258 1931 πάλων
285 1883 580 1954 κρατήσας,
613 1884 750 1954 ἔχων
777 1886 897 1955 μεθ’
925 1886 1118 1940 ἑαυτοῦ
1147 1888 1241 1940 τὸν
1272 1890 1495 1962 Ναχώρ.
1527 1893 1639 1945 Καὶ
1674 1868 1715 1922 Β

83 1972 216 2024 κατὰ
245 1973 403 2040 μόνας
433 1975 668 2038 καλέσας
694 1977 855 2031 αὐτὸν
889 1978 1014 2050 ἔφη’
1063 1979 1154 2050 Μὴ
1183 1981 1412 2053 νομίσῃς
1442 1983 1642 2037 λανθά-

78 2079 187 2114 νειν
211 2063 301 2132 ἐμὲ
333 2067 400 2117 τὰ
439 2067 580 2119 κατὰ
609 2068 697 2120 σέ·
728 2066 844 2122 οἴδα
882 2071 991 2141 γάρ
1040 2088 1100 2123 σε
1140 2072 1386 2143 ἀκριϐῶς
1433 2074 1518 2145 μὴ*
1544 2061 1642 2128 τὸν

76 2151 341 2205 Θειότατον
368 2152 504 2209 εἶναι
551 2158 847 2229 Βαρλαάμ,
893 2160 1033 2214 ἀλλὰ
1063 2163 1268 2234 Ναχὼρ
1304 2165 1397 2217 τὸν
1443 2167 1642 2238 ἀστρο-

73 2241 246 2310 λόγον.
276 2245 382 2298 Καὶ
409 2246 674 2318 θαυμάξω
705 2251 822 2314 πῶς
854 2251 1032 2318 ἔδοξεν
1067 2255 1198 2324 ὑμῖν
1220 2255 1479 2327 τοιαύτην
1503 2255 1639 2310 ὑπ³ο-

71 2334 316 2405 κριθῆναι
349 2339 639 2410 ὑπόκρισιν
666 2344 761 2396 καὶ
785 2345 1024 2416 τοσαύτῃ
1058 2346 1392 2418 ἀμϐλυωπία
1421 2350 1638 2418 νομίσαι

71 2426 377 2494 περιϐαλεῖν
421 2447 488 2500 με
540 2433 715 2502 μέσης
761 2437 1014 2508 ἡμέρας,
1061 2438 1149 2493 ἵνα
1191 2439 1354 2493 λύκον
1401 2441 1639 2510 δέξωμαι

68 2519 188 2571 ἀντὶ
214 2521 502 2590 προϐάτου.
570 2525 734 2578 Ἀλλὰ
781 2528 964 2592 καλῶς
1009 2532 1037 2582 ὁ
1092 2531 1250 2598 λόγος
1282 2533 1512 2602 ᾄδεται,
1557 2534 1639 2586 ὅτι

69 2609 276 2679 Καρδία
305 2612 488 2682 μωροῦ
529 2615 735 2684 μάταια
761 2620 942 2688 νοήσει
969 2621 1102 2690 (82).
1137 2623 1211 2673 Τὸ
1239 2623 1342 2690 μὲν
1362 2621 1457 2677 οὖν
1479 2625 1637 2678 ἐνθύ-

67 2720 226 2770 μημα
249 2703 404 2758 τοῦτο
430 2706 523 2760 καὶ
551 2707 826 2780 βούλευμα
855 2711 1008 2778 ὑμῶν
1050 2713 1216 2765 ἕωλον
1241 2711 1309 2787 ἦν
1344 2718 1436 2768 καὶ
1463 2719 1637 2788 πάντη

64 2795 292 2862 ἀνόητον
312 2812 326 2827 ο
351 2798 412 2849 τὸ
435 2798 492 2850 δὲ
518 2799 678 2869 ἔργον
701 2801 729 2852 ὃ
752 2801 995 2871 εἰργάσω
1023 2805 1200 2873 πάσης
1229 2808 1343 2858 ἐστὶ
1371 2808 1636 2872 συνέσεως

64 2884 513 2954 πεπληρωμένον.
564 2888 656 2941 Διὸ
710 2893 904 2961 χαῖρε,
955 2893 1195 2963 Ναχὼρ,
1240 2897 1336 2948 καὶ
1375 2897 1634 2963 ἀγαλλιῶο

62 2975 264 3039 πολλὰς
293 2977 402 3047 γάρ
427 2995 510 3030 σοι
539 2981 768 3050 χάριτας
789 2982 1058 3050 ὁμολογῶ,
1092 2984 1252 3053 257
1295 2987 1377 3039 ὅτι
1409 2990 1638 3058 συνήγο-

64 3083 159 3134 ρος
184 3069 420 3138 σήμερον
459 3069 556 3139 τῆς
582 3071 840 3141 ἀληθείας
865 3074 1126 3142 γέγονας,
1157 3077 1250 3128 καὶ
1277 3079 1377 3131 οὐκ
1405 3079 1638 3148 ὲμίανας

61 3157 131 3207 τὰ
162 3159 312 3225 χείλη
352 3175 444 3211 σου
489 3161 667 3228 λόγοις
713 3167 929 3232 μιαροῖς
972 3167 1066 3218 καὶ
1113 3167 1401 3238 ὑποκρίσει
1447 3169 1596 3240 δολία

57 3247 198 3298 ἀλλὰ
235 3249 341 3300 τῶν
383 3251 592 3304 πολλῶν
641 3253 840 3322 μᾶλλον
875 3255 1216 3327 ἐξεκάθαρας
1251 3259 1636 3328 μολυσμάτων,

55 3337 162 3406 τὴν
196 3339 402 3408 πλάνην
423 3341 530 3393 τῶν
558 3343 801 3410 ψευδωνύ
811 3361 927 3412 μων
957 3345 1239 3412 διελέγξας
1263 3347 1401 3400 θεῶν
1427 3352 1519 3403 καὶ
1542 3353 1641 3420 τὴν

55 3430 323 3496 αλήθειαν
378 3431 483 3483 τῶν
536 3434 939 3502 Χριστιανικῶν
989 3436 1276 3506 δογμάτων
1343 3442 1636 3510 κρατύνας.

70 3517 218 3582 Ἐγὼ
232 3518 288 3571 δὲ
315 3520 620 3572 ἐσπούδασα
643 3524 872 3589 ἀγαγεῖν
896 3540 953 3575 σε
980 3525 1099 3594 μετ’
1122 3526 1256 3594 ἐμοῦ
1282 3525 1427 3580 δυοῖν
1453 3530 1636 3582 ἕνεκαο

55 3608 148 3656 ἵνα
183 3605 256 3676 μὴ
278 3646 292 3670 ,
326 3609 464 3661 κατὰ
499 3610 666 3678 μόνας
702 3615 730 3664 ὁ
764 3613 1018 3681 βασιλεὺς
1065 3615 1246 3668 λαϐὼν
1274 3633 1355 3681 σε,
1387 3622 1636 3690 τιμωρὴ-

54 3714 226 3765 οηται
268 3700 370 3769 ἐφ’,
398 3694 441 3766 ᾧ
469 3702 531 3752 οὑ
578 3703 647 3753 τὰ
681 3703 994 3772 καταθύμια
1028 3706 1176 3775 αύτῷ
1226 3707 1505 3775 ἐφθέγξω,
1545 3711 1638 3764 καὶ

53 3791 146 3839 ἵνα
197 3791 300 3858 τὴν
340 3791 499 3859 χάριν
530 3790 753 3861 ταύτην,
799 3794 880 3862 ἣνΙ
914 3795 1156 3865 σήμερον
1199 3797 1473 3867 εἰργάσω,
1516 3801 1640 3852 ἀντ-

50 3880 408 3948 αμείψωμαι.
440 3882 533 3942 ἵΓίς
583 3881 640 3934 δὲ
681 3885 713 3950 ἡ
743 3883 1099 3953 άντάμειῲιςς
1133 3886 1206 3937 Τὸ
1235 3887 1514 3952 ὑποδεῖξαί
1556 3907 1638 3944 σοι

50 3969 308 4022 ἐκκλῖναι
335 3971 434 4039 τῆς
472 3973 714 4041 πονηρᾶς
746 3973 866 4026 ὁδοῦ
907 3976 1000 4045 καὶ
1037 3976 1330 4048 ὀλισθηρᾶς
1359 3981 1424 4050 ἢν
1465 3980 1637 4035 ὥδευ-

49 4076 158 4120 σας
192 4059 449 4124 ἕωςνῦν,
485 4063 818 4132 πορευθῆναι
855 4066 911 4117 δὲ
943 4066 1042 4136 τὴν
1073 4068 1289 4122 εὐθεῖαν
1329 4072 1422 4123 καὶ
1460 4076 1637 4146 σωτὴ-

49 4168 172 4218 ριον
207 4153 418 4222 τρίϐον,
453 4155 518 4223 ἣν
552 4156 650 4208 οὐκ
683 4158 916 4223 ἀγνοῶν,
949 4159 1067 4211 ἁλλ’
1116 4161 1356 4216 ἐθελοντὶ
1403 4182 1638 4238 κακουρ-

49 4241 188 4307 γῶν,
242 4245 548 4311 ἑξέφυγες,
603 4245 899 4316 βαράθροις
937 4249 1040 4301 ’καὶ
1091 4256 1358 4321 κρημνοῖς
1404 4257 1636 4327 ἀνομίας

50 4335 290 4387 σεαυτὸν
318 4340 791 4407 κατακρημνίσας.
829 4341 992 4403 Σύνες
1021 4337 1212 4403 οὖν,’ῶ
1249 4345 1470 4417 Ναχὼρ,
1509 4367 1635 4402 συν-

49 4426 168 4485 ετος
199 4425 300 4489 ὢν,
333 4428 428 4478 καὶ
450 4429 834 4499 προθυμήθητι
854 4432 944 4484 τὸν
965 4434 1198 4503 Χριστὸν
1232 4439 1392 4505 μόνον
1423 4442 1516 4493 καὶ
1538 4440 1634 4512 τὴν

50 4516 179 4584 παρ’
217 4516 377 4585 αὐτῷ
421 4521 805 4591 κρυπτομένην
847 4523 991 4593 ζωὴν
1029 4527 1308 4596 κερδᾶναι,
1339 4531 1448 4582 τῶν
1484 4535 1634 4602 ῥεόνο
1666 4535 1710 4589 D

49 4623 153 4658 των
189 4601 408 4660 τούτων
440 4611 532 4663 καὶ
571 4610 941 4681 φθειρομένων
971 4615 1263 4686 ὑπεριδών.
1299 4621 1373 4673 Οὐ
1408 4623 1516 4692 γὰρ
1543 4624 1633 4676 τὸν

49 4695 231 4750 τάντα
258 4699 412 4774 ζήσῃ¹
439 4701 628 4753 αἰῶνα*
663 4701 798 4755 ἀλλὰ
818 4743 834 4768 ,
865 4704 1054 4774 θνητὸς
1081 4707 1178 4775 ὢν,
1201 4711 1479 4783 ἀπελεύσῃ
1509 4715 1632 4768 ὅσον

49 4785 235 4852 ιΰπω,
269 4788 460 4852 καθὼς
489 4793 584 4842 καὶ
612 4793 662 4844 οι
702 4795 809 4864 πρὸ
837 4795 932 4849 σοῦ
965 4799 1182 4863 πάντες.
1223 4801 1333 4853 Καὶ
1369 4804 1626 4868 οὐαίσοι,

62 4880 80 4930 ἰ
125 4879 225 4930 τὸν
288 4878 468 4948 βαρὺν
518 4883 711 4952 φόρτον
755 4886 856 4955 τῆς
904 4889 1178 4960 ἁμαρτίας
1236 4895 1630 4963 ἐπιφερόμενος

49 4967 335 5039 ιπελεύσῃ
390 4972 508 5023 ἐκεῖ
538 4965 672 5026 am
707 4977 888 5046 κρίσις
923 4978 1107 5032 δικαία
1137 4981 1232 5034 καὶ
1276 4986 1629 5051 ἁνταπόδοσις

57 5060 143 5108 ὠν
199 5059 393 5129 ἔργων
428 5064 564 5126 ἐστὶ,
605 5065 698 5118 καὶ
735 5067 810 5138 μὴ
841 5069 1152 5143 exossam;
1195 5074 1403 5141 τοῦτον,
1439 5078 1628 5148 ῥᾳδίας

53 5149 205 5216 inn;
238 5150 342 5220 τῆς
368 5152 702 5218 ἀποθέσεως.
1124 5169 1129 5180 “

123 5427 189 5481 Ὀ
221 5429 680 5514 Ναχὼριτοίνυν,
709 5442 1035 5510 κατανυγεὶς
1076 5445 1172 5515 τὴν
1199 5430 1376 5521 φυγὴν
1405 5454 1496 5506 ἐπὶ
1527 5461 1640 5522 τοῖς

59 5523 230 5588 ἀγοις
274 5523 516 5589 τούτοις,
549 5526 684 5596 ἔφη·
737 5531 931 5597 Καλῶς
987 5533 1164 5604 εἴπας,
1198 5534 1242 5596 ὦ
1273 5541 1494 5612 βασιλεῦ
1538 5567 1640 5603 κα-

102 5725 232 5793 (Βιδ.)
271 5724 381 5779 Isa.
420 5743 591 5794 xuii,
627 5731 676 5786 6.

1764 627 1900 680 bello
1927 627 2193 683 lacessent
2219 631 2375 684 verba
2405 631 2640 686 facienda
2670 643 2799 689 sunt
2821 651 2924 690 una
2950 637 3313 706 dispiciamus,

1761 729 1822 768 ac
1849 725 1902 770 tu
1929 718 2056 772 item
2083 730 2200 773 tuos
2227 735 2521 786 assumens.
2567 723 2825 780 arbitratu
2855 735 2944 782 tuo
2968 742 3091 783 cum
3121 729 3230 784 illis
3253 745 3315 784 ea

1761 821 1877 875 qua:
1913 808 1965 870 in
2005 824 2117 862 rem
2156 809 2328 863 futura
2365 810 2681 868 videbuntur
2717 815 3029 882 mediteris;
3066 826 3159 872 aut
3195 829 3315 874 tuos

1757 898 1886 966 .tnibi
1927 888 2218 956 hac'nocte
2253 903 2582 973 concedens,
2622 922 2798 962 meum
2838 907 3046 977 accipe.
3081 909 3234 976 Quod
3273 913 3315 964 si

1697 1055 1700 1058 ,
1759 989 1971 1060 utrique
1989 978 2127 1053 apud
2155 999 2205 1045 te
2232 991 2360 1054 sint,
2388 1009 2538 1048 meus
2564 997 2811 1052 nimirum
2857 998 2911 1052 in
2941 997 3233 1053 alﬂictioue
3261 1012 3316 1052 et

1750 1088 1921 1154 'metu,
1984 1090 2057 1143 tui
2114 1098 2288 1143 autem
2344 1090 2394 1142 in
2439 1088 2619 1143 lmtitia
2664 1099 2717 1143 et
2759 1089 2921 1142 animi
2973 1090 3309 1158 remissione,

1756 1196 1962 1247 aequum
2008 1179 2135 1234 mihi
2178 1180 2433 1248 judicium
2478 1179 2614 1232 istud
2655 1193 2773 1234 esse
2820 1196 2924 1235 non
2953 1181 3179 1245 videtur,
3213 1185 3310 1238 sed

1753 1272 2075 1339 principatus
2101 1270 2333 1335 licentia,
2353 1279 2406 1324 et
2436 1277 2706 1333 pactorum
2734 1269 2972 1323 violatio.
2998 1271 3108 1326 Res
3131 1272 3309 1340 itaque

1753 1359 1911 1429 hujus
1939 1360 2196 1414 orationis
2225 1361 2401 1427 lepore
2428 1359 2631 1424 victus,
2663 1360 2945 1423 assumptis
2982 1361 3312 1428 sapientibus

1755 1456 1810 1501 et
1845 1449 2210 1502 sacerdotibus
2245 1447 2376 1511 suis.
2415 1447 2707 1502 Nachorem
2746 1447 2856 1502 lilio
2889 1450 3172 1515 concessit,
3212 1451 3312 1506 hac

1729 1538 2006 1590 nimirum
2047 1550 2142 1606 spe
2172 1539 2352 1602 fretus,
2381 1536 2495 1592 fore
2534 1545 2592 1590 ut
2615 1552 2679 1592 ea
2708 1553 2827 1608 qua
2854 1538 3116 1609 pollicitus
3142 1538 3314 1598 fuerat

1789 1636 1940 1680 rasta
1947 1635 2046 1680 ret.

1753 1641 2046 1696 praestaret.

1823 1715 1981 1783 Regis
2027 1717 2200 1784 itaque
2226 1715 2364 1768 lilius
2391 1713 2444 1768 in
2476 1712 2722 1780 palatium
2752 1728 2904 1767 suum
2935 1716 3309 1782 proﬁciscitur,

1754 1797 1864 1862 non.
1888 1823 2040 1863 secus
2068 1817 2224 1875 atque
2253 1805 2558 1875 Olympicus
2586 1804 2797 1873 quidam
2825 1808 3018 1868 victor,
3044 1809 3311 1875 superatis

1753 1899 2100 1962 adversariis,
2138 1911 2319 1950 secum
2360 1895 2650 1950 Nachorem
2690 1894 2911 1949 habens.
2961 1896 3126 1962 Quem
3165 1911 3308 1962 cum,

1751 1988 1969 2041 remotis
2005 1985 2240 2046 arbitris,
2279 1983 2573 2048 accivisset,
2604 1985 2684 2036 his
2705 1984 2769 2038 ad
2810 2000 2931 2039 eum
2973 1987 3147 2040 verbis
3185 2002 3310 2042 usus

1751 2085 1831 2128 est
1855 2093 1866 2126 :
1894 2075 1969 2129 Ne
1997 2090 2101 2140 me,
2128 2074 2216 2143 qui
2243 2073 2336 2137 sis,
2363 2071 2602 2142 ignorare
2629 2075 2916 2128 existimes.
2949 2075 3308 2129 Certissimum

1750 2166 1890 2220 enim
1920 2166 2086 2217 habeo
2135 2174 2184 2216 te
2210 2163 2592 2216 divinissimutn
2622 2163 2953 2216 Barlaamum
3001 2164 3136 2216 haud
3179 2180 3310 2232 qtta-
3354 2197 3362 2205 -

1751 2270 1908 2320 quam
1948 2268 2086 2318 esse,
2123 2269 2302 2305 verum
2333 2252 2624 2304 Nachorem
2673 2253 3014 2320 astrologum.
3046 2255 3122 2306 Ac
3149 2255 3308 2306 miror

1753 2344 1876 2409 quid
1903 2343 2050 2395 vobis
2076 2342 2129 2394 ιιι
2159 2349 2387 2393 mentem
2415 2342 2639 2403 venerit,
2667 2348 2727 2398 ut
2753 2340 3049 2407 hujusmodi
3078 2341 3307 2394 fabulam

1756 2427 2043 2502 ﬁngeretis,
2089 2412 2246 2502 atque
2291 2431 2389 2484 hoc
2425 2432 2574 2486 vobis
2623 2432 3034 2500 persuaderetis,
3067 2447 3175 2512 vos
3215 2447 3306 2485 eas

1760 2523 2055 2576 clarissima
2093 2523 2180 2575 die
2209 2523 2376 2573 oculis
2404 2520 2534 2574 meis
2572 2522 2814 2574 tenebras
2839 2521 3140 2589 objecturos
3167 2535 3308 2586 esse,

1754 2622 1810 2665 ιιι
1837 2627 1930 2680 pro
1957 2627 2056 2666 ove
2083 2612 2261 2679 lupum
2288 2611 2601 2676 acciperem.
2632 2609 2823 2663 Verum
2855 2625 2958 2663 non
2990 2611 3082 2663 abs
3111 2625 3166 2663 re
3192 2626 3307 2676 pro-

1753 2703 1932 2756 verbio
1959 2703 2142 2764 fertur,
2171 2700 2276 2754 Cor
2315 2697 2468 2753 stulti
2497 2714 2629 2752 vana
2673 2701 2922 2765 cogitare.
2975 2704 3145 2767 Atque
3193 2701 3306 2776 iure

1749 2795 1960 2862 quidem
2023 2792 2265 2860 cogitatio
2320 2801 2372 2844 et
2411 2791 2684 2844 consilium
2745 2779 2976 2844 vestrum
3037 2793 3307 2846 rancidum

1749 2897 1877 2938 sane
1905 2895 1966 2934 ac
1996 2896 2209 2948 prorsus
2235 2879 2481 2932 stolidum
2509 2888 2642 2946 erat,
2669 2894 2800 2949 opus
2821 2889 2994 2931 autem
3019 2882 3155 2948 quod
3191 2881 3302 2948 ipse

1749 2970 1940 3036 egisti,
1989 2970 2132 3023 omni
2185 2970 2455 3037 prudentia
2505 2979 2558 3020 et
2602 2969 2881 3035 sagacitate
2932 2971 3141 3032 plenum
3192 2982 3291 3030 ρει,

1667 3054 1672 3060 ’
1743 3062 1808 3100 ac
1867 3057 2147 3115 propterea
2199 3046 2395 3114 gaude,
2449 3046 2686 3108 Nachor,
2738 3055 2792 3098 et
2835 3047 3069 3100 exsulta.
3124 3047 3318 3102 Mullas

1744 3139 1889 3191 enim
1925 3138 2022 3192 tibi
2070 3138 2175 3190 hoc
2219 3136 2442 3188 nomine
2485 3136 2688 3204 gratias
2732 3136 2928 3198 habeo,
2961 3136 3130 3206 quod
3174 3138 3311 3190 veri-

1618 3203 1708 3262 'c
1747 3228 1876 3281 tatis
1927 3225 2292 3294 patrocinium
2349 3203 2618 3277 hodierno
2678 3224 2770 3279 die
2829 3203 3155 3293 suscepisti,
3213 3238 3316 3280 nec

1757 3312 2028 3362 sederatis
2075 3312 2250 3364 verbis
2295 3325 2359 3364 ac
2390 3321 2616 3382 (versuta
2659 3312 2996 3367 simulatione
3042 3314 3177 3368 labia
3224 3324 3310 3368 tua

1755 3399 2157 3461 contaminasti;
2190 3403 2316 3466 quin
2347 3402 2517 3465 pciius
2542 3415 2602 3452 ea
2645 3402 2824 3454 multis
2849 3402 3094 3456 sordibus
3119 3401 3325 3472 expun'

1751 3487 1918 3553 gasti,
1961 3487 2208 3540 falsorum
2248 3488 2494 3540 nimirum
2533 3489 2751 3542 deorum
2792 3505 2974 3544 errore
3010 3479 3316 3558 confutatn,

1750 3591 1908 3644 atque
1933 3576 2351 3634 Christianorum
2390 3581 2691 3648 dogtuatum
2721 3584 2940 3636 veritate
2974 3585 3306 3638 conﬁrmata.

1753 3667 1861 3737 Ego
1885 3683 2009 3724 vero
2033 3670 2232 3736 duplici
2259 3672 2324 3723 de
2361 3685 2536 3735 causa,
2572 3683 2626 3724 ut
2655 3680 2706 3725 te
2734 3687 2936 3727 mecum
2966 3676 3305 3737 adducerem.

1747 3769 1962 3823 Operam
1990 3759 2141 3821 dedi;
2170 3758 2357 3825 altera,
2392 3776 2457 3811 ne
2482 3769 2532 3812 te
2560 3776 2649 3812 rex
2679 3762 2921 3828 privatim
2952 3773 3156 3830 tenens,
3185 3783 3307 3833 ευμ-

1748 3848 1906 3917 plicio
1928 3848 2182 3917 alliceret,
2210 3859 2484 3922 propterea
2509 3853 2646 3923 quod
2676 3869 2776 3906 non
2798 3868 2858 3909 εει
2884 3870 2941 3908 es
2965 3856 3168 3910 locutus
3187 3872 3305 3928 quae

1747 3941 1845 4007 ipsi
1881 3952 2028 4008 grata
2068 3953 2286 4005 essent;
2327 3947 2489 3996 altera
2530 3954 2584 3996 ut
2624 3945 2725 3996 bod
2750 3961 2880 3998 eruo
2919 3956 3007 4000 tuo
3047 3949 3305 4003 benelit-io

1746 4032 1966 4096 gratiam
1996 4029 2086 4082 tibi
2115 4032 2421 4098 rependam.
2449 4033 2685 4103 Quonam
2708 4045 2882 4088 autem
2913 4037 3125 4091 tandem
3153 4051 3306 4106 pacto

1747 4121 1928 4174 istud?
1971 4121 2223 4174 Nimirum
2266 4134 2316 4176 te
2343 4123 2652 4186 admonens,
2687 4133 2743 4177 ut
2769 4139 2798 4177 a
2826 4141 2984 4193 prava
3012 4137 3064 4181 et
3094 4133 3303 4196 pericu-

1746 4211 1857 4264 losa
1887 4211 1984 4264 hac
2008 4212 2110 4271 via,
2139 4228 2294 4279 quam
2326 4214 2388 4263 ad
2422 4214 2561 4266 hunc
2587 4228 2750 4282 usque
2778 4216 2922 4270 diem
2952 4219 3183 4279 tenuisti.
3213 4222 3304 4274 ἀε-

1747 4299 1919 4365 necta,
1953 4316 2013 4355 ac
2043 4313 2242 4356 rectam
2265 4313 2318 4356 et
2347 4306 2631 4358 salutarem
2674 4309 2918 4361 semitam
2957 4310 3300 4378 ingrediaris:

1744 4403 1898 4456 quam
1938 4392 2158 4459 quidem
2176 4408 2284 4444 non
2318 4393 2584 4458 ignorans,
2619 4394 2709 4448 sed
2748 4406 2936 4463 sponte
2964 4400 3158 4452 malum
3187 4415 3302 4453 am-

1745 4481 1996 4544 plectens,
2026 4482 2276 4549 elingisti,
2320 4483 2372 4536 in
2416 4485 2704 4552 iniquitatis
2746 4487 2988 4542 barathra
3027 4500 3080 4544 et
3109 4496 3298 4557 ρι’ωοί-

1744 4569 1869 4635 pitia
1901 4571 2123 4645 tt-ipsutn
2155 4572 2450 4638 impellens.
2499 4573 2730 4642 lnlellige
2781 4576 2980 4644 itaque,
3011 4591 3045 4630 ο
3069 4569 3311 4645 Νδοιιονζ

1743 4673 1860 4711 cum
1890 4660 2120 4726 prudens
2150 4669 2203 4712 et
2230 4675 2384 4730 sagax
2418 4666 2514 4724 sis,
2543 4677 2604 4716 ac
2631 4663 2896 4717 Christum
2924 4667 3116 4732 solum,
3145 4682 3196 4722 et
3226 4668 3298 4720 vis

1743 4758 1848 4802 tam
1878 4750 2014 4818 apud
2047 4751 2213 4818 ipsum
2242 4753 2535 4806 abstrusam
2565 4755 2791 4808 elucrari
2838 4758 3011 4821 stude,
3039 4758 3191 4812 ﬂuxis
3218 4763 3247 4812 b
3274 4777 3298 4814 s
3374 4784 3376 4787 ·

1742 4847 1795 4893 et
1820 4839 2034 4894 caducis
2061 4841 2372 4908 contemptis
2401 4856 2461 4894 ac
2485 4858 2577 4909 pro
2599 4841 2763 4896 nihilo
2786 4844 2997 4899 habitis.
3023 4846 3132 4899 Non
3155 4848 3295 4901 enim

1741 4932 1792 4984 in
1815 4939 2068 4984 mternum
2094 4930 2242 4984 vives
2263 4947 2277 4996 ;
2299 4932 2410 4996 scd,
2434 4946 2553 4984 cum
2578 4935 2811 4987 mortalis
2832 4935 2877 4988 si
2891 4955 2926 4998 -ο,
2951 4935 3057 5003 jam
3082 4936 3297 5004 jamque

1741 5019 1862 5073 hinc
1891 5019 2125 5072 abiturus
2152 5034 2232 5083 es,
2262 5021 2698 5088 quemadmodum
2741 5033 2792 5075 et
2822 5039 3026 5087 (mines,
3055 5027 3142 5092 qui
3174 5043 3296 5079 ama

1747 5117 1797 5161 te
1825 5112 2158 5164 exstiterunt.
2201 5114 2391 5178 Atque,
2422 5127 2452 5162 0
2484 5123 2530 5162 te
2561 5115 2843 5165 miserum!
2876 5114 2940 5177 si,
2971 5116 3056 5167 ubi
3094 5116 3292 5182 justum

1735 5201 2021 5267 judicium,
2053 5217 2117 5255 ac
2146 5207 2283 5269 justa
2316 5195 2410 5268 tu":
2449 5220 2533 5256 nm
2568 5219 2768 5256 merces
2797 5213 2896 5267 est,
2928 5221 3136 5274 gravem
3167 5223 3293 5272 pec-

1736 5294 1838 5346 cati
1869 5293 2128 5350 sarcinam
2162 5305 2330 5347 tecum
2358 5294 2532 5348 ferens
2560 5295 2742 5358 abeas,
2767 5311 2860 5348 nec
2889 5312 3004 5349 eam
3034 5301 3172 5365 prius
3201 5302 3294 5350 ab-

1735 5384 1951 5451 ieceris,
1981 5401 2100 5439 eum
2127 5386 2358 5454 abjicere
2388 5387 2617 5452 proclive
2644 5389 2731 5439 sit.

1808 5459 2014 5525 Nach‘or
2075 5474 2252 5539 itaque
2311 5476 2380 5525 ob
2431 5476 2726 5543 hujusmodi
2785 5490 3056 5528 sermones
3113 5479 3288 5529 animo

1737 5576 2103 5632 compunctus,
2147 5567 2226 5617 his
2267 5567 2438 5617 verbis
2484 5581 2606 5618 usus
2646 5577 2722 5618 cst
2758 5585 2768 5617 :
2813 5567 2972 5618 llecte
3021 5566 3217 5629 ditiSti,
3257 5589 3290 5622 ο
3364 5610 3367 5612 -
