4146 6454
138 442 248 507 1137

1183 440 1354 499 VITA
1399 439 1749 499 BARLAAM
1789 441 1883 499 ET
1924 440 2277 500 JOASAI‘H.

3208 447 3347 513 1138

127 556 239 623 φίας
276 551 543 622 γεμούσης
566 548 952 620 περιγενέσθαι
999 546 1075 617 (1)
1115 547 1313 619 ψυχῆς.
1364 547 1473 600 Καὶ
1520 546 1604 611 τίς
1631 547 1665 617 η

1785 560 2126 631 philosophia:
2147 559 2362 629 plenum
2385 567 2749 628 superaturam
2774 571 2916 613 esse.
2937 556 3175 621 Cumque
3199 571 3346 625 qua:-

123 647 266 715 τέχνη
300 644 482 714 μαθεῖν
510 642 693 712 ἤρετο.
724 640 855 693 Τότε
884 638 1091 701 Θευδᾶς
1124 639 1255 691 ὡσεὶ
1279 636 1438 710 ξυρὸν
1466 640 1666 708 ἠκονηο

128 740 269 807 μένον
305 734 373 805 (2)
400 734 613 803 ὑφαίνει
648 732 707 785 τὸ
738 732 1108 803 κακούργημα
1130 732 1225 785 καὶ
1255 730 1446 793 δεινῶς
1474 730 1666 801 ἀρτύει

124 831 186 881 τὰ
207 828 471 898 φάρμακα.
507 827 617 879 Καὶ
640 826 741 896 ὅρα
765 826 1006 893 σόφισμα
1041 825 1368 894 κακότεχνον
1404 824 1501 879 καὶ
1532 825 1667 876 ὑπο-

125 918 268 989 δολὴν
297 918 384 971 τοῦ
420 917 676 987 πονηροῦ.
717 917 951 983 Πάντας,
981 916 1165 987 φησιν,
1193 912 1238 970 ὦ
1267 915 1511 987 βασιλεῦ,
1542 917 1669 979 τοὺς

123 1008 535 1079 παρισταμένους
576 1007 655 1077 τῷ
696 1006 796 1076 υίῷ
832 1023 923 1059 σου
970 1006 1063 1059 καὶ
1105 1004 1515 1075 ὑπηρετοῦντας
1562 1022 1669 1074 μα-

123 1099 305 1167 κρύνας
333 1098 425 1150 ἀπ’
460 1097 648 1162 αὑτοῦ,
674 1097 941 1164 γυναῖκας
962 1096 1186 1158 εὐειδεῖς
1223 1096 1315 1149 καὶ
1354 1094 1475 1150 λίαν
1514 1111 1671 1165 περι-

122 1189 337 1254 καλλεῖς,
386 1190 479 1242 καὶ
533 1188 951 1258 κεκοσμημένας
990 1188 1072 1249 εἰς
1116 1188 1178 1240 τὸ
1233 1185 1667 1258 ὲπαγωγότερον,

123 1281 338 1331 συνεῖναι
364 1277 509 1348 αὐτῷ
544 1277 804 1344 διηνεκῶς
834 1276 927 1329 καὶ⁵
967 1275 1385 1346 καουτηοετεῖν,
1434 1275 1670 1347 συνδιαιτ

120 1370 299 1423 τὶτθαί
331 1387 387 1423 τε
431 1371 525 1423 καὶ
564 1368 1000 1432 συναυλίζεσθαι,
1039 1366 1364 1435 πρόσταξον.
1419 1366 1559 1435 Ἐγὼ
1587 1366 1669 1432 δὲ,

119 1464 220 1515 τῶν
240 1464 554 1532 πνευμάτων
581 1462 640 1513 ἓν
665 1461 772 1513 τῶν
802 1463 882 1522 εις
915 1458 985 1511 τὰ
1013 1457 1239 1513 τοιαῦτά
1271 1476 1361 1528 μοι
1401 1458 1673 1529 τεταγμέ-

117 1571 218 1607 νων
244 1552 628 1615 ἐπαποστείλας
668 1554 838 1620 αὐτῷ,
882 1551 1181 1622 βιαιότερον
1231 1553 1292 1604 τὸ
1333 1552 1432 1622 τῆς
1480 1551 1672 1621 ἡδονῆς

119 1649 225 1716 πῦρ
254 1628 451 1715 ἀνάψω.
481 1646 590 1697 Καὶ
614 1645 730 1714 ἅμα
767 1646 847 1713 τῷ
882 1644 1237 1713 συγγενέσθαι
1264 1645 1426 1695 αὑτὸν
1454 1646 1551 1712 μιᾷ
1577 1644 1671 1696 καὶ

119 1738 247 1806 μόνῃ
270 1737 371 1789 τῶν
399 1740 656 1789 τοιούτων
690 1735 986 1803 γυναικῶν,
1027 1735 1075 1787 εἰ
1114 1733 1190 1804 μὴ
1225 1735 1401 1788 πάντα
1438 1732 1548 1797 ἕξει
1591 1748 1671 1786 σοι

117 1830 250 1883 κατὰ
269 1829 507 1898 γνώμην,
532 1827 839 1897 παροπτέος
861 1827 973 1893 ἐγὼ
996 1826 1057 1879 τὸ
1076 1826 1264 1879 λοιπόν
1287 1843 1368 1879 σοι
1391 1827 1484 1878 καὶ
1504 1826 1669 1895 ἄχρη·

116 1936 255 1984 στος,
284 1920 374 1973 καὶ
390 1919 845 1992 268τιμωριῶν
868 1918 1162 1987 μεγίστων,
1184 1919 1245 1971 οὐ
1276 1917 1468 1988 τιμῶν,
1496 1917 1663 1981 ἄξιος.
1695 1892 1740 1952 Β

112 2011 270 2065 υὺδὲν
295 2010 400 2081 γὰρ
435 2012 510 2073 ὡς
534 2011 655 2080 ὄψις
680 2011 951 2080 γυναικῶν
991 2009 1290 2076 ἐπάγεσθαι
1322 2010 1413 2062 καὶ
1457 2008 1668 2077 θέλγειν

110 2104 235 2165 τοὺς
280 2103 521 2174 ἀρρένων
564 2103 859 2171 λογισμοὺς
895 2103 1128 2169 πέφυκε.
1178 2101 1286 2155 Kal
1321 2102 1550 2154 ἄκουσον
1593 2100 1670 2152 δι-

109 2195 348 2265 ηγήσεως
368 2195 446 2265 τῷ
472 2194 591 2265 ὲμῷ
622 2196 1121 2266 συμμαρτυρούσης
1160 2197 1384 2264 ῥήματι.

177 2479 327 2533 ΚΕΦ.
358 2478 436 2532 A'.
470 2506 535 2518 —
562 2477 817 2541 Βασιλεύς
837 2494 921 2540 τις
951 2476 1138 2540 παιδὸς
1166 2474 1413 2547 ἀμοιρῶν
1441 2476 1668 2547 ἄρῤενος

103 2570 308 2638 ἠνιᾶτο,
359 2568 481 2623 λίαν
523 2568 621 2638 τὴν
665 2568 844 2638 ψυχὴν
882 2567 1210 2639 ἀχθόμενος,
1268 2568 1367 2621 καὶ
1413 2566 1671 2636 ἀτύχημα

101 2660 258 2714 τοῦτο
287 2660 347 2712 οὐ
395 2661 590 2729 μικρὸν
622 2659 989 2728 λογιζόμενος.
1044 2660 1133 2713 Ἐν
1167 2657 1381 2722 τούτοις
1406 2652 1500 2713 οὖν
1522 2658 1672 2729 αὑτῷ

102 2754 216 2807 ὄντι
238 2754 488 2821 γεννᾶται
516 2753 629 2817 υἱός
650 2770 661 2782 ·
689 2755 781 2807 καὶ
803 2756 977 2823 χαρᾶς
1000 2753 1093 2805 ἐπὶ
1117 2754 1293 2822 τούτῳ
1318 2751 1418 2822 τὴν
1446 2751 1671 2822 καρδίαν

101 2844 457 2914 ἐπεπλήρωτο
474 2847 501 2896 ὁ
530 2844 798 2913 βασιλεύς.
822 2841 989 2897 Εἶπον
1008 2844 1066 2896 δὲ
1086 2842 1235 2914 αὺτῷ
1262 2844 1312 2897 οί
1337 2842 1445 2896 τῶν
1471 2843 1671 2913 ἰατρῶν

100 2936 480 3005 ἐπιστήμονες,
524 2936 622 3001 ῶς,
668 2939 713 2988 εί
761 2936 910 2999 ἐντὸς
944 2937 1049 2988 τῶν
1091 2935 1298 2990 δώδεκα
1340 2934 1419 3006 (5)
1465 2936 1672 3005 χρόνων

99 3030 252 3097 ἥλιον
300 3028 334 3100 ἢ
384 3027 497 3097 πῦρ
538 3027 600 3081 τὸ
646 3028 859 3081 παιδίον
899 3027 1057 3080 τοῦτο
1108 3029 1228 3088 ἴδοι.
1272 3026 1671 3097 στερηθήσεται

99 3122 427 3173 παντάπασι
467 3119 564 3173 τοῦ
611 3120 821 3188 φωτόςο
865 3118 1022 3171 τοῦτο
1062 3120 1172 3187 γὰρ
1204 3121 1237 3188 ὴ
1264 3118 1372 3171 τῶν
1410 3119 1672 3189 ὀμμάτων

98 3208 267 3265 αὐτοῦ
297 3210 447 3273 θέσις
468 3209 637 3279 δηλοῖ.
668 3208 855 3261 Ταῦτα
888 3208 977 3260 τὸν
1006 3208 1230 3277 βασιλέα
1260 3211 1571 3261 ἀκούσαντα
1592 3207 1672 3259 λέ·
1698 3219 1741 3278 (ζ

100 3320 259 3371 γεται
291 3302 530 3355 οίκίσκον
565 3301 841 3372 ἁντρῶδες
871 3302 945 3371 (4)
980 3304 1041 3353 ἐκ
1073 3302 1277 3370 πέτρας
1312 3299 1457 3362 τινὸς
1477 3296 1673 3365 λαξεῦ-

102 3413 216 3458 σαι,
258 3396 483 3447 κάκεῖσε
511 3393 604 3448 τὸν
634 3394 800 3447 παῖδα
830 3393 966 3463 μετὰ
995 3392 1103 3444 τῶν
1128 3389 1487 3459 τιθηνούντων
1511 3390 1675 3444 αὐτὸν

99 3485 565 3549 κατακλείσαντα,
603 3485 870 3556 μηδόλως,
899 3484 1061 3553 μέχρι
1092 3482 1541 3551 συμπληρώσεως
1564 3480 1676 3535 τῶν

100 3578 313 3630 δώδεκα
354 3575 640 3640 ἐνιαυτῶν,
668 3574 846 3642 φωτὸς
886 3573 1162 3638 ὑποδεῖξαι
1200 3572 1576 3644 μαρμαριιγὴν
1615 3572 1677 3626 τὸ

97 3669 390 3740 παράπαν.
417 3665 572 3722 Μετὰ
587 3666 643 3721 δὲ
661 3666 761 3736 τὴν
780 3665 1170 3736 συμπλήρωσιν
1191 3664 1299 3719 τῶν
1314 3665 1520 3717 δώδεκα
1539 3664 1677 3718 ἐτῶν

96 3759 288 3827 ἐξάγει
315 3757 410 3811 τοῦ
453 3758 700 3811 οίκίσκου
728 3756 820 3809 τὸν
861 3755 1024 3809 παῖδα
1060 3754 1225 3826 μηδὲν
1268 3755 1404 3819 ὅλως
1440 3755 1536 3809 τοῦ
1587 3755 1678 3808 κόο

97 3866 243 3920 σμου
276 3850 635 3918 θεασάμενον,
662 3848 760 3900 καὶ
786 3847 995 3900 κελεύει
1018 3849 1045 3900 ό
1067 3847 1319 3918 βασιλεὺς
1343 3848 1521 3901 πάντα
1537 3846 1679 3900 κατά

94 3941 258 4008 γένος
297 3940 761 4009 παραστήσαντας
798 3939 1076 4003 ὑποδεῖξαι
1119 3939 1289 4009 αὐτῷ,
1332 3938 1530 4008 ἄνδρας
1580 3938 1678 4008 μὲν

92 4034 153 4085 ὲν
184 4032 267 4085 ἑνὶ
293 4031 468 4101 τόπῳ,
500 4032 735 4103 ἀλλαχοῦ
771 4032 829 4085 δὲ
870 4035 1153 4101 γυναῖκας,
1198 4030 1425 4102 ἑτέρωθι
1458 4031 1678 4101 χρυσὸν,

90 4125 366 4195 ἄργυρον,
406 4123 700 4194 ἀλλαχόθεν
736 4123 1082 4195 μαργαρίτας
1115 4140 1174 4176 τε
1217 4122 1313 4176 καὶ
1352 4121 1531 4185 λίθους
1585 4138 1683 4174 πο-

92 4214 365 4278 λυτελεῖς,
402 4215 592 4284 ἱμάτια
628 4214 861 4285 λαμπρὰ
891 4215 986 4267 καὶ
1011 4214 1232 4281 κόσμια,
1261 4213 1483 4282 ἅρματα
1515 4229 1677 4283 περι-

93 4305 277 4376 καλλῆ
316 4304 459 4376 μετὰ
497 4306 677 4359 ἵππων
708 4305 1001 4375 βασιλικῶν
1031 4305 1430 4377 χρυσοχαλίνων
1459 4310 1556 4358 συν
1583 4306 1679 4359 τά-

91 4411 275 4465 πησιν
309 4394 620 4465 ἁλουργοῖς,
660 4396 753 4447 καὶ⁵
775 4395 1049 4457 ἀναϐάτας
1097 4396 1186 4446 ἐπ’
1231 4397 1414 4457 αυτοῖς
1453 4394 1683 4464 ὁπλοφό-

93 4503 251 4557 ρους,
288 4486 544 4555 βουκόλιά
571 4503 630 4539 τε
661 4486 798 4555 βοῶν
832 4487 925 4539 καὶ
958 4486 1183 4555 ποίμνια
1208 4485 1517 4556 προϐάτων.
1550 4489 1679 4553 Καὶ,

83 4546 512 4642 ἆπλάείπεῖν,
540 4546 715 4630 πάντα
741 4576 1015 4645 στοιχηδὸν
1040 4546 1388 4629 ῦπεδείκνυον
1409 4576 1486 4647 τῷ
1508 4546 1680 4633 παιδί.
1716 4546 1759 4601 D
1787 4556 1913 4611 geS;

84 4667 525 4738 Πυνθανομένου
550 4668 608 4722 δὲ
634 4667 800 4722 αὐτοῦ
830 4667 993 4737 269
1019 4667 1073 4719 τί
1095 4668 1305 4720 τούτων
1330 4668 1561 4722 ἕκαστον
1590 4686 1683 4722 κα-

83 4760 304 4825 λεῖται,
362 4760 413 4812 οἱ
448 4757 543 4812 τοῦ
582 4758 847 4829 βασιλέως
890 4759 1232 4812 ὑπασπισταὶ
1264 4759 1359 4812 καὶ
1388 4759 1680 4831 δορυφόροι

80 4851 197 4923 τὴν
229 4851 467 4904 ἑκάστου
507 4852 699 4921 κλῆσιν
734 4852 974 4920 ἐδήλουν.
1015 4853 1103 4915 Ὠς
1130 4851 1187 4904 δὲ
1216 4853 1316 4923 τὴν
1349 4852 1541 4923 κλῆσιν
1572 4852 1682 4905 τῶν

83 4941 387 5010 γυναικῶν
436 4942 601 5012 ήρετο
655 4942 868 5012 μαθεῖν,
912 4942 1001 4995 τὸν
1052 4941 1355 5012 σπαθάριον
1393 4942 1487 4996 τοῦ
1532 4942 1685 5013 βασι·-

80 5036 240 5097 λέως
279 5035 362 5100 (5)
403 5034 704 5104 χαριέντως
751 5036 947 5095 εἰπεῖν,
987 5032 1246 5103 δαίδμονας
1294 5032 1465 5098 αὐτὰς
1505 5034 1689 5088 καλεῖ-

84 5128 255 5189 σθαι,
293 5126 353 5180 αἶ
388 5127 511 5189 τοὺς
547 5125 868 5197 ἀνθρώπους
899 5125 1194 5179 πλανῶσιν.
1236 5124 1299 5177 Ἦ
1332 5125 1389 5178 δὲ
1417 5124 1512 5180 τοῦ
1557 5141 1687 5179 παι-

78 5221 186 5286 δὸς
214 5219 425 5291 καρδία
444 5218 520 5288 τῷ
548 5218 777 5271 ἐκείνων
807 5217 958 5289 πόθῳ
984 5218 1143 5272 πλέον
1172 5217 1281 5272 τῶν
1306 5217 1511 5272 λοιπῶν
1536 5215 1687 5271 ἐθέλ-

1783 667 1903 706 nam
1938 652 2024 707 illa
2053 667 2140 706 ars
2170 660 2311 705 esset
2331 666 2395 705 ex
2418 664 2483 705 eo
2513 651 2893 714 sciscitaretur,
2925 657 3035 702 tum
3068 645 3341 711 Theudas,

1786 751 2033 810 tanquam
2059 740 2316 795 novacula
2341 750 2494 794 acuta
2512 739 2688 794 dolum
2711 735 3340 808 cuntexit(Psal.r.xxn),

1782 830 2073 893 callideque
2119 831 2401 898 pharmace
2461 837 2755 895 comparat.
2820 831 2993 895 Atque
3042 825 3342 893 improbam

1785 922 2027 974 technam
2054 958 2069 982 ,
2122 920 2424 989 diabolique
2467 919 2748 973 consilium
2777 959 2792 982 ,
2821 933 3003 987 quaeso
3028 958 3043 984 ,
3078 916 3340 985 perspice.

1785 1013 2060 1074 Omnibus,
2096 1012 2282 1080 inQuil,
2309 1026 2342 1065 ο
2371 1027 2484 1077 rex,
2539 1013 2625 1080 qui
2659 1010 2769 1064 lilio
2797 1017 2969 1064 astant
2990 1020 3146 1077 atque
3174 1009 3344 1061 inser-

1784 1104 1933 1157 viunt
1956 1143 1972 1168 ,
1999 1102 2065 1155 ab
2093 1117 2158 1156 eo
2189 1103 2373 1171 procul
2402 1102 2680 1172 disiunctis
2703 1140 2719 1167 ,
2766 1100 2981 1170 pulchra
3007 1108 3061 1154 et
3089 1111 3342 1167 perquam

1782 1194 2008 1264 eleganti
2064 1194 2230 1248 forma
2288 1193 2534 1263 prteditas
2564 1194 2834 1257 mulieres,
2870 1201 3028 1261 atque
3071 1192 3137 1245 ad
3193 1191 3343 1259 pelli-

1783 1285 2001 1340 ciendos
2021 1288 2227 1339 animos
2254 1285 2559 1352 adornatas,
2592 1301 2711 1341 cum
2742 1299 2808 1339 eo
2836 1291 3094 1352 perpetuo
3119 1284 3341 1345 versari,

1786 1377 1991 1446 ipsique
2035 1378 2337 1433 ministrare
2362 1417 2378 1444 ,
2408 1380 2637 1447 vitroque
2677 1376 3114 1433 consuetudinem
3135 1384 3188 1430 et
3216 1388 3346 1430 con-

1787 1470 2083 1523 tubernium
2113 1486 2233 1525 cum
2260 1485 2325 1525 eo
2354 1469 2554 1524 habere
2580 1468 2733 1539 jube.
2782 1469 2891 1539 Ego
2936 1476 3111 1522 autem
3144 1480 3253 1521 uno
3278 1482 3342 1520 et

1786 1559 1851 1613 iis
1879 1560 2170 1627 spiritibus,
2216 1574 2348 1628 quos
2392 1560 2456 1614 ad
2485 1575 2574 1615 res
2602 1560 2902 1628 huiusmodi
2928 1557 3255 1626 comparavi,
3279 1558 3345 1610 ad

1784 1664 1903 1704 eum
1928 1660 2109 1716 postea
2139 1648 2428 1714 submisso,
2458 1652 2715 1704 acriorem
2742 1652 3024 1719 voluptatis
3055 1650 3230 1719 ignem
3255 1663 3348 1702 ex-

1784 1739 1972 1797 citabo.
2002 1740 2079 1793 Ac
2100 1738 2256 1793 simul
2280 1747 2439 1807 atque
2462 1739 2547 1793 vel
2576 1754 2695 1794 cum
2737 1756 2839 1794 una
2884 1740 2997 1793 sola
3042 1740 3347 1806 hujusmodi

1783 1830 2091 1886 muliercula
2137 1845 2247 1883 rem
2287 1830 2575 1897 habuerit,
2622 1829 2719 1884 nisi
2754 1830 2847 1883 tibi
2880 1828 3055 1882 omnia
3084 1842 3150 1882 ex
3182 1828 3347 1881 animi

1783 1919 2044 1975 sententia
2075 1918 2238 1973 ﬂuant
2261 1962 2275 1985 ,
2307 1920 2405 1974 erit
2428 1918 2537 1989 jam
2571 1935 2667 1975 cur
2693 1936 2777 1975 uie
2804 1930 3118 1975 contemnas
3142 1957 3158 1984 ,
3188 1928 3350 1987 atque

1784 2016 1844 2063 ut
1872 2009 2069 2064 nullius
2095 2025 2219 2064 usus
2249 2010 2539 2075 hominem,
2570 2026 2675 2064 non
2718 2009 3031 2074 honoribus,
3062 2009 3154 2062 sed
3180 2012 3345 2060 maxi-

1785 2100 1884 2153 mis
1912 2100 2186 2169 suppliciis
2212 2097 2549 2154 aft‘iciendum
2588 2098 2771 2152 ducas.
2796 2098 2937 2152 Nihil
2967 2098 3109 2152 enim
3139 2111 3353 2151 mascu-c

1784 2190 1955 2245 lorum
1996 2191 2202 2244 animos
2240 2189 2455 2258 perinde
2487 2190 2701 2245 allicere
2722 2203 2784 2243 ac
2826 2188 3132 2243 demulcere
3186 2189 3340 2251 solet,

1784 2292 1838 2334 ut
1866 2279 2176 2334 feminarum
2207 2288 2540 2347 conspectus.
2572 2280 2745 2349 Atque
2769 2287 2825 2333 ut
2848 2279 3186 2333 sermonibus
3210 2280 3345 2334 meis

1784 2369 1939 2425 Iidem
1967 2369 2239 2430 adhibeas.
2267 2369 2541 2422 historiam
2577 2370 2713 2423 hanc
2736 2370 2896 2423 velim
2927 2370 3129 2424 audias.

1849 2459 1975 2514 CAP.
2018 2458 2185 2513 XXX.
2225 2489 2296 2503 —-
2334 2460 2443 2513 Rex
2490 2459 2701 2529 quidam
2750 2475 2869 2513 cum
2923 2463 3154 2513 mascu'a
3195 2460 3347 2528 prole

1783 2557 1991 2602 careret
2019 2549 2362 2602 vehementer
2389 2549 2565 2601 animo
2594 2549 2903 2619 angebatur,
2956 2563 3182 2618 eamque
3207 2552 3347 2602 cala-

1784 2639 2019 2693 mitatem
2050 2636 2186 2692 haud
2232 2651 2446 2704 parvam
2493 2637 2849 2693 existimabat.
2886 2638 2996 2692 Hoc
3026 2640 3184 2707 igitur
3228 2654 3347 2693 cum

1782 2737 1925 2783 statu
1970 2738 2133 2793 esset,
2180 2727 2346 2782 ﬁlium
2397 2729 2447 2781 in
2501 2730 2668 2783 lucem
2711 2729 2897 2793 edidit,
2937 2744 3108 2799 eoque
3138 2734 3351 2785 nomine

1782 2832 1991 2875 summa
2036 2821 2303 2889 voluptate
2332 2818 2576 2888 perfusus
2609 2830 2713 2874 est.
2747 2820 3009 2875 Dixerunt
3059 2832 3234 2875 autem
3281 2824 3347 2875 ad

1782 2926 1903 2966 eum
1949 2912 2140 2967 eruditi
2178 2914 2395 2981 quidam
2444 2913 2655 2978 medici,
2706 2913 2826 2969 fore
2874 2924 2933 2967 ut
2978 2915 3021 2970 si
3050 2929 3182 2982 puer
3208 2915 3348 2967 intra

1782 3002 2058 3057 duodecim
2110 3017 2279 3055 annos
2320 3003 2485 3056 solem
2532 3012 2623 3057 aut
2652 3004 2822 3072 ignem
2871 3005 3095 3067 videret,
3147 3006 3346 3058 lumine

1782 3104 1999 3160 prorsus
2041 3092 2338 3155 orbaretur,
2388 3092 2437 3144 id
2475 3094 2615 3145 enim
2654 3110 2717 3145 ex
2744 3094 3016 3147 oculorum
3044 3093 3212 3162 ipsius
3240 3104 3343 3147 situ

1782 3182 2067 3247 designari.
2094 3181 2220 3247 Qua:
2249 3195 2367 3232 cum
2400 3189 2546 3245 pater
2564 3180 2817 3249 audisset,
2849 3181 3149 3235 cubiculum
3174 3185 3343 3249 quoil-

1788 3275 1911 3330 dam
1949 3277 2230 3332 obscurum
2276 3292 2339 3333 ex
2371 3293 2501 3345 rupe
2527 3279 2750 3346 quadam
2782 3277 3112 3339 condidisse,
3164 3276 3357 3330 lilium-

1788 3382 1890 3435 que
1935 3367 2045 3421 illic
2074 3384 2175 3421 una
2206 3384 2325 3421 cum
2379 3368 2670 3424 nutricibus
2699 3368 2977 3422 inclusisse
3025 3365 3213 3431 fertur,
3257 3381 3356 3422 nec

1786 3466 1910 3513 ante
1938 3459 2216 3515 duodecim
2247 3474 2417 3513 annos
2443 3468 2660 3515 exactos
2686 3460 2847 3513 ullum
2878 3458 3096 3512 omnino
3137 3458 3235 3525 ipsi
3270 3457 3355 3511 lu-

1786 3548 1863 3601 cis
1904 3547 2241 3615 Splendorem
2290 3549 2607 3604 ostendisse.
2650 3546 2915 3603 Confecto
2952 3558 3131 3603 autem
3174 3548 3357 3614 hujus-

1786 3637 1927 3691 modi
1953 3638 2207 3706 temporis
2230 3639 2517 3703 curriculo,
2547 3639 2741 3703 lilium,
2769 3641 2857 3708 qui
2888 3640 3019 3693 nihil
3038 3639 3259 3693 uinniuo
3281 3653 3357 3692 re-

1784 3741 1901 3780 rum
1935 3728 2316 3782 mundanarum
2348 3729 2415 3783 ad
2460 3729 2601 3783 hunc
2626 3743 2793 3796 usque
2820 3728 2962 3783 diem
2992 3738 3356 3799 perspexerat,

1783 3830 1848 3871 ex
1902 3816 2002 3871 hoc
2047 3817 2291 3872 cubiculo
2338 3819 2543 3883 educit;
2582 3832 2644 3872 ac
2691 3827 2799 3872 tum
2829 3819 2927 3885 ipsi
2968 3820 3175 3880 omnia,
3206 3819 3355 3886 juxta

1784 3921 1937 3961 suum
1969 3909 2211 3977 quodque
2241 3924 2408 3976 genus
2436 3907 2677 3964 exhiberi
2702 3924 2765 3963 ac
2794 3908 3149 3964 demonstrari
3169 3909 3354 3977 jubet,

1784 3999 1929 4051 viros
1959 3998 2206 4053 nimirum
2249 3998 2301 4052 in
2332 4012 2437 4051 uno
2467 4000 2603 4062 loco.
2644 4002 2695 4053 in
2724 3999 2829 4053 alio
2859 3999 3106 4065 feminas,
3146 3999 3361 4054 aliunde

1786 4103 2004 4155 aurum,
2034 4089 2135 4143 alia
2179 4104 2242 4145 ex
2274 4100 2423 4159 parte
2448 4102 2758 4159 argentum,
2789 4094 3015 4146 uniones
3043 4103 3097 4146 et
3142 4092 3349 4161 lapides

1785 4180 2030 4249 exquisiti
2062 4181 2238 4249 pretii,
2270 4190 2444 4237 vestes
2474 4182 2769 4238 luculentas
2799 4195 2851 4237 et
2877 4184 3169 4249 elegantes.
3219 4198 3347 4239 cur.

1787 4285 1877 4325 rus
1899 4271 2089 4342 insigni
2119 4273 2504 4339 pulchritudine
2532 4274 2689 4328 simul
2720 4289 2839 4329 cum
2878 4276 3038 4342 regiis
3060 4276 3211 4344 equis
3256 4290 3353 4329 au-

1786 4374 1881 4415 reo
1907 4358 2058 4416 freno
2083 4363 2371 4426 instructis,
2394 4377 2513 4417 cum
2542 4365 2723 4420 ουιαιὶε
2751 4366 3051 4434 purpureis,
3082 4379 3145 4419 ac
3174 4380 3356 4419 sesso-

1788 4452 1934 4509 ribus
1962 4456 2197 4519 armatis,
2231 4454 2386 4509 bo‘urn
2419 4457 2544 4509 item
2572 4466 2835 4523 armenta,
2865 4465 2919 4511 et
2949 4455 3209 4524 pecudum
3231 4470 3358 4526 gre-

1942 4552 2121 4610 atque,
2156 4553 2212 4596 ut
2237 4546 2536 4598 summatim
2566 4544 2759 4608 dicam,
2788 4545 2966 4599 omnia
2993 4552 3141 4599 certo
3170 4545 3358 4598 ordino

1796 4646 1960 4699 puero
1988 4635 2401 4687 demonstrabat.
2440 4635 2793 4689 Percoiitante
2818 4647 2992 4689 autem
3036 4651 3099 4690 eo
3127 4650 3357 4704 quonam

1790 4720 2012 4789 singula:
2042 4736 2129 4775 res
2160 4724 2373 4776 nomine
2397 4724 2811 4790 appellarentur,
2842 4729 2982 4791 regis
3013 4724 3273 4778 satellites
3295 4738 3357 4777 ac

1792 4810 2073 4878 stipatores
2124 4811 2538 4881 uniuscujusque
2581 4826 2772 4866 nomen
2816 4814 3176 4880 exponebant.
3222 4814 3358 4867 Cum

1793 4912 1966 4956 autem
1998 4905 2276 4958 mulierum
2308 4919 2498 4959 nomen
2526 4908 2663 4959 scire
2693 4914 2935 4974 cuperet,
2968 4915 3079 4958 tuin
3112 4906 3249 4974 regis
3268 4919 3357 4958 ar-

1792 4998 1957 5063 miger
1982 4994 2156 5061 lepide
2185 5008 2247 5048 ac
2280 4994 2487 5058 festive,
2507 4994 2780 5051 daemones
2799 5011 2888 5049 eas
2916 4996 3177 5063 appellari
3198 4995 3355 5060 dixit,

1793 5098 1822 5136 a
1852 5084 2042 5151 quibus
2074 5086 2343 5138 hominum
2375 5094 2579 5140 mentes
2616 5086 2669 5139 in
2714 5101 2951 5140 errorem
2997 5090 3356 5140 traherentur.

1792 5174 1947 5231 Pueri
1976 5184 2151 5230 autem
2200 5184 2383 5245 pectus
2424 5187 2609 5230 earum
2654 5190 2837 5231 amore
2862 5186 3022 5245 atque
3069 5174 3361 5243 cupiditate

166 5421 255 5493 (ι)
287 5421 553 5494 syntaxis
582 5422 732 5478 verbi
786 5420 1183 5494 ἐλπίζειμειιη
1225 5420 1435 5494 satist!)
1466 5428 1557 5494 est.
1594 5433 1626 5474 θ
1659 5412 2432 5494 frequentissimi“-ea'lt‘tuc
2474 5398 3359 5494 ἐνθεί.³ι¹ἒθὶιῖίέπῐιὲἱὶ.³ίῖιᾼῖῗξξίὲἷξ

80 5511 145 5565 ρ.
169 5472 753 5570 satiassatias
782 5472 892 5545 ne
924 5472 1051 5543 διδο
1072 5472 1564 5570 amicissma
1587 5472 1681 5570 at

1785 5472 1853 5538 ’πὶ
1894 5484 2001 5536 τῶν
2034 5472 2234 5535 στενῶν
2281 5472 2583 5549 βιᾶσεσθαι,
2621 5477 2697 5530 lbi
2734 5487 3016 5556 monemur
3058 5472 3125 5526 ab
3153 5472 3362 5523 editore

81 5565 393 5630 vulgatum

427 5557 713 5630 βιάσασθαι
748 5571 987 5630 mutasse
1015 5574 1074 5613 se
1104 5557 1225 5613 cum
1261 5557 1562 5627 Musgravio
1587 5559 1638 5612 in
1674 5557 1704 5627 β

1712 5547 1955 5609 ιάσεσθαι
1978 5569 1990 5582 ·
2040 5555 2131 5607 sed
2167 5547 2452 5604 mutandus
2489 5562 2593 5601 non
2627 5554 2741 5599 erat
2772 5547 3024 5598 aoristus.

297 5626 445 5704 ξω).
481 5646 554 5691 LI,
579 5632 655 5686 ‘2:
700 5631 842 5704 Ὡσεὶ
873 5628 1033 5698 ξυρὸν
1069 5626 1404 5699 ἠκονημένον
1438 5630 1697 5698 ἐποίησας
1726 5626 1897 5679 δόλον.

194 5703 257 5769 5)
293 5702 361 5764 C,
394 5699 546 5766 δέκα,
577 5712 634 5754 ut
663 5709 717 5757 et
744 5700 904 5755 infra.

193 5753 259 5840 33
299 5753 397 5825 Sic
429 5753 546 5825 AC:
570 5753 850 5840 ignoratur
874 5778 1119 5840 neutrum
1153 5768 1215 5821 τὺ
1242 5768 1503 5822 οίκὶσκον.
1532 5767 1666 5822 l’ttto

1790 5781 1817 5820 ε
1852 5763 2099 5832 ἀντρὼὂη
2127 5760 2191 5814 ab
2225 5767 2445 5815 auctore
2472 5756 2587 5827 ipso
2618 5753 2897 5821 scriptum.

164 5838 252 5911 (5)
290 5842 361 5908 Α,
395 5838 797 5907 ecorrectione,
831 5839 1003 5909 βασιλ.
1046 5838 1279 5906 λέγεται.
