4146 6454
772 392 906 457 1159

2182 371 2558 432 ADDENDA.

3898 367 4015 430 1in)

766 504 892 557 illud
918 500 1169 569 intelligo,
1204 506 1255 551 te
1297 496 1399 549 deo
1429 493 1525 546 abs
1552 501 1605 547 te
1642 492 1780 546 facto
1806 490 2160 560 antiquiorem
2190 500 2332 540 esse.

2465 485 2813 559 τρεσδύτερος
2840 480 2893 538 εῐ
2913 481 3011 536 τοῦ
3047 478 3153 535 ὑπὸ
3187 478 3282 532 σοῦ
3318 475 3613 548 γενομένου
3655 474 3811 527 θεοῦ.
3847 475 4019 525 Ταῦτα

764 595 928 662 Cujus
959 592 1167 648 tandem
1194 588 1386 641 furoris
1417 586 1515 638 ista
1546 586 1703 637 sunt?
1737 581 1963 635 Iloccine
1991 579 2085 633 tibi
2115 590 2336 645 persna-

766 686 903 743 sisti,
933 694 1004 749 te,
1033 696 1151 735 cum
1199 682 1359 732 homo
1389 695 1492 739 sis,
1550 676 1713 728 Deum
1761 674 1972 726 efﬁcere
2015 669 2204 740 posse?
2237 668 2337 732 Qui

768 776 979 832 tandem
1006 772 1143 827 istud
1170 770 1284 823 heri
1317 767 1509 836 queat?
1541 763 1797 829 Quocirca
1828 776 1934 814 non
1960 760 2228 811 hominem
2257 754 2338 809 ef-

771 868 908 929 llcis,
942 878 1124 917 verum
1177 858 1404 913 hominis
1451 866 1543 909 aut
1585 855 1881 920 cuiuspiam
1912 848 2194 902 animantis
2234 844 2341 898 l‘or-v

771 973 934 1021 mam,
984 970 1089 1008 non
1134 953 1329 1020 lingua,
1380 963 1484 1000 non
1532 945 1924 1008 faueibus,non
1954 939 2194 1002 cerebro,
2228 950 2333 989 non

770 1048 876 1102 ulla
907 1046 1079 1113 aliqua
1121 1043 1324 1095 interna
1376 1046 1525 1107 parte
1576 1034 1888 1104 prteditain;
1930 1047 1990 1085 ac
2016 1027 2237 1098 proinde
2266 1040 2334 1080 ne

773 1137 1001 1191 hominis
1033 1133 1243 1202 quidem
1291 1139 1383 1183 aut
1431 1127 1717 1181 animantis
1754 1121 2048 1177 similitudo
2097 1129 2215 1184 est,
2242 1115 2336 1170 sed

773 1230 973 1284 inutilis
1003 1225 1220 1278 omnino
1262 1237 1347 1276 res
1394 1238 1457 1275 ac
1501 1217 1749 1272 vanitatis
1786 1215 1961 1284 plena.
2006 1211 2141 1279 Quid
2182 1209 2339 1278 igitur

774 1321 933 1374 rebus
974 1331 1163 1370 sensus
1193 1312 1500 1379 expertibus
1540 1304 1988 1373 blandiriﬂQuid
2032 1310 2210 1356 mente
2245 1313 2338 1352 ca-

774 1408 1010 1465 rentibus
1031 1413 1085 1458 et
1114 1404 1386 1457 inutilibus
1412 1397 1649 1454 assides?
1678 1394 1786 1450 Nisi
1815 1393 2016 1454 latomi,
2056 1400 2142 1444 aut
2165 1388 2345 1444 archi-

775 1499 923 1560 tecti,
945 1505 1037 1550 aut
1059 1494 1383 1548 malleatoris
1410 1507 1495 1544 ars
1518 1491 1753 1551 adesset,
1783 1478 2069 1540 deumnon
2094 1482 2345 1536 haberes.

775 1588 884 1642 Nisi
916 1587 1164 1641 custodes
1188 1594 1379 1654 praesto
1419 1588 1626 1644 essent,
1660 1579 1817 1631 deum
1865 1585 2009 1627 tuum
2048 1572 2344 1626 amisisses.

778 1678 907 1730 Nam
939 1690 1095 1745 quem
1126 1688 1268 1739 srepe
1309 1669 1623 1723 stolidorum
1668 1668 1944 1720 hominum
1977 1662 2347 1733 copiosissima

778 1770 904 1823 urbs
931 1778 1179 1836 tauquam
1205 1764 1390 1827 deum,
1418 1769 1475 1814 ut
1495 1761 1563 1813 ab
1586 1776 1653 1814 eo
1681 1757 2032 1819 custodiatur,
2065 1755 2347 1820 obsecrat,

2438 579 2641 648 πολλῆς
2670 580 2788 632 ἐστι
2823 577 3043 649 μανίας.
3072 573 3355 635 Πέπεικας
3382 571 3438 624 δὲ
3480 568 3701 625 σαυτὲν.
3740 567 4021 635 ἅνθρωπος

2438 670 2534 730 ὢν,
2561 668 2681 722 θεὸν
2710 666 2972 719 δύνασθαι
3019 665 3215 718 ποιεῖν.
3250 660 3357 713 Καὶ
3396 659 3515 721 πῶς
3553 658 3845 724 ενδέχεται
3876 655 4023 706 τοῖρτο

2440 759 2737 830 γενέσθαι,
2772 758 2913 812 ὥστε
2952 757 3013 810 ού
3045 755 3167 809 θεὸν
3207 754 3404 816 ποιεῖς,
3435 749 3569 804 ἀλλὰ
3620 750 3912 818 μόοςςωμα
3942 750 4023 798 ἀν-

2440 851 2663 923 ορώπου
2709 850 2743 920 ἢ
2783 848 2924 914 ζώου
2954 846 3131 908 τινὸς,
3182 846 3258 916 μὴ
3307 842 3562 911 γλῶσσαν
3608 839 3759 909 ἔχον,
3828 832 4025 908 μῆλά-

2445 961 2619 1016 ρυγγα
2650 942 2784 1015 (65),
2823 941 2899 1013 μὴ
2926 937 3249 1008 ἐγκέφαλον,
3291 938 3431 1008 μήτε
3458 934 3567 988 τῶν
3594 933 3752 993 ἐντός
3787 949 3868 983 τι·
3903 932 4026 983 ὥστε

2442 1036 2565 1090 οὗτε
2596 1034 2886 1106 ἀνθρώπου
2910 1032 3059 1085 ἐστὶν
3079 1030 3354 1101 ὁμοίωμα,
3376 1027 3498 1081 οὔτε
3524 1026 3693 1089 ζώου,
3721 1024 3849 1076 ἀλλ’
3874 1025 4027 1091 ἄχρις*

2447 1141 2573 1177 στον
2595 1127 2777 1194 πάντη
2802 1121 2896 1176 καὶ
2926 1120 3291 1191 ματαιότητος
3320 1116 3547 1188 πλῆρες.
3573 1116 3637 1167 Τί
3666 1110 3766 1166 οὖν
3796 1114 3866 1165 τὰ
3893 1113 4027 1165 ἀναί-

2448 1213 2620 1284 σθητα
2656 1212 3010 1276 κολακεύεις;
3043 1209 3097 1262 τί
3128 1212 3243 1271 τοῖς
3267 1207 3544 1277 ἀκινήτοις
3584 1206 3682 1257 καὶ
3731 1204 4029 1272 ἀνωφελέσι

2448 1303 2873 1376 προσκάθησαις
2909 1303 2971 1355 Ei
3026 1300 3100 1372 μὴ
3146 1299 3312 1369 τέχνη
3344 1298 3525 1368 παρῆν
3569 1296 3669 1348 τοῦ
3717 1296 3969 1360 λιθοξόοι.
4006 1294 4030 1361 ἢ

2447 1394 2543 1447 τοῦ
2580 1393 2832 1454 τέκτονος
2872 1392 2905 1463 ἢ
2948 1389 3041 1443 τοῦ
3074 1386 3438 1459 σφυροκόπου,
3472 1386 3593 1437 θεὸν
3622 1385 3729 1436 οὐκ
3762 1385 3835 1436 ἄν
3870 1379 4023 1451 εἶχες.

2450 1487 2513 1539 Ei
2543 1485 2619 1555 μὴ
2650 1483 2891 1553 φύλακες
2915 1480 3324 1552 παρεκάθηντο,
3366 1475 3654 1537 ἀπώλεσας
3688 1474 3760 1527 ἂν
3787 1477 3889 1526 τὶν
3930 1475 4035 1526 θεόν

2453 1596 2571 1636 σου,
2618 1571 2690 1647 Ὦ
2731 1575 2841 1645 γάρ
2885 1572 3147 1634 πολλάκις
3192 1570 3347 1633 πόλις
3394 1567 3837 1635 πολυάνθρωπος
3890 1566 4037 1636 289

2450 1669 2704 1742 ἀφρόνων
2729 1666 2948 1737 εὔχεται
2982 1664 3058 1726 ὡς
3093 1661 3201 1732 θεῷ
3226 1660 3684 1731 διαφυλαχθῆναι,
3714 1656 3906 1725 τούτῳ
3944 1658 4036 1708 εὶς.

2452 1777 2539 1829 γοι
2566 1759 2944 1830 παραμένουσι
2976 1754 3215 1825 φύλακες
3248 1754 3334 1807 ἵνα
3364 1753 3438 1823 μὴ
3468 1752 3676 1821 κλαπῇ.
3727 1751 3847 1803 Καὶ
3879 1752 3928 1802 εἰ
3954 1752 4036 1817 μὶ.

778 1875 899 1915 cum
926 1874 991 1914 eo
1016 1860 1131 1926 ipso
1180 1855 1329 1924 pauci
1378 1854 1661 1918 custodes,
1697 1867 1765 1906 ne
1795 1850 2133 1918 surripiatur,
2172 1861 2349 1901 rema-

2465 1849 2732 1923 ὶργυροῦς
2777 1849 2811 1918 ἢ
2854 1847 3092 1919 χρυσοῦς
3137 1846 3321 1910 ἐσται,
3350 1844 3627 1914 ἐπιμελῶς
3664 1844 4036 1913 φυλάττετε-αις

780 1960 926 2007 nent.
953 1954 1029 2004 Ac
1053 1948 1096 2002 si
1127 1946 1338 2014 quidem
1368 1960 1430 1999 ex
1458 1952 1682 2011 argento
1703 1942 1787 1995 vel
1816 1955 1945 1993 auro
1974 1948 2208 2003 constet,
2231 1937 2348 1992 dili-

780 2053 965 2111 genter
992 2038 1318 2101 custoditur;
1350 2036 1394 2089 si
1424 2045 1600 2088 autem
1632 2049 1697 2087 ex
1750 2032 1950 2102 lapide,
1996 2039 2088 2084 aut
2124 2029 2308 2098 argilla
2333 2071 2348 2093 ,

780 2142 872 2185 aut
908 2130 1007 2184 alia
1038 2128 1262 2197 quadam
1302 2126 1472 2179 viliori
1520 2125 1741 2178 materia
1763 2164 1778 2187 ,
1830 2123 2064 2189 seipsum
2094 2120 2348 2175 custodit.

781 2222 855 2274 Ita
884 2220 950 2274 de
978 2228 1151 2272 vestra
1181 2218 1441 2271 sententia
1473 2214 1737 2267 valentior
1765 2219 1849 2265 est
1873 2225 1917 2264 IS
1950 2211 2040 2280 qui
2072 2224 2137 2264 ex
2157 2210 2343 2278 argilla

783 2326 942 2382 quam
969 2311 1056 2376 qui
1087 2325 1149 2362 ex
1175 2323 1306 2361 auro
1340 2307 1599 2360 conﬂatus
1627 2311 1713 2357 est

860 2403 937 2454 An
966 2416 1068 2453 non
1104 2399 1260 2467 igitur
1286 2397 1490 2461 optimo
1513 2394 1629 2463 iure
1658 2408 1754 2447 vos
1781 2394 1971 2446 stultos
2001 2401 2056 2447 et
2081 2405 2255 2447 caecos
2282 2406 2346 2446 ac

788 2493 1011 2544 stolidos
1032 2487 1275 2541 homines
1310 2485 1540 2538 irridere
1560 2524 1576 2545 ,
1609 2486 1689 2537 vel
1722 2483 1895 2551 potius
1921 2484 2061 2535 luctu
2104 2483 2346 2552 prosequi

790 2592 1070 2647 possumus
1089 2576 1113 2627 l
1135 2577 1328 2642 quippe
1352 2589 1513 2639 opera
1533 2581 1705 2627 vestra
1738 2570 1969 2625 furorem
1995 2574 2167 2639 potius
2189 2586 2346 2638 quam

792 2673 1040 2739 pietatem
1084 2669 1346 2722 redolent.
1378 2666 1507 2719 Nam
1532 2668 1621 2733 qui
1652 2664 1725 2717 rei
1755 2665 1971 2717 militari
2003 2664 2213 2729 studet,
2242 2673 2351 2716 sta-

790 2772 932 2816 tuam
959 2761 1025 2814 ad
1056 2760 1299 2813 militaris
1342 2756 1542 2823 speciei
1568 2754 1976 2808 similitudinem
2005 2768 2350 2821 expressam,

788 2866 854 2906 ac
878 2862 1026 2906 certo
1055 2852 1171 2903 loco
1201 2847 1445 2917 positam,
1475 2846 1695 2900 Martem
1723 2851 2012 2913 nuncupat.
2044 2843 2144 2909 Qui
2168 2852 2350 2897 autem

791 2946 1072 2999 mulierum
1102 2957 1282 2995 amore
1310 2941 1375 2993 ad
1405 2940 1662 2993 insaniam
1694 2952 1862 3007 usque
1909 2937 2119 3004 ﬂagrat,
2155 2936 2350 2988 anima

789 3048 903 3088 sum
947 3031 1287 3098 cupiditatem
1328 3030 1532 3097 pictura
1580 3026 1900 3090 inlormans,
1956 3024 2139 3078 vitium
2196 3038 2349 3076 suum

792 3125 952 3179 deum
973 3122 1158 3183 efﬂcit,
1188 3118 1409 3173 Veneris
1436 3118 1640 3170 scilicet
1666 3115 1882 3169 nomine
1905 3130 2027 3169 eum
2056 3114 2349 3179 appellans.

790 3214 940 3268 Alius
967 3224 1150 3265 rursus
1180 3209 1502 3262 temulentiaa
1548 3219 1659 3259 sua:
1685 3216 1843 3257 causa
1862 3242 1878 3264 ,
1911 3200 2092 3253 el‘ticto
2126 3201 2353 3253 simula-

787 3318 908 3368 cro,
944 3299 1205 3353 Bacchum
1235 3298 1403 3364 ipsum
1431 3295 1687 3349 nominat.
1721 3290 2027 3357 Eodemque
2047 3290 2204 3344 modo
2226 3287 2362 3344 allo-

792 3405 909 3444 rum
932 3390 1180 3441 vitiorum
1211 3384 1410 3450 cupidi,
1432 3397 1617 3436 eorum
1640 3382 1922 3435 simulacra
1943 3381 2357 3452 constituerunt,

801 3479 1050 3547 vitiisque
1078 3477 1192 3530 suis
1236 3476 1457 3529 deorum
1508 3489 1701 3529 nomen
1750 3472 2050 3541 imponunt.
2084 3470 2266 3538 anue
2297 3473 2366 3525 de

800 3586 960 3627 causa
990 3566 1130 3633 apud
1159 3581 1346 3621 eorum
1385 3580 1502 3618 aras
1547 3564 1844 3618 libidinosa;
1894 3563 2205 3615 saltationes
2252 3561 2362 3615 exi-

804 3670 970 3722 stunt,
992 3674 1053 3712 ac
1073 3655 1357 3711 meretricii
1381 3665 1586 3717 cantus,
1619 3652 1904 3718 l'uriosique
1935 3652 2186 3717 impetus.
2211 3650 2364 3716 Quis-
2390 3701 2396 3708 ,

804 3766 927 3805 nam
958 3757 1134 3803 autem
1165 3744 1544 3800 exsecrandum
1590 3757 1774 3796 eorum
1806 3741 2063 3808 ﬂagitium
2114 3740 2371 3805 deinceps

802 3852 1225 3897 commemorare
1253 3835 1441 3904 queat?
1464 3838 1569 3888 Aut
1610 3834 1729 3900 quis
1760 3832 2100 3885 foedissimam
2133 3831 2367 3897 ipsorum

807 3931 1077 3987 libidinem
1108 3930 1350 3981 oratione
1393 3925 1753 3991 complectens
1776 3963 1790 3985 ,
1815 3938 1878 3976 os
1907 3936 2062 3975 suum
2102 3936 2365 3989 conspur-

804 4037 929 4078 care
952 4022 1202 4075 sustineat
1226 4018 1462 4071 ?.Verum
1495 4017 1607 4069 haec
1633 4015 1879 4069 omnibus
1906 4014 2186 4081 perSpicua
2216 4023 2363 4079 sunt,

802 4116 965 4169 etiam
994 4111 1037 4165 si
1066 4111 1161 4177 ipsi
1194 4117 1481 4161 taceamus.
1512 4106 1571 4159 Hi
1604 4107 1675 4158 tui
1706 4104 1780 4158 dii
1808 4112 1952 4167 sunt,
1982 4118 2016 4156 ο
2044 4106 2236 4156 statuis
2266 4104 2370 4156 tuis

805 4200 1069 4270 stupidior
1090 4197 1330 4252 Theuda.
1377 4195 1486 4250 Hos
1535 4205 1593 4249 ut
1640 4194 1879 4255 adorem,
1912 4193 2014 4247 bos
2047 4201 2108 4247 ut
2136 4208 2366 4247 venerer

805 4292 1083 4346 admones.
1100 4289 1228 4343 Tum
1249 4285 1481 4355 profecto
1497 4284 1816 4354 improbitati
1831 4298 1895 4339 ac
1904 4286 2080 4339 stultae
2094 4286 2373 4339 sententia

810 4389 1219 4435 consentaneum
1247 4386 1329 4432 est
1356 4375 1493 4430 istud
1516 4373 1829 4437 consilium;
1860 4383 1916 4427 at
1938 4372 2126 4427 similis
2157 4375 2286 4442 ipsis
2312 4385 2367 4429 tu

809 4468 927 4535 llas,
955 4476 1112 4537 atque
1140 4480 1327 4521 omnes
1349 4465 1438 4534 qui
1466 4462 1741 4519 conﬁdunt
1769 4462 1823 4518 in
1852 4463 1932 4519 eis
1959 4462 2077 4534 (Ps.
2101 4465 2275 4533 cun).

880 4673 988 4737 Ego
1014 4676 1189 4720 autem
1224 4666 1385 4719 Deum
1416 4678 1591 4717 meum
1615 4663 1786 4717 colam
1804 4703 1819 4726 ,
1851 4672 2042 4729 meque
2069 4664 2240 4711 totum
2267 4668 2370 4723 Ipsi

808 4758 1163 4820 consecrabo;
1199 4758 1325 4817 Deo,
1392 4752 1646 4823 inquam,
1717 4753 1985 4815 creatori,
2058 4762 2122 4805 ac
2189 4761 2369 4802 rerum

808 4849 1045 4902 omnium
1082 4845 1452 4916 gubernatori.
1486 4858 1581 4911 per
1611 4840 1890 4895 Dominum
1919 4849 2157 4893 nostrum
2186 4836 2368 4892 Iesum

810 4942 1111 5003 Christum,
1140 4953 1288 5007 spem
1321 4947 1556 4991 nostram
1576 4978 1591 5001 ,
1626 4950 1721 5003 per
1748 4947 1905 5003 quem
1933 4934 2093 4986 etiam
2119 4929 2185 4984 ad
2213 4929 2375 4984 lumi-

812 5051 935 5089 num
967 5024 1178 5089 Patrem
1223 5034 1275 5085 in
1305 5029 1502 5097 Spiritu
1527 5038 1713 5082 sancto
1750 5039 2024 5080 accessum
2072 5021 2373 5083 habuimus,

814 5142 907 5196 per
935 5140 1095 5195 quem
1126 5124 1195 5179 ab
1240 5122 1427 5177 acerba
1458 5120 1715 5175 servitute
1744 5118 1797 5172 in
1828 5115 1992 5185 ipsius
2019 5112 2278 5183 sanguine
2316 5109 2380 5164 li-

813 5217 985 5273 berati
1009 5229 1194 5273 sumus
1220 5211 1437 5284 (Ephes.
1459 5210 1539 5282 ιι).
1568 5210 1677 5264 Nisi
1701 5208 1841 5264 enim
1870 5206 1985 5277 ipse
2024 5203 2186 5259 etiam
2216 5216 2383 5272 usque

881 5444 993 5514 (65)
1028 5441 1088 5514 _C,
1121 5440 1417 5514 φάραγγας
1451 5442 1561 5514 imo
1589 5437 1866 5514 φάρυγγα.

876 5510 991 5586 (66)
1023 5510 1172 5586 Ρε-ιιι.
1198 5510 1350 5586 est",
1382 5510 1415 5586 ἓ

878 5578 990 5654 (67)
1028 5582 1048 5635 ι
1082 5583 1252 5651 Epist.
1283 5583 1368 5654 ad_
1384 5578 1521 5654 Tim.
1566 5594 1605 5640 ι,
1641 5580 1694 5654 1-.

880 5640 991 5724 (ῡὸ)
1036 5640 1206 5722 Epist.
1238 5652 1304 5705 ad
1332 5648 1528 5720 Ephes.
1565 5664 1625 5716 ιι,
1660 5648 1725 5704 18
1754 5667 1768 5703 ;
1799 5647 1879 5700 Δι’
1912 5644 2078 5702 αὑτοῦ
2106 5641 2302 5714 ἔχομεν
2328 5640 2429 5710 τὴν

809 5725 1040 5791 πατέρα.

834 5763 1176 5867 “(uigilant
1211 5806 1263 5862 p.
1301 5790 1381 5855 Π,
1421 5808 1472 5847 ιι.
1507 5790 1595 5843 Si.

2410 4515 2457 4570 ι)

1445 5528 1457 5563 :
1502 5500 1718 5577 Ὅμοιοι
1746 5500 1928 5568 αὐτοῖς
1958 5504 2202 5571 γένοιντο
2228 5500 2280 5554 οί
2329 5516 2421 5554 ποι

2456 1898 2556 1997 ιᾶέ
2581 1898 2638 1995 δΞ
2674 1898 2730 2016 ᾖ.
2746 1898 2949 2003 λὼιῖξέ
3048 1898 3272 2008 πήλινος
3291 1898 3374 2008 ,Ιῆ
3413 1898 3583 2006 ἄλλης
3794 1898 4041 2003 τοιαύτης

2458 2034 2842 2103 εὐτελεστέρας
2903 2031 3057 2102 ὕλης,
3102 2031 3292 2084 ἑαυτὸν
3336 2030 3634 2099 φυλάσσει·
3697 2031 4042 2100 ἰσχυρότερος

2458 2128 2570 2199 γὰρ
2594 2129 2724 2190 ἴσως
2749 2125 2898 2179 ἐστὶν
2918 2125 2949 2179 ό
2976 2123 3202 2196 πήλινος
3227 2121 3325 2175 τοῦ
3358 2121 3559 2195 χρυσοῦ
3588 2121 3715 2175 καθ’
3742 2123 3925 2191 ἡμᾶς.

2530 2417 2648 2471 Οὐκ
2684 2413 2910 2478 εἰκότως
2951 2412 3101 2468 ἐστὶν
3144 2413 3291 2483 ὑμᾶς
3330 2411 3459 2472 τοὺς
3488 2407 3736 2477 ἄφρονας
3762 2450 3779 2473 ,
3815 2407 4047 2475 ἐυ-,ξλοἏ

2463 2511 2560 2566 καὶ
2598 2507 2931 2572 ἀσυνέτους,
2983 2503 3211 2567 δικαίως
3258 2500 3663 2570 καταγελᾶσθαι
3687 2540 3703 2563 ,
3738 2499 3953 2569 μᾶλλον
4003 2499 4050 2549 '2

2465 2600 2819 2665 πενθεῖσθαι;
2871 2597 3071 2669 μανίας
3106 2594 3216 2666 γὰρ
3254 2594 3323 2648 τὰ
3362 2594 3500 2664 ἔργα
3532 2592 3711 2660 ὑμῶν,
3755 2590 3868 2643 οὐκ
3905 2592 4049 2641 εὐσε-

2464 2695 2619 2756 6είας
2651 2692 2820 2746 ἐστίν.
2861 2690 2923 2743 'O
2967 2688 3067 2760 μὲν
3098 2686 3210 2757 γὰρ
3258 2685 3496 2753 πόλεμον
3542 2685 3799 2751 ἀσκήσας
3825 2724 3841 2742 ,
3895 2698 4051 2747 στρα-

2466 2784 2731 2853 τιωτικῆς
2767 2780 3066 2851 ἀντίμιμον
3099 2777 3243 2841 ίδέας
3274 2776 3463 2841 ξόανον
3497 2774 3755 2843 ἱδρύσας,
3792 2773 4054 2826 ἐκάλεσεν

2470 2876 2685 2944 ’Δρηνο
2726 2871 2756 2923 ό
2788 2870 2846 2924 δὲ
2880 2864 3320 2937 γυναικομανοῦς
3359 2862 3660 2932 ἐπιθυμίας
3710 2862 3819 2930 τὴν
3877 2860 4050 2929 ψυχὴν

2468 2961 2976 3031 ἀνατυπωσάμενος
2996 3000 3013 3024 ,
3048 2957 3367 3026 ὲθεοποίησε
3390 2954 3451 3007 τὸ
3481 2953 3676 3014 πάθος.
3726 2951 4053 3019 Ἀφροδίτην

2470 3051 2948 3127 προσαγορεύσας.
2994 3049 3191 3112 Ι’Δλλος
3217 3090 3233 3115 ,
3266 3047 3365 3117 τῆς
3389 3044 3583 3099 ἑαυτοῦ
3613 3042 3899 3111 φιλοινίας
3946 3040 4053 3092 Evs-

2396 3172 2441 3230 ο
2471 3165 2569 3202 κεν
2596 3188 2613 3214 ,
2678 3145 2916 3199 ἔπλασεν
2970 3140 3226 3203 εἴδωλον,
3285 3138 3425 3208 ὅπερ
3484 3135 3713 3189 ἐκάλεσε
3780 3133 4053 3185 Διόνυσον.

2486 3235 2721 3306 Ὁμοίως
2753 3236 2809 3286 δὲ
2849 3235 2944 3288 καὶ
2971 3233 3083 3287 τῶν
3112 3231 3306 3284 ἄλλων·
3346 3228 3535 3283 κακῶν
3564 3224 3923 3294 ἐπιθυμηταὶ
3948 3224 4043 3275 τίὲν

2482 3327 2629 3380 ίδίων
2686 3320 2877 3376 παθῶν
2927 3319 3163 3388 ἔστησαν
3203 3320 3432 3371 εἴδωλαο
3493 3316 3563 3368 τὰ
3611 3315 3766 3383 πάθη
3799 3315 3921 3382 γάρ
3972 3314 4055 3365 αὖα

2474 3420 2586 3476 τῶν
2627 3418 2787 3476 θεοὺς
2843 3411 3157 3481 ὠνόμασαν.
3209 3408 3320 3461 Καὶ
3357 3407 3448 3459 διὰ
3515 3406 3677 3457 τοῦτο
3742 3406 3910 3474 παρὰ
3960 3407 4055 3465 τοὶς

2476 3509 2658 3566 αὐτῶν
2707 3504 2911 3577 βωμοῖς
2967 3498 3268 3571 ἡδυπαθής
3327 3498 3467 3549 εἰσιν
3520 3494 3823 3563 ὀρχήσεις,
3884 3510 4059 3559 seps;-

2478 3604 2592 3658 κῶν
2656 3598 2917 3672 ᾀσμάτων
2966 3589 3092 3663 ἦχοι
3124 3589 3221 3645 καὶ
3267 3585 3554 3659 μανιώδεις
3610 3586 3804 3654 ὁρμαί.
3866 3584 3967 3646 Ti;
4014 3583 4057 3631 δὲ

2478 3692 2660 3748 αύτῶν
2701 3685 2940 3755 καθεξῆς
2981 3684 3082 3753 τὴν
3136 3678 3398 3751 βδελυρὰν
3438 3674 3643 3741 ἐξείποι
3687 3675 3948 3743 πρῦξινς
3989 3680 4057 3732 τίς

2478 3783 2766 3849 ἀνέξεται,
2799 3779 2899 3840 τὰς
2934 3775 3162 3828 ἐκείνων
3201 3766 3585 3839 αἰσχρολογίας
3619 3766 3982 3831 καταλέγων,
4013 3766 4057 3812 τὲ.

2480 3874 2675 3931 ἑαυτοῦ
2705 3870 2930 3943 μολῦναι
2956 3865 3170 3935 στόμα;
3209 3860 3368 3915 ’Δλλά
3391 3860 3526 3912 πᾶσι
3554 3856 3742 3925 δῆλαι,
3768 3856 3886 3909 κᾶν
3916 3856 4057 3924 ἡμεῖς

2482 3966 2803 4036 σιωπῶμεν.
2850 3958 3044 4014 Ταῦτά
3079 3974 3172 4010 σου
3212 3954 3284 4007 τὰ
3317 3952 3674 4021 σεϐάσματα,
3727 3949 3922 4001 Θευδᾶ.
3968 3948 4058 3999 τέλη)

2483 4060 2689 4128 ξοάνων
2734 4072 2827 4108 σου
2862 4046 3321 4120 άναισθητότεριῐ
3371 4042 3581 4103 τούτοις
3629 4056 3699 4108 με
3747 4040 4059 4108 ἐπιτρέπεις

2482 4149 2828 4222 προσκυνεῖν,
2852 4142 3024 4196 ταῦτα
3055 4138 3307 4193 σέϐεσθαι
3327 4136 3341 4187 ι
3365 4134 3480 4202 Τῆς
3503 4133 3601 4199 σῆς
3624 4130 3809 4192 ὅντως
3833 4145 4060 4195 κακουρ-

2480 4220 2608 4312 γιας
2657 4239 2754 4292 και
2797 4234 3060 4291 ἀσυνέτου
3105 4230 3331 4299 γνώμης
3375 4227 3410 4295 ἡ
3470 4222 3675 4292 βουλή·
3715 4220 3842 4312 ἀλλ’
3893 4220 4061 4287 apem;

2492 4310 2674 4389 αὐτῶν
2710 4330 2889 4398 γένοιο
2912 4369 2927 4394 ,
2968 4322 3034 4378 σύ
3063 4339 3124 4377 τε
3166 4321 3262 4375 καὶ
3290 4317 3494 4379 πάντες
3525 4315 3575 4367 οι
3606 4310 3957 4371 πεποιθότες
3997 4310 4061 4358 ἐτ’

2487 4426 2674 4487 αὐτοῖς
2714 4421 2850 4493 (66).

2561 4659 2727 4731 290
2764 4655 2906 4724 Ἐγὼ
2936 4654 2993 4707 δὲ
3041 4651 3121 4722 τῷ
3145 4648 3265 4720 Θεῷ
3297 4664 3400 4718 μου
3432 4642 3751 4714 λατρεύσω,
3784 4641 3889 4695 καὶ
3936 4636 4063 4703 uitii

2492 4755 2643 4808 θύσω
2662 4751 2783 4803 ὅλον
2808 4744 3068 4817 ἐμαυτὸν,
3096 4741 3177 4811 τῷ
3196 4739 3317 4809 Θεῷ
3332 4737 3407 4806 τῷ
3439 4737 3636 4804 κτίστῃ
3662 4736 3769 4785 καὶ
3798 4732 4059 4817 προνοηῇ

2486 4840 2599 4894 τῶν
2624 4816 2885 4891 ἀπάντων
2911 4831 3001 4884 διὰ
3029 4827 3125 4881 τοῦ
3165 4827 3374 4897 Κυρίου
3402 4827 3435 4893 ὴ
3446 4824 3562 4892 μῶν
3606 4819 3800 4889 Ἰησοῦ
3835 4816 4061 4889 Χμπίε

2486 4931 2587 5000 τῆς
2619 4917 2835 4989 ἐλπίδος
2866 4921 3026 4993 ἡμῶν
3060 4918 3175 4989 (67)
3196 4955 3214 4979 .
3244 4917 3313 4970 δι’
3350 4909 3411 4969 οὖ
3440 4913 3540 4983 τὴν
3572 4910 3972 4983 προσαγωγὴν
3996 4910 4061 4959 ts-

2486 5023 2741 5092 χήκαμεν
2776 5016 2912 5086 πρὸς
2940 5013 3034 5067 τὸν
3074 5009 3298 5075 Πατέρα
3332 5006 3447 5077 (68)
3476 5004 3584 5058 τῶν
3620 5002 3836 5072 φάντων
3879 5000 3991 5071 (691
4022 5001 4060 5048 ἐι

2488 5110 2773 5181 Πνεύματι
2811 5110 2954 5178 ἁγίῳ
2976 5150 2992 5171 ,
3024 5106 3095 5160 δι’
3125 5098 3189 5158 οὗ
3239 5097 3701 5171 ἐξηγοράσθημεν
3738 5096 3848 5165 τῆς

2486 5203 2732 5267 δουλείας
2759 5202 2816 5254 ὲν
2835 5198 2914 5271 τῷ
2935 5199 3131 5269 αἵματι
3155 5192 3340 5249 αὑτοῦ.
3366 5190 3429 5244 El
3461 5189 3539 5259 μὴ
3564 5189 3679 5258 γὰρ
3705 5188 4055 5240 ιταπιίνωςει

2422 5494 2609 5558 οῦντες
2636 5492 2779 5547 αὐτὰ
2815 5490 2909 5543 καὶ
2937 5486 3138 5549 πάντες
3163 5481 3214 5535 ol
3253 5477 3577 5540 πεποιθότες
3610 5478 3705 5529 ἐπ’
3735 5477 3953 5538 αὐτοῖς.

2471 5647 2838 5708 προσαγωγην
2862 5628 2913 5682 οἱ
2947 5624 3249 5698 ἀμφότεροι
3283 5622 3342 5675 έν
3386 5619 3469 5674 ἐν).
3506 5617 3803 5689 πνεύματι
3838 5618 3969 5690 τεὸς
3994 5609 4052 5661 ατ
