4146 6454
151 394 252 457 ιισυ
1125 393 1294 451 ιἰτιι
1340 392 1686 450 [ιιιιιιΑΑιι
1725 392 1816 450 ET
1855 390 2203 450 JOASAPH.
3151 415 3171 476 ι
3183 416 3282 479 ιτο

139 508 255 570 ἄξιον
277 505 669 575 ἐπιδειξαμένους
708 505 952 573 ἀνδριάσι
988 506 1202 573 λέγεται
1257 507 1349 557 καὶ
1392 504 1613 572 στήλαις
1642 508 1686 562 Α

1729 514 1809 561 tus
1832 507 1912 560 vel
1936 510 2136 563 strenui
2162 510 2340 572 animi,
2376 512 2457 564 vel
2483 513 2748 577 amittitize,
2783 518 2861 570 vel
2892 519 3181 588 cuthSpmm
3206 524 3283 577 al-

134 602 333 667 τιμῆσαι.
373 598 494 650 Οίδὲ
536 600 674 665 μετὰ.
706 596 878 649 ταῦτα
909 596 1007 664 τὴν
1045 598 1151 646 τῶν
1195 597 1472 665 προγόνων
1513 597 1613 662 ἁγ-

1732 598 1896 650 terius
1922 599 2131 651 virtutis
2157 615 2289 664 opus
2317 601 2569 653 memoria
2604 602 2817 669 dignum
2848 607 3151 674 edidissent,
3177 621 3283 664 sta-

1729 689 1833 743 tuis
1854 704 2075 744 ornasse
2103 691 2316 743 dicitur.
2348 691 2552 745 Posteri
2585 702 2782 761 autem,
2829 696 3087 763 majorum
3132 715 3280 754 men‘

1722 789 1826 833 tcm
1875 782 2179 848 ignorantes
2207 820 2224 845 ,
2267 795 2462 848 nempe
2516 783 2656 851 quod
2713 785 2982 837 tremoris:
3029 787 3282 843 duntaxat

1722 882 1883 921 eausa
1925 867 1990 920 iis
2018 869 2105 933 qui
2139 867 2291 922 laude
2318 868 2533 936 dignum
2578 872 2775 938 aliquid
2824 871 3123 928 en‘ecissent
3173 886 3282 929 sta-

1721 969 1838 1011 tuas
1866 967 1919 1013 et
1944 961 2217 1011 columnas
2247 961 2562 1024 erexissent,
2614 962 2869 1018 daemonis
2898 965 3010 1018 vitii
3051 966 3283 1019 auctoris

1722 1062 1885 1116 opera
1913 1048 2164 1115 paulatim
2195 1049 2525 1117 aberrantes,
2586 1055 2827 1107 homines
2872 1055 3058 1108 iisdem
3087 1054 3282 1121 passio-

1720 1142 1874 1194 nibus
1901 1141 2164 1196 obnoxios
2192 1156 2257 1195 ac
2301 1147 2631 1212 corruptioni
2674 1148 2973 1211 subjectos,
3029 1155 3279 1214 tanquam

1722 1236 2049 1291 immortales
2089 1236 2218 1291 deos
2283 1237 2604 1306 adorarunt,
2666 1234 3030 1308 'sacrificiaque
3066 1241 3195 1310 ipsis
3221 1256 3282 1297 ac

1732 1323 1983 1379 libamina
2042 1328 2403 1395 excogitarqu
2473 1347 2487 1385 :
2551 1330 2881 1384 daemonibus
2941 1328 3186 1385 videlicet
3228 1334 3280 1386 in

136 693 366 758 νοήσαντες
392 690 621 759 γνώμην,
664 691 757 743 καὶ
786 691 869 742 ὅτι
894 728 909 751 ,
958 692 1180 759 μνήμης
1214 691 1379 742 ἓνεκα
1431 689 1612 756 μόνον,

132 784 222 842 τοῖς
250 782 483 833 ἐπαινετόν
524 798 578 833 τι
614 782 908 849 ποιήσασιν
941 782 1264 851 ἀνδριάντας
1294 782 1388 834 καὶ
1418 781 1617 845 στήλας

129 872 393 941 ἀνέστησαν,
432 873 568 926 κατὰ
604 873 800 942 μικρὸν
840 872 1184 941 πλανώμενοι
1221 876 1288 942 τῇ
1326 873 1419 925 τοῦ
1454 874 1618 941 ἀρχε-

132 963 271 1014 κάκου
303 962 519 1031 δαίμονος
551 963 830 1033 ἐνεργείᾳ,
865 963 941 1024 ὡς
994 964 1285 1025 ἀθανάτοις
1329 962 1470 1025 θεοῖς
1506 965 1620 1027 τοῖς

124 1054 415 1122 ὁμοιοπαθέσι
439 1056 525 1105 καὶ
559 1052 819 1123 φθαρτοῖς
846 1052 1155 1122 ἀνθρώποις
1191 1053 1618 1121 προσετέθησαν,

125 1145 202 1195 καὶ
240 1144 397 1206 θυσίας
439 1144 617 1207 αὐτοῖς
652 1144 745 1196 καὶ
790 1144 1023 1207 σπονδάς
1066 1146 1467 1215 ἐπενοήσαντο,
1513 1143 1622 1196 τῶν

120 1234 345 1301 δαιμόνων
376 1234 604 1303 δηλονότι
633 1238 748 1296 τοῖς
791 1235 1003 1300 ξοάνοις
1057 1237 1477 1305 ἐνοικησάντων,
1529 1236 1624 1288 καὶ

122 1326 237 1394 πρὸς
265 1326 456 1387 ἑαυτοὺς
499 1324 597 1395 τὴν
631 1325 796 1395 τιμὴν
845 1327 937 1377 καὶ
982 1326 1081 1388 τὰς
1112 1326 1303 1389 θυσίας
1354 1326 1622 1395 μεθελκυ-

120 1416 315 1465 σάντων.
355 1414 563 1466 Ἐκεῖνοι
593 1414 773 1466 τοίνυν
813 1416 939 1475 τοὺς
977 1416 1049 1484 μὴ
1099 1416 1495 1485 δοκιμάζοντας
1530 1418 1622 1469 τὸν

1729 1415 1914 1469 statdis
1962 1416 2337 1484 habitantibus,
2389 1428 2548 1489 atque
2598 1418 2899 1489 huiusmodi
2929 1420 3184 1474 honorem
3231 1431 3284 1476 et

116 1502 229 1555 Θεὸν
254 1502 375 1570 ἔχειν
398 1506 448 1555 ἐν
471 1503 763 1570 ἐπιγνώσει
796 1504 1041 1557 πείθουσι
1070 1505 1226 1569 θεοὺς
1248 1507 1445 1567 αὐτοὺς
1471 1510 1621 1575 ἡγεῖ-

1729 1506 1979 1562 sacrificia
2009 1507 2073 1561 ad
2103 1523 2221 1563 sese
2245 1512 2697 1578 pet-trahentibus.
2752 1513 2825 1567 illi
2868 1513 3045 1582 itaque
3084 1529 3175 1569 eos
3196 1516 3283 1584 qui

118 1592 243 1653 σθαι,
275 1593 398 1645 δυοῖν
424 1595 575 1663 χάριν
598 1611 610 1622 ·
642 1595 705 1647 ἵν’
735 1597 887 1647 αὐτοὶ
929 1597 1026 1665 μὲν
1056 1600 1121 1666 τῇ
1165 1598 1507 1667 προσηγορίᾳ
1536 1598 1625 1651 δο-

1729 1597 1889 1651 Deum
1936 1598 1989 1650 in
2044 1601 2224 1654 notitia
2272 1601 2468 1658 habere
2514 1603 2733 1657 minime
2758 1606 2979 1672 probant
3010 1606 3187 1675 (Rom.
3217 1607 3279 1674 t),

116 1682 329 1745 ξὰζοιντο
348 1685 502 1754 ταύτῃ
521 1684 755 1752 (ἥδονται
787 1688 914 1755 γὰρ,
938 1687 1033 1739 ἆτε
1064 1687 1286 1756 πλήρεις
1312 1688 1625 1751 ἀλαζονείας

1729 1686 1915 1754 duplici
1960 1688 2027 1740 de
2074 1704 2231 1743 causa
2279 1700 2334 1744 ut
2383 1706 2440 1745 se
2485 1692 2615 1747 deos
2669 1707 2788 1748 esse
2831 1696 3138 1749 existiment
3180 1696 3280 1748 ad-

108 1776 259 1834 δντες.
287 1774 354 1835 ὡς
384 1773 487 1825 θεοὶ
525 1776 785 1843 τιμᾶσθαι
810 1780 827 1843 )
854 1815 869 1839 ,
901 1778 1095 1840 αὐτοὺς
1127 1778 1183 1829 δὲ
1219 1778 1313 1840 οὒς
1340 1781 1626 1848 ἠπατήκα-

1729 1775 1921 1830 ducunt
1967 1796 1978 1829 :
2030 1780 2224 1844 altera,
2271 1789 2328 1834 ut
2376 1782 2476 1850 ipsi
2529 1782 2630 1836 hoc
2671 1782 2883 1835 nomine
2913 1784 3280 1850 celebrentur,

108 1880 183 1914 σιν
222 1866 291 1925 εἰς
324 1866 379 1916 τὸ
414 1866 807 1934 ἡτοιμασμένον
847 1868 1030 1928 αὐτοῖς
1071 1868 1330 1921 ἄσϐεστον
1355 1869 1622 1923 ἐλκύσωσι
1657 1852 1698 1907 Β

1729 1866 1951 1933 gaudent
1971 1870 2110 1922 enim
2141 1869 2260 1935 ipsi,
2288 1879 2468 1937 utpote
2498 1870 2633 1923 fastu
2660 1882 2817 1939 atque
2838 1874 3136 1941 arrogantia
3162 1877 3273 1941 ple-

108 1952 208 2024 πῦρ
238 1956 329 2023 (2).
364 1956 517 2007 ’Ὅθεν
567 1958 744 2009 πᾶσαν
769 1958 963 2019 αὐτοὺς
998 1959 1237 2021 ἐδίδαξαν
1282 1962 1626 2029 παρανομίαν

102 2045 189 2093 καὶ
215 2046 519 2114 αἰσχρότητα
543 2086 557 2109 ,
589 2049 664 2109 ὠς
706 2048 853 2111 ἅπαξ
892 2049 1261 2114 ὑποταγέντας
1292 2053 1356 2119 τῇ
1406 2053 1628 2105 ἐκείνων

96 2135 283 2205 ἀπάτῃ.
336 2136 446 2188 Ἐπὶ
473 2138 660 2189 τοῦτον
696 2138 789 2191 οὖν
834 2142 924 2190 τὸν
965 2140 1247 2208 κολοφῶνα
1286 2139 1395 2193 τῶν
1444 2142 1628 2194 κακῶν

93 2223 322 2286 ἐλθόντες
355 2226 401 2277 οἱ
434 2226 708 2295 ἄνθρωποι
731 2267 746 2290 ,
778 2229 1152 2296 ἐσκοτισμένοι
1184 2229 1335 2289 ὄντες
1356 2269 1369 2291 ,
1401 2231 1630 2293 ἕκαστος

90 2312 181 2364 τοῦ
210 2314 330 2367 ἰδίου
369 2314 565 2376 πάθους
615 2319 710 2369 καὶ
761 2317 861 2384 τῆς
914 2318 1048 2378 ἰδίας
1094 2316 1391 2385 ἐπιθυμίας
1432 2317 1628 2385 ἔστησε

91 2403 284 2471 στήλην
309 2446 323 2469 ,
355 2406 442 2457 καὶ
494 2405 613 2459 θεὸν
670 2407 836 2477 299
888 2407 1172 2477 ὠνόμασε,
1211 2407 1489 2477 βδελυκτοὶ
1528 2409 1630 2477 τῆς

89 2494 301 2563 πλάνης,
332 2497 724 2568 βδελυκτότεροι
768 2500 868 2566 τῆς
896 2500 1126 2559 ἀτοπίας
1153 2500 1260 2550 τῶν
1291 2516 1631 2569 προσκυνου-

89 2588 254 2654 μένων
276 2589 713 2658 γενόμενοι.”Εως
745 2588 914 2641 ἐλθὼν
937 2590 965 2640 ὁ
998 2590 1199 2661 Κύριος
1230 2589 1319 2642 διὰ
1350 2590 1631 2661 σπλάγχνα

89 2678 256 2740 ἐλέους
282 2679 355 2745 (5)
382 2674 540 2731 αὑτοῦ
576 2678 919 2749 ἐλυτρώσατο
946 2682 1094 2749 ἡμᾶς
1120 2681 1246 2741 τοὺς
1277 2681 1632 2745 πιστεύοντας

89 2768 226 2836 αὐτῷ
254 2769 348 2838 τῆς
380 2772 617 2839 πονηρᾶς
646 2770 848 2839 ταύτης
881 2774 973 2823 καὶ
1000 2772 1247 2837 ὀλεθρίου
1278 2770 1506 2840 πλάνης,
1537 2773 1632 2826 καὶ

89 2862 274 2925 ιδίδαξε
305 2864 399 2931 τὴν
430 2862 607 2931 άληθῆ
639 2862 988 2929 θεογνωσίαν.
1021 2866 1134 2916 υὺκ
1168 2864 1284 2915 ἐστι
1319 2865 1430 2935 γὰρ
1460 2880 1631 2935 σωτη-

89 2956 185 3016 ;ία,
227 2960 275 3009 εί
316 2958 390 3026 μὴ
423 2960 481 3009 ἐν
508 2957 659 3026 αὐτῷ
699 2957 775 3027 (4)
803 2997 817 3020 ,
860 2960 954 3010 καὶ
984 2960 1082 3011 οὐκ
1125 2958 1275 3011 ἐστιν
1317 2959 1475 3022 ἄλλος
1510 2959 1633 3023 θεὸς

90 3049 192 3098 ιῦτε
223 3050 280 3099 ὲν
305 3046 553 3117 οὐρανῷ,
589 3047 712 3100 οὔτε
744 3050 837 3100 ἐπὶ
872 3050 993 3117 γῆς,
1028 3052 1076 3101 εί
1120 3049 1193 3118 μὴ
1250 3051 1412 3114 αὐτὸς
1476 3053 1634 3121 μόνος

142 3139 234 3191 τοῦ
282 3138 483 3201 παντὸς
520 3140 768 3210 ποιητὴς.
817 3141 845 3192 ὁ
880 3140 1055 3193 πάντα
1091 3140 1270 3210 φέρων
1316 3142 1394 3211 τῷ
1428 3145 1633 3214 ῥήματι

97 3230 164 3294 ἧς
215 3229 499 3299 δυνάμεως
549 3229 715 3282 αὑτοῦ
749 3229 848 3299 (5).
906 3230 997 3298 Τῷ
1023 3229 1164 3298 λόγῳ
1197 3230 1327 3299 γὰρ,
1360 3236 1497 3299 φησὶ
1525 3235 1626 3303 (6),

89 3318 273 3386 ἱυρίου
301 3318 604 3388 οίιοὺρανοὶ
632 3318 1068 3389 ἐστερεώθησαν,
1116 3322 1207 3374 καὶ
1232 3322 1308 3390 τῷ
1360 3322 1632 3391 πνεύματι

89 3407 155 3459 οὗ
210 3409 486 3476 στόματος
531 3409 695 3461 αὑτοῦ
745 3412 895 3462 πᾶσα
936 3413 967 3479 ἡ
1003 3410 1233 3479 δύναμις
1265 3413 1473 3465 αὑτῶν’
1513 3416 1629 3477 καὶ,

90 3496 237 3548 ἄντα
269 3497 439 3563 (7).δι’
459 3495 624 3549 αὐτοῦ
659 3497 895 3565 ἐγένετο,
927 3499 1018 3549 καὶ
1045 3500 1210 3568 χωρὶς
1231 3499 1395 3552 αὑτοῦ
1416 3502 1631 3568 ἐγένετο

90 3591 173 3641 ιδὲ
203 3590 261 3641 ἓν
290 3591 318 3643 ὂ
343 3592 592 3658 γέγονεν.

1725 1957 1806 2020 ni,
1862 1973 1982 2011 cum
2014 1958 2140 2022 ipsis
2171 1969 2415 2027 tauquam
2441 1960 2543 2013 diis
2568 1960 2737 2013 honor
2761 1960 3037 2026 tribuitur;
3094 1962 3278 2025 altera,

1720 2056 1782 2100 ut
1852 2060 1946 2099 eos
2015 2062 2149 2117 quos
2220 2048 2271 2100 in
2348 2045 2588 2100 fraudem
2656 2051 3048 2106 induxerimad
3083 2067 3283 2122 ριιωρα.

1724 2145 1893 2189 ratum
1921 2136 2021 2191 sibi
2052 2140 2435 2204 sempiternum
2460 2138 2633 2206 ignem
2676 2140 2909 2196 trahant.
2963 2142 3141 2210 quue
3184 2156 3284 2197 no.

1723 2225 1867 2280 mine
1893 2228 2038 2280 omni
2067 2228 2247 2295 flagitii
2278 2243 2341 2281 ac
2383 2228 2719 2295 turpitudinis
2743 2244 2939 2298 genere
2989 2230 3132 2298 ipsos
3159 2246 3282 2286 eru-

1723 2317 1953 2381 dierunt,
1981 2319 2117 2372 adeo
2138 2329 2194 2372 ut
2215 2333 2396 2373 eorum
2426 2318 2594 2373 fraudi
2616 2325 2758 2389 atqui
2789 2322 3094 2390 imposturte
3115 2323 3279 2377 semel

1724 2406 1916 2459 addicti
1948 2407 2211 2471 homines,
2267 2410 2459 2461 mentis
2484 2410 2717 2462 tenebris
2763 2409 3085 2475 circumfusi,
3127 2418 3284 2479 atque

1725 2498 1792 2547 ad
1825 2499 2082 2549 tnalorum
2108 2497 2457 2564 coloplionem
2480 2508 2776 2563 venientes,
2824 2500 2902 2554 sui
2929 2501 3149 2569 quisque
3181 2502 3286 2557 vitii

1726 2599 1789 2640 ac
1814 2601 1925 2640 sua:
1959 2588 2263 2655 cupiditatis
2291 2596 2515 2640 statuam
2546 2588 2775 2651 ﬁxerint,
2827 2590 3088 2656 deumque
3120 2591 3285 2643 nomi.

1726 2680 1919 2733 nariut.
1952 2681 2061 2747 Qua
2093 2680 2302 2747 quidem
2354 2682 2405 2732 in
2434 2696 2494 2734 re
2515 2723 2528 2745 ,
2588 2696 2708 2735 cum
2737 2683 2936 2736 erroris
2962 2684 3043 2737 sui
3074 2688 3286 2740 nomin

1726 2774 2032 2824 exsecrandi
2062 2772 2190 2833 sint,
2221 2780 2334 2823 tum
2361 2786 2487 2824 vero
2503 2775 2570 2825 ob
2597 2787 2776 2825 earum
2809 2786 2985 2826 rerum
3009 2786 3139 2840 quas
3161 2772 3285 2827 ado-

1728 2870 1846 2914 rant
1893 2860 2269 2914 absiuditatem
2322 2861 2505 2930 majori
2560 2864 2925 2916 exsecratione
2991 2862 3180 2932 dignos
3227 2877 3287 2919 se

1730 2955 2085 3019 pra:bneruut.
2136 2951 2190 3004 Id
2234 2961 2409 3004 autem
2450 2951 2628 3004 tandiu
2657 2953 2831 3006 locum
2856 2952 3057 3019 habuit,
3112 2952 3286 3022 quoad

1731 3042 1981 3096 Dominus
2012 3057 2103 3108 per
2121 3042 2323 3096 viscera
2351 3041 2725 3096 misericordia
2746 3056 2854 3095 sua:
2875 3057 2971 3095 nos
2998 3043 3088 3109 qui
3120 3044 3285 3107 ipsius

1730 3133 1830 3186 fide
1859 3132 2059 3200 praediti
2093 3148 2298 3196 sumus,
2328 3147 2391 3186 ex
2441 3133 2681 3198 improbo
2709 3147 2770 3184 ac
2814 3133 3065 3201 pestifero
3110 3133 3286 3202 hujus-

1731 3222 1869 3276 modi
1895 3236 2079 3276 errore
2105 3223 2366 3285 liberavit,
2389 3236 2618 3290 veraque
2638 3221 2730 3275 Dei
2754 3223 3051 3290 cognitione
3072 3224 3281 3277 imbuit.

1729 3312 1909 3379 Neque
1932 3311 2073 3364 enim
2109 3312 2161 3364 in
2191 3310 2296 3363 alio
2313 3310 2419 3363 ullo
2438 3311 2580 3364 salus
2611 3320 2714 3375 est,
2737 3325 2835 3365 nec
2874 3322 3071 3382 praeter
3114 3314 3285 3381 ipsum

1723 3402 1896 3454 solum
1947 3401 2036 3468 qui
2067 3399 2319 3453 mundum
2344 3398 2539 3462 effecit,
2600 3390 2670 3453 ac
2705 3402 2914 3454 virtutis
2968 3416 3076 3455 sua:
3121 3407 3286 3457 verba

1725 3492 1900 3546 omnia
1921 3500 2092 3558 portat
2121 3490 2302 3559 (Hebr.
2339 3494 2403 3557 ι),
2433 3490 2569 3544 alius
2597 3491 2728 3545 deus
2755 3502 2844 3544 aut
2879 3492 2929 3544 in
2960 3493 3095 3547 casio
3116 3503 3205 3547 aut
3232 3495 3286 3547 in

1730 3593 1873 3638 terra
1924 3590 2029 3637 est.
2084 3581 2260 3636 Verbo
2318 3582 2458 3635 enim
2507 3582 2739 3646 Domini,
2783 3584 2953 3651 inquit
2996 3585 3105 3649 ille,
3164 3587 3282 3640 coeli

89 3686 240 3738 'mati
270 3697 429 3748 sunt,
464 3697 521 3740 et
557 3686 758 3754 spiritu
794 3685 907 3740 oris
938 3687 1060 3753 ejus
1090 3689 1271 3741 omnis
1298 3690 1476 3744 virtus
1512 3710 1705 3749 corum
1754 3694 1925 3757 (Psal.
1969 3697 2133 3766 xxx")
2162 3713 2175 3760 ;
2211 3706 2373 3765 atque
2416 3699 2600 3752 omnia
2628 3716 2727 3766 per
2759 3699 2937 3767 ipsum
2978 3702 3119 3754 facta
3152 3710 3306 3767 sunt,

107 3780 236 3835 sine
278 3782 408 3850 ipso
445 3782 650 3835 factum
688 3791 771 3836 est
802 3782 943 3836 nihil
992 3784 1140 3853 quod
1172 3781 1378 3838 factum
1407 3799 1489 3839 est.
1524 3788 1709 3850 (Joan.
1740 3794 1799 3855 ι).

132 3888 191 3938 Ὀ
222 3886 282 3938 δὲ
316 3886 551 3949 Θευδᾶς,
585 3884 793 3937 τούτων
822 3883 1064 3945 ἀκούσας
1092 3883 1201 3935 τῶν
1227 3883 1508 3954 ῥημάτων,
1543 3884 1639 3935 καὶ

89 3997 124 4029 τι
158 3979 391 4047 πλήρης
427 3980 458 4030 ὁ
492 3977 649 4043 λόγος
699 3974 1043 4027 θεοδιδάκτου
1089 3974 1283 4040 σοφίας
1317 3972 1635 4041 ἐτύγχανεν,

90 4065 129 4119 ἀ
178 4068 434 4137 βροντῆς
474 4067 592 4136 ήχῳ
626 4065 1034 4133 καταπλαγεὶς,
1088 4064 1301 4133 ἀφωνία
1342 4064 1637 4131 συνείχετο.

90 4157 185 4223 tiri:
240 4156 304 4207 δὲ
353 4156 458 4208 καὶ
493 4154 643 4224 μόλις
676 4157 757 4218 εἰς
796 4153 1051 4223 αἴσθησιν
1090 4152 1260 4205 ἐλθὼν
1302 4153 1400 4220 τῆς
1444 4151 1638 4205 ἐαυτοῦ

89 4244 378 4311 ιλιότητος
408 4243 613 4313 (ἥψατο
644 4242 754 4312 γάρ
789 4243 896 4294 τῶν
922 4242 1320 4312 ἐσκοτισμένων
1346 4239 1639 4309 ὀφθαλμῶν

90 4353 133 4401 ,ς
167 4334 427 4403 καρδίας
456 4334 622 4385 αὑτοῦ
653 4336 681 4385 ὀ
709 4334 975 4403 σωτήριος
1006 4333 1181 4400 λόγος.
1212 4334 1303 4385 καὶ
1336 4332 1500 4394 πολὺς
1532 4331 1641 4383 τῶν

89 4423 343 4491 ῖοτέρων
393 4421 567 4474 αὑτοῦ
607 4421 781 4490 εἰσῄει
829 4420 1205 4490 μετάμελος),
1251 4421 1341 4472 καὶ
1387 4420 1489 4488 τῆς
1532 4417 1641 4471 τῶν

1812 3877 2056 3930 Tlieudas
2084 3886 2258 3930 autem
2287 3892 2405 3929 cum
2446 3876 2559 3929 haec
2588 3878 2742 3931 verba
2774 3879 3081 3944 audivisset,
3131 3888 3287 3949 atque

1742 3964 2044 4034 bujusmodi
2074 3979 2372 4018 sermonem
2401 3966 2652 4019 divinitus
2682 3964 2849 4019 infusa
2894 3968 3151 4033 sapientia
3182 3970 3285 4035 ple-

1741 4071 1863 4108 num
1893 4070 2011 4109 esse
2030 4063 2290 4118 cerneret,
2323 4066 2567 4122 tauquam
2592 4057 2805 4110 touitrui
2830 4073 2961 4110 Souo
2987 4058 3281 4125 perculsus,

1739 4144 1951 4199 silentio
1978 4145 2275 4198 tenebatur.
2308 4144 2545 4197 Tandem
2578 4155 2751 4200 autem
2799 4147 3081 4213 aliquando
3124 4150 3289 4203 inise-

1741 4236 1875 4285 riam
1930 4248 2079 4286 suam
2132 4248 2426 4301 agnoscens
2472 4235 2881 4299 (obtenebratos
2927 4240 3067 4289 enim
3118 4233 3333 4291 cordis'

1745 4324 1912 4389 ipsius
1939 4324 2121 4375 oculos
2146 4323 2388 4374 salutaris
2418 4324 2650 4375 doctrina
2682 4325 2946 4386 tetigerat)
2982 4327 3175 4387 ingenti
3200 4344 3296 4376 ar-

1739 4422 1922 4469 teactaa
1945 4411 2067 4465 vita
2096 4412 2425 4479 pmnitudine
2454 4413 2670 4467 affectus
2701 4418 2810 4474 est;
2839 4421 2996 4476 atque
3042 4404 3303 4460 condem-

89 4513 283 4564 ἑώλων
320 4513 548 4579 πλάνης
574 4512 898 4579 καταγνοὺς,
920 4512 999 4580 τῷ
1020 4510 1215 4578 φέγγει
1237 4511 1333 4580 τῆς
1360 4509 1641 4571 εὐσεϐείας
1675 4502 1705 4558 Ι]

1742 4510 1861 4559 nato
1888 4502 2145 4557 idolorum
2172 4518 2375 4565 errore,
2407 4503 2472 4557 ad
2504 4504 2713 4572 pietatis
2746 4504 2915 4555 lucem
2946 4501 3202 4563 accurrit,
3238 4509 3302 4548 ac

89 4606 434 4674 ιοσέδραμε.
487 4605 599 4656 Καὶ
629 4603 690 4655 τὸ
724 4604 815 4656 ἀπ’
857 4604 1067 4657 ἐκείνου
1111 4601 1255 4656 οὕτω
1298 4602 1400 4672 τῆς
1436 4602 1643 4672 μοχθηο

92 4712 124 4757 ς
185 4696 448 4762 ἀγωγῆς
494 4693 707 4763 ἀπέστη
741 4695 835 4747 καὶ
868 4692 1121 4746 τοσοῦτον
1162 4694 1353 4746 ἑαυτὸν
1378 4695 1491 4754 τοῖς
1528 4690 1647 4745 ἀτί-

90 4804 146 4845 ις
208 4784 629 4854 ἐξεπολέμωσε
668 4785 865 4838 πάθεσι
913 4784 1005 4836 καὶ
1046 4784 1334 4853 μαγείαις,
1362 4784 1494 4853 ὅσην
1537 4782 1646 4855 ἄρα

90 4876 124 4926 ‘o
153 4876 385 4927 τούτου
425 4875 534 4944 τὴν
567 4874 699 4944 πρὸς
735 4873 872 4926 αὐτὰ
911 4872 1092 4940 φιλίαν
1135 4872 1448 4924 ἐσπείσατο.
1496 4872 1629 4923 Τότε

90 4985 115 5015 ν
152 4966 283 5033 γάρ
316 4967 392 5016 ἐν
431 4966 587 5033 μέσῳ
609 4964 701 5017 τοῦ
729 4964 1003 5031 συνεδρίου
1034 4961 1223 5023 ἑστὼς,
1247 4960 1341 5013 τοῦ
1383 4961 1644 5028 βασιλέως

89 5054 554 5122 οκαθεζομένου
579 5096 592 5117 ,
646 5053 857 5123 μεγάλῃ
889 5055 955 5122 τῇ
990 5056 1139 5121 φωνῇ
1179 5052 1404 5120 ἐϐόησεν
1433 5068 1445 5080 ·
1482 5050 1645 5119 300

89 5143 333 5214 ι.ηθῶς,
372 5138 429 5197 ὦ
472 5142 730 5213 βασιλεῦ,
767 5142 984 5212 πνεῦμα
1022 5142 1156 5195 Θεοῦ
1195 5144 1333 5193 οίκεί
1359 5143 1415 5194 ἐν
1448 5141 1525 5210 τῷ
1570 5141 1643 5211 (8)

1741 4592 1991 4658 deinceps
2014 4607 2041 4644 a
2070 4593 2326 4646 scelerata
2354 4602 2406 4646 ct
2436 4592 2754 4646 exsecranda
2773 4591 2894 4643 vitae
2914 4591 3119 4642 ratione
3138 4602 3305 4655 usque

1742 4680 1877 4734 adeo
1921 4694 2040 4734 sese
2072 4682 2325 4742 removit,
2362 4688 2669 4746 tantumque
2715 4694 2837 4732 cum
2868 4677 3111 4747 turpibus
3140 4675 3303 4729 animi

1743 4770 2106 4825 aﬂ'eclionibus
2137 4773 2460 4840 magicisque
2482 4770 2683 4823 artibus
2706 4769 2898 4823 bellum
2922 4767 3109 4837 gessit,
3138 4780 3307 4835 quau-

1744 4872 1851 4915 tum
1884 4871 2005 4915 ante
2034 4862 2230 4915 amoris
2262 4863 2432 4915 foedus
2460 4877 2579 4916 cum
2613 4861 2741 4927 ipsis
2772 4858 3007 4913 ferierat.
3039 4858 3169 4910 Nam
3194 4866 3306 4910 tum

1744 4952 1794 5003 in
1813 4951 1986 5004 medio
2006 4952 2233 5004 concilio
2252 4961 2419 5015 stans,
2450 4951 2767 5019 praesidente
2789 4964 2935 5018 rege,
2959 4962 3147 5013 magna
3180 4960 3310 5001 voce

1744 5040 2059 5094 exclamavit
2091 5057 2103 5091 :
2135 5040 2292 5105 Vere,
2318 5054 2351 5094 ο
2374 5055 2486 5104 rex,
2516 5040 2734 5106 spiritus
2763 5038 2854 5090 Dei
2879 5038 2930 5089 iu
2960 5036 3067 5089 filio
3097 5044 3187 5088 tuo
3213 5035 3311 5087 ha-

1746 5128 1895 5193 bitat,
1924 5144 2047 5183 vere
2068 5129 2222 5183 fracti
2245 5144 2307 5183 ac
2327 5129 2558 5199 supesati
2588 5143 2791 5190 sumus,
2818 5140 2916 5180 nec
2938 5124 3309 5179 defensionem

90 5259 161 5311 2)
203 5258 441 5311 Matth.
480 5271 606 5314 xxv.
657 5257 717 5308 41
755 5275 766 5308 :
824 5257 1129 5324 Πορεύεσθε
1176 5257 1269 5308 ἀπ’
1305 5255 1439 5323 ἐμοῦ
1475 5256 1531 5325 οἱΔ
1572 5254 1943 5325 κατηραμένοι
1975 5254 2053 5315 εἰς
2085 5252 2144 5305 τὸ
2192 5250 2303 5320 πῦρ
2345 5249 2406 5302 τὸ
2446 5245 2682 5309 αἰώνιον,
2714 5240 2776 5294 τδ
2810 5230 3208 5309 ἡτοιμασμένον
3237 5230 3315 5300 τῷ

90 5326 282 5393 ,ϐόλῳ
320 5329 438 5379 καὶ
474 5330 585 5381 τοῖς
617 5326 867 5392 ἀγγέλοις
897 5323 1084 5378 αὑτοῦ.
1131 5326 1286 5379 Conf.
1317 5341 1439 5393 pag.
1471 5323 1559 5389 66,
1604 5342 1656 5377 ιι.
1690 5323 1788 5378 78.

89 5396 170 5467 ᾗ),
206 5383 369 5467 ίίιιο.
416 5414 457 5458 ι,
489 5397 577 5448 78.

89 5458 170 5523 4)·
195 5466 348 5519 Act.
382 5468 586 5532 Apost.
621 5479 695 5523 Iv,
732 5465 795 5517 l2
823 5484 835 5516 ;
870 5464 980 5517 Καὶ
1015 5464 1113 5516 οὐκ
1148 5463 1292 5515 ἔστιν
1314 5466 1370 5516 ἐν
1400 5463 1545 5532 ἄλλῳ
1573 5463 1705 5515 οὐδει

1729 5463 1746 5513 't
1773 5464 1804 5532 ἠ
1841 5458 2095 5529 σωτηρία.

89 5534 153 5598 5)
196 5532 415 5599 Epist.
453 5538 524 5585 ad
561 5532 717 5585 Ho-br.
752 5551 787 5597 ι,
815 5536 867 5586 5.

89 5603 149 5663 Β)
190 5602 377 5655 Psal.
423 5617 601 5665 xxxii,
630 5603 681 5655 6.

89 5673 143 5732 Τ)
186 5670 391 5724 Joan.
441 5686 480 5732 I,
524 5672 577 5724 ὅ.

89 5718 147 5805 33
198 5740 321 5808 Est
358 5718 619 5794 varietas
649 5741 848 5792 ἐνοικεῖ
874 5740 966 5808 τῷ.
1006 5738 1173 5794 liabet
1218 5738 1430 5806 πνεῦμα
1474 5737 1613 5790 οἰκεῖ
1648 5740 1703 5792 ἐν

1729 5734 1878 5792 Paul.
1914 5734 1977 5788 ad
2011 5733 2166 5790 Rom.
2215 5746 2330 5797 τιιι,
2368 5732 2419 5797 9,
2456 5729 2512 5783 ll
2550 5748 2565 5797 ,
2602 5738 2656 5783 ct
2702 5725 3005 5797 πνεύματος
3045 5718 3313 5776 ἐνοικοῦν-

104 5812 181 5860 ἐν
223 5806 278 5862 ll
322 5813 410 5861 ad
446 5808 588 5863 Titii.
625 5824 663 5873 l,
700 5809 781 5869 Η.
