4146 6454
92 424 198 485 1173

1111 421 1281 478 \"lTA
1326 417 1676 478 BARLAAM
1715 417 1809 477 ET
1848 413 2199 476 JOASAPII.

3117 403 3247 469 ιιγι

88 529 231 601 ῥύπου
279 529 492 598 καθαρὸς
534 528 773 600 άνέρχῃ,
831 530 1033 599 μηδένα
1085 530 1272 581 σπίλον
1322 528 1354 598 ἢ
1404 527 1644 599 ῥυτίδα)

1723 544 2050 591 contractam
2074 530 2269 585 tuearis
2299 535 2460 583 atoue
2486 536 2788 579 conserves.

86 596 311 690 αμαρτίας
341 596 759 690 ἐπιφερόμενος,
792 596 902 672 καὶ.
925 620 1109 672 λοιπὸν
1142 620 1234 671 ἐπ).
1264 596 1353 671 σοι
1405 596 1538 671 *ἐστι
1568 617 1628 669 τὸ
1663 615 1987 684 διαφυλάξαι
2040 613 2218 683 ἑαυτῷ
2269 610 2370 681 τὴν
2440 606 2647 660 ἐκεῖθέν
2697 620 2781 657 σοι
2822 596 3265 668 ποοσγινομένην

86 713 307 784 κάθαρσιν
330 714 408 767 διὰ
439 713 726 784 σπλάγχνα
758 714 941 777 ὲλέους
963 713 1099 767 Θεοῦ
1133 714 1290 783 ήμῶν
1322 713 1458 782 (18).

155 806 202 858 ’0
233 807 315 875 μὲν
341 802 427 859 οὖν
455 807 659 869 Θευδᾶς
685 847 699 871 ,
733 806 945 870 τούτοις
983 807 1318 877 κατηχηθεὶς
1350 809 1462 869 τοῖς
1498 806 1599 875 ρή-

85 912 241 963 μασιν,
267 895 439 959 ἔξεισιν
454 896 675 959 εὐθέως,
708 897 801 949 καὶ
841 897 901 948 τὸ
953 895 1185 965 πονηρὸν
1217 897 1393 947 ἐκεῖνο
1430 910 1597 947 κατα-

81 986 232 1037 λαδὼν
260 986 592 1056 άντρον,,καὶ
634 987 732 1049 τὰς
768 986 963 1040 ἑαυτοῦ
1012 986 1191 1038 λαϐὼν
1234 985 1475 1056 μαγικάς
1511 985 1594 1055 βί-

80 1075 232 1139 ϐλους,
248 1076 312 1136 ὡς
334 1077 520 1140 κακίας
544 1077 723 1148 πάσης
749 1076 1020 1147 ἀπαρχὰς,
1041 1080 1113 1140 ὡς
1133 1064 1333 1147 ὀργίων
1356 1076 1599 1145 δαιμονι-

78 1166 173 1217 κὼν
198 1166 495 1237 θησαυροὺς,
522 1168 657 1238 πυρὶ
676 1168 1034 1221 κατέκαυσεν.
1076 1166 1246 1228 asta;
1280 1165 1336 1217 δὲ
1357 1165 1420 1218 τδ
1452 1165 1595 1234 σπή-

76 1255 206 1307 λαιον
234 1256 618 1327 καταλαμϐάνει
651 1257 747 1311 τοῦ
782 1258 924 1329 ἱεροῦ
958 1258 1146 1327 ἀνδρὸς
1185 1256 1394 1309 ἐκείνου
1420 1296 1434 1321 ,
1459 1256 1596 1324 πρὸς

76 1346 126 1397 ὃν
159 1346 238 1399 καὶ
263 1348 287 1399 ὁ
315 1346 508 1416 Ναχὼρ
529 1347 854 1418 ἀπεληλύθει
890 1348 1019 1417 (19),
1051 1348 1143 1399 καὶ
1172 1348 1240 1398 τὰ
1270 1349 1388 1400 κατ’
1433 1344 1597 1398 αὐτὸν

72 1437 304 1508 διηγεῖται
331 1441 522 1503 πάντα,
546 1440 693 1492 κόνιν
721 1442 818 1509 μὲν
847 1442 937 1492 ἐπὶ
969 1439 1211 1507 κεφαλῆς
1248 1438 1595 1508 καταχεάμε-

71 1546 167 1593 νος,
197 1529 361 1599 βαρεῖς
387 1548 443 1583 τε
472 1515 760 1599 ἀναφέρων
800 1531 1141 1599 στεναγμοὺς
1169 1530 1261 1583 και)⁸
1286 1530 1458 1582 λούων
1482 1533 1595 1593 τοῖς

66 1618 299 1688 δάκρυσιν
323 1620 523 1685 ἑαυτὸν,
555 1620 788 1690 καθεξῆς
807 1622 864 1674 δὲ
886 1622 963 1691 τῷ
986 1622 1200 1689 γέροντι
1226 1622 1323 1682 τὰς
1352 1620 1599 1691 μυσαρὰς

68 1710 217 1762 αύτοῦ
260 1711 603 1782 διηγούμενος
659 1712 909 1783 πράξεις.
952 1714 1187 1774 Ἐκεῖνος
1233 1712 1289 1763 δὲ
1315 1753 1330 1777 ,
1375 1713 1501 1780 περὶ
1542 1713 1602 1764 τὸ

1765 808 2015 865 Theudas
2060 812 2223 881 igitur
2258 807 2342 862 his
2382 807 2559 863 verbis
2608 807 2917 873 institutus,
2966 808 3145 863 statim
3203 824 3273 867 ex

1695 900 1813 954 aula
1845 902 2090 969 excedit,
2113 911 2279 973 atque
2304 897 2371 953 ad
2415 898 2729 954 sceleratam
2770 897 3080 967 speluncam
3112 913 3267 955 suam

1698 996 1987 1061 profectus,
2022 993 2261 1063 magicos
2290 989 2460 1047 libros
2487 1005 2614 1043 suos
2639 999 2890 1059 tanquam
2912 988 3136 1045 sceleris
3159 1004 3270 1044 om-

1698 1085 1779 1137 nis
1800 1084 2066 1154 primitias
2082 1124 2098 1150 ,
2127 1097 2191 1137 ac
2211 1081 2603 1138 diabolicorum
2627 1094 2943 1134 arcanorum
2967 1080 3270 1147 thesaurus,

1698 1175 1918 1232 exussit.
1983 1176 2100 1244 Ipse
2143 1186 2319 1231 autem
2362 1171 2430 1229 ad
2478 1171 2813 1227 sacrosancti
2860 1172 3005 1227 illius
3034 1172 3171 1235 viri,
3203 1170 3272 1227 ad

1696 1280 1852 1331 quem
1882 1266 2041 1319 etiam
2066 1264 2275 1319 Nacbor
2296 1270 2630 1333 perrexerat,
2653 1268 2865 1315 antrum
2888 1276 3009 1317 sese
3033 1261 3267 1327 confert,

1698 1368 1986 1421 rerumque
2014 1369 2230 1409 suarum
2261 1353 2501 1407 omnium
2531 1359 2729 1405 statum
2758 1350 2859 1419 ipsi
2905 1350 3145 1419 exponit,
3174 1365 3267 1405 ca-

1698 1440 1789 1509 piti
1819 1458 1918 1495 suo
1944 1453 2136 1496 terram
2164 1456 2479 1511 aspergens,
2500 1454 2795 1509 gravesque
2824 1440 3055 1506 gemitus
3078 1439 3266 1505 edens,

1697 1549 1760 1589 ac
1792 1535 2025 1603 scipsum
2059 1535 2311 1605 lacrymis
2341 1532 2687 1602 perfundens,
2714 1530 3023 1600 nefariaqne
3054 1545 3146 1585 sua
3176 1530 3273 1585 lla-

1698 1628 1823 1695 gitia
1856 1626 1967 1680 seni
1997 1628 2185 1681 ordine
2233 1638 2684 1680 commemorans.
2736 1622 2831 1678 llle
2859 1614 3060 1688 autem,
3092 1632 3149 1676 ut
3178 1623 3271 1689 qui

1698 1716 1885 1768 salutis
1911 1716 2105 1769 anima:
2134 1714 2420 1769 afferenda:
2441 1757 2455 1781 ,
2486 1722 2645 1782 atque
2668 1727 2733 1768 ex
2755 1712 3055 1780 versipellis
3076 1712 3269 1767 draco-

66 1804 220 1856 σῶσαι
246 1806 407 1876 ψυχὴν
453 1807 547 1859 καὶ
577 1807 675 1877 τῆς
707 1806 801 1859 τοῦ
830 1806 1007 1859 δολίου
1035 1807 1326 1875 δράκοντος
1361 1806 1601 1875 ὲξαρπά-
1635 1836 1644 1890 Ι

1703 1806 1781 1859 nis
1806 1804 2049 1859 faucibus
2070 1806 2365 1870 eripienda:
2390 1803 2744 1874 peritissimus
2758 1812 2923 1868 esset,
2945 1802 3269 1858 salutaribus

65 1911 146 1947 σαι
194 1894 455 1964 φάρυγγος
501 1895 885 1965 εὐτεχνὸτατος
938 1894 1033 1957 ὣν,
1083 1895 1377 1965 κατεπᾲδει
1438 1894 1599 1948 αὑτὸν

65 1985 254 2054 ῥήμασι
304 1986 623 2055 σωτηρίοις,
683 1988 949 2053 ἐγγυᾶται
1003 1985 1101 2055 τὴν
1161 1984 1376 2050 ἄφεσιν,
1442 1985 1599 2039 ἵλεων

65 2076 373 2143 ύπισχνεῖται
401 2076 491 2128 τὸν
530 2076 808 2146 δικαστήν.
842 2073 973 2129 Εἶτα
1009 2078 1319 2145 κατηχήσας
1360 2078 1452 2128 καὶ
1504 2093 1599 2147 νη-

65 2162 253 2215 στεύειν
280 2163 366 2216 ἐπὶ
417 2164 621 2227 πολλάς
664 2164 1040 2234 ἐντειλάμενος
1084 2164 1292 2233 ήμέρας
1318 2204 1333 2228 ,
1364 2162 1441 2234 τῷ
1470 2162 1599 2235 θείῳ

65 2252 290 2319 καθαίρει
325 2252 677 2322 βαπτίσματι.
720 2255 829 2308 Καὶ
851 2251 917 2325 ἦν
944 2255 973 2305 ὀ
1002 2254 1289 2325 ἄνθρωπος
1324 2255 1600 2324 μετανοῶν

65 2346 278 2414 γνησίως
307 2346 479 2411 πάσας
522 2345 689 2400 αὑτοῦ
734 2347 830 2409 τὰς
863 2348 1075 2417 ἡμέρας
1096 2388 1111 2409 ,
1150 2349 1234 2414 ἐφ’
1267 2342 1349 2411 οἷς
1382 2346 1600 2417 ἐπλημ-

66 2438 265 2507 ιέλησε,
288 2438 515 2510 δάκρυσι
540 2455 601 2492 τε
628 2438 723 2491 καὶ
752 2440 1075 2509 στεναγμοῖς
1098 2440 1184 2491 τὸν
1209 2442 1339 2492 θεὸν
1367 2438 1601 2504 ἐξιλεούι-

65 2546 223 2592 ιινος.

114 2622 266 2673 ΚΕΦ.
296 2622 411 2674 ΛΓ.
464 2623 525 2673 '0
556 2621 612 2675 δέ
644 2639 703 2690 γε
733 2621 999 2690 βασιλεὺς,
1026 2622 1229 2675 τούτων
1258 2623 1430 2685 οὕτως
1462 2624 1598 2677 ἀπο-

66 2711 272 2773 ἴάντων,
317 2712 583 2765 πάντοθεν
622 2711 982 2781 ὲξαπορηθεὶς
1006 2752 1021 2776 ,
1066 2712 1223 2780 δῆλος
1258 2707 1326 2783 ἧν
1364 2712 1599 2783 ἰσχυρῶς

65 2800 335 2871 ινιὼμενος
367 2802 463 2855 καὶ
495 2803 661 2855 πολὺν
710 2802 802 2855 τὸν
834 2802 997 2855 σάλον
1038 2802 1218 2872 φέρων
1249 2804 1307 2855 ὲν
1333 2806 1398 2873 τῇ
1427 2801 1595 2874 ψυχῇ.

65 2890 384 2954 Ξυγκαλέσας
426 2890 483 2944 δὲ
532 2886 688 2954 αὖθις
738 2892 851 2943 ὅσοι
892 2892 990 2962 τῆς
1048 2891 1352 2960 συγκλήτου
1404 2891 1599 2961 βουλῆς

68 2980 353 3049 τύγχανον,
392 2982 686 3034 ἐσκέπτετο
707 2981 864 3052 303
890 2982 942 3034 τί
972 2982 1157 3034 λοιπὸν
1184 2982 1262 3052 τῷ
1293 2983 1406 3051 ἰδίῳ
1438 2983 1600 3053 ποιή-

66 3086 181 3123 ἐιεν
207 3072 327 3139 υἱῷ.
370 3072 578 3133 Πολλὰς
616 3071 673 3124 δὲ
705 3072 900 3140 βουλὰς
939 3072 1049 3125 τῶν
1084 3072 1295 3124 πολλῶν
1326 3073 1601 3141 ὑποθεμέ-

1698 1896 1877 1949 verbis
1938 1911 2065 1955 eum
2122 1891 2424 1959 demulcet,
2474 1906 2538 1947 ac
2605 1893 2751 1948 velut
2772 1902 3040 1958 exeantat,
3059 1894 3268 1947 veniam

1697 1986 1944 2053 spondet,
1973 2001 2035 2041 ac
2080 1984 2363 2055 propitium
2393 1992 2449 2039 et
2485 1982 2697 2039 facilem
2726 1983 2827 2053 ipsi
2852 1983 3090 2052 iudicem
3142 1983 3257 2039 fore

1701 2076 2000 2145 pollicetur.
2033 2078 2110 2131 Ac
2141 2083 2323 2143 postea
2368 2089 2490 2129 cum
2521 2089 2643 2129 eum
2670 2073 2996 2136 Christiana:
3019 2074 3142 2129 lidei
3175 2090 3267 2129 ru-

1698 2166 1946 2222 dimentis
1991 2167 2301 2231 imbuisset,
2332 2167 2725 2235 multorumque
2754 2163 2966 2219 dierum
3003 2164 3267 2235 jejunium

1703 2257 1803 2325 ipsi
1836 2257 2145 2322 indixisset,
2192 2271 2312 2311 eum
2358 2255 2540 2310 divino
2584 2254 2850 2323 baptismo
2894 2255 3159 2309 lustravit.
3193 2257 3268 2310 Ae

1699 2347 1950 2417 deinceps
1978 2363 2071 2416 per
2097 2360 2309 2401 omnem
2341 2347 2463 2400 vitae
2493 2359 2710 2400 cursum
2736 2344 2825 2400 ille
2847 2346 3061 2400 sincero
3090 2345 3269 2399 animo

1700 2435 1767 2491 de
1790 2436 2037 2490 admissis
2078 2436 2372 2490 sceleribus
2416 2434 2783 2501 paenitentiam
2815 2433 2954 2503 egit,
2986 2434 3264 2505 lacrymis-

1699 2541 1802 2597 que
1831 2542 1893 2581 ac
1920 2527 2207 2593 gemitibus
2231 2526 2398 2581 Deum
2429 2527 2642 2595 placare
2669 2526 2890 2581 studuit.

1770 2616 1899 2669 Car.
1926 2615 2364 2682 XXXlli.—Qu:e
2390 2630 2511 2671 cum
2539 2616 2603 2669 ad
2636 2614 2775 2670 hunc
2817 2616 3030 2670 modum
3060 2616 3269 2671 evenis-

1702 2712 1844 2771 sent,
1877 2720 1971 2759 rex
1997 2706 2205 2761 consilii
2238 2707 2413 2775 inOpia
2439 2708 2671 2775 undique
2695 2707 3001 2770 destitutus,
3038 2707 3090 2762 in
3119 2705 3270 2778 gravi

1703 2796 1859 2863 plane
1885 2809 2116 2851 maerore
2142 2797 2475 2862 versabatur,
2524 2798 2805 2868 animoque
2834 2812 3151 2867 magnopere
3188 2798 3271 2868 ja-

1702 2886 1967 2940 ctabatur.
2012 2887 2210 2942 Coacto
2237 2896 2412 2943 autem
2444 2902 2655 2943 rursum
2685 2899 2893 2955 senatu,
2925 2890 3175 2959 quidnam
3203 2890 3272 2946 de

1704 2972 1814 3030 tilio
1843 2990 1941 3031 suo
1970 2974 2171 3032 faceret
2194 2978 2525 3049 dispiciebat.
2551 2979 2680 3034 Cum
2704 2988 2879 3034 autem
2902 2981 3050 3035 multi
3077 2980 3272 3035 multas

1703 3070 1991 3127 sententias
2023 3072 2074 3125 in
2122 3071 2350 3125 medium
2385 3073 2757 3141 pratulissent,
2785 3071 3022 3126 Aracltes
3056 3072 3165 3136 ille,
3195 3072 3268 3128 de

66 3179 168 3222 ων,
195 3162 224 3213 ὁ
251 3163 509 3232 ἀνωτέρω
532 3162 927 3232 μνημονευθεὶς
964 3163 1197 3233 Ἀραχὴς
1226 3166 1430 3227 ἐκεῖνος
1464 3164 1599 3233 (20),
1630 3185 1644 3237 ε

1703 3175 1809 3229 quo
1837 3161 2079 3230 superius
2106 3163 2432 3217 mentionem
2457 3162 2699 3229 fecimus,
2727 3166 2817 3233 Qui
2842 3173 2896 3217 et
2932 3164 3126 3220 ducum
3157 3180 3218 3221 or
3246 3195 3272 3212 -

68 3252 458 3324 πιφανέστερος
495 3254 594 3323 τὴν
633 3255 929 3324 ἠγεμονίαν
963 3256 1056 3308 καὶ
1096 3258 1311 3326 πρῶτος
1345 3256 1443 3326 τῆς
1474 3256 1599 3325 βου-

68 3344 128 3411 ῆς
156 3344 436 3413 ὑπάρχων,
487 3344 589 3414 ἔφη
765 3344 1004 3414 βασιλεῖ·
1051 3345 1117 3397 Τί
1160 3346 1304 3411 ἔδει,
1357 3347 1601 3415 βασιλεῦ,

68 3432 252 3501 οιῆσαι
287 3431 365 3501 τῷ
397 3432 500 3503 υἱῷ
531 3450 625 3510 σου
649 3435 741 3486 καὶ
773 3435 835 3487 οὐ
870 3436 1272 3504 πεποιήκαμεν,
1298 3436 1393 3489 τοῦ
1418 3440 1603 3491 πεῖσαι
1637 3423 1644 3430 ’

68 3522 195 3576 ὑτὸν
224 3526 339 3586 τοῖς
362 3523 654 3593 ἡμετέροις
682 3524 912 3578 ἕπεσθαι
940 3525 1172 3595 δόγμασι
1200 3527 1296 3579 κα)⁸
1322 3530 1435 3591 τοῖς
1457 3531 1601 3594 θεοῖς

68 3614 187 3682 μῶν
222 3613 545 3685 λατρεύειν;
592 3615 755 3681 Ἀλλ’,
791 3616 867 3679 ὡς
900 3618 1043 3685 ὁρῶ,
1077 3618 1363 3687 ἀνηνύτοις
1400 3621 1609 3690 ἐπιχει-

69 3706 267 3775 ›ὗμεν’
308 3708 374 3759 ὲκ
406 3706 751 3777 φύσεωςγὰρ
794 3708 969 3778 αὐτῷ,
1020 3708 1050 3777 ἦ
1092 3708 1191 3777 τῆς
1230 3709 1397 3777 τύχης
1450 3709 1601 3775 ἴσως,

69 3818 78 3848 ι
112 3799 425 3865 φιλόνεικον
447 3815 506 3851 τε
538 3800 630 3852 καὶ
656 3800 993 3869 ἀμείλικτον.
1015 3799 1077 3852 El
1110 3801 1208 3867 μὲν
1227 3797 1318 3854 οὖν
1350 3801 1605 3870 βασάνοις

69 3890 187 3943 ὕτὸν
222 3889 475 3941 ἐκδοῦναι
511 3889 795 3957 θελήσειας
835 3893 928 3943 καὶ
952 3891 1280 3962 τιμωρίαις,
1315 3893 1379 3945 σύ
1410 3910 1466 3944 τε
1505 3909 1603 3946 πο-

70 3997 207 4049 ημισις
269 3980 373 4050 ἔσῃ
410 3981 507 4049 τῆς
542 3980 759 4048 φύσεως
794 3982 885 4033 καὶ
915 3982 975 4033 οὐ
1012 3983 1192 4051 πατὴρ
1223 3983 1302 4035 ἔτι
1334 3983 1600 4055 κληθήσῃ,

69 4072 287 4123 ἱκεῐνον
318 4071 647 4140 ζημιωθήσῃ
685 4072 916 4139 ἑτοίμως
959 4070 1149 4140 ἔχοντα
1183 4075 1324 4143 ὑπὲρ
1367 4072 1604 4145 Χριστοῦ

72 4163 341 4215 εοθανεῖν.
386 4163 646 4214 Λείπεταε
674 4162 801 4229 γοῦν
845 4163 1000 4215 τοῦτο
1038 4164 1195 4233 μόνον
1224 4170 1477 4234 ποιήσαιο
1527 4168 1602 4219 δι-

72 4255 157 4304 εῖν
181 4252 341 4321 αὑτῷ
372 4252 470 4322 τὴν
496 4252 788 4320 βασιλείαν,
818 4254 911 4305 καὶ
944 4255 1023 4316 εἰς
1050 4253 1112 4305 τὸ
1137 4254 1423 4307 ἐπιϐάλλον
1453 4255 1602 4325 αὐτῷ

71 4345 188 4415 ἔρος
247 4344 563 4413 βασιλεύειν
612 4345 920 4415 ἐπιτρέψαι.
982 4345 1130 4409 Καὶ,
1186 4348 1233 4398 εξ
1285 4347 1381 4415 μὲν
1420 4348 1452 4417 ἡ
1496 4346 1606 4399 τῶν

71 4434 379 4503 ιαγμάτων
408 4433 569 4501 φύσις
596 4436 689 4487 καὶ
721 4437 753 4501 ή
788 4433 1032 4502 μέριμνα
1068 4432 1178 4484 τῶν
1206 4432 1475 4501 βιωτικῶν
1514 4432 1604 4485 έλ-

1706 3251 1853 3306 nium
1881 3251 2214 3307 clarissimus
2242 3264 2375 3319 erat,
2416 3264 2469 3307 et
2496 3254 2790 3323 principem
2815 3256 2866 3309 in
2891 3264 3077 3310 senatu
3100 3256 3271 3314 locum

1704 3342 2013 3408 obtinebat,
2044 3342 2128 3398 bis
2154 3344 2217 3398 ad
2251 3359 2430 3413 regem
2464 3344 2639 3399 verbis
2677 3361 2801 3400 usus
2824 3356 2907 3401 est
2935 3364 2947 3399 :
2972 3346 3271 3416 Quidnam,

1706 3445 1741 3487 ο
1768 3448 1884 3497 rex,
1918 3433 2025 3487 filio
2052 3443 2146 3487 tuo
2178 3432 2357 3488 facere
2396 3438 2631 3502 oportuit
2660 3436 2801 3505 quod
2833 3450 2938 3491 non
2969 3435 3272 3503 fecerimus,

1708 3532 1765 3578 ut
1794 3522 1858 3577 ad
1886 3524 2156 3593 sequenda
2188 3535 2365 3579 nostra
2397 3525 2664 3593 dogmata,
2692 3526 2931 3596 deosque
2954 3538 3163 3583 nostros
3184 3544 3273 3583 co-

1709 3614 1894 3668 lendos
1919 3629 2038 3670 eum
2070 3614 2481 3671 induceremus?
2513 3616 2733 3683 Verum,
2776 3627 2833 3673 ut
2861 3620 3036 3686 video,
3081 3619 3274 3689 impos.

1706 3704 1878 3758 sibilia
1908 3704 2245 3774 aggredimur
2268 3723 2283 3760 :
2310 3707 2569 3775 siquidem
2592 3723 2622 3761 a
2648 3717 2832 3763 natura
2856 3709 2979 3778 ipsi,
3002 3719 3093 3763 aut
3116 3712 3275 3767 etiam

1708 3793 1933 3848 fortasse
1959 3807 1989 3845 a
2020 3792 2260 3861 fortuna,
2314 3797 2610 3864 pervicacia
2654 3805 2710 3851 et
2752 3799 2911 3852 animi
2945 3798 3165 3853 durities
3196 3803 3274 3853 in-

1707 3882 1807 3934 sita
1835 3890 1937 3934 est.
1988 3881 2167 3951 Itaque
2198 3884 2244 3938 si
2296 3884 2467 3953 ipsum
2522 3886 2796 3955 suppliciis
2841 3903 2905 3942 ac
2954 3890 3275 3945 cruciatibus

1705 3970 1920 4026 afficere
1960 3973 2013 4026 in
2069 3977 2304 4027 animum
2362 3975 2671 4043 induxeris,
2743 3986 2850 4032 tum
2910 3981 3021 4048 ipse
3075 3992 3274 4037 natura:

1708 4059 1912 4115 hostem
1966 4069 2018 4117 te
2087 4063 2389 4132 praebebis,
2458 4067 2725 4135 patrisque
2774 4082 2965 4123 nomen
3027 4073 3273 4136 amittes,

1707 4162 1815 4205 tum
1875 4153 2039 4221 ipsius
2085 4153 2343 4224 iacturam
2402 4156 2562 4212 facies
2591 4199 2607 4223 ,
2682 4167 2741 4214 ιιι
2792 4162 2881 4229 qui
2926 4177 3020 4230 pro
3065 4164 3275 4219 Christo

1707 4251 1933 4296 mortem
1982 4253 2234 4309 appetere
2297 4254 2508 4314 paratus
2577 4247 2665 4300 sit.
2720 4248 2997 4317 Reliquum
3043 4260 3129 4306 est
3178 4253 3270 4321 igi-

1706 4342 1793 4387 tur
1840 4340 1898 4386 ut
1970 4333 2107 4388 hanc
2155 4335 2415 4389 rationem
2467 4337 2649 4404 ineas,
2694 4353 2885 4404 nempe
2944 4352 2997 4395 ut
3055 4357 3273 4410 regnum

1705 4440 1827 4479 cum
1857 4438 1921 4479 eo
1954 4427 2220 4493 partiaris,
2276 4427 2432 4495 eique
2462 4428 2517 4481 ln
2574 4444 2635 4483 ea
2686 4441 2833 4497 parte
2876 4446 2992 4499 quae
3039 4434 3103 4487 ad
3150 4448 3271 4487 eum

78 4542 260 4577 σωσιν
292 4525 465 4578 αὑτὸν
497 4526 587 4577 τὸν
624 4527 894 4593 ἡμέτερον
926 4523 1278 4576 ἀσπάσασθαι
1310 4522 1514 4577 σκοπόν
1542 4539 1601 4576 τε
1636 4523 1644 4577 1

1706 4516 1982 4576 attinuerit
2046 4516 2177 4583 regii
2249 4519 2485 4572 muneris
2557 4519 3062 4577 administrationem
3130 4538 3275 4579 com-

74 4616 100 4666 ‘t
144 4613 295 4682 βίον,
338 4613 500 4666 ἔσται
550 4615 681 4681 ήμῖν
712 4612 855 4665 κατὰ
899 4611 1099 4665 σκοπὸν
1128 4612 1189 4664 τὸ
1223 4613 1483 4680 πράγμαο
1521 4611 1603 4674 ,τὰ

78 4722 112 4773 ρ
146 4703 409 4773 ἰσχυρῶς
433 4702 801 4771 βεϐαιωθέντα
825 4706 890 4772 τῇ
912 4704 1059 4773 ψυχῇ
1088 4701 1183 4772 ῑθη
1211 4700 1607 4764 δυσεξάλειπὰ

73 4810 105 4845 τι
138 4794 245 4844 καὶ
274 4791 469 4843 πειθοί
512 4790 709 4859 μᾶλλον
745 4790 778 4858 ἢ
821 4789 913 4859 βίᾳ
941 4789 1339 4859 μεταϐάλλεται
1370 4790 1503 4860 (21).
1539 4792 1603 4843 Et

104 4882 180 4950 τῇ
235 4879 524 4949 θρησκεία
573 4880 884 4949 παραμενεί
924 4879 1035 4947 (22)
1078 4878 1187 4931 τῶν
1237 4878 1599 4949 Χριστιανῶν,

75 4974 130 5024 τὸ
160 4970 235 5042 δὴ
272 4970 449 5023 τοῦτο
468 5009 482 5033 ,
509 4968 571 5021 τὸ
602 4970 677 5040 μὴ
704 4967 1049 5039 ζημιωθῆναι
1079 4985 1139 5020 σε
1181 4967 1292 5038 (25)
1334 4972 1427 5022 τὸν
1464 4969 1598 5033 υἱὸν,

75 5080 153 5115 ται
216 5078 310 5114 σοι
358 5063 464 5130 τῆς
505 5058 744 5129 ἀθυμίας
772 5058 957 5121 ποσῶς
1000 5056 1367 5127 παραμύθιον.
1419 5058 1603 5111 Ταῦτα

75 5156 81 5201 ι
124 5152 360 5223 Ἀραχῆ
395 5151 667 5213 εἰπόντος,
699 5149 901 5211 πάντες
926 5147 1374 5219 συνεμαρτύρουν
1403 5147 1600 5205 ἀποδε-

75 5261 227 5296 ιενοι
263 5242 379 5313 τὴν
426 5240 674 5311 γνώμην.
718 5240 1033 5294 Συντίθεται
1064 5239 1241 5295 τοίνυν
1267 5240 1362 5293 καὶ
1397 5240 1425 5292 ὁ
1455 5238 1602 5307 βασι-

82 5353 112 5399 ;
138 5334 307 5389 οὕτω
344 5331 528 5388 ταῦτα
556 5330 885 5402 διατεθῆναι.

85 5446 183 5511 l8)
221 5446 375 5500 Luc.
416 5460 455 5509 ι,
488 5443 575 5499 78.

78 5518 178 5585 l9)
216 5515 399 5585 Conf.
437 5531 555 5583 pag.
586 5513 710 5585 259.

77 5583 177 5652 ΞΟ)
214 5584 401 5639 Conf.
440 5599 569 5653 pag.
594 5583 715 5637 192.

77 5656 177 5725 2|)
214 5654 290 5717 C,
338 5652 811 5725 μεταϐαλλόμενα.

77 5723 173 5791 22)
212 5726 260 5776 Α
275 5766 291 5787 ,
336 5723 674 5793 παραμένει.

77 5796 177 5857 25)
217 5794 455 5850 Forsan
488 5808 588 5848 σοι.

1711 4605 1908 4659 mittas.
1951 4608 2023 4658 Ac
2052 4607 2095 4658 si
2136 4607 2349 4673 quidem
2382 4610 2713 4677 negotiorum
2746 4618 2950 4673 natura,
2993 4626 3276 4682 rerumque

1710 4693 2091 4747 mundanarum
2120 4708 2246 4749 cura
2273 4710 2393 4750 eum
2422 4698 2486 4750 ad
2522 4702 2820 4752 ιηειιιιιιυηι
2852 4709 3088 4754 nostrum
3119 4704 3273 4757 vite-

1708 4796 1809 4849 que
1840 4796 2006 4851 genus
2036 4785 2464 4850 amplectendum
2496 4796 2870 4855 pertraxerunt,
2902 4803 2989 4842 res
3018 4791 3170 4844 nobis
3198 4808 3264 4846 ex

1708 4874 1964 4925 sententia
2012 4873 2279 4930 succedet.
2333 4875 2506 4930 Mores
2548 4877 2744 4931 etenim
2795 4879 2846 4931 in
2885 4878 3063 4933 animo
3112 4879 3276 4935 vehe-

1709 4970 1917 5015 menter
1960 4962 2293 5021 corroborati
2340 4979 2481 5035 argre
2510 4965 2737 5033 expungi
2786 4974 2943 5036 atque
2985 4966 3275 5023 oblitterari

1707 5062 1951 5121 possunt,
1974 5053 2367 5123 verborumque
2391 5056 2563 5124 potius
2586 5056 2859 5111 blanditiis
2880 5073 3036 5127 quam
3058 5060 3109 5113 vi
3129 5074 3276 5113 com-

1708 5151 1999 5197 mutantur.
2053 5143 2147 5198 Sin
2197 5153 2370 5198 autem
2418 5147 2465 5198 in
2528 5145 2950 5202 Christianorum
3017 5150 3271 5219 religione

1709 5238 2020 5304 perstiterit,
2049 5235 2178 5291 illud
2211 5236 2380 5305 ipsum
2431 5250 2599 5305 certe,
2630 5241 2767 5309 quod
2813 5241 2863 5295 fil
2889 5255 2922 5303 ο
2951 5258 3051 5297 non
3083 5244 3156 5297 sis
3183 5260 3272 5297 or-
