4146 6454
127 409 233 469 nar.
1164 409 1339 470 VITA
1376 407 1732 468 BARLAAM
1770 405 1866 464 ET
1901 407 2248 466 JOASAPH.
3187 383 3348 484 ,πεδ’

121 515 399 571 Δεσποτικοῦ
437 515 810 587 χαρακτῆρος,
840 515 1070 586 δάκρυσι
1108 517 1208 587 τὴν
1238 517 1343 585 γῆν
1375 516 1621 586 κατιξὸρε¹

1752 539 1942 585 etante
1959 529 2285 583 Domitiicam
2310 529 2533 597 efﬁgiem
2566 530 2617 581 in
2647 531 2832 586 faciem
2855 534 3095 602 abjectus
3124 547 3316 594 ten-am

119 625 222 678 χεν,
248 609 566 676 εὐχαριστῶν
595 605 731 675 ὁμοῦ
770 605 849 676 τῷ
886 606 1120 677 δεσπότῃ
1163 609 1257 660 καὶ
1291 608 1621 677 ἐξομολογούι

1752 621 2000 688 iacrymis
2023 619 2390 688 perfundebat,
2409 623 2561 671 simul
2590 631 2644 674 ct
2677 622 2898 679 Domino
2912 629 3109 695 gratias
3121 645 3305 698 agens,

120 719 269 771 μενος,
300 702 384 753 καὶ
409 700 559 770 χείλη
589 701 963 769 ἀγαλλιάσεως
993 702 1158 754 κινῶν
1183 701 1318 773 πρὸς
1345 701 1618 772 ὑμνῳδίαν

1751 720 1804 764 et
1826 710 1893 763 ad
1924 709 2090 778 ipsius
2122 708 2479 761 laudationem
2508 712 2877 767 exsultationis
2901 715 3038 770 labia
3066 732 3313 783 movens,

1752 801 1940 868 hisque
1965 801 2141 853 verbis
2166 809 2320 852 utens
2347 816 2359 850 :

155 901 378 968 ﬁnitimo
423 917 502 960 σε,
527 901 720 969 λέγων,
747 902 776 954 6
801 900 934 963 Θεός
970 919 1072 972 μου
1103 902 1196 954 καὶ
1225 901 1475 972 βασιλεύς
1511 919 1613 972 μου

1822 889 2080 943 Exaltabo
2102 898 2174 951 te,
2199 889 2336 942 Deus
2356 904 2504 942 meus
2530 889 2662 954 Rex,
2687 902 2741 946 et
2764 893 3070 948 benedicam
3102 899 3302 952 nomini

113 995 192 1046 καὶ
212 993 464 1060 εὐλογήσω
486 993 547 1044 τὸ
575 993 748 1062 ὄνομά
779 1009 870 1044 σου
901 996 979 1056 εἰς
1001 993 1090 1045 τὸν
1122 993 1294 1046 αἰῶνα
1321 994 1411 1046 καὶ
1440 994 1520 1055 εἰς
1549 994 1621 1045 τοι

1750 987 1842 1030 ιιιο
1873 979 1924 1030 in
1955 979 2227 1039 saeculum,
2259 989 2309 1031 et
2342 978 2395 1030 in
2437 979 2688 1032 smeulum
2739 983 2936 1034 szeculi.
2968 983 3186 1051 Magnus
3231 1001 3312 1050 es,

109 1083 252 1134 αἰῶνα
288 1082 372 1134 τοῦ
409 1082 606 1144 αἰῶνος
633 1095 647 1111 ⁸
703 1083 875 1151 μέγας
919 1079 991 1146 εἴ,
1041 1083 1248 1152 Κύριε,
1291 1085 1384 1137 καὶ
1427 1083 1621 1146 αἰνετὸς

1751 1066 1994 1129 Domine,
2019 1076 2074 1119 et
2100 1067 2374 1120 laudabilis
2396 1068 2569 1132 valde,
2598 1078 2650 1122 et
2680 1072 3053 1138 magnitudinis
3079 1085 3181 1128 tu:e
3206 1091 3310 1129 non

108 1175 300 1242 σφόδρα,
318 1175 407 1225 καὶ
427 1175 524 1242 τῆς
546 1174 936 1244 μεγαλωσύνης
952 1190 1043 1226 σου
1062 1173 1161 1227 οὐκ
1177 1174 1293 1226 ἔστι
1310 1175 1484 1244 πέρας
1501 1173 1621 1244 (49).

1748 1169 1829 1210 est
1859 1157 1978 1210 linis
2022 1155 2194 1224 (Paul.
2220 1159 2420 1226 cxuv).
2479 1159 2544 1212 Et
2600 1159 2721 1228 quis
2767 1158 3010 1228 loquetur
3049 1170 3314 1232 potentias

105 1265 198 1316 Καὶ
223 1263 293 1323 τίς
312 1263 526 1330 λαλήσει
557 1264 654 1326 τὰς
679 1263 993 1326 δυναστείας
1029 1281 1144 1325 σου,
1175 1264 1446 1323 άκουστὰς
1479 1265 1621 1333 ποιή-

1748 1255 1868 1298 tuas
1891 1285 1907 1309 ,
1945 1246 2151 1298 auditas
2189 1247 2347 1299 faciet
2384 1260 2568 1300 omnes
2603 1248 2782 1302 laudes
2821 1259 2938 1303 tuas
2981 1251 3150 1322 (Psai.
3184 1255 3312 1322 cv)?

103 1373 173 1405 σει
211 1355 366 1418 πάσας
393 1355 492 1416 τὰς
517 1355 753 1417 αἰνέσεις
776 1370 870 1407 σου
904 1354 1039 1424 (50).
1067 1353 1160 1406 τοῦ
1190 1354 1517 1424 στρέψαντος
1537 1354 1621 1424 rip

1747 1339 1844 1406 Qui
1866 1338 2176 1392 convertisti
2207 1351 2408 1406 petram
2440 1341 2490 1392 in
2512 1338 2696 1409 Stagna
2719 1355 3002 1409 aquarum,
3027 1351 3082 1394 et
3125 1358 3322 1412 rupem

99 1445 280 1512 πέτραν
319 1447 393 1508 είς
433 1445 628 1514 λίμνας
667 1445 874 1498 ὑδάτων
912 1445 1008 1497 καὶ
1059 1445 1159 1513 τὴν
1210 1445 1512 1514 ἀκράτομον
1556 1443 1621 1505 εἰς

1747 1429 1798 1481 in
1825 1427 1996 1481 fontes
2015 1441 2268 1496 aquarum
2297 1427 2471 1492 (Paul.
2504 1431 2677 1498 cxttt).
2703 1430 2780 1484 En
2803 1432 2944 1484 enim
2967 1432 3125 1485 etiam
3154 1449 3312 1500 rupes

94 1535 239 1606 314
270 1536 440 1604 πηγὰς
489 1535 693 1589 ὑδάτων
732 1536 813 1604 (5|
825 1547 878 1600 );
936 1534 1065 1587 Ἰδοὺ
1101 1534 1208 1604 γὰρ
1247 1535 1280 1602 ἡ
1329 1534 1621 1601 ἀκρότομος

1747 1514 1881 1580 haec,
1910 1530 1974 1568 ac
1998 1531 2128 1581 rupe
2151 1516 2332 1569 durius
2362 1518 2527 1584 patris
2551 1520 2653 1570 mei
2683 1533 2884 1586 pectus,
2919 1530 3006 1574 tua
3038 1522 3313 1577 voluntate

1746 1620 1880 1658 certe
1909 1607 2079 1658 instar
2103 1607 2392 1658 emollitum
2417 1617 2516 1660 est.
2545 1607 2700 1660 Potes
2725 1624 2865 1661 enim
2895 1613 3054 1663 etiam
3079 1625 3140 1663 ex
3175 1612 3310 1676 lapi-

1746 1695 1900 1748 dibus
1919 1696 2154 1748 excitare
2177 1696 2314 1748 filios
2343 1696 2572 1750 Abrahae
2594 1698 2808 1764 (Matth.
2843 1700 2945 1765 ιιι).
2972 1701 3181 1754 Gratias
3213 1703 3309 1754 tibi

1744 1797 1866 1851 ago,
1890 1783 2116 1850 benigne
2142 1782 2360 1837 Domine
2381 1799 2443 1836 ae
2467 1787 2602 1839 Deus
2632 1790 3028 1855 misericordiae,
3060 1791 3312 1857 quoniam

1665 1861 1702 1912 η
1750 1871 1801 1922 in
1834 1871 2059 1938 peccatis
2092 1874 2288 1924 nostris
2321 1873 2538 1926 lenitate
2568 1890 2696 1928 usus
2720 1891 2801 1939 es,
2833 1887 2992 1944 atque
3019 1881 3310 1933 etiamnum

1747 1963 1931 2024 uteris,
1963 1970 2015 2015 et
2037 1964 2100 2015 ad
2133 1962 2270 2015 hunc
2294 1979 2459 2030 usque
2487 1966 2628 2018 diem
2657 1967 2941 2033 impunitos
2965 1985 3062 2020 nos
3095 1972 3311 2037 reliqui-

1744 2054 1808 2107 sti
1841 2052 2051 2119 (Basil.,
2103 2056 2194 2106 lib.
2241 2054 2416 2108 Const.
2448 2071 2493 2106 ε.
2522 2057 2600 2124 1).
2634 2057 2763 2109 Nam
2814 2073 2910 2112 nos
2945 2060 3154 2124 quidem
3197 2061 3306 2127 jam

1743 2143 1944 2210 pridem
1983 2159 2010 2196 a
2044 2154 2130 2195 tua
2162 2141 2297 2196 facie
2335 2145 2492 2210 abjici
2523 2147 2878 2209 merebamur,
2922 2156 3081 2216 atque
3126 2150 3177 2202 iu
3209 2153 3307 2203 hac

1743 2235 1846 2285 vita
1885 2233 2093 2300 publica
2125 2230 2337 2285 infamia
2372 2233 2561 2298 notari,
2586 2236 3030 2303 quemadmodum
3062 2242 3303 2292 scelerati

1741 2323 1816 2379 illi
1845 2323 2211 2391 Pentapolitae,
2242 2326 2330 2393 qui
2365 2327 2468 2391 igni
2513 2340 2576 2378 ac
2622 2327 2880 2394 sulphure
2907 2329 3303 2397 conflagrarunt

1741 2414 1893 2483 (Ceu.
1915 2415 2046 2485 ιιι).
2072 2418 2140 2469 At
2177 2419 2432 2485 patientia
2465 2426 2520 2470 et
2545 2418 2972 2484 incomparaliilis
2998 2420 3184 2475 lenitas
3215 2432 3303 2476 tua

1741 2505 1966 2573 benigne
1995 2507 2270 2559 uobiscum
2305 2507 2429 2574 egit.
2461 2506 2670 2561 Gratias
2697 2507 2790 2560 tibi
2816 2523 2914 2575 ago
2938 2509 3185 2578 indiguus
3205 2528 3305 2580 ego

1740 2608 1801 2646 ac
1829 2594 2183 2660 destiieabilis,
2224 2596 2431 2649 etiamsi
2461 2599 2767 2666 benignitati
2798 2611 2900 2652 tua:
2941 2599 3214 2655 laudanda:
3241 2617 3305 2656 ac

1739 2683 2065 2736 celebrandm
2097 2687 2264 2751 impar
2289 2699 2426 2736 sum.
2457 2685 2532 2737 Ac
2564 2693 2636 2747 te,
2671 2686 2888 2740 Domine
2912 2688 3037 2742 Jesu
3063 2687 3298 2754 Christe,

1739 2771 2015 2823 invisibilis
2057 2771 2231 2825 Patris
2272 2772 2367 2825 Fili
2413 2788 2474 2826 ac
2497 2772 2750 2837 Verbum,
2790 2777 2876 2844 qui
2915 2779 3089 2830 omnia
3141 2780 3302 2833 verbo

1738 2861 2053 2929 produxisti,
2103 2877 2164 2914 ac
2193 2864 2464 2916 voluntate
2504 2873 2591 2916 tua
2634 2866 2875 2919 contines
2904 2877 2959 2920 et
2999 2871 3179 2934 tueris,
3211 2875 3299 2939 qui

1740 2952 1792 3004 in
1821 2953 1962 3018 ligno
1979 2960 2232 3006 extensus
2257 2967 2336 3017 es,
2375 2968 2438 3007 ac
2467 2953 2654 3008 fortem
2683 2957 2894 3010 vinxisti
2925 2957 3136 3025 (Matth.
3173 2962 3295 3030 ιιιι),

1736 3039 1910 3102 iisque
1932 3040 2021 3107 qui
2049 3041 2115 3092 ab
2147 3055 2212 3093 eo
2255 3040 2412 3093 vincti
2445 3044 2784 3110 tenebantur,
2813 3048 3192 3113 sempiternam
3235 3051 3299 3103 li-

1735 3127 1990 3181 bertatem
2036 3132 2289 3194 attulisti;
2327 3142 2376 3184 te
2407 3132 2620 3200 inquam
2649 3150 2742 3202 per
2781 3139 3148 3193 miserationes
3181 3152 3297 3195 tuas

1733 3215 1988 3279 obtestor,
2025 3229 2082 3271 ut
2105 3235 2243 3274 nunc
2271 3235 2483 3288 quoque
2523 3223 2838 3277 invisibilem
2866 3236 2920 3278 et
2947 3231 3182 3283 omnium
3214 3247 3298 3284 re-

1731 3322 1847 3361 rum
1893 3308 2211 3362 effectricem
2263 3326 2476 3364 manum
2508 3321 2647 3365 tuam
2680 3317 2954 3378 extendas,
2988 3334 3047 3371 ac
3083 3335 3292 3374 servum

1729 3406 1877 3451 tuum
1908 3407 1963 3452 et
2002 3411 2202 3466 patrem
2233 3415 2407 3454 meum
2439 3417 2504 3455 ex
2531 3405 2677 3469 gravi
2722 3406 2806 3456 illa
2844 3405 3037 3460 diaboli
3068 3413 3292 3478 captivi-

1731 3493 1839 3540 tate
1868 3501 2091 3555 prorsus
2143 3489 2358 3554 liberes,
2403 3501 2560 3557 teque
2599 3493 2918 3560 sempiterna
2964 3498 3068 3550 vita
3101 3501 3292 3566 pra'di-

1736 3584 1866 3638 tum,
1909 3586 1962 3630 et
1987 3592 2168 3631 verum
2202 3580 2364 3633 Deum
2396 3595 2458 3633 ac
2477 3583 2648 3635 solum
2680 3587 3029 3640 immortalem
3061 3599 3115 3642 et
3138 3602 3294 3646 mter-

1726 3683 1850 3720 num
1884 3669 2079 3738 Regem
2113 3686 2231 3724 esse
2271 3672 2603 3738 apertissime
2631 3675 2726 3742 ipsi
2775 3678 3046 3734 ostendas.
3074 3679 3292 3734 Contri»

1725 3759 1921 3813 tionem
1962 3776 2143 3828 quaeso
2177 3762 2340 3814 animi
2387 3765 2486 3815 mei
2531 3767 2758 3832 propitio
2787 3781 2849 3819 ac
2891 3769 3094 3834 placido
3135 3775 3291 3826 oculo

1722 3848 1921 3913 aspice,
1961 3865 2025 3902 ac
2055 3866 2152 3917 pro
2179 3865 2239 3903 ea
2266 3863 2351 3904 tua
2382 3854 2782 3920 pollicitatione,
2807 3858 3034 3926 inquam
3070 3864 3290 3914 menda-

1721 3937 1863 3989 cium
1893 3953 1999 3991 non
2048 3943 2210 4003 cadit,
2261 3955 2288 3992 a
2322 3946 2454 3995 meis
2486 3945 2722 4009 partibus
2752 3953 2854 4007 sta,
2892 3949 2977 4011 qui
3024 3959 3074 4001 te
3114 3965 3289 4002 rerum

1722 4029 1956 4082 omnium
2007 4031 2333 4099 eﬂ'eetorem,
2383 4037 2736 4098 conditorem,
2789 4047 2843 4090 et
2882 4039 3289 4108 gubernatori-ru

1723 4119 1982 4174 confiteor
2018 4132 2072 4174 et
2100 4135 2351 4188 agnosco.
2387 4123 2423 4175 F
2432 4124 2541 4176 luat
2587 4127 2637 4176 in
2683 4141 2768 4178 me
2797 4127 2992 4179 saliens
3036 4144 3168 4196 aqua
3203 4140 3287 4182 tua

1721 4211 1906 4277 (Joan.
1950 4216 2052 4278 tvl,
2093 4216 2353 4283 deturque
2398 4217 2524 4270 mihi
2560 4232 2738 4272 sermo
2787 4217 2838 4270 in
2869 4221 3143 4282 apertione
3181 4225 3291 4273 oris

1723 4301 1936 4372 (Eplm.
1963 4307 2059 4372 vt),
2083 4318 2144 4354 ae
2183 4318 2336 4356 mens
2364 4306 2415 4358 in
2448 4317 2498 4358 te
2540 4307 2773 4370 angulari
2818 4306 2989 4372 lapide
3022 4317 3165 4359 recte
3197 4309 3286 4360 de-

1720 4396 1849 4460 ﬁxa,
1869 4402 1927 4447 ut
1946 4409 2066 4462 ego,
2092 4394 2290 4447 inutilis
2309 4410 2494 4448 servus
2514 4407 2653 4453 tuus,
2675 4396 2806 4462 patri
2833 4410 2950 4448 meo
2973 4398 3291 4451 incarnatio~

1719 4482 1804 4534 uis
1842 4494 1942 4535 tute
1974 4485 2306 4552 mysterium,
2355 4487 2427 4536 uti
2465 4498 2559 4551 par
2593 4494 2696 4546 est,
2724 4497 3032 4550 .exponere,
3073 4496 3231 4552 atque
3255 4503 3286 4539 ει

1717 4586 1856 4625 vano
1885 4575 2259 4640 peSLiferorum
2305 4575 2604 4627 daamonum
2635 4589 2816 4626 errore
2855 4590 2950 4642 per
2994 4578 3282 4641 potentiam

1719 4673 1864 4716 tuam
1904 4663 2076 4730 ipsum
2105 4643 2390 4724 abducere,
2441 4664 2641 4730 tibique
2674 4664 2782 4716 Deo
2813 4679 2876 4715 ac
2916 4663 3158 4726 Domino,
3191 4669 3282 4732 qui

1717 4765 1822 4804 non
1847 4752 1926 4804 vis
1957 4760 2183 4804 mortem
2215 4761 2579 4820 peccatorum,
2613 4754 2703 4803 sed
2751 4766 2934 4805 eorum
2967 4753 3280 4818 resipiscen-

1717 4839 1842 4890 tiatu
1872 4853 1935 4891 ac
1958 4841 2321 4892 omnitentiam
2351 4851 2630 4901 exspectas
2660 4838 2871 4905 (Ezech.
2899 4839 3074 4906 xviii),
3102 4844 3281 4894 conci-

1727 4939 1855 4990 Lare
1901 4951 2110 5002 queam.
2167 4935 2427 5000 Quoniam
2475 4945 2530 4990 tu
2580 4937 2842 5005 gloriosus
2893 4955 2952 4993 cs
2999 4939 3050 4994 in
3089 4944 3280 4995 saecula

1723 5039 2056 5081 saeculorum.
2081 5041 2272 5081 nmen.

92 1627 217 1694 αῦτη
253 1628 336 1677 καὶ
369 1626 574 1695 πέτρας
604 1626 945 1696 σκληροτέρα
974 1625 1170 1695 καρδία
1215 1623 1308 1675 τοῦ
1351 1622 1486 1691 ἐμοῦ
1530 1639 1633 1674 πα-

89 1718 221 1785 τρὸς,
244 1716 326 1768 σοῦ
353 1717 704 1785 θηλήσαντος,
724 1717 858 1768 ὡσεὶ
877 1717 1044 1786 κηρὸς
1067 1715 1372 1784 ἐμαλάχθη.
1399 1714 1634 1766 Δυνατὸν

87 1808 186 1874 γάρ
212 1823 282 1859 σοι
319 1808 405 1858 καὶ
451 1808 513 1858 ἐκ
543 1807 652 1860 τῶν
689 1806 852 1858 λίθων
882 1807 1086 1858 τούτων
1119 1808 1329 1876 ἐγεῖραι
1361 1805 1526 1858 τέκνα
1553 1804 1632 1872 τῷ

98 1897 326 1968 Ἀϐραάμ
347 1898 481 1966 (52).
512 1896 834 1967 Εὑχαριστῶ
857 1914 962 1959 σοι,
989 1897 1234 1950 Δέσποτα
1259 1896 1626 1964 φιλάνθρωπε,

81 1989 175 2039 Θεὲ
194 1987 279 2038 τοῦ
302 1987 502 2048 ἐλέους,
525 1987 607 2038 ὅτι
637 1985 1104 2057 ἐμακροθύμησας
1131 1986 1224 2037 καὶ
1257 1985 1631 2056 μακροθυμεῖς

78 2082 181 2141 τοῖς
209 2080 634 2148 παραπτώμασιν
663 2081 693 2147 ἡ
702 2079 839 2149 μῶν,
863 2080 956 2132 καὶ
978 2078 1081 2141 ἓως
1104 2077 1198 2130 τοῦ
1228 2079 1321 2131 νῦν
1346 2077 1630 2147 ἀτιμωρή-

74 2186 195 2230 τους
227 2171 364 2238 ἡμᾶς
408 2171 601 2231 εἴασας
633 2167 793 2222 εἶναι.
843 2171 1033 2238 Ἡμεῖς
1063 2170 1160 2238 μὲν
1183 2172 1290 2238 γὰρ
1317 2169 1458 2232 ἄξιοι
1484 2163 1628 2236 ἦμεν

76 2261 232 2313 πάλαι
261 2263 625 2333 άπορῤιερῆναι
672 2262 779 2314 ἀπὸ
802 2261 896 2313 τοῦ
938 2261 1229 2330 προσώπου
1273 2278 1367 2313 σου
1399 2261 1492 2312 καὶ
1524 2275 1628 2310 πα-

65 2353 576 2422 ραδειγματισθῆναι
607 2357 666 2407 ἐν
708 2353 786 2423 τῷ
821 2353 920 2422 βίῳ
945 2353 1138 2422 τούτῳ,
1169 2353 1244 2414 ὼς
1273 2355 1320 2404 οἱ
1351 2352 1450 2422 τὴν
1491 2351 1626 2403 Πεν-

67 2444 283 2496 τάπολιν
325 2446 598 2508 οἰκοῦντες
639 2446 750 2515 (55)
795 2449 1138 2516 παράνομοι,
1180 2447 1313 2516 πυρὶ
1345 2445 1440 2498 καὶ
1496 2443 1624 2513 θείῳ

65 2535 523 2598 κατακαυθέντεςο
571 2539 603 2606 ἠ
651 2537 707 2590 δὲ
753 2538 1071 2599 ἀνείκαστός
1121 2553 1215 2589 σου
1272 2535 1624 2608 μακροθυμία

61 2625 602 2697 ἐςιλανθρωπεύσατο
623 2629 701 2690 είς
719 2630 887 2697 ἡμᾶς.
912 2629 1230 2698 Εὐχαριστῶ
1249 2645 1330 2682 σοι
1349 2631 1378 2682 ὁ
1399 2629 1623 2698 εὐτελὴς

57 2716 171 2784 ἐγὼ
198 2719 288 2768 καὶ
318 2717 553 2780 ἀνάξιος,
589 2720 636 2769 εἰ
669 2722 762 2770 καὶ
797 2719 870 2789 μὴ
901 2721 1126 2789 ὑπάρχω
1160 2720 1442 2788 αὐτάρκης
1486 2720 1623 2787 πρθις

53 2808 361 2875 δοξολογίαν
418 2808 516 2875 τῆς
565 2808 668 2876 σῆς
722 2810 1075 2878 άγαθότητος.
1122 2811 1230 2863 Καὶ
1275 2809 1465 2878 δέομαι
1513 2809 1622 2860 τῶν

46 2901 378 2967 ἁμετρήτων
421 2917 513 2951 σου
560 2901 883 2970 οἰκτιρμῶν,
939 2902 1112 2970 Κύριε
1176 2902 1350 2970 Ἰησοῦ
1394 2903 1616 2973 Χριστὲ,

52 2989 151 3040 Υίέ
190 2992 280 3042 καὶ
310 2982 463 3056 ’Λόγε
500 2989 593 3041 τοῦ
627 2991 861 3059 ἀοράτου
901 2991 1111 3060 Πατρδς
1134 3031 1148 3054 ,
1183 2993 1211 3043 6
1251 2992 1430 3043 πάντα
1479 2991 1618 3060 λόγῳ

40 3079 388 3148 παραγαγὼν
417 3081 510 3133 καὶ
537 3079 802 3150 θελήματι
831 3083 908 3150 τῷ
937 3082 1015 3151 σῷ
1043 3082 1300 3151 συνέχων,
1326 3085 1354 3133 6
1378 3083 1619 3152 ῥυσάμε-

37 3187 136 3231 νος
165 3172 315 3238 ἡμᾶς
345 3171 470 3231 τοὺς
511 3170 760 3233 ἀναξίους
801 3171 1020 3232 δούλους
1054 3188 1146 3222 σου
1177 3172 1290 3239 ,τῆς
1330 3172 1424 3223 τοῦ
1455 3174 1617 3242 ἀρχε-
1649 3205 1693 3263 c

34 3263 219 3313 κάκου
252 3261 451 3331 ἐχθροῦ
477 3262 737 3326 δουλείας,
764 3267 793 3316 6
813 3264 1000 3327 ταθεὶς
1031 3267 1123 3317 ἐπὶ
1153 3264 1309 3328 ξύλου
1336 3269 1428 3318 καὶ
1457 3266 1623 3334 δήσας

33 3353 133 3404 τὸν
171 3353 394 3420 ἰσχυρὸν
417 3393 432 3416 ,
475 3354 568 3405 καὶ
601 3357 711 3416 τοῖς
759 3356 849 3406 ὑπ’
887 3357 1096 3407 ἐκείνου
1137 3355 1366 3408 δεθεῖσιν
1405 3357 1622 3411 αἰώνιον

33 3443 448 3513 ἑπιόραϐεύσας
482 3444 813 3514 ἐλευθερίαν
848 3446 1007 3508 αὐτὸς
1044 3446 1139 3499 καὶ
1165 3446 1234 3498 τὰ
1264 3448 1357 3499 νῦν
1381 3448 1621 3502 ἔκτεινόν

33 3551 136 3584 σου
164 3535 266 3602 τὴν
288 3535 518 3603 ἀόρατον
548 3537 703 3605 χεῖρα
725 3536 820 3588 καὶ
850 3537 1212 3604 παντουργὸν,
1244 3538 1339 3590 καὶ
1359 3540 1438 3600 εἰς
1467 3539 1620 3602 τέλος

33 3627 409 3696 ιλευθέρωσον
458 3627 550 3678 τὸν
599 3626 784 3678 δοῦλόν
839 3643 931 3678 σου
979 3630 1073 3679 καὶ
1117 3629 1328 3697 πατέρα
1376 3646 1476 3698 μου
1521 3630 1620 3699 τῆς

33 3719 289 3786 {alexi};
342 3719 562 3784 ἐκείνης
615 3719 996 3785 αἰχμαλωσίας
1041 3718 1136 3771 τοῦ
1183 3720 1468 3773 διαϐόλου’
1523 3723 1619 3774 καὶ

33 3808 324 3872 ,πόδειξον
371 3808 520 3876 αύτῷ
571 3811 965 3879 ἐναργέστατα,
999 3811 1081 3862 ὅτι
1127 3812 1191 3864 σὺ
1237 3809 1290 3863 εἴ
1316 3814 1346 3864 ὁ
1389 3813 1477 3864 ἀεὶ⁸
1509 3813 1618 3875 ζῶν

33 3901 167 3961 ὒεὸς
198 3898 444 3966 ἀψευδὴς
475 3901 570 3952 καὶ
601 3900 851 3968 βασιλεὺς
881 3900 1037 3968 μόνος
1060 3900 1274 3964 αἰώνιος
1299 3901 1391 3954 καὶ
1411 3903 1616 3955 ἀθάνα-

37 4005 138 4049 ος.
179 3987 287 4038 ’Ίδε
336 4004 461 4055 μου,
494 3988 760 4045 Δέσποτα.
803 3989 902 4056 τὴν
932 3990 1224 4060 συντριϐὴν
1259 3992 1356 4060 τῆς
1389 3991 1618 4058 καρδίας

33 4079 158 4142 λὲῳ
182 4077 284 4129 καὶ
309 4077 472 4147 315
496 4079 713 4148 εὐμενεῖ
732 4079 962 4148 ὄμματιο
985 4082 1102 4142 καὶ,
1133 4083 1275 4134 κατὰ
1295 4081 1393 4152 τὴν
1409 4081 1614 4154 ἀψευδῆ

35 4187 118 4220 ου
166 4168 552 4235 ἐπαγγελίαν,
601 4169 758 4235 γενοῦ
803 4171 919 4239 μετ’
953 4170 1086 4240 ἐμοῦ
1127 4171 1220 4224 τοῦ
1254 4175 1615 4241 γινώσκοντος

34 4261 115 4313 αὶ
153 4257 556 4327 ὁμολογοῦντός
586 4277 652 4319 ,σε
694 4263 926 4331 ποιητὴν
959 4263 1053 4314 καὶ
1080 4264 1382 4333 προνοητὴν
1429 4265 1614 4333 πάσης

33 4349 287 4408 τίσεως.
363 4347 675 4416 Πηγασάτω
737 4351 794 4401 ἐν
855 4351 978 4418 ἐμοὶ
1035 4351 1098 4403 τὸ
1170 4352 1262 4404 σὺν
1320 4352 1613 4422 ἁλλόμενον

33 4437 168 4506 Ξωρ
198 4434 346 4504 (ὅθ’
372 4439 466 4489 καὶ
489 4435 698 4504 δοθήτω
731 4455 819 4506 μοι
847 4437 1003 4505 λόγος
1043 4442 1102 4492 ἐν
1130 4440 1330 4504 ἀνοίξει
1359 4440 1453 4493 τοῦ
1487 4444 1611 4494 στό-

33 4541 194 4585 οιτος
243 4525 400 4593 (55).
436 4526 530 4577 καὶ
568 4526 691 4587 νοῦς
730 4527 908 4589 καλῶς
943 4529 1275 4598 ἡδρασμένος
1325 4533 1383 4582 ἐν
1414 4532 1499 4584 σοὶ
1530 4534 1608 4600 τῷ
1641 4559 1684 4612 D

33 4617 421 4685 ςρογωνιαίῳ
457 4615 588 4685 λίθῳ
619 4616 750 4685 (56),
777 4618 863 4670 ἵνα
891 4618 1192 4688 δυνήσομαι
1228 4623 1257 4673 6
1281 4622 1499 4690 ἀχρεῖος
1527 4625 1606 4675 oi-

34 4713 182 4772 μτης
220 4722 326 4756 σου
357 4707 712 4771 καταγγείλαι
736 4705 813 4775 τῷ
838 4707 954 4776 ἐμῷ
977 4710 1282 4778 γεννήτορι,
1313 4711 1388 4773 ὡς
1420 4712 1519 4774 δεῖ,
1543 4717 1605 4765 τὸ

33 4795 342 4864 »στήριον
372 4794 472 4864 τῆς
502 4798 601 4864 σῆς
624 4797 954 4865 οἰκονομίας,
985 4799 1081 4852 καὶ
1106 4800 1410 4870 ἀποστῆσαι
1441 4803 1605 4855 αὐτὸν

94 4884 182 4952 σῇ
235 4881 475 4951 δυνάμει
517 4882 617 4950 τῆς
657 4885 889 4952 ματαίας
939 4887 1146 4956 πλάνης
1193 4888 1301 4941 τῶν
1352 4891 1606 4961 πονηρῶν

43 4973 326 5043 ιμόνων,
359 4975 455 5026 καὶ
480 4977 848 5042 προσαγαγεῖν
879 4992 960 5029 σοι
985 4977 1061 5045 τῷ
1085 4978 1204 5048 Θεῷ
1231 4980 1326 5033 καὶ
1345 4981 1603 5056 δεσπότῃ,

33 5090 40 5113 ι
87 5064 193 5135 μὴ
225 5063 553 5134 βουλομένῳ
574 5065 664 5119 τὸν
695 5066 925 5121 θάνατον
940 5069 1098 5140 ἡμῶν
1117 5072 1224 5123 τῶν
1245 5073 1604 5145 ἁμαρτῶλων⁹

33 5284 190 5354 [49)
225 5283 389 5340 Psal.
420 5300 600 5349 cxuv,
626 5285 677 5349 l,
703 5286 755 5340 '5.

34 5358 194 5421 :50)
233 5357 391 5409 Psal.
419 5371 504 5418 cv,
534 5356 587 5408 2.

33 5427 188 5489 '5l)
230 5425 390 5478 Psal.
419 5441 588 5488 eam,
617 5428 671 5481 8.

34 5495 192 5559 ’52)
229 5493 438 5547 Matth.
473 5511 555 5558 ιιι,
583 5497 636 5550 9.

33 5558 189 5640 δῷ)
227 5562 404 5640 ςοιιί.
436 5579 565 5640 pag._
592 5565 738 5640 $36;
766 5564 938 5640 p.58,
972 5566 1060 5640 1’59,
1079 5569 1159 5640 de
1191 5571 1290 5623 hac
1323 5571 1626 5640 Pentapoli.

224 5631 404 5726 toan.
439 5631 523 5726 IV,;
550 5633 613 5726 1L6
637 5653 658 5726 :l
681 5635 752 5687 Τὸ
779 5634 997 5726 ὓδωρλὸ
1028 5637 1184 5726 ξιρσω
1223 5631 1714 5726 αύξιέζγενήσεται
1749 5647 1987 5726 ἐνΙαύτῷ
2008 5651 2178 5726 ’πηγὴ
2215 5650 2400 5711 ὓδατος
2429 5653 2719 5720 ἁλλομένου
2747 5656 2824 5717 είς
2863 5655 3003 5726 ζωὴν
3037 5657 3265 5716 aitEn/10.2.

222 5701 857 5794 Epist....811.E|DII?§.-VI,
890 5701 955 5794 ἒξ)
988 5721 999 5756 :
1039 5706 1153 5760 ’Ὶνα
1183 5725 1272 5778 μοι
1298 5701 1616 5782 δοθῇ’λόςέος

1730 5718 1919 5779 ἀνοίξει
1941 5701 2032 5769 τοῦ
2063 5701 2325 5788 στόματός
2355 5739 2453 5792 μου
2486 5726 2542 5776 ἐν
2561 5701 2885 5794 Γπαρρητίᾳξ

34 5771 184 5841 56)
221 5772 402 5826 Conf.
439 5779 479 5824 t.
511 5772 575 5837 ll,
603 5789 652 5843 p.
688 5775 804 5839 iis,
845 5792 895 5827 ιι.
929 5776 978 5831 4.
1184 5771 1196 5778 ”
1399 5771 1424 5780 ”
1532 5771 1544 5782 ’
1595 5771 1611 5777 ’
