4146 6454
86 403 189 462 1189

1107 394 1279 455 VITA
1316 394 1668 454 BARLAAM
1702 392 1797 452 ΕΤ
1835 393 2187 454 JOASAPH.

3124 398 3262 464 1190

75 531 147 569 cev
176 511 282 582 (64)·
315 508 451 572 ὅθεν,
486 509 583 578 τῆς
621 506 758 578 πρὸς
794 508 959 562 αὐτὸν
999 510 1329 579 οἰκειότητος
1358 508 1577 577 ὀλισθῆ-
1606 515 1650 569 Α
1681 501 1786 569 ipSi

1692 501 1786 569 ipsi
1819 500 2139 565 interdicto,
2179 504 2281 556 hoc
2310 515 2395 559 cst
2428 505 2559 574 ligni
2596 507 2864 562 scientiae.
2893 509 3012 577 Quo
3037 511 3261 581 quidem

73 620 169 663 σαν,
192 600 363 661 εἰςτὰς
392 598 587 659 πολλὰς
616 597 819 659 ταύτας
852 597 1237 666 περιπέπτωκε
1275 597 1481 661 πλάνας
1516 599 1578 649 τὸ

72 691 350 763 ἀνθρώπινον
399 690 586 755 γένος,
647 688 913 740 δουλωθὲν
964 690 1085 753 ταῖς
1142 687 1434 758 ἁμαρτίαις
1486 689 1579 739 καὶ

70 783 290 839 ὑποπεσὸν
316 781 390 849 τῷ
425 780 640 850 θανάτῳ
673 781 762 832 διὰ
800 780 900 847 τῆς
933 779 1246 851 τυραννίδος
1276 779 1369 831 τοῦ
1402 779 1581 831 διαϐόα

67 883 160 927 λου·
196 875 261 936 ὃς,
291 873 629 942 ὑποχειρίους
660 869 806 933 ἅπαξ
836 873 961 934 τοὺς
996 869 1317 942 ἀνθρώπους
1361 871 1539 924 λαϐὼν
1563 910 1578 935 ,

66 965 298 1026 παντελῶς
319 964 667 1017 ἐπιλαθέσθαι
693 965 963 1033 πεποίηκε
986 964 1081 1017 τοῦ
1110 963 1246 1017 Θεοῦ
1273 966 1365 1018 καὶ
1390 964 1583 1018 δεσπό-

66 1076 156 1121 του,
188 1058 267 1109 καὶ
295 1055 435 1124 αὐτῷ
468 1055 719 1107 ἀνέπεισε
758 1055 1041 1125 λατρεύειν
1074 1056 1162 1108 διὰ
1207 1059 1305 1125 τῆς
1350 1056 1459 1109 τῶν
1507 1057 1582 1108 εἰ-

65 1149 217 1201 δώλων
252 1148 487 1218 μυσαρᾶς
527 1149 975 1216 προσκυνήσεως.
1021 1147 1447 1217 Σπλαγχνισθεὶς
1490 1143 1584 1201 οὖν

65 1243 81 1293 ὃ
112 1242 292 1302 πλάσας
317 1240 463 1309 ἡμᾶς
501 1237 652 1300 Θεὸς,
688 1237 910 1307 εὐδοκία
937 1237 1032 1289 τοῦ
1070 1238 1279 1306 Πατρὸς
1317 1240 1411 1289 καὶ
1456 1254 1581 1290 συν-

65 1334 196 1402 εργία
252 1331 334 1384 τοῦ
393 1333 549 1400 ἁγίου
607 1328 924 1397 Πνεύματος
984 1329 1118 1398 (65),
1170 1329 1461 1401 εὐδόκησεν
1520 1331 1583 1383 ἐκ

65 1426 297 1495 Παρθένου
334 1426 496 1493 ἁγίας
519 1462 534 1485 ,
571 1423 668 1492 τῆς
708 1422 969 1475 Θεοτόκου
1002 1422 1249 1492 Μαρίας,
1283 1422 1404 1476 καθ’
1438 1425 1584 1493 ἡμᾶς

65 1518 279 1589 τεχθῆναι
303 1535 316 1549 ο
348 1517 462 1577 καὶ,
496 1516 725 1569 πάθεσιν
752 1517 1017 1586 ὁμιλήσας
1043 1518 1071 1569 ὁ
1095 1516 1332 1586 ἀπαθὴς,
1358 1516 1445 1569 διὰ
1473 1515 1586 1585 τρία

65 1628 140 1679 της
166 1626 215 1661 τε
242 1608 447 1678 ἡμέρας
473 1609 536 1659 ἐκ
566 1606 775 1675 νεκρῶν
796 1605 1052 1668 ἀναστὰς,
1077 1606 1415 1674 ἐλυτρὼσατο
1439 1605 1586 1674 ἡμᾶς

65 1701 132 1752 τοῦ
161 1699 411 1770 προτέρου
435 1698 707 1766 ἐπιτιμίου
734 1697 846 1763 (£6)
872 1696 966 1749 καὶ
990 1696 1179 1759 κλέους
1202 1696 1295 1748 τοῦ
1318 1696 1585 1765 προτέρου

1680 593 1938 647 mandato
1957 595 2181 660 violato,
2203 611 2330 650 cum
2350 613 2379 650 e
2403 598 2659 666 paradiso
2675 601 3084 655 exterminavit.
3109 603 3263 657 Unde

1679 691 1736 737 et
1766 683 1905 752 ipse,
1946 694 2001 737 et
2036 701 2195 746 uxor,
2222 700 2285 739 ea
2316 701 2481 755 quam
2535 705 2660 742 cum
2699 706 2765 744 eo
2806 691 3090 746 habebant
3135 708 3266 747 con-

1677 774 1966 845 junctione
1997 776 2158 845 lapsi,
2197 776 2251 830 in
2288 776 2390 832 bos
2429 781 2633 833 multos
2660 797 2881 836 errores
2924 783 3262 847 inciderunt,

1682 877 1910 936 peccato
1951 868 2207 922 videlicet
2244 871 2297 924 in
2349 872 2673 925 servitutem
2724 874 2951 940 addicti,
2987 876 3264 945 mortique

1682 974 1785 1028 per
1802 960 2010 1014 diaboli
2039 961 2384 1030 tyrannidem
2415 963 2639 1018 obnoxii
2665 965 2868 1020 eﬂ‘ecti.
2894 967 2997 1033 Qui
3017 969 3266 1038 quidem,

1683 1052 2006 1107 hominibus
2031 1054 2199 1107 semel
2230 1054 2283 1107 in
2312 1066 2640 1124 potestatem
2676 1073 2831 1112 suam
2863 1061 3121 1123 redactis,
3164 1061 3270 1115 hoc

1683 1147 1816 1216 egit,
1847 1154 1909 1198 ut
1940 1145 2036 1198 Dei
2074 1161 2137 1199 ac
2168 1146 2385 1200 Domini
2418 1149 2699 1205 oblivione
2738 1166 2967 1219 prorsus
2999 1168 3267 1222 caperen-

1685 1246 1796 1302 tur,
1812 1236 2056 1306 ipsisque
2076 1241 2350 1307 persuasit
2374 1250 2431 1295 nt
2456 1257 2553 1311 per
2576 1243 2970 1297 exsecrandam
2996 1245 3271 1300 idolorum

1685 1329 2065 1384 adorationem
2092 1332 2197 1385 sibi
2235 1333 2446 1386 cultum
2476 1335 2831 1391 adhiberent.
2865 1337 2935 1393 At
2965 1354 3098 1392 vero
3126 1340 3273 1395 Deus

1687 1432 1902 1477 creator
1923 1414 2132 1490 noster,
2166 1426 2525 1483 miseratione
2556 1440 2883 1493 commotus,
2907 1430 3142 1501 benigna
3169 1430 3273 1486 Pa-

1688 1516 1792 1571 tris
1830 1518 2114 1571 voluntate
2144 1533 2207 1571 ac
2235 1518 2477 1588 Spiritus
2499 1523 2670 1575 sancti
2704 1522 2959 1591 adjuncta
2991 1540 3178 1592 opera,
3207 1539 3274 1576 ex

1692 1608 1914 1679 Virgine
1958 1618 2148 1663 sancta
2178 1611 2355 1663 nostri
2395 1614 2572 1666 instar
2625 1614 2676 1666 in
2720 1615 2899 1668 lucem
2936 1616 3024 1669 edi
3063 1616 3271 1680 voluit;

1691 1716 1930 1771 cumque
1977 1702 2224 1756 cruciatu
2271 1702 2503 1758 affectus
2538 1705 2733 1759 fuisset
2782 1706 2827 1759 is
2855 1707 3005 1775 quia
3047 1722 3272 1776 perpes-

65 1793 244 1860 γξίωσε.
277 1790 622 1857 Συνανήγαγε
653 1788 760 1856 γάρ
788 1789 935 1856 ἡμᾶς
963 1790 1041 1851 εὶς
1071 1787 1337 1855 οὐρανοὺς
1362 1786 1585 1855 ἀνερχόο
1616 1812 1656 1865 Β
1692 1793 1790 1846 δῖοι

1692 1793 1848 1846 sione
1899 1792 2162 1847 immunis
2210 1804 2351 1858 erat,
2401 1795 2586 1849 triduo
2635 1806 2758 1865 post
2809 1813 2839 1851 a
2882 1808 3059 1852 morte
3093 1798 3158 1851 ad
3189 1798 3275 1851 vi-

65 1900 212 1945 ιενος,
257 1882 371 1933 ὅθεν
419 1881 679 1948 ἐτύγχανε
727 1877 1137 1945 καταϐεϐηκώς·
1191 1878 1250 1929 ὃν
1293 1878 1385 1930 καὶ
1426 1873 1581 1940 αὖθις

65 1976 182 2043 ιξειν
208 1974 363 2042 318
410 1971 758 2041 πιστεύομεν,
802 1972 885 2022 ἵνα
925 1970 986 2021 τὺ
1036 1968 1259 2038 πλάσμα
1302 1969 1362 2020 τὸ
1396 1968 1589 2022 ἐαυτοῦ

66 2070 318 2133 ιναστήσῃ.
370 2061 663 2115 ’Λποδὼσει
701 2062 757 2114 δὲ
807 2059 1021 2130 ἑκάστῳ
1051 2061 1190 2112 κατά
1220 2060 1286 2113 τὰ
1316 2060 1452 2129 ἔργα
1494 2061 1592 2112 αὐ-

68 2156 127 2209 οῦ
156 2156 279 2225 (67).
326 2155 448 2208 Ἐπὶ
473 2154 682 2213 τούτοις
721 2151 819 2220 τὴν
854 2150 1216 2220 ἐκδεχομένην
1242 2151 1369 2212 τοὺς
1412 2148 1593 2213 ἀξίους

66 2248 137 2296 ὡν
179 2245 413 2315 οὐρανῶν
474 2240 855 2312 ἐμυσταγὼγει
905 2241 1180 2311 βασιλείαν
1230 2242 1342 2311 (68)
1380 2242 1473 2293 καὶ
1525 2241 1593 2293 τὰ

73 2340 310 2409 πόῤῥητα
359 2336 559 2404 ἀγαθά.
615 2335 726 2403 Τὴν
779 2334 1150 2403 ἀποκειμένην
1205 2334 1319 2397 τοῖς
1368 2334 1589 2403 φαύλοις

66 2431 331 2500 ’ροσετίοει
368 2429 599 2495 βάσανον
621 2470 636 2491 ,
665 2429 726 2481 τὺ
756 2427 1019 2481 ἄσϐεστον
1057 2427 1169 2495 πῦρ
1191 2469 1205 2489 ,
1238 2428 1297 2480 τὸ
1325 2427 1589 2498 ἐξώτερον

66 2525 249 2586 κότος,
296 2521 387 2573 τὸν
424 2520 776 2589 ἀτελεύτητον
827 2519 1083 2589 σκώληκα
1135 2518 1267 2588 (69),
1323 2521 1416 2571 καὶ
1459 2518 1590 2587 ὅσην

66 2615 192 2683 λλην
218 2616 264 2666 οἱ
292 2614 385 2682 τῆς
418 2612 692 2682 ἁμαρτίας
736 2608 912 2662 δοῦλοι
958 2609 1178 2663 κόλασιν
1212 2611 1425 2671 ἑαυτοῖς
1462 2608 1589 2679 ἐθη-

65 2723 311 2777 ιυρισαν.

1694 1892 1805 1937 tam
1832 1884 2126 1949 excitatus,
2159 1901 2261 1939 nos
2286 1902 2314 1939 a
2339 1888 2508 1955 priori
2539 1890 2709 1942 multa
2736 1900 2791 1944 et
2814 1891 3275 1945 condemnatione

1694 1975 1973 2039 liberavit,
2003 1977 2486 2047 przestantiorique
2509 1980 2681 2047 gloria
2716 1981 2961 2034 donavit.
2988 1981 3274 2051 Siquidem

1694 2068 1750 2123 in
1782 2069 1982 2122 cmlurn
2013 2069 2339 2131 ascendens,
2368 2072 2530 2124 simul
2562 2088 2664 2125 nos
2695 2089 2763 2127 eo
2789 2073 2935 2127 unde
2975 2074 3276 2129 descende-

1688 2168 1795 2222 rat,
1818 2159 2023 2213 evexit.
2047 2156 2221 2222 Qucm
2243 2159 2409 2212 etiam
2434 2176 2629 2214 rursus
2653 2172 2948 2216 venturum
2974 2165 3274 2226 credimus,

1689 2260 1752 2306 ut
1799 2251 2121 2321 figmentum
2146 2266 2306 2306 suum
2338 2251 2405 2306 ad
2433 2253 2602 2308 vitam
2648 2266 2890 2320 revocet,
2934 2265 3102 2324 atque
3147 2256 3277 2310 uni-

1695 2342 1895 2410 cuique
1930 2340 2233 2395 secundum
2267 2341 2446 2410 ipsius
2492 2357 2660 2410 Opera
2689 2343 2905 2397 reddat.
2948 2344 3147 2398 Postea
3207 2344 3278 2398 de

1698 2436 1791 2489 illo
1832 2435 2098 2488 curlorum
2140 2450 2332 2504 regno,
2378 2436 2525 2504 quod
2556 2451 2651 2488 eos
2681 2435 2775 2504 qui
2811 2437 2861 2490 id
2894 2445 3278 2506 promerentur

1697 2537 1906 2589 manet,
1944 2526 2115 2579 verba
2174 2526 2327 2589 locit,
2366 2536 2531 2595 atque
2580 2543 2779 2581 arcana
2818 2528 2911 2582 illa
2962 2528 3136 2593 bona,
3188 2543 3278 2582 re-

1698 2618 2085 2687 conditamque
2124 2618 2255 2671 item
2281 2618 2550 2687 improbis
2579 2634 2795 2687 poenam
2839 2620 3149 2690 proposuit,
3188 2619 3276 2673 ni-

1699 2711 1901 2764 mirum
1948 2710 2129 2778 ignem
2168 2726 2451 2764 nunouam
2484 2711 2938 2780 extinguendum,
2974 2712 3277 2768 exteriores

69 2810 288 2870 nebras,
331 2808 694 2861 immortalem
744 2824 1008 2875 vermem,
1074 2819 1383 2879 cmteraqne
1425 2815 1827 2861 tormentorum
1872 2818 2098 2873 genera,
2140 2817 2262 2871 quae
2306 2804 2517 2870 peccati
2551 2806 2698 2857 servi
2739 2804 2846 2858 sibi
2903 2804 3039 2874 ipsis
3076 2820 3275 2859 recona

69 2905 301 2956 derunt.

81 2998 274 3052 Ταῦτα
305 2997 481 3050 πάντα
507 2996 685 3065 λόγοις
717 2997 1013 3059 πλείστοις,
1054 2997 1149 3048 καὶ
1173 2992 1410 3062 δαψιλῶς
1438 2989 1587 3060 αὐτῷ

1768 2981 1894 3038 Haec
1936 2991 2121 3039 omnia
2160 2988 2587 3057 quamplurimis
2634 2989 3013 3052 sermonibus,
3049 3005 3113 3043 ac
3152 2988 3272 3058 Spi-

71 3092 428 3157 υπάρχουσαν
450 3089 548 3157 τὴν
572 3088 665 3140 τοῦ
693 3088 1012 3157 Πνεῦματος
1043 3085 1379 3156 μαρτυροῦσι
1404 3084 1585 3152 χάριν,
1614 3066 1656 3122 C
1699 3076 1790 3131 ritt

1699 3076 1841 3131 ritus
1882 3079 2059 3132 sancti
2116 3081 2345 3148 gratiam
2388 3081 2607 3135 abunde
2658 3081 2759 3150 ipsi
2806 3082 2986 3135 inesse
3025 3084 3272 3135 testanti-

65 3179 305 3245 εξελοὼν
337 3180 448 3248 (70)
472 3218 488 3239 ,
525 3176 644 3231 εἶτα
690 3180 785 3231 καὶ
812 3180 872 3232 τὸ
915 3170 1318 3247 ἀνεξιχνίαστον
1351 3174 1589 3242 πέλαγος

66 3293 108 3341 (ς
154 3271 251 3323 τοῦ
306 3269 442 3322 Θεοῦ
486 3269 838 3341 διηγούμενος
880 3268 1290 3339 φιλανθρωπίας
1338 3267 1432 3319 καὶ
1479 3259 1591 3327 οἷός

70 3382 162 3415 τιν
198 3362 418 3432 ἕτοιμος
447 3360 692 3431 δέχεσθαι
720 3362 818 3428 τὴν
852 3362 1140 3429 μετάνοιαν
1176 3360 1285 3412 τῶν
1322 3360 1459 3431 πρὸς
1495 3359 1591 3411 αὑ-

65 3472 97 3505 ν
124 3453 592 3524 ἐπιστρεφόντων,
616 3451 710 3503 καὶ
729 3452 803 3513 ὡς
827 3453 926 3502 οὑκ
954 3450 1099 3503 ἐστιν
1124 3452 1365 3520 ἁμαρτία
1383 3449 1590 3504 νικῶσα

74 3566 105 3596 ν
140 3544 312 3596 αὑτοῦ
343 3543 745 3611 εὐσπλαγχνίαν
765 3583 779 3599 .
814 3543 969 3613 εἴπερ
1003 3543 1297 3613 θελήσομεν
1328 3541 1591 3611 μετανοῆ-

76 3652 96 3688 ι
146 3635 291 3701 (70),
338 3636 404 3686 ἐκ
437 3633 646 3685 πολλῶν
690 3632 745 3684 δὲ
786 3631 943 3684 τοῦτο
992 3631 1452 3701 παραδειγμάτων
1497 3628 1593 3683 καὶ

66 3727 307 3793 αφικῶν
350 3726 701 3795 παραστήσας
753 3723 1081 3795 μαρτυριῶν,
1115 3727 1143 3777 ὁ
1184 3724 1284 3794 μὲν
1316 3723 1465 3785 τέλος
1497 3724 1597 3775 ἐπ-

65 3837 96 3885 η
108 3833 177 3867 κε
215 3816 297 3883 τῷ
330 3815 493 3883 λόγῳ.

65 3905 249 3957 ΚΕΦ.
285 3905 409 3956 AE'.
437 3904 776 3971 Κατανυγεὶς
799 3902 856 3955 δὲ
880 3903 909 3955 ὀ
937 3898 1186 3971 βασιλεὺς
1221 3899 1478 3969 Ἀϐεννὴρ
1505 3898 1596 3952 ἐπὶ

84 3994 441 4062 Θεοδιδάκτῳ
465 3993 626 4062 σοφία
652 3992 844 4064 ταύτῃ,
870 3996 1018 4062 φωνῇ
1043 3992 1253 4061 μεγάλῃ
1278 3992 1373 4043 καὶ
1396 3990 1595 4060 θερμοο

65 4101 148 4155 τῃ
205 4084 362 4153 ψυχῇ
406 4083 496 4134 τὸν
536 4084 757 4150 σωτῆρα
810 4082 1044 4151 Χριστὸν
1079 4080 1380 4151 ὡμολόγει,
1418 4080 1598 4148 πάσης

66 4175 270 4234 acti;
309 4172 700 4240 δεισιδαίμονος
741 4170 945 4237 πλάνης
995 4170 1127 4239 (72).
1182 4169 1347 4239 319
1395 4166 1466 4221 Τὸ
1509 4182 1598 4235 ση-

65 4266 167 4315 Eo";
209 4278 275 4313 τε
315 4261 609 4330 προσκυνεῖ
655 4257 749 4309 τοῦ
807 4256 1067 4319 ζωοποιοῦ
1118 4256 1357 4326 σταυροῦ
1392 4254 1496 4306 ὑπὸ
1530 4255 1597 4321 τῇ

65 4373 243 4409 ντων
301 4354 424 4421 ὄψει
469 4352 580 4421 (75)
628 4349 721 4401 καὶ
764 4351 843 4411 εἰς
883 4350 1115 4418 ἐπήκοον
1168 4348 1421 4400 ἁπάντων
1467 4343 1600 4396 Θεὸν

1699 3168 1818 3231 bus,
1847 3175 2182 3236 prosecutus,
2216 3176 2326 3222 tum
2366 3170 2579 3224 demum
2611 3170 3094 3238 impervestigabile
3123 3170 3261 3223 divi-

1683 3274 1782 3313 pnas
1831 3259 2166 3327 benignitatis
2228 3261 2447 3328 pelagus
2497 3262 2797 3323 enarravit,
2855 3275 3118 3328 quamque
3171 3258 3262 3313 ille

1697 3364 1880 3404 eorum
1922 3352 2012 3419 qui
2063 3351 2128 3403 ad
2188 3366 2307 3404 eum
2363 3367 2481 3405 sese
2536 3361 2852 3405 convertunt
2898 3350 3261 3418 paenitentiam

1700 3438 1931 3493 libenter
1959 3448 2254 3507 exspectet,
2284 3442 2531 3510 quodque
2559 3441 2761 3495 nullum
2810 3442 2985 3495 scelus
3022 3445 3092 3496 sit
3119 3441 3263 3510 quod

1698 3530 1866 3599 ipsius
1892 3530 2290 3585 misericordam
2313 3544 2547 3598 superet,
2578 3534 2622 3585 si
2644 3532 2855 3601 quidem
2884 3533 2950 3587 ad
2982 3533 3261 3587 meliorem

1698 3618 1903 3689 frugem
1954 3621 2131 3675 redire
2179 3620 2232 3674 in
2286 3622 2518 3676 animum
2559 3624 2894 3678 inducamus.
2938 3623 3090 3689 Quod
3142 3639 3261 3677 cum

1701 3712 1882 3766 multis
1929 3713 2188 3779 exemplis
2216 3727 2279 3766 ac
2327 3715 2612 3780 Scriptura:
2644 3714 2958 3769 testimoniis
2992 3714 3263 3769 declaras-

1704 3809 1807 3864 set,
1837 3801 2064 3854 orationi
2094 3801 2253 3856 tlnem
2286 3803 2553 3870 imposuit.

1769 3891 1896 3944 (In.
1945 3890 2163 3944 XXXV.
2186 3918 2249 3933 --
2278 3892 2392 3946 Rex
2433 3904 2608 3947 autem
2645 3895 2895 3948 divinitus
2928 3894 3116 3948 tradita
3160 3897 3262 3951 hac

1699 3979 1955 4050 sapientia
1993 3992 2368 4049 compunctus,
2399 3984 2598 4052 ingenti
2624 3998 2751 4037 voce
2782 4000 2848 4038 ac
2871 3982 3264 4040 ferventissimo

1702 4075 1883 4127 animo
1933 4073 2204 4127 Christum
2252 4073 2581 4128 Salvatorem
2628 4076 2942 4141 conﬁtetur,
2995 4090 3151 4146 atque
3195 4079 3264 4132 ab

1703 4164 1848 4216 omni
1871 4164 2240 4230 superstitioso
2268 4180 2453 4218 errore
2479 4166 2717 4219 abscedit
2747 4183 2762 4218 :
2794 4166 3118 4237 viviﬁcmque
3142 4184 3265 4223 cru-

1702 4254 1781 4308 cis
1824 4253 2033 4325 signum
2076 4255 2492 4323 inSpectantibus
2531 4257 2779 4311 omnibus
2816 4258 3022 4326 adurat,
3072 4270 3127 4315 et
3166 4277 3265 4314 au-

1702 4347 1972 4401 dientibus
2019 4347 2265 4399 omnibus
2296 4344 2461 4400 Deum
2507 4361 2691 4401 verum
2735 4363 2798 4400 ac
2843 4348 3122 4403 Dominum
3172 4367 3265 4403 no-

66 4445 289 4497 ςύττει.
316 4440 567 4510 ἀληθινὸν
587 4439 679 4492 τὸν
702 4439 904 4509 Κύριον
926 4440 1081 4507 ἡμῶν
1116 4436 1320 4507 Ἰησοῦν
1346 4435 1596 4505 Χριστόν·
1630 4424 1675 4480 Ῑ)
1702 4447 1790 4492 εῑτι

1702 4447 1871 4492 strum
1902 4437 2082 4492 Jesum
2127 4437 2393 4490 Christum
2425 4438 2700 4507 praedicat.
2734 4440 2906 4508 Atque
2944 4454 3270 4495 commemo-

65 4558 87 4585 ν
138 4551 207 4585 τε
248 4534 525 4604 προτέραν
563 4530 816 4583 ἀσέϐειαν
847 4528 1148 4593 διεξελθὼν,
1181 4528 1277 4597 τὴν
1309 4526 1512 4578 οἰκείαν
1539 4541 1598 4576 τε

65 4626 153 4681 τὰ
190 4623 316 4676 τῶν
342 4622 677 4693 Χριστιανῶν
707 4621 966 4691 ὠμότητα.
994 4620 1088 4673 καὶ
1118 4618 1426 4689 μιαιφονίαν
1450 4617 1601 4685 ἐλέγ-

68 4762 202 4823 64)
241 4760 412 4829 Conf.
444 4775 567 4829 pag.
597 4759 686 4822 47,
719 4773 772 4829 np.
807 4759 857 4811 l.

65 4832 199 4899 U5)
237 4828 402 4899 lef.
436 4827 589 4898 pagg.
620 4830 709 4895 5i,
742 4827 829 4882 5‘2.

65 4898 204 4954 (56)
243 4898 406 4950 Conl'.
442 4914 561 4965 pag.
596 4900 681 4952 54.

65 4970 206 5035 67)
239 4966 406 5021 Conf.
438 4984 556 5034 pag.
588 4969 676 5030 55,
707 4984 760 5021 ιι.
795 4965 884 5022 25.

65 5040 203 5101 L38)
241 5035 410 5088 Conf.
440 5051 562 5103 pag.
599 5037 687 5099 60,
722 5054 775 5089 ιι.
806 5037 898 5092 49.

65 5108 203 5171 U9)
241 5104 408 5156 Conf.
446 5118 565 5171 pag.
592 5106 681 5171 66,
707 5123 761 5158 ιι.
792 5107 879 5171 77,
914 5104 1004 5159 78.

65 5178 207 5243 70)
249 5171 414 5243 (ξυιιῇ
442 5188 545 5243 ipp.
576 5175 664 5237 94,
690 5176 780 5230 95.

65 5188 207 5243 70)
249 5188 414 5225 LOIII.
458 5188 545 5292 pp.
576 5188 659 5237 es,

65 5246 209 5311 71)
248 5239 317 5299 C.
353 5241 490 5305 διεξε
526 5242 659 5298 θεῖν.

1704 4541 1816 4583 rata
1851 4530 2011 4597 priori
2058 4543 2154 4582 sua
2200 4527 2496 4597 impietate,
2545 4540 2599 4582 et
2649 4530 2904 4584 adversus
2935 4529 3269 4585 Christianos

1704 4615 2015 4674 crudelitate
2062 4630 2117 4674 et
2164 4619 2495 4673 immanitate
2532 4618 2903 4683 condemnata,
2960 4621 3145 4690 ingens
3201 4622 3267 4674 ad

65 5309 451 5385 7‘2)_¢_Slo§_sa
474 5314 536 5385 _in
566 5315 606 5365 Α
639 5332 651 5366 :
686 5315 867 5383 στίχος
895 5313 1188 5385 ἔμμετρος.
1217 5313 1368 5380 Quod
1394 5324 1477 5369 est
1506 5328 1634 5385 vere
1656 5311 1790 5367 anim

1692 5311 2112 5385 nimadversum.
2143 5309 2388 5385 Similem
2426 5309 2713 5385 liabuilnus
2752 5309 3273 5385 animadversionem

102 5425 131 5437 -
174 5379 324 5437 257.
363 5379 514 5452 Fecit
541 5379 834 5438 monachus
876 5379 1186 5452 imprudens
1220 5379 1581 5447 versiculum;
1614 5383 1790 5452 facere

1836 5383 1925 5449 qui
1974 5380 2160 5442 voluit,
2196 5395 2296 5449 non
2346 5382 2469 5433 fecit
2502 5378 2768 5433 'l‘lteodnr.
2815 5380 3161 5445 Prodromus,
3194 5381 3278 5434 vel

84 5459 233 5518 les,
269 5452 335 5522 _i_n
371 5450 609 5505 editione
648 5454 836 5507 saltem
866 5448 1222 5507 Thorlaciana
1253 5453 1513 5522 (Prolnss.
1563 5464 1599 5506 t.
1643 5451 1783 5522 Ill,_

1692 5452 1743 5516 Ι,
1794 5448 1912 5519 pag.
1955 5449 2085 5515 65):
2135 5448 2422 5522 'A‘Fda'N‘toy
2456 5450 2710 5522 πέλαγος,
2752 5449 3022 5522 πελαγοῦς
3053 5451 3279 5517 Αἰγαίου

92 5540 217 5584 ος.
262 5519 574 5592 ξεζιιειθυιιιιι
619 5524 706 5577 isti
745 5524 1136 5577 versilicatores
1187 5518 1349 5592 pedes
1388 5524 1712 5592 trisyllnbos.
1755 5520 1790 5571 Β

1698 5560 1712 5573 .
1755 5518 1897 5592 ue.._e
1934 5523 2102 5592 codex
2142 5518 2278 5592 νίξὸὅί
2315 5534 2328 5567 ι
2384 5520 2725 5592 ξΑτλαντικὸν
2769 5519 3033 5592 πέλαγος,
3062 5522 3281 5586 Αἰγαῖον

82 5609 220 5666 ος.
244 5586 377 5666 _Nec
404 5592 914 5666 agnosciturpoela:
928 5608 1157 5666 _Inanus,
1280 5606 1394 5661 seq.
1428 5586 1577 5666 v.35
1608 5586 1714 5666 :TD
1740 5606 1790 5666 γέ

1692 5589 1914 5659 ὶγραῦς
1948 5590 2041 5666 και).
2082 5588 2242 5666 πάλιν
2270 5587 2441 5656 γραῦς
2471 5588 2565 5642 καὶ
2612 5589 2794 5641 πάλιν.
2832 5587 3137 5642 Mensorum
3180 5593 3283 5643 int-

104 5665 208 5738 gi_t‘
241 5658 414 5738 lectio
442 5657 791 5738 Codiciszin
816 5660 1010 5738 γραῦς,
1035 5662 1128 5738 καὶ
1160 5657 1543 5738 πάλιν-γραεῦῇ
1580 5661 1672 5714 κα).

1699 5657 1859 5711 πάλιν
1887 5657 2059 5738 γραῦς
2081 5698 2095 5720 ,
2115 5657 2305 5738 πάλιν..
2454 5727 2475 5736 θ
2557 5727 2588 5738 ﬂ
3099 5727 3132 5738 Δ
3200 5728 3209 5738 _
3248 5728 3257 5738 .

65 5732 217 5796 73)
240 5725 464 5851 éDicunt
492 5732 659 5851 ebt'én‘
689 5725 836 5786 ωειζ
856 5725 1177 5788 Theodorus
1205 5725 1402 5787 l’rodrl
1427 5732 1666 5787 Galeom.
1718 5732 1784 5783 50

96 5818 199 5851 ιι.
282 5813 323 5849 π
364 5810 483 5851 ante
542 5816 651 5851 ψει.
1039 5805 1047 5815 “

1718 5730 1858 5783 505:
1903 5725 2012 5782 Καὶ
2042 5727 2189 5780 ταῦτ’
2237 5727 2356 5794 ὄψει
2387 5727 2480 5779 τοῦ
2511 5727 2664 5796 φίλου
2700 5731 3061 5799 φυτοσπόρου.
3092 5727 3283 5785 Omisit

90 5818 199 5859 ιι.
240 5796 341 5851 ἐπ’
364 5810 483 5854 aute
510 5799 651 5867 ὄψει.
1039 5805 1047 5815 “
