4146 6454
229 504 353 565 ιῑειῖ

218 624 275 658 τ’)

218 693 567 766 γραμματεῖα
600 689 892 762 διάρρηξον
942 684 1053 737 τῶν
1093 681 1257 738 αὐτοῦ
1290 680 1643 751 ὀφλημάτων,
1689 678 1785 731 καὶ

217 785 345 844 τοὺς
379 781 565 847 ἁγίους
612 794 705 831 σου
750 773 1082 838 κατάλλαξον
1133 771 1280 839 αὐτῷ
1308 770 1401 835 οὓς
1447 770 1582 842 πυρί
1610 784 1669 821 τε
1692 768 1787 821 καὶ

225 872 363 939 ξίφει
390 870 619 923 ἀνεῖλεν·
646 865 902 930 ἐπίταξον
933 867 1127 928 αὐτοὺς
1169 862 1392 935 ean-1'
1432 860 1597 914 αἰντοῦ
1632 861 1785 932 ὀργί-

225 963 435 1028 ζεσθαι.
472 962 653 1015 Πάντα
693 960 799 1028 γὰρ
828 957 1026 1011 δυνατά
1056 973 1137 1009 σοι
1165 955 1243 1025 τῷ
1274 955 1489 1008 πάντων
1518 953 1785 1023 Δεσπότῃ,

226 1055 338 1107 ἀλλ’
376 1054 406 1123 ἧ
442 1052 598 1123 μόνον
622 1050 685 1103 τὺ
729 1050 799 1118 μὴ
837 1049 1007 1102 ἐλεεῖν
1051 1048 1177 1109 τοὺς
1233 1046 1306 1117 μὴ
1363 1044 1789 1114 ἐπιστρέφοντας

227 1146 361 1213 πρὸς
392 1148 448 1196 σέ
474 1161 486 1172 ’
525 1140 685 1194 τοῦτο
716 1140 994 1193 ἀδύνατον.
1035 1138 1107 1190 Τὸ
1128 1138 1235 1207 γὰρ
1256 1137 1405 1199 έλεός
1435 1152 1527 1188 σου
1563 1134 1792 1204 ἐκκέχυ·

225 1252 312 1285 ται
339 1236 425 1285 ἐπὶ
460 1233 687 1294 πάντας,
718 1233 809 1284 καὶ
844 1228 1038 1294 σώζεις
1059 1229 1186 1291 τοὺς
1215 1227 1675 1296 ἐπικαλουμένους
1707 1242 1789 1290 σει

228 1324 398 1393 Κύριε
443 1321 615 1390 Ἰησοῦ
649 1320 871 1391 Χριστὲ,
912 1319 993 1373 ὅτι
1042 1318 1243 1388 πρέπει
1275 1333 1358 1370 σοι
1386 1315 1511 1381 δόξα
1550 1319 1630 1380 εἰς
1665 1317 1792 1379 τοὺς

228 1414 453 1475 αἰῶνας.
493 1415 685 1483 Ἀμήν.

299 1508 569 1568 Τοιαύτας
601 1505 765 1574 εὐχὰς
796 1506 887 1559 καὶ
914 1508 1127 1576 δεήσεις
1161 1506 1464 1576 προσέφερε
1488 1505 1563 1575 τῷ
1589 1503 1709 1571 Θεῷ
1738 1506 1795 1556 ἐν

231 1596 377 1659 ὅλαις
400 1597 539 1649 έπτὰ
559 1596 809 1665 ἡμέραις,
837 1598 1080 1667 μηδόλως
1103 1597 1197 1650 τοῦ
1228 1598 1507 1667 μνήματος
1530 1595 1791 1657 ἀποστὰς,

244 1690 317 1757 μὴ
367 1687 621 1757 βρώσεως
673 1688 705 1757 ἢ
745 1689 951 1751 πόσεως
987 1689 1316 1759 τοπαράπαν
1368 1687 1627 1759 μνησθεὶς
1659 1686 1794 1755 (97),

237 1779 373 1847 μήτε
417 1778 521 1848 μὴν
561 1778 919 1841 ἀναπαύσεως
954 1778 1122 1831 ὕπνου
1171 1779 1455 1849 μετασχών
1481 1796 1493 1808 ·
1543 1778 1677 1830 ἀλλὰ
1706 1777 1798 1831 δά-

234 1886 396 1938 κρυσι
438 1872 536 1939 μὲν
564 1871 624 1923 τὸ
654 1871 848 1939 ἑδαφος
889 1871 1105 1943 ἔδρεχε,
1162 1875 1486 1942 στεναγμοῖς
1516 1871 1571 1924 δὲ
1598 1872 1797 1943 ἁσιγήη-
1829 1918 1871 1973 Β

233 1977 347 2022 τοις
374 1961 663 2030 εὐχόμενος
686 1963 931 2017 διετέλει.
960 1963 1036 2033 Τῇ
1068 1964 1227 2035 ὀγδόῃ
1250 1964 1306 2017 δὲ
1336 1965 1414 2026 είς
1448 1964 1509 2016 τὸ
1539 1963 1797 2017 παλάτιον

236 2050 569 2118 ἐπανελθὼν,
600 2054 780 2106 πάντα
810 2052 901 2106 τὸν
928 2054 1153 2108 πλοῦτον
1179 2055 1274 2109 καὶ
1306 2053 1373 2107 τὰ
1403 2055 1661 2125 χρήματα
1686 2057 1799 2117 τοῖς

238 2140 431 2211 πένησι
454 2142 745 2214 διένειμεν,
788 2143 863 2208 ὡς
898 2144 1094 2217 μηκέτι
1124 2144 1513 2217 ὑπολειφθῆναί
1541 2164 1659 2199 τινα
1692 2144 1800 2197 τῶν

236 2234 424 2302 χρείαν
454 2235 708 2304 ἐχόντων.

309 2326 463 2379 ΚΕΦ.
492 2329 630 2394 ACT'.
678 2329 763 2381 Ἐν
792 2328 1001 2398 ὀλίγαις
1028 2330 1083 2383 δὲ
1124 2330 1360 2401 ἡμέραις
1409 2330 1507 2402 τὴν
1544 2329 1803 2399 τοιαύτην

238 2413 461 2475 τελέσας
486 2414 758 2468 διακονὲαν
788 2420 880 2472 καὶ
908 2421 1115 2485 πάντας
1142 2422 1268 2486 τοὺς
1302 2421 1613 2493 θησαυροὺς
1646 2438 1805 2474 κατα-

240 2502 504 2567 κενώσας,
545 2506 689 2569 ὅπως
739 2507 983 2576 μέλλοντι
1025 2509 1124 2579 τὴν
1183 2512 1374 2581 στενὴν
1426 2512 1652 2563 εἰσιέναι
1700 2512 1803 2563 πύ-

239 2591 338 2660 λην
365 2593 475 2662 (98)
513 2594 679 2665 μηδὲν
715 2598 863 2669 αὑτῷ
918 2601 1260 2669 ὲμποδὶσειεν
1289 2603 1316 2654 ὁ
1358 2600 1467 2654 τῶν
1509 2604 1804 2672 χρημάτων

238 2683 401 2751 ὄγκος
430 2685 564 2754 (99),
592 2689 657 2757 τῇ
692 2693 1104 2761 τεσσαρακοστῇ
1138 2692 1323 2764 ἡμέρα
1348 2693 1445 2761 τῆς
1469 2693 1566 2746 τοῦ
1603 2694 1807 2765 πατρὸς

238 2776 518 2849 τελευτῆς,
564 2782 785 2851 μνήμην
830 2782 979 2852 αὑτῷ
1032 2784 1226 2848 τελῶν,
1280 2786 1540 2852 συγκαλεί
1597 2786 1807 2850 πάντας

238 2870 366 2932 τοὺς
395 2872 451 2923 ὲν
479 2871 623 2923 τέλει
654 2872 749 2924 καὶ
779 2874 905 2937 τοὺς
932 2876 1298 2944 στρατιωτικὰ
1340 2878 1808 2948 περιεζωσμένους

243 2962 334 3013 καὶ
390 2960 485 3012 τοῦ
526 2962 806 3017 πολιτικοῦ
869 2964 999 3018 λαοῦ
1061 2968 1159 3019 οὐκ
1216 2969 1379 3039 326
1417 2970 1651 3036 ὀλίγους.
1698 2972 1808 3023 Καὶ

242 3052 601 3119 προκαθίσας,
650 3056 726 3118 ὼς
772 3057 914 3120 ἔθος,
969 3061 1133 3130 φησὶν
1183 3062 1261 3122 είς
1296 3064 1530 3129 ἐπήκοον
1570 3064 1805 3117 πάντων·

254 3144 403 3206 Ἰδοὺ,
433 3146 615 3208 καθὼς
642 3148 827 3216 ὁρᾶτε,
876 3150 1143 3221 ’Λόηννὴρ
1182 3154 1361 3224 πατήρ
1394 3171 1495 3223 μου
1540 3156 1632 3207 καὶ
1664 3155 1809 3225 βασι-

1295 476 1458 535 ιίτιι
1511 464 1855 529 nouant
1915 468 2004 528 ET
2045 458 2400 528 JOASAPII.

394 604 663 670 ρῦγραςςον
696 598 804 663 res,
839 595 945 647 τῶν
972 592 1137 645 αὑτοῦ
1174 590 1551 657 πταισμάτων,
1591 587 1685 639 καὶ
1713 584 1782 636 τὰ

1895 579 2057 649 ipsius
2081 578 2301 633 chartas
2340 589 2632 645 concerpe,
2677 588 3005 648 sa::closque
3040 589 3184 641 tuos,
3240 596 3377 648 quos
3419 590 3473 634 et

3338 467 3471 528 limi

1886 691 2008 745 igne
2043 684 2098 729 et
2120 673 2299 745 gladio
2329 672 2396 727 de
2423 672 2605 725 medio
2636 674 2857 728 sustulit
2881 674 3051 740 (Psal.
3083 673 3320 745 Lxxml),
3348 690 3473 728 eum

1886 769 2008 839 ipso
2041 770 2092 821 in
2129 766 2359 836 gratiam
2398 768 2589 830 reduc,
2638 767 2850 837 eisque,
2881 782 2949 821 ne
2997 769 3097 838 ipsi
3133 768 3379 822 infensos
3420 778 3475 820 et

1886 864 2057 916 iratos
2090 877 2209 915 sese
2264 861 2547 930 praebeant
2583 862 2812 930 impera.
2867 859 3063 914 Omnia
3115 862 3318 930 quippe
3373 861 3471 914 tibi

1884 955 2133 1008 omnium
2167 954 2400 1007 Domino
2429 954 2715 1023 possibilia
2750 961 2896 1015 sunt,
2945 952 3049 1005 hoc
3078 968 3189 1005 uno
3218 960 3474 1021 excepto.

1884 1045 2034 1116 quod
2068 1046 2202 1114 quin
2232 1056 2284 1100 tc
2314 1060 2505 1100 eorum
2542 1046 2638 1114 qui
2679 1061 2799 1099 sese
2828 1044 2893 1099 ad
2933 1053 2984 1099 te
3013 1054 3343 1100 convertunt
3369 1046 3475 1099 mia

1883 1147 2086 1202 soreat,
2115 1139 2289 1193 facere
2323 1154 2433 1191 non
2474 1146 2656 1205 potes.
2691 1136 3069 1189 Misericordia
3113 1136 3261 1189 enim
3294 1145 3381 1189 tua
3420 1135 3472 1188 in

1885 1245 2080 1283 omnes
2126 1228 2325 1283 ditl‘usa
2380 1234 2486 1291 est,
2522 1236 2686 1296 atque
2730 1226 2798 1280 iis
2853 1243 2881 1279 a
2919 1226 3127 1297 quibus
3177 1226 3472 1290 invocaris,

1887 1320 2119 1375 salutem
2146 1320 2333 1382 alTers,
2358 1318 2588 1372 Domine
2610 1318 2739 1373 Jesu
2763 1316 3003 1381 Christe,
3027 1318 3287 1387 quoniam
3315 1318 3476 1373 decet

1887 1422 1941 1470 te
1967 1414 2138 1485 gloria
2172 1415 2227 1467 in
2255 1412 2474 1467 szecula.
2512 1412 2709 1465 Amen.

1958 1505 2289 1577 llujusmodi
2336 1520 2530 1574 preces
2587 1513 2641 1558 et
2690 1504 2975 1558 orationes
3022 1503 3134 1558 Deo
3181 1496 3470 1569 offerebat,

1886 1608 2095 1669 septem
2127 1600 2246 1652 dies
2280 1614 2309 1651 ιι
2346 1599 2601 1667 sepulcro
2625 1598 2853 1652 omnino
2884 1613 2993 1651 non
3022 1597 3335 1659 discedens,
3371 1613 3473 1651 nec

1885 1692 1997 1747 cibi
2041 1689 2343 1759 quidquam
2403 1698 2499 1743 aut
2542 1698 2708 1758 potus
2759 1688 3080 1753 admittens,
3128 1704 3231 1742 nec
3277 1703 3472 1741 rursus

1886 1795 2081 1837 somno
2116 1796 2318 1849 corpus
2365 1794 2645 1840 recreans,
2679 1793 2873 1831 verum
2902 1788 2959 1831 et
3002 1779 3257 1849 laerymis
3298 1779 3477 1833 solum

1888 1875 2076 1946 rigans
2110 1873 2282 1943 (Psal.
2316 1871 2479 1943 exn),
2507 1879 2564 1926 et
2596 1885 2722 1926 eum
2756 1871 2999 1925 luctibus
3026 1882 3245 1925 omnem
3273 1872 3479 1927 oratio-

1886 1968 1977 2023 nis
2015 1966 2331 2021 facultatem
2363 1963 2762 2032 supcrantibus
2800 1964 2854 2018 in
2900 1964 3151 2018 oratione
3200 1973 3474 2033 perstans.

1886 2061 2093 2117 Octavo
2110 2068 2292 2114 autem
2310 2058 2553 2128 denique
2569 2058 2657 2113 die
2682 2059 2735 2112 in
2754 2058 3019 2128 palatium
3041 2073 3319 2124 reversus,
3344 2073 3479 2128 opes

1887 2170 2081 2209 ornnes
2113 2170 2177 2209 ac
2205 2153 2470 2224 pecunias
2499 2152 2841 2223 pauperibus
2885 2151 3204 2217 distribuit;
3252 2152 3391 2208 adeo
3419 2162 3480 2205 ut

1887 2248 2072 2301 nullus
2084 2248 2193 2318 jam
2212 2244 2309 2315 qui
2335 2258 2519 2299 rerum
2544 2242 2731 2314 inopia
2750 2253 3118 2313 premeretur,
3135 2251 3474 2313 superesset.

1953 2340 2081 2395 Car.
2123 2337 2781 2407 XXXVl.-—Paucisque
2811 2335 3012 2391 diebus
3058 2336 3114 2390 in
3154 2335 3473 2407 bujusmodi

1886 2431 2199 2487 ministerio
2243 2430 2473 2495 exactis,
2510 2444 2705 2484 omnes
2754 2428 3051 2484 thesauros
3091 2429 3349 2484 exhausit
3380 2446 3391 2481 :
3421 2427 3473 2481 id

1885 2523 2149 2578 videlicet
2194 2537 2384 2591 agens,
2421 2538 2492 2576 ne
2523 2530 2811 2591 angustam
2862 2530 3080 2591 portam
3118 2522 3349 2576 introire
3382 2537 3477 2591 pa-

1886 2613 2033 2667 ranzi
2082 2614 2447 2682 pecuniarum
2509 2614 2683 2666 moles
2717 2612 3177 2680 impedimentum
3226 2612 3471 2667 aﬂerret.

1883 2703 1957 2760 At
2008 2720 2141 2760 vero
2174 2702 2604 2775 quadragesimo
2649 2719 2680 2757 a
2725 2704 2944 2773 paterni
2998 2703 3185 2759 obitus
3232 2704 3322 2759 die
3360 2720 3476 2759 Inc-

1884 2794 2120 2850 moriam
2168 2796 2346 2868 ipsius
2400 2795 2710 2860 celebrans,
2765 2795 3125 2867 magistratus
3177 2811 3370 2851 omnes
3409 2814 3473 2852 ac

1885 2886 2146 2942 militaris
2183 2888 2375 2944 classis
2432 2896 2491 2945 et
2537 2888 2743 2959 plebeii
2791 2888 3008 2944 ordinis
3062 2889 3210 2944 haud
3265 2905 3472 2959 paucos

1885 2989 2190 3047 convocat;
2236 2991 2402 3052 atque
2446 2979 2503 3038 in
2556 2982 2710 3054 regio
2754 2982 2957 3037 throno
2998 2982 3218 3046 sedens,
3255 2986 3470 3038 cunctis

1908 3056 2241 3112 audientibus
2273 3059 2408 3113 hanc
2436 3059 2725 3114 orationem
2754 3061 2966 3113 habuit:
2995 3060 3093 3125 Eu,
3126 3072 3180 3115 ut
3209 3064 3305 3131 ipsi
3336 3080 3464 3119 eer—

1908 3146 2050 3213 nitis,
2072 3148 2319 3203 Abenner
2340 3163 2427 3203 rex
2450 3164 2513 3203 ac
2547 3159 2693 3218 pater
2715 3164 2883 3216 meus,
2908 3150 3043 3204 haud
3074 3167 3228 3207 secus
3248 3169 3308 3207 ac
3340 3172 3462 3220 pan.

238 3238 363 3298 λεῖδς
386 3236 647 3307 τέθνηκεν
695 3237 771 3300 ὡς
796 3233 877 3302 εἷς
901 3240 1010 3293 τῶν
1034 3243 1297 3312 πενήτων,
1335 3245 1427 3297 καὶ
1468 3246 1619 3299 οὐδὲν
1659 3248 1804 3319 αὐτῷ

1908 3251 2093 3305 perum
2115 3239 2289 3308 quivis
2313 3249 2532 3294 mortem
2555 3240 2704 3296 obiit.
2736 3242 2811 3295 Ac
2832 3257 2929 3296 nec
2950 3242 3169 3308 divitia},
3196 3260 3290 3299 nec
3314 3260 3461 3312 opes,

241 3327 364 3380 οὗτε
397 3330 425 3381 ὁ
451 3328 677 3392 πλοῦτος
695 3328 820 3383 οὔτε
852 3334 884 3401 ἡ
922 3331 1176 3404 βασιλικὴ
1225 3336 1373 3401 δόξα,
1408 3336 1530 3391 οὔτε
1559 3338 1663 3411 μὴν
1696 3341 1807 3411 ἐγὼ

237 3421 268 3469 ὁ
313 3420 628 3492 φιλοπάτωρ
653 3422 786 3485 υίὸς,
816 3421 939 3476 οὔτε
965 3441 1049 3486 τις
1078 3424 1186 3478 τῶν
1210 3425 1412 3481 λοιπῶν
1436 3430 1602 3483 αὐτοῦ
1635 3432 1806 3501 φίλων

242 3512 336 3564 καὶ
368 3514 666 3580 συγγενῶν,
693 3515 955 3585 βοηθῆσαι
979 3517 1197 3587 ίσχυσεν
1224 3520 1371 3589 αὑτῴ
1394 3522 1486 3573 καὶ
1505 3522 1601 3592 τῆς
1627 3524 1806 3593 ἀπαρ-

239 3602 465 3663 αιτήτου
519 3603 698 3673 ψήφου
757 3604 1055 3670 ἐξελέσθαι.
1120 3608 1258 3660 Ἀλλ’
1310 3611 1511 3678 ὑπάγει
1570 3614 1706 3683 πρὸς
1743 3615 1809 3667 τὰ

240 3692 453 3744 ἐκεῖθεν
499 3694 879 3767 δικαιωτήρια,
926 3696 1081 3766 λόγον
1137 3699 1346 3767 ὑφέξων
1388 3702 1487 3771 τῆς
1534 3705 1809 3769 πολιτείας

237 3782 335 3833 τοῦ
368 3786 632 3853 παρόντος
674 3787 812 3855 βίου,
850 3790 1057 3860 μηδένα
1102 3791 1211 3843 τῶν
1258 3793 1516 3846 ἁπάντων
1545 3796 1808 3865 συνεργὸν

238 3876 600 3944 ἑπαγόμενος,
655 3879 770 3932 ἀλλ’
816 3881 847 3950 ῆ
907 3881 1043 3949 μόνα
1098 3882 1166 3935 τὰ
1223 3884 1373 3954 αὐτῷ
1433 3889 1806 3957 πεπραγμένα

236 3969 395 4019 ὁποῖα
426 3970 491 4020 ἂν
604 3970 677 4022 Τὸ
703 3971 836 4023 αὐτὸ
855 3971 911 4024 δὲ
942 3972 1103 4026 τοῦτο
1132 3976 1227 4027 καὶ
1251 3976 1382 4028 πᾶσι
1410 3978 1525 4039 τοῖς
1552 3978 1650 4048 τὴν
1683 3979 1807 4049 βρό-

237 4057 382 4108 τειον
414 4056 637 4126 λαχοῦσι
671 4058 831 4129 φύσιν
863 4062 1182 4130 συμϐαίνειν
1213 4066 1447 4135 πέφυκε,
1503 4070 1595 4121 καὶ
1637 4071 1810 4135 ἄλλως

236 4147 340 4197 οὐκ
369 4146 503 4198 ἔστι.
528 4146 637 4201 Νῦν
674 4145 767 4202 οὖν
801 4150 1071 4206 ἀκούσατέ
1104 4171 1229 4223 μου,
1265 4156 1411 4223 φίλοι
1445 4159 1539 4209 καὶ
1566 4158 1808 4226 ἀδελφοὶ,

236 4237 368 4299 λαὸς
386 4240 591 4310 Κυρίου
613 4241 707 4293 καὶ
721 4241 920 4311 κλῆρος
941 4243 1115 4311 ἅγιος,
1140 4245 1234 4308 οὓς
1256 4246 1558 4316 έξηγόρασε
1582 4249 1811 4318 Χριστὸς

233 4326 268 4377 ὀ
297 4326 427 4389 Θεὸς
462 4327 618 4398 ἡμῶν
642 4328 719 4399 τῷ
760 4330 927 4401 τιμίῳ
974 4332 1136 4386 αὑτοῦ
1166 4333 1361 4405 αἵματι
1393 4336 1489 4389 καὶ
1537 4337 1809 4408 ἐρρύσατο

234 4419 339 4488 τῆς
373 4419 608 4483 παλαιᾶς
636 4420 846 4491 πλάνης
876 4424 971 4476 καὶ
1000 4424 1246 4489 δουλείας
1277 4426 1372 4480 τοῦ
1404 4430 1804 4500 ἀντικειμένου.

233 4511 404 4564 Αὐτοὶ
430 4511 608 4564 οἴδατε
637 4511 735 4583 τὴν
774 4514 831 4567 ὲν
859 4513 986 4583 ὑμῖν
1009 4517 1358 4594 ᾁναστροφήν
1400 4538 1523 4591 μου,
1550 4523 1625 4586 ὡς
1657 4523 1806 4588 ἐξότε

1910 3343 2011 3384 nec
2032 3329 2171 3398 regia
2193 3329 2380 3399 gloria,
2412 3346 2508 3384 nec
2534 3346 2742 3386 rursum
2771 3347 2869 3402 ego
2893 3335 3050 3400 patris
3072 3336 3465 3390 amantissimus

1911 3418 2069 3489 ﬁlius,
2115 3435 2214 3475 nec
2260 3420 2581 3490 reliquorum
2624 3423 2787 3490 ipsius
2815 3424 3101 3479 amicorum
3132 3439 3193 3478 ac
3221 3437 3465 3495 cognato-

1911 3526 2026 3566 rum
2058 3513 2329 3582 quisquam
2365 3528 2517 3579 0pcm
2547 3514 2643 3581 ipsi
2684 3527 2734 3568 et
2780 3516 3029 3569 auxilium
3061 3516 3271 3582 aﬂerre,
3304 3527 3462 3586 atque

1911 3602 1977 3657 ab
1998 3602 2278 3657 inevitabili
2310 3605 2566 3658 sententia
2598 3606 2766 3671 ipsum
2789 3609 3020 3662 eximere
3046 3611 3246 3676 potuit;
3277 3626 3457 3665 verum

1915 3691 1980 3746 ad
2003 3691 2134 3746 illud
2166 3694 2419 3760 tribunal,
2455 3702 2510 3747 ut
2538 3698 2807 3763 prmsentis
2831 3696 2947 3751 vita:
2976 3700 3230 3754 rationem
3260 3702 3464 3766 reddat,

1910 3782 2281 3849 proﬁciscitur,
2330 3785 2595 3837 nemiuem
2641 3784 2858 3839 omnino
2908 3787 2995 3853 qui
3044 3788 3140 3855 ipsi
3180 3788 3467 3857 opi'utetur

1911 3885 2091 3926 secum
2140 3872 2376 3937 ducens,
2425 3873 2489 3926 iis
2535 3872 2788 3927 duntaxat
2834 3877 3067 3941 exceptis
3116 3877 3464 3949 (qua-cunque

1914 3961 2125 4015 tandem
2158 3961 2245 4015 illa
2273 3960 2492 4031 fuerint)
2531 3978 2647 4031 qua:
2692 3964 2756 4017 ab
2792 3978 2855 4017 eo
2884 3974 3027 4032 gesta
3059 3976 3199 4018 sunt.
3235 3966 3341 4021 lloc
3371 3984 3468 4021 au-

1910 4060 2017 4106 tem
2050 4052 2220 4118 ipsum
2260 4066 2466 4119 quoque
2496 4052 2741 4107 omnlbus
2783 4056 2869 4121 qui
2910 4056 3181 4109 mortalem
3228 4067 3469 4113 naturam

1909 4142 2051 4196 nacti
2082 4152 2205 4195 sunt
2232 4143 2541 4208 contingere
2569 4152 2751 4195 natura
2778 4154 3137 4210 comparatum
3167 4158 3266 4211 esu
3298 4164 3467 4215 neque

1908 4233 2061 4286 aliter
2088 4232 2197 4286 ﬁeri
2247 4240 2440 4299 potest.
2490 4230 2637 4286 Nunc
2681 4234 2836 4301 igitur
2878 4233 3055 4289 audite
3096 4252 3199 4302 me,
3228 4254 3260 4290 υ
3289 4238 3378 4292 ﬁlii
3407 4255 3468 4293 ac

1909 4323 2117 4386 fratres.
2164 4322 2313 4391 plebs
2364 4322 2591 4387 Domini,
2648 4332 2703 4376 et
2744 4332 2925 4377 sancta
2982 4324 3279 4391 haereditas,
3332 4344 3466 4396 quos

1907 4412 2154 4466 Christus
2185 4412 2323 4466 Deus
2352 4421 2532 4467 noster
2557 4414 2791 4481 pretioso
2820 4415 3075 4483 sanguine
3099 4430 3193 4469 suo
3223 4419 3468 4485 redemit,

1909 4512 2064 4571 atque
2086 4521 2114 4555 τι
2137 4503 2304 4557 veteri
2331 4518 2511 4558 errore
2536 4513 2589 4557 et
2632 4504 2917 4559 adversarii
2950 4507 3198 4562 servitute
3223 4508 3273 4562 in
3307 4509 3466 4564 Iiber-

232 4600 332 4653 τὸν
360 4601 593 4672 Χριστὸν
639 4603 810 4670 ἔγνων
835 4605 931 4657 καὶ
970 4604 1156 4669 δοῦλος
1184 4609 1349 4661 αὑτοῦ
1377 4600 1615 4681 ἠξιώθην
1653 4612 1804 4679 γενέ-

1911 4603 2073 4649 ιιιεηι
2104 4596 2406 4649 vindicavit.
2439 4594 2545 4649 Vos
2577 4610 2746 4650 meam
2779 4596 2916 4650 inter
2942 4613 3035 4652 vos
3066 4600 3185 4653 vitae
3208 4601 3467 4655 rationem

237 4690 387 4755 σθαι,
430 4690 607 4745 πάντα
662 4695 922 4765 μισήσας,
952 4697 1114 4750 αὑτὸν
1145 4698 1462 4768 έπεπόθησα
1495 4703 1678 4773 μόνον,
1716 4704 1811 4756 καὶ

233 4781 398 4836 τοῦτό
432 4800 523 4853 μοι
550 4780 618 4855 ἦν
656 4785 1020 4857 καταθύμιον,
1058 4792 1158 4861 της
1204 4788 1375 4861 ζάλης
1423 4792 1667 4877 τοῦεβίου
1716 4797 1825 4848 καὶ¹

239 4875 479 4945 ματαίας
527 4876 737 4948 τύρϐης
786 4879 1173 4948 ὑπεξελθόντα,
1243 4884 1404 4953 μόνον
1463 4875 1609 4954 μόνῳ
1660 4886 1808 4956 αὐτῷ

237 4969 484 5023 συνεῖναι
506 4970 600 5023 καὶ
628 4971 684 5023 ὲν
701 4972 963 5044 ἁταράχῳ
986 4974 1197 5047 γαλήνῃ
1222 4976 1402 5048 ψυχῆς
1422 4978 1705 5033 δουλεῦσαι
1731 4979 1807 5047 τῷ

234 5055 361 5126 Θεῷ
393 5074 494 5128 μου
514 5060 608 5113 καὶ
636 5060 892 5136 δεσπότῃ.
942 5064 1103 5119 Ἀλλά
1128 5083 1195 5136 με
1222 5068 1485 5137 κατέσχεν
1510 5070 1543 5140 ἡ
1572 5070 1665 5123 τοῦ
1701 5088 1806 5123 πα-

234 5146 369 5216 τρὸς
417 5164 519 5217 μου
543 5151 812 5215 ἔνστασις,
855 5153 951 5206 xa‘t
985 5155 1175 5226 ἐντολὴ
1206 5158 1425 5228 ἠτιμᾷν
1455 5158 1581 5220 τοὺς
1613 5162 1807 5231 γεννή-

233 5254 407 5306 τορας
437 5240 732 5295 κελεύουσα
758 5241 857 5313 (l).
896 5244 1081 5309 Ὅθεν,
1105 5245 1241 5300 Θεοῦ
1277 5248 1457 5319 χάριτι
1489 5249 1583 5302 καὶ
1611 5268 1804 5322 συνερ-

235 5329 387 5400 γείᾳ,
416 5330 515 5384 οὐκ
565 5333 645 5395 εἰς
680 5334 858 5405 μάτην
903 5336 1191 5405 ἐκοπίασα,
1243 5339 1351 5392 οὐδ’
1400 5342 1478 5404 είς
1529 5340 1684 5395 κενὸν
1708 5342 1806 5406 τὰς

235 5419 497 5484 τοιαύτας
526 5422 782 5478 ἀνάλωσα
810 5426 1027 5498 ἡμέρας
1045 5444 1059 5458 ⁸
1092 5429 1205 5482 ἀλλ’
1231 5432 1437 5485 ἐκεῖνον
1470 5450 1529 5486 τε
1556 5433 1806 5503 ᾠκείωσα

311 5598 423 5681 (‘29?
454 5600 535 5681 ξε·
568 5616 619 5670 Ρ·
653 5601 751 5681 ξέι
773 5618 828 5658 η·
864 5602 945 5681 ’ίὲτ

312 5670 425 5734 (97)
456 5672 538 5724 (Il.
573 5689 623 5740 p.
660 5671 779 5733 104,
813 5690 867 5727 tt.
899 5675 987 5729 56.

314 5740 427 5807 (es)
457 5741 609 5811 (Ide
646 5761 694 5811 ιι.
733 5742 851 5808 129,
886 5760 938 5798 ιι.
971 5746 1021 5801 5.

312 5812 421 5878 (99!
453 5810 605 5864 Colll'.
641 5828 692 5881 ι).
729 5812 847 5868 128.

1910 4688 2105 4740 nostis:
2140 4701 2329 4754 nempe
2367 4685 2504 4753 quod
2553 4701 2615 4740 ex
2658 4702 2764 4755 quo
2793 4697 3025 4756 tempore
3054 4689 3245 4744 Christi
3288 4674 3471 4761 cogni-

1911 4776 2103 4827 tionem
2132 4783 2466 4837 consecutus,
2500 4774 2784 4844 divinoque
2814 4775 3070 4831 beneﬁcio
3097 4777 3258 4845 ipsius
3283 4795 3470 4835 servus

1912 4862 2132 4916 eth-etus
2160 4878 2302 4928 smn,
2333 4863 2576 4918 omnibus
2603 4864 2720 4918 aliis
2756 4864 2912 4921 rebus
2953 4870 3269 4936 contemptis
3313 4879 3473 4939 atque

1911 4952 2033 5005 odio
2062 4951 2276 5015 habitis,
2323 4953 2483 5020 ipsius
2518 4956 2769 5008 duntaxat
2796 4956 3079 5024 cupiditate
3114 4957 3351 5028 ﬂagravi,
3392 4961 3471 5014 ide

1914 5057 2016 5111 que
2055 5057 2213 5094 unum
2246 5040 2370 5095 mihi
2414 5043 2467 5095 in
2499 5044 2632 5097 votis
2661 5043 2777 5110 fuit,
2811 5055 2866 5098 ut
2905 5061 2968 5099 ex
2999 5047 3151 5115 bujus
3184 5050 3302 5102 vita:
3333 5061 3471 5104 tem-

1916 5142 2136 5202 pestate,
2165 5142 2319 5202 atque
2354 5134 2494 5187 inani
2524 5137 2921 5203 perturbatione
2949 5151 3011 5190 ac
3039 5138 3257 5192 tumultu
3286 5154 3474 5207 egreso

1915 5236 2024 5283 sus,
2057 5223 2200 5274 solus
2243 5236 2361 5275 cum
2395 5223 2507 5290 ipso
2554 5224 2669 5277 aulo
2713 5225 3146 5279 consuetudinem
3196 5228 3473 5292 haberem,

1918 5322 2073 5380 atque
2101 5313 2151 5365 in
2184 5327 2389 5366 summa
2416 5315 2577 5366 aninn
2610 5314 2977 5385 tranquillitate
3000 5315 3109 5369 Deo
3136 5332 3252 5369 meo
3281 5333 3343 5370 ac
3374 5320 3463 5370 υυ-

1921 5403 2059 5455 mino
2085 5403 2356 5456 servirem.
2388 5404 2573 5457 \‘erum
2608 5420 2688 5457 me
2714 5405 2872 5473 patris
2904 5406 3005 5461 mei
3030 5408 3078 5461 in
3106 5407 3373 5462 diversum
3399 5413 3475 5462 ui-

313 5882 388 5949 (1)
425 5882 590 5936 Ιέλοιί.
628 5900 715 5947 n,
752 5882 815 5935 l‘!
845 5903 857 5939 :
892 5886 1036 5957 Τίμα
1063 5886 1151 5941 τὸν
1181 5889 1395 5961 Πατέρα
1430 5908 1518 5943 σου
1551 5894 1641 5946 καὶ
1671 5894 1768 5965 τὴν
1802 5945 1804 5963 Ι

1895 5896 2009 5966 πέρι
2056 5917 2165 5964 7w,
2204 5899 2285 5951 ἵνα
2319 5896 2375 5955 εὖ
2418 5917 2495 5953 σοι
2533 5900 2816 5971 γένηται...
2853 5902 3008 5957 Conl'.
3050 5904 3257 5957 Denter.
3299 5920 3345 5963 δ’.
3384 5904 3470 5958 W-
