4146 6454
206 364 338 430 12~l5

1300 373 1473 434 HTA
1514 377 1869 440 BARLAAM
1911 379 2004 439 ΕΤ
2043 375 2397 438 JUASAPH.

3324 389 3458 456 1206

204 475 456 530 θάνατον.
490 477 601 532 Καὶ
631 476 804 532 ταῦτα
833 479 1181 551 λογιζόμενος
1223 483 1304 546 εἰς
1337 485 1426 538 τὸν
1472 487 1571 558 τῆς
1616 488 1782 561 ὑπερ-

1883 497 2135 553 vilitatem
2162 500 2354 568 cogita,
2383 499 2606 571 vitaeque
2637 501 2793 572 hujus
2819 503 3134 560 brevitatem
3165 515 3321 574 atque
3353 508 3450 559 ad-

201 565 359 632 οψίας
370 567 430 618 ού
447 565 689 640 βληθήσῃ
706 568 896 641 βόθρον
913 570 1044 641 (20),
1061 571 1196 626 ἀλλά
1217 574 1500 648 φοϐηθήσῃ
1524 579 1614 631 τὸν
1631 580 1785 648 Θεὸν,

203 659 294 709 τὸν
319 658 572 728 ἀληθινὸν
595 662 688 714 καὶ
720 663 1069 734 ὲπουράνιον’
1093 663 1339 732 βασιλέα,
1365 669 1458 721 καὶ
1481 669 1650 734 ὅντως
1679 689 1786 742 μα-

202 748 392 816 κάριος
438 751 556 823 ἔσῃ.
612 752 910 824 Μακάριοι,
964 755 1072 825 γάρ
1127 773 1258 825 φησι
1294 759 1427 828 (‘21),
1482 761 1682 826 πάντες
1737 765 1786 816 οξ

200 842 525 913 φοϐούμενοι
559 845 652 898 τὸν
681 845 908 916 Κύριον,
938 849 986 900 οί
1029 852 1388 920 πορευόμενοι
1414 855 1470 905 ἐν
1495 858 1614 918 ταῖς
1647 856 1788 923 όδοῖς

199 935 387 988 αὑτοῦ·
420 937 536 989 καί·
581 939 869 1008 Μακάριος
899 941 1010 1012 (2‘2)
1063 944 1202 1015 ἀνὴρ
1235 943 1262 994 ὁ
1314 946 1659 1017 φοϐούμενος
1691 951 1785 1005 τὸν

202 1026 444 1095 Κύριον·
497 1030 556 1081 ὲν
595 1031 716 1094 ταῖς
757 1033 1001 1097 ἐντολαῖς
1050 1035 1215 1088 αὑτοῦ
1273 1037 1488 1109 θελήσει
1557 1041 1782 1113 σφόδρα.

202 1117 366 1180 Ποίας
425 1119 479 1170 δὲ
532 1121 639 1191 πρὸ
675 1122 894 1175 πάντων
959 1125 1197 1192 ὀφείλεις
1262 1132 1451 1199 τηρεῖν
1524 1131 1780 1200 έντολάςς

199 1209 360 1280 333
391 1211 666 1283 Μακάριοι
687 1215 796 1281 (‘25)
828 1215 875 1266 οἱ
917 1215 1228 1287 ἐλεήμονες,
1265 1219 1347 1273 ὅτι
1384 1221 1536 1275 αὐτοὶ
1557 1222 1782 1297 ἐλεηθή-

199 1317 404 1366 σονται·
440 1303 563 1355 καί·
594 1305 814 1358 Γίνεσθε
855 1304 969 1376 (24)
1002 1308 1372 1380 οἰκτίρμονες,
1424 1313 1500 1376 ὡς
1533 1315 1562 1366 δ
1590 1316 1781 1388 Πατὴρ

199 1391 353 1461 ὑμῶν
387 1396 414 1446 ὁ
463 1395 715 1466 οὐράνιος
761 1398 1066 1468 οἰκτίρμων
1101 1402 1241 1454 ἐστί.
1287 1402 1505 1472 Ταύτην
1547 1405 1658 1475 γὰρ
1684 1405 1783 1478 τὴν

197 1485 416 1557 ἐντολὴν
447 1488 552 1558 πρὸ
586 1489 800 1544 πάντων
831 1492 1195 1548 ἀπαιτοῦνται
1223 1495 1344 1548 οίέν
1376 1499 1610 1572 μεγίστῃ
1630 1499 1784 1566 ὅντες

197 1581 361 1650 ἀρχῇ.
395 1581 502 1633 Καὶ
531 1581 745 1650 ἀληθῶς
767 1585 793 1636 ὁ
824 1586 1068 1655 μεγάλης
1104 1586 1355 1652 ἐξουσίας
1385 1590 1782 1661 ὲπιλαὸόμενος

198 1670 289 1722 τὸν
343 1672 544 1742 δοτῆρα
596 1674 697 1743 τῆς
746 1673 994 1740 ἐξουσίας
1037 1678 1240 1747 ὀφείλει
1292 1681 1577 1750 μιμεῖσθαι
1638 1684 1782 1738 κατά

195 1760 448 1831 δύναμιν·
483 1767 540 1816 ὲν
573 1764 749 1836 τούτῳ
781 1766 837 1820 δὲ
883 1768 1118 1837 μάλιστα
1148 1770 1240 1823 τὸν
1286 1771 1418 1825 Θεὸν
1453 1775 1778 1847 μιμήσεται,

1879 583 2119 654 junctam
2148 588 2295 641 carni
2327 598 2552 645 mortem
2588 592 2780 661 cogita.
2811 591 2935 648 llaec
2964 593 3104 648 enim
3133 595 3176 648 si
3204 596 3448 650 conside-

1882 687 1968 727 res
1989 715 2004 739 ,
2037 675 2088 730 in
2120 678 2420 746 superbiam
2452 679 2856 750 haudquaquam
2885 683 3086 739 incides
3109 725 3124 748 ,
3155 686 3249 740 sed
3284 686 3448 738 Deum

1879 777 2062 818 verum
2149 779 2236 841 ac_
2315 765 2593 821 caelestem
2699 767 2900 839 Regem
2975 785 3216 840 metues,
3269 777 3450 841 sicine

1884 857 2138 923 prasclare
2169 836 2236 910 acu
2259 856 2483 911 feliciter
2510 870 2677 912 tecum
2722 873 2924 930 agetur.
2972 863 3117 917 Beati
3160 866 3334 930 enim,
3365 866 3450 919 in-

1885 950 1999 1014 quit
2028 949 2114 1002 i.le
2136 990 2149 1013 ,
2174 964 2359 1003 omnes
2387 953 2473 1020 qui
2505 952 2691 1006 timent
2719 953 3032 1017 Dominum,
3065 957 3154 1023 qui
3180 958 3451 1014 ambulant

1887 1037 1938 1090 in
1971 1037 2067 1090 viis
2095 1039 2207 1106 ejus
2247 1039 2262 1109 (
2290 1036 2433 1092 Psal.
2467 1055 2650 1094 cxxvu
2672 1045 2712 1108 ).
2746 1046 2822 1097 Ac
2851 1061 3058 1100 rursum
3087 1063 3100 1100 :
3136 1049 3327 1102 Beatus
3370 1051 3450 1102 vir

1881 1128 1969 1195 qui
2003 1129 2151 1183 timet
2190 1128 2506 1196 Dominum,
2553 1133 2603 1185 in
2645 1135 2905 1189 mandatis
2944 1139 3059 1204 ejus
3105 1140 3244 1194 volet
3289 1139 3450 1196 nimis

1881 1217 1901 1287 (
1929 1215 2070 1272 Psal.
2101 1236 2185 1274 cxi
2208 1219 2249 1288 ).
2289 1221 2543 1287 Quaenam
2581 1233 2755 1278 autem
2789 1241 2892 1294 prae
2932 1230 3138 1283 caeteris
3185 1241 3451 1299 praecepta

1884 1307 1984 1362 tibi
2016 1311 2278 1366 servanda
2320 1308 2462 1376 sint,
2505 1313 2668 1367 audi:
2713 1315 2854 1369 Beati
2889 1318 3277 1385 misericordes,
3321 1337 3452 1391 quo.

1888 1399 2027 1453 niam
2060 1401 2155 1468 ipsi
2184 1402 2598 1458 misericordiam
2627 1418 3016 1476 consequentur
3042 1410 3218 1482 (Lucae
3250 1412 3344 1482 vt).
3374 1413 3452 1470 Ac

1883 1505 2125 1547 rursum:
2146 1492 2327 1550 Est0te
2344 1496 2731 1565 misericordes,
2751 1500 2884 1554 sicut
2904 1512 2958 1556 et
2979 1502 3134 1558 Pater
3155 1515 3329 1559 vester
3341 1521 3453 1562 cas-

1883 1579 2027 1635 lestis
2041 1583 2343 1638 misericors
2355 1595 2453 1640 est.
2472 1586 2578 1642 Hoc
2593 1591 2732 1643 enim
2752 1602 3068 1660 praceptum
3085 1596 3149 1648 ab
3165 1595 3224 1648 iis
3240 1596 3451 1664 potissi-

1883 1685 2024 1725 mum
2049 1687 2110 1728 ex
2121 1675 2351 1741 poscitur
2367 1677 2452 1745 qui
2477 1677 2528 1731 in
2547 1693 2754 1733 summo
2780 1681 3001 1747 imperio
3017 1686 3284 1740 constituti
3301 1697 3445 1742 sunt.

1887 1766 1965 1821 Ac
2025 1780 2156 1822 sane
2235 1765 2325 1833 qui
2366 1781 2608 1834 magnam
2653 1770 2938 1836 potentiam
2965 1783 3153 1826 nactus
3181 1785 3292 1842 est,
3323 1791 3444 1830 eum

195 1855 258 1905 ὲν
288 1852 368 1923 τῷ
395 1855 563 1922 μηδὲν
597 1857 848 1926 ἡγεῖσθαι
883 1859 977 1912 τοῦ
1008 1860 1177 1914 ἐλεεῖν
1213 1863 1608 1936 προτιμότερον
1642 1867 1777 1939 (25).

1890 1871 1919 1909 a
1959 1870 2065 1924 quo
2096 1857 2396 1926 hujusmodi
2429 1862 2716 1928 potentiam
2746 1864 2950 1932 accepit
2979 1881 3074 1935 pro
3102 1868 3297 1923 viribus
3331 1870 3447 1924 imi-

208 1945 374 2000 Ἀλλά
412 1949 504 2001 καὶ
530 1949 591 2002 τὸ
621 1950 860 2017 ὑπήκοον
891 1953 1044 2007 οὐδὲν
1080 1953 1254 2021 οὕτως
1286 1959 1365 2020 εὶς
1387 1957 1599 2013 εὔνοιαν
1627 1961 1784 2031 ὲφέλ-

199 2057 382 2104 κεται,
417 2041 494 2104 ὼς
528 2044 774 2108 εύποιῖας
822 2048 982 2118 χάρις
1019 2047 1272 2120 διδομένη
1303 2053 1412 2115 τοῖς
1457 2053 1780 2125 χρῄζουσιν·

197 2132 230 2200 ἡ
265 2132 369 2204 γὰρ
405 2134 492 2187 διὰ
519 2135 683 2203 φόϐον
728 2139 990 2210 γινομένη
1024 2139 1313 2211 θεραπεία,
1368 2160 1783 2217 κατεσχηματι-

199 2225 370 2294 σμένη
430 2227 547 2280 ἐστὶ
602 2227 835 2292 θωπεία,
890 2231 1263 2304 πεπλασμένῳ
1326 2237 1498 2305 τιμῆς
1553 2239 1784 2310 ὀνόματι

199 2315 564 2382 φενακίζουσα
581 2319 851 2391 τοὺςαγύτῇ
877 2324 1244 2393 προσέχοντας
1263 2342 1275 2355 ·
1309 2327 1401 2379 καὶ
1416 2327 1474 2378 τὸ
1501 2329 1784 2393 ἀκουσίως

198 2406 642 2478 ὑποτεταγμένον
677 2413 960 2476 στασιάζει
1000 2416 1195 2486 καιροῦ
1248 2417 1583 2490 λαϐόμενον·
1635 2421 1696 2474 τὸ
1724 2421 1782 2476 δὲ

196 2501 310 2561 τοῖς
348 2499 572 2570 δεσμοῖς
598 2502 698 2572 τῆς
731 2503 946 2568 εὐνοίας
998 2507 1370 2578 κρατούμενον
1417 2511 1645 2582 βεϐαίαν
1670 2513 1782 2585 ἔχει

197 2594 337 2662 πρὶς
363 2593 423 2646 τὸ
454 2596 690 2664 κρατοῦν
721 2596 818 2668 τὴν
875 2598 1191 2655 εὐπείθειαν
1227 2602 1360 2673 (26).
1406 2604 1497 2658 Διὸ
1525 2607 1784 2678 εὐπρόσι-

195 2698 289 2744 τος
324 2682 415 2736 ἔσο
444 2687 556 2748 τοῖς
585 2686 882 2756 δεομένοις,
925 2691 1017 2742 καὶ
1047 2692 1230 2760 ἄνοιγε
1274 2694 1344 2747 τὰ
1381 2694 1494 2765 (27)
1523 2689 1638 2750 ὦτα
1670 2701 1782 2764 τοῖς

198 2777 542 2846 πενομένοις,
565 2778 652 2830 ἶνα
679 2777 850 2851 εὕρῃς
889 2780 990 2852 τὴν
1015 2782 1108 2835 τοῦ
1133 2784 1268 2838 Θεοῦ
1307 2787 1476 2859 ἀκοὴν
1507 2790 1785 2861 ἀνεῳγμέ-

197 2884 330 2935 νην·
357 2865 456 2919 οἷοι
490 2869 596 2939 γάρ
635 2873 753 2935 τοῖς
796 2873 1087 2945 ἡμετέροις
1126 2877 1394 2944 γινόμεθα
1445 2881 1777 2950 συνδούλοις,

195 2961 441 3013 τοιοῦτον
491 2963 625 3030 περὶ
671 2965 819 3035 ἡμᾶς
866 2965 1177 3036 εὑρήσομεν
1224 2970 1316 3023 τὸν
1358 2970 1646 3045 δεσπότην,
1689 2974 1783 3028 καὶ

192 3051 272 3116 ὡς
302 3053 575 3124 ἀκούομεν
612 3057 1093 3136 ἀκουσθησόμεθα,
1122 3060 1199 3124 ὡς
1245 3063 1465 3134 ὁρῶμεν
1512 3066 1782 3138 ὁραθησὸ-

201 3144 341 3213 μεθα
381 3146 486 3199 ὑπο
529 3147 622 3200 τοῦ
680 3148 824 3202 θείου
879 3150 973 3203 και⁸
1033 3153 1377 3226 παντεφόρου
1436 3156 1776 3230 βλέμματος.

198 3231 714 3311 Προεισενέγκωμεν
747 3237 839 3295 οῦν
885 3241 978 3296 τοῦ
1033 3244 1185 3298 ἐλέου
1233 3245 1324 3301 τὸν
1375 3247 1543 3317 ἔλεον,
1579 3252 1667 3307 ἵνα
1703 3253 1780 3325 τῷ

195 3329 371 3398 ὁμοίῳ
397 3331 458 3381 τὸ
484 3331 668 3400 ὅμοιον
703 3333 1104 3403 ἀντιλάὀωμεν.

1886 1947 1982 2000 tari
2010 1945 2188 2001 debet.
2222 1947 2328 2002 llac
2361 1964 2516 2018 porro
2549 1952 2600 2004 in
2643 1966 2701 2007 re
2741 1952 2905 2007 Deum
2947 1955 3174 2011 maxime
3213 1957 3444 2012 imitabi-

1880 2043 1988 2102 tur,
2011 2035 2056 2090 si
2083 2037 2444 2091 misericordia
2471 2039 2598 2092 nihil
2630 2042 2804 2108 potius
2829 2045 3201 2113 antiquiusque
3233 2047 3445 2102 habeat.

1881 2125 1993 2180 llue
2021 2129 2227 2182 accedit
2256 2129 2395 2198 quod
2424 2131 2663 2185 subditos
2694 2133 2823 2187 nihil
2851 2149 3000 2203 aequo
3028 2137 3092 2190 ad
3124 2138 3448 2195 benevolen-

1881 2218 2004 2271 tiam
2044 2218 2238 2282 allicit,
2281 2227 2336 2272 ut
2376 2219 2613 2274 beneficii
2652 2221 2821 2290 gratia
2861 2225 3137 2293 egentibus
3172 2242 3446 2284 concessa.

1881 2308 2010 2362 Nam
2052 2309 2362 2377 obsequium
2405 2310 2534 2366 illud
2573 2313 2710 2380 quod
2753 2328 2821 2370 ex
2860 2326 3002 2371 metu
3045 2318 3232 2384 oritur,
3258 2322 3450 2376 adum-

1881 2397 2026 2452 brata
2052 2410 2132 2454 est
2159 2400 2413 2466 adulatio,
2443 2418 2537 2471 per
2563 2404 2741 2458 fictum
2772 2406 2986 2462 honoris
3011 2411 3325 2466 vocabulum
3355 2428 3450 2470 eos

1879 2489 1963 2556 qui
1996 2490 2233 2542 animum
2267 2491 2363 2559 ipsi
2403 2492 2685 2560 adjiciunt,
2728 2495 3002 2552 ludificans
3043 2514 3104 2555 ac
3141 2503 3448 2558 cirumscri-

1882 2580 2034 2635 bens.
2066 2581 2239 2648 Atque
2276 2582 2322 2635 is
2353 2582 2442 2651 qui
2475 2583 2639 2637 invito
2662 2586 2839 2640 animo
2867 2597 3044 2656 paret,
3084 2591 3258 2646 oblata
3296 2608 3452 2647 occa-

1890 2668 2042 2722 sione
2086 2670 2396 2726 seditionem
2440 2675 2674 2741 excitat;
2713 2677 2801 2745 qui
2845 2686 3020 2733 autem
3063 2680 3448 2740 benevolentiae

1884 2759 2106 2813 vinculis
2153 2762 2472 2818 constrictus
2523 2773 2750 2830 tenetur,
2796 2767 2998 2822 firmam
3046 2770 3098 2825 ei
3139 2773 3228 2840 qui
3269 2789 3449 2829 rerum

1884 2850 2083 2919 potitur
2111 2851 2468 2908 obedientiam
2503 2864 2736 2922 praestat.
2777 2857 2905 2924 Quae
2944 2873 3064 2914 cum
3093 2860 3165 2914 ita
3206 2863 3314 2916 sint
3337 2902 3351 2927 ,
3382 2865 3448 2917 da

1882 2953 2096 3008 operam
2123 2948 2179 2993 ut
2201 2941 2473 3009 egentibus
2503 2941 2671 2998 facilis
2701 2946 2765 2997 ad
2798 2957 2848 3000 te
2874 2961 3121 3002 accessus
3143 2950 3241 3014 sit,
3272 2949 3444 3020 iisque

1881 3030 1967 3098 qui
2011 3029 2182 3097 inopia
2224 3032 2616 3099 conﬂictantur,
2661 3049 2818 3090 aures
2862 3047 2964 3092 tua:
3002 3048 3243 3106 pateant,
3290 3051 3348 3095 ut
3387 3053 3442 3096 tu

1881 3134 2093 3190 quoque
2123 3131 2332 3189 apertas
2376 3122 2466 3178 Dei
2509 3139 2665 3178 aures
2696 3127 2950 3183 invenias.
2981 3130 3111 3184 Nam
3139 3134 3319 3200 quales
3349 3151 3445 3190 nos

1885 3211 2029 3279 ipsos
2058 3213 2333 3266 conservis
2363 3213 2744 3281 praebuerimus
2764 3257 2780 3282 ,
2814 3221 2968 3272 talem
2998 3220 3155 3275 etiam
3185 3238 3306 3289 erga
3346 3240 3444 3281 nos

1885 3301 2166 3356 Dominum
2198 3307 2566 3360 nanciscemur
2590 3348 2604 3372 ,
2637 3317 2690 3362 et
2728 3311 3174 3378 quemadmodum
3215 3315 3446 3370 audieri-

195 3422 340 3471 mus,
372 3407 684 3472 audiemur,
719 3419 774 3463 et
803 3411 1271 3479 quemadmodum
1301 3411 1626 3479 viderimus,
1657 3431 1687 3470 a
1717 3415 1907 3472 divino
1941 3427 1998 3473 ct
2027 3422 2274 3478 omnium
2307 3441 2492 3480 rerum
2523 3439 2884 3499 conspectore
2921 3433 3084 3488 oculo
3108 3435 3446 3494 videbimur.

187 3499 564 3559 Quamobrem
601 3509 727 3554 ante
768 3503 1209 3559 misericordiam
1240 3505 1678 3560 misericordiam
1712 3507 2082 3577 conferamus,
2117 3521 2178 3568 ut
2209 3516 2389 3573 simile
2423 3535 2520 3588 per
2551 3521 2729 3577 simile
2764 3525 3115 3596 recipiamus.

275 3589 434 3641 ’Δλλά
462 3590 557 3642 καὶ
583 3587 774 3659 ἑτέραν
803 3587 969 3640 ἄκουε
998 3587 1216 3657 ἐντολὴν
1244 3588 1476 3656 σύζυγον
1508 3589 1606 3658 τῆς
1643 3608 1776 3659 προ-

183 3680 376 3752 τέρας.
407 3682 629 3749 Ἅφετε,
666 3681 760 3734 καί
803 3679 1138 3750 ἀφεθήσεται
1178 3681 1328 3751 ὑμῖν·
1367 3683 1482 3748 καὶ,
1540 3684 1634 3736 ἐὰν
1663 3683 1773 3755 (28)

183 3776 296 3828 οῦκ
342 3773 505 3846 334
540 3775 715 3844 ἀφῆτε
750 3775 862 3834 τοῖς
897 3772 1210 3844 ἀνθρώποις
1241 3773 1319 3835 τάἶ
1351 3775 1778 3845 παραπτώματα

188 3867 394 3930 αὐτῶν,
426 3865 547 3918 οὐδὲ
582 3866 710 3934 ὑμῖν
740 3865 940 3935 ἀφήσει
989 3866 1017 3917 ὁ
1051 3863 1241 3934 Πατὴρ
1277 3865 1433 3934 ὑμῶν
1463 3867 1489 3917 ὁ
1519 3866 1775 3935 οὐράνιος

184 3958 263 4008 τὰ
288 3954 714 4026 παραπτώματα
747 3954 922 4024 ὑμῶν.
971 3954 1060 4006 Διὸ
1108 3953 1181 4025 μὴ
1227 3957 1644 4026 μνησικακήσῃς
1666 3958 1777 4018 τοῖς

190 4045 483 4099 πταίουσιν
505 4062 518 4075 ·
553 4044 711 4108 ἀλλὰ,
739 4045 1071 4124 συγγνιῖιμην
1104 4045 1423 4115 αἰτούμενος
1448 4046 1779 4116 ἁμαρτημά-

187 4156 326 4197 των.
365 4136 704 4205 συγγίνωσκε
739 4136 834 4188 καὶ
868 4134 1029 4197 αύτδς
1066 4139 1180 4198 τοῖς
1225 4138 1304 4200 εἰς
1333 4136 1391 4188 σὲ
1426 4136 1780 4206 πλημμελοῦ-

191 4249 308 4293 σιν,
335 4233 417 4284 ὅτι
448 4231 642 4298 ἀφέσει
671 4229 994 4282 ἀντιδίδοται
1027 4229 1242 4297 ἄφεσις,
1271 4230 1364 4284 καὶ
1390 4231 1454 4300 τῇ
1489 4229 1625 4300 πρὸς
1655 4231 1778 4293 τοὺς

188 4323 521 4392 ὁμοδούλους
554 4321 712 4392 ἡμῶν
743 4321 1053 4391 καταλλαγῇ
1087 4321 1186 4390 τῆς
1237 4321 1562 4390 δεσποτικῆς
1605 4322 1772 4392 ὀργῆς

190 4417 411 4486 γίνεται
455 4413 903 4484 ἀπαλλαγή(29).
941 4413 1049 4466 Καὶ
1108 4409 1265 4474 αὖθις
1324 4413 1385 4465 τὸ
1451 4413 1776 4482 ἀσυμπαθὲς

188 4507 363 4577 ἡμῶν
411 4507 549 4578 πρὸς
581 4507 707 4569 τοὺς
745 4505 1037 4567 πταίοντας
1081 4505 1442 4573 ἀσύγγνωστα
1471 4508 1618 4557 ποιεῖ
1647 4505 1780 4575 ἡμῖν
1811 4486 1856 4540 Ῐ)

191 4604 270 4654 τὰ
307 4600 549 4671 ἡμέτερα
574 4599 930 4669 πταίσματα·
967 4597 1217 4668 καθάπερ
1254 4597 1470 4659 ἀκούεις
1509 4598 1563 4650 τί
1609 4598 1638 4648 ὁ
1670 4596 1778 4649 τῶν

201 4692 422 4764 μυρίων
451 4689 721 4744 πέπονθεν
744 4689 1031 4760 ὀφειλέτης
1065 4691 1340 4743 ταλάντων
1373 4689 1506 4758 ('50),
1539 4691 1605 4759 τῇ
1638 4688 1778 4757 πρὸς

190 4784 296 4839 τὸν
327 4783 610 4839 σύνδουλον
628 4782 975 4854 ἀσπλαγχνίᾳ
1003 4781 1184 4853 ἑαυτῷ
1207 4781 1309 4853 τὴν
1333 4781 1620 4852 εἴσπραξιν
1641 4783 1772 4837 ἀνα-

281 4961 390 5024 ιὲίὶ)
421 4959 576 5015 (ΖοιιΓ.
611 4961 836 5030 Agapo‘l.
869 4975 918 5012 (ι.
955 4958 1041 5012 14.

281 5033 394 5098 (il)
429 5031 588 5082 David
623 5029 760 5084 Psal.
793 5045 998 5095 cxxvtl,
1040 5029 1087 5084 ι.

279 5103 392 5171 (-22;
425 5100 564 5171 P54".
594 5117 704 5164 δί’*
738 5101 787 5171 ¹’
921 5169 969 5171 --
1068 5164 1071 5165 ν

283 5169 397 5240 (‘23)
427 5169 582 5240 (Sonf.
615 5187 667 5238 p.
700 5170 790 5233 89,
828 5187 880 5224 ιι.
912 5169 1002 5225 8i.

286 5239 399 5309 (ει)
431 5239 561 5295 Luc.
586 5257 660 5302 γι,
693 5241 782 5296 56.

1943 3606 2084 3673 Quin
2122 3612 2284 3666 etiam
2322 3615 2464 3668 aliud
2511 3633 2726 3687 quoque
2755 3631 3082 3691 praaeeptum
3123 3640 3244 3678 eum
3281 3641 3445 3695 supea

1868 3699 2016 3755 riore
2046 3701 2153 3756 isto
2186 3705 2560 3774 conjunetum,
2591 3708 2802 3778 ipsique
2823 3721 3111 3781 cognatum
3148 3715 3272 3769 audi
3306 3732 3320 3771 :
3357 3715 3445 3770 lli-

1869 3790 2086 3855 tnittite,
2111 3802 2164 3846 et
2189 3793 2490 3849 dimittetur
2521 3798 2692 3851 vobis.
2716 3797 2870 3864 Quod
2900 3802 2946 3856 si
2979 3817 3085 3856 non
3124 3805 3452 3864 remiseritis

1869 3879 2182 3940 hominibus
2208 3884 2404 3939 delicta
2450 3888 2717 3955 ipsorum,
2749 3905 2849 3944 nec
2888 3891 3049 3948 Pater
3076 3905 3252 3949 vester
3281 3899 3444 3951 caele-

1867 3973 1967 4026 stis
2002 3982 2222 4041 peccata
2253 3986 2430 4030 vestra
2462 3978 2618 4032 vobis
2642 3979 2895 4036 remittet.
2926 3981 3008 4036 Ob
3039 3983 3199 4054 idque
3224 4001 3290 4040 ne
3318 3987 3384 4042 iis
3409 4003 3438 4042 a

1879 4059 2068 4127 quibus
2095 4058 2329 4114 offensus
2356 4061 2515 4114 fueris
2541 4060 2748 4129 injuria;
2779 4077 3066 4116 memorem
3092 4073 3141 4116 te
3169 4071 3440 4130 praebeas;

1878 4163 2060 4201 verum
2081 4162 2200 4202 cum
2223 4148 2335 4216 ipse
2360 4160 2692 4216 peccatorum
2717 4159 2926 4204 tuorum
2949 4152 3155 4204 veniam
3185 4154 3438 4221 postules,

1878 4241 1942 4294 iis
1967 4242 2123 4296 etiam
2155 4241 2242 4308 qui
2271 4243 2325 4296 in
2355 4251 2406 4297 te
2433 4252 2653 4310 peccant
2681 4243 2913 4312 ignosce.
2951 4245 3265 4301 Retnissioni
3295 4250 3440 4306 enim

1882 4339 2126 4392 remissio
2155 4339 2493 4407 rependitur;
2525 4347 2578 4392 et
2607 4342 2650 4393 si
2681 4354 2800 4393 cum
2845 4343 3039 4395 nostris
3077 4342 3349 4397 conservis
3390 4345 3442 4398 in

1879 4433 2104 4499 gratiam
2155 4431 2458 4497 redeamus,
2513 4431 2768 4486 Dominus
2815 4448 3022 4502 quoque
3060 4447 3208 4488 suam
3251 4435 3302 4488 in
3350 4451 3449 4491 nos

1882 4519 2210 4574 iracundiam
2251 4523 2584 4589 comprimet.
2631 4521 2701 4576 At
2739 4531 2932 4576 contra.
2968 4532 3145 4577 nostra
3193 4525 3448 4582 adversus

1880 4627 1972 4664 eos
1998 4602 2086 4680 qui
2118 4611 2314 4680 aliquid
2349 4612 2398 4665 in
2440 4627 2539 4665 nos
2580 4613 2909 4666 admiserunt
2948 4613 3152 4667 saevitia
3191 4614 3288 4670 hoc
3325 4618 3445 4670 elli-

1878 4702 1982 4769 cit,
2016 4713 2070 4755 ιιι
2102 4705 2328 4770 peccatis
2360 4703 2556 4756 nostris
2588 4704 2729 4758 nulla
2760 4705 2910 4758 venia
2941 4705 3198 4758 tribuatur
3225 4705 3438 4774 (Manli.

1882 4789 2063 4861 xvm).
2096 4791 2548 4859 Quemadmodum
2580 4793 2730 4848 audis
2758 4792 3010 4863 quidnam
3039 4793 3114 4849 illi
3141 4795 3232 4866 qui
3255 4795 3439 4852 decem

286 5313 398 5384 ι-ιὸ)
431 5313 508 5384 ει
533 5313 770 5384 ᾼίζιινιιιο
788 5325 836 5364 e.
867 5309 1146 5384 57.AQ0|IL
1177 5320 1231 5367 et
1259 5311 1323 5366 ad
1354 5312 1678 5368 sententiam
1711 5327 1763 5384 p.
1796 5311 1921 5378 510,
1955 5327 2008 5364 ιι.
2042 5311 2133 5367 ιο.

287 5381 399 5448 (56)
428 5381 586 5436 Conf.
618 5381 843 5450 Agapet.
875 5397 924 5436 c.
963 5382 1052 5437 55.

286 5453 399 5522 ('27)
429 5452 622 5506 Addidi
656 5452 746 5515 τὰ,
784 5461 1002 5506 secutus
1032 5452 1202 5522 Agap.
1236 5467 1355 5523 cap.
1388 5452 1440 5511 8.
1473 5467 1633 5521 quem
1666 5464 1847 5510 noster
1877 5453 2142 5524 sequitur.
2177 5453 2310 5535 Vi'i'de
2340 5463 2392 5505 et
2427 5453 2538 5506 loca
2576 5451 2874 5508 Damkenio
2923 5454 3108 5504 citata.
3166 5520 3178 5539 ,
3309 5520 3319 5534 ι

290 5523 399 5552 10οι
435 5521 594 5552 [Ιηηι.
649 5537 698 5552 ιη
756 5523 857 5552 l3:-
894 5520 1036 5552 ιι....,.
1089 5537 1142 5552 ν.
1191 5521 1259 5552 GR
1306 5523 1447 5552 ι’...ιε
1491 5539 1648 5552 ,ιη-ιι-..
1686 5542 1712 5552 ,ι
1766 5525 1828 5552 n|
1887 5542 1917 5552 ..
1970 5525 2038 5552 na
2094 5522 2320 5552 “uuln...
2382 5523 2521 5552 ua...
2598 5523 2743 5552 υνηιη
2799 5540 2824 5552 η
2884 5523 2947 5552 em
2986 5539 2998 5550 ι
3043 5521 3159 5552 II-“
3228 5521 3319 5552 ἓν..

290 5520 400 5606 (ἓξ)
432 5520 1462 5621 Μ³¹Ξῖἷξηὶ¹1νὶξῗὲἷὲῑ.⁸ἑέ.²ἓῗ;-ἷ³2ἷ¹.¹;
1488 5520 2063 5621 ινξιηιςρὲλξιέξξὲε
2091 5522 2541 5621 ἕςιεϋιιξνὲξιῑξι
2797 5520 3464 5621 ιτ.ἒ⁰.ξ-ἒίξξξζηὲκίιξιι

203 5591 398 5665 ἑαυτῷ
422 5591 834 5666 παρεγγύατὴν
859 5593 1096 5666 ἡμέραν,
1121 5591 1461 5666 ὼςλάφήσωεις
1488 5591 1579 5648 καὶ
1605 5591 1764 5661 αὐτὸς
1795 5594 2063 5666 ἀφεθῆναί
2093 5612 2172 5650 σοι
2198 5596 2324 5666 παρ’
2350 5593 2540 5647 ἑαυτοῦ
2564 5592 2771 5657 ἔλπιζε.
2793 5594 2905 5648 luto
2932 5592 3057 5663 mp‘
3088 5591 3277 5654 αὑτοῦ,
3307 5593 3458 5660 quod

204 5676 300 5721 cst
339 5662 388 5715 in
427 5662 610 5716 codice
637 5663 770 5717 299i
807 5665 872 5724 A,
904 5664 1111 5717 scilicet
1139 5663 1233 5717 τοῦ
1258 5662 1415 5718 Θεοῦ.

290 5735 402 5802 ιιιιι)
433 5733 587 5788 Uouf.
618 5733 840 5802 Agapel.
873 5748 926 5789 ο.
955 5732 1043 5787 64.

293 5806 404 5876 ᾤθ)
435 5802 588 5861 Conf.
623 5802 807 5858 Matth.
845 5819 996 5872 xvm,
1026 5803 1161 5860 21...
