4146 6454
253 431 266 491 ι
278 429 361 487 ’.ῗῗῖΊ

1331 425 1455 484 ΠΤ
1462 430 1504 484 Α
1547 428 1901 486 BARLAAM
1943 431 2037 488 ET
2069 431 2417 494 JOASAPH.

3337 445 3464 506 ΗΜ

246 557 340 601 τος.
391 540 517 604 Καὶ,
576 541 906 609 θερμότερον
962 542 1246 600 ὲκκαυθεῖς
1303 543 1402 607 τὴν
1452 539 1664 609 ψυχὴν,
1715 541 1792 601 είς

1905 557 2060 613 atque
2086 544 2150 598 ad
2181 547 2473 599 orationem
2507 548 2738 613 scipsum
2781 563 2935 614 quam
2967 560 3197 602 rnaume
3244 560 3463 601 conten-

245 631 609 700 ὲκτενεστέραν
630 648 688 683 τε
723 633 1001 691 συντείνας
1031 631 1194 699 εὐχὴν
1220 631 1434 694 ἑαυτὸν,
1472 630 1574 701 ἔφη
1601 647 1614 660 ·

310 721 485 791 Κύριε,
511 727 539 775 6
561 723 693 785 Θεός
724 740 848 792 μου,
880 723 1199 774 εἰσάκουσον
1222 721 1321 790 τῆς
1346 721 1530 790 φωνῆς
1557 739 1656 790 μου
1683 721 1793 788 (15)

243 809 299 882 ἧς
331 815 591 881 ἐκέκραξα
611 832 624 844 ·
666 815 887 884 ἐλέησόν
941 832 1008 884 με
1047 815 1142 867 καὶ
1175 815 1492 866 εἰσάκουσόν
1548 830 1647 882 μου
1669 852 1684 875 ,
1716 814 1796 866 ὅτι

243 921 296 956 σε
323 907 377 956 ἐκ
407 905 630 974 καρδίας
659 921 760 970 μου
791 905 958 973 ζητῶ.
999 906 1322 974 Ἐξεζήτησὲ
1353 906 1464 974 (16)
1498 923 1555 957 σε
1589 907 1621 975 ἡ
1651 906 1794 975 ψυχή

246 1013 354 1065 μου’
383 995 453 1064 μὴ
475 995 823 1068 ἁποστρέψῃς
854 997 964 1064 (l7)
988 999 1048 1048 το
1076 997 1368 1066 πρόσωπόν
1404 1013 1495 1048 σου
1521 998 1615 1048 ἀπ’
1639 996 1796 1064 ἐμοῦ,

243 1089 326 1140 καὶ
358 1086 427 1156 μὴ
452 1086 705 1155 ἐκκλίνῃς
729 1089 787 1138 ἐν
814 1088 951 1158 ὀργῇ
978 1088 1087 1140 ἀπὸ
1110 1087 1201 1140 τοῦ
1234 1087 1419 1139 δούλου
1450 1104 1562 1141 σου.
1596 1088 1800 1157 Βοηθός

245 1195 336 1247 μου
365 1175 554 1244 γενοῦ·
591 1177 668 1246 μὴ
706 1176 1150 1248 ἀποσκορακίσῃς
1200 1194 1266 1246 με
1290 1216 1305 1239 ,
1361 1178 1456 1230 καὶ
1507 1177 1582 1247 μὴ
1631 1178 1802 1246 ἐγκα-

240 1270 454 1340 ταλίπῃς
487 1287 576 1340 με,
607 1272 634 1323 6
661 1269 814 1332 Θεὸς,
849 1273 876 1320 6
908 1271 1094 1342 Σωτήρ
1129 1288 1251 1338 μου,
1312 1271 1393 1323 ὅτι
1426 1273 1454 1324 6
1483 1272 1664 1340 πατήρ
1701 1289 1802 1340 μου

242 1363 389 1429 καὶὴ
435 1365 616 1432 μήτηρ
665 1379 767 1432 μου
814 1362 1172 1428 ἐγκατέλιπον
1222 1379 1326 1430 με·
1379 1361 1441 1413 σὺ
1493 1362 1572 1426 δὲ,
1611 1361 1802 1432 Κύριε,

241 1449 536 1521 προετλαῦοῦ
585 1466 651 1519 με
705 1451 837 1518 (18).
886 1449 1265 1518 Νομοθέτησόν
1306 1467 1372 1519 με
1415 1449 1564 1518 (19),
1610 1450 1803 1520 Κύριε,

240 1545 293 1594 ὲν
321 1546 381 1612 τῇ
412 1542 515 1612 ὀδῴ
550 1559 664 1606 σου,
719 1542 814 1594 καὶ
847 1542 1112 1610 ὁδήγησὸν
1163 1559 1229 1610 με
1280 1544 1336 1593 ἐν
1373 1541 1546 1612 τρίϐῳ
1596 1543 1804 1613 εὐθείᾳ,

239 1639 390 1689 ἔνεκα
418 1637 527 1690 τῶν
574 1637 784 1706 ἐχθρῶν
828 1655 949 1706 μου.
997 1638 1088 1706 Μὴ
1119 1637 1377 1707 παραδῷς
1419 1655 1484 1707 με
1520 1639 1600 1700 είς
1632 1637 1807 1708 ψυχὰς

241 1727 516 1780 θλιϐόντων
549 1745 634 1797 με,
664 1730 747 1779 ὅτι
779 1729 870 1779 ἐπὶ
905 1729 963 1780 σὲ
996 1729 1105 1798 (90)
1144 1729 1448 1798 ἐπερρίφην
1479 1731 1541 1780 ὲκ
1576 1729 1809 1799 μήτρας.

253 1819 372 1869 Ἀπὸ
401 1818 634 1888 γαστρὸς
673 1818 877 1888 μητρός
909 1835 1011 1887 μου
1048 1818 1182 1879 Θεὸς
1217 1835 1318 1888 μου
1362 1815 1414 1870 εἴ
1443 1818 1528 1870 σύ’
1573 1817 1646 1889 μὴ
1672 1819 1810 1870 ἁποο

240 1912 360 1980 στῇς
379 1909 470 1962 ἀπ’
496 1908 650 1976 ἐμοῦ,
674 1912 756 1962 ὅτι
786 1909 924 1981 πλὴν
963 1910 1057 1964 σοῦ
1094 1911 1194 1964 οὐκ
1223 1911 1371 1963 ἔστιν
1401 1911 1430 1961 6
1463 1910 1672 1980 βοηθῶν
1699 1927 1810 1979 μοι.

251 2002 368 2054 Ἰδοὺ
384 2001 488 2075 γὰρ
508 2004 586 2066 είς
608 2003 666 2054 τὺ
685 2003 915 2071 πέλαγος
937 2004 1046 2055 τῶν
1067 2004 1241 2073 οἰκτιρ
1250 2003 1366 2070 μῶν
1389 2021 1480 2056 σου
1509 2003 1608 2074 τὴν
1626 2001 1815 2056 ἐλπίδα

233 2094 427 2164 ἐθέμην
454 2096 550 2165 τῆς
577 2095 754 2165 ψυχῆς
789 2113 890 2165 μου
914 2113 926 2126 ·
964 2096 1300 2167 κυϐέρνησόν
1333 2113 1433 2165 μου
1455 2095 1554 2165 τὴν
1586 2093 1751 2164 ζωὴν,
1785 2095 1814 2146 6

236 2186 406 2236 πᾶσαν
429 2186 526 2255 τὴν
559 2185 753 2254 κτῆσιν
794 2187 1015 2255 ἀρρήτῳ
1039 2187 1226 2252 σοφίας
1251 2185 1476 2255 προνοίᾳ
1507 2182 1809 2254 κυϐερνῶν,

235 2276 324 2328 καὶ
347 2277 607 2344 γνώρισον
636 2294 722 2346 μοι
745 2276 856 2346 (ﬁl)
888 2277 1005 2328 ὁδὸν
1036 2278 1092 2327 ἐν
1185 2275 1538 2346 πορεύσομαι.
1565 2276 1675 2327 Καὶ
1705 2273 1812 2327 σῶ-

234 2366 324 2418 σόν
356 2383 442 2434 με,
475 2367 548 2427 ὡς
579 2367 784 2433 ἀγαθὸς
807 2367 936 2429 Θεὸς
972 2367 1066 2421 καὶ
1099 2367 1477 2435 φιλάνθρωπος
1506 2367 1692 2435 εὐχαῖς
1717 2362 1810 2418 καὶ

233 2457 542 2527 πρεσϐείαις
570 2459 662 2510 τοῦ
691 2458 746 2510 θε
759 2459 1020 2526 ράποντὸς
1058 2475 1150 2510 σου
1183 2458 1470 2527 Βαρλαὰμ,
1498 2458 1579 2509 ὃτι
1614 2457 1677 2508 σὺ
1708 2451 1758 2508 εῐ
1779 2455 1809 2506 6

231 2549 360 2610 θεός
384 2567 485 2618 μου
512 2590 526 2612 ,
559 2550 652 2603 καὶ
682 2551 740 2602 σὲ
767 2549 973 2613 δοξάζω
1001 2551 1092 2601 τὸν
1123 2550 1284 2619 360
1323 2549 1559 2617 Πατέρα,
1591 2547 1687 2599 καὶ
1717 2547 1807 2599 τὸν

238 2641 358 2692 Υῐὺν
375 2640 538 2693 καὶτὸ
553 2642 703 2708 αγιον
726 2640 948 2710 Πνεῦμα
969 2641 1048 2703 είς
1068 2641 1189 2698 τοὺς
1211 2641 1413 2702 αἰῶνας
1433 2639 1541 2690 τῶν
1563 2638 1801 2692 αἰώνων.

246 2733 428 2802 Ἀμήν.
456 2732 638 2784 Ταῦτα
660 2733 971 2801 εὐξάμενος,
1002 2733 1336 2802 πλησίοντοῦ
1364 2727 1645 2801 μνήματος
1677 2731 1803 2784 ἐκά-

229 2825 343 2874 θισε
367 2823 586 2877 κλαίων.
621 2824 728 2876 Καὶ
753 2824 1112 2894 καθεζόμενος
1149 2824 1386 2875 ΰπνωσε.
1422 2825 1528 2875 Καὶ
1554 2825 1654 2891 ὁρᾷ
1679 2822 1804 2884 τοὺς

230 2916 491 2986 εροΰεροὺς
524 2915 724 2986 ἄνδρας
754 2917 1016 2980 ἐκείνους,
1057 2918 1147 2978 οὒς
1179 2920 1274 2969 καὶ
1321 2917 1586 2986 πρότερον
1631 2915 1803 2983 ἑωρά-

227 3021 316 3058 κει
361 3005 499 3076 (ἓὲ),
531 3005 783 3068 ἐλθόντας
829 3007 965 3077 πρὸς
1016 3008 1212 3073 αὑτὸν,
1262 3008 1356 3060 καὶ
1411 3003 1800 3072 ἀπαγαγόντας

225 3095 390 3150 αὐτὸν
424 3098 501 3158 είς
531 3097 628 3166 τὴν
670 3097 932 3168 μεγίστην
966 3099 1062 3151 καὶ
1093 3097 1418 3168 θαυμαστὴν
1447 3096 1663 3163 ἐκείνην
1699 3110 1797 3145 1r:-

223 3188 402 3250 ὃιάδα,
435 3189 529 3240 καὶ
567 3189 701 3258 πρὸς
727 3189 824 3257 τὴν
857 3189 1250 3258 ὃεδοξασμένην
1282 3190 1374 3240 καὶ
1405 3188 1797 3258 ὑπέρλαμπρον

224 3281 614 3347 εἰσαγαγόντες
637 3281 808 3332 πόλιν.
842 3282 964 3333 Είσε
976 3282 1220 3351 ρχομένῳ
1244 3281 1300 3334 δὲ
1327 3281 1474 3351 αὐτῷ
1497 3279 1593 3349 τὴν
1620 3279 1794 3347 πύλην

224 3372 404 3439 ἕτεροι
441 3371 712 3440 ὑπήντουν
746 3370 926 3441 πολλῷ
959 3371 1419 3441 κατηγλαῖσμένοι
1456 3372 1627 3440 φωτὶ,
1679 3387 1798 3423 στεο

226 3461 433 3528 φάνους
458 3461 669 3530 ἔχοντες
699 3463 756 3513 ἐν
781 3463 966 3531 χερσὶν
989 3464 1209 3534 ἀρρήτῳ
1234 3463 1637 3532 διαλάμποντας
1671 3460 1796 3513 κάλ-

225 3553 310 3603 λει
343 3553 436 3604 καὶ
461 3552 606 3613 οἴους
636 3552 898 3620 ὀςςθαλμοὶ
925 3552 1177 3605 οὐδέποτε
1215 3554 1446 3622 βρότειοι
1479 3553 1792 3604 ἐθεάσαντο.

239 3638 532 3706 Ἐρομένου
581 3639 637 3690 δὲ.
677 3640 769 3691 τοῦ
813 3640 1044 3708 Ἰωάσαφ
1070 3683 1084 3704 ,
1117 3642 1270 3702 Τίνος
1310 3643 1356 3693 οί
1404 3642 1655 3708 στέφανοι
1702 3641 1798 3708 τῆς

220 3726 386 3796 δόξης
415 3729 463 3780 οί
488 3728 892 3799 ὑπέρλαμπροι,
924 3730 1016 3794 οὓς
1048 3731 1157 3802 ὁρῶ
1183 3750 1196 3798 ;
1226 3733 1321 3794 Σδς
1356 3732 1452 3801 μὲν
1479 3735 1506 3785 6
1535 3730 1635 3799 εἷς,
1664 3733 1795 3802 ἔφη-

225 3834 355 3882 σαν,
389 3819 525 3887 ὑπὲρ
555 3820 663 3872 τῶν
696 3820 905 3872 πολλῶν
942 3839 1024 3874 σοι
1051 3821 1239 3892 ψυχῶν
1268 3817 1343 3875 ὧν
1382 3823 1592 3886 ἔσωσας
1631 3842 1795 3877 κατα-

225 3907 575 3971 σκευασθεὶς,
609 3910 906 3978 κοσμηθεὶς
935 3911 990 3961 δὲ
1019 3911 1135 3962 νυνὶ
1157 3911 1318 3963 πλέον
1349 3913 1488 3980 ὑπὲρ
1507 3911 1607 3979 τῆς
1625 3911 1796 3980 ἀσκή-

221 4015 368 4060 σεως
393 3995 458 4069 ἧς
490 3999 748 4069 μετέρχῃ,
777 4002 934 4070 εἴπερ
959 4001 1220 4070 ἀνδρείως
1250 4003 1452 4072 ταύτην
1483 4003 1586 4063 ἕως
1609 4003 1796 4064 τέλους

216 4091 464 4160 διέλθῃς·
487 4094 513 4144 ὁ
529 4091 584 4143 δὲ
606 4092 790 4160 ἕτερος
813 4094 902 4152 σὸς
932 4092 1028 4158 μὲν
1053 4092 1144 4143 καὶ
1167 4091 1351 4154 αὑτός·
1377 4093 1512 4146 ἀλλὰ
1535 4092 1611 4161 τῷ
1634 4095 1800 4162 πατρί

224 4198 328 4234 σου
365 4183 446 4234 δεῖ
493 4198 550 4233 σε
592 4181 781 4234 τοῦτον
818 4187 1143 4252 παρασχεῖν,
1175 4183 1253 4252 τῷ
1299 4185 1384 4236 διὰ
1422 4183 1515 4236 σοῦ
1549 4185 1648 4253 τῆς
1681 4184 1800 4238 ὁδοῦ

217 4274 543 4327 ἐκκλίναντι
585 4274 683 4342 τῆς
733 4275 976 4344 πονηρᾶς
1016 4275 1107 4325 καὶ
1145 4276 1545 4343 μετανοήσαντι.
1565 4278 1799 4345 γνησίως

215 4363 309 4434 τῷ
339 4365 548 4433 Κυρίῳ.
596 4364 650 4415 Ὀ
672 4363 730 4416 δὲ
771 4365 1004 4431 Ίωασαφ
1025 4364 1424 4434 δυσχεραίνοντι
1457 4365 1615 4435 ἐῴκει
1638 4382 1650 4396 ·
1670 4365 1763 4418 καὶ
1783 4405 1799 4429 ,

219 4456 356 4517 Πῶς
380 4456 623 4516 δυνατὸν,
657 4457 839 4524 φησὶν,
877 4456 1003 4507 ι’σων
1037 4457 1192 4523 ἐμοῦ,
1221 4456 1312 4508 τοῦ
1343 4456 1582 4509 τοσαῦτα
1605 4457 1800 4508 κοπιά-

1901 635 2054 698 dens,
2089 637 2169 688 bis
2198 637 2375 689 verbis
2403 649 2527 690 usus
2562 651 2644 690 est
2675 655 2686 684 v
2775 679 2819 695 ς

1975 744 2197 799 Domine
2226 745 2364 800 Deus
2401 761 2573 811 meus,
2619 747 2816 800 exaudi
2838 749 3129 800 orationem
3161 761 3334 799 meam
3363 763 3460 810 qua

1907 835 2127 888 clamavi
2151 837 2215 890 ad
2237 844 2312 903 te,
2336 837 2589 892 miserere
2621 838 2750 900 mei,
2775 844 2829 890 et
2856 837 3043 891 exaudi
3075 851 3180 897 me,
3213 838 3460 905 quoniam

1905 935 1956 977 te
1982 939 2046 976 ex
2073 927 2250 978 animo
2271 941 2482 995 quam):
2509 929 2795 997 exquisivit
2815 937 2866 981 te
2887 930 3057 979 anima
3082 943 3300 994 mea,ne
3313 941 3462 980 aver-

1908 1023 1987 1067 tas
2016 1013 2201 1068 faciem
2222 1024 2362 1068 tuam
2394 1031 2422 1069 a
2462 1031 2567 1080 me,
2614 1027 2669 1071 et
2689 1034 2754 1073 ne
2781 1019 3015 1074 declines
3052 1019 3106 1074 in
3138 1021 3213 1072 ira
3243 1035 3274 1073 a
3303 1035 3460 1072 servo

1906 1113 2017 1158 tuo.
2047 1105 2267 1173 Adjutor
2296 1120 2446 1160 meus
2471 1116 2606 1172 esto,
2648 1123 2716 1162 ne
2745 1109 3080 1179 derelinquas
3113 1125 3231 1174 me,
3288 1124 3460 1176 neque

1905 1194 2169 1262 despicias
2193 1210 2300 1260 me,
2347 1195 2484 1250 Deus
2510 1196 2758 1252 salutaris
2804 1213 2973 1253 meus.
3015 1199 3273 1265 Quoniam
3311 1206 3460 1266 pater

1905 1300 2054 1339 meus
2081 1296 2134 1340 et
2164 1294 2332 1340 mater
2352 1301 2468 1340 mea
2498 1286 2892 1354 dereliquerunt
2914 1303 3017 1352 me,
3044 1299 3097 1341 tu
3121 1297 3318 1351 autem,
3352 1286 3460 1342 Do-

1907 1378 2067 1442 mine,
2097 1376 2425 1444 assumpsisti
2447 1391 2550 1431 me.
2582 1377 2771 1444 Legem
2801 1392 2938 1446 pone
2966 1378 3117 1442 mihi,
3137 1377 3376 1440 Domine.
3401 1377 3453 1428 in

1905 1467 1986 1518 via
2011 1475 2118 1528 tua,
2151 1475 2205 1520 et
2229 1467 2396 1532 dirige
2426 1480 2510 1519 me
2540 1467 2590 1519 iu
2620 1469 2860 1520 semitam
2892 1477 3090 1519 rectam
3117 1473 3332 1534 propter
3363 1465 3455 1517 iui-

1909 1558 2073 1608 tnicos
2094 1570 2262 1608 meos.
2290 1554 2369 1608 Ne
2394 1557 2670 1608 tradideris
2688 1570 2772 1608 me
2798 1554 2849 1608 in
2872 1556 3075 1608 animas
3097 1553 3454 1608 tribulantiuui

1905 1659 1990 1699 me
2024 1643 2196 1711 (Psal.
2223 1644 2390 1713 xxvi),
2422 1646 2668 1710 quoniam
2734 1644 2789 1698 in
2867 1653 2917 1697 te
2990 1645 3269 1713 projectus
3340 1656 3455 1696 sum

1903 1749 1968 1787 ex
1995 1743 2165 1786 utero.
2209 1732 2284 1786 De
2309 1741 2494 1785 ventre
2531 1732 2716 1784 matris
2758 1747 2889 1785 mete
2917 1731 3055 1784 Deus
3084 1745 3234 1784 meus
3255 1743 3315 1783 03
3347 1745 3360 1782 Ξ
3391 1744 3456 1784 ιιε

1904 1823 2214 1877 discesseris
2255 1838 2285 1875 a
2331 1837 2418 1876 me
2466 1821 2638 1892 (Ptol.
2667 1827 2779 1890 ut)
2851 1823 3109 1888 Quoniam
3166 1831 3357 1890 praeter
3408 1831 3454 1876 ιε

1904 1930 2008 1966 non
2053 1922 2133 1967 est
2160 1913 2291 1966 mihi
2338 1911 2569 1980 adjutor.
2613 1912 2690 1966 Eo
2721 1913 2775 1966 in
2821 1913 3221 1967 miserationem
3253 1921 3454 1966 tuarum

1901 2005 2090 2074 abysso
2116 2017 2264 2070 spem
2284 2002 2474 2055 anima:
2501 2015 2633 2054 mea!
2653 2000 2830 2054 defixi.
2866 1999 3034 2052 Vitam
3064 2011 3236 2051 meam
3265 1997 3456 2064 guber-

1903 2108 1991 2156 na,
2033 2093 2236 2160 quires
2275 2106 2458 2144 omnes
2479 2091 2719 2144 conditas
2780 2092 3053 2155 sapientia
3102 2086 3456 2156 providentia.

1902 2183 2042 2236 onini
2071 2197 2313 2235 sermone
2343 2181 2713 2249 prmstanliori.
2741 2181 3050 2234 moderaris.
3079 2180 3143 2232 Et
3173 2187 3351 2231 notam
3379 2176 3462 2231 fac

1903 2275 2030 2327 mihi
2055 2273 2218 2336 viam,
2248 2273 2299 2326 in
2340 2287 2443 2340 qua
2467 2272 2762 2332 ambulem;
2811 2281 2969 2338 atque
2998 2279 3054 2323 ut
3080 2270 3251 2323 bonus
3278 2281 3341 2320 ac
3369 2269 3460 2319 be-

1907 2371 2093 2434 nignus
2127 2366 2401 2434 Deus,-per
2430 2366 2608 2419 famuli
2641 2366 2714 2418 tui
2747 2364 2984 2418 Barlaam
3015 2375 3206 2422 preces
3249 2374 3308 2412 ac
3335 2373 3460 2426 sup-

1910 2457 2216 2526 p‘icationes
2245 2473 2328 2510 me
2356 2472 2527 2518 serva.
2570 2459 2816 2523 quoniam
2856 2467 2909 2510 tu
2943 2457 3079 2509 Deus
3110 2468 3258 2509 meus
3286 2466 3368 2518 es,
3398 2464 3462 2505 ac

1905 2562 1955 2604 te
1979 2549 2219 2618 glorifico
2249 2549 2476 2612 Patrem,
2501 2558 2554 2602 et
2588 2549 2798 2612 Filium,
2834 2558 2890 2602 et
2908 2546 3159 2617 Spiritum
3214 2557 3456 2601 sanctum

1905 2643 1953 2692 in
1985 2641 2197 2693 smcula.
2227 2639 2416 2693 Amen.
2445 2641 2551 2694 llac
2576 2641 2814 2693 oratione
2837 2641 3166 2707 perfunctus,
3191 2640 3341 2707 juxta
3372 2655 3461 2694 se-

1901 2733 2138 2798 pulcrum
2169 2732 2302 2785 flens
2327 2733 2585 2794 consedit,
2616 2748 2676 2786 ac
2703 2733 2894 2787 sedens
2914 2733 3253 2786 obdormivit.
3290 2733 3460 2800 Atque

1901 2822 2263 2874 formidandos
2305 2825 2422 2876 illos
2450 2824 2610 2884 viros,
2639 2839 2774 2892 quos
2803 2825 2946 2891 prius
2975 2835 3342 2890 conspexerat,
3391 2823 3457 2877 ad

1903 2927 1960 2964 se
1987 2914 2281 2977 venientes,
2310 2929 2471 2982 seque
2488 2912 2553 2967 ad
2583 2915 2869 2968 maximum
2901 2915 3045 2968 illum
3091 2925 3145 2970 et
3190 2915 3460 2970 admiran-

1901 3000 2025 3053 dum
2077 3015 2321 3069 campum
2391 3004 2665 3068 ducentes,
2726 3012 2881 3072 atque
2936 3005 2987 3058 in
3042 3002 3456 3058 illustrissimam

1902 3089 2044 3144 illam
2101 3106 2165 3144 ac
2216 3093 2697 3160 splendidissimam
2769 3095 3036 3148 civitatem
3120 3096 3459 3148 introducen—

1906 3190 2004 3242 tos,
2065 3181 2255 3235 intueri
2311 3183 2412 3238 sibi
2453 3185 2594 3238 visus
2623 3194 2722 3238 est.
2753 3183 2882 3239 Cum
2927 3193 3102 3238 autem
3159 3186 3273 3252 ipse
3338 3200 3460 3252 por-

1820 3258 1862 3315 C
1906 3281 2009 3325 tam
2062 3271 2468 3341 ingrederetur,
2526 3277 2615 3330 alii
2679 3276 2776 3342 ipsi
2835 3276 3040 3329 obviam
3091 3274 3328 3339 fuerunt,
3378 3275 3459 3329 in-

1903 3364 2045 3431 genti
2077 3366 2277 3419 lumine
2309 3365 2528 3432 perfusi,
2559 3381 2888 3434 coronasque
2933 3366 3190 3432 ejusmodi
3224 3364 3458 3432 pulchri-

1905 3455 2087 3510 tudine
2113 3457 2456 3519 collucenles,
2488 3472 2606 3522 quze
2627 3456 2767 3510 nulla
2800 3458 3038 3510 oratione
3074 3454 3300 3522 exprimi
3331 3469 3457 3522 pos-

1903 3549 1990 3612 sit,
2022 3559 2074 3600 et
2095 3550 2281 3617 quales
2298 3563 2560 3616 nunquam
2603 3549 2854 3602 mortales
2883 3547 3020 3600 oculi
3047 3553 3455 3612 conspexerunt,

1907 3637 2146 3690 inanibus
2195 3647 2450 3690 tenentes.
2487 3638 2838 3692 Percontante
2868 3648 3046 3691 autem
3092 3637 3461 3705 Josapbatcu-

1903 3727 2109 3796 jusnam
2143 3736 2323 3780 essent
2345 3727 2788 3794 splendidiSsimm
2820 3728 2922 3781 illa:
2950 3741 3159 3780 corona
3177 3740 3310 3795 quas
3340 3740 3463 3793 per-

1906 3819 2135 3882 spiceret
2176 3834 2190 3871 :
2234 3817 2342 3870 Tua
2373 3818 2586 3884 quidem
2640 3833 2742 3872 una
2771 3829 2854 3873 est
2894 3817 3306 3886 (responderunt
3360 3818 3458 3887 illi)

1908 3911 1998 3963 tibi
2026 3910 2096 3964 ob
2134 3910 2325 3964 mullus
2367 3925 2459 3962 cas
2505 3911 2712 3964 animas
2759 3911 2946 3976 quibus
2976 3912 3200 3964 salutem
3242 3912 3464 3966 attulisti

1909 4000 2182 4056 confecta.
2241 4013 2378 4050 nunc
2424 4014 2549 4051 vero
2593 3998 2662 4051 ob
2689 3999 2947 4066 religiosa:
2985 3999 3104 4052 vita!
3126 4000 3463 4053 exercitatio—

1909 4107 2051 4156 nem,
2083 4091 2169 4145 cui
2197 4092 2290 4144 das
2311 4105 2545 4154 Operam,
2599 4089 2887 4144 studiosius
2933 4099 2986 4144 et
3029 4093 3324 4146 accuratius
3372 4092 3464 4146 ad-

1908 4193 2118 4244 ornata,
2142 4181 2184 4232 si
2214 4180 2425 4248 quidem
2457 4191 2674 4232 strenuo
2720 4182 2899 4235 animo
2927 4195 3044 4234 eam
3073 4187 3137 4234 ad
3167 4191 3463 4236 extremum

1908 4290 2073 4344 usque
2099 4273 2412 4343 peragraris.
2444 4274 2621 4325 Altera
2649 4281 2826 4325 autent
2857 4282 2946 4326 tua
2976 4288 3188 4342 quoque
3215 4275 3327 4340 ipsa
3352 4285 3462 4335 est;

1907 4381 2085 4421 verum
2101 4364 2234 4432 patri
2261 4374 2368 4426 tuo,
2400 4363 2488 4430 qui
2513 4363 2579 4415 ab
2604 4363 2846 4429 improba
2877 4364 3088 4418 vivendi
3115 4365 3322 4418 ratione
3350 4380 3468 4433 ope-

1909 4472 1965 4513 ra
1989 4466 2075 4507 tua
2104 4453 2355 4516 deﬂexit,
2409 4452 2721 4520 sinceraque
2751 4455 2930 4506 animo
2961 4455 3199 4518 resipuit.
3258 4469 3321 4508 ac
3349 4469 3467 4509 sese

219 4559 428 4605 σαντος
455 4583 468 4602 ,
496 4547 675 4610 τυχεῖν
707 4542 798 4595 τὸν
830 4545 1038 4612 πατέρα
1084 4560 1184 4613 μου
1220 4545 1436 4614 δωρεῶν
1464 4546 1602 4614 ὑπὲρ
1633 4546 1800 4616 μόνης

1909 4547 1972 4600 ad
2004 4546 2285 4602 Dominum
2316 4546 2597 4608 convertit,
2632 4559 2748 4597 eam
2782 4546 3019 4611 praebeas
3049 4553 3282 4610 Oportet;
3313 4545 3466 4599 Josa-

213 4634 329 4702 τῆς
370 4635 688 4701 μετανοίας;
721 4629 853 4686 Eia-:3
894 4633 1083 4695 ταῦτα,
1117 4635 1211 4688 καὶ
1239 4636 1327 4687 τὸν
1358 4635 1617 4706 Βαρλαὰμ
1643 4637 1802 4702 εὐθὺς

213 4724 411 4776 ἐδόκει
446 4723 666 4788 βλέπειν
694 4724 1020 4787 ὀνειδίζοντα
1046 4727 1236 4790 οἱονεὶ,
1278 4728 1372 4780 καὶ
1400 4728 1628 4795 λέγοντα
1650 4746 1666 4761 ’
1699 4725 1801 4784 Οὗ-

213 4829 308 4864 τοι
346 4814 397 4864 οἱ
425 4813 569 4880 λόγοι
599 4831 719 4882 μου.
759 4815 1009 4883 Ίωὰσαφ.
1036 4815 1130 4878 οὓς
1158 4818 1287 4870 ποτέ
1316 4835 1418 4880 σοι,
1452 4818 1619 4871 Ὅταν
1643 4819 1809 4890 ὑπερ-

214 4903 578 4975 πλουτήσῃς,
623 4905 806 4972 ελεγον
835 4906 944 4975 (‘25)
967 4948 980 4970 ,
1017 4908 1116 4959 οὑκ
1158 4908 1508 4976 εὐμετάδοτος
1553 4908 1681 4980 ἔσῃ·
1715 4909 1810 4962 καὶ⁶

214 4997 399 5059 αὐτὸς
440 4999 665 5066 ἠπόρεις
693 4999 789 5050 ἐπὶ
815 4998 892 5068 τῷ
927 4999 1147 5070 ῥήματι.
1176 5001 1312 5053 Νυνὶ
1349 4999 1404 5053 δὲ
1436 5001 1552 5065 πῶς
1589 5002 1809 5072 ἐδυσχέ-

215 5103 406 5157 ρανας
441 5090 534 5140 ἐπὶ
564 5091 630 5158 τῇ
663 5089 904 5158 ἰσοτιμίᾳ
934 5092 1027 5142 του
1059 5090 1262 5160 πατρὸς
1294 5107 1408 5155 σου,
1448 5093 1538 5145 καὶ
1565 5094 1626 5144 οὐ
1673 5093 1808 5162 μᾶλ-

305 5242 425 5306 (15)
463 5242 606 5296 Psal.
641 5255 785 5298 XXVI.
811 5243 860 5293 7.

1914 4637 2038 4704 phat
2063 4645 2239 4688 autem
2276 4649 2391 4687 eam
2423 4648 2535 4687 rem
2587 4633 2807 4688 moleste
2859 4635 2998 4687 ferre
3057 4635 3346 4689 videbatur.
3400 4632 3468 4688 Et

1910 4727 1996 4789 qui
2021 4726 2128 4777 fieri
2163 4734 2332 4791 potest
2360 4724 2675 4792 (inquiebat)
2718 4732 2775 4776 ιιι
2803 4733 2949 4790 pater
2975 4739 3126 4778 meus
3153 4726 3306 4778 unius
3334 4725 3469 4778 dun-

1910 4827 2054 4871 taxat
2083 4818 2407 4882 pmnitentiae
2433 4817 2622 4884 gratia,
2649 4818 2788 4879 paria
2820 4818 2973 4884 mihi,
2998 4819 3086 4886 qni
3110 4827 3183 4872 tot
3204 4832 3265 4870 ac
3293 4825 3469 4870 tantos

1910 4910 2116 4963 labores
2160 4909 2464 4970 exantlavi,
2508 4905 2766 4961 beneficia
2816 4909 3202 4976 consequatur?
3259 4908 3384 4962 llaec
3406 4917 3466 4962 ut

1914 5000 2076 5062 dixit,
2112 4999 2441 5051 Barlaatnum
2491 4996 2771 5053 confestim
2803 4998 2906 5053 sibi
2949 5000 3128 5054 videre
3181 4999 3317 5052 visus
3365 5008 3468 5061 est,

1915 5093 2057 5146 velut
2085 5091 2290 5158 probris
2325 5105 2381 5143 se
2402 5089 2770 5153 insectantem,
2809 5104 2870 5143 ac
2899 5089 3159 5144 dicentem
3189 5105 3203 5142 :
3235 5088 3296 5142 lli
3326 5097 3469 5145 sunt.

305 5313 426 5388 (ιρ)
464 5311 595 5388 ibid.
689 5329 702 5364 :
742 5311 833 5362 Σοὶ
873 5306 1024 5368 εἶπεν
1053 5314 1083 5383 ἡ
1117 5314 1314 5384 καρδία
1346 5332 1446 5385 μου
1472 5332 1484 5347 ·
1536 5315 1867 5388 Ἑξεξήτησα
1890 5318 1951 5370 τδ
1981 5317 2270 5387 πρόσωπόν
2298 5334 2410 5370 σου.

305 5384 426 5446 (17)
463 5381 591 5435 ΙιιίιΙ.
622 5381 721 5435 9...

302 5452 428 5517 (18)
471 5455 533 5508 Α.
571 5467 694 5519 μου.
726 5451 949 5506 l'rtcstat
985 5455 1345 5510 accusativus.
1379 5452 1520 5510 Psal.
1552 5457 1683 5512 ibid.
1719 5457 1784 5511 l0
1815 5472 1828 5507 :

300 5523 430 5586 (ιν)
471 5521 600 5572 Ilml.
636 5523 761 5575 ll...

305 5593 429 5650 μεθ)
464 5589 602 5643 l’sul.
629 5606 739 5652 nt.
773 5591 857 5655 ιο,
896 5594 970 5647 ll.

301 5663 429 5723 αι)
470 5661 609 5714 Psal.
651 5675 811 5723 cun,
838 5666 887 5715 δ.

304 5733 430 5782 lxii
457 5730 609 5783 (iuni.
646 5747 762 5797 pag.
803 5731 921 5784 280.

307 5825 317 5845 ι
347 5843 352 5847 ,
380 5805 432 5865 ἡ)
456 5802 608 5852 (Συιιι.
647 5817 763 5869 νοις.
799 5802 913 5853 158.

1870 5458 1932 5508 '(l
1969 5457 2019 5509 δὲ
2057 5457 2258 5525 Κύριος
2292 5455 2659 5523 προσελάϐετό
2701 5473 2786 5523 με.
