4112 6448
189 405 294 469 1941

191 538 817 550 -ν-α--σ--ι--ο-ῌ-.--γ
848 541 867 546 νη
888 541 897 545 -
918 541 949 545 Α.
965 540 1045 545 -.κ-ν
1076 538 1375 546 ---ο-Ψ-.
1396 540 1447 545 γ--
1500 539 1527 545 -.
1543 538 1656 546 ...-

1146 538 1375 546 -———~.—-—-.
1396 540 1447 545 γ--

3282 423 3413 485 1242

2484 543 2635 551 ..-ν-.-η

538 786 895 878 NOT/E
959 762 1118 904 .A‘D
1183 780 1560 868 VITAM
1642 783 1736 865 ui

1841 782 2183 871 lLAAM
2259 786 2409 874 ΕΤ
2479 788 2825 880 JOASA
2849 796 3043 883 ΡΗ.

239 1272 393 1346 474
422 1270 552 1341 l’ag.
590 1272 645 1338 1,
681 1269 734 1324 5.
788 1266 1100 1323 Formulam
1161 1265 1347 1331 καθὼς
1402 1265 1738 1335 γέγραπται.

174 1385 272 1436 qua
292 1365 576 1436 aliquoties
622 1364 793 1417 utitur
831 1372 1044 1423 auctor,
1077 1359 1267 1414 debuit
1319 1358 1509 1414 forsan
1544 1356 1738 1420 Paulo,

176 1460 304 1529 apud
327 1474 485 1526 quem
512 1455 773 1525 szepicule
807 1454 1045 1524 legitur:
1070 1452 1220 1506 conl‘.
1257 1451 1429 1521 Epist.
1478 1450 1546 1504 ad
1575 1448 1735 1503 Rom.

108 1577 113 1588 ·
172 1566 282 1616 vni,
304 1552 401 1615 56;
428 1565 505 1613 Ix,
536 1550 605 1602 55
630 1567 643 1614 ;
670 1545 688 1599 l
717 1548 847 1601 Cor.
882 1562 917 1610 l,
951 1546 1040 1599 51.
1640 1546 1643 1547 ⁷

238 1647 358 1717 Pag.
382 1649 435 1711 5,
470 1650 518 1700 1.
555 1646 684 1699 Vide
716 1646 945 1713 Przuloq.

127 1757 131 1765 τ
237 1736 355 1807 Pag.
419 1738 471 1800 ι,
520 1736 578 1789 9..
629 1734 701 1788 lle
744 1733 1027 1804 οἰκονομίᾳ
1064 1733 1202 1787 adde
1264 1732 1452 1787 Baluz.
1513 1733 1579 1786 ad
1633 1732 1740 1787 Lu-

170 1844 291 1901 pum
323 1845 373 1897 p.
411 1828 551 1891 474;
602 1826 922 1880 Zimmcrm.
980 1826 1219 1879 Aualcct.
1264 1842 1320 1895 p.
1372 1826 1458 1889 10,
1495 1825 1594 1886 14,
1628 1833 1767 1878 οῑιτυ

236 1917 355 1988 Pag.
416 1918 469 1984 5,
510 1919 596 1972 11.
634 1916 875 1970 Joannes
904 1916 1156 1969 Antioch.
1193 1918 1246 1969 in
1278 1914 1519 1968 Monum.
1561 1914 1736 1969 Cotel.

172 2018 211 2066 ι.
240 2013 278 2078 1,
304 2029 354 2079 p.
392 2010 491 2065 164
520 2032 531 2061 :
575 2010 673 2064 Ἐκ
710 2011 809 2078 τῆς
838 2010 1115 2078 Αἰγύπτου
1152 2009 1386 2079 μάλιστα
1412 2008 1504 2061 τοῦ
1530 2008 1738 2077 ἀγαθοῦ

166 2105 347 2157 τούτου
387 2106 874 2167 (uiimiasteriornm
908 2102 1302 2169 institutionis)
1345 2101 1737 2170 ἀπαρξαμένου

167 2198 258 2250 καὶ
302 2194 573 2264 πανταχοῦ
615 2195 714 2263 τῆς
769 2194 1093 2264 οἰκουμένης
1148 2191 1503 2256 διαδοθέντος,
1556 2191 1740 2255 καθώς

166 2306 322 2359 φησιν
348 2292 376 2342 ὁ
412 2289 587 2359 μέγας
619 2288 963 2349 ’Λθανὰσιος.

235 2381 356 2452 Pag.
387 2380 443 2443 9,
484 2381 535 2434 1.
589 2380 947 2433 l’roverbium
1006 2379 1184 2432 πάντα
1234 2383 1404 2435 κινεῖν
1430 2381 1578 2434 λίθον
1640 2383 1736 2435 ha-

166 2477 251 2528 bet
297 2473 548 2529 Julianus
593 2475 754 2527 enist.
804 2472 895 2533 52.
963 2474 1050 2524 nhi
1090 2472 1199 2525 vid.
1259 2471 1476 2543 lli-ylcr.
1521 2490 1573 2539 p.
1608 2473 1734 2529 409.

161 2565 258 2620 Cui
289 2567 529 2631 epistolae
551 2567 728 2620 obiter
759 2565 1015 2635 prodero.
1043 2564 1271 2617 Exhibet
1304 2564 1473 2617 editio
1505 2580 1558 2634 p.
1594 2565 1692 2621 100
1722 2583 1737 2620 :

163 2657 375 2721 Ἕδοξεν
403 2658 495 2710 οὖν
534 2675 622 2727 μοι
651 2659 781 2710 πᾶσι
807 2659 919 2717 τοῖς
943 2657 1134 2725 δήμοις
1187 2656 1593 2726 προαγορεῦσαι
1652 2658 1741 2711 διὰ

160 2736 308 2801 τοῦδε
377 2749 761 2815 διατάγματος.
829 2746 1013 2797 Codex
1070 2744 1212 2798 2964
1276 2746 1377 2798 εδ.
1437 2745 1591 2798 τοῦδε
1644 2750 1739 2798 τοῦ

160 2840 556 2905 Eta:.,melius.
598 2836 734 2892 Ibid.
780 2836 932 2900 815,
983 2834 1045 2898 C,
1088 2835 1641 2905 τεταλαιπωρημένον
1672 2838 1738 2904 τῇ

159 2933 386 3002 σκληρᾷ.
442 2930 657 2984 Prastuli
724 2928 922 2982 merito
985 2927 1463 2997 τεταριχευμένον,
1528 2937 1739 2996 quanto

161 3022 395 3076 vividius
433 3028 487 3075 et
518 3019 692 3087 magis
718 3017 1059 3088 graphicum.
1098 3018 1256 3071 Nilus
1292 3017 1464 3087 Epist.
1498 3034 1536 3081 I,
1566 3033 1617 3087 p.
1654 3019 1687 3070 5
1725 3037 1735 3069 :

157 3114 250 3181 Τῷ
277 3112 380 3183 γὰρ
414 3110 587 3179 νοητῷ
613 3110 774 3179 ἐλαίῳ
814 3110 906 3161 τοῦ
950 3109 1257 3178 κρείττονος
1312 3108 1672 3178 πιανθήσεται
1711 3111 1739 3161 ὁ

157 3205 462 3275 ἀγωνιστὴς
512 3204 817 3274 ἄνθρωπος,
867 3204 896 3254 ὁ
936 3203 996 3254 τὸ
1035 3204 1164 3269 ’πρὶν
1197 3202 1606 3271 καταπονηθεὶς
1647 3203 1738 3255 γαὶ

154 3294 609 3365 τεταριχευμένος
671 3296 737 3362 τῇ
770 3294 1050 3361 ἐνοχλήσει
1097 3293 1195 3361 τῆς
1231 3292 1626 3355 πολ-ἀπαθείας.
1656 3293 1733 3345 Ad

156 3388 303 3457 quod
366 3385 633 3440 Possinus
688 3383 969 3439 olfendcns
993 3425 1009 3447 ,
1053 3392 1304 3437 autumat
1336 3384 1509 3437 fuisse
1545 3400 1575 3437 a
1610 3382 1734 3438 Nilo

157 3480 423 3548 scriptum
459 3473 888 3546 τετρυχωμένος.
937 3476 1042 3529 Sed
1086 3478 1264 3546 ipsum
1317 3493 1440 3545 qua:
1474 3477 1733 3546 prtecedit

159 3570 339 3624 ἐλαίου
371 3570 686 3638 metaphora
722 3571 959 3622 retinere
993 3568 1399 3636 poterat.Nilus
1435 3570 1594 3637 epist.
1629 3569 1733 3623 16:

155 3659 313 3715 Μετὰ
334 3659 395 3711 τὸ
425 3657 565 3725 ἄγαν
605 3658 939 3727 ξηρανθῆναι
988 3658 1049 3709 τὸ
1074 3657 1233 3728 σῶμα
1265 3661 1331 3729 τῇ
1358 3658 1602 3730 νηστείᾳ.
1633 3659 1736 3713 Ρο-

154 3748 355 3803 tuisset
393 3757 447 3801 et
476 3749 561 3801 hic
591 3746 745 3801 Nilus
782 3748 1046 3811 scribere,
1096 3748 1539 3818 τεταριχεῦσθαι,
1594 3749 1730 3804 lbid.

154 3854 214 3892 11.
271 3836 361 3891 29.
404 3836 694 3905 Displieuit
728 3835 1092 3905 ἐκλεξάμενον
1140 3836 1211 3891 ob
1249 3854 1474 3903 pravum
1508 3838 1621 3891 toni
1664 3839 1737 3891 lo-

146 3945 303 3984 cum.
353 3928 575 3982 Simeon
639 3926 790 3981 Setini
841 3928 1051 3993 lehnel,
1100 3945 1154 3998 p.
1185 3929 1290 3981 562
1329 3930 1513 3992 εΝοῦς
1548 3932 1607 3981 ἐν
1640 3948 1736 3999 με·

151 4018 377 4090 ρίμναις
399 4019 497 4089 σῆς
532 4018 817 4089 βιὸρὼσων
859 4019 1044 4073 δστεα.
1094 4018 1320 4089 Repono
1351 4036 1363 4070 :
1394 4021 1494 4091 σὴς
1536 4020 1738 4090 βισρώ-

146 4127 301 4163 σκων
321 4110 503 4162 ὀστέα.

224 4202 355 4271 Pag.
417 4200 501 4263 12,
537 4202 623 4255 19.
657 4199 837 4253 Scrib.
874 4201 1018 4253 καθὰ
1073 4218 1198 4253 που.
1230 4201 1291 4265 C,
1327 4202 1604 4272 καθάπερ.
1644 4203 1735 4257 Sic

145 4309 278 4364 pag.
330 4294 455 4357 510,
499 4294 570 4347 25
598 4310 695 4364 pro
736 4294 879 4346 καθὰ
926 4310 1028 4345 που
1060 4294 1165 4355 καὶ,
1198 4294 1347 4365 περὶ,
1386 4294 1447 4356 (ἶ,
1480 4294 1734 4365 καθάπερ

147 4384 305 4451 περί.

223 4473 473 4543 Pag.1ti,
520 4475 565 4527 1.
622 4474 957 4545 Theophilus
1019 4476 1176 4531 Alex.
1223 4476 1459 4529 llomilia
1500 4494 1511 4528 :
1562 4475 1729 4544 Cujus

142 4565 226 4619 rei
258 4564 413 4616 homo
442 4564 655 4623 similis.
708 4582 759 4636 p.
796 4568 859 4620 14
894 4585 906 4620 :
941 4568 1121 4631 ’Ὁλως
1172 4568 1281 4638 γὰρ
1306 4569 1557 4638 ὀκόσμος
1586 4571 1641 4620 ἐν
1658 4568 1735 4638 τῷ

143 4655 378 4725 πονηρῷ
399 4658 595 4709 κεῖται.
627 4656 913 4712 Consentit
945 4658 999 4711 in
1031 4659 1165 4722 ὅλως
1189 4661 1357 4714 codex
1395 4660 1554 4715 1015.

219 4746 354 4816 Pag.
408 4747 497 4810 18,
539 4746 628 4802 11.
676 4748 763 4802 AC
811 4750 969 4817 (nihil
1048 4767 1111 4803 ex
1149 4751 1187 4803 Β
1236 4752 1499 4821 enotavi),
1534 4754 1731 4824 εὐμορ-

139 4837 421 4907 φὼτατος.
456 4839 550 4894 Sic
578 4856 629 4909 p.
651 4840 777 4905 275,
796 4840 829 4894 8
851 4842 939 4895 AC
959 4843 1381 4913 εὐμορφωτάτη.
1403 4842 1572 4900 Error
1603 4849 1732 4902 olim

140 4930 294 4983 idem
329 4932 380 4983 in
412 4947 473 4985 ea
501 4947 635 4985 voce
666 4931 809 5001 apud
852 4933 1118 4988 Achillem
1170 4934 1290 4988 Tat.
1320 4936 1527 4990 exstitit
1565 4956 1576 4990 :
1610 4940 1730 4994 vide

133 5017 375 5074 Jacobs.
410 5038 460 5091 p.
497 5023 621 5078 856.

215 5112 356 5183 Pag.
392 5114 481 5177 21,
505 5114 560 5168 2.
595 5115 669 5169 De
695 5115 840 5169 οὕτω
876 5117 1088 5187 συμϐὰν
1137 5120 1276 5173 adde
1326 5129 1442 5175 not.
1503 5122 1569 5175 ad
1601 5124 1729 5177 Ari-

132 5214 313 5262 stmn.
350 5224 403 5277 p.
449 5208 571 5262 756.

216 5300 356 5370 Pag.
402 5301 492 5368 22,
538 5302 625 5356 10.
676 5303 959 5359 Glossator
1023 5304 1077 5357 in
1132 5305 1175 5358 Α
1226 5307 1485 5375 ascripsit
1524 5310 1726 5378 στίχος.

131 5387 333 5442 Verba
352 5389 588 5455 scilicet,
646 5390 849 5460 ἄνθρ...
893 5392 1172 5462 ῥημάτων,
1224 5408 1442 5447 versum
1488 5394 1731 5448 cﬂiciunt

130 5479 436 5550 politicum
467 5481 972 5551 dodecasyllabum,
997 5482 1119 5536 vide
1144 5500 1197 5552 p.
1248 5483 1372 5538 565.

209 5569 361 5641 Pag.
388 5572 478 5635 21,
518 5574 568 5626 1.
593 5573 750 5628 Conf.
788 5575 988 5643 p.187.

213 5665 362 5735 Pag.
390 5666 483 5732 27,
515 5667 569 5719 7.
599 5668 757 5724 Conf.
789 5684 840 5738 p.
882 5669 1007 5724 297.

214 5758 360 5830 Pag.
395 5760 484 5814 51.
519 5757 754 5829 Symeon
802 5759 955 5816 Sethi
998 5762 1065 5817 de
1107 5762 1315 5820 lehnel.
1338 5780 1395 5836 p.
1429 5765 1536 5820 206
1572 5780 1585 5814 :
1620 5767 1735 5835 Μιᾷ

119 5867 254 5906 οων
292 5854 540 5921 ἡμερῶν.
594 5852 657 5906 Et
713 5853 789 5908 sic
821 5869 906 5925 pp.
946 5856 1073 5914 516.
1098 5855 1221 5912 582.
1261 5857 1389 5914 inde
1420 5858 1606 5923 velim,
1636 5874 1734 5929 pro

1846 1268 1974 1337 μιᾶς
1992 1269 2098 1321 τῶν
2114 1270 2145 1340 ἡ
2156 1287 2221 1338 με
2231 1271 2509 1341 ρώνμιιιοιι
2533 1274 2729 1338 legitur
2746 1292 2798 1345 p.
2820 1276 2943 1336 104.
2964 1293 3231 1349 reponere
3248 1286 3349 1355 μιᾷ
3370 1302 3419 1338 τ.

1843 1364 1895 1432 ἠ.
1933 1362 2041 1415 Nec
2076 1366 2234 1419 aliter
2265 1382 2315 1433 p.
2348 1366 2474 1428 278,
2520 1370 2620 1437 μιᾷ
2643 1368 2699 1421 δὲ
2724 1370 2835 1423 τῶν
3052 1376 3285 1432 νυκτῶν.
3314 1380 3418 1431 An-

1843 1455 2143 1524 drcopulus
2169 1458 2237 1511 de
2267 1457 2492 1528 Syntipa
2520 1476 2567 1529 p.
2599 1462 2693 1515 75:
2726 1463 2813 1515 ‘Ev
2837 1467 2939 1535 μιᾷ
2960 1465 3071 1517 τῶν
3102 1468 3350 1538 ἡμερῶν,
3369 1479 3424 1523 et

1844 1564 1899 1617 p.
1922 1549 1988 1602 ⁸74
2020 1569 2031 1603 :
2062 1550 2178 1621 Μιᾷ
2224 1551 2355 1618 γοῦν
2402 1553 2508 1605 τῶν
2550 1553 2790 1623 ἡμερῶν.
2826 1557 2957 1620 Qua:
2986 1558 3100 1610 duo
3144 1557 3261 1612 loca
3292 1576 3422 1629 pro.

1845 1640 1980 1705 fern,
2020 1648 2257 1693 nontam
2292 1651 2515 1711 propter
2566 1645 2703 1711 ipsa,
2732 1660 2895 1713 quam
2944 1648 3201 1701 monendi
3253 1663 3421 1702 causa

1844 1734 2210 1786 narrationem
2249 1734 2318 1787 de
2385 1735 2681 1799 columbis,
2719 1739 2807 1792 cui
2838 1739 3048 1801 insunt,
3077 1756 3201 1794 esse
3227 1740 3420 1796 001110-

1842 1825 2069 1878 rendam
2109 1840 2234 1879 cum
2288 1827 2455 1879 simili
2498 1826 2773 1885 Simeonis
2823 1831 2975 1884 Sethi
3030 1831 3240 1897 fabula,
3284 1833 3419 1889 ibid.

1843 1934 1895 1987 p.
1933 1918 2057 1970 562.

1915 2007 2043 2076 l‘ag.
2075 2009 2163 2062 δὲ.
2205 2009 2284 2062 16.
2313 2010 2398 2061 Cl'.
2433 2026 2483 2079 p.
2522 2011 2646 2063 591.

1912 2096 2040 2167 Pag.
2082 2100 2168 2164 55,
2196 2099 2285 2153 2|.
2312 2101 2388 2151 Ad
2427 2104 2590 2155 verba
2615 2103 2772 2155 τοῦτο
2800 2106 3085 2175 πρόκειται
3116 2119 3202 2161 est
3229 2111 3412 2177 glessa

1842 2191 1897 2244 in
1925 2193 1965 2244 Δ
2005 2191 2133 2260 ;ὴτ’
2186 2194 2246 2245 τὸ
2295 2193 2621 2262 γηράσκειν,
2667 2194 2762 2249 Est
2820 2198 2992 2267 prima
3051 2215 3151 2254 vox
3191 2201 3419 2272 legenda

1840 2284 1979 2354 ἦτοι.
2028 2282 2229 2338 Notum
2286 2286 2565 2341 adverbiis
2624 2287 2813 2357 ἤγουν,
2871 2290 3011 2360 ἦτοι,
3076 2291 3279 2356 εἴτουν,
3342 2297 3418 2349 uti

1841 2377 2226 2445 grammaticos
2259 2378 2640 2446 explicationis
2674 2395 2861 2436 causa.
2914 2381 3019 2447 Qui
3062 2400 3238 2454 nuper
3283 2387 3419 2441 alle-

1840 2467 1987 2535 gavit
2037 2467 2237 2521 alicubi
2294 2467 2569 2521 Eustatliii
2620 2469 2806 2533 verba,
2866 2469 2937 2522 τὰ
2966 2470 3186 2543 λάφυρα
3237 2475 3419 2527 εἴτουν

1844 2556 2035 2620 σκῦλα,
2069 2557 2151 2611 vir
2184 2558 2239 2613 d.
2272 2560 2528 2628 ascripsit
2564 2575 2578 2610 :
2615 2575 2761 2612 corr.
2818 2561 3007 2631 ἤγουν.
3036 2562 3126 2616 Nil
3154 2567 3417 2636 corrigat.

1843 2646 2346 2718 Frequentissimus
2366 2661 2450 2707 est
2469 2652 2878 2721 coniunctionis
2907 2653 3084 2709 εῖτουν
3113 2673 3248 2713 usus
3269 2662 3410 2730 apud

1842 2741 2193 2796 scholiastas.
2224 2742 2358 2796 Vide
2385 2742 2533 2797 Bast.
2568 2745 2623 2796 in
2664 2744 2797 2814 Epp.
2834 2744 3043 2800 Pariss.
3086 2763 3138 2817 p.
3179 2749 3268 2803 56.

1914 2832 2041 2904 Pag.
2074 2834 2163 2887 58.
2198 2832 2272 2888 De
2304 2833 2538 2887 formula
2563 2836 2790 2907 εἰρήνην
2817 2836 3000 2891 δοῦναι
3030 2838 3166 2894 adde
3183 2840 3417 2896 Tullium

1842 2926 2047 2995 lnsign.
2080 2926 2203 2982 itin.
2231 2943 2284 2997 p.
2319 2928 2447 2994 169;
2489 2929 2745 2983 Valcken.
2773 2930 2959 2985 Schol.
2998 2932 3054 2986 in
3084 2930 3148 2986 N.
3180 2932 3242 2988 Τ.
3276 2942 3318 2989 t.
3352 2933 3416 3001 11,

1840 3035 1895 3089 p.
1936 3019 2019 3074 17.

1911 3109 2042 3179 Pag.
2073 3111 2164 3174 40,
2196 3112 2250 3166 2.
2285 3112 2447 3166 Conf.
2481 3130 2534 3182 p.
2560 3112 2687 3177 546,
2716 3131 2771 3168 n.
2801 3116 2855 3169 5.

1911 3202 2042 3274 Pag.
2075 3204 2165 3268 16,
2192 3204 2239 3256 1.
2267 3203 2553 3258 iiecitatur
2581 3206 2695 3259 lucc
2730 3210 3022 3272 scnlentia,
3050 3225 3149 3265 nec
3175 3212 3295 3265 sine
3324 3228 3419 3265 va-

1842 3295 2061 3360 rietate,
2090 3312 2118 3348 a
2156 3295 2419 3351 Michaele
2448 3296 2614 3367 Glyca
2650 3299 2813 3365 epist.
2837 3300 2890 3362 2,
2927 3315 2977 3367 p.
3012 3301 3114 3355 110
3144 3322 3158 3356 :
3206 3303 3261 3357 '0
3284 3304 3422 3357 Θειό-

1839 3405 2001 3449 τατος
2053 3388 2318 3459 Βαρλαὰμ
2364 3389 2507 3443 οὕτω
2553 3393 2693 3463 πρὸς
2743 3392 2977 3462 Ίωὰσαφ
3026 3395 3179 3464 ἔλεγε
3206 3412 3219 3426 ο
3262 3416 3280 3449 1
3318 3400 3422 3451 Τὸν

1841 3479 2172 3551 ἶᾶνθρωπον]
2204 3482 2299 3533 ἀπ’
2325 3482 2502 3552 ἀρχῆς
2524 3484 2966 3554 αὑτεξουσιότητι
3008 3488 3103 3539 καὶ
3152 3487 3423 3562 ἀθανασίᾳ

1839 3573 2076 3641 τιμήσας
2108 3572 2333 3642 βασιλέα
2358 3576 2575 3627 πάντων
2600 3576 2707 3629 τῶν
2730 3579 2989 3644 ἐπιγείων
3011 3581 3363 3650 κατέστησεν.
3396 3601 3415 3631 1

1838 3664 1999 3720 Conl‘.
2062 3667 2195 3720 ibid.
2246 3682 2299 3737 p.
2337 3667 2461 3722 127.
2492 3700 2561 3708 —
2692 3670 2933 3740 Cyrillus
2982 3671 3211 3728 Catech.
3242 3690 3294 3744 p.
3329 3674 3363 3730 6
3402 3696 3416 3730 :

1854 3757 2083 3825 Ἀγαθος
2108 3762 2575 3824 κατασκευασθεὶς
2600 3761 2846 3825 διάϐολος
2872 3763 3098 3832 γέγονεν
3129 3764 3188 3829 ἐξ
3217 3767 3422 3831 οἰκείας

1840 3851 2236 3920 προαιρέσεως,
2259 3854 2323 3904 ἐκ
2350 3852 2451 3921 τῆς
2480 3854 2734 3923 πράξεως
2761 3854 2942 3908 λαϐὼν
2973 3860 3348 3930 προσηγορίαν
3377 3904 3391 3917 .

1839 3971 1907 3981 ——
1935 3943 2068 3995 Ibid.
2112 3942 2208 3996 Est
2232 3944 2333 4014 δρᾷ
2364 3944 2465 4015 τῆς
2498 3954 2554 3998 et
2587 3946 2640 3999 in
2671 3947 2795 4001 cod.
2829 3946 2951 4001 400.

1911 4032 2038 4103 Pag.
2070 4033 2162 4097 «17,
2197 4034 2284 4090 10.
2322 4034 2773 4093 Pseudo-Abdias
2829 4054 2930 4101 vti,
2963 4040 2996 4092 6
3024 4058 3037 4095 :
3102 4061 3121 4092 ι
3153 4045 3415 4112 Angelus.

1837 4126 1930 4195 qui
1954 4142 2016 4179 ex
2049 4140 2110 4178 se
2134 4125 2392 4195 concepit
2430 4127 2717 4192 invidiam,
2757 4143 2854 4197 per
2878 4132 3179 4198 potentiam
3212 4135 3418 4201 angeli-

1837 4234 1957 4270 cam
2013 4227 2325 4287 serpentem
2378 4219 2681 4288 ingressus.
2724 4239 2743 4271 ι
2773 4252 2843 4261 —-
2872 4221 2937 4274 N.
2974 4222 3027 4275 1.
3074 4221 3179 4277 Pro
3203 4224 3249 4277 δ’
3297 4224 3415 4278 ἀλλ’

1836 4321 1923 4367 est
1946 4310 2093 4365 Εὕαν
2129 4313 2185 4365 111
2226 4311 2351 4367 cod.
2389 4312 2532 4378 400;
2581 4315 2728 4384 quod
2759 4324 2845 4369 est
2896 4316 3113 4373 facilius
3166 4319 3415 4389 quidem,

1836 4403 1932 4458 sed
1974 4418 2082 4457 non
2112 4404 2328 4458 melius.

1906 4493 2035 4564 Pag.
2074 4495 2165 4561 48,
2202 4512 2255 4550 n.
2294 4497 2350 4551 2.
2388 4494 2570 4550 Scrib.
2605 4498 2786 4564 potius
2821 4517 2955 4562 πως.

1908 4584 2035 4654 νας.
2067 4585 2157 4646 55,
2191 4601 2246 4638 11.
2275 4585 2329 4638 2.
2355 4586 2427 4641 De
2447 4585 2659 4656 junctis
2688 4588 2936 4657 σημείοις
2960 4589 3055 4641 καὶ
3076 4589 3269 4658 τέρασι
3293 4590 3414 4647 vide

1835 4676 2049 4729 Albert.
2084 4668 2153 4727 ad
2178 4673 2425 4730 Glossar.
2453 4692 2575 4745 pag.
2608 4677 2730 4731 115.

1904 4765 2034 4836 Pag.
2062 4766 2150 4819 56.
2186 4765 2279 4819 Est
2312 4766 2606 4835 ἠδικῆσθαι
2656 4768 2708 4819 111
2746 4761 2960 4822 Libanii
3001 4770 3194 4825 codice
3214 4773 3373 4828 5017.

1907 4856 2038 4928 Pag.
2068 4856 2158 4922 65,
2190 4873 2246 4911 11.
2271 4858 2323 4909 6.
2356 4855 2517 4911 Conf.
2557 4874 2606 4925 ιι.
2630 4859 2757 4920 229,
2789 4875 2848 4913 11.
2886 4859 2938 4913 6.

1902 4947 2035 5019 Pag.
2067 4948 2157 5013 65,
2190 4964 2247 5002 11.
2274 4950 2326 5002 5.
2360 4946 2518 5002 Nilus
2544 4950 2709 5017 epist.
2738 4948 2839 5003 150
2870 4968 2883 5003 :
2925 4951 3253 5018 Ἀναγκαῖον
3277 4954 3415 5007 ειδέ-

1837 5056 1926 5092 ναι
1944 5038 2026 5091 ὅτι
2080 5037 2296 5108 μέλλεις
2332 5036 2535 5107 βήματι
2582 5038 2957 5108 παρίστασθαι
3009 5041 3251 5113 φοϐερῷ,
3287 5042 3412 5095 ἔνθα

1835 5129 2014 5193 οὐδεὶς
2045 5130 2388 5198 διαφανεῖται
2415 5129 2725 5199 ἐπικουρῶν
2762 5148 2843 5183 σοι
2870 5132 2902 5199 ἦ
2934 5130 3220 5195 ἐξελέσθαι
3251 5134 3413 5188 δυνά-

1840 5238 1997 5291 μενος
2024 5221 2126 5290 τῆς
2151 5221 2331 5291 χειρὸς
2354 5220 2442 5271 τοὶ.
2497 5221 2794 5284 δικάζοντος
2818 5239 2831 5251 ’
2870 5221 2999 5273 ἔνθα
3041 5222 3286 5291 δεινότης
3321 5228 3415 5277 καὶ

1836 5311 2131 5380 εὐστροὲία
2162 5310 2335 5377 λόγων
2366 5309 2459 5362 καὶ
2485 5310 2733 5379 γλώττης
2760 5312 2910 5365 οὐδὲν
2942 5313 3223 5377 παντελῶῖ
3261 5317 3411 5384 i315”

1840 5419 1927 5453 σαι
1958 5403 2338 5471 δυνήσεται...

1911 5495 2043 5564 l’ag.
2075 5494 2160 5546 76.
2193 5493 2289 5547 Est
2320 5503 2374 5549 et
2409 5494 2550 5564 apud
2600 5494 2701 5547 lsa.
2755 5510 2808 5559 χ,
2846 5494 2929 5560 18,
2958 5496 3153 5563 φλογὸς
3193 5500 3413 5568 καιομέ-

1835 5606 1954 5658 νης.

1910 5678 2037 5750 Pag.
2068 5680 2155 5741 91,
2210 5680 2291 5733 11.
2330 5680 2668 5749 Theophilus
2696 5682 2853 5736 Alex.
2900 5682 3097 5737 11011111.
3126 5683 3292 5751 Cujus
3339 5687 3417 5737 rei

1841 5773 1994 5825 homo
2024 5771 2240 5832 similis,
2268 5789 2319 5840 p.
2352 5774 2385 5825 5
2421 5791 2432 5825 :
2476 5773 2600 5825 Ἐάν
2646 5773 2728 5836 τῖς
2780 5791 2838 5825 σε
2887 5774 3188 5843 ἁγκαρεύοι
3237 5775 3413 5843 μίλιον

1841 5863 2120 5932 ἱν,ὖτταγ;
2158 5865 2269 5919 δύο.
2324 5865 2457 5921 Cod.
2516 5866 2670 5928 1015,
2729 5867 3081 5939 ἁγκαρεύσει.
3136 5870 3419 5939 Reponam
