4112 6448
69 404 193 469 ίὶ53

1364 405 1423 461 S.
1458 402 1782 463 Aﬂ'l‘EMlI
1816 403 2096 463 PASSIO.

3167 400 3185 461 l
3195 397 3301 464 254

61 526 86 575 ὸ
104 521 214 573 τότε
245 516 435 587 καιρὸς
456 516 677 587 ἀπῄτει,
705 515 798 568 καλ
820 516 894 577 ὼς
930 507 1041 583 εἶχε
1060 515 1612 585 ὅννά;.ιεως,ξγραψε.

1734 532 1887 585 piam
1924 515 2157 569 maxime
2196 514 2468 581 confusis,
2497 525 2550 568 ct
2582 522 2743 584 prout
2772 512 2918 568 vires
2948 513 2995 567 ei
3036 522 3293 583 suppete-

58 610 226 681 πολλῷ
272 610 483 682 Θορύδῳ
534 610 629 663 καὶ
668 613 880 680 ταραχῇ
930 608 1038 661 τῶν
1094 610 1214 663 τότε
1280 612 1623 682 πραγμάτων

60 704 440 775 συνεχομένων.
472 704 549 757 Οὐ
583 702 682 773 μὲν
710 698 803 756 οῦν
828 702 948 755 οὐδὲ
979 702 1143 766 αὐτός
1183 720 1266 766 τις
1296 697 1363 772 ἧν
1391 702 1499 756 τῶν
1530 719 1625 755 πε-

55 795 458 867 ριεσκεμμένων
495 811 556 847 τε
622 796 715 848 καὶ
763 796 892 865 περὶ
939 794 1129 863 λόγους
1190 794 1623 856 ἐσπουδακότων,

53 886 165 939 ἀλλ’
191 886 391 947 ἀπλοῦς
413 903 495 949 τις
530 887 625 940 καὶ
654 886 945 956 ἀπέριττος
997 887 1166 954 μόνης
1210 887 1312 956 τῆς
1367 885 1625 954 ἀληθείας

54 976 446 1050 πεφροντικὼς,
483 980 577 1032 καὶ
605 978 669 1031 τὸ
722 978 903 1047 λέγειν
931 982 1080 1040 ὃπως
1139 975 1232 1031 οὖν
1295 978 1626 1047 στοχαζόμε-

49 1088 136 1134 νος
159 1088 172 1100 ·
219 1074 314 1124 καὶ
361 1071 506 1125 κατὰ
546 1071 646 1142 τὴν
683 1072 1011 1141 παροιμίαν,
1056 1071 1212 1141 ἄκρῳ
1250 1070 1495 1140 δακτύλῳ
1527 1073 1627 1140 τῆς

52 1164 198 1235 legi;
224 1164 336 1216 τῶν
373 1162 549 1231 λόγων
596 1163 849 1226 παιδείας
880 1162 1184 1231 ἁψάμενος.

124 1297 187 1369 β’.
226 1300 436 1370 Ὠσπερ
470 1294 563 1352 οὖν
590 1299 710 1352 οὐδὲ
742 1298 900 1359 αὐτὸς
933 1296 1042 1363 ἐγὼ
1066 1295 1381 1367 ἀρκοῦντως
1400 1293 1508 1364 ἔχω
1533 1294 1625 1348 καὶ

55 1392 255 1455 ἱκανῶς
297 1392 435 1461 πρὸς
457 1392 555 1461 τὴν
586 1390 679 1446 τοῦ
726 1391 888 1458 λόγου
919 1391 1193 1461 διήγησιν,
1253 1387 1356 1441 κᾶν
1396 1388 1424 1440 ὁ
1464 1385 1628 1450 πόθος

24 1480 140 1555 ,τοῦ
168 1481 441 1552 μάρτυρος
466 1482 721 1535 καθέλκει
738 1481 835 1534 καὶ
857 1480 1112 1551 τυραννεῖ
1132 1495 1233 1547 μου
1260 1478 1350 1530 τὸν
1368 1476 1627 1547 λογισμὸν

44 1574 141 1625 καί
164 1574 300 1642 πρὸς
324 1575 384 1627 τὸ
408 1573 589 1641 λέγειν
637 1571 901 1643 βιάζεται,
951 1568 1234 1633 ἐπαινετὸς
1298 1570 1484 1639 μέντοι
1527 1566 1628 1637 τῆς

42 1664 357 1735 προθυμίας
392 1664 485 1717 καὶ
507 1663 604 1732 τῆς
635 1662 765 1732 περὶ
797 1663 887 1713 τὸν
922 1661 1176 1730 μάρτυρα
1223 1657 1482 1720 πίστεως,
1545 1657 1626 1710 ὅτι

38 1756 151 1809 κᾶν
174 1752 426 1808 ὁπωσοῦν
455 1755 754 1824 ἐτόλμησεν
790 1751 1033 1819 ἅψασθαι
1064 1751 1163 1820 τῆς
1195 1749 1323 1818 περὶ
1348 1749 1408 1800 τὸ
1428 1747 1628 1819 μαρτύ-

46 1862 164 1916 ριον
195 1843 363 1898 αὑτοῦ
385 1846 714 1916 διηγήσεως,
761 1844 1000 1914 μάλιστα
1030 1841 1127 1895 τοῦ
1171 1840 1481 1895 ἀποστάτω
1530 1841 1626 1895 καὶ

36 1936 277 2000 ἀσεϐοῦς
324 1935 613 1990 Ἰουλιανοῦ
654 1934 1129 2004 παραγγείλαντος
1171 1932 1284 1995 τοῖς
1334 1930 1629 2001 ἀλισκομέ·

36 2042 158 2089 νοις
183 2027 277 2080 ἐπὶ
302 2028 363 2080 τὸ
390 2026 483 2079 τοῦ
512 2024 750 2096 Χριστοῦ
785 2023 1087 2093 μαρτύριον
1124 2023 1263 2092 μήτε
1300 2021 1625 2092 ὑπόμνημα,

37 2115 199 2190 [342]
220 2118 356 2187 μήτε
380 2116 547 2185 ἀλλην
577 2114 674 2185 τὴν
712 2112 929 2166 οίανοῦν
974 2112 1239 2165 ποιεῖσθαι
1280 2109 1627 2181 ἀναγραφὴν,

37 2207 232 2269 καθὼς
262 2206 320 2258 οί
339 2206 604 2276 πρότερον
624 2204 862 2275 βασιλεῖς
892 2202 1312 2273 ἐνομοθέτησαν,
1340 2201 1476 2255 ἀλλά
1504 2202 1631 2256 τοὺς

36 2299 303 2360 πλείονας
331 2296 509 2350 αὐτῶν
537 2296 976 2365 ἀναπολογήτους
1020 2292 1389 2347 ἀπόλλυσθαι·
1439 2293 1628 2346 τούτου

33 2389 139 2444 τοῦ
216 2389 682 2461 παραγγέλματος
740 2386 1045 2457 πανταχόσε
1103 2386 1628 2454 καταφοιτήσαντος,

35 2482 372 2547 ἐκολάζοντο
410 2484 509 2553 μὲν
534 2485 583 2536 οἱ
609 2484 701 2537 τὸν
732 2483 969 2554 Χριστὸν
995 2480 1387 2552 ὁμολογοῦντες
1413 2498 1445 2541 ·,
1490 2481 1631 2535 κατὰ

32 2577 94 2629 Fc
118 2576 187 2628 τὸ
217 2575 453 2646 κρατοῦν
476 2576 616 2639 ἔθος,
647 2576 823 2638 οὐδεὶς
854 2575 964 2629 τῶν
996 2578 1058 2628 ἐκ
1107 2574 1203 2628 τοῦ
1238 2576 1413 2646 δήμου
1432 2592 1631 2646 κομεν-

33 2668 331 2737 ταρισίων,
360 2669 392 2738 ἦ
420 2669 530 2721 τῶν
576 2668 885 2737 λεςγομένων
909 2666 1325 2737 ταχυγράφων,
1374 2668 1631 2736 πρόνοιαν

32 2762 289 2812 ἐποιεῖτο
322 2760 476 2813 τοῦδε
508 2760 602 2813 τοῦ
626 2761 1111 2830 παραγγέλματος.
1154 2759 1493 2824 Ἐσπούδαζε
1522 2760 1632 2832 γὰρ

28 2851 64 2901 ὁ
100 2851 434 2921 παράνομος
490 2852 583 2905 καὶ
616 2852 784 2922 αὐτὴν
823 2850 931 2904 τῶν
971 2849 1269 2921 μαρτύρων
1309 2850 1632 2916 ἐξαφανίσαι

27 2936 145 3008 τὴν
181 2937 460 2993 εὔκλειαν.
519 2940 688 3003 Μόλις
718 2936 811 2993 οὖν
842 2955 986 3001 τινες
1019 2940 1077 2993 ἐν
1109 2939 1358 3008 ζοφεροῖς
1392 2955 1503 2992 τισι
1540 2939 1633 2991 καὶ

29 3030 332 3099 ἀλαμπὲσι
369 3032 559 3094 τόποις
602 3031 1151 3100 κατακρυπτόμενοι,
1208 3029 1472 3081 τοιούτων
1534 3029 1633 3098 ὲφ-

25 3120 323 3176 άπτεσθαι
347 3122 591 3191 ἐτόλμων
612 3123 1044 3191 ὑπομνημάτων,
1068 3116 1167 3191 τὴν
1187 3118 1281 3172 τοῦ
1303 3118 1635 3190 κρατοῦντος

1730 608 1879 669 ham,
1927 607 2058 661 illud
2099 608 2449 676 conscripsit.
2484 605 2672 676 Neque
2720 618 2851 659 vero
2889 603 3005 673 ipse
3053 609 3304 670 comptus

1727 699 1862 751 satis
1911 707 2008 752 aut
2062 698 2130 753 de
2192 696 2463 751 orationis
2505 696 2780 765 leporibus
2831 694 3109 748 sollieitus
3160 701 3301 750 erat,

1728 788 1822 841 sed
1857 787 2087 856 simplex
2121 795 2175 841 et
2204 786 2520 848 inornatus,
2549 785 2721 838 solius
2755 783 3003 837 veritatis
3025 779 3302 838 curiosus.

1727 880 1861 934 satis
1896 879 2133 932 habebat
2189 892 2304 932 rem
2357 875 2595 931 candide
2640 888 2987 945 pr0pouere.
3044 880 3099 925 et
3149 870 3304 939 juxta

1726 968 2075 1037 proverbium
2098 983 2314 1021 summo
2339 967 2512 1034 digito
2535 979 2752 1019 sacram
2781 978 3099 1017 sermonum
3121 960 3306 1014 erudi-

1728 1062 1934 1115 tionem
1966 1060 2260 1129 attingere.

1798 1292 1854 1347 2.
1892 1290 2367 1357 Quemadmodum
2402 1291 2572 1358 igitur
2597 1304 2775 1359 neque
2815 1302 2917 1358 ego
2948 1282 3226 1340 sumciens
3252 1291 3308 1337 et

1731 1384 1963 1439 idoneus
2015 1399 2138 1439 sum
2198 1383 2449 1436 historiae
2501 1382 2663 1453 digne
2705 1380 2991 1445 texendze;
3045 1376 3173 1430 licet
3223 1390 3312 1430 me

1731 1486 1886 1525 mens
1918 1471 1972 1525 in
2030 1480 2328 1541 martyrem
2366 1484 2523 1523 amor
2564 1470 2801 1534 alliciat,
2854 1469 2907 1523 in
2948 1466 3184 1522 consilio
3217 1480 3311 1519 ca-

1730 1561 1933 1631 piendo
1964 1562 2185 1631 subigat
2219 1568 2384 1629 atque
2426 1560 2493 1615 ad
2532 1560 2825 1615 dicendum
2862 1568 3047 1629 cogat,
3084 1556 3315 1612 laudan—

1727 1653 1830 1709 dus
1865 1663 2048 1708 tamen
2087 1662 2176 1707 est
2204 1662 2431 1723 pr0ptcr
2452 1652 2699 1707 studium
2744 1662 2800 1706 et
2826 1650 2985 1705 [idem
3024 1650 3078 1703 in
3109 1657 3314 1717 marty-

1728 1761 1845 1800 rem
1880 1745 2142 1814 antiquus
2173 1745 2288 1808 ille,
2339 1743 2434 1815 qui
2488 1743 2851 1814 quantumvis
2899 1742 3096 1796 leviter
3145 1754 3312 1793 ausus

1728 1838 1801 1893 sit
1836 1839 2080 1909 martyrii
2134 1838 2258 1907 ejus
2310 1838 2598 1892 historiam
2637 1837 2946 1907 attingere;
3008 1833 3309 1904 praesertim

1730 1930 1859 1999 quia
1887 1936 2145 1999 ,apostata
2176 1938 2230 1984 et
2272 1930 2473 2000 impius
2497 1926 2756 1984 Julianus
2791 1929 3107 1983 sanciverat
3148 1944 3217 1982 ne
3256 1927 3313 1982 in

1731 2021 2057 2073 memoriam
2094 2034 2284 2074 eorum
2307 2019 2404 2090 qui
2429 2035 2528 2090 pro
2559 2018 2784 2074 Christo
2814 2019 3141 2090 martyrium
3165 2018 3312 2085 passi

1730 2120 1936 2173 essent,
1971 2120 2395 2167 monumentum
2424 2110 2733 2180 erigeretur
2788 2120 2884 2162 aut
2916 2109 3315 2178 qualiscunque

1731 2202 2176 2255 conscriberetur
2204 2201 2437 2255 historia
2462 2241 2477 2266 ,
2517 2216 2682 2271 quam
2726 2201 2898 2271 legem
2930 2200 3046 2270 jam
3100 2209 3317 2254 veteres

1731 2292 2099 2363 imperatores
2144 2292 2407 2354 tulerant,
2432 2293 2544 2347 :scd
2580 2293 2832 2347 voluerat
2885 2293 3186 2361 plerosque
3218 2306 3314 2345 eo-

1732 2399 1852 2438 rum
1899 2383 2166 2453 inglorios
2222 2385 2425 2454 perire.
2483 2384 2599 2450 Qua
2667 2384 3051 2455 prohibitione
3112 2379 3316 2454 ubique

1733 2477 2113 2548 promulgata,
2164 2478 2542 2543 puniebantur
2576 2477 2801 2547 quidem
2854 2477 3064 2533 Christi
3096 2477 3317 2532 confes-

1734 2586 1930 2637 sorcs;
1967 2571 2064 2625 sed
2094 2570 2254 2640 juxta
2289 2571 2563 2639 vigentem
2616 2571 2827 2639 legem,
2868 2584 3031 2625 nemo
3067 2586 3098 2625 e
3136 2569 3316 2640 publi-

1734 2661 1813 2713 eis
1839 2661 2437 2716 conunentariensibus
2467 2670 2560 2714 aut
2595 2662 2663 2716 iis
2709 2662 2805 2730 qui
2841 2661 3100 2716 dicuntur
3132 2661 3316 2731 tat/ty-

1732 2749 1941 2819 graplu’,
1968 2751 2165 2804 horum
2195 2750 2441 2804 historiae
2483 2765 2672 2805 curam
2709 2750 2943 2806 habebat
2972 2752 3072 2823 (5).
3112 2752 3312 2806 Stude-

1736 2843 1826 2895 bat
1851 2842 2001 2896 enim
2041 2841 2339 2911 imperator
2375 2843 2652 2897 scelestus
2686 2851 2989 2915 martyrum
3018 2841 3104 2897 vel
3135 2842 3312 2912 ipsam

1733 2934 1964 3005 gloriam
1997 2934 2304 2989 eliminare.
2333 2933 2502 3004 Egre
2532 2935 2696 3005 igitur
2720 2936 2916 3006 aliqui,
2964 2952 3076 3006 pra:
3116 2935 3313 2989 timore

1737 3026 1938 3080 ferocis
1972 3026 2263 3095 principis,
2295 3026 2348 3079 in
2389 3027 2704 3082 tenebrosis
2742 3027 3068 3096 quibusdam
3114 3027 3314 3081 obscu-

1734 3118 1921 3187 risque
1959 3118 2098 3172 locis
2132 3119 2549 3185 delitescentes,
2594 3118 2916 3188 hujusmodi
2963 3119 3315 3173 narrationes

23 3212 413 3281 δεδιττόμενοι
470 3212 794 3283 ἀγριότητα.
851 3212 1052 3268 ῐΙολλαὶ
1090 3213 1189 3282 μὲν
1224 3208 1317 3266 οὖν
1370 3214 1629 3285 μυριάδες

1734 3211 2005 3280 attingere
2030 3211 2325 3266 audebant.
2353 3211 2525 3266 Multa
2558 3227 2691 3281 ergo
2719 3211 3166 3265 Christianorum
3194 3208 3315 3263 mil-

22 3304 148 3358 ὰνά
187 3305 374 3357 πᾶσαν
426 3303 526 3375 τὴν
581 3305 911 3373 οἰκουμένην
959 3304 1068 3357 τῶν
1113 3304 1456 3375 Χριστιανῶν
1506 3322 1635 3357 κατ·-

24 3397 400 3466 εφθείροντο,
437 3395 573 3466 μηδὲ
615 3398 745 3465 μιᾶς
775 3414 920 3459 τινος
950 3396 1088 3448 κατά
1118 3396 1179 3448 τὸ
1225 3395 1465 3466 κρατοῦν
1515 3395 1636 3460 ἔθος

22 3486 366 3555 ἀξιούμενοι
402 3488 755 3555 ἐρωτήσεωςο
783 3485 920 3538 ἀλλά
946 3485 1105 3538 τοῦτο
1140 3486 1237 3555 μὲν
1285 3486 1442 3539 οὐδὲν
1490 3503 1635 3556 παρ-

22 3577 255 3645 ἐὸλαψε
312 3579 435 3639 τοὺς
483 3575 722 3646 ἀθλητὰς
750 3576 845 3629 τοῦ
894 3574 1153 3647 Χριστοῦ,
1217 3575 1276 3628 τδ
1329 3576 1404 3646 μὴ
1452 3581 1637 3647 τυχεῖν

22 3666 469 3736 ύπομνήματος’
496 3684 572 3719 ων
597 3667 705 3736 γάρ
727 3665 793 3717 τά
819 3665 1059 3736 ὀνόματα
1096 3668 1155 3719 ἐν
1197 3668 1445 3736 οὐρανοῖς
1502 3668 1632 3732 Θεὸς

21 3759 427 3827 ἀπεγράφετο,
460 3758 687 3827 οὐδεμία
713 3775 797 3820 τις
827 3753 894 3827 ἦν
918 3758 1071 3827 χρεία
1107 3759 1217 3811 τῶν
1252 3760 1384 3828 παρ’
1424 3759 1634 3831 ἀνθρὼ-

21 3865 168 3912 ποις
224 3849 659 3917 ὑπομνημάτων.
709 3848 875 3900 Ἀλλά
922 3848 1051 3919 napi.
1114 3848 1215 3919 μὲν
1256 3849 1461 3902 τούτων
1492 3851 1630 3914 ἀλις.

101 3965 188 4027 γ’.
223 3957 369 4026 Ἐγὼ
402 3958 477 4024 δὲ,
512 3953 558 4012 ὧ
589 3959 709 4028 ίερά
729 3951 1066 4030 πανήγυρις,
1109 3961 1204 4013 καὶ¹
1239 3960 1475 4031 Χριστοῦ
1508 3962 1632 4026 λαὸς

21 4050 480 4113 Οεοσύλλεκτος,
528 4052 705 4116 ἔθνος
751 4050 925 4120 ἅγιον
968 4052 1065 4105 καὶ
1112 4053 1439 4114 ,βασίλειον
1481 4055 1624 4121 ιερὰ-

21 4157 262 4209 ι-ευμα,
282 4139 498 4202 πολλοῖς
514 4139 754 4208 ἐντυχὼν
777 4140 1197 4210 συγγράμμασι,
1243 4140 1339 4192 καὶ
1397 4139 1633 4210 μάλιστα

21 4231 149 4283 τῶν
188 4230 293 4292 τὰς
324 4229 563 4296 ἱστορίας
586 4230 680 4281 καὶ
718 4229 944 4299 πράξεις
971 4228 1080 4281 τῶν
1128 4228 1392 4298 βασιλέων
1442 4247 1634 4284 συντα-

21 4325 333 4395 ξαμένων,
370 4326 563 4377 ἔπειτα
589 4323 646 4377 δὲ
666 4324 760 4376 καὶ
788 4323 897 4377 τῶν
927 4324 1059 4393 περὶ
1092 4325 1192 4396 τὴν
1247 4324 1633 4395 ἐκκλησιαστο-

21 4418 140 4483 κὴν
198 4414 448 4485 ἱστορίαν
503 4413 944 4477 σπουδασάντων,
990 4414 1087 4467 καὶ
1139 4416 1199 4467 τὸ
1221 4414 1315 4468 τοῦ
1352 4416 1633 4488 μάρτυρος

1730 3302 1802 3357 lia
1836 3319 1931 3372 per
1990 3304 2313 3356 universum
2375 3304 2564 3358 orbem
2622 3312 2854 3359 mortem
2892 3305 3209 3368 subierunt,
3242 3318 3314 3357 ne

1733 3394 1841 3448 ulla
1867 3394 2087 3464 quidem
2122 3402 2349 3464 propter
2375 3396 2645 3465 vigentem
2680 3396 2852 3466 legem
2910 3395 3177 3449 memoria
3227 3394 3313 3450 di-

1734 3488 1907 3557 gnati.
1943 3484 2145 3541 Verum
2188 3486 2507 3557 hujusmodi
2542 3488 2823 3542 memoria}
2856 3487 3092 3557 privatio
3132 3488 3315 3542 nulla-

1716 3588 1897 3632 tenus
1929 3585 2114 3633 nocuit
2139 3578 2345 3634 Christi
2369 3579 2614 3633 athletis.
2642 3578 2888 3644 Quorum
2914 3581 3058 3633 enim
3090 3580 3313 3633 nomina

1739 3673 1792 3726 in
1831 3672 1991 3725 caelis
2028 3671 2167 3727 Deus
2198 3672 2609 3740 conscribebat,
2643 3674 2792 3727 nulla
2832 3675 3047 3729 ratione
3102 3674 3319 3744 indige-

1738 3760 1871 3815 bant
1901 3763 2274 3818 monumentis
2313 3763 2458 3833 apud
2502 3764 2775 3822 homines.
2806 3765 2912 3822 Sed
2946 3767 3015 3822 de
3080 3766 3169 3823 his
3224 3782 3318 3823 sa-

1741 3851 1832 3907 tis.

1812 3961 1864 4014 3.
1900 3960 2189 4032 Equidem,
2221 3981 2254 4018 ο
2283 3979 2442 4036 sacra
2479 3968 2836 4037 congregatio
2870 3967 3188 4039 Christique
3220 3984 3320 4040 po-

1740 4053 1868 4122 pule
1901 4069 2063 4123 quem
2101 4053 2244 4109 Deus
2290 4056 2539 4125 collegit,
2576 4074 2700 4128 gens
2732 4070 2917 4112 sancta
2945 4071 2996 4114 et
3026 4061 3197 4130 regale
3228 4078 3320 4116 sa-

1740 4144 2034 4198 cerdotium
2071 4147 2112 4209 ί,
2169 4146 2340 4201 multa
2400 4160 2600 4205 nactus
2654 4151 3025 4217 documenta,
3081 4156 3320 4208 maxime

1738 4248 1928 4287 eorum
1949 4235 2039 4304 qui
2068 4244 2184 4289 tum
2211 4236 2474 4293 historias
2497 4246 2551 4292 et
2582 4246 2737 4306 gesta
2760 4240 3151 4306 imperatorum
3176 4256 3320 4296 com-

1741 4335 2086 4395 posuerunt,
2151 4336 2267 4381 tum
2330 4328 2731 4387 ecclesiasticae
2789 4333 3038 4388 historiae
3091 4348 3316 4403 operam

1741 4416 2031 4481 dederunt,
2053 4427 2108 4474 et
2136 4434 2338 4475 nomen
2370 4421 2633 4491 martyris
2668 4422 2954 4478 inveniens
2983 4424 3070 4478 hic
3103 4433 3158 4480 et
3185 4423 3314 4478 alibi

21 4507 233 4577 εὑρὼν
264 4506 436 4577 δνομα
464 4500 567 4560 ὧδε
596 4507 815 4560 κάκεῖσε
875 4504 1365 4577 διαθρυλλούμενόν
1422 4525 1483 4561 τε
1539 4510 1630 4562 καὶ

1740 4509 2077 4565 celebratum
2114 4509 2371 4581 idemque
2426 4511 2665 4579 illustre,
2697 4529 2913 4589 necnon
2967 4516 3143 4571 virum
3180 4529 3318 4585 prte-

1575 4687 1807 4750 NOTIE.

98 4817 692 4897 (3)_'_l‘extus‘G_r.ccu_s
730 4821 812 4897 sic
841 4822 1051 4897 habet:
1092 4826 1248 4879 Κατὰ
1294 4827 1351 4880 δὲ
1389 4826 1452 4881 τὸ
1494 4844 1631 4897 κρα-

21 4891 192 4969 τοῦν.
208 4887 358 4969 ἔθος,
383 4890 558 4969 αὔξεις
605 4891 713 4944 τῶν
741 4894 805 4945 ἐκ
849 4892 943 4969 τοῦ
976 4894 1150 4964 δήμου
1177 4887 1630 4969 κομενταρισίων,

21 4962 48 5032 ἦ
90 4958 245 5038 593v
287 4956 1343 5038 λεγομένωνλταχυγριξέρωνξπρόνοιαν
1395 4956 1634 5021 ἐποιεῖτο

21 5028 209 5085 τοῦδε
245 5028 341 5099 τοῦ
368 5028 845 5099 παραγγέλματος.
874 5028 1032 5097 Quae,
1061 5034 1107 5087 si
1128 5028 1210 5088 'ad
1244 5038 1476 5089 litteram
1511 5053 1635 5091 ver-

21 5108 275 5156 .anttlr.
311 5097 760 5173 lioc‘_signillcaiit
790 5120 801 5155 :
830 5102 926 5157 sed
945 5103 1103 5173 juxta
1138 5106 1411 5173 vigentem
1433 5105 1632 5173 legem,

22 5184 206 5223 remo
243 5182 271 5218 ι
295 5165 519 5231 publicis
540 5165 1099 5244 corii_inentarien'sibus
1119 5165 1222 5227 αιιῖ
1239 5175 1305 5227 iis
1336 5176 1427 5244 qui
1451 5165 1640 5229 dicit";

22 5256 122 5293 ’ω’
170 5249 583 5311 'racnvo‘urnt,
641 5239 798 5308 hujus
823 5241 1193 5311 prohibitionis
1227 5239 1488 5298 rationem
1535 5250 1638 5298 du-

21 5315 233 5365 :ebal.
270 5335 341 5347 —
373 5307 478 5361 Sed
514 5324 673 5364 nemo
703 5307 987 5366 non'videt
1012 5328 1239 5367 sensum
1274 5314 1424 5369 hunc
1456 5316 1637 5369 nulla-

22 5392 222 5437 .enus
249 5373 339 5429 hic
375 5375 591 5448 admitti
627 5394 809 5448 posse.
843 5380 977 5435 Nam
1010 5382 1065 5433 l°
1093 5382 1468 5438 Contradictio
1491 5395 1639 5441 esset

28 5469 73 5525 μ
112 5461 208 5525 eo
242 5446 388 5514 quod
418 5446 945 5525 comme'ntarienses
976 5450 1133 5518 juxta
1162 5456 1431 5523 vigentem
1464 5456 1634 5525 legem

21 5522 93 5577 le
121 5519 275 5583 lege
311 5530 415 5594 non
438 5520 776 5594 curaverint.
797 5521 856 5575 2°
887 5522 1054 5580 Docet
1082 5519 1278 5577 auctor
1304 5526 1356 5578 in
1383 5519 1632 5594 praeacuti

21 5585 410 5667 κιι-αεξξιριιο
455 5590 776 5667 meritoriam
828 5598 1233 5667 martyrunlex
1288 5585 1395 5649 hac
1430 5594 1633 5667 Juliani

22 5655 438 5735 )rolribitione
466 5658 840 5735 oblitteratam
878 5655 1070 5735 fuisse.
1106 5660 1222 5735 Hoc
1274 5676 1452 5719 autem
1504 5665 1633 5723 inde

22 5726 327 5787 Jrovenit
370 5726 517 5794 quod
563 5728 762 5804 publici
810 5731 1027 5804 notarii,
1053 5731 1128 5804 ad
1162 5732 1305 5804 hanc
1355 5734 1629 5804 vigentem

22 5810 241 5874 egon)
269 5807 391 5851 sese
414 5797 912 5867 accommodantes,
949 5802 1087 5858 nihil
1124 5803 1272 5860 circa
1324 5797 1627 5876 ma'rtyrum

1742 4830 2043 4885 certamina
2076 4830 2491 4885 commentariis
2519 4828 2991 4899 consignaverint.
3027 4828 3133 4884 Sed
3160 4830 3203 4885 si
3230 4849 3318 4889 ve-

1743 4916 1863 4953 rum
1887 4899 2027 4955 foret
2048 4915 2145 4956 eos
2174 4901 2563 4970 prohibitionis
2594 4901 2966 4970 imperatoriae
2991 4915 3097 4953 non
3121 4901 3315 4958 duxis-

1742 4984 1803 5042 se
1836 4970 2124 5042 rationem,
2178 4986 2280 5042 nec
2321 4971 2549 5039 proinde
2589 4970 3007 5042 conscribendis
3038 4973 3315 5042 Inartyriis

1741 5039 2055 5109 destitisse,
2110 5040 2262 5094 nullo
2296 5042 2457 5095 modo
2478 5048 2665 5109 posset
2706 5040 2929 5108 intelligi
2963 5054 3065 5109 cur
3093 5039 3316 5096 oblitte-

1741 5120 1858 5162 rata
1885 5108 2047 5164 fuerit
2068 5109 2275 5165 Christi
2301 5108 2682 5165 confessorum
2707 5112 2994 5164 memoria.
3023 5108 3314 5168 Maluimus

1742 5179 1908 5245 igitur
1940 5180 2101 5232 aliam
2160 5180 2449 5249 admittere
2510 5181 2844 5249 versionem,
2880 5195 3001 5248 qua:
3032 5182 3310 5236 contextui

1741 5249 2009 5319 orationis
2029 5251 2177 5304 omni
2201 5247 2268 5304 ex
2298 5260 2453 5319 parte
2475 5249 2800 5306 concordat.
2830 5247 2942 5303 lino
2977 5261 3158 5318 posset
3183 5266 3309 5305 cum

1742 5327 1891 5373 textu
1927 5318 2117 5375 Graeco
2170 5318 2479 5382 conciliari,
2526 5321 2572 5374 si
2607 5320 2733 5387 quis
2764 5319 2850 5374 his
2879 5320 3061 5374 verbis
3090 5335 3104 5371 :
3136 5320 3312 5383 οὐδεὶς

1743 5426 1756 5460 τ
1782 5428 1795 5442 .
1818 5426 1831 5441 .
1859 5428 1872 5442 .
1903 5428 1916 5441 .
1947 5392 2204 5460 πρόνοιαν
2249 5392 2483 5460 ἐποιεῖτο
2509 5389 2661 5442 τοῦδε
2710 5388 2803 5443 τοῦ
2852 5389 3311 5460 παραγγέλματος

1744 5458 1888 5512 hunc
1915 5458 2138 5515 sensum
2170 5460 2324 5515 daret
2361 5479 2374 5514 :
2417 5458 2586 5515 Nemo
2618 5460 2744 5513 huic
2780 5458 3313 5530 prohibitioni‘invi-

1744 5530 1973 5595 gilabat,
2004 5530 2133 5584 ideo
2158 5531 2373 5585 scilicet
2396 5539 2457 5584 ut
2483 5545 2603 5583 eam
2635 5530 2903 5589 eluderet,
2938 5540 2997 5583 ut
3028 5530 3310 5584 nihilomi—

1742 5613 1850 5671 nus
1878 5607 1999 5653 acta
2028 5608 2324 5671 martyrum
2356 5600 2861 5655 conscriberentur.
2888 5598 3042 5665 Quod
3070 5601 3115 5654 si
3149 5615 3309 5656 nemo

1739 5667 1793 5740 id
1830 5668 2082 5737 faciebat,
2126 5667 2258 5739 ergo
2317 5686 2527 5740 omnes
2565 5671 2665 5739 legi
2720 5673 3002 5740 parebant,
3043 5679 3209 5737 atque
3233 5672 3306 5723 ita

1737 5736 1941 5794 factum
1969 5736 2140 5797 estut
2166 5736 2483 5797 oblitterata
2512 5736 2677 5797 fuerit
2702 5736 3002 5864 inartyigtm
3023 5736 3307 5796 memoria.

2722 5825 2859 5864 ιιιιτ.
2937 5824 3062 5864 an.

2722 5825 2859 5865 ιυιτ.
2894 5824 3062 5864 ΡΑΤΙ.
