4112 6448
169 413 284 478 1257

161 619 316 687 αὐτην
344 613 652 686 μεταΰολὴν
679 616 707 666 ὁ
740 616 854 676 τοῖς
889 614 1079 676 καλοῖς
1113 613 1423 682 βασκαίνων
1452 616 1718 683 διάϐολος,

161 709 264 761 ἀλλ’
299 709 490 777 ῆγειρε
528 705 701 771 ζάλην
745 705 842 757 καὶ
895 705 1134 774 τάραχον
1170 706 1259 759 διὰ
1299 708 1411 758 τῶν
1441 708 1508 760 αὐ
1524 708 1608 761 τοῦ
1638 711 1720 761 oi-

160 800 306 852 κείων
338 797 725 851 ὑπασπιστῶν.
774 795 996 865 ’Λρειος
1033 796 1141 864 γὰρ
1184 799 1211 849 ὀ
1247 799 1346 866 τῆς
1385 801 1582 866 μανίας
1623 803 1722 853 ἐπ-

157 888 378 957 ώνυμος,
410 888 510 951 τῆς
559 887 617 938 ἐν
663 885 1044 954 Ἀλεξανδρείᾳ
1087 885 1415 954 Ἐκκλησίας
1460 889 1722 960 ὑπάρχων

161 985 546 1055 πρεσϐύτερος,
581 981 773 1044 δεινῶς
806 1000 865 1034 τε
895 981 1100 1049 ταύτην
1138 983 1393 1053 ἐτάραξε,
1424 984 1600 1055 δόγμα
1635 1002 1720 1038 κι-

153 1077 314 1146 νήσας
341 1074 659 1142 παράνομον
682 1074 774 1125 καὶ
804 1074 985 1140 πάσης
1014 1073 1366 1143 βλασφημίας
1391 1076 1717 1144 ἀνάμεστον.

159 1168 393 1236 Ἔφασκε
416 1167 526 1237 γὰρ
563 1167 656 1218 τὸν
691 1164 822 1216 Υἱὸν
865 1163 957 1216 τοῦ
993 1165 1130 1216 Θεοῦ
1178 1164 1269 1217 τὸν
1315 1168 1600 1236 μονογενῆ,
1628 1167 1716 1218 τὸν

160 1257 504 1326 προαιώνιον.
528 1255 734 1324 κτίσμα
762 1247 923 1316 εἶναι,
949 1256 1040 1306 καὶ
1062 1254 1164 1322 τῆς
1201 1253 1293 1306 τοῦ
1316 1255 1452 1308 Θεοῦ
1485 1257 1579 1308 καὶ
1607 1257 1720 1308 Πα-

154 1350 276 1417 aps;
327 1349 517 1408 οὐσίας
553 1346 855 1414 ἀλλότριον.
892 1347 989 1397 Δια
1022 1361 1102 1397 τοι
1142 1346 1313 1399 ταῦτα
1353 1351 1385 1416 ἡ
1418 1349 1474 1400 ἐν
1518 1347 1722 1417 Νικαία

154 1437 258 1487 τῶν
295 1436 464 1501 ἁγίων
496 1435 824 1503 τριακοσίων
860 1432 1141 1484 δεκαοκτὼ
1177 1436 1437 1504 Πατέριυν
1470 1435 1719 1505 ἀθροίζε-

152 1545 240 1578 ται
268 1525 502 1586 σύνοδος,
530 1524 621 1576 καὶ
652 1525 742 1575 τὸν
770 1517 986 1592 Ἀρειον
1013 1524 1336 1586 καθελοῦσα,
1360 1525 1452 1576 τὸν
1478 1525 1604 1579 Υῐὺν
1626 1525 1720 1578 τοῦ

152 1617 283 1668 Θεοῦ
309 1617 400 1669 καὶ
429 1615 633 1685 Κύριον
655 1615 813 1684 ἡμῶν
843 1615 1052 1680 Ἰησοῦν
1082 1616 1314 1684 Χριστὸν
1341 1617 1601 1686 κηρύττει
1626 1617 1720 1670 τοῦ

153 1705 358 1774 Πατρος
386 1705 693 1774 ὁμοούσιον.
730 1703 890 1754 Ἀλλὰ
941 1705 1112 1756 ταῦτα
1147 1706 1244 1774 μὲν
1303 1707 1363 1757 αἴ
1408 1723 1464 1758 τε
1494 1708 1602 1760 τῶν
1637 1708 1723 1774 ἔξ-

149 1797 288 1848 ωθεν
343 1797 573 1865 ἱστορίαι
627 1797 1077 1866 διαγορεύουσιν,
1132 1798 1232 1849 οὐκ
1282 1798 1451 1867 ὀλίγοι
1510 1800 1566 1853 δὲ
1612 1800 1722 1852 τῶν

1383 415 1443 472 S.
1489 415 1746 474 ARTEM
1768 415 1816 472 ll
1866 415 2145 475 PASSIO.

223 522 289 588 ς’.
315 521 536 576 Τούτων
585 515 678 574 οὖν
707 519 1035 590 γινομένων,
1067 520 1167 573 οὐκ
1199 522 1432 590 ἤνεγκεν
1477 525 1576 592 τὴν
1602 542 1724 578 τοσ-
1755 533 1797 586 Λ

3264 421 3398 487 ΙΕὕῆ

1902 528 1956 583 6.
1991 527 2129 582 Dum
2176 527 2289 582 lucc
2313 528 2524 594 fierent,
2557 543 2663 584 non
2694 531 2818 588 tulit
2848 539 3058 588 tantam
3101 547 3284 588 rerum
3317 553 3342 588 ς
3370 564 3394 574 ο

1829 619 2208 674 cissitudincm
2242 621 2334 690 qui
2369 620 2528 676 bonis
2578 621 2785 677 invidet
2827 624 3081 680 diabolus
3107 667 3122 691 ,
3157 625 3255 680 sed
3285 627 3400 680 suis

1830 713 2136 767 fautoribus
2187 727 2320 767 usus
2371 712 2630 767 excitavit
2669 715 2964 782 procellam
3011 725 3064 772 et
3101 717 3397 772 turbinem.

1830 803 1994 857 Arius
2044 805 2228 868 enim,
2289 805 2381 872 qui
2444 805 2650 858 insame
2711 807 2905 861 haeresi
2967 824 3165 862 nomen
3233 825 3392 863 suum

1831 896 2086 966 ascripsit
2118 938 2129 958 ,
2165 898 2547 951 Alexandrinae
2612 898 2868 954 Ecclesia!
2903 901 3208 971 presbyter,
3255 903 3399 956 hanc

1833 987 2106 1041 horrendo
2145 987 2307 1042 modo
2348 989 2736 1055 conturbavit,
2780 991 3090 1045 doctrinam
3145 993 3400 1048 emittens

1832 1078 2050 1146 impiam
2077 1087 2126 1131 ct
2164 1077 2463 1132 teterritnis
2488 1077 2842 1148 hlasphemiis
2880 1079 3274 1136 abundantem.
3313 1082 3403 1134 Di-

1829 1169 2153 1223 cebatcnim
2190 1166 2390 1220 Filium
2445 1166 2538 1222 Dei
2594 1170 2932 1240 unigenitum
2959 1213 2974 1238 ,
3015 1173 3108 1242 qui
3143 1180 3270 1227 ante
3301 1188 3402 1227 sre-

1828 1260 1949 1313 cula
1985 1269 2149 1314 natus
2188 1265 2313 1323 est,
2363 1269 2673 1313 creaturam
2719 1276 2841 1315 esse
2895 1269 3061 1332 atque
3100 1263 3336 1316 alienum
3369 1280 3398 1315 a

1829 1351 2141 1406 substantia
2184 1348 2279 1403 Dei
2309 1358 2364 1404 et
2397 1349 2596 1406 Patris.
2636 1350 2980 1420 QuaprOpter
3006 1350 3239 1406 Niemam
3267 1367 3399 1407 san-

1829 1450 2046 1496 ctorum
2069 1447 2442 1495 trecentorum
2470 1450 2522 1496 et
2551 1441 2855 1495 octodecim
2883 1440 3107 1495 Patrum
3141 1443 3400 1496 COllVCllil

1829 1531 2094 1603 synodus,
2121 1531 2489 1602 damnatoque
2509 1533 2663 1596 Ario,
2715 1533 2961 1586 declarat
2993 1531 3188 1586 Filium
3217 1530 3311 1586 Dei
3345 1539 3401 1588 et

1827 1623 2118 1677 Domimun
2147 1631 2394 1678 nostrum
2420 1621 2601 1677 Jesum
2635 1625 2913 1678 Christum
2939 1621 3082 1676 Patri
3115 1638 3239 1677 esse
3267 1638 3400 1677 con-

1829 1712 2266 1766 substantialem.
2320 1710 2427 1764 Sed
2465 1711 2576 1764 haec
2608 1712 2830 1781 quidem
2876 1719 2930 1764 ct
2985 1711 3282 1765 infidelium
3316 1709 3399 1762 hic

1831 1801 2016 1855 storia:
2071 1800 2318 1864 tradunt,
2377 1809 2431 1854 et
2475 1815 2582 1853 non
2635 1801 2792 1869 pauci
2835 1815 2865 1853 e
2898 1799 3109 1853 nostris
3140 1808 3399 1852 accurate

152 1891 438 1957 ἡμετέρων
473 1889 846 1957 διηκρίϐωσάν
873 1906 931 1940 τε
965 1889 1060 1940 καὶ
1100 1891 1525 1960 κατετράνωσαν
1599 1892 1723 1960 ἐμοὶ

1827 1900 2124 1945 narrarunt
2181 1899 2235 1943 et
2290 1892 2342 1944 in
2403 1891 2578 1944 lucem
2620 1892 2984 1960 protulerunt.
3042 1889 3171 1944 Mihi
3215 1896 3396 1943 autem

147 1981 206 2032 δὲ
242 1982 369 2051 περὶ
403 1981 577 2034 ταῦτα
601 1980 901 2050 διατρίϐειν
926 1984 952 2032 ὁ
985 1979 1078 2032 νῦν
1104 1981 1201 2050 οὐχ
1235 1981 1470 2051 ἁρμόσει
1505 1985 1718 2053 καιρὸς,

148 2073 314 2141 ἄλλης
355 2074 482 2141 περὶ
520 2071 721 2123 τούτων
751 2071 1017 2139 δεομένης
1064 2072 1464 2142 ἀκριϐεστέρας
1522 2075 1722 2145 σχολῆς

145 2178 209 2212 τε
238 2162 329 2214 καὶ
352 2161 710 2228 διασκέψεως.
740 2160 818 2211 Τά
848 2160 902 2211 δὲ
937 2159 1027 2211 νῦν
1062 2161 1123 2212 τὸ
1158 2160 1372 2228 φθάσαν
1406 2163 1569 2216 αὐτὸν
1623 2164 1718 2216 τοῦ

149 2251 274 2320 βίου
307 2253 462 2315 τέλος
491 2253 848 2320 διηγήσομαι.

223 2360 277 2430 [3
293 2361 374 2430 i5]
407 2362 471 2424 ζ’.
514 2361 572 2413 Ὁ
597 2359 724 2428 γοῦν
756 2360 1109 2430 φιλόχριστος
1143 2359 1398 2427 βασιλεὺς
1429 2359 1723 2412 Κωνσταν-

144 2454 296 2511 τίνος
329 2452 408 2514 εἰς
440 2451 500 2503 τὸ
535 2451 752 2519 πρῶτον
785 2453 879 2503 καὶ
924 2451 1252 2518 τριακοστὸν
1289 2450 1406 2512 ἔτος
1445 2447 1724 2518 προελθὼν

142 2539 254 2609 τῆς
298 2541 463 2594 αὑτοῦ
515 2541 816 2610 βασιλείας,
873 2541 968 2591 καὶ
1029 2541 1123 2593 τοῦ
1187 2541 1445 2610 δευτέρου
1504 2539 1723 2604 ἐπιϐὰς,

145 2633 340 2702 ἐπειδὴ
375 2633 611 2685 ἐπύθετο
647 2634 773 2696 τοὺς
802 2633 1018 2703 Πέρσας
1047 2635 1126 2694 εἰς
1157 2634 1394 2702 πόλεμον
1445 2631 1534 2683 ἐπ’
1563 2631 1726 2685 αὐτὸν

143 2724 767 2794 παρασκευαζομένους,
819 2725 961 2792 ἄρας
1007 2726 1073 2776 ἐκ
1105 2727 1203 2791 τῆς
1256 2722 1449 2775 ἑαυτοῦ
1496 2723 1722 2784 πόλεως,

143 2816 279 2884 ἄχρι
311 2816 408 2882 τῆς
440 2816 808 2884 Νικομηδείας
837 2815 993 2883 ὤφθη
1027 2815 1135 2866 τῶν
1167 2815 1437 2868 Βιθυνῶν·
1475 2814 1604 2866 ἔνθα
1631 2813 1726 2866 καὶ

139 2905 379 2973 τελευτᾷ
405 2904 497 2956 τὸν
531 2904 645 2972 βίον
673 2904 734 2966 ἐξ
761 2903 1056 2971 ἐπιϐουλῆς
1079 2902 1186 2954 τῶν
1227 2903 1419 2955 ἑαυτοῦ
1453 2902 1722 2970 ἀδελφῶν,

139 2996 446 3064 φάρμακον
480 2995 629 3063 αὐτῷ
694 2994 1026 3064 δηλητήριον
1067 2995 1444 3063 ἐκχεαμένων,
1474 2994 1723 3063 ἀστέρος,

136 3088 223 3150 ὦς
254 3104 409 3156 φασι,
442 3086 692 3154 κομήτου
725 3085 816 3136 τὸν
851 3085 1082 3139 θάνατον
1113 3086 1282 3139 αὐτοῦ
1331 3084 1726 3154 προμηνύσαν-

129 3195 258 3239 τος.
293 3174 474 3229 Ἶίσαν
495 3177 553 3228 δὲ
574 3175 652 3246 τῷ
675 3178 1074 3245 Κωνσταντίνῳ
1107 3175 1327 3244 ἀδελφοὶ
1351 3176 1490 3245 πρὸς
1520 3177 1724 3244 πατρὸς
1751 3200 1792 3258 C

132 3265 279 3326 οἵδε,
313 3263 638 3333 Δαλμάτιος,
685 3264 1124 3328 Ἀναΰαλλιανδς,
1174 3265 1267 3316 καὶ
1301 3265 1685 3328 Κωνστάντιος
1706 3282 1718 3296 ·

130 3357 208 3407 αὑ
223 3354 314 3416 τὸς
344 3355 452 3423 γὰρ
479 3353 538 3417 ἐξ
573 3352 794 3422 Ἑλένης
829 3354 988 3422 μόνος
1019 3350 1086 3424 ἦν
1109 3354 1185 3423 τῷ
1208 3357 1378 3424 πατρὶ
1404 3355 1723 3408 Κώνσταντι

131 3447 224 3497 ἔτι
265 3445 687 3496 εδιοτεύοντιοέκ
720 3444 774 3495 δὲ
808 3446 905 3510 τῆς
935 3444 1204 3512 θυγατρὸς
1240 3443 1722 3515 Μαξιμιανοῦ,τοῦ

140 3534 510 3604 Ἐρκουλλίου
545 3532 1048 3601 ὲπονομαζομένου,
1072 3535 1376 3601 θεοδώρας,
1426 3533 1601 3604 ἕτεροι
1638 3552 1726 3600 γε·

125 3627 371 3692 γόνασιν
397 3622 546 3690 αὐτῷ
569 3623 777 3683 παῖδες
801 3624 828 3674 ὅ
844 3640 898 3672 τε
928 3623 1264 3692 προρῥηθεὶς
1291 3623 1615 3692 Δαλμάτιος,
1635 3625 1726 3676 καὶ

138 3712 604 3774 Ἀναόαλλιανὸς,
637 3712 734 3764 καὶ
757 3713 1159 3772 Κωνστάντιος·
1191 3711 1282 3773 οὒς
1315 3713 1409 3764 καί
1434 3714 1719 3782 Καίσαρας

116 3805 153 3857 ὁ
176 3805 602 3864 Κωνσταντίνος
632 3803 725 3856 καὶ
753 3803 1178 3869 νοϐελλησίμους
1216 3803 1464 3871 ἐτίμησε.
1491 3804 1719 3855 Τούτων

113 3897 150 3948 ὀ
191 3893 590 3956 Κωνστάντιος
626 3895 690 3945 ὲκ
718 3892 814 3961 τῆς
878 3891 1243 3961 συναφθείσης
1283 3893 1432 3961 αὑτῴ
1471 3895 1722 3963 γαμετῆς

114 3986 313 4054 γεννᾷ
348 3983 548 4036 Γάλλον
571 4000 628 4035 τε
660 3985 757 4036 καὶ
796 3983 1084 4035 Ἰουλιανὸν
1109 3984 1199 4035 τὸν
1239 3984 1569 4055 παραϐάτην
1605 3987 1723 4037 ἐπι-

113 4079 437 4148 κληθέντα,
470 4077 558 4130 διὰ
584 4078 644 4131 τὸ
668 4079 756 4131 τὸν
783 4079 1019 4148 Χριστὸν
1047 4079 1430 4148 ἐξομόσασθαι,
1464 4079 1559 4131 καὶ
1588 4080 1722 4149 πρὸς

109 4173 241 4239 τὴν
288 4169 611 4235 Ἑλληνικὴν
658 4168 952 4220 ἀποκλῖναι
1012 4169 1342 4238 θρησκείαν·
1379 4170 1438 4231 ὃς
1485 4171 1581 4221 καὶ
1627 4169 1718 4220 τὸν

109 4263 327 4333 μέγαν
356 4259 450 4312 τοῦ
493 4258 726 4327 Χριστοῦ
763 4261 1017 4329 μάρτυρα
1057 4261 1151 4311 καὶ
1185 4259 1487 4313 πολύαθλον
1529 4261 1717 4328 Ἀρτέ-

109 4369 272 4422 μιον
312 4351 369 4401 ἐν
403 4349 478 4419 τῷ
525 4348 831 4420 βασιλεύειν
884 4349 1044 4402 αὑτὸν
1079 4350 1329 4416 ἐκόλασε,
1370 4349 1458 4402 διὰ
1488 4351 1588 4419 τὴν
1641 4351 1722 4412 εἰς

101 4446 161 4497 Χ
175 4441 384 4511 ριστὸν
407 4441 588 4493 πίστιν
616 4442 709 4493 καὶ
728 4441 824 4498 τὸν
847 4441 1009 4510 ζῆλον
1027 4441 1119 4493 τὸν
1139 4440 1339 4495 ἔνθεον.
1368 4441 1529 4494 ’Λλλά
1549 4441 1722 4494 ταῦτα

120 4537 242 4596 μὲν
280 4531 509 4601 ὕστερον
538 4530 631 4583 καὶ
666 4533 804 4601 μετὰ
835 4531 1031 4599 χρόνου
1060 4532 1363 4599 γεγόνασιν.

194 4649 292 4712 η’.
338 4641 480 4708 Ἐγὼ
511 4641 568 4693 δὲ
593 4641 661 4694 τά
698 4640 1065 4709 πεπραγμένα
1105 4642 1219 4702 τοῖς
1247 4641 1358 4694 ἄνω
1388 4640 1606 4711 χρόνοις
1639 4641 1724 4693 δι-

93 4731 527 4804 ηγησάμενος,
562 4733 654 4784 ἐπὶ
686 4733 756 4783 τὰ
803 4732 1088 4800 συμδάντα
1135 4731 1214 4800 τῷ
1264 4731 1504 4801 μάρτυρι
1560 4732 1725 4784 πάλιν

92 4821 338 4893 τρέψω
367 4820 458 4872 τδι
491 4820 652 4886 λόγον
675 4835 688 4849 ·
743 4820 862 4882 πῶς
895 4838 953 4873 τε
987 4823 1015 4873 ὁ
1061 4822 1384 4891 παράνομος
1419 4821 1512 4876 καὶ
1540 4837 1722 4893 παρα-

89 4911 324 4975 ϐάτης
369 4908 656 4970 Ἰουλιανὸς
705 4907 800 4959 καὶ
847 4907 952 4960 τίνι
986 4907 1173 4978 τροπῳ
1209 4909 1302 4960 ἐπὶ
1339 4908 1400 4960 τὺ
1431 4908 1532 4978 τῆς
1567 4909 1722 4980 βασι-

89 5003 114 5053 )
136 5001 298 5058 είαῖ
330 4991 492 5065 ἦλθεν
516 4997 761 5067 ἀξίωμα’
799 4996 894 5049 καὶ
921 4997 1037 5060 πῶς
1065 4999 1093 5051 ὁ
1122 4996 1216 5050 τοῦ
1245 4998 1484 5069 Χριστοῦ
1511 5000 1725 5071 μάρτυς

102 5086 450 5158 ’Λρτέμιος
496 5089 572 5150 εἰς
608 5087 668 5139 τὸ
699 5088 798 5156 τῆς
838 5087 1076 5157 Χριστοῦ
1133 5087 1427 5157 ὁμολογίας
1463 5093 1723 5162 πανῐερον

85 5184 356 5250 ἔδραμε
411 5178 648 5232 στάδιον.
703 5182 864 5250 ’Ἄρτι
906 5178 999 5232 τοῦ
1037 5179 1272 5249 μεγάλου
1304 5181 1720 5235 Κωνσταντίνου

78 5268 296 5345 [⁵4δῖ
330 5268 771 5338 τελευτήσαντος,
800 5273 832 5340 ἡ
858 5270 968 5322 τῶν
1000 5270 1286 5339 Ῥωμαίων
1307 5269 1448 5340 ἁρχὴ
1474 5273 1552 5334 εἰς
1574 5276 1721 5343 τρεῖς

72 5359 371 5435 διῃρέθη
413 5360 607 5430 ἀρχᾶς,
647 5359 755 5413 τῶν
802 5361 935 5413 υἱῶν
985 5361 1149 5415 αὐτοῦ
1175 5403 1190 5426 ,
1251 5361 1673 5414 Κωνσταντίνου
1703 5403 1717 5429 ,

1824 1997 1972 2037 nunc
2009 1983 2062 2035 in
2117 1982 2204 2035 his
2237 1982 2436 2036 morari
2495 1999 2600 2035 non
2639 1991 2817 2044 vacat,
2847 1981 3121 2051 siquidem
3170 1995 3398 2036 accura-

1825 2075 1984 2129 tioris
2011 2083 2066 2126 et
2104 2073 2198 2126 otii
2235 2085 2283 2124 et
2311 2073 2472 2125 studii
2509 2075 2808 2143 indigeant.

1898 2357 1951 2411 7.
1986 2355 2164 2427 Igitur
2197 2354 2708 2410 Christianissimus
2756 2354 3052 2422 imperator
3087 2352 3390 2409 Constanti-

1827 2463 1952 2514 nus,
1985 2461 2190 2501 annum
2222 2446 2374 2515 regni
2406 2446 2491 2499 sui
2519 2445 2862 2499 tricesimum
2906 2446 3140 2514 primum
3176 2454 3395 2512 printer—

1825 2552 2069 2607 gressus,
2103 2544 2158 2590 et
2184 2535 2487 2604 incipiente
2510 2533 2774 2598 secundo,
2816 2548 2944 2588 cum
3001 2534 3204 2587 certior
3221 2536 3395 2588 factus

1825 2637 1971 2683 esset
1994 2628 2191 2681 Persas
2216 2629 2481 2681 adversus
2511 2641 2637 2681 cum
2661 2625 2864 2679 bellum
2893 2625 3098 2688 moliri,
3118 2624 3395 2695 profectus

1824 2737 1890 2775 ex
1945 2722 2080 2775 urbe
2127 2734 2248 2780 sua,
2303 2717 2680 2772 Nicomediam
2715 2716 2979 2786 Bithynia:
3035 2719 3204 2770 venit.
3251 2716 3392 2772 Obiit

1826 2812 2029 2866 ibidem
2062 2826 2124 2864 ex
2163 2808 2545 2877 eonjuratione
2579 2808 2808 2862 fratrum
2841 2822 3090 2872 suorum,
3140 2806 3394 2876 poculum

1829 2911 2154 2957 venenatum
2195 2903 2244 2954 ei
2285 2899 2691 2968 prepinantium
2721 2937 2734 2960 ,
2770 2905 2984 2953 cometa
3038 2913 3279 2966 quoque,
3316 2897 3396 2951 uti

1826 2994 2034 3056 dicunt,
2091 2992 2263 3060 ipsius
2300 2998 2531 3044 mortem
2581 2990 2966 3060 prazsagiente.
3009 2989 3178 3043 Erant
3216 2997 3398 3044 autent

1825 3084 2185 3139 Constantino
2212 3098 2276 3137 ex
2310 3091 2463 3150 patre
2492 3079 2690 3135 fratres
2725 3079 3048 3145 Dalmatius,
3079 3080 3401 3134 Anaballia-

1827 3191 1932 3229 nus
1961 3183 2014 3229 et
2045 3173 2444 3237 Constantius;
2486 3173 2603 3241 ipse
2651 3171 2799 3225 enim
2840 3186 2904 3224 ex
2942 3169 3145 3225 llelena
3201 3171 3397 3224 unicus

1828 3274 1947 3320 erat
1977 3265 2119 3320 filius
2150 3264 2468 3318 Constantis
2503 3263 2681 3317 adhuc
2720 3262 2942 3330 privati,
2989 3262 3077 3315 cui
3108 3276 3174 3316 ex
3219 3259 3394 3315 Theo-

1830 3358 1987 3420 dora,
2025 3355 2340 3408 Maximiani
2409 3356 2742 3423 cognomine
2793 3353 3034 3407 Herculii
3091 3353 3222 3418 filia,
3271 3352 3400 3408 reli-

1829 3449 1919 3518 qui
1956 3446 2276 3514 piodierunt
2310 3443 2490 3507 liberi,
2526 3459 2724 3512 nempe
2749 3445 3050 3511 supradicti
3078 3443 3399 3508 Dalmatius,

1829 3537 2219 3592 Anahallianus
2267 3542 2322 3586 ct
2363 3534 2742 3586 Constantius.
2779 3532 2889 3587 llos
2926 3549 3054 3586 vero
3079 3533 3401 3588 Constanti—

1830 3646 1931 3682 nus
1963 3629 2207 3680 Caesares
2232 3635 2284 3679 et
2309 3625 2668 3678 nobilissimos
2696 3625 2771 3693 (li)
2794 3627 3103 3683 constituit.
3129 3626 3169 3677 Ε
3197 3627 3399 3695 quibus

1829 3720 2180 3773 Constantius
2205 3735 2267 3768 ex
2303 3718 2546 3783 legitima
2576 3719 2810 3786 conjuge
2845 3718 3154 3786 procreavit
3183 3718 3396 3771 Gallum

1828 3820 1882 3864 et
1923 3809 2224 3868 .lulianum,
2265 3807 2587 3875 Apostatam
2622 3809 3093 3874 cognominatum,
3134 3822 3198 3860 eo
3230 3806 3395 3875 quod,

1829 3899 2050 3952 Christo
2081 3897 2353 3962 abjurato,
2397 3895 2462 3946 ad
2495 3895 2781 3964 gentilium
2837 3896 3282 3964 superstitionem
3314 3896 3403 3948 de-

1829 3989 2138 4040 clinaverit.
2167 3984 2268 4048 Qui
2311 3993 2574 4053 praeterea
2634 3986 2866 4052 imperio
2902 3986 3108 4053 potitus
3141 3999 3398 4052 magnum

1827 4078 2030 4133 Christi
2066 4084 2360 4145 martyrem
2384 4082 2439 4130 et
2475 4075 2665 4129 multis
2696 4075 3094 4128 certaminibus
3137 4075 3397 4127 victorem

1827 4169 2132 4223 Artemium
2165 4167 2436 4235 supplicio
2469 4166 2674 4229 aﬂ‘ecit,
2710 4175 2933 4235 propter
2958 4163 3116 4218 fidem
3153 4165 3207 4218 in
3240 4164 3398 4216 Chri-

1828 4270 1970 4314 stum
2003 4271 2056 4314 et
2085 4259 2330 4312 divinum
2383 4259 2505 4327 ejus
2560 4257 2834 4310 ardorem.
2888 4257 2993 4312 Sed
3028 4257 3141 4309 haec
3176 4255 3395 4324 quidem

1829 4350 1972 4404 infra
2003 4359 2056 4406 et
2087 4349 2391 4405 secundum
2423 4348 2685 4418 temporis
2716 4347 2985 4401 ordinem.

1894 4639 1947 4692 8.
1981 4637 2343 4704 Posteaquam
2406 4651 2539 4691 vero
2577 4650 2892 4690 narravero
2932 4649 3056 4704 qua:
3090 4631 3400 4703 superiori-

1823 4727 1930 4782 bus
1986 4729 2328 4796 temporibus
2389 4735 2509 4780 acta
2569 4735 2720 4790 sunt,
2761 4727 2826 4780 ad
2878 4741 2941 4779 ea
2987 4743 3107 4794 qua:
3167 4733 3394 4792 martyr.

1823 4820 2106 4887 contigere
2143 4833 2336 4872 rursus
2375 4825 2584 4870 vertam
2629 4833 2960 4870 sermonem.
3008 4816 3192 4868 Dicam
3232 4815 3395 4883 igitur

1821 4917 1877 4961 ct
1918 4911 2073 4978 quali
2109 4910 2325 4962 ratione
2359 4908 2563 4977 impius
2605 4915 2767 4975 atque
2833 4917 3082 4976 apostata
3142 4905 3398 4958 Julianus

1822 5001 1889 5053 ad
1951 5000 2372 5069 imperatotiam
2422 5000 2741 5065 pervenerit
2806 5001 3394 5067 dignitaletn,ctquo-

1821 5092 1983 5146 modo
2036 5092 2241 5146 Christi
2303 5099 2510 5159 martyr
2564 5088 2848 5142 Artemius
2903 5091 2957 5141 in
3015 5090 3395 5143 sacratissinm

1827 5183 2156 5237 Christianae
2221 5180 2595 5237 ccltfessir-nis
2651 5182 2835 5234 stadio
2903 5181 3231 5236 cucurrerit.
3294 5179 3396 5233 De-

1831 5277 2021 5328 functo
2056 5289 2252 5345 magno
2289 5271 2681 5335 CODai‘ai-tiﬂo,
2710 5271 3082 5325 Romanorum
3109 5272 3394 5338 imperium

1831 5366 1884 5420 in
1919 5374 2030 5420 tres
2085 5377 2270 5436 partes
2301 5364 2404 5418 fuit
2430 5363 2692 5431 divisum,
2738 5378 2864 5418 cum
2933 5372 3049 5416 tres
3104 5362 3197 5414 lilii
3251 5361 3395 5428 ejus,

1657 5537 1888 5594 NOTAE.

179 5678 298 5748 (5)
334 5674 454 5754 ,1106
497 5676 733 5754 nomine
773 5679 1068 5754 honorario
1101 5683 1439 5754 augebantur
1474 5681 1864 5753 imperatorum
1904 5683 2034 5750 filii;
2073 5683 2402 5754 quandoque
2437 5682 2627 5746 etiam,
2703 5688 2759 5734 ut
2835 5680 2921 5733 hic
2990 5677 3131 5748 apud
3199 5685 3382 5729 aucto-

71 5747 286 5812 που»,
333 5747 691 5816 imperatorer.
715 5749 929 5802 familiae
959 5747 1325 5808 collatcrides.
1362 5751 1513 5808 Eur.

466 5837 733 5899 PATROL.
783 5841 894 5899 Gn.
945 5841 1143 5903 XCVI.

2917 5839 2992 5897 Ml
