4112 6448
116 411 236 474 1261

111 629 332 676 σταντα,
366 612 458 664 καὶ
486 611 701 677 γίνεται
736 610 941 678 πᾶσαὴ
972 607 1073 675 τῆς
1115 607 1381 675 Ἐσπὲρας
1413 605 1557 676 ἁρχὴ
1585 605 1676 657 ὑπ’

110 703 299 771 ἐκείνῳ
338 700 506 770 μηδὲν
539 701 671 771 περὶ
718 698 922 769 ταύτης
973 698 1340 751 σπουδάσαντι
1365 713 1378 727 ο
1416 696 1510 749 τοῦ
1543 693 1679 748 Θεοῦ

109 793 275 845 ταῦτα
311 792 656 855 δικάσαντος,
698 791 792 858 Μὴ
844 792 995 842 κίνει
1041 790 1169 857 ὅρια
1218 790 1501 857 πατέρων
1537 803 1678 853 σου,

104 886 260 953 μὴδε
291 885 398 937 τοῦ
422 884 690 950 πλησίον
707 883 1015 936 καθάπτου
1046 881 1157 949 τῆς
1182 882 1447 945 αῡλαχος
1466 893 1480 908 ⁸
1510 883 1537 931 ὁ
1570 878 1679 949 γὰρ

110 978 252 1030 κατὰ
272 977 367 1029 τοῦ
399 976 630 1047 πλησίον
665 974 1125 1045 πονηρευόμενος,
1160 974 1318 1036 αὐτὸς
1348 972 1524 1040 ἐαυτῷ
1558 987 1678 1024 συν-

108 1071 230 1135 άγει
272 1068 361 1121 τὸν
408 1067 655 1138 ὄλεθρον,
687 1069 785 1137 τὴν
826 1067 920 1120 τοῦ
958 1064 1094 1118 Θεοῦ
1153 1065 1308 1133 δίκην
1352 1066 1435 1133 ἐφ’
1488 1063 1678 1118 ἐαυτὸν

109 1161 512 1230 ἐπισπώμενος.
549 1159 833 1212 Βασιλεύει
866 1159 1047 1211 τοίνυν
1082 1162 1109 1211 ὁ
1142 1158 1400 1221 Κῶνστας
1433 1157 1518 1225 ἐφ’
1551 1157 1675 1225 ὅλης

106 1254 203 1322 τῆς
246 1253 531 1323 Ἐσπερίου
570 1253 766 1323 ἀρχῆς,
817 1252 914 1315 τὰς
964 1252 1058 1303 δύο
1093 1251 1448 1319 κληροδοσίας
1496 1252 1574 1311 είς
1619 1249 1676 1301 ἓν

107 1346 371 1414 συνάψας,
405 1348 498 1398 καὶ
548 1345 678 1412 μίαν
719 1345 891 1415 ἀρχὴν
932 1345 1216 1412 ἀμφότερα
1265 1343 1332 1395 τὰ
1377 1342 1518 1411 μέρη
1552 1359 1676 1411 στη-

105 1438 361 1506 σάμενος.
396 1438 468 1489 Οὐ
516 1436 683 1498 πολὺς
710 1438 767 1488 ἐν
804 1436 953 1505 μέσῳ
992 1437 1205 1505 καιρὸς,
1238 1438 1331 1486 καὶ
1360 1437 1387 1486 ό
1417 1434 1676 1497 Κώνστας

103 1532 182 1591 εἰς
208 1528 425 1597 κώμους
459 1531 555 1580 καὶ
602 1528 774 1597 μέθας
798 1528 1167 1590 ὲναποκλίνας,
1212 1529 1307 1579 καὶ
1355 1526 1677 1588 ἀλλοκότους

100 1621 323 1690 ἐρώτων
350 1621 647 1689 διαγωγάς,
677 1620 939 1688 ῥαθύμως
982 1619 1079 1689 τὴν
1109 1621 1238 1688 ὃλην
1268 1618 1436 1688 ἀρχὴν
1471 1619 1677 1671 ὸιεπέτ·

100 1730 245 1773 τευε,
274 1712 336 1764 τὸ
378 1713 477 1781 τῆς
526 1713 808 1781 βασιλείας
838 1712 1067 1780 μέγεθος
1120 1710 1514 1780 ἐξερχόμενος·
1553 1712 1675 1761 ὲπι-

100 1801 418 1878 βουλεύεται
475 1802 765 1871 τοιγαροῦν
821 1804 915 1853 καὶ
964 1802 1125 1863 αὐτὸς
1168 1804 1317 1870 παρα
1370 1819 1518 1864 τινος
1565 1801 1675 1854 τῶν

101 1893 427 1962 στρατηγῶν
464 1893 637 1964 [548],
674 1894 1034 1960 Μαγνεντίου,
1066 1892 1158 1945 καὶ
1202 1893 1341 1961 μετὰ
1372 1892 1470 1960 τῆς
1520 1892 1672 1960 βασι-

98 1983 248 2044 λείας
299 1984 707 2053 προσαπόλλυσι
741 1985 831 2037 καὶ.
872 1984 932 2035 τὸ
973 1980 1092 2052 ζῇν.
1128 1983 1333 2035 Τούτου
1394 1983 1671 2048 πεσόντος,

99 2077 295 2143 κρατεί
330 2076 426 2144 τῆς
468 2076 643 2145 ἀρχῆς
697 2078 725 2128 ὁ
771 2077 1129 2143 Μαγνέντιος,
1179 2076 1299 2147 μεθ’
1344 2076 1405 2129 ού
1444 2076 1543 2144 τῆς
1585 2093 1675 2128 τυ-

101 2166 345 2232 ραννίδος
400 2166 841 2220 συναπελάϐοντο
893 2168 1231 2228 Νεποτιανὺς
1283 2166 1378 2218 καὶ
1439 2165 1675 2237 Βρεττα-

102 2257 253 2309 νὰυν.

174 2368 264 2420 ια’.
323 2368 509 2422 Ταῦτα
565 2370 749 2439 μαθὼν
796 2374 824 2423 ὁ
884 2371 1262 2435 Κωνστάντιος
1304 2372 1367 2425 ἐκ
1416 2372 1526 2424 τῶν
1576 2375 1676 2442 τῆς

96 2461 339 2528 ἀδελφῆς
388 2464 772 2530 γραμμάτων,
815 2462 1035 2529 ἀπάρας
1083 2464 1147 2514 ἐκ
1194 2462 1295 2531 τῆς
1360 2462 1673 2530 Ἀνατολῆς,

99 2552 198 2602 καὶ
244 2550 377 2619 πρὸς
421 2550 517 2619 τὴν
567 2551 840 2620 Ἑσπέραν
883 2553 1196 2621 γενόμενος,
1241 2554 1505 2607 συνάπτει
1538 2555 1675 2625 πρὸς

97 2642 446 2711 ἀμφοτέρους
493 2641 751 2710 πόλεμον,
798 2643 892 2695 καὶ
946 2645 1093 2696 κατὰ
1140 2646 1343 2714 κράτος
1386 2648 1531 2715 νικᾷ,
1580 2646 1672 2699 τοῦ

98 2733 501 2799 Βρεττανίωνος
537 2733 671 2803 πρὸς
703 2733 864 2785 αὑτὸν
899 2734 1325 2796 ἀποκλίναντοςο
1358 2737 1448 2787 ὅτε
1492 2735 1586 2788 καὶ
1614 2737 1675 2789 τὸ

95 2823 191 2874 τοῦ
218 2823 451 2891 σταυροῦ
482 2826 707 2890 σημεῖον
738 2824 996 2892 μέγιστον
1019 2841 1076 2876 τε
1110 2825 1203 2877 καὶ
1231 2825 1417 2887 δεινῶς
1443 2827 1675 2893 ἐκφανὲν

95 2910 271 2973 ἅπαν,
299 2914 374 2973 ὼς
397 2913 883 2983 ὑπεραστράπτειν
906 2912 985 2983 τῷ
1026 2913 1313 2983 πληκτικῷ
1353 2917 1451 2983 τῆς
1482 2916 1676 2985 αἴγλης

94 3002 198 3069 τῆς
236 3002 448 3069 ἡμέρας
497 3002 558 3053 τὸ
615 3002 764 3070 φῶς,
798 3002 891 3055 ἐπὶ
942 3003 1051 3056 τῶν
1087 3005 1477 3074 Ἰεροσολύμων
1517 3006 1673 3076 ὤφθη

92 3093 229 3160 περὶ
261 3092 456 3161 τρίτην
499 3092 648 3161 ὤραν
693 3093 929 3163 μάλιστα
967 3096 1065 3162 τῆς
1092 3095 1200 3164 ήμέ
1214 3111 1330 3163 ρας,
1358 3097 1457 3164 τῆς
1485 3097 1676 3166 ἑορτῆς

1359 408 1413 462 S.
1463 402 1783 462 ΑΙὶΤΕΜῘΙ
1827 404 1908 463 PA
1920 406 2100 465 SSIO.

178 532 227 577 t'.
274 524 333 575 Ὀ
373 523 556 574 τοίνυν
589 521 778 574 τούτου
832 522 957 582 λαὸς
998 517 1278 571 ἀποκλίνει
1342 519 1481 585 πρὸς
1523 516 1676 569 Κών-
1704 521 1748 574 Α

3209 410 3342 473 1262

1857 522 1941 574 10.
1979 522 2112 590 Ejus
2158 536 2378 591 quoque
2424 526 2657 594 populus
2713 525 2952 579 declinat
2986 524 3051 578 ad
3082 524 3353 581 Constan-

1785 625 1916 678 tem,
1944 615 2033 668 cui
2067 616 2203 670 nihil
2230 616 2337 669 tale
2385 617 2650 684 cogitanti
2701 626 2872 672 totum
2905 618 3220 674 Occidentis
3255 624 3356 674 im-

1784 709 1995 777 perium
2028 707 2359 777 subjicitur;
2411 708 2517 763 Deo
2568 709 2780 764 scilicet
2849 711 3210 765 denuntiante
3247 726 3352 765 non

1786 796 2090 852 movendos
2152 800 2416 853 terminos
2476 809 2692 866 patrum
2748 812 3014 863 suorum,
3069 814 3247 867 neque
3289 798 3355 851 de

1789 889 1944 941 sulco
1969 889 2204 956 proximi
2232 889 2534 958 quidquam
2585 888 3009 943 detrahendum.
3060 887 3162 953 Qui
3207 889 3351 942 enim

1780 997 1906 1051 erga
1937 988 2247 1049 proximum
2308 982 2591 1050 improbus
2619 990 2727 1048 est,
2758 981 2996 1051 pr0prize
3057 980 3351 1050 perditioni

1780 1088 1971 1127 ausam
2020 1075 2241 1141 praebet,
2315 1088 2440 1126 cum
2524 1073 2612 1126 Dei
2667 1074 2925 1127 vindictae
2988 1072 3348 1142 semetipsum

1779 1165 2084 1218 submittat.
2139 1163 2464 1218 Dominatur
2528 1178 2658 1232 ergo
2685 1163 2959 1218 Constans
2996 1164 3050 1217 in
3078 1164 3351 1232 integrum

1783 1256 2101 1310 Occidentis
2163 1256 2472 1323 imperium,
2510 1254 2647 1307 duas
2703 1256 3056 1309 haereditates
3092 1255 3146 1308 in
3184 1269 3348 1307 unam

1784 1351 2143 1419 conjungens,
2175 1358 2228 1403 et
2256 1365 2320 1402 ex
2351 1348 2620 1401 ambabus
2650 1348 2905 1417 partibus
2942 1362 3111 1400 unum
3138 1346 3352 1400 faciens

1781 1443 2092 1511 imperium.
2153 1441 2305 1495 Brevi
2353 1448 2475 1509 post
2524 1448 2772 1508 tempore
2821 1447 2875 1493 et
2938 1440 3218 1494 Constans
3284 1438 3351 1490 ad

1781 1536 2217 1588 comessationes
2282 1534 2567 1587 declinans
2623 1542 2676 1586 et
2729 1532 3033 1586 ebrietates
3059 1538 3113 1585 et
3134 1531 3351 1584 alienos

1779 1640 2014 1689 amores,
2072 1626 2316 1693 segniter
2347 1639 2410 1679 ac
2433 1626 2589 1695 quasi
2622 1626 2853 1680 tesseris
2899 1623 3092 1678 ludens
3126 1624 3349 1677 univer-

1780 1731 1894 1770 sam
1947 1717 2371 1771 administrabat
2418 1717 2845 1784 rempublicam,
2897 1716 3115 1784 imperii
3168 1714 3348 1780 maje-

1778 1814 1975 1863 statem
2017 1808 2364 1875 dedignatus.
2421 1805 2638 1861 lnsidim
2703 1808 2889 1875 itaque
2928 1807 2976 1859 ei
3019 1815 3281 1876 parantur
3321 1820 3351 1857 a

1776 1901 1915 1955 duce
1947 1900 2207 1968 quodam,
2236 1899 2551 1968 Magnentio
2586 1900 2830 1962 nomine,
2856 1908 2910 1951 et
2944 1914 3072 1951 cum
3118 1898 3352 1966 imperio

1776 1990 1942 2044 simul
2000 2004 2215 2058 quoque
2277 1990 2444 2042 vitam
2506 1988 2734 2041 amittit.
2782 1987 2916 2042 Cum
2952 1989 2998 2043 is
3029 1988 3349 2051 cecidisset,

1778 2079 2010 2146 imperio
2063 2082 2267 2147 potitur
2320 2076 2689 2146 Magnentius,
2759 2092 2886 2131 cum
2928 2093 3037 2146 quo
3065 2077 3229 2132 simul
3264 2086 3317 2145 ty

1779 2170 2061 2224 rannidcnt
2129 2170 2452 2224 invaserunt
2511 2168 2851 2239 Nepotianus
2907 2178 2963 2223 et
3009 2168 3328 2223 Brettaniou

1853 2373 1935 2426 Η.
1972 2373 2100 2425 Ιὶιρο
2161 2385 2286 2423 cmn
2322 2371 2620 2440 accepisset
2644 2369 2998 2424 Constantius
3037 2383 3105 2423 ex
3135 2370 3342 2422 sororis

1778 2464 2002 2526 litteris,
2055 2471 2111 2517 et
2165 2478 2231 2517 ex
2304 2462 2530 2516 Oriente
2582 2462 2637 2516 in
2680 2460 3033 2516 Occidentem
3083 2460 3350 2525 venisset,

1777 2557 1971 2609 ambos
2016 2554 2189 2607 armis
2246 2553 2495 2608 adoritur
2546 2561 2600 2607 et
2651 2553 2703 2607 vi
2753 2552 3043 2617 devincit;
3078 2551 3351 2607 defecerat

1776 2650 1923 2702 enim
1952 2646 2019 2701 ad
2051 2648 2169 2716 ejus
2211 2656 2398 2715 partes
2422 2646 2769 2701 Brettanion.
2800 2644 2917 2710 Quo
2954 2643 3179 2713 quidem
3216 2653 3352 2698 tem-

1779 2756 1915 2810 pore
1955 2742 2171 2810 signum
2200 2741 2384 2795 crucis
2413 2740 2609 2808 ingens
2638 2748 2924 2806 totumque
2950 2737 3183 2790 mirifice
3218 2736 3352 2789 emi-

1780 2847 1936 2896 cans,
1997 2835 2131 2885 adeo
2157 2838 2217 2885 ut
2276 2829 2588 2884 admirabili
2651 2828 2946 2896 splendore
3005 2827 3115 2881 diei
3174 2826 3351 2879 lucem

1779 2930 2093 2993 superaret,
2126 2920 2523 2991 Hierosolymis
2558 2919 2733 2974 videri
2764 2919 2934 2987 cmpit
2959 2919 3108 2972 circa
3133 2919 3351 2971 tertiam

1784 3017 1971 3068 horam
1997 3015 2127 3075 diei,
2165 3029 2291 3067 cum
2326 3021 2479 3067 esset
2548 3011 2748 3066 festum
2781 3010 2871 3064 cui
2928 3024 3125 3064 nomen
3153 3007 3351 3064 Pente-

1780 3119 1952 3171 coste,
2008 3109 2329 3175 pertingens
2356 3121 2387 3157 a
2418 3105 2541 3158 loco
2570 3104 2665 3173 qui
2698 3102 2899 3157 dicitur
2951 3100 3222 3155 Calvarize
3260 3115 3342 3154 us-

90 3182 195 3250 τῆς
261 3181 564 3251 λεγομένης
617 3185 1000 3254 ΙΙεντηκοστῆς
1042 3185 1432 3254 ἐνεστηκυίας,
1487 3186 1673 3257 διῆκον

1780 3213 1887 3267 que
1914 3197 1981 3251 ad
2024 3204 2264 3250 montem
2317 3194 2539 3259 Oliveti,
2593 3192 2740 3247 unde
2769 3194 2822 3246 in
2862 3192 3062 3247 cmlum
3106 3189 3354 3244 ascendit

93 3273 209 3323 ἀπὸ
259 3272 355 3325 τοῦ
404 3275 663 3340 It'part'ov
709 3275 1006 3346 λεγομένου
1044 3277 1231 3341 τόπου,
1274 3278 1400 3347 ἄχρι
1444 3279 1538 3332 καὶ
1576 3279 1671 3332 τοῦ

90 3364 387 3428 Ἐλαιῶνος
411 3368 588 3435 ὅρους,
609 3367 730 3419 ὅθεν
753 3367 999 3435 ὑπῆρχεν
1019 3370 1044 3419 ὁ
1069 3368 1259 3438 Σωτὴρ
1284 3371 1381 3439 τὴν
1408 3370 1675 3439 ἀνάληψιν

88 3458 490 3525 ποιησάμενος.
524 3459 736 3526 Κρατεί
772 3458 957 3511 τοίνυν
1001 3458 1103 3526 τῆς
1136 3459 1414 3527 βασιλείας
1452 3462 1674 3531 ἁπάσης

88 3548 502 3611 Κωνστάντιος.
534 3549 641 3601 τῶν
678 3551 773 3602 τοῦ
810 3550 1049 3620 μεγάλου
1091 3553 1507 3606 Κωνσταντίνου
1544 3554 1674 3607 υἱῶν

91 3639 260 3706 μόνος
285 3640 649 3707 ύπολειφΟείς.

166 3750 257 3818 ιβ’.
279 3750 555 3813 Ἀτενίσας
571 3753 663 3804 οὗν
691 3752 826 3824 πρὸς
863 3754 925 3807 τὸ
961 3755 1060 3825 τῆς
1087 3756 1264 3828 ἀρχῆς
1300 3759 1549 3829 μέγεθος,
1583 3781 1674 3816 και

87 3840 461 3907 είλιγγιάσας,
492 3843 566 3904 ὡς
600 3843 695 3896 ἇτε
724 3844 785 3914 δὴ
817 3844 1108 3915 ἄνθρωπος
1137 3848 1234 3913 ὢν,
1285 3852 1381 3904 καὶ
1428 3852 1503 3922 μὴ
1532 3853 1669 3923 ἔχων

84 3932 185 3984 τὸν
222 3934 287 3985 ἐκ
325 3934 420 3986 τοῦ
472 3935 663 4001 γὲνους
712 3936 864 4007 αύτῷ
920 3940 1321 4004 συνασπίζοντα
1352 3957 1364 3970 ’
1390 3943 1515 3996 οὔτε
1561 3948 1671 4018 γὰρ

86 4024 249 4093 αὐτῷ
289 4027 417 4088 παῖς
451 4026 716 4095 ἐγεγόνει,
753 4028 874 4081 οὔτε
915 4047 999 4092 τις
1028 4031 1134 4083 τῶν
1174 4032 1422 4102 ἀδελφῶν
1453 4038 1675 4091 κατελέ-

86 4114 319 4167 λειπτο·
352 4116 449 4168 καὶ
487 4116 667 4180 δείσας
712 4118 785 4187 μή
820 4136 904 4181 τις
940 4120 1090 4190 αὐτῷ
1126 4124 1290 4175 πάλιν
1330 4127 1675 4199 ἐπανασταίη

85 4204 366 4272 τύραννος
404 4205 546 4260 κατὰ
578 4206 678 4275 τῆς
719 4207 882 4260 αὑτοῦ
913 4209 1193 4278 βασιλείας
1228 4214 1672 4287 ἐξανιστάμενος,

84 4300 393 4348 σκέπτεται
423 4296 531 4349 τῶν
553 4299 832 4365 συγγενῶν
858 4317 980 4351 τινα
1000 4301 1183 4354 λαϐεῖν
1210 4305 1519 4378 σύγκληρον
1578 4314 1675 4365 καὶ

85 4394 194 4459 τῆς
241 4390 525 4460 βασιλείας
567 4395 939 4464 ὑπασπιστὴν.
989 4397 1054 4449 ὐ
1106 4397 1171 4467 δὴ
1226 4400 1320 4451 καὶ
1365 4403 1674 4471 πεποίηκε,

88 4484 305 4535 Γάλλον
332 4487 423 4536 τὸν
461 4486 749 4538 Ἰουλιανοῦ
801 4487 1025 4554 ἀδελφὸν
1066 4491 1321 4561 Καίσαρα
1356 4498 1675 4564 προστησά-

1785 3289 2052 3343 Salvator.
2088 3288 2419 3342 Universum
2444 3300 2577 3356 ergo
2610 3284 2903 3356 imperium
2952 3284 3166 3338 obtinet
3211 3280 3351 3336 Con.

1782 3383 2049 3444 stantius,
2081 3380 2234 3436 solus
2262 3376 2667 3434 eCoustantini
2731 3374 2918 3445 magni
2971 3373 3101 3431 filiis
3161 3386 3353 3444 super-

1782 3481 1918 3528 stes.

1860 3764 1946 3818 12.
1974 3762 2111 3817 Cum
2137 3778 2269 3832 ergo
2314 3760 2722 3816 considerasset
2762 3758 2978 3828 imperii
3013 3757 3357 3828 magnitudi-

1785 3870 1908 3908 nem
1944 3859 1997 3907 et
2041 3868 2138 3922 pro
2171 3852 2550 3906 imbecillitate
2605 3848 2830 3902 humani
2894 3846 3099 3914 ingenii
3173 3844 3357 3897 animo

1784 3943 2096 4007 ﬂuctuaret,
2152 3958 2253 3997 nec
2313 3943 2541 3996 haberet
2569 3956 2634 3994 ex
2675 3954 2776 3994 suo
2848 3953 3046 4007 genere
3113 3937 3356 4004 qnieum

1783 4038 2105 4092 defenderet
2132 4039 2333 4102 (neque
2367 4033 2515 4087 enim
2549 4032 2599 4085 ei
2631 4040 2794 4084 natus
2820 4032 3001 4081 fuerat
3033 4027 3203 4088 filius,
3258 4039 3359 4079 nec

1785 4133 2081 4202 quisquam
2124 4145 2189 4183 ex
2228 4127 2491 4181 fratribus
2530 4123 2920 4187 remanserat),
2954 4128 3006 4171 et
3038 4119 3257 4170 timeret
3292 4131 3358 4170 ne

1784 4222 1839 4276 in
1880 4237 2005 4275 eum
2073 4234 2269 4273 rursus
2304 4215 2505 4285 aliquis
2560 4214 2871 4280 insurgeret
2925 4218 3198 4277 tyrannus
3237 4203 3361 4272 ejus

1786 4314 2169 4368 auctoritatem
2204 4311 2527 4372 invasurus,
2562 4304 2862 4358 meditatus
2896 4311 2981 4356 est
3009 4314 3077 4352 ex
3106 4296 3359 4365 cognatis

1785 4406 2022 4473 aliquem
2072 4402 2323 4469 accipere
2381 4392 2721 4451 colueredem
2761 4404 2815 4446 et
2848 4390 3066 4459 imperii
3098 4386 3360 4441 defenso—

1786 4508 1923 4547 rem.
1977 4490 2137 4556 Quod
2184 4489 2349 4542 etiam
2397 4485 2525 4539 fecit
2576 4481 2795 4537 Gallum
2827 4477 3032 4532 Juliani
3088 4475 3359 4536 fratrem,

88 4591 295 4643 μενοςσ
329 4576 547 4643 aueo;
578 4577 635 4628 δὲ
666 4577 803 4646 πρὸς
856 4544 1062 4648 πατρὸς
1092 4582 1120 4633 ὁ
1148 4544 1457 4655 Γάλλος-ην

1780 4582 2051 4637 Catsaresn
2107 4575 2517 4631 constituendo.
2568 4570 2845 4626 Patruelis
2897 4577 3077 4620 autem
3136 4576 3257 4618 erat
3309 4562 3359 4616 ei

84 4666 513 4729 Κωνσταντῑνος
540 4670 667 4737 γὰρ,
701 4670 729 4720 ὁ
774 4670 974 4724 Γάλλου
999 4673 1090 4724 καὶ
1135 4674 1424 4729 Ἰουλιανοῦ
1467 4683 1672 4750 πατὴρ,

83 4755 329 4824 ἀδελφὸς
356 4752 423 4825 ἦν
453 4759 867 4813 Κωνσταντίνου
910 4762 1005 4814 τοῦ
1048 4766 1307 4833 μεγάλου.
1346 4769 1550 4824 Τοῦτον
1581 4770 1673 4828 οὖν

84 4848 149 4899 ἐν
194 4847 277 4915 τῷ
315 4847 462 4919 [5491
500 4849 709 4921 Σιρμίῳ
749 4855 1273 4925 προχειρισάμενος,
1322 4866 1561 4927 γυναῖκά
1614 4882 1670 4918 τε

81 4937 251 5007 αὐτῷ
307 4939 564 5007 ζεύγνυσι
602 4942 700 5011 τὴν
741 4943 937 4997 ἑαυτοῦ
980 4946 1217 5017 ἀδελφὴν
1271 4950 1670 5020 Κωνστάντιος,

80 5028 337 5089 πίστεως
363 5029 456 5080 καὶ
488 5029 838 5100 βεϐαιότητος
873 5032 1063 5103 χάριν·
1103 5039 1196 5089 καὶ
1227 5039 1496 5108 ἄρχοντας
1526 5043 1674 5113 αύτῷ

79 5117 317 5169 εἴδωσιν
350 5118 511 5182 αὐτὸς
532 5123 889 5192 καταστήσας
910 5140 924 5155 ο
954 5126 1013 5177 οὐ
1045 5127 1152 5195 γὰρ
1176 5131 1367 5200 ἐκείνῳ
1394 5148 1457 5199 γε
1491 5135 1676 5201 ἐφεῖτο

82 5207 339 5276 Καίσαρί
376 5226 439 5275 γε
469 5209 583 5263 ὄντι
604 5224 617 5238 ⁶
651 5213 951 5267 Θαλάσσιον
984 5217 1081 5285 μὲν
1114 5220 1444 5286 ἀποστείλας
1490 5225 1667 5294 ἐπαρ-

77 5314 181 5365 χον
243 5300 635 5370 πραιτωρίων·
683 5304 916 5357 Μόντιον
950 5307 1028 5372 δὲ,
1083 5308 1321 5363 ἐπὶτῶν
1374 5313 1671 5382 βασιλικῶν

1775 4675 1996 4738 Gallus;
2024 4687 2147 4727 nam
2177 4667 2537 4724 Constantius
2566 4663 2665 4733 (7),
2696 4661 2838 4714 Galli
2863 4657 3134 4713 etJutiani
3171 4664 3345 4723 pater,

1777 4770 2001 4824 fratrem
2058 4768 2326 4820 habuerat
2373 4759 2805 4817 Constantinum
2877 4753 3155 4821 Magntun.
3202 4748 3361 4801 Callo

1776 4861 1937 4929 igitur
1967 4857 2153 4910 Sirmii
2186 4854 2396 4908 Cresari
2443 4856 2636 4905 creato
2668 4861 2894 4900 uxorem
2928 4842 3081 4897 dedit
3108 4853 3359 4894 sororem

1778 4966 1931 5005 suam
1986 4944 2375 5003 Constantius,
2418 4950 2475 4994 ιιι
2502 4954 2592 4993 res
2624 4937 2842 4992 cautior
2872 4942 2927 4988 et
2954 4932 3165 4985 firmior
3231 4945 3360 4983 eva-

1778 5041 1951 5096 deret.
2027 5036 2380 5104 Magistratus
2449 5042 2675 5099 quoque
2702 5028 2750 5082 ei
2786 5025 3041 5093 adjunxit
3078 5036 3220 5090 quos
3249 5021 3362 5088 ipsc

1776 5132 2159 5200 designaret-at
2196 5124 2328 5195 (non
2352 5124 2499 5178 enim
2557 5120 2714 5172 Gallo
2740 5118 2938 5169 licebat
2973 5113 3025 5167 id
3064 5113 3167 5167 sibi
3202 5127 3361 5163 assu-

1784 5237 1966 5285 mere,
2024 5234 2150 5273 cuin
2217 5223 2363 5271 esset
2414 5212 2654 5279 (aesar),
2724 5207 3079 5261 Thalassium
3143 5203 3359 5271 quidem

1778 5314 2035 5368 emittcns
2100 5306 2421 5377 prmfcctum
2490 5301 2731 5373 prmtorii
2768 5340 2781 5365 ,
2841 5300 3107 5354 Montium
3180 5303 3359 5347 :ittlcm

1620 5488 1852 5547 ΝΟΤᾸΞ.

32 5676 41 5681 ι
81 5685 124 5697 ἢ
272 5614 327 5668 1η
351 5614 539 5697 Graeco
562 5620 763 5697 legitur
788 5624 1213 5697 Κωνστᾱντῖνος,
1233 5629 1325 5684 sed
1351 5645 1458 5684 non
1493 5638 1659 5685 recte.

60 5685 256 5739 Patet
292 5688 439 5766 enim
464 5704 528 5742 ex
562 5685 643 5766 iis
664 5709 787 5762 qua:
817 5697 1091 5750 habentur
1125 5685 1415 5766 §7versns
1457 5700 1614 5753 liuenti
1642 5718 1657 5756 :

200 5794 216 5808 .
257 5796 268 5807 .
295 5795 310 5808 .
342 5758 370 5808 ό
400 5758 796 5829 Κωνστάντιος.
833 5804 845 5818 .
879 5805 891 5819 .
928 5807 942 5823 ,
981 5806 993 5819 .
1028 5758 1190 5835 γεννᾷ
1245 5769 1444 5823 Γάλλον
1470 5787 1527 5823 τε
1567 5770 1658 5824 καὶ

1785 5633 2093 5685 Ἰουλιανόν.
2119 5628 2389 5683 Similiter
2408 5642 2469 5679 ex
2501 5626 2685 5681 verbis
2709 5622 2911 5677 Juliani
2948 5623 2999 5674 in
3026 5617 3180 5672 initio
3208 5617 3311 5686 §-il
3333 5660 3346 5679 ,

1769 5702 1861 5773 ubi
1913 5709 2406 5773 apostata‘patrem
2452 5713 2612 5773 suum
2667 5694 3052 5773 (adiuuantium
3084 5690 3348 5745 vocatz'U

1767 5772 1875 5843 γὰρ
1909 5764 2038 5842 ἐμὸς
2076 5764 2248 5839 πατῆρ
2272 5768 2665 5829 Κωνστάντιος.
2696 5764 2852 5817 lium
