4112 6448
124 409 251 474 1265

1384 418 1445 475 s.
1486 416 1810 507 ΑΒξΙῈΜΙΙ
1854 419 2138 479 mssm.

3246 432 3385 498 1266

119 521 503 592 τυγχάνοντος·
533 522 591 588 ὃς
617 523 712 579 τὸν
733 524 934 579 Γάλλον
969 525 1287 597 ἀφαιρεῖται
1320 528 1417 595 τῆς
1447 526 1699 596 ἁλουργί-

1803 536 1981 581 vatam
2025 528 2310 584 redactum
2346 532 2399 587 in
2433 533 2672 590 insulam
2735 538 3033 608 quamdam
3099 540 3381 599 Dalmatiae

117 616 217 678 διλς,
242 617 336 668 καὶ
366 618 448 681 εἰς
496 618 715 691 ἰδιώτην
760 622 1199 692 μετασκευάσας,
1228 622 1505 693 ἐξόριστον
1534 622 1697 675 αὐτὸν

117 712 189 773 εἷς
217 730 335 765 τινα
364 714 527 784 νῆσον
542 716 641 785 τῆς
676 717 986 788 Δαλματίας
1015 720 1341 790 κατέστησε.

184 822 331 894 [551]
365 830 445 880 ιε’.
477 824 586 879 Τοῦ
627 828 685 881 δὲ
734 828 940 883 Γάλλου
984 832 1064 893 είς
1111 830 1209 901 τὴν
1236 832 1402 903 νῆσον
1450 831 1697 902 ἀπηγμέ-

114 931 227 977 νου,
259 916 308 968 οί
344 916 406 969 τὸ
450 920 559 972 πᾶν
602 921 861 993 ἐπάύτῷ
910 925 1302 993 συστήσαντες,
1338 925 1600 989 Εύσέδιος
1640 926 1697 980 δὲ

118 1007 348 1075 μάλιστα
370 1006 439 1081 ἦν
482 1015 511 1066 6
539 1012 793 1085 εὐνοῦχος
823 1019 849 1069 6
869 1019 969 1088 τὴν
1002 1016 1097 1070 τοῦ
1128 1018 1495 1090 πραιποσίτου
1530 1018 1697 1090 τιμὴν

113 1097 267 1168 ἔχων,
313 1102 410 1154 καὶ
441 1103 490 1155 οἱ
550 1105 648 1158 σὺν
680 1105 846 1177 αὐτῷ,
894 1109 1141 1162 πείθουσι
1197 1110 1578 1163 Κωνστάντιον
1622 1110 1697 1173 ὡς

111 1195 339 1261 τάχιστα
374 1193 466 1245 τὸν
491 1194 691 1249 Γάλλον
721 1198 1054 1269 ποιήσασθαι
1082 1201 1144 1252 ἐκ
1170 1199 1363 1255 ποδῶν.
1400 1200 1458 1253 Ὀ
1492 1201 1551 1254 δὲ
1580 1218 1699 1255 πει-

113 1279 281 1345 σθεὶς,
318 1284 527 1351 πέμπει
561 1287 689 1349 τοὺς
747 1290 1148 1351 ἀποκτενόντας
1200 1291 1397 1343 αύτόνο
1453 1291 1550 1345 καὶ
1596 1291 1695 1361 ήδη

110 1376 313 1429 τούτων
345 1378 781 1449 ἀφικνουμένων,
800 1383 962 1435 πάλιν
990 1383 1018 1434 6
1045 1385 1422 1447 Κωνσταντιος
1454 1385 1535 1447 είς
1550 1383 1697 1439 ἔλεον

114 1468 429 1538 μετεκλίθη,
480 1470 575 1523 καὶ
608 1472 819 1539 πέμπει
847 1473 935 1526 διὰ
964 1476 1175 1543 ταχέων
1202 1475 1405 1545 ἐτέρων
1436 1477 1699 1546 γραμμά-

107 1574 217 1610 των
250 1558 341 1610 τὸν
386 1557 587 1611 Γάλλον
621 1560 715 1612 τοῦ
772 1561 980 1624 πάθους
1026 1561 1489 1631 ἀνακαλούμενος.
1537 1562 1595 1614 Ὀ
1639 1562 1698 1614 δὲ

111 1651 369 1715 Εὐσέϐιος
400 1654 496 1705 καὶ
524 1652 572 1704 οἱ
626 1656 722 1706 σὺν
751 1653 898 1723 αύτῴ
942 1655 1187 1707 πείθουσι
1240 1654 1333 1706 τὸν
1380 1653 1697 1724 πεμφθέντα

110 1743 517 1814 Μαγιστριανδν
560 1746 634 1814 μὴ
682 1744 951 1814 πρότερον
994 1746 1279 1816 ἐπιστῆναι
1325 1745 1611 1801 δεικνύντα
1638 1748 1698 1799 τὸ

1799 620 2047 674 exsulem
2080 622 2364 693 relegavit.

1870 818 1957 873 l5.
1991 818 2151 874 Gallo
2192 821 2246 875 in
2289 822 2532 880 insulam
2606 827 2825 892 abacto,
2866 829 2959 899 qui
2985 844 3149 886 omne
3174 828 3382 887 crimen

1799 909 2066 967 adversus
2098 928 2222 967 eum
2264 916 2666 987 congerebant,
2720 920 2956 976 maxime
2982 930 3163 977 autem
3209 923 3383 980 Euseo

1799 1000 1923 1056 bius
1965 1004 2281 1073 eunuchus,
2343 1008 2627 1077 praepositi
2679 1008 2949 1081 dignitate
2979 1012 3306 1083 insignitus,
3330 1024 3384 1069 et

1799 1093 1891 1160 qui
1933 1094 2002 1147 ab
2044 1095 2236 1150 iisdem
2286 1100 2537 1167 partibus
2584 1103 2827 1169 stabant,
2869 1106 3211 1175 persuadent
3238 1105 3384 1160 Con-

1800 1187 2005 1240 stantio
2032 1196 2090 1240 ttt
2125 1191 2531 1259 quamprimum
2568 1191 2786 1248 Gallum
2824 1196 2892 1251 de
2921 1196 3101 1252 medio
3132 1198 3379 1254 tolleret.

1799 1275 2108 1335 Persuasus
2145 1281 2233 1337 ille
2259 1284 2429 1338 mittit
2458 1286 2552 1355 qui
2604 1301 2731 1341 eum
2772 1288 3132 1346 interﬁciant.
3167 1290 3384 1357 Quibus

1794 1368 1905 1438 jam
1944 1372 2238 1439 profectis,
2295 1374 2660 1433 Constantius
2711 1395 2909 1435 rursus
2934 1391 3184 1437 movetur
3215 1384 3382 1440 mise-

1802 1460 2095 1527 ricordia,
2162 1466 2445 1537 mittitque
2503 1471 2767 1525 ocissime
2841 1474 3048 1528 alteras
3117 1476 3380 1541 litteras,

1799 1554 2005 1623 quibus
2028 1555 2217 1612 Gallus
2241 1574 2269 1612 a
2287 1560 2559 1630 supplicio
2587 1562 2873 1618 liberatur.
2899 1568 3165 1623 Eusebius
3179 1578 3380 1632 autem,

1799 1654 1854 1700 et
1877 1648 1969 1716 qui
2029 1663 2153 1702 cum
2181 1666 2247 1704 eo
2276 1661 2457 1717 erant,
2503 1656 2839 1723 persuadent
2879 1657 3256 1730 Magistriano,
3291 1663 3381 1732 qui

1801 1740 2121 1795 mittebatur
2188 1759 2256 1798 ne
2313 1746 2467 1814 prius
2518 1746 2813 1804 desisteret
2866 1750 2934 1804 ad
3008 1753 3382 1809 ostendendas

106 1836 364 1905 γράμμα,
392 1836 523 1904 πρὶν
574 1835 638 1890 ἂν
693 1836 916 1889 πύθοιτο
948 1838 1040 1891 τὸν
1085 1838 1284 1891 Γάλλον
1329 1840 1696 1911 ἀνῃρημένον.

1804 1828 2039 1896 litteras,
2075 1848 2241 1901 quam
2310 1836 2531 1891 audiret
2559 1835 2776 1892 Gallum
2800 1839 2975 1895 fuisse
3006 1842 3382 1899 interfectum.

108 1927 358 1993 Ἐγένετο
387 1927 577 1990 ταῦτα,
608 1930 701 1981 καὶ
736 1931 763 1981 6
795 1930 993 1991 Γάλλος
1033 1932 1332 2001 ἐτεθνήκει.
1380 1932 1439 1984 ὐ
1462 1932 1519 1984 δὲ
1547 1932 1699 1983 Κων⁴

107 2018 356 2080 στάντιος
386 2019 517 2083 περὶ
536 2022 649 2082 τοῖς
680 2021 968 2091 πράγμασι
1002 2022 1205 2084 δείσας,
1248 2022 1323 2092 μὴ
1360 2022 1459 2092 οὐχ
1495 2018 1603 2086 οἶός
1639 2041 1698 2074 τε

103 2106 138 2183 ᾗ
177 2110 340 2179 μόνος
362 2110 581 2180 ἁπάσης
607 2108 745 2164 εἶναι
770 2114 869 2182 τῆς
906 2114 1081 2183 ἀρχῆς
1106 2114 1404 2184 ἐγκρατὴς,
1435 2114 1610 2175 ἄλλως
1640 2131 1697 2165 τε

103 2200 342 2254 καὶτῶν
374 2202 629 2255 Γαλατῶν
679 2202 913 2266 ὀξύτατα
957 2203 1021 2275 δὴ
1079 2203 1171 2256 καὶ
1201 2203 1363 2255 ὁπότε
1410 2203 1696 2273 προθυμη-

105 2293 257 2345 θεῖεν
287 2295 367 2356 είς
392 2294 492 2357 τὰς
513 2295 834 2364 τυραννίδας
871 2294 1262 2366 ἐγειρομένων,
1299 2294 1387 2348 διά
1412 2312 1473 2347 τε
1511 2292 1700 2364 σώμα-

102 2403 197 2448 τος
231 2386 381 2455 ἰσχὺν
406 2387 502 2439 xal
550 2386 861 2456 κουφότητα
886 2385 1269 2456 φρονημάτων,
1299 2385 1563 2456 μετέμελε
1580 2385 1702 2438 τότε

101 2476 199 2530 τὸν
227 2477 428 2530 Γάλλον
456 2476 733 2541 ύπεξελών
760 2494 774 2508 ο
804 2477 899 2530 καὶ
934 2477 1293 2547 λογισάμενος
1320 2478 1395 2539 ὡς
1416 2475 1477 2529 τὸ
1504 2492 1703 2543 συγγε-

100 2568 196 2629 νὲς
227 2568 320 2620 τοῦ
355 2568 560 2621 ὀθνείου
595 2568 689 2620 καὶ
718 2568 1041 2635 ἁλλογενοῦς
1096 2568 1504 2637 ἀσφαλέστερον
1560 2564 1704 2620 εἶναι

104 2658 309 2727 μακρῷ
346 2658 482 2727 πρὸς
506 2658 790 2711 κοινωνίαν
818 2661 917 2728 τῆς
953 2658 1256 2727 βασιλείας,
1303 2658 1587 2711 Ἰουλιανόν
1612 2658 1703 2711 τὸν

99 2749 337 2816 ἀδελφὸν
371 2747 463 2801 τοῦ
499 2748 699 2803 Γάλλου
725 2750 790 2801 ἐκ
815 2749 914 2819 τῆς
955 2748 1162 2811 Ἰωνίας
1205 2748 1703 2818 μεταπεμψάμενος

100 2841 165 2891 ὲν
196 2843 264 2911 τῇ
295 2840 626 2909 Μεδιολάνῳ,
662 2840 921 2907 Καίσαρα
956 2840 1251 2905 ἀνέδειξεν,
1304 2841 1515 2907 καὶτὴν
1543 2840 1702 2892 ἀδελ-

101 2934 216 3000 φὴν
248 2932 397 2999 αὑτῷ
422 2934 522 3001 τὴν
566 2930 767 2983 ἐαυτοῦ
810 2930 1030 2999 Ἑλένην
1060 2933 1139 2994 είς
1166 2932 1343 3000 γάμον
1367 2931 1575 2993 ἐκδοὺς,
1609 2931 1701 2983 καὶ

98 3026 177 3076 τα
208 3024 377 3077 πιστά
412 3024 547 3093 πρὸς
583 3023 746 3077 αὐτὸν
798 3022 1192 3093 ποιησάμενος,
1238 3022 1429 3074 τοῦτον
1464 3022 1563 3091 μὲν
1618 3023 1703 3088 ἐξ·

102 3114 358 3183 ἐπεμψεν
376 3101 454 3176 εἰς
470 3116 567 3177 τὰς
594 3113 822 3177 Γαλλίας
850 3113 1067 3182 φύλακα
1089 3114 1188 3184 τῆς
1211 3114 1391 3165 ἐκεῖσε
1420 3113 1704 3182 βασιλείας

1804 1918 1926 1973 Hrec
1960 1920 2105 1976 facta
2130 1932 2260 1977 sunt
2280 1926 2415 1980 etde
2444 1926 2601 1980 Gallo
2631 1940 2991 1999 sumpserunt
3023 1934 3384 2003 supplicium.

1802 2009 2163 2067 Constantius
2193 2014 2261 2068 de
2286 2015 2455 2071 rebus
2487 2016 2723 2085 publicis
2756 2020 3054 2086 sollicitus,
3092 2021 3241 2090 quod
3276 2037 3387 2076 non

1801 2112 1989 2165 posset
2038 2105 2191 2160 solus
2247 2107 2422 2160 totius
2477 2108 2695 2179 imperii
2745 2110 2995 2177 regimen
3054 2127 3385 2175 assumere,

1802 2197 2106 2264 praesertim
2177 2210 2303 2251 cum
2352 2196 2556 2252 Galatae
2608 2201 3025 2271 promptissime
3060 2210 3116 2258 et
3164 2202 3390 2274 quando

1802 2286 2004 2340 vellent
2052 2286 2119 2340 ad
2189 2287 2514 2345 seditionem
2561 2290 2953 2356 incitarentur,
2992 2302 3107 2348 tum
3161 2303 3389 2366 prepter

1804 2378 2056 2445 corporis
2083 2378 2253 2441 vires,
2288 2387 2404 2432 tum
2455 2389 2680 2450 pr0pter
2732 2382 2903 2437 animi
2937 2384 3247 2451 levitatem,
3272 2389 3388 2456 jam

1803 2467 2113 2523 ducebatur
2139 2470 2463 2539 poenitentia
2492 2472 2637 2541 quod
2661 2470 2877 2527 Gallum
2908 2475 3088 2544 capite
3126 2476 3389 2534 damnas-

1804 2570 1907 2615 set.
1943 2559 2010 2614 Et
2045 2576 2169 2616 cum
2204 2570 2518 2632 reputasset
2557 2566 3005 2635 consanguineos
3032 2582 3157 2623 esse
3192 2576 3389 2625 exter-

1806 2652 1892 2707 nis
1921 2661 1977 2707 et
2030 2654 2227 2709 alienis
2253 2655 2412 2723 longe
2443 2655 2675 2710 tutiores
2704 2656 2773 2710 ad
2796 2657 3013 2726 imperii
3040 2659 3389 2725 societatem,

1802 2740 2115 2809 lulianum,
2186 2741 2422 2797 fratrem
2483 2740 2652 2807 Galli,
2688 2758 2754 2799 ex
2805 2745 2962 2799 lonia
3018 2744 3389 2801 Mediolanum

1815 2837 2179 2902 accersitum,
2220 2837 2493 2891 Caesarem
2539 2838 2793 2901 creavit;
2848 2852 3089 2906 cumque
3139 2854 3388 2895 sororem

1809 2942 1967 2981 suam
2031 2926 2294 2982 Helenam
2328 2928 2378 2982 ei
2414 2927 2771 2981 matrimonio
2804 2926 3103 2995 iunxisset,
3169 2936 3223 2984 et
3266 2931 3388 2998 ejus

1808 3019 1970 3074 tidem
1994 3020 2324 3089 accepisset,
2348 3035 2475 3074 eum
2501 3018 2725 3089 quidem
2762 3019 2817 3073 in
2848 3019 3058 3076 Gallias
3085 3022 3257 3083 misit,
3276 3023 3389 3077 illic

1807 3110 2097 3166 custodem
2140 3112 2359 3181 imperii
2397 3112 2644 3166 futurum
2680 3127 2695 3176 ;
2747 3111 2869 3182 ipse
2902 3119 3089 3168 autem
3120 3113 3175 3168 in
3210 3113 3388 3185 illyri-

97 3207 402 3276 ἐσόμενον·
433 3206 593 3269 αὐτὸς
627 3206 683 3258 δὲ
714 3207 797 3270 εἰς
837 3205 1130 3275 Ἰλλυριοὺς
1152 3205 1510 3274 ἀφικόμενος,
1535 3206 1592 3257 ἐν
1622 3205 1701 3275 τῷ

1806 3218 1934 3258 cum
1965 3202 2197 3257 veniens
2225 3201 2460 3272 degebat
2496 3200 2709 3257 Sirmii.

95 3300 323 3372 ἲιρμίῳ
346 3297 554 3369 διῆγεν.

182 3444 288 3504 ις’.
341 3435 605 3498 Ἀκούσας
658 3435 715 3488 δὲ
749 3432 922 3487 ταῦτα
982 3435 1066 3487 ὅτι
1098 3435 1147 3487 οἱ
1189 3435 1448 3505 πέραντοι
1488 3434 1699 3506 Ἴστρου

97 3530 377 3600 βάρϐαροι
422 3526 705 3595 μέλλουσιν
730 3528 1148 3595 ἐπιστρατεύειν
1174 3529 1238 3597 τῇ
1266 3526 1376 3580 τῶν
1416 3528 1702 3595 Ῥωμαίων

94 3625 278 3693 ἀρχῇ,
330 3621 549 3691 ἀπάρας
583 3619 691 3673 ἀπὸ
738 3619 835 3671 τού
881 3618 1104 3690 Σιρμίου
1164 3619 1303 3690 πρὸς
1347 3621 1439 3674 τὸν
1492 3621 1703 3692 Ἴστρον

94 3714 291 3784 διέϐη,
344 3712 604 3783 καὶπρὸς
646 3712 784 3782 αύτῇ
838 3715 903 3781 τῇ
956 3712 1089 3781 δχθῃ
1137 3712 1332 3782 χρόνον
1365 3713 1464 3765 οὐκ
1522 3713 1703 3781 ὀλίγον

94 3808 367 3876 ποιήσας,
424 3805 548 3856 ἐπεὶ
574 3804 646 3856 τὰ
673 3803 781 3857 τῶν
841 3802 1137 3873 βαρόαρων
1188 3805 1385 3874 ἠρέμει
1422 3802 1571 3875 [552]
1605 3822 1701 3856 συ-

96 3902 387 3969 στήματα,
418 3897 583 3949 πάλιν
612 3897 706 3948 ἐπὶ
730 3896 827 3968 τὴν
852 3896 1076 3966 Θρᾴκην
1105 3895 1355 3965 ἤλαυνεν
1386 3896 1506 3948 ἐπεὶ⁸
1544 3896 1601 3949 δὲ
1644 3898 1702 3950 ἐν

104 3988 402 4058 Ὀδρυσοῖς
465 3985 729 4055 ἐτύγχανε
795 3983 1058 4052 γενῡνὼς,
1126 3983 1255 4037 ἔνθα
1299 3984 1455 4037 πόλιν
1508 3986 1702 4048 κτίσας

105 4082 399 4152 Ἀδριανὸς
416 4083 442 4133 ὀ
472 4079 725 4150 βασιλεὺς
745 4079 842 4149 τὴν
862 4081 1054 4131 ἐαυτού
1069 4077 1425 4131 καταλέλοιπε
1454 4082 1528 4149 τῳ
1553 4080 1703 4148 τόπῳ

92 4173 509 4247 προσηγορίαν,
530 4170 759 4224 ἐπύθετο
787 4170 921 4240 πρός
947 4187 1090 4232 τινος
1122 4169 1232 4222 τῶν
1259 4168 1595 4233 ἐπισκόπων,
1627 4170 1702 4231 ὠς

90 4270 171 4322 τὰ
216 4266 443 4335 σώματα
470 4264 581 4317 τῶν
629 4261 724 4316 τοῦ
772 4263 1009 4331 Χριστοῦ
1065 4262 1381 4315 ἀποστόλων
1452 4261 1701 4333 Ἀνδρέου

88 4362 202 4415 καὶ
239 4359 443 4421 Λουκᾶ,
468 4360 526 4409 ἐν
560 4356 752 4426 Ἀχαΐα
800 4354 1121 4424 τεθαμμένα
1155 4356 1537 4424 τυγχάνουσιν,
1582 4356 1703 4407 Ἀν-

86 4453 266 4522 δρέου
306 4449 405 4520 μὲν
434 4452 489 4501 ὲν
512 4449 775 4515 Πάτραις,
806 4447 993 4498 Λουκᾶ
1015 4445 1070 4497 δέ
1103 4448 1161 4497 ὲν
1191 4446 1396 4513 Θήϐαις
1425 4446 1521 4516 τῆς
1544 4446 1703 4499 Βοιω-

1876 3445 1963 3501 lli.
1996 3444 2101 3499 Sed
2152 3460 2277 3499 cum
2333 3444 2637 3499 audivisset
2691 3446 2964 3501 Barbaros
3006 3448 3099 3517 qui
3150 3450 3389 3519 agebant

1804 3546 1964 3594 trans
1986 3538 2319 3599 Danubium,
2344 3539 2614 3593 ducturos
2637 3553 2760 3593 esse
2787 3539 3091 3593 exercitum
3121 3540 3389 3597 adversus

1806 3628 2182 3685 Romanorum
2216 3629 2535 3698 imperium,
2586 3628 2871 3699 prolectus
2905 3628 3115 3685 Sirmio
3136 3631 3285 3686 venit
3320 3632 3387 3686 ad

1810 3718 2141 3781 Danubium,
2168 3726 2223 3772 et
2256 3718 2322 3772 ad
2351 3718 2527 3788 ipsam
2548 3721 2723 3791 ripam
2752 3729 3097 3790 tempusnon
3131 3724 3389 3792 exiguum

1803 3816 2199 3873 commoratus,
2234 3810 2326 3863 ubi
2361 3810 2498 3863 vitlit
2529 3810 2901 3865 Bat'liarm'utn
2939 3814 3294 3869 turmasloco
3331 3832 3391 3872 se

1805 3917 1915 3956 non
1945 3917 2185 3967 movere,
2214 3918 2409 3957 rursus
2459 3918 2683 3958 cursum
2741 3903 2943 3958 direxit
2984 3905 3038 3958 in
3069 3904 3386 3960 Thraciam.

1804 3993 2105 4063 Postquam
2173 3993 2317 4063 apud
2378 3992 2628 4049 Odrusos
2687 3995 2953 4059 devenit,
3004 4014 3237 4065 quorum
3294 4014 3388 4054 rex

1808 4084 2083 4141 Adrianus
2144 4086 2349 4139 civitati
2381 4100 2409 4138 a
2451 4101 2510 4140 se
2550 4085 2832 4140 aediﬁcatae
2856 4102 3057 4141 nomen
3098 4106 3257 4142 suum
3286 4106 3358 4144 im

1806 4182 2088 4244 posuerat,
2114 4173 2309 4227 didicit
2338 4188 2367 4226 a
2402 4173 2643 4243 quodam
2673 4178 2939 4244 episcopo
2962 4191 3196 4245 corpora
3226 4178 3387 4231 Chri-

1806 4266 1873 4320 sti
1899 4267 2277 4336 apostolorum
2302 4266 2538 4321 Andrea:
2560 4278 2612 4321 et
2646 4266 2811 4322 Lucae
2836 4268 2889 4321 in
2924 4268 3136 4324 Achaia
3170 4270 3389 4339 sepulta

1799 4357 2006 4427 jacere,
2034 4356 2270 4411 Andreae
2308 4356 2527 4426 quidem
2560 4356 2766 4419 Patris,
2798 4354 2963 4412 Lucro
2996 4369 3182 4413 autem
3244 4360 3389 4415 Tbco

1808 4448 1891 4503 bis
1916 4448 2160 4503 Boeotiae.
2200 4447 2332 4513 Quae
2363 4457 2420 4502 ut
2447 4448 2656 4503 audivit
2681 4450 2979 4518 imperator
3010 4450 3387 4515 Constantius,

84 4548 253 4607 τίας.
298 4543 384 4605 Ὠς
417 4537 507 4595 οὖν
542 4544 773 4612 ἡκουσεν
810 4540 837 4591 6
887 4538 1143 4608 βασιλεὺς
1188 4537 1359 4589 ταῦτα
1403 4538 1693 4590 Κωνστάν-

1807 4543 2021 4596 laetatus
2058 4548 2143 4595 est
2204 4542 2425 4603 nuntio,
2459 4551 2511 4595 et
2539 4542 2873 4595 exclamavit
2908 4558 3041 4598 voce
3090 4559 3309 4614 magna,
3337 4556 3393 4599 et

88 4655 250 4700 τιος,
269 4636 411 4706 ἦσῡη
430 4651 486 4686 τε
520 4632 596 4702 τῷ
615 4632 759 4701 λόγῳ
788 4632 883 4683 καὶ
914 4632 1009 4682 ἐπὶ
1038 4629 1179 4699 μέγα
1210 4628 1425 4699 ἐδόησε,
1453 4630 1702 4698 καὶπρὸς

85 4732 240 4791 τοὺς
276 4726 549 4798 παρόντας
584 4725 752 4795 φησί’
784 4722 1069 4776 Καλέσατέ
1122 4738 1211 4791 μοι
1256 4722 1563 4791 Ἀρτέμιον.
1594 4722 1701 4773 ’1ὀῦ

86 4823 157 4875 δὲ
194 4819 365 4888 τάχος
400 4815 879 4886 παραγεναμέειου,
900 4813 1189 4883 Συγχαίρω
1214 4829 1313 4875 σοι,
1348 4812 1474 4882 ἔφη,
1495 4813 1704 4883 ἀνδρῶν

86 4913 374 4967 ἁπάντων
404 4908 807 4977 θεοφιλέστατε.
853 4906 911 4956 '0
939 4904 995 4957 δέ
1032 4904 1166 4973 πρὸς
1189 4903 1350 4957 αὐτόν
1371 4920 1384 4933 ο
1438 4904 1547 4957 Kal.
1588 4904 1705 4969 εἴης

91 5022 208 5073 μοι
240 5001 600 5071 κεχαρμένος,
636 4992 681 5051 ὦ
712 4996 933 5067 βασιλεῦ
954 5037 969 5060 ,
994 4995 1084 5047 διὰ
1112 4994 1332 5057 παντὸς,
1368 4995 1462 5046 καὶ
1492 4994 1704 5063 μήποτέ

86 5116 159 5149 σ;
197 5092 314 5146 τῶν
343 5093 590 5163 ὀχληρῶν
616 5108 671 5144 τι
693 5088 1091 5161 καταλήψεται.
1114 5088 1225 5141 Kal.
1250 5088 1278 5139 6
1314 5086 1586 5157 βασιλεύς·
1610 5088 1701 5155 Ζη»

82 5188 230 5246 τεῖς
259 5184 315 5237 δέ
348 5200 400 5237 τι
442 5183 893 5253 χαριωδέστερον,
930 5178 976 5233 ὦ
1007 5180 1177 5249 φίλων
1206 5180 1396 5247 ἄριστε
1451 5179 1549 5247 τῆς
1595 5178 1706 5231 τῶν

86 5276 391 5343 σωμάτων
415 5276 634 5328 τωντου
661 5272 900 5343 Χριστοῦ
936 5269 1249 5324 ἀποστόλων
1273 5268 1566 5339 εύρέσεως;
1598 5268 1707 5320 Kal.

84 5373 119 5422 ὁ
170 5367 357 5439 μέγας
395 5367 703 5436 Ἀρτέμιος·
730 5366 827 5426 Τις
859 5364 955 5417 καὶ
979 5362 1165 5424 πόθεν,
1190 5354 1236 5414 ὧ
1258 5360 1513 5422 δέσποτα,
1546 5360 1573 5412 6
1593 5360 1710 5412 τοῦ·

78 5480 160 5519 το
181 5483 202 5519 θ
235 5465 371 5532 ἡμῖν
398 5461 487 5514 τὸν
513 5459 784 5530 θησαυρὸν
806 5456 1127 5527 φανερώσας
1152 5455 1214 5507 τὸ
1241 5456 1513 5525 τήμερονς
1548 5454 1657 5506 Kal.
1682 5456 1710 5507 6

88 5560 517 5619 Κωνστάντιος.
557 5554 617 5607 Ὀ
648 5552 749 5623 τῆς
792 5550 1014 5620 ’Λχαῖας
1078 5547 1378 5611 ἐπίσκοπος
1410 5549 1437 5600 ὀ
1473 5545 1568 5600 νῦν
1614 5548 1711 5615 ἐφ-

80 5651 329 5727 ορεύων
351 5653 407 5703 ὲν
435 5650 699 5719 Πάτραιςο
722 5642 837 5699 ἀλλ’
854 5640 1032 5704 ἄπιθι,
1055 5639 1268 5712 ἀνδρῶν
1289 5640 1499 5709 ἄριστε,
1534 5638 1632 5692 καὶ
1653 5638 1712 5691 τὸ

79 5750 289 5817 τάχος
342 5744 401 5796 ἐν
445 5734 1024 5796 Κωνσταντινουπόλει
1088 5733 1187 5803 τὴν
1252 5732 1456 5787 τούτων
1526 5730 1710 5786 ἄνοδον

85 5840 373 5906 ποίησον.

1800 4630 2121 4712 astantibus
2187 4630 2328 4682 dixit
2377 4649 2391 4684 :
2432 4628 2637 4685 Vocate
2692 4632 2825 4683 mihi
2890 4633 3222 4686 Attemium.
3286 4634 3389 4689 Cui

1776 4715 1991 4777 istatim
2038 4722 2293 4790 praesenti
2328 4722 2737 4789 :Congratulor
2768 4723 2888 4786 tibi,
2915 4723 3132 4792 inquit,
3166 4726 3249 4779 vir
3277 4742 3391 4779 om-

1804 4815 1956 4865 nium
2012 4811 2451 4879 religiosissime.
2507 4810 2813 4879 Respondit
2877 4814 3159 4869 Artemius
3199 4832 3209 4866 :
3256 4814 3389 4870 Mihi

1808 4912 2070 4973 perpetuo
2098 4902 2323 4964 laeteris,
2360 4900 2683 4969 imperator.
2711 4919 2813 4956 nec
2834 4903 3138 4974 quidquam
3168 4910 3388 4961 molesti

1808 5010 2047 5065 unquam
2102 5002 2157 5046 te
2232 4993 2685 5067 comprehendat.
2757 4996 3062 5063 Imperator
3126 5007 3307 5051 autem
3371 5018 3384 5052 :

1807 5087 2094 5152 Qum-isne
2120 5083 2323 5153 aliquid
2364 5084 2691 5151 jucundius,
2723 5099 2756 5137 o
2782 5099 3089 5139 anttcoium
3157 5088 3388 5154 optime,

1809 5178 2129 5231 inventione
2157 5188 2448 5241 corporum
2482 5173 2689 5227 Christi
2716 5175 3098 5243 apostolorum
3120 5175 3387 5246 ?.\lagnus

1807 5284 1940 5325 vero
1992 5268 2271 5321 Artemius
2313 5285 2322 5316 :
2358 5267 2493 5330 Quis
2532 5276 2585 5318 et
2614 5266 2780 5326 unde,
2844 5268 3045 5335 inquit,
3094 5268 3242 5321 hunc
3269 5269 3387 5323 tlte-

1811 5374 2037 5419 saurum
2086 5359 2248 5413 nobis
2301 5357 2465 5412 hodie
2528 5357 2926 5412 revelavit?Et
2968 5358 3385 5414 Constantius:

1811 5456 2035 5511 Achaiae
2098 5454 2443 5524 episc0pus,
2492 5452 2587 5522 qui
2648 5466 2797 5506 nunc
2855 5451 3115 5523 praesidet
3176 5451 3382 5506 Patris.

1815 5549 1921 5606 Sed
1975 5548 2144 5610 vade,
2203 5548 2448 5601 virorum
2516 5544 2768 5614 Optime,
2828 5560 3002 5615 eaque
3051 5544 3173 5601 sine
3235 5559 3385 5599 mora

1813 5640 2357 5711 Constantinopolim
2391 5646 2640 5709 exporta.
