4112 6448
131 361 246 428 1269

1379 363 1439 422 S.
1477 361 1801 422 ARTEMII
1837 360 2120 425 PASSIO.

3243 360 3379 426 1270

127 464 340 544 δήλωταί
369 488 463 542 μοι
515 474 610 529 καὶ
639 472 900 545 πρόσθεν,
957 472 1118 544 ἡνίκα
1171 473 1260 526 τὸν
1308 476 1442 544 περὶ
1487 475 1695 527 τούτων

1820 472 1866 529 le
1892 473 1960 528 iis
1997 474 2356 530 instituenam
2405 487 2742 541 sermonem,
2793 473 2861 529 ad
2921 472 3234 530 custodiam
3270 475 3381 531 Oc-

127 564 408 636 ἐποιούμην
438 565 618 634 λόγον,
652 568 744 621 ἐπὶ
772 568 987 638 φυλακῇ
1020 567 1128 620 τῶν
1159 566 1465 637 Ἕσπερίων
1494 568 1574 629 είς
1595 567 1696 628 τὰς

129 653 338 717 Γαλλίας
369 654 473 708 ὑπὸ
506 655 598 708 τού
635 657 1026 710 Κωνσταντίου
1050 657 1270 726 Καῖσαρ
1325 654 1694 725 ἀποδειχθεὶς,

130 747 273 810 αὐτὸς
317 748 410 800 ἐπὶ
440 749 622 802 πλεῖον
652 751 711 802 ἐν
732 750 811 818 τῷ
850 749 945 803 τοῦ
974 748 1250 818 Καίσαρος
1281 747 1522 817 σχήματι
1556 743 1698 800 εἶναι

131 840 198 910 μὴ
220 841 604 910 ἀνασχόμενος,
632 840 694 893 τό
724 858 782 894 τε
805 841 1040 910 διάδημα
1082 839 1438 912 περιτίθεται,
1480 839 1573 892 καὶ
1600 838 1700 908 τῆς

132 933 362 1003 μείζονος
386 931 721 986 ἀνθάπτεται
764 932 1064 1002 βασιλείας.
1110 933 1265 986 Ἐπεὶ
1289 931 1344 984 δὲ
1375 930 1701 985 ἀντελάϐετο

127 1023 225 1075 τῶν
265 1025 628 1093 πραγμάτων,
669 1024 854 1077 οὐκέτι
883 1024 1080 1095 μικρὸν
1133 1022 1283 1075 οὐδὲν
1314 1023 1535 1087 ἐνενόει,
1579 1022 1701 1075 οὐδὲ

127 1114 421 1183 διαμέλλειν
451 1114 758 1182 ἐγίγνωσκε
789 1115 901 1168 δεῖν
923 1132 934 1143 ·
959 1115 1097 1168 ἀλλὰ
1132 1113 1231 1184 τὴν
1264 1112 1536 1184 Εὐρώπην
1566 1114 1703 1176 τέως

129 1205 212 1272 ὑφ’
231 1205 406 1276 ἐαυ.ῷ
421 1206 750 1276 ποιήσασθαι
773 1208 957 1261 πᾶσαν
984 1206 1184 1259 ἐθέλων
1210 1207 1383 1275 ὁπόση
1408 1205 1704 1275 Ῥωμαίοις

132 1297 411 1361 ὑπακούει,
467 1298 545 1369 τῷ
575 1299 793 1370 στρατῷ
848 1299 1250 1369 συνταξάμενος
1276 1300 1363 1351 διὰ
1408 1299 1704 1368 Γερμανῶν

127 1391 216 1443 ἐπὶ
241 1391 331 1442 τὸν
362 1391 574 1459 Ἴστρον
600 1390 817 1461 ἐχώρει,
868 1391 964 1444 καὶ
995 1390 1097 1459 τῆς
1135 1389 1310 1458 πέραν
1343 1389 1511 1459 ὄχθης
1540 1388 1704 1440 λαϐό-

130 1499 304 1552 μενος,
331 1482 418 1535 διὰ
439 1481 546 1534 τῶν
573 1482 787 1551 ἐκείνης
813 1484 1033 1552 χωρίων
1065 1480 1298 1551 ἧλαυνεν
1321 1499 1332 1511 ·
1363 1481 1706 1550 ἀμφοτέρους

125 1573 246 1633 τοὺς
270 1573 549 1641 ὑπάρχους
578 1569 868 1634 διαλαθὼν,
902 1570 995 1622 τὸν
1028 1586 1090 1622 τε
1123 1569 1232 1621 τῶν
1291 1567 1532 1621 Ἰταλιῶν
1565 1566 1708 1620 Ταΰ-

127 1681 217 1734 ρον
245 1662 386 1715 οὕτω
415 1662 754 1732 καλούμενον
795 1664 890 1715 καὶ
914 1662 1006 1715 τὸν
1044 1660 1319 1729 Ἰλλυριῶν
1363 1659 1704 1728 Φλορέντιον.

127 1752 277 1826 [555]
320 1753 473 1804 Ἐπεί
500 1754 556 1806 δὲ
585 1751 728 1806 κατὰ
752 1753 981 1814 Παίονας
1012 1752 1251 1819 ἐγένετο,
1275 1747 1468 1810 διαϐάς
1497 1747 1589 1802 ἐπὶ
1615 1746 1711 1802 θά-

1799 565 2039 620 cidentis
2076 567 2130 620 in
2189 564 2385 620 Galliis
2435 581 2463 619 a
2492 565 2823 622 Constantio
2856 566 3040 623 Caesar
3083 567 3367 622 denuntiav

1799 665 1916 724 tus,
1977 658 2196 714 diutius
2240 658 2297 713 in
2360 657 2551 712 habitu
2591 659 2830 715 Caesaris
2889 674 3244 730 perseverare
3271 673 3382 713 non

1800 747 2007 811 ferens.
2043 749 2216 804 cinxit
2245 757 2414 818 caput
2443 749 2766 804 diademate
2794 758 2850 804 et
2876 751 2944 804 ad
2977 766 3250 805 summum
3279 750 3385 805 im—

1802 841 2020 911 perium
2081 841 2358 896 ascendit.
2411 839 2714 914 Postquam
2751 851 2932 896 autem
2973 842 3107 897 illud
3148 857 3388 913 usurpa-

1802 943 1993 1000 verat,
2037 933 2175 987 nihil
2222 932 2336 1003 jam
2395 949 2629 1004 parvum
2686 934 3010 1004 reputabat,
3064 950 3245 1004 neque
3276 936 3389 990 exi-

1804 1024 2064 1079 stimabat
2100 1025 2477 1079 cunctandum
2509 1040 2660 1081 esse.
2695 1024 2802 1080 Sed
2834 1036 3004 1080 totam
3029 1042 3152 1095 qua:
3181 1025 3386 1081 Roma-

1805 1121 1894 1175 nis
1925 1119 2112 1175 obedit
2150 1121 2426 1192 Eumpam
2456 1121 2603 1176 illico
2634 1121 2689 1175 in
2722 1137 2879 1176 suam
2910 1121 3104 1176 volens
3135 1121 3387 1190 redigere

1805 1221 2136 1280 potestatem
2163 1255 2179 1279 ,
2229 1215 2506 1268 instructo
2536 1215 2806 1276 exercitu,
2843 1229 2939 1282 per
2983 1211 3291 1267 Germanos
3318 1212 3385 1266 ad

1807 1305 2116 1361 Danubium
2151 1308 2428 1378 perrexit;
2471 1315 2526 1360 et
2552 1321 2678 1360 cum
2727 1306 3048 1360 ulteriorem
3091 1309 3266 1376 ripam
3301 1313 3389 1359 at-

1807 1399 2045 1468 tigisset,
2079 1413 2174 1466 per
2205 1399 2325 1451 loca
2360 1397 2516 1452 illius
2551 1395 2790 1452 ducebat
2820 1397 3164 1460 exercitum,
3192 1395 3391 1451 ambos

1809 1491 2099 1559 praefectos
2132 1493 2317 1544 latens
2347 1529 2362 1553 ,
2394 1489 2562 1543 Italiae
2609 1489 2826 1544 scilicet
2875 1488 3117 1542 Taurum
3142 1530 3155 1553 ,
3208 1496 3266 1541 ut
3295 1503 3392 1541 vo-

1809 1581 2066 1643 cabatur,
2098 1589 2152 1636 et
2185 1581 2385 1651 Illyrici
2431 1578 2797 1634 Florentium.
2832 1577 3132 1648 Postquam
3172 1578 3394 1635 devenit

1812 1673 1879 1727 ad
1929 1672 2183 1736 Paeones,
2241 1673 2531 1728 traductus
2588 1671 2831 1737 ﬂumen,
2887 1671 3074 1726 statim
3126 1671 3392 1740 integram

1813 1761 2056 1833 lllyriam
2105 1761 2211 1817 sibi
2259 1760 2532 1829 subjecit,
2581 1775 2802 1814 necnon
2851 1759 3095 1826 Italiam,
3136 1767 3192 1814 et
3218 1773 3396 1827 usque

123 1863 256 1914 τερα
290 1847 380 1898 τὸν
405 1845 670 1914 ποταμὸν,
690 1844 890 1896 αὐτίκα
920 1844 1018 1911 τήν
1035 1858 1094 1894 τε
1124 1839 1389 1909 Ἰλλυρίδα
1415 1841 1595 1892 πᾶσαν
1617 1839 1706 1908 ὑφ’

1820 1832 1888 1906 ad
1910 1851 2189 1907 Oceanum
2221 1850 2620 1906 occidentalem
2649 1851 2944 1906 universas
2977 1857 3201 1919 gentes.
3237 1859 3394 1919 qum-

124 1937 300 2006 ἐαυτῴ
325 1938 428 2006 γῆν
452 1931 588 2004 εἶχε,
630 1934 724 1988 καὶ
747 1934 847 1997 τὰς
890 1933 1137 1999 Ἰταλίας,
1166 1933 1261 1984 καὶ
1290 1932 1359 1983 τὰ
1404 1931 1567 2001 μέχρι
1615 1930 1709 1984 τοῦ

125 2028 378 2096 ἑσπερίου
428 2023 671 2078 ὠκεανοῦ
714 2025 1007 2096 σύμπαντα
1056 2023 1184 2094 ἔθνη
1216 2022 1387 2076 ὁπόσα
1440 2024 1538 2092 τῆς
1578 2022 1711 2075 Ῥωο

127 2119 304 2188 μαίων
339 2117 756 2188 ἐπικρατήσεως
791 2112 881 2186 ἦν.

199 2261 266 2308 κ’.
313 2253 372 2308 '0
400 2253 455 2306 δὲ
484 2251 863 2316 Κωνστάντιος
896 2253 1068 2307 ταῦτα
1096 2254 1185 2308 διά
1226 2253 1334 2307 τῶν
1363 2253 1712 2325 γραμμάτων

125 2343 340 2416 μαθὼν,
395 2342 670 2416 ἐταράχθη
705 2360 763 2395 τε
795 2342 984 2413 ὥσπερ
1040 2344 1130 2397 καὶ
1161 2343 1305 2404 είκδς
1337 2339 1426 2412 ἦν,
1463 2341 1558 2394 καὶ
1585 2340 1713 2412 περὶ

121 2435 228 2504 τῆς
251 2434 879 2496 Κωνσταντινουπόλεως
931 2435 1168 2504 μάλιστα
1224 2433 1410 2495 δείσας
1445 2433 1542 2503 μὴ,
1577 2434 1714 2503 ὅπερ

125 2529 379 2589 κάκεῖνος
400 2527 655 2578 διενοεῖτο
677 2526 956 2594 φθάσειεν,
976 2526 1144 2595 αὐτὴν
1169 2525 1257 2594 ὑφ’
1273 2525 1466 2578 ἑαυτὸν
1497 2527 1717 2596 ποιησά-

125 2636 311 2688 μενος,
337 2620 595 2688 ἠπείγετο
622 2614 714 2671 οὖν
750 2620 891 2672 κατὰ
915 2619 976 2671 τὺ
998 2618 1224 2671 δυνατὸν
1251 2616 1712 2687 προκαταλαϐεῖν.

136 2709 231 2762 Ἐν
256 2710 365 2780 ὅσῳ
385 2710 440 2762 δὲ
473 2711 502 2761 ό
528 2709 753 2780 στρατὸς
791 2709 940 2779 αύτῴ
977 2710 1292 2776 συνελέγετο
1322 2709 1465 2762 κατὰ
1488 2709 1586 2772 τὰς
1618 2708 1717 2762 πό·

121 2801 242 2862 λεις
264 2803 363 2871 τῆς
408 2799 581 2863 Ἐὼας
615 2801 1035 2871 ἐσκεδασμένος,
1082 2803 1175 2854 καλ
1219 2800 1440 2872 ἔμελλεν
1485 2801 1718 2870 ἐξαρτύ-

121 2889 285 2943 εσθαι
314 2890 388 2953 ὡς
421 2891 555 2960 πρὸς
583 2890 848 2959 τοσαύτην
875 2893 1014 2955 ὁδὸν,
1048 2891 1305 2962 σημαίνει
1332 2895 1444 2955 τοῖς
1495 2894 1718 2946 ἐπισκό-

119 2999 256 3045 ποις
284 2982 362 3043 είς
409 2982 508 3051 τὴν
540 2982 774 3034 Νίκαιαν
820 2982 981 3036 αὑτὸν
1013 2983 1087 3045 ὡς
1131 2987 1212 3036 ότι
1239 2983 1471 3053 τάχιστα
1517 2983 1718 3052 φθῆναι

119 3073 630 3144 προαφικομὲνους·
685 3077 922 3144 ἐμελέτα.
981 3077 1088 3145 γὰρ
1150 3076 1408 3145 δευτέραν
1466 3077 1522 3128 ἐν
1580 3077 1717 3146 αὐτῇ

1811 1951 1946 2014 quot
1978 1951 2138 1998 erant
2166 1941 2385 2013 imperii
2424 1939 2825 1996 “orizaiiorum.

1883 2251 1973 2308 20.
1997 2250 2130 2306 Cum
2167 2251 2284 2307 haec
2314 2265 2410 2321 per
2438 2250 2653 2305 litteras
2685 2247 2976 2304 didicisset
2998 2248 3397 2314 Constantius,

1814 2360 1920 2415 qua
1951 2358 2048 2414 par
2092 2354 2209 2398 erat
2243 2343 2670 2397 conturbatione
2715 2341 3049 2411 perstrictus
3072 2339 3175 2395 fuit
3198 2378 3216 2404 ,
3249 2347 3304 2395 et
3331 2340 3400 2395 de

1814 2435 2311 2504 Constantinopoli
2358 2433 2656 2488 admodum
2706 2432 2908 2488 timens
2973 2449 3064 2496 ne,
3101 2435 3245 2503 quod
3307 2432 3401 2488 ille

1816 2525 2004 2578 animo
2035 2524 2361 2593 cogitabat,
2395 2538 2461 2577 ea
2495 2525 2650 2593 prior
2680 2523 2978 2592 potiretur,
3013 2522 3148 2577 totis
3187 2522 3398 2578 viribus

1817 2615 2116 2671 festinabat
2156 2629 2277 2669 eam
2329 2630 2738 2686 pueoccupare.
2791 2613 3014 2670 Interim
3069 2615 3198 2668 dum
3231 2615 3300 2669 ab
3333 2630 3400 2670 eo

1817 2707 2190 2776 colligebatur
2249 2706 2532 2760 exercitus
2598 2707 2893 2775 dispersus
2973 2721 3069 2774 per
3146 2707 3401 2762 civitates

1818 2799 2087 2862 Orientis,
2149 2805 2203 2852 et
2247 2798 2369 2867 ipse
2418 2813 2478 2852 se
2537 2799 2765 2867 parabat
2820 2799 2886 2850 ad
2948 2805 3155 2852 tantam
3218 2803 3396 2863 viam,

1822 2887 2104 2943 mandavit
2162 2887 2442 2956 episcopis
2498 2893 2558 2940 ut
2613 2885 2848 2940 Nicaeam
2900 2901 3062 2955 quan
3130 2886 3404 2940 οιιίε.ιίιιια

1819 2997 1943 3036 eum
1977 2981 2361 3050 praevenirent.
2421 2978 2749 3032 Intendcbat
2794 2993 2940 3031 enim
3007 2979 3307 3033 s--cundam
3345 2979 3403 3032 in

1820 3087 1883 3128 ea
1911 3073 2135 3128 civitate
2169 3086 2509 3140 congregare
2551 3070 2822 3141 synodum
2846 3111 2860 3135 ,
2911 3071 2982 3124 ab
3030 3071 3212 3140 impiis
3244 3071 3405 3123 Aria-

121 3165 501 3236 συγκροτῆσαι
533 3167 772 3231 σύνοδον,
810 3169 958 3238 παρὰ
991 3167 1098 3220 τῶν
1124 3168 1401 3221 δυσσεϐὦν
1425 3168 1718 3239 Ἀρειανῶν

1826 3165 1916 3220 nis
1950 3163 2226 3219 adversus
2272 3162 2910 3217 consubstantialitatem
2939 3163 3233 3216 excitatus.
3266 3161 3402 3215 Cum

118 3261 276 3311 κατὰ
326 3257 420 3310 τοῦ
461 3259 747 3327 ὁμοουσίου
783 3259 1280 3329 παροτρυνόμενος.
1324 3260 1477 3311 Ἐπεὶ
1513 3259 1573 3314 δὲ
1619 3261 1722 3328 τὴν

118 3348 391 3404 Κιλικίαν
413 3348 700 3412 διεξελθὼν
745 3353 823 3411 εἰς
857 3351 953 3413 τας
983 3349 1174 3417 Μόψου
1223 3350 1562 3420 καλουμένας
1586 3351 1722 3421 κρή-

117 3457 225 3502 νας
256 3438 504 3506 ἀφίκετο,
533 3438 786 3492 ἀσθένειά
817 3455 898 3502 τις
929 3439 1078 3509 αὐτῷ
1102 3438 1432 3503 ἐξαπιναίως
1462 3440 1726 3509 προσέπεε

115 3548 257 3599 χσε,
297 3530 391 3582 καλ⁸
417 3529 517 3598 οὺχ
541 3524 650 3591 οἶός
682 3546 739 3581 τε
761 3529 826 3599 ην
853 3533 933 3581 ἐτι
958 3531 1018 3582 τὸ
1052 3530 1240 3600 πρόσω
1268 3532 1486 3600 χωρεῖν.
1526 3531 1616 3593 Ὦς
1667 3530 1726 3583 δὲ

114 3624 336 3693 ᾔσθετο
359 3619 576 3690 φαύλως
604 3620 742 3691 ἔχων
778 3621 880 3691 ἤδη
909 3622 1003 3674 καὶ
1030 3623 1128 3673 οὐκ
1152 3621 1218 3674 ἂν
1251 3621 1606 3690 βιωσόμενος,
1625 3620 1726 3692 τὴν

111 3715 401 3783 ταχίστην
447 3714 538 3766 τὸν
588 3713 917 3783 Ἀντιοχείας
963 3715 1265 3766 ἐπίσκοπον
1302 3713 1724 3782 μεταπέμπεται

115 3805 401 3871 Εὑζώῑον,
421 3805 514 3858 καὶ
542 3803 691 3874 αύτῷ
716 3804 972 3874 βαπτίσαι
1001 3805 1161 3858 αὐτὸν
1189 3806 1506 3873 ἐπιτρέπει·
1539 3804 1728 3874 βαπτι-

114 3899 377 3967 σὸιμενος
401 3896 456 3948 δὲ
484 3897 579 3948 καὶ
617 3895 813 3966 μικρὸν
837 3895 1102 3960 ἐπιϐιοὺς,
1134 3895 1324 3949 αὐτόθι
1348 3894 1633 3965 προλείπει
1666 3895 1727 3946 τὸ

112 3991 267 4060 ζῇν,
315 3987 639 4057 βασιλεύσας
661 3989 731 4041 τά
763 3987 1054 4058 σύμπαντα
1083 3987 1178 4056 ἔτη
1201 3987 1634 4055 τεσσαράκοντα,
1657 3987 1727 4037 τα

114 4083 240 4152 μὲν
284 4080 490 4149 ἡμίσεα
522 4080 660 4148 μετά
691 4077 784 4130 τοῦ
819 4077 1046 4150 πατρὸς,
1077 4077 1146 4130 τά
1169 4077 1225 4129 δὲ
1259 4077 1514 4129 ἐπίλοιπα
1546 4076 1724 4146 μόνος.

106 4170 315 4225 Αρτὸν
338 4169 393 4222 δὲ
420 4171 452 4238 ἡ
483 4169 738 4238 στρατεία
753 4167 1153 4238 ὀλοφυραμένη,
1183 4168 1277 4220 καὶ
1307 4168 1376 4219 τά
1399 4167 1730 4236 νομιζόμενα

108 4261 221 4318 ἐπ’
266 4261 414 4332 αὐτῷ
453 4261 741 4323 τελέσασῑ-ῖ,
793 4259 1024 4329 λάρνακι
1079 4260 1267 4312 τοῦτον
1316 4259 1591 4321 ἐνέθεσαν,
1619 4262 1730 4322 τοῖς

110 4356 396 4412 εἰωθόσιν
429 4356 507 4416 είς
564 4354 624 4406 τὸ
651 4354 932 4422 διαρκέσαι
991 4353 1354 4416 σκευάσαντες
1394 4352 1485 4404 τὸν
1516 4352 1729 4420 νεκρὸν,

110 4449 228 4504 καὶ
261 4449 346 4510 είς
382 4445 714 4516 ἀρμαμάξαν
744 4444 1041 4515 ἐνθέμενοι,
1063 4445 1316 4514 ἐκόμιζον
1351 4445 1442 4497 ἐπὶ
1469 4443 1568 4514 τὴν
1587 4445 1732 4496 Κων-

112 4536 634 4598 στσιντινούπολιν,
702 4536 799 4587 σὺν
858 4537 972 4597 τοῖς
1013 4537 1235 4596 οίκείοις
1286 4535 1504 4588 ἕκαστοι
1546 4535 1730 4598 ὅπλοις

105 4628 299 4697 afri?)
327 4629 674 4696 ἐφεπόμενοι,
707 4630 800 4681 καὶ
840 4630 980 4682 κατὰ
1008 4628 1098 4682 τὸν
1121 4627 1284 4680 αὑτὸν
1319 4628 1524 4698 κόσμον
1565 4631 1732 4695 όνπερ

101 4722 228 4776 καὶ
295 4717 493 4782 ζῶντος
530 4719 634 4770 ὑπὸ
681 4722 792 4782 τοῖς
837 4719 1068 4790 ἡγεμόσι
1119 4719 1443 4788 τεταγμένοι
1505 4719 1736 4789 ἐτύγχα-

98 4831 247 4867 νῦν.

191 4938 373 5014 [556]
406 4940 515 4995 κα’.
547 4933 707 4994 Οὗτοι
764 4939 865 5010 μὲν
909 4938 998 4992 διὰ
1029 4939 1130 5009 τὴν
1163 4936 1737 4993 Κωνσταντινούπολιν

89 5035 289 5108 εἶχον
323 5032 548 5102 ἄγοντες
567 5033 660 5086 τὸν
680 5032 895 5105 νεκρὸν,
935 5032 1029 5086 καὶ
1072 5031 1358 5096 Ἰουλιανὸς
1391 5034 1735 5105 συνομάρτη-

91 5148 217 5185 σεν
247 5129 331 5180 ὲκ
354 5124 462 5177 τῶν
501 5124 776 5195 Ἰλλυριῶν
823 5125 1176 5196 ἀφικόμενος,
1219 5126 1314 5179 καὶ
1367 5124 1470 5196 ήδη
1503 5124 1738 5194 βεϐαίως

86 5223 284 5294 ἔχων
320 5217 417 5288 τὴν
446 5219 627 5271 πᾶσαν
679 5217 980 5288 βασιλείαν,
1013 5218 1226 5278 οὐδενὸς
1270 5217 1432 5270 αὑτὸν
1465 5217 1605 5288 μετὰ
1645 5218 1738 5270 τὸν

86 5310 538 5370 Κωνσταντίου
599 5310 829 5364 θάνατον
879 5310 1270 5381 ἐναντιωθῆναι
1341 5309 1735 5380 τολμήσαντος.

81 5402 536 5477 Κομιζομένου
561 5403 618 5457 δὲ
641 5402 735 5457 τοῦ
766 5404 964 5474 νεκροῦ
989 5404 1082 5456 ἐπὶ
1111 5401 1190 5473 τῷ
1217 5401 1322 5472 νεῷ
1345 5402 1454 5455 τῶν
1482 5402 1739 5456 Ἀποστό-

83 5502 271 5560 λων,
315 5497 408 5548 ἕνα
442 5512 550 5566 περ
587 5495 750 5549 αὐτὸν
776 5495 1119 5566 καταθήσειν
1146 5493 1374 5565 πλησίον
1406 5492 1500 5547 τοῦ
1533 5494 1739 5565 πατρὸς

77 5589 404 5666 ἔμελλον,
422 5586 586 5652 αὐτὸς
599 5589 787 5658 ἡγεῖτο
809 5589 910 5659 τῆς
932 5588 1143 5659 κλίνης,
1175 5587 1236 5640 τὺ
1256 5587 1408 5657 δίαδη
1418 5604 1495 5656 μα
1523 5589 1622 5656 τὴς
1648 5604 1738 5640 κε-

80 5683 332 5758 φαλῆς
356 5678 646 5750 περιελών.
695 5680 847 5733 Ἐπεὶ
877 5679 934 5734 δὲ
966 5679 1177 5748 ἔθαψαν
1201 5678 1390 5742 αὑτὸν,
1425 5679 1518 5729 ἐπὶ
1545 5678 1615 5730 τὰ
1638 5677 1739 5746 βα·

80 5778 331 5834 υελεια
362 5771 459 5843 ἤδη
484 5772 982 5846 ἀπαλλαττόμενος.
1037 5773 1098 5826 τό
1139 5791 1196 5827 τε
1250 5771 1492 5842 διάδημα
1515 5771 1739 5825 ἐπέθττο

1823 3271 1977 3320 vero,
2011 3256 2345 3310 transmissa
2373 3253 2602 3318 Cilicia,
2640 3254 2707 3307 ad
2757 3252 2966 3322 Mopsi,
3017 3264 3079 3307 ut
3114 3261 3404 3318 vocantur,

1825 3347 2004 3404 fontes
2038 3349 2419 3419 pervenisset,
2473 3346 2658 3400 subita
2709 3345 2865 3400 illum
2920 3346 3216 3400 infirmitas
3249 3345 3406 3400 inva-

1825 3441 1935 3507 sit,
1970 3455 2073 3495 nec
2119 3447 2335 3509 poterat
2379 3439 2614 3492 ulterius
2669 3436 2946 3508 progredi.
2997 3437 3066 3489 At
3099 3437 3190 3490 υίιι
3231 3437 3407 3491 sensit

1828 3549 1888 3589 se
1923 3532 2036 3601 jam
2070 3532 2211 3584 male
2259 3531 2495 3593 habere,
2562 3544 2664 3583 nec
2728 3528 2913 3581 forsan
2969 3528 3252 3581 victuruan
3282 3541 3410 3582 esse

1827 3624 2092 3694 amplius,
2167 3637 2334 3690 quam
2408 3620 2676 3673 citissime
2727 3619 3035 3672 Antiochia:
3089 3622 3406 3689 episc0pum

1827 3714 2094 3770 Euzoium
2135 3713 2468 3776 accersivit,
2535 3719 2591 3766 et
2641 3711 2712 3764 ab
2772 3726 2840 3764 eo
2899 3712 3058 3780 petiit
3114 3712 3405 3780 baptizari.

1827 3805 1895 3860 Et
1927 3814 2051 3875 post
2099 3813 2420 3873 susceptum
2463 3803 2798 3870 baptismum
2861 3817 3058 3870 parum
3101 3811 3408 3870 superstes,

1827 3915 1894 3954 eo
1927 3899 2048 3952 loco
2080 3912 2112 3953 e
2170 3898 2283 3950 vita
2321 3897 2580 3957 excessit,
2621 3909 2744 3948 eum
2801 3895 3128 3963 imperasset
3163 3895 3411 3964 integros

1828 3987 2196 4056 quadraginta
2221 3999 2418 4044 annos.
2453 3984 2644 4054 viginti
2679 3983 2900 4053 quidem
2937 3998 3061 4036 cum
3102 3995 3262 4052 patre
3313 4000 3405 4038 re-

1831 4079 2014 4148 liquos
2075 4085 2259 4131 autem
2317 4077 2488 4131 solus.
2565 4074 2817 4143 Cumque
2870 4090 2996 4129 eum
3090 4075 3406 4130 deflev:sset

1830 4171 2110 4225 exercitus
2153 4175 2209 4222 et
2250 4167 2404 4235 justa
2442 4167 2493 4221 ei
2546 4165 2793 4230 fecisset,
2848 4166 3034 4220 loculo
3071 4167 3415 4222 incluserunt

1831 4260 2071 4316 cadaver
2124 4261 2470 4312 :nomatibus
2507 4256 2796 4311 conditum
2842 4273 2967 4328 quae
3019 4257 3273 4312 adhiberi
3320 4274 3414 4313 so-

1833 4353 1946 4407 lent
1978 4352 2046 4406 ad
2077 4355 2480 4406 conservatiom
2506 4366 2582 4413 an;
2623 4349 2826 4402 deinde
2859 4363 3048 4401 currui
3087 4350 3410 4417 impositum

1834 4444 2082 4498 tulerunt
2121 4441 2699 4510 Constantinopolim,
2754 4455 2882 4494 cum
2917 4443 3159 4509 propriis
3211 4442 3416 4507 singuli

1760 4509 1806 4566 υ
1835 4535 2365 4603 armis‘sequentes,
2397 4540 2451 4585 et
2492 4532 2547 4585 in
2579 4531 2770 4586 eodem
2812 4543 3009 4585 ornatu
3044 4548 3205 4601 quem
3239 4548 3416 4588 unus-

1833 4625 2091 4694 quisque,
2135 4622 2264 4676 dum
2319 4623 2433 4692 ipse
2469 4623 2712 4686 viveret,
2761 4623 2864 4677 sub
2896 4623 3220 4678 ductoribus
3248 4624 3416 4679 babe-

1836 4714 1950 4770 bat.

1908 4952 1999 5006 21.
2039 4952 2221 5019 Atque
2253 4952 2292 5007 ii
2327 4950 2548 5020 quidem
2580 4950 3116 5022 Constantinopolim
3147 4963 3420 5009 venerunt

1838 5043 2107 5099 ducentes
2143 5059 2367 5112 corpus.
2401 5041 2640 5098 Venitet
2677 5041 2935 5099 Julianus
2985 5059 3049 5099 ex
3080 5045 3264 5115 Illyria
3289 5062 3419 5115 pro-

1839 5135 2042 5200 fectus,
2070 5135 2300 5205 jamque
2357 5135 2470 5188 fimi
2505 5146 2589 5186 ter
2647 5148 2838 5190 tenens
2885 5136 3204 5190 universum
3246 5137 3421 5208 impe-

1837 5227 2023 5290 rium,
2087 5229 2308 5280 nemine
2364 5236 2487 5296 post
2539 5226 2856 5281 Constantii
2903 5229 3119 5281 obitum
3179 5243 3318 5284 auso
3366 5230 3419 5285 ei

1837 5332 2169 5387 repugnare.
2203 5319 2340 5371 Cum
2392 5319 2630 5374 ferretur
2676 5319 2926 5373 defuneii
2989 5335 3193 5389 corpus
3228 5321 3293 5374 ad
3328 5337 3418 5376 ec--

1839 5410 2063 5464 clcsiam
2096 5409 2524 5479 Apostolorum,
2575 5411 2666 5465 ubi
2709 5411 2866 5480 juxta
2919 5421 3126 5480 patrem
3183 5420 3300 5466 erat
3331 5421 3420 5467 tu-

1838 5501 2197 5563 mulanduni,
2258 5501 2372 5570 ipse
2419 5500 2673 5556 Julianus
2703 5541 2716 5565 ,
2760 5502 3014 5572 deposito
3069 5501 3419 5568 diademate,

1842 5593 2044 5648 lectum
2098 5593 2466 5663 prmedebat.
2544 5592 2844 5669 Postquam
2897 5609 3028 5648 vero
3081 5596 3421 5663 sepelerunt

1846 5692 2159 5746 mortuum,
2204 5685 2259 5738 in
2305 5685 2573 5754 palatiuzu
2621 5685 2823 5749 redux,
2865 5692 2920 5738 et
2948 5685 3258 5739 diademate
3297 5702 3422 5740 rur-

1847 5790 1943 5830 sus
1980 5774 2149 5846 capiti
2182 5776 2444 5846 imposito
2470 5817 2483 5844 ,
2518 5792 2700 5833 rerum
2731 5777 3070 5847 potiebatur,
3117 5779 3269 5834 solus
3304 5781 3417 5849 jam
