4112 6448
142 390 259 454 1273

1400 386 1459 446 S.
1502 382 1826 445 ARTEMII
1860 382 2146 443 PASSIO.

3227 383 3365 450 1274

192 498 270 550 24.
312 494 369 548 Ὀ
395 492 452 546 δὲ
492 491 748 563 βασιλεὺς
782 491 1072 556 Ἰουλιανὸς
1098 492 1180 545 ἔτι
1230 491 1373 546 κατὰ
1399 492 1499 563 τὴν
1537 493 1690 546 Κων-

1863 487 1953 541 24.
1992 488 2299 559 Imperator
2349 497 2537 545 autem
2572 488 2828 547 Julianus
2879 488 3362 566 Constantinopoli

130 583 545 643 σταντινούπολιν
597 580 802 635 διεῖλκέ
857 598 982 635 τινα
1036 580 1252 652 χρόνον,
1286 581 1355 633 τὰ
1410 581 1467 633 ὲν
1511 579 1685 651 ταύτῃ

128 675 380 749 κρατύνας
401 676 481 739 είς
514 672 663 746 [558]
684 675 822 744 ὅπερ
851 673 1136 744 ἐνομίζετο
1178 673 1415 743 μάλιστα
1438 675 1504 743 τῇ
1532 671 1687 742 βασι⁹

127 768 234 838 λείᾳ
255 765 574 837 συμφέρειν,
613 766 710 819 καὶ
744 765 893 826 ὅπως
932 766 961 818 6
988 764 1340 834 Ἑλληνισμὸς
1370 762 1520 833 αὐτῷ
1549 762 1687 832 πρὸς

125 857 183 911 τὸ
204 855 605 928 μεγαλειότερον
624 853 832 925 ἐξαρθῇ
865 855 1088 907 σκοπῶν
1105 870 1163 906 τε
1188 856 1282 907 καὶ
1303 855 1687 923 πραγματευό·

129 961 304 1019 μενος⁶
332 947 472 1018 ἄρας
517 945 612 1000 οὑν
678 948 743 999 ὲκ
791 946 888 1016 τῆς
934 946 1558 1009 Κωνσταντινυυπόλεως
1591 945 1688 999 σὺν

127 1041 275 1093 παντὶ
296 1039 373 1110 τῷ
407 1038 626 1111 στρατῷ
649 1039 748 1108 τὴν
782 1038 876 1091 ἐπὶ
902 1038 1004 1108 τῆς
1036 1038 1237 1110 Συρίας
1278 1039 1518 1091 ἐποιεῖτο
1545 1037 1684 1090 ὁδόν.

125 1128 341 1184 Διελθὼν
391 1129 575 1183 τοίνυν
606 1128 825 1183 ἃπασαν
846 1129 944 1199 τὴν
989 1128 1251 1199 Φρυγίαν,
1280 1129 1375 1181 καὶ
1422 1127 1557 1198 πρὸς
1589 1126 1687 1198 τὴν

125 1221 346 1292 ἐσχάτην
375 1220 547 1290 αὐτῆς
588 1219 746 1272 πόλιν
773 1219 835 1273 τὸ
858 1216 1195 1289 καλούμενον
1234 1217 1450 1271 Ἰκόνιον
1486 1234 1691 1271 καταν-

124 1313 302 1383 τήσας,
334 1310 579 1377 ἐξέκλινε
613 1309 715 1379 τήν
753 1307 1029 1379 Ἰσαυρίαν
1073 1306 1415 1372 καταλιπὼν,
1467 1307 1561 1361 καὶ
1598 1306 1690 1360 τὸν

124 1404 401 1473 λεγόμενον
433 1402 649 1474 Ταῦρον
684 1401 1062 1472 ὑπεραναὸὰς,
1088 1397 1251 1473 ἦλθεν
1269 1401 1361 1454 ἐπὶ
1378 1400 1475 1465 τὰς
1505 1400 1690 1465 πόλεις

122 1500 215 1566 τῆς
246 1494 519 1561 Κιλικίας,
571 1493 665 1548 καὶ
714 1493 791 1563 τῷ
839 1493 1066 1565 σταθμῷ
1097 1493 1487 1565 προσπελάσας
1525 1493 1602 1564 τῷ
1631 1494 1689 1546 ὲν

134 1587 297 1658 Ἰσσῷ,
329 1586 495 1642 αὐτοῦ
517 1589 876 1658 κατασκηνοῖ,
907 1586 999 1639 τὸν
1034 1589 1101 1641 ὲκ
1133 1587 1475 1650 Μακεδονίας
1507 1586 1691 1651 Ἀλέξ·

123 1678 305 1747 ανδρον
343 1677 762 1748 μιμησάμενος·
792 1677 980 1732 αὐτόθι
1011 1678 1118 1749 γάρ
1150 1679 1405 1742 κάκεῖνος
1432 1682 1489 1731 ὲν
1533 1676 1691 1748 Ἰσσῷ

121 1766 210 1818 τὸν
230 1766 357 1837 πρὸς
387 1769 615 1837 Δαρεῖον
640 1766 751 1820 τῶν
779 1766 1009 1838 Περσῶν
1049 1765 1277 1837 βασιλέα
1321 1767 1687 1837 συνεκρότησε

122 1858 367 1928 πόλεμον,
399 1859 494 1913 καὶ
540 1860 731 1913 τοῦτον
775 1837 1027 1929 νικήσας,
1084 1859 1357 1929 ἐπίσημον
1387 1860 1479 1911 τὸν
1524 1858 1686 1911 τόπον
1720 1837 1760 1893 Β

123 1948 425 2016 εἰργάσατο,
459 1948 702 2002 Ἐκεῖθεν
732 1950 827 2003 τὸν
860 1949 1093 2002 Ἰσσικὸν
1112 1948 1311 2002 κόλπον
1328 1948 1686 2020 διαπεράσας,

121 2034 276 2109 ἦλθεν
302 2040 357 2092 ὲν
382 2040 589 2109 Ταρσοῖ
618 2043 684 2111 τῇ
710 2040 899 2094 πόλει·
941 2040 1199 2094 κάκεῖθεν
1240 2042 1319 2103 είς
1362 2039 1690 2109 Ἀντιόχειαν

121 2130 446 2201 θυμομαχῶν
481 2131 624 2185 κατὰ
652 2131 762 2184 τῶν
786 2130 1130 2200 Χριστιανῶν
1158 2131 1254 2184 καὶ
1284 2130 1693 2203 ὲπαπειλούμε-

118 2239 206 2285 νος
229 2224 286 2276 τὸ
308 2224 513 2277 τούτων
544 2225 622 2287 είς
647 2222 795 2277 ἅπαν
839 2223 1144 2292 ἐξαλείφειν
1173 2224 1364 2293 ὄνομα.

189 2322 282 2369 κε’.
325 2313 564 2369 Ἐλθόντι
590 2314 879 2385 τοιγαροῦν
902 2314 979 2385 τῷ
1011 2316 1260 2386 τυράννῳ
1291 2315 1349 2367 ὲν
1388 2313 1693 2385 Ἀντιοχείᾳ

116 2410 181 2479 τῇ
208 2407 353 2461 πόλει
376 2407 472 2460 καὶ
499 2406 636 2477 πρὸς
657 2410 773 2469 τοῖς
810 2405 1099 2476 βασιλείοις
1130 2408 1299 2469 οἴκοις
1330 2404 1692 2477 κατασκηνώ-

122 2515 289 2563 σαντι,
308 2499 403 2551 καὶ
430 2496 553 2551 οὐδὲ
577 2496 713 2567 πρὸς
740 2497 957 2569 ἡμέραν
983 2498 1111 2569 μίαν
1140 2496 1496 2568 ήσυχάσαντι,
1520 2514 1690 2567 προσ-

116 2590 357 2660 ήχθησαν
385 2589 536 2660 αὐτῷ
559 2588 750 2659 ὥσπερ
779 2589 889 2642 ἀπό
913 2606 1057 2652 τινος
1092 2587 1556 2658 παραγγέλματος
1579 2588 1694 2642 δια-

118 2681 421 2752 ϐληθέντες,
452 2681 710 2748 Εὐγένιος
734 2681 828 2734 καὶ
877 2680 1164 2749 Μακάριος
1199 2679 1563 2751 πρεσϐύτεροι
1589 2678 1692 2748 τῆς

118 2775 179 2828 ἰν
228 2772 527 2842 Ἀντιοχείᾳ
566 2771 895 2843 Ἐκκλησίας
942 2772 1282 2843 ὑπάρχοντες
1304 2787 1318 2800 ·
1351 2769 1446 2833 οὓς
1480 2787 1692 2840 προκα-

115 2864 273 2928 θίσας
298 2865 391 2918 ἐπὶ
416 2863 511 2917 τοῦ
539 2864 807 2935 βήματος,
839 2864 1093 2917 ἐκέλευσε
1127 2863 1472 2932 παραστῆναι
1506 2864 1534 2916 6
1576 2861 1693 2915 άλιο

111 2958 318 3027 τήριος,
351 2957 445 3010 καί
470 2974 606 3028 φησι
635 2956 773 3027 πρὸς
796 2956 995 3020 αὐτούς
1015 2973 1028 2987 ο
1053 2958 1207 3019 Τίνες
1232 2958 1354 3009 ἐστὲ
1386 2954 1689 3024 ἄνθρωποι,

111 3045 211 3099 καὶ
261 3044 413 3098 ποίου
474 3043 591 3115 βίου
654 3044 752 3098 καὶ
808 3044 981 3115 τύχης
1029 3044 1421 3113 τυγχάνοντες,
1454 3043 1549 3097 ἐπὶ
1595 3041 1690 3094 τοῦ

1788 578 2013 647 aliquod
2060 580 2329 650 temporis
2387 582 2730 646 morabatur,
2787 582 2842 637 in
2886 598 2951 638 ea
3000 584 3367 642 corroborans

1787 685 1909 740 qua:
1936 669 2293 726 existimabat
2345 673 2585 728 maxime
2632 674 2891 731 conferre
2926 675 2995 732 ad
3032 676 3239 732 bonum
3268 678 3370 733 im-

1788 763 1956 831 perii,
1997 763 2278 834 simulque
2317 779 2526 823 curans
2558 776 2728 837 atque
2752 769 2938 823 omnia
2973 770 3273 841 disponens
3308 778 3370 825 ut

1789 854 2142 923 gentilismus
2199 857 2490 927 magniﬁce
2541 861 2929 916 extolleretur.
2964 861 3159 919 Postea
3186 864 3371 934 profe-

1789 958 1915 1001 ctus
1964 947 2453 1018 Constantinopoli
2513 966 2640 1006 cum
2702 952 2965 1009 universo
3017 955 3264 1009 exercitu
3311 954 3369 1008 in

1790 1035 2006 1107 Syriam
2038 1039 2146 1094 iter
2199 1038 2462 1096 instituit.
2526 1039 2630 1097 Per
2665 1051 2834 1098 totam
2871 1044 3042 1114 igitur
3072 1043 3367 1117 Phrygiam

1790 1138 2093 1194 transrens,
2125 1145 2248 1186 cum
2292 1132 2361 1187 ad
2423 1143 2726 1189 extremam
2782 1135 2946 1205 hujus
2981 1138 3227 1208 regionis
3278 1154 3370 1194 ve-

1790 1231 1966 1276 nisset
2014 1223 2329 1288 ciritatem,
2369 1238 2492 1294 qua:
2538 1236 2769 1281 vocatur
2805 1226 3084 1295 Iconium,
3121 1229 3369 1285 declina-

1790 1314 1907 1378 vit,
1970 1314 2181 1369 omissa
2234 1314 2473 1371 Isauria.
2541 1316 2676 1372 Dein
2719 1330 2985 1390 superato
3042 1331 3233 1378 monte
3277 1323 3368 1378 cui

1792 1419 1993 1460 nomen
2026 1404 2271 1470 Taurus,
2309 1410 2552 1465 accessit
2606 1409 2675 1465 ad
2727 1411 2980 1468 civitates
3033 1413 3276 1480 Cilicia;
3316 1422 3372 1469 et

1791 1504 2088 1565 postquam
2122 1497 2303 1567 attigit
2351 1499 2650 1554 stationem
2685 1516 2807 1570 qua:
2833 1513 2917 1557 est
2958 1501 3026 1557 ad
3059 1502 3269 1569 Issum,
3294 1503 3369 1559 ibi

1792 1599 2218 1645 castrametatus
2250 1600 2370 1655 cst,
2412 1591 2786 1647 Alexandrum
2837 1594 3188 1649 Macedonem
3241 1595 3368 1649 imi-

1792 1689 1963 1737 tatus.
2026 1680 2161 1735 Nam
2225 1684 2332 1738 iste
2391 1699 2613 1753 quoque
2664 1700 2788 1739 cum
2824 1684 3015 1750 Dario,
3070 1684 3368 1741 Persarum

1796 1789 1948 1843 rege,
1982 1774 2094 1827 illic
2135 1775 2190 1829 in
2260 1775 2378 1831 Isso
2415 1777 2664 1845 prmlium
2713 1778 3029 1845 commisit;
3081 1793 3193 1848 quo
3218 1778 3372 1833 devi-

1792 1876 1905 1927 cto,
1972 1867 2154 1920 locum
2211 1866 2453 1922 reddidit
2520 1869 2820 1936 insignem.
2878 1869 3053 1923 Porro
3112 1869 3372 1926 Julianus

1793 1958 1996 2013 isthinc
2023 1960 2258 2014 lssicum
2282 1959 2465 2014 sinum
2494 1962 2801 2025 traductus,
2830 1960 3064 2016 Tarsum
3090 1960 3370 2016 civitatem

1792 2049 1976 2113 venit,
2031 2058 2199 2119 atque
2254 2049 2384 2103 hinc
2441 2051 2793 2104 Antiochiam
2860 2051 3001 2104 iram
3057 2052 3281 2121 spirans
3317 2052 3373 2106 in

1793 2143 2163 2209 Christianos,
2198 2156 2502 2213 eorumque
2550 2158 2752 2198 nomen
2802 2159 2861 2199 se
2896 2158 3124 2214 prorsus
3157 2144 3373 2199 deletu-

1793 2247 1914 2287 rum
1948 2234 2234 2288 minitans.

1862 2321 1953 2376 25.
1991 2322 2126 2376 Cum
2188 2322 2376 2390 itaque
2407 2320 2753 2374 Antiochiam
2801 2321 3048 2376 venisset
3076 2330 3371 2392 tyrannus,

1792 2421 1847 2469 et
1880 2414 1933 2467 in
1969 2413 2193 2467 domum
2227 2412 2549 2467 divertisset
2584 2414 3000 2481 imperatoriam
3022 2453 3039 2476 ,
3076 2422 3130 2468 et
3168 2430 3234 2469 ne
3265 2431 3373 2469 una

1792 2504 2014 2575 quidem
2068 2504 2157 2559 die
2215 2504 2558 2573 quievisset,
2615 2504 2839 2559 adducti
2907 2515 3039 2560 sunt
3097 2504 3345 2571 adeum,

1792 2595 1950 2666 quasi
1987 2611 2052 2650 cx
2105 2596 2363 2649 condicto
2407 2597 2694 2662 accusati,
2743 2594 3022 2665 Eugenius
3095 2605 3150 2653 et
3188 2598 3375 2654 Maca-

1796 2686 1938 2748 rius,
1978 2686 2341 2741 Antiochense
2376 2686 2643 2743 Ecclesiae
2705 2689 3047 2759 presbyteri.
3102 2689 3254 2757 Quos
3289 2706 3376 2746 se-

1796 2780 1932 2833 dens
1968 2794 2068 2849 pro
2100 2779 2365 2833 tribunali
2419 2780 2542 2835 sisti
2575 2779 2745 2848 jussit
2797 2781 3092 2846 scelestus,
3125 2782 3374 2853 dixitque

1793 2869 1916 2924 eis:
1976 2867 2212 2934 Quinam
2272 2871 2410 2923 estis
2462 2870 2602 2925 vos?
2650 2869 2783 2937 Qua:
2823 2873 2981 2928 vobis
3032 2873 3161 2928 vitae
3193 2876 3369 2938 ratio,

1791 2973 1913 3026 qua:
1948 2973 2106 3021 sors,
2164 2968 2222 3012 ut
2275 2960 2341 3013 ad
2383 2967 2633 3013 nostrum
2690 2961 3046 3018 adducaniini
3089 2962 3376 3020 tribunal?

1794 3046 2096 3119 Respondit
2128 3049 2447 3120 Eugenius:
2478 3050 2780 3106 Christiani
2843 3068 3055 3114 smnus.
3079 3062 3133 3110 et
3162 3056 3371 3112 Christi

110 3136 384 3207 ἡμετέρου
454 3135 808 3206 προσήχθητε
870 3136 1154 3206 βήματοςς
1207 3133 1469 3202 Εὐγένιος
1543 3132 1686 3202 ἔφη·

1793 3143 1972 3211 gregis
2006 3152 2293 3211 pastores;
2332 3142 2445 3196 haec
2477 3154 2669 3197 nostra
2708 3144 2834 3198 vitae
2866 3145 3031 3209 ratio,
3079 3144 3195 3202 hare
3226 3163 3373 3216 sors,

108 3227 429 3301 Χριστιανοί
462 3228 651 3297 ἐσμεν,
678 3230 775 3280 καὶ
802 3227 900 3295 τῆς
921 3224 1160 3296 Χριστοῦ
1198 3224 1434 3294 ποίμνης
1449 3222 1686 3293 ἀγελάρ-

108 3338 207 3392 χαι
230 3320 601 3389 τυγχάνομεν*
644 3317 804 3371 τοῦτο
840 3316 954 3386 βίος
995 3318 1127 3385 ἡμῖν
1150 3316 1245 3369 καὶ
1276 3315 1416 3385 τύχη
1450 3314 1548 3368 καὶ
1568 3315 1690 3367 ὲπι-

100 3413 376 3484 τήδευμα.
429 3412 542 3464 Καὶ
585 3411 614 3463 6
666 3408 959 3480 βασιλεύς’
990 3402 1065 3462 Οὐ
1112 3408 1294 3461 τοίνυν
1340 3407 1489 3460 ἐστὶν
1528 3403 1687 3476 ήτοῢ

104 3504 352 3575 Χριστοῦ
379 3502 586 3572 ποίμνη
617 3497 685 3573 ἧς
713 3501 873 3571 ὑμεῖς
903 3498 1544 3570 άγελάρχαιτυγχάνετες
1577 3497 1687 3550 Καὶ

102 3598 138 3649 6
173 3594 463 3662 Εὑγένιοςο
494 3594 650 3646 Πᾶσα
683 3594 717 3660 ἡ
748 3590 1045 3661 οἰκουμένη
1094 3591 1226 3661 ὅσην
1273 3588 1422 3661 [359]
1468 3592 1496 3642 6
1534 3588 1688 3659 ἥλιος

99 3688 306 3756 ἐφορᾷ,
335 3684 431 3738 καὶ
458 3682 572 3736 ὅσοι
630 3682 724 3735 ἐπὶ
770 3681 976 3752 ταύτης
1010 3682 1151 3735 είσὶν
1191 3681 1492 3750 ἄνθρωποι.
1526 3681 1636 3733 Kal.
1660 3681 1689 3733 6

117 3776 411 3839 Ἰουλιανός
430 3789 446 3806 ο
498 3774 689 3845 Ἡμεῖς
716 3774 773 3826 δὲ
813 3774 974 3827 τίνων
1006 3775 1249 3845 ἄρχομεν
1276 3775 1369 3827 καὶ
1394 3773 1556 3826 τίνων
1594 3772 1691 3842 σή-

101 3887 281 3942 μερον
306 3866 690 3939 βασιλεύομεν,
723 3860 769 3920 ὧ
798 3866 1150 3937 ταλαίπωρον
1178 3866 1272 3919 καὶ
1315 3865 1687 3936 δυστυχέστα-

92 3979 200 4017 τον
226 3960 631 4031 ἀνθρωπάριον,
680 3960 729 4011 εί
752 3960 883 4029 ὅσην
921 3961 949 4012 6
985 3960 1137 4030 ἣλιος
1174 3960 1347 4029 ἐφορᾷ
1369 3960 1472 4029 γῆν
1502 3959 1530 4010 6
1550 3958 1688 4026 Χρι-

97 4054 237 4117 στὸς
259 4054 500 4124 ποίμνην
533 4051 829 4120 κέκτηται,
868 4051 979 4104 Καὶ
1008 4053 1035 4104 6
1073 4051 1313 4121 μάρτυς·
1347 4051 1461 4120 Τῆς
1492 4049 1685 4118 αὐτῆς,

91 4142 151 4202 ὦ
205 4144 457 4216 βασιλεύ,
502 4144 595 4198 καὶ
651 4143 886 4212 ποίμνης
949 4143 1043 4195 καὶ
1096 4141 1301 4211 ἀγέλης
1352 4142 1686 4205 ὲπιστατεῖς,

89 4234 293 4311 ¹ἧσπερ
332 4238 609 4307 καὶήμεῖς
653 4234 955 4305 ἀγελάρχαι
997 4235 1375 4304 τυγχάνομεν·
1426 4233 1492 4286 δι’
1522 4231 1686 4285 αὐτοῦ

89 4332 219 4402 γὰρ
255 4329 499 4401 βασιλεῖς
535 4326 935 4398 βασιλεύουσιν,
967 4326 1063 4379 καὶ
1111 4325 1366 4394 τύραννοι
1422 4326 1688 4395 κρατοῦσι

86 4420 234 4488 γῆς,
265 4421 358 4472 καὶ
374 4417 534 4480 αὐτός
554 4433 634 4468 σοι
660 4414 720 4468 τὸ
742 4414 1015 4483 βασίλειον
1045 4414 1284 4484 σήμερον
1311 4413 1514 4466 δέδωκε
1538 4430 1551 4445 ·
1584 4412 1688 4466 κᾶν

1798 3235 1901 3287 hoc
1942 3234 2283 3287 institutum.
2356 3233 2418 3286 Et
2465 3233 2766 3303 imperator
2803 3250 2817 3286 :
2858 3233 2984 3300 Ubi,
3046 3237 3248 3307 inquit,
3285 3249 3373 3294 est

1794 3338 1924 3393 grex
1969 3324 2178 3378 Christi
2246 3324 2409 3393 cujus
2460 3340 2557 3379 vos
2601 3334 2858 3395 pastores
2911 3327 3096 3383 estis?
3154 3348 3172 3381 ι
3228 3329 3377 3383 Dixit

1795 3412 2112 3483 Eugenius:
2171 3413 2475 3469 [ιιιιειιειιε
2541 3426 2814 3469 terrarum
2849 3418 3022 3481 orbis,
3075 3423 3258 3489 quoad
3297 3421 3377 3475 la-

1796 3505 2010 3561 tissime
2039 3521 2160 3561 eum
2213 3507 2412 3576 aSpicit
2458 3507 2564 3572 sol,
2596 3517 2650 3560 et
2688 3523 2881 3563 omnes
2929 3510 3022 3579 qui
3062 3511 3114 3564 in
3151 3525 3217 3566 eo
3248 3521 3378 3568 sunt

1794 3598 2072 3652 homines.
2133 3598 2196 3651 Et
2243 3596 2498 3654 Julianus
2548 3618 2561 3630 υ
2618 3599 2729 3654 Nos
2797 3612 2980 3655 autent
3042 3604 3374 3674 quibusnam

1798 3704 2127 3757 praesumus,
2158 3700 2213 3744 et
2245 3694 2296 3745 in
2330 3706 2472 3759 quos
2505 3692 2667 3745 hodie
2698 3708 3022 3747 exercemus
3059 3699 3376 3766 imperium,

1794 3798 1827 3837 0
1858 3780 2050 3835 infelix
2081 3792 2134 3834 tu
2178 3790 2230 3835 et
2267 3782 2581 3836 tniScrrinie
2616 3782 2937 3849 homuncio,
2970 3784 3015 3837 si
3058 3785 3375 3840 universam

1796 3886 1959 3939 quam
1981 3871 2063 3926 sol
2095 3874 2294 3943 aspicit
2323 3883 2527 3925 terram
2562 3871 2821 3927 Christus
2847 3890 3069 3945 gregem
3099 3877 3378 3945 possidet?

1797 3963 1953 4018 Tunc
1982 3973 2199 4035 martyr
2237 3983 2249 4019 :
2302 3964 2490 4019 Eidem
2529 3966 2701 4035 gregi,
2755 3966 3078 4035 imperator,
3108 3980 3159 4024 et
3184 3972 3376 4040 pecori

1795 4067 1990 4121 praaes,
2050 4053 2211 4123 cujus
2262 4064 2315 4109 et
2366 4070 2465 4109 nos
2530 4064 2778 4124 pastores
2828 4072 3044 4113 sumus.
3073 4057 3176 4113 Per
3215 4062 3377 4117 Chri~

1796 4152 1939 4198 stum
1977 4146 2124 4199 enim
2166 4160 2323 4215 rcges
2357 4155 2613 4215 regnant,
2646 4155 2700 4200 et
2736 4156 2985 4216 potentes
3015 4152 3377 4208 dominantur

1795 4233 1848 4287 in
1880 4243 2042 4288 terra.
2085 4234 2206 4304 Ipse
2248 4251 2469 4306 quoque
2512 4237 2673 4292 hodie
2717 4239 2815 4293 tibi
2851 4238 3004 4293 dedit
3055 4242 3371 4311 imperium.

1794 4324 1950 4391 Quod
1987 4326 2033 4380 si
2064 4330 2333 4396 ingrauin-
2374 4336 2424 4381 te
2455 4327 2751 4395 prmbueris
2777 4344 2903 4399 erga
2939 4331 3369 4400 benefactoreni,

1794 4433 1918 4471 cras
1957 4432 2151 4472 rursus
2178 4417 2311 4470 illud
2346 4418 2504 4471 alteri
2550 4419 2723 4473 dabit.
2769 4417 2943 4474 Unius
2973 4436 3118 4475 enim
3158 4423 3369 4488 dieies,

86 4510 273 4571 αὐτὸς
330 4506 620 4576 ἀχάριστος
672 4504 800 4575 περὶ
861 4504 949 4557 τὸν
998 4504 1296 4574 εὐεργέτην
1332 4503 1555 4572 ἐφάνης,
1593 4502 1689 4555 αὖ-

1794 4518 1846 4563 et
1876 4510 1941 4563 iis
1977 4523 2125 4563 nunc
2176 4509 2411 4577 imperas
2444 4509 2539 4579 qui
2596 4519 2731 4564 sunt
2761 4512 2927 4566 unius
2958 4512 3088 4567 diei.
3114 4514 3369 4571 Christus

90 4615 226 4672 ριον
252 4596 311 4649 δὲ
344 4596 508 4647 πάλιν
549 4595 696 4664 ἄλλῳ
746 4594 852 4646 τινὶ
902 4593 1084 4649 δώσει.
1138 4594 1446 4663 Ἑφήμερος
1485 4592 1594 4664 γὰρ
1616 4588 1686 4658 εἴ,

84 4691 200 4745 καὶ
226 4687 528 4757 ἐφημέρων
553 4685 650 4738 νῦν
681 4684 1019 4754 βασιλεύεις·
1072 4686 1235 4748 αὐτὸς
1285 4684 1344 4736 δὲ
1388 4684 1489 4755 τὴν
1537 4684 1690 4754 βασι-

80 4779 260 4835 λείαν
291 4776 510 4831 αἰώνιον
553 4775 835 4847 κέκτηται,
891 4774 986 4828 καὶ
1009 4774 1183 4842 πέρας
1222 4774 1434 4827 οὐδέπω
1476 4774 1689 4845 λαμϐά-

80 4885 333 4924 νουσαν.

173 4965 299 5025 σις’.
331 4960 439 5012 Καὶ
471 4961 500 5012 ό
529 4957 898 5028 Παραδάτης·
937 4957 1146 5011 Ἀνόσιε
1172 4957 1265 5009 καὶ
1287 4960 1384 5028 τῆς
1413 4958 1521 5011 τῶν
1552 4959 1690 5013 θεῶν

78 5049 405 5116 εὐμενείας
444 5046 713 5118 ἁλλότριε,
756 5046 942 5115 χθιζὸς
1000 5045 1075 5097 ὢν
1103 5048 1131 5098 6
1157 5046 1392 5115 Χριστὸς
1435 5048 1529 5099 καί
1559 5049 1692 5116 ἐφή-

81 5154 301 5211 μερος,
356 5140 465 5191 κάκ
521 5138 630 5192 τῶν
681 5137 773 5191 τοῦ
829 5139 1107 5207 Καίσαρος
1133 5137 1443 5205 Αὐγούστου
1483 5140 1691 5210 χρόνων

77 5229 445 5300 ἀρξάμενος,
481 5230 698 5293 αἰώνιος
760 5229 1018 5300 βασιλεὺς
1050 5230 1155 5283 ὑπὸ
1184 5230 1279 5283 σού
1320 5234 1692 5303 κεχειροτόνη-

74 5340 189 5377 ται
232 5323 514 5392 σήμερον;
546 5321 657 5374 Καὶ
704 5322 733 5375 6
793 5323 1008 5392 μάρτυς
1030 5336 1044 5352 ’
1086 5321 1194 5375 Ναὶ
1224 5323 1365 5376 κατὰ
1391 5323 1452 5376 τὸ
1481 5323 1693 5394 ἀνθρώ-

75 5430 269 5468 πινον
295 5413 393 5465 καὶ
421 5415 482 5465 τὸ
507 5412 607 5482 τῆς
637 5412 920 5481 ἁφράστου
974 5413 1070 5466 καὶ
1098 5414 1340 5485 ἀρρήτου
1379 5415 1694 5485 οἰκονομίας

71 5504 278 5560 αὑτοῦ
337 5506 657 5574 μυστήριον,
723 5499 822 5557 εἶτ’
849 5504 943 5558 οὑν
977 5505 1327 5575 σαρκώσεως,
1360 5505 1531 5571 οὕτως
1555 5507 1689 5578 ἔχει,

75 5594 363 5669 βασιλεῦ,
393 5596 514 5649 ἐπεὶ
543 5594 686 5648 κατὰ
721 5594 820 5666 τὴν
865 5596 1014 5650 θείαν
1042 5596 1209 5651 αὑτοῦ
1241 5598 1335 5652 καὶ
1368 5599 1693 5670 προαιώνιον

70 5685 370 5757 γέννησιν
398 5684 571 5748 οὐδεὶς
597 5685 950 5756 εὑρεθήσεται
979 5689 1170 5758 χρόνος
1190 5689 1219 5741 6
1243 5687 1448 5761 ταύτης
1466 5690 1694 5759 ὑπέρτε-

76 5793 219 5845 ρος.
278 5776 394 5832 Καὶ
446 5778 475 5831 6
524 5775 854 5848 Παραΰάτης
904 5778 1135 5850 νομίσας
1180 5780 1507 5840 ἀπαίδευτον
1554 5778 1693 5838 εἷναί

1792 4614 1924 4652 vero
1960 4600 2358 4668 sempiternum
2408 4601 2655 4669 possidet
2701 4617 2955 4673 regnum,
3005 4605 3155 4673 quod
3205 4605 3367 4661 tinem

1792 4706 2074 4762 nunquam
2112 4690 2363 4759 :lt‘upiel.

1860 4955 1952 5010 26.
1987 4954 2237 5022 Subjccit
2264 4954 2526 5024 Apostata
2568 4972 2582 5008 :
2626 4954 2795 5024 lmpie
2825 4963 2880 5010 et
2912 4970 2943 5009 a
2997 4957 3226 5013 deorum
3272 4964 3367 5017 be-

1792 5049 2103 5103 nevolentia
2152 5049 2353 5110 aliene,
2405 5063 2530 5101 cum
2584 5047 2877 5103 hcsternus
2925 5050 2997 5103 sit
3031 5049 3289 5106 Christus
3316 5062 3371 5107 et

1792 5142 1960 5196 unius
2001 5141 2134 5205 diei,
2183 5155 2249 5195 ac
2281 5140 2517 5210 Caesaris
2579 5141 2817 5210 Augusti
2855 5149 3105 5212 tempore
3140 5145 3369 5200 exstite-

1794 5232 1885 5294 rit,
1943 5231 2192 5301 nunquid
2249 5232 2621 5301 sempiternus
2674 5247 2769 5287 rex
2825 5247 2855 5285 a
2919 5240 2973 5288 te
3016 5242 3238 5291 creatus
3284 5247 3370 5292 est

1796 5324 1995 5378 hodie?
2051 5325 2116 5378 Et
2172 5335 2420 5394 martyr:
2492 5322 2719 5393 Utique,
2774 5324 2954 5394 inquit
3059 5327 3367 5382 secundum

1795 5416 2191 5470 humanitatem
2255 5424 2311 5470 et
2379 5412 2683 5471 ineﬂ'abilis
2742 5423 2911 5485 atque
2972 5415 3368 5474 inenarrabilis

1795 5506 2233 5575 dispensationis
2283 5506 2405 5574 ejus
2454 5520 2553 5559 seu
2596 5506 2782 5561 carnis
2833 5517 3103 5575 suscepta:
3157 5515 3368 5578 myste-

1796 5600 1962 5663 rium,
2010 5598 2084 5653 ita
2128 5612 2217 5653 res
2270 5598 2451 5662 habet,
2489 5596 2824 5667 imperator;
2874 5597 2969 5652 sed
3018 5594 3200 5667 quoad
3246 5597 3370 5666 ejus

1795 5690 2038 5746 divinam
2088 5700 2145 5746 et
2192 5704 2315 5759 qua!
2371 5696 2502 5744 ante
2558 5688 2756 5744 saecula
2802 5698 2889 5745 est
2916 5687 3365 5759 generationem,

1797 5782 2012 5841 nullum
2090 5781 2407 5839 invenietur
2466 5788 2682 5853 tempus
2764 5796 2828 5837 ca
2885 5779 3165 5852 superius.
3216 5779 3367 5849 Apo-
