4112 6448
152 455 277 516 1277

1410 446 1471 505 S.
1508 446 1838 509 ARTEMII
1881 450 2165 511 PASSIO.

3258 452 3397 518 1278

148 559 263 612 σθαι
310 553 467 609 τοῦτο
513 551 576 605 τδ
625 550 1029 622 παραλήρημα,
1059 550 1111 603 τί
1152 550 1509 620 γεννηθέντες
1536 552 1617 615 δίς
1658 571 1715 605 τε

1825 568 2091 617 ramenta.
2125 556 2254 627 quid
2312 557 2413 620 bis,
2449 568 2501 613 et
2542 568 2641 624 ter,
2677 567 2731 615 et
2770 569 2964 628 quater
2988 562 3157 632 geniti
3192 569 3399 621 mundo

149 653 228 704 mi
263 647 381 718 τρὶς
414 646 506 700 καὶ
534 645 789 714 τετράκις
822 645 912 696 τὸν
972 644 1181 715 κόσμον
1214 641 1529 712 ὠφέλησαν,
1560 644 1591 713 ἢ
1619 645 1716 713 μὲ-

150 763 232 815 ρος
260 744 310 795 τί
341 741 446 793 τῶν
476 737 569 791 τος,
598 737 807 806 κόσμου
861 732 1059 805 μικρὸν
1091 734 1122 802 ἢ
1152 733 1437 802 ἐλάχιστον
1463 750 1478 799 ;
1511 735 1629 797 Τίς,
1654 738 1718 788 ἐκ

146 839 246 891 τῶν
274 835 470 904 βίϐλων
503 828 705 900 Ἑρμοῦ
742 845 800 881 τε
832 830 927 880 καὶ
971 826 1318 898 Πυθαγόρου,
1364 828 1593 897 νεκροὺς
1629 828 1718 894 ἐξ·

146 930 459 997 ανὲστησεν,
491 923 523 992 ἦ
551 921 787 990 λεπροὺς
831 917 1183 987 ἐκαθάρισεν,
1224 919 1255 987 ἦ
1303 918 1569 987 δαίμονας
1619 920 1720 971 άπ-

146 1021 359 1091 ήὶασεν,
391 1016 485 1078 οὒς
512 1015 667 1082 ὑμεῖς
715 1008 1087 1080 θεραπεύετε;
1124 1008 1263 1062 Ἀλλ’
1307 1009 1515 1080 Ἐρμῆς
1565 1010 1660 1079 μὲν
1691 1012 1719 1063 ὁ

149 1114 398 1182 μέγιστος
447 1106 536 1175 ἐφ’
587 1104 740 1174 ὑμῶν
793 1103 1368 1173 προσαγορευόμενος,
1416 1102 1719 1170 Αἰγύπτιος

146 1204 365 1272 γέγονεν
384 1199 687 1269 ἄνθρωπος,
715 1195 811 1249 καὶ
854 1197 970 1256 τοῖς
1010 1194 1330 1261 Αἰγυπτίων
1362 1194 1548 1264 νόμοις
1583 1211 1718 1263 τρα-

148 1296 263 1362 φεὶς
294 1291 532 1361 γυναῖκά
580 1305 637 1342 τε
693 1288 898 1357 γήμας,
958 1284 1154 1347 παῖδας
1186 1285 1508 1350 ἐτέκνωσεν,
1535 1278 1607 1338 ὧν
1628 1286 1719 1339 τὸν

148 1383 537 1455 πρεσϐύτερον,
579 1378 688 1433 Τὰτ
722 1376 1072 1447 ὀνομάζουσι,
1113 1376 1253 1445 πρὸς
1306 1376 1365 1429 ὃν
1408 1376 1572 1441 αὐτὸς
1606 1377 1720 1430 δια-

148 1475 487 1543 λέγεταικαὶ
524 1471 648 1534 τοὺς
704 1468 899 1522 ἐαυτοῦ
964 1466 1158 1534 λόγους
1212 1470 1446 1538 ἀφοσιοῖ,
1500 1475 1638 1542 πρός
1660 1489 1719 1525 τε

146 1565 236 1620 τὸν
261 1564 318 1631 ἐξ
354 1562 676 1633 Ἐπιδαύρου
722 1561 1051 1633 ’Λσκλήπιον
1105 1562 1198 1615 τὸν
1262 1563 1721 1634 προκατάρξαντα

149 1658 268 1711 καθ’
295 1657 439 1724 ὑμᾶς
471 1656 565 1725 τῆς
598 1654 846 1724 ἰατρικῆς
877 1655 1207 1726 ἐπιστήμης,
1240 1653 1299 1716 ὃς
1330 1654 1426 1708 καὶ
1466 1655 1565 1724 τὴν
1588 1656 1718 1709 ἑαυ-

150 1745 543 1814 τοῦθεολογίαν
574 1746 828 1814 διασαφεῖ
851 1745 1083 1816 ἔχουσαν
1111 1745 1286 1809 οὕτως
1312 1762 1323 1775 ·
1367 1745 1502 1799 Θεὸν
1527 1746 1719 1816 νοῆσαι

151 1842 252 1913 μὲν
272 1837 530 1911 χαλεπὸν,
568 1837 775 1911 φράσαι
810 1838 867 1891 δὲ
915 1839 1177 1893 ἀδύνατον
1199 1856 1212 1869 ·
1246 1838 1363 1891 ἔστι
1398 1838 1508 1908 γὰρ
1562 1856 1719 1908 τρισ-

143 1936 468 1995 υπὸστατος,
488 1932 1054 2002 ἀνερμήνευτοςοῦσία
1081 1933 1177 1985 καὶ
1200 1931 1382 2002 φύσις,
1408 1930 1721 2001 ούκέχουσα

145 2023 299 2094 παρὰ
324 2023 536 2094 βροτοῖς
557 2022 875 2093 ἐξομοίωσιν
902 2040 915 2053 ο
950 2022 1041 2088 οὒς
1090 2024 1147 2078 δέ
1178 2022 1333 2086 θεοὺς
1360 2023 1721 2093 ὀνομάζουσιν

146 2118 425 2187 ἄνθρωποι
451 2114 596 2187 [562]
628 2115 761 2167 πολὺ
797 2114 860 2167 τὸ
917 2115 1162 2186 μυθῶδες
1202 2116 1298 2169 καὶ
1336 2115 1607 2185 σφαλερὸν
1636 2116 1721 2183 ἐφ’

146 2208 376 2269 ἑαυτοὺς
429 2206 837 2260 ἐπεσπάσαντο·
895 2208 990 2259 καὶ
1040 2209 1171 2276 περὶ
1207 2207 1308 2277 τῆς
1349 2207 1444 2261 τοῦ
1483 2205 1719 2278 Χριστοῦ

142 2298 432 2362 ἐλεύσεως,
468 2298 561 2351 καὶ
602 2299 766 2361 αὐτὸς
795 2300 1046 2370 ἁμυδράν
1089 2316 1211 2353 τινα
1244 2300 1582 2369 προφητείαν
1612 2299 1724 2352 δια-

141 2392 387 2463 τορεύει,
423 2390 524 2443 οὐκ
578 2389 635 2456 ἐξ
691 2390 911 2454 ἑαυτοῦ,
954 2392 1068 2445 ἀλλ’
1101 2394 1164 2445 ἐκ
1190 2394 1287 2462 τῆς
1318 2390 1583 2462 Ἐϐραίων
1609 2389 1723 2442 θεο-

142 2484 334 2551 λογίας
387 2480 585 2552 ταύτην
615 2483 1099 2553 άπαρῥυσάμενος.
1163 2483 1325 2536 Ἀλλά
1357 2483 1409 2535 τί
1474 2498 1567 2553 μοι
1613 2480 1722 2534 τῶν

146 2575 379 2645 σαπρῶν
395 2590 454 2626 τε
486 2592 575 2627 και
604 2574 874 2627 όδωδότων
911 2574 1115 2645 Ἑρμοῦ
1148 2576 1409 2645 ῥημάτων
1450 2573 1559 2628 τῶν
1589 2574 1720 2643 παρ’

146 2667 277 2733 ύμῖν
306 2663 647 2735 τιμωμένων,
708 2664 807 2735 ήδη
866 2665 972 2736 πρὸ
1025 2665 1222 2718 πολλοῦ
1276 2666 1594 2734 σεσηπότων
1626 2662 1721 2716 καὶ

144 2757 611 2826 άπερῤυηκότων,
659 2755 792 2807 Ούδὲ
834 2756 943 2824 γάρ
992 2758 1137 2808 ὅσιον
1175 2756 1306 2826 περὶ
1350 2756 1459 2808 τῶν
1502 2755 1721 2819 ζώντων

142 2846 358 2913 ἐρωτᾷν
380 2844 508 2907 τοὺς
537 2847 783 2914 νεκροὺς,
815 2844 955 2913 ἔχων
983 2847 1047 2898 ἐκ
1075 2845 1184 2897 τῶν
1217 2846 1491 2913 θεοσόςςων
1521 2845 1743 2913 λογίων

144 2936 272 2998 τοὺς
297 2935 517 3003 ἀληθεῖς
543 2937 821 3006 μάρτῳας
850 2936 921 2997 οἳ,
940 2935 1036 3006 τὴν
1066 2936 1306 3008 Χριστοῦ
1334 2937 1638 3007 παρουσίαν
1661 2953 1721 2990 τε

143 3044 237 3079 καλ.
262 3028 492 3097 θεότητα
522 3028 1014 3097 προκατήγγειλαν.

226 3159 331 3212 κθ¹.
357 3158 688 3229 Πυθαγόρας
719 3159 767 3211 δὲ
797 3161 824 3211 ό
856 3160 955 3227 τῆς
1001 3160 1269 3229 Ἰταλικῆς
1315 3158 1598 3229 κατάρξας
1639 3160 1723 3211 al-

1823 649 2171 716 prol’nerunt,
2202 650 2285 702 vel
2318 650 2496 718 quoad
2523 659 2733 719 partem
2759 654 2879 719 ejus
2911 666 3134 718 parvam
3166 661 3264 707 aut
3291 656 3397 709 mi-

1823 740 2027 793 nimam
2052 740 2074 793 ?
2099 738 2233 805 Quis
2262 740 2314 792 in
2346 740 2603 795 Mercurii
2629 749 2683 794 et
2713 739 3038 812 Pythagora
3063 743 3219 798 libris
3244 761 3396 799 mor-

1826 838 1947 883 tuos
1966 831 2265 886 suscitasse
2296 831 2515 898 legitur,
2550 844 2645 885 aut
2674 832 2926 901 leprosos
2951 834 3275 897 mundasse,
3300 849 3392 891 aut

1824 922 2101 989 expulisse
2124 921 2425 986 daemones,
2447 922 2651 992 quibus
2669 938 2765 977 vos
2794 924 3058 979 honorem
3090 929 3400 995 praestatis?

1822 1006 2129 1064 Mercurius
2157 1010 2401 1079 quidem,
2431 1010 2828 1081 Trismegistus
2861 1028 2891 1067 a
2929 1015 3086 1070 vobis
3114 1021 3400 1086 cognomi-

1824 1108 2008 1164 natus,
2046 1100 2149 1155 fuit
2188 1103 2351 1157 homo
2385 1102 2676 1173 Egyptius
2702 1111 2756 1159 et
2796 1103 3149 1176 Egytiorum
3184 1108 3396 1177 legibus

1826 1189 2137 1248 institutus.
2173 1191 2274 1258 Qui
2330 1207 2453 1246 cum
2494 1194 2746 1249 duxisset
2769 1210 3021 1261 uxorem,
3046 1198 3251 1254 liberos
3277 1215 3399 1269 prn-

1822 1283 2048 1347 creavit,
2094 1298 2323 1352 quorum
2356 1285 2782 1355 primogenitum
2812 1287 2913 1341 Tat
2966 1291 3291 1356 nominant;
3326 1293 3395 1346 ad

1823 1372 1969 1429 hunc
2001 1377 2117 1445 ipse
2165 1377 2408 1446 loquitur
2449 1380 2605 1447 eique
2665 1394 2799 1433 suos
2845 1395 3127 1436 sermones
3152 1384 3395 1449 dedicat,

1823 1481 2034 1521 necnon
2072 1466 2365 1536 Esculapio
2416 1485 2479 1524 ex
2511 1470 2814 1540 Epidauro,
2847 1473 2941 1541 qui
2974 1473 3117 1529 artis
3173 1474 3399 1530 medica:

1822 1564 2018 1611 auctor
2049 1573 2078 1612 a
2121 1559 2279 1615 vobis
2320 1560 2677 1631 perhibetur;
2716 1563 2803 1615 cui
2853 1565 3019 1618 etiam
3064 1579 3245 1633 suam,
3275 1583 3399 1636 qua:

1821 1646 1904 1701 sic
1931 1659 2113 1713 sonat,
2141 1650 2472 1722 theologiam
2503 1652 2744 1721 explicat
2770 1670 2783 1706 :
2818 1653 2988 1709 Deum
3014 1656 3236 1725 quidem
3260 1673 3399 1712 con-

1822 1738 2009 1806 cipere
2035 1739 2274 1811 diﬂicjle,
2307 1741 2487 1810 eloqui
2521 1750 2701 1796 autem
2732 1742 3097 1811 impossibile.
3129 1745 3227 1800 Est
3248 1750 3394 1801 enim

1823 1827 1879 1881 in
1915 1828 2059 1883 trina
2104 1831 2390 1901 hypostasi
2442 1832 2777 1897 consistens,
2828 1835 3237 1905 inexplicabilis
3264 1841 3398 1893 sub-

1824 1920 2026 1970 stantia
2068 1928 2122 1973 et
2154 1933 2372 1985 natura,
2410 1937 2533 1991 quae
2562 1924 2694 1977 nihil
2728 1924 2927 1980 habeat
2961 1928 3107 1995 apud
3132 1930 3398 1985 mortales

1825 2012 1906 2062 sui
1932 2011 2245 2066 consimile.
2269 2011 2420 2078 Quos
2440 2024 2624 2068 autem
2650 2012 2786 2070 deos
2810 2018 3095 2069 nominant
3118 2016 3396 2085 homines,

1824 2102 1859 2155 ii
1893 2104 2097 2157 multas
2131 2102 2341 2159 fabulas
2373 2105 2688 2175 multosque
2720 2121 2940 2161 errores
2992 2109 3059 2161 ad
3097 2123 3157 2163 se
3217 2118 3400 2164 traxe-

1825 2204 1975 2249 runt.
2031 2196 2289 2261 Quinimo
2337 2197 2404 2251 de
2454 2198 2658 2252 Christi
2705 2199 2940 2254 adventu
3014 2201 3133 2271 ipse
3180 2217 3401 2272 qquue

1823 2286 2117 2340 obscuram
2147 2288 2445 2357 quamdam
2484 2291 2827 2358 prophetiam
2856 2291 3051 2355 refert,
3090 2308 3255 2362 quam
3288 2311 3397 2350 non

1822 2392 1887 2431 ex
1922 2383 2107 2450 seipso
2140 2382 2233 2436 sed
2258 2397 2322 2435 ex
2354 2381 2706 2437 Hebraeorum
2743 2384 3014 2453 theologia
3052 2386 3260 2441 hausit.
3290 2387 3400 2443 Sed

1824 2471 1953 2539 quid
2005 2473 2137 2526 mihi
2186 2488 2313 2528 cum
2365 2476 2644 2545 corruptis
2698 2484 2751 2529 et
2804 2476 3104 2532 fetentibus
3136 2476 3397 2534 Mercurii

1823 2564 2028 2628 verbis,
2064 2580 2184 2633 qua:
2220 2581 2249 2620 a
2288 2567 2445 2621 vobis
2481 2567 2533 2620 in
2562 2568 2768 2621 honore
2810 2566 3108 2634 habentur,
3149 2572 3402 2639 quamvis

1819 2652 2031 2722 jamdiu
2083 2657 2300 2725 putrida
2368 2658 2481 2711 sint
2513 2666 2567 2711 et
2620 2658 2941 2727 antiquata?
2986 2658 3106 2713 Non
3135 2660 3282 2715 enim
3320 2661 3403 2717 fas

1824 2754 1908 2799 est
1936 2747 2083 2800 circa
2108 2749 2267 2802 vivos
2295 2750 2635 2819 interrogare
2683 2758 2955 2816 mortuos,
2989 2766 3116 2805 cum
3168 2751 3399 2806 habeam

1824 2850 1892 2889 ex
1943 2835 2148 2892 divinis
2197 2838 2432 2907 eloquiis
2481 2841 2757 2895 veridicos
2792 2849 2991 2909 testes,
3040 2844 3135 2912 qui
3190 2843 3402 2900 Christi

1823 2931 2171 2997 praesentiam
2190 2945 2255 2986 ac
2273 2932 2618 2987 divinitatem
2640 2934 3175 3004 praenuntiaverunt.

1892 3146 1982 3199 29.
2024 3145 2365 3219 Pythagoras
2402 3160 2611 3216 autem,
2667 3162 2833 3209 sectae
2889 3154 3091 3209 halica:
3123 3156 3400 3227 princeps,

144 3253 373 3322 ρέπεως,
433 3252 486 3303 τί
537 3252 679 3321 μέγα
724 3251 810 3304 καὶ
878 3251 1195 3321 θαυμαστὸν
1248 3244 1305 3305 ἓν
1350 3251 1427 3321 τῷ
1475 3252 1576 3321 βίῳ
1601 3253 1720 3321 τρὶς

1825 3238 1953 3306 quid
1984 3240 2194 3307 grande
2229 3253 2283 3296 et
2315 3242 2721 3307 admirandum,
2769 3255 2852 3299 ter
2891 3245 2945 3300 in
2996 3248 3161 3302 vitam
3196 3252 3401 3319 produ-

139 3343 453 3414 παραχθεὶς
483 3343 855 3413 ἀπειργάσατο
881 3359 895 3407 ;
928 3344 959 3413 ἢ
996 3344 1077 3395 ὅτι
1106 3346 1163 3395 ἐν
1198 3343 1470 3413 Ὀλυμπίᾳ
1498 3343 1721 3412 γενόμε-

136 3453 258 3498 νος,
286 3438 361 3497 ως
392 3434 551 3503 ὑμεῖς
588 3434 845 3501 φάσκετε,
890 3434 1126 3503 χρυσοῦν
1169 3433 1260 3487 τὸν
1321 3434 1514 3486 ἐαυτοῦ
1546 3434 1723 3503 μηρὸν

154 3525 560 3587 Ἑλλανοδίκαις
590 3526 860 3589 ύπέδειξε;
898 3524 990 3577 καὶ
1020 3524 1144 3593 βοῦν
1184 3525 1409 3577 θύεσθαι
1460 3524 1721 3594 μέλλοντα

120 3614 536 3685 ,μυκησάμενον
556 3628 569 3642 ο
590 3611 819 3683 Ἀνδρὸς,
850 3613 974 3682 ἔφη,
1009 3612 1184 3683 ψυχὴν
1204 3615 1326 3683 ἐμοὶ
1349 3613 1605 3683 φιλτάτου
1630 3614 1722 3667 κέ-

134 3726 364 3779 κτηται,
382 3710 473 3762 καὶ
491 3708 579 3762 διὰ
594 3710 689 3761 τοῦ
722 3711 1040 3779 μδκήματος
1063 3712 1461 3780 προσαγορεύει
1492 3728 1556 3781 με
1581 3713 1607 3763 ὁ
1625 3729 1721 3764 τα-

135 3802 426 3872 λαίπωρος
452 3818 466 3866 ;
502 3800 598 3853 ml.
622 3801 775 3854 ἀετὸν
821 3803 878 3853 ἐν
909 3800 1032 3871 ῦψει
1061 3802 1393 3871 πετόμενον,
1416 3802 1484 3854 δι’
1505 3802 1720 3872 ἐπῳδῆς

131 3896 482 3949 καταπεσεῖν
503 3895 593 3947 ἐπὶ
640 3896 744 3964 γῆς
773 3895 1036 3964 πεποίηκε
1062 3908 1073 3961 ς
1109 3896 1295 3949 Ταῦτα
1323 3897 1349 3948 ὁ
1376 3897 1495 3965 τρὶς
1524 3913 1719 3967 γεννη-

128 3985 261 4047 θεὶς
319 3984 759 4054 ἐθαυματούργει
812 3987 870 4038 ἐν
915 3984 1189 4055 Ὀλυμπίᾳ
1235 3986 1545 4053 γενόμενος,
1570 3985 1719 4051 δοξο·

130 4075 336 4147 μανῶν
366 4077 460 4129 καὶ
490 4074 957 4145 φαντασιούμενος
1003 4078 1031 4129 ὁ
1074 4076 1387 4147 τρισάθλιος
1412 4095 1423 4106 ·
1450 4080 1477 4130 ὀ
1499 4078 1603 4148 ,τὴν
1630 4095 1719 4130 τε-

124 4169 387 4238 τρακτὺν
420 4169 585 4238 ὅρκον
614 4167 917 4235 τιθέμενος,
978 4169 1073 4220 καὶ
1118 4167 1324 4237 ταύτην
1356 4170 1585 4237 φάσκων
1617 4185 1722 4239 πη-

125 4261 248 4326 γὴν
307 4258 535 4311 ἁεννάου
600 4257 849 4325 φύσεως·
891 4260 919 4310 ὁ
971 4258 1084 4319 τοὺς
1124 4258 1371 4328 κυάμους
1404 4258 1717 4328 σεϐόμενος,

121 4350 208 4404 δι’
234 4350 328 4411 οὓς
356 4352 450 4403 καὶ
509 4350 759 4402 ἀπώλετο
818 4358 956 4419 μετα
985 4350 1088 4402 τῶν
1130 4351 1294 4404 αὑτοῦ
1340 4352 1572 4421 ἑταίρων
1616 4351 1723 4404 ύπὺ

121 4443 253 4494 τῶν
303 4441 653 4511 Ταραντίνων
714 4439 1211 4509 συνελαυνόμενος·
1269 4442 1343 4509 μὴ
1395 4440 1719 4509 βουλόμενος

114 4531 246 4603 γὰρ
275 4532 365 4584 τὸν
414 4531 577 4583 τόπον
612 4532 851 4599 πατῆσαι
882 4531 939 4582 ἐν
970 4524 1014 4597 ᾧ
1050 4531 1094 4581 οἱ
1140 4529 1344 4598 κύαμοι
1379 4529 1715 4599 ἐσπαρμένοι

109 4620 460 4689 ἐτύγχανον,
516 4620 679 4683 αὐτὸς
733 4619 870 4689 μετὰ
910 4618 1019 4671 τῶν
1054 4620 1284 4689 ἑταίρων
1330 4618 1426 4670 καὶ
1458 4618 1715 4687 μαθητῶν

109 4713 608 4781 ⁵πριιατασιράττεται,
663 4712 760 4765 καὶ
800 4710 910 4764 τῶν
960 4710 1174 4781 ἐχθρῶν
1220 4710 1431 4778 γίνεται
1465 4710 1716 4780 παρανά-
1777 4776 1781 4781 ἡ

97 4808 322 4874 λωμαο
355 4802 539 4855 Θεανῶ
570 4801 626 4855 δὲ
672 4800 704 4870 ἡ
769 4802 959 4855 τούτου
986 4788 1220 4871 ιγαμετὴ
1283 4802 1377 4855 καὶ
1413 4801 1711 4871 μαθήτριαι,

102 4895 220 4969 μὴ
252 4893 602 4972 θέλουσαέτὴν
632 4893 812 4946 αἰτίαν
862 4896 1164 4957 κατειπεῖν,
1195 4893 1259 4946 δι’
1289 4896 1356 4963 ἣν
1378 4893 1469 4944 τὸν
1503 4893 1717 4962 κύαμον

89 4987 242 5042 οὐκ
269 4984 530 5049 ἐσθίουσι,
547 4984 649 5054 τὴν
670 4984 921 5051 γλῶσσαν
944 4984 1281 5054 ἐκτμηθεῖσα
1306 4983 1592 5054 πρότερον,
1622 4985 1719 5035 καὶ

88 5065 280 5144 αὐτὴ
311 5073 768 5145 προσαπόλλυται.
832 5118 841 5140 ,

209 5209 277 5263 λ’.
321 5208 504 5262 Ταῦτα
534 5209 643 5262 τῶν
691 5210 799 5262 σῶν
855 5210 1165 5278 φιλοσόφων
1207 5208 1271 5261 τά
1321 5208 1720 5278 προτερήματα

82 5301 253 5357 τῶν
281 5300 363 5362 δὶς
399 5299 546 5371 [56⁸5]
575 5300 670 5353 καὶ
694 5302 815 5371 τρὶς
841 5302 1234 5371 γεννηθέντων,
1264 5300 1338 5364 ὼς
1369 5300 1531 5363 αὐτὸς
1588 5303 1721 5371 ἐρη-

76 5394 407 5461 τόρευσας
433 5408 446 5422 ·
499 5393 728 5445 κάκεῖνα
776 5392 871 5445 τοῦ
922 5392 1057 5464 ἐμοῦ
1088 5390 1325 5463 Χριστοῦ
1352 5393 1446 5445 ἐπὶ
1477 5394 1723 5463 σωτηρίᾳ

78 5484 235 5546 καὶ
265 5481 560 5552 ἀνακλήσει
588 5483 683 5537 τοῦ
735 5483 847 5538 τῶν
887 5485 1189 5557 ἀνθρώπων
1237 5485 1425 5554 γένους
1451 5484 1520 5538 τά
1560 5503 1720 5557 τερα-

1825 3337 1969 3395 ctus,
2004 3329 2378 3386 eﬂ'ecit?Num
2410 3335 2559 3404 quia,
2585 3352 2708 3389 cum
2729 3336 2993 3408 Olympia:
3020 3350 3192 3405 esset,
3225 3355 3282 3397 ut
3304 3362 3401 3401 vos

1824 3420 2031 3487 dicitis,
2065 3436 2293 3478 aureum
2319 3441 2478 3479 suum
2510 3425 2689 3480 femur
2715 3428 3093 3485 Hellanodicis
3116 3432 3404 3486 ostendit?

1825 3511 1919 3567 Vel
1948 3514 2097 3583 quod
2127 3515 2265 3569 dixit
2302 3515 2369 3570 de
2420 3517 2560 3572 bove
2612 3520 2706 3587 qui
2745 3519 2976 3590 jamjam
3030 3523 3402 3580 immolandas

1824 3604 2104 3672 mugiebat
2149 3622 2159 3657 :
2198 3604 2310 3658 Viri
2365 3606 2498 3660 mihi
2551 3607 2892 3673 charissimi,
2940 3611 3179 3666 animam
3213 3614 3398 3680 habet,

1822 3702 1875 3746 et
1894 3695 2267 3763 permugilum
2292 3695 2498 3750 salutat
2523 3699 2855 3753 meinfelix?
2882 3701 2991 3756 Seu
3013 3719 3137 3756 cum
3159 3706 3398 3774 aquilatn

1824 3786 2055 3841 sublime
2077 3788 2349 3841 volantem
2380 3790 2922 3859 perincantationem
2944 3794 3087 3863 (7-8)
3114 3798 3164 3850 in
3196 3808 3398 3854 terram

1822 3876 2057 3942 dejecit?
2091 3876 2214 3931 Haec
2256 3885 2339 3931 ter
2378 3880 2596 3947 genitus
2655 3882 2932 3937 mirabilia
3000 3896 3263 3954 operatus
3307 3898 3396 3945 est

1822 3964 2107 4036 Olympiae,
2142 3968 2339 4022 insano
2369 3969 2557 4039 gloria:
2589 3986 2781 4027 amore
2814 3984 3013 4044 captus
3048 3984 3101 4029 et
3141 3978 3401 4037 inanibus

1823 4060 2131 4116 visionibus
2180 4061 2489 4117 miserrime
2521 4064 2769 4120 delusus.
2798 4065 2901 4132 Qui
2927 4070 3143 4124 scilicet
3173 4084 3401 4141 qualer-

1824 4153 2046 4204 niouem
2070 4150 2460 4219 jusjurandum
2490 4156 2883 4221 constituebat,
2909 4159 3101 4215 dicens
3125 4179 3251 4217 eum
3276 4182 3402 4221 esse

1786 4253 1797 4268 ‘
1824 4240 2025 4296 fontem
2052 4241 2397 4299 inexhaustae
2423 4254 2651 4301 naturae.
2681 4248 2786 4314 Qui
2821 4250 2976 4306 fabas
3012 4254 3249 4320 colebat,
3275 4274 3402 4326 pro-

1825 4345 1946 4405 pter
1977 4351 2115 4405 quas
2138 4336 2297 4406 periit
2322 4352 2443 4391 cum
2471 4338 2840 4395 familiaribus
2871 4345 2985 4400 suis
3017 4360 3045 4399 a
3077 4346 3398 4405 Tarentinis

1823 4428 1877 4480 in
1911 4429 2166 4482 exsilium
2210 4438 2391 4483 actus.
2425 4428 2562 4483 Nam
2592 4448 2715 4485 cum
2760 4434 2924 4488 nollet
2968 4436 3196 4504 pedibus
3226 4451 3402 4497 terere

1823 4518 2001 4574 locum
2036 4521 2091 4574 in
2144 4536 2256 4591 quo
2290 4521 2426 4576 fabae
2460 4538 2667 4593 sparsae
2715 4537 2894 4589 erant,
2951 4528 3277 4587 interfectus
3315 4545 3401 4589 est

1822 4628 1946 4667 eum
1980 4613 2176 4667 amicis
2232 4628 2294 4666 ac
2328 4614 2638 4682 discipulis,
2672 4625 2727 4671 et
2780 4618 3131 4673 inimicorum
3168 4638 3397 4679 suorum

1822 4704 2007 4759 factus
2035 4718 2117 4759 est
2143 4706 2349 4773 praeda.
2389 4704 2613 4759 Theano
2661 4714 2865 4772 autem,
2901 4709 3019 4777 ejus
3056 4727 3191 4764 uxor
3230 4722 3283 4768 et
3312 4715 3397 4767 di-

1826 4797 2060 4864 scipula,
2090 4797 2283 4848 nolens
2322 4811 2543 4850 causam
2584 4798 2831 4867 proferre
2860 4814 2960 4853 cur
2994 4800 3148 4856 fabas
3174 4816 3282 4856 non
3308 4820 3399 4858 co-

1826 4887 2131 4949 mederenl,
2161 4886 2275 4955 ipsa
2309 4900 2546 4956 quoque,
2585 4888 2770 4956 lingua
2802 4890 2959 4958 prius
2984 4899 3291 4960 amputata,
3324 4895 3400 4949 in-

1824 4978 1996 5032 teriit.
2360 5014 2367 5029 .
2489 5021 2502 5046 ,

1895 5212 1985 5267 50.
2024 5212 2149 5266 llaec
2181 5212 2402 5280 quidem
2448 5221 2579 5266 Sunt
2608 5214 2897 5287 privilegia
2944 5220 3397 5291 philosophorum

1826 5311 2072 5364 tuorum,
2111 5302 2203 5369 qui
2243 5302 2327 5357 bis
2354 5310 2405 5356 et
2430 5312 2530 5364 ter,
2558 5314 2613 5355 ut
2655 5304 2773 5373 ipse
2802 5310 3040 5363 oratorie
3072 5313 3399 5378 exposuisti,

1825 5401 2071 5463 generati
2102 5390 2366 5457 fuerunt;
2400 5394 2487 5445 illa
2514 5404 2693 5448 autem
2726 5396 2933 5452 Christi
2961 5402 3065 5454 mei
3100 5418 3196 5471 pro
3228 5406 3403 5460 salute

1832 5493 1886 5537 et
1920 5484 2271 5548 reparatione
2307 5484 2593 5538 hominum
2620 5489 2838 5558 generis
2874 5491 3161 5547 miracula.
3203 5495 3409 5567 Pytha-

1712 5702 1942 5759 ΝΟΉΕ.
1988 5754 1991 5759 .

216 5860 371 5934 (7-8)
408 5860 610 5920 Textus
645 5862 867 5918 ﬁrmus
910 5861 1148 5919 habebat
1179 5877 1192 5916 :
1218 5861 1287 5917 δι’
1314 5860 1535 5937 σποὸἧς,
1570 5858 1716 5930 quod

1825 5858 1891 5912 δι’
1928 5859 2123 5930 ὲποδῆς
2153 5867 2365 5918 mutare
2395 5859 2615 5917 obvium
2646 5870 2785 5918 crat.
