4112 6448
152 398 273 470 1281

1413 411 1472 471 S.
1510 414 1835 476 ARTEMII
1863 416 2142 476 PASSIO.

3264 417 3405 485 1282

136 511 301 575 οὕτως
335 510 485 567 ἔσται
518 530 624 580 σοι,
649 514 1003 571 ἀσεϐέστατε.
1038 518 1209 572 Τοῦτο
1237 518 1293 573 δὲ
1325 521 1541 592 πρῶτον
1574 524 1706 577 ἀπο-

1811 530 1967 582 sime.
2014 526 2121 581 Sed
2160 526 2262 580 hoc
2298 527 2538 596 primum
2574 527 2883 599 responde,
2928 535 2984 585 et
3021 527 3208 584 indica
3236 530 3404 600 quid-

136 601 319 671 κρὶνου
352 605 447 657 καὶ
479 604 722 673 δίδασκε,
750 608 804 659 τί
835 608 896 660 τὸ
918 608 1079 675 δόξαν
1110 611 1260 679 ὑμῖν,
1291 604 1337 663 ὦ
1372 614 1708 685 παμμίαροι,

34 726 45 749 _-
136 695 214 747 ὅτι
266 695 399 765 μηδὲ
454 698 584 767 μιᾶς
613 716 761 762 τινος
790 699 1041 765 ἐξουσίας
1094 702 1127 772 ἢ
1175 706 1329 775 παρά
1379 705 1710 777 βασιλέωςῆ

138 787 280 851 παρά
313 804 460 852 τινος
505 789 616 842 τῶν
663 790 944 860 ἀρχόντων
993 793 1407 864 μετειληφότες,
1454 798 1620 850 πάντί
1650 815 1712 850 τε

137 878 227 930 καὶ
258 881 536 949 πανταχοῦ
564 883 963 955 διατρέχοντες,
1000 887 1100 948 τὰς
1138 887 1247 940 τῶν
1281 888 1538 956 μεγάλων
1573 891 1713 943 θεῶν

140 968 363 1033 σπονδάς
385 987 445 1023 τε
494 972 590 1025 καὶ
626 973 821 1038 θυσίας
859 977 1190 1047 ἀνατρέπειν
1232 980 1601 1045 σπουδάζετε,
1636 982 1714 1034 δι-

136 1056 423 1124 δάσκοντες
467 1061 534 1115 ἂν
592 1065 719 1127 τοὺς
765 1066 1114 1136 ἀνθρώπους,
1180 1069 1406 1134 τούτους
1449 1071 1523 1142 μὴ
1571 1068 1711 1126 εἶναι

138 1150 323 1217 θεοὺς,
360 1156 495 1225 μηδὲ
544 1158 801 1229 σωτῆρας
848 1159 951 1229 τῆς
993 1162 1340 1231 οἰκουμένης,
1365 1162 1578 1216 καὶτοῦ
1620 1165 1713 1217 άν-

138 1241 403 1311 θρωπείου
442 1247 636 1315 γένους
675 1253 985 1322 προνοητάς
1004 1271 1062 1305 τε
1094 1257 1188 1307 καὶ
1228 1253 1378 1328 [563]
1399 1257 1709 1327 κηδεμόνας

134 1336 521 1403 τυγχάνοντας,
559 1340 652 1405 οὓς
690 1342 724 1412 ἡ
759 1344 855 1395 ἀπ’
889 1345 1086 1408 αἰῶνος
1120 1348 1214 1400 καὶ
1246 1349 1454 1402 ἄνωθεν
1502 1368 1709 1421 πατρο-

134 1428 434 1496 παράδοτος
461 1430 572 1482 τῶν
611 1433 921 1501 ἀνθρώπων
973 1437 1255 1506 συνήθεια,
1307 1440 1491 1492 σέϐειν
1525 1459 1583 1494 τε
1614 1442 1708 1495 καὶ

132 1523 459 1587 προσκυνεῖν
496 1523 885 1592 παραδέδωκεν
909 1543 924 1556 ’
957 1526 1049 1579 τὸν
1090 1527 1145 1580 δὲ
1177 1530 1414 1599 Χριστὸν
1439 1531 1568 1600 χθὲς
1611 1533 1706 1585 τοῦ

1818 634 1944 671 nam
1982 617 2143 671 vobis
2186 616 2363 670 vismn
2398 620 2493 682 sit,
2527 619 2882 682 exsecrandi,
2916 626 2979 673 ut
3006 620 3157 674 nulla
3187 620 3305 676 sive
3332 621 3403 675 ab

1817 707 2173 777 imperatore,
2202 708 2320 763 sive
2345 706 2649 777 aquopiam
2674 709 3003 778 magistratu
3029 708 3255 763 licentia
3280 724 3402 763 mu-

1816 796 1942 861 niti,
1992 798 2198 867 ubique
2233 797 2588 860 discurratis,
2610 809 2663 851 et
2695 814 3020 870 magnorum
3061 800 3291 853 deorum
3329 798 3402 852 ri-

1817 899 1905 944 tus
1936 897 1990 942 ct
2012 888 2286 943 sacriﬁcia
2311 898 2565 943 evertere
2587 890 2888 954 conemini,
2924 890 3194 943 docentes
3217 887 3399 942 homi-

1816 996 1913 1035 nes
1938 993 2035 1035 cos
2070 995 2179 1033 non
2213 994 2338 1034 esse
2363 981 2497 1035 deos
2530 996 2709 1050 neque
2727 964 3045 1035 servatores
3070 979 3286 1041 mundi,
3307 988 3401 1033 aut

1815 1073 2058 1125 luunano
2088 1072 2275 1141 generi
2336 1056 2631 1141 providere
2684 1072 3049 1141 ejusdemque
3080 1086 3271 1141 gerere
3306 1085 3402 1123 cu-

1814 1178 1954 1225 ram,
1998 1177 2141 1230 quos
2171 1163 2240 1217 ab
2268 1178 2386 1217 τενο
2422 1168 2477 1216 ct
2506 1163 2699 1216 multis
2733 1172 2883 1216 retro
2911 1164 3133 1219 saeculis
3169 1179 3196 1215 a
3228 1162 3401 1232 patri-

1817 1256 1921 1309 hus
1946 1254 2189 1323 profecta
2218 1256 2535 1309 mortalium
2561 1254 2911 1310 consuetudo
2931 1256 3265 1310 revereudos
3290 1265 3402 1308 tra-

1817 1347 1958 1401 didit
1990 1354 2045 1402 ct
2078 1345 2740 1414 adorandus;Christum
2770 1356 2979 1411 autem,
3009 1348 3101 1415 qui
3132 1347 3247 1400 heri
3277 1361 3401 1400 esse

1815 1441 2003 1507 erepit,
2034 1454 2134 1493 nec
2190 1440 2426 1491 multum
2481 1447 2613 1493 ante
2652 1448 2899 1492 nostram
2943 1444 3186 1500 aetatem,
3228 1435 3397 1490 Deum

1816 1534 2218 1601 sempiternum
2250 1540 2306 1586 ct
2336 1546 2521 1600 regem
2558 1530 2948 1584 universorum
2970 1526 3331 1598 praedicatis?

130 1605 266 1662 εἶναι
310 1611 639 1684 ἀρξάμενον,
680 1618 776 1670 καὶ
817 1618 877 1669 οὐ
926 1620 1032 1688 πρὸ
1068 1621 1262 1673 πολλοῦ
1296 1623 1397 1689 τῆς
1429 1623 1707 1694 ἡμετέρας
1746 1625 1961 1693 γενεᾶς,
1993 1626 2127 1678 Θεὸν
2157 1625 2485 1695 προαιώνιον
2517 1622 2611 1676 καὶ
2635 1621 2862 1692 βασιλέα
2888 1621 2998 1674 τῶν
3048 1619 3208 1673 1ὅλων
3278 1617 3383 1671 ἀνα

130 1699 427 1768 κηρύττετε
445 1720 458 1766 ;

198 1796 302 1863 λγ’.
343 1799 453 1850 Καὶ
486 1800 514 1850 ὁ
547 1801 834 1870 Μακάριος
857 1819 871 1833 ·
910 1804 1037 1856 Ούκ
1063 1807 1341 1877 ἠρκέσθης
1371 1812 1491 1873 ταῖς
1538 1810 1713 1879 Εὐγε-

1895 1810 1985 1864 35.
2023 1807 2100 1860 Ad
2128 1808 2240 1860 hzec
2272 1803 2547 1859 Macarius
2577 1818 2591 1856 :
2620 1801 2738 1856 Non
2770 1816 2904 1872 ergo
2929 1799 3272 1855 suﬂ‘ecerunt
3302 1789 3399 1850 tibi

127 1889 243 1941 νίου
275 1895 465 1958 σοφαῖς
516 1894 882 1957 ἀποδείξεσιν,
920 1891 965 1948 ὦ
998 1898 1458 1969 παρανομώτατε,
1512 1902 1596 1954 ὅτι
1645 1903 1706 1956 τά

1820 1900 2103 1967 sapientes
2142 1896 2374 1966 Eugeuii
2416 1894 2950 1956 demonstrationes,
2979 1890 3397 1951 scelestissime,

128 1981 267 2034 αὐτὰ
314 1984 408 2034 καὶ
456 1985 585 2054 περὶ
636 1985 747 2037 τῶν
782 1987 962 2040 αὐτῶν
1010 1990 1097 2041 ἀεὶ
1140 1990 1385 2061 ἐρωτᾷ;;
1426 1968 1571 2063 Πλὴν
1603 1992 1711 2061 ἐγώ

129 2088 214 2122 σοι
242 2071 308 2123 τὰ
341 2074 481 2125 αὐτὰ
535 2074 630 2126 καὶ
665 2075 796 2145 περὶ
845 2077 956 2129 τῶν
991 2078 1174 2131 αὐτῶν
1224 2081 1548 2149 ὁμοτρόπως
1576 2084 1712 2136 ἀπο-

127 2163 483 2233 κριθήσομαι,
519 2166 602 2217 ὅτι
637 2166 873 2236 Χριστὸς
900 2167 959 2220 ὃν
994 2170 1059 2222 σὺ
1094 2169 1376 2239 χλευάζεις
1404 2172 1499 2224 καὶ
1533 2171 1713 2225 διασύ-

127 2268 246 2321 ρεις
303 2254 595 2323 ἐπιγελῶν,
647 2254 826 2319 οὕτως
871 2257 1329 2329 παρακελεύεται.
1386 2259 1552 2315 Εἶπεν
1602 2264 1711 2334 γάρ

126 2346 267 2415 πρὸς
294 2346 422 2410 τοὺς
458 2349 635 2419 ἱεροὺς
655 2349 821 2403 αὑτοῦ
856 2351 1105 2421 μαθητάς
1129 2369 1143 2381 ·
1190 2355 1589 2421 Πορευθέντες
1630 2359 1711 2421 εις

122 2435 221 2487 τὸν
248 2437 456 2505 κόσμον
494 2438 715 2492 ᾶπαντα
733 2480 747 2503 ,
776 2440 1197 2507 μαθητεύσατε
1226 2440 1422 2496 πάντα
1450 2442 1521 2495 τὰ
1541 2447 1708 2509 ἔθνη,

123 2525 517 2592 ,ϐαπτίζοντες
541 2527 765 2592 αὐτοὺς
790 2531 877 2589 εὶς
895 2529 961 2581 τὸ
985 2530 1174 2598 ὄνομα
1200 2532 1307 2585 τοῦ
1326 2534 1584 2600 Πατρός,
1606 2534 1707 2588 καὶ

128 2618 236 2671 τοῦ
262 2619 421 2684 Υίοῦ,
453 2619 681 2673 καὶτοῦ
715 2620 889 2689 ἁγίου
918 2623 1285 2691 Πνεύματος,
1314 2623 1710 2693 διδάσκοντες

123 2710 349 2775 αὐτοὺς
404 2713 609 2778 τηρεῖν
667 2713 866 2766 πάντα
917 2713 1037 2766 ὅσα
1094 2716 1491 2785 ἐνετειλάμην
1542 2719 1706 2787 ὑμῖν,
1768 2782 1769 2785 η

125 2800 352 2869 φεύγειν
381 2818 442 2854 τε
468 2804 578 2855 ἀπὸ
606 2803 714 2856 τῶν
748 2804 996 2874 ματαίων
1024 2804 1281 2871 εἰδώλων,
1316 2810 1412 2861 καλ⁸
1449 2809 1708 2880 ἐπιστρέ-

124 2911 251 2961 φειν
277 2895 371 2947 ἐπὶ
400 2895 534 2948 Θεὸν
563 2896 765 2961 ζῶντα,
793 2896 854 2960 ὃς
883 2897 1068 2951 ἔκτισε
1101 2900 1194 2951 τὸν
1223 2900 1453 2969 οὐρανὸν
1490 2902 1586 2954 καὶ
1608 2903 1710 2973 τὴν

122 2987 251 3056 γῆν.
278 2988 340 3040 Οἱ
372 2987 481 3058 γὰρ
523 2987 636 3039 Θεοί
668 3005 782 3053 σου,
818 2988 911 3052 οὓς
940 2991 1103 3053 αὐτὸς
1128 2995 1481 3060 προσκυνεῖς,
1517 2992 1709 3063 δαιμό-

120 3094 232 3128 νων
259 3077 368 3129 εἰσὶ
393 3076 711 3147 πλάσματα,
754 3079 850 3132 καὶ
900 3078 1088 3148 μύθων
1132 3080 1439 3149 εὐρέματα,
1474 3081 1567 3136 καὶ
1592 3083 1709 3136 δια-

119 3165 349 3237 ϐολικῆς
400 3169 685 3236 ἐνεργείας
736 3170 1179 3240 κυοφορήματαο
1228 3171 1372 3238 λέγει
1432 3173 1543 3243 γὰρ
1578 3174 1707 3244 περὶ

1812 1994 1941 2063 quia
1976 1991 2170 2045 eadem
2188 2001 2256 2043 σοι
2294 1989 2360 2043 de
2388 1988 2587 2042 iisdem
2614 2001 2831 2056 semper
2856 1982 3210 2053 interrogas?
3229 1979 3399 2050 Equi-

1812 2085 1935 2139 dem
1978 2082 2075 2136 tihi
2109 2080 2298 2135 eadem
2332 2080 2400 2133 de
2425 2078 2617 2134 iisdem
2652 2091 2718 2131 ac
2749 2076 2943 2132 eodem
2971 2088 3081 2144 quo
3114 2082 3171 2127 tu
3204 2072 3401 2126 ordine

1812 2172 2185 2240 respondebo,
2218 2172 2289 2224 ita
2314 2170 2544 2239 juhente
2573 2170 2822 2235 Christo,
2848 2184 3015 2237 quem
3044 2175 3102 2219 tu
3136 2164 3400 2219 deriden-

1811 2266 1943 2318 dum
2013 2264 2231 2333 prazhos
2289 2269 2346 2314 et
2399 2260 2686 2314 irridendo
2749 2260 2980 2314 laceras.
3039 2257 3185 2311 Dixit
3250 2256 3398 2309 enim

1814 2346 2023 2410 sanctis
2047 2354 2342 2422 discipulis
2369 2354 2485 2407 suis
2513 2371 2527 2407 ε
2564 2351 2761 2405 Euntcs
2800 2352 2851 2405 in
2879 2349 3145 2403 mundum
3170 2347 3397 2402 univer-

1813 2462 1959 2506 sum,
1981 2446 2164 2498 docete
2201 2462 2380 2496 onmes
2406 2453 2607 2512 gentes,
2627 2442 2961 2511 baptizantes
2982 2457 3069 2495 eos
3102 2442 3155 2492 iu
3190 2439 3402 2492 nomine

1812 2520 2081 2597 Patris,ot
2112 2532 2262 2595 Filii,
2285 2542 2334 2585 et
2358 2532 2591 2599 Spiritus
2620 2533 2812 2592 sancti.
2838 2532 3082 2585 docentes
3103 2547 3191 2584 eos
3221 2529 3399 2584 omnia

1809 2640 2132 2693 quwcunque
2168 2622 2429 2675 mandavi
2482 2622 2628 2676 vobis
2662 2625 2704 2689 ’,
2738 2631 2793 2678 et
2826 2622 3019 2693 fugere
3049 2636 3190 2674 vana
3225 2622 3397 2675 simu-

1812 2714 1986 2777 lacra,
2011 2722 2066 2766 et
2093 2715 2344 2766 converti
2380 2712 2449 2765 ad
2474 2710 2645 2766 Deum
2673 2712 2884 2775 vivum,
2913 2710 3009 2780 qui
3036 2710 3165 2764 fecit
3194 2710 3396 2763 t-(elum

1810 2814 1865 2859 et
1897 2814 2128 2858 terram.
2170 2802 2250 2856 Dii
2287 2802 2434 2857 enim
2464 2802 2570 2864 tui,
2604 2816 2747 2872 quos
2784 2802 2903 2872 ipse
2935 2800 3157 2863 adoras,
3188 2800 3397 2855 daemo-

1812 2912 1941 2950 num
1975 2902 2106 2950 sunt
2128 2893 2407 2963 ﬁgmenta,
2440 2902 2496 2948 et
2522 2895 2741 2947 iuventa
2772 2892 3179 2955 fabularum,et
3200 2890 3399 2945 diabo-

1811 2988 1929 3041 licae
1962 2985 2307 3055 operationis
2341 2983 2511 3039 fetus.
2549 2985 2622 3038 De
2651 2983 2740 3037 his
2762 2983 2909 3037 enim
2941 2982 3078 3035 dicit
3108 2979 3396 3047 Scriptura

1809 3085 2004 3132 nostra
2030 3093 2042 3128 :
2080 3074 2189 3141 Dii,
2216 3075 2306 3144 qui
2328 3075 2515 3128 caelum
2540 3083 2589 3127 et
2619 3084 2819 3127 terram
2851 3089 2957 3126 non
2983 3071 3243 3141 fecerunt,
3273 3084 3396 3137 per-

1808 3178 1930 3222 eant
1961 3169 2003 3224 ³.
2034 3168 2143 3222 Sed
2198 3168 2304 3220 alia
2349 3181 2572 3236 quoque
2626 3166 2739 3232 lex,
2776 3164 3085 3233 i'mperialis
3118 3176 3334 3231 nempe,
3365 3176 3395 3213 a

118 3257 306 3310 αὐτῶν
335 3260 367 3328 ἡ
394 3259 639 3329 ἡμετέρα
670 3260 861 3330 Γραφή
885 3277 899 3291 ο
930 3261 1059 3314 Θεοί
1089 3261 1147 3313 οἳ
1178 3262 1289 3314 τὸν
1313 3263 1578 3330 οὐρανὸν
1609 3264 1706 3320 καὶ

1811 3259 2179 3315 Constantino
2208 3259 2628 3331 consanguineo
2674 3268 2769 3312 tuo
2792 3256 2924 3324 lata,
2952 3255 3280 3310 adoratione
3299 3267 3396 3307 eos

115 3348 240 3415 τὴν
269 3348 385 3418 γῆν
418 3353 531 3404 οὐκ
564 3353 867 3419 ἐποίησαν
888 3352 1355 3407 ἁπολέσθωσαν.
1412 3353 1575 3407 Ἀλλά
1608 3354 1704 3408 καὶ

116 3441 289 3511 νόμος
320 3442 517 3504 αὐτοὺς
564 3444 749 3513 ἕτερος
788 3443 1068 3512 βασιλικὸς
1098 3445 1127 3497 ὁ
1159 3444 1313 3513 παρά
1358 3445 1705 3498 Κωνσταντί-

116 3547 219 3583 νου
236 3532 331 3583 τοῦ
354 3530 451 3583 σοῦ
488 3531 791 3599 συγγενοῦς
814 3532 1077 3597 ἐκτεθεὶς,
1108 3533 1364 3587 ἐκϐάλλει
1397 3534 1495 3604 τῆς
1525 3552 1700 3605 προσ-

114 3611 425 3689 κυνήσεως,
460 3622 555 3675 καὶ
595 3622 857 3675 καταλύει
899 3623 1081 3677 αὐτῶν
1134 3626 1204 3677 τά
1256 3625 1579 3695 σεϐάσματα
1604 3642 1617 3655 ⁸
1642 3626 1703 3690 ὃς

110 3712 203 3772 είς
232 3710 470 3779 Χριστὸν
496 3712 817 3777 πιστεύσας,
846 3711 917 3765 τὰ
940 3713 1051 3765 τῶν
1074 3712 1309 3766 εἰδώλων
1333 3715 1535 3786 τεμένη
1553 3732 1703 3781 ⁸κατ-

109 3802 373 3870 έστρεψε,
421 3803 515 3854 καὶ
551 3801 652 3865 τάς
672 3803 1095 3875 προσαγομένας
1119 3805 1305 3869 αὐτοῖς
1337 3805 1531 3871 Θυσίας
1557 3808 1704 3880 διαρ-

112 3889 293 3961 ρήδην
323 3892 631 3949 ἀπέπαυσε.
660 3895 725 3947 Τί
753 3895 933 3949 τοίνυν
963 3895 1276 3965 ἀδικοῦμεν,
1312 3890 1358 3950 ὦ
1391 3895 1634 3965 βασιλεῦ,
1661 3898 1699 3953 ἃ.

106 3978 253 4042 Θεὸς
289 3979 612 4049 προσέταξε,
658 3981 756 4035 καὶ
785 3980 1039 4051 βασιλεὺς
1079 3983 1253 4052 μέγας
1282 3982 1698 4054 νενομοθέτηκε,

107 4071 481 4145 κρατύνοντες
531 4074 625 4128 καὶ
671 4073 1165 4139 διαυθεντίξοντες,
1215 4075 1252 4129 ἀ
1294 4072 1350 4128 δὲ
1390 4075 1566 4146 ἡτῶν
1594 4093 1701 4130 πα-

1811 3350 2080 3412 excludit,
2116 3358 2172 3403 et
2207 3350 2464 3404 dissolvit
2497 3363 2691 3403 eorum
2727 3349 2963 3402 cultum.
2994 3344 3395 3400 Constantinus

1808 3440 1982 3502 enim,
2011 3437 2221 3494 Christi
2258 3438 2365 3493 [ide
2399 3447 2678 3507 suscepta,
2716 3437 2996 3491 idolorum
3051 3435 3256 3504 templa
3297 3433 3397 3487 de-

1812 3534 2041 3597 struxit,
2079 3540 2135 3588 et
2162 3548 2286 3602 quae
2321 3533 2404 3586 eis
2442 3531 2823 3585 oﬂ‘erebantur
2846 3529 3145 3583 sacriﬁciis
3203 3536 3396 3596 aperte

1808 3624 1972 3677 tinem
2002 3623 2291 3691 imposuit.
2316 3619 2460 3687 Quid
2477 3636 2611 3691 ergo
2638 3621 2771 3674 mali
2801 3620 3036 3690 agimus,
3064 3618 3393 3687 imperator,

1801 3713 1849 3768 si
1872 3726 1997 3782 quae
2030 3711 2176 3767 Deus
2214 3712 2496 3766 mandavit
2546 3723 2599 3766 ct
2635 3727 2867 3781 magnus
2921 3712 3222 3781 imperator
3275 3708 3396 3779 lege

1799 3805 2040 3861 sancivit
2070 3806 2391 3869 stabilimtis
2419 3813 2476 3859 et
2504 3820 2535 3859 a
2560 3805 2887 3874 suspicione
2918 3802 3181 3857 falsitatis
3210 3799 3395 3855 vindi-

1806 3912 2038 3963 camus,
2077 3912 2199 3963 quai
2251 3907 2434 3951 autem
2476 3904 2751 3962 veterum,
2800 3904 2862 3949 ut
2892 3895 3109 3956 dixisti,
3142 3894 3391 3948 virorum

1810 3989 2135 4061 insipientia
2158 4004 2225 4044 ex
2254 3987 2567 4043 daemonum
2594 3978 3007 4044 machinatione
3039 3986 3273 4052 invenit,
3298 3985 3393 4039 eli-

1810 4081 2095 4137 minamus
2126 4087 2181 4134 et
2211 4078 2615 4149 prohibemus?

102 4163 307 4229 λαιῶν,
332 4164 409 4227 ὡς
442 4164 601 4236 ἔφης,
634 4164 843 4234 ἀνδρῶν
872 4167 1028 4221 ἄνοια
1062 4169 1126 4220 ὲκ
1145 4168 1244 4238 τῆς
1271 4167 1381 4220 τῶν
1448 4168 1724 4238 δαιμόνων
1797 4172 1999 4244 ἐφεῦρε
2060 4172 2475 4244 μηχανουργεας
2497 4212 2513 4238 ,
2563 4170 2989 4241 ὲξαφανίζοντες
3036 4171 3130 4223 καὶ
3182 4168 3392 4223 διακω-

98 4259 336 4324 λύοντες
360 4277 376 4323 ;

188 4352 344 4426 [566]
381 4354 477 4409 λδ¹.
522 4356 630 4408 Καὶ
673 4356 702 4409 ὁ
755 4355 1131 4426 Παραϐάτης·
1193 4356 1355 4410 Ἀλλά
1410 4359 1711 4412 Κώνσταν-⁹

95 4449 281 4510 τίνος,
307 4447 667 4517 οἰκτρότατοι,
690 4448 1020 4517 νεωτερίσας
1039 4449 1127 4501 διὰ
1146 4449 1245 4511 τὰς
1278 4450 1699 4520 προσπεσούσας

1877 4355 1967 4409 54.
2004 4344 2314 4424 Respondit
2352 4354 2620 4422 Apostata
2656 4369 2672 4407 :
2716 4350 2822 4407 Sed
2871 4350 3297 4419 Constantinus,
3352 4370 3389 4410 (ι

1808 4444 2132 4510 miserrimi,
2166 4460 2290 4498 cum
2351 4444 2672 4497 innovasset
2718 4439 2974 4511 quaedam
3036 4451 3261 4510 pr0pter
3293 4459 3387 4499 eas

96 4536 271 4607 αύτῷ
299 4538 701 4609 ἀνοσιουργίας,
733 4539 946 4607 ἀπέστη
976 4542 1085 4592 τῶν
1110 4539 1270 4605 θεῶν,
1296 4540 1385 4609 ὑφ’
1414 4541 1568 4610 ὑμῶν
1588 4541 1697 4595 τῶν

1807 4553 1944 4608 quas
1976 4536 2176 4608 didicit
2213 4538 2551 4605 impietates,
2587 4551 2616 4588 a
2653 4534 2763 4588 diis
2789 4532 3014 4596 defecit,
3050 4534 3322 4602 deceptus
3354 4554 3383 4589 a

98 4628 424 4683 Γαλιλαίων
441 4629 934 4699 ὲξαπατηθεὶς,ἆτε
956 4630 1019 4700 δὴ
1036 4630 1281 4694 παιδείας
1294 4633 1585 4703 ἀμέτοχος,
1606 4636 1702 4688 καὶ

100 4718 266 4788 μήτε
300 4720 415 4781 τοῖς
447 4719 775 4787 Ῥωμαϊκοῖς
801 4718 1011 4788 νόμοις,
1040 4721 1176 4790 μήτε
1208 4723 1323 4785 τοῖς
1364 4722 1700 4793 Ἑλληνικοῖς

94 4808 299 4862 ἔθεσιν
328 4808 702 4878 ὲμπεδωθείςο
736 4808 847 4877 ἐγὼ
874 4809 952 4872 δὲ,
989 4803 1034 4862 ὦ
1067 4811 1272 4876 ἀνόσιε,
1309 4812 1408 4881 τῆς
1454 4812 1699 4882 Ἐλληνι-

91 4900 221 4968 κῆς
271 4917 331 4953 τε
363 4900 460 4953 καὶ
496 4900 817 4970 Ῥωμαῖκῆς
865 4901 1115 4965 παιδείας
1156 4903 1325 4973 ἀκρον
1350 4904 1697 4975 ἐπειλημμέ-

88 5008 229 5055 νος,
257 4991 354 5044 καὶ
382 4994 504 5055 ταῖς
543 4991 653 5044 τῶν
695 4992 945 5045 παλαιῶν
975 4994 1188 5064 ἀνδρῶν
1209 4994 1536 5063 θεολογίαις,
1572 4997 1698 5066 Ἐρ-

91 5081 225 5156 μοῦ
264 5099 323 5136 τε
367 5100 512 5153 φημι
555 5083 652 5137 καὶ
692 5084 938 5154 Ὀρφέως
971 5084 1066 5138 καὶ
1105 5085 1416 5149 Πλάτωνος,
1459 5066 1699 5159 ἐξησκη-

91 5173 305 5245 μένος,
348 5173 447 5243 οὐχ
493 5174 696 5243 ἣκιστα
729 5174 785 5227 δὲ
814 5176 911 5230 καὶ
936 5178 1059 5239 ταῖς
1107 5178 1426 5240 Ἰουδαῐκαίς
1452 5179 1698 5248 Γραφατς

86 5262 497 5333 ὲξωμιληκὼς,
530 5264 624 5319 καὶ
647 5265 747 5336 τὴν
780 5267 988 5322 τούτων
1021 5268 1308 5340 τερθρείαν
1334 5272 1693 5341 πεπατηκὼς,

86 5352 284 5406 πάλιν
313 5354 406 5407 ἐπὶ
426 5354 490 5407 τὸ
522 5356 1008 5427 πατροπαράδοτον
1057 5358 1153 5412 καὶ
1198 5359 1561 5431 ἀρχαιότατον
1598 5361 1695 5416 καὶ

81 5442 369 5511 θεοφιλὲς
391 5444 519 5509 τοὺς
546 5446 868 5517 ἀνθρώπους
918 5446 1037 5511 ἔθος
1080 5466 1142 5501 τε
1176 5450 1270 5503 καὶ
1313 5450 1478 5515 σέϐας
1511 5450 1695 5522 μένειν

93 5534 528 5605 διακελεύομαι,
561 5538 595 5607 ἢ
620 5540 741 5601 ταῖς
773 5538 883 5591 τῶν
925 5540 1269 5595 ἀπαιδεύτων
1294 5543 1391 5595 καὶ
1442 5560 1696 5616 νεωτερι-

88 5625 326 5691 ζόντων
352 5628 559 5693 ἀνοίαις
596 5629 951 5685 ἀκολουθεῖν-ν
968 5631 1106 5685 ἀλλά
1131 5633 1566 5704 ἀπογυμνούσθω
1591 5636 1688 5691 καὶ

189 5799 215 5831 ⁸
254 5798 440 5856 Matth.
468 5817 659 5866 xxvm,
692 5803 777 5871 i9,
806 5803 896 5859 20.
999 5808 1021 5840 ³
1055 5806 1257 5864 Jcrem.
1293 5826 1343 5875 κ,
1384 5810 1468 5867 Η.

1801 4630 1959 4684 vobis
1985 4629 2249 4692 Galilaeis,
2271 4636 2328 4681 ut
2356 4629 2447 4697 qui
2480 4635 2627 4685 esset
2654 4626 2839 4680 omnis
2864 4625 3135 4680 doctrina:
3160 4643 3381 4696 expers,

1801 4737 1980 4790 neque
2018 4720 2391 4774 Romanorum
2424 4718 2639 4788 legibus
2682 4726 2738 4772 et
2777 4718 3099 4772 Graecorum
3132 4724 3381 4775 moribus

1789 4816 2158 4887 informatus.
2217 4812 2328 4879 Ego
2381 4825 2535 4873 vero,
2593 4810 2780 4878 impie,
2832 4810 2925 4878 qui
2980 4810 3047 4862 ad
3101 4826 3379 4866 summum

1801 4905 2005 4960 Graeca:
2045 4911 2099 4957 et
2130 4902 2389 4956 Romanae
2419 4902 2753 4956 eruditionis
2780 4902 3022 4969 perveni,
3058 4910 3112 4955 et
3149 4905 3203 4955 in
3233 4915 3380 4957 vete-

1801 5011 1923 5050 rum
1980 4996 2229 5048 virorum
2277 4994 2594 5061 theologus,
2651 4990 2907 5046 Videlicet
2943 4990 3222 5056 Mercurii,
3278 4994 3381 5047 Or-

1799 5088 1925 5157 phei
1984 5095 2038 5140 et
2093 5086 2355 5151 Platonis,
2409 5084 2752 5139 exercitatus
2809 5099 2953 5145 sum,
2995 5093 3045 5137 et
3108 5082 3373 5139 Jndaieas

1796 5179 2111 5248 Scripturas
2188 5166 2350 5247 plane
2418 5176 2674 5234 cognitas
2750 5174 2969 5236 habeo,
3030 5176 3378 5229 conculcatis

1800 5273 1998 5327 borum
2038 5269 2410 5341 nugamentis,
2460 5270 2631 5337 jubeo
2680 5267 2935 5321 homines
2984 5267 3051 5321 ad
3080 5282 3289 5321 morem
3326 5278 3376 5321 et

1797 5365 2006 5417 cultum
2053 5376 2083 5415 a
2139 5362 2388 5431 patribus
2445 5357 2733 5419 traditum,
2799 5354 3255 5424 antiquissimum
3312 5360 3367 5406 et

1796 5453 1902 5507 diis
1935 5452 2313 5521 gratissimum
2352 5465 2547 5505 rursus
2588 5464 2648 5504 se
2695 5457 2929 5511 vertere,
2964 5447 3152 5517 potius
3206 5458 3372 5513 quam

1797 5544 2148 5600 indoctorum
2181 5558 2245 5597 ac
2279 5552 2613 5597 novaturum
2666 5541 2906 5611 ineptias
2955 5540 3136 5610 sequi.
3179 5536 3286 5593 Sed
3319 5546 3374 5589 et

1798 5638 1905 5696 iste
1931 5646 2167 5694 exuatur
2198 5645 2349 5693 veste
2378 5651 2502 5723 sua,
2547 5636 2748 5705 datque
2803 5632 3105 5704 ﬂagrorum
3149 5627 3371 5699 experio
