4112 6448
178 407 288 471 1285

1396 403 1456 462 S.
1497 398 1822 461 ARTEMII
1859 400 2141 461 PASSIO.

3256 401 3391 467 1286

178 538 292 589 μιος,
317 513 484 582 εἶπεν,
510 517 539 570 6
570 515 849 586 ἀλιτήριος
899 516 927 568 6
951 514 1029 584 τῷ
1063 516 1182 585 ἐμῷ
1208 513 1423 584 ἀδελφῷ
1449 514 1707 569 θάνατον-

1817 512 2159 582 imperator:
2203 509 2506 575 Artemius,
2544 510 2747 581 inquit,
2789 510 3098 568 sceleratus
3147 512 3239 569 ille
3295 516 3390 583 qui

175 614 339 683 πικρὸν
367 611 770 682 κερασάμενος;
803 609 933 673 Ναὶ,
959 610 1112 678 φησὶ,
1136 609 1398 680 κράτιστε
1426 606 1712 677 βασιλέων,

175 705 310 768 αὑτός
357 706 496 758 ἐστι.
549 705 660 758 Καὶ
707 701 1028 765 Ἰουλιανός’
1079 702 1253 773 Χάριν
1305 700 1576 770 ὲποφείλω
1602 701 1714 763 τοῖς

174 796 430 859 ἀθανάτοις
471 798 612 860 θεοῖς
641 798 734 849 καὶ
764 794 842 864 τῷ
870 792 1111 863 δαφναίῳ
1154 791 1470 856 Ἀπόλλωνι,
1505 794 1587 846 ὃτι
1621 809 1712 862 μοι

172 888 251 943 τὸν
272 890 533 959 ἀλάστορα
572 887 870 958 αὐτόμολον
896 885 992 939 καὶ
1034 884 1475 952 αὐτεπάγγελτον
1519 883 1714 953 ὲφανέ-

176 998 330 1052 ρωσαν
351 998 363 1012 °
398 982 491 1035 καί
538 997 703 1050 φησιν
731 995 744 1008 ·
783 977 1181 1047 Ἀποζωσθήτω
1208 975 1303 1028 τοῦ
1348 973 1659 1046 ἀξιώματος
1686 976 1714 1027 6

172 1072 481 1144 παμμίαρος.
507 1075 599 1126 καὶ
642 1072 741 1141 τὴν
783 1069 959 1140 ζώνην
1005 1068 1377 1139 ἀφαιρεθήτω,
1412 1067 1567 1138 δίκην
1607 1065 1715 1118 τῶν

171 1164 344 1236 ἀρτίως
370 1162 519 1233 αὐτῷ
545 1161 928 1231 τολμηθέντων
947 1177 960 1190 ’
995 1159 1134 1229 ὑπὲρ
1161 1159 1216 1211 δὲ
1245 1157 1344 1227 τῆς
1383 1158 1597 1225 σφαγῆς
1617 1153 1712 1207 τοῦ

169 1259 288 1328 ἐμοῦ
313 1257 537 1324 ἀδελφοῦ
583 1257 678 1309 καὶ
721 1254 817 1307 τοῦ
848 1255 1103 1322 αἵματος,
1148 1252 1337 1321 αὔριον
1390 1248 1539 1320 αὑτῷ
1579 1248 1716 1302 θεῶν

170 1350 485 1421 βουλομένων
519 1348 796 1418 προσοίσω
826 1347 926 1416 τὴν
951 1345 1107 1414 δίκην
1129 1360 1143 1374 ·
1176 1345 1235 1397 οὐ
1277 1345 1385 1412 γὰρ
1418 1341 1497 1394 ένί
1521 1357 1585 1409 γε
1616 1340 1715 1393 αὺ-

165 1442 246 1493 τὸν
275 1439 593 1504 ὲξαναλώσω
639 1438 877 1507 θανάτῳ,
918 1436 1052 1489 ἀλλά
1101 1434 1314 1505 μυρίοις
1354 1435 1445 1485 καὶ
1496 1434 1641 1495 ὅσοις
1668 1433 1716 1485 oi

165 1533 455 1601 ἀνδροφόνοι
488 1531 750 1600 ὑπόχρεοι
803 1529 1212 1599 καθεστήκασιν
1244 1543 1258 1558 ·
1293 1528 1354 1579 οὺ
1394 1528 1503 1597 γὰρ
1534 1526 1715 1579 κοινοῦ

163 1641 223 1693 γε
258 1624 458 1695 ἀνδρδς,
491 1623 628 1677 ἀλλά
657 1621 920 1691 βασιλέως
955 1617 1095 1689 αἷμα
1144 1619 1380 1689 ἐξέχεεν,
1418 1619 1514 1672 καὶ
1545 1618 1717 1674 ταῦτα

110 1789 117 1795 .
165 1716 315 1787 μηδὲν
337 1716 471 1787 πρὸς
503 1713 666 1768 αὑτοῦ
701 1710 987 1775 πεπονθὼς
1017 1711 1220 1766 ἄδικον.

1820 602 1974 658 l‘ratri
2021 618 2147 658 meo
2181 602 2439 657 acerbam
2506 611 2741 657 mortem
2774 605 3139 673 procuravit?
3166 604 3269 671 Ita,
3304 620 3393 660 rc-

1818 693 2039 764 spondit
2072 695 2297 757 cohors,
2334 693 2546 764 optime
2579 692 2899 763 imperator,
2931 697 3049 765 ipse
3099 703 3206 750 est.
3236 694 3394 751 Tunc

1815 785 2067 841 Julianus
2099 786 2348 842 :Gratias
2382 785 2557 841 debeo
2588 786 2696 841 diis
2720 786 3148 851 immortalibus,
3178 796 3231 841 et
3276 803 3394 841 ma-

1816 877 1962 931 xime
2016 877 2260 945 Apollini
2320 877 2617 945 Daphnaeo,
2676 876 2827 946 quod
2863 878 2998 931 mihi
3043 878 3393 932 ostendt'riut

1817 970 2043 1040 impium
2078 984 2177 1023 sua
2235 979 2434 1039 Sponte
2484 971 2794 1025 venientem
2845 979 2903 1025 et
2947 972 3391 1028 manifeSIantem

1819 1063 2086 1130 seipsum.
2147 1062 2212 1114 Et
2258 1063 2393 1116 dicit
2433 1082 2445 1117 :
2482 1061 2765 1132 Spolietur
2799 1063 3072 1132 dignitate
3096 1078 3195 1118 sua
3230 1080 3391 1137 exse-

1817 1154 2147 1219 crandus,ct
2179 1154 2398 1223 cingulo
2436 1162 2673 1207 exuatur
2700 1154 2753 1206 in
2789 1167 3007 1223 penam
3035 1168 3225 1208 eorum
3272 1169 3394 1223 quae

1819 1244 1983 1298 modo
2016 1260 2192 1298 ausus
2226 1253 2313 1299 est
2347 1244 2620 1314 proferre.
2669 1243 2741 1298 De
2768 1246 2916 1299 caede
2953 1254 3138 1300 autem
3169 1260 3233 1299 ac
3261 1261 3392 1301 san—

1818 1335 1981 1402 guine
2015 1333 2207 1388 fratris
2235 1335 2336 1388 mei
2367 1350 2515 1399 cras,
2552 1333 2662 1388 diis
2696 1335 3035 1403 volentibus,
3067 1350 3260 1405 poenas
3298 1334 3395 1389 da-

1818 1425 1914 1479 bit.
1965 1425 2179 1479 Etenim
2229 1441 2338 1480 uon
2372 1442 2479 1480 una
2531 1441 2655 1479 eum
2708 1436 2884 1481 morte
2925 1442 3274 1491 consumam,
3298 1426 3392 1482 sed

1819 1516 2087 1581 millibus,
2115 1526 2386 1586 quotquot
2415 1516 2712 1571 homicidis
2767 1518 2937 1588 iulligi
2980 1519 3193 1586 solent;
3232 1517 3394 1586 siqui-

1818 1604 1939 1656 dem
1994 1619 2101 1657 nou
2136 1606 2237 1658 viri
2269 1607 2604 1671 communis,
2643 1608 2737 1661 sed
2779 1607 3133 1677 imperatoris
3164 1607 3396 1679 sangui-

1819 1710 1944 1749 nem
1982 1695 2257 1762 eﬂ‘uderit,
2294 1697 2500 1751 nullam
2545 1705 2729 1753 tamen
2760 1700 2829 1753 ab
2874 1714 2942 1756 eo
2968 1699 3231 1769 injuriam
3270 1713 3399 1769 pas-

1822 1802 1940 1841 SUS.

234 1896 322 1960 λζ’.
350 1895 533 1949 Ταῦτα
559 1894 651 1949 τοῦ
685 1893 949 1965 βασιλέως
985 1892 1281 1947 Ἰουλιανοῦ
1303 1893 1712 1966 δημηγορήσαν-

1895 1880 1982 1934 57.
2012 1880 2108 1936 liis
2158 1880 2342 1935 verbis
2376 1881 2446 1935 ab
2510 1880 2846 1950 imperatore
2885 1880 3110 1935 Juliano
3139 1881 3393 1951 prolatis,

159 2004 261 2053 τος,
295 1987 637 2058 ἀνάρπαστος
662 1985 766 2038 ὑπὸ
791 1985 898 2037 τῶν
926 1984 1241 2055 δορυφόρων
1261 1988 1289 2039 ὁ
1310 1986 1464 2053 ἅγιος
1485 1986 1716 2053 γίνεται,

158 2080 247 2133 καὶ
296 2082 389 2150 τῆς
437 2078 615 2147 ζώνης
668 2077 808 2147 μετά
857 2076 953 2129 τοῦ
1004 2076 1315 2146 ἀξιώματος
1368 2077 1715 2147 ἀφαιρεθεὶς,

156 2170 347 2239 γυμνὸς
384 2168 474 2220 ἐπὶ
502 2168 597 2220 τοῦ
630 2166 871 2237 βήματος
898 2167 1083 2219 ἵστατο
1113 2165 1205 2219 καὶ
1230 2166 1338 2218 τῶν
1363 2165 1574 2235 δημίων
1600 2169 1717 2231 ταῖς

154 2260 303 2329 χερσὶ
331 2257 648 2328 παρεδίδοτο
672 2274 686 2288 ο
721 2257 770 2309 oi
800 2255 879 2319 δὲ,
905 2256 1149 2324 σχοίνους
1178 2256 1286 2308 τῶν
1317 2258 1516 2327 χειρῶν
1551 2257 1716 2311 αὑτοῦ

153 2354 244 2406 καὶ
296 2353 469 2406 ποδῶν
508 2351 861 2422 ἐξαψάμενοι,
908 2349 1267 2402 διατείνουσιν
1299 2349 1364 2400 ὲκ
1412 2349 1714 2419 τεσσάρων,

150 2445 244 2498 καὶ
269 2447 363 2515 τήν
391 2461 450 2497 τε
489 2444 734 2514 γαστέρα
799 2444 891 2495 καὶ
946 2442 1036 2495 τὸν
1098 2441 1267 2494 νῶτον
1299 2440 1392 2494 τοῦ
1439 2441 1717 2512 μάρτυρος

147 2536 258 2596 τοῖς
286 2532 597 2603 βουνεύροις
626 2533 858 2587 ἔτυπτον
887 2533 981 2585 ἐπὶ
1008 2533 1280 2595 τοσοῦτον,
1316 2532 1461 2585 ὥστε
1490 2532 1717 2596 ἀλλάξαι

145 2625 306 2679 αὑτὸν
337 2625 510 2693 ζυγάς
552 2626 848 2695 τέσσαρας.
875 2624 983 2677 Καὶ
1012 2620 1080 2693 ἦν
1125 2625 1252 2677 ἰδεῖν
1278 2624 1435 2693 ξένην
1463 2624 1585 2677 τινά
1623 2623 1717 2677 καὶ

140 2717 244 2770 οὐκ
282 2716 630 2787 ἀνθρωπίνην
682 2717 996 2786 ὑπομονήν·
1040 2716 1102 2769 οὐ
1127 2716 1235 2787 γάρ
1277 2717 1604 2785 στεναγμὸς,
1654 2716 1715 2769 οὐ

141 2808 319 2877 φωνὴ,
346 2806 406 2859 οὐ
433 2807 696 2877 σκυλμδς,
733 2809 836 2861 οὐκ
888 2807 1019 2862 ἀλλο
1068 2824 1121 2860 τι
1147 2805 1257 2859 τῶν
1290 2807 1388 2858 ὅσα
1417 2807 1717 2875 πάσχουσιν

138 2897 419 2967 ἄνθρωποι
462 2898 718 2966 βασάνοις
755 2898 1161 2967 ἐξεταζόμενοι,
1216 2897 1347 2966 παρ’
1378 2896 1545 2948 αὑτοῦ
1589 2898 1716 2949 ἀνευ

136 2984 421 3054 πέμπετοο
466 2986 582 3038 ἀλλ’
628 2986 898 3055 ἅτρεπτός
958 3004 1042 3049 τις
1098 2987 1188 3039 καὶ
1223 2986 1584 3050 ἀναλλοίωτος
1636 2984 1718 3056 τῷ

136 3074 419 3145 προσώπῳ
469 3077 855 3145 κατεφαίνετο.
892 3076 956 3128 Ἦ
990 3076 1057 3145 γῆ
1096 3075 1151 3128 δὲ
1181 3076 1275 3129 τοῦ
1307 3077 1540 3147 αἵματος
1582 3080 1713 3129 ἐπε-

1822 1972 2095 2041 arripiuut
2138 1974 2403 2028 satellites
2456 1982 2733 2039 sanctum,
2766 1973 2860 2043 qui
2901 1974 3124 2044 cingulo
3156 1989 3281 2027 eum
3310 1973 3397 2026 di-

1822 2065 2032 2133 gnitate
2072 2064 2367 2135 Spoliatus,
2412 2066 2595 2119 nudus
2640 2064 2862 2119 sistitur
2904 2080 3003 2134 pro
3041 2066 3303 2119 tribunali
3344 2073 3398 2118 et

1822 2156 2079 2209 lictorum
2114 2158 2369 2211 manibus
2398 2154 2658 2210 traditur.
2693 2156 2761 2209 Hi
2812 2165 2994 2211 autem
3024 2157 3185 2213 funes
3220 2156 3400 2212 mani-

1821 2244 1922 2298 bus
1961 2253 2013 2298 et
2046 2245 2277 2314 pedibus
2305 2247 2563 2316 martyris
2590 2247 2903 2316 alligantes,
2937 2262 2965 2300 a
3000 2257 3236 2317 quatuor
3269 2262 3401 2317 par-
3469 2286 3476 2292 -

1823 2336 1971 2392 tibus
1996 2354 2118 2391 eum
2164 2339 2487 2403 extendunt,
2522 2348 2883 2410 ventremque
2917 2348 2971 2394 et
3023 2352 3236 2409 tergum
3277 2339 3401 2409 ejus

1820 2429 1956 2483 adeo
1986 2429 2147 2482 boum
2178 2430 2361 2483 nervis
2392 2429 2711 2492 verberant,
2749 2439 2809 2482 ut
2832 2431 2885 2484 in
2922 2429 3183 2485 caedendo
3201 2438 3401 2500 quater

1820 2522 2165 2577 alternarint.
2202 2521 2269 2575 Et
2290 2522 2477 2576 videre
2506 2528 2627 2576 erat
2669 2522 2947 2576 insolitam
2979 2524 3274 2592 quamdam
3296 2539 3401 2579 nec

1820 2614 2114 2667 humanam
2138 2613 2487 2681 patientiam.
2523 2610 2645 2666 Non
2669 2613 2814 2667 enim
2842 2615 3106 2681 gemitus,
3136 2629 3245 2669 non
3272 2628 3398 2677 vox,

1819 2718 1929 2756 non
1959 2701 2260 2770 singultus,
2294 2716 2400 2755 non
2435 2700 2583 2753 aliud
2611 2700 2912 2769 quidquam
2945 2716 3135 2755 eorum
3157 2715 3281 2770 quae
3307 2714 3403 2755 ac-

1820 2794 2006 2848 cidere
2049 2794 2230 2849 solent
2281 2792 2598 2846 hominibus
2641 2792 2733 2845 ubi
2776 2800 3047 2846 tormenta
3084 2790 3398 2861 perferunt,

1820 2887 1891 2941 ab
1922 2890 2042 2955 ipso
2088 2886 2463 2942 emittebatur.
2498 2885 2669 2940 Terra
2702 2885 2925 2955 quidem
2975 2901 3175 2940 cruore
3207 2886 3399 2956 opple-

1819 2977 2017 3040 batur;
2058 2978 2320 3047 martyris
2351 2992 2481 3030 vero
2532 2977 2709 3040 frons,
2740 2991 2803 3030 ac
2839 2977 2885 3030 si
2921 2977 3062 3031 alius
3096 2984 3397 3045 pateretur,

1817 3069 2152 3126 cernebatur
2200 3079 2542 3138 exporrecta,
2590 3068 2666 3122 ita
2715 3075 2773 3121 ut
2820 3067 3155 3122 mirarentur
3205 3082 3400 3122 omnes

132 3165 419 3233 πλήρωτο,
454 3168 549 3219 καὶ
592 3169 620 3218 6
667 3168 879 3236 μάρτυς
913 3168 989 3230 ὡς
1033 3167 1194 3221 ἄλλου
1232 3167 1384 3238 [569]
1412 3168 1712 3237 πάσχοντος

1820 3161 2288 3223 circumstantes,
2322 3168 2375 3213 et
2420 3159 2536 3228 ipse
2582 3158 2831 3213 nefarius
2861 3157 3117 3212 Julianus
3148 3157 3400 3212 inaudito

130 3255 468 3326 ὲγνωρίζετο
489 3274 502 3287 ο
540 3257 681 3310 ὥστε
716 3258 995 3326 θαυμάσαι
1030 3259 1239 3321 πάντας
1270 3261 1393 3322 τοὺς
1422 3259 1712 3329 παρεστῶ-

126 3365 261 3410 τας,
292 3351 386 3401 καὶ
415 3348 580 3400 αὐτὸν
609 3349 702 3401 τὸν
724 3348 999 3417 ἀλάστορα
1040 3349 1329 3402 Ἰουλιανδν
1369 3349 1716 3417 ἐκπλαγῆναι

125 3439 229 3492 ἐπὶ
269 3438 344 3507 τῷ
375 3438 507 3508 ξένῳ
542 3440 798 3506 θεάματι.
843 3441 950 3492 Καὶ
993 3440 1205 3493 κελεύει
1249 3440 1415 3493 αὐτὸν
1451 3440 1718 3495 ἀνεθέντα

121 3530 228 3584 ἐπὶ
243 3530 345 3599 τὴν
374 3530 620 3599 φυλακὴν
644 3531 962 3600 ἀπαχθῆναι
992 3530 1131 3601 μετά
1157 3532 1267 3586 τῶν
1293 3532 1497 3586 λοιπῶν
1519 3534 1712 3602 ἁγίων,

121 3622 469 3690 σκεψόμενος
503 3621 618 3685 πῶς
669 3625 764 3675 καὶ
806 3623 911 3675 τίνι
949 3624 1136 3693 τρόπῳ
1167 3625 1259 3676 καὶ
1315 3624 1452 3693 ποίῳ
1501 3624 1717 3696 θανάτῳ

112 3711 233 3782 τῆς
262 3714 545 3781 παρούσης
570 3712 719 3781 ζωῆς
752 3714 1071 3780 ἐξαφανίσει
1102 3716 1228 3779 τοὺς
1259 3716 1566 3786 μάρτυρας.

200 3804 306 3873 λη’.
352 3804 412 3857 ΟΞ
460 3805 559 3873 μὲν
613 3805 706 3857 οῦν
753 3804 847 3857 τοῦ
881 3804 1122 3870 Χριστοῦ
1179 3805 1459 3875 μάρτυρες
1492 3806 1585 3859 ἐπὶ
1614 3805 1717 3877 τὴν

113 3895 385 3967 φυλακὴν
456 3896 800 3966 ἀπαγόμενοι
866 3896 1097 3965 ἔψαλλον
1140 3914 1154 3927 ·

114 3986 302 4050 Θεὸς,
335 3986 659 4052 ἐπύρωσας
692 3987 842 4054 ἡμᾶς
880 3987 959 4052 ὠς
982 3987 1276 4054 πυροῦται
1301 3988 1367 4041 τὸ
1391 3989 1675 4057 ἀργύριον
1696 4005 1711 4019 ’

106 4076 459 4157 δτι-ια’ήςν·αῖ·ες·⁸
480 4074 637 4144 ἡμᾶς
657 4080 745 4141 εἱς
768 4077 882 4143 τὴν
909 4078 1151 4146 atq-16a;
1176 4077 1317 4131 ἔθου
1351 4079 1587 4147 θλίψεις
1613 4077 1715 4132 ἐπὶ

103 4170 233 4225 τὸν
266 4170 463 4223 νῶτον
487 4168 676 4237 ἡμῶν,
700 4169 1060 4235 ἐπεϐίϐασας
1105 4170 1456 4237 ἀνθρώπους
1484 4171 1583 4223 ἐπὶ
1606 4170 1714 4237 τὰς

104 4262 402 4329 κεφαλὰς
432 4259 603 4329 ἡμῶν
636 4275 649 4289 ·
684 4259 859 4311 λείπει
888 4259 983 4312 οῦν
1021 4259 1081 4311 τὸ
1116 4260 1378 4315 διελθεῖν
1413 4259 1567 4329 ἡμᾶς
1616 4259 1715 4313 διὰ

102 4349 323 4415 πυρός
348 4364 413 4400 τε
444 4348 540 4399 καὶ
573 4346 812 4412 ὕδατος,
846 4349 1006 4414 ὅπως
1024 4350 1111 4413 εὶς
1131 4351 1462 4417 ἀναψυχὴν
1485 4348 1712 4418 ἀγάγῃς

97 4438 310 4508 ἡμᾶς.
338 4438 450 4490 Καὶ
476 4437 575 4508 τῆς
598 4437 765 4506 εὐχῆς
792 4438 1202 4508 πληρωθείσης,
1235 4439 1389 4506 ἔλεγε
1424 4440 1559 4511 πρὸς
1577 4443 1709 4494 ἐαυ-

1220 3897 1648 3967 Ἐὃοκίμασαςῖ,
1679 3898 1715 3951 ό

1822 3250 2074 3320 prodigio
2104 3257 2580 3304 consternaretur.
2629 3246 2794 3302 Jubet
2843 3248 3063 3302 tandem
3093 3247 3398 3302 relaxatum

1820 3356 1947 3394 cum
1972 3341 2202 3409 reliquis
2232 3341 2440 3396 sanctis
2468 3342 2519 3393 iu
2557 3340 2870 3395 custodiam
2913 3338 3064 3402 duci,
3097 3340 3399 3394 meditatu-

1818 3449 1913 3488 rus
1942 3433 2241 3502 quomodo,
2270 3442 2323 3487 et
2343 3433 2549 3501 quibus
2585 3433 2953 3498 cruciatibus,
2984 3444 3037 3489 et
3061 3448 3170 3505 quo
3201 3434 3400 3489 mortis

1816 3540 2015 3597 genere
2036 3524 2203 3579 vitam
2231 3524 2479 3580 auferret
2507 3524 2866 3596 martyribus.

1888 3803 1977 3858 '58.
2010 3802 2217 3858 Christi
2251 3818 2383 3873 ergo
2424 3811 2719 3874 martyres,
2748 3801 2877 3856 dum
2913 3802 2967 3856 in
2989 3817 3271 3859 carcerem
3297 3804 3401 3860 duo

1815 3893 2118 3955 cebautur,
2160 3892 2506 3960 psallebant:
2568 3890 2822 3944 l’robasli
2880 3908 2996 3957 nos,
3060 3891 3201 3947 Deus
3224 3909 3249 3959 με
3284 3894 3400 3963 igne

1815 4001 1911 4038 nos
1956 3985 2298 4048 examinasti,
2353 3985 2492 4036 sicut
2536 3985 2881 4037 examinatur
2934 3998 3232 4054 argentum.
3302 3986 3400 4041 1n-

1813 4075 2018 4129 duxisli
2039 4092 2133 4128 nos
2161 4076 2215 4128 iu
2244 4075 2753 4144 laqueum,posuisti
2771 4077 3143 4132 tribulatione:
3163 4080 3218 4132 in
3238 4080 3398 4134 dorso

1814 4177 2040 4222 nostra:
2092 4167 2392 4234 imposuisti
2442 4167 2681 4220 homines
2740 4185 2899 4237 super
2949 4172 3128 4238 capita
3184 4182 3392 4225 nostra.

1816 4257 2008 4312 Restat
2085 4258 2254 4326 igitur
2314 4268 2408 4318 ut,
2478 4267 2772 4328 postquam
2841 4264 3241 4319 transirerimus
3306 4280 3400 4333 per

1813 4351 1980 4418 ignem
2010 4358 2057 4401 et
2082 4364 2295 4416 aquam,
2340 4347 2533 4401 educas
2578 4366 2671 4403 nos
2710 4350 2766 4402 in
2828 4352 3162 4421 refrigerium
3194 4353 3235 4406 ⁵.
3275 4372 3294 4404 ι
3329 4356 3397 4408 Et

1814 4439 2079 4507 completa
2100 4438 2372 4499 oratione,
2409 4437 2636 4492 dicebat
2693 4441 2839 4509 apud
2871 4457 2931 4497 se
2968 4457 3200 4512 magnus
3234 4444 3396 4499 Arte-

94 4528 210 4583 τὺν
283 4529 313 4581 6
366 4528 539 4599 μέγας
585 4528 872 4598 ’Λρτέμιος
906 4544 919 4557 ·
968 4529 1101 4581 Ἰδοὺ
1154 4529 1263 4600 γάρ
1318 4530 1399 4593 τάκ
1440 4531 1712 4602 στίγματα

1826 4529 1968 4583 mius
1994 4546 2007 4582 :
2035 4527 2185 4596 ‘Eece
2208 4528 2463 4597 stigmata
2485 4526 2694 4582 Christi
2722 4530 3030 4599 incorpore
3057 4542 3153 4587 tuo
3184 4534 3397 4589 inscul-

91 4618 212 4673 τοῦ
248 4618 499 4687 Χριστοῦ
526 4621 583 4671 ἐν
617 4618 696 4687 τῷ
733 4619 950 4687 σώματί
981 4637 1074 4673 σου
1112 4621 1449 4691 κεχάρακται
1478 4638 1491 4652 ·
1532 4623 1711 4674 λείπει

92 4703 211 4764 οὖν
242 4709 341 4761 ἵνα
370 4710 467 4762 καὶ
510 4709 683 4779 αὐτὴν
715 4708 816 4778 τὴν
846 4709 1029 4779 ψυχὴν
1057 4711 1426 4781 προσαποδῷς
1454 4712 1591 4781 μετὰ
1617 4712 1710 4765 τοῦ

91 4799 421 4854 ἐπιλοίπου
471 4817 566 4853 σου
596 4799 831 4870 αἵματος
866 4817 881 4830 ⁸
913 4800 1009 4854 καὶ
1048 4801 1111 4854 τὸ
1145 4803 1483 4871 προφητικὸν
1534 4807 1711 4858 ὲκεϊνο

88 4891 318 4957 λόγιον
378 4890 785 4960 ἐνθυμούμενος
856 4891 1088 4960 ἔλεγεν·
1164 4892 1294 4945 Ἰδοὺ
1356 4893 1564 4948 δέδωκα
1618 4894 1709 4950 τὸν

91 4980 297 5037 νῶτόν
355 4998 459 5053 μου
510 4983 591 5045 είς
653 4983 959 5052 μάσττάς,
1019 4984 1113 5036 καὶ
1158 4984 1259 5046 τὰς
1302 4987 1555 5052 σιαγόνας
1605 5004 1707 5057 μου

87 5077 192 5136 είς
272 5074 603 5144 ῥαπίσματα
635 5092 650 5107 ·
704 5075 841 5129 ἀλλὰ
868 5075 921 5128 τί
954 5077 1346 5147 περισσότερον
1409 5076 1504 5130 τοῦ
1569 5078 1704 5147 ἐμοῦ

83 5163 404 5217 Δεσπότου
432 5165 747 5234 ὑπήνεγκας
767 5164 1064 5230 όάνάξιος;
1098 5167 1364 5228 Κάκεῖνος
1395 5167 1703 5239 κατεξάνθη

78 5256 236 5317 ταῖς
306 5255 562 5323 μάστιξιο
602 5256 859 5309 κάκείνου
907 5257 968 5309 τὸ
1031 5257 1324 5327 πρόσωπον
1379 5259 1703 5329 ῥαπίσματα

79 5344 463 5410 κατεδέξατο
490 5347 582 5399 καὶ
616 5346 1023 5417 κολαφίσματα,
1084 5348 1179 5401 καὶ
1208 5349 1432 5417 πυγμὰς
1491 5348 1699 5419 ὑπέστη

74 5436 166 5490 δι’
192 5435 341 5489 ὅλου
377 5437 470 5490 τοῦ
501 5438 775 5509 σώματος,
811 5438 1106 5494 ἀκάνθινον
1164 5439 1393 5510 ὲφόρεσε
1422 5441 1703 5509 στέφανον,

162 5588 195 5623 δ
222 5584 391 5643 Psal.
425 5604 547 5656 va,
581 5589 666 5643 10.

1821 4628 1911 4688 pta
1946 4630 2098 4685 sunt,
2133 4627 2307 4672 restat
2335 4618 2506 4687 igitur
2532 4628 2587 4672 ut
2629 4628 2683 4673 et
2719 4622 2894 4689 ipsam
2930 4623 3169 4676 animam
3209 4625 3395 4681 tradas

1817 4726 1939 4764 cum
1963 4712 2176 4779 reliquo
2197 4711 2487 4779 sanguine.
2514 4710 2579 4764 Et
2602 4712 2988 4780 propheticum
3010 4713 3141 4769 illud
3167 4717 3391 4770 verbum

1816 4801 2241 4856 meditabunllus
2272 4801 2585 4870 proferebat
2611 4823 2624 4857 :
2648 4803 2790 4858 Ecce
2814 4804 2936 4858 dedi
2959 4807 3183 4863 dorsum
3211 4825 3391 4865 meum

1814 4894 1867 4947 in
1896 4891 2127 4961 ﬂagella,
2158 4900 2212 4946 et
2245 4908 2412 4962 genas
2451 4908 2603 4948 meas
2633 4894 2697 4947 ad
2726 4895 2912 4964 alapas
2944 4896 3081 4968 (12).
3118 4898 3225 4954 Sed
3256 4901 3386 4970 quid

1817 4984 2051 5053 amplius
2083 4984 2395 5038 sustinuisti
2426 4998 2589 5053 quam
2622 5001 2744 5055 qua:
2780 4986 3043 5042 Dominus
3076 5006 3253 5053 meus,
3305 4993 3394 5045 in—

1813 5074 2016 5145 digne?
2038 5073 2157 5143 Ipse
2177 5090 2397 5143 quoque
2419 5075 2758 5129 dilaceratus
2786 5074 2887 5129 fuit
2910 5076 3177 5145 ﬂagellis;
3213 5080 3392 5147 ipsius

1812 5182 2031 5237 quoque
2052 5166 2239 5220 vultus
2275 5168 2463 5236 alapas
2513 5168 2758 5235 suscepit
2809 5177 2864 5219 et
2898 5169 3205 5236 colaphos;
3245 5171 3391 5226 ictus

1820 5258 2080 5316 sustinuit
2127 5258 2181 5310 in
2216 5264 2331 5312 toto
2365 5273 2620 5327 corpore,
2655 5258 2903 5327 spineam
2939 5261 3180 5329 portavit
3230 5277 3390 5315 coro-

1810 5364 1958 5415 nam,
2009 5362 2318 5416 manusque
2366 5362 2395 5400 a
2430 5358 2582 5417 tergo
2617 5349 2917 5412 revinctus,
2980 5352 3389 5427 ttudus‘cruci-

1816 5441 1955 5497 fixus
1987 5448 2072 5496 est
2108 5448 2332 5510 prapter
2379 5454 2558 5495 meum
2600 5451 2890 5509 peccatum
2924 5457 3213 5512 meamque
3251 5458 3387 5512 pm“

1638 5680 1874 5738 NOTAE.

165 5770 314 5845 (i2)
354 5772 562 5830 Alludit
585 5783 813 5833 sanctus
834 5773 903 5832 ad
922 5774 1102 5834 locum
1126 5774 1299 5845 Isaiae,
1328 5793 1377 5847 1.,
1413 5777 1446 5833 6
1484 5795 1499 5836 :
1542 5777 1745 5847 Corpus
1786 5794 1953 5834 meum
1983 5777 2104 5833 dedi
2131 5777 2566 5847 percutieulibus,
2600 5784 2651 5833 et
2687 5793 2843 5847 genus
2874 5793 3016 5835 neas
3048 5778 3373 5837 vellentibus.
