  <div class='ocr_page' id='page_1' title='image "/cluster/home/n/w/nwhite01/storage/ocr_20150623/96/nnc1.0046979875/648.png"; bbox 0 0 4112 6448; ppageno 0'>
   <div class='ocr_carea' id='block_1_1' title="bbox 175 399 1767 470">
    <p class='ocr_par' dir='ltr' id='par_1_1' title="bbox 175 401 1767 470">
     <span class='ocr_line' id='line_1_1' title="bbox 175 401 1767 470; baseline -0.006 0"><span class='ocrx_word' id='word_1_1' title='bbox 175 404 307 470; x_wconf 70' lang='grc'><strong>1297</strong></span> <span class='ocrx_word' id='word_1_2' title='bbox 1417 404 1477 464; x_wconf 81' lang='lat' dir='ltr'><strong>S.</strong></span> <span class='ocrx_word' id='word_1_3' title='bbox 1521 401 1767 462; x_wconf 80' lang='lat' dir='ltr'><strong>ARTEM</strong></span> 
     </span>
    </p>
   </div>
   <div class='ocr_carea' id='block_1_2' title="bbox 1870 399 3437 470">
    <p class='ocr_par' dir='ltr' id='par_1_2' title="bbox 1882 400 3437 469">
     <span class='ocr_line' id='line_1_2' title="bbox 1882 400 3437 469; baseline 0.005 -9"><span class='ocrx_word' id='word_1_4' title='bbox 1882 400 2172 462; x_wconf 85' lang='lat' dir='ltr'><strong>PASSIO.</strong></span> <span class='ocrx_word' id='word_1_5' title='bbox 3297 402 3437 469; x_wconf 69' lang='lat'><strong>1298</strong></span> 
     </span>
    </p>
   </div>
   <div class='ocr_carea' id='block_1_3' title="bbox 175 509 1767 587">
    <p class='ocr_par' dir='ltr' id='par_1_3' title="bbox 175 509 1759 587">
     <span class='ocr_line' id='line_1_3' title="bbox 175 509 1759 587; baseline -0.003 -18"><span class='ocrx_word' id='word_1_6' title='bbox 175 517 294 587; x_wconf 86' lang='grc' dir='ltr'>μετ’</span> <span class='ocrx_word' id='word_1_7' title='bbox 344 513 508 569; x_wconf 69' lang='grc' dir='ltr'>αὐτὸν</span> <span class='ocrx_word' id='word_1_8' title='bbox 557 513 957 579; x_wconf 86' lang='grc' dir='ltr'>Κωνστάντιος,</span> <span class='ocrx_word' id='word_1_9' title='bbox 1013 515 1043 568; x_wconf 83' lang='grc' dir='ltr'>ὁ</span> <span class='ocrx_word' id='word_1_10' title='bbox 1087 513 1145 567; x_wconf 79' lang='grc' dir='ltr'><strong>δὲ</strong></span> <span class='ocrx_word' id='word_1_11' title='bbox 1174 513 1325 567; x_wconf 80' lang='grc' dir='ltr'>οὐδὲν</span> <span class='ocrx_word' id='word_1_12' title='bbox 1367 509 1759 582; x_wconf 81' lang='grc' dir='ltr'>παραγυμνοῦν</span> 
     </span>
    </p>
   </div>
   <div class='ocr_carea' id='block_1_4' title="bbox 1870 509 3438 587">
    <p class='ocr_par' dir='ltr' id='par_1_4' title="bbox 1870 510 3438 583">
     <span class='ocr_line' id='line_1_4' title="bbox 1870 510 3438 583; baseline 0.003 -17"><span class='ocrx_word' id='word_1_13' title='bbox 1870 510 1928 566; x_wconf 80' lang='lat' dir='ltr'><strong>ile</strong></span> <span class='ocrx_word' id='word_1_14' title='bbox 1954 512 2135 568; x_wconf 88' lang='lat' dir='ltr'><strong>medio</strong></span> <span class='ocrx_word' id='word_1_15' title='bbox 2167 511 2436 578; x_wconf 82' lang='lat' dir='ltr'><strong>sublatis.</strong></span> <span class='ocrx_word' id='word_1_16' title='bbox 2469 511 2720 582; x_wconf 88' lang='lat' dir='ltr'><strong>ipsejam</strong></span> <span class='ocrx_word' id='word_1_17' title='bbox 2745 526 2929 568; x_wconf 89' lang='lat' dir='ltr'><strong>rerum</strong></span> <span class='ocrx_word' id='word_1_18' title='bbox 2962 511 3207 583; x_wconf 82' lang='lat' dir='ltr'><strong>potitus,</strong></span> <span class='ocrx_word' id='word_1_19' title='bbox 3241 528 3438 582; x_wconf 85' lang='lat' dir='ltr'><strong>perso-</strong></span> 
     </span>
    </p>
   </div>
   <div class='ocr_carea' id='block_1_5' title="bbox 172 600 1767 678">
    <p class='ocr_par' dir='ltr' id='par_1_5' title="bbox 172 600 1748 678">
     <span class='ocr_line' id='line_1_5' title="bbox 172 600 1748 678; baseline -0.004 -18"><span class='ocrx_word' id='word_1_20' title='bbox 172 607 412 678; x_wconf 71' lang='grc' dir='ltr'>ἐθάρρει,</span> <span class='ocrx_word' id='word_1_21' title='bbox 446 605 537 658; x_wconf 76' lang='grc' dir='ltr'>διὰ</span> <span class='ocrx_word' id='word_1_22' title='bbox 577 603 638 657; x_wconf 82' lang='grc' dir='ltr'><strong>τδ</strong></span> <span class='ocrx_word' id='word_1_23' title='bbox 672 604 732 669; x_wconf 80' lang='grc' dir='ltr'><strong>ἐξ</strong></span> <span class='ocrx_word' id='word_1_24' title='bbox 769 605 994 659; x_wconf 79' lang='grc' dir='ltr'>ἐκείνων</span> <span class='ocrx_word' id='word_1_25' title='bbox 1029 606 1173 669; x_wconf 90' lang='grc' dir='ltr'>δέος·</span> <span class='ocrx_word' id='word_1_26' title='bbox 1228 605 1350 658; x_wconf 70' lang='grc' dir='ltr'>ἐπεὶ</span> <span class='ocrx_word' id='word_1_27' title='bbox 1405 604 1462 656; x_wconf 75' lang='grc' dir='ltr'>δὲ</span> <span class='ocrx_word' id='word_1_28' title='bbox 1499 600 1645 658; x_wconf 74' lang='grc' dir='ltr'>οὗτοι</span> <span class='ocrx_word' id='word_1_29' title='bbox 1689 602 1748 668; x_wconf 78' lang='grc' dir='ltr'><strong>ἐξ</strong></span> 
     </span>
    </p>
   </div>
   <div class='ocr_carea' id='block_1_6' title="bbox 1870 600 3439 678">
    <p class='ocr_par' dir='ltr' id='par_1_6' title="bbox 1870 601 3439 676">
     <span class='ocr_line' id='line_1_6' title="bbox 1870 601 3439 676; baseline 0.004 -22"><span class='ocrx_word' id='word_1_30' title='bbox 1870 616 1984 654; x_wconf 75' lang='lat' dir='ltr'><strong>iam</strong></span> <span class='ocrx_word' id='word_1_31' title='bbox 2016 601 2273 671; x_wconf 90' lang='lat' dir='ltr'><strong>deposuit</strong></span> <span class='ocrx_word' id='word_1_32' title='bbox 2307 608 2363 656; x_wconf 90' lang='lat' dir='ltr'><strong>et</strong></span> <span class='ocrx_word' id='word_1_33' title='bbox 2398 602 2546 655; x_wconf 91' lang='lat' dir='ltr'><strong>omni</strong></span> <span class='ocrx_word' id='word_1_34' title='bbox 2582 603 2771 658; x_wconf 89' lang='lat' dir='ltr'><strong>studio</strong></span> <span class='ocrx_word' id='word_1_35' title='bbox 2809 603 2866 660; x_wconf 90' lang='lat' dir='ltr'><strong>in</strong></span> <span class='ocrx_word' id='word_1_36' title='bbox 2899 604 3220 662; x_wconf 86' lang='lat' dir='ltr'><strong>universum</strong></span> <span class='ocrx_word' id='word_1_37' title='bbox 3257 606 3439 676; x_wconf 85' lang='lat' dir='ltr'><strong>genti-</strong></span> 
     </span>
    </p>
   </div>
   <div class='ocr_carea' id='block_1_7' title="bbox 170 690 1767 766">
    <p class='ocr_par' dir='ltr' id='par_1_7' title="bbox 170 690 1748 766">
     <span class='ocr_line' id='line_1_7' title="bbox 170 690 1748 766; baseline -0.001 -18"><span class='ocrx_word' id='word_1_38' title='bbox 170 694 475 766; x_wconf 81' lang='grc' dir='ltr'>ἀνθρώπων</span> <span class='ocrx_word' id='word_1_39' title='bbox 510 690 672 765; x_wconf 83' lang='grc' dir='ltr'>ἦσαν,</span> <span class='ocrx_word' id='word_1_40' title='bbox 702 694 867 760; x_wconf 69' lang='grc' dir='ltr'>αὐτὸς</span> <span class='ocrx_word' id='word_1_41' title='bbox 909 695 965 749; x_wconf 82' lang='grc' dir='ltr'>δὲ</span> <span class='ocrx_word' id='word_1_42' title='bbox 1006 695 1115 748; x_wconf 88' lang='grc' dir='ltr'><strong>τῶν</strong></span> <span class='ocrx_word' id='word_1_43' title='bbox 1154 694 1495 766; x_wconf 82' lang='grc' dir='ltr'>πραγμάτων</span> <span class='ocrx_word' id='word_1_44' title='bbox 1526 695 1624 765; x_wconf 72' lang='grc' dir='ltr'>ἤδη</span> <span class='ocrx_word' id='word_1_45' title='bbox 1651 692 1748 747; x_wconf 83' lang='grc' dir='ltr'>κύ-</span> 
     </span>
    </p>
   </div>
   <div class='ocr_carea' id='block_1_8' title="bbox 1870 690 2320 766">
    <p class='ocr_par' dir='ltr' id='par_1_8' title="bbox 1870 694 2320 764">
     <span class='ocr_line' id='line_1_8' title="bbox 1870 694 2320 764; baseline 0.007 -20"><span class='ocrx_word' id='word_1_46' title='bbox 1870 695 2079 748; x_wconf 79' lang='lat' dir='ltr'><strong>lismum</strong></span> <span class='ocrx_word' id='word_1_47' title='bbox 2119 694 2320 764; x_wconf 98' lang='lat' dir='ltr'><strong>erupit.</strong></span> 
     </span>
    </p>
   </div>
   <div class='ocr_carea' id='block_1_9' title="bbox 173 779 3442 863">
    <p class='ocr_par' dir='ltr' id='par_1_9' title="bbox 173 779 3442 863">
     <span class='ocr_line' id='line_1_9' title="bbox 173 779 3442 863; baseline 0.002 -27"><span class='ocrx_word' id='word_1_48' title='bbox 173 801 287 855; x_wconf 86' lang='grc' dir='ltr'>ριος</span> <span class='ocrx_word' id='word_1_49' title='bbox 325 779 417 855; x_wconf 87' lang='grc' dir='ltr'>ἦν,</span> <span class='ocrx_word' id='word_1_50' title='bbox 459 784 582 838; x_wconf 81' lang='grc' dir='ltr'>τότε</span> <span class='ocrx_word' id='word_1_51' title='bbox 634 784 699 856; x_wconf 75' lang='grc' dir='ltr'>δὴ</span> <span class='ocrx_word' id='word_1_52' title='bbox 728 786 809 848; x_wconf 88' lang='grc' dir='ltr'><strong>είς</strong></span> <span class='ocrx_word' id='word_1_53' title='bbox 843 785 904 838; x_wconf 79' lang='grc' dir='ltr'>τὸ</span> <span class='ocrx_word' id='word_1_54' title='bbox 945 785 1182 858; x_wconf 78' lang='grc' dir='ltr'>φανερὸν</span> <span class='ocrx_word' id='word_1_55' title='bbox 1228 786 1751 856; x_wconf 83' lang='grc' dir='ltr'>ἀπαμφιασὰμενος,</span> <span class='ocrx_word' id='word_1_56' title='bbox 1794 784 1998 848; x_wconf 84' lang='grc' dir='ltr'>πάσαις</span> <span class='ocrx_word' id='word_1_57' title='bbox 2025 785 2218 855; x_wconf 83' lang='grc' dir='ltr'>ἀθρόον</span> <span class='ocrx_word' id='word_1_58' title='bbox 2247 788 2325 849; x_wconf 86' lang='grc' dir='ltr'><strong>είς</strong></span> <span class='ocrx_word' id='word_1_59' title='bbox 2349 785 2438 840; x_wconf 77' lang='grc' dir='ltr'><strong>τὸν</strong></span> <span class='ocrx_word' id='word_1_60' title='bbox 2470 786 2824 858; x_wconf 74' lang='grc' dir='ltr'>Ἑλληνισμδν</span> <span class='ocrx_word' id='word_1_61' title='bbox 2845 785 3118 862; x_wconf 75' lang='grc' dir='ltr'>ἐξερράγη</span> <span class='ocrx_word' id='word_1_62' title='bbox 3140 790 3261 855; x_wconf 84' lang='grc' dir='ltr'>ταῖς</span> <span class='ocrx_word' id='word_1_63' title='bbox 3314 805 3442 863; x_wconf 85' lang='grc' dir='ltr'>προ-</span> 
     </span>
    </p>
   </div>
   <div class='ocr_carea' id='block_1_10' title="bbox 172 876 418 945">
    <p class='ocr_par' dir='ltr' id='par_1_10' title="bbox 172 876 418 945">
     <span class='ocr_line' id='line_1_10' title="bbox 172 876 418 945; baseline -0.004 -14"><span class='ocrx_word' id='word_1_64' title='bbox 172 876 418 945; x_wconf 88' lang='grc' dir='ltr'>θυμίαις.</span> 
     </span>
    </p>
   </div>
   <div class='ocr_carea' id='block_1_11' title="bbox 250 971 1753 1043">
    <p class='ocr_par' dir='ltr' id='par_1_11' title="bbox 250 971 1753 1043">
     <span class='ocr_line' id='line_1_11' title="bbox 250 971 1753 1043; baseline -0.003 -18"><span class='ocrx_word' id='word_1_65' title='bbox 250 972 356 1042; x_wconf 85' lang='grc' dir='ltr'>μθ’.</span> <span class='ocrx_word' id='word_1_66' title='bbox 403 972 766 1042; x_wconf 77' lang='grc' dir='ltr'><strong>Ἀπεκρίνατο</strong></span> <span class='ocrx_word' id='word_1_67' title='bbox 806 971 1099 1042; x_wconf 75' lang='grc' dir='ltr'><strong>τοιγαροῦν</strong></span> <span class='ocrx_word' id='word_1_68' title='bbox 1148 971 1285 1043; x_wconf 80' lang='grc' dir='ltr'>πρὸς</span> <span class='ocrx_word' id='word_1_69' title='bbox 1328 972 1420 1025; x_wconf 79' lang='grc' dir='ltr'><strong>τὸν</strong></span> <span class='ocrx_word' id='word_1_70' title='bbox 1465 971 1753 1043; x_wconf 85' lang='grc' dir='ltr'>μάρτυρα·</span> 
     </span>
    </p>
   </div>
   <div class='ocr_carea' id='block_1_12' title="bbox 186 1062 1758 1134">
    <p class='ocr_par' dir='ltr' id='par_1_12' title="bbox 186 1062 1758 1134">
     <span class='ocr_line' id='line_1_12' title="bbox 186 1062 1758 1134; baseline -0.002 -17"><span class='ocrx_word' id='word_1_71' title='bbox 186 1065 339 1118; x_wconf 70' lang='grc' dir='ltr'>Ἐπεὶ</span> <span class='ocrx_word' id='word_1_72' title='bbox 371 1065 497 1128; x_wconf 71' lang='grc' dir='ltr'>τοὺς</span> <span class='ocrx_word' id='word_1_73' title='bbox 543 1067 710 1134; x_wconf 76' lang='grc' dir='ltr'>ἐμοὺς</span> <span class='ocrx_word' id='word_1_74' title='bbox 741 1064 1107 1133; x_wconf 79' lang='grc' dir='ltr'>ἐξεφαύλισας</span> <span class='ocrx_word' id='word_1_75' title='bbox 1155 1065 1370 1132; x_wconf 68' lang='grc' dir='ltr'>λόγους,</span> <span class='ocrx_word' id='word_1_76' title='bbox 1397 1062 1443 1118; x_wconf 85' lang='grc' dir='ltr'><strong>ῶ</strong></span> <span class='ocrx_word' id='word_1_77' title='bbox 1489 1063 1634 1134; x_wconf 80' lang='grc' dir='ltr'>κακὴ</span> <span class='ocrx_word' id='word_1_78' title='bbox 1663 1079 1758 1115; x_wconf 78' lang='grc' dir='ltr'>κε·</span> 
     </span>
    </p>
   </div>
   <div class='ocr_carea' id='block_1_13' title="bbox 172 1155 1757 1229">
    <p class='ocr_par' dir='ltr' id='par_1_13' title="bbox 172 1155 1757 1229">
     <span class='ocr_line' id='line_1_13' title="bbox 172 1155 1757 1229; baseline -0.011 -5"><span class='ocrx_word' id='word_1_79' title='bbox 172 1157 344 1229; x_wconf 71' lang='grc' dir='ltr'>φαλὴν</span> <span class='ocrx_word' id='word_1_80' title='bbox 375 1157 682 1226; x_wconf 74' lang='grc' dir='ltr'>ἐτόλμησας</span> <span class='ocrx_word' id='word_1_81' title='bbox 726 1155 782 1208; x_wconf 82' lang='grc' dir='ltr'>δὲ</span> <span class='ocrx_word' id='word_1_82' title='bbox 834 1157 928 1209; x_wconf 79' lang='grc' dir='ltr'>καὶ</span> <span class='ocrx_word' id='word_1_83' title='bbox 961 1157 1096 1225; x_wconf 77' lang='grc' dir='ltr'>πρὸς</span> <span class='ocrx_word' id='word_1_84' title='bbox 1133 1156 1230 1226; x_wconf 80' lang='grc' dir='ltr'><strong>τὴν</strong></span> <span class='ocrx_word' id='word_1_85' title='bbox 1272 1156 1378 1209; x_wconf 88' lang='grc' dir='ltr'><strong>τῶν</strong></span> <span class='ocrx_word' id='word_1_86' title='bbox 1414 1155 1757 1228; x_wconf 70' lang='grc' dir='ltr'><strong>Χριστιανῶν</strong></span> 
     </span>
    </p>
   </div>
   <div class='ocr_carea' id='block_1_14' title="bbox 176 1243 1757 1318">
    <p class='ocr_par' dir='ltr' id='par_1_14' title="bbox 176 1243 1757 1318">
     <span class='ocr_line' id='line_1_14' title="bbox 176 1243 1757 1318; baseline -0.002 -19"><span class='ocrx_word' id='word_1_87' title='bbox 176 1265 247 1318; x_wconf 87' lang='grc' dir='ltr'><strong>με</strong></span> <span class='ocrx_word' id='word_1_88' title='bbox 282 1247 467 1298; x_wconf 82' lang='grc' dir='ltr'>πίστιν</span> <span class='ocrx_word' id='word_1_89' title='bbox 511 1248 870 1315; x_wconf 77' lang='grc' dir='ltr'><strong>μεταγαγεῖν,</strong></span> <span class='ocrx_word' id='word_1_90' title='bbox 904 1245 1079 1298; x_wconf 81' lang='grc' dir='ltr'>ταῦτά</span> <span class='ocrx_word' id='word_1_91' title='bbox 1132 1263 1213 1297; x_wconf 89' lang='grc' dir='ltr'><strong>σοι</strong></span> <span class='ocrx_word' id='word_1_92' title='bbox 1250 1247 1371 1299; x_wconf 67' lang='grc' dir='ltr'>ἀντὶ</span> <span class='ocrx_word' id='word_1_93' title='bbox 1403 1246 1511 1298; x_wconf 88' lang='grc' dir='ltr'><strong>τῶν</strong></span> <span class='ocrx_word' id='word_1_94' title='bbox 1539 1243 1757 1314; x_wconf 81' lang='grc' dir='ltr'>δωρεῶν</span> 
     </span>
    </p>
   </div>
   <div class='ocr_carea' id='block_1_15' title="bbox 172 1332 1760 1408">
    <p class='ocr_par' dir='ltr' id='par_1_15' title="bbox 172 1332 1760 1408">
     <span class='ocr_line' id='line_1_15' title="bbox 172 1332 1760 1408; baseline -0.005 -15"><span class='ocrx_word' id='word_1_95' title='bbox 172 1333 253 1392; x_wconf 81' lang='grc' dir='ltr'><strong>ὧν</strong></span> <span class='ocrx_word' id='word_1_96' title='bbox 286 1337 606 1408; x_wconf 77' lang='grc' dir='ltr'><strong>ὑπεσχόμην</strong></span> <span class='ocrx_word' id='word_1_97' title='bbox 653 1337 970 1408; x_wconf 73' lang='grc' dir='ltr'><strong>χαρίζομαι.</strong></span> <span class='ocrx_word' id='word_1_98' title='bbox 1011 1336 1241 1390; x_wconf 81' lang='grc' dir='ltr'>Κελεύει</span> <span class='ocrx_word' id='word_1_99' title='bbox 1274 1334 1367 1390; x_wconf 83' lang='grc' dir='ltr'><strong>οὖν</strong></span> <span class='ocrx_word' id='word_1_100' title='bbox 1411 1332 1760 1405; x_wconf 76' lang='grc' dir='ltr'>ἀπογυμνοῦ-</span> 
     </span>
    </p>
   </div>
   <div class='ocr_carea' id='block_1_16' title="bbox 176 1430 1760 1502">
    <p class='ocr_par' dir='ltr' id='par_1_16' title="bbox 176 1430 1760 1502">
     <span class='ocr_line' id='line_1_16' title="bbox 176 1430 1760 1502; baseline -0.005 -15"><span class='ocrx_word' id='word_1_101' title='bbox 176 1434 305 1487; x_wconf 82' lang='grc' dir='ltr'>σθαι</span> <span class='ocrx_word' id='word_1_102' title='bbox 345 1433 437 1484; x_wconf 81' lang='grc' dir='ltr'>τὺν</span> <span class='ocrx_word' id='word_1_103' title='bbox 473 1432 750 1502; x_wconf 84' lang='grc' dir='ltr'>μάρτυρα,</span> <span class='ocrx_word' id='word_1_104' title='bbox 785 1432 883 1486; x_wconf 72' lang='grc' dir='ltr'><strong>καὶ</strong></span> <span class='ocrx_word' id='word_1_105' title='bbox 932 1430 1186 1494; x_wconf 81' lang='grc' dir='ltr'>σούϐλαις</span> <span class='ocrx_word' id='word_1_106' title='bbox 1231 1431 1476 1500; x_wconf 77' lang='grc' dir='ltr'><strong>σιδηραῖς</strong></span> <span class='ocrx_word' id='word_1_107' title='bbox 1511 1443 1760 1498; x_wconf 85' lang='grc' dir='ltr'>πεπυρα-</span> 
     </span>
    </p>
   </div>
   <div class='ocr_carea' id='block_1_17' title="bbox 174 1522 1760 1598">
    <p class='ocr_par' dir='ltr' id='par_1_17' title="bbox 174 1522 1760 1598">
     <span class='ocr_line' id='line_1_17' title="bbox 174 1522 1760 1598; baseline -0.004 -17"><span class='ocrx_word' id='word_1_108' title='bbox 174 1529 489 1598; x_wconf 80' lang='grc' dir='ltr'>κτωμέναις</span> <span class='ocrx_word' id='word_1_109' title='bbox 547 1527 644 1589; x_wconf 75' lang='grc' dir='ltr'><strong>τὰς</strong></span> <span class='ocrx_word' id='word_1_110' title='bbox 677 1527 922 1597; x_wconf 83' lang='grc' dir='ltr'>πλευράς</span> <span class='ocrx_word' id='word_1_111' title='bbox 967 1526 1136 1579; x_wconf 81' lang='grc' dir='ltr'>αὑτοῦ</span> <span class='ocrx_word' id='word_1_112' title='bbox 1187 1523 1636 1595; x_wconf 82' lang='grc' dir='ltr'>διαπερονᾶσθαι,</span> <span class='ocrx_word' id='word_1_113' title='bbox 1667 1522 1760 1575; x_wconf 79' lang='grc' dir='ltr'><strong>καὶ</strong></span> 
     </span>
    </p>
   </div>
   <div class='ocr_carea' id='block_1_18' title="bbox 174 1614 1763 1689">
    <p class='ocr_par' dir='ltr' id='par_1_18' title="bbox 174 1614 1763 1689">
     <span class='ocr_line' id='line_1_18' title="bbox 174 1614 1763 1689; baseline -0.006 -15"><span class='ocrx_word' id='word_1_114' title='bbox 174 1621 269 1674; x_wconf 71' lang='grc' dir='ltr'>τὸν</span> <span class='ocrx_word' id='word_1_115' title='bbox 303 1620 470 1672; x_wconf 86' lang='grc' dir='ltr'>νῶτον</span> <span class='ocrx_word' id='word_1_116' title='bbox 509 1619 674 1672; x_wconf 73' lang='grc' dir='ltr'>αὑτοῦ</span> <span class='ocrx_word' id='word_1_117' title='bbox 707 1618 979 1689; x_wconf 77' lang='grc' dir='ltr'>τριϐόλοις</span> <span class='ocrx_word' id='word_1_118' title='bbox 1011 1619 1156 1686; x_wconf 67' lang='grc' dir='ltr'>ὀξέσι</span> <span class='ocrx_word' id='word_1_119' title='bbox 1191 1615 1635 1670; x_wconf 78' lang='grc' dir='ltr'>κατακεντᾶσθαι</span> <span class='ocrx_word' id='word_1_120' title='bbox 1669 1614 1763 1666; x_wconf 72' lang='grc' dir='ltr'><strong>καὶ</strong></span> 
     </span>
    </p>
   </div>
   <div class='ocr_carea' id='block_1_19' title="bbox 1934 967 3444 1040">
    <p class='ocr_par' dir='ltr' id='par_1_19' title="bbox 1934 967 3444 1040">
     <span class='ocr_line' id='line_1_19' title="bbox 1934 967 3444 1040; baseline 0.002 -19"><span class='ocrx_word' id='word_1_121' title='bbox 1934 967 2025 1022; x_wconf 76' lang='grc'><strong>49.</strong></span> <span class='ocrx_word' id='word_1_122' title='bbox 2070 967 2380 1038; x_wconf 80' lang='lat' dir='ltr'><strong>Respondit</strong></span> <span class='ocrx_word' id='word_1_123' title='bbox 2421 967 2609 1038; x_wconf 79' lang='lat' dir='ltr'><strong>itaque</strong></span> <span class='ocrx_word' id='word_1_124' title='bbox 2654 969 2886 1040; x_wconf 88' lang='lat' dir='ltr'><strong>martyri</strong></span> <span class='ocrx_word' id='word_1_125' title='bbox 2921 985 2936 1024; x_wconf 90' lang='lat'><strong>:</strong></span> <span class='ocrx_word' id='word_1_126' title='bbox 2971 967 3244 1035; x_wconf 86' lang='lat' dir='ltr'><strong>Quoniam</strong></span> <span class='ocrx_word' id='word_1_127' title='bbox 3274 969 3444 1024; x_wconf 82' lang='lat' dir='ltr'><strong>verba</strong></span> 
     </span>
    </p>
   </div>
   <div class='ocr_carea' id='block_1_20' title="bbox 1865 1061 3445 1132">
    <p class='ocr_par' dir='ltr' id='par_1_20' title="bbox 1865 1061 3445 1132">
     <span class='ocr_line' id='line_1_20' title="bbox 1865 1061 3445 1132; baseline 0.003 -18"><span class='ocrx_word' id='word_1_128' title='bbox 1865 1076 1986 1115; x_wconf 74' lang='lat' dir='ltr'><strong>mea</strong></span> <span class='ocrx_word' id='word_1_129' title='bbox 2018 1061 2411 1131; x_wconf 78' lang='lat' dir='ltr'><strong>contempsisti</strong></span> <span class='ocrx_word' id='word_1_130' title='bbox 2434 1101 2450 1127; x_wconf 93' lang='grc'><strong>,</strong></span> <span class='ocrx_word' id='word_1_131' title='bbox 2479 1077 2512 1114; x_wconf 88' lang='grc' dir='ltr'><strong>ο</strong></span> <span class='ocrx_word' id='word_1_132' title='bbox 2540 1063 2871 1116; x_wconf 90' lang='lat' dir='ltr'><strong>sceleratum</strong></span> <span class='ocrx_word' id='word_1_133' title='bbox 2901 1069 3067 1132; x_wconf 89' lang='lat' dir='ltr'><strong>caput</strong></span> <span class='ocrx_word' id='word_1_134' title='bbox 3087 1101 3103 1125; x_wconf 87' lang='lat'><strong>,</strong></span> <span class='ocrx_word' id='word_1_135' title='bbox 3134 1062 3248 1117; x_wconf 92' lang='lat' dir='ltr'><strong>imo</strong></span> <span class='ocrx_word' id='word_1_136' title='bbox 3276 1076 3445 1118; x_wconf 86' lang='lat' dir='ltr'><strong>ausus</strong></span> 
     </span>
    </p>
   </div>
   <div class='ocr_carea' id='block_1_21' title="bbox 1864 1151 3449 1214">
    <p class='ocr_par' dir='ltr' id='par_1_21' title="bbox 1864 1151 3449 1214">
     <span class='ocr_line' id='line_1_21' title="bbox 1864 1151 3449 1214; baseline 0.001 -8"><span class='ocrx_word' id='word_1_137' title='bbox 1864 1167 1924 1206; x_wconf 82' lang='lat' dir='ltr'><strong>es</strong></span> <span class='ocrx_word' id='word_1_138' title='bbox 1951 1152 2016 1205; x_wconf 88' lang='lat' dir='ltr'><strong>ad</strong></span> <span class='ocrx_word' id='word_1_139' title='bbox 2049 1151 2502 1208; x_wconf 88' lang='lat' dir='ltr'><strong>Christianorum</strong></span> <span class='ocrx_word' id='word_1_140' title='bbox 2532 1151 2692 1206; x_wconf 76' lang='lat' dir='ltr'><strong>[idem</strong></span> <span class='ocrx_word' id='word_1_141' title='bbox 2725 1168 2809 1207; x_wconf 89' lang='lat' dir='ltr'><strong>me</strong></span> <span class='ocrx_word' id='word_1_142' title='bbox 2838 1155 3166 1214; x_wconf 82' lang='lat' dir='ltr'><strong>traducere,</strong></span> <span class='ocrx_word' id='word_1_143' title='bbox 3201 1152 3319 1207; x_wconf 68' lang='lat' dir='ltr'><strong>hate</strong></span> <span class='ocrx_word' id='word_1_144' title='bbox 3346 1152 3449 1207; x_wconf 82' lang='lat' dir='ltr'><strong>tibi</strong></span> 
     </span>
    </p>
   </div>
   <div class='ocr_carea' id='block_1_22' title="bbox 1865 1241 3452 1314">
    <p class='ocr_par' dir='ltr' id='par_1_22' title="bbox 1865 1241 3452 1314">
     <span class='ocr_line' id='line_1_22' title="bbox 1865 1241 3452 1314; baseline 0.006 -24"><span class='ocrx_word' id='word_1_145' title='bbox 1865 1257 1964 1312; x_wconf 78' lang='lat' dir='ltr'><strong>pro</strong></span> <span class='ocrx_word' id='word_1_146' title='bbox 1998 1243 2159 1297; x_wconf 91' lang='lat' dir='ltr'><strong>donis</strong></span> <span class='ocrx_word' id='word_1_147' title='bbox 2182 1281 2198 1306; x_wconf 88' lang='lat'><strong>,</strong></span> <span class='ocrx_word' id='word_1_148' title='bbox 2229 1258 2350 1312; x_wconf 80' lang='lat' dir='ltr'><strong>quae</strong></span> <span class='ocrx_word' id='word_1_149' title='bbox 2388 1242 2787 1312; x_wconf 90' lang='lat' dir='ltr'><strong>promiseram,</strong></span> <span class='ocrx_word' id='word_1_150' title='bbox 2819 1243 3088 1313; x_wconf 82' lang='lat' dir='ltr'><strong>gratilico.</strong></span> <span class='ocrx_word' id='word_1_151' title='bbox 3116 1241 3291 1299; x_wconf 82' lang='lat' dir='ltr'><strong>Jubet</strong></span> <span class='ocrx_word' id='word_1_152' title='bbox 3314 1257 3452 1314; x_wconf 70' lang='lat' dir='ltr'><strong>ergo</strong></span> 
     </span>
    </p>
   </div>
   <div class='ocr_carea' id='block_1_23' title="bbox 1865 1333 3450 1404">
    <p class='ocr_par' dir='ltr' id='par_1_23' title="bbox 1865 1333 3450 1404">
     <span class='ocr_line' id='line_1_23' title="bbox 1865 1333 3450 1404; baseline 0.001 -16"><span class='ocrx_word' id='word_1_153' title='bbox 1865 1334 2132 1388; x_wconf 87' lang='lat' dir='ltr'><strong>denudari</strong></span> <span class='ocrx_word' id='word_1_154' title='bbox 2168 1343 2490 1404; x_wconf 79' lang='lat' dir='ltr'><strong>martyrem,</strong></span> <span class='ocrx_word' id='word_1_155' title='bbox 2511 1342 2565 1388; x_wconf 89' lang='lat' dir='ltr'><strong>et</strong></span> <span class='ocrx_word' id='word_1_156' title='bbox 2593 1334 2806 1389; x_wconf 91' lang='lat' dir='ltr'><strong>subulis</strong></span> <span class='ocrx_word' id='word_1_157' title='bbox 2843 1333 3040 1388; x_wconf 78' lang='lat' dir='ltr'><strong>ferreis</strong></span> <span class='ocrx_word' id='word_1_158' title='bbox 3073 1335 3450 1390; x_wconf 79' lang='lat' dir='ltr'><strong>candentibus</strong></span> 
     </span>
    </p>
   </div>
   <div class='ocr_carea' id='block_1_24' title="bbox 1865 1426 3450 1496">
    <p class='ocr_par' dir='ltr' id='par_1_24' title="bbox 1865 1426 3450 1496">
     <span class='ocr_line' id='line_1_24' title="bbox 1865 1426 3450 1496; baseline 0.002 -16"><span class='ocrx_word' id='word_1_159' title='bbox 1865 1427 1986 1496; x_wconf 86' lang='lat' dir='ltr'><strong>ejus</strong></span> <span class='ocrx_word' id='word_1_160' title='bbox 2023 1426 2190 1479; x_wconf 89' lang='lat' dir='ltr'><strong>latera</strong></span> <span class='ocrx_word' id='word_1_161' title='bbox 2225 1426 2474 1496; x_wconf 72' lang='lat' dir='ltr'><strong>transfigi</strong></span> <span class='ocrx_word' id='word_1_162' title='bbox 2502 1465 2517 1492; x_wconf 85' lang='lat'><strong>,</strong></span> <span class='ocrx_word' id='word_1_163' title='bbox 2549 1426 2672 1495; x_wconf 84' lang='lat' dir='ltr'><strong>ejus</strong></span> <span class='ocrx_word' id='word_1_164' title='bbox 2713 1427 2944 1482; x_wconf 89' lang='lat' dir='ltr'><strong>dorsum</strong></span> <span class='ocrx_word' id='word_1_165' title='bbox 2997 1426 3220 1482; x_wconf 88' lang='lat' dir='ltr'><strong>tribulis</strong></span> <span class='ocrx_word' id='word_1_166' title='bbox 3266 1426 3450 1483; x_wconf 78' lang='lat' dir='ltr'><strong>acutis</strong></span> 
     </span>
    </p>
   </div>
   <div class='ocr_carea' id='block_1_25' title="bbox 1868 1517 3450 1587">
    <p class='ocr_par' dir='ltr' id='par_1_25' title="bbox 1868 1517 3450 1587">
     <span class='ocr_line' id='line_1_25' title="bbox 1868 1517 3450 1587; baseline 0.004 -19"><span class='ocrx_word' id='word_1_167' title='bbox 1868 1517 2063 1587; x_wconf 81' lang='lat' dir='ltr'><strong>pungi,</strong></span> <span class='ocrx_word' id='word_1_168' title='bbox 2097 1528 2150 1572; x_wconf 88' lang='lat' dir='ltr'><strong>et</strong></span> <span class='ocrx_word' id='word_1_169' title='bbox 2182 1517 2458 1587; x_wconf 88' lang='lat' dir='ltr'><strong>disrumpi</strong></span> <span class='ocrx_word' id='word_1_170' title='bbox 2515 1519 2778 1587; x_wconf 89' lang='lat' dir='ltr'><strong>supinum</strong></span> <span class='ocrx_word' id='word_1_171' title='bbox 2824 1527 3194 1587; x_wconf 86' lang='lat' dir='ltr'><strong>protractum.</strong></span> <span class='ocrx_word' id='word_1_172' title='bbox 3235 1517 3450 1582; x_wconf 79' lang='lat' dir='ltr'><strong>Quibus</strong></span> 
     </span>
    </p>
   </div>
   <div class='ocr_carea' id='block_1_26' title="bbox 1868 1607 3453 1679">
    <p class='ocr_par' dir='ltr' id='par_1_26' title="bbox 1868 1607 3453 1679">
     <span class='ocr_line' id='line_1_26' title="bbox 1868 1607 3453 1679; baseline 0.001 -16"><span class='ocrx_word' id='word_1_173' title='bbox 1868 1607 2158 1679; x_wconf 82' lang='lat' dir='ltr'><strong>suppliciis</strong></span> <span class='ocrx_word' id='word_1_174' title='bbox 2183 1608 2594 1678; x_wconf 80' lang='lat' dir='ltr'><strong>quamprimum</strong></span> <span class='ocrx_word' id='word_1_175' title='bbox 2625 1609 2856 1678; x_wconf 84' lang='lat' dir='ltr'><strong>martyri</strong></span> <span class='ocrx_word' id='word_1_176' title='bbox 2883 1610 3054 1664; x_wconf 85' lang='lat' dir='ltr'><strong>illatis</strong></span> <span class='ocrx_word' id='word_1_177' title='bbox 3075 1650 3088 1670; x_wconf 83' lang='lat'><strong>,</strong></span> <span class='ocrx_word' id='word_1_178' title='bbox 3113 1609 3308 1664; x_wconf 79' lang='lat' dir='ltr'><strong>eadem</strong></span> <span class='ocrx_word' id='word_1_179' title='bbox 3332 1616 3453 1665; x_wconf 86' lang='lat' dir='ltr'><strong>erat</strong></span> 
     </span>
    </p>
   </div>
   <div class='ocr_carea' id='block_1_27' title="bbox 176 1699 1767 1799">
    <p class='ocr_par' dir='ltr' id='par_1_27' title="bbox 176 1705 1764 1782">
     <span class='ocr_line' id='line_1_27' title="bbox 176 1705 1764 1782; baseline -0.004 -18"><span class='ocrx_word' id='word_1_180' title='bbox 176 1711 622 1782; x_wconf 65' lang='grc' dir='ltr'>διαῤῥήγνυοθαι</span> <span class='ocrx_word' id='word_1_181' title='bbox 675 1711 975 1782; x_wconf 71' lang='grc' dir='ltr'>συρόμενον</span> <span class='ocrx_word' id='word_1_182' title='bbox 1030 1709 1240 1766; x_wconf 75' lang='grc' dir='ltr'>ὕπτιον.</span> <span class='ocrx_word' id='word_1_183' title='bbox 1271 1709 1488 1762; x_wconf 76' lang='grc' dir='ltr'>Τούτων</span> <span class='ocrx_word' id='word_1_184' title='bbox 1523 1708 1581 1759; x_wconf 79' lang='grc' dir='ltr'>δὲ</span> <span class='ocrx_word' id='word_1_185' title='bbox 1627 1705 1764 1776; x_wconf 78' lang='grc' dir='ltr'>μετά</span> 
     </span>
    </p>
   </div>
   <div class='ocr_carea' id='block_1_28' title="bbox 1870 1699 3468 1799">
    <p class='ocr_par' dir='ltr' id='par_1_28' title="bbox 1870 1699 3468 1771">
     <span class='ocr_line' id='line_1_28' title="bbox 1870 1699 3468 1771; baseline 0.003 -17"><span class='ocrx_word' id='word_1_186' title='bbox 1870 1699 1916 1754; x_wconf 89' lang='lat' dir='ltr'><strong>ei</strong></span> <span class='ocrx_word' id='word_1_187' title='bbox 1951 1700 2264 1755; x_wconf 83' lang='lat' dir='ltr'><strong>constantia</strong></span> <span class='ocrx_word' id='word_1_188' title='bbox 2287 1739 2302 1764; x_wconf 87' lang='lat'><strong>,</strong></span> <span class='ocrx_word' id='word_1_189' title='bbox 2337 1715 2462 1769; x_wconf 83' lang='lat' dir='ltr'><strong>quae</strong></span> <span class='ocrx_word' id='word_1_190' title='bbox 2500 1700 2692 1769; x_wconf 90' lang='lat' dir='ltr'><strong>prius;</strong></span> <span class='ocrx_word' id='word_1_191' title='bbox 2730 1710 2785 1756; x_wconf 91' lang='lat' dir='ltr'><strong>et</strong></span> <span class='ocrx_word' id='word_1_192' title='bbox 2815 1702 2976 1771; x_wconf 91' lang='lat' dir='ltr'><strong>quasi</strong></span> <span class='ocrx_word' id='word_1_193' title='bbox 3024 1702 3188 1756; x_wconf 90' lang='lat' dir='ltr'><strong>alieni</strong></span> <span class='ocrx_word' id='word_1_194' title='bbox 3242 1703 3468 1760; x_wconf 81' lang='lat' dir='ltr'><strong>doloris.</strong></span> 
     </span>
    </p>
   </div>
   <div class='ocr_carea' id='block_1_29' title="bbox 175 1795 1766 1871">
    <p class='ocr_par' dir='ltr' id='par_1_29' title="bbox 175 1795 1766 1871">
     <span class='ocr_line' id='line_1_29' title="bbox 175 1795 1766 1871; baseline -0.005 -16"><span class='ocrx_word' id='word_1_195' title='bbox 175 1801 376 1856; x_wconf 76' lang='grc' dir='ltr'>πολλοῦ</span> <span class='ocrx_word' id='word_1_196' title='bbox 416 1800 509 1854; x_wconf 73' lang='grc' dir='ltr'>τοῦ</span> <span class='ocrx_word' id='word_1_197' title='bbox 540 1801 738 1871; x_wconf 84' lang='grc' dir='ltr'>τάχους</span> <span class='ocrx_word' id='word_1_198' title='bbox 788 1800 1260 1870; x_wconf 74' lang='grc' dir='ltr'>προσενεχθέντων</span> <span class='ocrx_word' id='word_1_199' title='bbox 1289 1798 1368 1870; x_wconf 82' lang='grc' dir='ltr'>τῷ</span> <span class='ocrx_word' id='word_1_200' title='bbox 1419 1795 1698 1868; x_wconf 80' lang='grc' dir='ltr'>μάρτυρι,</span> <span class='ocrx_word' id='word_1_201' title='bbox 1733 1799 1766 1866; x_wconf 86' lang='grc' dir='ltr'>ἡ</span> 
     </span>
    </p>
   </div>
   <div class='ocr_carea' id='block_1_30' title="bbox 177 1889 1771 1965">
    <p class='ocr_par' dir='ltr' id='par_1_30' title="bbox 177 1889 1771 1965">
     <span class='ocr_line' id='line_1_30' title="bbox 177 1889 1771 1965; baseline -0.004 -18"><span class='ocrx_word' id='word_1_202' title='bbox 177 1895 320 1965; x_wconf 56' lang='lat' dir='ltr'><strong>alii;</strong></span> <span class='ocrx_word' id='word_1_203' title='bbox 338 1895 602 1965; x_wconf 82' lang='grc' dir='ltr'>καρτερία</span> <span class='ocrx_word' id='word_1_204' title='bbox 623 1889 691 1965; x_wconf 70' lang='grc' dir='ltr'><strong>ἦν</strong></span> <span class='ocrx_word' id='word_1_205' title='bbox 716 1893 864 1962; x_wconf 70' lang='grc' dir='ltr'>αὐτῷ</span> <span class='ocrx_word' id='word_1_206' title='bbox 907 1893 1204 1963; x_wconf 80' lang='grc' dir='ltr'>καθώσπερ</span> <span class='ocrx_word' id='word_1_207' title='bbox 1231 1899 1322 1945; x_wconf 82' lang='grc' dir='ltr'><strong>και</strong></span> <span class='ocrx_word' id='word_1_208' title='bbox 1352 1891 1637 1961; x_wconf 69' lang='grc' dir='ltr'>πρὸιεςον,</span> <span class='ocrx_word' id='word_1_209' title='bbox 1677 1892 1771 1942; x_wconf 73' lang='grc' dir='ltr'><strong>καὶ</strong></span> 
     </span>
    </p>
   </div>
   <div class='ocr_carea' id='block_1_31' title="bbox 174 1981 1766 2058">
    <p class='ocr_par' dir='ltr' id='par_1_31' title="bbox 174 1981 1766 2058">
     <span class='ocr_line' id='line_1_31' title="bbox 174 1981 1766 2058; baseline -0.01 -11"><span class='ocrx_word' id='word_1_210' title='bbox 174 1988 372 2057; x_wconf 72' lang='grc' dir='ltr'>ὥσπερ</span> <span class='ocrx_word' id='word_1_211' title='bbox 409 1987 696 2058; x_wconf 85' lang='grc' dir='ltr'>ἀλλοτρίου</span> <span class='ocrx_word' id='word_1_212' title='bbox 725 1987 1027 2055; x_wconf 79' lang='grc' dir='ltr'>πάσχοντος</span> <span class='ocrx_word' id='word_1_213' title='bbox 1054 1984 1326 2055; x_wconf 84' lang='grc' dir='ltr'>σώματος,</span> <span class='ocrx_word' id='word_1_214' title='bbox 1353 1982 1518 2046; x_wconf 79' lang='grc' dir='ltr'>αὐτὸς</span> <span class='ocrx_word' id='word_1_215' title='bbox 1550 1981 1766 2052; x_wconf 80' lang='grc' dir='ltr'>θεατὴς,</span> 
     </span>
    </p>
   </div>
   <div class='ocr_carea' id='block_1_32' title="bbox 173 2073 1765 2149">
    <p class='ocr_par' dir='ltr' id='par_1_32' title="bbox 173 2073 1765 2149">
     <span class='ocr_line' id='line_1_32' title="bbox 173 2073 1765 2149; baseline -0.004 -16"><span class='ocrx_word' id='word_1_216' title='bbox 173 2080 296 2133; x_wconf 81' lang='grc' dir='ltr'>ἀλλ’</span> <span class='ocrx_word' id='word_1_217' title='bbox 329 2079 390 2131; x_wconf 74' lang='grc' dir='ltr'><strong>οὐ</strong></span> <span class='ocrx_word' id='word_1_218' title='bbox 446 2081 681 2149; x_wconf 76' lang='grc' dir='ltr'>πάσχειν</span> <span class='ocrx_word' id='word_1_219' title='bbox 714 2096 765 2130; x_wconf 88' lang='grc' dir='ltr'><strong>τι</strong></span> <span class='ocrx_word' id='word_1_220' title='bbox 808 2078 916 2130; x_wconf 88' lang='grc' dir='ltr'><strong>τῶν</strong></span> <span class='ocrx_word' id='word_1_221' title='bbox 955 2077 1146 2131; x_wconf 85' lang='grc' dir='ltr'>δεινῶν</span> <span class='ocrx_word' id='word_1_222' title='bbox 1182 2075 1333 2148; x_wconf 67' lang='grc'><strong>[⁵379]</strong></span> <span class='ocrx_word' id='word_1_223' title='bbox 1377 2073 1765 2142; x_wconf 70' lang='grc' dir='ltr'>κατεφαίνετο·</span> 
     </span>
    </p>
   </div>
   <div class='ocr_carea' id='block_1_33' title="bbox 175 2167 1764 2245">
    <p class='ocr_par' dir='ltr' id='par_1_33' title="bbox 175 2167 1764 2245">
     <span class='ocr_line' id='line_1_33' title="bbox 175 2167 1764 2245; baseline -0.004 -19"><span class='ocrx_word' id='word_1_224' title='bbox 175 2174 277 2227; x_wconf 79' lang='grc' dir='ltr'><strong>καὶ</strong></span> <span class='ocrx_word' id='word_1_225' title='bbox 308 2173 371 2245; x_wconf 84' lang='grc' dir='ltr'>δὴ</span> <span class='ocrx_word' id='word_1_226' title='bbox 415 2175 507 2228; x_wconf 75' lang='grc' dir='ltr'>ἐπὶ</span> <span class='ocrx_word' id='word_1_227' title='bbox 536 2174 760 2236; x_wconf 84' lang='grc' dir='ltr'>πολλαῖς</span> <span class='ocrx_word' id='word_1_228' title='bbox 788 2175 908 2236; x_wconf 84' lang='grc' dir='ltr'>ταῖς</span> <span class='ocrx_word' id='word_1_229' title='bbox 951 2172 1120 2242; x_wconf 79' lang='grc' dir='ltr'>ὥραις</span> <span class='ocrx_word' id='word_1_230' title='bbox 1152 2171 1246 2224; x_wconf 81' lang='grc' dir='ltr'>τοῦ</span> <span class='ocrx_word' id='word_1_231' title='bbox 1291 2171 1448 2240; x_wconf 82' lang='grc' dir='ltr'>ἁγὶου</span> <span class='ocrx_word' id='word_1_232' title='bbox 1480 2167 1764 2239; x_wconf 77' lang='grc' dir='ltr'>βασανιζο-</span> 
     </span>
    </p>
   </div>
   <div class='ocr_carea' id='block_1_34' title="bbox 177 2261 1762 2336">
    <p class='ocr_par' dir='ltr' id='par_1_34' title="bbox 177 2261 1762 2336">
     <span class='ocr_line' id='line_1_34' title="bbox 177 2261 1762 2336; baseline -0.003 -19"><span class='ocrx_word' id='word_1_233' title='bbox 177 2265 369 2336; x_wconf 85' lang='grc' dir='ltr'>μένου,</span> <span class='ocrx_word' id='word_1_234' title='bbox 410 2266 503 2320; x_wconf 76' lang='grc' dir='ltr'><strong>καὶ</strong></span> <span class='ocrx_word' id='word_1_235' title='bbox 553 2263 825 2336; x_wconf 84' lang='grc' dir='ltr'>μηδεμίαν</span> <span class='ocrx_word' id='word_1_236' title='bbox 857 2264 1044 2334; x_wconf 82' lang='grc' dir='ltr'>φωνὴν</span> <span class='ocrx_word' id='word_1_237' title='bbox 1080 2264 1112 2334; x_wconf 83' lang='grc' dir='ltr'>ἢ</span> <span class='ocrx_word' id='word_1_238' title='bbox 1144 2262 1447 2333; x_wconf 72' lang='grc' dir='ltr'>στεναγμὸν</span> <span class='ocrx_word' id='word_1_239' title='bbox 1488 2261 1762 2330; x_wconf 79' lang='grc' dir='ltr'>ἀφιέντος,</span> 
     </span>
    </p>
   </div>
   <div class='ocr_carea' id='block_1_35' title="bbox 172 2351 1764 2427">
    <p class='ocr_par' dir='ltr' id='par_1_35' title="bbox 172 2351 1764 2427">
     <span class='ocr_line' id='line_1_35' title="bbox 172 2351 1764 2427; baseline -0.004 -18"><span class='ocrx_word' id='word_1_240' title='bbox 172 2358 343 2420; x_wconf 78' lang='grc' dir='ltr'>αὐτὸς</span> <span class='ocrx_word' id='word_1_241' title='bbox 363 2357 440 2410; x_wconf 87' lang='grc' dir='ltr'>τὼ</span> <span class='ocrx_word' id='word_1_242' title='bbox 475 2360 625 2427; x_wconf 81' lang='grc' dir='ltr'>χεῖρε</span> <span class='ocrx_word' id='word_1_243' title='bbox 666 2357 958 2426; x_wconf 84' lang='grc' dir='ltr'>κροτήσας,</span> <span class='ocrx_word' id='word_1_244' title='bbox 1007 2355 1202 2424; x_wconf 82' lang='grc' dir='ltr'>ὥσπερ</span> <span class='ocrx_word' id='word_1_245' title='bbox 1225 2353 1531 2426; x_wconf 80' lang='grc' dir='ltr'>ἡττημένος</span> <span class='ocrx_word' id='word_1_246' title='bbox 1563 2351 1764 2419; x_wconf 78' lang='grc' dir='ltr'>ἀνέστη</span> 
     </span>
    </p>
   </div>
   <div class='ocr_carea' id='block_1_36' title="bbox 171 2442 1766 2520">
    <p class='ocr_par' dir='ltr' id='par_1_36' title="bbox 171 2442 1766 2520">
     <span class='ocr_line' id='line_1_36' title="bbox 171 2442 1766 2520; baseline -0.005 -18"><span class='ocrx_word' id='word_1_247' title='bbox 171 2447 278 2502; x_wconf 80' lang='grc' dir='ltr'>τοῦ</span> <span class='ocrx_word' id='word_1_248' title='bbox 323 2449 587 2520; x_wconf 74' lang='grc' dir='ltr'>βήματος,</span> <span class='ocrx_word' id='word_1_249' title='bbox 639 2451 729 2501; x_wconf 77' lang='grc' dir='ltr'>καὶ</span> <span class='ocrx_word' id='word_1_250' title='bbox 771 2447 984 2500; x_wconf 75' lang='grc' dir='ltr'>κελεύει</span> <span class='ocrx_word' id='word_1_251' title='bbox 1021 2444 1114 2500; x_wconf 77' lang='grc' dir='ltr'>τὸν</span> <span class='ocrx_word' id='word_1_252' title='bbox 1165 2447 1422 2518; x_wconf 83' lang='grc' dir='ltr'>μάρτυρα</span> <span class='ocrx_word' id='word_1_253' title='bbox 1463 2444 1628 2499; x_wconf 81' lang='grc' dir='ltr'>πάλιν</span> <span class='ocrx_word' id='word_1_254' title='bbox 1672 2442 1766 2495; x_wconf 77' lang='grc' dir='ltr'>ἐπὶ</span> 
     </span>
    </p>
   </div>
   <div class='ocr_carea' id='block_1_37' title="bbox 173 2533 1768 2614">
    <p class='ocr_par' dir='ltr' id='par_1_37' title="bbox 173 2533 1768 2614">
     <span class='ocr_line' id='line_1_37' title="bbox 173 2533 1768 2614; baseline -0.005 -20"><span class='ocrx_word' id='word_1_255' title='bbox 173 2542 280 2611; x_wconf 81' lang='grc' dir='ltr'><strong>τὴν</strong></span> <span class='ocrx_word' id='word_1_256' title='bbox 307 2543 526 2614; x_wconf 78' lang='grc' dir='ltr'>εἱρκτὴν</span> <span class='ocrx_word' id='word_1_257' title='bbox 560 2541 890 2612; x_wconf 73' lang='grc' dir='ltr'>ἀπαχθῆναι,</span> <span class='ocrx_word' id='word_1_258' title='bbox 927 2541 1020 2592; x_wconf 77' lang='grc' dir='ltr'>γαὶ</span> <span class='ocrx_word' id='word_1_259' title='bbox 1054 2542 1190 2611; x_wconf 77' lang='grc' dir='ltr'>μήτε</span> <span class='ocrx_word' id='word_1_260' title='bbox 1239 2540 1403 2609; x_wconf 82' lang='grc' dir='ltr'>ἄρτον</span> <span class='ocrx_word' id='word_1_261' title='bbox 1437 2539 1574 2607; x_wconf 77' lang='grc' dir='ltr'>μήτε</span> <span class='ocrx_word' id='word_1_262' title='bbox 1627 2533 1768 2603; x_wconf 76' lang='grc' dir='ltr'>ὕδωρ</span> 
     </span>
    </p>
   </div>
   <div class='ocr_carea' id='block_1_38' title="bbox 1869 1791 3452 1863">
    <p class='ocr_par' dir='ltr' id='par_1_38' title="bbox 1869 1791 3452 1863">
     <span class='ocr_line' id='line_1_38' title="bbox 1869 1791 3452 1863; baseline 0.003 -17"><span class='ocrx_word' id='word_1_263' title='bbox 1869 1803 2148 1861; x_wconf 84' lang='lat' dir='ltr'><strong>spectator</strong></span> <span class='ocrx_word' id='word_1_264' title='bbox 2177 1791 2398 1856; x_wconf 84' lang='lat' dir='ltr'><strong>fuisset,</strong></span> <span class='ocrx_word' id='word_1_265' title='bbox 2428 1792 2567 1846; x_wconf 85' lang='lat' dir='ltr'><strong>nihil</strong></span> <span class='ocrx_word' id='word_1_266' title='bbox 2595 1808 2762 1863; x_wconf 84' lang='lat' dir='ltr'><strong>grave</strong></span> <span class='ocrx_word' id='word_1_267' title='bbox 2790 1793 2904 1862; x_wconf 89' lang='lat' dir='ltr'><strong>pati</strong></span> <span class='ocrx_word' id='word_1_268' title='bbox 2931 1793 3243 1850; x_wconf 81' lang='lat' dir='ltr'><strong>videbatur.</strong></span> <span class='ocrx_word' id='word_1_269' title='bbox 3267 1794 3452 1851; x_wconf 84' lang='lat' dir='ltr'><strong>Multis</strong></span> 
     </span>
    </p>
   </div>
   <div class='ocr_carea' id='block_1_39' title="bbox 1869 1882 3452 1954">
    <p class='ocr_par' dir='ltr' id='par_1_39' title="bbox 1869 1882 3452 1954">
     <span class='ocr_line' id='line_1_39' title="bbox 1869 1882 3452 1954; baseline 0.004 -20"><span class='ocrx_word' id='word_1_270' title='bbox 1869 1894 2047 1936; x_wconf 59' lang='lat' dir='ltr'><strong>autem</strong></span> <span class='ocrx_word' id='word_1_271' title='bbox 2087 1882 2239 1938; x_wconf 89' lang='lat' dir='ltr'><strong>horis</strong></span> <span class='ocrx_word' id='word_1_272' title='bbox 2277 1891 2475 1937; x_wconf 82' lang='lat' dir='ltr'><strong>sancto</strong></span> <span class='ocrx_word' id='word_1_273' title='bbox 2514 1888 2805 1951; x_wconf 81' lang='lat' dir='ltr'><strong>cruciato,</strong></span> <span class='ocrx_word' id='word_1_274' title='bbox 2843 1899 3023 1954; x_wconf 90' lang='lat' dir='ltr'><strong>neque</strong></span> <span class='ocrx_word' id='word_1_275' title='bbox 3059 1886 3226 1939; x_wconf 90' lang='lat' dir='ltr'><strong>ullam</strong></span> <span class='ocrx_word' id='word_1_276' title='bbox 3257 1901 3452 1942; x_wconf 88' lang='lat' dir='ltr'><strong>vocem</strong></span> 
     </span>
    </p>
   </div>
   <div class='ocr_carea' id='block_1_40' title="bbox 1868 1973 3452 2047">
    <p class='ocr_par' dir='ltr' id='par_1_40' title="bbox 1868 1973 3452 2047">
     <span class='ocr_line' id='line_1_40' title="bbox 1868 1973 3452 2047; baseline 0.003 -19"><span class='ocrx_word' id='word_1_277' title='bbox 1868 1983 1961 2028; x_wconf 87' lang='lat' dir='ltr'><strong>aut</strong></span> <span class='ocrx_word' id='word_1_278' title='bbox 1987 1978 2252 2044; x_wconf 79' lang='lat' dir='ltr'><strong>gemitum</strong></span> <span class='ocrx_word' id='word_1_279' title='bbox 2280 1975 2568 2030; x_wconf 88' lang='lat' dir='ltr'><strong>emittente</strong></span> <span class='ocrx_word' id='word_1_280' title='bbox 2587 2017 2600 2039; x_wconf 93' lang='lat'><strong>,</strong></span> <span class='ocrx_word' id='word_1_281' title='bbox 2626 1973 2887 2031; x_wconf 85' lang='lat' dir='ltr'><strong>Julianus</strong></span> <span class='ocrx_word' id='word_1_282' title='bbox 2913 1992 3078 2031; x_wconf 88' lang='lat' dir='ltr'><strong>manu</strong></span> <span class='ocrx_word' id='word_1_283' title='bbox 3106 1978 3329 2047; x_wconf 85' lang='lat' dir='ltr'><strong>signum</strong></span> <span class='ocrx_word' id='word_1_284' title='bbox 3355 1977 3452 2033; x_wconf 87' lang='lat' dir='ltr'><strong>de-</strong></span> 
     </span>
    </p>
   </div>
   <div class='ocr_carea' id='block_1_41' title="bbox 1868 2067 3455 2143">
    <p class='ocr_par' dir='ltr' id='par_1_41' title="bbox 1868 2067 3455 2143">
     <span class='ocr_line' id='line_1_41' title="bbox 1868 2067 3455 2143; baseline 0.004 -21"><span class='ocrx_word' id='word_1_285' title='bbox 1868 2067 2046 2131; x_wconf 64' lang='lat' dir='ltr'><strong>dit,cr</strong></span> <span class='ocrx_word' id='word_1_286' title='bbox 2080 2069 2239 2137; x_wconf 87' lang='lat' dir='ltr'><strong>quasi</strong></span> <span class='ocrx_word' id='word_1_287' title='bbox 2274 2069 2456 2123; x_wconf 72' lang='lat' dir='ltr'><strong>victus</strong></span> <span class='ocrx_word' id='word_1_288' title='bbox 2492 2071 2738 2124; x_wconf 63' lang='lat' dir='ltr'><strong>surrexit</strong></span> <span class='ocrx_word' id='word_1_289' title='bbox 2772 2083 2801 2122; x_wconf 91' lang='lat' dir='ltr'><strong>a</strong></span> <span class='ocrx_word' id='word_1_290' title='bbox 2841 2070 3142 2136; x_wconf 85' lang='lat' dir='ltr'><strong>tribunali,</strong></span> <span class='ocrx_word' id='word_1_291' title='bbox 3173 2071 3455 2143; x_wconf 88' lang='lat' dir='ltr'><strong>jussitque</strong></span> 
     </span>
    </p>
   </div>
   <div class='ocr_carea' id='block_1_42' title="bbox 1871 2161 3453 2235">
    <p class='ocr_par' dir='ltr' id='par_1_42' title="bbox 1871 2161 3453 2235">
     <span class='ocr_line' id='line_1_42' title="bbox 1871 2161 3453 2235; baseline 0.003 -21"><span class='ocrx_word' id='word_1_292' title='bbox 1871 2169 2168 2230; x_wconf 87' lang='lat' dir='ltr'><strong>martyrem</strong></span> <span class='ocrx_word' id='word_1_293' title='bbox 2208 2161 2272 2214; x_wconf 89' lang='lat' dir='ltr'><strong>ad</strong></span> <span class='ocrx_word' id='word_1_294' title='bbox 2304 2175 2586 2214; x_wconf 86' lang='lat' dir='ltr'><strong>carcerem</strong></span> <span class='ocrx_word' id='word_1_295' title='bbox 2641 2161 2870 2234; x_wconf 68' lang='lat' dir='ltr'><strong>reduci,</strong></span> <span class='ocrx_word' id='word_1_296' title='bbox 2921 2173 2974 2216; x_wconf 91' lang='lat' dir='ltr'><strong>et</strong></span> <span class='ocrx_word' id='word_1_297' title='bbox 3029 2179 3209 2233; x_wconf 87' lang='lat' dir='ltr'><strong>neque</strong></span> <span class='ocrx_word' id='word_1_298' title='bbox 3257 2180 3453 2235; x_wconf 85' lang='lat' dir='ltr'><strong>panem</strong></span> 
     </span>
    </p>
   </div>
   <div class='ocr_carea' id='block_1_43' title="bbox 1872 2253 3455 2327">
    <p class='ocr_par' dir='ltr' id='par_1_43' title="bbox 1872 2253 3455 2327">
     <span class='ocr_line' id='line_1_43' title="bbox 1872 2253 3455 2327; baseline 0.004 -21"><span class='ocrx_word' id='word_1_299' title='bbox 1872 2267 2050 2322; x_wconf 89' lang='lat' dir='ltr'><strong>neque</strong></span> <span class='ocrx_word' id='word_1_300' title='bbox 2081 2267 2277 2322; x_wconf 83' lang='lat' dir='ltr'><strong>aquam</strong></span> <span class='ocrx_word' id='word_1_301' title='bbox 2307 2253 2354 2307; x_wconf 91' lang='lat' dir='ltr'><strong>ei</strong></span> <span class='ocrx_word' id='word_1_302' title='bbox 2385 2253 2619 2323; x_wconf 69' lang='lat' dir='ltr'><strong>przeberi</strong></span> <span class='ocrx_word' id='word_1_303' title='bbox 2640 2293 2656 2318; x_wconf 84' lang='lat'><strong>,</strong></span> <span class='ocrx_word' id='word_1_304' title='bbox 2684 2269 2786 2309; x_wconf 86' lang='lat' dir='ltr'><strong>nec</strong></span> <span class='ocrx_word' id='word_1_305' title='bbox 2815 2270 3160 2327; x_wconf 63' lang='lat' dir='ltr'><strong>quaecunque</strong></span> <span class='ocrx_word' id='word_1_306' title='bbox 3185 2258 3256 2312; x_wconf 89' lang='lat' dir='ltr'><strong>ad</strong></span> <span class='ocrx_word' id='word_1_307' title='bbox 3287 2266 3455 2312; x_wconf 79' lang='lat' dir='ltr'><strong>vitam</strong></span> 
     </span>
    </p>
   </div>
   <div class='ocr_carea' id='block_1_44' title="bbox 1873 2347 3457 2419">
    <p class='ocr_par' dir='ltr' id='par_1_44' title="bbox 1873 2347 3457 2419">
     <span class='ocr_line' id='line_1_44' title="bbox 1873 2347 3457 2419; baseline 0.003 -19"><span class='ocrx_word' id='word_1_308' title='bbox 1873 2347 2296 2400; x_wconf 87' lang='lat' dir='ltr'><strong>sustentandam</strong></span> <span class='ocrx_word' id='word_1_309' title='bbox 2334 2347 2593 2402; x_wconf 80' lang='lat' dir='ltr'><strong>homines</strong></span> <span class='ocrx_word' id='word_1_310' title='bbox 2623 2355 2872 2402; x_wconf 85' lang='lat' dir='ltr'><strong>sumunt.</strong></span> <span class='ocrx_word' id='word_1_311' title='bbox 2903 2351 3025 2419; x_wconf 82' lang='lat' dir='ltr'><strong>Ipse</strong></span> <span class='ocrx_word' id='word_1_312' title='bbox 3054 2359 3240 2405; x_wconf 90' lang='lat' dir='ltr'><strong>autem</strong></span> <span class='ocrx_word' id='word_1_313' title='bbox 3268 2351 3322 2405; x_wconf 92' lang='lat' dir='ltr'><strong>in</strong></span> <span class='ocrx_word' id='word_1_314' title='bbox 3357 2350 3457 2406; x_wconf 87' lang='lat' dir='ltr'><strong>Da-</strong></span> 
     </span>
    </p>
   </div>
   <div class='ocr_carea' id='block_1_45' title="bbox 1871 2440 3456 2514">
    <p class='ocr_par' dir='ltr' id='par_1_45' title="bbox 1871 2440 3456 2514">
     <span class='ocr_line' id='line_1_45' title="bbox 1871 2440 3456 2514; baseline 0.005 -22"><span class='ocrx_word' id='word_1_315' title='bbox 1871 2440 2076 2510; x_wconf 87' lang='lat' dir='ltr'><strong>phncm</strong></span> <span class='ocrx_word' id='word_1_316' title='bbox 2111 2455 2171 2494; x_wconf 88' lang='lat' dir='ltr'><strong>se</strong></span> <span class='ocrx_word' id='word_1_317' title='bbox 2203 2440 2480 2504; x_wconf 90' lang='lat' dir='ltr'><strong>contulit,</strong></span> <span class='ocrx_word' id='word_1_318' title='bbox 2511 2456 2632 2512; x_wconf 79' lang='lat' dir='ltr'><strong>qua:</strong></span> <span class='ocrx_word' id='word_1_319' title='bbox 2658 2447 2746 2497; x_wconf 86' lang='lat' dir='ltr'><strong>est</strong></span> <span class='ocrx_word' id='word_1_320' title='bbox 2770 2442 3082 2498; x_wconf 71' lang='lat' dir='ltr'><strong>Antiochia:</strong></span> <span class='ocrx_word' id='word_1_321' title='bbox 3103 2443 3456 2514; x_wconf 87' lang='lat' dir='ltr'><strong>jucundissi-</strong></span> 
     </span>
    </p>
   </div>
   <div class='ocr_carea' id='block_1_46' title="bbox 1878 2531 2177 2586">
    <p class='ocr_par' dir='ltr' id='par_1_46' title="bbox 1878 2531 2177 2586">
     <span class='ocr_line' id='line_1_46' title="bbox 1878 2531 2177 2586; baseline -0.003 -2"><span class='ocrx_word' id='word_1_322' title='bbox 1878 2546 1964 2584; x_wconf 90' lang='lat' dir='ltr'><strong>ma</strong></span> <span class='ocrx_word' id='word_1_323' title='bbox 1997 2531 2177 2586; x_wconf 85' lang='lat' dir='ltr'><strong>sedes.</strong></span> 
     </span>
    </p>
   </div>
   <div class='ocr_carea' id='block_1_47' title="bbox 174 2625 3458 2706">
    <p class='ocr_par' dir='ltr' id='par_1_47' title="bbox 174 2625 3458 2706">
     <span class='ocr_line' id='line_1_47' title="bbox 174 2625 3458 2706; baseline 0.001 -19"><span class='ocrx_word' id='word_1_324' title='bbox 174 2635 334 2705; x_wconf 82' lang='grc' dir='ltr'>αὑτῷ</span> <span class='ocrx_word' id='word_1_325' title='bbox 372 2635 802 2705; x_wconf 74' lang='grc' dir='ltr'>παρασχεθῆναι,</span> <span class='ocrx_word' id='word_1_326' title='bbox 832 2634 906 2704; x_wconf 82' lang='grc' dir='ltr'>μὴ</span> <span class='ocrx_word' id='word_1_327' title='bbox 924 2635 966 2686; x_wconf 82' lang='grc' dir='ltr'>δ’</span> <span class='ocrx_word' id='word_1_328' title='bbox 1001 2635 1099 2687; x_wconf 79' lang='grc' dir='ltr'>ὅσα</span> <span class='ocrx_word' id='word_1_329' title='bbox 1117 2632 1253 2702; x_wconf 71' lang='grc' dir='ltr'>πρὸς</span> <span class='ocrx_word' id='word_1_330' title='bbox 1274 2632 1333 2685; x_wconf 77' lang='grc' dir='ltr'>τὸ</span> <span class='ocrx_word' id='word_1_331' title='bbox 1366 2631 1464 2702; x_wconf 77' lang='grc' dir='ltr'><strong>ζῇν</strong></span> <span class='ocrx_word' id='word_1_332' title='bbox 1493 2625 2003 2702; x_wconf 77' lang='grc' dir='ltr'>μεταλαμϐάνουσιν</span> <span class='ocrx_word' id='word_1_333' title='bbox 2041 2627 2345 2697; x_wconf 77' lang='grc' dir='ltr'><strong>ἄνθρωποι⁸</strong></span> <span class='ocrx_word' id='word_1_334' title='bbox 2370 2627 2532 2691; x_wconf 76' lang='grc' dir='ltr'>αὐτὸς</span> <span class='ocrx_word' id='word_1_335' title='bbox 2550 2625 2606 2681; x_wconf 80' lang='grc' dir='ltr'>δὲ</span> <span class='ocrx_word' id='word_1_336' title='bbox 2642 2627 2737 2681; x_wconf 75' lang='grc' dir='ltr'><strong>ἐπὶ</strong></span> <span class='ocrx_word' id='word_1_337' title='bbox 2758 2629 2858 2702; x_wconf 83' lang='grc' dir='ltr'><strong>τὴν</strong></span> <span class='ocrx_word' id='word_1_338' title='bbox 2885 2631 3106 2703; x_wconf 79' lang='grc' dir='ltr'>Δάφνην</span> <span class='ocrx_word' id='word_1_339' title='bbox 3131 2630 3458 2706; x_wconf 82' lang='grc' dir='ltr'>ῶρμησε,τδ</span> 
     </span>
    </p>
   </div>
   <div class='ocr_carea' id='block_1_48' title="bbox 174 2729 1344 2801">
    <p class='ocr_par' dir='ltr' id='par_1_48' title="bbox 174 2729 1344 2801">
     <span class='ocr_line' id='line_1_48' title="bbox 174 2729 1344 2801; baseline -0.001 -19"><span class='ocrx_word' id='word_1_340' title='bbox 174 2731 280 2801; x_wconf 79' lang='grc' dir='ltr'>τῆς</span> <span class='ocrx_word' id='word_1_341' title='bbox 321 2731 645 2800; x_wconf 70' lang='grc' dir='ltr'>Ἀντιοχείας</span> <span class='ocrx_word' id='word_1_342' title='bbox 676 2729 962 2783; x_wconf 83' lang='grc' dir='ltr'>κάλλιστον</span> <span class='ocrx_word' id='word_1_343' title='bbox 998 2729 1344 2799; x_wconf 77' lang='grc' dir='ltr'>ἐνδιαίτημα.</span> 
     </span>
    </p>
   </div>
   <div class='ocr_carea' id='block_1_49' title="bbox 257 2820 1762 2892">
    <p class='ocr_par' dir='ltr' id='par_1_49' title="bbox 257 2820 1762 2892">
     <span class='ocr_line' id='line_1_49' title="bbox 257 2820 1762 2892; baseline -0.001 -20"><span class='ocrx_word' id='word_1_344' title='bbox 257 2827 318 2874; x_wconf 85' lang='grc' dir='ltr'><strong>ν’.</strong></span> <span class='ocrx_word' id='word_1_345' title='bbox 352 2823 483 2892; x_wconf 80' lang='grc' dir='ltr'><strong>Περῖ</strong></span> <span class='ocrx_word' id='word_1_346' title='bbox 519 2823 576 2874; x_wconf 73' lang='grc' dir='ltr'>δὲ</span> <span class='ocrx_word' id='word_1_347' title='bbox 623 2821 685 2874; x_wconf 72' lang='grc' dir='ltr'>τὸ</span> <span class='ocrx_word' id='word_1_348' title='bbox 721 2823 1072 2892; x_wconf 81' lang='grc' dir='ltr'>μεσονύκτιον</span> <span class='ocrx_word' id='word_1_349' title='bbox 1104 2821 1388 2892; x_wconf 74' lang='grc' dir='ltr'>εὐχομένω</span> <span class='ocrx_word' id='word_1_350' title='bbox 1416 2820 1494 2892; x_wconf 83' lang='grc' dir='ltr'>τῷ</span> <span class='ocrx_word' id='word_1_351' title='bbox 1524 2821 1762 2891; x_wconf 89' lang='grc' dir='ltr'>μάρτυρι</span> 
     </span>
    </p>
   </div>
   <div class='ocr_carea' id='block_1_50' title="bbox 173 2909 1763 2982">
    <p class='ocr_par' dir='ltr' id='par_1_50' title="bbox 173 2909 1763 2982">
     <span class='ocr_line' id='line_1_50' title="bbox 173 2909 1763 2982; baseline -0.004 -15"><span class='ocrx_word' id='word_1_352' title='bbox 173 2911 277 2967; x_wconf 68' lang='grc' dir='ltr'>ἐπὶ</span> <span class='ocrx_word' id='word_1_353' title='bbox 307 2911 402 2982; x_wconf 81' lang='grc' dir='ltr'>τῆς</span> <span class='ocrx_word' id='word_1_354' title='bbox 427 2910 698 2979; x_wconf 72' lang='grc' dir='ltr'>φυλακῆς,</span> <span class='ocrx_word' id='word_1_355' title='bbox 723 2911 975 2978; x_wconf 77' lang='grc' dir='ltr'>φαίνεται</span> <span class='ocrx_word' id='word_1_356' title='bbox 996 2911 1145 2981; x_wconf 72' lang='grc' dir='ltr'>αὐτῷ</span> <span class='ocrx_word' id='word_1_357' title='bbox 1169 2914 1198 2964; x_wconf 84' lang='grc' dir='ltr'>ὁ</span> <span class='ocrx_word' id='word_1_358' title='bbox 1223 2912 1480 2981; x_wconf 75' lang='grc' dir='ltr'>Χριστὸς,</span> <span class='ocrx_word' id='word_1_359' title='bbox 1509 2913 1604 2966; x_wconf 75' lang='grc' dir='ltr'><strong>καὶ</strong></span> <span class='ocrx_word' id='word_1_360' title='bbox 1629 2909 1763 2980; x_wconf 69' lang='grc' dir='ltr'>φησι</span> 
     </span>
    </p>
   </div>
   <div class='ocr_carea' id='block_1_51' title="bbox 1941 2810 3455 2891">
    <p class='ocr_par' dir='ltr' id='par_1_51' title="bbox 1941 2810 3455 2891">
     <span class='ocr_line' id='line_1_51' title="bbox 1941 2810 3455 2891; baseline 0.005 -25"><span class='ocrx_word' id='word_1_361' title='bbox 1941 2813 2030 2867; x_wconf 79' lang='lat'><strong>50.</strong></span> <span class='ocrx_word' id='word_1_362' title='bbox 2073 2810 2276 2866; x_wconf 75' lang='lat' dir='ltr'><strong>Verum</strong></span> <span class='ocrx_word' id='word_1_363' title='bbox 2308 2810 2458 2866; x_wconf 88' lang='lat' dir='ltr'><strong>circa</strong></span> <span class='ocrx_word' id='word_1_364' title='bbox 2495 2810 2732 2867; x_wconf 86' lang='lat' dir='ltr'><strong>mediam</strong></span> <span class='ocrx_word' id='word_1_365' title='bbox 2760 2815 3191 2891; x_wconf 84' lang='lat' dir='ltr'><strong>noctcmoranti</strong></span> <span class='ocrx_word' id='word_1_366' title='bbox 3222 2822 3455 2890; x_wconf 82' lang='lat' dir='ltr'><strong>martyri</strong></span> 
     </span>
    </p>
   </div>
   <div class='ocr_carea' id='block_1_52' title="bbox 1871 2904 3458 2974">
    <p class='ocr_par' dir='ltr' id='par_1_52' title="bbox 1871 2904 3458 2974">
     <span class='ocr_line' id='line_1_52' title="bbox 1871 2904 3458 2974; baseline 0.004 -15"><span class='ocrx_word' id='word_1_367' title='bbox 1871 2906 1926 2959; x_wconf 92' lang='lat' dir='ltr'><strong>in</strong></span> <span class='ocrx_word' id='word_1_368' title='bbox 1957 2904 2212 2959; x_wconf 88' lang='lat' dir='ltr'><strong>custodia</strong></span> <span class='ocrx_word' id='word_1_369' title='bbox 2240 2904 2505 2958; x_wconf 85' lang='lat' dir='ltr'><strong>Christus</strong></span> <span class='ocrx_word' id='word_1_370' title='bbox 2535 2912 2770 2973; x_wconf 86' lang='lat' dir='ltr'><strong>apparet</strong></span> <span class='ocrx_word' id='word_1_371' title='bbox 2800 2915 2854 2958; x_wconf 90' lang='lat' dir='ltr'><strong>et</strong></span> <span class='ocrx_word' id='word_1_372' title='bbox 2885 2907 3022 2960; x_wconf 88' lang='lat' dir='ltr'><strong>dicit</strong></span> <span class='ocrx_word' id='word_1_373' title='bbox 3048 2925 3062 2962; x_wconf 91' lang='lat'><strong>:</strong></span> <span class='ocrx_word' id='word_1_374' title='bbox 3097 2909 3342 2974; x_wconf 85' lang='lat' dir='ltr'><strong>Artemi,</strong></span> <span class='ocrx_word' id='word_1_375' title='bbox 3375 2910 3458 2966; x_wconf 85' lang='lat' dir='ltr'><strong>vi-</strong></span> 
     </span>
    </p>
   </div>
   <div class='ocr_carea' id='block_1_53' title="bbox 174 2993 1767 3088">
    <p class='ocr_par' dir='ltr' id='par_1_53' title="bbox 174 2993 1765 3074">
     <span class='ocr_line' id='line_1_53' title="bbox 174 2993 1765 3074; baseline -0.001 -19"><span class='ocrx_word' id='word_1_376' title='bbox 174 3002 322 3072; x_wconf 71' lang='grc' dir='ltr'>πρὸς</span> <span class='ocrx_word' id='word_1_377' title='bbox 355 3003 520 3056; x_wconf 72' lang='grc' dir='ltr'>αὐτόν</span> <span class='ocrx_word' id='word_1_378' title='bbox 546 3019 557 3032; x_wconf 89' lang='grc'><strong>·</strong></span> <span class='ocrx_word' id='word_1_379' title='bbox 593 3004 868 3074; x_wconf 81' lang='grc' dir='ltr'>’Λτρέμιε,</span> <span class='ocrx_word' id='word_1_380' title='bbox 912 2993 1191 3073; x_wconf 74' lang='grc' dir='ltr'>ἀνδρίζου,</span> <span class='ocrx_word' id='word_1_381' title='bbox 1233 3004 1330 3056; x_wconf 78' lang='grc' dir='ltr'><strong>καὶ</strong></span> <span class='ocrx_word' id='word_1_382' title='bbox 1354 3003 1526 3073; x_wconf 83' lang='grc' dir='ltr'>ἴσχυε,</span> <span class='ocrx_word' id='word_1_383' title='bbox 1567 3003 1663 3057; x_wconf 69' lang='grc' dir='ltr'><strong>καὶ</strong></span> <span class='ocrx_word' id='word_1_384' title='bbox 1692 3002 1765 3073; x_wconf 78' lang='grc' dir='ltr'>μὴ</span> 
     </span>
    </p>
   </div>
   <div class='ocr_carea' id='block_1_54' title="bbox 1870 2993 3456 3088">
    <p class='ocr_par' dir='ltr' id='par_1_54' title="bbox 1870 2993 3456 3065">
     <span class='ocr_line' id='line_1_54' title="bbox 1870 2993 3456 3065; baseline 0.004 -14"><span class='ocrx_word' id='word_1_385' title='bbox 1870 2996 2051 3051; x_wconf 87' lang='lat' dir='ltr'><strong>riliter</strong></span> <span class='ocrx_word' id='word_1_386' title='bbox 2087 3010 2186 3065; x_wconf 88' lang='lat' dir='ltr'><strong>age</strong></span> <span class='ocrx_word' id='word_1_387' title='bbox 2219 3001 2274 3049; x_wconf 89' lang='lat' dir='ltr'><strong>et</strong></span> <span class='ocrx_word' id='word_1_388' title='bbox 2310 2993 2664 3061; x_wconf 84' lang='lat' dir='ltr'><strong>confortare;</strong></span> <span class='ocrx_word' id='word_1_389' title='bbox 2703 3011 2770 3050; x_wconf 91' lang='lat' dir='ltr'><strong>ne</strong></span> <span class='ocrx_word' id='word_1_390' title='bbox 2803 2996 3000 3052; x_wconf 90' lang='lat' dir='ltr'><strong>timeas</strong></span> <span class='ocrx_word' id='word_1_391' title='bbox 3031 3014 3166 3054; x_wconf 89' lang='lat' dir='ltr'><strong>neve</strong></span> <span class='ocrx_word' id='word_1_392' title='bbox 3193 2999 3456 3058; x_wconf 79' lang='lat' dir='ltr'><strong>formides</strong></span> 
     </span>
    </p>
   </div>
   <div class='ocr_carea' id='block_1_55' title="bbox 175 3093 1766 3165">
    <p class='ocr_par' dir='ltr' id='par_1_55' title="bbox 175 3093 1766 3165">
     <span class='ocr_line' id='line_1_55' title="bbox 175 3093 1766 3165; baseline 0 -19"><span class='ocrx_word' id='word_1_393' title='bbox 175 3093 377 3165; x_wconf 75' lang='grc' dir='ltr'>φοϐοῦ,</span> <span class='ocrx_word' id='word_1_394' title='bbox 420 3094 556 3163; x_wconf 65' lang='grc' dir='ltr'>μηδὲ</span> <span class='ocrx_word' id='word_1_395' title='bbox 597 3093 769 3146; x_wconf 78' lang='grc' dir='ltr'>δειλία</span> <span class='ocrx_word' id='word_1_396' title='bbox 802 3095 892 3147; x_wconf 84' lang='grc' dir='ltr'>τὸν</span> <span class='ocrx_word' id='word_1_397' title='bbox 962 3094 1262 3163; x_wconf 79' lang='grc' dir='ltr'>τύραννον·</span> <span class='ocrx_word' id='word_1_398' title='bbox 1324 3094 1436 3163; x_wconf 79' lang='grc' dir='ltr'>ἐγὼ</span> <span class='ocrx_word' id='word_1_399' title='bbox 1495 3093 1605 3163; x_wconf 78' lang='grc' dir='ltr'><strong>γάρ</strong></span> <span class='ocrx_word' id='word_1_400' title='bbox 1648 3094 1766 3164; x_wconf 83' lang='grc' dir='ltr'><strong>εἰμί</strong></span> 
     </span>
    </p>
   </div>
   <div class='ocr_carea' id='block_1_56' title="bbox 179 3184 1764 3257">
    <p class='ocr_par' dir='ltr' id='par_1_56' title="bbox 179 3184 1764 3257">
     <span class='ocr_line' id='line_1_56' title="bbox 179 3184 1764 3257; baseline 0 -19"><span class='ocrx_word' id='word_1_401' title='bbox 179 3187 327 3257; x_wconf 71' lang='grc' dir='ltr'>μετὰ</span> <span class='ocrx_word' id='word_1_402' title='bbox 361 3184 475 3247; x_wconf 76' lang='grc' dir='ltr'>σοῦ,</span> <span class='ocrx_word' id='word_1_403' title='bbox 514 3185 897 3253; x_wconf 74' lang='grc' dir='ltr'>ἐξαιρούμενός</span> <span class='ocrx_word' id='word_1_404' title='bbox 933 3203 990 3238; x_wconf 82' lang='grc' dir='ltr'><strong>σε</strong></span> <span class='ocrx_word' id='word_1_405' title='bbox 1043 3187 1153 3239; x_wconf 80' lang='grc' dir='ltr'>ἀπὸ</span> <span class='ocrx_word' id='word_1_406' title='bbox 1199 3186 1400 3249; x_wconf 78' lang='grc' dir='ltr'>παντὸς</span> <span class='ocrx_word' id='word_1_407' title='bbox 1453 3185 1764 3257; x_wconf 81' lang='grc' dir='ltr'>πειρασμοῦ</span> 
     </span>
    </p>
   </div>
   <div class='ocr_carea' id='block_1_57' title="bbox 174 3277 1767 3350">
    <p class='ocr_par' dir='ltr' id='par_1_57' title="bbox 174 3277 1767 3350">
     <span class='ocr_line' id='line_1_57' title="bbox 174 3277 1767 3350; baseline 0.001 -20"><span class='ocrx_word' id='word_1_408' title='bbox 174 3279 284 3330; x_wconf 65' lang='grc' dir='ltr'>καὶ</span> <span class='ocrx_word' id='word_1_409' title='bbox 314 3281 493 3346; x_wconf 83' lang='grc' dir='ltr'>πάσης</span> <span class='ocrx_word' id='word_1_410' title='bbox 524 3277 632 3328; x_wconf 88' lang='grc' dir='ltr'><strong>τῶν</strong></span> <span class='ocrx_word' id='word_1_411' title='bbox 653 3277 1031 3347; x_wconf 75' lang='grc' dir='ltr'>κολαστηρίων</span> <span class='ocrx_word' id='word_1_412' title='bbox 1053 3277 1269 3345; x_wconf 74' lang='grc' dir='ltr'>ὀδύνης,</span> <span class='ocrx_word' id='word_1_413' title='bbox 1309 3281 1402 3330; x_wconf 75' lang='grc' dir='ltr'><strong>καὶ</strong></span> <span class='ocrx_word' id='word_1_414' title='bbox 1428 3281 1484 3330; x_wconf 82' lang='grc' dir='ltr'><strong>ἐν</strong></span> <span class='ocrx_word' id='word_1_415' title='bbox 1509 3281 1576 3350; x_wconf 83' lang='grc' dir='ltr'>τῇ</span> <span class='ocrx_word' id='word_1_416' title='bbox 1611 3278 1767 3348; x_wconf 78' lang='grc' dir='ltr'>βασι-</span> 
     </span>
    </p>
   </div>
   <div class='ocr_carea' id='block_1_58' title="bbox 175 3369 1768 3443">
    <p class='ocr_par' dir='ltr' id='par_1_58' title="bbox 175 3369 1768 3443">
     <span class='ocr_line' id='line_1_58' title="bbox 175 3369 1768 3443; baseline 0 -20"><span class='ocrx_word' id='word_1_417' title='bbox 175 3370 307 3441; x_wconf 71' lang='grc' dir='ltr'>λεία</span> <span class='ocrx_word' id='word_1_418' title='bbox 331 3370 438 3422; x_wconf 88' lang='grc' dir='ltr'><strong>τῶν</strong></span> <span class='ocrx_word' id='word_1_419' title='bbox 459 3369 708 3439; x_wconf 63' lang='grc' dir='ltr'>οὐρανῶν</span> <span class='ocrx_word' id='word_1_420' title='bbox 769 3369 1101 3437; x_wconf 79' lang='grc' dir='ltr'>στεφανὼσω</span> <span class='ocrx_word' id='word_1_421' title='bbox 1133 3386 1212 3429; x_wconf 82' lang='grc' dir='ltr'><strong>σε,</strong></span> <span class='ocrx_word' id='word_1_422' title='bbox 1246 3370 1340 3422; x_wconf 79' lang='grc' dir='ltr'><strong>καὶ</strong></span> <span class='ocrx_word' id='word_1_423' title='bbox 1375 3371 1564 3443; x_wconf 77' lang='grc' dir='ltr'>ὥσπερ</span> <span class='ocrx_word' id='word_1_424' title='bbox 1605 3371 1768 3435; x_wconf 73' lang='grc' dir='ltr'>αὐτὸς</span> 
     </span>
    </p>
   </div>
   <div class='ocr_carea' id='block_1_59' title="bbox 175 3459 1769 3530">
    <p class='ocr_par' dir='ltr' id='par_1_59' title="bbox 175 3459 1769 3530">
     <span class='ocr_line' id='line_1_59' title="bbox 175 3459 1769 3530; baseline 0.002 -17"><span class='ocrx_word' id='word_1_425' title='bbox 175 3461 586 3530; x_wconf 69' lang='grc' dir='ltr'>ὡμολόγησάς</span> <span class='ocrx_word' id='word_1_426' title='bbox 608 3478 683 3528; x_wconf 83' lang='grc' dir='ltr'><strong>με</strong></span> <span class='ocrx_word' id='word_1_427' title='bbox 708 3459 965 3513; x_wconf 58' lang='grc' dir='ltr'>ἐνώπιον</span> <span class='ocrx_word' id='word_1_428' title='bbox 1007 3461 1126 3513; x_wconf 80' lang='grc' dir='ltr'>τῶν</span> <span class='ocrx_word' id='word_1_429' title='bbox 1166 3462 1495 3528; x_wconf 67' lang='grc' dir='ltr'>ἀνθρώπων</span> <span class='ocrx_word' id='word_1_430' title='bbox 1528 3461 1625 3515; x_wconf 77' lang='grc' dir='ltr'><strong>ἐπὶ</strong></span> <span class='ocrx_word' id='word_1_431' title='bbox 1659 3462 1769 3529; x_wconf 80' lang='grc' dir='ltr'>τῆς</span> 
     </span>
    </p>
   </div>
   <div class='ocr_carea' id='block_1_60' title="bbox 175 3552 1766 3624">
    <p class='ocr_par' dir='ltr' id='par_1_60' title="bbox 175 3552 1766 3624">
     <span class='ocr_line' id='line_1_60' title="bbox 175 3552 1766 3624; baseline 0.001 -18"><span class='ocrx_word' id='word_1_432' title='bbox 175 3554 322 3624; x_wconf 70' lang='grc' dir='ltr'>γῆς,</span> <span class='ocrx_word' id='word_1_433' title='bbox 374 3553 726 3621; x_wconf 71' lang='grc' dir='ltr'>ὁμολογήσω</span> <span class='ocrx_word' id='word_1_434' title='bbox 783 3552 944 3620; x_wconf 77' lang='grc' dir='ltr'><strong>κάγώ</strong></span> <span class='ocrx_word' id='word_1_435' title='bbox 994 3571 1067 3606; x_wconf 86' lang='grc' dir='ltr'><strong>σε</strong></span> <span class='ocrx_word' id='word_1_436' title='bbox 1111 3553 1367 3606; x_wconf 77' lang='grc' dir='ltr'>ἐνώπιον</span> <span class='ocrx_word' id='word_1_437' title='bbox 1409 3553 1515 3607; x_wconf 73' lang='grc' dir='ltr'>τοῦ</span> <span class='ocrx_word' id='word_1_438' title='bbox 1537 3557 1766 3622; x_wconf 79' lang='grc' dir='ltr'>Πατρός</span> 
     </span>
    </p>
   </div>
   <div class='ocr_carea' id='block_1_61' title="bbox 167 3645 1764 3718">
    <p class='ocr_par' dir='ltr' id='par_1_61' title="bbox 167 3645 1764 3718">
     <span class='ocr_line' id='line_1_61' title="bbox 167 3645 1764 3718; baseline 0.001 -19"><span class='ocrx_word' id='word_1_439' title='bbox 167 3665 302 3718; x_wconf 77' lang='grc' dir='ltr'><strong>μου</strong></span> <span class='ocrx_word' id='word_1_440' title='bbox 345 3648 447 3700; x_wconf 83' lang='grc' dir='ltr'>τοῦ</span> <span class='ocrx_word' id='word_1_441' title='bbox 466 3649 534 3699; x_wconf 75' lang='grc' dir='ltr'><strong>ἐν</strong></span> <span class='ocrx_word' id='word_1_442' title='bbox 559 3648 683 3713; x_wconf 78' lang='grc' dir='ltr'>τοῖς</span> <span class='ocrx_word' id='word_1_443' title='bbox 705 3648 1011 3713; x_wconf 69' lang='grc' dir='ltr'>οὐρανοῖς.</span> <span class='ocrx_word' id='word_1_444' title='bbox 1043 3647 1244 3718; x_wconf 82' lang='grc' dir='ltr'>Θάρσει</span> <span class='ocrx_word' id='word_1_445' title='bbox 1265 3645 1356 3700; x_wconf 72' lang='grc' dir='ltr'>οὖν</span> <span class='ocrx_word' id='word_1_446' title='bbox 1377 3648 1468 3702; x_wconf 72' lang='grc' dir='ltr'><strong>καὶ</strong></span> <span class='ocrx_word' id='word_1_447' title='bbox 1497 3647 1730 3715; x_wconf 83' lang='grc' dir='ltr'>ἁγαλλία</span> <span class='ocrx_word' id='word_1_448' title='bbox 1751 3663 1764 3677; x_wconf 88' lang='grc'><strong>·</strong></span> 
     </span>
    </p>
   </div>
   <div class='ocr_carea' id='block_1_62' title="bbox 167 3737 1770 3808">
    <p class='ocr_par' dir='ltr' id='par_1_62' title="bbox 167 3737 1770 3808">
     <span class='ocr_line' id='line_1_62' title="bbox 167 3737 1770 3808; baseline 0.002 -18"><span class='ocrx_word' id='word_1_449' title='bbox 167 3740 306 3808; x_wconf 78' lang='grc' dir='ltr'>μετ’</span> <span class='ocrx_word' id='word_1_450' title='bbox 369 3737 512 3806; x_wconf 55' lang='grc' dir='ltr'>ἐμοῦ</span> <span class='ocrx_word' id='word_1_451' title='bbox 578 3738 687 3808; x_wconf 64' lang='grc' dir='ltr'>γὰρ</span> <span class='ocrx_word' id='word_1_452' title='bbox 737 3740 850 3806; x_wconf 75' lang='grc' dir='ltr'><strong>ἔσῃ</strong></span> <span class='ocrx_word' id='word_1_453' title='bbox 885 3741 954 3791; x_wconf 71' lang='grc' dir='ltr'><strong>ἐν</strong></span> <span class='ocrx_word' id='word_1_454' title='bbox 999 3740 1078 3804; x_wconf 83' lang='grc' dir='ltr'>τῷ</span> <span class='ocrx_word' id='word_1_455' title='bbox 1121 3741 1485 3808; x_wconf 76' lang='grc' dir='ltr'>παραδείσῳ.</span> <span class='ocrx_word' id='word_1_456' title='bbox 1525 3740 1711 3794; x_wconf 75' lang='grc' dir='ltr'>Ταῦτα</span> <span class='ocrx_word' id='word_1_457' title='bbox 1742 3743 1770 3794; x_wconf 87' lang='grc' dir='ltr'><strong>ὁ</strong></span> 
     </span>
    </p>
   </div>
   <div class='ocr_carea' id='block_1_63' title="bbox 179 3829 1768 3907">
    <p class='ocr_par' dir='ltr' id='par_1_63' title="bbox 179 3829 1768 3907">
     <span class='ocr_line' id='line_1_63' title="bbox 179 3829 1768 3907; baseline 0.002 -26"><span class='ocrx_word' id='word_1_458' title='bbox 179 3829 399 3900; x_wconf 81' lang='grc' dir='ltr'>μάρτυς</span> <span class='ocrx_word' id='word_1_459' title='bbox 421 3830 658 3892; x_wconf 75' lang='grc' dir='ltr'>ἀκούσας</span> <span class='ocrx_word' id='word_1_460' title='bbox 683 3831 831 3899; x_wconf 68' lang='grc' dir='ltr'>παρὰ</span> <span class='ocrx_word' id='word_1_461' title='bbox 859 3830 952 3882; x_wconf 72' lang='grc' dir='ltr'>τοῦ</span> <span class='ocrx_word' id='word_1_462' title='bbox 982 3832 1209 3907; x_wconf 73' lang='grc' dir='ltr'>Κυρίου,</span> <span class='ocrx_word' id='word_1_463' title='bbox 1232 3832 1506 3902; x_wconf 72' lang='grc' dir='ltr'>εὐθαρσὴς</span> <span class='ocrx_word' id='word_1_464' title='bbox 1534 3833 1768 3900; x_wconf 75' lang='grc' dir='ltr'>ἐγένετο,</span> 
     </span>
    </p>
   </div>
   <div class='ocr_carea' id='block_1_64' title="bbox 177 3917 1772 3993">
    <p class='ocr_par' dir='ltr' id='par_1_64' title="bbox 177 3917 1772 3993">
     <span class='ocr_line' id='line_1_64' title="bbox 177 3917 1772 3993; baseline 0.001 -21"><span class='ocrx_word' id='word_1_465' title='bbox 177 3922 286 3972; x_wconf 68' lang='grc' dir='ltr'><strong>καὶ</strong></span> <span class='ocrx_word' id='word_1_466' title='bbox 320 3921 385 3972; x_wconf 82' lang='grc' dir='ltr'>δι’</span> <span class='ocrx_word' id='word_1_467' title='bbox 415 3921 540 3987; x_wconf 74' lang='grc' dir='ltr'>ὅλης</span> <span class='ocrx_word' id='word_1_468' title='bbox 572 3921 876 3988; x_wconf 70' lang='grc' dir='ltr'>τῆςνυκτδς</span> <span class='ocrx_word' id='word_1_469' title='bbox 901 3917 968 3991; x_wconf 77' lang='grc' dir='ltr'>ἦν</span> <span class='ocrx_word' id='word_1_470' title='bbox 993 3922 1289 3990; x_wconf 64' lang='grc' dir='ltr'>ὃοξολογίὒν</span> <span class='ocrx_word' id='word_1_471' title='bbox 1312 3923 1404 3975; x_wconf 68' lang='grc' dir='ltr'><strong>καὶ</strong></span> <span class='ocrx_word' id='word_1_472' title='bbox 1434 3924 1772 3993; x_wconf 71' lang='grc' dir='ltr'>εὐχαριστῶν</span> 
     </span>
    </p>
   </div>
   <div class='ocr_carea' id='block_1_65' title="bbox 174 4011 1771 4086">
    <p class='ocr_par' dir='ltr' id='par_1_65' title="bbox 174 4011 1771 4086">
     <span class='ocr_line' id='line_1_65' title="bbox 174 4011 1771 4086; baseline 0.003 -22"><span class='ocrx_word' id='word_1_473' title='bbox 174 4011 265 4080; x_wconf 72' lang='grc' dir='ltr'>τῷ</span> <span class='ocrx_word' id='word_1_474' title='bbox 297 4011 415 4082; x_wconf 76' lang='grc' dir='ltr'>Θεῴ</span> <span class='ocrx_word' id='word_1_475' title='bbox 449 4029 461 4042; x_wconf 89' lang='grc'><strong>·</strong></span> <span class='ocrx_word' id='word_1_476' title='bbox 489 4012 653 4080; x_wconf 80' lang='grc' dir='ltr'>ἀνέθη</span> <span class='ocrx_word' id='word_1_477' title='bbox 677 4014 785 4083; x_wconf 75' lang='grc' dir='ltr'><strong>γὰρ</strong></span> <span class='ocrx_word' id='word_1_478' title='bbox 819 4014 882 4064; x_wconf 76' lang='grc' dir='ltr'><strong>ἐκ</strong></span> <span class='ocrx_word' id='word_1_479' title='bbox 927 4014 1033 4066; x_wconf 83' lang='grc' dir='ltr'><strong>τῶν</strong></span> <span class='ocrx_word' id='word_1_480' title='bbox 1067 4014 1293 4082; x_wconf 79' lang='grc' dir='ltr'>πληγῶν</span> <span class='ocrx_word' id='word_1_481' title='bbox 1340 4016 1432 4067; x_wconf 75' lang='grc' dir='ltr'><strong>καὶ</strong></span> <span class='ocrx_word' id='word_1_482' title='bbox 1459 4015 1567 4067; x_wconf 85' lang='grc' dir='ltr'><strong>τῶν</strong></span> <span class='ocrx_word' id='word_1_483' title='bbox 1599 4032 1771 4086; x_wconf 86' lang='grc' dir='ltr'>τραυ-</span> 
     </span>
    </p>
   </div>
   <div class='ocr_carea' id='block_1_66' title="bbox 178 4101 1772 4176">
    <p class='ocr_par' dir='ltr' id='par_1_66' title="bbox 178 4101 1772 4176">
     <span class='ocr_line' id='line_1_66' title="bbox 178 4101 1772 4176; baseline 0.003 -25"><span class='ocrx_word' id='word_1_484' title='bbox 178 4101 377 4171; x_wconf 77' lang='grc' dir='ltr'>μάτων</span> <span class='ocrx_word' id='word_1_485' title='bbox 407 4101 593 4163; x_wconf 70' lang='grc' dir='ltr'>αὑτοῦ,</span> <span class='ocrx_word' id='word_1_486' title='bbox 636 4101 776 4154; x_wconf 72' lang='grc' dir='ltr'>ὥστε</span> <span class='ocrx_word' id='word_1_487' title='bbox 841 4104 981 4172; x_wconf 85' lang='grc' dir='ltr'>μήτε</span> <span class='ocrx_word' id='word_1_488' title='bbox 1019 4103 1261 4174; x_wconf 75' lang='grc' dir='ltr'>μώλωπα</span> <span class='ocrx_word' id='word_1_489' title='bbox 1289 4106 1578 4174; x_wconf 79' lang='grc' dir='ltr'>φαίνεσθαι</span> <span class='ocrx_word' id='word_1_490' title='bbox 1609 4107 1666 4158; x_wconf 79' lang='grc' dir='ltr'><strong>ἐν</strong></span> <span class='ocrx_word' id='word_1_491' title='bbox 1693 4105 1772 4176; x_wconf 86' lang='grc' dir='ltr'>τῷ</span> 
     </span>
    </p>
   </div>
   <div class='ocr_carea' id='block_1_67' title="bbox 176 4191 1770 4265">
    <p class='ocr_par' dir='ltr' id='par_1_67' title="bbox 176 4191 1770 4265">
     <span class='ocr_line' id='line_1_67' title="bbox 176 4191 1770 4265; baseline 0.003 -20"><span class='ocrx_word' id='word_1_492' title='bbox 176 4191 332 4260; x_wconf 69' lang='grc' dir='ltr'>ἁγίῳ</span> <span class='ocrx_word' id='word_1_493' title='bbox 364 4191 524 4244; x_wconf 71' lang='grc' dir='ltr'>αὑτοῦ</span> <span class='ocrx_word' id='word_1_494' title='bbox 556 4191 798 4262; x_wconf 77' lang='grc' dir='ltr'>σώματι·</span> <span class='ocrx_word' id='word_1_495' title='bbox 830 4193 1054 4262; x_wconf 67' lang='grc' dir='ltr'>ἐποίησε</span> <span class='ocrx_word' id='word_1_496' title='bbox 1079 4194 1134 4246; x_wconf 75' lang='lat'><strong>6‘:</strong></span> <span class='ocrx_word' id='word_1_497' title='bbox 1161 4195 1318 4246; x_wconf 84' lang='grc' dir='ltr'>πέντε</span> <span class='ocrx_word' id='word_1_498' title='bbox 1356 4196 1449 4246; x_wconf 76' lang='grc' dir='ltr'><strong>καὶ</strong></span> <span class='ocrx_word' id='word_1_499' title='bbox 1477 4195 1607 4248; x_wconf 84' lang='grc' dir='ltr'>δέκα</span> <span class='ocrx_word' id='word_1_500' title='bbox 1638 4197 1770 4265; x_wconf 81' lang='grc' dir='ltr'><strong>ήμέ·</strong></span> 
     </span>
    </p>
   </div>
   <div class='ocr_carea' id='block_1_68' title="bbox 181 4283 1770 4359">
    <p class='ocr_par' dir='ltr' id='par_1_68' title="bbox 181 4283 1770 4359">
     <span class='ocr_line' id='line_1_68' title="bbox 181 4283 1770 4359; baseline 0.023 -37"><span class='ocrx_word' id='word_1_501' title='bbox 181 4301 314 4355; x_wconf 60' lang='grc' dir='ltr'>ρχς,</span> <span class='ocrx_word' id='word_1_502' title='bbox 345 4283 573 4352; x_wconf 71' lang='grc' dir='ltr'>μηδενὸς</span> <span class='ocrx_word' id='word_1_503' title='bbox 604 4287 663 4336; x_wconf 66' lang='grc' dir='ltr'><strong>τὸ</strong></span> <span class='ocrx_word' id='word_1_504' title='bbox 694 4284 915 4337; x_wconf 70' lang='grc' dir='ltr'>σύνολον</span> <span class='ocrx_word' id='word_1_505' title='bbox 962 4286 1336 4356; x_wconf 76' lang='grc' dir='ltr'>γευσάμενος’</span> <span class='ocrx_word' id='word_1_506' title='bbox 1371 4287 1633 4358; x_wconf 67' lang='grc' dir='ltr'><strong>ἐτρέφετο</strong></span> <span class='ocrx_word' id='word_1_507' title='bbox 1665 4289 1770 4359; x_wconf 68' lang='grc' dir='ltr'><strong>γὰρ</strong></span> 
     </span>
    </p>
   </div>
   <div class='ocr_carea' id='block_1_69' title="bbox 175 4374 1130 4447">
    <p class='ocr_par' dir='ltr' id='par_1_69' title="bbox 175 4374 1130 4447">
     <span class='ocr_line' id='line_1_69' title="bbox 175 4374 1130 4447; baseline 0.002 -18"><span class='ocrx_word' id='word_1_508' title='bbox 175 4379 250 4446; x_wconf 71' lang='grc' dir='ltr'>τῇ</span> <span class='ocrx_word' id='word_1_509' title='bbox 281 4374 370 4428; x_wconf 67' lang='grc' dir='ltr'>τοῦ</span> <span class='ocrx_word' id='word_1_510' title='bbox 403 4377 555 4443; x_wconf 80' lang='grc' dir='ltr'>ἁγέου</span> <span class='ocrx_word' id='word_1_511' title='bbox 586 4376 900 4446; x_wconf 65' lang='grc' dir='ltr'>Πνείματος</span> <span class='ocrx_word' id='word_1_512' title='bbox 927 4378 1130 4447; x_wconf 85' lang='grc' dir='ltr'>χάριτι.</span> 
     </span>
    </p>
   </div>
   <div class='ocr_carea' id='block_1_70' title="bbox 260 4467 1776 4540">
    <p class='ocr_par' dir='ltr' id='par_1_70' title="bbox 260 4467 1776 4540">
     <span class='ocr_line' id='line_1_70' title="bbox 260 4467 1776 4540; baseline 0.003 -23"><span class='ocrx_word' id='word_1_513' title='bbox 260 4474 362 4518; x_wconf 60' lang='grc' dir='ltr'>ναί.</span> <span class='ocrx_word' id='word_1_514' title='bbox 404 4467 460 4518; x_wconf 90' lang='grc' dir='ltr'>Ὁ</span> <span class='ocrx_word' id='word_1_515' title='bbox 507 4467 562 4519; x_wconf 73' lang='grc' dir='ltr'><strong>δὲ</strong></span> <span class='ocrx_word' id='word_1_516' title='bbox 605 4468 890 4530; x_wconf 66' lang='grc' dir='ltr'>Ἰουλιανὸς</span> <span class='ocrx_word' id='word_1_517' title='bbox 930 4469 1021 4519; x_wconf 65' lang='grc' dir='ltr'><strong>ἐπὶ</strong></span> <span class='ocrx_word' id='word_1_518' title='bbox 1070 4469 1172 4538; x_wconf 85' lang='grc' dir='ltr'><strong>τὴν</strong></span> <span class='ocrx_word' id='word_1_519' title='bbox 1210 4468 1427 4539; x_wconf 83' lang='grc' dir='ltr'>Δάφνην</span> <span class='ocrx_word' id='word_1_520' title='bbox 1458 4469 1686 4540; x_wconf 80' lang='grc' dir='ltr'>ὥρμησε</span> <span class='ocrx_word' id='word_1_521' title='bbox 1715 4469 1776 4522; x_wconf 74' lang='grc' dir='ltr'>τὸ</span> 
     </span>
    </p>
   </div>
   <div class='ocr_carea' id='block_1_71' title="bbox 174 4559 1776 4633">
    <p class='ocr_par' dir='ltr' id='par_1_71' title="bbox 174 4559 1776 4633">
     <span class='ocr_line' id='line_1_71' title="bbox 174 4559 1776 4633; baseline 0 -20"><span class='ocrx_word' id='word_1_522' title='bbox 174 4559 542 4629; x_wconf 68' lang='grc' dir='ltr'>προάστειον,</span> <span class='ocrx_word' id='word_1_523' title='bbox 570 4563 644 4622; x_wconf 84' lang='grc' dir='ltr'><strong>ως</strong></span> <span class='ocrx_word' id='word_1_524' title='bbox 674 4560 1019 4629; x_wconf 74' lang='grc' dir='ltr'>προέφημεν,</span> <span class='ocrx_word' id='word_1_525' title='bbox 1045 4560 1234 4625; x_wconf 81' lang='grc' dir='ltr'>θυσίας</span> <span class='ocrx_word' id='word_1_526' title='bbox 1257 4561 1674 4632; x_wconf 76' lang='grc' dir='ltr'>ἐτοιμαζὸμενος</span> <span class='ocrx_word' id='word_1_527' title='bbox 1699 4564 1776 4633; x_wconf 79' lang='grc' dir='ltr'>τῷ</span> 
     </span>
    </p>
   </div>
   <div class='ocr_carea' id='block_1_72' title="bbox 189 4649 1774 4724">
    <p class='ocr_par' dir='ltr' id='par_1_72' title="bbox 189 4649 1774 4724">
     <span class='ocr_line' id='line_1_72' title="bbox 189 4649 1774 4724; baseline 0.002 -20"><span class='ocrx_word' id='word_1_528' title='bbox 189 4649 518 4710; x_wconf 72' lang='grc' dir='ltr'>Ἀπόλλωνι,</span> <span class='ocrx_word' id='word_1_529' title='bbox 539 4652 632 4704; x_wconf 74' lang='grc' dir='ltr'><strong>καὶ</strong></span> <span class='ocrx_word' id='word_1_530' title='bbox 651 4654 938 4720; x_wconf 79' lang='grc' dir='ltr'>χρησμοὺς</span> <span class='ocrx_word' id='word_1_531' title='bbox 961 4654 1090 4724; x_wconf 80' lang='grc' dir='ltr'>παρ’</span> <span class='ocrx_word' id='word_1_532' title='bbox 1126 4654 1290 4706; x_wconf 75' lang='grc' dir='ltr'>αὐτοῦ</span> <span class='ocrx_word' id='word_1_533' title='bbox 1315 4653 1572 4718; x_wconf 82' lang='grc' dir='ltr'>δέξασθαι</span> <span class='ocrx_word' id='word_1_534' title='bbox 1605 4673 1774 4723; x_wconf 83' lang='grc' dir='ltr'>προσ-</span> 
     </span>
    </p>
   </div>
   <div class='ocr_carea' id='block_1_73' title="bbox 171 4741 1773 4814">
    <p class='ocr_par' dir='ltr' id='par_1_73' title="bbox 171 4741 1773 4814">
     <span class='ocr_line' id='line_1_73' title="bbox 171 4741 1773 4814; baseline 0.001 -19"><span class='ocrx_word' id='word_1_535' title='bbox 171 4741 397 4799; x_wconf 82' lang='grc' dir='ltr'>δοκῶν·</span> <span class='ocrx_word' id='word_1_536' title='bbox 440 4743 472 4810; x_wconf 84' lang='grc' dir='ltr'>ἡ</span> <span class='ocrx_word' id='word_1_537' title='bbox 539 4742 594 4794; x_wconf 80' lang='grc' dir='ltr'><strong>δὲ</strong></span> <span class='ocrx_word' id='word_1_538' title='bbox 647 4742 830 4810; x_wconf 76' lang='grc' dir='ltr'>Δάφνη</span> <span class='ocrx_word' id='word_1_539' title='bbox 873 4743 1197 4814; x_wconf 70' lang='grc' dir='ltr'>προάστειον</span> <span class='ocrx_word' id='word_1_540' title='bbox 1258 4746 1371 4797; x_wconf 73' lang='grc' dir='ltr'>ἐστι</span> <span class='ocrx_word' id='word_1_541' title='bbox 1423 4745 1524 4814; x_wconf 78' lang='grc' dir='ltr'>τῆς</span> <span class='ocrx_word' id='word_1_542' title='bbox 1569 4747 1773 4799; x_wconf 78' lang='grc' dir='ltr'>Ἀντιο-</span> 
     </span>
    </p>
   </div>
   <div class='ocr_carea' id='block_1_74' title="bbox 172 4832 1771 4907">
    <p class='ocr_par' dir='ltr' id='par_1_74' title="bbox 172 4832 1771 4907">
     <span class='ocr_line' id='line_1_74' title="bbox 172 4832 1771 4907; baseline 0.005 -25"><span class='ocrx_word' id='word_1_543' title='bbox 172 4833 370 4904; x_wconf 79' lang='grc' dir='ltr'>χείας,</span> <span class='ocrx_word' id='word_1_544' title='bbox 400 4833 492 4884; x_wconf 78' lang='grc' dir='ltr'>ἐπὶ</span> <span class='ocrx_word' id='word_1_545' title='bbox 522 4832 630 4884; x_wconf 87' lang='grc' dir='ltr'><strong>τῶν</strong></span> <span class='ocrx_word' id='word_1_546' title='bbox 663 4833 1013 4904; x_wconf 49' lang='grc' dir='ltr'>ὑψηλοτέρων</span> <span class='ocrx_word' id='word_1_547' title='bbox 1045 4835 1217 4905; x_wconf 77' lang='grc' dir='ltr'>αὐτῆς</span> <span class='ocrx_word' id='word_1_548' title='bbox 1247 4837 1464 4907; x_wconf 80' lang='grc' dir='ltr'>χωρίων</span> <span class='ocrx_word' id='word_1_549' title='bbox 1494 4837 1771 4906; x_wconf 79' lang='grc' dir='ltr'>κείμενον,</span> 
     </span>
    </p>
   </div>
   <div class='ocr_carea' id='block_1_75' title="bbox 170 4923 1769 4998">
    <p class='ocr_par' dir='ltr' id='par_1_75' title="bbox 170 4923 1769 4998">
     <span class='ocr_line' id='line_1_75' title="bbox 170 4923 1769 4998; baseline 0.006 -25"><span class='ocrx_word' id='word_1_550' title='bbox 170 4924 380 4978; x_wconf 69' lang='grc' dir='ltr'>ἄλσεσι</span> <span class='ocrx_word' id='word_1_551' title='bbox 466 4923 741 4987; x_wconf 76' lang='grc' dir='ltr'>παντοίοις</span> <span class='ocrx_word' id='word_1_552' title='bbox 826 4927 1150 4996; x_wconf 85' lang='grc' dir='ltr'>συνηρεφές.</span> <span class='ocrx_word' id='word_1_553' title='bbox 1245 4929 1769 4998; x_wconf 78' lang='grc' dir='ltr'>Πολυπρεμνότατον</span> 
     </span>
    </p>
   </div>
   <div class='ocr_carea' id='block_1_76' title="bbox 174 5009 1770 5090">
    <p class='ocr_par' dir='ltr' id='par_1_76' title="bbox 174 5009 1770 5090">
     <span class='ocr_line' id='line_1_76' title="bbox 174 5009 1770 5090; baseline 0.004 -24"><span class='ocrx_word' id='word_1_554' title='bbox 174 5009 343 5087; x_wconf 66' lang='lat'><strong>[580]</strong></span> <span class='ocrx_word' id='word_1_555' title='bbox 372 5012 482 5083; x_wconf 83' lang='grc' dir='ltr'><strong>γάρ</strong></span> <span class='ocrx_word' id='word_1_556' title='bbox 513 5014 606 5067; x_wconf 70' lang='grc' dir='ltr'>καὶ</span> <span class='ocrx_word' id='word_1_557' title='bbox 637 5015 1120 5087; x_wconf 69' lang='grc' dir='ltr'>πολυκαρπότατόν</span> <span class='ocrx_word' id='word_1_558' title='bbox 1155 5019 1271 5070; x_wconf 82' lang='grc' dir='ltr'>ἐστι</span> <span class='ocrx_word' id='word_1_559' title='bbox 1295 5017 1355 5070; x_wconf 83' lang='grc' dir='ltr'><strong>τὸ</strong></span> <span class='ocrx_word' id='word_1_560' title='bbox 1382 5019 1605 5090; x_wconf 77' lang='grc' dir='ltr'>χωρίον,</span> <span class='ocrx_word' id='word_1_561' title='bbox 1643 5019 1770 5072; x_wconf 76' lang='grc' dir='ltr'>ἔνθα</span> 
     </span>
    </p>
   </div>
   <div class='ocr_carea' id='block_1_77' title="bbox 178 5103 1774 5180">
    <p class='ocr_par' dir='ltr' id='par_1_77' title="bbox 178 5103 1774 5180">
     <span class='ocr_line' id='line_1_77' title="bbox 178 5103 1774 5180; baseline 0.006 -23"><span class='ocrx_word' id='word_1_562' title='bbox 178 5103 302 5157; x_wconf 82' lang='grc' dir='ltr'><strong>τῶν</strong></span> <span class='ocrx_word' id='word_1_563' title='bbox 330 5120 388 5155; x_wconf 90' lang='grc' dir='ltr'><strong>τε</strong></span> <span class='ocrx_word' id='word_1_564' title='bbox 413 5104 589 5158; x_wconf 74' lang='grc' dir='ltr'>ἄλλων</span> <span class='ocrx_word' id='word_1_565' title='bbox 621 5107 894 5160; x_wconf 85' lang='grc' dir='ltr'>παντοίων</span> <span class='ocrx_word' id='word_1_566' title='bbox 945 5108 1179 5178; x_wconf 76' lang='grc' dir='ltr'>δένδρων</span> <span class='ocrx_word' id='word_1_567' title='bbox 1233 5111 1328 5162; x_wconf 77' lang='grc' dir='ltr'><strong>καὶ</strong></span> <span class='ocrx_word' id='word_1_568' title='bbox 1358 5110 1422 5180; x_wconf 83' lang='grc' dir='ltr'>δὴ</span> <span class='ocrx_word' id='word_1_569' title='bbox 1467 5114 1564 5166; x_wconf 76' lang='grc' dir='ltr'><strong>καὶ</strong></span> <span class='ocrx_word' id='word_1_570' title='bbox 1603 5130 1774 5166; x_wconf 84' lang='grc' dir='ltr'>κυπα-</span> 
     </span>
    </p>
   </div>
   <div class='ocr_carea' id='block_1_78' title="bbox 180 5191 1775 5268">
    <p class='ocr_par' dir='ltr' id='par_1_78' title="bbox 180 5191 1775 5268">
     <span class='ocr_line' id='line_1_78' title="bbox 180 5191 1775 5268; baseline 0.006 -24"><span class='ocrx_word' id='word_1_571' title='bbox 180 5193 394 5263; x_wconf 83' lang='grc' dir='ltr'>ρίττων</span> <span class='ocrx_word' id='word_1_572' title='bbox 421 5191 658 5258; x_wconf 78' lang='grc' dir='ltr'>ἐξαίσιον</span> <span class='ocrx_word' id='word_1_573' title='bbox 690 5195 1028 5263; x_wconf 81' lang='grc' dir='ltr'>πεφύτευται</span> <span class='ocrx_word' id='word_1_574' title='bbox 1058 5197 1269 5267; x_wconf 80' lang='grc' dir='ltr'>χρῆμα,</span> <span class='ocrx_word' id='word_1_575' title='bbox 1304 5199 1439 5268; x_wconf 75' lang='grc' dir='ltr'>πρός</span> <span class='ocrx_word' id='word_1_576' title='bbox 1481 5217 1540 5252; x_wconf 90' lang='grc' dir='ltr'><strong>τε</strong></span> <span class='ocrx_word' id='word_1_577' title='bbox 1581 5201 1775 5264; x_wconf 81' lang='grc' dir='ltr'>κάλλος</span> 
     </span>
    </p>
   </div>
   <div class='ocr_carea' id='block_1_79' title="bbox 175 5282 1773 5361">
    <p class='ocr_par' dir='ltr' id='par_1_79' title="bbox 175 5282 1773 5361">
     <span class='ocr_line' id='line_1_79' title="bbox 175 5282 1773 5361; baseline 0.004 -22"><span class='ocrx_word' id='word_1_578' title='bbox 175 5283 290 5339; x_wconf 79' lang='grc' dir='ltr'>καὶ</span> <span class='ocrx_word' id='word_1_579' title='bbox 327 5282 526 5355; x_wconf 70' lang='grc' dir='ltr'>ὕψωμα</span> <span class='ocrx_word' id='word_1_580' title='bbox 559 5286 655 5340; x_wconf 73' lang='grc' dir='ltr'><strong>καὶ</strong></span> <span class='ocrx_word' id='word_1_581' title='bbox 695 5286 927 5356; x_wconf 84' lang='grc' dir='ltr'>μέγεθος</span> <span class='ocrx_word' id='word_1_582' title='bbox 968 5286 1029 5339; x_wconf 79' lang='grc' dir='ltr'><strong>οὐ</strong></span> <span class='ocrx_word' id='word_1_583' title='bbox 1079 5287 1387 5358; x_wconf 76' lang='grc' dir='ltr'>συμϐλητόν</span> <span class='ocrx_word' id='word_1_584' title='bbox 1410 5305 1422 5317; x_wconf 93' lang='grc'><strong>·</strong></span> <span class='ocrx_word' id='word_1_585' title='bbox 1457 5290 1680 5361; x_wconf 76' lang='grc' dir='ltr'>νάματα</span> <span class='ocrx_word' id='word_1_586' title='bbox 1715 5309 1773 5346; x_wconf 86' lang='grc' dir='ltr'><strong>τε</strong></span> 
     </span>
    </p>
   </div>
   <div class='ocr_carea' id='block_1_80' title="bbox 171 5374 1773 5448">
    <p class='ocr_par' dir='ltr' id='par_1_80' title="bbox 171 5374 1773 5448">
     <span class='ocr_line' id='line_1_80' title="bbox 171 5374 1773 5448; baseline 0.003 -20"><span class='ocrx_word' id='word_1_587' title='bbox 171 5375 444 5445; x_wconf 80' lang='grc' dir='ltr'>πανταχῆ</span> <span class='ocrx_word' id='word_1_588' title='bbox 484 5374 686 5428; x_wconf 87' lang='grc' dir='ltr'>διαθέει</span> <span class='ocrx_word' id='word_1_589' title='bbox 724 5375 972 5446; x_wconf 83' lang='grc' dir='ltr'>ποτίμων</span> <span class='ocrx_word' id='word_1_590' title='bbox 1012 5376 1240 5440; x_wconf 81' lang='grc' dir='ltr'>ὑδάτων,</span> <span class='ocrx_word' id='word_1_591' title='bbox 1275 5378 1546 5448; x_wconf 84' lang='grc' dir='ltr'>μεγίστων</span> <span class='ocrx_word' id='word_1_592' title='bbox 1586 5380 1773 5433; x_wconf 64' lang='grc' dir='ltr'>αὐτόοι</span> 
     </span>
    </p>
   </div>
   <div class='ocr_carea' id='block_1_81' title="bbox 173 5461 1760 5541">
    <p class='ocr_par' dir='ltr' id='par_1_81' title="bbox 173 5461 1760 5541">
     <span class='ocr_line' id='line_1_81' title="bbox 173 5461 1760 5541; baseline 0.005 -22"><span class='ocrx_word' id='word_1_593' title='bbox 173 5463 389 5536; x_wconf 73' lang='grc' dir='ltr'>πηγῶν</span> <span class='ocrx_word' id='word_1_594' title='bbox 420 5465 840 5538; x_wconf 81' lang='grc' dir='ltr'>ἀναδιδομένων,</span> <span class='ocrx_word' id='word_1_595' title='bbox 870 5468 962 5538; x_wconf 79' lang='grc' dir='ltr'><strong>ἀφ’</strong></span> <span class='ocrx_word' id='word_1_596' title='bbox 986 5461 1060 5523; x_wconf 82' lang='grc' dir='ltr'><strong>ὧν</strong></span> <span class='ocrx_word' id='word_1_597' title='bbox 1086 5468 1235 5540; x_wconf 77' lang='grc' dir='ltr'>καὶὴ</span> <span class='ocrx_word' id='word_1_598' title='bbox 1273 5469 1427 5535; x_wconf 83' lang='grc' dir='ltr'>πόλις</span> <span class='ocrx_word' id='word_1_599' title='bbox 1460 5473 1518 5524; x_wconf 84' lang='grc' dir='ltr'>ὲν</span> <span class='ocrx_word' id='word_1_600' title='bbox 1547 5471 1760 5541; x_wconf 78' lang='grc' dir='ltr'>ὀλίγαις</span> 
     </span>
    </p>
   </div>
   <div class='ocr_carea' id='block_1_82' title="bbox 259 5619 722 5689">
    <p class='ocr_par' dir='ltr' id='par_1_82' title="bbox 259 5619 722 5689">
     <span class='ocr_line' id='line_1_82' title="bbox 259 5619 722 5689; baseline 0.002 -14"><span class='ocrx_word' id='word_1_601' title='bbox 259 5621 284 5655; x_wconf 85' lang='grc'><strong>⁷</strong></span> <span class='ocrx_word' id='word_1_602' title='bbox 317 5619 510 5676; x_wconf 73' lang='lat' dir='ltr'><strong>Matth.</strong></span> <span class='ocrx_word' id='word_1_603' title='bbox 544 5637 598 5689; x_wconf 70' lang='grc' dir='ltr'>χ,</span> <span class='ocrx_word' id='word_1_604' title='bbox 632 5622 722 5678; x_wconf 69' lang='lat'><strong>&#39;59.</strong></span> 
     </span>
    </p>
   </div>
   <div class='ocr_carea' id='block_1_83' title="bbox 1871 3083 3455 3160">
    <p class='ocr_par' dir='ltr' id='par_1_83' title="bbox 1871 3083 3455 3160">
     <span class='ocr_line' id='line_1_83' title="bbox 1871 3083 3455 3160; baseline 0.003 -19"><span class='ocrx_word' id='word_1_605' title='bbox 1871 3097 2164 3160; x_wconf 88' lang='lat' dir='ltr'><strong>tyrannum</strong></span> <span class='ocrx_word' id='word_1_606' title='bbox 2195 3083 2331 3155; x_wconf 86' lang='lat' dir='ltr'><strong>(l8).</strong></span> <span class='ocrx_word' id='word_1_607' title='bbox 2366 3083 2480 3154; x_wconf 85' lang='lat' dir='ltr'><strong>Ego</strong></span> <span class='ocrx_word' id='word_1_608' title='bbox 2511 3087 2660 3139; x_wconf 88' lang='lat' dir='ltr'><strong>enim</strong></span> <span class='ocrx_word' id='word_1_609' title='bbox 2699 3101 2822 3141; x_wconf 91' lang='lat' dir='ltr'><strong>sum</strong></span> <span class='ocrx_word' id='word_1_610' title='bbox 2858 3097 3073 3151; x_wconf 88' lang='lat' dir='ltr'><strong>tecum,</strong></span> <span class='ocrx_word' id='word_1_611' title='bbox 3105 3090 3202 3160; x_wconf 90' lang='lat' dir='ltr'><strong>qui</strong></span> <span class='ocrx_word' id='word_1_612' title='bbox 3238 3106 3374 3146; x_wconf 90' lang='lat' dir='ltr'><strong>eruo</strong></span> <span class='ocrx_word' id='word_1_613' title='bbox 3399 3098 3455 3146; x_wconf 86' lang='lat' dir='ltr'><strong>te</strong></span> 
     </span>
    </p>
   </div>
   <div class='ocr_carea' id='block_1_84' title="bbox 1866 3176 3452 3250">
    <p class='ocr_par' dir='ltr' id='par_1_84' title="bbox 1866 3176 3452 3250">
     <span class='ocr_line' id='line_1_84' title="bbox 1866 3176 3452 3250; baseline 0.003 -17"><span class='ocrx_word' id='word_1_614' title='bbox 1866 3194 1933 3233; x_wconf 80' lang='lat' dir='ltr'><strong>ex</strong></span> <span class='ocrx_word' id='word_1_615' title='bbox 1964 3181 2116 3232; x_wconf 88' lang='lat' dir='ltr'><strong>omni</strong></span> <span class='ocrx_word' id='word_1_616' title='bbox 2146 3176 2457 3231; x_wconf 90' lang='lat' dir='ltr'><strong>tcntatioue</strong></span> <span class='ocrx_word' id='word_1_617' title='bbox 2480 3177 2752 3246; x_wconf 84' lang='lat' dir='ltr'><strong>omnique</strong></span> <span class='ocrx_word' id='word_1_618' title='bbox 2783 3187 3192 3236; x_wconf 90' lang='lat' dir='ltr'><strong>tormentorum</strong></span> <span class='ocrx_word' id='word_1_619' title='bbox 3223 3181 3452 3250; x_wconf 87' lang='lat' dir='ltr'><strong>dolore;</strong></span> 
     </span>
    </p>
   </div>
   <div class='ocr_carea' id='block_1_85' title="bbox 1870 3268 3456 3345">
    <p class='ocr_par' dir='ltr' id='par_1_85' title="bbox 1870 3268 3456 3345">
     <span class='ocr_line' id='line_1_85' title="bbox 1870 3268 3456 3345; baseline 0.004 -21"><span class='ocrx_word' id='word_1_620' title='bbox 1870 3272 1924 3325; x_wconf 92' lang='lat' dir='ltr'><strong>in</strong></span> <span class='ocrx_word' id='word_1_621' title='bbox 1956 3286 2128 3341; x_wconf 82' lang='lat' dir='ltr'><strong>regno</strong></span> <span class='ocrx_word' id='word_1_622' title='bbox 2163 3268 2436 3324; x_wconf 73' lang='lat' dir='ltr'><strong>cmlorum</strong></span> <span class='ocrx_word' id='word_1_623' title='bbox 2477 3271 2762 3326; x_wconf 82' lang='lat' dir='ltr'><strong>coronaho</strong></span> <span class='ocrx_word' id='word_1_624' title='bbox 2796 3279 2849 3326; x_wconf 90' lang='lat' dir='ltr'><strong>te</strong></span> <span class='ocrx_word' id='word_1_625' title='bbox 2872 3310 2888 3337; x_wconf 92' lang='lat'><strong>,</strong></span> <span class='ocrx_word' id='word_1_626' title='bbox 2922 3280 2977 3326; x_wconf 81' lang='lat' dir='ltr'><strong>et</strong></span> <span class='ocrx_word' id='word_1_627' title='bbox 3009 3273 3152 3329; x_wconf 87' lang='lat' dir='ltr'><strong>sicut</strong></span> <span class='ocrx_word' id='word_1_628' title='bbox 3182 3274 3298 3345; x_wconf 89' lang='lat' dir='ltr'><strong>ipse</strong></span> <span class='ocrx_word' id='word_1_629' title='bbox 3327 3291 3456 3330; x_wconf 81' lang='lat' dir='ltr'><strong>con-</strong></span> 
     </span>
    </p>
   </div>
   <div class='ocr_carea' id='block_1_86' title="bbox 1870 3363 3454 3439">
    <p class='ocr_par' dir='ltr' id='par_1_86' title="bbox 1870 3363 3454 3439">
     <span class='ocr_line' id='line_1_86' title="bbox 1870 3363 3454 3439; baseline 0.004 -22"><span class='ocrx_word' id='word_1_630' title='bbox 1870 3365 2038 3434; x_wconf 75' lang='lat' dir='ltr'><strong>fessus</strong></span> <span class='ocrx_word' id='word_1_631' title='bbox 2081 3380 2135 3417; x_wconf 80' lang='lat' dir='ltr'><strong>es</strong></span> <span class='ocrx_word' id='word_1_632' title='bbox 2171 3378 2251 3416; x_wconf 83' lang='lat' dir='ltr'><strong>me</strong></span> <span class='ocrx_word' id='word_1_633' title='bbox 2283 3378 2469 3416; x_wconf 82' lang='lat' dir='ltr'><strong>coram</strong></span> <span class='ocrx_word' id='word_1_634' title='bbox 2499 3363 2806 3418; x_wconf 68' lang='lat' dir='ltr'><strong>hominibus</strong></span> <span class='ocrx_word' id='word_1_635' title='bbox 2828 3404 2842 3429; x_wconf 89' lang='lat'><strong>,</strong></span> <span class='ocrx_word' id='word_1_636' title='bbox 2879 3367 3171 3434; x_wconf 79' lang='lat' dir='ltr'><strong>conﬁtebor</strong></span> <span class='ocrx_word' id='word_1_637' title='bbox 3198 3378 3247 3421; x_wconf 87' lang='lat' dir='ltr'><strong>et</strong></span> <span class='ocrx_word' id='word_1_638' title='bbox 3280 3385 3372 3439; x_wconf 79' lang='lat' dir='ltr'><strong>ego</strong></span> <span class='ocrx_word' id='word_1_639' title='bbox 3406 3377 3454 3424; x_wconf 77' lang='lat' dir='ltr'><strong>te</strong></span> 
     </span>
    </p>
   </div>
   <div class='ocr_carea' id='block_1_87' title="bbox 1869 3454 3452 3535">
    <p class='ocr_par' dir='ltr' id='par_1_87' title="bbox 1869 3454 3452 3535">
     <span class='ocr_line' id='line_1_87' title="bbox 1869 3454 3452 3535; baseline 0.006 -26"><span class='ocrx_word' id='word_1_640' title='bbox 1869 3471 2050 3510; x_wconf 87' lang='lat' dir='ltr'><strong>coram</strong></span> <span class='ocrx_word' id='word_1_641' title='bbox 2097 3454 2257 3509; x_wconf 79' lang='lat' dir='ltr'><strong>Patre</strong></span> <span class='ocrx_word' id='word_1_642' title='bbox 2307 3470 2457 3521; x_wconf 80' lang='lat' dir='ltr'><strong>meo,</strong></span> <span class='ocrx_word' id='word_1_643' title='bbox 2491 3457 2584 3525; x_wconf 81' lang='lat' dir='ltr'><strong>qui</strong></span> <span class='ocrx_word' id='word_1_644' title='bbox 2644 3457 2698 3510; x_wconf 80' lang='lat' dir='ltr'><strong>in</strong></span> <span class='ocrx_word' id='word_1_645' title='bbox 2733 3458 2878 3514; x_wconf 76' lang='lat' dir='ltr'><strong>cwlis</strong></span> <span class='ocrx_word' id='word_1_646' title='bbox 2909 3471 2985 3514; x_wconf 78' lang='lat' dir='ltr'><strong>est</strong></span> <span class='ocrx_word' id='word_1_647' title='bbox 3018 3461 3060 3514; x_wconf 89' lang='lat'><strong>&quot;.</strong></span> <span class='ocrx_word' id='word_1_648' title='bbox 3092 3461 3318 3518; x_wconf 84' lang='lat' dir='ltr'><strong>Conlide</strong></span> <span class='ocrx_word' id='word_1_649' title='bbox 3347 3462 3452 3535; x_wconf 83' lang='lat' dir='ltr'><strong>igi-</strong></span> 
     </span>
    </p>
   </div>
   <div class='ocr_carea' id='block_1_88' title="bbox 1871 3548 3453 3626">
    <p class='ocr_par' dir='ltr' id='par_1_88' title="bbox 1871 3548 3453 3626">
     <span class='ocr_line' id='line_1_88' title="bbox 1871 3548 3453 3626; baseline 0.005 -23"><span class='ocrx_word' id='word_1_650' title='bbox 1871 3556 1961 3603; x_wconf 90' lang='lat' dir='ltr'><strong>tur</strong></span> <span class='ocrx_word' id='word_1_651' title='bbox 1989 3557 2040 3602; x_wconf 84' lang='lat' dir='ltr'><strong>et</strong></span> <span class='ocrx_word' id='word_1_652' title='bbox 2074 3563 2184 3618; x_wconf 74' lang='lat' dir='ltr'><strong>pra:</strong></span> <span class='ocrx_word' id='word_1_653' title='bbox 2208 3548 2411 3617; x_wconf 80' lang='lat' dir='ltr'><strong>gaudio</strong></span> <span class='ocrx_word' id='word_1_654' title='bbox 2438 3550 2656 3603; x_wconf 80' lang='lat' dir='ltr'><strong>exsulta</strong></span> <span class='ocrx_word' id='word_1_655' title='bbox 2685 3566 2700 3615; x_wconf 89' lang='lat'><strong>;</strong></span> <span class='ocrx_word' id='word_1_656' title='bbox 2733 3567 2930 3604; x_wconf 84' lang='lat' dir='ltr'><strong>mecum</strong></span> <span class='ocrx_word' id='word_1_657' title='bbox 2963 3553 3104 3607; x_wconf 85' lang='lat' dir='ltr'><strong>enim</strong></span> <span class='ocrx_word' id='word_1_658' title='bbox 3133 3556 3239 3610; x_wconf 77' lang='lat' dir='ltr'><strong>eris</strong></span> <span class='ocrx_word' id='word_1_659' title='bbox 3267 3558 3321 3609; x_wconf 80' lang='lat' dir='ltr'><strong>in</strong></span> <span class='ocrx_word' id='word_1_660' title='bbox 3351 3572 3453 3626; x_wconf 88' lang='lat' dir='ltr'><strong>pa-</strong></span> 
     </span>
    </p>
   </div>
   <div class='ocr_carea' id='block_1_89' title="bbox 1872 3639 3455 3719">
    <p class='ocr_par' dir='ltr' id='par_1_89' title="bbox 1872 3639 3455 3719">
     <span class='ocr_line' id='line_1_89' title="bbox 1872 3639 3455 3719; baseline 0.006 -27"><span class='ocrx_word' id='word_1_661' title='bbox 1872 3641 2078 3692; x_wconf 79' lang='lat' dir='ltr'><strong>radiso.</strong></span> <span class='ocrx_word' id='word_1_662' title='bbox 2115 3639 2253 3694; x_wconf 81' lang='lat' dir='ltr'><strong>Cum</strong></span> <span class='ocrx_word' id='word_1_663' title='bbox 2288 3639 2403 3693; x_wconf 70' lang='lat' dir='ltr'><strong>hmc</strong></span> <span class='ocrx_word' id='word_1_664' title='bbox 2440 3655 2471 3694; x_wconf 89' lang='lat' dir='ltr'><strong>a</strong></span> <span class='ocrx_word' id='word_1_665' title='bbox 2507 3639 2748 3697; x_wconf 90' lang='lat' dir='ltr'><strong>Domino</strong></span> <span class='ocrx_word' id='word_1_666' title='bbox 2779 3643 3090 3700; x_wconf 89' lang='lat' dir='ltr'><strong>audivisset</strong></span> <span class='ocrx_word' id='word_1_667' title='bbox 3123 3656 3352 3719; x_wconf 86' lang='lat' dir='ltr'><strong>martyr,</strong></span> <span class='ocrx_word' id='word_1_668' title='bbox 3388 3648 3455 3702; x_wconf 81' lang='lat' dir='ltr'><strong>ti-</strong></span> 
     </span>
    </p>
   </div>
   <div class='ocr_carea' id='block_1_90' title="bbox 1861 3733 3455 3804">
    <p class='ocr_par' dir='ltr' id='par_1_90' title="bbox 1861 3733 3455 3804">
     <span class='ocr_line' id='line_1_90' title="bbox 1861 3733 3455 3804; baseline 0.006 -18"><span class='ocrx_word' id='word_1_669' title='bbox 1861 3733 2035 3792; x_wconf 86' lang='lat' dir='ltr'><strong>_ducia</strong></span> <span class='ocrx_word' id='word_1_670' title='bbox 2073 3733 2316 3802; x_wconf 82' lang='lat' dir='ltr'><strong>repletus</strong></span> <span class='ocrx_word' id='word_1_671' title='bbox 2353 3741 2441 3789; x_wconf 91' lang='lat' dir='ltr'><strong>est</strong></span> <span class='ocrx_word' id='word_1_672' title='bbox 2465 3775 2480 3800; x_wconf 93' lang='lat'><strong>,</strong></span> <span class='ocrx_word' id='word_1_673' title='bbox 2513 3745 2568 3788; x_wconf 89' lang='lat' dir='ltr'><strong>et</strong></span> <span class='ocrx_word' id='word_1_674' title='bbox 2604 3749 2702 3804; x_wconf 88' lang='lat' dir='ltr'><strong>per</strong></span> <span class='ocrx_word' id='word_1_675' title='bbox 2739 3735 3012 3804; x_wconf 82' lang='lat' dir='ltr'><strong>integram</strong></span> <span class='ocrx_word' id='word_1_676' title='bbox 3069 3749 3291 3794; x_wconf 86' lang='lat' dir='ltr'><strong>noctem</strong></span> <span class='ocrx_word' id='word_1_677' title='bbox 3343 3739 3455 3796; x_wconf 90' lang='lat' dir='ltr'><strong>Deo</strong></span> 
     </span>
    </p>
   </div>
   <div class='ocr_carea' id='block_1_91' title="bbox 1873 3827 3456 3894">
    <p class='ocr_par' dir='ltr' id='par_1_91' title="bbox 1873 3827 3456 3894">
     <span class='ocr_line' id='line_1_91' title="bbox 1873 3827 3456 3894; baseline 0.004 -12"><span class='ocrx_word' id='word_1_678' title='bbox 1873 3827 2088 3882; x_wconf 89' lang='lat' dir='ltr'><strong>laudem</strong></span> <span class='ocrx_word' id='word_1_679' title='bbox 2122 3833 2178 3880; x_wconf 93' lang='lat' dir='ltr'><strong>et</strong></span> <span class='ocrx_word' id='word_1_680' title='bbox 2215 3827 2525 3894; x_wconf 77' lang='lat' dir='ltr'><strong>gratiarum</strong></span> <span class='ocrx_word' id='word_1_681' title='bbox 2573 3829 2848 3882; x_wconf 87' lang='lat' dir='ltr'><strong>actionem</strong></span> <span class='ocrx_word' id='word_1_682' title='bbox 2895 3829 3114 3884; x_wconf 91' lang='lat' dir='ltr'><strong>tribuit.</strong></span> <span class='ocrx_word' id='word_1_683' title='bbox 3161 3831 3456 3888; x_wconf 85' lang='lat' dir='ltr'><strong>Convaluit</strong></span> 
     </span>
    </p>
   </div>
   <div class='ocr_carea' id='block_1_92' title="bbox 1873 3918 3458 3995">
    <p class='ocr_par' dir='ltr' id='par_1_92' title="bbox 1873 3918 3458 3995">
     <span class='ocr_line' id='line_1_92' title="bbox 1873 3918 3458 3995; baseline 0.006 -25"><span class='ocrx_word' id='word_1_684' title='bbox 1873 3934 1901 3970; x_wconf 93' lang='lat' dir='ltr'><strong>a</strong></span> <span class='ocrx_word' id='word_1_685' title='bbox 1933 3918 2107 3987; x_wconf 79' lang='lat' dir='ltr'><strong>plagis</strong></span> <span class='ocrx_word' id='word_1_686' title='bbox 2145 3927 2200 3972; x_wconf 90' lang='lat' dir='ltr'><strong>ct</strong></span> <span class='ocrx_word' id='word_1_687' title='bbox 2229 3919 2558 3973; x_wconf 83' lang='lat' dir='ltr'><strong>vulneribus</strong></span> <span class='ocrx_word' id='word_1_688' title='bbox 2592 3920 2712 3975; x_wconf 90' lang='lat' dir='ltr'><strong>suis</strong></span> <span class='ocrx_word' id='word_1_689' title='bbox 2736 3961 2749 3984; x_wconf 87' lang='lat'><strong>,</strong></span> <span class='ocrx_word' id='word_1_690' title='bbox 2784 3920 2857 3974; x_wconf 89' lang='lat' dir='ltr'><strong>ita</strong></span> <span class='ocrx_word' id='word_1_691' title='bbox 2888 3931 2944 3975; x_wconf 93' lang='lat' dir='ltr'><strong>ut</strong></span> <span class='ocrx_word' id='word_1_692' title='bbox 2974 3938 3041 3977; x_wconf 90' lang='lat' dir='ltr'><strong>ne</strong></span> <span class='ocrx_word' id='word_1_693' title='bbox 3069 3923 3303 3979; x_wconf 81' lang='lat' dir='ltr'><strong>cicatrix</strong></span> <span class='ocrx_word' id='word_1_694' title='bbox 3334 3926 3458 3995; x_wconf 87' lang='lat' dir='ltr'><strong>qui-</strong></span> 
     </span>
    </p>
   </div>
   <div class='ocr_carea' id='block_1_93' title="bbox 1873 4009 3456 4082">
    <p class='ocr_par' dir='ltr' id='par_1_93' title="bbox 1873 4009 3456 4082">
     <span class='ocr_line' id='line_1_93' title="bbox 1873 4009 3456 4082; baseline 0.005 -20"><span class='ocrx_word' id='word_1_695' title='bbox 1873 4009 1994 4063; x_wconf 91' lang='lat' dir='ltr'><strong>dem</strong></span> <span class='ocrx_word' id='word_1_696' title='bbox 2034 4009 2086 4062; x_wconf 89' lang='lat' dir='ltr'><strong>in</strong></span> <span class='ocrx_word' id='word_1_697' title='bbox 2123 4018 2322 4062; x_wconf 87' lang='lat' dir='ltr'><strong>sancto</strong></span> <span class='ocrx_word' id='word_1_698' title='bbox 2354 4009 2478 4076; x_wconf 88' lang='lat' dir='ltr'><strong>ejus</strong></span> <span class='ocrx_word' id='word_1_699' title='bbox 2517 4024 2756 4079; x_wconf 89' lang='lat' dir='ltr'><strong>corpore</strong></span> <span class='ocrx_word' id='word_1_700' title='bbox 2791 4023 3104 4082; x_wconf 87' lang='lat' dir='ltr'><strong>appareret.</strong></span> <span class='ocrx_word' id='word_1_701' title='bbox 3145 4013 3456 4071; x_wconf 87' lang='lat' dir='ltr'><strong>Permansit</strong></span> 
     </span>
    </p>
   </div>
   <div class='ocr_carea' id='block_1_94' title="bbox 1873 4100 3458 4177">
    <p class='ocr_par' dir='ltr' id='par_1_94' title="bbox 1873 4100 3458 4177">
     <span class='ocr_line' id='line_1_94' title="bbox 1873 4100 3458 4177; baseline 0.009 -26"><span class='ocrx_word' id='word_1_702' title='bbox 1873 4108 2054 4152; x_wconf 71' lang='lat' dir='ltr'><strong>autem</strong></span> <span class='ocrx_word' id='word_1_703' title='bbox 2085 4100 2400 4170; x_wconf 86' lang='lat' dir='ltr'><strong>quindecim</strong></span> <span class='ocrx_word' id='word_1_704' title='bbox 2432 4101 2551 4156; x_wconf 85' lang='lat' dir='ltr'><strong>dies</strong></span> <span class='ocrx_word' id='word_1_705' title='bbox 2572 4140 2586 4163; x_wconf 90' lang='lat'><strong>,</strong></span> <span class='ocrx_word' id='word_1_706' title='bbox 2617 4104 2846 4156; x_wconf 87' lang='lat' dir='ltr'><strong>omnino</strong></span> <span class='ocrx_word' id='word_1_707' title='bbox 2878 4106 3012 4158; x_wconf 92' lang='lat' dir='ltr'><strong>nihil</strong></span> <span class='ocrx_word' id='word_1_708' title='bbox 3047 4114 3323 4177; x_wconf 80' lang='lat' dir='ltr'><strong>gustatis;</strong></span> <span class='ocrx_word' id='word_1_709' title='bbox 3355 4125 3458 4164; x_wconf 87' lang='lat' dir='ltr'><strong>nu-</strong></span> 
     </span>
    </p>
   </div>
   <div class='ocr_carea' id='block_1_95' title="bbox 1874 4191 3057 4266">
    <p class='ocr_par' dir='ltr' id='par_1_95' title="bbox 1874 4191 3057 4266">
     <span class='ocr_line' id='line_1_95' title="bbox 1874 4191 3057 4266; baseline 0.003 -20"><span class='ocrx_word' id='word_1_710' title='bbox 1874 4193 2146 4248; x_wconf 72' lang='lat' dir='ltr'><strong>triebatur</strong></span> <span class='ocrx_word' id='word_1_711' title='bbox 2181 4192 2327 4248; x_wconf 90' lang='lat' dir='ltr'><strong>enim</strong></span> <span class='ocrx_word' id='word_1_712' title='bbox 2364 4191 2608 4263; x_wconf 89' lang='lat' dir='ltr'><strong>Spiritus</strong></span> <span class='ocrx_word' id='word_1_713' title='bbox 2644 4197 2819 4250; x_wconf 86' lang='lat' dir='ltr'><strong>sancti</strong></span> <span class='ocrx_word' id='word_1_714' title='bbox 2858 4197 3057 4266; x_wconf 88' lang='lat' dir='ltr'><strong>gratia.</strong></span> 
     </span>
    </p>
   </div>
   <div class='ocr_carea' id='block_1_96' title="bbox 1949 4472 3458 4548">
    <p class='ocr_par' dir='ltr' id='par_1_96' title="bbox 1949 4472 3458 4548">
     <span class='ocr_line' id='line_1_96' title="bbox 1949 4472 3458 4548; baseline 0.006 -20"><span class='ocrx_word' id='word_1_715' title='bbox 1949 4475 2038 4528; x_wconf 79' lang='lat' dir='ltr'><strong>5i.</strong></span> <span class='ocrx_word' id='word_1_716' title='bbox 2079 4472 2338 4530; x_wconf 85' lang='lat' dir='ltr'><strong>Julianus</strong></span> <span class='ocrx_word' id='word_1_717' title='bbox 2390 4490 2521 4529; x_wconf 88' lang='lat' dir='ltr'><strong>vero</strong></span> <span class='ocrx_word' id='word_1_718' title='bbox 2557 4474 2623 4527; x_wconf 90' lang='lat' dir='ltr'><strong>ad</strong></span> <span class='ocrx_word' id='word_1_719' title='bbox 2667 4475 2994 4530; x_wconf 83' lang='lat' dir='ltr'><strong>suburhium</strong></span> <span class='ocrx_word' id='word_1_720' title='bbox 3038 4475 3316 4548; x_wconf 90' lang='lat' dir='ltr'><strong>Daphnem</strong></span> <span class='ocrx_word' id='word_1_721' title='bbox 3365 4495 3458 4536; x_wconf 85' lang='lat' dir='ltr'><strong>ve-</strong></span> 
     </span>
    </p>
   </div>
   <div class='ocr_carea' id='block_1_97' title="bbox 1878 4566 3457 4638">
    <p class='ocr_par' dir='ltr' id='par_1_97' title="bbox 1878 4566 3457 4638">
     <span class='ocr_line' id='line_1_97' title="bbox 1878 4566 3457 4638; baseline 0.004 -18"><span class='ocrx_word' id='word_1_722' title='bbox 1878 4574 2186 4628; x_wconf 77' lang='lat' dir='ltr'><strong>nerat,~ut</strong></span> <span class='ocrx_word' id='word_1_723' title='bbox 2234 4581 2399 4632; x_wconf 85' lang='lat' dir='ltr'><strong>supra</strong></span> <span class='ocrx_word' id='word_1_724' title='bbox 2457 4566 2707 4620; x_wconf 75' lang='lat' dir='ltr'><strong>diximus</strong></span> <span class='ocrx_word' id='word_1_725' title='bbox 2738 4607 2752 4629; x_wconf 88' lang='lat'><strong>,</strong></span> <span class='ocrx_word' id='word_1_726' title='bbox 2810 4569 3085 4623; x_wconf 82' lang='lat' dir='ltr'><strong>sacriﬁcia</strong></span> <span class='ocrx_word' id='word_1_727' title='bbox 3133 4586 3457 4638; x_wconf 73' lang='lat' dir='ltr'><strong>prmparans</strong></span> 
     </span>
    </p>
   </div>
   <div class='ocr_carea' id='block_1_98' title="bbox 1879 4656 3455 4732">
    <p class='ocr_par' dir='ltr' id='par_1_98' title="bbox 1879 4656 3455 4732">
     <span class='ocr_line' id='line_1_98' title="bbox 1879 4656 3455 4732; baseline 0.008 -23"><span class='ocrx_word' id='word_1_728' title='bbox 1879 4656 2156 4724; x_wconf 83' lang='lat' dir='ltr'><strong>Apollini,</strong></span> <span class='ocrx_word' id='word_1_729' title='bbox 2189 4671 2216 4706; x_wconf 91' lang='lat' dir='ltr'><strong>a</strong></span> <span class='ocrx_word' id='word_1_730' title='bbox 2251 4672 2359 4724; x_wconf 89' lang='lat' dir='ltr'><strong>quo</strong></span> <span class='ocrx_word' id='word_1_731' title='bbox 2388 4672 2659 4727; x_wconf 81' lang='lat' dir='ltr'><strong>responsa</strong></span> <span class='ocrx_word' id='word_1_732' title='bbox 2692 4674 2751 4712; x_wconf 84' lang='lat' dir='ltr'><strong>se</strong></span> <span class='ocrx_word' id='word_1_733' title='bbox 2783 4670 3145 4728; x_wconf 78' lang='lat' dir='ltr'><strong>accepturum</strong></span> <span class='ocrx_word' id='word_1_734' title='bbox 3176 4665 3455 4732; x_wconf 84' lang='lat' dir='ltr'><strong>sperabat.</strong></span> 
     </span>
    </p>
   </div>
   <div class='ocr_carea' id='block_1_99' title="bbox 1875 4746 3458 4817">
    <p class='ocr_par' dir='ltr' id='par_1_99' title="bbox 1875 4746 3458 4817">
     <span class='ocr_line' id='line_1_99' title="bbox 1875 4746 3458 4817; baseline 0.003 -15"><span class='ocrx_word' id='word_1_735' title='bbox 1875 4749 2051 4803; x_wconf 83' lang='lat' dir='ltr'><strong>Porro</strong></span> <span class='ocrx_word' id='word_1_736' title='bbox 2085 4746 2311 4816; x_wconf 88' lang='lat' dir='ltr'><strong>Daphne</strong></span> <span class='ocrx_word' id='word_1_737' title='bbox 2347 4748 2679 4800; x_wconf 79' lang='lat' dir='ltr'><strong>suhurhiuui</strong></span> <span class='ocrx_word' id='word_1_738' title='bbox 2715 4757 2802 4802; x_wconf 89' lang='lat' dir='ltr'><strong>cst</strong></span> <span class='ocrx_word' id='word_1_739' title='bbox 2836 4752 3178 4817; x_wconf 65' lang='lat' dir='ltr'><strong>Antiochiae,</strong></span> <span class='ocrx_word' id='word_1_740' title='bbox 3217 4755 3272 4808; x_wconf 90' lang='lat' dir='ltr'><strong>in</strong></span> <span class='ocrx_word' id='word_1_741' title='bbox 3307 4756 3458 4809; x_wconf 85' lang='lat' dir='ltr'><strong>edito</strong></span> 
     </span>
    </p>
   </div>
   <div class='ocr_carea' id='block_1_100' title="bbox 1876 4837 3457 4910">
    <p class='ocr_par' dir='ltr' id='par_1_100' title="bbox 1876 4837 3457 4910">
     <span class='ocr_line' id='line_1_100' title="bbox 1876 4837 3457 4910; baseline 0.004 -19"><span class='ocrx_word' id='word_1_742' title='bbox 1876 4839 2043 4907; x_wconf 80' lang='lat' dir='ltr'><strong>hujus</strong></span> <span class='ocrx_word' id='word_1_743' title='bbox 2095 4837 2342 4891; x_wconf 84' lang='lat' dir='ltr'><strong>civitatis</strong></span> <span class='ocrx_word' id='word_1_744' title='bbox 2395 4837 2518 4890; x_wconf 91' lang='lat' dir='ltr'><strong>loco</strong></span> <span class='ocrx_word' id='word_1_745' title='bbox 2569 4839 2773 4904; x_wconf 87' lang='lat' dir='ltr'><strong>situm,</strong></span> <span class='ocrx_word' id='word_1_746' title='bbox 2831 4841 3092 4909; x_wconf 87' lang='lat' dir='ltr'><strong>omnique</strong></span> <span class='ocrx_word' id='word_1_747' title='bbox 3142 4841 3457 4910; x_wconf 87' lang='lat' dir='ltr'><strong>plantarum</strong></span> 
     </span>
    </p>
   </div>
   <div class='ocr_carea' id='block_1_101' title="bbox 1875 4927 3458 4997">
    <p class='ocr_par' dir='ltr' id='par_1_101' title="bbox 1875 4927 3458 4997">
     <span class='ocr_line' id='line_1_101' title="bbox 1875 4927 3458 4997; baseline 0.005 -18"><span class='ocrx_word' id='word_1_748' title='bbox 1875 4927 2145 4981; x_wconf 82' lang='lat' dir='ltr'><strong>varietate</strong></span> <span class='ocrx_word' id='word_1_749' title='bbox 2177 4927 2570 4980; x_wconf 81' lang='lat' dir='ltr'><strong>obumbratum</strong></span> <span class='ocrx_word' id='word_1_750' title='bbox 2599 4967 2612 4986; x_wconf 85' lang='lat'><strong>.</strong></span> <span class='ocrx_word' id='word_1_751' title='bbox 2653 4935 2845 4994; x_wconf 88' lang='lat' dir='ltr'><strong>utpote</strong></span> <span class='ocrx_word' id='word_1_752' title='bbox 2880 4931 3025 4997; x_wconf 91' lang='lat' dir='ltr'><strong>quod</strong></span> <span class='ocrx_word' id='word_1_753' title='bbox 3066 4929 3357 4986; x_wconf 82' lang='lat' dir='ltr'><strong>frondibus</strong></span> <span class='ocrx_word' id='word_1_754' title='bbox 3394 4948 3458 4987; x_wconf 85' lang='lat' dir='ltr'><strong>ac</strong></span> 
     </span>
    </p>
   </div>
   <div class='ocr_carea' id='block_1_102' title="bbox 1877 5015 3457 5082">
    <p class='ocr_par' dir='ltr' id='par_1_102' title="bbox 1877 5015 3457 5082">
     <span class='ocr_line' id='line_1_102' title="bbox 1877 5015 3457 5082; baseline 0.002 -10"><span class='ocrx_word' id='word_1_755' title='bbox 1877 5017 2154 5073; x_wconf 81' lang='lat' dir='ltr'><strong>fructibus</strong></span> <span class='ocrx_word' id='word_1_756' title='bbox 2203 5017 2488 5071; x_wconf 88' lang='lat' dir='ltr'><strong>exuberet.</strong></span> <span class='ocrx_word' id='word_1_757' title='bbox 2534 5015 2655 5082; x_wconf 87' lang='lat' dir='ltr'><strong>Quo</strong></span> <span class='ocrx_word' id='word_1_758' title='bbox 2711 5019 2762 5072; x_wconf 93' lang='lat' dir='ltr'><strong>in</strong></span> <span class='ocrx_word' id='word_1_759' title='bbox 2816 5020 2939 5073; x_wconf 91' lang='lat' dir='ltr'><strong>loco</strong></span> <span class='ocrx_word' id='word_1_760' title='bbox 2971 5021 3254 5074; x_wconf 88' lang='lat' dir='ltr'><strong>variarum</strong></span> <span class='ocrx_word' id='word_1_761' title='bbox 3289 5023 3457 5077; x_wconf 90' lang='lat' dir='ltr'><strong>arbo-</strong></span> 
     </span>
    </p>
   </div>
   <div class='ocr_carea' id='block_1_103' title="bbox 1874 5112 3455 5181">
    <p class='ocr_par' dir='ltr' id='par_1_103' title="bbox 1874 5112 3455 5181">
     <span class='ocr_line' id='line_1_103' title="bbox 1874 5112 3455 5181; baseline 0.004 -16"><span class='ocrx_word' id='word_1_762' title='bbox 1874 5126 2040 5173; x_wconf 77' lang='lat' dir='ltr'><strong>rum,</strong></span> <span class='ocrx_word' id='word_1_763' title='bbox 2104 5112 2408 5180; x_wconf 69' lang='lat' dir='ltr'><strong>prmsortim</strong></span> <span class='ocrx_word' id='word_1_764' title='bbox 2469 5125 2603 5164; x_wconf 81' lang='lat' dir='ltr'><strong>vero</strong></span> <span class='ocrx_word' id='word_1_765' title='bbox 2661 5125 3055 5181; x_wconf 86' lang='lat' dir='ltr'><strong>cupressorum</strong></span> <span class='ocrx_word' id='word_1_766' title='bbox 3089 5153 3106 5179; x_wconf 87' lang='lat'><strong>,</strong></span> <span class='ocrx_word' id='word_1_767' title='bbox 3165 5114 3455 5172; x_wconf 83' lang='lat' dir='ltr'><strong>innumera</strong></span> 
     </span>
    </p>
   </div>
   <div class='ocr_carea' id='block_1_104' title="bbox 1873 5203 3458 5274">
    <p class='ocr_par' dir='ltr' id='par_1_104' title="bbox 1873 5203 3458 5274">
     <span class='ocr_line' id='line_1_104' title="bbox 1873 5203 3458 5274; baseline 0.003 -16"><span class='ocrx_word' id='word_1_768' title='bbox 1873 5206 2118 5274; x_wconf 86' lang='lat' dir='ltr'><strong>plautata</strong></span> <span class='ocrx_word' id='word_1_769' title='bbox 2156 5211 2243 5257; x_wconf 81' lang='lat' dir='ltr'><strong>est</strong></span> <span class='ocrx_word' id='word_1_770' title='bbox 2285 5203 2501 5257; x_wconf 81' lang='lat' dir='ltr'><strong>multiln</strong></span> <span class='ocrx_word' id='word_1_771' title='bbox 2527 5207 2611 5255; x_wconf 71' lang='grc' dir='ltr'>ιι».</span> <span class='ocrx_word' id='word_1_772' title='bbox 2661 5205 3120 5273; x_wconf 80' lang='lat' dir='ltr'><strong>pulchritudine,</strong></span> <span class='ocrx_word' id='word_1_773' title='bbox 3161 5206 3458 5262; x_wconf 82' lang='lat' dir='ltr'><strong>altitudine</strong></span> 
     </span>
    </p>
   </div>
   <div class='ocr_carea' id='block_1_105' title="bbox 1874 5293 3458 5367">
    <p class='ocr_par' dir='ltr' id='par_1_105' title="bbox 1874 5293 3458 5367">
     <span class='ocr_line' id='line_1_105' title="bbox 1874 5293 3458 5367; baseline 0.001 -16"><span class='ocrx_word' id='word_1_774' title='bbox 1874 5303 1930 5351; x_wconf 89' lang='lat' dir='ltr'><strong>et</strong></span> <span class='ocrx_word' id='word_1_775' title='bbox 1985 5293 2369 5364; x_wconf 85' lang='lat' dir='ltr'><strong>magnitudine</strong></span> <span class='ocrx_word' id='word_1_776' title='bbox 2418 5294 2904 5363; x_wconf 85' lang='lat' dir='ltr'><strong>incomparabilis.</strong></span> <span class='ocrx_word' id='word_1_777' title='bbox 2953 5294 3192 5351; x_wconf 85' lang='lat' dir='ltr'><strong>Fluenta</strong></span> <span class='ocrx_word' id='word_1_778' title='bbox 3237 5311 3458 5367; x_wconf 87' lang='lat' dir='ltr'><strong>quoque</strong></span> 
     </span>
    </p>
   </div>
   <div class='ocr_carea' id='block_1_106' title="bbox 1875 5385 3456 5455">
    <p class='ocr_par' dir='ltr' id='par_1_106' title="bbox 1875 5385 3456 5455">
     <span class='ocr_line' id='line_1_106' title="bbox 1875 5385 3456 5455; baseline 0 -16"><span class='ocrx_word' id='word_1_779' title='bbox 1875 5385 2304 5454; x_wconf 87' lang='lat' dir='ltr'><strong>poculentarum</strong></span> <span class='ocrx_word' id='word_1_780' title='bbox 2340 5398 2610 5453; x_wconf 87' lang='lat' dir='ltr'><strong>aquarum</strong></span> <span class='ocrx_word' id='word_1_781' title='bbox 2663 5386 2716 5437; x_wconf 90' lang='lat' dir='ltr'><strong>in</strong></span> <span class='ocrx_word' id='word_1_782' title='bbox 2771 5399 2987 5440; x_wconf 82' lang='lat' dir='ltr'><strong>omnem</strong></span> <span class='ocrx_word' id='word_1_783' title='bbox 3047 5396 3258 5455; x_wconf 87' lang='lat' dir='ltr'><strong>partem</strong></span> <span class='ocrx_word' id='word_1_784' title='bbox 3315 5386 3456 5440; x_wconf 90' lang='lat' dir='ltr'><strong>dila-</strong></span> 
     </span>
    </p>
   </div>
   <div class='ocr_carea' id='block_1_107' title="bbox 1869 5475 3449 5544">
    <p class='ocr_par' dir='ltr' id='par_1_107' title="bbox 1869 5475 3449 5544">
     <span class='ocr_line' id='line_1_107' title="bbox 1869 5475 3449 5544; baseline 0.001 -11"><span class='ocrx_word' id='word_1_785' title='bbox 1869 5477 2098 5544; x_wconf 87' lang='lat' dir='ltr'><strong>buntur,</strong></span> <span class='ocrx_word' id='word_1_786' title='bbox 2149 5475 2592 5533; x_wconf 77' lang='lat' dir='ltr'><strong>scaturientibus</strong></span> <span class='ocrx_word' id='word_1_787' title='bbox 2641 5476 2842 5532; x_wconf 88' lang='lat' dir='ltr'><strong>ibidem</strong></span> <span class='ocrx_word' id='word_1_788' title='bbox 2876 5477 3134 5534; x_wconf 77' lang='lat' dir='ltr'><strong>maximis</strong></span> <span class='ocrx_word' id='word_1_789' title='bbox 3168 5477 3449 5544; x_wconf 81' lang='lat' dir='ltr'><strong>fontibus,</strong></span> 
     </span>
    </p>
   </div>
   <div class='ocr_carea' id='block_1_108' title="bbox 1713 5716 1942 5777">
    <p class='ocr_par' dir='ltr' id='par_1_108' title="bbox 1713 5716 1942 5777">
     <span class='ocr_line' id='line_1_108' title="bbox 1713 5716 1942 5777; baseline 0.013 -3"><span class='ocrx_word' id='word_1_790' title='bbox 1713 5716 1942 5777; x_wconf 70' lang='grc' dir='ltr'><strong>ΝΟΤΕ.</strong></span> 
     </span>
    </p>
   </div>
   <div class='ocr_carea' id='block_1_109' title="bbox 258 5808 1368 5886">
    <p class='ocr_par' dir='ltr' id='par_1_109' title="bbox 258 5808 1368 5886">
     <span class='ocr_line' id='line_1_109' title="bbox 258 5808 1368 5886; baseline 0.023 -23"><span class='ocrx_word' id='word_1_791' title='bbox 258 5808 376 5882; x_wconf 81' lang='lat' dir='ltr'><strong>(l8)</strong></span> <span class='ocrx_word' id='word_1_792' title='bbox 409 5808 700 5870; x_wconf 70' lang='lat' dir='ltr'><strong>Alluditad</strong></span> <span class='ocrx_word' id='word_1_793' title='bbox 728 5811 913 5874; x_wconf 82' lang='lat' dir='ltr'><strong>locum</strong></span> <span class='ocrx_word' id='word_1_794' title='bbox 939 5810 1130 5886; x_wconf 83' lang='lat' dir='ltr'><strong>Josuc,</strong></span> <span class='ocrx_word' id='word_1_795' title='bbox 1164 5825 1285 5886; x_wconf 60' lang='grc' dir='ltr'><strong>τευ,</strong></span> <span class='ocrx_word' id='word_1_796' title='bbox 1319 5812 1368 5869; x_wconf 54' lang='grc' dir='ltr'>ιη</span> 
     </span>
    </p>
   </div>
  </div>
