4112 6448
138 395 263 461 1305

1363 397 1424 459 S.
1466 398 1792 459 ARTEMII
1848 398 2129 459 PASSIO.

3231 400 3369 468 1306

133 509 193 577 τῇ
223 504 383 559 πάλαι
413 504 512 574 μὲν
542 501 852 575 Σαμαρείᾳ,
881 500 977 555 νῦν
1008 502 1066 556 δὲ
1113 503 1261 573 παρὰ
1295 504 1534 574 Ἡρώδου
1573 523 1689 559 κτι-

1793 514 1845 560 et
1869 504 2098 559 Joannis
2124 503 2385 575 Baptista:
2411 505 2655 562 eloculis
2680 512 2858 576 rapta,
2884 514 2937 562 et
2955 506 3367 565 immundorum

134 596 309 666 σθείσῃ
326 596 420 648 καὶ
451 593 696 664 Σεϐαστῇ
728 592 1109 666 ἐπικληθείσῃ,
1166 594 1232 646 τὰ
1259 595 1391 647 ὀστᾶ
1435 596 1526 647 τοῦ
1558 611 1691 664 προ-

133 688 289 757 φήτου
334 685 637 739 Ἐλισσαίου
677 684 770 737 καὶ
824 682 918 737 τοῦ
972 683 1279 737 Βαπτίστου
1317 685 1564 738 Ἰωάννου
1627 688 1691 737 ἐκ

132 775 231 829 τῶν
276 775 457 847 θηκῶν
512 774 893 843 ἐξαγαγόντες,
932 775 1027 827 καὶ
1096 774 1306 843 ἀλόγων
1361 775 1690 844 ἀκαθάρτων

130 867 325 929 ὀστέοις
400 865 805 937 προσμίξαντες
860 866 1229 930 κατέκαυσαν,
1272 869 1366 921 καὶ
1402 866 1500 937 τὴν
1542 868 1691 921 κόνιν

131 962 206 1022 είς
227 960 312 1012 τὸν
329 958 467 1028 ἀέρα
485 958 788 1029 ἐλίκμησαν
802 973 816 988 ο
837 958 927 1011 τὸν
942 958 999 1011 δὲ
1013 958 1108 1011 τοῦ
1130 958 1378 1029 Σωτῆρος
1400 959 1693 1029 ἀνδριάντα

129 1051 185 1104 ἐν
197 1049 418 1104 Πανέαδι
437 1052 503 1119 τῇ
520 1050 673 1103 πόλει
691 1049 827 1119 πρὸς
849 1049 947 1119 τῆς
963 1050 1408 1122 αἱμορροησάσης
1434 1052 1693 1120 γυναικὸς

130 1141 634 1197 κατασκευασθέντα
694 1142 1150 1213 μεγαλοπρεπῶς,
1183 1144 1251 1214 ἥν
1286 1145 1313 1197 ὁ
1347 1143 1582 1213 Χριστὸς
1613 1145 1693 1198 ἰά-

132 1255 275 1306 σατο,
301 1240 394 1293 καὶ
424 1240 740 1311 ἱδρυνθέντα
779 1241 837 1293 ἐν
865 1241 1121 1311 ἐπισήμῳ
1152 1241 1252 1310 τῆς
1289 1240 1497 1303 πόλεως
1519 1240 1689 1309 τόπῳ,

128 1332 185 1384 ὃν
207 1332 339 1401 μετὰ
365 1332 552 1403 χρόνον
580 1332 911 1398 γνωσθέντα,
945 1336 1010 1386 ἐκ
1050 1336 1150 1404 τῆς
1187 1334 1379 1387 αὐτόθι
1416 1334 1694 1405 φυομένης

130 1424 349 1495 βοτάνης
389 1424 481 1479 τοῦ
514 1424 812 1495 θαύματος,
869 1428 918 1479 οἱ
956 1427 1273 1497 Χριστιανοὶ
1311 1426 1600 1498 ἀράμενοι,
1635 1428 1693 1479 ἐν

126 1516 202 1585 τῷ
241 1518 338 1586 τῆς
383 1518 682 1588 ἐκκλησίας
731 1518 1025 1587 διακονικῷ
1095 1519 1352 1590 ἔστησαν,
1410 1519 1600 1573 τοῦτον
1642 1521 1692 1572 οι

128 1608 381 1679 ’Έλληνες
422 1614 895 1675 κατασπάσαντες,
952 1612 1060 1664 κάκ
1106 1611 1214 1664 τῶν
1246 1612 1424 1665 ποδῶν
1450 1611 1694 1681 σχοίνους

124 1699 446 1769 ἐξάψαντες,
478 1702 679 1772 ἔσυραν
741 1704 833 1754 ἐπὶ
884 1702 985 1771 τῆς
1024 1702 1261 1773 ἀγορᾶς·
1294 1703 1401 1767 ἕως
1442 1697 1503 1756 οὗ
1552 1702 1694 1756 κατὰ

128 1793 316 1861 μικρὸν
334 1791 800 1863 ἀποθραυόμενος,
819 1792 1117 1864 ἠφανίσθη,
1148 1794 1316 1863 μόνης
1338 1796 1434 1865 τῆς
1451 1794 1693 1864 κεφαλῆς

1793 596 2081 651 hrutorum
2116 597 2337 651 ossibus
2370 599 2630 666 permista
2659 601 3107 665 cotnbusserunt,
3141 615 3366 655 eorum-

1791 701 1900 756 que
1928 686 2147 741 cineres
2172 687 2226 739 in
2263 701 2446 740 aerem
2486 688 2850 741 ventilarunt.
2877 688 3192 746 'Salvatoris
3222 706 3368 760 quo-

1793 794 1899 848 que
1931 787 2169 833 statuam
2224 781 2277 833 itt
2318 780 2543 834 civitate
2578 780 2830 835 Paneatle
2875 797 2903 833 a
2963 784 3211 849 muliere,
3245 799 3369 854 quae

1794 871 2079 942 sanguinis
2114 872 2380 940 proﬂuvio
2416 874 2740 938 laborabat,
2777 881 2830 926 et
2864 891 2891 926 a
2922 875 3144 929 Christo
3174 886 3367 929 sanata

1794 963 1995 1027 fuerat,
2034 966 2318 1034 tuagnilice
2361 975 2627 1031 erectam,
2673 976 2728 1020 ct
2763 966 2817 1020 itt
2881 968 3082 1038 insigni
3122 968 3370 1023 civitatis

1794 1055 1915 1110 loco
1955 1055 2212 1124 positam,
2242 1072 2519 1127 quamque
2568 1067 2693 1128 post
2721 1066 2936 1128 tempus
2981 1075 3046 1113 ex
3099 1059 3367 1113 miraculo

1796 1148 1909 1203 illic
1949 1149 2315 1217 germinantis
2354 1149 2538 1204 herba:
2580 1152 2855 1220 cognitam
2892 1151 3195 1207 Christiani
3226 1155 3369 1207 tule-

1793 1250 1918 1294 rant
1941 1249 1996 1294 et
2025 1241 2078 1293 itt
2116 1241 2471 1295 diaconicutu
2505 1241 2617 1310 (20)
2664 1251 3006 1309 posuerant:
3042 1245 3188 1298 illam
3235 1260 3369 1313 gen-

1796 1332 1921 1387 tiles
1989 1332 2338 1400 dejecerunt,
2397 1345 2451 1388 et
2496 1336 2719 1392 funibus
2776 1337 2842 1389 ad
2906 1336 3073 1407 pedes
3131 1337 3367 1407 alligatis

1794 1431 2085 1477 traxerunt
2135 1439 2233 1494 per
2284 1424 2499 1489 lorum;
2543 1425 2719 1479 donec
2774 1427 3056 1480 confracta
3106 1427 3369 1497 paulatim

1796 1512 1973 1567 deleta
2022 1522 2128 1579 est,
2168 1515 2287 1568 solo
2320 1516 2515 1568 relicto
2564 1517 2779 1585 capite,
2837 1517 2981 1585 quod
3042 1532 3071 1569 a
3103 1517 3368 1586 quodam,

1796 1606 2092 1674 gentilibus
2132 1608 2626 1673 tumultuantibus,
2666 1609 2945 1663 sublatum
2984 1609 3103 1665 fuit.
3145 1612 3369 1664 Interim

1796 1698 2029 1767 gentiles
2081 1699 2402 1767 hlasphema
2455 1709 2507 1753 et
2550 1700 2926 1755 abominanda
2966 1703 3018 1755 in
3078 1701 3369 1756 Dominqu

1800 1798 2053 1843 nostrum
2083 1788 2271 1844 Jesum
2295 1791 2576 1846 Christum
2603 1792 2977 1858 elTundcbanl,
2998 1795 3177 1864 qualia
3209 1810 3371 1850 nemo

124 1885 575 1955 καταλειφθείσης
627 1888 720 1939 καὶ
768 1885 1114 1957 ἁρπαγείσης
1165 1887 1270 1940 ὑπό
1312 1904 1458 1950 τινος
1510 1889 1568 1941 ἐν
1618 1885 1689 1956 τῷ

1801 1897 2043 1950 unquam
2080 1884 2242 1935 homo
2274 1883 2509 1937 audivit.

122 1977 463 2049 θορυϐεῖσθαι
484 1983 612 2042 τοὺς
654 1979 941 2051 Ἕλληνας,

1017 1978 1326 2035 λαλούντων
1404 1981 1586 2035 αὐτῶν
1656 1980 1954 2051 βλάσφημα
2019 1976 2114 2030 καὶ
2164 1977 2519 2048 ἀπηχέστατα
2589 1978 2811 2049 ῥήματα
2868 1981 2947 2043 εἰς
3013 1980 3104 2033 τὸν
3164 1980 3369 2051 Κύριον

121 2072 275 2144 ἡμῶν
308 2074 513 2144 Ἰησοῦν
545 2074 801 2144 Χριστὸν,
841 2076 878 2128 ἃ.
919 2075 992 2146 μή
1024 2093 1107 2139 τις
1150 2075 1454 2145 ἀνθρώπων
1486 2077 1687 2145 ῆκουσε
1727 2072 1971 2126 πώποτε.

193 2213 290 2277 νη’.
312 2207 483 2270 Αὐτὸς
506 2207 564 2261 δὲ
592 2208 621 2260 ό
655 2208 1019 2272 ἀσεϐέστατος
1066 2210 1160 2263 καὶ
1200 2209 1416 2263 πάντων
1452 2225 1695 2280 παρανο-

124 2301 363 2372 μώτατος
441 2302 725 2365 Ἰουλιανὸς
780 2302 1079 2369 ὴγαλλιᾶτο
1130 2304 1222 2355 καὶ
1270 2302 1523 2372 ἔχαιρεν,
1598 2303 1693 2356 καὶ

118 2393 362 2463 γαυριῶν
383 2393 475 2445 ἐπὶ
500 2394 733 2456 τούτοις.
804 2394 1060 2447 ἐκέλευσε
1095 2396 1189 2447 καὶ
1239 2394 1331 2447 τὸν
1358 2396 1416 2447 ἐν
1471 2393 1695 2466 Ἱεροσου

117 2485 309 2555 λύμοις
366 2486 493 2539 ναὸν
539 2486 649 2538 τῶν
687 2485 959 2540 Ἰουδαίων
1000 2486 1149 2558 [5861
1186 2488 1410 2558 ἁνιστᾷν
1447 2488 1525 2557 (d)
1554 2505 1566 2517 '
1595 2488 1692 2541 καὶ

116 2579 244 2641 τοὺς
272 2579 632 2647 Χριστιανοὺς
674 2578 775 2648 τῆς
830 2578 1038 2642 πόλεως
1090 2578 1358 2639 ἐκϐαλὼν.
1416 2582 1527 2643 τοῖς
1564 2579 1690 2633 Ἰουο

116 2669 287 2731 δαίοις
342 2667 509 2721 ἔδωκε
542 2670 816 2723 κατοικεῖν
844 2708 857 2731 ,
894 2668 1225 2734 ἀποστείλας
1263 2669 1516 2723 Ἀλύπιόν
1568 2687 1691 2724 τινα

115 2760 214 2813 τοῦ
240 2760 377 2829 μετά
412 2761 651 2829 σπουδῆς
680 2762 774 2814 τὸν
798 2762 925 2815 ναὸν
951 2762 1498 2831 ἁνοικοδομήσασθαι.
1517 2762 1692 2825 Αὐτὸς

114 2851 178 2903 δὲ
208 2850 544 2921 προκαθίσας
591 2853 682 2903 ἐπὶ
736 2852 830 2904 τοῦ
889 2852 1133 2921 βήματος
1164 2853 1220 2904 ἐν
1263 2855 1328 2922 τῇ
1380 2852 1688 2923 καλουμένῃ

115 2944 404 3014 Βασιλικῇ,
445 2943 697 2997 ἐκέλευσε
771 2942 1147 3014 προσαχθῆναι
1218 2943 1307 2996 τὸν
1374 2945 1629 3015 μάρτυρα
1669 2957 1685 2973 ο

114 3037 514 3108 προσαχθέντος
545 3036 601 3089 δέ
627 3035 723 3089 τοῦ
788 3037 967 3103 ἁγίου,
1003 3037 1107 3106 ἔφη
1161 3037 1301 3107 πρὸς
1328 3038 1513 3102 αὑτὸν,
1544 3038 1688 3091 Πάν-

111 3145 224 3190 τως
267 3129 506 3198 ἤκουσας
548 3129 642 3179 καὶ
701 3126 898 3191 αὐτὸς,
935 3126 1263 3179 ἀσεϐέστατε
1309 3128 1583 3199 ’Δρτέμιε,
1625 3129 1687 3182 τὸ

112 3219 371 3290 τόλμημα
420 3217 527 3271 τῶν
579 3216 791 3271 ἀσεϐῶν
848 3216 993 3271 κατά
1020 3218 1078 3270 σέ
1109 3217 1491 3289 Χριστιανῶν,
1548 3220 1686 3287 ὅπερ

1865 2204 1953 2259 58.
1993 2205 2112 2275 Ipse
2152 2214 2339 2259 autem
2394 2206 2762 2275 impiissimtts
2800 2217 2965 2276 atque
2996 2207 3241 2262 omnium
3273 2208 3372 2263 lto-

1793 2299 2000 2351 mitium
2024 2298 2485 2353 sceleratissimus
2508 2297 2781 2365 Julianus,
2809 2300 3010 2369 gaudio
3033 2302 3369 2366 exsultabat,

1792 2400 1847 2443 et
1881 2392 2232 2459 arrogantior
2264 2390 2446 2445 factus
2476 2408 2542 2446 ex
2579 2393 2667 2457 iis,
2698 2393 2993 2463 imperavit
3030 2398 3193 2450 etiam
3229 2405 3368 2452 tem-

1794 2482 1941 2550 plum
1973 2480 2310 2544 Judznorum,
2348 2485 2496 2551 quod
2535 2493 2654 2537 erat
2698 2486 3123 2558 Ilicrosolymis,
3171 2490 3366 2543 retudi-

1796 2574 1983 2639 ﬁcari;
2019 2574 2324 2643 eiectisque
2354 2590 2385 2629 e
2432 2575 2654 2631 civitate
2706 2577 3076 2643 Christianis,
3120 2581 3368 2635 eamdem

1790 2664 1998 2720 Judtcis
2058 2667 2285 2721 tradidit
2354 2667 2750 2736 habitandam,
2801 2681 2856 2726 et
2912 2674 3063 2728 misit
3127 2674 3369 2745 Alipium

1792 2756 2107 2826 quemdam,
2140 2758 2234 2825 qui
2271 2758 2460 2827 templi
2490 2762 2951 2816 restaurationem
2979 2774 3215 2834 urgeret.
3253 2766 3371 2835 Ipse

1794 2862 1947 2909 vero,
1981 2848 2180 2902 sedens
2222 2865 2323 2918 pro
2355 2851 2619 2905 tribunali
2655 2852 2710 2906 in
2744 2854 2865 2910 loco
2904 2857 2992 2909 cui
3036 2872 3232 2912 nomen
3269 2858 3373 2912 Ba-

1794 2939 1972 3004 silica,
2004 2940 2176 3007 jussit
2202 2956 2388 2995 coram
2426 2942 2549 2996 sisti
2591 2954 2911 3015 martyrem.
2946 2945 3224 3003 l‘roducto
3269 2965 3373 3004 an-

1795 3040 1901 3086 tem
1950 3043 2185 3087 saneto:
2238 3034 2425 3101 Certe,
2481 3037 2695 3103 inquit‘,
2745 3039 2953 3092 Artemi
3001 3040 3369 3111 impiissime,

1795 3131 1851 3177 ttt
1881 3140 2101 3194 quoque
2144 3126 2412 3181 audivisti
2458 3128 2641 3183 audax
2696 3128 2918 3186 facinus
2969 3133 3263 3202 impiorum
3305 3152 3372 3192 ac

1793 3214 1870 3267 ttti
1916 3215 2179 3270 similium
2220 3218 2669 3274 Christianorum
2705 3259 2721 3284 ,
2784 3224 2932 3292 quod
2980 3235 3271 3294 patrarunt
3315 3229 3371 3283 in

112 3309 377 3379 ἐποίησαν
409 3310 467 3360 ἐν
509 3309 694 3379 Δάφνῃ
715 3310 776 3361 ἐν
800 3308 879 3379 τῷ
900 3308 1012 3379 ναῷ
1064 3308 1158 3361 τοῦ
1208 3309 1452 3379 σωτῆρος
1493 3309 1687 3361 ’Λπόλ-

1792 3304 2036 3375 Daphne,
2069 3307 2124 3363 in
2174 3312 2377 3379 templo
2438 3314 2717 3383 Apollinis
2772 3319 3127 3374 servatoris:
3177 3336 3370 3389 quem-

112 3402 303 3464 λωνος,
337 3402 431 3452 καὶ
462 3399 535 3462 ὡς
556 3400 868 3470 ἐνέπρησαν
928 3400 1093 3453 αὑτοῦ
1133 3399 1226 3453 τὸν
1279 3400 1406 3454 ναὸν
1440 3401 1538 3453 σὺν
1583 3403 1695 3458 τοῖς

110 3493 481 3562 ἀναθήμασιν,
518 3494 612 3544 καὶ
640 3492 702 3544 τὸ
724 3492 994 3562 πάντιμον
1033 3494 1125 3545 καὶ
1181 3492 1498 3562 θαυμαστὸν
1523 3491 1692 3560 ἄγαλ-

116 3603 199 3656 μα
224 3584 555 3657 ἑξηφάνισαν
584 3602 597 3612 ·
636 3584 751 3638 ἀλλ’
781 3585 841 3638 οὑ
872 3586 1203 3655 χαρήσονται
1258 3585 1692 3650 ὲπιτωθάζοντες

112 3679 211 3733 καὶ
246 3677 598 3749 χλευάζοντες
628 3679 695 3731 τά
721 3679 994 3747 ἡμέτερα·
1036 3680 1146 3745 ἐγω
1178 3681 1287 3751 γὰρ
1327 3679 1567 3733 ἀποτίσω
1594 3680 1691 3750 τὴν

110 3772 258 3840 ὑπὲρ
283 3770 472 3823 τούτου
520 3769 707 3839 ποινὴν
732 3769 1233 3838 ἑϐδομηκοντάκις
1282 3771 1452 3837 ἑπτὰ,
1508 3771 1689 3838 καθώς

109 3878 250 3934 φασι
283 3862 349 3915 τά
383 3860 629 3931 ὑμέτερα
652 3860 830 3929 λόγια.

185 4004 284 4059 νθν.
341 4005 452 4057 Kal
483 4005 511 4057 ό
541 4004 751 4073 μάρτυς
787 4020 800 4034 ·
835 4004 1082 4056 Ἤκουσα
1130 4002 1206 4065 ὡς
1242 4001 1503 4073 θεήλατος
1550 4000 1688 4072 ὀργὴ

108 4097 209 4151 καὶ
240 4095 351 4166 πῦρ
376 4097 669 4166 οὐρανόθεν
695 4095 971 4147 κατελθὼν
1010 4096 1282 4163 κατέφαγε
1306 4095 1395 4147 τὸν
1429 4093 1549 4146 οεόν
1569 4110 1684 4158 σου,

109 4187 211 4239 καὶ
248 4188 413 4240 αὑτοῦ
439 4187 529 4239 τὸν
560 4186 688 4239 ναὸν
720 4187 1020 4256 ἐνέπρησεν
1051 4187 1229 4239 πάντα
1259 4188 1352 4239 καὶ
1386 4185 1686 4256 κατηδάφι-

108 4280 321 4332 σεν·εί
379 4279 472 4332 οὖν
532 4279 653 4341 θεὸς
674 4274 763 4348 ἦν,
788 4278 839 4329 τί
892 4278 967 4347 μὴ
1002 4278 1195 4330 ἑαυτὸν
1250 4278 1315 4331 ἐκ
1357 4278 1451 4330 τοῦ
1518 4278 1688 4348 πυρὸς

103 4368 383 4439 ἐρρύσατο
427 4387 441 4435 ;
507 4370 616 4422 Kal
671 4371 698 4421 6
753 4370 1075 4439 παραϐάτης
1116 4385 1127 4399 ο
1182 4370 1335 4439 Τάχα
1382 4370 1473 4421 καὶ
1526 4371 1686 4430 αὐτὸς

102 4461 298 4524 ἔοικάς
331 4480 442 4530 μοι,
486 4459 840 4521 ἀνοσιώτατε,
896 4464 1185 4531 κερτομεῖν
1220 4464 1313 4514 ἐπὶ
1367 4461 1542 4514 τοῖσδε
1593 4462 1686 4513 καὶ

102 4552 579 4622 κατακακχάζειν,
601 4551 675 4615 ὡς
699 4552 791 4604 ἆτε
808 4552 962 4623 παρὰ
987 4553 1082 4605 τοῦ
1124 4552 1257 4604 Θεοῦ
1291 4569 1382 4604 σου
1407 4548 1684 4620 ἐκδίκηςὲν

1795 3400 2093 3455 admodum
2133 3404 2350 3458 scilicet
2396 3409 2779 3461 sanctuarium
2812 3410 2933 3479 ejus
2968 3428 3093 3465 cum
3128 3413 3370 3470 donariis

1794 3497 2136 3559 cxusseriut,
2162 3505 2218 3549 et
2254 3497 2494 3552 maxime
2546 3501 2921 3554 venerandam
2954 3518 3019 3557 ac
3066 3506 3371 3560 mirabilem

1793 3583 2171 3639 destrttxerint
2220 3588 2542 3656 imaginem.
2577 3590 2683 3645 Sed
2737 3608 2845 3645 non
2886 3595 3204 3663 gaudebunt
3247 3599 3376 3652 irri-

1793 3677 2043 3734 sionibus
2092 3688 2147 3733 et
2195 3681 2453 3736 ludibriis
2506 3686 2783 3751 prosecuti
2813 3697 3036 3749 nostra;
3068 3704 3170 3758 ego
3223 3691 3371 3745 enim

1793 3783 1891 3837 pro
1924 3784 1989 3823 eo
2030 3772 2246 3841 exigam
2290 3788 2486 3843 ptenas
2528 3780 2821 3846 septuagies
2855 3780 3067 3848 septies,
3101 3791 3159 3835 ιιι
3191 3766 3374 3837 vestra

1792 3863 1985 3919 dicunt
2012 3864 2252 3935 eloquia.
3216 3856 3221 3861 ’

1860 4001 1951 4055 59.
1992 4001 2301 4072 Respondit
2340 4013 2591 4075 martyr:
2637 4006 2833 4061 Audivi
2872 4009 3112 4065 divinam
3149 4012 3286 4067 iram
3315 4023 3371 4070 ct

1791 4092 1970 4160 ignem
2040 4095 2265 4148 coalitus
2318 4095 2625 4149 immissum
2702 4103 3125 4170 consumpsisse
3204 4103 3366 4159 deum

1790 4195 1966 4251 tuum,
1992 4186 2225 4256 ejusque
2249 4190 2511 4255 templunt
2532 4191 2850 4247 incendisse
2873 4208 2937 4246 ac
2958 4210 3184 4262 prorsus
3211 4202 3368 4250 ever-

1789 4279 1941 4333 tisse.
1970 4280 2023 4331 δί
2060 4280 2228 4348 igitur
2257 4283 2394 4335 deus
2424 4292 2544 4335 erat
2571 4324 2586 4349 ,
2620 4300 2719 4337 cur
2750 4300 2808 4338 se
2846 4287 2963 4355 ipse
2997 4304 3062 4339 cx
3095 4288 3223 4357 igne
3255 4305 3364 4343 non

1789 4370 2077 4423 servavit?
2136 4372 2205 4424 Et
2268 4383 2523 4440 apostata
2584 4393 2596 4429 :
2648 4374 2815 4430 Forte
2865 4385 2919 4430 et
2970 4386 3027 4431 tu
3087 4380 3369 4435 scelestis-

1787 4462 1948 4525 sitne,
1982 4463 2188 4517 videris
2220 4466 2350 4517 mihi
2395 4467 2481 4520 his
2536 4466 2808 4521 insultare
2840 4478 2894 4523 et
2936 4471 3002 4523 ad
3041 4472 3211 4524 risum
3252 4488 3367 4525 uto-

1790 4567 1939 4614 vcrc,
1977 4556 2138 4620 quasi
2174 4570 2203 4606 a
2248 4553 2357 4607 Deo
2405 4562 2500 4608 tuo
2532 4556 2833 4609 vindictam
2885 4559 3130 4626 aliquam
3170 4576 3367 4615 consc-

99 4660 233 4695 τινα
278 4643 730 4712 προσδεξάμενος.
762 4643 873 4694 Kal
901 4643 929 4695 ό
956 4642 1164 4713 μάρτυς
1186 4658 1200 4671 ·
1237 4640 1379 4709 Ἐγὼ
1426 4640 1678 4704 πάντοτε,

1792 4652 1953 4697 cutus
1981 4644 2196 4698 fuisset.
2232 4644 2294 4698 Et
2335 4656 2544 4717 martyr
2573 4666 2586 4700 :
2625 4649 2736 4717 ligo
2768 4666 3004 4718 semper,
3032 4653 3229 4720 inquit,
3264 4654 3367 4706 int-

98 4735 541 4798 δυσσεϐέστατε,
575 4736 667 4787 ἐπὶ
706 4737 773 4804 τῇ
833 4735 941 4787 τῶν
998 4734 1266 4803 δαιμόνων
1334 4736 1539 4786 πτώσει
1574 4732 1684 4785 τῶν

97 4825 264 4897 παρὰ
282 4826 376 4879 σοῦ
409 4826 733 4897 τιμωμένων
768 4824 1038 4897 κομπάζω
1069 4827 1164 4879 καλ⁵
1195 4826 1370 4896 χαίρω
1406 4827 1495 4878 καὶ
1523 4826 1687 4895 ἀγαλ-

95 4918 235 4970 λιῶ·
262 4918 359 4971 καὶ
396 4919 489 4971 ἐπὶ
519 4920 683 4971 πᾶσιν
717 4913 796 4981 οἷς
823 4918 851 4968 ὁ
887 4918 1119 4989 Χριστός
1164 4935 1267 4987 μου
1305 4919 1685 4987 τερατουργεῖ,

91 5010 443 5080 τερπόμενος
470 5010 681 5079 γέγηθα
701 5026 714 5041 ο
745 5010 1024 5080 ἐκδίκησιν
1043 5008 1100 5063 δέ
1132 5008 1240 5061 τῶν
1268 5009 1346 5072 είς
1382 5007 1483 5077 ἐμὲ
1512 5024 1685 5077 πρατ-

90 5100 354 5171 τομένων
378 5101 527 5171 παρά
577 5098 695 5166 σοῦ,
752 5102 870 5153 ἐκεῖ
919 5100 1143 5170 δέξομαι
1204 5099 1354 5152 ὅποτ’
1389 5098 1456 5151 ἂν
1484 5098 1547 5150 τὸ
1572 5099 1683 5168 πῦρ

90 5192 288 5243 ἐκεῖνο
324 5190 385 5242 τὸ
405 5190 701 5259 ἀκοίμητον
733 5206 793 5242 σε
834 5191 1209 5261 καταλήψεται
1254 5189 1347 5241 καὶ
1385 5189 1419 5258 ή
1448 5188 1686 5243 διαιωνί-

89 5282 280 5345 ζουσα
304 5280 521 5343 κόλασις
545 5297 557 5310 ·
589 5280 866 5335 κάνταῦθα
896 5280 953 5334 δέ
976 5281 1037 5333 οὐ
1074 5280 1242 5343 πολὺς
1291 5279 1683 5349 παρελεύσεται

88 5370 322 5441 χρόνος,
357 5372 449 5424 καὶ
472 5371 534 5423 τὸ
558 5370 903 5441 μνημόσυνόν
934 5387 1027 5423 σου
1060 5372 1175 5441 μετ’
1200 5371 1334 5439 ἠχου
1381 5369 1685 5439 ἀφανισθή-

92 5480 285 5518 σεται,
319 5465 426 5518 Kal
447 5467 475 5518 ό
506 5466 861 5536 παραϐάτης·
886 5465 947 5518 Ei
992 5461 1085 5518 οὖν
1133 5463 1397 5534 ἀγαλλιᾷς
1439 5465 1531 5517 ἐπὶ
1559 5463 1683 5517 τού-

1790 4736 2057 4803 piissime,
2079 4737 2147 4788 de
2177 4738 2484 4791 daemonum
2506 4740 2689 4802 ruina,
2714 4756 2855 4809 quos
2878 4749 2934 4794 tu
2960 4743 3117 4805 colis,
3138 4743 3361 4813 glorior,

1786 4826 1995 4895 gaudeo
2033 4835 2087 4879 ct
2128 4828 2394 4881 cxsulto:
2441 4837 2496 4882 et
2543 4845 2882 4899 quazcunque
2911 4832 3163 4888 Christus
3210 4849 3366 4889 meus

1790 4919 2062 4972 mirabilia
2094 4931 2375 4989 Operatttr,
2402 4921 2832 4975 delectationem
2864 4922 2997 4975 mihi
3025 4938 3091 4977 ac
3119 4923 3365 4977 ltetitiam

1789 5011 2030 5080 pariunt.
2070 5012 2348 5067 Ultionem
2378 5030 2507 5068 vero
2554 5030 2747 5069 eorum
2783 5029 2905 5083 quae
2954 5030 2983 5067 a
3017 5026 3071 5069 te
3102 5016 3236 5070 tnihi
3273 5016 3363 5070 in-

1791 5109 1995 5156 tentata
2022 5112 2173 5170 sunt,
2206 5114 2338 5159 tunc
2370 5106 2636 5172 accipiam
2663 5105 2889 5175 quando
2929 5104 3070 5174 ignis
3096 5106 3363 5161 inexstinc

1792 5193 2015 5262 guibilis
2047 5202 2099 5248 te
2133 5196 2584 5262 comprehendet,
2617 5209 2671 5250 et
2710 5195 3043 5265 supplicium
3075 5198 3366 5266 sempiter-

1792 5297 1942 5335 num.
1972 5281 2035 5335 Et
2067 5284 2156 5337 hic
2187 5299 2407 5353 quoque
2442 5299 2593 5338 mora
2638 5300 2746 5339 non
2795 5285 2903 5339 erit
2944 5284 3080 5354 quin
3103 5288 3363 5341 memoria

1793 5380 1883 5425 tua
1916 5389 2039 5428 cum
2075 5380 2258 5429 sonitu
2295 5376 2595 5431 auferatur.
2626 5377 2783 5432 Tunc
2824 5384 3118 5448 apostata:
3157 5376 3213 5431 Si
3264 5377 3364 5449 igi-

1791 5476 1881 5521 tur
1918 5468 2145 5539 gaudes,
2182 5470 2529 5539 impiissime,
2554 5472 2621 5529 de
2656 5470 2962 5541 suppliciis,
2989 5472 3167 5545 iisque
3206 5468 3357 5527 dele-

1623 5636 1859 5695 NOTAE.

166 5733 256 5801 (ά)
285 5732 615 5804 Philostorg.
650 5734 755 5788 loc.
782 5734 872 5790 cit.

170 5804 297 5874 (20)
336 5804 677 5861 Diaconicum
702 5806 844 5861 idem
878 5813 962 5862 est
989 5818 1051 5862 ac
1086 5805 1231 5876 quod
1264 5819 1362 5863 nos
1392 5804 1557 5863 hodie
1586 5804 1897 5863 sacristiam
1934 5821 2215 5865 vocamus.
