4112 6448
161 442 274 506 1329

777 448 1099 508 JUANNIS
1137 449 1583 509 ORTHODUXI
1619 450 1705 509 D11

1806 451 2077 510 U'l'A'l‘lU
2119 452 2274 510 (ὶῐζλι
2321 453 2470 510 MAN
2487 453 2755 513 “111.150.

3242 448 3261 510 1
3275 449 3377 510 330

158 554 249 623 μὴν
278 555 390 622 περὶ
418 555 478 606 τὸ
503 554 634 606 αὐτὸ
675 556 832 624 σῶμα
869 558 1081 624 γένεος
1113 562 1204 610 καὶ
1234 558 1428 627 φθορὰ,
1465 560 1564 611 οὐκ
1590 560 1696 627 ἄρα

1806 559 1992 612 eodem
2034 573 2264 626 corpore
2307 567 2422 612 tum
2473 561 2752 629 generatio
2799 566 2912 612 tum
2961 557 3246 627 corruptio
3279 558 3377 610 ﬁt:

158 643 292 710 σῶμα
314 641 464 708 φύσει
497 645 686 706 κακον,
706 645 780 707 ὡς
809 646 968 714 ὑμεῖς
990 646 1430 699 διαϐεϐαιοῦσθαι
1455 648 1514 698 τὸ
1537 648 1698 717 σῶμα

153 733 237 798 τῆς
274 751 455 796 κακιας
489 731 627 788 εἶναι
656 736 1092 806 δογματίζοντες.
1122 739 1222 790 Διὰ
1251 739 1302 790 τί
1331 739 1385 790 δὲ
1416 740 1449 791 ξι
1479 740 1577 808 μὲν
1611 757 1698 792 νο·-

155 825 306 892 μίζεις
337 823 469 878 εἶναι
499 827 641 880 κακά
670 828 779 880 τῶν
811 830 1079 897 σωμάτων
1110 829 1333 897 Οεωρείς
1371 846 1428 881 τε
1470 831 1566 881 καὶ
1609 831 1697 881 λέ-

152 931 276 981 γεις,
309 917 367 968 τὰ
400 918 456 968 δὲ
496 918 556 982 ἐξ
587 919 768 971 αὐτῶν
815 919 996 985 ἀγαθά
1043 921 1439 994 παρατρέχεις;
1480 921 1700 988 Πρῶτον

153 1007 238 1075 μὲν
265 1009 360 1077 γὰρ
388 1011 496 1062 ἀπὸ
526 1011 633 1063 τῶν
663 1013 728 1064 ἐκ
754 1013 857 1079 γῆς
888 1014 1285 1081 ἀναδιδομένων
1313 1013 1542 1082 καρπῶν
1575 1029 1698 1082 τρε-

149 1100 335 1168 φόμεθα
362 1119 417 1153 τε
452 1104 541 1155 καὶ
572 1105 939 1173 σύειιστάμεοα
963 1121 976 1133 ⁸
1007 1107 1071 1156 ἐκ
1101 1105 1154 1156 δὲ
1185 1103 1345 1157 λίθων
1387 1106 1481 1157 καὶ
1507 1103 1700 1169 ξύλων,

147 1191 305 1254 οἴκους
349 1194 848 1265 κατασκευάζομεν,
892 1196 959 1249 δι’
985 1189 1058 1248 ὧν
1106 1197 1316 1266 ὅμϐρου
1366 1197 1461 1248 καὶ
1503 1197 1701 1266 κρύους

146 1284 556 1354 ἐλευθερούμεθα
579 1301 594 1318 ο
630 1287 765 1339 ἀλλά
790 1289 884 1340 καὶ
916 1286 1009 1339 τοῦ
1045 1287 1194 1356 ἡλίου
1225 1287 1285 1340 τὸ
1316 1287 1592 1350 καυσῶόες
1620 1291 1702 1342 ὲκ-

146 1374 390 1443 κ).ίνομεν,
414 1376 472 1426 ὃν
505 1378 568 1430 σὺ
605 1377 885 1441 Θεοποιῶν,
911 1380 1009 1430 οὐκ
1037 1380 1266 1449 αίσχύνῃ
1286 1397 1297 1409 ·
1331 1380 1533 1451 σιδήρῳ
1561 1379 1618 1432 δὲ
1642 1381 1700 1432 ού

145 1468 288 1534 μόνον
311 1469 402 1537 τὴν
427 1472 529 1538 γῆν
559 1471 820 1540 ἀροῦμεν,
845 1471 980 1523 ἀλλὰ
1006 1475 1097 1524 καὶ
1127 1473 1422 1539 πολεμίους
1449 1474 1702 1536 ἐπιόντας

142 1557 518 1627 φυλαττόμεθα.
568 1562 626 1611 Εἰ
673 1561 729 1610 δὲ
763 1562 974 1622 τούτοις
1013 1561 1388 1629 ἐλεγχόμενος,
1423 1562 1703 1629 ἐπιμένοις

139 1649 290 1714 σῆψιν
317 1650 404 1701 καὶ
433 1649 693 1703 δυσωδίαν
724 1651 1183 1720 προϐαλλόμενος,
1214 1653 1340 1712 ἴσως
1379 1651 1590 1718 ἀγνοεῖς
1623 1651 1703 1703 ὅτι

136 1739 202 1791 τὰ
245 1740 335 1807 τῆς
377 1740 552 1810 ψυχῆς
608 1743 943 1810 μετασχόντα
997 1743 1196 1810 μᾶλλον
1250 1742 1352 1811 τὴν
1401 1741 1566 1809 σῆψιν
1611 1743 1703 1792 καὶ

134 1829 381 1884 δυσωδίαν
430 1835 753 1901 ὑςίσταται·
783 1834 990 1901 ἀγαθοῦ
1047 1833 1182 1886 Θεοῦ
1241 1833 1298 1886 δὲ
1341 1833 1463 1888 καθ’
1493 1835 1697 1906 ύμᾶςὴ

133 1922 271 1989 ψυχὴ
294 1923 442 1974 οὐσία
472 1925 619 1975 ἐστίν
646 1941 657 1954 ⁸
689 1925 718 1975 6
750 1926 950 1992 ἀγαθὸς
976 1921 1068 1977 οὖν
1094 1925 1225 1987 Θεὸς
1251 1925 1421 1987 αἴτιος
1452 1903 1604 1978 ἔσται
1625 1903 1698 1978 ὧᾴ
1734 1903 1774 1956 Β

130 2014 358 2082 νομίζεις
389 2016 570 2069 κακῶν
609 2017 708 2084 τῆς
741 2016 957 2085 σήψεως
987 2035 1044 2071 τε
1073 2019 1166 2070 καὶ
1199 2017 1485 2080 δυσωδίας.

202 2285 270 2338 Μ.
311 2284 368 2338 ΕΞ
421 2284 494 2354 μὴ
545 2285 658 2336 ἔστι
719 2287 904 2349 κακὰ,
940 2287 1029 2341 διὰ
1075 2288 1128 2340 τί
1179 2289 1332 2359 νόμοι
1381 2288 1702 2354 κολάζουσιν

127 2393 292 2438 cura;
782 2391 786 2395 '

202 2470 257 2521 Ο.
299 2468 464 2521 Τοῦτο
490 2469 718 2532 μάλιστα
747 2471 957 2540 ἐλέγχει
983 2471 1080 2542 τὴν
1108 2474 1206 2540 σὴν
1238 2473 1693 2542 φρενοῦλὰὁειαν·

133 2561 186 2611 εί
224 2559 324 2627 γὰρ
351 2560 422 2629 μὴ
445 2561 532 2628 ἐφ’
557 2563 686 2630 ἡμῖν
718 2559 787 2632 ἦν
811 2563 879 2614 τὰ
908 2565 1054 2616 κακά
1090 2564 1186 2616 καὶ
1217 2564 1704 2632 ἀγαθοποιείν,ούκ

131 2650 200 2702 ἂν
227 2651 476 2713 ἐκόλαζον
512 2654 636 2714 τοὺς
689 2653 1035 2724 κακούργους
1065 2658 1114 2708 οί
1147 2656 1318 2725 νόμοι,
1350 2659 1541 2720 οἵτινες
1571 2659 1703 2710 πολ-

122 2743 280 2806 idm;
311 2746 368 2796 ού
404 2746 502 2814 τὴν
549 2748 748 2817 πρᾶξιν
783 2751 1075 2804 σκοποῦσιν
1101 2791 1117 2815 ,
1150 2753 1285 2805 ἀλλά
1312 2754 1413 2822 τὴν
1464 2753 1704 2807 διάθεσιν

119 2834 219 2885 τοῦ
242 2836 541 2904 πράξαντος
565 2839 909 2904 ἐξετάζουσιν
928 2859 944 2874 ο
982 2837 1094 2895 οἷον
1115 2843 1308 2914 ἔρριθζκέ
1331 2861 1414 2906 τις
1438 2844 1592 2908 ξύλον
1611 2845 1705 2898 καὶ

117 2927 272 2980 ἄκων
303 2930 477 2981 ἀνεῖλέ
507 2947 648 2994 τινα,
685 2933 746 2985 ού
781 2934 1026 3003 κρίνουσι
1055 2935 1216 3004 φόνου
1262 2936 1352 2988 τον
1387 2937 1702 3006 ἐργασάμε-

116 3033 246 3069 νονο
293 3020 458 3088 ἐμίγη
496 3038 578 3084 τις
610 3022 758 3076 ἄκων
792 3024 1048 3095 ἀλλοτρίᾳ
1098 3027 1204 3078 τινὶ
1252 3027 1498 3093 γυναικὶ,
1529 3027 1704 3097 εύρῶν

115 3108 291 3176 αὐτὴν
321 3111 411 3162 ἐπὶ
443 3113 630 3181 κλίνης
679 3113 844 3167 αὑτοῦ
894 3117 1268 3186 κοιμωμένην,
1297 3117 1373 3180 ῶς
1403 3121 1468 3187 τῇ
1505 3119 1701 3171 ἑαυτοῦ

116 3201 452 3272 μιγνύμενος
479 3210 717 3276 γαμετῇ,
751 3207 1049 3260 ἀπολύουσι
1087 3209 1274 3278 μοιχὸν
1324 3208 1415 3260 τὸν
1464 3227 1703 3280 κατηγο-

114 3292 402 3361 ρούμενον,
439 3298 485 3349 εί
516 3297 675 3351 τοῦτο
704 3299 963 3370 δειχθείη.

209 3385 264 3438 Ἀ
278 3387 522 3457 πόκριναι
551 3388 608 3441 δέ
651 3406 762 3458 μοι,
794 3391 882 3444 διὰ
909 3392 960 3444 τί
1004 3393 1096 3444 τὸν
1129 3395 1278 3464 ¹ἥλιον
1313 3399 1698 3464 προσκυνεῖτες

188 3475 261 3526 Μ.
292 3477 412 3528 Ὅτι
433 3479 657 3548 φωστήρ
683 3481 799 3533 ἐστι
827 3480 920 3534 τοῦ
959 3483 1187 3554 κόσμου,
1219 3484 1314 3539 τοῦ
1341 3487 1547 3554 ἀγαθοῦ
1568 3487 1702 3542 Θεοῦ

111 3568 388 3636 γέννημα.

185 3657 250 3712 0.
294 3659 463 3730 Σῶμά
497 3663 645 3716 ἐστιν
674 3663 706 3734 ἢ
742 3663 1064 3735 ἀσώματος;

185 3751 263 3804 Μ.
301 3751 358 3804 Ἀ
367 3751 638 3822 σώματος.

184 3841 246 3896 0.
296 3843 418 3904 Πῶς
460 3844 489 3896 6
522 3843 812 3914 ἀσώματος
858 3851 1188 3917 σωματικῶς
1219 3854 1453 3922 ὁρᾶταις
1501 3855 1568 3908 τὰ
1605 3858 1704 3926 μὲν

102 3935 222 4004 γὰρ
255 3936 523 4004 ἀσώματα
550 3937 755 4007 νοητῶς
781 3938 1070 4011 Θεωρεῖται
1091 3958 1104 3971 ·
1132 3944 1160 3994 6
1183 3944 1238 3996 δὲ
1259 3945 1409 4014 ἥλιος
1431 3945 1701 4014 αἰσθητῶς

100 4026 437 4096 ὀφθαλμοῖς,
473 4031 565 4080 καὶ
601 4035 1002 4100 περιγραπτοῖς
1044 4035 1261 4104 σώμασι
1291 4037 1703 4106 καταλαμϐάνε-

98 4133 236 4169 ται·
289 4119 467 4180 ἄλλως
503 4121 563 4173 τέ
598 4121 715 4174 ἐστί
764 4139 816 4174 τι
866 4123 976 4176 τῶν
1024 4123 1332 4194 ἀσωμάτων
1385 4129 1703 4197 σωματικὰς

100 4209 236 4276 ἔχον
266 4212 587 4280 ποιότητας

179 4300 259 4352 Μ.
305 4303 381 4353 Ού
419 4302 647 4371 νομίζω.

179 4395 244 4448 0.
290 4395 450 4448 Ἀλλὰ
483 4398 590 4466 μὴν
637 4399 664 4450 6
707 4397 857 4468 ἥλιος
893 4403 1214 4469 σωματικὰς
1246 4403 1358 4472 ἔχει
1389 4406 1700 4475 ποιότητας,

95 4487 320 4551 θερμός
351 4502 410 4536 τε
448 4487 554 4556 γάρ
603 4491 718 4541 ἐστι
761 4491 855 4543 καὶ
904 4491 1100 4560 ξηρός·
1132 4484 1294 4546 αὗται
1336 4495 1393 4548 δὲ
1437 4496 1704 4566 σωμάτιον

1801 667 1906 702 non
1937 661 2018 702 est
2052 666 2182 719 ergo
2225 652 2478 719 corporis
2525 661 2723 703 natura
2766 652 2931 713 mala,
2975 649 3055 702 uti
3095 664 3194 704 vos
3243 664 3376 703 con-

1802 743 2050 803 tenditis,
2084 757 2179 809 qut
2212 757 2416 811 corpus
2449 743 2501 795 in
2542 744 2810 795 tualat'ultt
2840 757 3024 796 rerum
3056 741 3237 795 classe
3265 749 3380 794 sta-

1801 833 1976 886 tuitis.
2008 833 2120 886 Cur
2155 842 2336 886 autem
2379 844 2457 898 tu,
2495 850 2616 902 quze
2664 835 2805 888 mala
2839 836 2892 886 in
2940 834 3266 902 corporibus
3296 831 3378 902 ju-

1800 927 1974 987 dicas,
2013 927 2407 994 Contemplaris
2439 941 2491 980 et
2526 928 2755 989 recitas,
2800 926 2941 980 bona
2971 935 3157 979 autem
3194 941 3260 977 ex
3297 926 3382 976 his

1803 1018 2077 1069 manantia
2106 1017 2470 1071 dissimulas?
2491 1016 2620 1070 Nam
2650 1017 2831 1087 primo
2853 1017 3075 1087 quidem
3115 1015 3384 1070 l'ructihus

1801 1122 1865 1158 ex
1910 1114 2056 1159 terra
2098 1107 2464 1176 suppeditatis
2515 1111 2799 1160 uutrimur
2839 1117 2894 1161 et
2946 1123 3380 1162 conservantur:

1802 1196 2078 1264 lapidibus
2122 1213 2186 1250 ac
2231 1197 2394 1265 lignis
2431 1197 2577 1251 aedes
2623 1203 3024 1264 construimus,
3073 1201 3279 1270 quibus
3317 1198 3384 1250 ah

1804 1287 1979 1342 imbre
2006 1299 2060 1342 et
2095 1290 2299 1359 frigore
2339 1292 2704 1359 protegimur,
2736 1291 2834 1345 sed
2866 1300 2918 1346 et
2951 1293 3205 1345 ardorem
3253 1291 3384 1344 solis

1802 1376 2066 1440 vitamus,
2096 1395 2262 1446 quem
2299 1385 2355 1430 tu
2410 1379 2671 1432 deitieaie
2710 1395 2818 1433 non
2863 1382 3187 1436 erubescis:
3239 1381 3386 1432 ferio

1804 1479 1984 1522 autem
2038 1485 2143 1522 non
2200 1472 2585 1523 tantummodo
2632 1481 2834 1526 terrain
2887 1487 3131 1534 aramus,
3194 1486 3382 1524 verum

1802 1562 1966 1615 etiam
2007 1562 2284 1614 irruentes
2336 1563 2522 1616 hostes
2561 1564 2973 1631 propulsamus.
3019 1564 3132 1631 Age
3165 1576 3297 1615 Vero
3338 1561 3386 1615 si

1804 1653 1886 1706 his
1917 1655 2230 1715 convictus,
2261 1653 2618 1708 nihilominus
2653 1662 2870 1722 perstas
2897 1654 3252 1723 putredinem
3317 1668 3379 1705 ac

1806 1742 2036 1797 fetorem
2083 1744 2400 1810 ohjieieus;
2450 1761 2518 1797 au
2557 1745 2798 1814 ignoras,
2851 1760 2914 1800 ea
2957 1753 3080 1814 qua!
3139 1746 3386 1798 animum

1805 1834 2067 1895 alliciunt,
2106 1836 2386 1903 putrediui
2429 1836 2606 1888 multo
2645 1837 2818 1905 magis
2845 1851 2908 1891 ac
2943 1836 3103 1891 fetori
3134 1851 3256 1890 esse
3293 1837 3390 1888 oh—

1805 1926 2210 1996 nmia?Atqui
2258 1927 2313 1980 in
2357 1930 2636 1981 sententia
2689 1935 2898 1990 vestra,
2942 1927 3072 1980 boni
3113 1925 3206 1982 Dei
3253 1925 3388 1980 sub-

1804 2017 2009 2069 stantia
2041 2025 2128 2070 est
2173 2017 2400 2070 anima:
2445 2031 2575 2085 ergo
2632 2017 2810 2072 bonus
2868 2015 3010 2072 Deus
3064 2033 3234 2072 causa
3285 2016 3390 2070 erit

1806 2103 2030 2167 horum,
2079 2120 2202 2173 qua:
2247 2111 2497 2173 reputas,
2547 2107 2816 2159 malorum
2851 2105 3160 2175 putrediuis
3199 2118 3263 2159 ac
3309 2104 3389 2158 fe-

1806 2197 1969 2251 toris.

1876 2287 1947 2342 Μ.
1987 2288 2044 2341 Si
2086 2289 2231 2341 mala
2267 2288 2318 2341 in
2359 2288 2568 2342 mundo
2615 2303 2723 2342 non
2761 2299 2914 2354 sunt,
2968 2305 3071 2344 cur
3124 2291 3271 2359 leges
3326 2305 3391 2344 ea

1804 2381 2087 2450 puniunt?
2576 2369 2578 2371 ἀ

1878 2467 1940 2522 Ο.
1979 2465 2092 2522 Ινιοε
2141 2469 2381 2522 maxime
2423 2475 2571 2520 tuam
2611 2469 2863 2537 coarguit
2909 2468 3224 2524 insaniam:
3261 2483 3388 2523 nam

1805 2558 1913 2612 nisi
1949 2559 2124 2612 nostri
2151 2559 2370 2614 arbitrii
2399 2566 2547 2612 esset
2572 2559 2714 2612 male
2741 2560 2826 2612 vel
2857 2560 2997 2614 bene
3027 2575 3214 2628 agere,
3243 2560 3388 2613 haud

1810 2653 1970 2722 108
2000 2667 2133 2708 sane
2187 2655 2448 2722 punit-ent
2507 2652 2786 2706 malelicos
2857 2651 3024 2721 leges,
3067 2667 3191 2720 qua:
3247 2666 3390 2720 saepe

1808 2744 1951 2799 haud
1983 2754 2171 2800 actum
2207 2755 2483 2814 spectant,
2515 2746 2609 2800 sed
2637 2746 2850 2814 agentis
2889 2746 3240 2814 propositqu
3271 2745 3389 2799 dis-

1804 2839 2034 2909 quirunt
2061 2855 2074 2890 :
2101 2838 2292 2903 veluti,
2320 2839 2528 2906 lignum
2575 2838 2700 2907 quis
2722 2837 2874 2905 jecit,
2901 2848 2950 2890 et
2978 2838 3184 2891 invitus
3213 2837 3391 2890 homi-

1807 2946 1930 2985 nem
1965 2930 2204 2995 occidit;
2258 2947 2366 2984 non
2411 2930 2674 2982 damnant
2719 2931 2885 2983 caedis
2929 2931 3078 2999 leges
3127 2945 3253 2983 eum
3297 2930 3387 2998 qui

1805 3021 1953 3076 fecit.
1994 3021 2190 3076 lllis=us
2254 3032 2339 3076 est
2371 3023 2574 3091 aliquis
2607 3021 2804 3075 alienze
2835 3024 3078 3086 mulieri,
3113 3037 3278 3092 quam
3325 3023 3377 3076 in

1805 3128 1906 3167 suo
1933 3113 2134 3168 lectulo
2179 3115 2458 3168 imentam
2500 3116 2713 3183 putavit
2762 3129 2888 3170 esse
2930 3117 3209 3185 propriam
3253 3130 3390 3168 uxo-

1805 3219 1960 3260 rem:
1999 3205 2294 3259 absolvunt
2334 3221 2456 3259 cum
2486 3205 2740 3260 adulterii
2765 3206 2999 3260 crimine
3021 3206 3189 3276 leges,
3222 3207 3268 3260 si
3303 3221 3388 3260 res

1811 3297 2250 3353 demonstretur.

1880 3387 2154 3445 Praeterea
2185 3392 2461 3463 responde
2491 3395 2652 3458 mihi,
2693 3410 2796 3449 cur
2828 3395 3000 3451 solem
3037 3395 3327 3450 adoretis!

1881 3485 1951 3538 nl.
1989 3483 2127 3547 Quia
2159 3484 2434 3540 luminare
2473 3487 2666 3540 mundi
2700 3498 2809 3550 est,
2843 3488 2973 3542 boni
3001 3487 3092 3542 Dei
3113 3489 3386 3558 genitura.

1882 3662 1946 3715 0.
1983 3660 2374 3731 Corporeusuc
2397 3675 2504 3727 est,
2530 3680 2598 3719 an
2633 3665 3040 3736 incorporeus?

1884 3751 1952 3806 Μ.
1992 3752 2380 3823 incorporeus.

1883 3843 1948 3896 0.
1984 3844 2272 3909 Quomodo
2311 3846 2678 3916 incorporeus
2708 3846 3072 3916 corporaliter
3100 3845 3393 3901 cernitur?

1810 3933 2062 4004 Namque
2116 3936 2447 4005 incorporea
2488 3948 2672 3992 mente
2716 3939 3183 4007 contemplamur,
3219 3935 3390 3991 solem

1812 4026 2151 4080 sensibiliter
2203 4028 2382 4082 oculis
2441 4037 2496 4081 et
2551 4029 2996 4097 circumscriptis
3058 4027 3392 4098 corporibus

1809 4115 2350 4183 comprehemlimus.
2386 4116 2596 4172 Praeter
2629 4135 2794 4188 quam
2825 4118 2971 4189 quod
3003 4127 3164 4174 estne
3182 4117 3392 4188 aliquid

1813 4208 2197 4275 incorporeum
2227 4224 2352 4262 cum
2378 4211 2666 4280 corporeis
2691 4211 3061 4281 qualitatibus
3087 4211 3110 4263 ?

1884 4297 1953 4352 Μ.
1988 4298 2103 4351 Non
2140 4309 2296 4368 puto.

1884 4389 1950 4443 0.
1991 4390 2158 4458 Atqui
2210 4391 2290 4442 sol
2335 4404 2633 4458 corporeas
2704 4390 2871 4443 habet
2930 4391 3267 4459 qualitates;
3302 4401 3387 4445 est

1812 4481 1958 4535 enim
1989 4482 2201 4535 calidus
2239 4481 2565 4551 aridusque,
2593 4497 2714 4551 qua:
2747 4489 2878 4536 sunt
2912 4497 3207 4552 corporum
3253 4497 3388 4550 qua-

93 4576 438 4645 ποιότητες·
472 4579 627 4648 σῶμα
659 4580 767 4649 ἄρα
797 4583 915 4634 ἐστὶ
949 4584 1042 4635 καὶ
1072 4585 1101 4635 6
1137 4583 1303 4653 ἣλιος.
1338 4587 1461 4648 Πῶς
1502 4588 1558 4641 δὲ
1605 4590 1705 4642 οὐκ

1814 4573 1991 4626 litates
2020 4594 2042 4651 _:'
2065 4582 2150 4626 est
2186 4573 2352 4640 igitur
2394 4587 2596 4641 corpus
2646 4573 2750 4627 sol.
2801 4572 2914 4628 Cur
2957 4587 3087 4626 vero
3128 4588 3240 4626 non
3295 4586 3392 4625 vos

87 4667 412 4737 ὲρυΟριΞιτε
448 4670 696 4734 σέϐοντες
740 4671 799 4724 ὃν
849 4676 1028 4743 μισεῖν
1063 4675 1323 4744 ὠφείλετε
1358 4678 1434 4742 ὡς
1464 4680 1708 4733 ἐναντίον

83 4759 382 4812 ποιοῦντα
409 4761 504 4813 τοῦ
539 4761 813 4832 δόγματος
849 4764 1038 4835 ὑμῶν;

176 4850 261 4904 Μ.
309 4850 411 4903 Διά
437 4851 490 4902 τί
519 4852 794 4917 ὲναντίονς

175 4947 245 4993 υ.
276 4943 408 4994 ’Ὁτι
445 4942 513 4995 τὰ
549 4943 798 5014 σώματα,
829 4945 866 5000 ἃ
892 4947 991 5016 τῆς
1029 4950 1229 5013 κακίας
1267 4951 1426 5020 ὑμεῖς
1455 4947 1594 5006 εἶναι
1625 4954 1710 5006 λέ-

77 5049 262 5102 γετε,
309 5033 500 5103 τρέφει
545 5052 604 5088 τε
648 5037 742 5089 καὶ
788 5043 1096 5108 συγκροτεῖ.
1135 5041 1246 5093 Καὶ
1279 5042 1490 5106 τούτοις
1536 5044 1710 5107 οὐδεὶς

74 5125 356 5192 ἀντερεῖ,
389 5123 464 5192 μὴ
509 5126 574 5193 τῇ
610 5124 774 5196 πείρᾳ
825 5128 1154 5198 μαχόμενος.
1187 5131 1322 5184 Εἰπὲ
1370 5132 1428 5185 δέ
1479 5150 1570 5202 μοι
1616 5134 1712 5187 καὶ

73 5215 296 5277 τοῦτο,
332 5214 520 5283 κρίσιν
553 5214 868 5283 ὁμολογεῖς;

172 5305 260 5357 Μ.
315 5304 446 5356 Ναί.

167 5396 242 5447 0.
292 5395 394 5456 Τίς
422 5396 449 5447 6
477 5397 698 5465 κρίνων,
734 5398 830 5450 καὶ
857 5398 941 5461 τίς
976 5399 1006 5451 6
1039 5403 1391 5471 κρινόμενος;

169 5484 263 5538 Μ.
312 5484 510 5553 Κρίνει
559 5485 660 5555 μὲν
699 5488 728 5539 6
755 5486 983 5555 ἀγαθὸς,
1012 5488 1260 5560 κρίνεται
1287 5489 1344 5544 δὲ
1381 5493 1414 5560 ἠ
1460 5492 1710 5561 ἁμαρτη-

79 5592 263 5634 eam
304 5578 463 5629 πᾶσα
496 5577 664 5648 ψυχή.

163 5667 249 5721 ο.
298 5665 446 5718 Ἀλλ’
475 5667 670 5719 ἑαυτὸν
703 5669 1104 5740 ἀμαρτὴσαντα
1128 5671 1372 5736 κολάζων
1401 5673 1711 5743 εὑρίσκεται

66 5766 100 5815 ὁ
132 5757 328 5821 Θεὸς,
358 5756 519 5828 εἴπερ
548 5760 613 5811 ἐκ
631 5757 730 5826 τῆς
757 5759 941 5818 οὐσίας
967 5761 1138 5830 αὐτῆς
1171 5767 1317 5815 ἐστιν
1355 5765 1387 5834 ὴ
1423 5764 1714 5834 κρινομένη

64 5854 258 5924 ψ)χὴ
281 5866 295 5880 ’
355 5851 472 5911 πῶς
508 5851 566 5904 6‘.-
598 5852 985 5924 κατακρίνεται
1020 5858 1052 5924 ἡ
1086 5858 1159 5928 μὴ
1191 5857 1448 5920 exaurire:
1476 5860 1712 5926 ὶίιοίεισα-

1813 4663 1978 4732 pudet
2011 4645 2245 4716 adorare
2273 4679 2397 4716 eum
2434 4679 2597 4732 quem
2625 4665 2812 4718 odisse
2844 4664 3082 4727 debetis,
3126 4663 3255 4733 quia
3299 4679 3392 4717 ve-

1811 4761 1928 4807 stro
1961 4752 2201 4821 dogmati
2233 4754 2516 4806 contraria
2544 4753 2718 4806 facit?

1884 4844 1953 4896 M.
1989 4845 2100 4897 Cur
2129 4844 2457 4898 contraria?

1881 4933 1946 4986 Ο.
1982 4932 2120 4999 Quia
2153 4948 2411 5002 corpora,
2449 4949 2570 5003 qua:
2613 4950 2708 4989 vos
2750 4933 2978 4987 malitiae
3013 4948 3140 4988 esse
3181 4931 3391 4992 dicitis.

1813 5025 1985 5077 nutrit
2029 5036 2084 5077 et
2124 5025 2449 5092 compingit.
2485 5024 2666 5092 Atque
2710 5024 2798 5077 his
2845 5037 3008 5078 nemo
3036 5023 3390 5085 contradicit,

1811 5117 1941 5185 quin
1983 5117 2061 5169 rei
2100 5125 2338 5184 experta:
2381 5124 2667 5184 repugnet.
2716 5113 2828 5170 lloc
2873 5115 3044 5170 etiam
3075 5116 3207 5170 mihi
3256 5117 3388 5170 die;

1809 5209 2081 5277 judicium
2113 5210 2230 5262 fore
2258 5208 2480 5261 conlite'
2499 5207 2578 5249 ἐἰν

1886 5301 1957 5353 Μ.
1991 5299 2278 5366 Equidem.

1883 5393 1946 5447 0.
1988 5393 2122 5456 Quis
2147 5391 2340 5459 iudex,
2372 5403 2428 5445 et
2455 5393 2583 5462 quis
2613 5390 2898 5460 judicatus
2931 5394 2952 5444 ?

1890 5487 1958 5540 Μ.
1992 5485 2212 5540 Judieat
2240 5487 2417 5540 honus
2447 5485 2614 5549 Deus,
2640 5486 2926 5556 judicatur
2953 5485 3163 5555 qumvis
3207 5484 3387 5538 anima

1817 5580 2119 5650 peccatrix.

1888 5671 1953 5726 0.
1982 5672 2140 5741 Atqui
2183 5672 2427 5740 scipsum
2468 5679 2787 5740 peccantem
2826 5670 3196 5739 comperictur
3252 5669 3394 5724 Deus

1819 5765 2034 5834 punire,
2069 5766 2113 5815 si
2157 5770 2307 5817 certe
2339 5779 2402 5815 ex
2429 5762 2618 5816 eadem
2648 5761 2965 5816 substantia
2993 5769 3076 5814 est
3105 5774 3224 5829 quze
3248 5757 3387 5827 judi-

1817 5865 1976 5910 catur
2002 5856 2203 5908 anima.
2243 5854 2354 5908 Cur
2384 5869 2512 5908 vero
2539 5853 2959 5918 condemnatur,
2993 5867 3116 5921 qua:
3142 5851 3381 5905 involan-
