4112 6448
670 310 794 376 1331

2107 323 2360 383 ADDEN
2372 326 2486 385 DA.

3809 319 3833 380 1
3844 318 3945 379 339.

667 427 804 478 taria
836 429 1037 480 malum
1078 437 1302 500 operata
1348 430 1726 509 est?AEtenim
1770 432 2101 487 necessitate
2142 448 2239 486 na-

2343 435 2475 504 μένη
2507 435 2568 486 τὸ
2603 435 2874 507 πονηρόνς
2922 435 3166 509 ’Λνάγκῃ
3193 436 3302 503 γὰρ
3338 433 3550 502 φύσεως
3586 433 3686 484 καὶ
3741 448 3917 500 προαι

666 531 821 582 iurat,
852 535 958 573 non
990 523 1275 575 voluntate
1297 522 1409 574 ﬁeri
1435 507 1573 575 mala
1600 524 1807 578 dicitis.
1841 523 1945 578 Sed
1977 524 2240 592 quOniam

663 610 776 664 duo
803 613 1074 680 principia
1107 629 1230 667 esse
1262 612 1470 677 dicitis,
1503 614 1672 669 Deum
1717 632 1779 669 ac
1811 616 2096 670 materiam
2135 631 2150 678 ;
2191 626 2245 674 et

670 702 838 756 Deum
873 705 1099 772 quidem
1134 706 1364 770 bonum,
1398 708 1685 760 materiam
1721 708 1918 761 malam
1945 723 1970 770 λ
2008 717 2062 762 et
2097 706 2240 760 utri-

665 809 773 860 que
820 805 1031 850 natura:
1067 808 1383 866 separatum
1435 801 1832 867 propriumque
1869 799 2049 853 locum
2099 798 2243 852 assi-

664 899 835 952 gnare
865 886 1102 940 audetis.
1121 896 1173 939 et
1200 888 1337 943 alias
1373 889 1458 942 liis
1480 891 1810 943 connectitis
1841 889 2241 958 fabulas,quod

667 991 866 1043 nempe
904 977 1155 1039 Inateria,
1195 977 1316 1029 luce
1345 977 1434 1030 Dei
1470 981 1605 1042 visa,
1644 994 1831 1032 amere
1858 979 2130 1032 exarserit
2161 986 2242 1030 at-

664 1080 774 1132 que
800 1065 865 1118 ad
911 1067 1059 1119 illam
1098 1069 1407 1121 accurrerit
1435 1109 1448 1132 ,
1496 1084 1661 1137 quam
1706 1069 1848 1123 Dens
1887 1085 2120 1124 cernens
2174 1068 2240 1122 ad

665 1167 941 1210 certamen
1004 1169 1296 1227 paratam,
1345 1160 1671 1234 substantia:
1728 1161 1966 1230 praprize
2026 1169 2241 1232 partem

664 1247 961 1301 dissectam
1030 1249 1109 1302 illi
1162 1250 1465 1318 injecerit;
1511 1267 1618 1318 qua
1678 1261 1922 1320 recepta,
2009 1267 2242 1321 corpora

664 1347 865 1391 cuncta
890 1341 1350 1408 genuitmateria;
1384 1342 1644 1411 quoniam
1676 1345 1847 1410 igitur
1881 1343 1999 1396 haec
2031 1343 2238 1405 dicitis,

666 1425 1055 1482 refutationem
1095 1430 1319 1483 brevem
1363 1432 1682 1484 earumdem
1727 1431 2015 1486 faciemus.
2058 1431 2241 1486 Primo

665 1517 833 1586 igitur
877 1520 1264 1587 perpendenda
1315 1529 1397 1574 est
1443 1521 1620 1581 actio,
1676 1531 1860 1574 utrum
1925 1536 2242 1577 Consonans

661 1626 1085 1679 congruensque
1117 1612 1189 1664 sit
1222 1612 1313 1665 Dei
1348 1622 1596 1666 naturae:
1627 1613 1822 1667 deinde
1853 1614 2091 1666 actionis
2116 1630 2241 1668 sco-

663 1712 800 1764 pus:
837 1697 1076 1766 denique
1113 1697 1258 1752 ﬁnis.
1297 1699 1596 1753 Videamus
1652 1700 1836 1770 itaque
1869 1701 1922 1754 in
1960 1701 2069 1754 Deo
2127 1702 2239 1770 pri-

2347 526 2494 595 ρέσει
2515 526 2764 594 γίνεσθαί
2799 545 2935 596 φατε
2963 529 3032 581 τὰ
3059 526 3234 580 κακά’
3269 525 3384 578 ἀλλ’
3415 522 3602 592 ἐπειδὴ
3635 523 3736 575 δύο
3769 523 3945 590 ἀρχάς

2343 613 2484 670 εἶναί
2514 635 2650 685 φατε
2685 620 2838 681 Θεὸν,
2868 621 2964 672 καὶ
2990 619 3146 689 ὕλην,
3170 620 3264 670 καὶ
3295 618 3386 670 τὸν
3421 617 3520 686 μὲν
3547 616 3685 668 Θεὸν
3711 615 3944 680 ἀγαθὴ-ο,

2341 711 2440 780 τὴν
2465 711 2521 764 δὲ
2553 711 2688 780 ὕλην
2717 712 2980 783 πονηρὰν,
3009 711 3102 764 καὶ
3137 711 3344 779 ἑκάστῃ
3378 709 3538 775 φύσει
3580 709 3944 775 κεχωρισμέ-

2341 818 2432 852 νον
2461 801 2556 854 καὶ
2583 801 2856 864 ἰδιάζοντα
2885 803 3050 854 τόπον
3083 799 3368 869 ἀφορίζειν
3399 796 3664 864 τολμᾶτε,
3698 796 3804 845 καὶ
3827 793 3940 844 ὲτέ-

2346 911 2470 966 ρους
2493 894 2550 946 δὲ
2578 895 2788 958 τούτοις
2811 895 3207 949 έπισυνάπτετε
3236 892 3460 962 μύθους,
3490 892 3573 943 ὃτι
3603 889 3949 959 θεωρήσασα

2343 987 2375 1054 ἡ
2411 984 2511 1054 ὕλη
2535 986 2596 1037 τὸ
2620 986 2735 1054 φῶς
2759 985 2854 1039 τοῦ
2887 985 3046 1051 Θεοῦ,
3071 986 3154 1048 εἰς
3187 985 3364 1055 ἔρωτα
3395 979 3549 1052 ἦλθε,
3574 984 3673 1034 καὶ
3707 981 3884 1048 ὦρμη
3897 996 3946 1030 σε

2343 1077 2479 1147 πρὸς
2513 1078 2572 1130 τὸ
2601 1077 2745 1146 φῶςε
2778 1078 2845 1148 ἣν
2877 1077 3000 1131 ἰδὼν
3046 1077 3076 1130 6
3121 1076 3323 1145 ἀγαθὸς
3358 1075 3490 1135 Θεὸς
3520 1075 3662 1145 πρὸς
3696 1073 3840 1124 πόλε
3853 1089 3948 1140 μιν

2343 1167 2925 1240 παρασκευαζομένην,
2949 1169 3052 1236 τῆς
3082 1169 3290 1230 οἰκείας
3318 1168 3508 1229 οὐσίας
3539 1166 3712 1236 μέρος
3743 1165 3948 1216 ἀποτε-

2345 1261 2483 1330 μὼν,
2530 1261 2762 1314 ἐπέϐαλε
2793 1260 2964 1332 ταύτῃ
2987 1277 3002 1293 ο
3034 1263 3068 1331 ἡ
3103 1260 3158 1312 δὲ
3193 1259 3433 1312 λαϐοῦσα
3467 1259 3730 1327 ὲγέννησε
3765 1257 3949 1307 πάντα

2342 1353 2410 1404 τὰ
2445 1351 2706 1422 σώματα·
2743 1354 2866 1406 ἐπεὶ
2908 1349 3001 1406 οὖν
3038 1352 3212 1406 ταῦτά
3264 1367 3422 1418 φατε,
3450 1350 3781 1416 ἀνατροπὴν
3829 1347 3947 1398 τοὲ-

2341 1459 2450 1494 των
2501 1442 2765 1512 σύντομον
2807 1442 3168 1512 ποιησόμεθα.
3205 1441 3428 1511 Πρῶτον
3477 1436 3570 1492 οὖν
3618 1438 3950 1502 ἐξεταστέον

2342 1537 2438 1604 τὴν
2475 1534 2696 1605 πρᾶξιν,
2726 1537 2774 1587 εί
2809 1536 3158 1605 ἁρμόττουσα
3186 1537 3279 1587 καὶ
3323 1532 3666 1600 κατάλληλος
3707 1533 3837 1582 ἐστι
3885 1535 3947 1596 τῆ

2343 1629 2501 1696 φύσει
2530 1629 2626 1680 τοῦ
2658 1628 2794 1681 Θεοῦ
2815 1645 2830 1660 ο
2869 1625 2986 1682 εἶτα
3012 1628 3113 1698 τῆς
3145 1630 3394 1698 πράξεως
3424 1627 3516 1678 τὸν
3545 1627 3757 1677 σκοπόν
3781 1641 3796 1653 ο
3826 1621 3947 1676 εἶτα

2341 1717 2403 1769 τὸ
2445 1717 2614 1779 τέλος.
2652 1717 2897 1787 Είδωμεν
2942 1717 3122 1770 τοίνυν
3170 1718 3262 1769 ἐπὶ
3293 1715 3430 1768 Θεοῦ
3475 1717 3714 1784 πρῶτον,
3746 1715 3801 1765 εἰ
3851 1717 3948 1780 ἀρε

663 1803 834 1852 mum,
869 1797 1052 1842 utrum
1083 1789 1205 1858 ejus
1226 1800 1437 1845 natura:
1461 1804 1730 1860 congruat
1755 1791 1902 1860 quod
1939 1791 2052 1861 ipse
2085 1791 2237 1846 facit.

2345 1808 2528 1878 μόττει
2559 1811 2623 1878 τῇ
2655 1807 2750 1862 τοῦ
2775 1808 2910 1862 Θεοῦ
2948 1807 3106 1876 φύσει
3133 1809 3195 1862 τὸ
3233 1809 3473 1878 πραχθὲν
3507 1808 3596 1859 ὑπ’
3634 1804 3838 1858 αὑτοῦ.
3879 1806 3943 1855 ΤΞ

662 1877 805 1944 Quid
835 1887 919 1934 est
967 1881 1273 1935 secundum
1332 1882 1424 1937 Dei
1479 1885 1780 1937 naturam?
1835 1884 2039 1954 Nempe
2074 1896 2131 1940 ut
2168 1887 2240 1940 sit

662 1975 967 2039 increatus,
998 1977 1461 2046 incorruptibilis,
1516 1979 1695 2034 bonus
1738 1988 1903 2049 atque
1945 1982 2137 2044 etiam,
2183 1991 2242 2036 ut

661 2082 759 2120 vos
790 2067 975 2121 dicitis
1008 2067 1313 2134 Maniclimi,
1375 2077 1437 2122 ut
1496 2070 1550 2123 in
1583 2072 1812 2141 pr0prio
1845 2073 1968 2126 loco
1994 2082 2232 2127 maneat.

658 2159 825 2227 Atqui
876 2162 1046 2224 actio,
1091 2163 1143 2214 in
1191 2170 1374 2216 vestra
1427 2163 1756 2232 liypotliesi,
1816 2168 2095 2220 contraria
2145 2165 2237 2218 Dei

660 2258 878 2303 natura
907 2259 1154 2319 apparet.
1193 2250 1242 2303 ls
1269 2253 1415 2304 enim
1446 2268 1868 2321 quaqueversus
1897 2268 1924 2305 a
1960 2254 2238 2322 praedictis

659 2338 1094 2394 damniﬁcatur;
1143 2356 1320 2407 neque
1366 2341 1477 2410 jam
1533 2351 1718 2395 manet
1758 2358 1903 2396 unus
1963 2343 2239 2397 inereatns

659 2429 858 2482 unicus
879 2429 970 2481 ille
1001 2429 1163 2493 Deus,
1197 2446 1322 2483 cum
1357 2432 1410 2483 in
1439 2432 1569 2494 duo,
1593 2432 1705 2484 imo
1733 2442 1786 2486 et
1819 2434 2237 2500 plurainereata

656 2516 955 2571 dividatur.
995 2516 1182 2588 Neque
1209 2521 1570 2589 incorruptus
1616 2531 1887 2586 remanet,
1924 2531 2112 2592 utpote
2155 2523 2238 2578 di-

656 2613 834 2667 visus.
871 2613 1102 2683 Insuper
1126 2631 1194 2668 ne
1219 2617 1397 2670 bonus
1425 2615 1649 2684 quidem
1687 2635 1702 2670 :
1764 2618 2044 2686 quomodo
2093 2620 2238 2673 enim

660 2704 839 2756 bonus
863 2705 956 2765 sit,
990 2705 1083 2772 qui
1113 2705 1358 2773 seipsum
1413 2705 1631 2767 odiens.
1679 2716 1893 2775 partem
1937 2708 2025 2761 sui
2062 2707 2240 2762 hosti-

661 2794 762 2847 bus
795 2794 1012 2863 prodit?
1045 2793 1256 2850 Rursus
1301 2795 1579 2864 quomodo
1629 2796 1702 2848 sit
1740 2797 1940 2861 bonus,
1976 2796 2108 2851 dum
2153 2815 2239 2854 se-

660 2885 840 2954 ipsum
873 2885 1090 2955 quidem
1148 2886 1348 2941 liberat
1391 2888 1442 2939 in
1491 2887 1684 2940 utttndi
1735 2886 1972 2953 factura,
2019 2903 2241 2941 verum-

659 2989 845 3036 tamen
879 2982 945 3035 ad
975 2983 1050 3036 rei
1093 2982 1253 3036 facta:
1293 2982 1596 3052 perniciem
1623 2982 1676 3036 id
1701 2983 1904 3038 elIicit?
1925 2982 2033 3038 Sed
2060 3000 2240 3051 neque

661 3078 880 3146 proprio
912 3077 966 3129 in
1003 3077 1128 3131 loco
1159 3092 1392 3146 prorsus
1421 3078 1695 3146 perstitit;
1727 3078 1931 3132 etenim
1960 3094 2089 3147 pars
2113 3080 2238 3149 ejus

659 3175 726 3227 ad
760 3175 1006 3227 materia:
1027 3174 1209 3227 locum
1229 3173 1550 3228 transilivit.
1568 3173 1823 3228 Secundo
1844 3175 1967 3228 loco
1987 3191 2237 3244 quaeren-

659 3272 789 3323 dum
824 3282 931 3330 est,
960 3280 1142 3323 utrum
1182 3269 1326 3323 actio
1343 3270 1531 3323 tendat
1560 3269 1626 3322 ad
1656 3285 1882 3340 scapum
1907 3289 1920 3325 :
1943 3286 2068 3324 nam
2085 3281 2238 3327 certe

661 3377 810 3438 patet
846 3383 955 3422 rem
978 3368 1183 3420 unitam
1220 3367 1502 3420 fortiorem
1538 3381 1662 3421 esse
1704 3369 1954 3436 partibus
1998 3369 2144 3431 suis;
2182 3379 2236 3424 et

664 3458 824 3527 109
838 3474 958 3511 eum
991 3458 1085 3524 qui
1119 3458 1172 3510 in
1198 3457 1418 3526 propria
1449 3466 1643 3510 natura
1665 3459 2234 3526 perstat,validiorem

659 3547 753 3600 illo
781 3562 904 3600 esse
941 3548 1034 3615 qui
1062 3562 1125 3599 ex
1161 3561 1260 3599 sna
1285 3530 1492 3598 natura
1521 3545 1688 3599 luerit
1711 3545 2056 3602 denmtatus:
2081 3547 2239 3601 deni-

659 3652 767 3705 que
792 3636 884 3703 qui
915 3637 1132 3705 Propria
1174 3636 1226 3689 in
1253 3637 1383 3690 sede
1415 3645 1618 3696 manet,
1647 3636 1939 3692 ﬁrmiorem
1971 3638 2063 3692 illo
2090 3654 2234 3704 esse,

659 3727 752 3794 qui
783 3726 846 3778 ad
879 3727 1040 3778 aliam
1069 3726 1366 3779 translatus
1399 3725 1583 3778 fuerit.
1608 3724 1749 3788 Quid
1773 3741 1905 3795 ergo
1934 3741 2235 3795 congruum

659 3817 1108 3886 conveniensque
1152 3831 1324 3886 scopo
1361 3817 1486 3870 est?
1516 3814 1720 3886 Nempe
1747 3817 1915 3870 rolmr
1951 3834 2111 3874 suum
2147 3835 2237 3883 po-

662 3908 776 3961 tius
805 3921 1158 3967 conservare,
1190 3921 1354 3972 quam
1402 3905 1762 3960 distrahendo
1797 3907 2068 3964 inﬁrmius
2111 3910 2236 3962 red-

662 3999 814 4054 dere.
847 3997 1146 4051 Videamns
1207 4005 1261 4050 et
1313 3998 1558 4061 tertium,
1605 4007 1788 4054 utrum
1841 4014 2034 4068 nempe
2066 4015 2237 4070 scopo

662 4095 807 4144 actio
839 4090 1190 4158 respondeat.
1225 4090 1530 4153 Quamnam
1573 4090 1741 4154 igitur
1792 4090 2008 4144 ﬁnalem
2059 4092 2238 4146 vieto-

665 4182 756 4235 ria:
809 4181 1098 4234 utilitatem
1130 4195 1254 4234 esse
1290 4179 1508 4232 dicitis?
1543 4181 1704 4234 Certe
1734 4188 1829 4233 aut
1861 4181 2119 4235 essentia:
2144 4181 2235 4235 Dei

663 4274 1144 4328 conservationem
1189 4287 1315 4325 esse
1362 4270 1584 4331 dicetis,
1617 4279 1712 4323 aut
1759 4286 1826 4325 ne
1859 4272 2081 4340 preprio
2115 4272 2238 4325 loco

663 4365 975 4426 decederet,
1011 4370 1107 4415 aut
1135 4372 1192 4415 ut
1227 4360 1611 4415 destrueretur
1645 4359 1872 4420 materia
1909 4362 1988 4414 vel
2029 4363 2083 4415 in
2126 4379 2240 4417 meo

2339 1899 2522 1952 τοίνυν
2556 1900 2696 1952 κατά
2731 1898 2895 1969 φύσιν
2921 1900 3040 1953 ἐστὶ
3066 1899 3145 1970 τῷ
3173 1899 3330 1969 Θεῴ;
3367 1899 3618 1970 Δηλονὸτι
3648 1899 3712 1949 τὸ
3742 1897 3946 1965 ἀγένη-

2340 2009 2431 2045 τον
2461 1993 2554 2046 καὶ
2582 1993 2643 2046 τὸ
2671 1992 2972 2064 ἄφθαρτον,
3012 1993 3105 2046 καὶ
3133 1993 3195 2046 τὸ
3222 1995 3443 2061 ἀγαθὸν,
3484 1993 3576 2045 καὶ
3629 1991 3756 2045 καθ’
3797 1993 3945 2059 ὑμεῖς

2341 2083 2700 2153 Μανιχαίους,
2747 2085 2841 2136 καὶ
2863 2085 2920 2137 tv
2953 2083 3033 2154 τῷ
3075 2085 3264 2152 οἰκείῳ
3306 2087 3486 2152 μεῖναι
3527 2084 3874 2152 τόπῳ.Ἀλλ⁹
3911 2085 3946 2150 ἡ

2341 2177 2541 2246 πρᾶξις
2569 2178 2712 2229 κατά
2748 2177 2846 2247 τὴν
2895 2176 3050 2245 ὑμῶν
3093 2176 3351 2228 ὑπόθεσιν
3382 2176 3602 2228 ἐναντία
3653 2177 3721 2242 τῇ
3773 2174 3942 2241 φύσει

2339 2269 2652 2322 δείκνυταιο
2701 2269 3024 2340 λυμαίνεται
3071 2269 3180 2340 γὰρ
3230 2271 3364 2322 πᾶσι
3413 2271 3524 2331 τοῖς
3573 2268 3900 2338 εἰρημένοις
3931 2285 3942 2294 ·

2339 2361 2462 2414 οὕτε
2493 2363 2603 2432 γὰρ
2641 2357 2720 2424 εἷς
2755 2362 3020 2432 ἀγένητος
3049 2360 3293 2431 διαμένει
3337 2362 3366 2412 6
3413 2357 3492 2423 εἷς
3527 2360 3736 2426 ἀγαθὸς
3776 2358 3944 2421 Θεὸς,

2339 2457 2467 2508 ὃταν
2518 2457 2595 2517 εἰς
2637 2455 2731 2507 δύο
2779 2454 2812 2524 ἢ
2867 2455 2961 2508 καὶ
2995 2453 3164 2507 πλείω
3193 2454 3432 2522 ἀγένητα
3477 2453 3753 2522 διαιρεθῇ.
3794 2453 3940 2504 Οὕτε

2341 2545 2577 2614 ἀγαθός’
2631 2545 2732 2599 ποῦ
2767 2545 2875 2614 γὰρ
2910 2544 3114 2613 ἀγαθὸς
3149 2546 3178 2597 6
3204 2546 3397 2597 ἑαυτὸν
3428 2545 3723 2614 ὲχθράνας,
3753 2545 3782 2594 6
3838 2547 3941 2614 μέ-

2343 2654 2436 2708 ρος
2461 2654 2515 2690 τι
2543 2635 2736 2690 ἑαυτοῦ
2769 2635 2996 2705 προδοὺς
3024 2639 3136 2698 τοῖς
3169 2636 3489 2706 πολεμίοις;
3538 2635 3645 2688 [Ιοῦ
3673 2636 3723 2688 δ’
3754 2637 3823 2688 ἂν
3853 2638 3943 2704 εῐη

2341 2725 2566 2794 ἀγαθὸς,
2603 2725 2794 2779 ἑαυτὸν
2847 2723 2948 2793 μὲν
2997 2725 3298 2796 ἐλευθερῶν
3336 2726 3426 2778 διὰ
3458 2729 3557 2795 τῆς
3589 2723 3688 2777 τοῦ
3717 2728 3941 2795 κόσμου

2342 2820 2634 2886 ποιήσεως,
2656 2818 2744 2870 ἐπ’
2774 2819 2980 2888 ὀλέθρῳ
3007 2817 3065 2870 δὲ
3090 2817 3197 2870 τῶν
3224 2817 3749 2887 δημιουργηθέντων
3776 2818 3948 2871 τοῦτο

2341 2909 2548 2974 ποιῶνς
2582 2907 2696 2961 ἀλλ’
2726 2907 2852 2962 οὕτε
2878 2910 2936 2961 tv
2969 2908 3155 2977 οἰκείῳ
3175 2908 3326 2978 τόπῳ
3350 2907 3590 2976 διέμεινε
3619 2909 3943 2974 παντελῶς,

2343 2998 2613 3066 μετέπεσε
2653 2999 2762 3067 γὰρ
2805 2998 2971 3052 αὐτοῦ
3007 2998 3172 3069 μέρος
3199 2999 3292 3051 ἐπὶ
3322 2997 3415 3050 τὸν
3444 3001 3608 3050 τόπον
3637 2998 3743 3066 τῆς
3779 2999 3940 3069 ὕλης.

2341 3089 2606 3160 Δεύτερον
2634 3089 2894 3160 ζητητέον
2929 3092 2976 3143 εἰ
3020 3090 3099 3160 τῷ
3144 3090 3332 3159 σκοπῷ
3377 3090 3671 3152 ἀκόλουθός
3718 3092 3877 3142 ἐστιν
3909 3094 3941 3160 ἡ

2345 3181 2565 3251 πρᾶξις.
2607 3183 2704 3244 Τίς
2751 3178 2842 3235 οὖν
2872 3184 2900 3235 6
2930 3183 3163 3246 σκοπός;
3215 3182 3385 3250 Δῆλον
3413 3183 3496 3234 ὅτι
3543 3182 3574 3250 ἡ
3617 3182 3744 3250 νίκη
3774 3199 3788 3212 ο
3823 3183 3942 3234 δεί-

2345 3289 2536 3325 κνυται
2564 3273 2620 3325 δὲ
2647 3274 2744 3325 καὶ
2775 3275 2831 3324 tv
2858 3273 2938 3342 τῷ
2971 3273 3160 3342 σκοπῷ
3193 3273 3433 3326 ἐναντίον
3463 3272 3664 3340 ἔχουσα
3713 3274 3747 3341 ἡ
3794 3276 3944 3341 πρᾶ-

2345 3363 2464 3430 ξις’
2513 3363 2672 3432 δῆλον
2723 3363 2832 3434 γάρ
2879 3367 2961 3418 ὅτι
3008 3367 3036 3418 6
3079 3364 3392 3434 ἡνωμένος,
3429 3363 3521 3414 τοῦ
3578 3363 3942 3431 μερισθέντος

2350 3455 2724 3528 ἰσχυρότεροςο
2757 3457 2850 3509 κα)⁵
2877 3457 2904 3508 6
2929 3457 3068 3510 κατὰ
3098 3457 3279 3523 φύσιν,
3305 3453 3399 3508 τοῦ
3428 3455 3579 3524 παρᾶ
3611 3456 3782 3523 cla-Sam
3804 3475 3940 3525 τρε-

2348 3546 2541 3609 πέντος
2577 3545 2975 3618 δυνατώτεροςο
3008 3547 3100 3600 καὶ
3141 3549 3171 3600 6
3199 3548 3256 3600 tv
3287 3546 3366 3617 τῷ
3399 3547 3511 3616 ἰδίῳ
3541 3547 3693 3614 τόπῳ
3729 3549 3938 3615 μένων,

2344 3637 2438 3692 τοῦ
2471 3639 2868 3709 μεταπεσόντος
2895 3643 2974 3702 εἰς
2999 3639 3186 3710 ἕτερον
3207 3639 3390 3692 τόπον.
3422 3639 3487 3691 Τί
3512 3638 3606 3691 οὖν
3633 3640 3940 3692 ἀκόλουθον

2345 3731 2441 3784 καὶ
2464 3730 2749 3800 πρεπῶδες
2768 3730 2846 3800 τῷ
2870 3729 3085 3799 σκοτιῷς
3121 3732 3357 3800 τηρῆσαι
3399 3730 3597 3800 μᾶλλον
3622 3729 3723 3799 τὴν
3753 3732 3933 3798 Eafa-1,

2345 3823 2440 3874 καὶ
2463 3822 2538 3892 μὴ
2559 3825 2624 3892 τῇ
2649 3821 2931 3876 διαστάσει
2951 3821 3347 3889 ἀσθενεστέραν
3369 3821 3575 3889 ταύτην
3611 3825 3816 3875 ποιεῖν.
3841 3823 3934 3874 ΕΞ-

2343 3910 2525 3981 δωμεν
2543 3911 2599 3964 δὲ
2623 3911 2717 3963 καὶ
2733 3910 2794 3963 τὸ
2813 3911 2997 3981 τρίτον
3017 3912 3066 3962 εί
3090 3910 3424 3980 κατάλληλος
3449 3912 3524 3979 τῷ
3555 3912 3702 3963 τέλει
3726 3915 3760 3980 ἡ
3792 3915 3936 3980 πρᾶο

2346 4001 2448 4066 ξις.
2493 4001 2557 4054 Τί
2597 3996 2691 4054 οὖν
2727 4001 2788 4054 τὸ
2827 4002 2892 4054 ἐκ
2927 4003 3026 4071 τῆς
3060 4001 3216 4069 νίκης
3240 4000 3393 4062 τέλος
3417 4003 3592 4068 (part;
3632 4003 3666 4071 ἦ
3691 4003 3805 4072 γὰρ
3833 4003 3934 4074 τὴν

2345 4091 2594 4160 φυλακὴν
2615 4092 2714 4160 τῆς
2747 4091 3060 4154 συστάσεως
3086 4091 3176 4144 τοῦ
3201 4091 3337 4144 Θεοῦ
3361 4094 3538 4161 ἐρεῖτε
3561 4093 3874 4157 παντελῶς,
3897 4094 3931 4163 ἦ

2343 4183 2445 4251 τὴν
2467 4180 2779 4250 ἐλευθερίαν
2803 4181 2836 4251 ἢ
2860 4181 2922 4234 τὸ
2943 4182 3036 4234 τοῦ
3055 4181 3258 4235 οἰκείου
3278 4181 3440 4234 τόπου
3469 4182 3544 4250 μὴ
3570 4184 3908 4254 μεταστῆναι

2344 4271 2378 4342 ἢ
2414 4271 2501 4324 ἴνα
2537 4272 2799 4340 ἀναιρεθῇ
2824 4272 2856 4340 ἡ
2881 4270 3006 4342 ὕλη,
3031 4273 3064 4341 ἢ
3087 4274 3173 4325 ἵνα
3206 4272 3519 4342 μεταδληθῇ
3547 4274 3640 4325 ἐπὶ
3662 4275 3727 4326 τὸ
3751 4277 3935 4346 κρεῖτο

2344 4377 2462 4413 τον·
2500 4360 2614 4413 ἀλλ’
2651 4362 2686 4432 ἡ
2721 4360 2918 4432 πρᾶξις
2951 4362 3294 4423 τδ,ὲναντίον
3341 4363 3555 4426 τούτοις
3593 4365 3932 4436 ὑπαγορεύει

663 4456 770 4508 lius
805 4459 1243 4506 converteretur.
1269 4451 1524 4504 Attamen
1549 4453 1826 4504 contraria
1862 4451 1948 4504 bis
1984 4460 2239 4520 reputare

2346 4452 2507 4502 νοεῖν.
2536 4448 2675 4503 Οὕτε
2697 4450 2804 4520 γάρ
2843 4453 2877 4520 ἡ
2911 4450 3169 4512 σύστασις
3187 4449 3281 4502 τοῦ
3307 4449 3442 4502 Θεοῦ
3473 4451 3529 4501 ὲν
3553 4450 3630 4518 τις)
3660 4455 3808 4504 κατὰ
3831 4453 3933 4518 g6-

664 4544 806 4597 actio
855 4541 1074 4598 suadet.
1125 4540 1260 4594 Nam
1305 4555 1484 4607 neque
1517 4538 1608 4593 Dei
1643 4540 1884 4593 essentia
1921 4540 1976 4592 in
2006 4555 2105 4592 sua
2140 4557 2242 4594 na-

665 4645 788 4687 tura
854 4632 1112 4701 perstitit,
1173 4639 1327 4699 parte
1370 4628 1647 4697 proiecta;
1702 4642 1880 4696 neque
1948 4628 2242 4684 incolumis

669 4728 897 4778 libertas
953 4723 1075 4784 fuit,
1139 4721 1328 4774 mundi
1369 4721 1513 4774 enim
1566 4720 1818 4774 inserviit
1873 4722 2236 4789 generationi,

667 4825 878 4886 partem
932 4815 1018 4868 sui
1058 4812 1333 4865 creaturis
1377 4810 1740 4879 impertiens:
1806 4825 1984 4878 neque
2021 4811 2240 4864 demum

666 4908 723 4962 in
764 4906 986 4976 proprio
1012 4919 1072 4958 se
1099 4903 1375 4956 continuit
1403 4903 1544 4965 loco,
1571 4909 1724 4970 parte
1760 4901 1932 4969 ipsius
1967 4901 2032 4956 ad
2069 4911 2241 4958 mate-

667 5003 804 5056 riam
847 5000 1132 5054 translata.
1183 4996 1369 5066 Neque
1419 4997 1660 5049 materia:
1711 5003 1904 5048 natura
1960 5003 2240 5064 perempta

669 5095 772 5147 fuit
810 5099 904 5145 ant
954 5094 1200 5143 mutata:
1254 5087 1459 5140 mansit
1507 5088 1653 5139 enim
1703 5084 1971 5154 quidquid
2011 5095 2132 5140 erat
2171 5085 2241 5138 ab

669 5185 826 5239 initio
867 5179 1259 5236 indcmntabile
1295 5196 1309 5232 :
1341 5177 1411 5230 ita
1449 5185 1504 5230 ut
1536 5191 1674 5230 vana
1727 5191 2142 5245 quaqueversus
2175 5191 2239 5230 ac

671 5280 817 5329 l'atna
856 5278 1117 5342 appareat
1158 5271 1272 5324 hate
1297 5284 1420 5338 quae
1455 5284 1485 5321 a
1514 5268 1671 5321 vobis
1716 5267 1919 5320 tabula:
1948 5267 2126 5321 instar
2153 5267 2244 5337 hy-

671 5364 912 5434 potliesis
955 5361 1222 5415 fabricata
1264 5371 1367 5413 est.
1410 5359 1563 5414 Licet
1601 5373 1733 5412 vero
1760 5359 1925 5412 etiam
1954 5372 2019 5412 ex
2047 5370 2244 5426 opera-

671 5458 932 5520 tionilms,
968 5463 1022 5509 et
1053 5469 1117 5506 ex
1151 5467 1348 5516 causa,
1383 5463 1436 5505 et
1484 5468 1546 5505 ex
1581 5452 1738 5512 locis,
1769 5465 1908 5518 quos
1939 5449 2239 5519 subjunge-

672 5565 814 5613 mns,
867 5556 1068 5601 vestra:
1136 5544 1569 5613 irreligiositatis
1637 5543 2031 5596 absurdilalem
2084 5556 2242 5596 coar-

671 5657 856 5710 guere.
887 5639 960 5692 Ex
986 5637 1304 5706 operatione
1329 5636 1547 5706 quidem
1580 5637 1657 5690 sic
1680 5634 1925 5689 funditus
1952 5636 2236 5688 evertitur.

674 5736 727 5786 Si
761 5732 1048 5787 contraria:
1077 5737 1207 5786 sunt
1243 5736 1476 5794 naturai,
1531 5728 1810 5783 contraria
1861 5741 2081 5796 quoque
2111 5741 2239 5794 ope-

2343 4556 2428 4592 σιν
2453 4540 2712 4608 διέμεινε,
2737 4539 3088 4609 προδοθέντος
3110 4539 3206 4592 τοῦ
3233 4539 3433 4609 μέρους
3458 4557 3471 4570 ·
3508 4538 3634 4593 οὕτε
3656 4541 3690 4609 ἡ
3715 4541 3932 4595 ἐλευθε-

2345 4631 2456 4702 ρία,
2479 4631 2760 4683 ἐδούλευσε
2793 4631 2902 4700 γὰρ
2935 4633 3000 4700 τῇ
3032 4630 3246 4696 γενέσει
3266 4629 3362 4682 τοῦ
3386 4632 3614 4699 κόσμου,
3637 4632 3698 4696 ἐξ
3732 4631 3931 4686 ἑαυτοῦ

2347 4719 2512 4789 μέρος
2532 4721 2645 4782 τοῖς
2665 4719 3149 4789 δημιουργηθεῖσιν
3169 4718 3345 4782 ὲνθείς
3368 4737 3381 4750 ο
3418 4719 3541 4772 οὕτε
3573 4720 3629 4772 δὲ
3660 4721 3721 4772 ἐν
3744 4722 3823 4790 τῷ
3851 4725 3927 4774 οἱ·

2343 4811 2480 4880 κείῳ
2500 4810 2738 4879 διέμεινε
2767 4811 2936 4879 τόπῳ,
2964 4810 3328 4879 μεταστάντος
3348 4809 3442 4862 τοῦ
3471 4810 3678 4878 μέρους
3704 4812 3797 4862 ὲπὶ
3833 4811 3930 4879 τὴν

2345 4903 2497 4972 ὕλην.
2513 4901 2651 4955 Οὕτε
2673 4902 2730 4954 δὲ
2751 4903 2782 4970 ἡ
2807 4900 2969 4970 φύσις
2993 4902 3092 4968 τῆς
3116 4900 3246 4970 ὕλης
3263 4900 3504 4971 ἀνῃρέθη
3531 4901 3563 4970 ἦ
3594 4899 3924 4970 μετεϐλήθη·

2343 4995 2526 5064 ἔμεινε
2554 4993 2663 5061 γὰρ
2686 4993 2714 5046 ὃ
2738 4988 2808 5064 ἦν
2829 4992 2888 5057 ἐξ
2913 4993 3086 5064 ἀρχῆς
3110 4993 3552 5063 ἀμετάτρεπτον·
3592 4991 3667 5054 ὥς
3691 5009 3756 5057 γε
3791 5010 3926 5045 παν-

2342 5085 2571 5156 ταχὸθεν
2613 5085 2778 5137 ἕωλον
2818 5088 2914 5137 καὶ
2954 5083 3145 5154 μωρὰν
3183 5083 3494 5136 δείκνυσθαι
3519 5084 3616 5151 τὴν
3641 5085 3919 5144 ὑπόθεσιν,

2343 5179 2411 5248 ἢν
2453 5175 2877 5247 μυθολογοῦντες
2916 5174 3285 5243 συνεθήκατε,
3326 5174 3443 5226 ἐστι
3485 5175 3541 5228 δὲ
3585 5177 3676 5227 καὶ
3718 5177 3780 5228 ὲκ
3819 5175 3920 5227 τῶν

2342 5267 2635 5339 ἐνεργειῶν
2657 5265 2872 5335 καὶτῆς
2892 5266 3070 5329 αἰτίας
3091 5267 3200 5319 κάκ
3219 5265 3328 5318 τῶν
3349 5265 3554 5326 τόπων,
3576 5258 3650 5317 ὧν
3673 5266 3920 5318 ύποτίθε·

2346 5375 2466 5428 μεν,
2497 5358 2597 5428 τῆς
2630 5356 2885 5419 ἀσεϐείας
2919 5355 3074 5425 ὑμῶν
3109 5355 3327 5423 ἐλέγξαι
3361 5355 3422 5407 τὸ
3455 5356 3676 5409 ἄτοπον.
3698 5357 3792 5409 Ἐκ
3823 5357 3918 5424 μὲν

2341 5444 2435 5502 οὖν
2462 5448 2562 5518 τῆς
2593 5447 2873 5515 ἐνεργείας
2904 5445 3316 5517 ἀνατρεπικῶς
3359 5445 3557 5509 οὕτως.
3595 5447 3655 5499 Εί
3687 5447 3915 5500 ἐναντίαι

2342 5541 2397 5592 αἱ
2431 5538 2642 5609 φύσεις,
2673 5536 2890 5590 ἐναντία
2930 5536 3026 5590 καὶ
3068 5535 3336 5607 ἐνέργεια.
3384 5537 3446 5590 Εἰ
3477 5533 3570 5590 οὖν
3602 5540 3635 5607 η
3667 5536 3758 5590 τοῦ
3785 5537 3912 5589 Θεοῦ

2342 5631 2591 5701 ἐνέργεια
2634 5627 2890 5700 ποιητικὴ
2917 5628 3278 5697 ὁμολογεῖται,
3301 5629 3334 5697 ή
3363 5627 3465 5696 τῆς
3493 5628 3624 5697 ὕλης
3646 5629 3912 5696 παθητικὴ

2345 5723 2526 5776 ἔσται·
2565 5721 2612 5774 εἰ
2651 5720 2707 5774 δὲ
2735 5718 2914 5785 τοῦτο,
2948 5719 3236 5774 ὑπόκειται
3267 5719 3376 5788 ἄρα
3417 5717 3492 5790 τῷ
3526 5719 3646 5790 Θεῷ
3676 5720 3768 5772 καὶ
3799 5718 3911 5772 δον-
