4112 6448
681 389 820 458 1335
2114 404 2260 463 ADD

2359 404 2491 463 (DA.
3836 406 3964 468 1336

680 515 862 561 vestra
919 506 988 561 de
1039 521 1223 561 rerum
1286 508 1653 579 repugnantia
1701 510 1953 566 doctrina
2016 497 2247 566 corruit.

2359 515 2565 584 σιότητι
2601 513 2712 585 γὰρ
2744 515 2839 567 καὶ
2887 514 2989 569 οὐκ
3035 516 3249 587 ἀνάγκῃ
3303 515 3518 584 φύσεως
3566 516 3865 585 ἄνθρωποι
3910 520 3963 569 τὺ

677 600 903 653 Natura:
940 600 1085 653 enim
1137 602 1432 655 contrariae
1489 603 1722 657 invicem
1774 604 2116 659 coexsistere
2150 620 2247 660 ne-

2360 605 2551 659 δοκοῦν
2579 607 2639 660 ὲν
2666 607 2878 678 αἱρέσει
2909 608 3234 679 ποιούμεθα.
3273 609 3459 673 Τέλος.

676 700 907 760 queunt.
950 694 1129 761 Atque
1163 694 1235 745 ita
1270 701 1602 762 portentosa:
1654 706 1851 750 vestrae
1884 695 2081 750 fabulae
2110 712 2527 766 quaqueversus
2551 700 2951 769 exploduntur.
3016 700 3097 757 Ne
3161 703 3351 771 itaque
3422 712 3637 757 vosmet
3701 700 3961 770 aliosque

677 785 865 851 impiis
900 785 1253 853 dogmatibus
1288 802 1385 838 ceu
1430 788 1606 855 spinis
1655 788 1994 859 implicetis;
2054 791 2149 843 sed
2188 791 2253 843 ad
2294 793 2543 847 veritatis
2585 794 2763 849 lucem
2815 803 3201 864 properantes,
3270 794 3505 848 inscitiae
3551 793 3827 847 tenebras
3894 809 3956 847 ex

676 880 967 934 animabus
1015 883 1214 934 Vestris
1267 882 1471 949 pellite.
1517 883 1731 938 Etenim
1770 884 1945 939 libero
1994 885 2252 950 arbitrio,
2295 901 2405 941 non
2442 898 2653 944 natura:
2682 892 3035 955 necessitate,
3082 906 3186 945 nos
3232 891 3487 945 homines
3550 891 3703 963 quod
3782 888 3955 943 visum

680 969 861 1036 fuerit,
895 970 1205 1026 faciendum
1235 973 1516 1041 eligimus.
1551 972 1809 1043 Explicit.

1547 1200 3948 1231 mw

714 1215 1015 1228 —-————

1155 1409 1839 1525 ΙΩΑΝΝΟΥ
1932 1410 2233 1526 ΤΟΥ
2325 1408 3480 1527 ΔΑΜΑΣΚΗΝΟΥ²

1006 1677 1518 1772 ΔΙΑΛΕΞΙΣ
1590 1678 1624 1731 ¹³
1757 1683 2489 1772 ΣΑΡΡΑΚΗΝΟΥ
2587 1686 2781 1769 ΚΑΙ
2894 1683 3589 1771 ΧΡΙΣΤΙΛΝΟΥ.

1427 1938 1548 2052 8.
1694 1939 2295 2056 JOANNIS
2376 1938 3199 2053 DAMASCENI

1085 2196 1817 2294 DlSPUTATIO
1889 2201 2462 2294 SABACENI
2545 2200 2697 2290 ET
2772 2197 3518 2292 CHRISTIANI.

2272 2439 2341 2451 .-

1759 2586 1858 2655 (Ex
1893 2587 2031 2641 Bibl.
2061 2587 2411 2643 Gallandiana
2446 2598 2482 2641 t.
2520 2588 2659 2647 Xlll.
2687 2588 2836 2658 272.)

746 2895 1118 2967 Interrogatus
1145 2896 1493 2952 Christianus
1530 2916 1561 2951 a
1608 2897 1979 2956 SABACENO
2011 2919 2026 2957 :
2076 2902 2247 2968 Quem
2287 2906 2326 2959 Β

673 2991 756 3043 ais
784 3005 1007 3043 causam
1039 3006 1162 3043 esse
1192 2990 1319 3042 boni
1359 2991 1601 3045 malive?

744 3079 1214 3136 CHRISTIANUS
1240 3083 1554 3148 respondit:
1581 3082 1839 3138 Omnium
1866 3084 2134 3140 bonorum
2160 3101 2255 3141 ne-

674 3172 878 3225 minem
916 3172 1154 3225 dicimus
1192 3187 1317 3227 esse
1345 3188 1569 3227 causam
1602 3184 1801 3244 praeter
1830 3191 1998 3246 quam
2042 3176 2252 3241 Deum,

675 3263 805 3314 mali
833 3277 963 3316 vero
992 3277 1101 3316 non
1137 3264 1292 3318 item.

743 3350 807 3404 Et
844 3354 1182 3422 respondens
1216 3353 1460 3410 SARAC.
1488 3356 1604 3411 ait:
1636 3356 1807 3423 Quem
1845 3358 1987 3413 dicis
2024 3374 2253 3414 causam

672 3460 797 3499 esse
825 3446 1089 3499 malorum
1117 3448 1141 3499 ?

742 3534 1019 3590 CllRlST.
1060 3537 1196 3592 Eum
1235 3539 1445 3593 scilicet
1484 3540 1576 3609 qui
1605 3554 1673 3593 ex
1703 3541 1976 3595 sententia
2006 3556 2104 3595 sua
2131 3541 2255 3595 dia-

672 3626 832 3679 bolus
867 3636 986 3687 est.
1026 3643 1089 3680 ac
1124 3644 1224 3683 nos
1254 3632 1419 3683 etiam
1451 3631 1723 3686 homines.

745 3716 991 3769 SMUC.
1035 3719 1211 3783 Cuius
1248 3726 1322 3774 rei
1359 3721 1586 3789 gratia?

742 3806 1023 3863 (IIIRIST.
1064 3807 1295 3877 Propter
1330 3810 1563 3864 liberum
1594 3810 1911 3863 arbitrium.

745 3898 827 3952 SA
840 3898 990 3953 ΒΔΕ.
1023 3899 1167 3964 Quid
1194 3901 1360 3969 ergo?
1386 3899 1639 3956 Liberine
1664 3916 1723 3956 es
1751 3900 1964 3955 arbitrii
1988 3942 2003 3966 ,
2022 3908 2075 3955 et
2100 3917 2249 3970 qum-

672 4004 893 4058 cunque
928 3991 1009 4045 vis
1041 4006 1204 4059 agere
1232 3992 1430 4044 vales?

2436 2901 2780 2970 Ἐρωτισθεὶς
2812 2902 2847 2954 ’ὁ
2869 2899 3196 2970 Χριστιανὸς
3249 2899 3401 2969 παρὰ
3432 2900 3877 2957 ΣΑΡΗΝΟΥΔΚ
3904 2914 3952 2965 ⁸,

2359 2990 2483 3044 τίνα
2513 2992 2694 3057 λέγεις
2725 2992 2898 3043 αἴτιον
2938 2990 3107 3043 καλοῦ
3141 2992 3234 3044 καὶ
3263 2990 3436 3044 κακοῦ
3464 3008 3478 3055 ;
3519 2991 3761 3061 ’Δπορία
3791 2992 3847 3045 ἀ.

2430 3084 2471 3135 0
2518 3084 2938 3135 ΧΡΙΣΤΙΛΝΟΣ
2999 3079 3183 3135 εἷπεψ
3242 3083 3470 3136 Πάντων
3531 3083 3640 3135 τῶν
3723 3086 3956 3151 ἀγαθῶν

2356 3175 2547 3227 οὐδένα
2580 3175 2757 3244 φαμὲν
2789 3174 2965 3227 αἴτιον
3012 3169 3153 3228 εἶναι
3187 3175 3234 3226 εξ
3267 3173 3341 3243 μὴ
3392 3174 3485 3225 τὸν
3531 3173 3668 3226 Θεὸν
3697 3214 3715 3239 ,
3775 3176 3955 3231 κακοῦ

2356 3266 2414 3319 δὲ
2441 3266 2526 3321 οὔ.

2427 3360 2541 3411 Καὶ
2600 3357 2920 3428 ἀποκριθεὶς
2972 3360 3001 3410 6
3045 3358 3296 3411 ΣΑΡΑΚ.
3342 3351 3533 3408 εἶπεν·
3582 3357 3728 3410 Τίνα
3772 3358 3956 3425 λέγεις

2356 3449 2529 3501 αἴτιον
2562 3444 2836 3501 εἶναιτῶν
2870 3448 3060 3502 κακῶν
3087 3466 3101 3513 ;

2427 3542 2468 3593 0
2496 3541 2719 3593 ΧΡΙΣΤ.
2735 3541 2777 3591 Τ
2781 3541 2840 3592 ὸν
2857 3541 2964 3593 ἀπὸ
2992 3539 3219 3609 γνώμης
3242 3539 3372 3593 ὄντα
3403 3539 3652 3594 διάϐολον
3675 3540 3954 3612 δηλονότι,

2356 3632 2451 3684 καὶ
2476 3633 2627 3701 ἡμᾶς
2650 3632 2779 3694 τοὺς
2805 3630 3150 3702 ἀνθρώπους.

2426 3724 2468 3774 0
2495 3723 2743 3775 ΣΑΡΑΚ.
2778 3720 2955 3791 Χάριν
2992 3722 3137 3783 τίνος
3166 3740 3179 3787 ;

2429 3813 2471 3863 0
2500 3810 2727 3863 ΧΡΙΣΤ.
2770 3812 2869 3865 Διά
2911 3813 2973 3864 τὸ
3011 3812 3381 3876 αὐτεξούσιον.

2427 3903 2468 3954 0
2491 3900 2741 3952 ΣΑΡΑΚ.
2768 3901 2832 3953 Τί
2855 3896 2976 3966 οὖν;
3011 3899 3355 3962 αὐτεξούσιος
3405 3893 3476 3961 εἴ,
3520 3897 3621 3950 καὶ
3641 3896 3753 3952 ὅςὴ
3779 3898 3955 3961 θέλεις

2353 3988 2582 4042 δύνασαι
2613 3992 2788 4042 ποιεῖν
2810 4006 2824 4054 ;

738 4081 1016 4136 CIIRIST.
1058 4084 1132 4137 Ex
1165 4084 1384 4138 duobus
1415 4084 1573 4149 solis,
1600 4084 1654 4138 in
1683 4084 1790 4138 alio
1823 4083 2093 4138 formatus
2141 4099 2250 4137 non

673 4175 749 4229 fui
788 4190 817 4227 a
852 4174 959 4229 Deo
985 4176 1129 4229 liber
1159 4176 1417 4230 arbitrio.

742 4266 990 4320 SARAC.
1034 4268 1165 4332 Qum
1196 4276 1328 4321 sunt
1358 4267 1514 4322 haec?

738 4359 1015 4414 CllBlS'l‘.
1060 4361 1206 4414 Bona
1231 4376 1398 4430 agens
1424 4376 1530 4415 non
1565 4362 1730 4416 timeo
1763 4363 1934 4433 legem
1955 4402 1971 4427 ,
1998 4365 2134 4435 quin
2160 4380 2252 4435 po-

668 4452 780 4505 tius
816 4462 869 4506 et
907 4453 1218 4506 mercedem
1258 4460 1311 4505 et
1352 4453 1796 4507 misericordiam
1836 4470 1865 4507 a
1907 4454 2016 4511 Deo
2047 4471 2248 4513 conse-

667 4558 810 4613 quor
836 4563 846 4596 :
885 4544 1033 4597 baud
1062 4543 1224 4598 aliter
1256 4547 1423 4597 etiam
1465 4543 1719 4599 diabolus
1748 4545 1969 4614 (fuisset
1998 4564 2251 4602 consecu-

670 4632 809 4702 tus).
854 4630 1069 4688 Primus
1106 4634 1268 4685 homo
1306 4632 1461 4686 liberi
1504 4628 1723 4688 arbitrii
1774 4634 2048 4691 formatus
2100 4645 2187 4693 est
2219 4653 2249 4692 a

667 4722 815 4785 Deo,
857 4729 910 4775 et
944 4723 1233 4790 peccavit;
1267 4721 1411 4776 Deus
1442 4738 1575 4776 vero
1605 4723 1671 4777 de
1702 4724 1934 4793 proprio
1970 4733 2117 4778 statu
2153 4726 2250 4780 de-

667 4813 917 4868 turbavit
947 4831 1094 4868 eum.
1136 4816 1206 4868 At
1254 4815 1494 4869 fortasse
1528 4816 1697 4869 etiam
1740 4814 1897 4870 dicas
1938 4818 2072 4871 mibi
2109 4818 2253 4887 obji-

666 4907 905 4961 ciendo:
943 4909 1205 4970 Quzenam
1246 4916 1375 4960 sunt
1405 4923 1526 4977 qua:
1562 4908 1693 4960 mihi
1736 4907 1981 4977 loqueris
2015 4908 2158 4963 bona
2197 4917 2254 4963 et

2425 4088 2467 4137 Ο
2506 4083 2730 4138 ΧΡΙΣΤ.
2776 4085 2872 4138 Ἐκ
2913 4084 3007 4137 δύο
3037 4083 3234 4153 μόνων,
3266 4084 3326 4135 ὲν
3351 4082 3497 4153 ἄλλῳ
3525 4082 3589 4135 οὐ
3619 4082 3952 4151 πέπλασμαι

2354 4176 2459 4229 ὑπὸ
2481 4175 2617 4228 Θεοῦ
2648 4175 3015 4238 αὑτεξούσιος.

2277 4257 2320 4312 C
2429 4272 2470 4322 0
2500 4270 2749 4325 ΣΛΡΑΚ,
2786 4270 2924 4322 Ποῖα
2953 4268 3167 4332 casu;

2429 4362 2470 4413 Ο
2499 4361 2727 4415 ΧΡΙΣΤ.
2746 4361 2827 4413 Τά
2854 4361 2999 4414 κακά
3018 4376 3037 4399 ο
3070 4360 3170 4429 μὲν
3196 4361 3453 4430 πράττων
3468 4358 3528 4411 οὑ
3551 4357 3728 4425 φοϐοῦ
3740 4378 3843 4429 μαι
3872 4358 3945 4411 ἐἰη

2357 4451 2523 4519 νόμον
2548 4492 2562 4515 ,
2599 4450 2735 4504 ἀλλά
2780 4452 2875 4504 καὶ
2907 4452 3157 4519 τιμῶμαι
3184 4490 3198 4511 .
3235 4453 3330 4503 καὶ
3365 4450 3629 4518 ὲλεοῦμαι
3687 4451 3810 4503 ὑπὸ
3863 4449 3953 4502 τοῦ

2357 4535 2516 4590 Θεοῦ.
2564 4535 2796 4606 Ὁμοίως
2830 4540 2924 4590 καὶ
2973 4542 3001 4590 6
3045 4538 3313 4600 διάϐολος.
3368 4538 3596 4608 Πρῶτος
3651 4540 3951 4610 ἄνθρωπος

2356 4628 2705 4694 αὐτεξούσιος
2755 4628 3063 4682 πέπλασται
3093 4628 3198 4680 ὑπὸ
3228 4628 3324 4681 τοῦ
3361 4628 3499 4681 Θεοῦ
3542 4630 3639 4681 καὶ
3689 4631 3952 4699 ἡμάρτη-

2360 4734 2471 4783 σεν,
2503 4718 2598 4770 καὶ
2625 4720 2653 4771 6
2696 4718 2832 4781 Θεὸς
2870 4719 2970 4788 τῆς
3026 4720 3163 4783 ἰδίας
3208 4719 3421 4783 τάξεως
3470 4720 3708 4785 ἐξέωσεν
3764 4722 3947 4775 αὑτόν.

2370 4809 2512 4861 Ἀλλ’
2555 4810 2687 4872 ἴσως
2718 4813 2812 4861 καὶ
2855 4809 3039 4877 λέγεις
3082 4828 3174 4879 μοι
3198 4810 3497 4877 ἀντιλέγων
3518 4826 3532 4840 ·
3564 4809 3707 4865 Boii
3744 4815 3891 4865 εἰσιν
3918 4812 3949 4864 ἃ

2357 4900 2537 4967 λέγεις
2573 4917 2665 4969 μοι
2705 4900 2846 4953 καλὰ
2884 4902 2978 4953 καὶ
3020 4901 3208 4965 κακὰς
3245 4901 3263 4939 ἲ
3311 4901 3440 4955 Ἰδοὺ
3489 4901 3643 4968 ἥλιος
3668 4941 3681 4963 ,
3747 4902 3945 4969 σελήνη

666 5000 859 5053 mala?
913 4999 1055 5056 Ecce
1112 5000 1231 5064 sol,
1284 5001 1414 5055 luna
1453 5011 1507 5054 et
1545 5001 1715 5054 stella:
1757 4999 1915 5053 honre
1950 5008 2121 5054 sunt:
2166 5000 2253 5056 fac

2360 4993 2456 5045 καὶ
2482 4993 2715 5061 ἀστέρες
2744 4992 2899 5045 καλοί
2928 4994 3066 5046 εἰσιν
3086 5009 3101 5023 ·
3123 4994 3350 5063 ποίησον
3378 4992 3438 5045 ἓν
3460 4994 3521 5044 ἐκ
3548 4992 3771 5045 τούτων
3800 5012 3812 5024 -
3844 4996 3868 5035 ε
3890 4994 3945 5045 οὐ

666 5108 838 5147 unum
873 5108 941 5147 ex
970 5093 1079 5147 bis.
1110 5092 1230 5147 Non
1266 5101 1556 5162 propterea
1588 5092 1810 5159 praedixi
1846 5091 1947 5146 tibi
1981 5092 2248 5146 adversus

2359 5084 2547 5138 τούτου
2612 5087 2775 5154 χάριν
2813 5086 3069 5156 προλέγω
3127 5103 3207 5139 σοι
3260 5084 3399 5138 κατὰ
3462 5085 3572 5138 τῶν
3628 5084 3947 5154 ἀνθρώπων

666 5186 956 5249 homines,
994 5200 1191 5255 Operor
1229 5187 1372 5239 bona
1418 5192 1472 5240 et
1512 5186 1676 5238 mala.
1720 5184 1867 5238 Bona
1909 5192 2039 5239 sunt
2078 5183 2248 5253 igitur

2359 5180 2661 5250 ἐργάζομαι
2705 5179 2845 5232 καλά
2876 5181 2971 5233 καὶ
2994 5181 3141 5234 κακά
3167 5181 3213 5234 δ.
3250 5179 3428 5232 Καλὸν
3462 5180 3563 5249 μὲν
3587 5219 3604 5241 ,
3650 5172 3773 5231 οἷον
3808 5182 3939 5239 ἐστι,

664 5278 760 5332 Dei
794 5278 1125 5348 gloriﬁcatio
1154 5286 1209 5330 et
1238 5279 1424 5333 oratio
1452 5297 1463 5331 :
1505 5278 1647 5332 mala
1688 5286 1871 5331 autem
1910 5286 2039 5331 sunt
2073 5277 2245 5330 forni-

2359 5272 2628 5341 δοξολογῑα
2678 5273 2816 5327 Θεοῦ
2870 5275 2967 5327 καὶ
3015 5274 3319 5345 προσευχὴ.
3354 5273 3520 5326 Κακᾶ
3566 5272 3648 5336 δὲ,
3683 5272 3936 5343 πορνεξιι,

664 5372 832 5437 eatio,
860 5371 1088 5425 furtum.
1112 5371 1571 5441 Quandoquidem
1602 5368 1878 5440 quomodo
1899 5370 1981 5423 ais
2012 5380 2069 5422 tu
2102 5369 2241 5423 mala

2359 5368 2551 5438 κλεψία
2574 5387 2587 5401 ·
2623 5370 2747 5422 ἐπεὶ
2795 5370 2871 5433 ὡς
2911 5370 3093 5437 λέγεις
3130 5372 3194 5423 σὺ
3233 5368 3377 5423 καλά
3402 5369 3497 5421 καὶ
3524 5367 3675 5421 κακᾶ
3708 5368 3784 5421 ὲκ
3811 5367 3939 5420 Osca

1947 5522 2181 5577 VARUE
2219 5521 2617 5578 LECTIONES.

760 5661 787 5689 ι
823 5647 980 5700 Hunc
1020 5647 1259 5715 primum
1295 5661 1515 5699 versum
1541 5645 1608 5698 de
1639 5645 2225 5715 uostrupscripsirnus
2264 5644 2452 5701 Graece
2513 5654 2565 5699 et
2610 5644 2822 5699 Latine.
2897 5646 2925 5685 ι)
2955 5646 3030 5699 Ex
3060 5646 3182 5715 cod.
3235 5660 3339 5699 ms.
3399 5643 3542 5701 Bibl.
3606 5643 3927 5702 Vindolion.

670 5730 689 5758 ι
732 5717 865 5773 Vide
896 5714 1250 5785 Lequieuium
1274 5732 1330 5769 n.
1361 5717 1415 5780 7,
1450 5733 1501 5786 p.
1537 5715 1660 5768 467.
1764 5715 1787 5752 ἀ
1824 5714 1981 5786 Forte
2018 5715 2330 5786 ἀπόκρισις,
2374 5717 2678 5785 responsio.
2785 5728 2804 5754 τ
2846 5716 3020 5770 Καλά.
3134 5714 3149 5754 ¹
3182 5715 3442 5786 Lequien.
3498 5716 3591 5769 καὶ
3623 5717 3654 5769 6
3686 5717 3841 5773 ΣΑΡ.
3877 5716 3933 5770 Et

669 5786 797 5843 Em.
903 5790 926 5829 ε
957 5787 1409 5858 ΧΡΙΣ.Ι..εῳιὶθιι.
1454 5785 1461 5786 ί
1521 5788 1545 5826 h
1577 5786 1649 5839 Τὸ
1677 5785 2037 5855 ἀνθρώπινον.
2069 5785 2144 5839 Id.
