4112 6448
210 408 346 472 1337

1060 416 1519 481 DISPUTATIO
1561 424 1941 485 SARACENI
1971 427 2064 486 ET
2098 428 2573 489 CHRISTIANI.

3335 434 3471 499 1338

204 513 377 583 εἷναις
413 519 783 592 Εὐρεθήσεται
812 523 840 575 6
862 522 994 587 Θεὸς
1021 526 1164 578 κατὰ
1190 527 1250 577 σὲ
1279 528 1486 592 ἄδικος,
1517 531 1656 601 ὅπερ
1679 533 1757 584 οὐ)

1882 533 2135 603 bonaque
2163 551 2229 588 ex
2263 535 2373 588 Deo
2401 536 2573 592 esse?
2607 536 2929 593 Invenietur
2972 539 3116 596 Deus
3166 545 3469 598 secundum

202 608 373 663 ἔστιν.
417 610 567 664 Ἐπεὶ
609 612 717 683 γὰρ
758 613 786 666 6
821 612 954 677 Θεὸς
994 616 1350 685 προσέταξεν,
1379 618 1454 681 ὼς
1484 622 1548 673 σὺ
1576 621 1780 689 λέγεις,

200 701 292 751 τὸν
323 701 522 771 πόρνον
557 703 879 771 πορνεύειν,
928 705 1022 758 κοιλ⁸
1077 707 1168 758 τὸν
1214 708 1454 779 κλέπτην
1504 711 1779 780 κλέπτειν,

200 794 293 845 καὶ
323 794 413 845 τὸν
447 795 775 865 ἀνδροφόνον
808 797 1181 868 άνδροφονεῖν,
1224 800 1365 865 ἄξιοί
1398 805 1540 856 εἰσιν
1569 808 1738 877 τιμῆς
1764 825 1777 839 ·

198 885 259 937 τὸ
312 886 423 956 γὰρ
462 887 676 958 θέλημα
720 890 813 943 τοῦ
866 890 1003 944 Θεοῦ
1049 893 1333 963 ἐποίησαν.
1374 896 1779 968 Εὐρεθήσονται

200 979 296 1031 καὶ
341 980 390 1031 οἱ
423 981 712 1050 νομοθέται
747 1000 842 1036 σου
874 984 1094 1053 ψευδεῖς
1123 1025 1138 1049 ,
1187 988 1283 1039 καὶ
1327 988 1397 1039 τὰ
1448 989 1630 1058 βιϐλία
1682 1010 1778 1046 σου

197 1072 640 1143 ψευδεπίγραφα.
672 1078 862 1147 ἐπειδὴ
902 1081 1303 1147 προστάττουσι
1332 1082 1428 1135 τὸν
1456 1086 1653 1156 πόρνον
1684 1088 1778 1140 καὶ

194 1161 289 1215 τὸν
336 1164 578 1236 κλέπτην
622 1166 874 1238 δέρεσθαι
936 1172 1273 1239 ποιήσαντας
1315 1173 1379 1225 τὸ
1425 1174 1637 1245 θέλημα
1680 1177 1777 1230 τοῦ

197 1255 368 1319 Θεοῦ,
404 1258 499 1311 καὶ
547 1259 639 1311 τὸν
695 1261 1021 1331 ἀνδροφόνον
1070 1266 1524 1336 ἀποκτανθῆναι,
1566 1268 1625 1320 ὃν
1670 1269 1776 1322 εδει

194 1347 513 1417 τιμηθῆναι,
555 1350 744 1421 ἐπειδὴ
774 1353 835 1404 τὸ
872 1352 1083 1423 ϐέλημα
1122 1355 1218 1407 τοῦ
1248 1356 1385 1408 Θεοῦ
1420 1359 1698 1430 εποίησεν.

274 1521 334 1575 ’0
366 1522 422 1575 δὲ
449 1524 699 1580 ΣΑΡΑΚ.
757 1528 851 1591 Τίς
897 1547 1053 1600 φησι,
1119 1532 1345 1587 πλάττει
1393 1536 1461 1589 τά
1501 1535 1675 1610 βρέφη
1717 1543 1776 1595 ὲν

194 1616 426 1679 κοιλίαις
456 1617 565 1670 τῶν
594 1621 896 1687 γυναικῶν;
947 1626 1108 1679 τοῦτο
1138 1628 1247 1697 γὰρ
1283 1631 1682 1698 προϐάλλονται
1724 1637 1773 1689 οί

192 1711 539 1784 Σαρῤακηνοὶ
552 1717 687 1786 πρὸς
704 1720 854 1787 ἡμᾶς
867 1721 1077 1790 προϐλη
1086 1740 1159 1791 μα
1184 1724 1511 1793 δεινότατον,
1529 1728 1774 1793 Θέλοντες

189 1805 469 1869 ἀποδείξαι
514 1808 605 1861 τὸν
654 1809 784 1862 Θεὸν
832 1812 1005 1865 αἴτιον
1034 1814 1128 1865 τοῦ
1160 1817 1354 1871 κακοῦ.
1401 1819 1463 1870 Εί
1491 1823 1602 1890 γὰρ
1638 1822 1774 1875 ἀπο-

1888 632 1939 676 te
1969 624 2248 693 injustus:
2284 626 2432 695 quod
2476 629 2665 698 utique
2704 639 2957 684 nonest.
2999 632 3273 697 Quoniam
3312 637 3461 689 enim

1886 714 2030 771 Deus
2064 719 2358 786 praecepit,
2396 726 2450 770 ut
2487 726 2542 771 tu
2576 720 2763 789 inquis
2788 760 2803 784 ,
2851 721 3245 779 fornicatorem
3300 724 3471 780 forni-

1883 808 1998 861 cari
2033 818 2088 861 et
2127 809 2301 864 furem
2336 810 2510 864 furari
2546 822 2599 865 et
2633 812 2973 867 homicidam
3003 815 3205 870 caedem
3244 816 3466 885 facere,

1883 899 2138 955 mercede
2177 900 2330 972 digni
2362 909 2493 970 sunt
2530 903 2852 973 hujusmodi
2877 946 2892 971 ,
2932 906 3277 963 voluntatem
3315 910 3467 965 enim

1883 992 1977 1046 Dei
2022 993 2296 1048 fecerunt.
2338 993 2696 1050 lnvenieutur
2732 1013 2959 1069 quoque
2997 1000 3345 1070 legislatores
3385 1002 3468 1057 tui

1881 1084 2209 1146 mendaces.
2243 1096 2299 1145 et
2331 1086 2457 1141 libri
2494 1088 2572 1141 tui
2610 1088 2772 1154 falsi,
2815 1093 3267 1163 quandoquidem
3308 1109 3467 1149 man.-

1880 1174 2017 1228 dant
2050 1176 2442 1232 fornicatorem
2475 1188 2531 1233 et
2562 1178 2739 1236 furem
2771 1185 3049 1239 excoriari
3074 1225 3090 1249 ,
3140 1186 3235 1256 qui
3284 1194 3466 1257 tamen

1880 1262 1975 1318 Dei
2016 1267 2353 1322 voluntatem
2387 1267 2643 1324 fecerunt
2677 1290 2689 1324 :
2736 1271 3080 1327 homicidam
3111 1290 3333 1345 quoque
3379 1275 3467 1330 in-

1880 1356 2053 1409 terfici
2076 1399 2089 1422 ,
2122 1374 2283 1427 quem
2318 1360 2548 1428 praemio
2582 1362 2857 1417 cumulari
2892 1366 3230 1434 oportebat,
3263 1367 3467 1439 quippe

1877 1455 1971 1522 qui
2010 1455 2351 1507 voluntatem
2394 1454 2486 1508 Dei
2524 1454 2735 1509 fecerit.

1949 1542 2196 1599 S.\RAC.
2227 1546 2318 1599 Ait
2339 1586 2353 1608 ,
2381 1548 2509 1615 quis
2540 1545 2744 1600 format
2772 1546 3014 1601 infantes
3045 1547 3101 1601 in
3134 1548 3311 1603 uteris
3338 1563 3464 1603 mu-

1878 1635 2076 1689 lierum
2101 1639 2124 1689 ?
2154 1638 2297 1692 istud
2334 1653 2498 1709 porro
2552 1639 2824 1707 objiciunt
2878 1640 3145 1694 Saraceni
3190 1640 3463 1696 adversus

1876 1741 1978 1780 nos
2033 1736 2295 1797 tanquam
2372 1738 2762 1799 argumentum
2820 1729 3296 1796 invictissimum,
3349 1746 3462 1800 quo

1875 1818 2170 1872 ostendere
2201 1820 2479 1885 nituntur,
2514 1819 2683 1873 Deum
2718 1820 2850 1873 mali
2893 1836 3017 1875 esse
3050 1830 3360 1875 auctorem.
3400 1820 3459 1875 Si

193 1896 401 1966 κριθεὶς
448 1898 621 1967 λέγω,
662 1903 745 1954 ὅτι
772 1905 799 1954 6
833 1904 967 1968 Θεὸς
1000 1906 1225 1961 πλάττει
1255 1913 1322 1963 τά
1358 1911 1532 1985 βρέφη
1566 1916 1624 1967 ἐν
1652 1933 1757 1969 κοι-

1874 1910 2020 1963 enim
2070 1911 2423 1979 respondens
2476 1911 2669 1976 dicas,
2727 1912 2898 1968 Deum
2951 1928 3078 1985 esse
3108 1914 3204 1983 qui
3260 1914 3462 1969 format

189 1988 331 2052 λίαις
365 1993 660 2058 γυναικῶν,
696 1997 813 2067 ἐρεῖ
841 2000 868 2049 ὁ
890 1998 1203 2068 Σαρακηνός
1222 2019 1235 2033 °
1273 2004 1399 2058 Ἰδοὺ
1427 2010 1454 2059 6
1482 2008 1616 2072 Θεὸς
1644 2010 1769 2063 σῦν·

187 2082 347 2150 εργός
376 2085 492 2137 ἐστι
522 2085 599 2155 τῷ
645 2087 850 2158 πόρνῳ,
881 2091 977 2143 καὶ
1005 2092 1081 2159 τῷ
1112 2094 1305 2165 μοιχῷ.

260 2174 300 2224 0
321 2175 548 2230 ΧΡΙΣΤ.
586 2178 729 2248 Πρὸς
759 2181 935 2232 ταῦτα
966 2182 1351 2253 άποκρίνεταυ
1382 2188 1649 2259 Οὐδαμῶς
1673 2194 1766 2245 εὑ-

190 2266 361 2334 ρίσκω
392 2270 529 2335 μετά
557 2270 655 2339 τὴν
702 2273 926 2343 πρώτην
953 2276 1225 2346 ἑϐδομάδα
1257 2280 1359 2350 τῆς
1405 2284 1767 2352 κοσμοποιίας

184 2357 281 2427 τὴν
314 2359 537 2430 Γραφὴν
573 2361 835 2429 λέγουσαν
870 2367 1130 2421 πλάττειν
1166 2370 1257 2423 τὸν
1299 2372 1434 2423 Θεὸν
1478 2375 1509 2443 ἢ
1558 2376 1765 2439 κτίζειν

181 2466 253 2501 τι.
289 2450 348 2502 Εἰ
379 2451 437 2504 δὲ
466 2454 756 2525 ἁμιριϐαλῇ
802 2459 928 2527 περὶ
961 2460 1176 2522 τούτου,
1210 2461 1359 2535 δείξῃ
1392 2463 1521 2537 [σοι]
1555 2467 1762 2535 κτίσμα

184 2540 475 2611 ῆπλάσμα
512 2544 889 2614 οἰονδηποτοῦν
948 2551 961 2588 ί
1013 2552 1149 2618 μετὰ
1186 2553 1284 2620 τὴν
1342 2553 1563 2623 πρώτην
1612 2557 1761 2610 £660-

185 2632 327 2699 μάδα
371 2636 693 2703 γιγνόμενον
752 2639 856 2690 ὑπὸ
903 2640 998 2692 τοῦ
1050 2641 1186 2693 Θεοῦ
1215 2657 1228 2671 ⁸
1280 2643 1531 2714 οὐδαμῶς
1569 2650 1759 2701 τούτου

184 2724 524 2789 ὑποδεῖξαι).
589 2729 774 2782 Πάντα
824 2730 932 2800 γάρ
992 2733 1060 2786 τὰ
1104 2733 1276 2801 ὁρατὰ
1330 2737 1609 2805 κτίσματα
1656 2740 1759 2808 τὴν

182 2816 405 2884 πρώτην
455 2818 725 2889 ἑϐδομάδα
758 2825 1070 2890 γεγόνασιν.
1105 2826 1382 2879 Ἐπλασεν
1422 2831 1533 2899 γάρ
1565 2833 1592 2884 6
1626 2831 1760 2895 Θεὸς

179 2907 269 2960 τὸν
299 2909 587 2980 ἄνθρωπον
607 2912 703 2983 τὴν
736 2913 956 2984 πρώτην
978 2916 1271 2987 ἑϐδομάδα,
1298 2920 1391 2972 καὶ
1422 2922 1757 2990 προσέταξεν

181 3000 344 3052 αὑτὸν
377 3003 576 3072 γεννᾷν
627 3003 722 3055 καὶ
766 3004 1083 3071 γεννᾶσθαι,
1126 3009 1297 3059 εἰπών
1322 3025 1333 3038 ·
1373 3028 1390 3059 ι
1422 3009 1752 3075 Αὑξάνεσθε,

180 3092 272 3143 καὶ
314 3092 676 3162 πληθύνεσθε,
734 3098 829 3148 καὶ
869 3096 1198 3168 πληρώσατε
1252 3100 1352 3170 τὴν
1403 3102 1528 3171 γῆν.
1572 3123 1590 3155 ι
1644 3104 1754 3159 Καὶ

179 3186 364 3255 ἐπειδὴ
419 3186 660 3257 ἔμψυχος
712 3184 778 3258 ἦν
825 3191 852 3241 ὁ
901 3190 1188 3260 ἅνθρωπος
1235 3192 1479 3263 ἔμψυχον
1530 3194 1753 3265 σπέρμα

179 3278 340 3347 ἔχων,
376 3281 431 3331 ὲν
464 3284 528 3351 τῇ
579 3282 685 3352 ἰδία
727 3284 953 3350 γυναικὶ
988 3284 1167 3354 σπορὰ
1190 3286 1435 3353 άνεφύει.
1467 3287 1630 3340 Ὥστε
1661 3288 1753 3341 ἆν-

185 3367 400 3437 θρωπος
431 3370 719 3441 ἄνθρωπον
756 3376 943 3445 γεννᾷ,
978 3376 1229 3444 καθάπερ
1262 3379 1294 3446 ἡ
1332 3377 1521 3449 Γραφὴ
1568 3379 1752 3447 λέγει·

185 3480 200 3509 ι
254 3461 425 3529 Ἀδὰμ
459 3464 565 3533 γὰρ
598 3463 853 3534 ἐγέννησε
902 3466 994 3517 τὸν
1032 3467 1153 3531 Σὲθ,
1193 3468 1287 3520 καὶ
1315 3470 1342 3521 6
1367 3469 1464 3521 Σὲθ
1495 3470 1754 3541 ἐγέννησε

175 3549 267 3601 τὸν
306 3550 473 3614 Ἐνὼς
498 3593 511 3616 ,
567 3554 657 3606 καὶ
698 3553 864 3617 Ἑνὼς
906 3557 1163 3627 ἐγέννησε
1211 3559 1302 3612 τὸν
1350 3562 1561 3613 Καϊνὰν
1589 3602 1603 3625 ,
1658 3564 1754 3616 καὶ

177 3644 388 3697 Καϊνὰν
419 3647 677 3714 ἐγέννησε
706 3650 797 3701 τὸν
824 3650 1135 3722 Μαλαλεὴλ,
1161 3652 1254 3705 καὶ
1277 3653 1571 3726 Μαλαλεὴλ
1604 3658 1754 3724 ἐγέν-

178 3754 305 3806 νησε
336 3739 426 3790 τὸν
457 3738 646 3810 Ἑνώχ.
676 3758 694 3792 ι
727 3742 837 3794 Καὶ
866 3742 966 3795 οὐκ
991 3738 1147 3797 εἶπεν
1182 3743 1241 3798 Ὀ
1270 3745 1402 3809 Θεὸς
1429 3746 1630 3801 ἔπλασε
1660 3748 1753 3802 τὸν

180 3826 306 3897 Σὴθ,
338 3828 368 3897 ἢ
394 3830 483 3881 τὸν
517 3828 705 3895 Ἐνὼς,
734 3830 767 3900 ἢ
800 3830 961 3884 ἄλλον
989 3834 1113 3886 τινά
1138 3849 1151 3862 ⁸
1186 3835 1282 3886 καὶ
1308 3835 1558 3889 ἐντεῦθεν
1582 3837 1751 3905 γινώ-

176 3936 399 3987 σκομεν,
428 3921 511 3973 ὅτι
543 3921 855 3991 μονώτατος
898 3923 1211 3978 πέπλασται
1238 3929 1266 3980 ὀ
1312 3928 1482 3997 Ἀδὰμ
1523 3929 1628 3982 ὑπὸ
1653 3930 1749 3984 τοῦ

174 4010 310 4063 Θεοῦ
337 4053 350 4074 ,
400 4011 450 4063 οἳ
496 4030 557 4064 τε
618 4015 734 4082 μετ’
766 4015 975 4069 ἐκεῖνον
1015 4018 1311 4084 γεννῶνται
1345 4021 1437 4073 καὶ
1484 4022 1750 4087 γεννῶσιν

174 4102 277 4163 ἕως
317 4102 411 4155 τοῦ
458 4104 745 4173 παρόντος.
794 4108 904 4160 Καὶ
947 4107 1119 4171 οὓτως
1158 4110 1339 4181 χάριτι
1393 4110 1487 4163 τοῦ
1538 4111 1675 4166 Θεοῦ
1722 4116 1751 4167 6

171 4192 375 4257 κόσμος
426 4196 765 4249 συνίσταται.
822 4195 1037 4265 Ἐπειδὴ
1088 4198 1181 4250 καὶ
1219 4199 1367 4249 πᾶσα
1402 4197 1599 4268 βοτάνη
1651 4200 1748 4253 καὶ

169 4284 334 4352 φυτὸν
364 4286 656 4353 προστάξει
684 4286 778 4339 τοῦ
813 4289 950 4340 Θεοῦ
989 4288 1101 4340 άπὸ
1138 4289 1260 4341 τότε
1290 4293 1457 4361 γεννᾷ
1503 4292 1598 4344 καὶ
1628 4310 1748 4361 γεν-

166 4377 345 4429 νᾶται.
388 4377 531 4447 Ἔφη
558 4379 667 4446 γάρ
697 4379 724 4430 6
755 4378 887 4443 Θεός
912 4396 924 4409 ·
965 4400 981 4430 ι
1020 4381 1388 4450 Βλαστησάτω
1414 4386 1446 4452 ἡ
1481 4383 1553 4451 γῆ
1583 4384 1744 4453 βοτά-

165 4485 264 4537 νην
290 4468 505 4537 χόρτου,
544 4486 561 4516 ι
598 4469 753 4522 Κατὰ
798 4471 859 4521 τὸ
895 4470 1229 4541 πρόσταγμα
1260 4474 1428 4527 αὐτοῦ
1466 4475 1743 4547 ἐϐλάστη-

167 4576 261 4611 σεν
291 4560 519 4613 ἕκαστον
552 4561 770 4631 δένδρον
791 4603 804 4625 ,
838 4558 976 4623 εἶδος
1000 4560 1022 4599 ⁵
1076 4562 1309 4634 βοτάνης
1356 4568 1451 4619 καὶ
1480 4568 1649 4636 φυτοῦ
1686 4573 1743 4621 ὲν

163 4649 343 4718 ἑαυτῷ
367 4650 480 4719 ἔχει
513 4654 898 4721 σπερματικὴν
928 4653 1179 4725 δύναμιν.
1223 4656 1281 4709 Ἥ
1320 4659 1498 4729 σπορὰ
1526 4659 1582 4712 δὲ
1608 4678 1745 4713 παν-

160 4740 257 4803 τὸς
286 4740 455 4810 φυτοῦ
482 4742 577 4794 καὶ
607 4743 837 4813 βοτάνης
864 4743 1108 4815 ἔμψυχός
1137 4748 1305 4809 ἐστιν,
1332 4748 1454 4817 ἥτις
1478 4750 1536 4802 ἐν
1567 4754 1633 4821 τῇ
1668 4755 1737 4823 γῇ

165 4831 328 4885 πάλιν
356 4832 441 4900 ἐφ’
476 4834 673 4904 ἑαυτῆς
708 4836 1003 4901 πίπτουσα,
1049 4838 1081 4908 ἢ
1111 4839 1206 4891 καὶ
1235 4841 1340 4894 ὑπὸ
1378 4840 1543 4895 ἄλλου
1584 4860 1739 4895 σπει-

167 4924 392 4995 ρομένη,
419 4924 706 4994 βλαστάνει
729 4944 743 4958 ο
781 4929 856 4999 μὴ
887 4930 1233 5001 πλαττομένη
1263 4933 1368 4987 ὑπό
1393 4951 1559 4997 τινος,
1602 4935 1739 4987 ἀλλὰ

161 5015 243 5084 τῷ
276 5014 479 5087 πρώτῳ
514 5019 901 5089 προστάγματι
936 5022 1029 5075 τοῦ
1064 5022 1200 5076 Θεοῦ
1251 5024 1661 5090 ὑπακούσαντος
1690 5025 1735 5081 ι.

174 5104 307 5161 Ἰδοὺ
336 5106 467 5175 ἐγὼ,
498 5108 643 5164 καθα
676 5110 868 5182 πρώην
897 5112 1056 5183 ἔφην,
1090 5115 1440 5182 αὑτεξοῦσιος
1465 5117 1540 5172 ὢν
1573 5121 1630 5171 ὲν
1655 5113 1737 5182 οἷς

164 5198 350 5269 μόνοις
379 5203 657 5272 προεῖπα,
703 5206 838 5259 ὅπου
889 5207 985 5260 ἐὰν
1031 5209 1281 5279 σπείρω,
1334 5210 1439 5265 κᾶν
1490 5214 1572 5275 είς
1603 5212 1738 5267 ἰδίαν

234 5371 253 5405 ⁸
284 5372 422 5432 Gen.
482 5391 520 5440 ι,
543 5374 635 5431 28.
702 5380 722 5410 ’
748 5377 884 5435 Gen.
910 5397 959 5445 v,
994 5380 1027 5434 ὅ
1057 5396 1212 5452 seqq.
1290 5384 1311 5416 ³
1346 5383 1483 5439 Gen.
1545 5401 1584 5449 l,
1616 5387 1704 5440 ll.

1873 1998 2117 2055 infantes
2167 2002 2222 2054 in
2271 2004 2447 2055 uteris
2482 2002 2778 2057 mulierum
2801 2043 2817 2065 ,
2857 2013 3074 2071 regeret
3103 2001 3455 2060 Saracenus:

1869 2092 2015 2160 Ergo
2047 2090 2192 2146 Dens
2221 2101 2555 2162 cooperatur
2584 2108 2716 2148 cum
2752 2093 3097 2148 fornicatorc
3128 2104 3181 2149 et
3218 2095 3457 2152 mmcho.

1939 2203 2213 2260 CHRIST.
2252 2207 2427 2276 Igitur
2453 2208 2519 2263 ad
2558 2207 2675 2263 hzec
2707 2208 3005 2278 respondet
3045 2227 3058 2263 :
3097 2207 3261 2263 Nullo
3292 2211 3458 2265 modo

1869 2296 2087 2351 invenio
2144 2307 2268 2368 post
2320 2300 2554 2367 primam
2604 2300 3004 2354 hebdomadam
3052 2317 3161 2370 qua
3214 2302 3457 2359 mundus

1868 2389 2049 2445 factus
2085 2399 2208 2454 est,
2244 2391 2592 2459 Scripturam
2634 2401 3001 2455 asserentem,
3052 2393 3201 2463 quod
3254 2395 3457 2451 formet

1868 2478 2011 2533 Deus
2045 2480 2126 2533 vel
2162 2491 2311 2533 creet
2336 2479 2666 2549 quidquam.
2695 2481 2850 2545 Quod
2888 2483 2933 2535 si
2971 2482 3064 2537 ille
3093 2497 3201 2536 non
3230 2485 3456 2552 acquie-

1866 2583 1983 2624 seat
2017 2573 2167 2623 circa
2204 2571 2341 2633 hoc,
2374 2571 2633 2625 ostendat
2665 2570 3054 2642 (Christianus
3083 2581 3096 2630 l
3137 2582 3452 2629 creaturam

1868 2664 1947 2717 vel
2000 2662 2317 2729 figmeuttuu
2375 2663 2750 2734 quodcunque
2800 2672 2925 2733 post
2980 2666 3216 2734 primam
3248 2665 3455 2719 hebdo-

1862 2753 2078 2805 madam
2142 2770 2169 2805 a
2229 2753 2339 2807 Deo
2394 2769 2520 2808 esse
2586 2755 2907 2809 nullatenus
2960 2756 3204 2810 ostendi.
3247 2754 3453 2812 Omnes

1859 2845 2007 2898 enim
2074 2845 2324 2899 visibiles
2374 2856 2652 2898 creaturae
2713 2846 2893 2915 prima
2952 2846 3299 2901 hebdomada
3358 2862 3455 2902 ex-

1861 2938 2147 2991 stiterunt.
2204 2934 2489 2989 Formavit
2540 2939 2687 2991 enim
2748 2938 2892 2992 Deus
2944 2938 3225 2992 hominem
3274 2939 3451 3008 prima

1860 3025 2243 3089 hebdomada;
2274 3027 2438 3095 eique
2465 3026 2751 3079 mandavit
2794 3035 2853 3079 ut
2901 3027 3152 3096 gigneret
3177 3036 3233 3080 et
3260 3029 3453 3097 gigne-

1860 3126 2035 3179 retur,
2079 3118 2341 3187 inquiens
2377 3137 2389 3171 :
2429 3137 2446 3168 ι
2475 3118 2726 3173 Crescite
2767 3126 2822 3173 et
2864 3118 3354 3187 multiplicamini,
3396 3130 3451 3174 et

1859 3209 2071 3278 replete
2106 3219 2305 3262 terram
2339 3209 2377 3260 ⁸.
2411 3227 2428 3259 ι
2461 3209 2523 3262 Ει
2550 3209 2814 3277 quoniam
2845 3208 3107 3262 animalis
3135 3220 3254 3263 erat
3286 3210 3450 3262 homo

1859 3303 2100 3357 animale
2134 3318 2323 3357 semen
2360 3302 2573 3357 habens
2594 3343 2609 3366 ,
2642 3303 2694 3355 in
2726 3302 2944 3371 propria
2981 3318 3153 3357 uxore
3184 3304 3448 3359 sementis

1857 3394 2222 3464 germinabat.
2264 3392 2630 3457 Quamobrem
2690 3394 2854 3444 homo
2908 3392 3186 3445 hominem
3235 3393 3444 3462 gignit,

1859 3493 1919 3540 ut
1960 3485 2253 3554 Scriptura
2293 3484 2471 3538 dicit:
2509 3504 2528 3535 ι
2556 3483 2731 3536 Adam
2772 3484 2919 3537 enim
2954 3488 3147 3553 genuit
3183 3482 3356 3551 Seth,
3389 3492 3445 3539 et

1857 3578 1987 3633 Seth
2044 3579 2234 3649 genuit
2288 3577 2474 3638 Enos.
2526 3588 2579 3630 et
2637 3575 2786 3630 Euos
2843 3577 3034 3646 genuit
3092 3577 3347 3641 Kainan,
3388 3592 3444 3633 et

1855 3669 2069 3723 Kainan
2106 3669 2298 3738 genuit
2330 3667 2580 3721 Malaleel
2607 3708 2622 3731 ,
2654 3675 2707 3721 et
2735 3666 2986 3723 Malaleel
3028 3670 3220 3738 genuit
3246 3667 3399 3722 Jaret
3426 3711 3440 3736 ,

1851 3757 2006 3813 Jaret
2040 3772 2220 3812 autem
2253 3757 2443 3827 genuit
2475 3755 2662 3810 Enoch
2698 3758 2738 3812 ³.
2775 3775 2792 3807 ι
2825 3757 2998 3811 Porro
3027 3773 3134 3809 non
3164 3758 3345 3811 dixit:
3380 3757 3445 3813 Et

1855 3850 1999 3904 Deus
2033 3848 2296 3902 formavit
2346 3846 2479 3900 Seth
2535 3847 2615 3899 vel
2652 3846 2840 3909 Enos,
2890 3846 2974 3901 vel
3028 3849 3194 3900 alium
3236 3864 3438 3916 quem-

1853 3941 2019 4010 piam.
2070 3938 2209 3994 lliuc
2244 3937 2598 4009 agnoscimus
2643 3954 2816 3991 unum
2860 3952 3093 4007 prorsus
3141 3937 3440 3992 formatum

1853 4030 2028 4086 fuisse
2054 4031 2227 4085 Adam
2261 4046 2290 4083 a
2325 4031 2434 4084 Deo
2465 4048 2478 4083 :
2514 4031 2607 4099 qui
2638 4044 2770 4083 vero
2801 4040 2924 4098 post
2951 4030 3106 4082 illum
3144 4037 3275 4083 sunt
3296 4068 3311 4094 ,
3347 4045 3442 4097 ge-

1851 4130 2122 4177 nerantur
2159 4132 2214 4176 et
2252 4132 2522 4191 generant
2573 4137 2752 4190 usque
2792 4122 2844 4174 in
2888 4135 3131 4189 praesens
3187 4128 3436 4190 tempus,

1848 4222 2015 4283 atque
2042 4215 2147 4267 hoc
2175 4215 2339 4268 modo
2367 4230 2433 4267 ex
2459 4213 2553 4267 Dei
2584 4213 2856 4267 beneficio
2882 4212 3124 4266 mundus
3148 4227 3443 4266 conserva-

1848 4311 1954 4358 tur.
2004 4304 2266 4369 Quinimo
2316 4307 2483 4358 etiam
2531 4306 2714 4360 omnis
2764 4304 2934 4358 herba
2969 4311 3022 4356 et
3061 4304 3241 4369 planta
3273 4304 3436 4371 jussu

1846 4394 1942 4449 Dei
1978 4411 2043 4449 ex
2079 4410 2144 4449 eo
2178 4404 2427 4463 tempore
2459 4405 2686 4465 generat
2723 4407 2776 4449 et
2813 4404 3133 4464 generatur.
3167 4394 3256 4447 Ait
3287 4403 3434 4448 et..=ui

1847 4483 2035 4540 Deus:
2075 4503 2093 4535 ι
2125 4484 2412 4539 Germinet
2466 4496 2610 4541 terra
2671 4487 2897 4540 herbam
2962 4485 3073 4539 feni
3135 4486 3179 4549 ³,
3213 4505 3231 4537 ι
3269 4494 3436 4553 atque

1778 4604 1818 4658 ο
1844 4573 1999 4643 juxta
2032 4586 2361 4643 praeceptum
2391 4574 2512 4643 ejus
2540 4576 2872 4644 germinavit
2893 4590 3113 4628 omnem
3139 4574 3431 4637 arborem,

1849 4672 1902 4719 et
1937 4668 2155 4734 species
2198 4666 2461 4735 quaelibet
2504 4667 2694 4720 herbae
2743 4666 2828 4721 vel
2877 4666 3111 4734 plantae,
3149 4668 3203 4718 in
3230 4672 3434 4719 semet-

1848 4758 1966 4827 ipsa
2003 4758 2166 4812 habet
2199 4760 2309 4812 vim
2344 4759 2736 4812 sementinam.
2798 4757 3075 4813 Sementis
3126 4771 3293 4825 porro
3335 4771 3435 4809 cu-

1842 4847 2022 4917 jusvis
2071 4850 2271 4918 plantae
2322 4850 2405 4903 vel
2458 4849 2639 4903 herba:
2692 4849 2949 4902 animalis
2986 4856 3113 4913 est;
3148 4863 3271 4917 qua:
3306 4863 3431 4901 rur-

1845 4953 1942 4993 sus
1974 4939 2026 4992 in
2058 4948 2261 4993 terram
2298 4955 2394 5008 per
2423 4956 2482 4994 se
2516 4939 2814 5005 decidens,
2846 4941 2927 4992 vel
2975 4941 3145 4993 etiam
3197 4939 3265 4993 ab
3318 4938 3430 4991 alio

1844 5038 1961 5084 sata
1993 5031 2305 5098 germinat,
2340 5047 2452 5085 non
2491 5032 2724 5085 formata
2766 5047 2795 5084 a
2831 5047 3113 5100 quoquam
3136 5070 3151 5091 .
3187 5029 3283 5085 sed
3318 5031 3431 5099 pri—

1844 5136 1947 5175 ma».
1981 5121 2076 5177 Dei
2110 5122 2351 5191 jussioni
2388 5139 2597 5178 morem
2632 5140 2853 5194 gerens.
2888 5123 3030 5178 Ecce
3058 5138 3161 5194 ego
3184 5166 3197 5190 ,
3232 5137 3428 5192 quem-

1842 5210 2139 5267 admodum
2170 5222 2331 5269 antea
2360 5214 2503 5268 dim
2526 5231 2609 5268 .nn
2634 5254 2649 5281 ,
2687 5216 2860 5270 libero
2893 5214 3163 5285 praeditus
3193 5211 3428 5269 arbitrio

1436 5538 1672 5595 VARUE
1698 5537 2101 5595 LECTIONES.

235 5650 251 5736 ξ
292 5647 683 5736 L‘equ‘i‘enius‘:
721 5655 769 5706 εί
801 5652 1114 5736 δὲ-ἀπορεῖς
1146 5657 1482 5736 πρὸςςτοῦτο,
1519 5656 1689 5736 δεῖξον
1725 5657 1951 5736 πλάσμα
1987 5656 2219 5736 ﬁatﬁat?
2247 5654 2609 5736 ,οίαντιναοῦω
2641 5654 2732 5736 Sig

1543 5727 1555 5777 i
1593 5727 1925 5795 Lequienius
1956 5745 1969 5781 :
1997 5724 2130 5780 ἀλλὰ
2160 5726 2217 5779 δὲ
2235 5725 2620 5794 ἀποδειχθῆναι
2640 5724 2885 5795 τοῦτο-οὺ
2910 5724 3156 5779 δύναται.
3236 5727 3261 5766 ι
3288 5727 3419 5795 Leq.

158 5718 397 5790 ostende
436 5719 750 5790 figmentum
784 5734 877 5777 aut
908 5718 1218 5781 creaturam
1253 5718 1445 5782 ullam.

2045 5656 2219 5708 κτίσιν
2253 5654 2609 5709 οἱαντιναοῦν.
2641 5654 2737 5709 Sin
2771 5670 2902 5710 vero
2926 5654 2995 5709 de
3028 5655 3130 5710 hoc
3176 5656 3419 5719 dubitas.

154 5788 355 5860 ὁμοίως
380 5788 445 5863 δὴ
476 5788 569 5844 καὶ
606 5790 805 5864 βοτάνη
836 5796 929 5848 καὶ
960 5796 1123 5865 φυτὸν
1163 5795 1223 5862 ἐξ
1274 5797 1489 5852 ἑαυτοῦ.
1532 5788 1797 5856 Similiter
1831 5808 1885 5855 et
1917 5798 2087 5854 herba
2120 5804 2173 5853 ct
2200 5797 2383 5865 planta
2409 5788 2476 5851 ex
2508 5788 2709 5864 seipsa.
2794 5792 3004 5852 lForte
3038 5788 3411 5851 ὑπακούσασα.
