4112 6448
1017 452 1472 513 DISPUTATIO
1512 451 1886 513 SARACENI
1927 453 2021 512 ET
2057 452 2528 513 CHRISTIANI.

631 579 718 626 ιιε,
757 562 911 633 φησὶ,
946 564 1029 616 σοὶ
1059 565 1252 635 ἠθελον
1279 567 1454 620 εἰπεῖν
1479 583 1492 596 ·
1527 565 1595 620 Et
1618 566 1734 619 ἐστί
1767 570 1811 624 Λ

809 674 815 700 ε
858 673 948 722 μοι

797 847 922 891 vim.

770 952 829 999 vr,
868 932 1025 983 τοῦτο
1061 932 1446 1002 παραστῆσαις

709 1026 1052 1088 πραγμάτιον
1074 1024 1177 1092 ἔφη
1214 1023 1350 1092 πρὸς
1371 1020 1687 1090 Σαρακηνόν
1711 1035 1726 1050 ⁸

641 1147 648 1160 .-
683 1115 770 1163 καὶ
819 1115 931 1170 σοῦ,
961 1115 991 1182 ἢ
1029 1114 1347 1182 ἱσταμένου,
1383 1113 1609 1164 δύναταί
1641 1129 1726 1174 τις

706 1205 953 1268 ἐξουσίας
984 1205 1079 1257 καὶ
1103 1205 1424 1268 δεσποτείας
1458 1204 1554 1257 τοῦ
1591 1203 1725 1256 Θεοῦ

555 1317 578 1346 ‘,.
595 1297 877 1365 .vr‘Uﬁvzt;

607 1388 699 1439 (ἡ.

495 1483 541 1532 ι’.
598 1481 701 1530 Τοῦ
752 1477 887 1530 Θεοῦ
920 1479 1189 1541 εἰπόντος,
1234 1478 1306 1550 μὴ
1357 1477 1584 1548 κλιψῃς,
1629 1477 1722 1548 Μὴ

839 768 938 810 ,Τις
974 748 1186 820 θέλημα
1220 743 1383 816 εἶναι,
1429 749 1541 819 ἐγὼ
1591 747 1734 817 λέγω

3277 455 3416 523 1342

1914 563 2155 619 SARAC.
2201 565 2316 620 [loc
2357 569 2549 637 utique
2587 566 2685 622 tibi
2716 567 2898 624 dicere
2931 569 3221 640 volebam;
3252 581 3417 645 atque

1842 658 1887 709 si
1925 658 2141 711 hiscere
2170 659 2315 725 potis
2343 672 2434 721 es,
2465 659 2738 729 responde
2766 660 2924 715 mihi.

1909 747 2190 802 ClllllST.
2229 747 2306 801 'l‘u
2340 750 2423 802 ais
2466 751 2802 805 voluntatem
2834 767 2990 819 esse,
3035 767 3136 822 ego
3175 754 3298 809 dico
3333 761 3417 809 to-

1839 838 2130 892 lerantiam
2161 846 2216 890 et
2250 839 2748 907 longauiniitatem.

1907 928 2153 983 SABAC.
2197 928 2350 983 Unde
2386 930 2533 984 vales
2564 931 2668 983 hoc
2696 931 3122 987 demonstrare?

1905 1020 2180 1074 CHRIST.
2225 1021 2302 1075 Ex
2335 1022 2501 1076 rebus
2533 1023 2610 1076 ait
2652 1023 2717 1076 ad
2766 1023 3134 1078 Saracenum.
3180 1023 3415 1080 Sedente

1836 1128 1920 1166 me
1955 1114 2038 1165 vel
2071 1123 2122 1165 le
2145 1156 2159 1173 ,
2195 1123 2289 1164 aut
2324 1114 2487 1166 etiam
2525 1123 2742 1175 stante,
2786 1125 2963 1185 potest
2992 1118 3120 1186 quis
3151 1132 3217 1171 ex
3252 1119 3412 1172 nobis

1835 1206 1955 1260 sine
1981 1213 2254 1274 potestate
2283 1215 2338 1259 et
2365 1205 2607 1260 arbitrio
2643 1205 2739 1260 Dei
2769 1221 3000 1277 surgere
3030 1217 3124 1264 aut
3161 1206 3416 1265 moveri?

1905 1373 2150 1427 SARAC.
2192 1374 2646 1446 Haudquaquam.

1899 1465 2176 1520 ClllllST.
2218 1466 2442 1521 Dicente
2473 1468 2620 1523 Deo:
2656 1468 2778 1524 Non
2809 1468 3118 1537 furaberis,
3153 1488 3260 1527 non
3295 1476 3408 1529 for-

437 1616 470 1632 ,.
508 1574 579 1640 μὴ
616 1572 902 1640 ᾳονεῦσῃς,
930 1572 988 1622 οὐ
1017 1571 1162 1624 θέλει
1188 1572 1273 1623 ἵνα
1301 1571 1593 1640 κλέψωμεν
1631 1587 1691 1623 κα

1829 1560 2136 1621 ιιίρειιιονὶς,
2169 1574 2275 1611 non
2303 1559 2523 1616 occides
2553 1579 2568 1626 ;
2601 1575 2736 1616 sane
2768 1578 2880 1617 non
2906 1563 3024 1618 vult
3051 1573 3110 1618 ut
3134 1564 3409 1629 furentur,

371 1687 392 1706 .·
422 1682 535 1729 πλέεν
567 1665 656 1713 καὶ
689 1663 1062 1729 φονεῦσωμεν.

333 1756 465 1804 nal’.
503 1755 654 1822 Οὐχί.
689 1753 748 1804 EE
801 1754 909 1823 γὰρ
936 1753 1139 1814 ἔθελεν,
1163 1753 1264 1805 οὐκ
1301 1753 1367 1806 ἂν
1423 1747 1597 1816 εἶπεν,
1627 1752 1719 1822 Μὴ

408 1845 481 1912 μὴ
516 1844 846 1913 πορνεύσῃς,
880 1845 952 1913 μὴ
991 1842 1282 1914 φονεύσῃς.

223 2023 277 2070 '(l
303 2020 526 2072 ΧΡΙΣΤ.
551 2019 687 2084 Δόξα
711 2018 786 2088 τῷ
810 2018 950 2088 Θεῷ,
977 2019 1058 2072 ὅτι
1086 2018 1149 2071 σὺ
1165 2017 1522 2088 ὡμολόγησας
1545 2017 1721 2086 λέγων

1829 1649 2173 1703 foruicemur
2204 1659 2297 1702 aut
2325 1651 2675 1706 occidantus.

1896 1741 2141 1796 SARAC.
2190 1741 2308 1795 Non
2359 1743 2572 1812 utique.
2625 1743 2682 1798 Si
2716 1745 2864 1799 enim
2923 1745 3070 1800 istud
3119 1745 3406 1806 voluisset.

1826 1834 1974 1887 haud
2005 1833 2314 1896 edixisset,
2349 1833 2465 1888 Non
2495 1835 2696 1892 iuret-is
2717 1878 2732 1902 ,
2767 1853 2876 1892 nou
2927 1837 3227 1893 lerniceris
3247 1878 3262 1904 ,
3295 1853 3405 1894 non

1747 1922 1790 1977 Β
1819 1923 2067 1976 occidas.

1894 2011 2170 2068 ClllilST.
2215 2014 2299 2068 Sit
2339 2013 2512 2084 gloria
2555 2011 2703 2077 Deo,
2745 2012 2873 2082 quia
2909 2021 2965 2066 tu
2997 2014 3262 2070 convenis
3291 2030 3404 2067 me-

145 2131 166 2160 π.
201 2113 339 2162 θέλω
369 2114 564 2164 εἰπεῖν.
595 2111 724 2164 Ἰδοὺ
760 2111 984 2164 συνέθου
1021 2127 1132 2180 μοι,
1157 2111 1239 2164 ὃτι
1265 2110 1443 2174 οὐδεὶς
1469 2111 1530 2175 ἐξ
1559 2110 1688 2180 ήμῶ

1820 2119 1944 2158 cum
1976 2119 2036 2157 ea
2070 2104 2297 2169 dicens,
2344 2122 2468 2176 quae
2519 2104 2706 2160 dicere
2763 2105 2906 2158 volo.
2958 2103 3101 2175 Ergo
3150 2106 3404 2160 convenit

139 2209 264 2257 λινευ
293 2203 383 2255 τοῦ
426 2203 559 2255 Θεοῦ
603 2202 828 2255 δύναται
871 2203 1172 2270 ἀναστῆναι
1204 2201 1236 2272 ἢ
1269 2202 1574 2273 κινηθῆναι.
1611 2202 1691 2254 lia

1823 2195 1920 2250 tibi
1961 2211 2176 2250 mecum
2200 2239 2214 2262 ,
2243 2197 2391 2266 quod
2425 2206 2681 2250 nostrum
2711 2212 2872 2250 nemo
2903 2197 3114 2267 absque
3150 2197 3261 2251 Deo
3302 2212 3402 2266 po-

135 2297 216 2344 ὶρτι
246 2295 306 2345 οῦ
349 2293 494 2345 θέλει
533 2295 560 2346 6
599 2295 733 2356 Θεὸς
763 2296 850 2346 ἵνα
884 2294 1181 2364 κλήψωμεν
1229 2295 1260 2364 ἢ
1298 2294 1712 2365 πορνεύσωμεν.

148 2385 276 2436 Ἐὰν
307 2383 432 2453 ἄρτι
465 2385 704 2447 ἀναστὰς
747 2385 990 2446 ἀπέλθω,
1026 2386 1119 2438 καὶ
1151 2385 1336 2453 κλέψω
1373 2385 1404 2454 ἢ
1440 2383 1717 2455 πορνευὼ-

136 2493 252 2528 σωο
295 2477 347 2528 τί
391 2478 525 2530 αὐτὸ
569 2477 782 2542 λέγεις;
830 2478 1056 2548 Θέλημα
1089 2476 1313 2546 Θεοῦ,ἢ
1366 2475 1717 2547 συγχώρησιν

133 2569 228 2620 καὶ
259 2569 459 2638 ἀνοχὴν
485 2568 578 2620 καὶ
612 2569 1036 2639 μακροθυμίαν;

213 2743 274 2798 '0
305 2745 454 2797 ΣΑΡ.
489 2744 688 2813 νοήσας
728 2744 822 2796 καὶ
853 2744 1144 2813 θαυμάσας
1173 2742 1278 2814 ἔφη
1303 2759 1316 2773 ο
1351 2740 1594 2812 Ἀληθῶς
1621 2741 1712 2795 οῦ-

130 2851 241 2898 τως
278 2835 412 2904 ἔχει.

211 2945 270 2998 Ὀ
305 2945 529 2997 ΧΡΙΣΤ.
559 2945 769 3015 Νόησον
802 2946 898 2998 καὶ
925 2945 1102 3010 τοῦτο,
1135 2947 1215 2999 ὅτι
1238 2947 1544 3018 δυναμένου
1573 2949 1708 3002 Θεοῦ

131 3035 390 3100 πατάξαι,
421 3036 768 3107 ἀνεχώρησεν
789 3037 925 3107 πρὸς
949 3038 1039 3090 τὸν
1071 3040 1304 3106 σταυρόν
1325 3057 1339 3070 ο
1366 3040 1510 3092 τοῦτ’
1538 3041 1704 3106 ἔστιν,

131 3124 597 3196 ἐμακροθύμησεν
646 3128 738 3178 ἐπὶ
771 3125 868 3196 τὴν
905 3127 1204 3196 ἁμαρτίαν.
1243 3129 1382 3181 Ἀλλ’
1413 3131 1540 3182 ὅταν
1577 3130 1706 3202 θέλῃ

1820 2296 1923 2341 test
1952 2304 2184 2357 surgere
2219 2299 2315 2342 aut
2346 2289 2592 2351 moveri,
2624 2287 2883 2357 quodque
2923 2303 3032 2343 non
3063 2289 3181 2342 vult
3223 2289 3400 2354 Deus,

1818 2389 1878 2431 ut
1914 2377 2164 2431 furentur
2193 2387 2288 2430 aut
2323 2377 2686 2431 foruicemur.
2715 2378 2772 2430 Si
2821 2393 2956 2448 ergo
3001 2377 3114 2447 jam
3163 2392 3402 2447 surgens

1814 2468 2006 2520 abeam
2029 2505 2044 2528 ,
2079 2479 2243 2536 atque
2275 2466 2426 2520 lurer
2457 2466 2542 2520 vel
2593 2466 2836 2520 l‘ornicer
2869 2483 2882 2519 :
2934 2466 3067 2534 quid
3105 2465 3250 2519 istud
3300 2479 3400 2535 ap-

1815 2559 2034 2627 pellas’
2085 2558 2252 2613 Deine
2305 2559 2652 2612 voluntatem
2700 2559 2784 2612 vel
2840 2557 3280 2627 indulgentiam,
3342 2568 3399 2612 et

1814 2651 2167 2705 tolerantiam
2201 2658 2366 2720 atque
2395 2650 2874 2720 longanimitatem
2899 2650 2922 2702 ’ί

1883 2740 2132 2796 SARAC.
2178 2741 2297 2794 Vim
2332 2743 2750 2811 persentiscens
2783 2742 3092 2796 admiratus
3132 2741 3248 2795 ait:
3293 2739 3399 2796 Re-

1814 2833 1932 2902 ipsa
1970 2833 2052 2888 sic
2081 2848 2144 2887 se
2175 2832 2364 2886 habet.

1882 2946 2162 3003 CHRIST.
2205 2947 2402 3017 Cogita
2437 2955 2492 3000 et
2524 2947 2660 3012 hoc,
2692 2946 2839 3014 quod
2873 2962 2997 3001 cum
3035 2957 3222 3016 posset
3254 2947 3396 3002 Deus

1812 3046 2102 3109 percutere
2124 3081 2139 3104 ,
2175 3039 2242 3092 ad
2275 3053 2500 3092 crucem
2535 3039 2860 3092 contendit:
2895 3038 2998 3092 hoc
3027 3046 3111 3092 est
3145 3039 3391 3110 longani-

1813 3130 2006 3183 mitate
2036 3145 2172 3184 usus
2204 3139 2289 3184 est
2319 3144 2447 3198 erga
2487 3138 2792 3198 peccatum.
2829 3128 2897 3182 At
2935 3129 3158 3197 quando
3187 3131 3299 3183 vult
3333 3138 3390 3182 ut

131 3217 263 3288 ιῗνα]
295 3219 639 3287 μετα-νοήσω,
678 3218 970 3271 ἀποδίδωσί
1027 3237 1118 3289 μοι
1154 3220 1402 3292 καθάπερ
1457 3223 1551 3274 καὶ
1592 3225 1691 3284 τοῖς

1811 3237 1895 3276 me
1923 3224 2188 3291 paeniteat
2212 3261 2227 3286 ,
2262 3222 2443 3276 reddit
2477 3222 2649 3288 mihi;
2695 3237 2806 3290 quo
2857 3221 3018 3276 modo
3067 3223 3177 3291 agit
3221 3222 3385 3274 etiam

140 3309 411 3371 Ἰουδαίοις
439 3310 713 3379 ἐποίησεν.
733 3311 886 3363 Μετὰ
917 3311 1026 3380 γὰρ
1049 3310 1193 3380 Ῐέτη]
1217 3311 1372 3378 ὀλίγα
1407 3314 1691 3383 ἀνέστησεκ

1806 3327 1935 3382 erga
1967 3311 2208 3365 Juda-os.
2241 3311 2374 3365 Post
2404 3311 2746 3380 aliquantum
2782 3311 2929 3366 enim
2966 3311 3230 3367 excitavit
3257 3326 3386 3364 con-

130 3400 247 3452 κατ’
284 3400 464 3452 αὐτῶν
501 3402 593 3453 τὸν
636 3401 811 3463 Τίτον,
848 3403 940 3455 καὶ
969 3404 1398 3467 Οὐεσπασιανὸν,
1452 3406 1546 3458 καὶ
1577 3407 1704 3468 τοὺς

127 3490 416 3558 Ἕλληνας,
455 3494 547 3543 καὶ
577 3491 823 3544 καθεῖλεν
856 3493 921 3544 τὰ
953 3495 1290 3564 φρυάγματα
1317 3495 1518 3549 αὐτῶν.

207 3581 330 3632 Ἐὰν
357 3581 636 3651 ἐρωτηθῇς
664 3583 818 3652 παρὰ
854 3583 1174 3654 Σαρακῃνοῦ
1223 3584 1503 3652 λέγοντος·
1525 3587 1590 3641 Τί
1617 3589 1703 3642 λέ-

123 3688 242 3736 γεις
285 3669 420 3724 εἶναι
453 3673 542 3724 τὸν
605 3675 871 3744 Χριστόν;
910 3677 1031 3727 είπὲ
1089 3676 1256 3746 αὒτῴο
1325 3681 1497 3746 Λόγον
1539 3679 1695 3737 Θεοῦ.

121 3763 305 3834 Μηδὲν
334 3767 390 3816 ἐν
419 3765 595 3835 τούτῳ
625 3767 832 3835 νομίζω
856 3768 1213 3838 ἁμαρτάνειν,
1248 3769 1435 3840 ἐπειδὴ
1465 3771 1559 3822 καὶ
1591 3773 1695 3825 Λό-

123 3871 218 3920 γος
241 3854 459 3921 λέγεται
482 3855 632 3924 παρὰ
661 3859 726 3926 τῇ
752 3857 964 3928 Γραφῇ,
1000 3860 1092 3910 καὶ
1117 3861 1298 3926 σοφία,
1327 3862 1418 3912 καὶ
1433 3861 1692 3931 βραχίων,

119 3949 212 3996 καὶ
247 3944 476 4014 δύναμις
513 3945 670 4009 Θεοῦ,
700 3947 792 3999 καὶ
827 3949 960 4000 ἄλλα
992 3948 1162 4002 πολλὰ
1197 3949 1442 4015 τοιαῦτα,
1479 3951 1693 4003 πολυώ-

117 4053 288 4103 νυμος
319 4036 428 4106 γάρ
458 4039 628 4090 ἐστιν.
667 4039 774 4090 Καὶ
798 4039 862 4090 σὺ
890 4038 1268 4111 ἁντερὼτησον
1297 4041 1459 4094 αὑτὸν
1486 4041 1658 4110 λέγων
1677 4059 1690 4074 ο

121 4127 188 4179 Τί
228 4129 446 4196 λέγεται
499 4129 650 4199 παρὰ
684 4134 748 4200 τῇ
793 4132 980 4201 Γραφῇ
1015 4134 1041 4184 6
1092 4133 1362 4202 Χριστός;
1401 4132 1531 4196 ἴσως
1588 4133 1691 4186 κᾶν

122 4218 322 4289 θελήσῃ
364 4221 637 4291 ἐρωτῆσαί
671 4239 728 4274 σε
758 4223 786 4274 6
820 4222 1136 4292 Σαρακηνδς
1178 4222 1309 4275 ἄλλο
1370 4241 1422 4276 τι
1454 4223 1528 4294 μὴ
1551 4225 1689 4277 ἀπο-

114 4311 304 4382 κρίνου
329 4309 496 4380 αῦτῷ,
518 4312 622 4374 ἓως
649 4311 714 4365 ἂν
743 4312 894 4364 λύσει
921 4314 982 4365 τὸ
1011 4314 1273 4384 ἐρώτημά
1302 4332 1415 4368 σου.
1447 4315 1687 4387 Ἀνάγκῃ

115 4403 243 4472 ποίᾳ
269 4402 696 4472 ἀποκριθήσεταί
729 4420 811 4455 σοι
834 4403 1038 4470 λέγων’
1077 4407 1235 4474 Παρὰ
1264 4408 1328 4474 τῇ
1360 4407 1548 4476 Γραφῇ
1581 4425 1683 4478 μου

115 4491 338 4561 Πνεῦμα
366 4492 459 4544 καὶ
493 4492 662 4561 Λόγος
688 4493 822 4546 Θεοῦ
845 4494 1064 4561 λέγεται
1097 4498 1124 4547 6
1153 4497 1406 4565 Χριστός.
1435 4499 1543 4549 Καὶ
1571 4499 1684 4550 τότε

1807 3413 1895 3458 tra
1930 3405 2055 3458 illos
2087 3403 2271 3457 Titum
2301 3415 2356 3457 et
2385 3402 2792 3472 Vespasianum
2827 3411 2881 3457 et
2912 3402 3162 3468 Graecos,
3194 3411 3248 3458 et
3288 3403 3388 3457 de-

1798 3494 1935 3565 jecit
1969 3495 2327 3563 petulantiam
2366 3510 2582 3548 eorum.

1874 3583 1930 3637 Si
1963 3584 2343 3653 intcrrogeris,
2375 3583 2652 3637 Saraceno
2680 3583 2928 3648 dicente;
2957 3582 3130 3648 Quem
3156 3582 3238 3636 ais
3263 3597 3387 3636 esse

1800 3675 2134 3730 Christum?
2174 3674 2467 3743 Responde
2513 3675 2631 3740 illi,
2690 3673 2932 3728 Verbum
2989 3674 3100 3728 Dei.
3131 3673 3278 3726 Nihil
3329 3676 3385 3729 in

1800 3770 1905 3823 hoc
1935 3769 2194 3823 aberrare
2225 3768 2488 3830 arbitror,
2518 3767 2778 3836 quoniam
2817 3777 2872 3820 et
2909 3767 3147 3820 Verbum
3182 3767 3386 3820 dicitur

1799 3875 1827 3914 a
1878 3861 2209 3928 Scriptura,
2261 3866 2315 3912 et
2362 3859 2633 3928 sapientia
2658 3866 2712 3913 et
2763 3859 3051 3913 brachium
3104 3865 3160 3912 et
3207 3859 3382 3911 virtus

1798 3950 1916 4014 Dei,
1964 3959 2022 4004 ct
2081 3950 2188 4002 alia
2235 3950 2286 4002 id
2329 3965 2501 4017 genus
2555 3951 2746 4003 multa.
2801 3948 3176 4003 Multiuomius
3234 3951 3380 4001 enim

1795 4053 1899 4099 est.
1935 4042 2015 4096 'l‘u
2053 4056 2187 4096 vero
2221 4041 2468 4095 vicissim
2503 4042 2782 4109 interroga
2815 4055 2938 4094 eum
2967 4041 3160 4094 dicens
3189 4055 3204 4102 ;
3235 4039 3378 4104 Quid
3408 4037 3416 4046 ’

1797 4140 2026 4186 vocatur
2055 4145 2085 4183 a
2117 4129 2405 4201 Scriptura
2436 4130 2740 4184 Christus?
2766 4129 3020 4185 Fortasse
3042 4129 3258 4183 etiamsi
3285 4145 3380 4181 ve-

1795 4223 1859 4277 lit
1890 4223 2241 4291 iuterrogare
2276 4230 2331 4274 te
2367 4219 2679 4276 Saracenus
2705 4222 2773 4276 de
2813 4221 2998 4290 aliqua
3032 4220 3140 4274 alia
3183 4235 3280 4286 re;
3311 4235 3380 4274 ne

1797 4313 2135 4382 respondeas
2161 4312 2240 4365 illi
2267 4319 2562 4381 antequam
2591 4312 2816 4366 solverit
2835 4311 3169 4382 postulatum
3197 4318 3374 4364 tuum.

1793 4399 1911 4464 Qua
1945 4402 2276 4454 necessitate
2305 4408 2533 4454 coaetus
2562 4401 2923 4469 respondebit
2949 4401 3046 4455 tibi
3083 4399 3310 4456 dicens:
3332 4400 3373 4453 A

1794 4490 2082 4560 Scriptura
2109 4506 2228 4545 mea
2256 4490 2495 4560 Spiritus
2517 4499 2570 4545 et
2595 4491 2836 4546 Verbum
2865 4492 2958 4547 Dei
2985 4492 3191 4546 dicitur
3209 4491 3374 4546 Chri-

111 4583 232 4636 είπὲ
268 4582 418 4652 αὑτῷ
450 4583 513 4635 σὺ
561 4583 758 4637 πάλιν⁸
791 4583 865 4636 Τὸ
919 4585 1144 4653 Πνεῦμα
1195 4586 1288 4638 τοῦ
1335 4586 1470 4638 Θεοῦ
1509 4587 1604 4640 καὶ
1659 4590 1686 4639 6

1801 4593 1933 4640 stus.
1966 4583 2032 4636 Et
2067 4595 2199 4638 tunc
2227 4584 2317 4637 dic
2349 4583 2428 4637 illi
2461 4591 2519 4637 tu
2565 4599 2787 4654 quoque
2817 4602 2830 4638 :
2883 4583 3128 4652 Spiritus
3177 4583 3271 4638 Dei
3321 4593 3374 4638 et.

109 4673 304 4741 Λόγος,
345 4672 497 4742 παρὰ
534 4676 601 4744 τῇ
656 4674 847 4745 Γραφῇ
901 4691 1022 4737 σου,
1072 4676 1304 4729 ἇκτιστα
1345 4676 1596 4744 λέγονται
1650 4677 1683 4748 ἢ

109 4763 334 4828 muta;
368 4763 478 4816 Καὶ
509 4764 646 4816 ἐπὰν
688 4765 817 4835 εῐπῃ
844 4764 927 4816 ὃτι
957 4764 1188 4818 ἄκτιστά
1224 4767 1383 4828 εἰσιν,
1429 4767 1551 4820 είπέ
1585 4767 1684 4820 αῦ-

107 4851 216 4921 τῷ·
253 4853 360 4907 Καὶ
400 4854 486 4915 τίς
521 4853 702 4906 ἔκτισε
736 4853 796 4906 τὸ
834 4854 1056 4924 Πνεῦμα
1100 4856 1195 4909 καὶ⁸
1243 4857 1332 4909 τὸν
1362 4857 1535 4925 Λόγον
1587 4858 1683 4911 τοῦ

108 4941 276 5009 Θεοῦ;
331 4945 442 4996 Καὶ
480 4943 576 4996 ἐὰν
630 4943 689 5008 ἐξ
737 4945 972 5015 ἀπορίας
1005 4947 1134 5016 είπῃ
1191 4964 1316 5009 σοι,
1362 4948 1442 5000 ὅτι
1473 4951 1502 5002 6
1550 4949 1684 5011 Θεὸς

106 5033 248 5086 αὐτὰ
295 5033 530 5098 ἔκτισεν,
582 5036 734 5088 είπέ·
784 5036 917 5089 Ἰδοὺ
964 5038 1012 5088 εί
1059 5037 1244 5106 ἔλεγον
1291 5038 1403 5105 ἐγὼ
1443 5039 1578 5109 πρὸς
1619 5040 1680 5094 σὲ

106 5123 280 5180 τοῦτο,
313 5125 498 5193 ἔλεγες
531 5126 598 5179 ἂν
633 5127 771 5198 πρὸς
803 5127 895 5197 μὲ,
932 5129 1014 5181 ὅτι
1063 5129 1361 5198 Ἧφάνισας
1403 5130 1502 5200 τὴν
1536 5148 1678 5202 μαρ-

105 5216 297 5285 τυρίαν
325 5233 420 5269 σου
441 5234 456 5248 °
490 5218 584 5271 καὶ
615 5219 708 5270 τοῦ
749 5218 939 5272 λοιποῦ
966 5219 1027 5272 οὐ
1069 5219 1392 5273 πιστεύεστε
1421 5223 1440 5252 ⁰
1483 5222 1583 5274 ὅσα
1610 5221 1677 5274 ἂν

107 5305 284 5377 εἴπῃς.
309 5307 497 5378 Ὅμως
531 5305 623 5361 οῦν
655 5309 752 5362 καὶ
778 5309 936 5364 τοῦτο
969 5311 1159 5382 ἐρωτῶ
1188 5328 1270 5374 σε,
1304 5315 1410 5382 πρὸ
1432 5312 1525 5365 τοῦ
1557 5313 1676 5366 κτί·

107 5408 198 5445 σαι
237 5393 264 5445 6
291 5392 423 5458 Θεὸς
457 5397 549 5448 τὸν
586 5398 762 5466 Λόγον
799 5401 894 5452 καὶ
948 5399 1010 5452 τὸ
1071 5399 1333 5470 Πνεῦμα,
1379 5403 1480 5454 οῦκ
1529 5399 1674 5472 εἶχεν

1790 4672 2026 4727 Verbum
2051 4691 2079 4726 a
2112 4673 2405 4743 Scriptura
2433 4683 2527 4728 tua
2559 4675 2805 4728 increata
2831 4674 3113 4738 dicuntur,
3141 4689 3208 4727 an
3247 4690 3374 4727 vero

1787 4775 1972 4820 creata
1995 4767 2117 4819 ?Ac
2145 4767 2235 4820 ubi
2267 4765 2615 4834 responderit
2639 4775 2824 4820 creata
2850 4781 2972 4821 esse
2991 4808 3005 4830 ,
3035 4766 3126 4819 die
3148 4765 3196 4821 ei
3224 4783 3238 4819 :
3270 4766 3368 4820 Ec-

1786 4859 1910 4928 quis
1953 4857 2162 4911 creavit
2195 4856 2290 4912 Dei
2330 4858 2593 4926 Spiritum
2629 4867 2684 4911 et
2713 4857 2990 4913 Verbum?
3022 4857 3177 4924 Quod
3217 4858 3261 4912 si
3303 4857 3368 4911 ad

1785 4948 1986 5003 incitas
2035 4948 2296 5003 redactus
2345 4949 2548 5002 dixerit
2593 4949 2731 5014 tibi,
2769 4950 2936 5004 Deum
2970 4950 3063 5004 illa
3092 4965 3314 5006 creasse
3348 4969 3364 5016 ;

1787 5054 1976 5111 regere
2010 5057 2024 5090 :
2080 5039 2145 5092 Et
2191 5040 2238 5094 si
2283 5038 2550 5094 dixissent
2584 5056 2686 5110 ego
2721 5040 2821 5093 tibi
2862 5057 2971 5094 rem
3006 5041 3324 5109 hujusmodi
3350 5082 3365 5104 .

1785 5132 2170 5201 respondisses
2209 5130 2458 5199 profecto
2488 5130 2623 5185 mihi
2663 5151 2676 5186 :
2716 5131 2756 5185 Ε
2790 5134 2970 5186 medio
2993 5134 3268 5187 sustulisti
3297 5145 3367 5186 te-

1785 5223 2105 5280 stimonium
2131 5232 2318 5284 tuum,
2342 5237 2406 5276 ac
2429 5239 2596 5291 [lIlI'I'O
2619 5223 2765 5278 haud
2791 5225 3202 5279 conﬁrmaveris
3226 5241 3367 5294 qua:-

1782 5332 2002 5386 cuuque
2027 5315 2252 5370 dixeris.
2296 5312 2675 5372 Nihilominus
2703 5326 2756 5371 et
2779 5317 2924 5372 istud
2954 5326 3008 5372 te
3039 5318 3319 5388 interrogo
3346 5336 3359 5372 :

1781 5409 2088 5477 Antequam
2123 5415 2335 5462 crearet
2365 5405 2510 5462 Deus
2541 5407 2782 5462 Verbum
2819 5416 2873 5464 ct
2905 5407 3169 5480 Spiritum
3199 5449 3212 5470 ,
3249 5424 3358 5462 non

108 5478 328 5551 Πνεῦμα
343 5483 466 5536 οὐδὲ
496 5485 706 5553 Λόγον;
741 5489 852 5541 Καὶ
876 5488 1134 5558 φεύξεται
1163 5491 1271 5544 ἀπὸ
1303 5491 1396 5544 σοῦ
1429 5493 1502 5563 μὴ
1536 5493 1676 5561 ἔχων

1801 5499 2014 5554 labebat
2039 5497 2302 5566 Spiritum
2330 5513 2510 5568 neque
2543 5496 2785 5553 Verbum
2811 5501 2834 5554 τ
2863 5478 3029 5567 atque
3058 5498 3358 5554 declinabit

106 5571 160 5624 τί
183 5571 568 5646 ἀποκριθῆναι.
589 5579 869 5649 Αίρετικοὶ
901 5581 1008 5652 γάρ
1037 5581 1176 5634 εἰσιν
1204 5584 1253 5636 oi
1279 5583 1510 5636 τοιοῦτοι
1535 5587 1674 5638 κατὰ

1801 5611 1806 5643 l
1838 5600 1924 5655 te,
1964 5606 2073 5644 non
2114 5589 2326 5646 habens
2364 5589 2499 5662 quid
2534 5589 2888 5661 respondeat.
2921 5588 3176 5648 Haeretici
3206 5588 3352 5646 enim

1367 5741 1598 5800 νΑιιιΑξ
1628 5745 2032 5803 LECTIONES.

159 5841 176 5868 θ
227 5836 385 5896 Forte
406 5843 715 5900 πιστεύεται
736 5848 818 5904 vel
849 5851 1289 5925 πιστευθήσεται.
