4112 6448
100 431 227 495 1249

1209 415 1604 479 ADVERSUS
1644 412 2210 472 ICONOCIASTAS.

3228 414 3362 483 i350

99 542 227 598 εἶναι
255 540 563 614 προϐάτων,
589 539 679 592 διὰ
708 537 863 601 δόξαν
893 535 1054 606 κενὴν
1095 536 1187 587 καὶ
1211 533 1394 603 μόνον,
1425 530 1534 583 τῶν
1562 530 1667 581 Πα-

1776 527 2132 596 praeditarum
2155 566 2170 591 ,
2205 526 2276 580 ob
2313 541 2511 581 vanam
2553 529 2823 584 duntaxat
2862 527 3095 600 gloriam
3120 568 3136 593 ,
3177 542 3362 600 pater-

97 638 261 706 τέρων
289 632 387 695 τὰς
427 632 610 701 φωνὰς
642 630 1061 699 παρωσάμενοι,
1113 625 1255 678 κατὰ
1310 624 1408 692 τῆς
1442 622 1676 681 πίστεως

99 728 318 787 ἑαυτοὺς
377 723 715 785 ὁπλίσαντες,
755 722 821 774 τὰ
868 719 1043 789 ὀρθῶς
1102 718 1194 770 ὑπ’
1225 715 1406 769 αὐτῶν
1443 713 1677 785 ρηθέντα

100 819 427 892 στρεϐλοῦσι,
457 815 601 869 κατά
628 817 721 867 τὸν
753 812 1010 880 ἀδόκιμον
1042 809 1224 863 αὐτῶν
1256 809 1349 861 καὶ
1374 807 1678 875 τεθολωμέ-

98 929 181 964 νον
230 911 353 963 νοῦν
407 908 766 966 διδάσκοντες,
798 905 974 971 ’Ἅπερ
1024 901 1220 954 πάντα
1274 899 1497 952 ἐνώπια
1553 897 1679 963 τοῖς

99 1000 396 1060 συνιοῦσι,
423 999 518 1050 καὶ
545 996 689 1064 ὀρθὰ
732 995 856 1057 τοῖς
882 994 1234 1060 εὑρίσκουσι
1257 989 1503 1058 γνῶσιν,
1538 988 1679 1040 κατὰ

98 1096 157 1145 τὸ
181 1092 585 1160 γεγραμμένον.
611 1090 672 1140 Οἱ
701 1087 797 1156 μὲν
824 1086 932 1155 γάρ
960 1084 1084 1155 δόξῃ
1108 1086 1184 1150 (5)
1213 1084 1307 1136 καὶ
1338 1080 1564 1150 καθαρῷ
1580 1079 1679 1148 τῆς

97 1184 323 1245 διανοίας
348 1184 558 1250 ὄμματι
591 1184 703 1242 τοῖς
737 1180 902 1247 ἱεροῖς
937 1180 1035 1245 τῆς
1064 1176 1419 1229 θεοπνεύστου
1457 1174 1681 1244 Γραφῆς

97 1276 577 1343 περιτυγχάνοντες
626 1272 823 1336 λόγοις,
869 1269 1060 1335 δφελος
1091 1268 1254 1325 θεῖον,
1316 1266 1505 1333 ῶσπερ
1558 1266 1679 1317 τινά

94 1368 337 1435 οὒράνιον
371 1362 659 1432 θησαυρὸν,
693 1363 810 1422 ταῖς
847 1360 1028 1412 αὐτῶν
1064 1358 1413 1421 εἰσοικίζουσι
1454 1358 1675 1427 ψυχαῖς·

92 1459 138 1506 οί
173 1456 226 1507 δὲ
256 1457 343 1507 τὸν
373 1453 495 1504 νοῦν
528 1452 740 1520 ἔχοντες
772 1451 849 1517 τῷ
874 1449 1057 1517 ψεύδει
1106 1448 1562 1517 προσνενευκότα,
1584 1448 1679 1500 καὶ

91 1549 187 1615 τῆς
205 1564 365 1598 τινων
394 1543 788 1613 ἀθυροστομίας
815 1542 1147 1609 ἡττώμενον,
1170 1541 1260 1592 καὶ
1289 1540 1520 1609 βεϐήλου
1545 1538 1681 1605 γνώ-

92 1653 225 1695 σεως
256 1634 508 1702 ἐραστὴν,
558 1632 780 1683 ἐκείνων
817 1631 1028 1681 ἔσονται
1082 1632 1347 1693 κοινωνοὶ,
1383 1632 1511 1699 περὶ
1536 1620 1613 1681 ὧν
1644 1628 1673 1679 ὁ

92 1721 359 1788 μακάριος
419 1718 631 1779 Παῦλος
676 1716 896 1786 γράψει’
967 1718 1069 1769 Ἐν
1128 1713 1218 1781 οἷς
1273 1720 1303 1769 ὁ
1361 1714 1505 1779 Θεὸς
1569 1714 1678 1767 τοῦ

88 1813 299 1876 αἰῶνος
332 1811 546 1864 τούτου
589 1811 911 1879 ἐτύφλωσέ
941 1811 1014 1864 τὰ
1062 1810 1335 1878 νοήματα
1384 1809 1503 1861 τῶν
1541 1809 1675 1862 ἀπί-

1780 631 1881 670 nas
1916 630 2080 671 voces
2119 617 2482 685 repudiantes
2506 660 2520 681 ,
2557 619 2943 689 adversusque
2981 619 3142 674 {idem
3186 630 3364 677 semet

1780 708 1883 776 ipsi
1910 719 2193 763 armantes
2220 751 2233 771 .
2267 725 2390 779 qua:
2424 718 2579 765 recte
2612 711 2680 764 ab
2716 711 2828 767 illis
2867 712 3018 767 dicta
3055 720 3187 767 sunt
3226 727 3363 767 con-

1780 807 2039 867 torquent
2094 801 2285 870 (juxta
2344 804 2696 871 reprobatam
2757 819 2912 859 suam
2972 805 3363 875 turbidamque

1782 902 2017 945 ruentem
2054 893 2405 963 docentes),
2436 895 2570 958 Qua:
2601 895 2919 950 omnimodis
2955 896 3017 950 ob
3052 897 3232 951 oculos
3264 911 3361 964 po-

1780 986 1881 1037 sita
1923 996 2047 1038 sunt
2091 986 2542 1053 intelligentiam,
2587 997 2831 1052 rectaque
2866 989 2936 1042 iis
2977 990 3065 1059 qui
3107 990 3360 1059 cognitio-

1780 1093 1894 1129 nem
1935 1078 2244 1141 inveniunt,
2280 1085 2340 1129 ιιι
2386 1079 2657 1147 scripturn
2689 1088 2775 1134 est
2811 1081 2859 1135 δ.
2900 1080 2982 1135 Illi
3019 1081 3165 1135 enim
3202 1088 3361 1135 aettta

1781 1183 2032 1235 puraque
2085 1168 2291 1222 tuentis
2348 1170 2467 1223 acie
2517 1184 2711 1226 sacras
2760 1171 3033 1227 divinitus
3079 1172 3364 1241 inspirata:

1784 1260 2085 1325 Scriptura;
2116 1260 2278 1312 verba
2309 1261 2549 1328 legentes
2572 1301 2586 1325 ,
2614 1262 2859 1315 divinum
2887 1264 3321 1318 emolumentum
3342 1302 3358 1326 ,

1780 1352 1938 1417 quasi
1967 1352 2257 1419 quemdam
2284 1354 2567 1408 cmlestem
2593 1354 2914 1409 thesaurum
2936 1395 2949 1418 ,
2981 1355 3094 1410 suis
3114 1355 3360 1423 ipsorum

1782 1444 2071 1497 animabus
2108 1444 2419 1498 recondunt
2454 1464 2466 1499 :
2506 1446 2597 1499 isti
2637 1460 2773 1500 vero
2811 1454 3052 1500 mentem
3088 1460 3219 1500 cum
3262 1446 3359 1497 ba-

1783 1534 1946 1587 beant
1987 1536 2050 1587 ad
2087 1535 2436 1590 mendacium
2471 1553 2805 1605 propensam
2828 1579 2841 1601 ,
2874 1554 2937 1592 ac
2964 1539 3358 1592 nonnullorum

1783 1626 2178 1694 impotentibus
2258 1627 2633 1682 locutionibtts
2708 1629 3036 1692 devictam,
3112 1628 3361 1699 profana

1779 1716 1943 1769 etiam
1999 1718 2248 1770 scientiae
2281 1725 2595 1780 amantem,
2652 1720 2878 1773 illorum
2936 1722 3127 1789 utique
3183 1722 3358 1775 futuri

1782 1818 1913 1863 sunt
1945 1811 2248 1879 participes
2271 1849 2285 1874 ,
2320 1811 2389 1864 de
2419 1812 2623 1880 quibus
2653 1813 2850 1868 beatus
2883 1812 3084 1869 Paulus
3118 1816 3357 1870 scribit:

88 1918 268 1962 στων,
301 1904 387 1965 είς
410 1900 472 1952 τὸ
501 1899 583 1968 μὴ
608 1898 925 1968 διαυγάσαι
968 1896 1176 1962 αὐτοῖς
1224 1898 1332 1949 τὸν
1366 1898 1667 1983 φωτλισμύν

1780 1898 1847 1953 In
1881 1902 2069 1968 quibus
2110 1901 2250 1955 Deus
2286 1904 2468 1955 sa'culi
2502 1904 2661 1970 hujus
2696 1908 2979 1957 excwcavit
3011 1908 3246 1975 cogitata
3279 1908 3359 1960 in-

87 1990 193 2041 τοῦ
214 1992 583 2057 Eiram-adiat)
614 1987 721 2056 τῆς
750 1989 933 2053 δόξης
964 1986 1071 2039 τοῦ
1086 1988 1363 2054 Χριστοῦ,
1396 1987 1465 2052 ὅς
1505 1988 1676 2038 ἐστιν

86 2082 263 2133 εἰκὼν
284 2082 390 2135 τοῦ
424 2081 589 2135 Θεοῦ.
625 2078 1005 2145 Τυιρλώττουσι
1037 2078 1164 2148 γὰρ,
1203 2078 1293 2131 καί
1322 2079 1460 2130 εἰσιν
1489 2076 1673 2145 ὁδηγοὶ

85 2173 322 2240 τυφλῶν·
359 2172 647 2240 τοιγαροῦν
681 2165 830 2223 οὗτοι
862 2173 957 2223 καὶ
985 2173 1098 2232 τοῖς
1133 2171 1230 2238 τῆς
1272 2168 1548 2231 ἀπωλείας
1573 2169 1673 2237 ἐμ-

86 2267 345 2317 πίπτουσι
380 2265 612 2333 βόθροις.
674 2263 759 2325 Ὠς
789 2264 896 2333 γὰρ
943 2264 1105 2325 αὐτὸς
1151 2264 1178 2314 ὁ
1214 2262 1406 2332 Σωτὴρ
1455 2262 1667 2330 εἴρηκεο

92 2358 328 2422 Τυφλὸς
360 2356 595 2423 τυφλὸν
622 2355 732 2407 ἐὰν
755 2354 966 2421 ὁδηγῇ,
996 2354 1314 2421 ἀμφότεροι
1355 2355 1440 2418 είς
1488 2354 1673 2417 βόθυ-

84 2466 199 2499 νον
230 2448 652 2515 ἐμπεσοῦνται.
688 2446 1149 2514 Καταφλυαροῦσι
1177 2448 1356 2519 τοίνυν
1377 2444 1521 2507 τινὲς
1567 2443 1673 2496 τῶν

84 2540 183 2605 τῆς
213 2538 469 2606 ἀληθείας
507 2536 761 2607 Πατζρων
795 2539 887 2589 καὶ
936 2537 1292 2598 διδασκάλων,
1327 2537 1419 2589 καὶ
1465 2536 1528 2607 δὴ
1582 2537 1673 2590 καὶ

86 2631 409 2698 σκαιότητος
431 2628 738 2698 διαϐολικῆς
766 2630 856 2681 τὸν
886 2630 1084 2680 οἰκεῖον
1115 2627 1492 2699 ἐμπλήσαντες
1523 2628 1670 2693 νοῦν,

83 2721 530 2789 παραχαράττειν
592 2721 900 2786 ἐπείγονται
967 2721 1028 2772 τὸ
1081 2720 1180 2787 τῆς
1245 2720 1499 2789 ἀληθείας
1565 2739 1670 2790 μυ·

84 2816 343 2883 στήριον,
378 2814 481 2880 τῆς
513 2813 652 2880 μετά
680 2813 879 2881 σαρκὸς
926 2813 1239 2881 οἰκονομίας
1286 2812 1379 2865 τοῦ
1430 2814 1670 2880 Μονογε-

83 2906 210 2965 νοῦς
274 2904 335 2955 οὐ
393 2903 618 2972 μετρίαν
672 2903 951 2966 ποιοῦντες
1005 2906 1346 2973 κατάρρησιν
1405 2904 1523 2974 (4),
1582 2904 1670 2973 μὴ

82 2994 373 3057 νοοῦντες
396 2994 547 3060 μήτε
580 2993 617 3045 ti
644 2994 915 3063 λέγουσι,
968 2994 1123 3062 μήτε
1156 2994 1288 3061 περὶ
1324 2994 1503 3045 τινων
1548 2994 1671 3046 δια-

85 3080 476 3142 ϐεὲαιοῦνται,
509 3081 649 3134 κατά
679 3082 740 3134 τὸ
769 3082 1172 3150 γεγραμμένον.
1265 3125 1290 3140 ,.

158 3172 222 3239 β’.
246 3172 477 3239 Εὑρεταὶ
494 3172 551 3223 δὲ
572 3172 674 3241 τῆς
698 3172 953 3240 τοιαύτης
975 3172 1232 3235 ἀσεϐείας
1260 3173 1517 3241 γεγόνασι
1545 3173 1669 3225 πολ·

80 3263 165 3315 λοι⁵
199 3265 296 3331 μὲν
326 3264 419 3313 καὶ
445 3263 639 3332 ἕτεροι,
678 3263 817 3315 κατά
856 3265 982 3326 τοὺς
1024 3263 1229 3316 ἄνωθεν
1262 3266 1663 3335 παρῳχηκότας

78 3357 330 3423 καιροὺς,
364 3355 456 3406 νῦν
478 3355 532 3407 δὲ
557 3356 655 3423 τῆς
681 3355 900 3407 ἐκείνων
930 3356 1270 3423 ἀνοσιότητος
1298 3354 1505 3409 οὖτοιοί
1535 3374 1667 3426 προ-

81 3444 437 3513 φασιζόμενοι
470 3444 609 3496 κατά
637 3445 758 3504 τοὺς
790 3443 941 3505 νέους
955 3445 1297 3511 Φαρισαίους.
1326 3447 1537 3514 Ὥσπερ
1561 3447 1669 3517 γάρ

80 3536 303 3603 ἀληθῶς
334 3537 489 3587 αὐτοὶ
524 3537 831 3606 ἠρνήσαντο
885 3540 976 3588 τὸν
1034 3536 1161 3589 Υὶὸν
1193 3538 1286 3590 τοῦ
1318 3539 1452 3591 Θεοῦ
1506 3541 1668 3611 σαρκὶ

79 3626 404 3694 ἐληλυθότα,
458 3626 598 3679 οὕτω
631 3629 724 3678 καὶ
781 3628 877 3681 νῦν
906 3631 1238 3699 νεοκήρυκες
1287 3634 1360 3702 μὴ
1418 3631 1667 3695 θέλοντες

77 3722 410 3786 προσκυνεῖν
436 3718 528 3769 καὶ
555 3718 879 3780 σεϐάζεσθαι
904 3720 1000 3789 τῆς
1026 3721 1288 3789 ἐνσάρκου
1319 3721 1410 3774 τοῦ
1425 3723 1676 3792 Χριστοῦ.

78 3809 409 3878 παρουσίας,
472 3810 698 3875 καὶτῆς
744 3812 884 3862 κατά
944 3812 1122 3880 σάρκα
1172 3812 1337 3865 αὑτοῦ
1392 3815 1663 3884 ἁχράντου

74 3900 303 3966 Μητρὸς
334 3901 427 3950 καὶ
464 3904 602 3951 κατά
636 3900 895 3970 ἀλήθειαν
944 3902 1207 3955 Θεοτόκου
1242 3906 1335 3955 καὶ
1366 3905 1663 3975 ἀειπαρθέο

74 4008 172 4040 νου
209 3990 446 4058 Μαρίας,
480 3992 576 4042 καὶ
610 3992 827 4043 πάντων
853 3993 960 4043 τῶν
986 3996 1154 4060 ἁγίων
1183 3996 1344 4048 αὑτοῦ
1372 3997 1471 4060 τὰς
1506 4000 1664 4053 σεϐα-

73 4079 276 4146 σμίους
306 4079 399 4130 καὶ
425 4079 628 4142 σεπτάς
651 4080 885 4143 εἰκόνας.
907 4082 1063 4134 ’Λλλὰ
1092 4084 1215 4137 νέαν
1248 4088 1664 4157 κενοτομοῦντες

71 4171 502 4240 ὲτεκτονήσαντο
562 4172 764 4235 πίστιν,
832 4174 983 4241 παρά
1014 4175 1111 4244 τὴν
1165 4176 1406 4245 ἀρχῆθεν
1462 4180 1663 4233 ἐκτῶν

68 4261 252 4327 ἁγίων
273 4264 305 4331 ἡ
316 4263 429 4331 μῶν
461 4264 717 4332 Πατέρων
751 4264 844 4317 καὶ
874 4264 1128 4333 μαθητῶν
1156 4268 1247 4319 καὶ
1270 4267 1529 4337 διαδόχων
1555 4271 1661 4323 τῶν

70 4355 252 4421 ἁγίων
269 4356 579 4408 ἀποστόλων
613 4357 982 4425 ὑπαρχόντων.
1026 4358 1110 4419 Ὠς
1158 4360 1265 4428 γὰρ
1297 4337 1479 4424 αὐτοῖς
1514 4363 1658 4428 ἔδοξε

66 4442 169 4493 νῦν
204 4444 472 4511 λέγοντες,
507 4446 665 4498 πλέον
703 4448 807 4497 τῶν
840 4448 1006 4512 ἁγίων
1042 4451 1305 4520 Πατέρων
1325 4448 1399 4503 ὧν
1436 4456 1485 4505 οἱ
1514 4454 1658 4521 λόγοι

1778 1991 2052 2058 fidelium,
2102 2002 2159 2044 ut
2209 2009 2314 2044 non
2348 1994 2676 2060 resplendeat
2714 1995 2822 2048 illis
2867 1997 3044 2049 lumen
3082 1996 3360 2067 Evangelii

1775 2084 1958 2152 gloria:
2010 2083 2251 2148 Christi,
2303 2086 2391 2151 qui
2443 2095 2520 2138 est
2576 2087 2753 2155 imago
2807 2086 2907 2140 Dei
2939 2100 2984 2143 ο.
3045 2089 3360 2143 (licentith

1775 2173 1963 2235 enim,
1997 2182 2053 2226 et
2095 2182 2226 2227 sunt
2264 2175 2435 2228 duces
2473 2190 2746 2230 ramorum
2787 2195 2799 2230 :
2847 2182 3206 2241 quamobrem
3249 2179 3354 2231 bu-

1770 2264 2015 2332 jusmodi
2048 2267 2212 2319 etiam
2270 2270 2321 2319 in
2374 2266 2587 2321 foveam
2641 2268 2895 2322 incidunt
2949 2271 3228 2325 interitus.
3285 2270 3356 2324 Ut

1776 2357 1920 2409 enim
1951 2357 2187 2425 ipsemet
2216 2356 2467 2413 Salvator
2490 2363 2604 2413 ait:
2643 2360 2829 2414 Circus
2863 2378 3058 2415 caecum
3090 2363 3136 2415 si
3164 2362 3352 2427 ducat,

1775 2448 1927 2501 ambo
1959 2450 2011 2502 in
2048 2433 2252 2516 foveam
2282 2452 2470 2504 cadent
2507 2451 2559 2506 ἀ.
2598 2453 2862 2508 Deridcnt
2897 2455 3065 2522 igitur
3098 2455 3354 2507 nonnulli

1772 2536 1965 2592 Patres
2024 2554 2088 2593 ac
2144 2541 2444 2608 magistros
2492 2542 2800 2595 veritatis:
2845 2544 2956 2595 imo
3008 2558 3138 2597 vero
3187 2544 3352 2597 etiam

1772 2631 2045 2685 diabolica
2088 2634 2364 2697 pravitate
2408 2634 2691 2703 proprium
2733 2634 3353 2713 itnplentes’animnm,

1772 2724 2092 2776 adulterare
2120 2723 2375 2777 nituntur
2403 2724 2658 2778 veritatis
2689 2724 3049 2793 mysterium,
3080 2724 3219 2776 nihil
3247 2736 3355 2776 non

1771 2829 1802 2866 e
1844 2814 2022 2867 medio
2064 2814 2255 2868 tollere
2307 2814 2595 2869 studentes
2633 2814 3108 2883 dispensationem
3153 2811 3357 2881 Unige-

1772 2908 1875 2960 niti
1932 2908 2232 2962 secundum
2284 2922 2506 2962 carnem
2532 2948 2548 2971 ,
2591 2924 2693 2961 non
2728 2908 3078 2976 intelligentes
3110 2923 3201 2961 nec
3238 2921 3356 2976 quia

1770 2998 1983 3060 dicunt,
2017 3014 2108 3050 nec
2143 2998 2206 3050 de
2239 2999 2427 3067 quibus
2459 2999 2715 3066 a/ﬁrment
2752 3010 2798 3064 ε,
2826 3000 2985 3067 juxta
3019 2998 3168 3067 quod
3202 2995 3355 3051 Scri-

1772 3099 1932 3158 ptura
1963 3089 2119 3143 dicit.

1841 3182 1897 3235 2.
1942 3180 2264 3235 lnventores
2304 3196 2474 3250 porro
2516 3180 2837 3251 hujusmodi
2881 3182 3186 3253 impietatis
3230 3182 3351 3238 fue-

1772 3283 1903 3327 runt
1934 3272 2158 3342 quidem
2191 3280 2245 3326 et
2277 3272 2367 3325 alii
2402 3273 2592 3341 plures
2628 3290 2725 3344 per
2752 3274 3039 3343 superiora
3066 3282 3352 3343 tempora;

1771 3377 1915 3416 nunc
1949 3376 2077 3414 vero
2114 3362 2337 3414 illorum
2371 3362 2637 3417 facinoris
2678 3365 2769 3418 isti
2810 3379 2985 3419 novas
3024 3364 3355 3434 profitentes

1768 3468 1990 3514 causas,
2019 3454 2177 3521 quasi
2208 3455 2335 3507 novi
2364 3452 2655 3512 Pharisaei.
2689 3455 3169 3521 Quemadmodum
3199 3458 3351 3512 enim

1770 3558 1959 3598 revera
1990 3543 2066 3596 illi
2102 3554 2377 3613 negarunt
2409 3546 2612 3599 Filium
2643 3546 2738 3601 Dei
2772 3562 2941 3601 carne
2973 3549 3236 3614 venisse;
3271 3549 3353 3604 sic

1729 3644 1821 3688 .ct
1870 3650 2017 3688 nunc
2066 3637 2203 3689 novi
2235 3636 2323 3690 isti
2367 3638 2792 3705 praedicatores,
2846 3639 2977 3693 dum
3018 3642 3213 3701 nolunt
3251 3642 3351 3695 ad-

1766 3743 1925 3781 orare
1956 3738 2007 3781 et
2039 3727 2219 3782 colere
2250 3729 2516 3784 adventus
2544 3731 2750 3785 Christi
2789 3732 2843 3786 in
2878 3747 3045 3787 carne
3067 3772 3083 3797 ,
3115 3734 3351 3805 ejusque

1768 3820 2077 3874 secundum
2102 3834 2329 3874 carnem
2356 3822 2720 3877 immaculata:
2746 3823 2938 3879 Matris
2962 3842 3196 3896 vereque
3223 3825 3349 3882 Dei-

1769 3926 1917 3978 parat
1944 3926 2008 3964 ac
2035 3926 2253 3980 semper
2284 3911 2525 3982 Virginis
2548 3915 2768 3978 Mariae,
2793 3916 2920 3969 item
2946 3918 3189 3971 omnium
3218 3932 3348 3973 san-

1766 4011 1979 4054 ctorum
2018 4002 2138 4070 ejus
2180 4004 2471 4072 religiosas
2520 4006 2993 4076 honorandasque
3047 4010 3344 4080 imagines.

1769 4090 1874 4146 Sed
1912 4110 2107 4147 novam
2151 4096 2313 4148 novis
2351 4098 2518 4149 rebus
2559 4098 2851 4154 studentes
2881 4100 3240 4157 adornarunt
3282 4105 3348 4158 ιι.

1764 4182 1887 4233 ιιι-ιιι
1913 4222 1928 4245 ,
1962 4191 2158 4234 contra
2196 4195 2360 4251 atque
2402 4187 2469 4237 ab
2512 4186 2670 4241 initio
2709 4190 3028 4256 accepimus
3068 4206 3097 4244 a
3138 4195 3346 4248 sanctis

1766 4272 1974 4325 nostris
2009 4270 2274 4326 Pati-ibus
2295 4314 2309 4337 ,
2342 4274 2637 4343 discipulis
2665 4292 2729 4330 ac
2758 4281 3183 4336 successoribus
3211 4297 3347 4353 apo-

1761 4362 2022 4414 stolorum
2046 4372 2387 4417 sanctorum.
2413 4363 2882 4430 Quemadmodum
2918 4370 3062 4423 cnim
3104 4373 3240 4439 ipsis
3263 4375 3346 4428 vi-

1763 4465 1886 4503 sum
1923 4460 2006 4505 est.
2038 4466 2187 4505 nunc
2216 4454 2437 4515 dicere,
2473 4457 2675 4509 melius
2708 4473 2872 4525 quam
2905 4463 3080 4514 sancti
3115 4462 3342 4529 Patres,

65 4536 169 4585 καὶ
202 4536 257 4585 αἰ
279 4536 467 4602 ἀρεταὶ
497 4538 771 4605 στήριγμα
798 4542 887 4589 καὶ
922 4541 1087 4610 στήλη
1119 4544 1212 4610 τῆς
1246 4545 1537 4614 καθολικῆς
1564 4548 1657 4599 καὶ

1770 4559 2006 4612 quorum
2043 4544 2207 4597 verba
2245 4554 2297 4598 et
2333 4546 2571 4601 virtutes
2603 4548 2842 4604 fulcrum
2880 4562 3009 4606 sunt
3046 4563 3214 4622 atque
3246 4572 3343 4611 co-

62 4625 438 4694 ἁποστολικῆς
482 4627 805 4695 Ἐκκλησίας
837 4631 1198 4699 ὑπάρχουσιν,
1243 4630 1387 4687 οὗτοι
1434 4638 1532 4707 τὴν
1566 4642 1658 4691 πί-

64 4731 191 4765 στιν
214 4714 501 4779 φυλάττειν
525 4718 979 4781 διαϐεϐαιοῦντες.
1029 4723 1139 4785 Τάς
1171 4724 1278 4795 γὰρ
1324 4728 1505 4780 αὐτῶν
1552 4731 1657 4781 τῶν

64 4804 335 4873 ῐΙατὲρων
365 4808 567 4873 φωνὰς,
602 4807 667 4868 ἃς
690 4810 842 4861 αὐτοὶ
871 4804 1084 4879 τρανῶς
1110 4816 1380 4884 ἐκήρυξαν
1401 4820 1655 4888 περὶτῶν

61 4894 389 4961 σεϐασμίων
418 4900 511 4949 καὶ
546 4903 934 4969 προσκυνητῶν
966 4904 1208 4969 εἰκόνων,
1228 4902 1373 4961 οὗτοι
1405 4912 1452 4961 οί
1483 4913 1657 4964 νεὸσο-

59 5005 161 5054 φοι
185 4986 438 5049 λαϐόντες
473 4988 571 5051 τὰς
602 4992 779 5054 καλῶς
809 4995 913 5046 ὑπὸ
943 4996 1051 5047 τῶν
1071 5001 1362 5067 προφητῶν
1398 5003 1655 5072 ῥηθείσας

57 5079 278 5145 φωνάς,
308 5083 445 5132 κατὰ
475 5082 573 5141 τὰς
614 5082 749 5145 ἰδίας
774 5086 1065 5153 ἐπιθυμίας
1092 5090 1228 5157 πρὸς
1249 5092 1339 5144 τὸν
1375 5093 1499 5145 ἴδιον
1527 5094 1650 5146 νοῦν

58 5167 442 5235 στρεϐλοῦσιν.
500 5171 587 5234 Ὠς
634 5173 742 5243 γὰρ
802 5177 958 5228 αὐτοὶ
1016 5181 1144 5250 περὶ
1193 5182 1301 5232 τῶν
1358 5185 1651 5239 είδωλικῶν

56 5257 277 5320 ξοάιων
300 5259 391 5311 καὶ
420 5259 749 5328 δαιμονικῶν
801 5266 1008 5333 στηλῶν
1052 5269 1362 5338 φράσαντες
1396 5274 1647 5345 εἴρηκαν,

52 5345 217 5402 οὗτοι
253 5354 329 5412 είς
355 5350 453 5413 τὰς
481 5344 642 5419 ἁγίας
678 5355 890 5419 εἰκόνας
912 5360 1283 5430 μετέστρεψαν
1307 5366 1431 5427 τοὺς
1462 5368 1648 5433 ἁγίους

56 5440 317 5509 ιῐατέρας
344 5442 437 5493 καὶ
477 5443 824 5509 διδασκάλους
865 5448 963 5517 τῆς
1007 5451 1167 5517 ἁγίας
1219 5457 1312 5507 καὶ
1343 5457 1645 5530 ἀμωμήτου

142 5613 173 5654 b
204 5613 363 5670 Prov.
408 5633 521 5682 vni,
558 5619 609 5673 9.
691 5633 711 5659 τ
744 5622 783 5677 ll
812 5623 939 5680 Cor.
984 5642 1055 5693 tv,
1087 5628 1142 5682 4.

1217 5629 1241 5669 ἀ
1277 5631 1469 5688 Matth.
1492 5650 1581 5700 xv,
1610 5635 1696 5689 14.

1765 4637 1951 4689 lumna
1975 4630 2266 4690 c‘atholicm
2297 4648 2349 4690 et
2377 4639 2690 4706 apostolica:
2722 4640 2985 4697 Ecclesiae
3008 4686 3023 4707 ,
3056 4647 3146 4699 isti
3178 4648 3338 4702 tidem

1762 4743 1820 4782 se
1859 4744 2086 4782 servate
2128 4731 2478 4797 proﬁtentur.
2529 4730 2600 4783 At
2638 4734 2784 4786 enim
2830 4738 3073 4802 ipsorum
3114 4738 3339 4795 Patrum

1762 4835 1965 4882 voces,
2007 4836 2148 4888 quas
2194 4822 2297 4888 ipsi
2344 4823 2654 4876 luculenter
2693 4827 3134 4893 dt-przetlicarunt
3190 4832 3339 4885 circa

1762 4912 2103 4963 venenandas
2134 4913 2567 4978 adorantlasqne
2604 4916 2877 4983 imagines
2900 4958 2912 4978 ,
2956 4921 3043 4972 isti
3084 4923 3207 4974 novi
3242 4939 3338 4977 sa-

1757 5003 1972 5070 pientes
2015 5002 2180 5071 (dum
2233 5006 2511 5072 arripiunt
2556 5023 2678 5075 quae
2729 5013 3070 5079 caeteroquin
3121 5015 3263 5081 bene
3304 5030 3334 5068 ιι

1760 5096 2048 5164 prophetis
2083 5098 2425 5149 annuntiatze
2471 5107 2604 5150 sunt
2652 5104 2880 5167 voces).
2919 5102 3075 5169 juxta
3110 5105 3333 5172 propria

1757 5185 2029 5239 desideria
2064 5184 2131 5236 ad
2170 5187 2448 5253 propriam
2499 5198 2736 5243 mentem
2783 5203 3127 5258 pervertunt.
3167 5195 3332 5259 Qua:-

1756 5264 1972 5347 cunqtie
2000 5278 2205 5330 etenim
2244 5278 2326 5330 illi
2361 5281 2425 5333 de
2463 5280 2734 5334 Motorum
2771 5283 2999 5335 statutis
3032 5299 3095 5338 ac
3127 5286 3331 5339 daemo-

1756 5369 1933 5421 niacis
1994 5368 2175 5421 titulis
2227 5369 2395 5421 locuti
2433 5370 2727 5435 dixerunt,
2767 5373 2856 5426 isti
2894 5374 3162 5430 adversus
3197 5392 3329 5430 san-

1755 5470 1874 5515 Ctas
1905 5460 2172 5527 imagines
2201 5461 2534 5531 detorquent
2564 5473 2787 5521 sanctos
2819 5466 3013 5523 Patres
3045 5476 3100 5522 et
3134 5468 3329 5524 docto-

1781 5647 1806 5675 ο
1836 5636 1851 5690 ι
1885 5635 2029 5689 Tim.
2064 5655 2099 5700 ι,
2144 5642 2194 5693 7.

1601 5730 1834 5788 NOT.-E.

134 5800 216 5871 (ε)
256 5800 577 5875 Ὀξυδερκεῖ.

1832 5824 1909 5889 (5)
1926 5826 2286 5897 ,KaGaipssw.
