4112 6448
194 411 328 474 1353

1299 390 1703 455 ADVERSUS
1744 384 2329 447 ICONOCLASTAS.

3310 376 3447 440 1354

187 533 278 583 καὶ
310 530 344 598 ἡ
369 522 694 593 ὲκπόρευσις
727 518 819 573 τοῦ
849 516 1005 586 ἁγίου
1042 512 1373 583 Πνεύματος.
1436 508 1767 582 Προσκυνεῖς

1896 504 2006 567 uit,
2041 500 2265 570 quando
2301 512 2408 552 non
2456 503 2579 553 erat
2635 493 2877 566 Spiritus
2929 499 3181 549 sanctus.
3237 490 3445 557 Quam-

188 622 279 674 τὸν
308 617 528 687 Πατέρα
546 633 561 679 ;
577 616 634 667 ὲν
652 611 801 681 αὐτῷ
824 609 1209 680 προσκυνεῖται
1231 608 1258 658 6
1280 605 1407 666 Υἱὸς
1427 603 1592 657 καὶτὸ
1613 603 1769 666 ἅγιον

192 711 435 779 Πνεῦμα.
461 706 794 779 Προσκυνεῖς
834 702 925 753 τὸν
957 701 1121 766 Υίόν;
1154 700 1212 751 ἐν
1245 696 1396 767 αὐτῷ
1446 693 1771 765 προσκυνεῖς

189 806 278 859 τὸν
307 800 528 871 Πατέρα
562 799 657 852 καὶ
696 796 758 848 τὸ
807 795 962 864 ἆγιον
1018 791 1263 858 Πνεῦμα.
1331 788 1665 860 Προσκυνείς
1710 786 1772 838 τδ

193 893 417 962 Πνεῦμα
454 891 514 944 τὺ
544 890 726 957 ἆγιον;
775 886 833 938 ὲν
867 882 1016 953 αὐτῷ
1056 882 1382 953 προσκυνεῖς
1416 878 1625 932 καὶτὸν
1658 878 1771 930 Πα-

191 986 325 1056 τέρα
360 983 456 1037 καὶ
483 982 574 1034 τὸν
602 978 751 1033 Υίὸν.
780 978 855 1031 Οὐ
884 973 1264 1044 συγχεομένων
1290 973 1402 1025 τῶν
1439 968 1772 1041 προσώπων,

194 1076 330 1128 ἀλλά
388 1071 479 1125 διὰ
513 1071 577 1123 τὸ
597 1069 794 1122 ταύτὸν
836 1067 930 1120 καὶ
972 1065 1391 1134 ἀπαράλλακτον
1434 1063 1535 1131 τῆς
1588 1061 1774 1123 οὐσίας

194 1168 335 1221 οὓτω
355 1166 514 1226 νοεῖς.
549 1162 694 1224 Μιᾶς
723 1160 831 1229 γὰρ
858 1157 1026 1227 οὐσης
1054 1157 1152 1227 τῆς
1184 1155 1400 1225 φύσεως
1431 1154 1525 1206 καὶ
1553 1152 1654 1221 τῆς
1682 1152 1769 1205 οὐ.

196 1258 317 1319 σίας
354 1255 451 1308 καὶ
481 1256 579 1324 τῆς
620 1253 892 1320 θεότητος,
928 1249 1025 1318 μία
1052 1250 1146 1301 καὶ
1174 1251 1207 1317 ὴ
1240 1244 1610 1315 προσκύνησίς
1660 1245 1776 1295 ἐστι

197 1349 296 1418 τῆς
324 1348 484 1415 ἁγίας
510 1349 605 1400 καὶ
634 1340 1178 1413 ὁμοουσίουτριάδος.
1224 1336 1363 1390 ⁹Λλλ’
1385 1336 1568 1407 ἐπειδὴ
1588 1335 1778 1404 Πατὴρ

199 1442 291 1493 καὶ
325 1439 449 1501 Υἱὸς
482 1437 575 1489 καὶ
608 1434 762 1503 ἆγιον
783 1432 1024 1503 Πνεῦμα,
1051 1429 1408 1499 ὀνομάζονται
1458 1429 1551 1480 καὶ
1577 1426 1684 1479 είσὶ
1711 1426 1776 1495 τῇ

201 1531 301 1599 μὲν
323 1526 479 1596 οὐσίᾳ
511 1526 654 1578 κατά
688 1524 863 1578 πάντα
904 1524 995 1575 ἴσα
1049 1524 1118 1573 τὰ
1162 1520 1321 1590 τρίτη
1354 1518 1607 1571 ἀπέδωκε
1638 1515 1697 1567 δὲ
1742 1518 1776 1585 ἠ

199 1621 557 1678 θεόπνευστος
589 1617 777 1688 Γραφὴ
809 1616 909 1686 τὴν
935 1613 1109 1684 ἀρχὴν
1146 1612 1223 1682 τῷ
1251 1613 1445 1680 Πατρὶ,
1474 1608 1567 1660 καὶ
1598 1606 1779 1661 λοιπὸν

200 1714 267 1780 τῇ
294 1710 387 1762 τοῦ
414 1710 623 1779 Πατρὸς
651 1708 871 1777 εὐδοκία
896 1706 990 1758 καὶ
1021 1707 1049 1758 6
1073 1704 1198 1767 Υἱὸς
1235 1704 1304 1755 τά
1334 1703 1509 1754 πάντα
1531 1701 1776 1770 ἐποίησε,

202 1803 299 1856 καὶ
316 1804 377 1855 τὸ
405 1802 628 1871 Πνεῦμα
659 1801 720 1852 τὸ
749 1798 905 1865 ἅγιον
948 1798 1017 1851 τὰ
1044 1798 1223 1851 πάντα
1269 1797 1774 1865 ὲτελεσιουργησεν·

1870 594 2059 648 obrem
2090 587 2675 658 incomprehensibilis
2711 587 2880 641 etiam
2912 594 3000 640 est
3032 582 3315 655 Unigeniti
3352 599 3449 652 ge-

1873 685 2124 746 neratio,
2173 682 2416 751 itemque
2458 679 2756 748 processio
2787 678 2965 733 sancti
2997 675 3263 748 Spiritus.
3300 675 3450 730 Ado-

1872 794 1965 832 ras
1998 775 2268 833 Patrem?
2304 775 2358 828 in
2396 773 2519 843 ipso
2565 771 2832 825 adoratur
2873 768 3049 824 Filius
3099 777 3153 824 et
3207 768 3452 839 Spiritus

1872 881 2119 923 sanctus.
2154 868 2366 921 Adoras
2398 863 2647 919 Filium?
2683 862 2738 916 in
2774 864 2896 932 ipso
2925 860 3123 915 adoras
3151 860 3368 913 Patrem
3397 866 3453 912 et

1876 960 2148 1031 Spiritum
2186 968 2466 1014 sanctum.
2502 955 2718 1009 Adoras
2752 954 3023 1025 Spiritum
3066 950 3366 1007 sanctum?
3397 950 3451 1003 in

1876 1056 2001 1123 ipso
2047 1054 2249 1107 adoras
2296 1062 2353 1106 et
2409 1048 2625 1102 Patrem
2675 1054 2729 1101 et
2774 1046 3002 1100 Filium.
3050 1044 3169 1098 Non
3206 1043 3454 1097 confusis

1876 1145 2167 1216 personis,
2209 1142 2305 1199 sed
2348 1146 2580 1211 pr0pter
2637 1138 2983 1191 identitatem
3038 1133 3457 1189 iinmutaliilita-

1876 1247 2097 1307 temque
2129 1236 2391 1292 essentia!
2444 1233 2526 1288 sic
2573 1232 2811 1301 cogitas.
2860 1230 3001 1282 Cum
3051 1228 3197 1282 enim
3235 1240 3342 1280 uua
3385 1225 3458 1281 sit

1878 1340 2077 1387 natura
2108 1340 2165 1385 et
2193 1327 2441 1384 essentia
2470 1335 2525 1381 et
2554 1325 2820 1379 divinitas
2841 1361 2857 1385 ,
2886 1336 2997 1375 una
3024 1328 3110 1375 est
3138 1320 3308 1374 etiam
3367 1318 3461 1371 ad-

1876 1425 2052 1478 oratio
2075 1430 2283 1478 sanctae
2298 1428 2354 1473 et
2369 1416 2858 1473 consubstantialis
2875 1412 3185 1467 Trinitatis.
3201 1410 3307 1466 Sed
3326 1425 3462 1480 quo-

1878 1514 2027 1568 niam
2061 1511 2245 1575 Pater,
2276 1507 2447 1563 Filius
2479 1522 2541 1561 ac
2574 1506 2821 1577 Spiritus
2850 1515 3076 1558 sanctus
3101 1542 3116 1565 ,
3150 1502 3451 1556 nominan-

1879 1616 1968 1659 tur
1990 1612 2046 1656 et
2069 1609 2199 1655 sunt
2221 1599 2460 1654 essentia
2487 1596 2711 1666 quidem
2737 1608 2835 1663 per
2865 1594 3050 1647 omnia
3075 1591 3319 1661 aequales
3350 1600 3464 1645 tres

1879 1698 1962 1749 hae
1994 1707 2286 1761 personae;
2334 1689 2625 1758 Scriptura
2680 1701 2815 1741 vero
2865 1684 3139 1740 divinitus
3190 1683 3465 1753 inspirata

1879 1784 2216 1854 principium
2264 1780 2519 1835 attribuit
2548 1777 2736 1842 Patri,
2778 1793 2841 1833 ac
2882 1776 3221 1847 caeteroquin
3258 1792 3325 1831 ex
3362 1774 3466 1828 Pa-

202 1855 350 1945 ἔστιν
407 1855 693 1953 051.836;
747 1855 1044 1958 δ’Πατὴρ,
1105 1888 1237 1949 Θεὸς
1300 1889 1328 1940 6
1360 1888 1508 1952 Υίὸς,
1550 1855 1779 1949 “eam

1896 1879 1985 1931 .ris
2015 1874 2360 1944 beneplacito
2392 1872 2558 1927 etiam
2598 1870 2775 1926 Filius
2817 1870 3080 1925 universa
3132 1870 3314 1923 ell‘ecil
3341 1911 3356 1934 ,
3411 1877 3468 1922 et

205 1986 429 2054 Πνεῦμα
464 1984 526 2036 τὸ
562 1985 734 2051 ἅγιον.
781 1981 919 2034 Ἀλλ’
948 1979 1134 2049 ἐπειδὴ
1191 1979 1323 2042 Θεὸς
1379 1980 1472 2031 καὶ
1506 1978 1640 2040 Θεὸς
1684 1977 1782 2030 καὶ

204 2074 357 2137 Θεὸς,
376 2076 436 2126 οὐ
462 2074 686 2126 δύνασαι
708 2076 904 2135 είπείν,
926 2073 1075 2141 τρεῖς
1095 2070 1238 2123 Θεοί.
1274 2070 1435 2123 Ἀλλά
1453 2070 1581 2139 τρία
1610 2070 1782 2139 προσ⁸

205 2185 331 2218 ωπα
389 2166 820 2236 ἐνθυμούμενος,
876 2163 1107 2216 ἕκαστον
1160 2162 1450 2233 πρόσωπον
1485 2161 1781 2230 ὁμολογῶν,

206 2248 285 2315 εἷς
318 2254 448 2316 Θεὸς
495 2254 735 2321 λέγεται,
766 2252 855 2305 διὰ
886 2254 946 2305 τὸ
975 2253 1031 2304 ἓν
1065 2253 1159 2305 καὶ
1215 2253 1276 2304 τὸ
1319 2252 1515 2305 ταύτὸν
1546 2252 1645 2320 τῆς
1675 2252 1779 2320 φύ-

216 2361 353 2407 σεως
378 2345 475 2397 καὶ
504 2346 604 2413 τῆς
636 2344 887 2413 θεότητος
911 2346 1003 2396 καὶ
1030 2346 1129 2411 τῆς
1153 2342 1340 2405 οὐσίας
1367 2344 1460 2396 καὶ
1483 2345 1580 2413 τῆς
1607 2350 1789 2398 σιδναῖο

207 2436 469 2504 διὸτητος.
489 2437 580 2489 Διὸ
605 2438 698 2489 καὶ
722 2437 917 2500 ἑνικῶς
938 2434 1234 2505 δοξάζομεν
1258 2440 1348 2489 καὶ
1375 2438 1789 2508 προσκυνοῦμεν

210 2528 313 2597 τὴν
338 2528 502 2596 ἁγίαν
530 2529 757 2598 Τριάδα.

284 2799 347 2845 ε’.
390 2791 697 2862 Ἐμάθομεν
719 2793 811 2845 καὶ
844 2789 1192 2860 πιστεύομεν,
1212 2791 1294 2844 ὅτι
1324 2793 1353 2845 6
1388 2791 1514 2854 Υἱὸς
1542 2791 1633 2845 τοῦ
1654 2791 1791 2845 Θεοῦ

216 2884 482 2954 ἐγεννήθη
532 2885 597 2936 ὲκ
624 2883 716 2936 τοῦ
755 2883 964 2953 Πατρδς
1015 2883 1291 2953 ἀρρήτως,
1319 2884 1585 2953 ἀχρόνως,
1642 2885 1791 2937 ἀσω-

220 2976 429 3045 ιοάτως,
476 2974 582 3044 πρὸ
611 2974 829 3027 πάντων
883 2975 992 3026 τῶν
1021 2975 1251 3029 αίώνων.
1290 2976 1462 3039 Αὐτὸς
1490 2972 1583 3029 οὖν
1610 2977 1640 3029 6
1666 2976 1795 3035 Υἱὸς

215 3066 310 3117 τοῦ
344 3064 501 3127 Θεοῦ,
532 3065 591 3117 τὸ
622 3066 737 3133 φῶς
767 3069 831 3118 ὲκ
858 3066 951 3119 τοῦ
984 3067 1178 3133 φωτὸς,
1215 3069 1244 3119 6
1274 3068 1527 3139 ἀληθινὸς
1553 3069 1685 3132 Θεὸς
1731 3072 1795 3124 ἐκ

1885 1964 2129 2036 Spiritus
2156 1974 2383 2018 sanctus
2413 1963 2673 2017 universa
2704 1961 2940 2031 perfecit
2966 1979 2979 2014 :
3008 1971 3092 2016 est
3117 1976 3469 2029 consequen-

1884 2066 1967 2113 ter
1997 2058 2140 2112 Deus
2172 2054 2361 2119 Pater,
2396 2052 2541 2108 Deus
2585 2051 2807 2118 Filius,
2856 2050 2998 2107 Deus
3051 2050 3294 2121 Spiritus
3334 2067 3469 2106 san-

1884 2160 2028 2206 ctus.
2059 2150 2130 2203 At
2159 2148 2292 2219 quia
2325 2149 2471 2204 Deus
2492 2187 2507 2211 ,
2540 2156 2597 2202 et
2634 2145 2784 2201 Deus
2807 2187 2821 2210 ,
2860 2155 2915 2199 et
2947 2146 3093 2202 Deus
3120 2164 3134 2201 :
3170 2162 3275 2201 non
3310 2154 3468 2216 potes

1887 2255 2071 2298 tamen
2105 2243 2328 2306 dicere,
2385 2249 2501 2295 tres
2536 2239 2638 2294 dii.
2672 2237 2877 2293 Verum
2909 2246 3022 2293 tres
3059 2254 3322 2308 personas
3351 2238 3470 2292 ani-

1891 2348 1980 2385 mo
2011 2334 2279 2401 cogitans,
2312 2330 2618 2400 quamlibet
2650 2344 2947 2399 personam
2977 2328 3274 2391 conﬁtens,
3325 2344 3470 2383 unus

1892 2423 2035 2478 Deus
2068 2424 2307 2487 dicitur;
2342 2432 2568 2491 pr0pter
2603 2422 2875 2475 unitatem
2907 2428 2962 2475 ct
2991 2421 3339 2476 identitatem
3372 2436 3476 2475 na-

1892 2524 2030 2569 tura:
2073 2522 2127 2569 et
2172 2515 2484 2569 divinitatis
2537 2522 2593 2568 et
2637 2514 2894 2567 essentia
2949 2522 3006 2566 et
3051 2513 3471 2568 coaeternitatis.

1890 2606 2257 2673 Quamobrem
2293 2613 2348 2660 et
2395 2605 2665 2675 singulari
2705 2619 2940 2658 numero
2971 2604 3346 2674 gloriﬁcamus
3378 2620 3472 2661 ve-

1894 2712 2268 2764 neramurque
2301 2704 2552 2750 sanctam
2591 2694 2942 2750 Trinitatem.

1967 2788 2018 2841 5.
2064 2788 2377 2841 Didicimus
2410 2795 2465 2841 et
2500 2787 2781 2841 credimus
2802 2825 2817 2851 ,
2848 2786 2998 2856 quod
3044 2784 3223 2843 Filius
3254 2787 3346 2844 llei
3377 2804 3472 2860 ge-

1895 2879 2049 2933 nitus
2078 2886 2165 2933 est
2206 2893 2273 2933 ex
2318 2877 2480 2932 Patre
2520 2876 2900 2942 ineﬁ‘abiliter,
2953 2879 3075 2934 sine
3124 2888 3373 2949 tempore
3418 2889 3477 2936 et

1897 2986 2131 3041 corpore
2154 3012 2169 3035 ,
2203 2978 2331 3025 ante
2363 2970 2552 3024 omnia
2583 2971 2811 3025 saecula.
2854 2968 3088 3039 lpsemct
3132 2970 3308 3027 Filius
3341 2972 3473 3037 Dei,

1899 3064 1995 3133 qui
2026 3072 2110 3117 est
2137 3063 2319 3117 lumen
2349 3061 2419 3116 de
2448 3062 2653 3115 lumine
2677 3100 2692 3127 ,
2728 3062 2874 3117 Deus
2909 3077 3077 3117 verus
3108 3062 3177 3117 de
3204 3063 3319 3118 Deo
3346 3079 3476 3119 vero

217 3155 313 3208 τοῦ
346 3156 599 3224 ἀληθινοῦ
620 3156 755 3210 Θεοῦ
800 3158 894 3208 καὶ
924 3159 1153 3227 Πατρὸς,
1190 3162 1254 3228 τῇ
1303 3160 1522 3231 εὐδοκία
1546 3160 1639 3213 τοῦ
1680 3164 1793 3214 Πα-

1899 3164 1954 3210 et
1985 3155 2146 3209 Patre
2169 3194 2184 3218 ,
2215 3169 2283 3209 ex
2321 3153 2503 3207 Patris
2540 3154 2885 3223 heneplacito
2920 3152 3100 3209 lactus
3131 3162 3220 3209 est
3252 3170 3384 3209 caro
3416 3158 3475 3211 in

218 3248 346 3317 τρὸς
372 3246 661 3317 ὲσαρκὼθη
696 3249 753 3300 ὲν
798 3250 865 3318 τῇ
905 3248 1164 3317 πανάγνῳ
1207 3250 1299 3301 καὶ
1342 3250 1445 3302 ὐπὸ
1481 3251 1793 3323 Πνεῦματος

1896 3247 2192 3317 purissima
2216 3254 2271 3301 et
2293 3260 2392 3315 per
2419 3244 2685 3314 Spiritum
2709 3255 2967 3300 sanctum
2992 3247 3336 3302 sanctiﬁcata
3358 3248 3479 3304 Vir-

220 3336 377 3401 ἁγίου
413 3336 859 3405 καθαγιαζομὲνῃ
909 3337 1174 3408 Παρθένῳ
1217 3342 1283 3409 τῇ
1321 3340 1449 3410 ἀγίᾳ
1478 3343 1691 3413 Μαρίᾳ,
1727 3346 1793 3413 τῇ

1897 3339 2023 3408 gine
2055 3345 2247 3390 sancta
2280 3335 2450 3389 Maria
2473 3375 2489 3401 ,
2525 3350 2647 3405 qua:
2676 3344 2761 3390 est
2809 3337 3032 3406 proprie
3076 3339 3480 3409 verissimeque

222 3426 428 3494 κυρίως
462 3427 555 3476 καὶ
586 3428 707 3477 κατ’
742 3426 1000 3497 ἀλήθειαν
1040 3428 1306 3498 Θεοτόκῳ.
1367 3434 1477 3484 Καὶ
1503 3432 1690 3502 ὥσπερ
1734 3435 1793 3485 ὲκ

1899 3427 2160 3498 Deipara.
2190 3428 2270 3480 Ac
2302 3426 2765 3494 quemadmodum
2799 3442 2921 3496 qua:
2951 3438 3038 3483 est
3081 3445 3148 3484 ex
3183 3432 3345 3485 Patre
3390 3446 3481 3500 ge—

218 3513 317 3565 τοῦ
355 3514 566 3582 Πατρὸς
604 3517 636 3583 ὴ
668 3515 880 3580 γένεσις
907 3516 1069 3567 αὐτοῦ
1119 3516 1213 3569 τοῦ
1254 3519 1384 3571 Υἱοῦ
1418 3521 1800 3591 ἀκατάληπτός

220 3606 305 3666 τίς
336 3607 447 3655 ἐστι
478 3605 571 3655 καὶ
609 3605 1034 3675 ἀνερμήνευτος,
1083 3610 1177 3660 καλ⁵
1203 3611 1290 3662 διὰ
1317 3610 1473 3664 τοῦτο
1501 3615 1682 3666 πίστει
1708 3615 1801 3666 καὶ

224 3698 401 3762 σιωπῇ
426 3694 835 3763 προσκυνοῦμεν
876 3698 969 3748 καὶ
994 3695 1288 3767 δοξάζομεν
1314 3716 1325 3726 ·
1354 3700 1496 3753 οὕτω
1520 3700 1613 3754 τοῦ
1640 3703 1802 3755 αὐτοῦ

226 3784 357 3837 Υἱοῦ
379 3784 470 3837 τοῦ
491 3786 625 3837 Θεοῦ
662 3788 754 3837 καὶ
780 3788 812 3855 ἡ
847 3789 914 3839 ἐκ
937 3788 1034 3856 τῆς
1064 3790 1268 3857 μητρὸς
1298 3793 1393 3843 καὶ
1416 3793 1691 3862 Παρθένου
1720 3794 1805 3847 έν·

223 3892 430 3945 σαρκος
454 3879 728 3944 γέννησις,
780 3878 1057 3947 ἀφραστός
1082 3882 1199 3933 ἐστι
1244 3884 1338 3934 καὶ
1391 3883 1801 3953 ἀνεκδιήγητος.

222 3970 336 4020 Καὶ
371 3968 509 4037 μάθε
543 3969 676 4030 πῶς.

301 4066 375 4122 ς’.
419 4060 477 4113 '0
506 4057 599 4114 οὖν
631 4060 923 4132 μονογενὴς
943 4062 1070 4124 Υἱὸς
1107 4062 1199 4115 τοῦ
1228 4063 1387 4127 Θεοῦ,
1414 4067 1442 4119 6
1463 4066 1569 4137 πρὸ
1588 4068 1807 4124 πάντων

222 4151 335 4201 τῶν
357 4152 567 4204 αἰώνων
597 4156 661 4203 ὲκ
690 4154 783 4204 τοῦ
814 4154 1028 4224 Πατρὸς
1057 4157 1358 4224 γεννηθεὶς,
1396 4159 1807 4230 ἀπερίγραπτὸς

223 4244 364 4306 ἐστι,
396 4243 490 4295 καὶ
529 4243 639 4295 ἀνω
667 4245 783 4296 ἐστὶ
808 4247 902 4297 καὶ
933 4247 1100 4312 κάτω,
1138 4247 1231 4301 καὶ
1259 4251 1325 4301 τά
1375 4251 1547 4303 πάντα
1577 4256 1634 4305 ὲν
1666 4258 1809 4325 χειρὶ

226 4330 365 4400 ἔχει,
393 4332 487 4385 καὶ
509 4334 576 4385 τὰ
600 4333 778 4387 πάντα
808 4335 865 4385 ὲν
887 4335 1034 4402 αὐτῷ
1055 4336 1369 4405 συνέστηκε,
1405 4342 1502 4393 καὶ
1535 4343 1601 4394 τὰ
1633 4345 1810 4397 πάντα

226 4423 465 4491 πληροῖ,
526 4426 621 4475 καὶ
672 4425 812 4494 ὑπὲρ
852 4427 923 4479 τά
976 4431 1153 4481 πάντα
1188 4431 1665 4500 ὐπερεκτείνεται,
1715 4438 1810 4489 καὶ

1901 3523 2113 3575 neratio
2144 3521 2319 3589 ipsius
2348 3519 2475 3573 Filii
2511 3521 3092 3589 incomprehensibilis
3123 3532 3209 3579 est
3237 3532 3292 3579 et
3324 3524 3479 3580 inex-

1902 3612 2210 3683 plicabilis,
2246 3623 2654 3680 proptereaque
2688 3612 2837 3667 illam
2876 3613 2982 3668 ﬁde
3013 3628 3078 3668 ac
3110 3616 3333 3669 silentio
3384 3617 3481 3669 ad-

1903 3719 2127 3759 oramus
2156 3712 2210 3757 et
2242 3703 2614 3773 gloriﬁcamus
2643 3721 2658 3759 :
2692 3705 2773 3758 sic
2798 3706 3043 3773 ejusdem
3072 3705 3196 3760 Filii
3242 3708 3337 3763 Dei
3389 3710 3478 3763 illa

1904 3797 2069 3849 etiam
2097 3809 2218 3863 qua:
2252 3808 2319 3849 ex
2354 3803 2534 3849 matre
2566 3803 2655 3851 est
2682 3804 2739 3850 et
2776 3794 3001 3867 Virgine
3031 3798 3087 3851 in
3121 3813 3286 3853 carne
3313 3815 3478 3869 gene-

1904 3886 2081 3950 ratio,
2114 3884 2407 3939 inelfabilis
2438 3894 2525 3940 est
2552 3897 2606 3940 et
2639 3886 3077 3956 inexplicabilis.
3110 3887 3188 3943 Ac
3217 3904 3329 3957 quo
3364 3905 3480 3942 mo-

1905 3976 1999 4041 do,
2030 3978 2207 4031 disce.

1977 4068 2031 4120 6.
2072 4065 2404 4136 Unigenitus
2434 4067 2602 4137 igitur
2632 4066 2808 4122 Filius
2841 4067 2972 4133 Dei,
3006 4069 3103 4138 qui
3137 4078 3264 4124 ante
3294 4073 3480 4126 omnia

1910 4159 2115 4214 saecula
2141 4174 2207 4211 ex
2241 4158 2405 4212 Patre
2437 4169 2600 4211 natus
2630 4167 2750 4222 est,
2794 4158 3315 4230 incircumscriptus
3363 4173 3479 4230 est,

1911 4263 2190 4317 supraque
2237 4255 2325 4301 est
2372 4256 2428 4301 et
2478 4246 2621 4299 intra
2644 4288 2660 4311 ,
2700 4247 3071 4317 universaque
3101 4251 3158 4305 in
3193 4267 3293 4306 sua
3328 4264 3485 4322 pote-

1910 4348 2056 4391 state
2088 4338 2290 4401 habet,
2324 4348 2380 4391 et
2411 4350 2613 4392 cuncta
2646 4338 2701 4391 in
2733 4339 2856 4407 ipso
2886 4350 3181 4409 constant,
3214 4353 3265 4398 et
3298 4360 3481 4399 omnia

1912 4429 2118 4496 rcpict,
2151 4436 2207 4481 et
2245 4430 2388 4481 ultra
2420 4430 2629 4497 quaevis
2661 4432 3172 4499 superextenditur,
3206 4450 3486 4506 supraque

231 4514 489 4582 ὑπεράνω
536 4515 753 4567 πάντων
802 4518 1046 4586 οὐρανῶν
1076 4520 1209 4582 ἐστι,
1247 4521 1339 4572 καὶ
1386 4523 1483 4584 τὰς
1538 4524 1793 4591 ἀϐύσσους

1913 4534 2105 4573 omnes
2167 4520 2346 4573 cwlos
2375 4529 2496 4583 est,
2544 4528 2598 4574 et
2645 4522 2881 4589 abyssos
2949 4523 3220 4580 intuetur.
3269 4525 3336 4578 El
3383 4544 3487 4581 non

230 4602 461 4673 καθορᾷ.
493 4604 603 4657 Καὶ
636 4607 748 4658 οὐκ
775 4607 905 4659 ἐστι
934 4608 1128 4675 κτίσις
1149 4610 1388 4678 ἀφανὴς
1416 4613 1673 4667 ἐνώπιον
1703 4620 1809 4670 at)-

229 4693 361 4746 τοῦ.
406 4694 492 4745 Ἐν
518 4695 771 4761 ἀγγέλοις
796 4698 963 4759 ἐστὶν,
987 4699 1106 4760 ὅλος
1126 4701 1237 4753 ἄνω
1266 4704 1437 4767 ἐστὶν,
1464 4704 1582 4767 ὅλος
1604 4724 1809 4760 παντα-

233 4783 337 4853 χοῦ
389 4786 558 4839 ὲστιν.
594 4786 767 4850 Αὐτὸς
812 4783 905 4841 οῦν
948 4790 977 4840 6
1016 4791 1143 4853 Υἱὸς
1174 4793 1267 4845 τοῦ
1305 4795 1441 4848 Θεοῦ
1495 4799 1524 4849 6
1572 4798 1810 4862 τοιοῦτος

231 4874 573 4940 τηλικοῦτος,
597 4879 626 4930 6
650 4879 915 4950 ἀπήλικος
949 4882 1043 4934 καὶ
1064 4883 1360 4954 ἀμεγέθης,
1414 4888 1602 4959 ἐπειδὴ
1633 4891 1812 4945 πάντα

232 4964 479 5031 δύναται,
505 4966 731 5039 ἐδυνήθη
774 4972 868 5024 καὶ
890 4972 1177 5042 ἄνθρωπος
1208 4976 1479 5042 γενέσθαι.
1530 4980 1639 5032 Καὶ
1690 4984 1810 5034 κατ’

233 5054 497 5124 ἀλήθειαν
524 5060 849 5129 σαρκωθεὶς,
880 5062 975 5115 καὶ
1008 5065 1431 5136 ινανθρωπήσας
1464 5070 1529 5121 ὲκ
1559 5072 1813 5141 Πνεύμα-

234 5155 331 5201 τος
354 5140 511 5206 ἁγίου
540 5144 633 5195 xai
662 5146 881 5214 Μαρίας
908 5147 1007 5217 τῆς
1039 5148 1312 5218 Παρθένου
1333 5150 1444 5203 ἄνω
1474 5154 1573 5206 οὐκ
1611 5140 1813 5225 ἔλειψε,

238 5234 338 5285 καὶ
366 5234 518 5287 κάτω
548 5236 852 5305 σαρκωθεὶς
882 5238 912 5288 6
951 5240 1114 5302 αὐτὸς
1139 5240 1277 5303 ὅλος.
1310 5242 1517 5296 Οὐκοῦν
1548 5245 1630 5308 τίς
1656 5247 1814 5300 δύνα-

238 5340 331 5377 ται
364 5325 570 5392 φράσαι
599 5326 632 5397 ἢ
660 5327 794 5391 ὅλως
817 5327 1178 5398 διηγήσασθαι
1218 5332 1280 5385 τὸ
1307 5336 1635 5405 μυστήριον;
1666 5338 1813 5408 Πλὴν

238 5417 326 5469 ὅτι
346 5416 479 5487 πρὸς
506 5418 604 5487 τὴν
633 5420 906 5473 εὐτέλειαν
923 5423 1019 5492 τῆς
1051 5421 1394 5494 ἀνθρωπίνης
1424 5428 1657 5495 φύσεως,
1686 5430 1815 5484 ἔδω-

240 5523 342 5561 κεν
366 5509 399 5575 ὴ
435 5508 555 5561 θεία
597 5510 784 5580 Γριφὴ
805 5511 958 5579 ὀλίγα
990 5514 1111 5566 τινά
1147 5516 1386 5585 ῥήματα,
1433 5518 1503 5570 δι’
1528 5512 1602 5572 ὧν
1634 5522 1663 5572 6
1691 5521 1816 5584 νοῦς

240 5600 304 5651 ὲν
354 5600 651 5654 ἀπολαύσει
684 5602 973 5673 δυνήσεται
1029 5606 1320 5675 γενέσθαι,
1377 5611 1472 5665 καὶ
1501 5610 1832 5682 ἀφθέγκτως

325 5782 349 5821 ε
379 5778 544 5837 llebr.
581 5797 654 5844 IV,
692 5783 779 5835 l3.

569 5892 843 5955 Psmon.
889 5894 1004 5955 Gn.
1049 5894 1248 5957 XCVI.

1914 4620 1991 4663 εει
2023 4611 2133 4663 ulla
2160 4621 2406 4664 creatura
2455 4612 2735 4665 invisibilis
2774 4615 2829 4666 in
2870 4625 3149 4683 conspectu
3179 4618 3293 4685 ejus
3329 4620 3374 4673 ⁸.
3426 4620 3489 4674 1η

1916 4700 2127 4768 angelis
2159 4709 2283 4764 est,
2328 4709 2481 4754 totus
2527 4716 2694 4770 supra
2745 4710 2867 4767 est,
2924 4713 3075 4759 totus
3130 4706 3335 4776 ubique
3381 4718 3484 4764 est.

1918 4789 2038 4861 Ipse
2069 4792 2234 4861 igitur
2285 4790 2464 4846 Filius
2496 4792 2592 4846 Dei
2626 4792 2749 4849 talis
2790 4802 3125 4865 tantusque,
3178 4799 3338 4865 cujus
3386 4815 3489 4854 nec

1914 4898 2091 4937 :evum
2121 4898 2221 4937 nec
2254 4883 2688 4951 magnitudinem
2743 4886 3029 4954 assignare
3084 4888 3210 4943 licet
3243 4906 3258 4954 ;
3309 4905 3490 4959 quan-

1917 4972 2213 5043 doquidem
2242 4973 2426 5025 omnia
2466 4980 2687 5043 potest,
2721 4975 2902 5044 potuit
2934 4976 3101 5031 etiam
3145 4979 3313 5032 homo
3346 4979 3487 5034 ﬁeri.

1918 5064 2095 5131 Atque
2126 5065 2179 5116 in
2217 5065 2443 5118 veritate
2496 5066 2820 5119 incarnatus
2872 5075 2928 5119 et
2982 5069 3147 5122 homo
3192 5068 3373 5125 factus
3422 5087 3492 5126 ex

1922 5153 2129 5224 Spiritu
2165 5165 2361 5208 sancto
2387 5166 2439 5209 et
2467 5154 2639 5209 Maria
2668 5154 2894 5226 Virgine
2916 5197 2930 5220 ,
2958 5160 3247 5228 superiora
3281 5178 3495 5231 nequa-

1921 5262 2086 5316 quam
2135 5246 2425 5310 desernit,
2470 5256 2525 5300 et
2576 5250 2629 5301 in
2697 5249 3063 5304 inferioribus
3109 5266 3241 5305 caro
3314 5254 3495 5309 factus

1919 5338 2183 5391 iilemmet
2213 5346 2365 5392 totus
2394 5349 2497 5392 est.
2532 5338 2669 5404 Quis
2701 5354 2832 5407 ergo
2862 5343 3040 5407 possit
3069 5341 3257 5397 dicere
3283 5354 3338 5397 et
3373 5361 3495 5397 mu—

1927 5430 2061 5484 nino
2106 5444 2375 5484 enarrare
2410 5432 2780 5499 myslerinm?
2824 5432 2940 5486 Nisi
2983 5435 3129 5499 quod
3172 5451 3269 5503 pro
3312 5437 3499 5489 tenui-

1924 5533 2034 5576 tate
2066 5523 2324 5576 huinanae
2358 5531 2570 5576 naturae
2597 5523 2969 5591 suppeditavit
2997 5526 3181 5579 divina
3210 5526 3498 5595 Scriptura

1923 5630 2097 5686 pauca
2133 5615 2382 5685 quaedam
2419 5615 2583 5671 verba
2610 5654 2625 5682 ,
2660 5630 2756 5685 per
2794 5632 2915 5685 quae
2946 5632 3105 5671 mens
3140 5617 3195 5672 in
3225 5616 3499 5673 l'ruitione

3102 5904 3176 5965 43
