4112 6448
181 390 317 455 1357

1306 401 1700 463 ADVERSUS
1743 400 2316 467 ICON’OCLASTAS.

3304 401 3437 470 12158

190 506 412 575 ’Λνὲστη
444 499 538 558 οῦν
590 508 619 560 ὀ
672 507 839 572 αὐτὸς
876 512 1177 583 μονογενὴς
1227 512 1357 576 Υἱὸς
1401 514 1497 567 τοῦ
1527 515 1667 567 Θεοῦ
1694 516 1748 583 τῇ

1864 516 2085 584 corpori
2115 518 2323 571 anima.
2356 518 2683 574 Resurrexit
2732 524 2915 572 autem
2952 516 3095 572 idem
3123 516 3441 587 unigenitus

178 597 285 666 ἰδίᾳ
305 597 535 669 δυνάμει
556 617 570 630 ·
616 601 942 665 Ἐξουσιάν
972 605 1083 673 γὰρ
1107 604 1244 673 ἔχω,
1283 607 1469 676 φησὶν,
1495 608 1611 675 τὴν
1637 610 1757 675 ψυ-

175 686 297 753 χήν
324 708 445 756 μου
474 692 683 759 θεῖναι,
710 695 807 748 καὶ
837 696 1136 760 ἐξουσίαν
1181 697 1303 765 ἔχω
1338 700 1526 754 πάλιν
1549 701 1761 755 λαϐεῖν

174 782 391 845 αὐτήν.
1722 779 1728 786 ’

252 879 303 923 ι’.
350 874 619 940 ’Λναστὰς
648 880 829 933 τοίνυν
864 883 891 935 ὀ
945 884 1073 948 Υἱὸς
1103 886 1196 938 τοῦ
1234 885 1370 940 Θεοῦ
1421 890 1485 940 ἐκ
1524 888 1758 955 νεκρῶν,

174 965 242 1033 τῇ
278 964 383 1035 ἰδίᾳ
429 969 843 1041 ὲνανθρωπήσει
893 976 1171 1048 ἀνελήφθη
1205 981 1285 1041 εἰς
1317 980 1442 1041 τοὺς
1474 979 1757 1050 οὐρανούς.

191 1056 250 1105 'U
279 1058 341 1108 τὸ
374 1061 506 1129 πρὶν
545 1062 858 1130 ἀσώματος,
887 1067 981 1119 νῦν
1012 1070 1041 1118 ὁ
1085 1069 1251 1133 αὐτὸς
1294 1072 1719 1142 σεσαρκωμένος
1742 1088 1756 1102 ’

175 1146 207 1196 ὁ
239 1148 299 1197 τὸ
330 1149 457 1218 πρὶν
489 1152 714 1217 ἁπλοῦς,
758 1157 851 1209 νῦν
884 1161 911 1209 ὁ
945 1159 1111 1222 αὐτὸς
1142 1161 1415 1225 σύνθετος,
1458 1162 1590 1226 Θεὸς
1623 1163 1760 1233 ὁμοῦ

178 1239 274 1290 καὶ
301 1241 610 1312 ἄνθρωπος.
667 1248 831 1300 Μένει
858 1250 967 1320 γὰρ
1006 1253 1065 1304 ὲν
1104 1254 1255 1324 αὐτῷ
1279 1255 1375 1307 καὶ
1405 1257 1437 1325 ὴ
1466 1255 1628 1323 φύσις
1662 1255 1761 1325 τῆς

178 1328 434 1397 θεότητος
452 1349 466 1362 ο
502 1337 594 1389 καὶ
620 1339 647 1390 ὁ
669 1340 731 1389 τὸ
754 1342 884 1408 πρὶν
919 1344 1125 1407 ἁπλοῦς
1157 1345 1233 1398 ῶν
1256 1349 1348 1398 καὶ
1375 1344 1455 1411 εἷς
1474 1350 1574 1418 τῆς
1599 1350 1762 1417 ἁγίας

178 1419 430 1489 Τριάδος,
470 1426 563 1478 καὶ
589 1428 683 1480 νῦν
711 1432 739 1481 ὁ
766 1433 931 1496 αὐτὸς
960 1431 1040 1498 εἷς
1062 1439 1178 1489 ἐστι
1211 1442 1309 1508 τῆς
1339 1442 1502 1509 ἁγίας
1532 1442 1763 1512 Τριάδος

181 1518 626 1585 σεσαρκωμένος,
687 1524 780 1575 καὶ
832 1526 1287 1599 ἐνανθρωπήσας,
1316 1535 1427 1585 Καὶ
1474 1536 1613 1605 ὅπερ
1661 1536 1761 1588 οὐκ

176 1601 439 1667 ἠδύναντο
472 1609 640 1661 πᾶσαι
667 1614 719 1663 αἱ
753 1614 1000 1682 οὐράνιαι
1026 1618 1284 1689 δυνάμεις
1309 1622 1613 1693 θεωρῆσαι·
1647 1625 1762 1679 θεόο

176 1708 319 1757 τητα
347 1696 454 1763 γὰρ
477 1700 573 1767 τῆς
601 1708 983 1775 προσκυνητῆς
1012 1710 1243 1779 Τριὰδος
1294 1714 1421 1765 ίδεῖν
1464 1716 1637 1780 οὐδεὶς
1671 1718 1763 1771 δύ-

178 1798 340 1879 ναται
365 1802 379 1816 ο
408 1787 502 1879 νῦν
532 1790 621 1842 τὸν
651 1794 743 1845 ἕνα
768 1795 867 1864 τῆς
896 1798 1059 1865 ἁγίας
1087 1802 1335 1872 Τριάδος,
1370 1807 1461 1859 τὸν
1492 1812 1757 1879 μονογενῆ

181 1871 311 1925 Υὶὸν
339 1875 435 1967 τοῦ
466 1878 601 1933 Θεοῦ
628 1881 885 1948 βλέπουσι
914 1892 1056 1942 κατὰ
1081 1871 1172 1944 τὸν
1197 1871 1526 1965 φαινόμενον
1552 1871 1761 1967 ἄνθρωἐ

179 1979 302 2025 πον,
332 1966 644 2034 ἐννοοῦντες
666 1974 724 2024 τὸ
745 1977 1129 2049 ἁπερίγραφον
1157 1985 1257 2055 τῆς
1290 1988 1456 2041 αὐτοῦ
1480 1966 1756 2059 θεότητος.

178 2056 359 2153 Τοῦτο
384 2060 493 2129 γάρ
526 2064 673 2117 ἐστιν
708 2067 735 2119 ὃ
767 2064 921 2122 εἶπεν
950 2075 978 2124 ὁ
1006 2077 1276 2146 μακάριος
1308 2081 1549 2143 Παῦλος
1571 2056 1756 2153 ’Ὠροη

176 2146 905 2246 ςὶγγέ,1-οις.-Προσελά6ετο
934 2164 1114 2219 τοίνυν
1143 2168 1171 2220 ὃ
1200 2169 1300 2221 οὐκ
1333 2166 1470 2241 εἶχε,
1495 2176 1591 2228 καὶ
1621 2146 1754 2246 έχει,

174 2235 323 2303 λέγω
350 2241 414 2311 δὴ
454 2243 555 2314 τὴν
596 2248 872 2319 ἡμετέραν
905 2255 1089 2321 φύσιν,
1125 2261 1206 2322 εἰς
1244 2262 1447 2327 αἰῶνας
1488 2266 1595 2318 τῶν
1622 2270 1757 2322 αἰώ-

173 2346 306 2426 νουν.
334 2332 441 2385 Καὶ
484 2336 687 2426 ττάλιν·
734 2342 1093 2413 Ἐρχόμενον
1134 2354 1285 2417 μετὰ
1326 2356 1512 2423 δόξης
1562 2360 1757 2426 κρῖναι

174 2414 396 2514 ἐῶντας
418 2422 515 2475 καὶ
539 2431 807 2495 νεκροὺς,
842 2436 959 2503 ἤτοι
988 2437 1235 2504 δικαίους
1260 2445 1354 2497 καὶ
1370 2446 1752 2514 ἁμαρτωλούς.

173 2507 315 2603 Τοὺς
350 2513 449 2576 μὲν
486 2518 679 2585 κρῖναι
704 2563 717 2584 ,
747 2524 870 2577 ἀντὶ
916 2529 1011 2581 τοῦ
1039 2530 1367 2603 δικαιῶσαι,
1404 2537 1491 2592 διὰ
1519 2540 1587 2593 τὰ
1616 2544 1756 2597 καλὰ

172 2601 355 2657 αὐτῶν
410 2607 568 2676 ἔργα,
628 2615 755 2676 τοὺς
803 2616 859 2668 δὲ
885 2626 1209 2693 κατακρίναι
1247 2626 1337 2680 διὰ
1370 2630 1468 2699 τὴν
1498 2633 1754 2688 ἀπιστίαν

170 2695 375 2763 αὐτῶν,
408 2703 621 2769 καὶτὰς
653 2707 754 2775 τῆς
789 2712 984 2778 κακίας
1009 2716 1191 2771 αὐτῶν
1221 2720 1471 2790 πράξεις.

246 2985 605 3043 ια’,Διδάσκει
633 2992 777 3060 ἡμᾶς
803 2995 864 3048 τὸ
890 2999 1158 3067 σύμϐολον
1194 3009 1473 3062 πιστεύειν
1494 3028 1505 3037 ⁸
1530 3015 1635 3065 Kal
1663 3018 1750 3083 είς

169 3074 318 3139 μίαν
345 3076 524 3145 ἁγίαν
547 3086 880 3153 καθολικὴν
901 3092 996 3143 καὶ
1021 3093 1441 3165 ἀποστολικίρν
1470 3103 1574 3157 τοῦ
1607 3074 1751 3159 Θεοῦ

186 3168 571 3270 Wex-inetur.
598 3180 671 3230 Οὐ
696 3180 919 3236 δύναται
961 3187 1255 3259 Ἐκκλησία
1280 3195 1310 3261 ἡ
1352 3195 1611 3269 καθολικὴ
1651 3201 1748 3270 μό·
1778 3201 1820 3258 C

167 3276 261 3361 νον
310 3262 574 3333 ὑπάρχειν
628 3271 983 3343 ἁποστολικὴ.
1047 3278 1110 3331 'H
1168 3282 1275 3349 γὰρ
1335 3288 1748 3361 παντοδύναμος

166 3350 389 3451 ξξςὶυσίῗ
425 3359 525 3451 τῆς
572 3361 835 3433 κεφαλῆς,
889 3365 1010 3435 ἥτις
1039 3369 1186 3423 ἐστιν
1220 3374 1247 3425 ὁ
1277 3376 1531 3445 Χριστὸς,
1564 3350 1747 3451 ἴσχυσε

168 3438 259 3491 διὰ
311 3442 421 3494 τῶν
469 3446 782 3504 ἀποστόλων
845 3454 934 3506 τὸν
990 3459 1220 3513 καθόλου
1280 3438 1745 3535 κοσμοννσῶσαι.

172 3530 363 3584 ’Ἐστιν
388 3535 481 3587 οὖν
508 3540 538 3606 ἡ
574 3540 704 3603 ἁγία
742 3544 837 3595 τοῦ
866 3545 1003 3598 Θεοῦ
1036 3551 1304 3622 καθολική
1343 3557 1661 3630 Ἐκκλησία,
1689 3566 1749 3619 τὸ

166 3620 427 3692 σύστημα
462 3628 568 3679 τῶν
600 3631 693 3682 ἀπ’
715 3634 911 3695 αἰῶνος
946 3638 1117 3705 ἁγίων
1152 3645 1431 3715 Πατέρων,
1473 3667 1748 3725 πατριαρ-

163 3719 297 3776 χῶν,
342 3719 659 3817 προφητῶν,
696 3723 1034 3789 ἀποστόλων,
1069 3729 1496 3801 εὐαγγελιστῶν,
1539 3719 1747 3809 μαρτῦ-

164 3817 303 3868 ρων,
344 3810 426 3864 οἱς
448 3810 752 3878 προσετέθη
777 3814 1149 3870 πιστεύσαντα
1181 3820 1528 3891 ὁμοθυμαδὸν
1572 3828 1746 3881 πάντα

160 3890 236 3940 τὰ
264 3891 411 3961 ἔθνη.
465 3896 767 3967 Ἐθεώρουν
810 3902 919 3974 γὰρ
946 3906 1029 3958 ὅτι
1060 3908 1124 3960 ἐκ
1166 3914 1369 3974 παντὸς
1404 3918 1597 3981 γένους
1632 3919 1743 3972 τῶν

163 3981 273 4031 ὑπο
302 3983 411 4035 τῶν
458 3987 702 4055 οὐρανῶν
744 3996 835 4045 καὶ
892 3998 993 4065 τὴν
1044 4000 1214 4070 αὐτὴν
1258 4004 1368 4056 τῶν
1399 4007 1743 4077 Χριστιανῶν

160 4078 349 4125 πίστιν
385 4078 621 4145 ἔχουσιν.
654 4084 815 4135 ’Ἄνευ
850 4087 959 4156 γὰρ
988 4091 1085 4142 τοῦ
1131 4093 1287 4159 ἁγίου
1333 4098 1649 4169 Πνεῦματος
1680 4104 1743 4156 οὐ

158 4162 386 4217 δᾶναται
419 4170 697 4241 πάνδημον
730 4178 822 4227 καὶ
851 4180 1263 4249 μυριόγλωσσον
1285 4188 1561 4260 ἄθροισμα
1583 4196 1662 4256 είς
1683 4196 1742 4248 ἒν

159 4256 423 4327 φρόνημα
467 4262 567 4329 τῆς
624 4266 1002 4339 ἀληθεστάτης
1048 4274 1283 4339 πίστεως
1326 4256 1520 4335 ἐλθεῖν.
1572 4286 1742 4339 Πάλιν

157 4344 272 4413 γὰρ
297 4346 461 4443 λέγω,
486 4351 566 4403 ὅτι
599 4355 858 4426 καθολικὴ
888 4363 1040 4430 παρὰ
1066 4364 1221 4419 τοῦτό
1244 4371 1361 4421 ὲστί
1383 4388 1441 4423 τε
1471 4374 1565 4426 καὶ
1591 4376 1739 4443 λέγε-

158 4453 272 4499 ται,
298 4438 383 4491 διὰ
412 4441 473 4492 τὸ
500 4444 765 4499 ἀλλόκοτα
789 4453 881 4502 καὶ
910 4453 1206 4526 πολυσχιδῆ
1240 4462 1333 4513 καὶ
1363 4463 1532 4532 ἄγρια.
1557 4468 1738 4537 ’πάσης

1865 607 2042 664 Filius
2072 609 2163 665 Dei
2198 611 2401 665 virtute
2431 613 2653 681 propria
2682 630 2695 666 :
2725 610 3049 665 Potestatem
3085 610 3223 663 enim
3247 610 3438 676 habeo,

1863 698 2062 769 inquit,
2092 704 2329 755 animam
2365 718 2535 755 meam
2572 719 2789 771 ponere,
2830 712 2881 757 et
2924 712 3237 772 potestatem
3274 702 3441 757 habeo

1862 792 2053 846 iterum
2080 810 2285 848 sumere
2314 795 2467 847 illan:
2518 793 2559 846 ι.

1940 884 2022 938 lO.
2066 886 2204 939 Cum
2256 887 2427 955 igitur
2481 886 2821 941 surrexisset
2854 885 3026 942 Filius
3057 886 3151 941 Dei
3195 903 3262 943 ex
3291 902 3441 941 mor-

1864 974 2011 1039 tuis,
2046 976 2265 1030 ratione
2313 990 2427 1029 sum
2475 976 2841 1029 humanitatis
2887 984 3209 1045 assumptus
3255 984 3342 1032 est
3382 976 3437 1029 in

1862 1066 2060 1118 cmlos.
2098 1065 2147 1119 Is
2185 1080 2382 1134 nempe
2413 1066 2507 1134 qui
2541 1067 2693 1135 prius
2716 1075 2839 1120 erat
2868 1066 3256 1135 incorporeus,
3290 1080 3441 1119 nunc

1864 1154 2007 1207 idem
2042 1156 2159 1224 ipse
2211 1168 2344 1208 caro
2390 1154 2593 1211 factus.
2641 1155 2743 1221 Qui
2798 1156 2956 1227 prius
2991 1156 3253 1226 simplex,
3290 1169 3442 1209 nunc

1864 1245 2008 1299 idem
2039 1247 2158 1316 ipse
2185 1247 2557 1316 compositus,
2591 1246 2733 1303 Deus
2758 1248 2925 1301 simul
2950 1254 3007 1302 et
3040 1250 3223 1301 homo.
3259 1246 3442 1300 Manet

1862 1339 2009 1392 enim
2048 1338 2102 1392 in
2149 1338 2242 1391 illo
2290 1346 2495 1393 natura
2543 1340 2710 1393 etiam
2763 1340 3123 1395 divinitatis:
3164 1349 3220 1393 et
3254 1339 3304 1393 is
3339 1339 3440 1408 qui

1864 1430 2017 1498 prius
2063 1428 2296 1497 simplex
2342 1438 2464 1483 erat
2514 1445 2770 1500 unusque
2814 1432 2881 1486 de
2916 1438 3108 1485 sancta
3146 1430 3437 1491 Trinitatc.

1863 1535 2015 1574 nunc
2058 1520 2223 1574 etiam
2285 1519 2430 1575 idem
2472 1521 2591 1589 ipse
2641 1537 2785 1575 unus
2816 1522 2883 1576 de
2916 1532 3108 1575 sancta
3162 1519 3440 1574 Trinitate

1862 1620 1948 1666 est
1976 1612 2323 1675 incarnatus,
2374 1618 2430 1665 et
2463 1610 2645 1665 factus
2688 1611 2869 1664 homo.
2900 1610 3171 1680 Quodque
3204 1624 3312 1663 non
3342 1624 3437 1677 po-

1863 1713 2044 1758 terant
2073 1719 2266 1759 ontnes
2313 1703 2568 1758 cmlestcs
2609 1704 2843 1757 virtutes
2883 1704 3193 1773 speculari;
3226 1701 3438 1756 divini-

1864 1802 2029 1849 tatem
2065 1797 2210 1850 enim
2244 1794 2542 1848 adoranda:
2578 1794 2873 1849 Trinitatis
2909 1795 3096 1849 videre
3145 1808 3308 1847 nemo
3336 1807 3437 1861 po-

1863 1897 1995 1956 test;
2038 1905 2185 1945 nunc
2218 1904 2389 1943 unum
2437 1889 2505 1943 de
2536 1897 2727 1942 sancta
2780 1888 3054 1942 Trinitate
3086 1886 3433 1955 unigenitum

1860 1978 2053 2033 Filium
2092 1979 2180 2033 Dei
2206 1985 2543 2033 contuentur
2577 1978 2732 2047 juxta
2768 1978 3088 2033 sensibilem
3131 1976 3433 2035 hominem.

1860 2075 2046 2127 animo
2078 2073 2446 2141 imaginantes
2487 2072 3032 2141 incircumscriptam
3066 2070 3187 2139 eius
3225 2068 3435 2121 divini-

1858 2171 2048 2219 tatem.
2083 2162 2197 2217 lloe
2218 2164 2352 2216 illud
2377 2170 2462 2217 est
2492 2162 2642 2232 quod
2672 2162 2747 2215 ait
2767 2162 2961 2216 beatus
2991 2161 3192 2215 Paulus
3226 2178 3241 2215 :
3278 2158 3434 2213 Visus

1857 2266 1933 2311 est
1969 2258 2169 2325 angelis
2200 2265 2261 2308 η’.
2292 2254 2609 2324 Assumpsit
2648 2269 2781 2323 ergo
2808 2253 2953 2323 quod
3002 2266 3114 2305 non
3166 2250 3432 2313 habebat,

1858 2357 1912 2403 et
1952 2350 2136 2411 habet,
2174 2355 2445 2410 nostram,
2484 2346 2745 2416 inquam,
2795 2353 3080 2407 naturam,
3124 2343 3176 2397 in
3233 2341 3433 2396 saecula

1857 2448 2207 2502 saeculorum.
2222 2443 2575 2512 Rursumque
2600 2458 2615 2495 :
2644 2441 2932 2495 Venturum
2952 2456 3070 2493 cum
3092 2436 3431 2508 gloriajudi-

1856 2522 1987 2591 care,
2008 2538 2146 2590 vivos
2174 2546 2223 2589 et
2268 2544 2548 2599 mortuos,
2603 2534 2719 2588 sive
2747 2534 2937 2602 justos
2982 2541 3037 2586 et
3084 2540 3428 2601 peccatores.

1856 2629 1934 2682 Ac
1993 2628 2118 2682 illos
2148 2626 2389 2695 jquidem
2440 2624 2727 2693 judicare,
2786 2624 2888 2677 hoc
2943 2630 3073 2686 est,
3125 2621 3432 2690 justi/icere

1857 2728 2089 2789 propter
2124 2719 2263 2771 bona
2296 2731 2491 2772 eorum
2520 2730 2687 2786 opera
2708 2757 2723 2781 ,
2757 2715 2859 2771 hos
2892 2729 3028 2770 vero
3057 2713 3431 2769 condemnare

1855 2823 2082 2881 propter
2129 2809 2517 2865 infidelitatem
2574 2808 2854 2878 ipsorum,
2884 2816 2938 2862 et
2990 2808 3287 2878 pravitatis
3315 2822 3430 2862 suae

1856 2906 2128 2958 facinora.

1926 2994 2012 3045 tl.
2046 2993 2217 3046 Docet
2266 3008 2365 3047 nos
2413 2990 2731 3061 Symbolum
2766 2992 2998 3046 credere
3035 3009 3047 3046 :
3087 2991 3153 3047 Et
3177 2992 3232 3046 in
3262 3007 3427 3046 unam

1854 3094 2092 3136 sanctam
2137 3082 2455 3137 catholicam
2513 3093 2670 3153 atque
2715 3084 3068 3150 apostolicam
3103 3084 3199 3137 Dei
3241 3083 3429 3137 Eccle-

1854 3178 2008 3230 siam.
2060 3176 2178 3229 Non
2230 3185 2408 3245 potest
2465 3176 2710 3229 Ecclesia
2758 3178 3030 3230 catholica
3074 3178 3250 3232 solum
3301 3191 3431 3232 esse

1852 3268 2180 3337 apostolica.
2233 3266 2598 3336 Omnipotens
2630 3269 2775 3321 enim
2831 3269 2915 3322 vis
2950 3271 3181 3336 capitis,
3214 3268 3308 3338 qui
3340 3275 3430 3324 est

1852 3358 2133 3421 Christus,
2163 3361 2341 3427 potuit
2373 3374 2469 3427 per
2501 3361 2788 3428 apostolos
2820 3360 3084 3413 mundum
3112 3362 3429 3415 universum

1855 3451 2091 3502 salvare.
2131 3448 2223 3501 Est
2260 3463 2396 3516 ergo
2451 3458 2641 3501 sancta
2676 3447 2767 3501 Dei
2811 3449 3089 3501 catholica
3138 3447 3425 3510 Ecclesia,

1852 3551 2033 3596 cmtus
2066 3552 2385 3595 sanctorum
2432 3540 2661 3592 Patrum
2713 3540 2807 3608 qui
2835 3555 2863 3591 a
2898 3539 3101 3593 saeculo
3131 3544 3296 3600 sunt,
3329 3552 3429 3605 pa-

1852 3634 2253 3694 triarcharum,
2304 3629 2734 3700 prophetarum,
2795 3629 3211 3697 apostolorum,
3262 3641 3430 3681 evan-

1849 3725 2171 3795 gelismrum
2197 3763 2211 3786 ,
2250 3732 2585 3792 martyrum,
2621 3721 2821 3789 quibus
2852 3720 3081 3789 adjecta:
3110 3726 3242 3774 sunt
3290 3732 3427 3772 con—

1851 3815 2090 3870 corditer
2156 3813 2449 3866 credentes
2514 3821 2706 3880 gentes
2783 3810 3079 3863 universae.
3154 3805 3427 3861 Videbaut

1845 3908 1991 3960 enim
2017 3903 2161 3973 quod
2194 3919 2259 3957 ex
2291 3902 2441 3955 omni
2469 3916 2670 3971 genere
2701 3901 2988 3954 hominum
3013 3900 3107 3969 qui
3138 3900 3243 3953 sub
3275 3898 3425 3953 caelo

1846 4005 1977 4052 sunt
2004 3996 2250 4049 eamdem
2282 4009 2407 4047 cum
2442 3993 2779 4047 Christianis
2825 3992 2983 4047 ﬁdem
3019 3993 3248 4048 habent.
3292 3992 3425 4047 Sine

1847 4097 2042 4142 sancto
2072 4086 2217 4140 enim
2262 4085 2467 4155 Spiritu
2496 4084 2689 4153 nequit
2716 4084 3051 4137 universalis
3085 4098 3149 4137 ac
3180 4083 3426 4137 inﬁnita-

1846 4195 1967 4233 rum
2007 4180 2316 4247 linguarum
2369 4176 2625 4229 collectio
2675 4176 2729 4229 in
2767 4190 2931 4228 unam
2966 4175 3296 4229 sententiam
3325 4187 3423 4227 ve-

1847 4273 2077 4326 rissima:
2131 4269 2249 4322 tidci
2299 4268 2619 4321 convenire.
2659 4266 2864 4321 lterum
2920 4266 3067 4318 enim
3099 4264 3260 4330 dico,
3297 4265 3423 4320 ideo

1844 4362 2175 4413 catholicam
2214 4373 2337 4412 esse
2384 4358 2797 4426 appellarique,
2840 4356 2984 4425 quod
3027 4364 3217 4425 gentes
3248 4357 3422 4411 dissi-

1847 4451 2201 4503 millimorum
2246 4464 2489 4510 morum,
2546 4448 2890 4501 multimoda:
2952 4458 3115 4516 atque
3171 4455 3418 4515 agrestes

155 4526 261 4628 τῇς
292 4528 519 4628 ὑφηλίου
550 4537 936 4604 μυριόγλωσσά
976 4560 1034 4594 τε
1070 4546 1221 4615 ἔθνη,
1258 4552 1339 4610 εἰς
1370 4526 1501 4621 μίαν
1534 4526 1740 4628 εἰρηνιζ

1851 4540 2201 4594 lotiusorbis
2226 4578 2240 4601 ,
2271 4540 2722 4607 inlinitarumque
2769 4538 3079 4606 linguarum
3106 4576 3122 4599 ,
3162 4538 3217 4590 in
3250 4551 3415 4589 unam

157 4619 265 4687 κὴν
297 4622 390 4674 καὶ
425 4628 692 4695 σωτήριον
741 4631 923 4685 πίστιν
948 4651 1007 4687 τε
1046 4640 1140 4690 καὶ
1173 4638 1506 4707 θεογνωσίαν
1536 4619 1696 4704 εἶναι.

233 4794 319 4863 ιβ’.
356 4800 693 4890 ῌιστεῦομεν
724 4812 1016 4879 τοιγαροῦν
1044 4816 1125 4876 εἰς
1157 4818 1289 4886 μίαν
1323 4822 1487 4890 ἁγίαν
1512 4826 1729 4881 καθολι-

153 4884 264 4989 κὴν
294 4888 389 4989 κμῖ
412 4890 778 4989 ἀπο-στολικὴν
806 4898 901 4951 τοῦ
931 4901 1065 4955 Θεοῦ
1097 4884 1449 4979 Ἐκκλησίαν,
1483 4917 1543 4968 ἐν
1628 4937 1731 4987 μα-

153 4973 576 5075 θιῖτευθῆναι-ἐν
626 4986 691 5052 τῇ
724 4991 1048 5059 κατηχήσει.
1102 4995 1212 5049 Καὶ
1250 4973 1732 5075 ytwbcxoue;i1a-

151 5066 294 5134 τέρα
344 5070 437 5121 καὶ
473 5072 600 5123 Υίὸν
624 5076 716 5127 καὶ
747 5076 901 5144 ἇγιον
930 5081 1181 5152 Πνεῦμα,
1227 5090 1318 5141 καὶ
1352 5066 1731 5166 βαπτίζόμεθα

152 5161 239 5219 εἰς
297 5161 355 5213 τὸ
404 5162 578 5232 ὄνομα
619 5166 713 5218 τοῦ
762 5170 995 5240 Πατρὸς,
1030 5176 1125 5225 xai.
1170 5180 1263 5231 τοῦ
1308 5182 1457 5246 Υἱοῦ,
1510 5161 1604 5240 καί
1634 5192 1730 5243 τοῦ

150 5251 314 5352 ἁγίου
368 5254 706 5352 ίΙνεύματος,
757 5262 851 5312 καὶ
877 5265 1375 5341 μεταλαμϐάνομεν
1423 5278 1519 5329 τοῦ
1551 5297 1731 5352 σωτη-

153 5344 276 5414 ρίου
317 5344 570 5415 σώματος
614 5350 708 5402 καὶ
750 5352 981 5421 αἵματος
1036 5359 1129 5410 τοῦ
1162 5363 1294 5416 Υίοῦ
1320 5366 1415 5418 τοῦ
1439 5369 1595 5435 Θεοῦ,
1626 5344 1721 5428 τοῦ

148 5434 409 5529 δι’-ἡμᾶς
434 5441 499 5507 τῇ
530 5439 623 5492 τοῦ
662 5443 873 5512 ῐΙατρὸς
912 5447 1129 5520 εὐδοκία
1175 5434 1720 5529 ἐνανθρωπήσαντος,

150 5526 251 5578 καὶ
280 5528 643 5593 ἀποθανόντος
691 5533 833 5604 ὑπὲρ
880 5538 1059 5606 ἡμῶν.
1111 5544 1467 5601 Διδάσκεσθαι
1520 5551 1576 5602 δὲ
1630 5526 1725 5607 καί

149 5616 418 5684 πράττειν
449 5619 548 5682 τὰς
582 5621 735 5686 θείας
770 5626 933 5679 αὐτοῦ
965 5632 1056 5681 καὶ
1085 5633 1449 5704 εὑαγγελικὰς
1479 5642 1718 5709 ἐντολὰς,

231 5791 439 5855 ann.
478 5803 651 5868 x,18.
730 5812 766 5834 ’τ’
799 5805 815 5858 Ι
849 5805 991 5861 Tim.
1032 5826 1110 5875 Ill,
1148 5812 1232 5866 l6.

1844 4632 2130 4702 paciﬁcam
2159 4646 2221 4684 ac
2271 4632 2568 4684 salutarem
2608 4630 2769 4684 ﬁdem
2808 4639 2864 4684 et
2918 4627 3007 4683 Dei
3043 4628 3245 4698 cogniti
3264 4641 3414 4683 mem

1842 4725 2181 4779 coalescant.

1914 4813 2001 4864 l2.
2042 4811 2335 4863 Credimus
2386 4809 2554 4877 igitur
2598 4810 2652 4861 in
2684 4825 2847 4863 unam
2897 4818 3149 4863 sanctam
3182 4809 3417 4863 Catholi-

1840 4917 1960 4956 cam
2010 4910 2063 4955 et
2117 4902 2478 4970 apostolicam
2528 4900 2620 4955 Dei
2673 4901 3023 4966 Ecclesiam,
3076 4902 3131 4956 in
3172 4917 3280 4971 qua
3315 4918 3413 4971 per

1840 4994 2247 5048 institutionem
2283 4993 2594 5047 erudimur.
2627 4992 3031 5063 Cognoscimus
3052 5008 3273 5064 quoque
3306 4993 3411 5047 Pa-

1839 5098 1973 5142 trem
2008 5094 2061 5140 et
2088 5085 2286 5138 Filium
2316 5096 2373 5139 ct
2407 5084 2674 5154 Spiritum
2729 5093 2979 5137 sanctum
3004 5121 3020 5147 ,
3054 5096 3111 5137 et
3150 5085 3407 5155 baptiza-

1834 5196 1957 5234 mur
1993 5180 2045 5232 in
2080 5179 2303 5232 nomine
2348 5178 2531 5231 Patris
2563 5188 2616 5231 et
2646 5176 2770 5230 Filii
2814 5187 2869 5230 et
2917 5175 3157 5245 Spiritus
3188 5178 3404 5244 sancti,

1831 5284 1995 5343 atque
2040 5273 2521 5326 communicamus
2574 5270 2826 5324 salviﬁco
2885 5270 3114 5339 corpori
3176 5278 3231 5323 et
3275 5285 3405 5325 sau-

1832 5367 1980 5435 guiui
2022 5364 2144 5417 Filii
2188 5365 2279 5417 Dei
2307 5404 2319 5427 ,
2368 5363 2461 5433 qui
2497 5372 2720 5431 propter
2774 5376 2877 5416 nos
2905 5377 2970 5416 ex
3016 5360 3197 5414 Patris
3230 5359 3401 5415 bene-

1834 5460 2038 5530 placito
2100 5460 2280 5512 lactus
2331 5469 2415 5511 est
2481 5458 2673 5520 homo,
2715 5465 2769 5511 et
2820 5470 2920 5524 pro
2954 5456 3112 5509 nobis
3145 5464 3401 5509 mortuus

1831 5561 1935 5605 est.
1968 5550 2241 5605 Docemur
2292 5559 2471 5603 autem
2530 5550 2695 5603 etiam
2751 5546 2931 5602 facere
2964 5546 3149 5600 divina
3197 5548 3316 5617 ejus
3346 5554 3401 5601 et

1830 5645 2149 5716 evangelica
2186 5642 2440 5697 mandata
2462 5684 2477 5710 ,
2513 5642 2807 5697 admittere
2837 5654 3061 5710 quoque
3091 5640 3399 5696 certissime
