4112 6448
208 432 334 495 13ὓ1

1330 443 1729 502 ADVEIlSUS
1771 444 2345 509 ICONOCLAS’I‘AS.

3306 450 3440 514 1362

197 551 290 601 rat
318 548 426 602 τῶν
447 548 629 601 αὑτῶν
656 547 916 618 διαδόχων
947 558 1044 602 καὶ
1075 550 1352 622 μαθητῶν,
1377 555 1665 622 ἡμετέρων
1713 555 1751 607 δὲ

1873 559 2206 630 illorumque
2235 574 2618 616 successorum
2649 575 2711 615 ac
2749 559 3178 630 discipulorum,
3209 559 3439 615 Patrum

195 643 452 711 Ιιατέρων
476 643 569 694 va".
590 642 948 707 διδασκάλων,
985 644 1165 709 καθὼς
1191 647 1344 698 αὑτοὶ
1364 649 1498 716 ἡμῖν
1529 649 1768 717 παραδε-

192 734 461 787 δώκασιν
499 735 608 787 ἀπὸ
651 735 745 788 τοῦ
788 738 1054 807 κυριακοῦ
1095 738 1301 801 πάθους
1341 742 1556 806 καὶτῆς
1589 759 1766 812 σωτη-

195 827 312 895 ρίου
345 828 694 890 ἀναστάσεως
717 870 731 889 ,
769 831 932 900 μέχρι
971 835 1071 898 τῆς
1117 835 1398 904 παρούσης
1435 835 1766 900 ἰνδικτιῶνος

191 920 402 988 ὀγδόης,
434 921 527 990 ἔτη
558 923 857 976 ἑπτακόσια
893 925 978 993 με’
998 926 1249 992 λέγουσιν
1270 924 1428 988 εἶναι,
1463 928 1554 980 καὶ
1577 927 1764 981 ἔκτοτε

193 1015 285 1064 καὶ
324 1014 430 1076 ἕως
461 1014 623 1083 μέχρι
659 1015 753 1067 καλ⁹
792 1016 887 1068 νῦν
923 1019 978 1070 αἱ
1016 1018 1312 1087 σεϐάσμιαι
1367 1019 1575 1081 εἰκόνες
1621 1015 1764 1090 ἦσαν

194 1103 286 1156 καὶ
322 1105 462 1155 είσίν
494 1103 599 1156 ὑπὸ
619 1105 728 1158 τῶν
762 1106 991 1173 πιστῶν,
1017 1107 1093 1171 ὼς
1118 1110 1477 1180 προείπομεν,
1522 1127 1765 1179 προσκυο

193 1196 453 1264 νοὺμεναι
480 1213 494 1226 ·
529 1197 767 1262 ἐδείξατε
809 1199 892 1250 δτι
926 1200 993 1252 τὰ
1033 1201 1336 1254 ἑπτακόσια
1381 1202 1557 1255 ταῦτα
1583 1202 1676 1272 ἔτη
1727 1204 1759 1272 ἠ

194 1285 458 1358 καθολικὴ
513 1288 608 1341 καὶ
643 1288 974 1359 ἀποστολικὴ
1020 1291 1334 1362 Ἐκκλησία,
1373 1293 1469 1346 καὶ
1521 1293 1571 1344 οἱ
1616 1292 1764 1345 διδά-

193 1379 381 1432 σκαλοι
410 1379 504 1432 καὶ
536 1381 582 1432 σί
616 1383 873 1450 ποιμένες
901 1382 1071 1451 αὑτῆς
1114 1382 1445 1445 ἐπλανῶντο,
1491 1383 1585 1436 καὶ
1635 1384 1763 1452 ὑμῖν

193 1472 305 1532 τοῖς
335 1472 497 1540 νεοκὴ
511 1471 660 1541 ρυξιν
680 1472 1042 1544 ἀπεκαλύφθη
1073 1475 1104 1544 ἡ
1123 1472 1347 1543 ἀλήθεια
1363 1475 1463 1544 τῆς
1486 1474 1722 1537 πίστεως
1743 1493 1758 1540 ;

205 1560 294 1626 Ἐξ
331 1561 454 1612 ὅτου
488 1562 597 1630 γὰρ
626 1562 725 1632 τὴν
763 1562 990 1632 ἔρευναν
1035 1563 1240 1632 ταύτην
1272 1564 1473 1633 ἤρξατε
1517 1564 1758 1633 ποιῆσαι,

191 1649 328 1701 εισὶν
361 1650 454 1718 ἔτη
483 1651 670 1703 πλεῖον
716 1652 749 1722 ἦ
787 1652 1008 1706 ἐλάσσον
1036 1659 1147 1724 με’.
1192 1654 1326 1707 Ἀπὸ
1371 1655 1481 1724 γὰρ
1533 1655 1761 1725 ἑννάτης

190 1744 571 1812 ἐπινεμήσεως
629 1745 831 1815 ἤρξατε
877 1748 942 1816 τῇ
991 1746 1220 1816 ἀληθείᾳ.
1277 1747 1621 1800 ἀντιπίπτειν
1665 1747 1761 1801 καὶ

189 1835 414 1905 ἐρευνᾷν
445 1836 503 1889 τὸ
556 1837 672 1898 πῶς
695 1836 1048 1907 διαστρέψετε
1072 1838 1141 1890 τὰ
1167 1840 1524 1908 ἀδιάστροφα.
1578 1839 1761 1892 Ἐπει-

1871 669 1935 706 ac
1977 653 2372 721 magistrorum
2430 660 2782 716 nostrorum,
2816 652 3099 723 quomodo
3132 652 3238 722 ipsi
3277 652 3440 707 nobis

1872 746 2226 801 tradiderunt
2282 747 2351 816 (a
2404 755 2654 815 tempore
2707 745 3008 800 Dominicaa
3055 745 3333 816 passionis
3388 753 3442 798 et

1868 837 2172 891 salutiferae
2233 837 2664 891 resurrectionis
2735 851 2911 906 usque
2971 835 3038 890 ad
3112 842 3438 904 praesentem

1869 941 2121 982 octavam
2151 929 2536 993 indietionem,
2580 945 2757 985 annos
2785 943 2909 983 esse
2945 929 3100 981 aiunt
3126 926 3441 996 septingeno

1866 1032 1953 1075 tos
2013 1021 2380 1090 quadraginta
2435 1022 2725 1090 quinque,
2768 1028 2935 1088 atque
2973 1019 3041 1074 ab
3091 1034 3157 1071 eo
3189 1027 3437 1086 tempore

1866 1125 2040 1178 usque
2092 1109 2364 1164 hactenus
2415 1109 2762 1164 venerabiles
2810 1108 3084 1176 imagines
3132 1107 3436 1162 fueruntet

1865 1209 1994 1255 sunt
2027 1209 2300 1255 venerata:
2345 1215 2375 1254 a
2416 1200 2672 1256 ﬁdelibus
2723 1199 3182 1270 quemadmodum
3219 1198 3434 1268 prmfati

1865 1291 2246 1361 sumus).Vos
2282 1291 2612 1348 ostendistis
2638 1334 2654 1358 ,
2710 1290 2857 1362 quod
2917 1305 3015 1360 per
3059 1290 3434 1359 septingentos

1867 1385 2035 1439 hosce
2068 1399 2243 1438 annos
2281 1383 2555 1437 catholica
2606 1393 2663 1438 et
2708 1383 3013 1453 apostolica
3067 1381 3314 1436 Ecclesia
3344 1379 3437 1436 do-

1865 1484 2162 1544 ctoresque
2185 1486 2239 1530 ct
2287 1483 2543 1544 pastores
2577 1475 2700 1542 ejus
2743 1473 3074 1537 erraverint,
3117 1473 3274 1528 vobis
3304 1487 3435 1528 vero

1863 1567 2178 1620 recentibus
2241 1566 2695 1634 praedicatoribus
2738 1565 2977 1619 revelata
3027 1567 3192 1618 t‘uertt
3227 1564 3434 1619 veritas

1862 1656 2022 1710 ﬁdei?
2045 1656 2120 1709 Ex
2154 1671 2263 1726 quo
2289 1657 2441 1710 enim
2478 1655 2892 1724 inquisitionem
2925 1657 3067 1708 hanc
3090 1653 3432 1720 instituistis,

1863 1756 1994 1803 sunt
2047 1749 2176 1801 anni
2237 1749 2360 1818 plus
2413 1747 2599 1801 minus
2653 1747 2894 1815 quinque
2945 1754 3001 1799 et
3044 1745 3430 1815 quadraginta.

1861 1839 2123 1910 Cospistis
2181 1855 2421 1909 namque
2455 1854 2482 1892 a
2514 1854 2656 1894 nona
2706 1838 3011 1892 indictione
3064 1837 3278 1892 veritati
3331 1836 3431 1889 ad—

187 1927 252 1998 δὴ
305 1929 398 1980 ἐπὶ
457 1928 557 1997 τὴν
593 1927 802 1997 πέτραν
847 1928 948 1998 τῆς
984 1929 1269 1999 «ἀληθείας
1316 1930 1674 2000 ᾠκοδόμησαν
1706 1931 1751 1982 ol

1861 1945 2068 1984 versari
2126 1930 2372 1998 illudque
2422 1929 2734 1997 inquirere,
2800 1941 3039 1995 quonam
3097 1933 3258 1995 pacto
3308 1939 3431 1994 qut:

189 2020 336 2086 ἆγιοι
364 2019 519 2090 ήμῶν
547 2021 809 2090 Πατέρες,
843 2021 941 2074 καὶ
977 2023 1162 2076 πύλαι
1189 2021 1336 2088 ᾅδου
1375 2023 1446 2075 οὐ
1480 2021 1760 2090 κατισχύ-

187 2127 414 2165 σουσιν
440 2113 630 2180 αὐτῆς
655 2152 671 2177 ,
700 2113 845 2183 άπερ
887 2114 995 2166 eici.
1018 2114 1086 2166 τά
1105 2113 1267 2168 ἄδικα
1290 2115 1384 2167 καὶ
1418 2115 1629 2184 πονηρά
1651 2113 1759 2167 τῶν

189 2206 484 2276 αἱρετικῶν
522 2207 787 2276 στόματα.
836 2206 1204 2275 Ἰἰπιστήσατε
1242 2210 1355 2270 τοῖς
1398 2207 1639 2272 πατράσι
1666 2207 1758 2259 καὶ⁵

189 2296 267 2364 τῷ
303 2296 677 2366 βαπτίσματι,
731 2298 758 2350 δ
792 2298 923 2369 παρ’
975 2298 1154 2352 αὑτῶν
1201 2298 1481 2369 εἰλήφατε,
1531 2299 1626 2352 καὶ
1657 2299 1758 2351 οὑκ

189 2389 441 2452 ἐδέξασθε
470 2389 648 2443 αὑτῶν
673 2389 772 2460 τὴν
808 2389 988 2442 πίστιν
1026 2390 1120 2441 καὶ
1163 2389 1289 2451 τοὺς
1334 2389 1546 2455 λόγους.
1589 2387 1758 2440 Ἐδεί-

195 2483 322 2545 ξατε
344 2481 556 2552 τρανῶς
587 2481 752 2534 τίνων
799 2480 1038 2550 μαθηταί
1074 2483 1195 2532 ἐστε
1254 2479 1349 2533 καὶ
1377 2479 1629 2549 διάδοχοι.
1672 2480 1758 2542 Ὠς

190 2571 302 2640 γὰρ
331 2571 365 2640 ἡ
394 2571 548 2624 ἄνοια
591 2570 744 2640 ὑμῶν
770 2569 1036 2639 πρόδηλος
1072 2568 1410 2638 γενησομένη
1455 2569 1651 2639 ἐφάνη,
1674 2569 1756 2621 δτι

191 2659 417 2714 ἐκείνων
476 2661 596 2712 ἐστὲ
653 2661 912 2730 μαθηταὶ,
942 2660 1052 2712 τῶν
1101 2659 1416 2730 κραξέιντων
1451 2662 1549 2711 οὑν
1592 2661 1758 2730 Ἀννᾳ

195 2752 287 2802 καὶ
315 2751 536 2820 Καῖάφᾳ.
574 2751 708 2819 πρὸς
739 2751 988 2812 Πιλᾶτον,
1032 2750 1312 2817 λέγουσιν’
1355 2749 1542 2814 Ἡμεῖς
1574 2750 1758 2812 βασι-

192 2842 306 2894 λέα
331 2845 442 2895 οὐκ
487 2843 706 2910 ἔχομεν
744 2846 796 2895 εὶ
830 2843 915 2910 μὴ
944 2846 1236 2909 Καίσαρα,
1270 2843 1316 2894 εί
1347 2844 1439 2894 καὶ
1483 2840 1758 2910 προϐάτου

191 2931 355 2999 δορὰν
399 2933 626 3002 ὲπέχετε
680 2934 769 2986 καὶ
831 2931 1086 3000 ποιμένος
1135 2931 1324 3000 στολὴν
1367 2930 1756 3000 ἀμφιέννυσθε.

202 3024 290 3085 Ὠς
321 3025 428 3092 γὰρ
453 3027 649 3076 ἐκεῖνοι
679 3026 772 3075 τὸν
798 3024 1027 3092 Σωτῆρα
1059 3025 1365 3094 ἠρνήσαντο
1402 3023 1543 3075 κατᾶ
1592 3021 1760 3092 πρόσ-

190 3132 339 3168 ωπον
393 3116 647 3178 Πιλάτου,
698 3118 792 3169 καὶ
845 3115 1034 3168 τοῦτον
1084 3118 1298 3185 σταυρῴ
1345 3113 1761 3186 προσπήξαντες

191 3205 474 3275 ἀνήλωσαν
494 3221 508 3235 ο
544 3205 703 3268 αὑτὸς
722 3205 777 3257 δὲ
805 3207 870 3275 τῇ
906 3206 1058 3275 θεὶκῇ
1091 3206 1254 3259 αὑτοῦ
1286 3205 1511 3274 δυνάμει
1534 3205 1754 3272 ἀνέστη,

1861 2020 2169 2074 rectissima
2194 2027 2326 2074 sunt
2364 2028 2679 2088 pervertere
2707 2017 2952 2086 possitis.
2979 2018 3044 2069 At
3079 2015 3227 2069 enim
3260 2029 3429 2085 supra

1860 2119 2067 2180 petram
2095 2111 2342 2165 veritatis
2366 2108 2774 2163 :ndiﬁcaverunt
2809 2109 2984 2163 sancti
3020 2107 3207 2160 Patres
3226 2106 3424 2168 nostri,

1858 2208 1907 2253 et
1943 2210 2108 2267 porta:
2169 2199 2328 2265 inferi
2382 2215 2482 2252 non
2514 2198 2870 2266 pnevalebuut
2926 2197 3178 2250 adversus
3235 2204 3422 2261 eam“,

1858 2305 1978 2360 quae
2031 2291 2286 2344 videlicet
2333 2297 2464 2344 sunt
2536 2290 2722 2358 iniqua
2779 2298 2832 2344 et
2888 2289 3428 2343 consceleratissima

1860 2381 2245 2434 haereticorum
2305 2395 2421 2434 ora.
2482 2377 2672 2434 Fidem
2725 2380 2971 2449 praebere
3024 2378 3289 2433 renuistis
3321 2377 3426 2430 Pa-

1860 2473 2036 2526 tribus
2073 2482 2128 2526 et
2163 2472 2471 2539 baptiswo.
2514 2487 2678 2540 quem
2711 2473 2778 2526 ab
2821 2472 2929 2526 illis
2973 2472 3290 2542 recepistis,
3325 2486 3427 2525 nee

1858 2579 2051 2617 eorum
2085 2562 2245 2617 ﬁdem
2278 2578 2676 2632 sermonesque
2711 2563 3056 2632 suscepistis.
3089 2562 3427 2617 Ostendistis

1859 2656 2069 2722 liquido
2104 2669 2472 2726 quorumnam
2507 2654 2763 2724 discipuli
2796 2654 2920 2709 sitis
2947 2671 3010 2708 ac
3047 2669 3425 2709 successores.

1858 2749 2110 2802 Ainentia
2155 2749 2302 2801 enim
2354 2755 2536 2801 vestra
2580 2747 2874 2802 manifesta
2923 2747 3107 2800 futura
3140 2747 3260 2800 visa
3301 2755 3424 2809 est,

1860 2839 2002 2905 quod
2033 2852 2224 2906 nempe
2273 2851 2466 2890 eorum
2501 2836 2622 2890 sitis
2667 2835 2920 2906 discipuli
2943 2875 2959 2900 ,
2990 2836 3083 2903 qui
3113 2850 3236 2890 cum
3269 2837 3425 2888 Anna

1859 2937 1912 2983 et
1942 2929 2143 2998 tlaipha
2207 2928 2272 2980 ad
2325 2927 2558 2998 Pilatum
2594 2927 2898 2980 clamantes
2923 2928 3113 2980 dicunt
3144 2943 3158 2980 :
3194 2924 3309 2980 Nos
3341 2943 3427 2980 re-

1859 3035 1971 3089 gem
2032 3037 2134 3072 non
2198 3019 2446 3073 habemus
2499 3020 2600 3071 nisi
2629 3017 2895 3073 Cwsarem
2928 3025 2951 3052 °
2984 3061 2999 3084 ,
3038 3019 3254 3074 tametsi
3303 3020 3426 3076 ovis

1860 3111 2055 3179 pellem
2117 3111 2361 3176 habetis,
2428 3120 2479 3164 ct
2548 3113 2791 3180 pastoris
2857 3111 3052 3166 stolam
3105 3109 3424 3164 ittduimini.

1861 3200 2333 3266 Quemadmodum
2384 3202 2530 3255 enim
2609 3203 2685 3254 iill
2751 3201 3090 3257 Salvatorcm
3157 3212 3427 3272 negarunt

190 3298 285 3347 καὶ
317 3295 545 3363 ἀνῆλθεν
568 3297 624 3348 ἐν
655 3298 767 3357 τοῖς
790 3295 1057 3362 ὑψίστοις,
1091 3298 1185 3348 καὶ
1223 3295 1490 3361 ἐκάθησεν
1523 3295 1579 3346 ἐν
1605 3290 1751 3363 δεξιᾷ

1857 3305 2042 3345 coram
2090 3290 2228 3344 laete
2261 3290 2421 3344 Pilati
2447 3332 2461 3356 ,
2514 3303 2678 3360 atque
2721 3291 2865 3345 hunc
2903 3294 3080 3360 ipsum
3119 3269 3270 3346 cruci
3311 3291 3426 3346 alii-

188 3387 284 3456 τῆς
340 3385 729 3456 μεγαλωσύνης
783 3386 876 3438 τοῦ
934 3385 1072 3438 Θεοῦ
1122 3387 1215 3438 καὶ
1247 3386 1488 3454 Πατρός·
1525 3387 1593 3438 Ὃ
1644 3386 1753 3453 γὰρ

185 3475 407 3529 ἔπαθεν
427 3475 577 3542 ὑπὲρ
605 3475 771 3543 ἡμῶν
806 3476 1010 3542 σαρκὶ,
1031 3477 1252 3529 ἔπαθεν
1291 3476 1549 3544 ἐφάπαξ,
1576 3476 1754 3529 θάνα-

187 3585 287 3632 τος
318 3566 504 3620 αὐτοῦ
533 3567 732 3620 οὐκέτι
764 3568 1042 3634 κυριεύει,
1077 3567 1182 3619 κᾶν
1207 3567 1364 3635 ὑμεῖς
1397 3566 1750 3634 φιλοπόλεμοι

185 3659 335 3722 ὀντες
367 3658 500 3727 πρὸς
528 3660 673 3729 ἡμᾶς
707 3658 1054 3728 φιλονεικεῖτε
1080 3675 1092 3689 ·
1143 3657 1402 3718 ὡσαύτως
1444 3658 1536 3709 καί
1569 3659 1747 3726 ὑμεῖς,

186 3753 242 3800 ἐν
265 3746 340 3817 τῷ
365 3747 455 3800 τὸν
483 3747 711 3820 Σωτῆρα
737 3748 810 3816 μὴ
844 3746 1113 3815 ἰσχύοντες
1140 3747 1204 3798 ἐκ
1228 3746 1476 3814 δευτέρου
1509 3747 1751 3816 σταυρῶ-

189 3858 296 3906 σαι,
342 3840 420 3901 εἰς
464 3841 589 3901 τοὺς
617 3839 713 3909 τῆς
741 3840 1006 3908 ἐνσάρκου
1040 3840 1352 3908 οἰκονομίας
1381 3837 1544 3891 αὑτοῦ
1577 3856 1750 3908 χαραι

190 3937 400 4003 κτῆρας
427 3935 522 3985 καὶ
553 3931 651 3994 τὰς
696 3933 1048 4002 ὑπομνήσεις,
1110 3933 1205 3984 σὺν
1258 3934 1321 3999 τῇ
1376 3933 1517 3983 κατᾶ
1568 3933 1748 3998 σάρκα

181 4023 348 4076 αὑτοῦ
393 4023 580 4093 μητρὶ,
619 4022 859 4084 καὶτοῖς
897 4023 1075 4089 ἁγίοις
1127 4020 1293 4074 αὑτοῦ
1338 4024 1607 4092 μαθηταῖς
1655 4022 1748 4075 καὶ

181 4120 496 4176 ἀποστόλοις
524 4115 701 4166 πᾶσαν
735 4112 832 4181 τὴν
860 4113 1056 4166 κακίαν
1093 4114 1246 4180 ὑμῶν
1297 4112 1577 4182 προδήλως
1613 4111 1747 4164 ἐδεί-

181 4208 328 4272 ξατε.
390 4207 496 4258 Καὶ
547 4205 655 4275 γὰρ
706 4206 764 4257 ἐν
799 4205 933 4274 πυρὶ
983 4205 1076 4257 καὶ
1126 4207 1183 4257 ἐν
1219 4205 1442 4273 μυρίαις
1479 4206 1745 4272 μηχαναῖς

179 4298 484 4370 ἐχρήσασθε
522 4298 663 4351 κατὰ
690 4298 798 4350 τῶν
827 4298 998 4365 ἁγίων
1027 4298 1271 4360 εἰκόνων,
1307 4296 1616 4366 νομίζοντες
1644 4296 1743 4366 τὴν

183 4393 404 4461 μνήμην
431 4391 611 4442 αὑτῶν
635 4390 832 4451 τελέως
863 4389 1256 4459 ἀπαλειφῆναι,
1286 4388 1422 4440 κατά
1449 4389 1557 4439 τῶν
1585 4405 1743 4457 χαρα-

180 4483 399 4549 κτήρων
428 4481 525 4550 τῆς
554 4480 1014 4550 χρωματουργίας
1033 4481 1212 4532 αὑτῶν
1233 4482 1592 4550 ἀναμνήσεως
1617 4497 1744 4550 μαι-

184 4573 426 4642 νόμενοι.
448 4571 586 4622 Ἀλλ’
613 4572 760 4640 ὅμως
787 4571 1069 4623 καὶταῦτα
1088 4571 1438 4641 πράττοντες,
1452 4571 1571 4623 καθ’
1589 4571 1742 4637 ὑμῶν

176 4661 355 4713 αὑτῶν
383 4661 614 4713 ἁκονᾶτε
647 4659 707 4712 τὸ
731 4661 880 4728 ξίςρος
909 4662 1007 4730 τῆς
1033 4661 1430 4730 δικαιοκρισίας
1460 4660 1554 4713 τοῦ
1582 4661 1738 4723 Θεοῦ,

176 4755 270 4806 καὶ
302 4751 504 4820 πολλῆς
534 4751 922 4822 μακροθυμίας
944 4753 1037 4805 καὶ
1061 4753 1421 4822 ἀγαθὸτητος.
1446 4754 1536 4804 Διὸ
1565 4770 1743 4822 παρα-

175 4843 326 4899 καλῶ
353 4845 498 4914 ὑμᾶς
534 4842 838 4912 exceptam
868 4843 966 4911 τὴν
995 4842 1154 4912 κενὴν
1191 4843 1537 4894 διδασκαλίαν
1566 4841 1741 4910 ὑμῶν,

173 4934 268 4988 καὶ
300 4932 587 5005 μέμψασθε
637 4934 847 4997 ἑαυτοῖς
874 4933 1072 4999 καλῶς,
1110 4936 1196 5002 ἐφ’
1246 4929 1326 4992 οἷς.
1378 4932 1741 5002 διεπράξασθε

173 5024 378 5086 κακῶς.
427 5021 798 5092 Ἀνορθὼσατε
825 5021 893 5073 τὰ
926 5022 1237 5090 παρειμένα
1271 5023 1474 5089 γόνατα
1506 5023 1604 5090 τῆς
1637 5020 1739 5088 ψυ-

172 5115 294 5183 χῆς,
329 5114 422 5167 καὶ
477 5113 741 5184 τραχείας
791 5112 956 5184 ὀρθὰς
991 5115 1280 5183 ποιήσατε·
1330 5113 1423 5166 καὶ
1444 5112 1541 5175 τὰς
1573 5113 1732 5178 ἁγίας

169 5206 354 5274 φωνὰς
381 5205 490 5256 τῶν
525 5203 785 5274 Πατέρων
811 5204 908 5256 σὺν
935 5205 1068 5274 ἡμῖν
1099 5206 1220 5267 ταῖς
1253 5204 1438 5271 ἁγίαις
1466 5203 1638 5254 εἰκόσι
1673 5201 1733 5254 τὸ

171 5296 330 5358 σέϐας
362 5294 750 5364 ἀναπέμψατε,
783 5295 931 5356 ὅπως
960 5297 1111 5365 κοινῂ
1133 5298 1199 5365 τῇ
1239 5296 1390 5364 φωνῇ
1423 5293 1578 5357 δόξαν
1603 5294 1733 5346 ἀναο

168 5387 474 5455 πέμψωμεν
496 5386 573 5455 τῷ
612 5385 799 5454 Κυρίῳ
825 5385 983 5454 ἡμῶν
1037 5387 1212 5454 Ἰησοῦ
1250 5385 1470 5456 Χριστῷ
1512 5383 1588 5454 τῷ
1619 5384 1732 5453 Υἰῷ

166 5478 259 5531 τοῦ
281 5476 439 5539 Θεοῦ,
472 5477 568 5529 σὺν
587 5477 665 5546 τῷ
687 5479 907 5548 άνάρχῳ
935 5479 1100 5531 αὑτοῦ
1136 5481 1328 5550 Πατρὶ,
1371 5482 1464 5532 καὶ
1492 5478 1570 5548 τῷ
1597 5476 1731 5542 ζωο-

167 5570 304 5638 ποιῴ
340 5569 505 5622 αὑτοῦ
539 5569 975 5639 Πνεὺματι,νὺν
1031 5571 1124 5625 καὶ
1173 5574 1281 5636 ἀεὶ,
1324 5575 1414 5625 καὶ
1471 5575 1550 5635 είς
1606 5571 1730 5634 τοὺς

173 5662 368 5722 αἰῶνας
407 5660 768 5716 τῶναὶῶνων.
814 5663 1005 5730 Ἀμήν.

240 5862 266 5891 ο
305 5854 493 5912 iiatth.
527 5873 633 5922 sit,
677 5857 758 5912 μὶ.
848 5877 864 5886 ·
894 5859 1048 5915 Jean.
1089 5879 1198 5927 ius,
1239 5863 1317 5917 l5.

1401 5876 1422 5913 r
1452 5865 1466 5918 l
1494 5863 1636 5920 Pctt'.
1672 5883 1745 5934 tv,
1777 5869 1823 5922 1.

1857 3392 2046 3451 gentes
2101 3397 2130 3436 e
2181 3383 2361 3436 medio
2415 3385 2796 3448 sustulerunt;
2845 3383 2962 3451 ipse
3011 3393 3193 3436 tamen
3236 3385 3422 3437 divina

1855 3491 1954 3529 sua
1997 3475 2200 3528 virtute
2255 3477 2603 3539 resurrexit,
2645 3476 3005 3544 ascenditque
3041 3475 3096 3528 in
3132 3476 3303 3530 caelos
3331 3492 3422 3530 se-

1853 3567 2045 3635 ditque
2095 3567 2164 3620 ad
2232 3567 2514 3621 dexteram
2587 3568 2902 3636 majestatis
2949 3567 3041 3620 Dei
3091 3577 3144 3621 ct.
3199 3566 3420 3632 Patris;

1854 3661 2008 3727 Quod
2046 3662 2185 3714 enim
2217 3675 2405 3729 passus
2449 3661 2634 3728 sitpro
2672 3661 2822 3711 nobis
2861 3673 3021 3711 carne
3046 3667 3092 3720 P,
3124 3673 3312 3726 passus
3341 3668 3423 3711 est

1851 3755 2047 3815 semel;
2096 3770 2238 3806 mors
2271 3754 2318 3805 ei
2350 3753 2578 3819 amplius
2627 3769 2728 3805 non
2769 3752 3077 3805 dominatur
3107 3759 3134 3799 tt
3156 3789 3171 3812 ,
3199 3751 3420 3805 tametsi

1853 3860 1950 3897 vos
1991 3845 2296 3900 adversarii
2331 3859 2523 3899 contra
2551 3862 2652 3898 nos
2684 3846 2851 3898 rixari
2881 3843 3234 3898 contenditis.
3268 3843 3420 3898 Haud

1851 3935 2012 3989 aliter
2060 3945 2114 3988 et.
2157 3953 2272 3999 vos,
2321 3954 2444 3990 eum
2492 3939 2777 4004 nequeatis
2827 3936 3171 3989 Salvatorem
3221 3936 3418 3989 iterum

1849 4027 2001 4081 cruci
2053 4029 2308 4096 alligere,
2362 4030 2417 4081 in
2473 4030 2738 4097 imagines
2789 4040 2842 4082 et
2876 4031 3212 4082 monimenta
3243 4029 3418 4097 ipsius

1849 4135 1946 4189 per
2002 4135 2222 4173 carnem
2278 4120 2744 4187 dispensationis,
2785 4135 2909 4174 cum
2959 4121 3196 4173 humana
3242 4129 3419 4174 matre

1845 4209 2001 4277 ejus,
2031 4219 2084 4261 et
2135 4210 2347 4264 sanctis
2398 4211 2546 4265 i'lius
2601 4211 2889 4278 discipulis
2923 4224 3086 4279 atque
3113 4211 3411 4279 apostolis.

1847 4300 2164 4354 universam
2219 4301 2486 4354 malitiam
2545 4310 2782 4356 vestram
2849 4301 3136 4356 evidenter
3173 4302 3418 4355 ostendi-

1844 4392 1966 4446 stis.
2010 4390 2136 4461 lgne
2185 4393 2330 4445 enim
2384 4401 2437 4446 ct
2486 4393 2719 4448 inﬁnitis
2776 4394 3276 4448 machinationibus
3325 4394 3411 4449 usi

1842 4483 1978 4534 estis
2032 4488 2298 4536 adversus
2349 4495 2568 4539 sanctas
2610 4484 2878 4554 imagines
2920 4486 3055 4553 (rati
3091 4486 3414 4540 memoriam

1845 4586 2038 4626 eorum
2075 4573 2323 4629 funditus
2357 4576 2735 4630 oblitteratum
2772 4577 2893 4640 iri),
2916 4586 3104 4631 contra
3132 4579 3416 4632 characte-

1844 4679 1936 4718 res
1981 4663 2212 4732 depictae
2259 4680 2451 4720 eorum
2502 4671 2780 4722 memoria:
2824 4668 3033 4722 furiose
3063 4669 3410 4724 debacchati.

1842 4753 2209 4810 Nihilominus
2256 4760 2338 4810 vel
2370 4759 2450 4812 sic
2501 4767 2765 4826 agentes,
2822 4761 3087 4814 adversus
3133 4775 3230 4813 vos
3261 4760 3413 4827 ipsos

1839 4845 2078 4914 gladium
2105 4849 2380 4902 exaeuitis
2428 4848 2564 4917 justi
2593 4850 2790 4918 judicii
2829 4852 2958 4912 Dei,
2985 4862 3040 4905 et
3073 4854 3258 4906 multae
3289 4852 3411 4921 ejus

1840 4933 2267 5004 longanimitatis
2327 4945 2380 4991 et
2429 4937 2716 4991 bonitatis.
2783 4938 3156 5004 Quamobrem
3221 4940 3412 4992 hortor

1837 5042 1957 5091 vos,
1989 5037 2046 5080 ut
2085 5029 2364 5096 aiileIIIliS
2415 5047 2611 5083 novam
2663 5033 2974 5085 doctrinam
3012 5041 3280 5094 vestram,
3316 5031 3408 5083 be-

1843 5137 2015 5187 neque
2061 5121 2293 5174 deleatis
2344 5139 2440 5189 pro
2490 5123 2559 5175 iis
2589 5138 2713 5191 qua:
2760 5124 2903 5175 male
2953 5122 3170 5191 egistis.
3205 5119 3412 5189 Erigite

1839 5211 2102 5266 dissideta
2139 5227 2311 5280 genua
2366 5215 2594 5276 anime,
2629 5223 2684 5267 et
2728 5223 2912 5268 rectos
2961 5229 3186 5282 gressus
3213 5211 3409 5279 facile,

1839 5301 2141 5356 secundum
2197 5312 2530 5370 sanctasque
2589 5304 2811 5358 Patrum
2884 5319 3045 5357 voces
3115 5303 3404 5358 nobiscum

1839 5392 2047 5446 sanctis
2092 5393 2344 5447 ieouibus
2398 5394 2607 5447 cultum
2663 5395 2933 5449 tribuite:
2987 5411 3096 5465 quo
3127 5396 3408 5451 communi

1837 5497 1970 5536 voce
2000 5484 2230 5549 gloriam
2282 5484 2475 5538 demus
2517 5484 2750 5540 Domino
2796 5496 2990 5540 nostro
3025 5486 3154 5540 Jesu
3187 5486 3409 5539 Christo

1838 5572 1931 5626 Dei
1991 5574 2167 5633 Filio.
2222 5591 2344 5628 cum
2377 5584 2586 5631 aeterno
2614 5578 2736 5644 ejus
2793 5577 2956 5631 Patre
3001 5585 3051 5631 et
3087 5576 3404 5630 viviﬁcante

1835 5664 1954 5732 eius
1988 5665 2191 5735 Spiritu
2222 5705 2234 5729 ,
2265 5682 2408 5721 nunc
2443 5675 2498 5722 et
2525 5682 2763 5736 semper,
2811 5680 2864 5722 et
2899 5669 2952 5722 in
2983 5668 3189 5722 saecula
3220 5680 3398 5721 saccu—

1834 5759 2030 5811 lorum.
2064 5757 2252 5809 Amen.

1901 5879 1925 5918 τι
1950 5867 2102 5923 llom.
2134 5883 2202 5929 tt,
2223 5869 2266 5921 θ.
