4112 6448
195 434 315 501 1365

984 429 1228 491 CANON
1275 429 1351 487 IN
1400 426 1937 487 DORMI'I‘IONEM
1984 428 2109 487 DEI
2147 428 2613 490 GENITRICIS.

3297 429 3434 493 1366

252 547 317 599 Τὸ
337 547 529 608 σκεῦος
559 544 820 615 διέπρεπε
851 542 952 613 τῆς
986 542 1217 613 ἐκλογῆς
1248 545 1362 604 τοῖς
1390 540 1580 611 ὕμνοις
1613 557 1708 593 σου
1731 556 1743 569 ”
1779 554 1794 600 Α

1923 540 2032 596 Vas
2077 542 2368 598 electionis
2412 543 2555 599 inter
2606 545 2745 600 alios
2792 546 2993 600 claruit
3027 546 3175 611 tuis,
3221 544 3430 615 Virgov

191 640 293 703 ὅλος
323 638 691 707 ἐξιστάμενος,
720 636 962 705 Παρθὲνε
982 651 997 665 ⁸
1032 636 1267 705 ἔκδημος
1299 635 1419 696 ὅλος
1449 633 1746 705 ἱερώμενος

191 731 295 802 Θεῷ
322 735 432 794 τοῖς
460 732 594 785 πᾶσι
622 729 919 800 θεόληπτος
955 729 1053 783 καὶ
1103 728 1179 781 ῶν
1216 728 1385 791 ὅντως
1413 727 1508 783 καὶ
1536 728 1747 781 δεικνύ-

193 840 354 893 μενος,
372 823 602 876 Θεοτόκε
628 822 971 893 πανύμνητε.

252 1006 335 1071 ιτα.
368 1003 479 1073 Τὴν
534 1001 685 1054 θείαν
729 1001 936 1070 ταύτην
987 1000 1083 1053 καὶ
1137 1000 1421 1070 πάνδημον
1468 997 1747 1060 τελοῦντες

191 1095 392 1167 ἑορτὴν,
421 1096 468 1147 οί
505 1093 812 1163 θεόφρονες,
840 1092 941 1161 τῆς
971 1093 1313 1163 Θεομήτορος
1345 1091 1496 1144 δεῦτε
1518 1090 1616 1153 τὰς
1636 1092 1747 1159 χεῖ-

194 1206 283 1258 ρας
303 1188 655 1258 κρο-τήσωμεν
671 1186 762 1239 τὸν
786 1184 846 1251 ἐξ
874 1185 1048 1255 αὐτῆς
1068 1184 1334 1255 τεχθέντα
1356 1186 1570 1247 πιστοῖς
1595 1182 1749 1247 δοξά-

190 1280 383 1343 ζοντες.

265 1368 354 1419 Ἐκ
390 1365 485 1419 σοῦ
517 1364 631 1436 ζωὴ
660 1365 996 1419 ἀνατέταλκε
1027 1367 1128 1429 τὰς
1156 1367 1305 1428 κλεῖς
1325 1366 1423 1435 τῆς
1453 1364 1750 1438 παρθενίας

194 1459 262 1530 μὴ
288 1459 516 1513 λύσασα.
546 1459 670 1521 Πῶς
696 1455 790 1513 οὖν
823 1458 887 1513 τὸ
914 1458 1185 1528 ἄχραντον
1226 1457 1537 1528 ζωαρχικόν
1562 1473 1622 1509 τε
1655 1473 1749 1509 σου

193 1550 448 1619 σκήνωμα
502 1551 599 1619 τῆς
653 1548 748 1601 τοῦ
795 1548 1029 1603 θανά-του
1090 1548 1289 1618 πείρας
1340 1548 1576 1617 γέγονας
1620 1547 1751 1616 μέτ-

191 1659 306 1712 οχος

256 1733 404 1803 Ζωῆς
438 1730 730 1804 ὑπάρξασα
764 1732 1015 1801 τέμενος,
1052 1730 1199 1803 ζωῆς
1250 1734 1351 1802 τῆς
1382 1730 1556 1784 ἀϊδίου
1596 1730 1752 1783 τετύ-

190 1840 355 1894 χηκας
375 1840 388 1852 ·
411 1823 500 1876 διὰ
527 1822 757 1877 θανάτου
774 1824 883 1893 γάρ
907 1823 1042 1893 πρὸς
1065 1822 1162 1893 τὴν
1191 1821 1338 1891 ζωὴν
1371 1820 1753 1891 μεταϐέϐηκας

190 1916 223 1985 ή
253 1914 346 1985 τὴν
380 1914 524 1984 ζωὴν
554 1913 787 1966 τεκοῦσα
813 1914 910 1983 τὴν
942 1914 1332 1967 ὲνυπόστατον.

255 2008 325 2060 Z'.
365 2007 480 2059 Οὐκ
506 2006 839 2077 ἐλάτρευσαν
864 2009 931 2078 τῇ
972 2006 1146 2059 κτίσει
1192 2008 1242 2059 οἱ
1270 2006 1560 2077 θεόφρονες
1604 2003 1758 2074 παρὰ

189 2100 277 2152 τὸν
300 2100 579 2153 Κτίσαντα
599 2116 613 2130 °
651 2100 789 2154 ἀλλά
820 2102 991 2172 πυρὸς
1026 2100 1258 2171 ἀπειλὴν
1293 2100 1557 2171 ἀνδρείως
1582 2098 1757 2168 πατή-

192 2211 376 2257 σαντες
402 2235 417 2259 ,
464 2195 683 2265 ἔχαιρον
749 2192 1066 2263 ψάλλοντες,
1129 2192 1525 2261 Ὑπερύμνητε
1565 2194 1597 2245 ό
1641 2188 1760 2243 τῶν

190 2287 461 2355 Πατέρων
488 2288 706 2354 Κύριος
727 2285 825 2339 καί
858 2286 1024 2352 Θεὸς,
1060 2284 1389 2353 εὐλογητὸς
1422 2280 1499 2338 εἴ.

257 2378 549 2431 Νεανίσκοι
611 2379 706 2429 καὶ
758 2376 1020 2443 παρθένοι
1070 2375 1170 2444 τῆς
1219 2375 1505 2445 Παρθένου
1554 2392 1613 2427 τε
1670 2377 1761 2427 καὶ

191 2471 533 2541 Θεομήτορος
562 2469 661 2539 τὴν
715 2470 940 2540 μνήμην
993 2468 1261 2530 σέϐοντες,
1326 2466 1626 2536 πρεσϐύται
1668 2468 1761 2521 καὶ

192 2562 452 2633 ἄρχοντες
504 2561 600 2614 καὶ
652 2560 894 2632 βασιλεῖς
946 2559 1045 2612 σὺν
1101 2560 1321 2629 κριταῖς
1376 2557 1758 2628 μελῳδήσατε,

205 2655 265 2706 '0
319 2652 438 2708 τῶν
490 2654 764 2721 πατέρων
810 2652 1026 2720 Κύριος
1078 2651 1178 2704 καὶ
1206 2651 1372 2715 Θεὸς,
1433 2649 1763 2720 celerare};

192 2742 263 2801 εἷ.

262 2838 692 2893 Σαλπισάτωσαν
732 2840 799 2909 τῇ
852 2838 1116 2906 σάλπιγγι
1155 2835 1253 2890 τοῦ
1302 2836 1613 2905 πνεύματος
1660 2834 1761 2905 ὅρη

192 2934 439 3002 οὐράνια,
493 2931 949 3000 ἀγαλλιάσθωσαν
983 2930 1165 3001 βουνοὶ
1215 2931 1309 2982 καὶ
1344 2928 1761 2999 σκιρτάτωσαν’

193 3026 323 3078 θεῖοι
349 3024 664 3089 ἀπόστολοι,
684 3024 718 3094 ή
750 3024 1061 3093 πανήγυρις
1079 3022 1178 3090 τῆς
1215 3020 1504 3085 θεοτόκου,
1528 3020 1766 3089 σήμερον

195 3116 473 3187 μυστικῶς
496 3114 988 3187 πανηγυρίσωμεν.

273 3211 337 3263 Ἢ
369 3209 625 3278 πανίερος
664 3211 997 3281 μετάστασις
1027 3209 1129 3279 τῆς
1164 3208 1313 3271 θείας
1352 3223 1446 3260 σου
1483 3206 1579 3260 καὶ
1623 3207 1766 3277 ἀκη-

195 3302 361 3370 ράτου
402 3300 607 3371 μητρὸς
657 3300 726 3352 τὰ
762 3300 1112 3369 ὑπερκόσμια
1173 3299 1284 3352 τῶν
1318 3298 1431 3352 ἆνω
1479 3297 1767 3366 δυνάμεων

192 3392 417 3464 ᾖθροισε
440 3394 702 3460 τάγματα
723 3408 738 3422 ο
767 3391 1257 3461 συνευφραίνεσθαι
1290 3392 1401 3453 τοῖς
1430 3390 1522 3442 ἐπὶ
1549 3390 1654 3459 γῆς
1683 3405 1768 3441 σοι

195 3486 496 3553 μέλπουσιν
516 3498 531 3512 ⁸
573 3483 637 3535 '0
666 3484 831 3550 Θεὸς,
868 3482 1199 3553 εὐλογητὸς
1226 3478 1299 3537 εἰ.

266 3573 349 3625 Il'.
388 3571 589 3635 Παῖδας
640 3573 857 3639 εὐαγεῖς
889 3573 948 3623 ὲν
997 3573 1063 3641 τῇ
1122 3569 1339 3640 καμίνῳ
1389 3570 1417 3622 ὁ
1464 3568 1625 3630 τόκος
1671 3566 1769 3636 τῆς

191 3666 459 3718 θεοτὸκου
491 3663 817 3717 διεσώσατοο
845 3663 966 3715 τότε
1012 3662 1111 3731 μὲν
1159 3660 1501 3731 τυπούμενος
1522 3699 1537 3724 ,
1572 3658 1669 3711 νῦν
1711 3658 1769 3711 δὲ

193 3758 616 3830 ἑνεργοὺμενος,
653 3758 755 3827 τὴν
799 3757 1125 3827 οἰκουμένην
1162 3756 1380 3809 ἃπασαν
1415 3756 1603 3825 ήγειρε
1630 3752 1769 3821 ψάλ-

192 3853 415 3916 λουσαν,
436 3849 551 3904 Τὸν
572 3851 794 3917 Κύριον
816 3848 1078 3917 ὑμνεῖτε,
1107 3845 1181 3899 τὰ
1210 3847 1375 3915 ἔργα.

264 3942 381 4011 Τήν
415 3942 635 4013 μνήμην
665 3958 782 4004 σου,
816 3942 1053 4010 ἄχραντε
1077 3937 1341 4008 Παρθένε,
1372 3936 1564 4007 Ἀρχαί
1593 3953 1652 3988 τε
1679 3937 1772 3989 καὶ

206 4034 482 4099 Ἐξουσίαι
537 4032 632 4085 καὶ
685 4032 988 4099 Δυνάμεις,
1036 4028 1327 4098 Ἄγγελοι,
1382 4027 1770 4097 ’Δρχάγγελοι,

192 4127 413 4198 Θρόνοι,
446 4125 804 4195 κυριότητες,
826 4122 894 4176 τά
919 4122 1201 4192 Χερουϐὶμ
1233 4120 1548 4185 δοξάζουσιο
1582 4119 1677 4172 καὶ
1706 4120 1776 4173 τὰ

195 4218 409 4288 φρικτὰ
438 4214 719 4287 Σεραφίμ’
757 4213 1061 4284 ἀνθρώπων
1088 4213 1144 4266 δὲ
1172 4212 1235 4265 τὸ
1273 4212 1433 4280 γένος
1460 4211 1735 4282 ὑμνοῦμεν
1756 4251 1772 4275 ,

196 4310 298 4363 καὶ
324 4306 712 4379 ὑπεροψοῦμεν
743 4308 821 4369 εἰς
854 4304 1064 4366 πάντας
1093 4305 1221 4365 τοὺς
1252 4302 1477 4365 αἰῶνας.

282 4493 344 4546 ’0
379 4491 546 4559 ξένως
574 4490 805 4558 οἰκήσας
835 4489 891 4541 ἐν
928 4490 995 4558 τῇ
1028 4487 1282 4558 ἀχράντῳ
1320 4504 1416 4540 σου
1446 4486 1602 4556 νηδύϊ
1646 4503 1778 4556 σαρ-

1854 636 2122 697 cantieis,
2162 644 2311 690 totus
2344 636 2401 689 in
2436 637 2861 692 admirationem
2904 648 3129 707 raptus;
3181 640 3429 707 peregri-

1854 743 1957 781 nus
1991 728 2176 780 omnis
2210 726 2534 783 sacriﬁcans
2598 727 2744 793 Deo,
2800 738 2854 782 et
2903 732 3223 799 quicunque
3253 729 3435 783 omni-

1856 820 1958 874 bus
1982 828 2105 883 est,
2138 829 2194 875 et
2229 836 2359 876 vere
2408 822 2730 876 ostenditur
2777 821 2969 877 divino
3022 824 3251 879 numine
3293 821 3438 876 aIIIa-

1856 920 1945 965 tus
1966 951 1980 969 ,
2017 926 2050 963 0
2082 910 2251 981 Virgo
2277 913 2425 965 omni
2458 928 2690 981 prorsus
2713 926 2880 969 cantu
2907 915 3251 985 dignissima.

1931 999 2016 1054 VI.
2056 999 2310 1054 Divinam
2363 1001 2507 1056 banc
2552 1011 2606 1056 et
2648 1002 2926 1072 publicam
2980 1002 3078 1057 Dei
3114 1004 3306 1059 matris
3340 1019 3437 1059 co.

1856 1088 2033 1143 lentes
2088 1089 2491 1155 festivitatem,
2546 1105 2579 1143 ο
2623 1089 2818 1144 Divina
2871 1092 3194 1161 sapientes,
3256 1094 3433 1164 agite,

1858 1183 2115 1237 manibus
2173 1182 2503 1252 plaudamus
2529 1223 2543 1243 .
2582 1199 2647 1238 ex
2702 1183 2793 1238 illa
2842 1194 3031 1239 natum
3065 1185 3319 1242 ﬁdelibus
3355 1204 3437 1242 ce-

1858 1274 2154 1330 lcbrantcs.

1929 1366 2007 1420 Ex
2044 1374 2099 1422 te
2140 1377 2259 1420 orta
2303 1375 2387 1420 est
2428 1368 2537 1421 vita
2592 1366 2945 1437 Virginitatis
2991 1370 3177 1424 claves
3210 1369 3433 1425 minime

1857 1458 2099 1513 solvens.
2194 1457 2481 1523 Quomodo
2564 1460 2751 1530 igitur,
2824 1476 2948 1515 cum
3022 1462 3431 1515 immaculatum

1859 1557 2028 1617 atque
2059 1549 2113 1603 in
2156 1552 2349 1619 primis
2378 1551 2544 1605 vitale
2598 1554 3013 1606 tabernaculum
3050 1564 3205 1607 tuum
3244 1551 3431 1615 fuerit,

1858 1642 2056 1695 mortis
2089 1643 2439 1710 experientia
2474 1643 2619 1695 facta
2651 1660 2711 1697 cs
2744 1646 3061 1714 particeps?

1934 1734 2067 1787 Viue
2099 1734 2218 1804 ipsa
2246 1736 2536 1801 templum,
2574 1737 2739 1789 vitam
2790 1746 2955 1791 nacta
2988 1752 3046 1791 es
3080 1744 3436 1806 perpetuam;

1860 1840 1958 1896 per
1987 1835 2220 1880 mortem
2257 1828 2406 1881 enim
2443 1829 2511 1881 ad
2547 1830 2713 1883 vitam
2757 1830 3031 1886 trausiisti
3056 1869 3070 1895 ,
3104 1845 3228 1899 quae
3271 1832 3437 1882 vitam

1789 1908 1833 1963 Β
1861 1933 1990 1973 vere
2027 1918 2434 1973 subsistentem
2468 1920 2769 1989 pepereris.

1931 2008 2045 2064 VII.
2079 2009 2275 2064 Divina
2317 2012 2603 2079 sapientes
2637 2012 2741 2065 viri
2784 2018 3097 2065 creaturam
3141 2027 3243 2081 pro
3268 2012 3439 2067 Crca»

1863 2108 1981 2154 tore
2028 2115 2139 2153 non
2186 2100 2598 2167 adoraverunt;
2658 2102 2752 2155 sed
2811 2101 2956 2170 ignis
2998 2102 3178 2155 minas
3211 2102 3440 2155 viriliter

1862 2195 2152 2264 patientes,
2187 2195 2543 2258 Imtabantur,
2579 2203 2883 2249 canentes:
2928 2195 3146 2248 Summe
3192 2194 3439 2248 laudabi-

1864 2286 1933 2338 lis
1968 2286 2194 2338 Patrum
2228 2285 2451 2339 Domine
2482 2302 2545 2338 ac
2577 2285 2739 2350 Deus,
2783 2285 3088 2338 benedictus
3116 2302 3192 2339 es.

1931 2376 2222 2431 Juvenculi
2277 2386 2333 2431 et
2382 2377 2656 2445 virgines,
2718 2386 2833 2431 tum
2883 2376 3144 2446 Virginis,
3198 2386 3310 2429 tum
3346 2376 3438 2431 Dei

1864 2468 2056 2522 Matris
2097 2470 2421 2523 memoriam
2451 2475 2814 2533 venerantes,
2859 2484 3021 2522 senes
3067 2477 3121 2519 et
3157 2468 3441 2537 principes

1864 2568 1917 2615 et
1947 2576 2103 2627 rcges
2135 2576 2260 2613 cum
2303 2559 2587 2629 judicibus
2631 2567 2853 2613 cantate
2888 2578 2900 2613 :
2959 2557 3189 2612 Patrum
3219 2558 3443 2615 Domine

1867 2671 1927 2707 ac
1966 2654 2131 2720 Deus,
2177 2652 2477 2708 benedictus
2509 2670 2581 2706 cs.

1937 2835 2090 2889 Tuba
2122 2834 2353 2904 spiritus
2402 2843 2619 2890 montes
2655 2836 2911 2890 caelestes
2962 2835 3242 2904 clangant,
3275 2836 3445 2890 colles

1866 2928 2140 2997 gaudeant
2173 2938 2225 2982 et
2256 2929 2556 2983 exsultent.
2597 2926 2792 2993 lIodie,
2828 2926 3061 2997 apostoli
3090 2928 3287 2994 divini,
3321 2928 3447 2983 Dei-

1868 3034 2015 3084 parte
2044 3019 2323 3086 laudatio;
2360 3019 2591 3090 mystice
2624 3019 2937 3075 laudemus.

1943 3193 2349 3250 Sanctissimus
2394 3193 2597 3248 divina:
2628 3202 2683 3249 et
2714 3194 3053 3263 incorrupta:
3109 3193 3306 3251 Matris
3338 3201 3445 3249 tua:

1871 3287 2143 3342 transitus
2207 3286 2456 3341 ccclestia
2516 3302 2887 3356 supernarum
2946 3286 3289 3341 Potestatum
3347 3303 3443 3357 ag-

1869 3379 2016 3434 mina
2070 3380 2399 3435 tremefecit.
2442 3380 2580 3434 Cnm
2631 3380 2743 3435 illis
2796 3379 3173 3450 gaudendum,
3213 3381 3307 3450 qui
3342 3381 3441 3434 tibi

1868 3472 1924 3527 in
1961 3483 2106 3526 terra
2146 3480 2387 3526 canunt:
2430 3471 2748 3525 Benedictus
2780 3487 2859 3533 es,
2894 3470 3055 3525 Deus.

1944 3562 2075 3616 VIII.
2131 3561 2367 3617 Sanctos
2421 3576 2622 3630 pueros
2671 3562 2916 3616 servavit
2960 3563 3013 3613 in
3074 3562 3297 3616 fornace
3352 3561 3447 3618 Dei

1869 3656 2164 3713 Genitricis
2219 3663 2429 3724 partus,
2475 3664 2607 3708 tunc
2668 3655 2935 3722 figuratus
2990 3654 3241 3722 quidem;
3299 3669 3449 3709 nunc

1868 3763 2001 3801 vero
2035 3748 2320 3816 impletus,
2354 3745 2674 3798 universum
2707 3746 2898 3797 orbem
2939 3745 3206 3798 excitavit
3239 3760 3445 3799 canen-

1873 3850 1979 3895 tem
2018 3858 2029 3893 :
2068 3837 2334 3901 Laudate,
2376 3853 2558 3905 opera,
2592 3835 2903 3891 Dominum.

1908 3928 2142 3996 ‘Tuam,
2177 3929 2528 3983 immaculata
2567 3926 2762 3996 Virgo,
2795 3929 3119 3982 memoriam
3157 3927 3449 3997 Principa-

1874 4029 1983 4085 tus,
2036 4020 2344 4075 Potestates
2405 4034 2470 4073 ac
2516 4018 2801 4083 Virtutes;
2836 4016 3056 4089 Angeli,
3095 4020 3448 4089 Archangeli,

1875 4110 2107 4177 Tlironi,
2167 4110 2609 4175 Dominationes,
2678 4108 2978 4163 Clierubim
3046 4126 3110 4164 ac
3164 4112 3451 4167 tremenda

1880 4204 2172 4272 Seraphim
2222 4201 2483 4257 laudibus
2526 4202 2957 4266 concelebrant;
2998 4201 3283 4255 hominum
3318 4218 3452 4258 vero

1878 4309 2050 4363 genus
2100 4292 2354 4349 canimus
2392 4303 2445 4347 et
2486 4292 2972 4362 superextollimus
3039 4294 3095 4347 in
3140 4295 3325 4348 omnia
3356 4312 3454 4349 sae-

1879 4386 2023 4438 cula.

1950 4476 2052 4541 Qui
2084 4477 2140 4529 in
2174 4483 2269 4529 tuo
2315 4474 2671 4530 immaculato
2730 4487 2922 4531 ventre
2971 4477 3306 4546 bospitatns.
3333 4493 3455 4532 car-

198 4580 476 4652 κούμενος
506 4572 662 4640 οὗτος
691 4578 751 4630 τὸ
794 4578 1056 4644 πανίερον
1086 4576 1304 4647 πνεῦμά
1341 4594 1435 4629 σου
1464 4576 1777 4646 δεξάμενος,

1882 4581 2007 4620 nem
2059 4563 2281 4623 Induit.
2332 4564 2380 4620 is
2412 4565 2829 4620 sanctissimum
2882 4567 3141 4635 spiritum
3175 4577 3330 4621 tuum
3361 4585 3456 4623 ex-

196 4674 260 4724 ὲν
285 4669 464 4738 ἑαυτῷ
501 4667 846 4721 κατέπαυσεν
876 4667 948 4729 ὡς
993 4666 1275 4737 ὀφειλέτης
1302 4665 1449 4729 Υἱός.
1478 4666 1570 4717 Διό
1599 4682 1657 4718 σε
1680 4665 1780 4734 τὴν

197 4761 486 4831 Παρθένον
514 4758 792 4830 ὑμνοῦμεν
824 4758 919 4810 καὶ
947 4756 1356 4829 ὑπερυψοῦμεν.

276 4857 344 4907 Ὤ
376 4853 486 4907 τῶν
515 4852 657 4922 ὑπὲρ
701 4851 910 4903 ἔννοιαν
954 4848 1253 4916 θαυμάτων
1283 4848 1384 4918 τῆς
1418 4847 1780 4919 άειπαρθένου

198 4946 303 5000 κα.)⁸
332 4942 711 5013 θεομήτοροςί
742 4940 925 5008 Τάφον
953 4937 1062 5009 γὰρ
1099 4939 1370 5009 οἰκήσασα
1397 4937 1567 5003 ἔδειξε
1603 4939 1784 5010 παρά-

195 5032 385 5082 δεισον
417 5022 463 5097 ᾧ
488 5026 837 5095 παρεστῶτες
861 5027 1101 5096 σήμερον
1144 5025 1447 5094 χαίροντες,
1478 5025 1748 5097 ὑάλλομεν
1766 5044 1779 5058 ’

202 5121 329 5176 Τὸν
363 5122 585 5189 Κύριον
614 5118 855 5188 ήιινεῖτε
889 5118 986 5171 καί
1017 5118 1421 5187 ὑπερυψοῦτε.

275 5213 359 5266 8‘.
405 5212 591 5273 Ἀπας
619 5209 861 5280 γηγενὴς
905 5208 1185 5278 σκιρτάτω
1225 5208 1305 5279 τῷ
1334 5210 1610 5277 πνεύματι
1644 5210 1784 5281 λαμ-

198 5301 677 5373 παδουχούμενος.
714 5299 1146 5369 Πανηγυριζέτω
1172 5299 1227 5351 δὲ
1261 5298 1440 5351 ἀΰλων
1457 5300 1591 5353 νόων
1621 5299 1783 5367 φύσις

197 5393 547 5465 γεραίρουσα
574 5391 676 5460 τὴν
706 5390 859 5460 ἱεράν
896 5391 1232 5460 μετάστασιν
1270 5389 1370 5458 τῆς
1398 5391 1740 5462 Θεομήτορος
1764 5408 1778 5420 ·

201 5486 310 5539 καὶ
341 5483 538 5554 βοάτω,
562 5482 823 5550 Χαίροις,
848 5480 1305 5550 παμμακὰριστε
1324 5482 1588 5545 Θεοτόκε,
1606 5482 1783 5551 ἁγνὴ,

197 5575 591 5643 ἀειπάρθενε.

284 5664 458 5719 Δεῦτε
487 5666 544 5717 ὲν
578 5662 719 5716 Σιὼν
744 5660 822 5733 τῷ
852 5661 980 5729 θείῳ
1018 5661 1113 5715 καὶ⁵
1139 5661 1285 5714 πίονι
1310 5661 1428 5730 ὄρει
1460 5662 1552 5715 τοῦ
1588 5664 1788 5727 ζῶντος

199 5754 356 5809 Θεοῦ
388 5751 847 5823 ἀγαλλιασὼμεθα
893 5752 993 5822 τὴν
1015 5751 1278 5805 Θεοτὸκον
1314 5752 1783 5823 ὲνοπτριζόμενοιο

203 5846 354 5921 πρὸς
390 5845 498 5917 γάρ
524 5846 621 5917 τήν
652 5845 772 5898 λίαν
821 5844 1104 5911 κρείττονα
1130 5842 1223 5895 καὶ
1274 5842 1552 5916 θειοτέραν
1586 5845 1788 5916 σκηνὴν

1883 4658 2125 4727 cipiens,
2158 4659 2213 4709 in
2250 4656 2390 4725 ipso,
2442 4664 2703 4724 tanquam
2745 4657 2962 4711 debitor
3015 4657 3209 4721 Filius,
3242 4662 3457 4729 requie-

1883 4753 1980 4807 vit.
2019 4751 2146 4803 Ideo
2172 4758 2223 4802 te
2258 4748 2540 4818 Virginem
2570 4751 2825 4805 canimus
2854 4758 2909 4805 et
2949 4754 3457 4820 snperextollimus.

1951 4844 1995 4897 0
2063 4842 2352 4895 intellectu
2420 4842 2619 4895 altiora
2675 4858 2891 4913 semper
2948 4843 3193 4914 Virginis
3249 4862 3313 4899 ac
3364 4848 3460 4901 Dei

1886 4933 2191 4991 Genitricis
2226 4932 2858 5003 miraculalPostquam
2935 4936 3081 4988 enim
3144 4938 3461 5005 sepulcrum

1887 5023 2179 5086 habitavit,
2218 5023 2536 5091 paradisum
2569 5024 2849 5087 ostendit,
2889 5027 2979 5078 cui
3021 5034 3267 5081 astantes
3296 5027 3462 5082 hodie

1888 5115 1996 5169 laeti
2036 5113 2331 5167 canimus:
2368 5112 2596 5169 Cantate
2634 5122 2684 5167 et
2708 5117 3112 5184 superextollite
3149 5116 3457 5173 Dominum.

1959 5204 2050 5256 IX.
2103 5204 2407 5275 Terrigena
2454 5221 2637 5261 OltitltS
2690 5208 2889 5277 Spiritu
2965 5212 3223 5275 exsultet,
3280 5210 3460 5266 facem

1887 5295 2089 5350 ferens.
2143 5295 2406 5350 Mentium
2460 5312 2590 5350 vero
2632 5299 2876 5353 materiae
2922 5301 3229 5353 exsortium
3263 5309 3467 5357 natura

1888 5387 1941 5439 in
1979 5386 2167 5441 Iaudes
2211 5396 2332 5450 eat,
2378 5398 2630 5443 sanctum
2684 5389 2774 5443 Dei
2823 5389 3122 5445 Genitricis
3172 5394 3472 5448 transitum

1886 5493 2159 5534 venerans
2188 5498 2205 5548 ;
2238 5488 2293 5535 et
2324 5481 2628 5536 exclamet:
2665 5482 2840 5549 Salve,
2868 5484 3175 5538 beatissima
3206 5484 3473 5552 Deipara,

1888 5586 2047 5637 pura,
2075 5588 2279 5641 semper
2320 5572 2499 5642 Virgo.

1958 5665 2117 5732 Agite
2142 5706 2155 5731 ,
2192 5670 2245 5719 in
2322 5665 2498 5731 Sion,
2558 5668 2747 5723 divino
2777 5679 2832 5724 et
2858 5670 3043 5739 pingui
3102 5669 3196 5725 Dei
3234 5674 3467 5733 viventis

1891 5766 2078 5810 monte
2144 5759 2573 5825 exsultabimus,
2654 5761 2941 5831 Deiparam
3016 5762 3165 5816 velut
3228 5765 3283 5817 in
3341 5778 3473 5832 spe-‘-

1892 5847 2016 5900 culo
2049 5847 2329 5906 intuentes
2360 5868 2374 5918 ;
2402 5851 2542 5906 lianc
2573 5852 2721 5908 enim
2758 5854 2850 5909 ille
2874 5894 2887 5921 ,
2921 5860 3181 5925 tanquam
3213 5869 3470 5910 matrem.
