4112 6448
196 404 331 467 1369
1078 406 1158 466 IN
1194 406 1337 465 SEX
1372 406 1683 465 IIYMNOS
1721 405 2161 475 SEQUENTES
2205 405 2589 467 MONITUM.
3313 407 3447 470 1370

192 517 387 587 Κύριε,
412 516 520 568 τῶν
547 514 780 568 αἰωνίων
831 533 925 569 σου
956 516 1178 585 ἀγαθῶν
1209 518 1440 582 ἀξίωσον
1482 519 1571 572 τὸν
1604 536 1768 590 μετα·
1799 532 1816 583 Α

1828 546 1841 582 ,
1876 518 2105 573 Domine
2133 521 2359 574 aeternis
2396 521 2507 575 tuis
2550 521 2712 576 bonis
2743 520 2888 576 dona
2924 537 3048 576 eum
3085 521 3179 592 qui
3229 535 3259 573 a
3296 522 3452 577 nobis

1108 609 1333 680 [στάντα
1358 611 1416 677 ἐξ
1446 611 1623 681 ἡμῶν,

3043 613 3347 687 [unigravi‘.,

204 703 525 758 Ἀναπαύων
555 704 717 758 αὐτὸν
745 706 802 755 ἐν
825 705 890 773 τῇ
924 702 1119 774 ἀγήρῳ
1149 703 1535 774 μακαριότητι.

1875 701 1933 755 ln
1970 703 2313 760 indeﬁcienti
2344 705 2689 761 beatitudine
2720 706 2849 762 data
2881 708 2956 762 illi
2988 708 3200 779 requie.

951 1079 1374 1148 MONITUM
1424 1079 1526 1143 IN
1550 1079 1715 1140 SEX
1752 1077 2117 1139 IIYM'NOS
2153 1074 2694 1152 SEQUENTES.

1136 1246 1285 1309 (Anc.
1323 1245 1436 1294 Mn.
1479 1238 1714 1306 Spicileg.
1760 1243 1890 1290 Rom.
1930 1241 2013 1302 lx,
2050 1256 2097 1304 p.
2123 1254 2226 1301 xu,
2249 1239 2341 1289 713
2367 1240 2499 1301 sqq.)

1776 1418 1845 1427 συ...

262 1569 321 1625 ln
351 1569 672 1624 evolvendis
704 1568 915 1623 Graecis
949 1566 1232 1621 Vaticanse
1263 1566 1612 1621 bibliotheca:
1645 1567 1936 1621 codicibus
1969 1584 2053 1622 res
2088 1571 2367 1639 insperata
2400 1570 2535 1623 mihi
2569 1570 2792 1625 accidit.
2825 1571 2959 1625 Dum
2994 1571 3142 1627 enim
3177 1570 3450 1642 poeticum

188 1664 444 1717 volumen
474 1663 828 1729 inspicerem,
863 1664 917 1715 in
946 1677 1056 1731 quo
1098 1677 1206 1715 non
1243 1661 1365 1713 sine
1402 1662 1578 1713 multo
1607 1661 1950 1715 scholiorum
1977 1667 2244 1717 comitatu
2272 1674 2402 1719 sunt
2437 1663 2735 1727 Pindarus,
2774 1664 3073 1731 llesiodus,
3122 1674 3308 1735 partes
3340 1662 3452 1718 llo-

190 1758 348 1820 meri,
384 1756 657 1827 Eschyli,
691 1766 744 1811 et
772 1756 1075 1823 Theocriti,
1101 1755 1474 1810 animadverti
1512 1757 1678 1825 paulo
1712 1755 2004 1811 dill‘erente
2045 1758 2368 1815 charactere
2400 1760 2607 1828 scripta
2651 1758 2779 1813 l‘olia
2814 1774 2908 1814 sex
2943 1761 2996 1813 in
3029 1760 3269 1813 diversis
3302 1757 3455 1812 codi-

188 1848 271 1903 cis
307 1850 580 1917 partibus,
604 1849 791 1918 ibique
814 1848 1045 1903 totidem
1071 1847 1409 1916 deprehendi
1437 1849 1725 1917 prosaicos
1749 1850 1925 1903 sancti
1950 1848 2184 1904 Joannis
2208 1851 2535 1905 Uamasceni
2571 1852 2829 1922 hymnos,
2852 1868 2995 1921 quos
3020 1850 3193 1905 Graeci
3218 1851 3453 1914 κανόνας

190 1942 468 2011 appellant
523 1942 763 1996 ineditos
795 1956 1025 2011 prorsus
1056 1948 1111 1994 et
1143 1940 1459 2009 incognitas
1492 1940 1697 1995 Allatio
1729 1940 1858 2009 ipsi,
1900 1939 2180 2003 Fabricio,
2210 1952 2266 1996 et
2289 1942 2582 2011 Lequinio,
2612 1945 2706 2012 qui
2733 1944 2800 1999 de
2841 1946 3021 1999 sancti
3053 1945 3155 1998 viri
3194 1945 3455 1998 lucubra-

188 2039 439 2093 tionibus
488 2044 599 2090 tam
656 2044 920 2090 accurate
965 2034 1336 2103 scripserunt.
1368 2031 1559 2102 Neque
1601 2048 1734 2088 vero
1765 2034 1881 2088 hare
1916 2034 2044 2090 folia
2074 2036 2251 2089 aliena
2281 2044 2411 2088 sunt
2450 2050 2479 2087 a
2513 2036 2724 2101 codice,
2758 2037 2841 2090 vel
2871 2037 3100 2107 ohtrusa
3131 2054 3145 2102 ;
3192 2037 3286 2092 sed
3322 2037 3451 2107 quia

188 2130 397 2185 scholia
428 2128 495 2183 ad
542 2128 840 2198 praedictos
870 2134 1064 2197 poetas
1098 2126 1375 2181 interdum
1405 2126 1745 2181 rarescentia
1776 2129 2014 2195 spatium
2051 2142 2286 2180 vacuum
2331 2128 2377 2181 si
2412 2142 2519 2181 non
2570 2128 2817 2183 universi
2858 2104 2979 2182 lolii
3034 2140 3089 2181 at
3125 2130 3301 2199 partis
3333 2130 3453 2199 ejus

189 2224 442 2276 maximae
473 2218 884 2290 relinquebant,
914 2218 1124 2273 idcirco
1157 2216 1518 2271 amanuensis
1548 2216 1751 2285 aliquis
1782 2218 1868 2272 vel
1888 2218 2101 2272 codicis
2134 2218 2393 2272 deminus
2428 2225 2712 2271 vacantem
2748 2224 2949 2271 nactus
2983 2217 3194 2283 locum,
3223 2220 3454 2273 Damas—

188 2319 312 2371 ceui
346 2316 446 2371 hos
482 2317 737 2385 hymnos,
774 2314 976 2383 quibus
1024 2314 1306 2383 praecipue
1352 2311 1766 2376 delectabatur,
1814 2312 1932 2365 illic
1986 2310 2288 2380 descripsit
2321 2311 2570 2380 profanis
2610 2308 2843 2363 scholiis
2886 2310 3252 2381 interpositos
3292 2329 3304 2363 :
3342 2312 3447 2364 etsi

186 2408 506 2462 eorumdem
552 2408 878 2477 hymnorun.
908 2414 1092 2472 partes
1123 2406 1361 2473 aliquot,
1408 2404 1699 2458 consuetis
1728 2405 1981 2459 codicum
2017 2405 2246 2459 casibus
2273 2405 2577 2473 perierunt.
2610 2402 2723 2473 Ego
2751 2406 2921 2473 igitur
2950 2412 3006 2458 et
3036 2405 3175 2458 tanti
3210 2407 3454 2459 auctoris

189 2503 433 2570 nomine,
471 2503 615 2572 quod
650 2504 704 2556 in
738 2502 1082 2572 singulorum
1120 2500 1447 2571 hymnorum
1468 2499 1647 2554 titulis
1676 2500 2029 2563 occurrebat,
2056 2508 2110 2553 et
2140 2501 2256 2568 ipsa
2290 2516 2347 2553 re
2386 2500 2715 2563 delectatus,
2749 2500 2861 2569 pati
2903 2515 3014 2553 non
3048 2500 3227 2569 potui,
3262 2510 3321 2554 ut
3372 2501 3454 2555 hac

186 2596 519 2651 Christianae
554 2612 663 2651 non
715 2595 1104 2651 contemnendi
1141 2595 1303 2665 pretii
1350 2594 1600 2664 reliquia:
1642 2596 1696 2647 in
1732 2596 1956 2648 etlmico
1987 2594 2197 2647 diutius
2238 2595 2450 2647 tumulo
2481 2594 2754 2663 dispersae
2785 2594 3059 2664 jacerent.
3113 2592 3452 2666 Hymnorun.

186 2686 324 2740 ordo
361 2688 414 2740 in
451 2687 643 2741 codice
690 2687 780 2741 hic
806 2694 912 2743 est.
967 2685 1008 2750 ι,
1044 2684 1140 2739 1³01.
1174 2687 1207 2741 4
1234 2697 1287 2740 et
1317 2686 1383 2750 ὃς
1425 2687 1478 2739 in
1515 2695 1773 2741 sanctum
1820 2685 2084 2741 Basilium
2129 2685 2408 2757 Magnum.
2440 2689 2517 2756 (1)
2551 2686 2614 2751 ll,
2652 2687 2690 2741 l‘.
2727 2688 2794 2752 5,
2841 2689 2896 2742 in
2954 2697 3216 2744 sanctum
3285 2686 3454 2741 Jcan-

188 2794 313 2833 nem
344 2778 936 2851 Chrysostomum.|ll,
971 2780 1010 2833 l'.
1060 2779 1200 2841 107,
1238 2779 1290 2831 in
1333 2787 1586 2832 sanctum
1637 2777 1925 2831 Nicolaum
1979 2776 2307 2848 Myrensem.
2371 2776 2462 2837 Ν.
2497 2777 2536 2831 l'.
2597 2778 2701 2831 £07
2728 2779 2795 2842 b,
2831 2779 2888 2832 in
2922 2791 3178 2833 sanetum
3225 2778 3450 2833 Petrum

188 2873 569 2941 apostolorum
620 2872 948 2943 principem.
988 2870 1052 2935 ν,
1106 2870 1317 2935 £153,
1362 2872 1417 2924 in
1470 2881 1728 2925 sanctum
1764 2870 2061 2940 Geurgimn
2096 2882 2427 2940 martyrem,
2459 2868 2551 2933 Vl,
2587 2870 2622 2923 ί.
2672 2870 2776 2923 172
2821 2881 2875 2925 et
2922 2871 3061 2932 175,
3111 2871 3165 2924 in
3197 2878 3451 2923 sanctum

189 2964 427 3018 Blasium
452 2979 609 3035 aeque
648 2972 948 3035 martyrem
992 2983 1006 3016 :
1046 2963 1101 3016 in
1134 2962 1336 3032 quibus
1372 2963 1483 3015 rite
1509 2961 1575 3014 ad
1605 2960 1807 3015 Graecae
1837 2962 2071 3031 liturgire
2106 2976 2355 3014 normam
2383 2976 2447 3014 ac
2481 2961 2627 3031 leges
2663 2960 3072 3015 constituendis
3103 2961 3451 3016 ceruinodam

208 3060 321 3114 nihi
353 3072 580 3127 operam
611 3058 849 3127 praebuit
880 3054 946 3110 [ἶ.
980 3054 1175 3109 Petrus
1225 3053 1513 3122 Matranga
1553 3052 2021 3114 Grazco-Siculus,
2054 3067 2217 3121 quem
2252 3060 2303 3105 ct
2334 3051 2472 3105 alias
2506 3051 2736 3105 honoris
2768 3065 2937 3106 causa
2966 3050 3264 3119 appellavi.
3308 3051 3453 3106 Sane

186 3154 411 3210 occasio
444 3153 587 3207 forte
615 3167 721 3207 non
749 3151 947 3214 deerit,
980 3166 1086 3220 qua
1120 3152 1222 3204 hos
1242 3150 1504 3218 pulchros
1530 3149 1761 3219 hymnos
1794 3146 2093 3201 Latinitate
2129 3147 2376 3201 simulet
2409 3146 2608 3200 idoneo
2639 3146 3043 3200 commentario
3077 3142 3295 3199 donare
3316 3145 3453 3199 lice-

188 3252 268 3308 bit
296 3272 307 3306 :
349 3266 495 3305 nunc
520 3250 571 3303 hi
608 3257 791 3302 tamen
822 3248 907 3301 vix
937 3248 990 3302 in
1023 3248 1223 3317 angulo
1248 3245 1397 3316 pleni
1426 3245 1537 3313 jam
1572 3244 1872 3298 voluminis
1918 3244 2184 3312 hospitari
2217 3252 2449 3314 queunt.
2496 3243 2722 3298 Interim
2761 3243 3155 3313 praedictorum
3192 3242 3449 3297 divoru'a

186 3343 355 3398 rebus
392 3341 588 3411 gestis,
627 3338 879 3407 scriptis,
913 3338 1222 3402 miraculis,
1255 3351 1319 3390 ac
1356 3335 1637 3405 martyriis
1667 3350 1844 3388 novus
1869 3350 1932 3387 ac
1966 3334 2068 3387 lide
2096 3334 2300 3404 dignus
2333 3335 2547 3389 accedit
2580 3335 2737 3390 testis
2766 3332 3013 3389 Joannes
3049 3333 3449 3387 Damcsrenus.

186 3436 373 3491 Basilii
408 3443 575 3505 atque
608 3432 987 3503 Chrysostomi
1024 3432 1384 3486 celebrantur
1406 3428 1676 3497 sapientia
1708 3437 1760 3481 et
1795 3430 1995 3497 pietas,
2016 3425 2223 3481 Nicolai
2249 3428 2480 3482 virtutes
2504 3436 2560 3482 et
2599 3428 2849 3498 prodigia
2884 3445 2897 3481 :
2930 3436 3132 3496 quarto
3162 3427 3215 3481 in
3246 3427 3453 3496 hymno

185 3530 322 3585 dicit
357 3528 735 3583 Damascenus
776 3526 1219 3579 commendatam
1257 3522 1423 3577 Petro
1454 3520 1759 3576 Ecclesium
1803 3536 1833 3573 a
1867 3520 2116 3585 Christo,
2153 3535 2317 3590 quam
2343 3522 2434 3575 ille
2456 3522 2674 3591 egregie
2703 3522 2858 3576 navis
2890 3522 3066 3577 instar
3094 3521 3447 3591 gubernavit.

185 3620 439 3690 Appellat
475 3620 704 3687 insuper
737 3615 959 3670 Petrum
997 3614 1184 3671 Romae
1208 3624 1470 3679 tutorem,
1498 3614 1654 3683 regni
1689 3613 1929 3667 caelestis
1948 3614 2270 3667 divitiarum
2309 3615 2626 3677 custodem,
2668 3613 2792 3667 ﬁdei
2814 3623 3051 3684 petram,
3083 3623 3137 3668 et
3165 3613 3451 3668 catholica:

188 3711 450 3767 Ecclesia:
478 3708 694 3763 llrmum
734 3706 1177 3761 fundamentum.
1214 3704 1473 3759 Reditum
1506 3718 1730 3773 quoque
1765 3702 2014 3772 ejusdem
2041 3703 2187 3758 Petri
2232 3703 2669 3775 Hierosolymam
2703 3706 2831 3773 (suh
2860 3703 3094 3759 Claudio
3125 3706 3282 3773 imp.)
3328 3720 3443 3760 me-

188 3814 391 3865 morat,
427 3816 526 3856 nec
568 3802 689 3870 ejus
723 3800 791 3855 de
831 3798 1059 3853 Simone
1096 3796 1250 3865 Mago
1285 3795 1629 3865 triumphum
1657 3795 1867 3849 reticet.
1896 3794 2143 3865 Hymnus
2176 3796 2231 3850 in
2265 3795 2563 3865 Georgium
2603 3808 2903 3868 martyrem
2928 3812 2996 3852 eo
3050 3796 3290 3852 fortasse
3322 3808 3445 3851 stu-

184 3899 407 3953 diosius
442 3899 676 3967 legetur,
708 3897 838 3966 quia
868 3894 980 3948 divi
1032 3894 1193 3963 hujus
1231 3892 1459 3947 historia
1494 3892 1683 3946 multis
1716 3892 1963 3947 tenebris
1995 3892 2173 3947 adhuc
2196 3900 2281 3949 est
2317 3894 2604 3949 obvoluta.
2641 3893 2888 3965 llynmus
2921 3896 3160 3965 denique
3198 3896 3253 3951 in
3295 3913 3441 3951 mar-

185 4001 361 4062 tyrem
392 3988 634 4043 Blasium
676 3992 766 4041 vix
811 3986 959 4041 brevi
996 3978 1182 4054 aliqua
1218 3985 1417 4039 lacuna
1441 3983 1699 4048 laborat;
1738 3998 1913 4052 quare
1936 3986 2321 4039 continentem
2349 3994 2633 4055 gestorum
2682 3988 2801 4056 ejus
2832 4003 2897 4041 ac
2930 3989 3312 4058 prodigiorum
3350 3991 3447 4044 de.

184 4082 547 4150 seriptionem
574 4078 1041 4135 videmus.Porro
1073 4077 1403 4132 Damasceni
1438 4077 1548 4129 vim
1580 4076 2108 4146 hymnographicam
2136 4092 2236 4132 cur
2264 4091 2367 4147 ego
2400 4078 2656 4133 laudem?
2685 4080 3015 4149 jampridem
3040 4080 3380 4136 dilaudatam
3414 4098 3444 4136 a

180 4174 398 4231 Joanne
423 4175 915 4247 Hierosolymitano
944 4174 1066 4243 ejus
1096 4172 1401 4243 biographo
1426 4187 1547 4240 cap.
1583 4172 1645 4225 51
1672 4181 1727 4226 et
1758 4186 1937 4241 seqq.,
1959 4180 2009 4226 et
2042 4188 2071 4225 a
2102 4172 2275 4228 Suida
2297 4188 2520 4243 quoque
2548 4186 2671 4226 voc.
2716 4172 2888 4225 Ἰωαν.
2922 4174 3174 4244 Δαμασκ.
3217 4173 3303 4227 his
3323 4188 3448 4228 ver-

182 4270 269 4325 bis
324 4267 681 4336 amplissimis
709 4286 723 4321 :
754 4267 1178 4337 Συγγράμματα
1209 4265 1375 4318 αὐτοῦ
1432 4266 1525 4317 καὶ
1556 4266 1605 4317 οἱ
1631 4266 1925 4336 ᾄσματι-ιο).
1966 4266 2194 4330 κανόνες
2246 4268 2495 4338 unﬁt.in
2528 4284 2586 4321 τε
2636 4268 2735 4319 καὶ
2774 4268 3186 4338 καταλογάδην·
3234 4271 3282 4323 οἱ
3314 4271 3448 4339 γοῦν

183 4361 481 4431 ᾁσματικοὶ
532 4358 756 4421 κανόνες
798 4358 1046 4410 Ἰωάννου
1099 4374 1159 4410 τε
1197 4357 1292 4410 καὶ
1332 4358 1534 4426 Κοσμᾶ
1561 4356 1848 4425 σύγκρισιν
1871 4360 1970 4409 οὐκ
1998 4360 2268 4423 ἐδέξαντο,
2294 4360 2416 4412 οὐδὲ
2442 4358 2937 4428 δέξαιντονμέχρις
2965 4358 3031 4412 ἂν
3054 4361 3081 4412 ό
3147 4358 3270 4412 καθ’
3297 4363 3447 4431 ἡμᾶς

186 4452 300 4520 βίος
332 4450 803 4522 περαιωθήσεται’
841 4448 990 4503 Inter
1026 4448 1253 4504 Joannis
1284 4451 1487 4519 scripta
1519 4460 1810 4504 numerant:

1823 4467 1868 4502 tr
1897 4453 2227 4505 canticorum
2279 4469 2527 4517 canones,
2567 4463 2675 4505 tum
2700 4453 2889 4506 iambis
2931 4463 3043 4506 tum
3076 4454 3239 4507 etiam
3268 4454 3447 4508 soluta

182 4546 427 4599 oratione
454 4544 663 4613 scripti.
698 4544 770 4597 Hi
804 4543 1136 4595 canticorum
1164 4557 1414 4601 canones,
1455 4551 1565 4593 tam
1588 4540 1816 4593 Joannis
1841 4558 2003 4610 quam
2028 4542 2237 4597 Cosme:
2264 4543 2470 4597 nullam
2502 4561 2617 4597 cum
2639 4544 2869 4597 aliorum
2887 4545 3037 4613 paris
3067 4547 3269 4616 generis
3296 4549 3447 4601 scri-

178 4638 286 4701 ptis
319 4635 767 4703 comparationem
796 4649 1030 4703 unquam
1064 4632 1421 4698 admiserunt,
1456 4647 1617 4701 neque
1648 4632 1949 4697 admittant,
1985 4636 2225 4704 quondm
2254 4636 2529 4688 hominum
2559 4638 2671 4690 vita
2698 4635 2939 4689 durabit.

1690 4807 1922 4865 NOTAE.

254 4905 619 4978 (l)piversus
654 4901 813 4978 plane
846 4901 939 4956 hic
970 4909 1055 4956 est
1086 4900 1322 4978 hymnus
1361 4900 1431 4953 ab
1467 4899 1574 4978 alio
1608 4897 1758 4978 ejus-
1868 4901 2407 4978 multiplicabantur.
2444 4934 2512 4978 -_~_-
2568 4901 2692 4978 ﬂare
2741 4904 3227 4978 ingloeo‘prael‘ato
3265 4910 3441 4969 refert

173 4971 322 5050 dem;
349 4973 672 5050 Damasceni
710 4972 766 5025 in
799 4980 1056 5050 sanctum
1103 4971 1395 5050 Basilium,
1418 4972 1511 5050 qui
1561 4971 1757 5050 legitur
1864 4972 2000 5050 Asc.
2043 4971 2189 5050 MM}
2233 4972 2350 5050 ¢_ln
2385 4974 2573 5050 codice
2598 4971 3154 5050 [_Vat._2251gl‘.'250.
3194 4980 3441 5050 legitur:

176 5050 239 5102 in
276 5046 479 5101 Nemee
501 5039 820 5117 Grecorum
853 5042 1013 5117 die__i_
1028 5040 1300 5117 Januarii,
1324 5040 1566 5117 et_cujtrs
1592 5041 1756 5093 verba

1864 5043 2226 5117 ῥᾳαασκηνὸς
2261 5045 2318 5095 ὲν
2354 5043 2547 5117 atroci;
2573 5040 2669 5117 τὸν
2702 5046 2879 5117 μέγαν
2902 5039 3193 5102 ’Βασίλειον
3231 5039 3439 5117 κάνόνι,

172 5118 391 5184 aliquot
438 5114 825 5175 recitavimus,
859 5121 900 5169 t.
944 5111 1039 5172 Vl.
1083 5110 1337 5184 Prair._p.
1386 5111 1475 5184 .36.
1515 5109 1660 5184 sane
1697 5118 1758 5162 ut

1864 5109 2067 5184 prima,
2102 5109 2259 5184 φησὶ,
2287 5112 2382 5166 τοῦ
2414 5109 2626 5184 Πατρός
2679 5109 2716 5167 ὅ
2743 5109 2895 5179 Υἱὸς,
2938 5120 3033 5170 καὶ
3070 5117 3165 5172 τοῦ
3215 5120 3348 5174 Υιοῦ
3382 5109 3442 5173 si;

171 5178 428 5259 ejusdem
465 5199 611 5254 saepe
634 5184 875 5241 oratoris
913 5183 1230 5259 complures
1256 5181 1523 5259 homilias
1548 5178 1617 5259 d_e
1645 5194 1756 5259 uno
1864 5178 2123 5259 Ijvsiipai
2153 5178 2607 5259 .Damascenus'in
2637 5178 3144 5259 canonetropario)
3167 5188 3230 5244 de
3249 5206 3441 5259 magno

172 5249 487 5326 eodemque
516 5249 845 5323 argumento
868 5255 951 5310 vel
1002 5249 1194 5326 sancto
1226 5252 1348 5305 viro
1376 5251 1429 5304 in
1464 5249 1627 5326 libris
1656 5249 1754 5326 ha-
1865 5252 2228 5326 Basiliam};
2266 5254 2466 5326 imago_
2503 5265 2588 5326 est
2636 5254 2816 5311 Patris
2848 5249 3051 5325 Filius,
3086 5249 3214 5315 Filii
3254 5249 3436 5318 autem

173 5320 609 5395 bemus,'prout'
638 5339 825 5379 annua
873 5324 1199 5395 solemnitas
1255 5320 1615 5395 recurrebat,
1673 5320 1755 5375 sic
1864 5324 2045 5394 imago
2069 5322 2334 5393 Spiritus.
2370 5320 2401 5375 ἱ
2429 5323 2525 5378 Eo.
2557 5324 2797 5382 Parnoa.

175 5390 627 5469 hymniq'uoque
657 5396 727 5451 ob
765 5395 1010 5451 eamdem
1047 5390 1490 5449 anniversariam
1530 5404 1753 5445 causam
