4112 6448
117 409 255 472 1373

1245 417 1564 477 HYMNUS
1604 415 1684 476 IN
1724 418 1786 476 S.
1833 419 2218 483 BASILIUM.

3232 434 3369 499 1374

116 517 192 589 μὴ
220 518 503 580 συναπτῶς
529 519 665 589 μετὰ
695 521 906 594 Πατρὸς
934 523 1027 576 καὶ
1051 523 1183 577 Υἱοῦ
1213 523 1285 586 ὡς
1319 526 1479 594 φύσει
1506 526 1681 594 ὁμότι-

1795 528 1989 595 nnisti,
2038 532 2147 587 nisi
2197 537 2593 593 convenienter
2636 554 2762 595 cum
2815 539 2978 598 Patre
3021 553 3074 598 et
3116 544 3256 601 Filio
3309 560 3369 604 ut

115 627 214 679 μον
242 610 466 682 [λέΓίοις
497 613 631 664 αὑτὸ
654 612 714 665 τὸ
743 614 968 685 Πνεῦμα
1000 615 1095 667 καὶ
1124 615 1198 679 ὼς
1225 618 1530 688 ὁμοούσιον.

179 783 381 851 Σοφίας
413 784 508 837 καὶ
539 786 854 855 ἐπιστήμης
898 787 1153 857 ἐκράτεις
1185 789 1264 861 τῷ
1305 794 1549 863 περιόντι
1583 797 1692 849 τῶν

115 875 455 944 μετεχόντων
473 875 571 945 τῆς
593 877 763 946 αὑτῆς
790 877 1036 939 παιδείας
1061 880 1146 941 σὺ,
1171 879 1435 934 Basilus:
1463 884 1556 937 σοῦ
1583 884 1691 956 γὰρ

111 964 250 1033 πρὸς
293 966 385 1017 τὸν
414 965 614 1036 δρόμον
650 968 743 1019 val.
784 968 875 1020 τὸν
904 968 1103 1038 τρόπον
1143 971 1298 1025 αὑτοὶ
1343 973 1498 1038 πεζοὶ
1542 978 1692 1047 παρά

110 1054 290 1108 λύδιον
315 1057 465 1126 ἂρμα
493 1056 714 1111 ἐδόκουν
737 1059 979 1128 τρέχειν.
1006 1060 1112 1114 κάν
1146 1063 1462 1135 συντρέχειν
1494 1065 1686 1136 ᾤοντο.

191 1259 400 1323 Ἰθύνας
422 1259 612 1331 ὥσπερ
644 1261 847 1314 ὁλκάδα
878 1262 1068 1326 δεινῶς
1094 1263 1567 1336 κλυδωνιζομένην
1590 1265 1689 1336 τὴν

123 1350 454 1420 Ἐκκλησίαν
480 1351 559 1422 τῷ
592 1351 805 1423 σφοδρῷ
830 1353 1060 1423 χειμῶνι
1093 1355 1204 1408 τῶν
1239 1355 1523 1426 αἱρέσεων,
1553 1358 1689 1425 πρὸς

108 1443 412 1512 όρθοδοξια,
437 1444 605 1514 ὅρμον
623 1444 891 1498 ἄκλυστον
909 1446 1003 1497 τοῦ
1028 1446 1295 1511 κλύδωνος
1313 1450 1410 1518 τῆς
1433 1448 1688 1513 ἀσεϐείας

108 1535 327 1604 spe-sam
356 1533 583 1604 ταύτην,
613 1534 758 1587 οἴακι
792 1536 902 1587 τῶν
935 1535 1111 1604 λόγων
1143 1554 1257 1590 σου.

182 1732 514 1784 Θεοτοκίον.
549 1760 619 1772 --
668 1729 1004 1799 Ἐξαλείιρειν
1034 1733 1306 1804 ἁμαρτίας
1333 1737 1361 1787 ό
1388 1735 1685 1805 δυνάμενος

111 1824 259 1893 μόνῳ
304 1822 564 1891 νεύματι,
605 1821 704 1893 τὴν
754 1822 998 1895 μεγάλην
1040 1827 1315 1895 ἁμαρτίαν
1352 1826 1446 1879 τοῦ
1490 1827 1682 1880 πιστοῦ

98 1904 335 1981 γυναίου
385 1912 665 1983 ἐξηλειψε·
706 1914 800 1965 καὶ
837 1914 943 1966 τῶν
980 1915 1242 1969 πάντοθεν
1288 1916 1455 1970 αὑτοῦ
1497 1918 1680 1970 κακῶν

104 2003 195 2055 διὰ
229 2003 322 2057 σοῦ
353 2002 527 2073 ἄκραν
558 2004 954 2056 κατεσκέδασεν
984 2005 1398 2076 ἀμνημοσύνην.

329 2116 467 2187 ᾯδὴ
507 2120 585 2171 E'.
621 2117 705 2183 Τῷ
730 2118 1053 2188 συνδέσμῳ
1079 2121 1189 2189 τῆς
1215 2122 1473 2191 ἀγάπης.

170 2233 314 2285 Ἴσον
328 2232 527 2295 πάντες
552 2231 695 2285 κατὰ
716 2232 872 2301 λόγον
901 2235 1102 2305 ἀρετήν
1114 2235 1173 2288 τέ
1193 2253 1287 2288 σου
1304 2238 1683 2292 ἀπελείποντοο

102 2321 335 2391 οὐρανοῦ
396 2322 682 2392 καθάπερ,
742 2325 930 2393 μάκαρ
963 2364 977 2389 ,
1030 2326 1132 2395 τῆς
1189 2328 1406 2391 ἀκτῖνος
1456 2329 1686 2399 ἡλιακῆς

102 2412 347 2481 ἀτεχνῶς
385 2413 433 2465 οἱ
468 2414 809 2483 πανταχόθεν
846 2417 985 2485 πρὸς
1020 2418 1161 2471 αὑτὰ
1197 2419 1515 2488 βλέποντες·
1556 2420 1683 2491 ὕψει

103 2504 383 2568 πολιτείας
411 2504 520 2574 γὰρ
548 2505 774 2575 οέιρανὸς
802 2505 1011 2577 ὤφθης.

176 2685 428 2755 Οὐρανίῳ
460 2684 588 2753 θείῳ
621 2685 792 2756 ἄρτῳ,
832 2678 1023 2759 ὑψηλῷ
1061 2707 1155 2742 σου
1195 2691 1372 2762 λόγῳ,
1408 2694 1679 2762 Βασίλειε,

96 2777 274 2844 Λόγος
292 2778 455 2848 ἄρτος
475 2778 584 2845 γὰρ
603 2779 872 2847 ἀγγέλων,
886 2782 1193 2852 διατρέφεις
1216 2784 1395 2854 ψυχας
1413 2785 1682 2850 πεινὼσας

97 2866 268 2931 Θεὸν,
306 2869 399 2919 καὶ
440 2868 778 2938 ἐκζητούσας
823 2872 1028 2943 τροφὴν
1073 2876 1134 2925 ου
1178 2875 1431 2942 ῥέουσαν,
1481 2878 1682 2948 μᾶλλον

100 2956 205 3023 μὲν
230 2950 323 3007 οῦν
356 2953 626 3024 μένουσαν
655 2958 735 3018 εἰς
763 2956 856 3009 τὸν
885 2959 1077 3013 αίῶνα.

174 3064 555 3137 [Πεπνιευκὼς
588 3067 720 3118 είσω
756 3069 847 3119 καὶ
876 3067 1101 3131 σύννους
1131 3070 1196 3122 τὰ
1228 3072 1419 3133 πολλὰ.
1450 3076 1680 3146 τρισμά-

100 3173 232 3226 καρ,
267 3156 509 3217 ἐδείκνυς
537 3156 635 3225 τὴν
669 3155 874 3225 ἐσθῆτα
908 3158 1005 3259 καὶ
1050 3158 1152 3227 τὴν
1210 3158 1411 3229 βρῶσιν
1453 3162 1679 3233 εὐτελὴς
1704 3204 1748 3261 c
1783 3202 1834 3246 ια

99 3247 191 3299 ἀεὶ
220 3245 313 3297 καὶ
337 3243 635 3305 λιτότατος,
660 3243 834 3313 ὠχρὸς
851 3245 913 3297 τὸ
936 3241 1095 3306 εἶδος,
1120 3248 1316 3315 σεμνὸς
1332 3248 1392 3300 τὸ
1417 3249 1675 3319 βάδισμα,

102 3334 398 3405 σιωπηλὸς,
426 3335 484 3387 οὑ
517 3335 809 3405 πρόχειρος
844 3336 973 3406 περὶ
999 3338 1087 3388 τὸν
1118 3337 1293 3405 λόγον.

173 3425 511 3479 Θεοτοκίον.
559 3452 633 3467 -—
681 3425 795 3496 Τὴν
836 3425 1017 3496 ψυχὴν
1067 3427 1422 3494 ἁγιασθεῖσα,
1478 3436 1571 3483 και
1617 3430 1679 3483 τὸ

102 3520 264 3590 σῶμα
304 3519 777 3588 προκαθαρθεῖσα,
810 3519 1020 3589 σεμνὴ,
1054 3521 1370 3586 ἐπελθόντος
1400 3523 1493 3576 τοῦ
1520 3524 1676 3592 ἁγίου

100 3615 197 3666 ἐπὶ
226 3612 316 3678 σὲ,
365 3611 709 3683 πανάμωμε,
758 3612 1078 3681 Πνεύματος
1100 3652 1116 3677 ,
1145 3614 1246 3683 τὴν
1278 3614 1370 3666 τοῦ
1421 3614 1676 3684 Ὑψίστου

99 3708 329 3776 ἄπειρον
358 3702 592 3774 δύναμιν
625 3706 708 3755 σοι
732 3705 1133 3759 ἐπισκιάσασαν
1166 3705 1535 3770 καθυπεδέξω.

568 3796 707 3865 ᾨδὴ
753 3799 845 3863 ς’.
892 3795 1216 3865 Συνεχέθη.

182 3887 508 3959 Ὀρθοδόξων
550 3887 667 3940 ἀλλ’
706 3888 766 3939 οὑ
805 3888 1113 3951 κακοδόξων
1156 3889 1438 3961 πρόμαχος
1466 3890 1678 3961 ἄμαχος

100 3981 308 4052 ὀφθεὶς,
332 3980 430 4049 τὴν
458 3980 690 4050 πυρίνην
714 3978 964 4047 γλῶσσαν
986 3980 1061 4044 ὡς
1102 3983 1379 4052 ῥομφαίαν
1407 3981 1678 4051 φλογερὰν

100 4074 331 4142 ἐκχέας,
382 4072 694 4136 ἐξεναντίας
746 4072 856 4125 τῶν
894 4072 1103 4143 ἐχθρῶν
1149 4074 1540 4137 συνέκλεισας·
1582 4074 1675 4128 τοῦ

99 4167 259 4235 ἀέρος
291 4164 348 4217 δὲ
375 4163 476 4233 τῆς
506 4164 758 4229 ἐξουσίας
782 4164 873 4216 τὸν
905 4165 1102 4237 πικρὸν
1131 4166 1370 4238 ἄρχοντα
1403 4167 1677 4239 κατέτρω-

102 4272 201 4319 σας
228 4259 285 4307 ἐν
312 4254 450 4324 αὑτῇ
479 4258 593 4317 τοῖς
621 4255 721 4324 τῆς
743 4256 1027 4319 ἀπειθείας
1059 4258 1387 4329 ἐνεργοῦντα
1412 4263 1565 4324 υἱοῖς.

166 4348 513 4416 Νοουμένων,
534 4347 649 4402 ἀλλ’
682 4349 744 4399 οὑ
786 4349 1159 4419 βλεπομένων,
1196 4351 1567 4423 ἐλπιζομένων
1594 4353 1672 4420 δὲ,

101 4438 286 4505 σαφῶς
322 4437 618 4501 ὑπόστασις
652 4441 685 4509 ὴ
724 4440 941 4502 πίστις·
975 4440 1044 4510 ἢν
1092 4444 1156 4495 σὺ
1191 4446 1532 4513 κτησάμενος
1564 4444 1673 4500 τῶν

101 4528 477 4599 βλεπομένων,
524 4532 599 4593 ὠς
636 4531 953 4599 λυομένων,
992 4534 1261 4603 νουνεχῶς
1293 4535 1566 4608 ἠλόγησας
1607 4540 1672 4609 τῇ
1705 4548 1751 4603 ι)

99 4622 282 4690 ἐφέσει
306 4620 416 4674 τῶν
441 4621 516 4692 μὴ
539 4621 887 4691 βλεπομένων
902 4641 917 4656 ο
948 4624 1017 4677 τὰ
1036 4624 1145 4696 γὰρ
1176 4625 1484 4698 βλεπόμενα
1506 4632 1675 4703 πρόσ-

101 4728 267 4782 καιρα
296 4713 391 4765 καὶ
418 4712 643 4783 ῥευστὰ,
674 4714 742 4767 τά
764 4715 820 4767 δὲ
848 4715 922 4785 μὴ
956 4715 1270 4785 βλεπόμενα
1292 4717 1505 4774 αἰώνια.

168 4802 569 4872 Μεγαλόφρων,
610 4802 726 4856 am
750 4805 813 4856 οὑ
858 4806 1239 4877 ταπεινόφρων
1264 4849 1278 4871 ,
1319 4808 1507 4880 ὤφθης
1539 4812 1675 4865 Θεοῦ

104 4894 490 4965 προπολεμῶν,
528 4897 558 4949 ὁ
593 4898 726 4949 πᾶσι
764 4897 831 4950 δι’
861 4898 1069 4950 ἐκεῖνον
1107 4901 1536 4973 ταπεινούμενος
1580 4905 1677 4959 καὶ

107 4988 465 5058 προσπίπτων
487 5003 501 5018 ο
527 4987 622 5041 καὶ
655 4988 765 5057 γὰρ
794 4989 1057 5060 ὑπάρχων
1088 4992 1295 5062 κτίσμα
1332 4994 1491 5061 Θεοῦ,
1527 4998 1676 5067 ὅμως

104 5078 196 5132 καὶ
235 5078 366 5142 Θεὸς
414 5074 555 5133 εἶναι
600 5081 1064 5151 κεκελευσμένος,
1116 5084 1361 5148 ἀπείπας
1416 5088 1676 5158 κτίσματι

102 5170 425 5236 προσκυνεῖν
471 5166 548 5233 ὡς
599 5167 759 5240 Θεῷ·
810 5170 943 5233 Θεὸς
970 5171 1077 5243 γάρ
1121 5175 1150 5226 ό
1188 5173 1416 5247 κτίστης
1458 5177 1676 5231 πάντων

100 5256 374 5321 ἄκτιστος.

179 5347 269 5399 Ἐν
305 5346 385 5416 τῷ
422 5348 705 5419 πράττειν,
745 5349 860 5402 ἀλλ’
882 5351 984 5404 οὑκ
1021 5352 1080 5404 ἐν
1116 5351 1194 5422 τῷ
1238 5353 1438 5422 λέγειν,
1472 5357 1672 5426 μᾶλλον

101 5437 252 5502 εἰδὼς
266 5438 365 5510 τὴν
394 5440 596 5511 ἀρετήν
611 5455 626 5469 '
658 5441 755 5495 καὶ
780 5441 887 5512 γὰρ
910 5445 1194 5515 ἀπράκτου
1218 5445 1377 5513 λόγου
1397 5451 1670 5519 κρεῖσσον,

101 5527 172 5590 ῶς
198 5545 383 5597 φησιν,
415 5529 629 5598 ἄφωνον
656 5532 839 5602 ἔργον·
870 5534 938 5586 τὰ
964 5534 1194 5588 πλεῖστα
1222 5536 1479 5605 πράττων
1508 5537 1540 5607 ἢ
1571 5556 1675 5606 μα-

102 5614 227 5677 θὼν,
258 5616 555 5682 ἐδίδασκες·
590 5620 620 5672 ό
652 5622 886 5691 ποιήσας
917 5623 1048 5695 γὰρ,
1082 5620 1200 5678 εἶτα
1229 5626 1479 5692 διδάξας,
1516 5622 1673 5695 οὗτος

103 5707 430 5779 κληθήσεται
471 5712 649 5782 μέγας
682 5715 740 5765 ἐν
768 5716 1038 5784 οὐρανοῖς,
1082 5719 1111 5770 ό
1151 5718 1260 5773 τῶν
1292 5720 1537 5791 οὐρανῶν
1571 5722 1671 5792 βα-

104 5800 279 5865 σιλεὺς
315 5802 556 5875 εἴρηκεν.
600 5803 802 5872 (Deest
835 5807 992 5866 Θεοτ.
1033 5818 1089 5865 et
1121 5811 1237 5867 oda:
1281 5811 1390 5868 VII.
1432 5814 1670 5888 ecltus.)

1796 627 1994 673 natura
2054 623 2170 691 pari
2207 624 2416 681 honore
2453 629 2707 685 allectum
2739 645 2795 687 et
2830 636 3366 695 consubstantialem

1796 710 2060 780 Spiritum
2104 727 2360 772 sanctum
2397 724 2762 790 prolitcreris.

1862 802 1965 858 Per
2004 807 2331 876 sapientiam
2383 820 2550 883 atque
2583 817 2895 883 scientiam,
2930 834 2964 873 ο
2999 819 3192 884 Basili,
3225 804 3367 879 hom-

1792 906 1890 945 nes
1964 895 2267 967 participes
2350 902 2598 970 ejusdem
2674 905 3044 965 institutionis
3138 912 3365 979 vicisti;

1791 994 1915 1034 nam
1953 986 2257 1041 secundum
2307 1000 2460 1045 tuum
2513 1009 2739 1051 cursum
2787 1007 2841 1053 et
2878 1008 3004 1054 tuos
3040 1017 3246 1068 mores,
3285 1003 3365 1058 illi

1791 1083 1849 1126 ut
1907 1077 2121 1145 pedites
2183 1081 2250 1135 ad
2307 1083 2539 1155 Lydium
2593 1104 2819 1145 currum
2880 1094 3160 1150 cursitare
3216 1096 3369 1152 vide-

1790 1161 2013 1235 bantur,
2058 1174 2314 1239 quamvis
2355 1183 2408 1231 te
2446 1180 2603 1249 sequi
2642 1196 2807 1251 posse
2835 1185 3241 1241 existimarent.

1862 1276 2161 1351 Postquam
2228 1285 2484 1344 direxisti
2526 1300 2583 1345 ιιι
2621 1308 2845 1359 navem,
2879 1296 3208 1365 Ecclesiam,
3240 1315 3367 1371 gra-

1789 1369 1930 1423 viter
1984 1385 2243 1442 agitatam
2293 1380 2605 1437 vehementi
2668 1385 2951 1442 lnrrcseon
3016 1399 3364 1459 tempestate,

1792 1457 1846 1512 in
1882 1463 2201 1520 orthodoxa:
2227 1466 2353 1524 ﬁdei
2383 1483 2599 1540 portum
2624 1482 2803 1528 tutum
2829 1492 2857 1529 a
2886 1457 3141 1547 procellis
3171 1482 3365 1550 impie-

1790 1553 1956 1616 tatis,
2032 1570 2349 1614 sermonum
2430 1571 2652 1619 tuorum
2743 1574 2902 1636 quasi
2988 1572 3365 1640 gubernaculo

1789 1645 2019 1700 duxisti.

1860 1760 2129 1831 Deiparw.
2183 1791 2255 1804 --
2303 1768 2406 1834 Qui
2457 1778 2635 1840 potest
2684 1775 2803 1828 solo
2849 1785 2985 1831 nutu
3044 1779 3365 1837 oblitterare

1716 1872 1757 1927 Β
1790 1862 2037 1920 peccata,
2095 1872 2261 1926 grave
2326 1861 2504 1918 tidelis
2571 1864 2788 1921 femina:
2850 1881 3140 1939 peceatum
3198 1874 3365 1927 oblit-

1789 1947 2008 2009 teravit,
2042 1963 2141 2016 per
2179 1958 2343 2022 teque
2377 1956 2565 2009 omnia
2597 1960 2742 2012 mala
2792 1973 3056 2031 perpetua
3084 1965 3364 2021 oblivione

1787 2040 2074 2094 exstinxit.

2139 2151 2252 2207 Ode
2306 2152 2367 2211 V.
2422 2156 2647 2212 Vincula
2702 2161 3007 2219 charitatis.

1858 2257 2073 2316 Pariter
2111 2278 2304 2322 omnes
2347 2269 2617 2338 sapientia
2647 2281 2701 2326 et
2735 2275 2938 2331 virtute
2989 2286 3042 2335 te
3068 2280 3363 2341 inferiores

1786 2359 1978 2417 erant;
2038 2356 2193 2423 quasi
2239 2374 2270 2413 e
2314 2361 2501 2426 cwlis,
2545 2378 2577 2415 o
2621 2364 2813 2431 beate,
2868 2384 3061 2426 omnes

1789 2439 2487 2509 undiquecircumstantes
2537 2452 2812 2510 habebant
2840 2472 2903 2511 ea
2936 2474 3086 2516 certe
3124 2467 3359 2519 solarem

1772 2531 2033 2601 radium;
2083 2536 2311 2590 sublimi
2352 2540 2500 2594 enim
2539 2545 2663 2597 vita:
2695 2561 2894 2616 genere
2930 2552 3130 2605 caelum
3199 2564 3361 2624 puta-

1786 2620 1961 2677 barts.

1852 2720 2072 2775 Caelesti
2105 2723 2292 2777 divino
2321 2740 2485 2794 pane,
2536 2744 2632 2798 per
2669 2740 2793 2789 tuos
2836 2735 3105 2793 sublimes
3149 2756 3359 2796 sermo-

1784 2825 1903 2872 nes,
1933 2826 1966 2863 o
2008 2811 2172 2867 Basili
2217 2815 2367 2883 (nam
2400 2818 2626 2874 verbum
2661 2825 2820 2892 panis
2848 2835 2935 2881 est
2976 2832 3355 2904 angelorum),

1783 2903 1964 2956 nutris
2007 2918 2219 2959 animas
2248 2907 2414 2962 Deum
2452 2923 2785 2978 esurientes,
2834 2932 2898 2971 ac
2937 2932 3247 2987 quaerentes
3277 2930 3358 2980 ei-

1782 2992 1910 3045 bum
1938 3010 2045 3046 non
2070 2996 2298 3062 lluxum,
2317 3001 2409 3053 sed
2434 3003 2615 3070 potius
2642 3005 2696 3058 in
2726 3017 2990 3063 aeternum
3017 3024 3352 3071 manentem.

3105 2374 3361 2433 homines

1853 3101 2058 3158 Tecum
2098 3122 2357 3176 reputans
2388 3123 2443 3167 et
2490 3117 2811 3189 plerumque
2863 3124 3292 3193 cogitabundus,
3323 3149 3357 3184 o

1838 3212 1864 3247 r
1934 3197 2126 3261 beate,
2202 3218 2418 3272 semper
2482 3207 2760 3266 videbaris
2839 3217 3037 3270 vestitu
3105 3234 3169 3272 ac
3232 3222 3357 3276 cibo

1782 3287 2012 3357 simplex
2070 3307 2135 3345 ac
2194 3294 2442 3364 frugalis,
2499 3297 2655 3355 fusco
2715 3306 2891 3370 vultu,
2945 3310 3128 3377 gravis
3178 3314 3355 3370 inces-

1781 3394 1880 3443 su,
1925 3383 2235 3439 taciturnus
2260 3426 2275 3451 ,
2311 3389 2452 3443 haud
2492 3407 2701 3459 pronus
2742 3397 2807 3449 ad
2855 3400 3104 3455 verbum.

1850 3470 2119 3541 Deiparw.
2172 3506 2240 3516 -—
2294 3477 2495 3535 Sancta
2552 3486 2739 3539 anima
2794 3497 2850 3542 et
2908 3506 3140 3560 corpore
3192 3512 3353 3564 puro,

1778 3576 1813 3616 o
1843 3568 2153 3620 veneranda
2188 3568 2373 3641 Virgo,
2416 3574 2625 3643 Spiritu
2685 3589 2885 3633 sancto
2943 3584 3011 3637 ad
3053 3594 3128 3650 te,
3171 3604 3204 3640 υ
3252 3591 3355 3644 im-

1779 3657 2073 3722 maculata,
2094 3660 2367 3727 veniente,
2401 3665 2729 3724 immensam
2752 3674 3024 3729 Altissimi
3052 3681 3353 3746 potentiam

1778 3756 1831 3800 te
1861 3748 2280 3805 adumbrantcm
2330 3758 2573 3812 subiisti,

2207 3844 2317 3899 Ode
2388 3848 2479 3903 Vl.
2527 3850 2763 3907 Collecta
2806 3857 2930 3923 fuit.

1849 3932 2311 4002 Orthodoxorum,
2338 3955 2450 3994 non
2482 3941 2948 4003 heterodoxorum
2982 3949 3095 4006 Lux
3120 3953 3356 4009 invictus

1778 4026 2116 4093 apparuisti,
2152 4038 2206 4083 et
2256 4030 2471 4101 igneam
2508 4034 2755 4103 linguam
2798 4048 2859 4091 ιιι
2910 4042 3221 4097 ﬂammeum
3259 4063 3356 4101 en-

1777 4130 1893 4171 sem
1937 4117 2296 4189 distringens,
2328 4122 2676 4183 adversarios
2700 4129 3020 4187 confudisti.
3048 4134 3118 4188 Ea
3153 4152 3354 4193 saevum

1778 4208 1923 4261 aeris
1956 4208 2260 4279 principem
2307 4212 2619 4283 adjutoretu
2657 4218 2892 4274 ﬁliorum
2921 4223 3217 4293 impietatis
3241 4243 3356 4296 per-

1775 4296 1984 4353 culisti.

1847 4388 1906 4444 ιιι
1948 4392 2205 4462 c0gitatis
2253 4410 2317 4451 ac
2350 4400 2604 4467 speratis,
2655 4417 2765 4457 non
2801 4421 2932 4459 vero
2990 4408 3046 4462 in
3093 4414 3351 4481 aspectis,

1783 4498 1911 4537 vera
1940 4486 2078 4541 tides
2107 4496 2190 4540 est.
2214 4487 2555 4558 hypostasis,
2592 4508 2754 4563 quam
2784 4507 2838 4549 tu
2871 4502 3190 4569 acquircns,
3226 4506 3351 4559 visi-

1782 4574 2054 4642 bilia,~ut
2088 4578 2297 4633 caduca
2333 4584 2611 4650 sapienter
2656 4588 2950 4657 despexnsti
2996 4592 3354 4650 invisibiliuin

1780 4668 2008 4733 studio;
2037 4685 2162 4723 nam
2196 4686 2287 4727 res
2326 4674 2456 4727 visa:
2484 4685 2613 4729 sunt
2635 4677 2797 4733 ﬂuxa:
2823 4697 2885 4734 ac
2910 4688 3276 4753 temporariae,
3302 4700 3355 4743 at

1782 4775 1873 4814 res
1906 4776 2015 4814 non
2052 4771 2290 4830 aspecta:
2318 4776 2447 4819 sunt
2476 4777 2712 4823 aeterne

1848 4849 2254 4933 Magnani’tnus,
2295 4865 2351 4909 at
2382 4872 2489 4910 non
2518 4859 2816 4926 demissus,
2849 4878 2947 4932 pro
2978 4863 3087 4920 Deo
3113 4867 3267 4923 visus
3296 4886 3353 4924 es

1784 4957 2162 5013 propugnans,
2179 4948 2438 5003 omnibus
2455 4950 2680 5006 humilis
2693 4954 2762 5007 ob
2780 4954 2932 5009 illum
2950 4967 3005 5011 et
3030 4960 3315 5015 modestus
3338 4980 3352 5027 ',

1783 5047 1842 5091 ut
1878 5040 2026 5092 enim
2059 5055 2183 5095 eras
2224 5040 2317 5096 Dei
2359 5055 2634 5111 creatura,
2666 5048 2795 5103 licet
2841 5049 2986 5104 Deus
3016 5067 3140 5107 esse
3162 5054 3355 5123 jussus

1780 5129 1987 5196 lueris,
2046 5148 2159 5187 non
2215 5134 2433 5188 voluisti
2513 5136 2748 5191 adorare
2818 5152 3129 5197 creaturam
3183 5147 3353 5200 veluti

1777 5222 1949 5278 Deum
1976 5240 1991 5289 ;
2032 5225 2177 5280 Deus
2204 5227 2349 5281 enim
2386 5239 2602 5283 creator
2624 5232 2871 5287 omnium
2899 5243 2983 5289 est
3006 5236 3292 5293 increatus

1844 5398 1902 5453 ln
1935 5398 2095 5466 actis,
2134 5415 2244 5456 non
2279 5400 2334 5455 in
2370 5405 2555 5459 verbis
2596 5419 2806 5475 ponens
2840 5408 3023 5478 potius
3063 5408 3349 5477 virtutem,

1776 5506 1905 5544 nam
1940 5491 2211 5547 ineﬂicaci
2244 5494 2433 5558 verbo,
2465 5504 2524 5548 ut
2546 5498 2642 5559 ait,
2665 5507 2890 5567 prazstat
2937 5511 3123 5557 mutus
3170 5512 3347 5560 actus.

1774 5581 2108 5653 Plerumque
2164 5598 2357 5653 agens,
2403 5587 2696 5644 diseensve
2752 5591 3028 5660 docebas;
3063 5595 3155 5663 qui
3202 5597 3350 5651 enim

1776 5675 1909 5745 egit,
1944 5675 2072 5731 dein
2110 5676 2317 5742 docuit,
2354 5677 2450 5733 ille
2483 5682 2772 5739 vocabitur
2812 5698 3047 5757 magnus
3078 5686 3134 5742 in
3168 5688 3351 5756 cistis,

1776 5776 1833 5823 ut
1880 5768 1993 5823 Rex
2054 5768 2324 5825 calorum
2383 5769 2535 5825 dixit.
