4112 6448
132 385 259 451 1377

1138 380 1452 442 HYMVUS
1495 381 1574 441 IN
1616 382 1676 441 S.
1718 381 2356 443 CHRYSOSTOMUM.

3250 386 3389 451 1378

130 490 494 560 Εὐαγγέλιον,
533 489 635 559 τῆς
682 487 781 558 σῆς
816 486 1129 559 ἱερουργίας
1159 488 1474 556 ἀπείληφας
1513 488 1705 558 μισθὸν

1815 487 2089 557 recepisti,
2125 503 2157 542 ο
2187 503 2346 543 sacer
2381 488 2566 553 Basili,
2603 492 2908 548 mercedem
2941 493 3229 548 sacerdotii
3267 494 3391 550 sine

132 588 291 657 χωρὶς
320 584 555 654 αἵματος
601 582 943 653 μαρτυρικού
991 584 1085 633 καὶ
1131 580 1459 650 στεφανίτης
1494 580 1706 648 φανείς,

207 767 293 830 Ὠς
337 766 555 837 οὐρανῷ
592 765 966 836 παμμεγέθει,
1007 765 1084 828 ὡς
1124 766 1259 836 ἡλίῳ
1302 765 1557 837 ἐμψύχῳ,
1588 765 1617 817 ό
1650 766 1709 837 ἐν

132 826 495 929 ήλίιςίὲαυτοῦ
525 826 588 908 τὸ
620 826 891 927 σκήνωμα
922 855 1114 919 τιθεὶς,
1144 826 1243 908 3ιαὶ
1272 826 1351 919 είς
1384 826 1517 918 τοὺς
1544 826 1709 925 60p;-

135 953 249 1013 νούς
276 951 332 1001 ὲν
364 950 449 1002 σοὶ
468 947 729 1018 ὲνῲκισεν
748 964 762 977 ⁸
788 948 1095 1016 Ἐνοικήσω
1118 948 1248 1017 γὰρ,
1268 946 1394 1017 ἔφη,
1437 948 1570 1017 περὶ
1598 946 1709 999 τῶν

133 1044 269 1096 κατὰ
296 1042 376 1107 σὲ,
404 1041 501 1094 καὶ
529 1042 968 1111 έμπεριπατήσω
994 1040 1318 1109 θεοπρεπῶς
1347 1042 1407 1092 ἐν
1429 1039 1635 1102 αὐτοῖς.

214 1178 565 1249 Ἀναδραμὼν
598 1178 662 1229 ἐκ
690 1177 798 1230 τῶν
832 1178 985 1230 κάτω
1010 1177 1145 1246 πρὸς
1173 1177 1273 1248 τὴν
1300 1177 1414 1231 ἄνω
1445 1177 1708 1247 πατρίδα,

129 1270 223 1323 καὶ
251 1271 347 1323 σὺν
374 1269 629 1338 ἀγγέλοις
659 1268 949 1341 παρεστὼς
971 1268 1049 1337 τῷ
1075 1269 1249 1340 θρόνῳ
1269 1268 1346 1340 τῷ
1372 1268 1585 1340 φρικτῴ
1610 1269 1711 1338 τῆς

127 1359 452 1429 ὐπερουσίου
505 1360 755 1430 Τριάδος,
794 1361 945 1427 ὅσιε,
998 1361 1139 1432 ὐπὲρ
1173 1355 1241 1432 ἦς
1272 1360 1531 1431 ἠγωνίσω
1574 1360 1711 1431 πρὸς

124 1449 355 1519 δύναμιν
382 1453 440 1503 ὲν
470 1453 562 1522 γῇ,
591 1451 939 1522 μεμνημένος
976 1452 1053 1523 μὴ
1082 1451 1249 1522 λίπῃς
1278 1452 1388 1505 τῶν
1420 1453 1710 1523 μ’μνημέ-

128 1558 235 1593 νων
266 1559 360 1594 σου
376 1580 381 1591 ι

198 1674 482 1739 Νεανικῶς
512 1677 814 1749 ἐξηλέγχθη
844 1679 995 1749 παρὰ
1028 1679 1121 1733 σοῦ
1147 1679 1177 1731 ό
1208 1680 1487 1750 τολμήσας
1519 1697 1712 1733 συντα-

128 1767 393 1820 πεινῶσαι
434 1769 611 1840 ἑαυτῷ
649 1770 904 1841 θεότητος
940 1773 1177 1842 μορφὴν,
1214 1774 1295 1836 είς
1327 1772 1572 1824 δουλείαν
1619 1771 1709 1823 ἕλ-

1811 581 2079 649 sanguine
2125 582 2370 652 martyrii
2415 598 2619 637 corona
2657 585 2949 641 redimitus
2990 598 3282 655 apparens.

1884 763 1957 820 Ut
1996 765 2050 819 in
2085 765 2226 819 ccelo
2257 766 2549 831 immenso,
2585 775 2645 819 ut
2686 768 2741 821 in
2774 767 2893 824 sole
2916 768 3256 830 viviﬁcante,
3300 768 3393 821 ille

1810 858 1904 927 qui
1939 857 2165 911 tetendit
2198 857 2251 909 in
2284 858 2398 911 sole
2428 873 2590 911 suum
2625 860 3041 913 tabernaculum
3093 868 3147 913 et
3193 859 3248 912 in
3281 873 3392 912 cu:-

1809 948 1863 1002 lo
1908 948 1961 1002 in
2003 957 2053 1001 te
2086 948 2387 1001 habitavit:
2427 948 2746 1002 lnhabitabo
2774 952 2942 1015 enim,
3002 950 3185 1020 inquit
3213 948 3281 1004 de
3313 949 3390 1001 tui

1811 1038 2106 1103 similibus,
2140 1048 2197 1095 et
2234 1040 2524 1108 magniﬁce
2575 1041 2628 1094 in
2660 1041 2742 1095 eis
2766 1041 3080 1096 ambulabo.

1882 1174 2184 1231 Transiens
2235 1176 2304 1230 de
2353 1175 2440 1231 his
2497 1178 2658 1232 terris
2708 1177 2774 1232 ad
2810 1178 3095 1233 caelestem
3133 1186 3389 1248 patriam,

1812 1267 2146 1338 adstansque
2200 1284 2326 1323 cum
2381 1271 2590 1338 angelis
2646 1270 2846 1323 throno
2907 1270 3219 1323 venerando
3265 1286 3394 1323 san-

1812 1362 2079 1414 ctissima:
2107 1360 2390 1414 Trinitatis
2410 1402 2424 1425 ,
2463 1375 2495 1413 ο
2518 1370 2724 1427 sancte,
2756 1376 2854 1429 pro
2880 1375 3011 1430 qua,
3044 1373 3309 1430 quantum
3339 1362 3391 1413 in

1813 1456 1865 1503 te
1908 1454 2027 1507 luit.
2085 1452 2138 1504 in
2205 1460 2372 1503 terris
2409 1450 2733 1511 decrrtasti,
2781 1466 2989 1505 memor
3039 1467 3108 1505 ne
3156 1451 3393 1504 derelin-

1814 1558 1952 1611 quas
2004 1559 2099 1598 eos
2131 1543 2226 1613 qui
2258 1543 2333 1596 tui
2369 1543 2753 1611 uternineruut.

1882 1672 2116 1728 Omnino
2141 1688 2170 1726 a
2201 1681 2254 1728 te
2276 1674 2588 1729 confutatus
2631 1674 2736 1729 fuit
2763 1677 2864 1730 iste
2900 1677 2993 1743 qui
3035 1674 3265 1730 formam
3306 1674 3397 1728 Di-

1813 1768 2060 1821 vinitatis
2094 1782 2264 1835 usque
2297 1768 2365 1821 ad
2403 1784 2462 1821 se
2495 1769 2803 1838 deprimere
2829 1784 2998 1823 ausus
3051 1779 3137 1823 est
3165 1809 3175 1830 .
3234 1784 3398 1838 prave

128 1877 244 1911 κων
282 1860 380 1929 τὴν
409 1862 740 1933 δεσποτικὴν
773 1865 993 1929 κακῶς,
1030 1866 1130 1935 τὴν
1175 1864 1511 1938 ὐπέρχρονον
1547 1865 1711 1933 φύσιν

1815 1865 2035 1912 vertens
2063 1858 2114 1911 in
2157 1859 2411 1913 servilem
2451 1858 2793 1914 Dominicam
2829 1861 3094 1929 speciem,
3144 1872 3395 1913 naturain

130 1952 226 2004 καὶ
256 1953 532 2019 ἄκτιστον,
567 1954 738 2018 τιθεὶς
768 1957 1007 2025 πονηρὸν
1046 1951 1132 2010 οἷα
1176 1957 1385 2028 κτίσμα
1429 1957 1567 2028 μετὰ
1609 1956 1712 2027 τῆς

131 2041 382 2107 κτίσεως.
902 2048 907 2058 ’

205 2131 385 2199 Νέφος
433 2135 578 2205 παχὺ
618 2134 713 2190 τοῦ
756 2136 984 2206 σαρκίου
1034 2136 1273 2206 διασχὼν
1322 2138 1415 2190 καὶ
1461 2139 1519 2191 τὸ
1556 2141 1714 2203 δάνος

130 2220 526 2293 διαλυσάμενος
554 2230 619 2297 τῇ
655 2230 750 2297 γῇ,
793 2229 1007 2298 ἀσχέτῳ
1034 2230 1099 2299 τῇ
1125 2228 1293 2298 ψυχῇ,
1328 2231 1420 2283 καὶ
1448 2232 1530 2284 νοῒ
1564 2231 1713 2300 ἁΰλῳ

132 2314 231 2366 νῦν
282 2317 635 2388 εἰσελήλυθας
694 2321 786 2373 τὸν
845 2322 1086 2374 ἀνείδεον
1146 2325 1345 2391 γνόφον
1399 2325 1493 2376 καὶ
1552 2323 1713 2377 ἄύλον

133 2407 345 2477 ὁμιλεῖν
373 2412 466 2463 καὶ
496 2414 734 2466 συνεῖναι
763 2415 857 2466 καὶ
886 2415 1398 2484 συνευφραίνεσθαι.

219 2502 285 2555 Ἥ
317 2503 409 2555 τοῦ
445 2504 580 2558 Θεοῦ
638 2507 933 2574 Ἐκκλησία
979 2508 1237 2576 ἀσφαλῶς
1282 2507 1586 2579 ὲδρασμένη
1637 2510 1713 2573 ὡς

132 2592 375 2662 ίτεμελίῳ
409 2595 644 2666 ἀρῤαγεῖ
670 2597 767 2649 καὶ
796 2599 973 2669 πέτρᾳ
1002 2598 1218 2667 στερεᾷ,
1249 2599 1316 2667 τῇ
1348 2598 1586 2668 ἀσείστῳ
1618 2597 1714 2668 βά-

131 2702 217 2737 σει
254 2689 320 2756 τῇ
350 2687 457 2740 τῶν
486 2688 773 2757 δογμάτων
812 2707 905 2743 σου
925 2728 940 2753 ,
987 2690 1246 2743 ἐναντίων
1277 2691 1494 2759 ἀνέμων
1524 2694 1713 2754 πνοαῖς

127 2782 467 2845 τυφωνικαῖς
488 2781 894 2852 ἀπερίτρεπτος
927 2782 1028 2852 μὲν
1059 2782 1212 2852 πόθῳ
1238 2781 1458 2851 τιμῶσά
1486 2799 1567 2835 σε.

206 2957 543 3010 Θεοτοκίον.
570 2988 639 2998 —
658 2960 747 3020 Σὲ,
780 2959 1020 3027 παναγία
1042 2959 1309 3030 Παρθένε,
1341 2959 1712 3029 ἀκαταίσχυν-

122 3063 222 3098 τον
284 3047 517 3116 πρέσϐιν
570 3050 666 3102 καὶ
733 3050 1013 3119 μεσιτείαν
1066 3049 1273 3120 εὐμενῆ
1339 3050 1711 3121 προϐάλλομαι

123 3139 345 3202 πιστῶς
372 3140 448 3208 τῷ
474 3142 539 3192 ὲκ
567 3141 660 3193 σοῦ
682 3141 948 3210 τεχθέντι·
976 3143 1071 3194 καλ⁹
1095 3144 1325 3196 ἱκετεύω
1348 3161 1428 3206 σε,
1456 3143 1563 3196 τῶν
1586 3145 1715 3197 πολε
1737 3172 1784 3229 c

121 3228 239 3279 λῶν
273 3246 377 3299 μου
410 3232 770 3301 πταισμάτων
800 3232 870 3285 τὰ
897 3233 1079 3303 πλήθη
1108 3233 1179 3286 τὰ
1210 3234 1381 3287 πολλὰ
1416 3238 1713 3306 μητρικαῖς

123 3337 224 3373 σου
253 3321 574 3391 πρεσϐείαις
604 3324 775 3393 ἄρδην
808 3325 1109 3393 έξάλειψον.

569 3425 852 3480 ἸΩΑΝΝΟ
865 3432 910 3481 Υ
935 3426 1243 3482 ΜΟΝΑΧΟ
1256 3430 1301 3481 Υ

364 3537 601 3591 ΚΑΝΩΝ
637 3539 746 3593 ΕΙΣ
775 3538 915 3593 ΤΟΝ
944 3542 1478 3608 ΧΡΥΣΟΣΤΟΜΟΝ,

128 3646 219 3705 Οὗ
270 3653 310 3719 ἠ
352 3653 702 3727 dimovet-Alc
736 3656 919 3724 αὕτη’
956 3657 1280 3727 Συνώνυμος
1321 3660 1515 3727 μέλπει
1556 3678 1614 3714 σε
1656 3662 1718 3714 τὸ

203 3722 441 3797 χρυσούν
463 3722 657 3793 στόμα.
681 3722 913 3797 Οίκτρδς
940 3722 1289 3797 μοναχὸίκαὶ
1316 3722 1501 3797 ίκέτης
1536 3731 1718 3784 Ἰωάν-

203 3788 326 3928 ᾨης.
356 3788 539 3862 Ἦχος
563 3788 673 3848 bu.
712 3795 793 3859 β’.
821 3788 1055 3866 ’Κύματι
1079 3788 1411 3866 ’ΰαλάσσης
1448 3788 1557 3853 τόν
1584 3804 1716 3868 κρύ·

258 3878 429 3915 αντα.

208 3953 447 4022 Στόματι
487 3954 695 4025 πηλίνῳ
739 3958 835 4008 καὶ
868 3957 1088 4031 γλώσσῃ
1129 3958 1323 4026 γεώδει
1356 3978 1414 4013 σε
1447 3962 1538 4014 τὸν
1567 3963 1715 4029 Χρυ-

126 4042 403 4111 σόστομον
439 4044 628 4109 ὑμνεῖν
673 4046 915 4115 όρμῶντι
944 4064 1057 4117 μοι,
1084 4051 1394 4119 χρυσοφαὲς
1420 4052 1717 4122 οὐρανόθεν

124 4131 287 4193 θείας
319 4131 573 4199 γνώσεως
617 4134 926 4205 ἀμάρυγμα
954 4136 1302 4208 ἐξαστράψας
1320 4181 1335 4205 ,
1362 4140 1597 4208 φώτισον
1626 4142 1717 4195 τὸν

124 4220 263 4274 νοῦν
299 4224 394 4276 καὶ
421 4224 517 4295 τὴν
548 4227 781 4297 καρδίαν
811 4246 937 4298 μου.

208 4314 386 4385 ’Υλην
412 4315 777 4388 φθειρομένην
806 4322 901 4374 καὶ
927 4324 1157 4393 ῥέουσαν
1182 4324 1361 4390 δόξαν,
1387 4326 1480 4378 καὶ
1509 4325 1714 4396 κόσμον

130 4406 430 4474 σύμπαντα
458 4410 551 4461 καὶ
582 4413 1000 4481 κοσμοκράτορα
1027 4416 1404 4487 περιδραμὼν,
1434 4418 1555 4470 ἀντὶ
1578 4418 1715 4471 πάνυ

1814 1959 2072 2005 aeternam
2110 1958 2165 2005 et
2200 1951 2500 2004 increatam
2529 1990 2544 2015 ,
2577 1960 2632 2006 et
2677 1953 2835 2022 quasi
2879 1952 3041 2007 vdem
3083 1961 3395 2007 creaturam

1816 2043 1979 2096 rebus
2006 2042 2208 2095 creatis
2243 2056 2635 2097 annumerans.

1890 2130 2098 2186 Nubem
2143 2147 2388 2187 crassam
2432 2134 2617 2189 carnis
2661 2149 3061 2204 perrumpens,
3104 2134 3399 2205 debitaque

1817 2232 1974 2277 terrae
2025 2225 2272 2288 solvens,
2330 2240 2434 2278 una
2475 2241 2599 2279 cum
2645 2226 2853 2280 invicto
2898 2228 3079 2281 animo
3118 2236 3173 2281 et
3215 2235 3399 2281 mente

1814 2316 2025 2369 caelesti
2098 2331 2241 2368 nunc
2316 2316 2536 2370 habitas
2614 2316 2879 2373 informes
2928 2326 2985 2372 et
3045 2319 3397 2387 incorporeas

1817 2409 2068 2462 tenebras
2105 2408 2158 2461 in
2199 2408 2401 2477 quibus
2438 2409 2563 2463 licet
2594 2411 2800 2463 versari
2838 2419 3005 2479 atque
3039 2410 3298 2480 gaudere.

1889 2498 2079 2552 Divina
2130 2499 2380 2555 Ecclesia
2434 2507 2554 2554 tuto
2606 2499 2830 2554 condita
2885 2502 3041 2555 velut
3106 2501 3159 2554 in
3224 2500 3398 2554 infra-

1810 2600 1905 2644 cto
1950 2590 2305 2645 fundamento
2352 2601 2406 2645 et
2460 2591 2515 2645 in
2558 2593 2787 2662 scopulo
2837 2592 3032 2657 ﬁrmo,
3065 2592 3395 2647 inconcussa

1816 2683 1936 2737 basi
1995 2693 2214 2737 tuorum
2274 2683 2640 2752 dogmatum,
2701 2684 3056 2739 adversorum
3106 2697 3396 2739 ventorum

1816 2773 1942 2828 llatu
1970 2777 2206 2831 violento
2233 2792 2340 2830 non
2380 2785 2645 2841 movetur,
2676 2786 2836 2847 teque
2864 2786 3159 2832 veneratur
3188 2788 3242 2833 et
3269 2794 3400 2833 sus-

1815 2868 1967 2938 picit.
2927 2919 2932 2925 .
3290 2930 3295 2934 ,

1886 2956 2150 3024 Deiparw.
2185 2986 2257 2997 ο-
2307 2955 2412 3020 Te,
2470 2958 2821 3012 sanctissima
2868 2957 3072 3028 Virgo,
3126 2958 3401 3013 honoran-

1815 3048 1940 3102 dam
1994 3049 2221 3118 legatam
2270 3050 2648 3118 optimamque
2702 3052 3074 3105 mediatricent
3126 3056 3397 3121 praamitto

1821 3138 2051 3194 libenter
2097 3140 2163 3193 ad
2199 3138 2393 3193 Filium
2426 3140 2492 3194 de
2524 3150 2575 3195 te
2606 3143 2872 3211 genitum,
2906 3153 3067 3212 teque
3109 3145 3395 3213 supplico,

1818 3231 2080 3301 plurimos
2132 3232 2317 3301 lapsus
2360 3247 2511 3286 meos
2554 3240 2609 3286 et
2656 3243 2881 3302 peccata
2933 3246 3181 3290 materna
3223 3236 3396 3290 inter.

1816 3325 2068 3379 cessione
2093 3333 2184 3377 tua
2218 3326 2445 3378 omnino
2486 3326 2624 3380 dele.

2237 3433 2565 3491 JOANNIS
2602 3435 2979 3493 MONACHI.

2080 3544 2369 3599 IIYMNUS
2408 3546 2473 3599 IN
2524 3546 3129 3606 CllllYSOSTOMUM.

1820 3657 2019 3711 Primm
2053 3673 2291 3711 versuum
2341 3659 2533 3711 littera:
2573 3660 2879 3729 siqniﬂcant
2920 3678 2939 3715 :
2967 3662 3117 3717 Alter
3157 3662 3397 3719 Joannes

1893 3729 2084 3803 laudat
2119 3740 2445 3803 te._aureunt
2470 3744 2555 3803 o_s_.
2580 3730 3067 3803 Misertuonarhus
3087 3744 3138 3787 et
3169 3738 3393 3803 supplex

1885 3795 2145 3852 Joannes.
2180 3797 2357 3852 Sanus
2390 3799 2461 3863 pl.
2495 3798 2578 3864 ll,
2608 3800 2861 3867 ﬂuctibus
2893 3805 3058 3857 maris
3085 3795 3361 3859 celauiém.

1888 3950 1995 4006 Ore
2031 3953 2176 4007 luteo
2225 3960 2280 4007 et
2328 3954 2513 4023 lingua
2550 3957 2799 4011 terrestri
2842 3966 2893 4011 te
2937 3957 3393 4028 Chrysostomum

1818 4044 2098 4097 celebrare
2126 4046 2383 4107 tcutanti,
2430 4046 2636 4101 emisso
2673 4049 2741 4103 de
2792 4049 2948 4104 cadis
2994 4051 3396 4120 fulgentissima

1817 4132 2019 4186 divinae
2044 4133 2352 4202 disciplina:
2382 4135 2701 4203 splendore,
2752 4148 2988 4193 mentem
3036 4140 3282 4195 illumina
3320 4143 3395 4197 si-

1816 4223 1929 4276 mul
1958 4231 2011 4277 et
2042 4234 2257 4293 pectus.

1889 4311 1968 4366 Tu
2025 4314 2248 4383 quidem
2292 4317 2630 4387 contemptis
2674 4335 2795 4389 qua:
2843 4318 3091 4389 peritura
3149 4328 3298 4381 sunt,
3342 4332 3394 4375 et

1820 4404 2047 4474 fugitiva
2081 4407 2273 4476 gloria,
2327 4419 2380 4463 et
2438 4412 2700 4466 universo
2760 4412 2987 4473 mundo,
3041 4422 3096 4465 et
3147 4412 3394 4482 principe

122 4514 244 4549 των
278 4508 370 4547 τον
399 4498 635 4567 Χριστὸν
664 4502 898 4571 ἐκτήσω,
934 4504 1240 4575 πάγχρυσεο
1274 4500 1334 4561 οὗ
1366 4508 1598 4579 τρωθεὶς
1628 4509 1709 4580 τῷ

1818 4497 2007 4551 mundi
2039 4496 2267 4564 Satana,
2295 4503 2378 4555 vir
2425 4518 2612 4569 auree,
2654 4505 2776 4558 loco
2816 4505 3060 4557 omnium
3113 4503 3391 4558 Christum

122 4584 303 4655 ἔρωτι
331 4587 523 4657 ἡγήσω
547 4590 726 4644 πάντα
756 4592 1024 4648 σκύϐαλα.

207 4756 417 4827 Νόμοις
456 4761 548 4813 τοῦ
579 4762 834 4832 Σωτῆρος
881 4766 1121 4835 Χριστοῦ
1155 4772 1563 4842 πειθαρχήσας,
1598 4774 1706 4828 ἀπὸ
1763 4812 1772 4820 .

122 4847 395 4918 νεότητος
432 4851 523 4903 ἐπὶ
551 4852 658 4905 τῶν
688 4852 854 4924 ὤμων
892 4874 987 4910 σου
1022 4860 1310 4915 ἀναλαϐὼν
1347 4864 1444 4916 τὸν
1476 4866 1712 4936 σταυρόν

124 4958 256 5002 σου,
302 4940 390 4994 διὰ
422 4943 602 4997 πόνων
648 4944 744 5016 τῆς
794 4949 1081 5020 ἀσκήσεως
1119 4951 1710 5026 αὐεῷ›ὴκολούθησας,

123 5047 205 5084 σα
216 5032 349 5099 ρκδς
373 5034 585 5106 νεκρῶν
608 5038 670 5090 τὸ
693 5039 969 5111 φρόνημα.

207 5122 457 5195 ’ῼκησας
515 5128 758 5198 ἐρήμους
805 5132 1061 5200 ἀϐάτους,
1102 5134 1389 5207 ἀνύδρους,
1448 5137 1703 5209 ἄστεγος,

118 5217 393 5281 ἄσκευος,
425 5218 684 5288 ἄτροφος,
712 5222 1010 5305 ἄγνωστος,
1036 5226 1227 5297 ὥσπερ
1246 5228 1275 5280 ὁ
1295 5229 1469 5298 μέγας
1503 5232 1714 5299 Ἠλίας,

132 5307 410 5404 Ἰωάννης
446 5325 507 5362 τε
534 5312 563 5363 ό
593 5312 906 5385 πρόδρομος
926 5355 941 5381 ,
974 5311 1049 5373 ὧν
1088 5319 1267 5391 ζηλῶν
1293 5321 1572 5393 ὲζήλωσσς
1615 5326 1717 5397 τὴν

118 5403 477 5476 παρρησίαν,
512 5405 657 5474 ἅγιε.

205 5493 393 5566 Νίκην
418 5495 814 5567 λαμπροτάτην
839 5499 1150 5571 ἀράμενος,
1192 5500 1401 5572 μάκαρ,
1435 5504 1578 5558 κατὰ
1620 5506 1715 5559 τοῦ

116 5583 437 5657 δράκοντος
462 5586 600 5655 μετὰ
630 5588 909 5658 τροπαίων
930 5589 1203 5661 λαμπρῶν
1219 5633 1233 5656 ,
1252 5591 1328 5655 ὥς
1346 5608 1431 5655 τις
1453 5592 1545 5647 ὀλυ
1555 5611 1717 5665 μπιο-

116 5676 321 5745 νίκης,
341 5675 471 5748 θείῳ
491 5678 773 5747 Πνεύματι
796 5681 1117 5753 φερόμενος,
1147 5678 1305 5749 αὖθις
1339 5684 1717 5759 ἐπανὲδραμες

117 5765 281 5839 πρὸς
311 5767 411 5835 τὴν
439 5768 811 5842 ἑνεγκαμένην
844 5788 926 5827 σε.
1330 5767 1338 5777 ’

1817 4588 2047 4658 adeptus
2077 4604 2174 4655 es;
2214 4593 2377 4660 cujus
2400 4608 2588 4647 amore
2626 4596 2850 4647 saucius
2885 4595 3071 4647 omnia
3097 4594 3395 4649 detrimen-

1788 4690 1928 4735 -tum
1955 4683 2218 4737 ducebas.

1885 4773 2121 4843 Legibus
2150 4774 2457 4830 Salvatoris
2495 4766 2700 4829 Christi
2739 4775 3051 4844 indulgens,
3085 4792 3112 4829 a
3161 4779 3391 4846 pueritia

1815 4880 1982 4933 super
2021 4865 2284 4921 humeros
2314 4880 2533 4921 crucem
2566 4867 2687 4935 ejus
2736 4868 3053 4937 suscepisti,
3107 4870 3392 4937 ipsiusque

1816 4973 1912 5027 per
1936 4956 2246 5026 disciplinae
2266 4958 2485 5015 labores
2504 4959 2810 5024 adluesisti,
2839 4960 3190 5016 ntortilicatis
3211 4963 3394 5016 carnis

1815 5048 2088 5103 sensibus.

1884 5140 2206 5195 lnhabitasti
2243 5140 2459 5196 deserta
2494 5142 2662 5205 invia,
2706 5143 2996 5211 inaquosa,
3028 5143 3393 5207 exsul,vesti-

1817 5231 2016 5285 mentis
2040 5230 2276 5301 ciboque
2306 5232 2631 5297 destitutus,
2664 5232 2907 5301 ignotus,
2946 5233 3087 5287 haud
3134 5249 3295 5288 secus
3327 5250 3391 5289 ac

1815 5338 2046 5392 magnus
2088 5323 2258 5386 Elias,
2302 5333 2468 5391 atque
2513 5323 2756 5379 Joannes
2790 5341 3121 5394 praecursor,
3153 5342 3389 5397 quorum

1818 5411 2070 5465 ﬁduciam
2102 5413 2303 5467 imitari
2342 5414 2627 5478 studuisti,
2657 5416 3030 5471 sanctissime.

1887 5501 2079 5557 Relata
2112 5502 2341 5556 victoria
2383 5504 2799 5572 splendissima,
2819 5504 3031 5569 beatus,
3057 5504 3124 5559 de
3150 5504 3394 5560 dracone

1818 5594 2055 5648 illustria
2088 5601 2313 5661 tmpcca,
2372 5596 2522 5649 velut
2558 5598 2736 5652 victor
2779 5595 2836 5649 in
2886 5594 3185 5666 Olympicis
3222 5596 3390 5657 ludis,

1818 5683 2006 5737 divino
2042 5683 2237 5751 spiritu
2286 5696 2597 5755 reportans,
2648 5699 2844 5739 rursus
2901 5687 2967 5737 ad
3010 5698 3131 5738 eain
3180 5681 3393 5738 rediisti

1820 5791 1941 5847 qua“:
1978 5784 2029 5833 te
2062 5784 2318 5846 gesserat.
