4112 6448
139 427 250 493 1381

1125 429 1442 492 HYMNUS
1483 432 1565 491 IN
1605 430 1667 489 S.
1702 428 2346 493 CHRYSOSTOMUM.

3229 429 3366 498 1382

137 544 553 614 προηπήντησαν,
583 540 960 612 ὲπιόατηρίων
998 539 1313 611 ποιούμενοι
1348 544 1677 616 προπομπήν

1786 545 2076 600 exsultans
2101 546 2264 600 obvia
2291 548 2463 609 venit,
2500 555 2553 599 et
2579 545 2722 600 inter
2756 545 2987 603 festivos
3008 544 3212 616 gradus
3237 564 3367 618 pro-

138 653 209 687 σοι
230 635 536 689 ἐπεισόδιον.

195 725 504 780 Θεοτυκιον.
536 755 608 766 —-
634 725 788 797 Μόνη
822 726 879 777 ὲν
915 726 1116 791 πάσαις
1142 731 1356 797 γενεαῖς
1381 730 1674 802 ὑπερφυῶς

133 819 218 869 καὶ
243 817 507 889 Παρθένος
561 819 655 870 καὶ
697 819 898 888 Μήτηρ
948 821 1330 889 χρηματίζεις,
1382 824 1679 888 Δέσποιναν

131 910 416 979 γεννήσασα
479 908 679 986 βρέφος
740 926 1066 979 προαιωνιον
1119 911 1366 982 ἄχρονον,
1415 914 1675 984 γεννηθὲν

134 998 224 1068 μὲν
251 999 308 1049 ἐκ
343 998 436 1050 τοῦ
496 998 707 1068 [ἰατρὸς
753 999 880 1052 ἄνευ
923 1001 1131 1073 μητρὸς
1179 1003 1284 1073 πρὸ
1333 1004 1536 1067 παντός
1562 1020 1576 1033 ·
1611 1007 1676 1058 ὲκ

133 1089 218 1141 σοῦ
245 1088 334 1158 τῆς
389 1091 596 1160 μητρὸς
625 1090 699 1152 ὠς
746 1087 855 1144 οἶδε
885 1093 1024 1161 μετὰ
1065 1091 1127 1144 τὸ
1173 1096 1280 1147 πᾶν
1319 1094 1442 1164 δίχα
1476 1096 1678 1166 πατρὸς

130 1179 330 1250 κυηθέν.

703 1295 844 1365 ’ῼδὴ
910 1298 1000 1364 ς’.
1031 1339 1044 1353 .
1081 1339 1095 1354 .

206 1407 500 1473 Ἀνατείλας
521 1404 609 1462 οἷα
633 1410 1016 1479 χρυσαυγίζων
1042 1412 1192 1480 ἥλιος
1227 1413 1320 1465 καὶ
1341 1415 1676 1484 χρυσοφαὴς,

127 1496 201 1560 ὡς
224 1499 280 1552 ὲκ
311 1501 514 1554 παστοῦ
550 1502 806 1570 νυμφίος,
844 1505 902 1555 ἐν
930 1502 1009 1570 τῷ
1043 1503 1165 1572 ῦψει
1204 1504 1281 1575 τῷ
1314 1506 1413 1575 τῆς
1453 1507 1680 1576 Ἐκκλη-

127 1586 241 1650 σίας
269 1591 488 1660 χρυσαῖς
515 1589 694 1641 ἀκτῖσι
715 1591 813 1658 τῆς
839 1589 1182 1654 διδασκαλίας
1205 1609 1300 1644 σου
1329 1591 1679 1660 κατεχρύσω-

123 1695 220 1740 σας
245 1685 337 1746 τὴν
363 1681 541 1732 πᾶσαν
564 1681 758 1740 κτίσιν.
790 1680 884 1732 καὶ
909 1680 1262 1746 διεσκέδασας
1284 1682 1405 1752 ἔαρι
1435 1683 1679 1755 μυστικῷ

119 1770 210 1823 τὸν
243 1770 404 1842 βαρὺν
433 1772 676 1843 χειμῶνα
703 1772 814 1825 τῶν
844 1773 1133 1842 αἱρέσεων.

1781 637 2062 690 cedentem
2101 637 2157 690 in
2184 638 2465 691 civitatem
2499 637 2749 691 deduxit.

1856 728 2207 796 Deiparw.—
2233 730 2360 784 Sola
2416 744 2482 783 ex
2517 729 2780 783 omnibus
2823 727 3091 799 singulari
3141 743 3367 784 munere

1783 817 1950 890 Virgo
1977 819 2142 874 simul
2164 828 2217 874 et
2244 820 2414 874 Mater
2438 822 2677 881 vocaris,
2698 817 2950 882 Domina,
2979 836 3102 888 qua:
3132 835 3364 889 puerum

1781 915 2018 985 genuisti
2075 924 2198 968 ante
2253 914 2452 968 saecula
2508 930 2571 967 ac
2637 921 2889 980 tempora
2944 913 3361 973 subsistentem,

1783 1014 1912 1060 ante
1973 1006 2153 1059 omnia
2192 1007 2433 1076 genitum
2489 1020 2553 1056 ex
2603 1014 2756 1074 patre
2787 1005 2908 1058 sine
2940 1013 3135 1068 matre,
3201 1020 3267 1057 ex
3312 1012 3365 1057 te

1785 1102 1965 1148 autem
2000 1103 2171 1150 matre
2202 1103 2387 1164 postea
2416 1102 2597 1146 ortum
2639 1093 2848 1162 absque
2888 1102 3063 1162 patre.

2453 1291 2564 1346 Ode
2619 1291 2686 1344 Vl
2698 1333 2711 1346 .

1856 1411 2056 1465 Oriens
2075 1409 2220 1462 velut
2251 1409 2328 1463 sol
2359 1423 2496 1463 auro
2522 1409 2738 1476 fulgens
2755 1415 2808 1459 et
2839 1406 3182 1476 splendidus,
3215 1407 3362 1460 velut

1785 1517 2025 1572 spOnsus
2051 1515 2116 1554 ex
2151 1501 2429 1564 thalamo,
2491 1501 2544 1553 in
2601 1513 2818 1551 summa
2878 1497 3120 1551 Ecclesia
3177 1498 3362 1550 aureis

1786 1594 2052 1649 doctrina?
2084 1602 2187 1645 tua:
2219 1593 2387 1645 radiis
2422 1605 2639 1643 omnem
2669 1599 2983 1642 creaturam
3013 1589 3358 1650 illuminasti,

1785 1693 1841 1738 et
1872 1684 2102 1752 mystica
2135 1691 2323 1736 aestate
2371 1695 2594 1749 gravem
2642 1681 2945 1734 lnereseum
2988 1680 3223 1736 hiemem
3268 1680 3361 1733 de-

1787 1772 1994 1842 pulisti.

190 1863 512 1931 Κατεπλάγη
578 1861 852 1932 βασιλεὺς,
910 1865 1004 1917 καλ⁵
1051 1865 1246 1934 δῆμος,
1285 1865 1380 1919 καὶ
1433 1867 1677 1937 ίερέωνὸ

1857 1864 2154 1934 Obstupuit
2195 1879 2323 1927 rex,
2358 1870 2411 1916 et
2446 1863 2714 1932 populus,
2751 1871 2804 1917 et
2837 1862 3189 1917 sacerdotum
3227 1861 3361 1915 cho-

120 1955 271 2022 χορὸς
304 1953 539 2023 ὁρῶντες
564 1955 833 2026 ἀριδήλως
872 1955 966 2008 τοῦ
1008 1956 1263 2026 λαμπροῦ
1311 1961 1406 2012 καὶ
1437 1957 1680 2029 καθαροῦ

119 2045 234 2113 βίου
255 2044 348 2115 τὴν
376 2045 681 2115 μαρτυρίαν
710 2045 1021 2116 φερομένην
1047 2046 1253 2100 ἄνωθεν
1286 2064 1299 2078 °
1325 2049 1354 2100 ὁ
1383 2049 1441 2101 ὲν
1471 2049 1682 2120 οὐρανῷ

113 2135 298 2196 πιστὸς
321 2134 426 2204 γὰρ
456 2136 666 2206 μάρτυς
698 2135 1158 2207 ὲπεμαρτύρησεν
1194 2139 1272 2202 ὡς
1307 2139 1378 2191 τὰ
1409 2140 1585 2194 πάντα
1606 2143 1681 2193 εί-

110 2225 220 2289 δὼς
249 2230 310 2298 τῇ
339 2228 634 2298 ὼραιότητι
657 2228 764 2281 τῶν
787 2227 1007 2298 τρόπων
1043 2248 1162 2284 σου.
1256 2231 1258 2234 ’

191 2319 267 2370 Τὰ
298 2319 365 2370 σὰ
412 2319 564 2390 χείλη
605 2320 922 2390 ΙΙνεύματος
968 2323 1122 2389 ἁγίου
1171 2324 1358 2392 γέγονε
1414 2325 1551 2395 λύρα
1581 2343 1683 2396 μυ-

110 2411 294 2480 στικὴ,
327 2413 418 2464 καὶ
467 2413 768 2482 μελουργδς
819 2415 1022 2484 κιθάρα
1070 2419 1441 2487 παναρμόνιον
1479 2421 1681 2490 ᾄδουσα

111 2503 291 2571 μέλος,
344 2505 601 2573 μουσικὸν
648 2502 820 2575 ᾆσμα,
868 2506 1087 2577 λιγυρὸν
1145 2510 1418 2578 ἁπήχημα
1468 2513 1534 2580 τῇ
1593 2513 1681 2563 εύ-

109 2591 302 2662 ρύθμῳ
353 2594 596 2665 γλυκερᾷ
653 2595 935 2668 συνθήκῃ,
987 2598 1082 2650 καλ⁸
1143 2598 1219 2667 τῷ
1279 2600 1523 2670 χαρίεντι
1583 2603 1680 2670 τῆς

101 2685 218 2734 τῶν
246 2684 435 2750 φωνῶν
467 2687 789 2756 συμπλοκῆς
821 2687 1087 2756 θέλγουσα
1115 2690 1292 2760 ψυχὰς
1323 2692 1414 2744 καὶ
1441 2693 1678 2763 καθηδύ-

103 2790 294 2829 νουσα.

190 2865 522 2935 Ῥητορεύων
579 2867 808 2931 ἔπεισας
858 2870 1120 2939 ἀπείρους
1184 2871 1374 2940 φίλους
1422 2872 1678 2939 γενέσθαι

98 2955 201 3007 τοῦ
233 2956 384 3016 Θεοῦ,
410 2959 505 3008 καὶ
538 2958 741 3026 ἀρετῆς
768 2962 1022 3029 ἐργάτας,
1053 2962 1150 3014 καὶ
1193 2964 1380 3032 μάκαρ
1404 2964 1524 3033 ὅρος
1548 2965 1680 3032 γλυ-

100 3047 316 3113 κασμὸν
341 3047 626 3114 σταλάζον,
651 3051 714 3102 σὺ
739 3051 855 3103 θεία
873 3053 1062 3121 δρόσος
1083 3055 1375 3122 οὐρανόθεν
1407 3056 1677 3107 πίπτουσα

99 3137 202 3189 καὶ
259 3139 546 3192 πιαίνουσα
598 3141 786 3210 ψυχῶν
841 3143 1122 3214 ἀρούραςο
1167 3146 1246 3197 διὸ
1274 3148 1322 3197 οί
1379 3147 1525 3215 λόγοι
1584 3165 1675 3199 σου

1785 1973 1877 2012 rus
1905 1957 2139 2009 videndo
2166 1969 2359 2022 puram
2397 1955 2781 2024 illustremque
2813 1955 2978 2007 vitam
3017 1954 3084 2008 de
3115 1967 3364 2022 superno

1783 2050 2077 2104 manifeste
2117 2047 2531 2113 confirmatam;
2562 2057 2800 2101 testatus
2832 2055 2916 2101 est
2949 2047 3095 2101 enim
3142 2062 3359 2100 morum

1784 2150 2003 2194 tuarum
2045 2140 2440 2209 praestantiam,
2492 2139 2584 2207 qui
2649 2139 2701 2192 in
2753 2140 2894 2192 (ςαξῗο
2952 2137 3110 2191 testis
3161 2138 3359 2204 fidelis,

1784 2242 1970 2303 utpote
1998 2235 2244 2286 omnium
2278 2247 2558 2286 conscius.

1855 2327 2017 2381 Facta
2052 2338 2176 2381 sunt
2215 2326 2357 2379 labia
2390 2333 2480 2378 tua
2517 2324 2744 2395 mystica
2791 2325 2909 2394 lyra
2949 2325 3125 2380 sancti
3180 2323 3359 2393 Spiri-

1783 2427 1890 2482 tus,
1920 2427 1967 2472 et
2003 2432 2188 2472 suavis
2218 2416 2428 2470 cnthara
2458 2416 2793 2469 concinnum
2814 2430 3040 2470 carmen
3069 2430 3357 2480 resonans,

1781 2510 1938 2563 dulce
1963 2524 2209 2570 carmen,
2243 2517 2438 2577 arguta
2469 2508 2813 2571 resonantia,
2847 2506 3090 2575 jucunda
3117 2520 3358 2559 concen-

1780 2608 1872 2653 tus
1899 2599 2295 2663 modulatione,
2326 2606 2380 2651 et
2404 2606 2554 2666 grata
2578 2611 2774 2650 vocum
2807 2596 3184 2651 concinnitate
3209 2611 3360 2651 men—

1781 2702 1865 2746 tes
1895 2692 2097 2760 juvans
2135 2698 2188 2744 et
2220 2704 2498 2745 recreans.

1855 2861 2214 2918 Sermonibus
2237 2863 2460 2918 suasisti
2489 2863 2727 2918 indoctis
2745 2863 2985 2918 utamici
3018 2852 3212 2918 flerent
3241 2862 3357 2926 Dei,

1780 2964 1833 3007 ct
1864 2956 2088 3007 virtutis
2120 2965 2463 3023 operatores,
2490 2965 2546 3008 tu
2578 2971 2739 3010 mons
2780 2956 2971 3010 beatus
3003 2954 3355 3008 dulcedinem

1781 3048 2020 3112 stillans,
2049 3055 2105 3099 tn
2131 3048 2355 3100 divinus
2385 3062 2478 3100 ros
2518 3047 2586 3099 de
2613 3048 2754 3100 cmlo
2789 3049 2994 3101 cadens
3044 3057 3099 3101 et
3143 3047 3355 3099 anima-

1784 3155 1906 3192 rum
1967 3154 2192 3207 campos
2243 3138 2683 3206 pinguefaciens.
2729 3137 2908 3201 Quare
2960 3152 3244 3192 sermones
3277 3137 3356 3190 tui

94 3224 366 3294 ὤφθησαν
408 3230 522 3291 τοῖς
567 3228 715 3293 λαοῖς
768 3231 986 3300 μέλιτος
1037 3233 1401 3304 γλυκύτεροι,
1464 3237 1675 3307 Χρυσό-

1781 3229 1998 3300 populis
2027 3231 2129 3283 visi
2162 3237 2291 3282 sunt
2329 3229 2488 3280 melle
2510 3227 2814 3291 dulciores,
2852 3226 3268 3296 Chrysostome.

95 3330 292 3385 στομε.

175 3409 512 3464 Θεοτοκίον.
567 3442 635 3452 -
690 3414 854 3483 Ὄρος
915 3417 1056 3481 πῖον,
1118 3419 1403 3488 πάγχρυσε
1455 3420 1671 3491 λυχνία,

92 3498 307 3566 στάμνε
345 3500 438 3553 τοῦ
474 3503 647 3572 μάννα
677 3505 778 3572 τῆς
814 3545 828 3559 .
865 3542 881 3558 .
910 3545 924 3558 .
952 3548 967 3569 ,
1008 3512 1450 3580 παγχρυσωμένη
1486 3514 1627 3584 πύλη
1657 3555 1672 3577 ,

87 3590 483 3656 ἀκατὰφλεκτε
524 3593 771 3662 πυρφόρε
822 3594 971 3663 βάτε,
1012 3595 1220 3666 ἔμψυχε
1261 3598 1437 3667 θρόνε,
1480 3603 1678 3671 ούρανὲ

87 3678 413 3744 πολύφωτε,
464 3681 777 3752 περιώνυμε
831 3687 1070 3754 Χριστοῦ
1132 3689 1409 3757 καθέδρα,
1464 3695 1678 3759 παστὰς

87 3770 698 3837 χρυσόπλοκε,εύωδίας
723 3775 897 3847 πηγὴ,
923 3779 1184 3850 σκήνωμα
1206 3780 1363 3844 Θεοῦ,
1389 3783 1676 3851 Δέσποινα,

90 3858 279 3912 σῶσόν
311 3878 400 3930 με.

469 3975 604 4044 ’ῼδὴ
630 3977 687 4028 Ζ
694 4017 707 4030 .
741 3980 1078 4046 Ἀςρραστον
1095 3984 1312 4052 θαῦμα.

165 4082 403 4151 Συχναῖς
452 4083 630 4138 λιὸάσι
696 4087 792 4140 καὶ
845 4089 1172 4160 ἐπομϐρίαις
1193 4093 1300 4145 τῶν
1357 4095 1533 4164 λόγων
1580 4117 1673 4152 σου

80 4172 396 4241 ἁρδομένη,
428 4170 516 4226 οἷα
543 4174 748 4246 λιπαρά
770 4179 864 4228 καὶ
888 4178 1100 4246 εὔγειος
1128 4183 1221 4252 γῆ,
1249 4183 1493 4240 δέδεκται
1520 4189 1676 4242 πολυ-

80 4263 266 4330 φόρος
285 4264 320 4331 ὴ
355 4264 671 4333 Ἐκκλησία,
701 4268 1128 4338 καρποφοροῦσα
1163 4273 1374 4344 ἀρετῶν
1402 4276 1674 4348 διαφόρων

80 4357 488 4426 παγκαρπίαν.

163 4447 289 4509 Νὺξ
320 4448 558 4517 ἀθυμίας
583 4450 678 4502 καὶ
699 4453 1000 4519 κατηφείας
1022 4455 1353 4525 σκοτόμαινα
1379 4459 1438 4524 ἐξ
1461 4461 1676 4534 αίθρίας

1850 3405 2110 3472 Deiparaz.
2142 3435 2210 3444 ——
2240 3404 2397 3459 Mons
2455 3405 2702 3474 pinguis,
2747 3405 2975 3460 lucerna
3017 3420 3207 3472 aurea,
3254 3420 3357 3459 vas

1778 3512 2112 3559 mamma"...
2179 3497 2348 3564 janua
2405 3512 2603 3559 aurea,
2675 3496 2849 3551 rubus
2896 3512 3113 3566 semper
3151 3496 3357 3550 ardens

1777 3595 1833 3640 et
1864 3602 2142 3654 nunquam
2190 3588 2632 3651 consumendus,
2671 3588 2903 3642 thronus
2932 3589 3116 3649 vivus,
3153 3590 3352 3642 cceluan

1778 3679 2314 3746 splendidissimmn,
2354 3680 2732 3735 illustrissima
2763 3681 2969 3736 Christi
3001 3681 3186 3745 sedes,
3224 3683 3350 3735 tha-

1778 3770 1956 3822 lamus
2006 3785 2140 3822 auro
2191 3771 2463 3838 implexus
2497 3811 2512 3832 ,
2550 3771 2674 3826 fons
2707 3772 3069 3842 fragrantium
3099 3775 3353 3840 odorum,

1777 3863 2195 3918 tabernaculum
2228 3865 2347 3924 Dei,
2374 3864 2626 3928 Domina,
2653 3881 2812 3919 serva
2850 3881 2955 3922 me.

2078 3976 2191 4030 Ode
2235 3976 2362 4031 VII.
2409 3977 2691 4045 Ine/[abite
2723 3980 3067 4032 miraculum.

1847 4089 2138 4158 Frequenti
2170 4105 2296 4144 rore
2324 4099 2378 4143 et
2415 4089 2589 4142 imbre
2630 4104 2948 4144 sermonum
2982 4099 3201 4145 tuorum
3228 4093 3353 4146 irri-

1779 4189 1928 4248 gata,
1963 4181 2112 4235 velut
2154 4180 2374 4249 pinguis
2407 4180 2566 4234 tellus
2605 4189 2660 4233 et
2695 4180 2848 4246 felix,
2887 4181 3116 4248 juvatur
3153 4183 3351 4240 fertilis

1777 4270 2046 4336 Ecclesia,
2102 4283 2157 4327 et
2210 4275 2492 4325 variarum
2532 4273 2804 4326 virtutum
2860 4273 3133 4328 fructibus
3186 4289 3351 4329 exor-

1775 4370 1961 4416 natur.

1849 4453 1918 4506 At
1942 4452 2125 4506 subito
2166 4468 2274 4507 nox
2315 4453 2724 4524 desperationis
2766 4464 2821 4510 et
2871 4457 3094 4512 ruboris
3147 4458 3349 4528 caligo,

73 4538 425 4609 ἡμεροφαὴν
461 4541 559 4605 τὴν
600 4539 819 4610 νύμφην
851 4543 1086 4611 Χριστοῦ
1125 4545 1324 4614 αἴφνης
1372 4553 1677 4605 κατεκάλυ-

1781 4541 1911 4594 dum
1955 4551 2152 4619 cuncta
2219 4557 2439 4604 serena,
2503 4544 2771 4598 illustrem
2832 4544 3038 4602 Christi
3092 4561 3350 4615 sponsam

69 4633 215 4700 ψεν.
271 4631 628 4685 ἀποϐαλοῦσα
672 4633 762 4684 τὸν
815 4633 988 4702 μέγαν
1026 4651 1085 4688 σε
1131 4639 1396 4712 φωστῆρα
1442 4643 1676 4717 ἐπηρείᾳ

71 4719 187 4773 τοῦ
223 4721 491 4789 ἄρχοντος
510 4722 604 4774 τοῦ
641 4741 728 4776 σα.
765 4763 780 4778 .
818 4764 832 4777 .

163 4813 463 4881 Ἀρπαγες
492 4813 644 4866 λύκοι
675 4816 950 4883 ποιμένων
981 4818 1252 4887 πρόσωπα
1286 4820 1544 4889 φέροντες
1581 4824 1675 4875 καὶ

67 4902 395 4972 προϐάτων
422 4903 619 4968 ἔξωθεν
645 4905 807 4974 δορὰν
825 4946 840 4968 ,
872 4908 974 4976 τὴν
1007 4908 1297 4977 ἀλωπεκὴν
1325 4910 1433 4964 ἔσω
1461 4912 1675 4967 ἔνδοθεν

67 4993 142 5046 δὲ
177 4992 548 5062 κρύπτοντες,
577 4996 670 5047 καὶ
695 4996 771 5064 τῲ
795 4997 974 5067 κωδίῳ
996 4998 1364 5064 καλύπτοντες
1388 5003 1481 5056 τὸν
1510 5003 1673 5075 θῆρα,

66 5083 180 5136 τὸν
218 5083 392 5136 καλόν
416 5100 475 5135 σε
511 5087 836 5155 κατέκριναν
871 5089 1127 5157 ποιμένα.

156 5175 336 5244 Χήρα
383 5174 634 5243 καθάπερ
681 5176 1030 5247 βαρυπενθὴς
1076 5181 1171 5233 καὶ
1214 5183 1556 5254 πολύδακρυς
1585 5187 1678 5239 τὸν

63 5267 337 5334 νυμφίον
365 5285 423 5320 σε
451 5268 541 5321 τὸν
569 5269 770 5337 ἑαυτῆς
794 5271 1031 5339 ζητοῦσα
1061 5274 1274 5344 πικρῶς
1297 5276 1501 5340 ἔστενε,
1531 5280 1676 5349 Χρυ-

66 5358 360 5426 σόστομε,
411 5360 445 5427 ἠ
480 5359 800 5430 Ἐκκλησία,
830 5361 972 5430 ἣτις,
1017 5363 1106 5417 διὰ
1148 5364 1248 5436 τὴν
1322 5367 1498 5437 χήραν
1523 5411 1536 5434 ,
1576 5369 1676 5440 τὴν

62 5450 344 5522 χωρείαν
371 5450 467 5522 τὴν
490 5452 666 5522 ἄωρον
705 5453 935 5524 ὑπέστη.

155 5544 512 5598 Θεοτοκίον.
545 5573 615 5584 --
649 5545 709 5597 '0
748 5548 909 5612 μόνος
940 5549 1142 5619 κρίνων
1167 5553 1516 5626 δικαιοσύνην
1541 5556 1673 5610 ἑκά-

62 5634 249 5686 Θισεν
270 5632 370 5684 ἐπὶ
403 5632 614 5702 θρόνου,
643 5635 911 5690 Δέσποινα
936 5655 950 5669 ο
979 5639 1074 5692 καὶ
1098 5640 1205 5712 γὰρ
1237 5645 1301 5696 ὲκ
1335 5642 1428 5696 σοῦ
1455 5661 1674 5715 σαρκω-

63 5723 206 5785 est;
241 5723 442 5793 θρόνον
475 5741 535 5777 σε
576 5726 926 5797 πυρίμορφον
957 5729 1181 5796 ἔδειξεν,
1212 5735 1336 5789 ὅθεν
1371 5737 1427 5788 ὲν
1453 5736 1674 5802 κόλποις

62 5814 344 5885 κάθηταί
381 5832 500 5884 σου,
531 5816 608 5880 ὡς
637 5818 696 5874 έν
721 5817 896 5890 θρόνῳ
920 5819 1315 5893 βρεφοπρεπῶς
1347 5828 1506 5898 ἁγίῳ.

1778 4631 2104 4696 obscurant,
2161 4629 2540 4700 dejiciuntque
2601 4639 2654 4686 te
2710 4632 2926 4702 fulgens
2979 4635 3187 4698 lumen,
3248 4649 3351 4703 ope

1776 4723 2042 4792 principis
2073 4723 2310 4776 Satanae.

1848 4813 1985 4880 Lupi
2016 4829 2245 4881 rapaces
2278 4822 2562 4882 pastorum
2601 4815 2838 4883 speciem
2881 4815 3120 4870 ferentes
3147 4817 3350 4870 extrin-

1777 4918 1937 4957 secus
1961 4912 2015 4956 et
2040 4905 2235 4957 ovilem
2284 4905 2513 4972 pellem,
2561 4905 2710 4958 intus
2750 4916 2930 4958 autem
2973 4908 3216 4974 lupinam
3255 4921 3352 4961 ce-

1777 4995 1974 5055 lantes,
2005 5003 2058 5047 et
2092 4995 2291 5048 vellere
2324 4996 2493 5048 feram
2529 4996 2966 5061 dissimulantes,
2991 4998 3265 5067 egregimn
3296 5011 3350 5052 te

1776 5097 2050 5158 pastorem
2091 5086 2510 5142 damnaverunt.

1850 5181 2002 5236 Tunc
2023 5195 2123 5235 ceu
2156 5180 2322 5233 vidua
2354 5180 2548 5232 afﬂicta
2571 5190 2625 5234 et
2659 5181 2864 5236 suffusa
2896 5182 3152 5252 lacrymis
3183 5197 3349 5253 spon-

1777 5291 1895 5330 sum
1929 5289 2088 5328 suum
2133 5272 2310 5334 deﬂet,
2353 5273 2575 5324 dolebat
2610 5281 2662 5326 te
2691 5287 2897 5337 amare,
2929 5273 3344 5341 Chrysostome,

1779 5366 2043 5429 Ecclesia,
2083 5381 2203 5435 qua:
2258 5371 2482 5432 propter
2523 5364 2762 5429 viduam,
2825 5363 2942 5432 ipsa
2994 5364 3347 5419 durissimam

1775 5458 2095 5512 viduitatem
2127 5455 2370 5523 pertulit.

1855 5543 2306 5614 Deiparw.—Qui
2332 5541 3003 5612 solusjudicatjustitiam
3030 5544 3157 5599 fecit
3183 5560 3350 5612 super

1777 5639 2032 5694 thronum
2071 5637 2283 5700 sedere,
2326 5634 2573 5690 Domina.
2606 5635 2740 5691 Nam
2772 5638 2864 5706 qui
2904 5653 2967 5691 ex
3021 5644 3074 5690 te
3122 5651 3346 5690 carnem

1777 5731 2018 5799 suscepit
2044 5729 2301 5782 thronum
2341 5737 2391 5781 te
2432 5729 2649 5798 igneum
2683 5729 2931 5797 praebuit,
2963 5729 3107 5783 unde
3135 5729 3189 5782 in
3221 5731 3344 5783 sinu

1777 5831 1869 5876 tuo
1903 5818 2156 5889 quiescit,
2187 5826 2243 5871 ut
2273 5817 2326 5871 in
2361 5827 2556 5874 sancto
2581 5819 2778 5872 throno
2806 5832 3084 5886 pueroque
3112 5818 3302 5887 digno.
