4112 6448
192 421 332 488 1385

1253 425 1571 486 llYMNUS
1610 425 1693 486 IN
1738 427 1798 486 S.
1834 427 2227 491 NICOLAUM

3322 420 3458 490 1386

278 530 505 604 Ἀστέρα
555 530 799 603 βλέπων,
823 532 904 595 είς
942 532 1041 601 τὴν
1074 531 1268 587 ἄδυτον
1302 534 1401 603 τὴν
1438 533 1639 588 ὁλκάδα
1684 531 1762 586 τοί

1951 541 2114 594 Astra
2173 533 2528 606 suspiciens,
2586 547 2779 587 navem
2836 530 3038 589 mentis
3094 526 3333 587 invisam
3394 528 3463 586 ad

188 628 286 683 νοῦ
315 627 453 697 πρὸς
482 626 583 689 τὰς
620 624 801 678 αὐτῶν
840 626 1085 695 κινήσεις
1115 625 1303 688 ίθυνας
1339 629 1433 679 καὶ
1473 624 1776 695 προσώκει-

189 722 291 783 λας
313 720 425 791 ὅρῳ
454 718 698 791 γαληνῷ,
736 719 1079 791 κυϐερνήτης
1103 717 1178 781 ὼς
1218 718 1440 790 ἄριστος
1470 719 1541 771 τὰ
1560 718 1777 774 ,θαλάτ-

190 831 306 867 τια.
1748 839 1755 862 ;

280 904 367 957 Ἐν
415 902 640 974 ἀνδρεία
703 902 875 973 πολλῇ
916 901 1019 971 τῆς
1073 902 1261 973 θεῖκῆς
1308 902 1493 971 ἰσχύος
1542 903 1777 973 Χριστὸν

193 994 649 1063 ἐπικαλούμενος,
679 992 807 1056 τοὺς
849 994 907 1046 ὲν
944 992 1184 1065 φυλακῇ,
1220 993 1427 1065 μάκαρ,
1460 995 1777 1067 πεπεδημέ-

192 1106 321 1150 νους
353 1085 564 1155 ἐξάγων
596 1085 773 1147 ἔλυες.

280 1180 464 1250 Ἀγίου
516 1181 735 1249 πλήρης
790 1176 928 1234 οὖσα
955 1177 1275 1249 Πνεύματος
1318 1182 1351 1249 η
1382 1181 1583 1251 καρδία
1608 1183 1643 1251 ἡ
1684 1181 1773 1251 σὴ,

192 1274 452 1344 γλυκεῖαν
510 1271 776 1337 εὐωδίαν,
834 1272 1015 1342 ὀσμὴν
1075 1272 1544 1342 άρωματίζουσα,
1607 1272 1777 1346 αἴγλῃ

195 1369 472 1437 συμμιγῆ,
502 1366 593 1418 καὶ
624 1365 764 1434 φωτὶ
794 1362 1149 1434 κεκραμένην
1179 1364 1344 1418 πάλιν
1381 1364 1676 1419 άπέπνεεν.

270 1457 606 1512 Θεοτοκίον.
634 1486 703 1497 --
729 1456 840 1527 Τὴν
870 1455 1012 1523 ὑπὲρ
1034 1455 1241 1510 ἔννοιάν
1273 1474 1367 1509 σου
1393 1456 1652 1527 γέννησιν
1681 1460 1774 1530 έρ-

197 1548 470 1618 μηνεῦσαι
504 1547 713 1619 βροτῶν
742 1547 1048 1616 πτωχόνοια
1080 1548 1139 1598 οὐ
1181 1546 1393 1599 σθένει·
1429 1548 1457 1599 6
1486 1548 1645 1617 λόγος
1666 1552 1774 1620 γάρ

192 1638 572 1707 άνέκφραστος
601 1635 808 1705 ταύτης
858 1634 1161 1700 παντελῶς,
1194 1636 1290 1689 καὶ
1315 1637 1343 1686 6
1367 1636 1591 1707 τρόπος,
1619 1639 1771 1708 Παρ-

192 1729 338 1795 θένε,
361 1728 752 1798 άκατανόητος.

560 1821 697 1891 ’ῼδὴ
724 1824 804 1876 E’.
832 1822 991 1890 Πρὸς
1027 1820 1103 1873 σὲ
1132 1820 1388 1890 ὀρθρίᾷο.

1878 646 2071 684 eorum
2105 627 2605 697 motusilirigebas.
2638 632 2693 677 ct
2720 623 2787 676 ad
2832 632 3073 679 montem
3103 623 3255 693 pacis
3290 622 3466 692 appli-i

1879 723 2073 787 cuisti,
2124 729 2184 774 ut
2218 712 2556 791 gubernator
2606 716 2865 785 egregius
2910 731 3007 785 per
3050 715 3224 769 maria
3266 714 3463 769 decur-

1878 826 2021 867 rens.

1955 903 2017 958 Vi
2056 917 2271 958 summa
2306 902 2511 957 divinae
2552 900 2775 956 virtutis
2822 897 3109 955 Christum
3169 895 3463 955 invocasti,

1879 1009 2188 1063 omnesque
2214 993 2488 1057 liberasti,
2515 991 2693 1057 beate,
2734 989 2831 1059 qui
2877 988 2935 1043 in
2971 986 3223 1043 custodia
3246 985 3464 1041 detine-

1881 1089 2095 1142 bantur.

1950 1181 2059 1235 Cor
2091 1190 2246 1234 tuum
2277 1176 2520 1248 Spiritus
2558 1177 2737 1232 sancti
2767 1175 3014 1247 plenum,
3074 1186 3298 1227 suavem
3350 1168 3462 1222 fra-

1879 1274 2175 1344 grantiam,
2212 1270 2430 1324 dulcem
2465 1268 2693 1325 odorem
2744 1281 3035 1339 spargens,
3087 1263 3300 1333 fulgore
3339 1272 3463 1332 pere

1880 1367 2130 1427 mistum,
2160 1372 2217 1417 et
2250 1363 2379 1418 luce
2409 1361 2760 1433 splendidum
2798 1374 2998 1416 rursus
3019 1355 3317 1413 exhalavit.

1948 1456 2212 1524 Deiparar.
2242 1484 2312 1495 —
2340 1454 2505 1509 Omni
2537 1452 2875 1524 cogitatione
2912 1449 3183 1519 majorem
3236 1458 3463 1517 genera-

1878 1548 2083 1600 tionem
2122 1555 2271 1604 tuam
2307 1546 2594 1600 hominum
2649 1542 2944 1599 inﬁrmitas
2995 1541 3311 1613 exprimere
3349 1550 3461 1592 non

1880 1641 2057 1703 valet;
2102 1640 2262 1709 cujus
2310 1641 2456 1695 enim
2488 1638 2635 1691 ratio
2663 1637 2890 1691 omnino
2919 1634 3238 1698 iueﬂ‘abilis,
3269 1632 3458 1703 Virgo,

1876 1740 1930 1787 et
1964 1732 2158 1787 modus
2193 1731 2400 1787 nemini
2442 1729 2828 1800 intelligibilis.

2228 1819 2341 1875 Ode
2386 1816 2447 1871 ν.
2482 1818 2564 1871 Ad
2595 1827 2644 1871 te
2670 1817 2910 1871 diluculo
2940 1818 3110 1872 venio.

275 1911 535 1981 Ῥαγῆναι
584 1886 826 1979 κόσμου,
878 1886 974 1963 καὶ
1025 1886 1497 1981 προσκολληθῆναι
1546 1911 1626 1982 τῷ
1673 1928 1762 1967 κα-

1945 1914 2210 1970 Mundum
2238 1926 2526 1983 respuere,
2565 1922 2620 1967 et
2670 1912 2891 1965 vocanti
2932 1910 3044 1966 Deo
3073 1910 3375 1971 adharere,
3405 1918 3461 1964 et

188 2005 374 2057 λοῦντι
438 2004 705 2077 Δεσπότῃ,
754 2003 892 2074 πρὸς
946 2002 1095 2066 θείας
1151 2004 1482 2073 ἀπολαύσεις
1535 2002 1773 2075 ὑπερκο-

189 2097 409 2167 σμίους,
453 2098 582 2159 τοὺς
615 2098 675 2149 ὲν
720 2097 910 2166 κόσμῳ
943 2095 1209 2167 θορύϐους
1254 2099 1613 2167 μισήσαντας,
1658 2098 1771 2159 τοῖς

184 2188 411 2257 γλυκέσι
448 2205 541 2243 σου
570 2187 751 2257 λόγοις
785 2187 1015 2251 πολλοὺς
1050 2188 1297 2250 ἔπεισας.

271 2282 448 2349 ’ἰσχὺν
494 2280 589 2333 καὶ
635 2280 826 2341 σθένος
871 2279 1014 2332 θεῖον
1056 2278 1384 2348 ὲξωσμένος,
1415 2280 1510 2333 καὶ
1541 2296 1771 2350 περιπε-

183 2371 503 2442 φραγμένος
553 2372 701 2441 αὔλῳ
749 2370 1073 2440 παντευχίᾳ,
1118 2372 1239 2433 ταῖς
1281 2370 1375 2424 τοῦ
1430 2370 1629 2442 Βελίαρ
1670 2372 1770 2424 οὐκ

181 2461 437 2535 ὲτρώθης
474 2462 696 2531 βολίσιν.
729 2462 845 2514 ἀλλ’
876 2461 1121 2530 ἔτρωσας
1156 2462 1254 2531 τὴν
1284 2462 1514 2533 καρδίαν
1556 2462 1767 2516 ἐκείνου

181 2559 283 2626 τὴν
323 2575 399 2608 πα
407 2554 702 2626 μϐέϐηλον.

254 2648 561 2719 Ίέτράορον
612 2647 786 2715 άρμα,
840 2645 1025 2715 ὄχημα
1078 2647 1360 2717 πυρφόρον
1402 2646 1617 2718 ἀρετῶν
1668 2647 1769 2719 τῆν

178 2740 419 2810 τετράδα
465 2740 780 2810 πηξάμενος
808 2739 1038 2809 ἀνῆλθες
1088 2742 1167 2802 εἰς
1195 2741 1288 2792 τὸν
1332 2740 1584 2809 οὐρανὸν,
1631 2742 1765 2795 ὅπου

177 2832 493 2904 πρόδρομος
520 2831 713 2903 πρώην
742 2831 943 2899 ἀνῆλθε
971 2830 1230 2901 Χριστὸς,
1262 2831 1341 2901 τῷ
1368 2831 1645 2903 προσώπῳ
1668 2835 1765 2886 αὐ-

176 2923 277 2977 τοῦ
306 2923 775 2994 ἐποφθησόμενος.

260 3014 352 3078 Ὠς
401 3016 536 3078 ἃλας
590 3014 755 3079 θεῖον,
794 3015 1003 3086 μάκαρ,
1051 3015 1345 3085 ένεὸλήθης
1390 3018 1471 3080 είς
1498 3017 1591 3071 τὸν
1628 3018 1768 3087 σύμ-

178 3123 362 3159 παντα
390 3106 611 3176 κόσμον,
637 3105 799 3157 ἱστῶν
827 3105 927 3174 τὴν
960 3106 1232 3174 σηπεδόνα
1256 3106 1357 3173 τῆς
1383 3107 1645 3177 ἀθυμίας,
1669 3108 1766 3161 καὶ

1872 2022 2061 2061 amore
2145 2019 2510 2075 supernorum
2585 2002 3012 2074 divinarumque
3087 2002 3455 2072 voluptatum,

1873 2097 2064 2151 mundi
2096 2096 2395 2152 tumultum
2432 2096 2640 2159 odisse,
2674 2094 2931 2151 dulcibus
2960 2096 3310 2153 orationibus
3341 2110 3459 2166 per.

1874 2191 2077 2245 multos
2100 2189 2360 2244 docuisti.

1944 2282 2059 2335 Vim
2077 2291 2133 2336 et
2148 2283 2410 2339 virtutem
2435 2284 2532 2339 Dei
2566 2281 2818 2347 indutus,
2839 2291 2894 2339 et
2913 2291 3195 2337 armatura
3215 2270 3457 2336 circum-

1870 2384 2063 2444 septus
2092 2376 2336 2430 materias
2371 2378 2607 2446 experti,
2641 2377 2808 2432 Belial
2833 2376 3052 2447 sagittis
3088 2389 3199 2429 non
3238 2375 3457 2430 sauciae

1873 2476 1962 2520 tus
1991 2482 2074 2527 es,
2112 2467 2222 2519 imo
2250 2466 2537 2537 profanum
2569 2469 2692 2538 ejus
2720 2483 2821 2523 cor
2841 2468 3105 2524 sauciasti
3137 2468 3275 2535 ipse.

1940 2649 2281 2719 Quadrijugo
2331 2650 2562 2714 currui,
2622 2651 2784 2720 igneo
2839 2651 3136 2717 vehiculo,
3187 2650 3452 2704 virtutum

1867 2743 2219 2811 quateruioni
2251 2743 2477 2797 innixus
2508 2742 2574 2798 ad
2604 2744 2827 2808 malum,
2859 2758 2971 2813 quo
3014 2756 3187 2813 nuper
3220 2757 3448 2814 praeces.

1868 2843 2017 2888 serat
2042 2849 2350 2903 pmcursor
2372 2834 2651 2895 Christus,
2675 2834 2776 2902 ipsi
2803 2832 3234 2902 conspiciendus
3256 2846 3454 2888 ascen-

1867 2923 2017 2978 disti.

1946 3019 2101 3071 Velut
2141 3019 2221 3073 sal
2255 3018 2530 3083 divinum,
2571 3019 2750 3083 beate,
2787 3019 2993 3075 missus
3033 3033 3093 3074 es
3140 3019 3195 3073 in
3228 3019 3453 3074 univer—

1869 3126 1991 3165 sum
2056 3111 2343 3174 uuiudum,
2395 3113 2746 3181 putredinem
2792 3111 3201 3183 desperationis
3229 3120 3454 3166 sanatu-

179 3195 456 3267 ξηραίνων
485 3196 587 3262 τὴν
619 3194 773 3262 ῥύσιν
820 3196 930 3247 τῶν
960 3195 1217 3264 θλίψεων,
1258 3198 1355 3250 καὶ
1386 3198 1640 3266 συνάγων
1668 3200 1762 3251 καὶ

1869 3215 2014 3267 rum,
2052 3212 2106 3253 et
2131 3200 2545 3255 tribulationum
2576 3201 2778 3257 ﬂuctus
2819 3205 3182 3267 siccaturum,
3234 3202 3452 3258 animas

180 3286 432 3353 σφίγγων
459 3285 837 3354 χαυνωθείσας
866 3285 1067 3355 ψυχάς.

254 3377 591 3430 Θεοτοκίον.
621 3406 692 3417 -—-
721 3376 813 3446 Μὴ
857 3378 1175 3447 ὲκφυτήσας
1199 3378 1308 3430 τῶν
1338 3380 1613 3451 πατρῴων
1645 3380 1769 3434 κόλ-

177 3486 322 3537 πων,
376 3472 493 3534 τοῖς
545 3468 825 3540 μητρῴοις
856 3484 950 3521 σου
999 3468 1225 3531 κόλποις
1266 3470 1583 3536 καθέζεται,
1618 3474 1765 3543 Παρ-

179 3564 327 3627 θένε,
378 3562 616 3632 Χριστὸς
668 3564 695 3612 ὁ
740 3560 911 3623 Θεός’
966 3563 994 3613 6
1026 3562 1262 3632 ἀμήτωρ
1296 3563 1571 3631 προῆλθεν
1624 3566 1766 3617 ἀπά-

178 3668 294 3721 τωρ
350 3653 415 3705 ὲκ
479 3652 616 3705 σοῦ’
684 3651 937 3721 Ἀϐραὰμ
992 3651 1048 3703 δὲ
1119 3653 1246 3713 τοὺς
1309 3654 1543 3719 κόλπους
1601 3657 1765 3710 πάλιν

176 3741 400 3811 ὴνοίξω.

331 3834 468 3907 ᾨδὴ
497 3836 587 3902 ς’.
623 3832 970 3902 Συνεσχέθη
994 3835 1130 3891 ἀλλ’
1152 3838 1223 3889 οὐ
1258 3836 1663 3907 κατε[σχέθηῖ.

263 3926 609 3992 ’Υπακούσας
655 3926 771 3981 ἀλλ’
833 3927 895 3980 ού
959 3928 1338 3997 παρακούσας,
1399 3930 1608 4004 μάκαρ,
1663 3931 1763 4001 τῆς

176 4017 329 4083 θείας
361 4017 605 4089 ὶντολῆς,
629 4017 752 4088 ητις
781 4018 915 4088 φησι
938 4032 951 4047 ·
978 4018 1067 4089 Μὴ
1100 4017 1350 4090 γνώτωή
1378 4018 1508 4075 λαιά
1538 4037 1632 4075 σου
1661 4025 1762 4094 τῆς

175 4106 357 4172 δεξιάς
410 4107 471 4162 τὸ
527 4108 708 4179 ἔργον,
756 4106 938 4177 πολλῷ
992 4106 1197 4177 ταύτην
1230 4107 1609 4180 ὑπερήλασας,
1652 4110 1760 4165 οὐδ’

177 4200 339 4253 αὑτὸν
385 4200 443 4255 ὃν
487 4200 805 4270 εὐηργέτεις
848 4198 1019 4272 ἄνδρα
1064 4199 1514 4271 παραδεξάμενος
1566 4218 1761 4257 κοινω-

173 4292 268 4344 νον
295 4293 393 4363 τῆς
429 4291 646 4362 βουλῆς,
682 4291 802 4345 οὐδὲ
833 4292 926 4345 τοῦ
958 4293 1162 4346 σκοποῦ
1184 4294 1277 4347 τοῦ
1306 4294 1401 4347 σοῦ
1438 4295 1748 4368 συνίστορα.

259 4377 569 4447 Ῥιζοτόμος
624 4378 738 4429 ἀλλ’
806 4380 867 4429 οὐ
937 4381 1246 4448 φυτοκόμος
1308 4383 1491 4450 πάσης
1558 4385 1760 4448 κακίας

172 4466 463 4536 πέφηνας·
517 4468 859 4537 ἐμφύτευσόν
912 4486 1027 4537 μοι,
1084 4470 1307 4541 Πάτερ,
1364 4474 1565 4544 εὐθαλῆ
1624 4492 1751 4527 συν-

1872 3294 2080 3346 laxatas
2108 3293 2452 3348 confirmans
2488 3300 2544 3348 et
2574 3295 2987 3364 constringens.

1943 3382 2567 3454 Deiparw.——Quipatre
2597 3387 2751 3440 nullo
2777 3395 2956 3451 ortus,
2986 3395 3240 3441 materno
3269 3385 3326 3442 in
3355 3396 3451 3442 tuo

1868 3478 1994 3531 sinu
2033 3477 2291 3547 quiescit,
2318 3475 2509 3547 Virgo,
2542 3477 2798 3534 Christus
2826 3478 3006 3545 Deus;
3034 3480 3126 3550 qui
3151 3479 3305 3549 prius
3321 3479 3451 3535 abs-

1866 3584 1973 3637 que
2027 3577 2222 3633 matre,
2266 3585 2417 3622 nunc
2464 3570 2674 3639 absque
2723 3582 2879 3639 patre
2934 3586 2998 3623 ex
3055 3581 3105 3624 te
3155 3571 3445 3640 processit.

1866 3661 2141 3714 Abraham
2180 3661 2362 3714 sinum
2401 3676 2596 3716 rursus
2626 3663 2911 3730 aperuisti.

2014 3833 2126 3891 Ode
2167 3834 2263 3891 Vl.
2308 3835 2601 3893 Contentus
2630 3848 2731 3903 est,
2759 3838 2851 3894 sed
2883 3855 2986 3894 non
3023 3850 3281 3895 retentus.

1936 3925 2113 3982 Divini
2145 3928 2407 3999 pracepti
2446 3929 2796 3997 observator,
2831 3945 2937 3986 nou
2970 3941 3153 3989 autem
3188 3930 3445 3998 violator.

1864 4015 2047 4082 beate,
2102 4016 2248 4086 quod
2310 4017 2449 4072 dicit
2485 4036 2498 4072 :
2536 4016 2753 4089 lgnorct
2786 4018 3017 4076 sinistra
3058 4029 3152 4076 tua
3206 4020 3448 4079 dextera

1862 4121 2024 4177 opus,
2062 4108 2235 4163 multo
2270 4108 2577 4180 perfectius
2627 4111 2813 4182 egisti,
2857 4113 2952 4182 qui
2991 4127 3092 4169 nec
3143 4114 3322 4169 virum
3354 4115 3447 4171 cui

1860 4195 2248 4253 benefacicbas
2281 4199 2498 4254 consilii
2529 4202 2855 4273 participem
2888 4203 3096 4273 fecisti,
3120 4220 3225 4262 nec
3253 4205 3447 4263 volun-

1862 4288 1993 4343 tatis
2029 4297 2137 4342 tuae
2167 4289 2475 4345 conscium.

1936 4378 2255 4445 Eradicare,
2285 4397 2393 4435 non
2426 4393 2609 4438 autem
2645 4400 2778 4440 cura
2809 4386 3014 4451 fovere,
3040 4403 3260 4443 omnem
3290 4389 3447 4443 mali-
3480 4404 3489 4448 ς

1860 4470 1990 4522 tiam
2022 4472 2177 4525 visus
2197 4486 2278 4536 es,
2317 4474 2525 4533 insere.
2566 4473 2745 4537 Pater,
2782 4478 2968 4532 animo
3018 4494 3140 4534 meo
3184 4489 3443 4534 truncum

168 4558 357 4629 ηρεφῆ
400 4559 665 4630 στελέχη,
722 4562 1055 4624 κατασκίους
1108 4561 1443 4633 πολυχύτους
1503 4566 1754 4636 ὄρπηκας

1869 4562 2184 4617 umbrosum
2214 4572 2270 4618 et
2314 4566 2621 4630 ﬂorentem,
2672 4584 2856 4621 ramos
2907 4584 3111 4640 opacos
3142 4580 3198 4625 et
3244 4572 3444 4627 divites

170 4651 382 4720 ἀρετῶν
410 4652 505 4704 καὶ
540 4651 702 4719 ἱερῶν
760 4654 1017 4722 χαρίτων,
1052 4655 1149 4724 τὴν
1170 4658 1456 4726 άκανθώδη
1491 4677 1593 4727 μου
1625 4660 1753 4729 βλά-

174 4756 306 4809 στην
366 4741 707 4810 ριζοτομῶν,
765 4744 859 4794 καὶ
910 4745 1006 4806 τὰς
1056 4747 1330 4814 ἐμπαθεῖς
1389 4753 1755 4821 παραφυάδας

174 4830 456 4897 πιμπλῶν.

243 4922 511 4994 οὐρανίου
558 4922 672 4975 ἀλλ’
716 4925 816 4977 οὐκ
865 4928 1111 4993 ἐπιγείου
1136 4928 1296 5001 δόξης
1330 4936 1514 5002 τυχεῖν
1558 4938 1753 4988 ἐπιποο

170 5002 305 5069 θῶν,
348 5009 449 5080 τὴν
485 5012 794 5083 συρομένην
841 5016 991 5067 κάτω
1036 5018 1322 5088 ὑπερεῖδες
1364 5021 1440 5084 ὼς
1474 5040 1752 5095 παρερχο-

174 5095 365 5165 μένην,
397 5099 473 5160 ὡς
493 5100 780 5172 λυομένην,
804 5104 878 5168 ὡς
908 5107 1040 5177 σκιᾷ
1063 5108 1421 5177 κατάλληλον,
1456 5112 1529 5174 ὡς
1557 5114 1751 5183 ὀνείρῳ

170 5190 676 5260 παρεικαζομένην,
725 5194 802 5257 ὡς
843 5197 1217 5252 ἀνυπόστατον
1252 5203 1347 5254 καὶ
1393 5206 1587 5272 ὁμοίαν
1626 5224 1751 5274 τρα-

172 5278 278 5341 νῶς
311 5283 505 5353 καπνῴ
534 5285 669 5355 πρὸς
701 5287 839 5358 άέρα
872 5288 1199 5362 διαρρέοντι.

243 5370 569 5441 Βεϐηλὼαας
604 5375 719 5428 ἀλλ’
746 5379 807 5429 οὐ
853 5380 1182 5449 καθηλώσας
1214 5386 1279 5438 ὲκ
1309 5386 1401 5438 τοῦ
1441 5388 1534 5441 σοῦ
1578 5390 1745 5457 φόϐου

318 5462 457 5551 εμὰς
509 5466 743 5536 σάρκας,
788 5471 880 5522 καὶ
916 5471 1015 5543 τὴν
1060 5474 1286 5541 ἁγνείαν
1334 5478 1407 5541 ὡς
1444 5481 1471 5531 6
1520 5480 1746 5551 βέϐηλος

1861 4655 2126 4708 virtutum
2166 4667 2220 4709 et
2276 4667 2594 4711 sanctarum
2634 4662 2961 4728 gratiarum,
2992 4662 3215 4729 spinosa
3264 4661 3445 4717 eradi-

1857 4759 2018 4807 cans,
2048 4755 2102 4799 et
2137 4748 2507 4817 cupiditatum
2542 4752 2898 4821 propaginem
2933 4753 3153 4808 tollens.

1927 4946 2204 5014 lecstis,
2227 4965 2335 5003 nun
2364 4952 2645 5006 terrestris
2675 4952 2862 5022 gloria:
2887 4945 3199 5008 obtinendae
3224 4950 3439 5018 avidus,

1857 5052 2132 5095 terrenam
2165 5045 2557 5113 contempsisti
2600 5054 2862 5117 tanquam
2899 5047 3207 5115 fugitivam,
3265 5046 3435 5118 fragi-

1859 5135 1986 5201 lem,
2031 5136 2223 5190 umbra
2276 5138 2789 5203 inconstantiorem,
2822 5140 3019 5192 somnii
3076 5138 3434 5207 persimilem,

1855 5229 2144 5288 eadm-ani,
2192 5238 2243 5279 et
2294 5229 2425 5282 fumi
2468 5230 2611 5283 haud
2645 5229 2975 5283 dissimilem
3040 5230 3097 5282 in
3133 5243 3260 5283 acra
3308 5243 3436 5283 eva~

1855 5319 2148 5371 noscentis.

1926 5406 2134 5460 Violavi
2190 5423 2385 5463 carnes
2440 5426 2613 5471 meas.
2650 5411 2851 5465 timore
2889 5420 2983 5465 tuo
3039 5425 3145 5464 non
3193 5411 3422 5472 conlisi;

1850 5499 2221 5551 coutaminavi
2250 5501 2559 5555 castitatem
2605 5517 2777 5555 meam
2812 5502 2958 5554 sicut
2990 5500 3134 5554 Esau
3166 5501 3434 5569 profanus

182 5550 355 5661 ζξιξαῦ
403 5555 499 5661 καί
551 5557 771 5627 πόρνος,
829 5560 998 5626 λύσας
1057 5566 1303 5638 λαγνείᾳ,
1336 5571 1542 5642 πόρνης
1605 5574 1743 5646 μέλη

1869 5597 1900 5641 ⁵ι
1931 5597 2239 5651 scortator;
2268 5594 2575 5649 meretricis
2622 5594 2835 5648 libidini
2870 5593 3116 5648 membra
3154 5595 3431 5661 commisi,

172 5643 377 5714 βέϐηλα
443 5646 513 5699 τὰ
567 5651 635 5703 σά
687 5653 823 5723 μέλη
876 5656 943 5709 τά
986 5658 1333 5731 ὴγιασμένα,
1392 5643 1743 5733 Χριστὲ,πεέ

1846 5677 2084 5741 Christe,
2124 5695 2153 5731 a
2201 5690 2251 5733 te
2299 5682 2679 5749 sanctiﬁcata;
2721 5684 2863 5738 beati
2922 5682 3134 5737 Nicolai
3174 5684 3430 5755 precibus

172 5738 372 5804 ποίηκα
399 5754 412 5767 ·
444 5739 567 5793 ὅθεν
590 5759 655 5812 με
683 5746 803 5796 ταῖς
829 5747 1017 5815 εὐχαῖς
1038 5752 1131 5804 τοῦ
1168 5754 1260 5806 σοῦ
1288 5755 1551 5811 Νικολάου
1582 5760 1742 5814 πάλιν

1869 5785 2041 5826 'ursus
2080 5788 2162 5826 me
2192 5772 2496 5829 sanctiﬁca.

166 5829 403 5898 ἅγνισον.

445 5928 716 5991 Ρλτιιοι..
761 5931 872 5995 Gn.
908 5936 1115 6002 XCV].

3027 5952 3105 6015 44
