4112 6448
730 373 861 438 1387

2122 390 2504 449 ADDENDA.

3866 407 3976 473 ΙΝ

794 485 1104 540 Dealbataut
1131 504 1239 543 non
1280 490 1541 545 fwdatam
1575 494 1893 562 passionum
1917 497 2087 553 lit-ore
2109 501 2291 555 stolau‘

2480 501 2890 559 Λευκανθεϊσαν
2931 508 3049 561 ἀλλ’
3080 509 3142 562 οὐ
3181 512 3545 581 μελανθεῖσαν
3580 517 3639 581 ἐξ
3679 519 3976 592 ἀμαυρέτη.

718 579 966 641 indutus,
1008 591 1061 634 et
1102 580 1396 650 fulgentem
1436 585 1891 656 splendidamqne
1928 590 2103 645 facem
2136 607 2298 647 manu

721 682 940 737 gerens,
993 672 1229 727 illustris
1283 669 1528 741 Nicolae,
1559 690 1921 745 supernarum
1982 682 2298 751 nuptiarum

722 762 1021 817 thalamum
1053 765 1369 828 introivisti,
1392 775 1444 820 et
1474 769 1696 823 cmleste
1724 770 2127 845 mysticumque
2146 775 2300 830 cubi-

722 856 931 920 culum,
964 857 1113 927 quod
1142 865 1197 914 et
1235 874 1338 931 ego
1364 860 1681 933 contingam
1707 876 1875 931 opera
1916 874 2029 919 tua.

789 1036 1051 1105 Deipara'.
1083 1066 1152 1078 -—
1182 1037 1464 1096 Excelsior
1490 1051 1547 1097 et.
1593 1046 1883 1101 sublimior
1910 1049 2026 1104 visa
2060 1052 2297 1109 carna-

720 1136 841 1181 tura
873 1145 1033 1197 quam
1062 1132 1237 1189 oculis
1269 1143 1321 1189 et
1351 1139 1905 1209 mentepercipimus,
1945 1140 2127 1214 Virgo.
2159 1144 2294 1201 Nam

718 1229 985 1274 creaturae
1016 1225 1180 1278 totius
1205 1226 1549 1283 conditorem
1592 1231 1846 1287 manibus
1889 1235 2162 1300 contines,
2193 1252 2293 1293 ceu

720 1313 949 1368 thronus
982 1316 1206 1385 igneus;
1240 1336 1403 1388 quem
1438 1338 1584 1383 ores,
1613 1340 1819 1390 quaiso,
1852 1335 1911 1379 ut
1946 1342 2032 1383 me
2082 1328 2153 1384 ab
2193 1345 2289 1386 an-

716 1408 913 1475 gustiis
939 1418 994 1461 et
1017 1412 1419 1468 calamitatibus
1445 1414 1781 1471 inferuerunt
1806 1417 2021 1485 liberet,
2038 1429 2091 1476 et
2119 1422 2204 1479 bis
2237 1423 2292 1478 in

717 1498 879 1552 terris
910 1500 979 1553 ab
1000 1501 1364 1558 obduratione
1388 1507 1440 1558 in
1476 1508 1652 1562 malis.

1178 1592 1291 1650 Ode
1340 1596 1467 1650 νη.
1522 1598 1822 1667 ΙιιεΙῙαὺίίε.

748 1679 923 1735 ιΤι-εε
957 1683 1195 1752 virgines
1221 1702 1341 1739 cum
1377 1697 1533 1757 patre
1572 1691 1623 1742 in
1662 1690 1962 1747 discrimen
2016 1695 2289 1764 adductae,

713 1771 770 1825 in
806 1772 1001 1827 ultima
1032 1776 1173 1828 mala
1205 1786 1370 1846 atque
1397 1788 1661 1833 aeternam
1690 1790 1924 1836 mortem
1960 1783 2286 1854 delapsum,

712 1879 811 1934 per
838 1873 890 1919 te
921 1864 988 1919 ad
1014 1876 1231 1935 portum
1262 1871 1385 1924 vitae
1420 1872 1746 1930 immortalis
1778 1882 1834 1928 et
1870 1877 2020 1947 regni
2044 1879 2288 1937 caelestis

711 1952 959 2009 deducta:
984 1965 1137 2010 sunt.

780 2046 1088 2102 Candidum
1125 2056 1279 2104 tuum
1316 2067 1432 2115 eor,
1480 2054 1722 2123 sapiens,
1758 2056 1948 2123 gloriae
1994 2056 2127 2112 Sole
2160 2060 2287 2114 illu-

710 2141 1004 2206 minatum,
1036 2145 1409 2212 prazstantiori
1458 2145 1668 2199 lumine
1714 2149 1905 2214 procul
1962 2148 2190 2215 effulsit,
2234 2160 2289 2206 et

710 2234 832 2290 luce
856 2249 953 2289 sua
984 2234 1285 2290 videntium
1313 2243 1526 2293 mentes
1554 2252 1786 2307 prorsus
1821 2238 2144 2296 illustravit.

783 2414 1101 2471 Divinarum
1160 2417 1542 2473 doctrinarum
1607 2417 1777 2473 funda
1831 2420 2125 2489 pestiferos
2156 2436 2286 2491 gra-

709 2525 911 2579 vesque
937 2510 1117 2580 lupos,
1157 2520 1372 2574 sancte,
1395 2513 1593 2581 procul
1624 2526 1653 2566 a
1684 2526 1849 2582 grege
1877 2521 1972 2568 tuo
2000 2515 2283 2583 repulisti,

708 2611 763 2656 et
791 2603 858 2656 ah
892 2603 1075 2658 insani
1103 2602 1295 2661 Martis
1324 2605 1644 2675 garrulitate
1671 2606 1883 2675 plebem
1910 2614 2059 2661 tuam
2082 2608 2285 2663 immu-

702 2705 832 2748 nem
872 2694 1127 2749 servasti.

778 2784 945 2838 Juxta
976 2785 1204 2841 Paulum
1247 2795 1400 2843 totus
1438 2788 1678 2843 mundus
1713 2789 1811 2843 tibi
1840 2790 2138 2847 crucifixus
2161 2799 2283 2858 est,

710 2880 1121 2935 concrucilixus
1153 2896 1214 2937 es
1245 2874 1471 2937 Christo
1510 2884 1797 2949 crucilixo,
1838 2894 1894 2938 et
1944 2901 2110 2955 super
2153 2902 2284 2943 cru-

707 2987 824 3025 cem
858 2972 1143 3043 autiquam
1176 2973 1611 3030 exsecrationem
1640 2976 1907 3032 solvente.

768 3154 1112 3222 Deiparw.-—
1139 3152 1310 3208 Mater
1341 3151 1526 3225 Virgo,
1557 3154 1676 3210 sola
1696 3154 1812 3209 visa
1841 3170 1904 3209 es
1937 3156 2196 3226 magistra
2225 3156 2280 3212 in
2309 3185 2354 3245 α

709 3246 907 3312 terris;
942 3259 1062 3315 qua:
1085 3261 1314 3316 puerum
1343 3246 1560 3301 lactastl
1594 3245 1809 3313 absque
1835 3246 2046 3300 semine
2070 3254 2283 3315 natum,

708 3352 807 3405 per
829 3352 994 3405 quem
1029 3345 1219 3405 potum
1273 3350 1474 3389 novum
1504 3335 1676 3388 Israel
1705 3335 1881 3389 ebibit
1909 3334 1978 3389 de
2000 3346 2280 3406 praerupta

706 3434 763 3479 et
796 3427 931 3479 dura
972 3442 1140 3496 rupe;
1180 3440 1274 3496 per
1310 3439 1475 3494 quem
1503 3423 1683 3480 oleum
1713 3432 1768 3479 et
1799 3424 1904 3479 mel
1947 3425 2175 3493 accepit.
2248 3481 2256 3485 κ

1046 3601 1158 3657 Ode
1206 3601 1281 3656 γι
1290 3601 1375 3657 Η.
1410 3601 1609 3673 Legum
1638 3602 1951 3669 primarum.

779 3695 1061 3750 Altissima
1106 3696 1361 3749 columna
1412 3696 1567 3765 ignea
1610 3693 1979 3748 antecedebas
2020 3692 2288 3749 Christia-

709 3788 839 3841 dum
881 3787 1122 3857 plebem,
1152 3801 1294 3841 novo
1317 3787 1487 3842 lsrael
1506 3785 1867 3857 praelucebas,
1892 3786 2070 3850 beate,
2102 3786 2285 3843 tribus

711 3889 838 3949 post
876 3890 925 3934 te
964 3879 1280 3949 gradientes
1320 3879 1656 3941 illuminans,
1696 3886 1752 3931 et
1779 3878 1998 3932 roscida
2026 3879 2170 3934 nube
2200 3896 2286 3935 re-

710 3973 939 4037 ficiens;
974 3971 1222 4027 simulet
1260 3971 1479 4026 nebulis
1521 3980 1576 4025 et
1628 3969 1887 4039 caligine,
1947 3978 2005 4024 et
2052 3969 2199 4027 fumo
2231 3981 2287 4027 et

710 4064 953 4121 tenebris
985 4065 1277 4133 impiorum
1308 4078 1503 4134 agimen
1532 4060 1861 4118 obscuratis.

786 4322 1025 4394 Legibus
1064 4335 1265 4392 parens
1312 4318 1512 4373 summi
1554 4316 1817 4379 Pastoris,
1853 4330 1964 4369 non
2003 4329 2288 4369 mercena-

713 4417 831 4471 rius
865 4413 1188 4485 apparuisti,
1222 4409 1404 4473 Pater,
1450 4409 1545 4462 sed
1589 4408 1768 4461 bonus
1820 4403 2055 4470 Pastor;
2082 4406 2285 4458 etenim

2402 608 2494 655 τος
2551 593 2747 651 παθῶν
2797 596 2991 668 στολὴν
3038 601 3403 672 ἐνδεδυμένος,
3456 607 3550 660 καὶ
3592 610 3835 680 φαιδρὰν
3875 613 3974 665 λευ-

2403 683 2587 755 κοφαῆ
2646 685 2910 757 λαμπάδα
2960 693 3118 761 χερσὶ
3167 694 3453 764 κατέχων,
3505 698 3685 764 ἕνδοξε
3722 702 3975 764 νΝικύλαε,

2400 777 2483 839 εἰς
2516 779 2786 849 νυμφῶνα
2826 782 3025 854 νοητὴν
3073 786 3356 863 εἰσῆλθες,
3403 792 3483 852 είς
3529 793 3865 859 ἐπουράνιον
3897 797 3977 849 θά-

2399 866 2572 937 λαμον
2620 872 2903 942 μυστικὸν,
2936 868 3001 930 οὗ
3043 877 3139 931 καὶ
3163 878 3326 949 ἡμεῖς
3366 880 3627 954 τύχοιμεν
3668 888 3976 954 πρεσϐείαις

2400 976 2519 1015 σου.

2470 1056 2808 1114 (iactantior.
2836 1088 2905 1099 -—
2940 1059 3251 1131 ’Υπερτέρα
3280 1064 3374 1117 καὶ
3401 1064 3712 1137 ὑψηλοτέρα
3738 1070 3839 1139 τῆς
3865 1073 3977 1140 ὀρα-

2398 1139 2496 1210 τῆς
2522 1144 2618 1196 καὶ
2646 1146 2843 1217 νοητῆς
2869 1146 3101 1213 κτίσεως
3137 1149 3349 1219 ὤφθης,
3376 1154 3526 1224 Κόρη
3558 1171 3571 1184 ·
3603 1156 3712 1224 τῆς
3744 1162 3853 1227 γάρ
3875 1139 3975 1211 ﬁt.

2400 1249 2538 1297 σεως
2578 1233 2674 1287 τὸν
2705 1238 2933 1307 συνοχέα
2965 1239 3126 1308 χερσὶ
3164 1241 3412 1311 συνέχεις
3438 1242 3629 1315 ὥσπερ
3662 1245 3859 1315 θρόνος
3887 1251 3975 1302 πῄ-

2399 1344 2579 1398 ρινος’
2607 1326 2668 1380 δν
2712 1328 2925 1383 ἱκέτευε
2964 1330 3345 1403 λυτρώσασθαί
3391 1353 3459 1404 με
3503 1338 3630 1407 ᾅδου
3672 1343 3975 1407 στενὼεως

2395 1420 2490 1470 καὶ
2525 1420 2730 1489 πικρᾶς
2771 1422 3025 1493 συνοχῆς,
3061 1423 3157 1477 καὶ
3187 1425 3289 1494 τῆς
3338 1428 3675 1499 συνεχούσης
3700 1449 3772 1501 με
3797 1433 3976 1503 πωρώ-

2397 1525 2540 1572 σεως
2566 1528 2682 1565 νυν.

2873 1603 3009 1674 ’ῼδὴ
3041 1609 3119 1660 Z’.
3154 1608 3512 1675 Ἀφραστον.

2463 1691 2625 1758 Τρεῖς
2661 1693 2964 1764 θυγατέρες
3013 1697 3152 1767 μετὰ
3186 1701 3393 1769 πατρὸς
3431 1700 3852 1759 κινδυνεύουσαι
3908 1710 3976 1771 είς

2394 1782 2632 1853 ἐσχάτην
2665 1785 2931 1855 χάρυϐδιν
2964 1789 3153 1841 κακῶν
3193 1794 3381 1844 πεσεῖν
3409 1793 3501 1846 καὶ
3532 1794 3727 1848 θανεῖν
3763 1798 3976 1853 θάνατον

2392 1873 2631 1939 αἰώνιον,
2660 1875 2797 1946 πρὸς
2819 1876 3092 1933 ἀθανάτου
3120 1880 3267 1952 ζωῆς
3296 1884 3390 1936 καὶ⁹
3423 1884 3710 1954 βασιλείας
3751 1889 3860 1943 ὑπὸ
3893 1892 3976 1944 σοι]

2391 1964 2861 2037 καθωρμίσθησαν
2880 1968 3099 2040 λιμένα.

2472 2055 2535 2110 Ἥ
2567 2059 2784 2130 καθαρά
2814 2076 2909 2112 σου
2952 2061 3152 2132 καρδία
3186 2063 3395 2118 ἐνοικον
3418 2067 3620 2137 ἔχουσα
3649 2070 3752 2122 τὸν
3777 2071 3879 2140 τῆς
3900 2074 3977 2125 δο-

2392 2143 2490 2215 ξης
2525 2147 2739 2213 Ἥλιον,
2767 2149 2921 2218 σοφὲ,
2971 2150 3122 2222 άΰλῳ
3173 2154 3316 2220 φωτὶ
3347 2156 3442 2226 ὅλη
3482 2158 3869 2229 κατέλαμπεν,
3894 2164 3979 2216 καὶ

2387 2238 2486 2309 τῆς
2516 2239 2727 2304 οἰκείας
2760 2241 2958 2314 αἴγλης
3004 2243 3107 2308 τὰς
3144 2244 3415 2310 διαδόσεις
3456 2250 3715 2323 ἐναργεῖς
3753 2254 3979 2307 ἐποιεῖτο

2387 2333 2502 2393 τοίς
2521 2332 2743 2402 ὁρῶσιν.

2471 2427 2560 2478 Ἐν
2587 2430 2654 2498 τῇ
2705 2428 2968 2501 σφενδόνῃ
3006 2430 3117 2484 τῶν
3160 2432 3472 2487 θεοπλόκων
3518 2435 3830 2505 δογμάτων
3864 2442 3980 2502 τοὶς

2388 2519 2676 2588 λοιμώδεις
2732 2520 2933 2585 λύκους
2961 2525 3057 2576 καὶ
3106 2507 3295 2596 βαρεῖς
3320 2526 3518 2589 ἐλάσας
3555 2530 3816 2600 μακρὰν.
3854 2532 3979 2593 bene,

2387 2607 2490 2677 τῆς
2516 2610 2754 2680 ποίμνης
2797 2628 2914 2678 σου,
2949 2614 3048 2683 τῆς
3084 2615 3391 2684 μανιώδους
3438 2620 3653 2689 Ἀρείου
3695 2622 3981 2689 γλωσσαλ-

2385 2699 2514 2768 γίας
2546 2701 2708 2772 ἀσινῆ
2738 2704 2830 2757 τὸν
2859 2703 2988 2757 λαόν
3019 2723 3114 2758 σου
3145 2708 3408 2762 διεσώσω.

2460 2793 2618 2846 Κατὰ
2654 2795 2747 2848 τὸν
2793 2795 3006 2850 Παῦλον
3046 2798 3130 2849 σοὶ
3176 2799 3383 2869 κόσμος
3420 2800 3569 2867 ἅπας
3594 2803 3980 2876 ἐσταύρωται·

2388 2886 2866 2955 συσταυρούμενος
2944 2887 3023 2957 τῷ
3104 2891 3478 2961 σταυρωθέντι
3548 2895 3833 2966 Χριστῷ,
3897 2900 3986 2951 καὶ

2387 2974 2486 3044 τὴν
2549 2975 2786 3045 ἀρχαίαν
2862 2976 2941 3047 τῷ
3000 2978 3225 3049 σταυρῷ
3286 2980 3454 3034 αὑτοῦ
3517 2982 3762 3038 λύσαντι
3819 2992 3986 3041 ma-

2387 3079 2508 3134 ραν.

2458 3156 2792 3212 Θεοτοκίον.
2818 3186 2893 3197 -
2928 3158 3132 3229 Μήτηρ
3168 3159 3469 3229 Παρθένος,
3507 3164 3767 3235 (tqu
3788 3167 3985 3237 βρέφος

2387 3242 2720 3314 θηλάζουσα,
2784 3247 2921 3317 μόνη
2984 3246 3174 3325 ῷφθης
3231 3250 3493 3305 δέσποινα
3540 3255 3602 3306 ὲν
3644 3259 3746 3325 γῇ,
3806 3259 3880 3309 δι’
3932 3251 3988 3311 οὗ

2401 3306 2615 3407 Ἰσραὴλ
2668 3306 2825 3405 πόμα
2878 3306 3066 3391 κάιόδξρ
3111 3306 3264 3393 έπιεν
3332 3341 3394 3406 ἐξ
3443 3306 3772 3413 άκροτόμου

2388 3427 2489 3497 ρᾶς
2543 3426 2779 3496 ἁνίκμου
2847 3428 3058 3499 πέτρας
3094 3445 3109 3461 ’
3169 3431 3263 3484 καὶ
3314 3432 3585 3501 ἑθήλασεν
3639 3436 3836 3489 ἔλαιον
3902 3441 3989 3492 καὶ

2390 3518 2537 3587 μέλι.
2706 3582 2714 3594 γ

2728 3658 2748 3675 ,
2788 3610 2929 3681 ᾮδῂ
2953 3608 3039 3666 H'.
3068 3612 3282 3680 Νόμων
3305 3614 3574 3682 πρώτων.

2457 3699 2857 3772 Οὕρανομήκης
2914 3700 3107 3764 στύλος
3158 3703 3384 3772 πύρινος
3426 3705 3523 3757 τοῦ
3575 3709 3991 3781 Χριστωνύμου

2386 3793 2574 3856 ἔθνους
2621 3794 3119 3864 προπορευόμενος,
3178 3795 3274 3849 καὶ
3312 3795 3408 3848 τοῦ
3449 3796 3575 3850 νέου
3626 3802 3994 3871 arphowa-

2388 3899 2477 3945 νος
2512 3882 2732 3952 Ἰσραὴλ
2776 3881 2987 3952 ὤφθης,
3036 3883 3245 3951 μάκαρι
3289 3884 3540 3952 φωτίζων
3578 3885 3708 3956 ἅμα
3738 3889 3850 3952 τὰς
3906 3894 3997 3958 ἑφ-

2388 3974 2661 4045 επομένας
2710 3991 2794 4027 σοι
2827 3974 3023 4043 φυλὰς,
3057 3975 3154 4027 καὶ
3175 3975 3415 4039 σκιάζων
3446 3976 3548 4043 τῆς
3580 3979 3823 4049 χάριτος
3872 3983 4024 4051 ὄρη-π

2390 4066 2626 4121 σοόόλων
2668 4066 2903 4137 νεφέλῃῖ·
2965 4065 3195 4136 ὁμίχλης
3244 4066 3302 4119 δὲ
3331 4065 3583 4136 πληρῶν,
3636 4070 3745 4122 καὶ
3791 4070 3997 4140 ἀχλύος

2390 4155 2482 4209 καὶ
2519 4153 2728 4227 καπνοῦ
2766 4154 2861 4208 καὶ
2895 4153 3098 4223 γνόφου
3133 4152 3233 4224 τὴν
3281 4154 3538 4222 φάλαγγα
3589 4155 3713 4210 τῶν
3764 4159 4001 4213 κακοδό-

2390 4246 2517 4311 ξων.

2459 4336 2663 4406 Νόμοις
2713 4334 2943 4405 ποιχῶν
2985 4332 3084 4387 τοῦ
3130 4336 3543 4405 άρχιποιμένος,
3588 4336 3654 4389 οὐ
3712 4340 4001 4406 μισθωτὸς

2392 4425 2658 4495 ὑπῆρξας,
2688 4424 2893 4493 Πάτερ,
2935 4422 3101 4484 καλὸς
3132 4420 3191 4476 δὲ
3241 4424 3451 4493 ποιμήν
3478 4439 3492 4452 ’
3526 4424 3631 4495 τὴν
3666 4426 3873 4499 ψυχήν
3908 4447 3997 4480 σο)

718 4509 950 4563 animam
983 4518 1131 4560 tuam
1159 4518 1259 4574 pro
1287 4503 1487 4556 ovibus
1517 4500 1773 4571 posuisti,
1810 4498 2046 4552 animam
2083 4496 2286 4553 dedisti

2401 4518 2485 4570 καὶ
2523 4518 2633 4586 γὰρ
2663 4516 2913 4575 τέθεικας
2952 4514 3094 4584 ὑπὲρ
3131 4514 3240 4566 τῶν
3273 4514 3382 4566 σῶν
3412 4517 3745 4583 προϐάτων,
3907 4521 4001 4586 τὴν

712 4613 814 4669 pro
836 4596 993 4651 nobis
1029 4594 1198 4648 Deum
1230 4590 1471 4647 Verbum
1508 4590 1770 4653 imitatus,
1816 4588 2120 4658 pretiosum
2156 4601 2285 4643 san-

712 4688 933 4760 guinem
961 4684 1255 4739 humanius
1286 4698 1385 4753 pro
1417 4681 1647 4751 ingratis
1681 4679 2072 4734 effundentem.

783 4887 1165 4944 Delicientium
1205 4888 1468 4947 levamen,
1509 4890 1757 4953 prompta
1789 4880 2113 4934 amictorum
2147 4880 2290 4941 sola-

713 4980 814 5047 tio,
844 4979 1032 5032 mundi
1064 4991 1267 5047 praeses
1290 4976 1521 5029 idoneus
1536 4983 1592 5027 et
1621 4974 1941 5043 aptissimus
1969 4970 2288 5036 auxiliator,

713 5063 803 5126 sol
829 5069 987 5125 visus
1015 5084 1075 5124 es
1126 5053 1643 5138 splendidissimus,
1697 5066 1966 5117 virtutum
2007 5061 2292 5133 quadrigis

716 5165 932 5228 vectus,
975 5158 1217 5229 sapiens,
1252 5165 1309 5212 et
1358 5157 1656 5234 gratiarum
1716 5168 1887 5209 aureo
1929 5168 2097 5209 curru
2151 5154 2293 5209 insi-

714 5254 874 5309 deus.

785 5345 1180 5400 Miraculorum
1209 5342 1521 5413 splendore,
1550 5350 1604 5396 et
1635 5338 2051 5394 benefactorum
2084 5339 2295 5409 fulgore

718 5452 941 5494 omnem
972 5436 1212 5491 animam
1252 5435 1539 5488 illustrans
1576 5441 1628 5483 et
1679 5430 1952 5493 refovens,
2000 5439 2081 5483 ter
2114 5430 2294 5493 beate,

721 5540 777 5587 et
808 5530 1047 5585 tristitia:
1091 5527 1348 5584 tenebras
1396 5498 1526 5580 Yluce
1566 5524 1861 5578 hilaritatis
1900 5530 1955 5577 et
2011 5522 2213 5577 ltetitiae
2243 5529 2324 5577 et.

724 5624 923 5706 gratiae.
947 5622 1239 5692 repellens.

795 5717 1111 5774 Certamina
1161 5724 1277 5781 tua,
1310 5722 1364 5769 et
1396 5727 1565 5775 cum,
1601 5722 1654 5768 et
1703 5714 1937 5778 labores,
1966 5712 2019 5767 et
2044 5709 2293 5775 sudores,

725 5814 877 5872 velut
910 5811 1243 5870 sacrificium
1286 5820 1344 5867 et
1396 5809 1645 5880 fragrans
1693 5814 2029 5877 unguentum
2072 5802 2297 5859 Christo

2394 4607 2530 4659 ίδίαν
2569 4605 2795 4675 θέμενος
2831 4605 3010 4674 ψυχὴν
3031 4604 3173 4675 ὑπὲρ
3202 4606 3382 4674 ἡμῶν,
3405 4604 3537 4657 Θεὸν
3569 4607 3762 4674 Λόγον
3795 4610 4001 4679 μιμού-

2393 4702 2553 4768 μενος
2591 4699 2685 4751 καὶ
2736 4698 2796 4749 τὸ
2830 4698 3015 4765 τίμιον
3073 4693 3216 4767 αἷμα
3248 4695 3567 4750 κενώσαντα
3604 4699 4003 4770 φιλανθρώπερ

2391 4791 2575 4860 τρόπῳ
2598 4790 2739 4860 ὑπὲρ
2761 4790 3105 4861 ⁸ἀχαρίστων.

2474 4879 2851 4949 ’Δθυμούντων
2922 4872 3211 4947 ἀνάφυξις,
3272 4874 3633 4941 ,πενθούντων
3696 4876 3999 4945 ἀντῐλιτᾷκ

2390 4973 2560 5039 ὀξεῖα,
2598 4969 2693 5025 τοῦ
2728 4973 2933 5042 κόσμου
2964 4971 3181 5041 ἕτοιμος
3212 4969 3521 5039 προστάτης
3551 4968 3652 5021 καὶ
3686 4970 3998 5039 πρόχειρος

2389 5062 2701 5133 ἐπικουρία,
2755 5061 3071 5133 χρυσοφαὴς
3116 5059 3339 5131 ὠράθης
3374 5059 3548 5129 ἥλιος,
3599 5057 3724 5111 τῶν
3779 5060 3999 5131 ἀρετῶν
4104 5056 4105 5119 ἕ

2391 5153 2677 5225 τεθρίππῳ
2708 5153 3090 5223 ὲπιδιφρεύων,
3116 5152 3266 5220 σοφὲ,
3299 5151 3393 5204 καὶ
3412 5149 3725 5220 ὀχούμενος·
3751 5153 4000 5221 ὀχήματι

2394 5247 2631 5317 χαρίτων
2670 5246 3036 5315 χρυσαντίγῳ.

2463 5337 2770 5407 Θαυμάτων
2819 5336 3002 5408 αἴγλῃ,
3050 5332 3381 5406 εὐεργεσιῶν
3440 5335 3808 5404 μαρμαρυγῇ
3862 5349 4003 5402 εἰέκ-⁵·

2397 5430 2546 5484 κτῶν
2576 5429 2757 5501 ψυχὴν
2797 5427 3017 5483 ἃπασαν
3040 5429 3135 5482 καὶ
3164 5426 3475 5497 πυρσεύων,
3504 5428 3877 5498 τρισμάκαρ,
3916 5427 4001 5478 καὶ
4104 5426 4105 5459 l

2395 5522 2540 5576 λύων
2568 5521 2809 5592 ἀθυμίας
2833 5521 2925 5574 τὸν
2958 5519 3142 5590 ζόφον,
3174 5518 3367 5589 φέγγει
3413 5518 3694 5589 εὐθυμίας
3732 5519 3838 5572 καὶ
3868 5533 3997 5587 χειρ-

2402 5614 2568 5687 μονῆς
2599 5616 2695 5669 καὶ
2731 5612 3093 5685 εὐφροσύνης.
3376 5624 3379 5627 ·

2469 5707 2534 5759 Ui
2565 5706 2662 5761 σοῦ
2706 5705 2916 5775 ἀγῶνες
2951 5705 3048 5758 καὶ
3078 5704 3129 5757 οί
3164 5704 3403 5772 κάματοι
3444 5701 3546 5755 καὶ
3591 5702 3646 5755 οί
3684 5703 3871 5774 ἀτμοὶ
3904 5699 4002 5753 τέκ’)

2399 5801 2598 5868 πόνων,
2631 5799 2726 5855 καὶ
2757 5800 2806 5854 οί
2856 5796 3081 5869 ίδρῶτές
3115 5813 3230 5865 σου,
3272 5795 3349 5862 ὥς
3383 5793 3646 5867 θυμίαμα
3679 5797 3999 5852 συνθέσεως
