4112 6448
191 381 324 448 1389

1289 401 1602 465 HYMNUS
1634 406 1716 468 IN
1757 410 1819 471 s.
1856 379 2194 473 PETRUM.

3304 424 3439 489 1390

186 499 276 550 xui
314 498 609 601 πολύτιμον
646 504 816 577 μύρον
853 504 934 570 είς
955 509 1181 576 εὐωδίας
1208 512 1386 585 ὀσμὴν
1420 520 1741 590 προσαχθένι

1862 529 2067 593 oblata,
2122 542 2173 584 te
2206 530 2408 584 mundo
2454 529 2653 586 ﬂumen
2694 532 3161 589 sanctiﬁcationis
3193 538 3440 605 praebue-

184 604 272 681 τες
318 588 394 659 τῷ
432 591 673 664 Χριστῷ,
731 598 975 667 ποταμὸν
1027 600 1389 671 ἀγίασματος,
1446 608 1540 659 καὶ
1576 588 1759 681 πηγὴν

185 679 329 735 θείου
354 684 549 757 μύρου,
585 689 681 741 καὶ
710 690 949 760 πέλαγος
976 694 1550 771 Θαυματουργημάτον
1574 679 1760 759 ἔθεντό

184 790 241 826 σε
268 775 478 846 κόσμῳ,
510 778 748 835 Νικόλαε
784 784 1105 855 ίερομύστα.

250 868 584 925 Θεοτοκίον.
620 903 688 913 —
728 874 899 945 ’Υπὲρ
949 878 1151 945 αἰτίαν,
1216 880 1355 952 ὑπὲρ
1412 883 1619 939 ἔννοιαν
1667 886 1758 941 τὸν

179 961 517 1030 προελθόντα
552 966 725 1033 Λόγον
759 967 818 1033 ἐξ
856 971 1102 1025 άναιτίου
1142 974 1376 1044 Πατρὸς,
1417 979 1642 1030 καὶτῶν
1672 979 1758 1032 δν-

176 1069 283 1107 των
304 1055 522 1109 πάντων
565 1058 739 1112 αἴτιον
768 1062 1164 1133 ὲσωμάτωσας,
1202 1069 1353 1138 Κόρη
1382 1085 1395 1099 ο
1430 1071 1488 1123 σὲ
1511 1070 1619 1140 γὰρ
1669 1073 1755 1124 αἰ-

174 1144 297 1198 τίαν
358 1146 558 1219 ἔσχηκε
612 1152 987 1222 σαρκούμενος
1044 1158 1108 1208 ἐκ
1158 1158 1276 1220 σοῦ,
1330 1161 1414 1212 ἵνα
1463 1161 1612 1232 σώσῃ
1665 1162 1755 1216 τὸν

175 1235 484 1306 ἄνθρωπον,
518 1241 595 1304 ὡς
624 1242 1006 1316 φιλάνθρωπος
1036 1248 1234 1315 φύσει·
1271 1251 1336 1303 δι’
1367 1245 1441 1303 ὧν
1476 1254 1572 1305 καὶ
1601 1256 1755 1325 ἐνην-

177 1328 432 1401 θρώπησε
481 1332 674 1402 θέλων,
711 1336 807 1389 καὶ
848 1341 1266 1412 συνανεστράφη
1302 1343 1613 1415 ἀνθρώποις
1662 1363 1752 1415 φι-

174 1420 301 1476 λανθ
311 1424 529 1494 ρώπως.

525 1536 664 1607 ’ῼδὴ
702 1540 781 1593 6'.
815 1537 913 1608 Μή
941 1539 1241 1610 ἐποδύρου
1264 1561 1407 1613 μου.

244 1645 427 1709 Ἰλεως
458 1647 549 1701 ἔσο
591 1666 706 1718 μοι,
743 1650 948 1721 Σῶτερ,
985 1654 1044 1706 ὲν
1082 1655 1266 1726 ἡμέρᾳ
1300 1657 1402 1725 τῆς
1454 1658 1627 1729 δίκης,
1660 1661 1750 1714 ὅτε

170 1738 513 1807 παρίσταμαι
570 1740 778 1808 γυμνὸς
829 1740 907 1811 τῷ
966 1742 1171 1813 βήματι
1211 1744 1291 1814 τῷ
1341 1747 1418 1816 σῷ
1444 1765 1458 1780 ·
1493 1751 1589 1803 καὶ
1626 1751 1750 1820 ίλέῳ

1863 632 2009 686 runt,
2047 637 2327 677 sacrarum
2375 626 2637 693 magister
2666 624 2912 692 Nicolae,
2938 635 2993 681 et
3020 624 3226 682 fontem
3265 625 3438 685 divini

1862 712 2070 779 odoris,
2103 721 2159 768 et
2189 715 2595 786 praestigiosum
2627 730 2795 772 mare.

1934 891 2197 959 Delparm.
2221 923 2290 933 —
2310 891 2513 948 Praeter
2539 910 2785 963 causam,
2814 907 3122 971 prasterque
3142 903 3433 973 cogitatio-

1858 996 1978 1035 nem
1998 998 2059 1036 ex
2085 992 2289 1037 aaterno
2307 982 2465 1038 Patre
2498 985 2741 1054 genitum
2759 1002 2944 1043 rerum
2972 991 3219 1045 omnium
3244 1006 3436 1047 aucto-

1859 1089 1969 1128 rem
2012 1090 2243 1144 corpore
2281 1076 2519 1140 donasti,
2562 1076 2765 1148 Virgo;
2820 1088 2873 1135 te
2918 1084 3067 1137 enim
3110 1085 3433 1153 genitricem

1857 1164 2068 1231 habuit,
2106 1175 2390 1237 assumpto
2420 1182 2675 1237 corpore,
2710 1181 2770 1223 ut
2800 1170 3077 1228 hominem
3114 1176 3327 1229 salvum
3355 1175 3433 1229 fa.

1856 1266 2026 1320 ceret,
2063 1269 2249 1328 utpote
2292 1267 2487 1313 natura
2522 1261 2992 1332 benignissimus;
3057 1280 3163 1333 qua
3218 1266 3433 1321 ratione

1856 1348 2032 1404 libens
2067 1350 2231 1404 homo
2251 1350 2428 1407 factus
2456 1359 2560 1417 est,
2593 1364 2649 1408 et
2672 1354 2965 1425 benignius
3004 1355 3146 1411 inter
3177 1356 3431 1412 homines

1855 1456 2214 1500 οοηνετεοῑιιε
2247 1454 2351 1500 εει.

2287 1558 2401 1615 Ode
2436 1558 2541 1613 IX.
2580 1557 2664 1613 Ne
2693 1576 2771 1615 me
2796 1559 3001 1615 doleas.

1926 1674 2243 1729 Misericors
2282 1674 2413 1727 mihi
2452 1681 2597 1736 esto,
2663 1673 2938 1739 Salvator,
2967 1674 3025 1728 in
3070 1674 3159 1729 die
3206 1674 3427 1744 indicii,

1850 1763 2073 1834 quando
2117 1764 2297 1817 nudus
2327 1763 2394 1817 ad
2440 1764 2677 1817 tribunal
2710 1772 2863 1817 tuum
2898 1763 3191 1825 accedam;
3242 1771 3297 1816 et
3332 1763 3429 1817 be-

167 1825 285 1878 τότε
342 1843 579 1897 προσχες
652 1847 742 1898 μοι
816 1831 1047 1901 ὄμματι,
1109 1834 1381 1889 Νικολάου
1432 1839 1527 1891 τοῦ
1602 1838 1741 1894 Θείου

1850 1857 2016 1925 nigno
2054 1862 2189 1909 tunc
2230 1870 2315 1908 me
2341 1855 2506 1909 oculo
2540 1855 2880 1918 consideres,
2923 1853 3132 1907 Nicolai
3167 1854 3278 1907 divi
3304 1869 3426 1924 gra-

166 1918 524 1986 πρεσϐείαις·
584 1922 648 1974 σὺ
679 1921 788 1992 γὰρ
837 1919 888 1976 εἶ
941 1923 1105 1994 μόνος
1152 1926 1321 1990 ὅντως
1373 1931 1611 2000 χρηστὸς
1648 1933 1741 1986 καὶ

1847 1948 1951 2013 tia;
1988 1956 2044 2001 tu
2074 1949 2219 2002 enim
2250 1947 2401 2002 solus
2435 1961 2559 2001 vere
2580 1946 2759 2001 bonus
2786 1955 2840 2001 et
2872 1946 3209 2000 misericors.

168 2008 347 2073 ἵλεως.

246 2102 333 2164 Ὠς
365 2102 466 2173 τὴν
508 2105 791 2176 πραότητα
821 2108 1051 2179 στέρξας
1096 2110 1191 2164 τοῦ
1222 2111 1448 2167 θεόπτου
1478 2116 1741 2182 Μωσέως,

164 2193 258 2245 καὶ
304 2193 403 2264 τὴν
446 2195 655 2248 ἐκείνου
691 2196 993 2265 ὲκ).ηρώσω
1038 2199 1197 2264 δόξαν
1246 2203 1345 2271 τῆς
1399 2206 1653 2275 μορφῆς·
1683 2206 1745 2258 τὸ

162 2282 275 2354 γὰρ
319 2284 612 2354 πρόσωπόν
660 2303 753 2339 σου
786 2289 882 2340 καὶ
922 2290 1061 2358 μετὰ
1109 2289 1338 2345 Θάνατον
1371 2294 1745 2366 ’σελασφόροις

160 2374 345 2427 ἀκτῖσι
388 2375 553 2429 ἀΰλου
590 2377 872 2448 φωτισμοῦ
904 2380 998 2434 καὶ
1038 2381 1180 2451 αὐγῇ
1213 2382 1529 2456 γλυκυτάτη
1587 2404 1745 2458 περι-

160 2466 455 2534 ελάμπετο.

247 2559 683 2630 ’Δναμοχλεύσας
720 2564 783 2615 ὲκ
815 2562 1033 2635 βάθρων
1083 2565 1160 2636 τῷ
1196 2566 1380 2637 μοχλῷ
1414 2568 1523 2622 τῶν
1565 2571 1742 2641 εὐχῶν

162 2667 278 2714 σου,
314 2653 407 2705 καὶ
437 2654 774 2727 τειχοσείστῃ
800 2656 1043 2728 κραταιῷ
1074 2658 1152 2727 τῷ
1167 2659 1316 2727 ὅπλῳ
1347 2661 1441 2713 τοῦ
1475 2664 1736 2734 σταυροῦ,

161 2745 329 2813 ἐναγῆ
386 2744 588 2815 τεμένη
651 2750 1015 2817 μιαρωτάτων
1070 2748 1229 2818 θεῶν,
1275 2752 1502 2818 εὐαγεῖς
1534 2756 1738 2821 οἴκους,

162 2835 372 2905 μάκαρ,
409 2838 696 2907 άνήγειρες
741 2840 963 2911 Χριστῷ
993 2842 1071 2912 τῷ
1110 2845 1316 2913 κυρίως
1347 2847 1441 2898 καὶ
1472 2847 1619 2917 μόνῳ
1647 2848 1741 2902 καὶ

159 2927 305 2979 κατὰ
327 2928 487 2993 φύσιν
516 2928 657 2996 Θεῷε

230 3014 369 3078 Noti;
419 3016 757 3071 ἀνύστακτον
801 3017 955 3090 ὄμμα
990 3024 1329 3090 κεκτημένος
1360 3027 1453 3077 καὶ
1487 3026 1737 3099 θεόφρον,

158 3105 255 3157 καὶ
312 3108 614 3176 καιομένην
659 3108 880 3177 ἀρεταῖς
940 3110 1198 3180 λαμπάδα
1254 3116 1442 3185 νοερὰν
1493 3118 1587 3171 καὶ
1636 3120 1738 3190 ἀρ-

1919 2127 2393 2183 Mansnetudinem
2451 2128 2543 2194 qui
2601 2126 2865 2197 diligebas
2916 2127 3027 2181 divi
3082 2126 3313 2197 Moysis,
3354 2127 3423 2181 il-

1848 2222 2071 2277 lustrem
2099 2221 2220 2291 ejus
2264 2219 2495 2274 formam
2528 2222 2757 2275 sortitus
2786 2235 2880 2287 es;
2912 2235 3035 2273 nam
3068 2221 3256 2275 vultus
3295 2228 3422 2274 tuus

1843 2313 1930 2368 vel
1962 2322 2083 2383 post
2119 2322 2349 2367 mortem
2384 2312 2555 2367 radiis
2604 2310 2850 2380 fulgebat
2891 2312 3196 2381 splendidis
3237 2310 3422 2365 incor-

1846 2406 1998 2476 porei
2030 2405 2253 2459 luminis
2281 2416 2332 2459 et
2372 2406 2489 2459 luce
2514 2404 2853 2475 gratissima.

1914 2582 2180 2638 Funditus
2204 2582 2446 2637 avellens
2480 2590 2629 2635 vecte
2660 2594 2880 2649 precum
2919 2588 3163 2643 tuarum,
3204 2587 3263 2632 ut
3290 2593 3418 2632 cru-'-

1843 2675 1925 2729 cis
1956 2674 2129 2728 ariete
2160 2687 2350 2727 muros
2383 2672 2659 2740 quatiens,
2690 2668 3052 2724 exsecrabilia
3087 2675 3285 2737 templa
3310 2668 3418 2722 int-

1844 2767 2060 2836 piorum
2106 2765 2334 2818 deorum
2376 2763 2645 2821 cvertisti.
2686 2761 2843 2816 beate
2870 2778 2883 2825 ;
2910 2769 2964 2816 et
3006 2769 3227 2815 sanctas
3259 2761 3417 2816 sedes

1845 2858 2066 2913 Christo
2091 2856 2373 2911 mdilicasti
2401 2855 2491 2924 qui
2525 2854 2679 2908 solus
2709 2862 2763 2906 et
2787 2861 2979 2908 natura
3013 2867 3136 2907 vere
3163 2854 3328 2909 Deus.

1918 3033 2159 3103 Spiritus
2192 3029 2355 3083 oculo
2398 3028 2661 3100 praeditus
2714 3027 2860 3097 vigili
2901 3035 2955 3082 et
2994 3027 3104 3097 pio,
3136 3036 3190 3081 et
3242 3024 3413 3079 facem

1843 3142 2041 3199 gerens
2074 3122 2375 3178 virtutibus
2407 3122 2689 3174 ardentem
2713 3161 2729 3187 ,
2778 3129 2831 3175 et
2878 3119 3268 3174 misericordiae
3294 3118 3416 3171 oleo

156 3193 455 3264 δευομένην
536 3196 812 3259 πλουσίως
889 3199 1118 3253 πάντοτε
1190 3202 1289 3271 τῆς
1365 3205 1737 3277 ὲλεημοσύνης

1847 3193 2187 3272 abundanter
2241 3216 2564 3281 instructus,
2624 3215 2675 3266 in
2740 3211 3001 3283 gaudium
3066 3211 3280 3265 Domini
3332 3210 3415 3263 in-

159 3286 325 3352 ἐλαίῳ
367 3286 601 3354 δαψιλεῖ,
648 3289 728 3350 εἰς
777 3291 954 3357 χαρὰν
998 3294 1347 3363 εἰσελήλυθας
1393 3296 1486 3347 τοῦ
1529 3298 1734 3368 Κυρίου

162 3394 282 3429 σου.

231 3468 374 3522 Νοῦν
403 3469 781 3541 αὐτοκράτορα
809 3471 947 3541 ἔχων
977 3473 1085 3527 τῶν
1117 3475 1375 3546 ὀρέξεων,
1421 3480 1628 3552 Πάτερ,
1664 3476 1740 3553 τῷ

158 3565 564 3634 κοσμοκράτορι
619 3564 799 3635 ἐχθρῷ
866 3566 1130 3638 ἀντέστης
1184 3571 1493 3640 κραταιῶς,
1550 3574 1739 3645 βοηθὸν

160 3656 473 3727 πλουτήσας
506 3657 598 3709 τὸν
629 3659 1055 3729 Παντοκράτορα
1083 3677 1097 3691 ’
1133 3663 1226 3715 καὶ
1262 3664 1449 3716 παθῶν
1493 3667 1740 3735 βασιλεύ-

160 3769 260 3813 σας
310 3752 589 3822 παρέστης
646 3754 703 3805 ὲν
759 3753 913 3805 νυκτὶ
964 3754 1178 3825 βασιλεῖ
1221 3758 1617 3829 Κωνσταντίνῳ
1661 3759 1740 3830 τῷ

156 3844 544 3913 αὐτοκράτορι.

232 3936 367 3988 Οὐδὲ
418 3937 685 4005 παράλιος
729 3938 978 4008 ψάμμος,
1026 3939 1146 3991 οὐδὲ
1194 3941 1399 4010 πλῆθος
1453 3942 1735 4014 κυμάτων,

154 4027 189 4097 ἢ
230 4028 370 4096 βόλοι
398 4029 588 4099 δρόσου
612 4032 708 4083 καὶ
738 4030 932 4083 λεπταὶ
957 4031 1190 4100 ψεκάδες
1220 4034 1461 4102 νιφετοῦ,
1489 4038 1547 4088 οὐ
1581 4038 1738 4108 χορὸς

158 4119 426 4189 ἀστέρων,
447 4122 571 4173 οὐδὲ
597 4122 853 4189 σταγόνες
875 4122 1095 4195 βροχῆς,
1130 4126 1223 4176 καὶ
1249 4127 1491 4196 ποτάμια
1524 4131 1736 4200 ῥεῖθρα,

155 4212 218 4263 οὐ
252 4215 463 4279 νάματα
500 4214 693 4283 πηγῶν
726 4217 839 4277 τοῖς
886 4218 997 4279 σοῖς
1046 4216 1305 4286 θαύμασι,
1337 4219 1542 4289 Πάτερ,
1594 4239 1739 4292 παρ-

159 4300 544 4372 ισωθήσονται.

229 4397 563 4449 Θεοτοκίον.
596 4427 667 4437 -
696 4397 801 4451 Τοῦ
854 4399 989 4452 Θεοῦ
1035 4404 1176 4455 κατά
1208 4404 1368 4472 χάριν
1415 4406 1543 4470 τοὺς
1590 4408 1740 4471 υἱοὺς

151 4483 266 4535 τῶν
298 4484 597 4555 ἀνθρώπων
629 4489 656 4539 ό
681 4489 953 4553 συναῖδιος
983 4492 1110 4555 Υἱὸς
1140 4496 1232 4546 καὶ
1262 4497 1432 4563 Λόγος
1460 4497 1553 4551 τοῦ
1579 4499 1734 4565 Θεοῦ,

155 4576 233 4634 ὡς
269 4576 395 4638 Υἱὸς
442 4577 731 4648 ἀνθρώπου
777 4582 841 4633 ἐκ
871 4582 963 4633 σοῦ
1006 4584 1298 4654 γενόμενος
1336 4589 1734 4659 ἀπειργάσατο,

150 4663 331 4733 Κόρη’
352 4665 410 4716 δν
426 4666 649 4736 αἴτησαι
672 4666 817 4738 κάμὲ
847 4667 962 4722 υἱὸν
989 4670 1117 4724 ὄντα
1159 4674 1384 4745 γεέννης
1423 4676 1558 4729 Θεοῦ
1587 4676 1738 4746 ποιῆ-

153 4774 248 4810 σαι
281 4759 416 4812 υίόν.

595 4871 924 4924 ιοΑΝΝοΥ
964 4837 1321 4928 ΜοΝᾸΧοΥ

290 4981 529 5035 ΚᾹΝΩΝ
570 4984 677 5035 ΕΙΣ
715 4985 850 5036 TON
898 4986 1100 5038 APION
1132 4987 1409 5042 ΠΕΤΡΟΝ
1460 4992 1599 5043 ΤΟΝ

732 5055 1152 5110 ΚΟΡΥΦΑΙΟΝ.

152 5161 241 5222 Οὗ
272 5166 309 5233 ἠ
339 5167 686 5237 ἀκροστιχίς
720 5184 732 5197 ·
765 5169 995 5243 Μο-λπῇν
1031 5171 1141 5240 ᾄδω
1172 5188 1274 5236 σοι,
1309 5172 1500 5243 Πέτρε.
1521 5173 1733 5242 ’Ύμνος

827 5241 1073 5291 Ἰωάννου
1088 5279 1099 5294 .

163 5348 309 5419 ’ῼδὴ
335 5355 416 5415 Α¹,
452 5348 634 5420 Ἦχος
667 5353 885 5421 βαρύς.
922 5355 1136 5407 Νεύσει
1185 5368 1301 5407 σου
1333 5355 1480 5421 πρὸς
1518 5356 1724 5424 γεώδη.

229 5442 388 5514 [Cod.
418 5443 457 5498 ἴ.
508 5444 611 5497 107
644 5443 725 5515 1).]
768 5446 951 5513 Μόνην
997 5446 1334 5516 ὲπιποθήσας
1369 5448 1477 5500 τῶν
1510 5450 1731 5515 ἀγαΘῶν

146 5534 266 5588 τῶν
299 5534 621 5604 μελλόντων,
640 5536 790 5604 σοφὲ,
808 5537 906 5606 τὴν
929 5538 1248 5603 ἀπόλαυσιν,
1273 5538 1342 5591 τὰ
1369 5539 1559 5609 ῥέοντα
1592 5559 1727 5611 παρα

148 5628 386 5696 ἐδραμες
412 5643 426 5658 ο
462 5627 583 5679 ὅθεν
638 5628 859 5698 Χριστῷ
905 5630 1201 5701 ὲκολλήθης
1248 5630 1344 5684 καὶ
1388 5631 1727 5701 συνεκράθης

148 5716 308 5786 αὐτῷ
334 5718 583 5788 διαπύρῳ
623 5722 844 5789 στοργῇ.

229 5808 393 5861 Ὀλον
472 5828 527 5863 σε
598 5811 967 5882 πυρακτώσας
1033 5814 1167 5884 πυρὶ
1225 5812 1373 5882 ἁΰὶῳ
1433 5815 1524 5868 καὶ
1594 5811 1723 5883 Θείῳ

1842 3311 2041 3365 ιὋίδιί.

1914 3490 2146 3543 Mentem
2192 3488 2402 3541 habens
2440 3485 2745 3538 'all‘et-tihus
2782 3482 3193 3543 dominantem,
3230 3480 3391 3535 Pater

1841 3582 2034 3636 mundi
2103 3580 2336 3650 principi
2397 3579 2572 3632 valide
2640 3575 2926 3639 restitisti,
3012 3574 3414 3641 Omnipotentis

1840 3674 2043 3729 auxilio
2099 3674 2321 3743 adjutus
2394 3671 2690 3725 atlertuum
2750 3683 2845 3723 rex
2897 3666 3202 3735 apparuisti
3252 3671 3415 3719 nocte

1840 3765 2209 3820 Constantino
2237 3762 2576 3832 imperatori.

1911 3941 2021 3995 Nec
2052 3952 2220 3992 arena
2249 3934 2448 3989 littoris
2479 3949 2578 3988 nec
2610 3933 2874 3986 ﬂuctuum
2911 3930 3091 3994 turba,
3131 3937 3231 3984 nec
3270 3929 3414 3984 roris

1841 4033 2089 4103 guttulte,
2131 4043 2232 4084 nec
2277 4038 2469 4081 tenues
2524 4024 2668 4078 nivis
2698 4022 2950 4094 globulae,
3006 4036 3105 4075 nec
3137 4027 3413 4073 astrorum

1840 4126 2065 4187 cherus,
2100 4136 2200 4176 nec
2235 4118 2548 4174 nimborum
2588 4116 2778 4179 stillae,
2821 4120 2917 4167 aut
2957 4112 3196 4166 "hminis
3231 4112 3413 4173 undm.

1838 4228 1934 4270 aut
1968 4214 2199 4269 fontium
2235 4211 2453 4283 lympha
2484 4217 2718 4280 possunt
2758 4207 3039 4261 miraculis
3071 4206 3200 4272 tuis,
3228 4203 3412 4267 Pater,

1840 4306 2166 4373 comparari.

1914 4396 2177 4461 Πείρου-ω.
2211 4422 2277 4431 --
2308 4392 2401 4445 Dei
2454 4390 2627 4459 gratia
2667 4389 2809 4441 lilios
2857 4387 3134 4440 hominum
3187 4385 3410 4446 liberet,

1851 4488 1943 4558 qui
1974 4486 2144 4540 Filius
2180 4485 2270 4538 Dei
2305 4492 2611 4537 comtcrnus
2652 4488 2707 4534 et
2742 4479 3001 4542 Verbum,
3026 4492 3121 4546 per
3145 4483 3197 4529 te
3239 4473 3413 4528 Filius

1842 4579 2082 4633 hominis
2115 4576 2289 4630 factus
2322 4583 2428 4638 est,
2461 4571 2663 4643 Virgo;
2695 4571 2788 4640 qui
2825 4586 2909 4624 me
2935 4570 3103 4623 lilium
3152 4567 3412 4637 gehennae

1848 4670 2124 4739 inquirere
2155 4670 2301 4722 venit
2334 4678 2391 4719 ut
2422 4664 2515 4719 Dei
2546 4664 2685 4717 lilius
2718 4663 2923 4717 ﬁerem.

2240 4884 2367 4941 10A
2382 4883 2567 4939 NNIS
2613 4864 2967 4939 MONAcm

1980 4996 2270 5051 IIYMNUS
2312 4995 2376 5049 IN
2406 4993 2733 5118 Bl‘i‘Alﬁglhjd“
2750 4989 3033 5047 PETRUM
3059 4988 3271 5046 CORY-

1843 5182 2035 5234 Prima:
2049 5196 2289 5234 versuum
2315 5179 2505 5230 liuenr
2526 5179 2825 5244 signiﬁcant
2847 5197 2862 5229 .·
2878 5176 3109 5231 Carmen
3130 5175 3225 5230 tibi
3246 5188 3405 5241 cano,

2246 5248 2439 5312 Petre;
2475 5249 2712 5318 hymnus
2753 5247 3003 5301 Joannis.

1876 5360 1985 5414 Ode
2015 5359 2060 5411 1.
2096 5358 2269 5414 Sanus
2299 5361 2493 5428 gravis.
2537 5356 2887 5411 Inclinatione
2919 5367 3009 5410 tua
3038 5356 3106 5410 ad
3143 5368 3370 5411 terrena.

1908 5452 2079 5507 Unico
2098 5452 2293 5504 ardens
2320 5449 2626 5503 futurorum
2650 5451 2915 5502 bonorum
2940 5449 3140 5510 studio,
3166 5447 3404 5515 sapiens,

1835 5540 2059 5609 fugitiva
2102 5538 2395 5603 lastidisti;
2428 5539 2571 5591 unde
2605 5539 2825 5591 Christo
2855 5537 3127 5592 adhmsisti
3192 5535 3403 5591 fervun-

1834 5636 2045 5689 tissimu
2082 5649 2204 5686 cum
2240 5647 2303 5686 eo
2337 5632 2629 5686 dilectione
2660 5630 3008 5700 coniunctus.

1902 5812 2097 5865 Totum
2155 5820 2204 5865 te
2264 5811 2386 5881 igne
2434 5811 2756 5879 incorporeo
2806 5818 2859 5863 et
2914 5806 3097 5863 divino
3157 5803 3399 5873 perussit
