4112 6448
670 417 797 483 1391

2135 417 2514 480 ADDENDA.

3816 409 3934 476 1392

663 533 1028 585 carbunculus
1057 547 1071 594 ;
1105 545 1264 600 quem
1306 529 1442 584 vidit
1500 529 1632 584 olim
1687 528 1858 586 Isaias
1903 531 2121 584 ﬂamma
2153 530 2238 585 iu-

2344 529 2368 581 δ
2413 524 2624 598 ἄνθραξ
2672 524 2834 589 ἄῦλος
2863 541 2878 556 ο
2909 525 2970 580 δν
3023 517 3161 578 εῑδεν
3216 523 3450 588 Ἡσαΐας
3506 523 3640 577 ποτὶ
3693 523 3935 594 ἄνθρακι

666 635 926 690 corporea
954 635 1203 676 errorum
1245 635 1446 690 corpus
1480 619 1916 676 comburentem.

731 803 1032 858 Lucernam
1090 803 1375 858 ardentem
1429 811 1485 857 et
1529 802 1781 872 lampada
1843 802 2244 873 splendentem,

666 902 781 954 luce
813 899 1010 953 divina:
1037 898 1343 968 disciplina:
1376 905 1586 952 mentes
1613 897 2036 959 illuminantem,
2063 893 2242 962 Petre,

663 992 898 1063 prurbuit
925 1002 976 1045 te
1019 991 1257 1060 Spiritus
1283 1000 1511 1046 sanctus
1535 990 1792 1061 gentibus
1822 989 1966 1045 inter
1987 990 2244 1052 tenebras

662 1083 1006 1152 degentibus.

732 1173 916 1236 Fides,
949 1190 1098 1244 spes,
1127 1175 1393 1240 charitas,
1422 1175 1631 1231 militia:
1662 1184 1768 1231 tuas
1788 1190 1976 1241 arma;
2009 1175 2243 1231 infracta

665 1266 856 1330 lorica,
896 1268 1153 1337 utrinque
1177 1275 1375 1324 acutus
1415 1269 1589 1335 ensis,
1623 1278 1678 1325 et
1715 1271 1867 1341 galea
1901 1269 2121 1335 Salutis,
2153 1284 2244 1328 ve-

665 1361 905 1414 nerande
939 1362 1206 1430 apostole.

737 1537 1077 1600 Deiparw.—
1096 1538 1332 1607 Apertus
1369 1544 1479 1603 est,
1508 1536 1605 1593 Dei
1635 1536 1912 1601 Genitrix,
1946 1536 2244 1608 purissimo

665 1640 758 1684 tuo
776 1628 914 1683 Filio
944 1631 1205 1698 antiquus
1233 1629 1543 1699 paradisus,
1572 1644 1737 1699 quem
1765 1629 2038 1684 clauserat
2066 1627 2243 1699 prima

663 1735 901 1790 parens;
941 1730 996 1777 et
1033 1721 1218 1792 generi
1250 1721 1533 1777 hominum
1571 1722 1827 1778 restituta
1871 1732 1958 1777 est
2008 1721 2242 1792 pristina

663 1816 859 1885 patria.

1050 1929 1162 1984 Ode
1187 1927 1308 1984 111.
1345 1930 1450 1995 Qui
1483 1931 1543 1984 in
1571 1931 1852 2000 principio.

733 2047 930 2118 Aquila
959 2048 1266 2117 apparuisti
1293 2048 1531 2102 nubibus
1570 2049 1826 2115 invecta;
1861 2064 1986 2106 nam
2019 2049 2074 2105 in
2097 2050 2241 2106 oculi

663 2138 820 2203 ictu,
872 2138 1059 2194 divino
1102 2147 1157 2194 et
1209 2141 1580 2210 omnipotente
1632 2143 1880 2212 Spiritu,
1948 2142 2017 2197 de
2068 2141 2240 2197 Roma

663 2232 716 2285 in
750 2231 881 2287 Sion
916 2248 1010 2302 per
1041 2232 1238 2288 nubem
1271 2234 1572 2290 translatus
1601 2235 1875 2300 es,vivam
1912 2233 2002 2290 Dei
2039 2234 2239 2290 nubem

662 2335 979 2381 curaturus.

731 2501 864 2570 Qua:
893 2507 1146 2575 purgavit
1198 2506 1364 2568 Deus.
1419 2509 1575 2561 solus
1631 2514 1830 2562 natura
1883 2508 2244 2573 mundus,ne

660 2597 827 2651 violet
861 2597 1048 2663 homo,
1089 2599 1289 2669 inquit.
1324 2598 1458 2653 Nam
1493 2601 1676 2654 omnia
1712 2599 1805 2656 Dei
1837 2616 2006 2671 opera
2038 2605 2241 2657 munda

661 2690 925 2754 mundis;
963 2700 1321 2762 quapropter,
1357 2692 1539 2756 Petre,
1576 2694 1805 2763 pttritlea
1838 2709 1926 2749 me
1982 2695 2243 2765 precibus

661 2779 769 2833 tuis
791 2780 868 2834 ab
894 2781 1193 2838 immundis
1224 2782 1535 2838 all‘ectibus.

727 2959 948 3016 Plebem
981 2963 1253 3018 allocutus
1281 2965 1336 3018 in
1389 2962 1548 3031 Sion,
1600 2976 1654 3022 et
1707 2967 1781 3022 ibi
1842 2969 2081 3038 primum
2115 2969 2238 3024 lidei

662 3071 970 3111 sermonem
1007 3056 1337 3125 praedicans,
1379 3059 1566 3113 statim
1603 3074 1839 3114 messem
1876 3059 2050 3114 tulisti
2094 3059 2242 3115 fera-

660 3163 802 3213 cem,
825 3157 880 3203 et
911 3150 964 3204 in
991 3150 1210 3206 Christo
1229 3153 1465 3220 genuisti
1489 3152 1940 3210 celebratissima
1961 3152 2238 3218 Trinitati,

661 3239 948 3295 ecclesiam
982 3242 1144 3296 trium
1183 3243 1411 3298 millium
1440 3245 1707 3302 virorum.

741 3415 895 3472 Velut
935 3418 1038 3472 faex
1074 3419 1222 3474 aeria
1253 3428 1425 3484 nocte.
1455 3436 1550 3490 per
1584 3423 1755 3479 maria
1788 3425 2133 3494 navigantes,
2167 3425 2241 3479 ita

664 3524 816 3565 mare
845 3510 1196 3567 tenebrosum
1226 3519 1281 3567 et
1339 3513 1637 3568 obscurum
1696 3516 1988 3584 procellosi
2033 3518 2242 3574 erroris

661 3602 1016 3658 traducentes
1050 3603 1170 3659 luce
1201 3603 1324 3659 ﬁdei
1358 3605 1708 3670 illuminasti,
1741 3605 1922 3665 Petre.

740 3888 1002 3955 θείμαν-(ε.
1034 3919 1103 3931 —-
1125 3888 1202 3945 Te
1230 3904 1505 3945 summum
1523 3891 1822 3963 refugium,
1845 3900 1900 3948 et
1924 3892 1991 3948 ad
2023 3893 2244 3950 salvan-

663 3983 788 4036 dam
831 3982 1239 4052 paratissimam
1281 3984 1710 4051 auxiliatricem,
1764 3985 2020 4052 Domina,
2074 3989 2242 4043 vehe-

665 4083 877 4130 menter
911 4091 1010 4131 oro
1036 4085 1090 4130 et
1130 4078 1416 4146 deprecor,
1469 4078 1708 4133 animam
1757 4095 1936 4134 meam
1977 4082 2239 4152 suscipe,

663 4185 692 4221 a
742 4170 1098 4224 tabernaculo
1148 4172 1511 4241 migrantem,
1580 4181 1674 4237 et,
1735 4173 2000 4230 derelicta
2054 4182 2236 4241 terra,

663 4263 825 4315 aliam
860 4263 1137 4332 regionem
1178 4264 1494 4332 petituram.

1111 4377 1224 4433 Ode
1262 4377 1368 4434 IV.
1411 4380 1517 4447 Qui
1548 4391 1818 4450 paternos.

734 4469 834 4535 Qui
875 4470 1276 4542 discipulorum
1313 4473 1561 4527 omnium
1599 4475 1809 4543 primus
1845 4479 2138 4533 cucurristi
2173 4478 2239 4533 ad

2355 619 2529 690 πυρὸς
2570 617 2738 673 ἁῢλου
2789 617 3016 673 καίοντα
3045 635 3057 649 ·
3095 618 3196 689 τὴν
3245 617 3381 690 ὕλην
3429 617 3530 689 τῆς
3573 615 3798 686 πλάνης
3837 617 3936 669 ἀπ-

2355 709 2576 781 ἐφηνεν.

2422 801 2634 872 Λύχνον
2664 799 3080 872 φωτοϐολοῦντα
3120 802 3218 856 καὶ
3244 801 3532 873 χρυσαυγῆ
3561 818 3626 855 σε
3662 801 3935 870 λαμπάδα,

2349 893 2415 946 τδ
2485 894 2693 964 φέγγος
2757 895 3146 966 πυρσεύουσαν
3207 896 3308 964 τῆς
3354 894 3509 958 θείας
3562 893 3934 963 ιπιγνὼσεως,

2351 985 2550 1058 Πέτρε,
2573 987 2637 1041 τὸ
2657 987 2814 1056 ἅγιον
2839 987 3060 1058 Πνεῦμα
3088 989 3201 1053 τοῖς
3231 989 3644 1058 ὲσκοτισμὲνοις
3675 985 3937 1052 ἀνέδειξεν

2352 1077 2584 1133 ἔθνεσιν.

2425 1172 2648 1238 Πίστις,
2703 1171 2894 1234 ἐλπὶς,
2947 1173 3181 1244 ἀγάπη,
3230 1173 3332 1242 τῆς
3391 1172 3493 1240 σῆς
3553 1172 3833 1238 στρατιᾶς
3881 1170 3940 1222 τὰ

2350 1263 2494 1318 ὅπλα
2523 1283 2540 1296 ο
2600 1267 2630 1318 ὁ
2686 1262 2931 1337 θώραξὸ
2973 1266 3274 1336 ἄρρηκτος,
3315 1267 3348 1334 ὴ
3385 1265 3641 1334 μάχαιρα
3696 1264 3732 1332 ἠ
3776 1262 3943 1314 δίστο-

2351 1347 2476 1424 μος,
2511 1355 2608 1410 καὶ
2634 1357 2668 1429 ἠ
2696 1356 3101 1428 περικεφαλαία
3120 1359 3155 1428 ἡ
3183 1357 3281 1410 τοῦ
3331 1357 3631 1428 σωτηρίου,
3683 1354 3944 1408 ﬁndo-toi:

2351 1462 2522 1516 τιμιε.

2425 1541 2761 1597 Θεοτοκίσν.
2805 1574 2876 1584 -
2928 1545 3248 1608 Ἥνοικται,
3299 1541 3614 1612 Θεομῆτερ,
3677 1541 3764 1610 τῷ
3821 1557 3947 1592 παν-

2351 1630 2609 1704 αχράντφ
2638 1651 2734 1687 σου
2759 1635 2906 1706 τόκῳ
2939 1636 2967 1688 δ
2996 1635 3168 1689 πάλαι
3195 1634 3543 1702 παράδεισος,
3573 1632 3642 1685 ὃν
3673 1633 3711 1702 ἡ
3740 1631 3950 1699 προμή-

2351 1738 2465 1791 τωρ
2493 1722 2706 1777 ἔκλεισε
2733 1743 2748 1758 ·
2789 1727 2886 1779 καὶ
2927 1725 3009 1796 τῷ
3053 1725 3165 1778 τῶν
3192 1723 3499 1796 ἀνθρώπιον
3531 1726 3694 1792 γένει
3725 1724 3892 1776 πάλιν
3920 1723 3949 1792 ὴ

2350 1809 2555 1881 ἀρχαία
2587 1813 2789 1884 πατρὶς
2815 1815 3152 1870 ἀποδέδοται.

2684 1927 2824 1998 ’ῼδὴ
2850 1929 2937 1985 Γ’.
2985 1927 3050 1982 '0
3078 1928 3209 1982 κατ’
3228 1929 3424 1998 ἀρχὰς
3451 1929 3625 1994 τούς.

2421 2035 2836 2109 Νεφελοδρόμος
2863 2039 3021 2102 ἀετὸς
3044 2042 3074 2094 δ
3096 2041 3404 2112 πεζοπόρος
3438 2042 3701 2112 ἐδείχθης
3722 2055 3738 2069 ·
3776 2043 3840 2095 ἑν
3869 2047 3950 2114 {n-

2351 2132 2427 2202 πῇ
2489 2130 2601 2199 γὰρ
2668 2129 2861 2203 ὥσπερ
2911 2131 3219 2204 ὀφθαλμοῦ,
3269 2134 3348 2203 τῷ
3398 2135 3809 2206 παντουργικῷ
3863 2137 3949 2189 καὶ

2349 2218 2480 2292 θείῳ
2545 2222 2851 2293 Πνεύματι,
2927 2224 3038 2277 ἀπὸ
3102 2225 3204 2294 τῆς
3268 2223 3486 2296 Ῥώμης
3548 2227 3610 2280 ἐν
3654 2225 3809 2278 Σιὼν
3867 2226 3949 2279 διὰ

2347 2315 2580 2387 νεφέλης
2637 2315 2864 2385 ἐγένου,
2921 2316 3188 2388 κηδεῦσαι
3245 2318 3348 2388 τὴν
3401 2318 3656 2390 ἔμψυχον
3718 2321 3948 2390 νεφέλην

2348 2406 2508 2460 Θεοῦ.

2423 2502 2489 2553 "A
2539 2501 2837 2573 ὲκαθάρισε
2870 2502 3022 2566 Θεὸς,
3060 2506 3088 2557 ὁ
3130 2503 3371 2575 καθαρὸς
3427 2505 3591 2570 φύσει
3652 2507 3850 2574 μόνος,
3878 2509 3946 2575 μὴ

2345 2593 2609 2648 κοινούτω
2657 2595 2966 2668 ἄνθρωπος,
3011 2596 3178 2666 φησί’
3234 2598 3330 2650 καὶ
3382 2597 3491 2667 γὰρ
3555 2598 3790 2668 καθαρὰ
3840 2602 3946 2661 τοῖς

2343 2686 2606 2754 καθαροῖς
2639 2685 2756 2739 ἐστι
2787 2688 2966 2741 πάντα
2997 2689 3066 2742 τὰ
3095 2687 3233 2760 ἔργα
3277 2688 3377 2742 τοῦ
3405 2689 3545 2744 Θεοῦ
3573 2707 3586 2720 ·
3636 2692 3728 2744 διὸ
3759 2692 3946 2745 παθῶν

2344 2778 2672 2849 ἀκαθάρτων
2723 2778 2966 2851 καθαρόν
3029 2797 3121 2851 με,
3178 2781 3375 2853 Πέτρε,
3429 2783 3553 2845 ταῖς
3615 2784 3945 2854 πρεσὸεεαις

2346 2887 2464 2924 σου.

2412 2963 2820 3033 Δημηγορήσας
2848 2965 2906 3018 ὲν
2940 2964 3102 3030 Σιὼν,
3145 2966 3242 3018 καὶ
3274 2967 3367 3018 τὸν
3416 2967 3519 3036 τῆς
3564 2967 3823 3030 πξστεως
3865 2968 3947 3020 λδ·

2343 3071 2439 3122 γον
2491 3055 2869 3126 κατασπείρας
2909 3056 3128 3127 πρῶτος
3173 3059 3232 3110 ἐν
3262 3059 3424 3129 αὐτῇ,
3473 3060 3759 3129 πολύχουν
3795 3060 3948 3121 εὐθὺς

2341 3147 2434 3200 τὸν
2463 3149 2664 3217 στάχυν
2709 3149 2974 3219 ἤνεγκας,
3020 3151 3457 3221 καρποφορήσας
3499 3152 3564 3202 ὲν
3596 3151 3838 3222 Χριστῷ
3887 3153 3948 3219 τῇ

2265 3240 2310 3299 C
2344 3241 2681 3312 πανυμνήτῳ
2731 3239 2947 3312 Τριάδι,
2999 3241 3210 3309 ἀνδρῶν
3263 3243 3588 3314 τρισχιλίων
3649 3243 3949 3312 ἐκκλησίαν

2347 3331 2572 3400 σεπτήν.

2424 3422 2514 3486 Ὧς
2572 3422 2814 3496 διαέριος
2858 3423 3068 3497 πυρσὸς
3107 3426 3217 3487 τοῖς
3267 3426 3326 3477 ἐν
3373 3424 3610 3492 πελάγει
3670 3425 3951 3494 θαλάσσης

2344 3515 2738 3585 ποντουμὲνοις
2805 3515 2973 3584 μέσον
3035 3515 3134 3585 τῆς
3207 3517 3424 3579 νυκτὸς,
3495 3517 3783 3580 ὡσαύτως
3849 3520 3953 3580 τοῖς

2345 3607 2570 3661 πλέουσι
2615 3608 2715 3678 τὴν
2757 3606 3036 3663 θάλασσαν
3080 3607 3182 3678 τὴν
3229 3607 3465 3678 ζοφερὰν
3512 3609 3612 3661 καὶ
3663 3612 3954 3678 σκοτεινήν

2342 3700 2444 3768 τῆς
2483 3700 2862 3772 πολυκύμονος
2907 3701 3115 3772 πλάνης
3155 3700 3359 3770 ἔφανας
3393 3700 3559 3770 φωτὶ,
3607 3701 3827 3772 Πέτρε,
3866 3702 3956 3767 τῆς

2344 3793 2604 3856 πίστεως.

2418 3885 2752 3939 Θεοτοκίον.
2787 3916 2856 3928 -
2881 3886 2948 3938 Σὲ
2981 3885 3252 3957 κραταιὰν
3281 3885 3638 3954 καταφυγὴν,
3675 3889 3780 3940 καὶ
3825 3889 3958 3956 πρὸς

2342 3979 2404 4032 τὸ
2435 3978 2632 4042 σώζειν
2665 3979 2891 4048 ἑτοίμην
2922 3981 3278 4050 προστασίαν,
3330 3980 3626 4041 Δέσποινα,
3677 3982 3954 4042 πλουτῶν,

2344 4069 2564 4140 θερμῶς
2596 4069 2823 4123 ἱκετεύω
2865 4088 2922 4123 σε
2954 4072 3048 4124 καὶ
3077 4070 3291 4139 δέομαι,
3326 4071 3423 4139 τῆς
3474 4072 3620 4140 ἐμῆς
3676 4073 3956 4143 «gemas.

2341 4160 2542 4231 ψυχῆς,
2572 4163 2952 4233 χωριζομένης
2979 4161 3076 4215 τοῦ
3109 4165 3365 4234 σκήνους,
3415 4165 3510 4216 καὶ
3558 4169 3712 4234 πρὸς
3751 4168 3958 4236 κόσμον

2343 4254 2502 4309 ἄλλον
2522 4255 2864 4326 ἀπαιρούσης
2888 4256 2952 4308 ὲκ
2980 4257 3104 4327 γῆς.

2770 4367 2910 4437 ’ῼδὴ
2941 4371 3016 4421 Δ’.
3061 4368 3126 4421 Ὃ
3161 4369 3508 4436 θεατρικούς.

2427 4461 2485 4515 '0
2537 4460 2878 4532 προδραμὼν,
2920 4461 3140 4514 πάντων
3198 4459 3460 4530 μαθητῶν
3502 4461 3603 4512 ἐπὶ
3644 4463 3753 4514 τὸν
3794 4464 3957 4530 τάφον

663 4563 973 4632 sepulcrum
1022 4565 1492 4632 praestantissimae
1543 4566 1680 4630 vitae,
1735 4568 1792 4622 in
1840 4569 2094 4638 sepulcro
2147 4587 2237 4639 pe-

2345 4555 2442 4624 τῆς
2491 4554 2856 4606 ὲνυποστάτου
2915 4551 3086 4618 ζωῆς,
3138 4551 3232 4605 τὸν
3289 4552 3348 4604 ὲν
3395 4551 3561 4622 τάφῳ
3625 4570 3706 4621 με
3757 4555 3953 4607 nam}.

660 4662 808 4707 trtea:
852 4652 1233 4709 obdurationis
1266 4655 1627 4711 dormientem
1683 4656 1861 4713 excita
1895 4674 1982 4715 me
2006 4675 2103 4730 per
2125 4676 2241 4731 pa:-

661 4741 972 4794 nitetttiam.

737 4832 1036 4887 Recortlari
1067 4832 1255 4885 horret
1289 4846 1445 4888 mens
1474 4841 1607 4902 quot
1642 4840 1846 4901 terras,
1883 4844 2021 4904 quot
2064 4837 2236 4891 maria

663 4926 981 4995 pervadere,
1013 4932 1144 4993 quot
1174 4924 1426 4991 sudores,
1457 4933 1590 4994 quot
1620 4925 1836 4982 labores
1868 4929 2106 4997 perferre
2130 4944 2238 4983 non

662 5016 928 5072 dubitasti
960 5030 1058 5086 pro
1085 5014 1380 5086 Evangelia
1409 5017 1620 5086 gratim.

731 5193 790 5247 In
824 5192 968 5246 malo
998 5206 1401 5247 consenescens
1431 5192 1626 5261 procul
1671 5207 1700 5246 a
1730 5193 1818 5245 via
1855 5192 1972 5258 Dei,
2005 5204 2240 5265 utroque

664 5284 868 5354 poplite
900 5283 1183 5338 claudico:
1225 5281 1468 5346 devium,
1507 5290 1720 5349 sancte,
1748 5282 1816 5337 ad
1842 5286 2104 5342 virtutem
2152 5302 2240 5342 re-

660 5375 860 5430 forma.

732 5488 1032 5557 Acceptam
1069 5501 1099 5540 a
1127 5486 1348 5542 Christo
1398 5486 1722 5552 Eeclesiam,
1767 5503 1933 5558 quam
1973 5489 2091 5560 ipse
2128 5489 2239 5547 Do-

663 5579 850 5634 minus
872 5579 1185 5640 constituit,
1209 5594 1315 5633 non
1344 5588 1527 5634 autem
1561 5579 1834 5648 homines,
1866 5581 2005 5637 bene
2037 5582 2239 5654 guber-

663 5673 830 5734 nasti,
863 5680 922 5724 ut
955 5688 1170 5734 navem,
1200 5672 1460 5742 apostolo.

736 5851 812 5908 Te
835 5853 1072 5924 speciem
1092 5851 1284 5920 Iacob,
1315 5869 1478 5924 quam
1510 5852 1789 5917 mundam,
1825 5862 1878 5911 ct
1905 5856 2158 5921 electam,
2183 5866 2236 5914 et

2348 4645 2508 4700 δοντα
2545 4644 2803 4707 λιθὼδους
2845 4643 3180 4714 πωρώσεως,
3222 4643 3311 4697 διὰ
3351 4644 3657 4713 μετάνοιαν
3712 4650 3954 4718 ἀνάστη-

2433 4827 2660 4898 Ἰλιγγιᾷ
2701 4825 2824 4890 νοῦς
2868 4826 3155 4880 κατανοεῖν
3197 4824 3296 4894 τὴν
3335 4824 3393 4877 ὲν
3443 4822 3712 4894 θαλάσσῃ
3772 4829 3868 4880 καὶ
3904 4829 3954 4880 ἒν

2348 4923 2418 4990 γῇ
2465 4918 2748 4989 περίοδον·
2805 4919 2933 4980 τοὺς
3002 4916 3256 4986 ἱδρῶτας,
3310 4915 3438 4978 τοὺς
3487 4917 3803 4986 καμάτους
3867 4937 3951 4972 σε.»

2346 5011 2442 5074 οὒς
2479 5011 2639 5082 ἔτλης
2678 5009 2982 5080 γηθόμενος
3027 5008 3172 5081 ὑπὲρ
3209 5006 3305 5061 τοῦ
3335 5007 3694 5076 Εὐαγγελίου
3726 5010 3833 5079 τῆς
3863 5013 3951 5080 χὰ-

2386 5120 2516 5165 ιτος.

2353 5120 2755 5254 ριῖῗςῖλαιωθεὶς
2779 5192 2900 5254 ὅλος
2947 5192 3006 5243 ὲν
3055 5190 3247 5252 κακοῖς
3293 5187 3399 5242 ἀπὸ
3440 5188 3558 5242 τῶν
3605 5190 3835 5262 τρίσων
3865 5186 3946 5241 ττέ

2347 5282 2484 5335 Θεοῦ
2554 5280 2801 5352 ὲχώλανα
2875 5278 3219 5349 ἀμφοτέραις
3290 5278 3412 5340 ταῖς
3479 5277 3719 5345 ἰγνύαις
3807 5292 3946 5348 μου·

2346 5373 2641 5442 ἀρτὶωσον,
2673 5372 2820 5442 ἅγιε,
2854 5372 2948 5425 τὸν
2979 5370 3116 5440 πρὸς
3152 5369 3354 5440 ἀρετὴν
3379 5386 3448 5438 με
3481 5371 3846 5438 χωλεύοντα.

2431 5486 2526 5538 Ἐκ
2549 5484 2646 5538 τοῦ
2695 5483 2933 5555 Χριστοῦ
2968 5485 3032 5537 σὺ
3061 5481 3396 5554 παραλαϐὼν
3428 5481 3533 5551 τὴν
3584 5483 3945 5552 Ἐκκλησίαν,

2347 5577 2414 5649 ἢν
2469 5576 2634 5640 αὐτὸς
2675 5578 2704 5630 ὁ
2755 5575 2967 5648 Κύριος
3025 5575 3120 5627 καὶ
3172 5575 3274 5628 οὑκ
3326 5573 3624 5645 ἄνθρωποι
3677 5575 3943 5644 ἔπηξαν.

2350 5668 2528 5733 καλῶς
2609 5667 2985 5738 ἐκυδὲρνησας
3065 5666 3141 5729 ὡς
3213 5666 3416 5720 ὁλκάδα
3485 5667 3758 5739 ταύτην,
3823 5664 3944 5720 ἁτέ-

2348 5765 2522 5819 στολε.

2421 5858 2754 5917 Θεοτοκιόν,
2788 5888 2858 5902 -—
2884 5855 2997 5929 Τὴν
3030 5853 3298 5927 καλλονὴν
3330 5870 3390 5908 σε
3439 5853 3542 5908 τοῦ
3585 5853 3825 5916 Ἰακὼϐ.
