4112 6448
178 372 313 437 ισλτι

1353 378 1671 440 HYMNUS
1695 379 1774 439 IN
1811 381 1871 442 S.
1912 382 2341 445 GEORGIUM.

3308 396 3444 455 1394

173 482 416 554 καθαρὰν
484 483 576 538 καὶ
628 481 889 553 ἐκλεκτὴν
938 482 1037 537 xei.
1086 484 1318 554 ἄμωμον
1363 488 1431 558 ἢν
1488 488 1747 560 ἠγάπησε

1854 493 2263 549 sanctissimam
2311 493 2507 548 dilexit
2541 495 2799 552 Christus
2857 496 2999 552 Deus
3033 499 3442 569 pulchritudine

172 577 404 647 Χριστὸς
434 579 461 630 6
488 578 642 643 Θεὸς,
673 579 702 629 6
740 576 931 630 κάλλει
967 578 1328 648 ἀσύγκριτος,
1364 580 1616 645 ἱκετεύω,
1651 581 1753 634 Δέ-

175 686 387 735 σποινα,
416 668 590 721 σῶσόν
626 686 714 739 με.

537 761 675 830 ’ῼδὴ
712 759 797 815 Ε’.
829 763 1005 830 Κύριε
1030 765 1062 816 ὁ
1092 765 1236 829 Θεός
1260 781 1399 833 μου.

253 849 473 921 Ῥώμης
505 852 533 903 6
562 852 870 922 πολιοῦχος,
905 854 998 907 καὶ
1025 855 1123 923 τῆς
1161 854 1437 924 βασιλείας
1468 858 1496 910 6
1526 858 1754 927 ταμιοῦ-

172 960 286 1011 χος,
340 944 374 1013 ἡ
429 944 606 1015 πέτρα
669 947 767 1015 τῆς
817 946 1091 1011 πίστεως,
1139 951 1166 1001 6
1224 951 1453 1021 στερρὸς
1505 952 1757 1022 θεμέλιος

172 1033 271 1101 τῆς
297 1035 594 1107 καθολικῆς
638 1037 964 1110 Ἐκκλησίας
992 1042 1156 1111 ἱεροῖς
1191 1042 1465 1111 ύμνείσοω
1499 1045 1556 1097 ἐν
1578 1046 1758 1116 ᾅσμα-

174 1141 278 1181 σιν.

242 1219 391 1285 Ἕως
430 1221 682 1289 ἑπτάκις
733 1225 900 1278 πάλαι
945 1226 1038 1278 τοῦ
1088 1228 1327 1297 Χριστοῦ
1376 1229 1684 1300 πυθόμενος
1710 1234 1757 1285 εί

170 1312 403 1380 ἀφήσεις
439 1317 552 1377 τοῖς
600 1316 1075 1388 ἐξαμαρτάνουσιν
1121 1321 1203 1382 είς
1242 1322 1325 1384 σὲ,
1357 1322 1557 1392 Πέτρε,
1598 1324 1759 1394 ἥκου-

174 1420 293 1467 σας,
321 1407 403 1457 Οὺ
433 1406 587 1476 λέγω
612 1424 709 1462 σοι
731 1410 843 1475 ἕως
876 1410 1142 1477 ἑπτάκις,
1166 1414 1672 1482 ἑϐδομηκοντάκις
1691 1416 1759 1469 δὲ

164 1498 405 1565 μαλλον
427 1498 499 1551 ἐπ
510 1497 598 1551 τά.

244 1589 441 1657 Τίμιος
459 1590 738 1644 ἐναντίον
750 1594 974 1659 Kvplov
994 1597 1026 1646 ό
1046 1594 1303 1661 θάνατος
1321 1596 1440 1650 τῶν
1452 1599 1642 1653 ὁσίων
1656 1603 1760 1654 αὐ-

170 1680 298 1743 τοῦ,
324 1680 503 1744 καθὼς
540 1683 884 1753 γέγραπται·
921 1688 949 1738 6
973 1686 1065 1749 σὸς
1096 1688 1175 1754 δὲ,
1204 1691 1553 1762 πανεύξρημε,
1578 1694 1759 1765 πολλῷ

168 1768 493 1842 τιμιώτερος
520 1772 721 1837 ὅντως,
751 1774 825 1840 ὡς
864 1776 960 1829 τοῦ
997 1777 1144 1831 θείου
1193 1779 1403 1845 πάθους
1449 1785 1755 1856 ὲκσφράγι-

172 1876 305 1929 αμα.

242 1954 467 2007 Ἅπασα
502 1956 743 2023 μαλακία
772 1956 836 2009 ἐκ
865 1957 975 2011 τῶν
1005 1960 1408 2027 πιστευόντων,
1459 1964 1555 2019 καὶ
1600 1966 1753 2020 πᾶσα

168 2046 326 2109 νόσος
362 2049 483 2110 ταῖς
517 2046 861 2111 ἀλεξικάκοις
911 2067 1006 2102 σου
1051 2051 1337 2122 παλάμαις
1365 2055 1661 2125 ἠλαύνετο,
1688 2057 1753 2122 ἃς

169 2139 435 2203 ἐπιτιθεὶς
463 2143 574 2203 τοῖς
599 2141 869 2205 νοσοῦσιν,
903 2144 1076 2212 ὑγιεῖς
1111 2146 1353 2211 ὲδείκνυς
1377 2189 1392 2211 ,
1460 2150 1749 2203 ἀπόστολε.

242 2232 578 2285 Θεοτοκίον.
604 2232 964 2303 υ-⁰⁹Υψωσας,
990 2236 1241 2301 Θεοτόκε,
1274 2240 1373 2309 τὴν
1401 2241 1758 2295 ταπεινωθεῖ-

171 2340 271 2375 σαν
325 2324 631 2393 ἀνθρώπων
684 2326 869 2393 φύσιν,
919 2329 1013 2381 καὶ
1064 2330 1267 2399 ταύτην
1309 2331 1600 2401 ὲξήγειρας
1659 2333 1753 2388 τοῦ

169 2417 400 2486 ἀρχαίου
419 2417 711 2488 πτώματος
731 2435 745 2451 ο
766 2420 859 2473 τὸν
885 2420 1120 2489 Χριστὸν
1143 2423 1272 2493 γὰρ,
1303 2425 1394 2479 τὸν
1421 2426 1754 2496 ἀνορθοῦντα

170 2510 297 2574 τοὺς
318 2512 827 2583 κατερῤαγμένους,
853 2513 1174 2585 ἐγέννησας.

619 2627 759 2697 ’ῼδὴ
795 2630 887 2695 (τ’.
917 2628 1285 2686 Ναυτιῶντα.

242 2735 323 2789 Τὰ
354 2735 521 2806 ψευδῆ
557 2740 779 2806 σημεῖα,
822 2740 917 2792 καὶ
960 2740 1057 2803 τὰς
1088 2741 1470 2811 φασματὼδεις
1499 2743 1755 2812 δυνάμεις

166 2825 265 2878 τοῦ
316 2826 584 2895 Σίμωνος,
613 2829 810 2899 Πέτρε,
843 2829 937 2882 τοῦ
991 2833 1303 2901 καταράτου
1345 2837 1425 2895 εἰς
1474 2834 1535 2885 τὸ
1586 2834 1756 2902 μηθὲν

167 2918 430 2980 διαλύσας
454 2919 740 2982 ἀνέλυσας,
760 2921 835 2983 ὠς
851 2921 1002 2991 ἣλιος
1025 2924 1222 2990 γνόφου
1251 2926 1343 2977 καὶ
1371 2924 1602 2995 ὁμίχλην
1621 2944 1632 2957 ·
1661 2926 1757 2978 καὶ

167 3008 370 3071 πολλὰς
400 3010 659 3077 δυνάμεις
694 3011 753 3063 ἐν
790 3010 910 3079 Θεῷ
939 3013 1226 3083 ἐποίησας.

251 3100 317 3152 'H
344 3100 481 3153 Θεοῦ
514 3101 675 3169 σοφία
721 3106 753 3172 ἠ
807 3102 1198 3169 ἐξουσιάζουσα
1244 3105 1483 3169 πάντων,
1518 3106 1613 3159 καὶ
1648 3105 1754 3167 σοὶ,

1861 585 2314 659 incon‘iparabilis
2346 606 2358 643 :
2392 602 2511 655 oro,
2536 589 2787 657 Domina,
2819 592 2970 648 salva
3002 605 3104 649 me.

2233 769 2344 825 Ode
2381 768 2441 825 V.
2476 770 2700 827 Domine
2732 772 2873 828 Deus
2902 790 3067 835 meus.

1935 863 2120 916 Retine
2142 877 2367 931 praeses,
2393 871 2448 917 et
2481 865 2614 933 regii
2648 866 2849 929 .erarii,
2882 873 3034 935 petra
3056 865 3199 930 ﬁdei,
3228 866 3443 922 ﬁrmum

1860 956 2141 1009 catholicae
2178 954 2436 1011 Ecclesia:
2470 956 2906 1023 fundamentum,
2945 958 3121 1014 sacris
3151 958 3442 1014 celebretis

1860 1046 2218 1101 carminibus.

1937 1223 2113 1295 Usque
2167 1227 2379 1294 septies,
2431 1225 2714 1296 reSpondit
2779 1225 2879 1280 tibi
2935 1224 3191 1281 Christus
3242 1223 3441 1295 petenti

1861 1318 2078 1384 quoties
2110 1316 2468 1388 peccantibus
2517 1317 2568 1371 in
2603 1328 2654 1370 te
2690 1315 3105 1379 dimittendum,
3157 1313 3280 1368 Non
3324 1314 3442 1369 diro

1863 1409 1956 1462 tibi
1984 1426 2146 1478 usque
2177 1409 2392 1477 septies,
2424 1409 2514 1462 sed
2544 1423 2707 1477 usque
2742 1407 3035 1477 septuagies
3065 1407 3276 1475 septies.

1933 1589 2279 1647 Honorabilis
2304 1604 2482 1642 coram
2514 1588 2743 1642 Domino
2786 1606 2929 1643 mors
2963 1597 3270 1643 sanctorum
3302 1587 3433 1656 ejus,

1864 1684 1941 1736 uti
1976 1684 2242 1751 scriptum
2264 1690 2349 1737 est
2373 1699 2387 1748 ;
2421 1689 2512 1735 tua
2538 1696 2669 1735 vero
2692 1682 2868 1737 multo
2893 1681 3291 1745 honorabilior,
3311 1679 3443 1750 quia.

1862 1773 2059 1827 divinae
2082 1771 2357 1843 passionis
2397 1786 2523 1826 vera
2552 1770 2756 1843 imago.

1926 1964 2119 2020 Omnis
2170 1978 2339 2034 sopor
2382 1965 2584 2035 procul
2634 1980 2664 2019 a
2719 1963 3092 2028 credentibus,
3141 1971 3197 2019 et
3258 1963 3439 2018 omnis

1857 2056 2087 2111 morbus
2144 2057 2450 2126 pellebatur
2479 2055 2786 2111 salutiferis
2820 2057 2930 2110 tuis
2990 2054 3266 2119 manibus,
3302 2070 3440 2125 quas

1857 2147 2194 2216 imponendo
2226 2146 2528 2216 languidis,
2558 2149 2795 2202 sanahas
2822 2161 3036 2211 omnes,
3062 2147 3331 2217 apostole.

1926 2237 2279 2305 Beiparw.—
2300 2236 2655 2292 llumiliatam
2683 2237 2963 2291 hominum
2986 2246 3240 2291 naturam
3280 2238 3439 2295 resti-

1858 2330 2035 2393 tuisti,
2058 2328 2152 2385 Dei
2184 2328 2456 2394 Genitrix,
2487 2328 2714 2398 antiquo
2751 2342 2883 2383 casu
2922 2326 3240 2397 depressam
3267 2330 3441 2384 erexi-

1858 2425 1964 2490 sti;
2006 2438 2128 2477 nam
2164 2423 2399 2493 genuisti
2436 2422 2741 2487 Christum,
2774 2421 2871 2492 qui
2900 2422 3107 2478 esaltat
3139 2422 3399 2478 humiles.

2326 2620 2437 2675 Ode
2481 2618 2572 2675 VI.
2628 2619 2951 2675 Vomentem.

1928 2736 2165 2790 Fallacia
2191 2736 2346 2803 signa
2387 2732 2657 2788 maledicti
2690 2731 2953 2797 Simonis,
2976 2730 3156 2797 Petre,
3190 2742 3245 2788 et
3263 2748 3438 2790 vanas

1858 2832 2089 2885 virtutes
2116 2841 2343 2896 prorsus
2362 2824 2627 2886 avertisti.
2658 2825 2801 2879 sicut
2826 2823 2908 2878 sol
2939 2824 3198 2879 tenebras
3223 2834 3277 2879 et
3305 2824 3433 2879 cali-

1859 2922 2038 2993 ginem
2072 2920 2221 2991 l'ugat
2248 2937 2262 2981 ;
2293 2928 2346 2974 et
2380 2919 2548 2973 multa
2582 2918 2833 2989 prodigia
2856 2918 2911 2972 in
2937 2917 3049 2973 Deo
3081 2916 3279 2975 fecisti.

1928 3096 2289 3165 Omnipotens
2323 3097 2415 3152 Dei
2457 3096 2749 3165 sapientia.
2804 3096 2903 3151 tibi
2956 3111 3198 3167 quoque,
3251 3098 3433 3161 Petre,

165 3191 367 3261 Πέτρε,
395 3192 630 3244 δέδωκεν
653 3194 899 3257 ἐξουσίαν
928 3198 1115 3246 πατεῖν
1144 3196 1329 3248 ἐπάνω
1353 3197 1628 3266 σκορπίων
1655 3197 1749 3249 καὶ

1855 3189 2167 3242 [οειιὶιειιοῐη
2230 3188 2381 3241 dedit
2433 3202 2598 3252 Super
2650 3186 2979 3256 scorpiones
3044 3186 3434 3243 deambulandi

166 3283 345 3351 ὄφεων
377 3284 485 3336 τῶν
522 3301 580 3335 τε
612 3285 823 3353 ὁρατῶν
857 3288 949 3338 καὶ
983 3288 1233 3357 ἀοράτων
1255 3328 1270 3355 ,
1306 3282 1381 3341 ῶν
1416 3291 1514 3359 τῆς
1548 3287 1755 3343 ίοϐόλου

167 3376 509 3443 κακουργίας
546 3374 710 3445 ῥύσαι
747 3394 836 3445 με.

242 3490 351 3543 Καὶ
398 3490 618 3559 μᾶλλον,
662 3491 856 3559 Πέτρε,
908 3491 1034 3554 τοὺς
1080 3490 1454 3561 ὡραιοτάτους
1506 3508 1603 3545 σου
1657 3493 1757 3547 πό-

169 3582 291 3645 δας.
338 3622 351 3635 .
398 3622 411 3634 .
437 3581 653 3651 Reliqua
685 3583 1073 3635 desiderantur.

603 3697 937 3749 ΙΩΑΝΝΟΥ
976 3698 1337 3749 ΜΟΝΑΧΟΥ

348 3786 588 3840 ΚΑΝΩΝ
631 3787 739 3840 ΕΙΣ
779 3788 915 3840 TON
956 3788 1162 3841 APION
1215 3788 1574 3855 ΓΕΩΡΓΙΟΝ,

205 3894 278 3955 οὗ
305 3899 341 3965 ἡ
370 3900 749 3966 ἀκροστιχίς·
780 3899 1053 3969 Γεωργίου
1088 3901 1364 3969 μάρτυρος
1407 3902 1563 3969 ὑμνῶ
1593 3901 1720 3965 τοὺς

596 3969 823 4031 ἄθλους·
860 3966 1021 4032 Αἶνος
1059 3966 1330 4025 Ἰωάννου.

368 4059 505 4128 ᾨδὴ
530 4056 610 4112 Λ’.
638 4054 822 4126 Ἦχος
854 4062 956 4112 πλ.
995 4058 1065 4110 δ’.
1107 4059 1573 4127 Ἀρματηλάτην.

245 4154 401 4225 lCud.
440 4153 478 4205 Γ.
510 4150 658 4220 153.]
702 4153 1046 4221 Γειιπονήσας
1085 4152 1161 4221 τῷ
1210 4151 1429 4221 σταυρῷ
1457 4152 1557 4221 τὴν
1585 4151 1753 4223 ἄρου-

168 4264 274 4317 ραν
306 4245 405 4314 τῆς
431 4243 699 4306 διανοίας,
736 4242 831 4294 καὶ
879 4245 937 4294 ὲν
988 4243 1126 4313 αὐτῇ
1179 4242 1406 4313 σπείρας
1450 4244 1651 4313 ἀρετὰς
1695 4246 1752 4296 ὲν

162 4340 424 4407 δάκρυσι,
456 4334 692 4405 θερίζεις
741 4334 1095 4401 ἀγαλλίασινο
1145 4334 1233 4386 διὰ
1266 4333 1375 4403 γὰρ
1423 4335 1749 4404 μαρτυρίου,

164 4425 434 4495 Γεώργιε,
465 4424 821 4493 ὲγεώργησας
857 4422 1060 4491 στάχυν
1088 4422 1432 4492 ψυχοτρὸφον
1462 4423 1711 4487 ἀείζωον.

1856 3281 2101 3335 visibiles
2149 3289 2203 3333 et
2264 3279 2602 3343 invisibiles;
2655 3294 2890 3349 quorum
2944 3294 2974 3334 a
3016 3290 3283 3334 venenata
3322 3296 3438 3336 ma-

1857 3371 2105 3443 lignitate
2134 3386 2222 3425 me
2248 3371 2468 3426 liberes.

1926 3482 2006 3536 Ac
2037 3484 2243 3551 potius,
2276 3481 2457 3546 Pctre,
2505 3481 2948 3552 speciosissimos
2994 3484 3161 3553 pedes
3193 3494 3431 3545 tuos.....

1859 3572 2079 3645 Reliqua
2109 3574 2502 3628 desiderantur.

2263 3688 2597 3745 JOANNIS
2646 3690 2995 3749 MONACHI

2062 3776 2355 3834 HYMNUS
2396 3779 2460 3833 ΙΝ
2502 3779 2789 3837 BEATUM
2838 3783 3222 3840 GEORGIUM.

1855 3891 2052 3946 Primae
2090 3909 2333 3947 uersuum
2371 3895 2573 3972 litterar_
2606 3906 2797 3972 sonant
2843 3896 3128 3972 :_Georgii
3182 3901 3434 3972 martyris

2153 3972 2319 4017 canto
2346 3967 2669 4020 certamina.
2698 3964 2845 4023 Laus
2874 3964 3124 4024 Joannis.

2013 4052 2125 4109 Ode
2162 4051 2213 4107 1.
2250 4052 2427 4108 Sanus
2468 4053 2561 4107 πλ.
2605 4055 2658 4108 4.
2690 4054 2894 4110 Curras
2924 4060 3264 4128 agitatorem.

1924 4145 2100 4201 Cruce
2128 4160 2380 4213 campum
2416 4146 2618 4200 mentis
2661 4149 2986 4214 excoluisti,
3038 4148 3225 4218 ibique
3260 4150 3316 4204 in
3351 4150 3430 4204 la-

1853 4239 2058 4309 crymis
2088 4237 2318 4292 virtutes
2363 4238 2682 4301 seminasti,
2718 4255 2869 4294 nunc
2903 4240 3067 4295 metis
3108 4242 3433 4297 exsultatio.

1852 4344 1977 4383 nem
2002 4344 2017 4394 ;
2053 4344 2177 4383 nam
2209 4344 2309 4397 per
2339 4329 2687 4399 martyrium,
2718 4328 2939 4401 Georgi,
2962 4348 3193 4387 messem
3219 4336 3429 4403 parasti

1853 4418 2236 4488 Spiritualibus
2257 4419 2592 4489 aeternisque
2630 4419 2902 4476 fructibus
2933 4422 3213 4477 refertam.

253 4517 339 4568 Ἐν
371 4514 449 4584 τῷ
480 4514 694 4584 σςοδρῷ
723 4514 821 4583 τῆς
854 4513 1110 4576 ἀσεϐείας
1142 4513 1369 4565 κλύδωνι
1400 4513 1593 4583 ἔστης,
1626 4516 1737 4567 doi-

1925 4507 2102 4567 Media
2128 4508 2183 4561 in
2213 4508 2504 4579 impiorum
2530 4518 2847 4579 tempestate
2869 4513 3128 4570 immotus
3155 4515 3426 4583 restitisti,

161 4608 314 4677 διμε,
351 4607 425 4668 ὡς
472 4606 723 4676 ἀρραγὴς
770 4606 970 4675 πέτρα,
1003 4605 1097 4657 καὶ
1127 4605 1202 4666 ὡς
1233 4604 1440 4675 πύργος
1469 4606 1742 4669 ἀσειστος,

161 4695 403 4766 γενναίῳ
452 4696 799 4765 ἀναστήματι
844 4695 947 4763 τῆς
1000 4696 1227 4763 στερεᾶς
1276 4711 1370 4747 σου
1420 4696 1649 4765 καρδίας
1678 4696 1746 4747 τά

160 4787 278 4842 τῶν
309 4786 586 4840 κολάσεων
617 4786 840 4855 κύματα
868 4786 1012 4839 λύων
1051 4788 1131 4849 εἰς
1167 4785 1441 4856 ἀφρὼδεις
1472 4786 1747 4857 πομφόλυ-

161 4898 297 4950 γας.

269 4969 455 5038 Ωφθης
483 4968 559 5032 ὡς
588 4968 724 5021 λέων
749 4966 1027 5030 πεποιθικ
1056 4967 1084 5019 6
1108 4966 1317 5031 δίκαιος
1336 4986 1350 4999 ο
1376 4969 1485 5022 τῶν
1508 4970 1747 5037 ἀγεννῶν

159 5061 279 5131 γὰρ
314 5059 499 5112 παθῶν
530 5058 821 5129 βασιλικῶς
848 5058 1040 5128 ἄρξας,
1068 5060 1351 5130 ἀπτοήτως
1382 5059 1649 5130 ὥρμησας
1672 5063 1748 5125 ὡς

158 5150 307 5203 λέων
338 5150 416 5212 είς
444 5148 506 5200 τὸ
540 5147 753 5201 στάδιον
773 5187 789 5207 ,
814 5148 943 5210 τοὺς
983 5147 1215 5217 ἐχθροὺς
1244 5150 1644 5219 καταπλήττων
1672 5150 1749 5215 ῶς

156 5255 323 5301 τινας
374 5237 583 5306 φαύλας
613 5236 909 5300 ἀλώπεκας
959 5236 1037 5306 τῷ
1085 5237 1351 5308 βασιλικῷ
1406 5255 1500 5292 σου
1547 5240 1750 5311 βρυχή-

161 5348 324 5403 ματι.

251 5420 407 5474 Ῥοῦν
458 5422 558 5491 τῆς
605 5421 821 5491 ἀπάτης
870 5421 1121 5492 ἀκρατῶς
1164 5424 1482 5493 φερόμενον,
1516 5424 1744 5496 μάρτυς,

157 5512 466 5578 ἀνέκοψας·
508 5511 569 5563 τὸ
606 5511 713 5583 γὰρ
754 5511 920 5564 αὑτοῦ
972 5511 1092 5575 ςέον
1140 5515 1232 5565 καὶ
1272 5515 1333 5565 τὸ
1378 5515 1748 5582 ἀκμαιότατον

160 5600 438 5671 ῥαγδαῖας
471 5601 847 5670 προσϐαλόντα
882 5619 966 5654 σοι
996 5604 1088 5656 καὶ
1118 5604 1363 5673 σφοδρῶς
1408 5609 1747 5676 προσραγέν-

156 5705 259 5751 τα,
301 5681 388 5740 οἷα
440 5690 689 5760 φραγμδς
729 5690 1110 5762 ἀκαθαίρετος,
1144 5692 1320 5746 ὀπίσω
1370 5698 1564 5766 χωρεῖν
1614 5715 1744 5751 κατ-

158 5779 507 5849 ηνᾶτκασας.

1847 4598 1929 4651 vir
1953 4598 2249 4663 celebrate,
2294 4601 2441 4654 velut
2469 4600 2800 4656 inconcussa
2833 4613 3077 4669 νοω-ο,οι
3093 4607 3429 4665 velutturris

1852 4689 2196 4752 ﬁrmissima,
2260 4691 2496 4760 ingenua
2556 4694 2743 4749 cordis
2794 4695 3051 4752 ﬁrmitate
3085 4702 3429 4756 cruciatuutn

1850 4778 2050 4835 ﬂuctus
2080 4780 2323 4836 elndisti.

1920 4996 2236 5064 Apparuisti
2276 4997 2413 5050 velut
2442 4997 2527 5051 leo
2562 4997 2703 5054 ﬁdus
2735 5008 2788 5055 et
2814 5000 3043 5070 justus;
3078 5018 3201 5056 nam
3250 5005 3430 5072 pravis

1851 5088 2250 5156 cupiditatibus
2273 5090 2526 5157 regaliter
2571 5089 2886 5146 dominatus
2915 5107 2995 5158 es,
3050 5102 3307 5163 tauquam
3344 5094 3430 5150 leo

1853 5176 2160 5245 intrepidus
2210 5180 2447 5232 stadium
2506 5180 2785 5244 invadisti.
2843 5182 3139 5252 hostesque
3188 5185 3428 5240 terruisti

1851 5284 1947 5324 ceu
1983 5270 2215 5325 miseras
2249 5272 2438 5340 vulpes
2464 5272 2615 5341 regio
2642 5275 2844 5342 rugitu.

1922 5447 2274 5517 impotentem
2313 5450 2521 5505 erroris
2573 5452 2779 5506 θυιυιιι
2816 5453 3137 5516 cohibuisti,
3175 5467 3421 5526 martyr;

1852 5555 1975 5592 nam
2003 5541 2120 5608 ejus
2157 5542 2262 5595 vim
2300 5548 2677 5600 vehementem
2718 5554 2774 5599 ct
2808 5547 3105 5609 turbidam,
3140 5564 3427 5620 asperum-

1850 5646 1957 5699 que
2004 5632 2288 5698 impetum,
2338 5635 2491 5689 velut
2541 5643 2755 5705 septum
2807 5637 3217 5703 inconcussum,
3247 5649 3424 5696 retro-

1850 5722 1998 5793 grt‘di
2025 5723 2270 5791 coegisti.
