4112 6448
684 396 824 462 1395

2114 397 2494 460 ΛΒΒΕΝΒΑ.

3825 390 3952 457 1396

752 505 962 574 Lingua
993 503 1146 558 tarda
1192 510 1245 558 et
1273 501 1453 564 exilis,
1483 515 1656 571 osque
1697 501 1913 558 discors
1943 510 1994 556 te
2026 501 2246 573 hymnis

2421 505 2756 559 Θεοτοκίον.
2784 532 2850 544 —
2879 501 3106 556 Γλῶσσα
3139 503 3360 575 βραδεῖα
3402 503 3500 557 καὶ
3536 503 3726 573 σαφῶς
3777 506 3953 575 ἰσχνό-

681 596 961 652 celebrare
985 597 1272 667 gloriatur,
1305 595 1567 657 Domina;
1613 603 1668 648 te
1699 595 1846 648 enim
1880 601 2108 658 cantant
2137 609 2256 649 om-

682 702 783 742 nes
811 689 1125 758 angelorum
1164 688 1363 758 linguae
1387 697 1440 742 et
1475 687 1739 742 ﬂammea:
1777 696 1832 742 et
1863 687 2056 756 igneae.
2085 693 2140 742 et
2170 686 2255 742 in-

683 794 1074 852 corporeorum
1110 795 1230 833 ora.

1091 962 1201 1019 Ode
1241 960 1361 1015 111.
1404 961 1508 1024 Qui
1548 961 1850 1028 conﬁrmat.

755 1052 826 1108 Ut
849 1053 1075 1124 gloriam
1105 1061 1157 1106 et
1194 1053 1359 1104 vitam
1387 1053 1439 1105 in
1487 1052 1708 1122 Christo
1753 1047 2090 1104 reconditam
2122 1060 2260 1100 con-

680 1147 943 1215 tingeres,
975 1144 1272 1214 despexisti
1311 1145 1538 1214 gloriam
1573 1141 1842 1212 fugacem,
1900 1149 1954 1196 et
1983 1141 2262 1210 corrupti-

681 1236 846 1291 bilem
879 1237 1046 1288 vitam
1068 1236 1347 1304 sapienter
1376 1235 1662 1303 neglexisti
1684 1251 1699 1300 ;
1727 1248 1898 1304 quare
1914 1246 2013 1302 per
2029 1239 2258 1285 mortem

682 1328 850 1383 vitam
881 1328 1137 1380 invenisti
1167 1338 1448 1380 aeternam.

753 1419 872 1474 Non
935 1419 1240 1474 laborando
1297 1419 1578 1482 defecisti,
1640 1432 1750 1470 non
1826 1415 2160 1484 defatigatus
2200 1429 2261 1468 es

681 1509 972 1578 velutigne
998 1516 1051 1564 et
1069 1510 1218 1564 ferro
1239 1523 1511 1579 pugnans,
1535 1505 1680 1562 ferro
1711 1515 1764 1560 et
1787 1504 1939 1560 onmi
1970 1503 2262 1558 adamante

687 1603 918 1670 tirmior,
958 1601 1052 1656 sed
1101 1603 1286 1655 omnia
1335 1599 1610 1670 pertulisti
1658 1598 1814 1653 velut
1865 1595 2020 1650 testis
2069 1595 2262 1676 alienae

686 1695 990 1762 passionis.

757 1783 865 1838 Pro
886 1784 1111 1839 Christo
1160 1780 1566 1843 conversantis,
1607 1778 1991 1834 instrumentis
2020 1785 2261 1831 tortores

685 1891 886 1945 corpus
918 1874 973 1927 in
1003 1882 1190 1950 partes
1236 1871 1515 1934 dividunt,
1559 1881 1612 1924 et
1659 1879 1845 1939 partes
1869 1871 1923 1922 in
1958 1869 2262 1924 minutissi-
2296 1864 2335 1918 Β

682 1983 796 2034 ma,
828 1966 1168 2030 fortissime;
1199 1964 1294 2019 sed
1318 1951 1604 2026 lebaritate
1631 1962 1841 2016 Christi
1870 1970 2110 2019 mentem
2141 1977 2260 2016 ser-

682 2074 782 2119 vas
817 2059 1248 2127 integerrimam.

753 2148 1002 2203 Afﬂictus
1035 2155 1258 2217 propter
1287 2146 1566 2205 Christum
1586 2187 1601 2211 ,
1643 2145 1736 2214 qui
1771 2152 1993 2214 propter
2039 2153 2092 2197 te
2121 2141 2259 2198 aﬂli-

683 2245 812 2296 ctus
827 2248 933 2304 est,
961 2239 1113 2292 illum
1141 2238 1194 2291 in
1215 2237 1478 2294 membris
1501 2236 1611 2291 tuis
1627 2235 1976 2306 glorificasti,
2000 2243 2260 2303 tanquam

686 2334 943 2404 stigmata
972 2332 1094 2402 ejus
1120 2333 1303 2388 ferens
1329 2331 1483 2384 carni
1510 2338 1617 2384 tuze
1640 2329 1818 2390 aﬂixa,
1843 2338 1897 2384 et
1946 2329 2064 2399 ipse
2087 2325 2261 2396 glori-

685 2425 884 2487 ﬁcatus
906 2439 966 2478 es
1003 2423 1200 2494 magis,
1233 2423 1610 2479 illustrissime
1633 2421 1850 2490 Georgi.

757 2516 1026 2586 Deiparw.
1052 2547 1124 2560 -—
1154 2514 1504 2568 Peccatorum
1562 2514 1800 2583 procella
1831 2550 1847 2573 ,
1909 2511 2260 2581 iniquitatum

687 2615 1022 2678 tempestas,
1065 2605 1423 2677 malignitatis
1483 2605 1697 2675 scopuli
1751 2603 2020 2673 dejiciuut
2079 2618 2168 2658 me
2204 2603 2259 2656 in

687 2702 854 2755 imam
907 2700 1278 2768 impietatem;
1341 2697 1412 2752 da
1465 2697 1622 2762 mihi,
1653 2695 1843 2766 Virgo,
1878 2695 2151 2760 dextram,
2191 2709 2262 2750 ne

687 2788 890 2846 ﬂuctus
920 2789 1197 2843 viventem
1223 2803 1308 2842 me
1356 2789 1577 2842 obruat.

903 2882 1015 2938 Ode
1047 2880 1153 2935 IV.
1195 2881 1296 2947 Tu,
1332 2880 1561 2944 Christe,
1600 2880 1853 2933 Dominus
1885 2896 2048 2936 metu.

762 2973 1090 3028 Rbetoricas
1145 2973 1528 3041 contempsisti
1583 2971 2012 3042 disputationes.
2041 2978 2097 3025 et
2129 2969 2264 3025 insi-

689 3064 964 3137 pientium
989 3079 1163 3135 nugas
1187 3065 1401 3119 veritati
1429 3063 1642 3132 sibique
1669 3063 2019 3118 contentiose
2042 3069 2265 3117 contra-

691 3157 1035 3221 dicentium;
1068 3156 1275 3212 Christi
1311 3154 1404 3209 Dei
1436 3157 1764 3224 sapientiam
1796 3155 2002 3210 doctus
2030 3163 2084 3211 et
2114 3155 2264 3227 inge-

690 3250 884 3304 niosus
909 3265 976 3303 ex
1002 3250 1186 3302 anima
1220 3248 1489 3312 dilexisti,
1523 3247 1748 3317 Georgi.

764 3340 1089 3395 ’l'urbulenti
1124 3341 1539 3394 vehementiam
1575 3348 1977 3394 tormentorum
2003 3348 2264 3410 Impetus,

693 3443 749 3491 et
798 3434 1151 3489 amarissima
1209 3434 1546 3504 ﬂagellorum
1601 3432 1867 3496 ﬂumina,
1933 3442 1987 3487 et
2048 3433 2266 3487 turbida

691 3529 968 3598 ignesque
999 3527 1182 3596 pluvia
1213 3525 1376 3578 simul
1408 3532 1463 3579 te
1494 3524 1784 3583 invadunt,
1817 3532 1870 3578 et
1906 3523 2092 3579 subito
2126 3525 2270 3578 arri-

696 3623 876 3692 piunt,
905 3620 1001 3676 sed
1036 3619 1401 3675 confessionis
1446 3626 1550 3672 tuae
1590 3619 1784 3673 turrim
1817 3615 2126 3671 labefacere
2161 3631 2267 3670 non

694 3715 914 3778 valent;
947 3728 1071 3766 nam
1101 3713 1153 3765 in
1179 3719 1335 3781 petra
1373 3711 1597 3765 fundata
1629 3718 1770 3765 erat.

767 3801 1072 3857 Fornacem
1105 3803 1295 3856 multis
1328 3803 1492 3871 lignis
1521 3815 1869 3864 succensum,
1908 3801 2056 3854 velut
2094 3799 2270 3852 thala-

697 3909 850 3950 mum
887 3895 1164 3951 roscidum
1227 3896 1512 3961 ingressus
1571 3909 1667 3957 es;
1719 3894 1950 3960 angelus
1988 3891 2135 3946 enim
2175 3891 2268 3946 Dei

699 4001 882 4038 rorem
916 3986 1209 4054 quemdam
1244 4000 1513 4051 spargens
1542 3983 1787 4036 fornacis
1812 3982 2152 4051 temperabat
2182 3997 2271 4035 ar-

699 4076 913 4140 dorem,
944 4077 1252 4131 excutiebat
1279 4077 1576 4141 ﬂammam,
1606 4085 1662 4128 et
1691 4075 1814 4144 igne
1845 4073 2184 4142 superiorem
2218 4082 2271 4127 te

699 4169 1014 4237 praestabat.

771 4256 1012 4312 Verbum
1039 4257 1132 4311 Dei
1165 4257 1352 4311 vivum
1375 4265 1429 4311 et
1460 4256 1808 4312 salutiferum
1842 4256 2026 4325 lingua
2056 4270 2270 4325 gerens,

702 4351 1111 4413 illustrissime,
1137 4350 1401 4420 gentilem
1452 4348 1743 4402 viviﬂcasti
1794 4357 1921 4402 ante
1945 4348 2148 4402 Christi
2174 4348 2272 4402 de-

701 4458 958 4498 scensum
1005 4441 1370 4507 defunctum;
1409 4442 1599 4496 divino
1633 4441 1964 4509 baptismate
2028 4440 2273 4509 baptiza-

2358 611 2556 664 φωνος,
2589 595 2686 648 καὶ
2733 593 2907 663 στόμα
2943 592 3178 663 δύσηχὸν
3223 610 3303 646 σοι
3347 597 3701 664 προσφωνεῖν
3750 595 3954 663 ὕμνους

2357 685 2737 749 εὐλαϐοῦνται,
2761 684 3033 738 Δέσποινα
3051 701 3066 716 ο
3101 685 3160 737 σὲ
3182 686 3292 754 γάρ
3315 686 3576 753 ὑμνοῦσιν
3598 685 3720 738 ἄπα
3732 703 3828 737 σαι
3851 686 3954 736 τῶν

2356 777 2605 846 ἀγγέλων
2627 778 2685 830 αἱ
2701 776 2944 845 γλῶσσαι
2972 776 3029 829 αἱ
3047 775 3323 847 φλογεροὶ,
3342 778 3434 828 καὶ
3452 777 3833 847 πυρίμορφοι,
3869 778 3956 828 καὶ

2357 869 2469 924 τῶν
2499 869 2807 941 ἀσωμάτων
2835 869 2906 922 τὰ
2932 868 3199 939 στόματα.

2790 959 2929 1032 ᾮδὴ
2957 962 3044 1013 I".
3073 959 3128 1011 '0
3152 959 3509 1027 atspctbaac.

2431 1054 2551 1107 Ἵνα
2582 1052 2682 1122 τῆς
2710 1051 2870 1121 δόξης
2900 1051 2996 1104 καὶ
3024 1051 3172 1122 ζωῆς
3206 1051 3305 1120 τῆς
3347 1053 3405 1104 ὲν
3437 1048 3667 1121 Χριστῷ
3711 1047 3954 1119 κρυπτο-

2363 1143 2536 1214 μένης
2563 1141 2852 1212 ὲπιτύχῃς,
2878 1142 3292 1211 κατεφρόνησας
3325 1141 3484 1211 δόξης
3520 1141 3833 1210 λυομένης.
3872 1141 3958 1193 καὶ

2361 1233 2608 1303 φθαρτῆς
2640 1232 2917 1302 ηλόγησας
2965 1231 3207 1300 εὐλόγως
3241 1231 3413 1301 ζωῆςο
3449 1231 3532 1285 διδ
3574 1231 3668 1285 διὰ
3722 1231 3958 1285 θανάτου

2362 1319 2522 1395 εὗρες
2553 1325 2700 1396 ζωὴν
2729 1324 2828 1396 τὴν
2852 1323 3094 1378 αἰώνιον.

2432 1417 2507 1469 Οὐ
2539 1416 2959 1486 κατενάρκησας
2990 1415 3187 1487 καμὼν
3208 1455 3224 1482 ,
3255 1415 3356 1469 οὐκ
3383 1416 3690 1478 ὲκοπὲασας
3719 1416 3864 1478 ὅλως
3891 1416 3961 1479 ὡς

2366 1508 2678 1580 μαχόμενος
2711 1510 2845 1580 πυρὶ
2880 1510 2977 1562 καὶ
3009 1509 3238 1580 σιδήρῳ,
3271 1512 3299 1562 ό
3330 1510 3553 1581 σιδήρου
3598 1510 3705 1562 καὶ
3755 1511 3961 1570 παντὸς

2361 1600 2674 1670 ἀδάμαντος
2721 1600 3107 1671 στερῤότατος,
3152 1599 3269 1653 ἀλλ’
3286 1599 3459 1663 οὕτως
3504 1600 3844 1671 ὲκαρτέρεις
3895 1600 3964 1659 ὡς

2364 1691 2569 1763 θεωρὸς
2597 1692 2759 1746 ἄλλου
2795 1693 3119 1763 πάσχοντος.

2445 1785 2619 1856 ’Υπὲρ
2645 1784 2882 1855 Χριστοῦ
2906 1784 3226 1856 προσομιλῶ
3239 1804 3276 1848 2,
3297 1783 3691 1854 κολαστηρίοις
3709 1784 3962 1853 ὀργάνοις

2365 1877 2798 1947 κατατέμνουσιν
2841 1876 2918 1941 ὡς
2969 1875 3110 1948 μέρη
3139 1917 3154 1940 ,
3209 1877 3303 1930 καὶ
3343 1876 3479 1946 μέλη
3523 1877 3844 1945 διαιροῦσιν
3889 1878 3964 1936 si;

2365 1970 2539 2025 λεπτά
2556 1970 2618 2024 τὸ
2647 1970 2809 2041 σῶμά
2836 1987 2952 2034 σου,
2978 1967 3249 2023 πολύαθλε
3271 1987 3283 2000 ·
3313 1970 3407 2021 τὸν
3440 1969 3711 2037 λογισμὸν
3744 1969 3965 2038 ὲτήρεις

2364 2063 2608 2134 ἄτμητον
2640 2065 2706 2117 ὲκ
2733 2063 2834 2134 τῆς
2871 2062 3096 2132 ἀγάπης
3127 2061 3388 2132 Χριστοῦ.

2435 2153 2821 2223 Μαστιγωθεὶς
2843 2154 2931 2208 διὰ
2962 2153 3197 2222 Χριστὸν
3225 2153 3318 2205 τὸν
3347 2152 3434 2204 διὰ
3464 2155 3522 2204 σὲ
3558 2151 3961 2221 μαστιχθέντα,

2366 2247 2461 2300 atati.
2491 2246 2725 2312 δοξάσας
2750 2249 2867 2309 τοῖς
2890 2247 3003 2308 σοῖς
3029 2244 3219 2315 μέλεσι
3248 2243 3458 2304 τοῦτον,
3479 2262 3553 2305 ως
3583 2244 3654 2294 τὰ
3685 2245 3965 2313 στίγματα

2365 2338 2533 2392 αὐτοῦ
2558 2339 2834 2409 βαστάσας
2855 2341 2921 2409 τῇ
2948 2337 3127 2408 οἰκείᾳ
3152 2335 3317 2407 σαρκὶ
3339 2335 3750 2400 ἀντεδοξάσθης
3779 2336 3964 2400 πλέον,

2365 2430 2722 2502 δεδοξασμένε
2754 2429 3018 2500 Γεώργιε.

2439 2519 2777 2575 Θεοτοκίον.
2817 2517 3214 2588 -Ἂμαρτιῶν
3269 2535 3334 2587 με
3383 2519 3662 2584 καταιγὶς,
3725 2516 3968 2586 ἀνομιῶν

2366 2610 2655 2680 τρικυμία,
2681 2608 3076 2680 ἀλλεπάλληλοι
3101 2609 3360 2671 σπιλάδες
3391 2608 3594 2671 κακίας
3619 2608 3966 2660 συνωθοῦσιν

2367 2702 2447 2762 είς
2479 2698 2649 2770 βαθὺν
2681 2699 2843 2769 βυθὸν
2864 2699 2967 2768 τῆς
2990 2698 3363 2766 ἀπογνώσεως
3384 2716 3397 2728 ·
3424 2699 3508 2761 δός
3545 2715 3660 2766 μοι,
3688 2698 3967 2770 Παρθένε,

2366 2794 2548 2862 χεῖρα,
2582 2791 2658 2861 μὴ
2689 2788 2841 2858 κῦμα
2875 2790 3058 2854 ζῶντα
3089 2781 3308 2861 καλύψῃ
3341 2807 3432 2858 με.

2629 2880 2768 2952 ’ῼδὴ
2799 2884 2872 2934 A'.
2920 2882 3004 2936 Σύ
3024 2897 3167 2949 μου,
3197 2879 3434 2948 Χριστὲ,
3470 2881 3715 2948 Κύριος.

2448 2973 2778 3044 Ῥητορικὴν
2828 2972 3148 3044 ἐρεσχελίαν
3200 2973 3538 3037 διέπτυσας,
3591 2975 3694 3026 καὶ
3749 2973 3973 3042 ἀσόφου

2368 3063 2667 3134 φλήναφον,
2693 3066 2761 3135 τῇ
2787 3062 3021 3134 ἀληθείᾳ
3047 3063 3141 3117 καὶ
3161 3065 3376 3126 ἑαυτοῖς
3394 3064 3832 3134 διαμαχομένων
3859 3067 3975 3134 ἐρι-

2373 3158 2580 3218 στικοῖς
2613 3153 2944 3219 ἀντιθέσεσι,
2990 3153 3230 3226 Χριστοῦ
3259 3153 3398 3207 Θεοῦ
3434 3157 3634 3224 σοφίαν
3677 3157 3764 3219 ὡς
3813 3158 3976 3226 σοφὸς

2372 3247 2465 3299 καὶ
2496 3245 2752 3316 ἀγχίνους
2787 3247 2854 3299 ὲκ
2890 3245 3068 3323 ψυχῆς
3107 3247 3421 3316 ἀγαπήσας,
3448 3246 3720 3317 Γεώργιε.

2445 3336 2766 3405 Τυφωνικαὶ
2799 3337 3046 3407 σφοδρῶν
3077 3337 3328 3407 βασάνων
3362 3338 3701 3400 ἀντίπνοιαι,
3736 3340 3841 3393 καὶ
3875 3359 3979 3410 μαι

2376 3430 2577 3496 στίγων
2621 3429 2858 3499 ποταμοὶ
2907 3431 3257 3500 πικρότατοι,
3289 3432 3387 3483 καὶ
3422 3431 3724 3500 πυραυγὴς
3776 3433 3980 3502 θολερά

2377 3523 2544 3594 βροχή
2577 3523 2692 3592 ἀμα
2728 3523 3103 3594 προσϐαλόντα
3125 3564 3140 3588 ,
3171 3525 3268 3576 καὶ
3297 3525 3564 3592 αίφνίδιόν
3597 3544 3682 3579 σοι
3719 3531 3978 3598 nosset-

2376 3615 2572 3680 ξαντα,
2601 3616 2704 3668 οὐκ
2729 3615 2980 3669 ἐπτωσαν
3005 3615 3096 3668 τὸν
3125 3615 3334 3686 πύργον
3365 3617 3466 3685 τῆς
3498 3619 3598 3685 σῆς
3627 3619 3940 3688 ὁμολογίας
3967 3639 3976 3649 ·

2374 3709 2433 3760 ὲν
2468 3711 2535 3777 τῇ
2571 3708 2747 3778 πέτρᾳ
2771 3709 2878 3778 γάρ
2903 3707 3285 3775 τεθεμελίωτο.

2447 3801 2590 3872 ’Υλῃ
2621 3799 2788 3869 πολλῇ
2836 3793 3291 3870 γὰρ’ὲξάφθησάν
3331 3816 3414 3851 σοι
3452 3801 3717 3868 κάμινον,
3759 3801 3842 3863 ὡς
3875 3819 3981 3854 παι

2379 3893 2544 3950 στάδα
2567 3891 2836 3962 δροσερὰν
2865 3891 3190 3961 εἰσέδραμες
3209 3907 3225 3922 ·
3270 3891 3502 3958 ἄγγελος
3537 3890 3688 3954 θεῖος
3739 3894 3861 3960 γὰρ
3889 3910 3984 3947 κιο

2375 3983 2584 4046 ταπτὰς
2613 3979 2701 4036 οἷά
2729 3983 2897 4047 πνοὴν
2923 3981 3111 4051 δρόσου
3141 3981 3468 4051 διασυρῐζων
3500 3983 3745 4050 ἐποίησε
3793 3986 3858 4036 τὸ

2375 4089 2464 4136 νος
2496 4073 2594 4140 τῆς
2627 4069 2882 4140 καμίνου,
2921 4070 3230 4122 ἐκτινάσσει
3281 4069 3380 4140 τὴν
3419 4068 3594 4137 φλόγα
3649 4073 3756 4124 καὶ
3816 4076 3984 4140 mea;

2375 4162 2739 4231 δυνατώτερον
2761 4161 2942 4224 δείξας
2974 4177 3055 4216 σε.

2461 4251 2642 4320 Ῥῆμα
2687 4249 2820 4303 Θεοῦ
2867 4249 2978 4314 ζῶν
3028 4249 3124 4303 καὶ
3170 4247 3318 4320 ζωὴν
3361 4250 3754 4319 παρεχόμενον
3813 4254 3877 4304 ἐν
3923 4254 3984 4320 σῇ

2377 4341 2602 4411 γλώσσῃ
2636 4341 2854 4411 φέρωνι
2885 4339 3245 4409 παναοίδιμε,
3277 4340 3468 4410 νεκρὸν
3499 4341 3784 4405 ὲζώωσας
3811 4344 3882 4394 δι’
3905 4346 3986 4396 εὐ-

2378 4434 2478 4504 χῆς
2502 4430 2739 4502 Ἕλληνα
2765 4432 2996 4486 θανόντα
3026 4432 3133 4503 πρὸ
3164 4432 3268 4501 τῆς
3303 4430 3542 4500 Χριστοῦ
3567 4433 3982 4497 καταϐάσεως·

701 4542 841 4594 ιιιιη,
903 4535 956 4587 in
989 4535 1236 4602 gehenna
1287 4534 1434 4602 ignis
1483 4507 1758 4588 liberasti.
1809 4531 2011 4600 (Deest.
2046 4507 2189 4584 05—01.
2223 4540 2269 4586 et

2370 4526 2720 4613 ,βαπτίσματι
2748 4525 2804 4577 δὲ
2835 4507 2964 4594 θείῳ
2999 4523 3288 4593 βαπτίσας,
3318 4524 3505 4577 τοῦτον
3531 4526 3593 4576 ὲν
3627 4529 3846 4596 γεέννῃ
3887 4545 3986 4579 πν-

702 4627 803 4677 οιίε
847 4623 885 4676 γ
916 4625 1120 4678 celius.)

1370 4713 1481 4767 Ode
1545 4713 1608 4768 V.

780 4842 798 4858 .
831 4843 845 4857 .
881 4790 898 4858 ξ
929 4820 1114 4858 amare
1158 4814 1510 4872 gemuerunt,
1541 4812 1595 4855 et
1628 4805 1785 4857 denm
1824 4801 1916 4856 Dei
1945 4817 2123 4872 praeco
2177 4802 2278 4857 hu-

705 4909 865 4948 mana
891 4908 1024 4947 voce
1063 4893 1119 4946 in
1158 4892 1438 4961 pulverem
1477 4891 1712 4963 redegit.
1767 4891 1934 4945 Deum
1977 4891 2172 4946 videns
2211 4893 2279 4945 ah

704 4984 889 5052 impiis
926 4982 1273 5052 principibus
1299 4981 1566 5035 oﬂ‘ensum
1621 4997 1730 5035 non
1761 4978 2140 5044 ‘sustinuisti,
2181 4984 2276 5037 sed

706 5074 895 5128 divino
926 5073 1114 5127 studio
1147 5087 1244 5126 cor
1270 5071 1665 5133 inﬂammatus,
1692 5087 1947 5140 magnum
1971 5074 2276 5126 errantium

705 5182 950 5221 errorem
1005 5165 1344 5236 inerepasti,
1395 5172 1448 5218 et
1504 5165 1673 5219 Deum
1723 5164 2010 5222 Christum
2057 5166 2277 5222 confes-

708 5272 804 5312 SUS
843 5272 923 5310 es.

781 5347 1027 5417 Martyrii
1051 5348 1154 5410 tui,
1182 5345 1453 5410 Salvator,
1489 5347 1629 5400 riam
1652 5360 1906 5416 peragam
1937 5356 1990 5402 et
2021 5347 2279 5416 laetabor;

712 5442 781 5499 ita
800 5438 1091 5503 cantabas,
1117 5437 1337 5507 Georgi,
1377 5437 1504 5489 (iam
1531 5435 1768 5502 Speciosi
1793 5438 1870 5490 tui
1900 5439 2061 5507 pedes
2085 5436 2276 5495 ferreis

2386 4619 2478 4688 ρὸς
2507 4617 2893 4687 ὴλευθέρωσας
2917 4617 3018 4688 (1).
3083 4615 3236 4670 Deest
3263 4620 3426 4668 Θεοτ.
3456 4626 3505 4668 et
3535 4616 3660 4670 oda:
3707 4616 3751 4668 ι’
3778 4622 3982 4687 celius.)

3048 4705 3185 4775 ’ῼδὴ
3218 4702 3296 4756 Ε’.

2513 4837 2528 4852 .
2571 4839 2583 4852 .
2627 4797 2840 4868 πικρῶς
2873 4797 3136 4867 οὶμῶξαν.
3175 4796 3269 4849 καὶ
3311 4797 3403 4848 τὸν
3455 4794 3575 4847 θεον
3623 4796 3782 4850 Θεοῦ
3815 4798 3985 4867 κήρνδξ

2378 4889 2695 4961 ἀνθρωπίνῃ
2725 4892 2878 4958 φωνῇ
2911 4887 3212 4956 ὲλεπτύνθη
3246 4889 3325 4949 είς
3348 4886 3498 4956 χοῦν.

2462 4980 2585 5034 ⁹Υπ’
2611 4980 2829 5050 ἀνόμων
2859 4979 3136 5048 ἀρχόντων
3179 4977 3390 5046 βλέπων
3422 4974 3810 5045 ὑὸριζόμενον
3860 4977 3986 5029 Θεὲτι

2377 5073 2479 5126 οὐκ
2504 5074 2764 5142 ἤνεγκας,
2792 5069 2928 5123 ἀλλά
2957 5069 3086 5139 θείῳ
3107 5069 3255 5138 ζήλῳ
3287 5065 3550 5134 ἀναφθεὶς
3581 5067 3692 5136 τὴν
3719 5069 3984 5138 καρδίαν,

2379 5162 2663 5234 διήλεγξας
2710 5160 2995 5232 παρελθὼν
3030 5161 3111 5221 εἰς
3141 5158 3384 5232 μεγάλην
3428 5157 3540 5210 τῶν
3593 5157 3986 5228 πλανωμένων

2379 5255 2478 5326 τὴν
2509 5255 2726 5324 ἀπάτην
2746 5295 2761 5318 ,
2790 5253 2882 5305 καὶ
2914 5251 3046 5304 Θεὸν
3080 5251 3172 5303 τὸν
3205 5249 3442 5321 Χριστὸν
3468 5248 3888 5319 ὡμολόγησας.

2450 5345 2767 5417 Μαρτυρίου
2819 5360 2936 5407 σου,
2967 5342 3172 5410 Σῶτερ,
3215 5340 3476 5412 ἔψαλλες,
3519 5339 3856 5411 δραμοῦσαι
3901 5340 3985 5412 [ita

2382 5439 2530 5510 θοὰ]
2558 5440 2676 5494 ὁδὸν
2708 5439 2802 5493 καὶ
2825 5439 3223 5510 τερφθήσομαι,
3257 5438 3313 5489 ὲν
3340 5436 3415 5508 τῷ
3443 5435 3840 5507 καθηλοῦσθαι
3867 5437 3986 5497 τοὺς

2224 5622 2456 5680 NOTAE.

783 5738 860 5819 (η
887 5735 947 5811 .l'i
972 5735 1514 5820 YiﬁaJSg‘legorij
1553 5751 1658 5820 βῆς.
1682 5738 1792 5793 fere
1834 5742 1948 5820 iie__
1973 5739 2215 5820 Traiano
2257 5745 2312 5802 fit
2388 5749 2649 5816 narratio,
2711 5761 2874 5820 quam
2921 5745 3160 5817 theologi
3217 5758 3410 5801 omnes
3475 5742 3752 5800 refutant.
3817 5742 3982 5797 luem

714 5799 956 5862 omnium
981 5806 1211 5862 Allatius
1234 5808 1287 5862 in
1313 5799 1578 5864 Efamine
1604 5808 1868 5864 librorum
1909 5811 2053 5868 Eccl.
2082 5799 2176 5868 Cr.
