4112 6448
243 388 369 457 1337

1425 397 1747 459 HYMNUS
1777 399 1859 460 IN
1890 401 1952 463 S.
1986 399 2418 462 GEORGIUM.

3376 398 3509 465 1398

237 506 467 577 ὡραίους
501 519 596 556 σου
632 502 836 566 πόδας,
873 501 1135 575 Γεώργιε,
1169 503 1416 574 σιδηραῖς
1453 506 1687 575 κρηπίσι
1723 507 1819 561 καὶ

1935 508 2167 579 crepidis
2206 510 2629 580 configebantur
2656 550 2670 575 ,
2724 519 2779 568 et
2808 510 3011 575 clavis,
3062 516 3117 565 ct
3172 523 3373 566 cruore
3411 519 3508 568 tuo

240 595 654 669 περιπείρεσθαι
681 598 795 660 τοῖς
818 597 993 668 ἥλοις,
1027 601 1119 650 καὶ
1150 595 1229 666 τῷ
1257 596 1440 669 λύθρῳ
1464 599 1741 668 φοινίσσον
1762 598 1824 652 τὸ

238 690 450 760 ἔδαφος.

306 782 511 853 Νοερὸν
575 782 874 851 ἀνδριάντα
934 783 1030 835 καὶ
1098 782 1427 853 περικαλλὲς
1491 782 1825 858 ὡραιότητρς

238 876 458 947 ἀγαλμα
488 874 583 927 τοῦ
615 875 753 927 Θεοῦ
789 875 845 927 αί
875 876 1079 946 χεῖρες,
1109 876 1165 929 αἱ
1191 874 1283 927 τὸν
1329 874 1619 946 ἄνθρωπον
1657 892 1826 930 κατα-

239 969 575 1021 σκευάσασαι
611 968 668 1020 ἐν
704 966 872 1037 πολλῇ
908 968 1071 1039 σοφίᾳ
1096 968 1192 1021 καὶ
1224 968 1510 1041 ἐπιστήμῃ
1547 966 1738 1032 ἔξεσάν
1768 985 1826 1021 σε

237 1059 330 1110 καὶ
365 1060 443 1120 είς
476 1056 675 1119 κάλλος
704 1056 1063 1128 εὐρύθμησαν
1098 1058 1330 1126 ἄφατον.

310 1150 1059 1220 Θεοτοκίον.-Ὠρυόμενος
1085 1151 1224 1204 λέων
1257 1149 1443 1222 κύκλῳ
1475 1152 1826 1224 περιέρχεται

237 1246 526 1297 καταπιεῖν
560 1260 627 1314 με
656 1243 836 1312 ζητῶν
864 1246 977 1306 τοῖς
1009 1243 1175 1296 αὑτοῦ
1207 1243 1388 1297 ὀδοῦσι
1414 1260 1422 1275 ·
1469 1244 1543 1314 μή
1589 1260 1656 1314 με
1683 1243 1827 1317 δώῃς

237 1336 317 1396 εἰς
343 1333 518 1405 θήραν
537 1375 553 1397 ,
582 1334 892 1403 πανάμωμε
911 1376 926 1397 ,
961 1335 996 1405 ἡ
1025 1334 1164 1388 Θεὸν
1191 1334 1429 1387 τεκοῦσα
1461 1340 1553 1388 τὸν
1586 1338 1827 1406 κραταιᾷ

240 1427 465 1496 παλάμῃ
494 1424 615 1495 θείᾳ
640 1425 750 1478 τῶν
779 1426 1012 1479 λεόντων
1042 1426 1140 1490 τάς
1184 1426 1356 1497 μύλας
1394 1427 1788 1486 συνθλάσαντα.

582 1517 723 1587 ’ῼδίι
757 1522 846 1585 ς’.
885 1518 1009 1586 Τὴν
1037 1519 1254 1585 δέησιν
1278 1518 1485 1587 ἐκχεῶ.

311 1610 413 1662 Τὸν
442 1609 694 1662 τείναντα
722 1611 814 1661 ἐπὶ
844 1609 1003 1673 ξύλου
1030 1610 1127 1671 τὰς
1160 1612 1369 1679 χεῖρας.
1402 1613 1497 1661 καὶ
1541 1611 1608 1679 τῇ
1661 1608 1828 1680 λόγχῃ

239 1702 337 1770 τὴν
368 1700 607 1771 πλευρὰν
636 1701 1151 1771 ὀρυχθέντα,Λόγον
1180 1699 1315 1753 Θεοῦ
1342 1702 1435 1753 καὶ
1466 1700 1600 1754 Θεὸν
1625 1718 1832 1768 καταγ-

1929 604 2309 672 pavimentum
2344 601 2597 658 rubebat.

1998 776 2131 843 Quae
2151 785 2388 833 statuam
2413 777 2713 834 effecerunt
2748 780 2989 837 rationis
3017 794 3274 851 capacem
3310 789 3367 836 et
3391 782 3513 853 pul-

1929 869 2256 924 i-lierrimam
2286 871 2526 941 speciem
2552 869 2647 925 Dei
2683 886 2903 936 manus,
2933 872 3215 927 hominem
3253 883 3512 945 parentes

1930 959 1985 1013 in
2026 963 2195 1016 multa
2238 962 2510 1032 sapientia
2550 971 2603 1017 et
2642 964 2872 1019 scientia
2898 1005 2914 1029 ,
2944 965 3335 1034 exspoliarunt
3369 976 3424 1022 te
3459 973 3514 1022 et

1929 1053 2350 1121 pulchritudine
2380 1062 2434 1110 te
2457 1065 2869 1110 exornaverunt
2900 1055 3188 1111 ineffabili.

2000 1144 2264 1211 Βεὶρανω.
2306 1174 2377 1184 --
2438 1145 2682 1218 ιὶιιείθηε
2731 1146 2932 1201 circuit
2994 1148 3084 1203 leo
3131 1162 3389 1219 quaerens
3427 1163 3515 1205 me

1929 1237 2187 1293 dentibus
2248 1238 2545 1306 devorare;
2589 1256 2657 1295 ne
2720 1255 2808 1295 me
2865 1238 3056 1296 tradas
3117 1241 3171 1295 in
3236 1241 3506 1312 przedam,

1930 1330 2192 1384 inviolata
2221 1328 2312 1383 Dei
2349 1332 2608 1401 genitrix,
2636 1332 2728 1400 qui
2763 1330 2975 1401 potenti
3012 1344 3115 1387 sua
3135 1331 3320 1386 divina
3345 1347 3515 1387 manu

1932 1423 2185 1476 maxillas
2211 1422 2432 1475 leonum
2475 1422 2799 1493 confringit.

2292 1518 2295 1521 ’
2358 1512 2470 1568 Ode
2514 1513 2612 1567 VI.
2643 1514 2830 1571 Preces
2868 1514 3103 1583 e/j‘undo.

2002 1604 2106 1670 Qui
2142 1620 2337 1659 manus
2381 1622 2550 1676 super
2591 1608 2800 1677 lignum
2857 1608 3107 1671 tetendit,
3159 1606 3322 1677 cujus
3372 1607 3517 1663 latus

1933 1698 2121 1753 lancea
2147 1697 2513 1767 pet-foratum,
2554 1700 2795 1757 Verbum
2833 1699 2926 1753 Dei
2970 1708 3024 1754 et
3072 1699 3242 1755 Deum
3296 1700 3414 1769 ipse
3458 1700 3514 1754 in

239 1792 470 1861 γέλλων,
504 1792 836 1861 ἀναρτηθεὶς
867 1794 959 1845 ἐπὶ
1010 1792 1190 1857 ξύλου,
1221 1790 1483 1861 Γεώργιε,
1512 1794 1720 1854 κοντοῖς
1750 1792 1829 1844 δι-

1935 1780 2081 1861 lign‘o
2096 1788 2385 1845 exaltatus
2409 1791 2746 1861 praedicasti,
2768 1789 3001 1861 Georgi;
3029 1791 3145 1861 ipse
3170 1790 3311 1847 latus
3339 1792 3518 1846 hastis

239 1853 470 1955 enatpoo—
510 1853 629 1947 τὰς.
660 1853 923 1955 πλευρὰς,
957 1853 1073 1937 ἀλλ’
1099 1853 1236 1957 εὐχῇ
1285 1853 1397 1948 τάς.
1428 1853 1615 1953 ἀκμὰς
1648 1853 1829 1937 αύτῶν

1935 1853 2222 1950 periossus
2266 1882 2486 1950 es,,sed
2535 1883 2798 1953 precibus
2831 1897 3029 1939 earum
3063 1882 3295 1936 vulnera
3348 1886 3511 1937 obtu-

238 1975 545 2049 ἧμϐλυνας.

322 2067 383 2121 Ὀ
411 2065 578 2119 λίθων
610 2066 1068 2139 ἀναισθητότερος
1096 2066 1289 2130 οὕτως.
1317 2066 1392 2129 ὡς
1427 2068 1521 2121 καὶ
1546 2066 1715 2130 λίθοις
1735 2068 1830 2119 ἁν-

238 2161 522 2233 αισθήτοις
548 2160 853 2239 λατρεύων,
880 2161 1073 2214 ὖπτιόν
1100 2177 1158 2213 σε
1181 2159 1269 2213 ἐπ’
1290 2161 1523 2228 ἐδάφους
1546 2160 1828 2222 ἀπλώσας,

238 2254 372 2325 λίθῳ
408 2253 581 2325 βαλεῖ,
614 2253 860 2317 ἐκπιέζει
888 2254 957 2306 τά
989 2252 1275 2323 σπλάγχνα
1311 2270 1426 2318 σου,
1459 2252 1623 2316 αὐτὸς
1649 2251 1707 2304 δέ
1731 2250 1831 2321 τὴν

241 2343 449 2413 πέτραν
480 2341 579 2412 τῆς
608 2341 790 2413 ζωῆς,
817 2342 910 2396 τὸν
943 2342 1243 2413 πολύτιμον
1268 2343 1416 2397 λίθον
1448 2340 1666 2406 ἐπόθεις
1693 2341 1830 2413 Χρι-

244 2436 389 2491 στόν.

324 2530 687 2601 Ὑπὲκκαυμα
715 2529 807 2582 τοῦ
840 2527 1010 2600 πυρὸς
1047 2525 1141 2580 τοῦ
1183 2526 1449 2581 ἀσϐέστου
1478 2526 1833 2597 χρηματίζων

240 2626 272 2678 ὁ
318 2622 429 2687 υίὸς
474 2625 503 2676 ὀ
550 2625 649 2693 τῆς
680 2624 942 2692 γεέννης,
974 2623 1193 2675 νεοκαεῖ
1225 2622 1321 2674 καὶ
1351 2619 1546 2691 ζεούσῃ
1585 2620 1833 2689 ἀσϐέστῳ

242 2717 616 2786 καταχωννύει
648 2733 731 2779 σε,
771 2718 981 2785 μάρτυς
1002 2731 1016 2747 ·
1049 2714 1167 2769 ἀλλ’
1187 2715 1431 2784 εὕρηκας
1463 2714 1709 2784 συνήθως
1735 2715 1833 2781 ἀγ-

242 2808 402 2876 γελον
429 2808 691 2879 φρουρὸν,
727 2807 819 2861 τὸν
852 2805 1118 2876 ρυόμενόν
1153 2820 1213 2858 σε
1248 2807 1315 2858 ἐκ
1345 2805 1618 2876 νεότητος.

316 2900 571 2970 Σιδήρου,
601 2898 774 2965 λίθου,
806 2897 1033 2968 χαλκοῦ,
1085 2897 1393 2967 ἀδάμαντος
1445 2894 1831 2966 ίσχυρώτερος,

244 2992 513 3064 Γεώργιε,
557 2991 747 3062 ὤφθης
774 3005 787 3019 ⁸
820 2992 1054 3044 ἕκαστον
1082 2992 1193 3060 γάρ
1220 2990 1330 3043 τῶν
1354 2988 1836 3059 ἀπηριθμημένων

242 3087 567 3156 παραχωρεί
606 3083 683 3155 τῷ
730 3085 864 3155 πυρὶ
891 3082 1286 3152 δαπανώμενον
1312 3098 1325 3113 ·
1356 3083 1520 3144 αὐτὸς
1546 3081 1626 3145 δὲ,
1659 3078 1705 3134 ῶ
1734 3067 1831 3151 χά-

243 3195 395 3248 ριτος
428 3176 654 3246 πολλῆς,
692 3179 786 3229 καὶ
818 3175 1119 3246 παμφάγου
1151 3175 1323 3245 πυρὸς
1350 3176 1744 3244 ὑπερίσχυσας.

320 3267 1021 3339 Θεοτοκιον.-’Δπάτορα
1049 3268 1141 3321 τὸν
1167 3268 1421 3337 ἀμήτορα
1452 3267 1661 3330 τίκτεις
1693 3267 1832 3338 ὑπὲρ

242 3360 455 3413 ἔννοιαν
488 3360 581 3412 καὶ
611 3360 774 3428 φύσιν
805 3359 900 3412 καὶ
928 3358 1116 3427 λόγον,
1152 3358 1241 3410 ἴνα
1273 3358 1407 3409 Θεὸν
1442 3359 1833 3427 ἀπεργάσηται

243 3451 431 3503 θέσειο
486 3451 576 3502 τὸν
625 3450 957 3504 πεπτωκότα
1005 3450 1223 3515 ἐλπίδι,
1274 3448 1530 3517 θεότητος
1576 3449 1831 3516 ἀξίωσον,

240 3543 536 3607 Δέσποινα,
568 3541 713 3611 κάμὲ
744 3544 843 3611 τῆς
872 3541 1137 3607 γλυκείας
1168 3539 1334 3592 αὑτοῦ
1368 3540 1726 3610 ὡραιότητος.

571 3634 710 3704 ’βδὴ
739 3632 821 3688 Ζ’.
868 3635 932 3686 Οἱ
962 3633 1030 3686 ἐκ
1062 3630 1169 3699 τῆς
1203 3631 1522 3697 Ἰουδαίας.

318 3726 454 3780 Θεοῦ
493 3744 553 3779 σε
596 3727 689 3779 τὸν
737 3726 967 3796 ὁπλίτην
1025 3724 1179 3777 οὐδὲν
1215 3724 1405 3793 ἴσχυσε
1459 3724 1681 3795 βλάψαι,
1714 3723 1834 3777 οὐδὲ

239 3816 610 3886 λυμήνασθαι,
633 3816 694 3868 οὺ
725 3814 1017 3885 βράσματα
1042 3813 1308 3883 λεϐήτων,
1326 3814 1389 3866 ού
1412 3815 1668 3885 χάσματα
1690 3814 1838 3867 λεόν-

238 3928 355 3963 των
377 3925 391 3939 ⁸
425 3910 483 3962 ού
512 3909 620 3978 γάρ
646 3908 711 3977 δὴ
733 3906 1043 3978 παραδώσει
1075 3906 1208 3969 Θεὸς
1233 3907 1417 3978 ψυχὴν
1449 3905 1660 3976 θηρίοις
1688 3905 1836 3976 αὐτῷ

240 4001 573 4072 ἐξομολογου
582 4001 772 4071 μένην.

317 4094 579 4165 Λογισμῷ
609 4095 896 4163 διαιτήσας
922 4096 989 4163 τῇ
1022 4093 1168 4162 ψυχῇ
1202 4093 1298 4146 καὶ
1333 4092 1497 4162 σαρκί
1530 4108 1623 4143 σου
1644 4131 1657 4153 ,
1693 4091 1835 4161 μάρ-

236 4205 345 4251 τυς
375 4188 640 4258 Ῐεώργιε,
662 4186 740 4257 τῷ
777 4186 1050 4254 πνεύματι
1080 4186 1139 4237 τὸ
1166 4184 1347 4254 σῶμα,
1376 4183 1454 4250 τῷ
1487 4183 1755 4253 κρείττονι
1775 4182 1836 4236 τὸ

239 4282 432 4351 χεῖρον
480 4278 748 4349 νουνεχῶς
798 4277 1225 4340 καθυπέταξας,
1280 4275 1559 4347 διαιτητὴς
1600 4274 1836 4344 ἀκριϐὴς

238 4372 441 4440 φανεὶς
466 4370 576 4424 τῶν
604 4370 739 4439 πρὸς
764 4368 942 4433 ἀξίαν.

332 4462 392 4515 Ὀ
438 4460 649 4524 κλεινὸς
697 4460 1015 4530 ἀθλοφόρος,
1044 4462 1072 4512 ὁ
1122 4458 1325 4528 πολλὴν
1352 4457 1665 4530 παρρησίαν
1696 4458 1833 4530 πρὸς

1862 3199 1909 3261 C

1930 1975 2081 2030 disti.

2006 2068 2101 2122 Sic
2133 2067 2413 2139 lapidibus
2446 2067 2661 2135 durior,
2688 2082 2787 2121 ceu
2819 2065 3063 2137 lapidum
3110 2066 3319 2130 fautor,
3360 2065 3516 2125 humi

1934 2161 2169 2231 supinus
2189 2161 2495 2231 explicatus
2522 2175 2605 2223 es,
2630 2165 2684 2214 ct
2709 2159 2933 2229 injectis
2965 2158 3267 2229 lapidibus,
3302 2159 3515 2213 viscera

1932 2254 2259 2323 expressisti
2287 2262 2415 2317 tua;
2446 2253 2561 2323 ipse
2585 2258 2767 2307 autem
2794 2264 3002 2321 petram
3030 2251 3174 2317 vitaz,
3199 2259 3255 2308 et
3278 2250 3515 2322 lapidem

1932 2345 2239 2415 pretiosum
2277 2344 2560 2405 Christum
2587 2344 2943 2415 exquirebas.

2007 2527 2143 2581 Dum
2178 2533 2232 2579 te
2271 2521 2711 2595 inexstingnibili
2744 2520 2859 2594 igni
2904 2520 3125 2578 tradere
3177 2528 3413 2577 conatur
3446 2521 3516 2577 fl-

1936 2619 2045 2673 lins
2075 2617 2358 2687 gehennae,
2385 2615 2688 2669 ferociente
2713 2621 2767 2668 et
2795 2611 3004 2667 ardenti
3033 2612 3256 2667 flamma
3275 2620 3517 2683 torquet,

1937 2721 2175 2779 martyr;
2214 2707 2310 2762 sed
2342 2713 2670 2759 consuetum
2708 2702 2975 2758 invenisti
3010 2702 3313 2770 fautorem,
3343 2703 3439 2775 qui
3467 2711 3522 2759 te

1936 2816 2001 2854 ex
2036 2800 2331 2868 juventute
2372 2797 2615 2858 fovebat.

2006 2889 2201 2958 Ferro,
2238 2891 2440 2959 Ιςερίιίο,
2480 2904 2612 2950 aere,
2672 2888 2969 2943 adamante
3017 2887 3242 2951 fortior,
3296 2886 3523 2958 Georgi,

1936 2982 2092 3038 visus
2143 2997 2231 3047 es;
2271 2982 2470 3035 horum
2519 2981 2667 3035 enim
2712 2980 2953 3049 quodvis
2983 2981 3110 3050 igne
3164 2981 3428 3047 solvitur;
3469 2990 3527 3038 at

1939 3083 2019 3140 tu,
2042 3076 2216 3145 gratia
2253 3074 2474 3139 referte,
2500 3073 2723 3129 edacem
2751 3073 2933 3128 vicisti
2964 3074 3166 3143 ignem.

2012 3251 2275 3322 Deiparw.
2329 3280 2394 3293 -—
2459 3251 2683 3323 Absque
2738 3262 2913 3308 matre
2965 3252 3211 3323 genitum
3247 3290 3264 3318 ,
3325 3267 3521 3309 rursus

1937 3342 2147 3412 absque
2171 3351 2329 3412 patre
2352 3344 2533 3413 gignis
2563 3350 2761 3414 praeter
2786 3344 3174 3413 cogitationem
3197 3350 3253 3399 et
3270 3353 3523 3398 naturam

1936 3444 1992 3488 et
2025 3434 2319 3496 rationem,
2357 3444 2416 3489 ut
2441 3436 2577 3489 deos
2610 3449 2716 3490 nos
2738 3434 2974 3499 efﬁciat;
3003 3448 3099 3504 spe
3124 3434 3401 3505 deiectum
3431 3433 3521 3489 di-

1937 3524 2171 3580 vinitate
2220 3526 2489 3596 digneris,
2521 3525 2781 3592 Domina,
2810 3536 2869 3582 et
2894 3528 3043 3583 dulci
3078 3527 3199 3597 ejus
3225 3526 3423 3597 gratia.

2356 3618 2468 3674 Ode
2509 3616 2640 3672 VII.
2676 3619 2781 3684 Qui
2810 3620 2874 3673 de
2893 3617 3109 3675 Juda'a.

2008 3712 2087 3768 Te
2108 3713 2200 3767 Dei
2226 3712 2457 3767 militem
2490 3712 2660 3765 voluit
2690 3711 2829 3765 nihil
2859 3712 3060 3767 laedere
3094 3719 3190 3765 aut
3218 3709 3520 3785 offendere,

1937 3822 2040 3861 nec
2067 3806 2211 3875 ignis
2243 3803 2449 3867 fervor,
2482 3817 2584 3857 nec
2612 3803 2830 3857 leonum
2864 3800 3055 3869 furor;
3091 3816 3202 3855 non
3232 3803 3379 3857 enim
3412 3812 3525 3856 tra-

1936 3898 2032 3951 det
2068 3897 2213 3952 Deus
2255 3894 2428 3961 feris,
2459 3910 2585 3965 quae
2630 3895 2808 3964 ipsum
2842 3893 3098 3951 confessa
3140 3892 3350 3959 fuerit,
3409 3895 3524 3950 ani-

1938 4005 2100 4045 mam.

2008 4098 2244 4155 Ratione
2295 4100 2541 4169 dirigens
2602 4100 2840 4153 animam
2901 4108 2956 4155 et
3010 4116 3259 4166 carnem,
3312 4111 3520 4173 martyr

1937 4191 2158 4261 Georgi,
2190 4192 2410 4261 spiritui
2466 4206 2692 4262 corpus,
2746 4192 2962 4246 meliori
3020 4195 3179 4263 pejus
3226 4193 3518 4264 subjeciSti

1938 4285 2239 4352 sapienter,
2262 4285 2506 4353 prudens
2528 4285 2834 4354 apparuiSti
2870 4286 2998 4341 vita:
3028 4287 3336 4343 institutor.

2008 4464 2218 4534 lnelyte
2244 4465 2471 4527 athleta,
2498 4468 2594 4536 qui
2620 4475 2828 4521 tantam
2861 4480 3050 4521 coram
3082 4466 3369 4523 Salvatore
3396 4467 3520 4522 lau-

236 4555 341 4607 τὸν
373 4553 603 4623 Σωτῆρα
633 4552 900 4616 πλουτῶν,
926 4554 1019 4603 τὸν
1051 4550 1278 4604 πλοῦτον
1320 4550 1428 4603 τῶν
1476 4550 1667 4603 παθῶν
1704 4568 1827 4620 μου,

1937 4554 2056 4612 dem
2077 4559 2453 4627 promeruisti,
2470 4559 2882 4614 multitudinem
2906 4559 3229 4628 passionum
3247 4574 3516 4623 mearum,

238 4645 342 4704 τὸν
358 4645 554 4716 φόρτον
580 4644 687 4697 τῶν
719 4644 904 4697 κακῶν
934 4661 1036 4714 μου
1062 4644 1450 4713 διασκόρπισον
1478 4643 1835 4712 δέομαι,ἀνα-

240 4737 434 4806 κωχήν
470 4753 561 4804 μοι
592 4734 791 4800 διδοὺς,
820 4737 914 4789 καὶ
949 4734 1255 4803 κουφισμὸν
1300 4734 1393 4787 τοῦ
1425 4734 1643 4805 βάρους.

325 4826 556 4895 ’Υμνοις
590 4826 799 4897 μάρτυς
835 4826 1131 4893 ύμνείσθω,
1163 4826 1192 4878 ό
1224 4825 1322 4896 τὴν
1371 4825 1585 4878 σύνεσιν
1638 4825 1830 4894 μέγας,

242 4920 349 4972 καὶ
394 4917 491 4988 τὴν
546 4918 739 4985 σοφίαν
782 4917 971 4980 πολὺς,
1000 4919 1029 4968 ὁ
1077 4917 1255 4983 λόγοις
1309 4916 1701 4986 στηλιτεύσας,
1738 4919 1833 4971 καὶ

241 5008 436 5076 ἔργοις
490 5006 863 5076 θριαμϐεύσας
911 5009 1008 5076 τὴν
1054 5008 1270 5078 ἀπάτην
1313 5007 1412 5079 τὴν
1464 5009 1684 5079 ἄεργον,
1740 5009 1835 5061 καὶ

240 5099 620 5166 καταγγείλας
650 5098 889 5169 Χριστὸν
917 5099 1043 5152 Υἱὸν
1071 5098 1207 5153 Θεοῦ
1237 5100 1332 5153 καὶ
1357 5099 1549 5167 Λόγον.

327 5191 735 5244 Θεοτοκίον.-
761 5190 833 5242 Σὺ
862 5189 1021 5257 γενοῦ
1053 5208 1143 5259 μοι
1175 5192 1494 5261 προστάτις,
1536 5192 1601 5243 σὺ
1638 5191 1835 5261 φαιδρά

239 5282 613 5354 παραστάτις,
651 5281 1080 5352 θεογεννήτριαῑ
1134 5284 1297 5354 ἡνίκα
1350 5283 1449 5354 τὴν
1495 5283 1674 5353 ψυχήν
1730 5300 1832 5353 μου

239 5373 456 5445 ἐσχάτη
488 5375 582 5427 καὶ
606 5376 817 5446 μεγάλη
848 5376 1131 5447 καταλάϐῃ
1159 5377 1505 5446 περίστασις,
1532 5376 1627 5430 καὶ
1648 5376 1831 5442 ἐξελοῦ

243 5480 325 5535 με
354 5465 536 5537 χειρὸς
562 5464 775 5536 λῃστῶν
809 5467 1148 5538 ἀεροπόρων.

530 5560 662 5630 ᾨδὴ
685 5564 770 5615 H'.
805 5563 1265 5628 Ἐπταπλασίως
1295 5564 1548 5632 κάμινος.

339 5650 662 5706 Ἀθανασίαν
703 5654 903 5724 εὕρατο
932 5656 1019 5708 διὰ
1051 5653 1148 5707 σοῦ
1184 5654 1502 5719 Ἀθανάσιος
1524 5696 1536 5718 ,
1570 5656 1667 5724 τῆς
1697 5656 1831 5710 ἀθα-

239 5743 445 5807 νασίας
471 5747 499 5797 ὁ
525 5745 748 5817 φαιδρὸς
772 5749 1057 5816 ἐπώνυμος
1076 5766 1087 5779 ·
1111 5748 1377 5814 τυράννου
1404 5749 1698 5818 προστάξει
1724 5749 1832 5820 γὰρ

240 5837 627 5910 θανατηφόρον
659 5839 949 5911 φάρμακόν
986 5859 1064 5894 σοι
1098 5841 1434 5911 κεκερακὼς,
1469 5842 1693 5905 ἀπαθῶς
1736 5860 1832 5896 πε-

1938 4650 2157 4702 turbam
2190 4650 2460 4705 malorum
2498 4666 2745 4705 meorum
2779 4650 3003 4720 disjice,
3036 4666 3246 4720 quaso,
3272 4650 3519 4721 requiem

1934 4737 2001 4790 da
2044 4738 2199 4802 mihi,
2232 4746 2287 4792 et
2308 4740 2495 4795 oneris
2534 4742 2803 4794 levamen.

2007 4827 2240 4897 llymnis
2269 4831 2569 4884 celebreris
2603 4842 2833 4901 martyr,
2862 4830 3229 4900 intelligentia
3263 4847 3518 4904 magnus.

1936 4921 2207 4987 sapientia
2238 4920 2413 4980 dives.
2449 4923 2545 4989 qui
2576 4925 2759 4976 verbis
2795 4924 3178 4979 incriminatus
3200 4939 3281 4988 es,
3308 4933 3362 4978 et
3390 4941 3515 4994 ope-

1937 5012 2093 5065 ribus
2134 5012 2437 5067 confudisti
2493 5015 2737 5069 otiosum
2779 5032 3051 5082 errorem,
3089 5018 3182 5088 qui
3233 5018 3514 5078 Christum

1939 5102 2246 5171 prazd9casti
2279 5103 2477 5158 Filium
2518 5105 2611 5161 Dei
2639 5117 2693 5161 ct
2732 5107 2993 5164 Verbum.

2012 5195 2273 5265 Deiparm.
2310 5227 2377 5236 --
2426 5197 2508 5250 Tu
2582 5216 2667 5251 mc
2726 5201 2974 5269 adjuves,
3038 5214 3093 5257 ttt
3156 5220 3244 5261 me
3294 5209 3519 5278 egregie

1937 5287 2222 5351 defendas,
2298 5289 2389 5343 Dei
2447 5291 2716 5345 Genitrixl
2761 5297 2987 5361 quando
3038 5299 3276 5353 animam
3341 5316 3519 5353 meam

1937 5384 2201 5452 corripiet
2247 5386 2435 5438 ultima
2463 5394 2515 5440 et
2542 5402 2755 5440 summa
2786 5389 3114 5457 necessitas,
3140 5390 3319 5447 libera
3338 5407 3425 5448 me
3455 5392 3523 5447 de

1941 5474 2261 5528 latronibus
2286 5475 2560 5530 aethereis.

2285 5568 2395 5624 Ode
2441 5569 2597 5625 l'Ill.
2632 5570 2884 5643 Septuplo
2916 5577 3178 5630 caminus.

2021 5663 2346 5733 ΪΑθανασίαν
2413 5663 2602 5718 habuit
2659 5682 2754 5733 per
2790 5676 2841 5722 te
2877 5667 3238 5734 Athanasius,
3275 5668 3378 5723 hoc
3427 5683 3519 5723 no-

1939 5753 2084 5809 mine
2124 5754 2321 5807 tnerito
2380 5756 2731 5822 conspicuus.
2762 5756 2894 5812 Nam
2926 5759 3139 5831 tyranni
3170 5759 3331 5828 jussu
3376 5776 3519 5815 mor-

1940 5846 2157 5900 tiferum
2188 5845 2283 5900 tibi
2311 5847 2709 5913 promiscuerat
2738 5868 3040 5920 venenum;
3075 5867 3311 5911 cernens
3333 5863 3516 5910 autem
