4112 6448
725 399 751 471 -1
765 402 868 465 399

2190 397 2443 458 ADDEN
2455 397 2571 455 DA.

3844 396 3939 454 um

727 522 781 574 ιιι
809 511 939 565 illud
991 510 1215 582 impune
1243 509 1544 573 bibentem,
1601 509 1886 578 obstupuit
1931 517 1984 562 et
2039 508 2301 561 virtutem

2436 503 2633 556 ιωκότα
2665 499 2791 554 ἰδών
2820 517 2905 561 σε,
2939 497 3262 569 κατεπλάγη
3289 537 3305 560 .
3342 500 3436 551 καὶ
3461 498 3522 550 τὸ
3553 499 3756 568 κράτος
3784 499 3941 562 Eripe

726 605 948 673 agnovit
977 603 1181 658 Christi
1212 604 1304 673 qui
1341 613 1571 656 mortem
1607 603 1854 656 sustulit.

802 715 1016 768 l‘tobore
1046 714 1265 768 coalitus
1313 722 1366 768 et
1395 713 1605 768 invicta
1663 714 1716 767 vi
1750 718 1998 768 munitus
2035 724 2166 768 rota:
2193 722 2312 767 tor-

729 817 971 860 mentum
998 805 1267 875 pertulisti
1293 822 1307 869 ;
1342 805 1539 876 gladiis
1567 806 1886 868 confossus,
1913 805 2078 860 ﬁbras
2107 813 2163 860 et
2189 819 2315 861 ner-

727 910 828 949 vos
844 895 1114 962 divulsus,
1137 907 1302 966 rupta
1326 912 1581 951 ossorum
1611 899 1928 964 concordia,
1949 907 2007 953 et
2035 898 2314 969 spicarum

731 987 907 1042 instar
940 1003 1137 1046 sacros
1170 990 1374 1059 digitos
1405 1005 1600 1044 omnes
1630 989 1922 1060 collegisti.

797 1182 1128 1238 Crudelibus
1185 1184 1367 1238 nervis
1427 1185 1592 1254 pedes
1652 1195 1708 1240 et
1733 1199 1931 1239 manus
1980 1182 2315 1254 discerptus,

730 1291 960 1330 nervum
990 1276 1267 1330 enervasti
1296 1276 1474 1330 hostis
1504 1275 1768 1342 ferreum,
1797 1277 1957 1345 cujus
1973 1275 2158 1330 cervix
2185 1291 2319 1334 con-

729 1366 903 1419 fracta
964 1364 1069 1426 fuit
1108 1366 1419 1422 manifeste.
1477 1367 1737 1422 Christus
1787 1368 1936 1422 enim
1981 1367 2237 1421 ﬁrmabat
2269 1377 2320 1421 te

731 1457 962 1512 militem
1014 1473 1200 1523 suum,
1253 1459 1437 1513 nervis
1492 1467 1546 1513 te
1599 1460 1760 1513 aereis
1820 1457 2203 1522 circumdans,
2260 1466 2320 1512 ut

731 1550 908 1614 aiunt,
939 1558 1105 1619 atque
1136 1551 1243 1603 vim
1281 1551 1380 1603 tibi
1415 1551 1695 1620 inspirans
1721 1551 1776 1603 in
1819 1548 1931 1606 Deo
1952 1549 2204 1622 prodigia
2241 1549 2322 1604 fa-

732 1641 937 1706 ciendi,
974 1657 1039 1696 ac
1070 1643 1328 1696 virtutem
1370 1643 1621 1697 solvendi
1654 1632 2033 1699 tenebrarum.

803 1751 1091 1817 Quomodo
1123 1751 1267 1808 Deus
1291 1753 1544 1809 Christus
1564 1762 1618 1809 et
1638 1754 1820 1810 omnis
1841 1762 2114 1810 creatura:
2135 1753 2322 1809 Domi-

736 1857 840 1896 nus
870 1851 924 1918 et
957 1843 1209 1898 humana:
1243 1852 1453 1898 natura:
1479 1854 1699 1909 auctor,
1737 1846 1823 1901 vel
1855 1846 2062 1902 invitos
2087 1845 2317 1918 coegisti

734 1935 1012 2010 «laniones
1071 1935 1240 1992 Deum
1278 1938 1567 2005 conﬁteri,
1609 1940 1736 1995 licet
1785 1948 1989 1994 natura
2021 1939 2316 1995 mendaces

735 2027 869 2084 sint.
897 2027 1030 2082 Nam
1052 2036 1378 2096 potestatem
1406 2038 1555 2086 tuam
1573 2031 1629 2088 in
1658 2032 1810 2101 ipsos
1836 2031 2019 2095 veriti,
2042 2045 2143 2086 ceu
2169 2033 2314 2087 servi

735 2115 1050 2192 ﬁagriones,
1078 2119 1337 2174 mandata
1369 2129 1460 2176 tua
1494 2124 1849 2193 peragebant.

811 2339 1077 2410 Deiparw.
1107 2371 1175 2383 ——
1207 2341 1443 2396 Carnem
1476 2344 1785 2413 suscipiens
1815 2360 1882 2398 ex
1917 2346 2190 2415 sanguine
2224 2355 2320 2411 tuo

740 2433 1129 2502 incorporeus,
1169 2432 1446 2489 hominem
1481 2433 1797 2487 carnalibus
1829 2433 2141 2502 subjectum
2167 2434 2319 2488 desio

737 2523 928 2586 deriis,
957 2530 1013 2576 et
1042 2523 1273 2592 spiritus
1299 2533 1604 2592 expertem,
1667 2523 1910 2594 Spiritus
1944 2525 2124 2579 sancti
2174 2525 2321 2581 dono

737 2613 1043 2677 roboravit,
1078 2627 1143 2666 ac
1171 2613 1284 2668 vim
1304 2613 1458 2669 dedit
1477 2628 1680 2684 corpus
1707 2615 2004 2684 superbum
2041 2617 2324 2686 sapienter

740 2704 1162 2775 comprimendi,
1193 2715 1249 2761 et
1285 2705 1342 2760 iu
1375 2705 1700 2761 servitutem
1727 2707 2029 2778 redigendi,
2063 2707 2255 2781 Virgo.

1014 2906 1128 2966 Ode
1164 2905 1270 2962 IX.
1301 2906 1583 2976 Infremuit
1606 2906 1778 2963 omnis
1811 2908 2050 2966 auditus.

812 3037 1108 3092 Gressibus
1142 3037 1432 3092 animi'tui
1489 3037 1544 3092 in
1590 3047 1742 3108 petra
1779 3040 1906 3094 ﬁdei
1937 3039 2204 3106 fundatis,
2237 3057 2324 3097 er-

745 3129 889 3202 roris
941 3129 1238 3184 simulacra
1292 3131 1346 3183 in
1410 3131 1692 3198 pulverem
1749 3131 2040 3201 deiecisti;
2080 3133 2223 3187 collo
2256 3133 2322 3189 ad

745 3219 915 3273 Deum
941 3218 1223 3285 inclinato,
1253 3228 1308 3274 et
1336 3227 1588 3274 truncata
1614 3221 1796 3290 gladio
1825 3224 2063 3286 cervice,
2092 3225 2320 3290 athleta,
2351 3245 2394 3300 α

748 3311 818 3365 ad
847 3326 1030 3378 rerum
1051 3312 1293 3366 omnium
1318 3319 1482 3383 caput
1513 3311 1787 3387 migrasti.

817 3516 932 3572 Ceu
959 3515 1132 3571 lilium
1169 3518 1295 3572 nive
1320 3517 1613 3572 candidius
1643 3519 1696 3571 in
1732 3519 1873 3573 valle
1901 3530 2202 3590 martyrum
2233 3519 2332 3575 ﬁo-

748 3609 947 3672 ruisti;
989 3608 1178 3662 divino
1231 3609 1482 3677 martyrii
1511 3609 1736 3685 lavacro
1769 3609 2111 3674 rubefactus,
2148 3626 2328 3665 rosam

748 3702 972 3756 edidisti
1002 3701 1277 3766 rubidam,
1317 3702 1456 3756 bene
1503 3703 1768 3763 olentem,
1799 3701 2109 3766 odoratam,
2136 3717 2332 3757 omnes

750 3791 1018 3863 singulari
1051 3791 1370 3861 passionum
1396 3788 1602 3845 Christi
1637 3788 1808 3844 odore
1833 3789 2117 3844 recreasti.

820 3989 989 4046 Ferro
1025 3992 1240 4044 firmius
1279 3990 1563 4060 praebuisti
1589 4004 1793 4060 corpus
1835 3997 1991 4043 tuum
2044 3991 2330 4058 invictum,

748 4083 973 4153 Georgi,
1005 4092 1409 4137 tormentorum
1439 4083 1654 4138 malleis
1689 4082 2062 4152 nequidquam
2108 4099 2333 4152 percus—

750 4190 906 4240 sum;
931 4175 1082 4240 velut
1107 4189 1248 4244 aqua
1273 4172 1469 4244 frigida
1489 4170 1754 4243 sanguine
1777 4182 1871 4228 tuo
1893 4174 2071 4228 calido
2100 4175 2332 4230 tinctum

749 4268 934 4322 acrius
968 4265 1223 4322 effectum
1253 4273 1360 4331 est,
1400 4266 1524 4336 igne
1543 4265 1834 4322 charitatis
1869 4267 2333 4337 Christiindura—

751 4367 894 4410 tum.

819 4484 1022 4540 Christi
1054 4485 1229 4556 gratia
1262 4485 1354 4554 qui
1384 4483 1646 4539 mundum
1673 4485 1826 4548 vicit,
1857 4484 2016 4553 juxta
2039 4487 2334 4556 promissa,

2411 592 2652 666 Χριστοῦ
2679 592 2774 646 τοῦ
2805 590 3131 654 καθελόντος
3159 591 3252 643 τὸν
3283 589 3515 644 θάνατον
3545 589 3781 659 θανάτῳ.

2496 706 2671 778 Ἰσχὺν
2717 705 2813 760 καὶ
2859 704 3045 768 σθένος
3083 705 3300 774 ἄμαχον
3329 704 3632 775 οὐρανόθεν
3686 704 3942 774 ζωσάμενος

2412 801 2512 872 τὴν
2567 801 2659 854 ἐπὶ
2712 799 2906 870 τροχὸν
2957 797 3266 869 περιφορὰν
3309 796 3627 868 ὑπέφερες·
3668 798 3942 867 τεμνόμενος

2415 893 2618 963 ξίφεσι,
2650 888 2773 954 ῐνας
2805 891 2899 944 καὶ
2933 888 3099 962 νεῦρα
3123 888 3436 960 σπώμενος,
3465 890 3558 942 καὶ
3597 888 3944 960 περιθραυόμεο

2415 1002 2505 1048 νος
2531 982 2708 1036 ὀστῶν
2749 983 3038 1054 ἁρμονίας,
3071 982 3167 1036 καὶ
3205 982 3366 1051 δίκην
3395 980 3694 1051 ἀσταχύων
3717 978 3943 1049 θεριζόμε-

2416 1093 2507 1139 νος
2539 1075 2748 1139 πάντας
2779 1075 2903 1138 τοὺς
2937 1074 3119 1140 ἱεροὺς
3143 1072 3465 1135 δακτύλους.

2487 1187 2724 1260 Νεύροις
2752 1187 2924 1258 ὠμοῖς
2959 1185 3273 1256 ξαινόμενος
3307 1183 3417 1236 τῶν
3457 1182 3665 1254 χειρῶν
3699 1184 3789 1235 καὶ
3820 1183 3947 1234 ποδῶν

2421 1299 2539 1348 σου,
2585 1281 2682 1335 τὸν
2729 1277 2926 1349 ἐχθρὸν
2969 1277 3330 1348 ὲξηνεύρισας
3377 1275 3570 1346 νεῦρον
3623 1274 3875 1345 σιδηροῦν,
3910 1271 3949 1329 οὗ

2420 1371 2716 1444 προφανῶς
2742 1371 2772 1423 ό
2793 1369 3064 1442 τράχηλος
3083 1410 3097 1423 .
3131 1367 3369 1438 Χριστὸς
3393 1366 3503 1437 γὰρ
3528 1368 3756 1432 ὲνεύρου
3782 1383 3833 1419 σε
3851 1368 3948 1438 ὐτὲρ

2419 1460 2586 1516 αὑτοῦ
2625 1460 2966 1532 μαχόμενον,
3001 1458 3172 1532 νεῦρά
3201 1476 3286 1512 σοι
3319 1458 3502 1528 χαλκᾶ
3536 1457 3836 1528 περιτιθεὶς
3860 1458 3952 1518 ὼςό

2417 1553 2598 1622 λόγος,
2623 1553 2720 1607 καὶ
2749 1552 2978 1623 δύναμιν
3006 1551 3263 1622 ἐμπνέων
3281 1548 3376 1604 τοῦ
3405 1547 3637 1617 ποιῆσαι
3668 1548 3896 1618 δυνάμεις
3915 1549 3952 1598 ὲν

2419 1645 2497 1717 τῷ
2527 1644 2667 1717 Θεῷ,
2691 1644 2787 1700 καὶ
2820 1645 2982 1699 λῦσαι
3014 1645 3115 1715 τὴν
3145 1643 3376 1713 δύναμιν
3399 1640 3492 1694 τοῦ
3523 1643 3777 1704 σκότους.

2496 1760 2620 1816 Ὀτι
2663 1758 2800 1822 Θεὸς
2845 1759 2942 1811 καὶ⁹
2988 1757 3196 1829 Κύριος
3229 1758 3258 1808 ὁ
3285 1758 3518 1829 Χριστὸς
3551 1758 3738 1824 πάσης
3780 1753 3953 1815 κτίσεως

2422 1853 2521 1908 καὶ
2552 1851 2897 1922 Δημιουργὺς
2923 1851 3023 1922 τῆς
3055 1846 3408 1921 ἀνθρωπίνης
3436 1847 3680 1918 φύσεως,
3713 1843 3803 1899 καὶ
3838 1846 3955 1899 am

2417 1944 2518 2008 τας
2549 1943 2765 2007 ἐπειθες
2818 1942 3108 2014 ὁμολογεῖν
3133 1943 3262 2005 τοὺς
3295 1941 3559 2010 δαίμονας
3581 1980 3595 2003 ,
3632 1937 3811 1992 καίτοι
3841 1954 3956 2006 φανε-

2422 2036 2532 2108 ρῶς
2578 2035 2919 2106 φιλοψευδεῖς
2948 2035 3108 2098 ὄντας
3140 2034 3334 2104 φύσειο
3365 2034 3467 2103 τὴν
3510 2035 3614 2100 σὴν
3645 2032 3757 2102 γὰρ
3782 2030 3961 2090 δεδιότες

2419 2129 2544 2183 κατ’
2565 2129 2744 2182 αὐτῶν
2773 2127 3048 2193 ἐξουσίαν,
3080 2127 3158 2191 ῶς
3185 2125 3363 2180 δοῦλοι
3397 2124 3813 2192 ααστυγίαι,.τδ
3839 2139 3959 2191 πρω-

2418 2223 2618 2294 ταχθὲν
2651 2223 2848 2293 ὲνεπλή
2857 2237 3006 2293 ρουν.

2493 2341 2830 2397 Θεοτοκίον.
2861 2369 2932 2381 -
2967 2339 3155 2409 Σάρκα
3200 2335 3382 2390 λαϐὼν
3412 2336 3442 2389 ὁ
3471 2337 3726 2405 ἄσαρκος
3771 2335 3831 2387 ἐκ
3864 2350 3961 2384 παν-

2423 2437 2606 2503 άγνων
2655 2433 2909 2504 αἱμάτων
2959 2448 3080 2494 σου,
3115 2430 3209 2483 τὸν
3247 2427 3680 2498 καθυπαχθέντα
3734 2430 3964 2496 σαρκικοῖς

2423 2525 2716 2595 θελήμασι,
2748 2522 2844 2576 καὶ
2870 2521 3184 2592 πνεύματος
3220 2520 3447 2591 ἄμοιρον
3474 2519 3872 2589 γεγεννημένον
3899 2519 3963 2570 ἄν·

2423 2615 2664 2686 θρωπον,
2695 2611 3018 2683 Πνεύματος
3064 2611 3224 2680 ἁγίου
3277 2613 3497 2682 παροχῇ
3544 2608 3885 2680 δυναμὼσας,
3913 2625 3969 2659 so-

2424 2704 2540 2774 φῶς
2588 2703 2912 2768 ὑποπιέζειν
2945 2703 3008 2755 τὸ
3048 2702 3369 2771 δυσάγωγον
3424 2699 3616 2772 σῶμα,
3653 2700 3968 2767 δουλαγωγεῖν

2422 2811 2482 2848 τε
2513 2793 2672 2847 τοῦτο
2698 2793 2982 2864 ὲνίσχυσε,
3015 2793 3282 2864 Παρθένε.

2778 2905 2914 2978 ᾨδὴ
2943 2905 3275 2976 Θ.Ἕφριξε
3307 2904 3479 2961 πᾶσα
3501 2905 3687 2972 ἀκοή.

2510 3043 2753 3116 Ἰδρύσας
2783 3060 2879 3098 σου
2907 3045 2976 3098 τά
3014 3045 3184 3112 νοητὰ
3227 3043 3547 3113 διαδήματα
3599 3042 3663 3094 ἐν
3697 3041 3868 3112 πέτρα
3907 3040 3974 3101 ri;

2426 3137 2689 3201 πίστεως,
2718 3136 2787 3190 τὰ
2814 3136 3170 3207 ἀφιδρύματα
3183 3136 3252 3191 τὰ
3267 3137 3367 3206 τῆς
3394 3135 3622 3204 ἀπάτης
3652 3136 3736 3196 είς
3761 3133 3880 3204 χοῦν
3902 3132 3977 3185 ίὶί-
4046 3131 4047 3140 ³

2428 3247 2669 3294 πτυνας·
2713 3229 2901 3293 κλίνας
2947 3229 3154 3299 αὐχένα
3185 3228 3242 3281 δὲ
3269 3228 3388 3296 Θεῷ
3413 3227 3512 3280 καὶ
3545 3226 3698 3294 ξίφει
3726 3228 3823 3297 τὴν
3848 3227 3977 3293 κάρον
4046 3291 4047 3296 η

2429 3338 2527 3374 σου
2555 3321 2922 3391 ἀποτμηθεὶς,
2957 3320 3194 3392 ἀθλητά,
3227 3320 3365 3390 πρὸς
3393 3319 3495 3390 τὴν
3525 3320 3760 3373 πάντων
3787 3316 3978 3387 κεφαλὴν
4046 3303 4047 3334 ¹

2428 3412 2784 3484 ἀνελήλυθας.

2513 3523 2602 3588 Ὦς
2642 3523 2831 3595 κρίνον
2858 3523 3216 3595 χιονοφεγγὲς
3247 3524 3307 3576 ἐν
3335 3524 3553 3576 κοιλᾶσι
3587 3522 3709 3575 τῶν
3742 3519 3982 3592 pagatim
4046 3513 4047 3520 “

2430 3613 2731 3686 ὲξήνθησας
2751 3629 2766 3645 ·
2797 3614 2877 3685 τῷ
2910 3613 3042 3685 θείῳ
3068 3614 3254 3686 λύθρῳ
3279 3616 3336 3669 δὲ
3367 3616 3446 3685 τῷ
3467 3617 3568 3686 τῆς
3595 3617 3879 3685 ἀθλήσεως
3899 3631 3980 3680 ςοι-
4046 3637 4047 3668 1

2431 3705 2784 3779 νισσόμενος,
2825 3705 2974 3775 ῥόδον
3023 3705 3229 3776 ἐφάνης
3273 3705 3549 3775 ἐρυθρὸν,
3608 3709 3835 3770 εὐῶδες,
3875 3704 3984 3775 μυρί-
4046 3709 4047 3720 ‘

2432 3815 2622 3864 πνουν,
2653 3799 2750 3852 καὶ
2794 3799 2962 3852 πᾶσιν
3005 3797 3276 3862 ἔπνευσας
3301 3798 3690 3869 ύπερκόσμιον
3723 3799 3888 3869 ὀσμὴν
3915 3797 3984 3848 ξιξ-ί
4046 3813 4047 3869 l

2435 3888 2627 3942 παθῶν
2665 3887 2764 3942 τοῦ
2797 3888 3060 3958 Χριστοῦ.

2503 3999 2684 4054 Μόνον
2734 4000 2954 4069 σιδήρου
3003 4001 3209 4064 παντὸς
3257 4003 3320 4054 τὸ
3371 4002 3693 4056 πολύαθλόν
3753 4019 3846 4056 σου
3878 4003 3985 4069 σῶμα

2437 4089 2794 4161 στερῤότερον
2820 4089 3000 4159 ῶφθη,
3027 4089 3289 4161 Γεώργιε,
3318 4092 3574 4162 βασάνων
3610 4093 3854 4165 σφύραις
3879 4093 3988 4160 μὲντν

2436 4181 2755 4235 ἀτύπωτονο
2785 4182 2862 4245 ὡς
2902 4182 2958 4235 δὲ
2995 4184 3055 4235 ἔν
3099 4182 3253 4237 ῦδατι
3285 4185 3476 4255 ψυχρῷ
3501 4185 3586 4254 τῷ
3619 4187 3708 4257 σῷ
3740 4185 3913 4256 θερμῷ
3932 4185 3986 4234 εἰ·

2439 4289 2574 4343 ματι
2605 4272 2776 4344 βαφὲν
2805 4275 3148 4346 ὲστώμωται,
3178 4275 3258 4344 τῷ
3305 4279 3439 4348 τωρ).
3487 4277 3904 4349 προχαλκευθὲν
3927 4275 3990 4340 τῆς

2436 4366 2663 4436 ἀγάπης
2698 4365 2936 4437 Χριστοῦ
2949 4407 2961 4419 .

2509 4477 2761 4548 Νικήσας
2789 4478 2976 4547 χάριτι
3021 4478 3262 4550 Χριστοῦ
3311 4479 3403 4532 τοῦ
3455 4483 3805 4550 νικήσαντος
3833 4480 3913 4532 rev
3937 4474 3991 4528 r5—

752 4583 1084 4646 potestatem
1118 4575 1388 4646 principis
1416 4575 1582 4645 hujus
1615 4576 1800 4629 mundi
1853 4579 2129 4645 superasti
2174 4566 2328 4634 inhu-

2442 4586 2601 4640 σμον,
2632 4570 2709 4633 ὡς
2740 4569 2910 4640 ἔφησε
2937 4569 3034 4624 τοῦ
3060 4571 3506 4642 κοσμοκράτορος
3531 4574 3646 4636 τὰς
3680 4574 3918 4640 ἐξουσίας

754 4681 1086 4735 manumque
1125 4666 1461 4735 imperium;
1497 4668 1676 4721 victor
1736 4667 1945 4721 athleta
1999 4684 2030 4724 e
2069 4678 2216 4724 terra
2267 4671 2333 4725 ad

753 4763 1002 4826 cwlestia
1029 4763 1286 4828 evolasti,
1312 4747 1521 4830 potenti
1557 4761 1749 4816 dextra
1785 4775 2106 4819 coronatus.

825 4960 1142 5022 Fluminum
1183 4961 1347 5015 undis
1374 4969 1666 5030 aquantur
1721 4960 2010 5016 innumera
2063 4962 2335 5031 prodigia,

759 5067 882 5124 qua:
915 5052 1074 5107 vivus
1116 5060 1286 5120 atque
1340 5052 1510 5106 etiam
1559 5060 1685 5119 post
1726 5063 1956 5105 mortem
2009 5052 2334 5121 perfecisti;

761 5161 889 5202 vere
910 5145 1054 5200 enim
1078 5145 1268 5198 vivunt
1293 5145 1346 5198 in
1378 5145 1487 5198 Deo
1509 5145 1591 5198 vel
1618 5151 1740 5214 post
1773 5155 2001 5200 mortem
2019 5147 2181 5214 justi;
2210 5161 2336 5199 nam

767 5239 814 5293 in
849 5253 1013 5293 manu
1051 5237 1143 5292 Dei
1179 5237 1374 5291 animae
1402 5252 1617 5291 eorum.

830 5437 967 5491 Cum
1001 5449 1312 5489 sermonem
1345 5433 1599 5489 idoneum
1635 5451 1743 5489 non
1800 5435 2055 5501 habeam,
2114 5449 2216 5490 nec
2244 5435 2342 5489 lin-

763 5546 922 5602 gnam
961 5527 1252 5584 facundam
1276 5543 1398 5596 quae
1429 5528 1716 5581 innumera
1745 5537 1840 5581 tua
1880 5536 2030 5598 gesta
2063 5527 2341 5582 celebrare

763 5622 959 5682 valeat,
996 5619 1161 5674 verba
1206 5617 1447 5688 suscipe,
1505 5626 1808 5688 martyrum
1874 5616 2073 5682 decor;
2130 5631 2231 5671 oro
2287 5626 2340 5672 et

764 5729 959 5784 precor
1007 5711 1345 5766 Salvatorem
1402 5724 1583 5763 meum
1639 5710 1918 5765 Christum
1958 5716 2014 5762 ut
2068 5724 2193 5765 cum
2234 5711 2338 5766 mei

764 5808 1042 5868 misereat.
1078 5803 1232 5858 Deest
1262 5803 1551 5856 θεοτόκιον.

2443 4659 2869 4730 μισανθρώπους
2906 4661 3082 4730 ἀρχάς
3102 4677 3117 4692 °
3149 4663 3558 4731 τροπαιοφόρος
3587 4663 3848 4732 ἀθλητὴς
3876 4659 3992 4728 γῆθεν

2438 4751 2801 4821 ἀνεφοίτησας
2833 4752 2969 4822 πρὸς
3012 4751 3082 4804 τά
3133 4752 3381 4822 οὐράνια,
3418 4753 3577 4824 δεξιᾷ
3622 4753 3891 4822 νικοποιῷ
3917 4767 3991 4803 στέ-

2439 4839 2803 4909 φθησόμενος.

2509 4953 2734 5023 Νάμασι
2761 4955 2876 5016 τοῖς
2899 4953 3010 5006 τῶν
3041 4955 3306 5026 ποταμῶν
3334 4955 3726 5025 παρισοῦνται
3753 4959 3822 5010 τά
3853 4958 3993 5020 ἄπειμι

2443 5043 2726 5115 θαύματα,
2759 5045 2904 5115 ἆπερ
2934 5046 3211 5112 ὲτέλεσας,
3237 5047 3334 5100 καὶ
3380 5045 3491 5110 ζῶν
3535 5050 3655 5103 καὶ
3707 5051 3793 5104 ἑτι
3831 5045 3994 5120 μετὰέ

2444 5138 2596 5202 τέλος
2625 5137 2800 5200 τελεῖς
2819 5154 2832 5169 ·
2863 5138 3034 5202 ὅντως
3063 5139 3172 5209 γάρ
3207 5138 3373 5203 ζῶσιν
3409 5140 3468 5192 ὲν
3493 5138 3630 5212 Θεῷ
3669 5144 3773 5196 καί
3800 5141 3920 5210 μετὰ
3941 5137 3990 5187 τὲ.

2449 5227 2678 5282 θάνατον
2711 5227 2927 5299 άληθῶς
2954 5230 3006 5282 οἱ
3033 5227 3230 5282 δίκαιοι
3259 5245 3272 5259 ·
3315 5231 3375 5283 ὲν
3417 5231 3568 5303 χειρὶ
3624 5234 3749 5306 γὰρ
3799 5232 3885 5288 τοῦ
3911 5224 3993 5282 Θεεί

2447 5321 2504 5382 αἱ
2534 5319 2703 5390 ψυχαὶ
2732 5319 2932 5373 αὐτῶν.

2518 5433 2633 5485 Οὐκ
2679 5431 2819 5502 ἔχων
2863 5433 3025 5500 λόγου
3073 5435 3379 5506 προφορὰν,
3416 5434 3536 5489 οὐδὲ
3577 5437 3852 5505 γλῶσσαν
3887 5439 3994 5505 ὑμῖν

2447 5525 2656 5594 γράφον
2687 5525 2866 5579 πάντα
2892 5525 3260 5600 δεδυνημένην
3301 5527 3486 5593 καλῶς
3529 5531 3612 5586 τὰ
3662 5534 3740 5586 σὰ
3784 5533 3990 5604 γεραίρω

2446 5617 2725 5686 ἀνάριθμα
2747 5633 2760 5647 ⁸
2781 5619 3002 5688 ῥήματα
3030 5619 3162 5683 ίδοῖδν
3183 5623 3485 5691 μαρτύρων
3511 5623 3798 5698 καλλονή,

2449 5729 2542 5781 χου
2563 5727 2574 5740 ·
2608 5710 2886 5782 τρέπομαι
2918 5712 3014 5765 καὶ
3042 5712 3273 5765 ίκττεύω
3299 5711 3393 5768 τδν
3415 5715 3666 5788 Σωτῆρα
3703 5737 3811 5790 μου
3831 5718 3991 5787 Spir-‘2‘
4046 5743 4047 5764 ;

2451 5802 2671 5858 ίλεῶσαί
2700 5819 2789 5873 με.
2823 5802 2973 5858 Deest
3005 5802 3308 5858 Θεοτοκίυν.
