4112 6448
160 418 289 485 1401

572 539 850 597 ΙΩΑΝΝΟ
865 546 909 596 Υ
940 547 1303 600 ΜΟΝΑΧΟΥ

352 629 594 686 ΚΔΝΩΝ
631 633 737 685 ΕΙΣ
775 635 913 691 ΤΟΝ
952 636 1153 691 ΑΙΊυΝ
1196 638 1512 704 ΒΛΑΣΙΟΝ,

179 714 251 775 οὗ
282 721 321 789 ή
355 721 742 796 ἀκροστιχζςο
782 726 1053 789 Βλαστους
1084 729 1182 780 ἀνυ
1194 731 1341 796 μνῶν
1376 728 1484 783 τῶν
1516 729 1693 782 πόνων

514 793 610 846 τοῦ
657 795 888 848 Βλασίου
934 797 1045 865 ἐγὼ
1081 793 1356 869 Ἰωάννης.

356 882 495 953 ’ῼδὴ
528 881 799 955 Α’.Ἦχος
827 892 931 943 aut.
964 888 1527 959 δ’.⁹Αρμαεηλάτην.

214 970 387 1047 [Cod._
422 976 595 1032 12172
621 980 675 1034 b.
703 979 722 1051 ]
771 980 1011 1052 Ἀληθῶς
1055 983 1459 1049 καθυποτάξας,
1505 983 1725 1049 Βλάσιε,

151 1064 293 1137 πάθη
325 1067 392 1121 τά
426 1068 598 1139 ἄλογα
631 1073 711 1143 τῷ
740 1074 953 1146 ἀρχικῷ
985 1076 1152 1146 λόγῳ,
1187 1076 1456 1146 βασιλέως
1486 1077 1729 1149 πρόστα-

146 1172 262 1227 γμα
308 1161 405 1213 καὶ
452 1162 610 1232 λόγον
640 1166 975 1236 ζὲφαύλισας,
1020 1170 1254 1225 Βασιλέα
1301 1171 1566 1243 κηρύξας,
1599 1168 1727 1246 οὖή

146 1248 285 1319 ἀρχὴ
319 1250 603 1325 ἀδιάδοχος
633 1259 726 1311 καὶ
757 1259 1003 1329 βασιλεία
1035 1262 1276 1327 αἰώνιος.

214 1342 416 1411 Σοφίαν
437 1348 496 1399 ἐν
528 1351 729 1418 ἀνοίξει
764 1355 1031 1424 στόματος
1064 1358 1208 1412 δίδου
1242 1377 1353 1430 μοι,
1392 1361 1534 1430 Λόγε
1565 1362 1726 1427 Θεοῦ,

145 1432 235 1485 τὸν
261 1436 407 1506 ἱερὸν
427 1438 599 1505 ὅντως
619 1445 716 1496 ἀνυ
726 1447 926 1518 μνῆσαι
952 1450 1205 1504 Βλάσιον⁶
1232 1455 1397 1517 αὐτὸς
1419 1455 1528 1526 γὰρ
1552 1455 1728 1527 τούτῳ

145 1524 348 1591 ἔδωκας
388 1533 601 1601 σοφίαν,
641 1532 674 1610 ᾖ
711 1539 1033 1611 ἀντιστῆναι
1082 1544 1181 1597 οὐκ
1216 1547 1448 1616 ἴσχυσαν
1495 1551 1545 1602 οί
1575 1548 1728 1619 αὑτῷ

145 1616 533 1691 ἀντικείμενοι.

213 1707 514 1779 Ἀμπέλου,
554 1717 754 1791 Πάτερ,
799 1721 1088 1797 ζωηφόρου
1126 1728 1353 1795 γέγονας
1393 1729 1581 1801 κλῆμα
1632 1749 1728 1785 πο-

143 1798 397 1871 λύφορον,
432 1807 529 1871 τὰς
559 1809 761 1880 ἀρετὰς
797 1815 983 1886 φέρων
1016 1818 1091 1882 ὡς
1119 1821 1419 1891 πεπείρους
1451 1798 1686 1894 βότρυας
1706 1838 1722 1852 ‘

1297 432 1616 493 HYMNUS
1661 432 1745 495 IN
1785 434 1848 494 S.
1906 435 2264 500 BLASlUM.

3276 447 3413 516 1402

2247 552 2383 609 10A
2398 552 2981 628 Nmsaomcm

2064 639 2358 698 HYMMUS
2398 643 2467 699 IN
2506 644 2833 705 SANCTUM
2872 650 3196 721 BLASIUM,

1831 729 1884 782 in
1909 748 2009 799 quo
2042 734 2229 812 prima:
2264 752 2508 812 versuum
2534 739 2727 812 liuent:
2761 743 3069 812 signiﬁcant
3095 761 3114 799 :
3146 744 3409 805 Germina

2061 804 2309 859 laborum
2341 807 2508 864 Blasii
2534 811 2752 865 celebro
2787 804 3177 882 e'go'Joannes.

2009 894 2121 950 Ode
2158 897 2209 951 Ι.
2255 897 2430 955 Sanus
2459 901 2536 970 pl.
2563 904 2618 956 4.
2658 902 2861 959 Curras
2894 909 3232 977 agitatorem.
3307 940 3312 944 -

1904 984 2119 1041 Ratiom
2145 1004 2275 1045 vere
2311 992 2602 1062 subjecisti
2633 998 2887 1053 carnales
2929 999 3180 1068 affectus,
3227 1002 3409 1073 Blasi;

1831 1080 1975 1149 regis
2033 1083 2352 1138 mandatum
2390 1095 2445 1141 et
2493 1102 2683 1143 vocem
2743 1095 3147 1164 contempsisti,
3208 1095 3411 1168 Regem

1833 1173 2135 1241 prtedicans
2169 1176 2257 1231 cui
2298 1185 2543 1248 potestas
2586 1182 2777 1238 innata
2829 1196 2884 1240 et
2927 1194 3195 1244 aeternum
3238 1190 3412 1262 impe-

1832 1264 1993 1318 rium.

1902 1356 1976 1413 Os
2021 1360 2297 1429 aperienti
2352 1361 2677 1432 sapientiam
2735 1375 2963 1437 praesta,
3001 1369 3240 1428 Verbum
3284 1372 3408 1442 Dei,

1829 1464 1939 1519 quo
1977 1460 2226 1506 sanctum
2260 1454 2506 1508 Blasium
2555 1456 2719 1529 digne
2752 1446 3067 1530 celebrem;
3121 1464 3227 1534 ipsi
3261 1469 3409 1523 enim

1830 1543 2162 1611 sapientiam
2218 1545 2442 1611 dedisti,
2497 1552 2589 1603 cui
2635 1551 2897 1610 resistere
2953 1570 3062 1611 non
3116 1557 3411 1615 valuerunt

1829 1634 2158 1691 adversarii.

1902 1723 2107 1791 Vineae,
2151 1727 2338 1792 Pater,
2386 1730 2720 1788 viviﬁcantis
2777 1733 2959 1791 factus
3002 1752 3064 1794 es
3092 1740 3303 1809 palmes
3340 1742 3413 1799 fe-

1828 1824 2066 1883 cundus,
2130 1821 2431 1878 virtutibus
2487 1825 2637 1879 velut
2688 1825 2813 1882 uvis
2864 1831 3099 1885 maturis
3146 1843 3410 1899 ornatus,

140 1892 565 1966 ἀποτυλώμενος
595 1900 737 1971 ξίφει
774 1905 831 1959 δὲ
865 1910 961 1962 καὶ⁹
999 1912 1158 1964 ποσὶν
1197 1914 1294 1983 οὐχ
1327 1892 1559 1984 ὡραίοις
1581 1917 1715 1971 ἀπο-

1826 1914 2026 1984 gladiis
2078 1916 2334 1973 abscisus
2372 1927 2428 1974 et
2482 1920 2719 1990 pedibus
2755 1923 3118 1980 conculcatus
3151 1892 3416 1999 importu;

142 1981 343 2049 ολιϐεὶς
368 1988 525 2057 πᾶσι,
558 1992 775 2063 Βλάσιε,
809 1999 987 2063 οἴνους
1007 1981 1356 2070 κατανύξεως
1379 1981 1646 2072 έδλυσας.

210 2169 512 2239 Προφανῶς
542 2171 637 2224 ἐπὶ
668 2172 777 2227 τῶν
811 2174 992 2246 ἔργων
1027 2177 1284 2245 δέδειξαι,
1316 2181 1458 2235 κατά
1499 2181 1591 2235 τὸν
1629 2183 1725 2254 μέ-

138 2261 410 2330 γανΊὼὸ,
451 2263 727 2335 ἀληθινὸς,
767 2270 966 2337 πρᾶος,
1012 2272 1329 2343 συμπαθὴς,
1367 2275 1461 2327 καὶ
1491 2275 1719 2341 δίκαιος,

139 2354 375 2426 εὐσεϐὴς
396 2358 490 2410 καὶ
513 2357 827 2429 ἄμεμπτος,
849 2363 1189 2434 ἀπεχόμενος
1211 2367 1379 2432 ὅντως
1397 2370 1460 2421 ὲκ
1481 2370 1721 2440 πονηροῦ

137 2448 489 2518 πράγματος,
526 2452 947 2524 ίερομαρτύρων
980 2457 1283 2528 ἀγλάϊσμα.

212 2547 545 2600 Θε-ῖοτόσιιιον⁴
581 2578 652 2587 -
674 2550 771 2602 Ἐκ
799 2553 897 2621 τῆς
930 2553 1087 2624 ῥίζης
1114 2555 1315 2610 Ἰεσσαὶ
1340 2559 1721 2632 βλαστήσασαν

138 2636 337 2706 ῥάϐδον
380 2639 704 2711 ὑπέρτιμον,
752 2644 811 2696 τὸ
851 2646 942 2697 τὸν
974 2648 1215 2717 Χριστὸν
1268 2650 1460 2715 ἄνθος,
1503 2654 1721 2725 ἀληθῶς

137 2731 477 2801 ἀμάραντον,
508 2734 613 2788 ὑπὸ
643 2735 739 2788 σοῦ
762 2738 1081 2807 ἀνθήσασαν
1106 2743 1207 2811 τὴν
1232 2743 1394 2811 ἁγίαν
1420 2745 1719 2815 Παρθένον,

136 2824 275 2877 Θεοῦ
305 2826 407 2896 τὴν
449 2827 605 2880 πόλιν
641 2827 742 2899 τὴν
795 2828 1039 2903 ἔμψυχον
1079 2835 1429 2908 ἱεροπρεπῶς
1478 2840 1721 2911 μακαρί-

139 2935 348 2989 σωμεν.

627 3018 767 3088 ’ῼδὴ
802 3022 888 3074 Γ’.
921 3021 1238 3090 Οὐρανίας.

206 3103 576 3176 Βουλήθέντες
616 3107 905 3181 ζωγρῆσαί
956 3129 1015 3164 σε
1072 3114 1207 3183 πρὸς
1255 3112 1474 3183 σφαγὴν
1505 3113 1715 3178 ἄδικον,

133 3192 290 3255 ὄντες
320 3195 422 3246 ὑπὸ
456 3195 549 3249 σοῦ
582 3197 966 3269 ζωγρηθέντες
1000 3201 1138 3272 πρὸς
1169 3203 1396 3255 αἰωνίαν
1420 3203 1568 3274 ζωὴν
1598 3203 1718 3275 Θεῷ

1832 2006 1941 2071 nis,
1970 2008 2251 2074 omnibus,
2276 2007 2448 2077 Blasi,
2474 2012 2663 2068 vinum
2692 2013 2924 2082 largitus
2949 2031 3014 2073 es
3040 2022 3415 2091 compunctio-

1831 2098 1939 2153 nis.
3242 2098 3245 2101 Α

1903 2191 2187 2249 llianil‘este
2220 2196 2483 2267 operibus
2524 2198 2793 2268 probatus
2840 2217 2925 2267 es,
2954 2203 3114 2273 juxta
3146 2221 3409 2278 magnum

1830 2280 1933 2336 Job
1961 2299 2146 2352 verus,
2198 2296 2545 2357 mansuetus,
2593 2292 2937 2361 misericors,
2969 2307 3023 2352 et
3044 2298 3251 2366 justus.
3289 2302 3413 2372 pius

1830 2382 1884 2428 et
1945 2376 2472 2447 irrepreheusibilis,
2525 2382 2812 2442 abstinens
2845 2403 2976 2444 vere
3029 2390 3099 2445 ab
3151 2393 3301 2448 omni
3353 2409 3413 2450 re

1834 2468 1999 2530 mala,
2028 2478 2331 2541 martyrum
2362 2472 2555 2528 decus.

1901 2556 2167 2626 Deiparw.
2200 2593 2269 2601 —
2294 2561 2515 2634 Virgam
2560 2566 2857 2635 pretiosam
2896 2584 2961 2624 ex
3005 2570 3192 2627 radice
3240 2570 3415 2630 Jessae

1829 2650 2253 2721 germinantem,
2287 2654 2568 2711 Christum
2609 2658 2799 2715 liorem
2851 2676 2978 2717 vere
3024 2666 3411 2721 amarantbum

1828 2741 2166 2807 clTerentcm,
2206 2746 2421 2801 beatam
2461 2748 2766 2821 Virginem,
2812 2752 2994 2808 vivam
3044 2753 3143 2812 Dei
3200 2757 3409 2825 sedem,

1828 2832 2223 2890 convenienter
2253 2838 2619 2896 celebremus.

2324 3020 2435 3075 Ode
2467 3019 2529 3075 II
2539 3021 2590 3077 1.
2633 3022 2904 3083 σωίεδιεε.

1897 3106 2001 3173 Qui
2035 3119 2089 3164 te
2132 3110 2390 3167 volebant
2439 3115 2503 3169 ad
2557 3115 2817 3185 injustam
2872 3122 3262 3178 mactationem
3300 3140 3411 3182 ser-

1826 3214 1981 3265 vare,
2003 3216 2032 3254 a
2076 3207 2129 3257 te
2152 3202 2219 3257 ad
2259 3204 2431 3258 vitam
2481 3214 2746 3263 aeternam
2792 3214 2993 3267 servati
3025 3222 3176 3279 sunt,
3211 3224 3268 3270 et
3299 3218 3426 3274 Deo-

136 3286 532 3359 προσήχθησαν
569 3288 796 3360 θήραμα
829 3292 986 3356 ζώων
1040 3293 1255 3362 ἀλόγων
1289 3294 1469 3365 πολλῷ
1521 3312 1715 3366 τιμιωο

1822 3292 1991 3347 oblati
2016 3304 2146 3349 sunt
2169 3295 2405 3351 victimae
2425 3299 2623 3356 ovibus
2651 3302 2866 3358 ratione
2892 3306 3211 3364 carentibus
3232 3310 3406 3366 multo

131 3378 314 3431 τάτων
352 3379 427 3450 τῷ
454 3381 806 3453 Παντοκράτο
812 3402 888 3455 ρι.

216 3468 392 3541 Ὑπὲρ
446 3472 632 3542 ἄμμον
662 3474 940 3547 θαλάσσης
966 3477 1032 3531 τά
1082 3479 1170 3544 σά,
1212 3480 1364 3544 σοφὲ,
1417 3479 1715 3551 θαύματα·

132 3565 335 3630 παύεις
385 3568 493 3640 γὰρ
544 3568 733 3639 ψυχῶν
790 3576 884 3623 καὶ
944 3573 1215 3641 σωμάτων
1279 3575 1425 3644 πάθη
1481 3577 1713 3631 ἀνίατα·

133 3656 347 3726 λαιμῶν
380 3660 683 3730 παθήματα
730 3662 825 3714 καὶ
860 3662 1172 3732 φλεγμονὰς
1224 3666 1484 3733 διαλύεις,
1518 3669 1610 3721 καὶ
1647 3668 1715 3722 τά

133 3748 278 3801 κατά
311 3750 412 3819 τήν
441 3752 700 3820 φάρυγγα
733 3750 1009 3823 ξηραίνεις
1043 3755 1313 3825 ῥεύματα.

205 3841 537 3905 Σεόαστείας
571 3844 663 3895 τὸν
696 3844 961 3915 μέγαν....
986 3846 1155 3910 ὠς....
1713 3926 1720 3935 ι

202 3935 511 4005 Ἀγρυπνίᾳ
546 3937 784 4005 συντόνῳ
822 3937 919 3989 καὶ
950 3941 1228 4010 προσευχῇ
1262 3940 1495 4008 γέγονας
1526 3942 1709 4006 τόπος,

127 4026 259 4096 δρος
294 4026 372 4095 τῷ
422 4027 613 4096 Κυρίῳ
660 4029 754 4080 καὶ
806 4028 925 4098 Θεῷ
966 4028 1195 4082 Ἰακώ6’
1244 4031 1399 4097 ἅγιον
1445 4034 1712 4103 σκήνωμα

126 4119 240 4189 γὰρ
271 4118 365 4171 καὶ
396 4119 642 4190 Πνεῦμα,
679 4122 713 4191 ἡ
747 4119 917 4191 Τριάς
962 4124 1274 4191 ἐσκήνωσεν
1304 4126 1361 4177 ὲν
1411 4128 1478 4197 τῇ
1513 4128 1712 4199 καρδίᾳ

127 4229 251 4265 σου.

202 4302 544 4358 Θεοτόκιον.
580 4331 651 4341 --
697 4302 910 4372 Νοεράν
962 4320 1022 4356 σε
1071 4304 1260 4359 λαὸίδα
1306 4305 1399 4358 τὸν
1453 4306 1712 4377 ἀληθινὸν

122 4392 382 4463 ἄνθρακα
424 4394 699 4463 φέρουσαν
753 4393 987 4463 Χριστὸν
1021 4397 1079 4447 ὲν
1128 4395 1401 4462 ἀγκάλαις
1440 4396 1707 4465 ἔγνωμεν,

119 4486 423 4537 Δέσποινα’
454 4486 513 4536 ὲν
538 4478 580 4551 ᾧ
609 4484 948 4551 κατάφλεξον
978 4485 1045 4537 τὰ
1087 4486 1418 4557 φρυγανώδη
1461 4504 1562 4557 μου
1600 4486 1708 4540 πά-

120 4577 220 4646 θη,
253 4575 350 4628 καὶ⁵
376 4575 470 4629 τὸν
501 4574 624 4628 νοῦν
655 4574 896 4646 καθαρόν
921 4576 1367 4647 ὑλομανήσαντα.

479 4665 619 4736 ’ῼδὴ
648 4667 724 4720 Δ’.
757 4666 1126 4733 Εἰσακήκοα,
1158 4668 1357 4735 Κύριε.

204 4757 516 4829 ’Υπερέϐης
536 4757 636 4829 τὴν
660 4758 916 4826 αῐσθησιν
941 4761 1031 4812 καὶ
1060 4760 1152 4826 τὸν
1175 4760 1547 4832 ὑπέραισχρον
1570 4779 1705 4831 παρ-

115 4847 432 4921 εχώρησας,
479 4851 709 4920 χρυσαῖς
749 4850 1007 4920 πτέρυξιν
1045 4851 1340 4921 ίπτάμενος
1385 4852 1487 4922 τῆς
1542 4854 1703 4923 ἱερω-

116 4943 292 5009 σύνης
330 4942 425 4995 καὶ
449 4942 754 5012 ἀθλήσεως.

189 5034 499 5105 Μυροθήκη
523 5034 811 5103 γενόμενος
830 5034 1147 5104 Πνεύματος
1185 5035 1341 5104 ἁγίου
1376 5036 1472 5089 καὶ
1498 5037 1701 5091 εὐωδία

111 5129 502 5201 Χριστοῦ,τὴν
531 5131 706 5203 ὀσμὴν
734 5131 834 5202 τῆς
856 5131 1021 5185 αὑτοῦ
1048 5132 1304 5200 γνώσεως
1331 5132 1428 5186 καὶ
1453 5132 1562 5185 τῶν
1596 5150 1702 5185 πα-

114 5224 386 5296 θημάτων
409 5224 658 5285 ἔπεισας.

187 5316 558 5387 Νοσουμένων
584 5314 865 5386 λυτήριον,
889 5316 1144 5386 πονηρῶν
1169 5314 1496 5385 πνευμάτων
1530 5330 1701 5383 φυγα-

113 5410 407 5479 δευτήριον
452 5408 547 5461 καὶ
598 5408 873 5477 δαιμόνων
905 5407 1023 5471 δέος
1068 5408 1333 5489 ἀστεκτον
1357 5408 1452 5460 καὶ
1503 5405 1698 5477 βαρεῖα

112 5499 328 5574 μάστιξ
355 5500 415 5553 τδ
446 5501 538 5553 σὺν
569 5502 762 5571 ὄνομα.

196 5593 291 5657 Ὠς
331 5593 537 5663 ποιμὴν
571 5594 668 5662 μὲν
716 5590 1040 5662 ὲποίμανας,
1091 5591 1297 5646 ἄνωθεν
1331 5591 1407 5655 ὡς
1444 5590 1698 5662 πρόϐατα

108 5685 566 5757 ποιμαινόμενος,
592 5684 670 5755 τῷ
693 5684 897 5738 τιθέντι
922 5685 978 5737 δὲ
1009 5684 1083 5747 ὠς
1115 5682 1409 5756 πρόϐατον,
1438 5681 1514 5745 ὡς
1541 5680 1697 5751 κριὸς

112 5778 524 5849 προσηνέχθης,
554 5775 839 5849 ἱερώτατε.

186 5873 611 5929 οεοτόκιον.-
637 5870 740 5925 Τὸν
774 5872 832 5925 ἐν
864 5871 1033 5924 πᾶσιν
1072 5867 1356 5940 ἀχώρητον
1384 5869 1694 5946 ἀστενοχω-

1819 3386 2142 3455 gratiores."

1890 3477 2069 3532 Arena
2097 3480 2268 3534 maris
2328 3481 2484 3550 plura
2534 3489 2629 3538 tua
2662 3486 2938 3557 prodigia,
2974 3490 3215 3559 sapiens.
3265 3492 3402 3550 Nam

1818 3569 2129 3623 animarum
2160 3586 2566 3645 corporumque
2587 3578 2930 3634 insanabiles
2952 3581 3175 3637 morbos
3202 3598 3402 3655 curas;

1818 3662 2057 3729 gutturis
2088 3661 2306 3720 dolores
2336 3667 2505 3722 solvis
2525 3678 2581 3723 et
2609 3680 2875 3741 tumores,
2905 3682 2960 3728 et
2982 3673 3226 3747 laryngis
3251 3677 3404 3735 sistis

1817 3750 2021 3809 ﬂuxus.

1882 3938 2141 3994 Assiduis
2165 3942 2367 4009 vigiliis
2397 3950 2450 3998 et
2471 3946 2719 4001 oratione
2745 3948 2926 4005 factus
2949 3966 3009 4006 es
3038 3951 3213 4019 locus,
3239 3971 3400 4015 mons

1816 4026 2048 4082 Domino
2077 4040 2132 4084 et
2160 4032 2267 4086 Deo
2296 4032 2505 4097 Jacob;
2542 4051 2666 4090 nam
2703 4049 2957 4095 sanctum
2980 4044 3397 4104 tabernaculum

1812 4128 1869 4173 et
1915 4130 2141 4178 sanctus
2200 4122 2483 4194 Spiritus,
2532 4126 2779 4186 Trinitas
2818 4132 3092 4191 habitavit
3130 4138 3186 4192 in
3230 4142 3397 4199 corde

1814 4219 1927 4265 tuo.

1884 4304 2152 4373 Dciparaz.
2198 4339 2267 4349 —
2298 4308 2608 4379 Supernum
2644 4320 2699 4367 te
2728 4329 2825 4369 vas
2861 4321 3238 4391 agnoscimus,
3272 4326 3395 4382 Do-

1812 4398 1980 4459 mina,
2009 4414 2132 4468 quae
2152 4415 2342 4454 verum
2369 4404 2661 4459 carbonem
2700 4407 2981 4464 tlhristutn
3011 4412 3065 4466 in
3092 4414 3240 4472 ulnis
3270 4432 3396 4488 por-

1812 4491 1938 4543 tasti
1962 4508 1975 4555 ;
2006 4491 2098 4544 illo
2126 4494 2389 4547 combure
2420 4497 2744 4555 surculosas
2770 4517 2919 4557 meas
2950 4505 3239 4573 passiones
3266 4525 3389 4581 qua:

1739 4578 1783 4633 Ι)
1812 4583 2017 4637 anilitas
2036 4584 2333 4638 candorem
2367 4586 2674 4656 inquinant.

2189 4676 2299 4730 Ode
2334 4676 2359 4728 Ι
2381 4678 2439 4732 γ.
2476 4678 2763 4747 Exaudwi,
2797 4683 3036 4742 Domine.

1884 4766 2111 4819 Omnem
2148 4781 2371 4821 sensum
2409 4773 2705 4839 superasti.
2730 4783 2785 4828 et
2824 4777 3208 4845 turpissimum
3232 4798 3393 4841 exce-

1809 4858 1964 4925 disti,
2000 4859 2184 4913 aureis
2224 4861 2519 4916 Sucet‘dOIii
2545 4873 2600 4918 et
2635 4867 2886 4937 martyrii
2930 4870 3033 4924 alis
3062 4871 3260 4928 elatus.

1882 5036 2236 5105 Unguentum
2275 5038 2453 5094 factus
2491 5040 2734 5110 Spiritus
2769 5046 2949 5100 sancti
2994 5056 3044 5101 et
3086 5048 3386 5120 fragrantia

1808 5125 2038 5191 Christi,
2068 5127 2270 5182 bonum
2295 5130 2517 5186 odorem
2549 5134 2801 5189 scientia:
2827 5144 2881 5191 et
2910 5140 3231 5206 passionum
3264 5143 3385 5213 ejus

1809 5218 2101 5274 diﬁudisti.

1880 5310 2224 5367 lnﬁrmorum
2261 5315 2430 5379 salus,
2473 5316 2748 5372 malorum
2776 5320 3071 5388 spirituum
3112 5323 3382 5393 refugium

1807 5408 1858 5453 et
1886 5400 2192 5455 daemonum
2232 5409 2409 5459 terror
2437 5404 2801 5461 intolerabilis
2831 5415 2887 5463 et
2912 5424 3080 5479 grave
3111 5411 3385 5482 flagellum

1808 5497 1961 5543 tuum
1994 5507 2215 5547 nomen.

1878 5584 1992 5638 Ceu
2024 5594 2213 5652 pastor
2250 5600 2468 5656 gregem
2507 5586 2722 5649 rexisti,
2749 5586 3038 5647 desursum
3072 5592 3217 5646 velut
3252 5607 3384 5648 oves

1808 5692 2062 5747 pascens,
2112 5675 2342 5732 Domino
2387 5687 2572 5733 autem
2621 5686 2885 5750 tanquam
2943 5682 3063 5738 ovis
3103 5694 3197 5738 aut
3235 5684 3383 5741 aries

1806 5770 2025 5824 oblatus
2055 5785 2136 5833 es,
2165 5771 2539 5825 sanctissime.

1880 5868 2214 5941 Deiparw.-—
2243 5864 2421 5921 Nullis
2447 5866 2719 5923 limitibus
2752 5868 3107 5928 terminatum
3144 5877 3198 5923 et
3224 5867 3381 5924 caelis
