4112 6448
152 408 284 474 1405

1244 410 1562 472 HYMNUS
1596 411 1677 472 IN
1720 413 1781 475 S.
1823 414 2178 476 BLASIUM.

3252 427 3388 491 1406

147 522 343 586 νίωνας
368 520 493 584 τοὺς
520 518 772 592 μάκαρας
796 518 1013 582 ἀθλίους
1040 516 1346 589 ἀπέφηναν,
1370 521 1463 572 καὶ
1490 520 1702 582 τούτους

1822 522 2221 581 imbecillitatis
2250 536 2579 596 arguerunt,
2607 529 2868 603 ipsosque
2903 532 3210 604 pmcipltes
3237 536 3388 609 deje-

148 614 223 684 τῷ
254 612 400 684 βυθῷ
444 613 848 683 καθώρμησαν,
887 610 1169 682 Μωσαῖκῷ
1203 615 1323 665 κατ’
1350 613 1530 665 αὐτῶν
1554 630 1718 683 τερα-

146 723 241 760 του
248 705 381 777 ργοῦ
390 722 480 759 σαι
511 705 722 776 τρόπῳ.

219 799 555 852 Θεοτόκιον.
585 796 791 849 -Ἶνα
839 794 991 867 σώσῃ
1037 795 1129 846 τὸν
1173 794 1378 864 κόσμον
1418 793 1445 845 ὁ
1482 794 1721 863 Ποιήσας

146 890 237 943 τὸν
284 890 512 958 κόσμον,
560 887 715 957 ὤφθη
755 887 947 958 βροτὸς
984 887 1079 940 ἐπὶ
1128 889 1266 957 γῆς·
1301 887 1396 940 καὶ
1447 885 1555 956 γάρ
1598 902 1721 939 συν-

146 981 463 1050 ανεστράφη
492 978 801 1050 ἀνθρώποις
848 979 1261 1051 φιλάνθρωπος.
1306 977 1524 1049 ὁραθείς
1551 978 1720 1041 ὅντως

145 1072 431 1141 ἄνθρωπος
462 1073 519 1124 ὲν
556 1074 621 1142 τῇ
669 1072 857 1125 δούλου
894 1074 1077 1141 μορφῇ
1121 1070 1324 1141 μητρὸς
1359 1070 1418 1137 ἐξ
1455 1069 1718 1140 ἀπειράν-

144 1162 293 1215 δοου.

175 1179 293 1230 pou.
544 1250 682 1321 ’ῼδὴ
708 1253 795 1304 Η’.
842 1251 1329 1317 Ἐπταπλασίως.

226 1344 315 1406 Ὠς
351 1342 491 1414 ἁγίῳ
519 1343 802 1412 Πνεύματι
831 1342 1241 1414 κουφιζόμενος,
1269 1344 1491 1409 meum,
1518 1342 1718 1413 λίμνης

145 1438 239 1488 ἐπὶ
272 1436 454 1489 νώτων
500 1435 757 1505 ἀσφαλῶς
809 1435 1124 1505 ὀχούμενος,
1169 1436 1416 1506 ἀτρέμας
1460 1436 1716 1500 ἐϐάδισας

145 1530 265 1582 καθ’
298 1528 471 1599 ύγράν
520 1528 637 1581 ὁδὸν
668 1529 745 1598 τῷ
788 1532 972 1594 παντὶ,
1007 1529 1100 1582 καὶ
1150 1530 1242 1582 ἐπὶ
1271 1528 1478 1597 λεπτῆς
1525 1531 1718 1598 ἐπιφα-

142 1621 289 1684 νείας
344 1620 551 1672 ὑδάτων
624 1620 938 1689 κεκάθηκας
997 1622 1231 1690 ἑδραῖος,
1276 1620 1502 1693 στερεοῦ
1573 1638 1715 1685 τινος

140 1712 329 1782 ὥσπερ
368 1712 583 1781 ἔχοντος
619 1710 843 1780 βυθόθεν
878 1712 1061 1781 ἠρέμα
1093 1729 1186 1762 σου
1221 1713 1283 1763 τὸ
1317 1712 1499 1781 σῶμα.

224 1806 575 1875 ’Υλογεώδεις
606 1806 803 1874 ἄψυχοι
837 1806 885 1857 οί
934 1804 1049 1857 θεοὶ
1078 1803 1510 1875 χρηματίζοντες
1544 1804 1713 1875 ἄρδην

1823 622 2038 681 cerunt,
2076 615 2245 672 Mosis
2270 619 2337 673 ad
2371 621 2548 677 instar
2584 623 2837 694 prodigia
2869 626 2924 680 in
2955 641 3053 683 eos
3083 628 3329 687 edentes.

1901 790 2167 859 Deiparaz.
2200 823 2269 833 —
2300 794 2372 851 Ut
2400 798 2576 853 salvet
2614 801 2882 856 mundum
2909 802 3147 861 Creator
3171 810 3383 876 mundi,

1822 886 2067 942 mortalis
2091 887 2244 944 visus
2285 898 2369 944 est
2404 889 2458 943 in
2505 901 2685 954 terra;
2725 910 2849 948 nam
2890 896 3171 954 hominum
3207 901 3384 959 fautor

1821 980 2093 1047 apparuit,
2115 994 2243 1035 vere
2264 981 2424 1036 homo
2451 983 2722 1052 probatus
2752 986 2987 1042 formam
3016 992 3243 1047 serviex
3268 1008 3380 1048 ma-

1820 1079 1902 1127 tre
1932 1072 2146 1144 virgine
2171 1075 2466 1144 accipiens.

2278 1254 2391 1310 Ode
2431 1255 2593 1314 VIII.
2622 1258 2909 1331 Septuplo.

1889 1340 2049 1398 Velut
2088 1354 2290 1400 sancto
2323 1345 2530 1417 Spiritu
2553 1352 2800 1421 adjutus,
2833 1354 3007 1422 Blasi,
3041 1374 3207 1431 super
3230 1363 3387 1420 lacus

1816 1432 2040 1487 dorsum
2074 1434 2288 1491 secure'
2309 1437 2483 1503 latus,
2512 1440 2803 1500 interritus
2841 1449 3067 1502 omnino
3108 1450 3385 1508 humidam

1816 1526 1958 1579 viam
1990 1526 2292 1590 incessisti,
2320 1537 2375 1583 et
2397 1530 2637 1586 instabili
2675 1534 2728 1587 in
2756 1550 2909 1604 aqua:
2943 1544 3265 1599 summitate
3290 1545 3388 1600 llr-

1817 1618 1978 1669 miter
2006 1618 2307 1674 consedisti
2338 1660 2353 1682 ,
2390 1620 2535 1676 haud
2584 1639 2748 1681 secus
2797 1641 2865 1683 ac
2917 1629 2963 1685 si
3000 1646 3201 1703 corpus
3231 1644 3385 1691 tuum

1818 1708 2055 1778 abyssus
2090 1712 2208 1781 ipse
2228 1713 2553 1771 sustineret.

1886 1795 2089 1869 Lignea
2132 1801 2436 1859 simulacra
2487 1822 2614 1876 qua:
2662 1807 2759 1864 Dei
2793 1810 3140 1873 habebantur
3166 1821 3384 1889 penitus

136 1901 450 1963 ἀπώλεσαν,
481 1900 559 1960 είς
587 1898 748 1966 βυθὸν
778 1898 1101 1961 κατέδυσαν,
1127 1898 1350 1949 κάκεῖνο
1377 1897 1702 1951 πεπόνθασιν

1816 1886 2165 1961 interierunt,
2212 1896 2269 1949 in
2301 1898 2575 1968 gurgitem
2613 1901 2867 1961 demersa
2902 1919 3053 1976 sunt,
3104 1876 3183 1968 ει⁸
3208 1916 3383 1988 legem

135 1995 275 2064 ὅπερ
328 1992 483 2045 αὐτοὶ
527 1991 840 2061 δεδράκασι,
876 1990 1131 2060 ῥίψαντες
1172 1990 1403 2079 πολλοὺς
1443 1989 1548 2043 ύπδ
1584 1990 1712 2062 Χρι-

138 2087 263 2135 στὸν
292 2081 549 2152 ποιμένα,
581 2080 655 2142 th;
681 2079 775 2133 νῦν
804 2080 931 2142 τοὺς
964 2079 1306 2149 στρατιώτας
1358 2080 1485 2145 τοὺς
1527 2081 1711 2145 αὐτοῖς

136 2174 488 2238 πεποιθότας,
537 2175 664 2237 τοὺς
694 2173 865 2235 ὅντως
919 2173 1315 2243 παραπλῆγας,
1360 2175 1487 2237 τοὺς
1539 2174 1709 2239 ὅντως

134 2261 399 2330 ἠλιθίους.

219 2354 342 2405 Ἐπὶ
370 2354 604 2420 ἄντυγος
649 2354 939 2417 καταπτὰς
995 2355 1141 2417 θεῖος
1184 2355 1415 2424 ἄγγελος
1453 2356 1711 2427 ἐπικαθη-

138 2446 289 2515 μένῳ
322 2448 437 2508 τοῖς
466 2448 564 2515 τῆς
591 2446 788 2515 λίμνης
821 2446 999 2509 ὕδασι,
1028 2448 1109 2513 τὸ,
1136 2448 1332 2517 Χαῖρε,
1372 2447 1457 2499 σοὶ
1487 2448 1737 2517 φθέγγεο.

134 2554 265 2600 ται,
326 2538 422 2591 καὶ
475 2538 727 2607 γλυκερῷ
783 2537 1052 2608 φιλήματι
1109 2554 1168 2590 σε
1225 2540 1557 2610 ἐπιχαρίτως
1615 2539 1710 2593 καὶ

133 2630 439 2694 ἀσπάζεται
470 2630 643 2697 λέγων
663 2631 1101 2703 ’Ἀνάστηθιοκαὶ
1137 2630 1320 2703 δεῦρο,
1352 2631 1708 2702 ἀπολάμϐανε

131 2723 340 2793 χαὶρων
401 2722 490 2775 τὸν
544 2723 806 2791 στέφανον
847 2724 946 2793 τῆς
979 2724 1158 2795 δόξης,
1208 2725 1301 2777 τὸν
1366 2726 1447 2778 σοὶ
1491 2727 1711 2797 ήτοιμα-

135 2815 351 2882 σμένον.

204 2904 302 2973 Γῆ,
350 2903 445 2957 καὶ
495 2903 689 2973 πηλὸς,
746 2904 841 2957 καὶ
891 2904 1173 2975 βόρόορος,
1214 2906 1569 2976 χρηματίζων
1612 2906 1710 2960 τύ-

135 3010 332 3065 ραννος
359 2994 523 3063 γήϊνα
550 2997 739 3063 φρονεί
770 2996 862 3049 καὶ
884 2997 1124 3065 κοσμικά
1148 2996 1450 3064 λογίζεταιο
1476 2999 1535 3050 τὸ
1566 2998 1709 3068 μέγα

132 3082 416 3152 τεράστιον
451 3082 551 3155 τῆς
589 3081 682 3134 τοῦ
727 3082 965 3151 Χριστοῦ
1017 3084 1322 3155 δυνάμεως,
1352 3085 1572 3156 δαίμοσι
1613 3104 1708 3140 σα-

133 3176 291 3244 προῖς
334 3172 606 3236 ἀνατιθεὶς
645 3174 973 3235 ἀνιάτως....
1021 3192 1113 3227 τον
1155 3175 1262 3245 γὰρ
1305 3176 1472 3239 ὅντως
1506 3177 1705 3270 όνομά-
1731 3213 1772 3270 c

133 3265 247 3329 ζειν
285 3266 503 3335 σωτῆρα
537 3266 664 3328 τοὺς
709 3265 1168 3335 προαπολωλότας
1221 3268 1312 3320 ὑπ’
1347 3267 1588 3321 ἀσθενῶν
1617 3286 1699 3337 γο-

132 3356 289 3408 νέων.

203 3447 535 3499 Θευτόκιον.
564 3474 631 3484 -
673 3446 759 3509 Ὠς
794 3446 1041 3517 καθαρὰν
1077 3451 1416 3518 κατοικήσας
1447 3454 1547 3519 τὴν
1588 3451 1695 3520 μή·

128 3552 266 3604 τραν
314 3551 408 3587 σου
464 3534 493 3585 ὁ
535 3536 879 3605 Δημιουργὸς
916 3538 1017 3605 τῆς
1062 3537 1409 3608 ἀνθρωπίνης
1459 3539 1696 3608 φύσεως,

130 3626 397 3694 ἐξῴκησε,
428 3626 715 3690 Δέσποινα,
748 3628 848 3692 τὴν
888 3628 948 3680 ὲν
982 3631 1114 3697 ἡμῖν
1147 3632 1449 3699 οὶκήσασαν
1480 3647 1696 3700 προπα-

128 3718 356 3787 τορικὴν
400 3717 724 3787 παρθενίαν,
754 3720 878 3780 τοὺς
907 3720 1075 3773 πάλαι
1110 3721 1322 3791 πικρῶς
1346 3722 1693 3775 ἀποικισθέν-

126 3823 227 3869 τας
255 3806 351 3859 τοῦ
399 3806 637 3875 τερπνοῦ
676 3809 1047 3878 παραδείσου,
1100 3811 1364 3881 ὲνῴκισεν
1413 3816 1472 3867 ὲν
1518 3814 1693 3886 τούτῳ

126 3901 290 3954 αὑτὸν
318 3900 751 3968 δοξολογοῦντας.

470 4011 609 4081 ’ῼδὴ
647 4012 723 4065 8'.
772 4012 1021 4081 Ἐξέστη
1052 4013 1355 4083 ἐπιτιμῶν.

207 4102 335 4155 Ίλύῖ
369 4104 462 4156 καί
505 4102 752 4173 βορϐόρῳ
781 4105 1087 4173 ἁμαρτιῶν,
1121 4101 1210 4159 οἷα
1246 4110 1426 4177 χοῖρος
1460 4108 1545 4162 ἀεὶ
1586 4127 1691 4164 κοι.

126 4192 447 4261 ταζόμενος,
477 4193 571 4245 καὶ
597 4195 687 4245 τὸν
717 4194 882 4263 ὑγρὸν
926 4194 1058 4264 βίον,
1088 4196 1187 4266 τὴν
1237 4198 1469 4264 ῥέουσαν
1496 4201 1689 4272 ήδονὴν

122 4283 355 4345 διώκων,
393 4284 661 4353 ἆρπασμα
712 4284 1013 4353 πρόκειμαι
1052 4285 1127 4354 τῷ
1179 4286 1328 4356 λύκῳ
1374 4288 1449 4358 τῷ
1488 4292 1686 4361 νοητῷ,

121 4374 287 4426 αὑτοῦ
315 4372 448 4425 Θεοῦ
475 4373 803 4441 θεράποντος
830 4378 929 4447 τῆς
950 4375 1122 4445 θήρας
1150 4376 1457 4447 ὲξελοῦμαι,
1478 4382 1685 4450 μήποτε

124 4464 319 4533 βρῶμα
350 4464 551 4515 τούτων
576 4463 843 4533 γένωμαι.

1814 1980 2106 2039 subierunt
2160 2000 2327 2055 quam
2359 2002 2682 2059 posuerant,
2734 1998 2923 2056 multis
2968 2002 3035 2056 ad
3096 1980 3381 2065 Christum

1813 2081 2088 2142 pastorem
2123 2079 2365 2148 rejectis,
2398 2081 2476 2137 ita
2507 2090 2566 2138 ut
2603 2088 2808 2145 milites
2831 2094 2926 2161 qui
2957 2096 3095 2164 ipsis
3116 2100 3384 2159 inservie-

1813 2164 1963 2231 bant,
1986 2175 2083 2223 aut
2105 2179 2333 2242 stupore
2366 2183 2460 2229 aut
2489 2178 2695 2237 rubore
2731 2184 3158 2244 conﬁcerentur.

1878 2345 2059 2404 Lacus
2093 2350 2257 2405 undis
2306 2353 2636 2413 insidentem
2684 2360 2909 2421 divinus
2939 2370 3169 2438 angelus
3200 2372 3381 2432 valere

1802 2436 1983 2506 jubet,
2017 2450 2070 2495 et
2103 2440 2253 2500 dulci
2287 2448 2482 2502 osculo
2539 2450 2843 2519 blanditur,
2890 2472 2956 2514 ac
3004 2436 3173 2519 curru
3208 2474 3259 2522 te
3288 2484 3379 2525 re-

1809 2528 2020 2598 cipiens
2050 2532 2186 2587 dicit
2218 2553 2230 2587 :
2267 2537 2516 2609 Assurge
2547 2552 2602 2597 et
2634 2547 2782 2611 veni,
2819 2550 3008 2621 accipe
3038 2552 3193 2613 latus
3222 2572 3380 2614 coro-

1810 2633 1934 2673 nam
1968 2622 2159 2693 gloriae
2189 2641 2310 2697 qua:
2338 2630 2434 2685 tibi
2458 2640 2650 2702 parata
2682 2645 2788 2693 est.

1879 2883 2071 2953 Terra,
2104 2902 2346 2956 caenum,
2368 2900 2422 2947 et
2445 2892 2609 2953 limus
2632 2914 2647 2964 ;
2670 2899 2764 2968 qui
2796 2911 3027 2958 voratur
3049 2923 3139 2963 rex
3160 2915 3377 2969 terrena

1809 2974 1976 3026 sentit
2011 2982 2065 3028 et
2091 2979 2371 3033 mundana
2399 2984 2624 3052 cogitat.
2650 2986 2845 3059 Magno
2877 2994 3127 3065 prodigio
3154 3000 3377 3060 virtutis

1807 3059 2015 3120 Christi
2041 3077 2229 3138 turpes
2259 3071 2537 3132 daemones
2562 3077 2814 3136 funditus
2840 3059 3134 3152 perdidisti
3168 3131 3179 3145 .
3213 3132 3226 3145 .
3259 3132 3273 3147 .
3310 3134 3326 3150 .
3359 3135 3372 3149 .

1807 3169 1932 3208 vere
1961 3172 2159 3215 vocare
2192 3163 2521 3221 salvatorem
2556 3170 2652 3238 qui
2684 3171 2753 3227 ab
2783 3174 3020 3234 inlirmis
3052 3184 3375 3249 parentibus

1807 3243 2052 3301 damnati
2074 3248 2313 3305 fuerant.

1868 3421 2130 3491 Πείρου-ιε.
2167 3457 2238 3468 —-
2268 3428 2748 3495 Quemadmodum
2790 3441 2883 3508 qui
2918 3411 3191 3513 integruin
3217 3458 3371 3505 tuum

1797 3517 2014 3567 uterum
2066 3516 2333 3573 habitavit
2386 3522 2640 3580 humanae
2671 3538 2883 3586 natura:
2910 3532 3197 3603 Conditor,
3228 3543 3370 3610 pris-

1798 3602 1966 3656 tinam
2004 3621 2126 3673 qua:
2148 3608 2310 3664 nobis
2351 3612 2530 3668 inerat
2561 3617 2935 3687 integritatem
2970 3602 3245 3699 restituit,
3269 3634 3366 3702 ita,

1795 3706 1945 3756 sunt,
1978 3696 2111 3752 illuc
2140 3702 2330 3755 reolim
2362 3719 2429 3759 ex
2484 3710 2863 3769 ammnissimo
2915 3719 3171 3786 paradiso
3200 3696 3363 3795 ejecti

1800 3781 2048 3849 Domina.
2084 3791 2177 3857 qui
2216 3789 2373 3846 duxit
2405 3795 2582 3863 ipsum
2608 3781 2977 3862 celebrantes.

2100 3992 2210 4048 Ode
2240 3994 2340 4048 ΙΧ.
2379 3994 2607 4053 Exstitit
2642 4005 3046 4071 reprehendens.

1861 4080 2020 4137 Limo
2045 4093 2099 4138 et
2124 4100 2283 4140 emno
2314 4097 2666 4158 peccatorum
2691 4108 2789 4149 ceu
2822 4112 3022 4166 porcus
3044 4101 3358 4176 indulgens.

1790 4185 1844 4229 et
1874 4177 2041 4228 vitam
2102 4179 2373 4233 lubricam
2422 4189 2476 4236 et
2520 4186 2854 4256 voluptatem
2903 4190 3188 4261 fugitivam
3233 4199 3361 4257 οσο-

1791 4278 1968 4330 ctans,
1994 4270 2173 4336 praeda
2208 4270 2409 4327 habeor
2440 4274 2553 4343 lupi
2589 4278 2898 4346 spiritalis;
2933 4282 3026 4337 Dei
3046 4289 3305 4354 praesidio
3327 4307 3359 4346 a

1790 4357 1904 4412 fera
1941 4360 2144 4415 liberer
2168 4377 2235 4416 ne
2267 4363 2425 4421 istius
2453 4368 2714 4434 pabulum
2746 4371 2968 4428 elliciar.

202 4574 404 4644 Ὠραῖοί
448 4592 542 4654 σον
573 4577 621 4627 οἱ
662 4577 840 4642 πόδες,
869 4577 1119 4649 ἱερουργὲ
1141 4596 1155 4611 '
1194 4582 1291 4649 τὴν
1320 4583 1543 4651 εἰρήνην
1578 4584 1687 4654 γὰρ

1860 4569 2102 4637 Speciosi
2136 4572 2304 4641 pedes
2326 4574 2425 4639 tui,
2451 4577 2831 4646 sanctissime;
2868 4594 2990 4634 nam
3027 4596 3211 4650 pacem
3234 4598 3356 4655 quae

118 4667 218 4733 τὴν
246 4666 619 4735 ὑπερέχουσαν
652 4666 869 4720 ἅπαντα
895 4668 1042 4733 νοῦν,
1078 4672 1173 4723 καὶ
1208 4672 1278 4723 τά
1308 4673 1447 4741 ὑπὲρ
1478 4673 1686 4727 ἔννοιαν

118 4756 299 4824 ἀγαθά
342 4756 701 4822 εὐαγγελίσω,
732 4758 951 4823 Βλάσιε,
985 4759 1190 4829 βήματι
1231 4763 1514 4831 τυράννου,
1547 4782 1686 4835 παρ-

119 4847 366 4916 εστηκὼς
399 4849 457 4900 ἐν
489 4848 644 4900 ὕδασι
676 4848 890 4911 πολλοῖς
922 4867 979 4902 τε
1030 4852 1126 4913 τὰς
1170 4853 1391 4921 τρίϐους
1421 4856 1681 4926 ἐποιήσω,

119 4938 211 4991 καὶ
239 4938 338 4989 οὐκ
374 4935 727 5005 ἐγνώσθησαν
765 4938 832 4990 τὰ
872 4939 990 5008 ἴχνη
1028 4956 1143 4994 σου.

190 5050 299 5101 Καὶ
360 5048 583 5112 ἔπνιξας
630 5048 836 5119 ἀγχόνῃ
883 5036 993 5101 τῶν
1029 5052 1292 5118 νηστειῶν
1346 5054 1682 5126 λαιμαργίαν

119 5136 326 5205 θηρίων
374 5136 692 5206 ἀκόρεστον,
734 5135 969 5190 σκύλλαν
1023 5139 1248 5207 πικρὰν,
1300 5140 1467 5212 ὕδραν
1516 5145 1681 5198 πολυ-

118 5227 375 5295 κέφαλον,
413 5226 679 5297 μυθικήν·
714 5227 964 5280 ἐντεῦθεν
994 5229 1149 5299 χάριν
1174 5229 1405 5299 εἴληφας
1438 5234 1504 5286 τά
1543 5239 1681 5289 κατά

116 5320 207 5372 τὸν
237 5318 461 5390 θώρακα
509 5321 605 5371 καὶ
648 5318 845 5388 λαιμὸν
887 5320 1210 5391 πηγνύμενα
1248 5324 1411 5377 ὀστέα
1441 5323 1681 5389 ἐξέλκειν

116 5408 400 5474 ἀνωδύνως
425 5409 545 5481 θείᾳ
578 5409 921 5480 προσψαύσει
953 5410 1061 5469 τῶν
1095 5412 1363 5481 λειψάνων
1398 5433 1513 5471 σου.

187 5652 205 5669 .
228 5652 241 5667 .
265 5649 282 5669 .
304 5652 319 5667 .
348 5612 500 5674 όδους
531 5611 776 5683 διαρτίας
806 5612 1127 5684 μεταλαχών
1154 5614 1479 5686 ἐπαλλήλοις
1511 5618 1679 5672 πάλαι

116 5703 439 5773 νοσήμασιν,
460 5702 633 5755 ἒλκων
661 5702 807 5773 ζωὴν
835 5701 1319 5773 πολυπαθεστάτην
1354 5706 1445 5757 καὶ
1474 5707 1679 5777 μοχθη-

120 5795 218 5864 ράν
238 5810 251 5823 ⁸
279 5795 341 5850 τὸ
371 5793 477 5866 γὰρ
510 5796 608 5864 τῆς
635 5792 786 5864 ὕλης.
811 5832 826 5850 .
852 5832 865 5847 .
894 5831 909 5847 .
936 5810 1061 5848 κτον
1091 5795 1322 5849 πάντοτε
1352 5796 1669 5866 φερόμενον,

1786 4670 2083 4731 exsuperat
2107 4678 2325 4716 omnem
2353 4681 2600 4730 sensum,
2629 4678 2682 4721 et
2717 4685 2952 4739 superna
2988 4672 3128 4726 bona
3157 4676 3354 4744 pradi-

1786 4754 1945 4817 casti,
1982 4753 2167 4820 Blasi;
2218 4770 2407 4809 coram
2444 4773 2589 4827 rege.
2634 4760 2776 4813 viam
2835 4762 2933 4815 tibi
2965 4778 3135 4833 super
3181 4780 3353 4835 aquas

1788 4843 2017 4911 parasti,
2050 4858 2150 4899 nec
2192 4855 2567 4914 apparuerunt
2602 4851 2822 4920 vestigia
2856 4864 2967 4906 tua.

1856 5036 2078 5106 Laqueo
2128 5042 2482 5108 strangulasti
2545 5042 2916 5099 insatiabilem
2981 5050 3349 5108 esurientium

1787 5125 2028 5180 ferarum
2091 5129 2412 5198 ingluviem,
2471 5132 2696 5202 scyllam
2743 5137 3067 5203 terribilem,
3121 5142 3348 5213 hydram

1777 5218 1934 5287 juxta
1983 5218 2196 5274 fabulas
2248 5220 2436 5276 multis
2494 5224 2768 5294 capitibus
2813 5227 3173 5299 instructam;
3208 5234 3351 5290 unde

1784 5312 2018 5379 gratiam
2085 5312 2353 5381 accepisti
2410 5329 2537 5369 ossa
2576 5316 2783 5386 absque
2819 5319 3009 5376 dolore
3040 5324 3349 5393 expellendi

1783 5404 1998 5472 pectori
2031 5410 2085 5458 et
2114 5404 2324 5473 gutturi
2375 5405 2565 5473 inllxa,
2610 5407 2799 5464 divino
2834 5411 3197 5483 reliquiarum
3228 5424 3347 5470 tua~

1784 5509 1902 5548 rum
1928 5503 2209 5550 οοιιιοριυ.

1855 5650 1868 5665 .
1912 5651 1925 5664 .
1962 5649 1975 5664 .
2008 5649 2021 5664 .
2059 5650 2071 5663 .
2108 5648 2124 5665 .
2157 5649 2172 5664 .
2198 5612 2484 5669 continuis
2532 5612 2643 5682 jam
2678 5614 2890 5683 pridem
2945 5617 3157 5673 morbis
3207 5618 3346 5675 allii-

1783 5711 1925 5766 ctus,
1946 5701 2112 5755 vitam
2140 5703 2301 5757 traho
2326 5704 2688 5758 miserrimam
2714 5717 2765 5760 et
2787 5705 3186 5763 dilllcillimam.
3209 5708 3345 5762 Nam

1783 5798 2033 5855 carnales
2082 5793 2313 5853 affectus
2366 5794 2475 5851 huc
2538 5796 2778 5867 illucque
2820 5797 2987 5852 invita
3020 5809 3198 5855 mente
3232 5800 3345 5868 agi-
