4112 6448
685 412 818 479 1407

2121 383 2496 447 ADDENDA.

3827 373 3956 434 140³3

681 529 804 588 tati,
839 539 926 578 me
959 515 1403 576 circumveniunt
1454 511 1925 582 opprimuntquc;
1970 501 2252 558 doloribus
2285 507 2300 562 Α

2368 494 2692 566 πλημμελῶς
2718 492 2812 546 τοῦ
2835 491 2954 555 νοῦ,
2983 489 3265 561 πολιορκεῖ
3289 505 3382 559 με,
3403 487 3655 558 σφοδρῶς·
3686 501 3759 555 με
3791 499 3950 536 21:1-

686 615 876 671 tuultis
897 613 1136 669 crucior.

757 706 909 759 Alios
939 701 1170 759 sanandi
1205 699 1256 753 vi
1301 696 1528 768 gaudes,
1564 692 1815 764 prodigia
1861 685 2123 760 operandi
2148 685 2260 738 vir-

687 803 860 850 tutem
895 809 924 846 a
961 793 1070 846 Deo
1093 793 1349 860 adeptus,
1385 787 1668 857 praemium
1706 782 2007 836 illustrium
2040 786 2260 832 tuorum

687 888 1051 945 certaminum
1075 905 1089 951 ;
1109 887 1398 939 vulnerum
1429 891 1677 934 tumores
1708 885 1761 931 et
1787 874 2023 943 gutturis
2052 869 2261 951 inflam-

689 982 959 1035 mationes
986 981 1103 1033 sine
1143 978 1334 1031 dolore
1365 973 1690 1042 reslinguis,
1742 950 2082 1037 prorsusque
2114 963 2262 1018 tollis

689 1074 897 1144 potenti
930 1083 1020 1124 tua
1063 1084 1216 1122 cura.

759 1163 931 1230 Quam
959 1161 1189 1216 Domino
1219 1156 1346 1228 prof
1347 1155 1508 1210 udisti
1536 1166 1774 1221 precem,
1805 1150 1985 1211 Pater,
2020 1154 2266 1214 tempore

690 1252 947 1305 interitus
991 1248 1092 1312 tui,
1129 1257 1182 1301 et
1222 1261 1371 1299 nunc
1405 1242 1674 1312 profunde
1723 1250 1784 1292 ut
1835 1239 2264 1291 intercessorem

687 1353 743 1398 te
788 1343 1094 1396 habeamus
1140 1341 1238 1410 qui
1293 1351 1345 1392 te
1392 1338 1746 1406 invocamus;
1797 1329 1876 1385 Te
1920 1327 2266 1383 inveniamus

689 1436 1076 1490 auxiliatorem
1106 1443 1159 1486 et
1188 1433 1542 1485 liberatorem
1575 1428 1629 1479 in
1661 1424 1971 1484 doloribus,
1994 1421 2051 1474 in
2074 1433 2268 1474 neces-

690 1527 972 1590 sitatibus,
1004 1525 1058 1579 in
1090 1525 1321 1587 morbis,
1349 1524 1403 1576 in
1447 1517 1730 1590 periculis,
1762 1517 1817 1570 in
1848 1510 2267 1569 discriminibus

689 1628 744 1674 ct
774 1617 1281 1673 vicissitudinibus.

761 1708 1027 1776 Deiparw.
1057 1735 1126 1744 —
1159 1703 1500 1756 Salvatorem
1531 1709 1586 1753 et
1615 1698 1903 1752 Dominum
1941 1705 1996 1749 et
2038 1693 2268 1748 Libera-

2359 588 2580 659 τρύχον,
2625 585 2850 648 πολλαῖς
2880 583 3115 647 ὠδύναις
3143 582 3305 636 ἁπολ.
3325 624 3336 635 .
3361 623 3376 636 .
3399 621 3414 635 .

2431 681 2554 734 Τῶν
2593 679 2843 750 ίαμάτων
2876 678 3017 747 ἔχων
3053 675 3236 746 πηγὴν
3267 676 3341 737 ὼς
3373 673 3678 742 θαυμάτων
3716 669 3954 740 πλουτή-

2363 790 2462 836 σας
2495 771 2775 842 ἐνέργειαν
2806 771 2898 822 ἐπὶ
2927 766 3085 832 Θεοῦ,
3109 765 3340 819 ἔπαθλον
3367 764 3477 818 τῶν
3503 765 3689 818 ἄθλων
3717 779 3815 814 σου
3851 763 3956 814 τῶν

2365 864 2600 927 σεπτῶν,
2643 863 2712 914 τά
2760 860 2868 913 τῶν
2901 860 3160 930 τρώσεων
3207 858 3600 927 σκιρρώματα,
3633 855 3737 907 καὶ
3766 853 3873 914 τὰς
3903 855 3956 904 ὲν

2363 953 2439 1023 τῷ
2467 955 2703 1024 λάρυγγι
2751 951 3061 1020 φλεγμονὰς
3104 949 3403 1020 μαλάσσεις
3440 945 3759 1009 ἀνωδύνως,
3804 961 3957 1013 σκορ-

2364 1046 2544 1108 πίζεις
2576 1043 2879 1114 λεληθότως
2906 1042 3253 1102 ἐπιστασίαις
3289 1056 3405 1091 σου.
3424 1077 3439 1090 .
3462 1077 3476 1090 .
3503 1079 3515 1090 .
3551 1037 3813 1089 meam.

2441 1138 2543 1188 Ἥν
2587 1135 2738 1204 ηῠξω
2779 1134 2858 1203 τῷ
2909 1133 3180 1204 Δεσπὸτῃ,
3213 1132 3420 1199 Πάτερ,
3453 1129 3618 1196 εὐχὴν
3675 1129 3738 1177 ὲν
3779 1124 3958 1194 καιρῷ

2364 1225 2443 1296 τῷ
2471 1226 2569 1294 τῆς
2601 1226 2701 1294 σῆς
2739 1223 3090 1288 τελειώσεως,
3126 1222 3287 1292 εὖχου
3318 1221 3412 1273 καί
3457 1218 3576 1282 νῦν,
3608 1218 3768 1278 ὅπως
3805 1219 3955 1268 ἀντι-

2365 1317 2612 1387 λήπτορα
2661 1315 2874 1385 ἔχωμεν
2903 1315 2953 1367 οί
3005 1313 3066 1367 σὲ
3099 1311 3557 1380 ἐπικαλούμενον
3606 1309 3842 1377 ἔχοιμεν
3870 1309 3959 1357 καὶ

2369 1408 2574 1478 ρύστην
2606 1407 2699 1459 καὶ
2734 1405 2928 1476 βοηθὸν
2969 1406 3025 1456 ὲν
3061 1403 3282 1465 λύπαις,
3313 1402 3373 1452 ὲν
3422 1400 3735 1466 ἀνάγκαις,
3778 1399 3840 1449 ὲν
3872 1398 3957 1448 νο-

2369 1521 2505 1566 σοις,
2531 1507 2587 1554 ὲν
2621 1501 2910 1566 κινδύνοις,
2946 1499 3234 1569 διαφοραῖς
3265 1498 3360 1549 καὶ⁵
3386 1495 3814 1565 περιστάσεσιν.

2439 1681 2771 1735 Θεοτόκιον.
2810 1708 2880 1717 ——
2934 1675 3165 1746 Σωτῆρα
3211 1676 3306 1727 καὶ
3361 1672 3639 1739 Δεσπότην
3701 1672 3799 1723 καὶ
3849 1673 3957 1724 Au-

691 1809 862 1854 torem
891 1813 1010 1868 quze
1041 1804 1234 1866 praeter
1269 1802 1527 1856 mentem,
1569 1803 1623 1846 et
1653 1792 1946 1852 rationem,
1979 1796 2036 1843 et
2057 1789 2267 1857 cogita—
2298 1851 2300 1858 Α

2368 1773 2582 1846 τρωτὴν
2615 1771 2754 1843 ὑπὲρ
2783 1770 2944 1836 λόγον
2976 1769 3069 1821 καὶ
3096 1766 3219 1820 νοῦν
3251 1769 3344 1818 καὶ
3371 1765 3638 1827 διάνοιαν,
3681 1764 3952 1823 πάθος....

691 1891 896 1944 tionem
915 1888 1210 1943 carnaliter
1225 1884 1488 1956 genuisti,
1508 1881 1762 1947 Domina,
1782 1880 1852 1934 ab
1875 1878 2161 1933 allec-tibus
2178 1891 2265 1931 me
2298 1851 2300 1906 Ῐ

2369 1867 2660 1927 Δέσποινα,
2693 1860 2932 1915 τεκοῦσα
2967 1857 3317 1928 σωματικῶς,
3350 1859 3414 1908 ὲκ
3445 1857 3568 1910 τῶν·
3607 1856 3808 1906 παθῶν
3859 1872 3956 1924 μου

690 1980 864 2033 libera
895 1978 1146 2046 corporis
1179 1985 1234 2031 et
1285 1976 1479 2041 animi;
1507 1972 1792 2028 circumda
1835 1971 1963 2022 milii
1999 1969 2260 2023 amictum

690 2071 864 2127 divini
893 2069 1115 2133 auxilii;
1164 2067 1314 2124 salva
1351 2081 1459 2131 me,
1510 2064 1677 2133 Virgo
1721 2061 1908 2115 mundi
1957 2060 2262 2114 liber-atris.

1573 2415 1670 2500 S.
1768 2408 2281 2500 JOANNIS

2371 1957 2535 2025 ρύσαι
2590 1973 2656 2024 με
2700 1954 2812 2006 τῶν
2868 1949 3196 2022 σωματικῶν
3228 1949 3322 2002 καὶ
3362 1949 3475 2001 τῶν
3527 1947 3823 2016 ψυχικῶν·
3871 1949 3959 2000 καὶ

2370 2048 2520 2110 θείας
2551 2045 2802 2116 βοηθείας
2833 2043 3026 2115 στολὴν
3056 2039 3450 2113 περιϐαλοῦσα,
3479 2040 3654 2095 σῶσόν
3691 2041 3959 2111 με,Κόρη

2374 2138 2694 2210 κοσμοσώτε
2705 2155 2817 2209 ιρα.

898 2246 3924 2289 _____________________________.__...___——_—————-

2394 2407 2626 2494 D’AM
2647 2406 3055 2496 ASCENI

1093 2627 2074 2754 FRAGMENTA
2135 2627 2288 2749 IN
2410 2623 2541 2752 S.
2605 2605 3600 2754 MATTHJ‘EUM'

1501 2861 1625 2931 (Ex
1682 2862 1884 2918 Catena
1951 2859 2156 2916 Niceta:
2216 2859 2404 2917 Balth.
2469 2859 2725 2916 Cordert'o
2784 2860 3143 2932 internata.)

693 3115 824 3172 Car.
853 3110 974 3175 XII,
1034 3109 1084 3162 I.
1120 3127 1138 3160 ι
1177 3107 1234 3160 In
1264 3108 1363 3160 illo
1389 3115 1638 3176 tempore
1665 3105 1803 3159 abiit
1839 3105 2000 3160 Jesus
2026 3122 2121 3176 per
2144 3117 2263 3163 sata
2292 3121 2334 3176 ο

769 3183 1007 3237 Sabbato
1041 3197 1054 3232 :
1089 3177 1351 3246 Discipuli
1380 3186 1562 3231 autem
1593 3175 1713 3241 ejus
1747 3180 2064 3231 esurientes
2083 3192 2266 3246 caepe-

765 3261 894 3308 runt
923 3250 1122 3305 vellere
1153 3249 1362 3317 spicas,
1389 3257 1443 3300 et
1473 3248 1781 3301 comedere.
1829 3265 1846 3296 ι

791 3407 856 3461 Ει
896 3421 1086 3461 servus
1115 3411 1264 3464 tuus,
1292 3400 1497 3472 inquit,
1520 3408 1572 3454 et
1592 3400 1879 3469 subjugale
1929 3402 1982 3455 in
2025 3402 2268 3457 Sabbato

700 3500 1049 3569 requiescet:
1121 3495 1174 3548 id
1253 3501 1368 3556 est,
1408 3493 1464 3546 in
1523 3492 1908 3546 liebdomadali
1978 3493 2080 3547 hac
2129 3494 2264 3558 vita,

697 3589 986 3658 subjugale
1024 3587 1250 3655 quidem
1305 3585 1470 3653 quasi
1523 3598 1729 3652 corpus
1760 3599 1790 3636 a
1839 3585 2105 3640 servitute
2138 3601 2268 3654 pec-

697 3681 807 3736 cati
865 3678 1217 3748 requiescet,
1274 3673 1484 3729 divinis
1533 3683 1717 3728 autein
1773 3676 2045 3730 mandatis
2089 3676 2266 3730 inser-

697 3771 847 3836 vict;
883 3771 962 3823 ira
989 3784 1121 3823 vero
1165 3775 1221 3820 ct
1252 3766 1729 3831 concupiscentia,
1766 3773 2032 3834 tanquam
2073 3782 2269 3823 servus

698 3860 1028 3927 requiescet,
1078 3857 1190 3909 Deo
1243 3863 1426 3907 autem
1473 3853 2016 3922 vacarejubebitur:
2061 3870 2268 3910 concu-

699 3949 970 4020 piscentia
1027 3947 1253 4015 quidem
1313 3945 1496 3998 omnis
1531 3944 1598 3996 ad
1655 3942 1826 3997 Deum
1871 3945 2140 4012 tendens,
2186 3948 2268 4001 ira

699 4057 850 4102 vero,
876 4048 1068 4094 contra
1105 4052 1200 4092 eos
1229 4036 1322 4106 qui
1356 4035 1522 4090 Deum
1553 4043 1895 4104 oppugnant,
1929 4043 2142 4090 armata
2167 4039 2266 4109 (I).

770 4216 935 4270 XVII.
993 4215 1048 4268 2.
1088 4230 1106 4265 t
1166 4211 1232 4264 Et
1283 4209 1714 4280 transﬁguratus
1744 4219 1832 4263 est
1869 4219 1994 4265 ante
2031 4226 2149 4266 eos.
2207 4211 2271 4266 Et

700 4306 1044 4377 resplenduit
1110 4303 1280 4357 facies
1355 4303 1476 4370 ejus
1559 4302 1706 4355 sicut
1756 4302 1875 4366 sol;
1941 4302 2269 4357 vestimenta

701 4408 883 4453 autem
914 4397 1038 4466 ejus
1070 4396 1196 4448 alba
1230 4393 1377 4448 facta
1422 4401 1571 4454 sunt,
1599 4393 1748 4446 sicut
1778 4393 1893 4445 nix.
1931 4409 1949 4443 ι

771 4488 1221 4558 Transfiguratur
1268 4485 1563 4546 Dominus,
1613 4500 1724 4537 non
1780 4484 1926 4553 quod
1983 4497 2092 4536 non
2148 4492 2265 4537 erat
2299 4463 2341 4517 θ

702 4595 1018 4643 assumens,
1069 4577 1163 4632 sed
1215 4577 1363 4645 quod
1418 4585 1540 4630 erat
1581 4575 1887 4630 ostendens
1939 4575 2264 4644 discipulis:

701 4682 757 4729 et
786 4671 1036 4740 splendet
1086 4669 1258 4722 facies
1307 4667 1431 4736 ejus
1467 4667 1611 4721 sicut
1662 4667 1744 4719 sol
1783 4666 1950 4731 (luce
1987 4665 2131 4719 enim
2161 4666 2269 4718 alia

702 4761 961 4818 clarescit
989 4759 1291 4816 secundum
1332 4758 1705 4827 hypostasim)
1734 4775 1749 4822 ;
1785 4757 1933 4811 sicut
1965 4759 2058 4811 nix
2086 4767 2268 4811 autem

704 4855 993 4912 albescunt
1061 4851 1366 4907 secundum
1436 4847 1681 4902 Marcum
1738 4848 1862 4916 ejus
1917 4850 2269 4914 vestimenta,

705 4946 941 5002 amictus
974 4944 1122 4998 enim
1155 4942 1348 4994 habitu
1391 4939 1761 5010 glorificatur,
1795 4955 1901 4992 non
1932 4940 2133 4992 unione
2167 4941 2270 5009 hy-

705 5037 996 5109 postatica.
1033 5034 1105 5090 Ut.
1154 5048 1284 5088 vero
1317 5033 1421 5095 sol,
1461 5046 1608 5084 unus
1651 5045 1775 5082 cum
1805 5031 1898 5094 sit,
1937 5032 2074 5084 duas
2104 5029 2267 5083 habet

704 5129 1072 5191 substantias,
1125 5125 1336 5180 scilicet
1373 5137 1535 5177 unam
1585 5122 1748 5184 lucis,
1789 5136 1909 5187 qum
1935 5122 2089 5188 prior
2120 5121 2268 5174 facta

704 5230 809 5282 est,
861 5227 918 5272 et
969 5217 1199 5272 alteram
1257 5214 1510 5282 corporis
1566 5211 1850 5266 creatione
1899 5211 2266 5278 posterioris;

705 5325 808 5382 per
840 5319 1014 5364 totum
1059 5316 1240 5362 autem
1293 5321 1498 5376 corpus
1531 5305 1618 5358 lux
1653 5318 1761 5356 non
1801 5303 2018 5356 dirisim
2051 5304 2264 5370 unitur,

709 5416 772 5456 ac
809 5414 1044 5470 corpore
1103 5407 1355 5451 manente
1399 5397 1488 5449 lux
1532 5396 1792 5449 omnibus
1825 5403 1988 5447 terrae
2019 5395 2270 5463 partibus

2442 3127 2461 3159 ι
2500 3110 2589 3161 Ἑν
2613 3106 2936 3178 ὲκείνῳᾼτῷ
2981 3106 3160 3177 καιρῷ
3205 3106 3476 3175 ἐπορεύθη
3525 3110 3552 3160 6
3592 3106 3824 3178 ξιηπὴ
3856 3113 3970 3172 τοῖς

2367 3179 2610 3232 Σάδδασι
2661 3178 2747 3230 διὰ
2777 3176 2913 3230 τῶν
2949 3176 3234 3246 σπορίμων
3260 3217 3275 3238 ,
3319 3179 3370 3228 οί
3400 3178 3456 3228 δὲ
3501 3176 3753 3245 μαθηταὶ
3799 3180 3967 3232 αὑτοῦ

2366 3250 2682 3370 ἓπδὲνασαν,
2761 3247 2860 3300 καὶ
2930 3248 3168 3318 ἧρξαντο
3237 3246 3436 3300 τίλλειν
3507 3249 3800 3316 στάχυας,
3873 3252 3967 3302 καὶ

2400 3335 2432 3370 σ
2493 3334 2594 3370 ειν.
2639 3336 2658 3368 ι

2400 3334 2594 3370 συιειν.
2639 3336 2658 3368 ι

2435 3410 2548 3462 Καὶ
2577 3406 2809 3473 δδοῦλός
2865 3425 2984 3471 σου,
3013 3409 3167 3478 φησὶ,
3220 3409 3316 3461 καὶ
3339 3410 3399 3460 τὸ
3459 3407 3769 3477 ὑποζύγιον
3801 3413 3862 3464 ἐν
3895 3413 3968 3482 τῷ

2367 3499 2628 3571 Σαϐϐάτῳ
2683 3498 3173 3568 ἀναπαυθήσεται·
3204 3499 3503 3562 τουτέστιν,
3558 3501 3622 3551 ὲν
3675 3500 3762 3569 τῷ
3821 3502 3968 3555 ἑϐδο-

2369 3589 2585 3662 ματικῷ
2640 3589 2814 3660 τούτῳ
2866 3589 2966 3660 βίῳ
2999 3605 3012 3618 ’
3043 3588 3119 3652 ὡς
3179 3591 3276 3658 μὲν
3343 3590 3640 3658 ὑποζύγιον
3686 3593 3759 3644 τὸ
3807 3594 3969 3663 σῶμα

2367 3681 2468 3751 τῆς
2523 3681 2769 3743 δουλείας
2818 3683 2920 3750 τῆς
2965 3680 3239 3751 ἁμαρτίας
3292 3682 3633 3749 ’καυθήσεται
3667 3700 3681 3713 ·
3741 3686 3868 3747 ταῖς
3915 3686 3966 3737 δὲ

2369 3773 2540 3836 θείαις
2605 3774 2851 3836 ἐντολαῖς
2913 3773 3424 3842 ὲξυπηρετήσεται·
3465 3772 3538 3834 ὡς
3600 3774 3659 3826 δὲ
3723 3776 3969 3838 δοῦλε.ςό

2370 3865 2541 3935 θυμὸς
2594 3866 2690 3918 καὶ
2719 3864 3007 3933 ἐπιθυμία,
3029 3867 3127 3934 τῆς
3160 3867 3258 3934 μὲν
3280 3865 3553 3935 ἁμαρτίας
3589 3867 3967 3936 κατακαυθή-

2373 3972 2543 4017 σεται,
2568 3954 2644 4024 τῷ
2673 3953 2730 4006 δὲ
2759 3952 2880 4022 Θεῷ
2936 3952 3219 4021 σχολάζειν
3267 3955 3715 4020 ἐπιτραπήσεται
3745 3971 3757 3981 ·
3798 3956 3834 4022 ἡ
3872 3955 3966 4022 μὲν

2371 4045 2634 4115 ἐπιθυμία
2691 4045 2827 4114 πρὸς
2877 4043 3008 4096 Θεὸν
3064 4044 3252 4096 ἅπασα
3305 4045 3617 4111 τεινομένη,
3649 4045 3677 4095 ὁ
3707 4045 3772 4097 δὲ
3796 4045 3968 4115 fta-rte;

2371 4139 2512 4191 κατά
2530 4137 2638 4189 τῶν
2667 4135 2761 4190 τοῦ
2782 4134 2917 4188 Θεοῦ
2947 4133 3285 4204 δυσμενειῶν
3314 4135 3704 4202 ὁπλιςόςιενος.

2446 4248 2464 4280 t
2496 4229 2605 4280 Καὶ
2637 4225 3035 4297 μετεμορφώθη
3068 4225 3382 4296 ἔμπροσθεν
3409 4226 3611 4277 αὐτῶν.
3641 4227 3763 4278 Καὶ
3797 4228 3964 4297 ἔλαμ-

2369 4319 2436 4389 ψε
2481 4320 2541 4372 τδ
2585 4320 2874 4390 πρόσωπον
2931 4318 3221 4381 αύτοῦ,ὡς
3249 4319 3448 4387 δὴλιος
3478 4334 3490 4345 ν
3522 4317 3591 4369 τὰ
3651 4319 3709 4369 δὲ
3776 4322 3965 4389 ἱμάτια

2371 4409 2533 4463 αὐτοῦ
2562 4410 2812 4477 ἐγένοντο
2837 4409 3030 4470 λευκά,
3058 4409 3132 4469 ὡς
3160 4409 3223 4461 τὸ
3245 4409 3378 4477 φῶς,
3412 4427 3429 4456 ι

2439 4499 2897 4570 Μεταμορφοῦται
2945 4501 2974 4551 ὁ
3037 4499 3239 4570 Κύριος
3289 4499 3458 4566 οὐχ,ὂ
3490 4499 3592 4550 οὐκ
3630 4493 3727 4568 ἦν,
3799 4519 3964 4571 προσ·

2368 4589 2686 4660 λαϐόμενος,
2718 4591 2834 4643 ἀλλ’
2887 4593 3024 4661 ὅπερ
3056 4585 3122 4660 ἦν
3152 4592 3262 4652 τοῖς
3316 4588 3586 4659 μαθηταῖς
3621 4590 3962 4658 siccavi—63n—

2369 4696 2477 4742 νος,
2527 4681 2622 4732 καὶ
2669 4680 2875 4748 λάμπει
2928 4680 2990 4731 τὸ
3039 4679 3334 4748 πρόσωπον
3394 4677 3560 4731 αὑτοῦ
3595 4679 3679 4742 ὡς
3720 4683 3754 4733 ὁ
3815 4683 3962 4752 ἥλιος

2372 4769 2534 4836 (φωτὶ
2589 4767 2698 4838 γὰρ
2749 4768 2893 4837 ἄλλῳ
2958 4767 3270 4831 ταυτίζεται
3316 4767 3440 4824 καθ’
3472 4768 3956 4841 ὑπόστασιν)(ἳ)’

2374 4859 2450 4922 ὡς
2478 4859 2533 4911 δὲ
2562 4858 2696 4928 χιὼν
2751 4857 3092 4912 λευκαίνεται
3150 4859 3293 4912 κατὰ
3341 4860 3568 4928 Μάρκον
3626 4862 3702 4913 τὰ
3746 4863 3954 4932 ἱμάτια.

2365 4953 2634 5024 Περιὸολὴ
2663 4954 2772 5024 γάρ
2819 4953 3100 5018 δοξάζεται
3127 4951 3330 5021 σχέσει,
3363 4950 3459 5019 οὐχ
3497 4948 3699 5002 ὲνὼσει
3743 4955 3816 5020 τῇ
3843 4951 3957 5005 καθ’

2368 5043 2926 5112 ὑπόστασιν.”οσπερ
2977 5042 3034 5094 δὲ
3080 5041 3110 5092 ὁ
3167 5039 3319 5110 ἣλιος
3370 5033 3449 5101 εἷς
3501 5039 3681 5102 ἐστιν,
3735 5039 3857 5107 ἔχει
3905 5040 3955 5090 δὲ

2371 5134 2562 5196 οὐσίας
2614 5134 2730 5198 δύο,
2765 5135 2861 5187 τοῦ
2889 5150 2948 5186 τε
2975 5133 3174 5203 φωτὸς,
3201 5132 3231 5185 δ
3256 5131 3444 5200 γέγονε
3501 5131 3808 5201 πρότερον,
3869 5130 3956 5184 καὶ

2371 5221 2466 5274 τοῦ
2493 5226 2560 5292 τῇ
2597 5224 2773 5276 κτίσει
2824 5223 3267 5293 ἑφυστερίζοντος
3318 5222 3595 5292 σώματος,
3645 5221 3717 5273 δι’
3747 5223 3877 5274 ελον
3900 5219 3954 5271 δὲ

2370 5311 2464 5363 τοῦ
2518 5313 2769 5380 σώματος
2807 5311 2869 5365 τὸ
2897 5312 3010 5380 φῶς
3077 5313 3397 5382 ἀδιαιρέτως
3446 5311 3684 5379 ἥνωται,
3724 5312 3826 5364 καὶ
3863 5307 3952 5361 τοῦ

2373 5400 2625 5471 σώματος
2655 5405 2926 5472 μένοντος,
2946 5403 3007 5456 τὸ
3035 5402 3150 5471 φῶς
3181 5405 3315 5456 πᾶσι
3344 5404 3442 5472 τῆς
3469 5401 3574 5472 γῆς
3602 5400 3952 5471 ἑξαπλοῦτεε

775 5511 1120 5583 'Vestiganti
1153 5510 1281 5564 mihi
1328 5509 1633 5578 Iragmenta
1661 5503 1775 5558 hch
1800 5503 2021 5560 nonnisi
2071 5507 2373 5575 cxcerptim
2407 5510 2462 5564 in
2503 5512 2667 5567 editis
2709 5523 3026 5569 occurrunt.
3067 5511 3220 5568 Ean.

2201 5621 2408 5680 NOTAE
2419 5665 2430 5680 .

778 5720 854 5787 .(I)
896 5717 978 5772 Cf.
1006 5725 1138 5772 tom.
1175 5713 1358 5779 XCIV,
1401 5714 1534 5771 1202
1569 5731 1658 5783 seq

777 5789 857 5861 (9.)
887 5789 971 5843 Cf.
1001 5804 1190 5859 supra,
1222 5788 1346 5842 794.
