4112 6448
196 405 331 469 1409

1215 415 1682 479 FRAGMENTA
1724 419 1804 480 ΙΝ
1845 421 1905 479 S.
1950 418 2424 480 MATTIIEUM.

3304 414 3443 480 1410

187 522 299 583 τοῖς
350 520 616 592 μέρεσιν’
661 521 803 577 οὕτω
861 524 957 580 καὶ
985 526 1272 597 όΧριστδς
1318 529 1436 598 φῶς
1481 532 1546 585 ὲκ
1579 531 1757 601 φωτὸς

1868 531 2197 586 diffunditur
2230 549 2244 585 :
2279 530 2354 583 ita
2387 528 2560 583 etiam
2594 524 2878 591 Christus,
2908 523 3094 578 lumen
3123 521 3191 577 de
3229 520 3441 578 lumine

186 611 422 682 ἄναρχον
448 611 532 679 ὃν,
563 614 659 667 καὶ
689 617 1006 687 ἀπρόσιτον,
1040 618 1098 671 ὲν
1127 619 1206 689 τῷ
1235 621 1473 692 χρονικῷ
1505 624 1597 676 καὶ
1635 641 1758 676 κτι-

186 703 296 773 στῷ
317 705 610 776 γενόμενος
635 706 872 776 σώματι,
907 703 992 771 εἷς
1022 709 1139 762 ἐστι
1163 710 1511 784 δικαιοσύνης
1542 713 1754 777 Ἤλιος,

184 788 266 858 εἷς
320 796 558 867 Χριστὸς
586 798 644 850 ὲν
668 799 790 853 δυσὶ
816 802 937 863 ταῖς
983 801 1181 867 φύσεσι
1201 817 1213 831 '
1245 805 1420 857 καὶτὸ
1454 807 1551 869 μὲν
1598 806 1757 875 σῶμα

184 887 584 958 περίγραπτον,
614 890 648 960 ἡ
679 890 738 943 δὲ
774 889 966 963 θεότης
994 892 1277 965 ἀχώρητος
1304 897 1361 947 ἐν
1394 898 1561 949 πᾶσιν
1602 894 1756 964 οὖσα,

183 977 278 1030 καὶ
302 980 520 1033 πάντων
543 980 803 1035 ἐπέκεινα
832 996 849 1013 ”
877 983 972 1036 καὶ
1026 984 1216 1055 ὥσπερ
1261 984 1452 1057 ἕτερον
1480 988 1578 1057 μὲν
1608 989 1759 1059 ἥλιος

182 1069 359 1137 (πηγὴ
409 1069 519 1140 γάρ
576 1072 692 1124 ἐστι
754 1074 955 1140 φωτὸς.
991 1075 1333 1147 καθορᾶσθαι
1358 1078 1431 1148 μὴ
1463 1078 1758 1148 δυνάμενος

181 1161 439 1230 τρανῶς),
476 1162 663 1232 ἐτέρου
698 1164 755 1217 δὲ
787 1166 849 1218 τὸ
879 1166 997 1234 φῶς
1022 1207 1038 1233 ,
1068 1168 1128 1221 τὸ
1160 1168 1218 1234 ἐξ
1248 1170 1413 1222 αὐτοῦ
1467 1172 1605 1242 πρὸς
1652 1172 1759 1240 γῆν

179 1252 575 1323 ἀφικνούμενον
626 1257 842 1326 (ὁρᾶται
896 1260 1006 1330 γὰρ
1032 1261 1129 1313 καὶ
1178 1261 1547 1331 προόλέπεται
1597 1266 1760 1333 σοφία

176 1340 272 1394 τοῦ
318 1343 453 1397 Θεοῦ
502 1346 599 1399 καὶ
654 1348 1059 1420 φιλανθρωπία,
1102 1351 1186 1414 ὼς
1238 1352 1306 1405 ἂν
1354 1356 1429 1424 μὴ
1481 1356 1762 1420 παντελῶς

182 1432 441 1505 ἁμέτοχοι
494 1438 606 1490 τῶν
650 1439 834 1493 καλῶν
890 1443 1362 1515 κατασταίημεν)ο
1400 1444 1543 1499 οὕτω
1576 1446 1637 1499 τὸ
1663 1447 1762 1518 μὲν

183 1523 472 1592 πρόσωπον
518 1525 613 1580 τοῦ
668 1528 919 1599 Χριστοῦ
973 1531 1184 1601 λάμπει
1240 1535 1570 1606 τρανότερον
1617 1537 1693 1600 ὡς
1735 1539 1764 1591 ό

179 1610 330 1678 ἥλιος
381 1614 557 1686 (ὅπερ
601 1617 713 1688 γὰρ
764 1620 823 1673 ὲν
867 1622 1146 1691 αἰσθητοῖς
1195 1624 1223 1675 ό
1253 1624 1406 1693 ἥλιος
1432 1665 1447 1687 ,
1504 1626 1660 1679 τοῦτο
1704 1628 1763 1681 ὲν

181 1703 390 1770 νοητοῖς
423 1705 452 1757 ό
478 1704 643 1773 Θεὸς)
680 1709 780 1779 (5),
819 1709 897 1774 ὡς
944 1711 1001 1765 δὲ
1035 1711 1148 1780 φῶς
1174 1712 1517 1766 λευκαίνεται
1545 1714 1613 1767 τὰ
1647 1715 1764 1785 ἱμά-

184 1810 293 1854 τια,
327 1796 394 1864 τῇ
421 1798 707 1864 μεταδόσει
754 1801 849 1855 τοῦ
910 1804 1056 1857 θείου
1123 1805 1302 1874 φωτὸς
1362 1806 1760 1877 ἀγλαῖζόμενα.

1859 625 1980 680 sine
2032 623 2336 694 principio,
2387 630 2443 676 et
2499 616 2916 682 inaccessibile,
2972 615 3029 670 in
3063 613 3357 684 temporali
3384 622 3442 669 et

1857 725 2046 769 creato
2092 714 2372 769 exsistens
2421 724 2679 781 corpore,
2726 722 2873 762 unus
2914 713 3004 761 est
3038 705 3123 759 sol
3169 704 3439 772 iustitiae,

1859 820 2005 861 unus
2032 804 2293 859 Christus
2327 802 2382 855 in
2414 800 2634 855 duabus
2662 798 2883 852 naturis
2914 813 2928 849 :
2977 810 3044 850 ac
3076 809 3282 864 corpus
3311 793 3440 864 qui-

1858 897 1981 953 dem
2015 895 2520 963 circumscriptum,
2543 890 2816 946 divinitas
2851 888 2975 944 sine
3015 887 3136 942 loco
3164 885 3223 939 in
3256 883 3441 941 omni-

1858 987 1962 1043 bus
1992 988 2293 1050 exsistens,
2350 984 2718 1052 omnibusque
2769 978 3026 1050 superior
3082 995 3097 1031 :
3169 990 3237 1030 ac
3296 974 3441 1031 sicut

1859 1077 2009 1131 aliud
2060 1077 2286 1148 quidem
2338 1075 2422 1128 sol
2463 1081 2551 1129 est
2597 1072 2764 1139 (fons
2818 1070 2969 1124 enim
3015 1076 3101 1122 est
3144 1065 3308 1126 lucis,
3339 1076 3441 1118 nec

1860 1168 2034 1223 videri
2070 1176 2251 1238 potest
2292 1166 2537 1235 exacte),
2590 1163 2742 1217 aliud
2794 1178 2927 1217 vero
2976 1161 3096 1224 lux,
3133 1173 3257 1229 quae
3280 1157 3348 1211 ab
3374 1170 3441 1210 eo

1861 1258 1917 1313 in
1952 1267 2157 1312 terram
2214 1256 2548 1311 diffunditur
2594 1255 2861 1325 (videtur
2908 1253 3061 1308 enim
3086 1259 3141 1306 et
3172 1248 3443 1319 aSpioitur

1863 1351 2136 1421 sapientia
2182 1348 2302 1413 Dei,
2342 1357 2398 1404 et
2428 1347 2768 1414 benignitas,
2806 1357 2867 1399 ut
2926 1345 3133 1412 ubique
3166 1342 3441 1393 bonorum

1862 1445 2015 1498 illius
2061 1443 2344 1511 possimus
2380 1455 2504 1495 esse
2550 1428 2899 1510 participes)
2936 1454 2951 1489 :
3003 1436 3076 1489 ita
3117 1433 3289 1488 facies
3314 1428 3443 1498 qui-

1863 1536 1986 1590 dem
2017 1534 2233 1589 Christi
2265 1532 2525 1602 splendet
2562 1531 2748 1584 lucida
2775 1531 2923 1584 sicut
2963 1529 3045 1584 sol
3080 1528 3263 1596 (quod
3292 1524 3441 1578 enim

1863 1628 1921 1683 in
1948 1626 2310 1682 sensibilibus
2337 1624 2421 1679 sol
2451 1632 2556 1688 est,
2592 1625 2696 1678 hoc
2724 1624 2777 1677 in
2811 1620 3197 1693 Spiritualibus
3237 1615 3440 1686 Deus);

1865 1720 2012 1774 sicut
2055 1721 2144 1773 lux
2172 1726 2354 1772 autem
2386 1717 2678 1770 albescunt
2703 1715 3035 1769 vestimenta
3059 1712 3446 1766 communica—

1867 1810 2016 1864 tione
2045 1808 2247 1863 divina:
2271 1806 2412 1863 lucis
2443 1807 2735 1861 radiantia.
2757 1804 2948 1872 Neque
2977 1811 3125 1858 certe
3145 1810 3202 1855 ut
3224 1800 3307 1855 sol
3324 1808 3445 1853 tan-

180 1883 304 1938 Ὅτι
336 1887 522 1955 μέντοι
571 1890 668 1960 οὐχ
698 1891 773 1955 ὡς
799 1896 826 1945 ὁ
854 1894 1007 1964 ἥλιος
1047 1896 1311 1967 ἔλαμψεν,
1343 1899 1479 1953 ἀλλὰ
1534 1900 1616 1953 ὅτι
1667 1898 1761 1953 καὶ

1868 1908 1978 1956 tum
2004 1900 2372 1970 resplenduit,
2407 1898 2504 1953 sed
2537 1898 2641 1951 hac
2664 1896 3029 1951 similitudine
3061 1896 3238 1948 lucem
3271 1891 3440 1948 etiam

178 1972 274 2026 τοῦ
305 1975 702 2049 ὑπώείγματος
760 1984 944 2050 μεῖζον
972 1979 1040 2052 ἦν
1069 1985 1131 2038 τὸ
1159 1986 1295 2055 φῶς,
1325 1986 1534 2053 ἔδειξαν
1562 1988 1611 2039 οἱ
1655 2004 1759 2057 μα-

177 2061 344 2132 θηταὶ
395 2068 676 2133 πεσόντες.
722 2070 783 2123 ΕΞ
825 2073 933 2143 γὰρ
991 2074 1066 2143 μὴ
1130 2073 1371 2145 ἄκρατον
1422 2070 1490 2145 ἦν
1527 2074 1589 2128 τὺ
1619 2073 1756 2143 φῶς,

178 2159 316 2213 ἀλλὰ
337 2164 431 2215 καὶ
456 2163 534 2236 τῷ
564 2164 700 2237 ἡλίῳ
724 2165 1062 2239 σύμμετρον,
1094 2169 1195 2222 οὐκ
1227 2170 1294 2223 ἂν
1324 2169 1542 2225 ἔπεσον.

257 2269 274 2302 ι
305 2245 474 2317 Οὗτός
529 2257 676 2309 ἐστιν
740 2256 867 2320 Υἱός
915 2277 1015 2329 μου
1038 2262 1066 2312 ό
1099 2261 1406 2331 ἀγαπητὸς,
1437 2262 1495 2314 ὲν
1598 2260 1757 2332 ηὐδό-

180 2358 350 2411 κησα,
380 2344 547 2398 αὐτοῦ
574 2347 825 2401 ἀκούετε.
857 2368 878 2402 ι

267 2432 639 2506 Ἑπισήμηναι
698 2440 781 2495 ὅτι
848 2441 1115 2514 πρότερον
1174 2442 1274 2513 μὲν
1316 2444 1375 2497 ιν
1431 2443 1674 2516 Ἰορδάνῃ
1724 2444 1757 2515 ἡ

181 2524 355 2594 Τριάς
385 2528 739 2601 ἐμαρτυρήθη
787 2531 883 2585 τοῦ
930 2533 1060 2586 Υίοῦ
1096 2533 1521 2604 βαπτιζομένου,
1550 2535 1760 2605 Πατρὺς

182 2614 392 2670 ἄνωθεν
412 2621 839 2692 μαρτυροῦντος.
859 2624 951 2677 τοῦ
975 2624 1292 2696 Πνεύματος
1307 2626 1438 2678 ὡσεὶ
1462 2641 1531 2679 πε
1541 2626 1765 2697 ριστερὰ

184 2724 319 2760 κατε
327 2710 613 2778 ρχομένου.
647 2714 763 2767 Νῦν
783 2716 840 2768 δὲ
865 2716 925 2768 ἐν
945 2716 1145 2787 Θαόὼρ
1167 2718 1351 2788 ήαύτὴ
1371 2716 1531 2770 πάλιν
1559 2734 1764 2788 μαρτυ-

188 2802 452 2872 ρεῖταιτῷ
466 2804 810 2874 κηρύττοντι.
831 2806 921 2877 Τῷ
945 2808 1351 2880 κηρυττομένῳ,
1374 2812 1440 2879 τῇ
1469 2808 1666 2881 νεφέλῃ
1686 2807 1764 2880 τῷ

188 2888 332 2943 ηνεύ
343 2908 491 2959 ματι.
506 2894 692 2949 Ταῦτά
706 2914 791 2950 τοι
814 2898 909 2949 καὶ
923 2898 1085 2950 Δαδὶδ
1097 2898 1520 2967 προανεφώνησε
1530 2938 1543 2952 .
1565 2900 1766 2966 Θαὸὼρ

186 2975 293 3027 καὶ
326 2976 548 3047 Ἐρμὼν
570 2981 639 3035 ὲν
658 2984 738 3048 τῷ
765 2986 1015 3053 ὀνόματι
1040 3003 1157 3039 σου
1181 2987 1766 3054 ἀγαλλιάσσγται.Τδ

190 3067 295 3135 μὲν
325 3068 434 3138 γὰρ
457 3070 674 3142 Ἐρμὼν
702 3076 1073 3144 ἠγαλλιάσατο
1102 3076 1497 3148 βαπτιζομένου
1515 3077 1610 3131 τοῦ
1633 3079 1768 3149 Χρι-

188 3160 344 3213 στοῦ.
362 3162 506 3216 Τὸδὲ
528 3165 728 3237 Θαϐὼρ
751 3184 1104 3238 μεταμορφου
1112 3167 1296 3236 μένου,
1315 3168 1500 3239 ἐπειδὴ
1522 3170 1580 3222 ὲν
1593 3171 1743 3240 ἀμφο

1862 1992 2033 2048 fuisse
2060 1992 2353 2061 majorem,
2405 1989 2772 2044 ostenderunt
2818 1987 3083 2043 cadentes
3135 1984 3440 2055 discipuli:

1860 2085 1968 2139 nisi
2006 2085 2156 2139 enim
2192 2082 2499 2152 purissima
2531 2082 2623 2134 lux
2659 2080 2877 2144 fuisset,
2909 2078 3006 2136 sed
3033 2078 3136 2134 soli
3164 2090 3448 2132 commen-

1860 2182 2079 2232 surata,
2116 2174 2314 2240 utique
2341 2184 2452 2224 non
2484 2170 2845 2224 cecidissent.

1932 2266 1985 2319 5.
2026 2283 2044 2315 t
2085 2263 2183 2316 Hic
2213 2272 2299 2318 est
2329 2261 2509 2317 Filius
2553 2276 2710 2317 meus
2752 2262 3019 2327 dilectus,
3060 2258 3117 2313 in
3155 2271 3267 2328 quo
3307 2253 3446 2313 mihi

1862 2355 2004 2411 bene
2038 2355 2376 2425 complacui,
2414 2354 2597 2423 ipsum
2638 2352 2848 2407 audite.
2888 2371 2906 2403 ι
3288 2374 3291 2375 ν

1934 2446 2235 2510 Iudicatur,
2267 2445 2417 2517 quod
2449 2446 2615 2516 prius
2650 2445 2873 2514 quidem
2903 2444 2961 2499 in
2987 2443 3229 2498 Jordane
3267 2440 3449 2511 bapti-
3516 2510 3518 2512 ν

1864 2547 1989 2595 zato
2038 2538 2180 2592 Filio
2210 2546 2424 2593 testata
2450 2543 2537 2593 est
2563 2535 2836 2599 Trinitas,
2884 2538 3055 2590 Patre
3091 2542 3329 2590 testante
3350 2530 3447 2587 de-

1864 2645 2051 2701 super,
2111 2628 2330 2700 Spiritu
2396 2637 2658 2697 tanquam
2730 2627 2991 2683 columba
3046 2625 3441 2681 descendente.

1862 2722 2022 2777 Nunc
2077 2737 2209 2777 vero
2255 2722 2313 2774 in
2367 2718 2591 2775 Thabor
2648 2720 2755 2791 ipsi
2809 2734 3011 2775 rursus
3059 2715 3445 2773 testimonium

1865 2813 2188 2884 perhibetur
2220 2827 2251 2866 a
2288 2811 2635 2883 praedicante
2668 2851 2683 2876 ,
2744 2810 2814 2865 ab
2854 2825 2921 2864 eo
2978 2808 3074 2879 qui
3111 2807 3448 2878 praedicatus

1865 2913 1972 2968 est,
2003 2912 2057 2958 et
2086 2904 2254 2965 nube,
2287 2918 2410 2973 quae
2434 2902 2683 2972 Spiritus
2714 2912 2797 2957 est
2826 2917 2842 2953 :
2878 2901 2994 2955 hac
3022 2899 3192 2954 David
3216 2912 3440 2967 quoque

1866 2994 2160 3063 praedixit:
2202 2992 2418 3046 Thabor
2444 3000 2496 3045 et
2534 2990 2772 3045 Harmon
2801 2991 2856 3043 in
2901 2989 3114 3043 nomine
3149 2997 3238 3041 tuo
3267 2985 3453 3040 exsul—

1868 3090 2114 3136 taverunt
2148 3083 2163 3112 ‘
2213 3082 2493 3150 baptizato
2537 3079 2785 3135 Christo.
2840 3077 2978 3133 Illud
3013 3092 3146 3132 vero
3191 3075 3450 3132 Thabore

1866 3180 2102 3234 mutato,
2120 3172 2251 3241 quia
2268 3174 2323 3226 in
2342 3172 2595 3240 utrisque
2611 3184 2714 3224 vox
2737 3169 2865 3223 data
2888 3174 2974 3224 est
3000 3165 3137 3222 :Hic
3163 3175 3241 3219 est
3271 3161 3449 3217 Filius

185 3253 369 3323 τέροις
396 3256 596 3328 ἠνέχθη
626 3259 817 3330 φωνὴ,
854 3256 1046 3326 οὗτός
1064 3261 1239 3314 ἐστιν
1271 3263 1305 3315 ό
1348 3262 1480 3327 Υἱός
1518 3278 1641 3331 μου
1671 3259 1764 3313 λέ-

1869 3280 2037 3328 meus,
2060 3263 2271 3318 dicens.

187 3359 385 3411 γουσα.

274 3456 292 3488 ι
339 3439 450 3492 Καὶ
516 3439 699 3495 λαϐὼν
770 3443 831 3496 τὸ
891 3444 1151 3516 ποτήριον
1205 3442 1301 3496 καὶ
1373 3443 1774 3515 εὐχαριστήσας

190 3528 397 3582 ἔδωκεν
416 3531 597 3594 αὐτοῖς
632 3532 809 3601 λέγων
832 3552 849 3567 ο
887 3536 1045 3587 Πίετε
1074 3535 1134 3598 ἐξ
1159 3534 1325 3587 αὐτοῦ
1353 3535 1575 3597 πάντες.
1608 3553 1627 3586 ι

265 3622 377 3674 Οὐκ
397 3622 513 3676 ἔστι
533 3624 704 3688 τύπος
735 3626 763 3678 ό
784 3626 948 3698 ἄρτος
978 3627 1075 3680 καὶ
1102 3623 1245 3689 οἶνος
1273 3628 1367 3679 τοῦ
1399 3626 1650 3695 σώματος
1680 3626 1775 3679 καλ⁸

188 3710 425 3779 αἵματος
449 3711 545 3766 τοῦ
577 3715 815 3785 Χριστοῦ
837 3758 851 3780 ,
887 3717 960 3787 μὴ
994 3717 1224 3784 γένοιτο,
1249 3716 1366 3769 ἀλλ’
1394 3716 1594 3769 αὑτὸτὸ
1615 3716 1774 3785 σῶμα

189 3798 290 3848 καὶ
314 3798 448 3849 αὐτὸ
459 3798 521 3851 τὸ
532 3794 671 3870 αἷμα
690 3804 769 3865 είς
805 3803 1063 3855 σύστασιν
1089 3807 1192 3874 τῆς
1211 3805 1490 3874 ἡμετέρας
1519 3804 1698 3875 ψυχῆς
1714 3823 1774 3859 τε

189 3887 289 3938 καὶ
318 3887 569 3958 σώματος
592 3892 824 3961 χωροῦν,
852 3894 913 3946 οὐ
939 3894 1348 3964 δαπανώμενον,
1382 3896 1443 3947 οὐ
1477 3896 1773 3967 φθειρόμε-

188 3995 305 4037 νον,
323 3981 423 4032 οὐκ
454 3982 534 4043 είς
555 3983 842 4050 ἀφεδρῶνα
866 3986 1232 4054 χωροῦν,ιὰλλ’
1258 3988 1341 4049 εἰς
1370 3985 1469 4057 τὴν
1497 3988 1530 4057 ἡ
1540 3987 1657 4055 μῶν
1691 3988 1775 4040 οὐο

189 4064 314 4118 σίαν
337 4084 394 4119 τε
427 4069 523 4121 καὶ
552 4072 1052 4141 συντήρησιν.Είδὲ
1083 4075 1175 4127 καί
1202 4091 1347 4137 τινες
1373 4074 1641 4128 ἀντίτυπα
1676 4075 1771 4128 τοῦ

190 4156 445 4226 σώματος
481 4162 575 4214 καὶ
604 4162 698 4215 τοῦ
730 4165 963 4233 αἵματος
989 4166 1084 4218 τοῦ
1114 4166 1318 4235 Κυρίου
1354 4166 1446 4218 τὸν
1479 4166 1643 4237 ἄρτον
1678 4168 1773 4221 καὶ

188 4248 285 4301 τὸν
339 4247 483 4303 οἶνον
540 4254 826 4319 ἐκάλεσαν,
864 4257 926 4307 οὑ
969 4257 1108 4326 μετὰ
1142 4260 1203 4309 τὸ
1227 4258 1555 4327 ἁγιασθῆναι
1598 4254 1770 4324 εἶπον,

187 4340 330 4393 ἀλλὰ
385 4344 516 4411 πρὶν
556 4345 889 4416 ἁγιασθῆναι
910 4387 924 4411 ,
958 4347 1056 4418 τὴν
1093 4351 1410 4421 προσφορὰν
1438 4349 1581 4403 οὕτω
1614 4352 1774 4403 καλέ-

189 4446 405 4491 σαντες.
445 4431 741 4485 Ἀντίτυπα
773 4434 829 4486 δὲ
861 4434 971 4488 τῶν
1008 4437 1310 4505 μελλόντων
1369 4439 1641 4507 λέγονται,
1672 4440 1773 4509 οὐχ

186 4518 269 4580 ὡς
310 4520 384 4590 μὴ
412 4520 541 4575 ὄντα
568 4523 784 4594 ἀληθῶς
821 4525 981 4595 σῶμα
1028 4530 1123 4580 καὶ
1174 4523 1313 4594 αἷμα
1342 4530 1603 4597 Χριστοῦ,
1656 4529 1770 4582 ἀλλ’

186 4610 275 4662 ὅτι
302 4608 396 4662 νῦν
434 4612 534 4681 μὲν
563 4614 632 4667 δι’
663 4614 845 4667 αὐτῶν
878 4618 1180 4687 μετέχομεν
1207 4618 1309 4685 τῆς
1354 4615 1595 4688 Χριστοῦ
1647 4619 1771 4671 θεό-

186 4714 384 4766 τητος,
420 4700 539 4753 τότε
562 4702 621 4755 δὲ
644 4704 856 4773 νοητῶς
880 4705 969 4758 διὰ
1006 4708 1175 4775 μόνης
1215 4709 1317 4777 τῆς
1349 4709 1497 4771 θέας.
1539 4709 1771 4777 Λέγεται

186 4787 249 4839 δὲ
287 4789 588 4860 μετάληψις
648 4793 768 4861 μὲν,
825 4796 908 4847 ὃτι
945 4796 1013 4849 δι’
1046 4798 1218 4867 αὐτῆς
1284 4800 1772 4869 μεταλαμϐάνομεν

185 4878 293 4947 τῆς
334 4879 509 4948 Ἰησοῦ
560 4883 820 4956 θεότητος
840 4904 855 4919 ο
890 4891 1146 4943 κοινωνία
1174 4891 1253 4953 δὲ,
1280 4892 1368 4944 διὰ
1396 4893 1458 4945 τὸ
1491 4898 1771 4948 κοινωνεῖν

187 4970 341 5038 ἡμᾶς
376 4969 443 5023 δι’
467 4972 638 5043 αὐτῆς
664 4975 743 5045 τῷ
766 4978 1006 5049 Χριστῷ,
1040 4982 1136 5034 καὶ⁸
1188 4982 1439 5052 μετέχειν
1472 4983 1639 5037 αὑτοῦ
1663 4986 1767 5056 τῆς

188 5062 398 5131 σαρκός
431 5081 491 5116 τε
522 5068 616 5119 καὶ
652 5066 924 5139 θεότητος.
979 5072 1273 5126 Κοινωνεῖν
1299 5074 1355 5126 δὲ
1386 5076 1481 5129 καὶ
1504 5076 1764 5131 ἑνοῦσθαι

188 5154 290 5207 καὶ
321 5156 572 5225 ἀλλήλοις
595 5158 661 5211 δι’
683 5160 874 5230 αὐτῆς.
923 5161 1143 5234 Ἐπειδή
1197 5165 1305 5236 γὰρ
1341 5166 1400 5231 ἐξ
1439 5167 1557 5231 ἑνὸς
1600 5170 1766 5239 ἄρτου

190 5246 690 5318 μεταλαμϐάνομεν
751 5251 974 5319 πάντες,
998 5252 1059 5307 ἓν
1084 5254 1242 5324 σῶμα
1286 5256 1522 5327 Χριστοῦ
1577 5261 1672 5313 καὶ
1706 5260 1767 5314 ἓν

187 5331 358 5406 αἷμα,
394 5341 489 5391 καὶ
544 5340 791 5411 ἀλλήλων
827 5344 967 5415 μέλη
1005 5347 1291 5417 γινόμεθα,
1322 5350 1603 5421 σύσςωμοι
1628 5352 1765 5423 Χρι-

190 5424 326 5478 στοῦ
364 5428 814 5496 χρηματίζοντες.

271 5602 290 5635 ί
320 5603 465 5659 Psal.
498 5620 762 5673 uuvnt,
807 5608 894 5663 l5.

1944 3440 2132 3505 XXVI,
2162 3439 2253 3493 27.
2295 3457 2313 3490 ι
2344 3436 2413 3490 Ει
2449 3438 2727 3509 accipiens
2755 3438 2985 3492 calicem
3013 3435 3218 3507 gratias
3244 3436 3376 3506 egit,
3397 3443 3453 3491 et

1872 3532 2026 3587 dedit
2059 3531 2141 3587 eis
2163 3530 2352 3586 dicens
2379 3549 2393 3582 :
2428 3529 2607 3583 Bibite
2635 3544 2701 3585 ex
2738 3530 2842 3584 hoc
2868 3544 3084 3583 omnes.
3116 3549 3135 3581 ι

1944 3623 2108 3677 Panis
2144 3630 2198 3675 et
2222 3621 2413 3675 vinum
2463 3635 2572 3676 non
2611 3629 2697 3675 est
2727 3622 2901 3691 ﬁgura
2947 3622 3205 3690 corporis
3234 3631 3288 3676 et
3316 3636 3450 3678 san-

1874 3715 2059 3783 guinis
2110 3712 2345 3775 Christi,
2390 3714 2571 3767 absit!
2617 3710 2715 3767 sed
2764 3713 2945 3781 ipsum
2987 3727 3219 3783 corpus.
3245 3722 3302 3768 et
3330 3712 3453 3782 ipse

1874 3802 2103 3871 sanguis
2147 3802 2214 3855 ad
2257 3802 2712 3856 constitutionem
2752 3802 2952 3856 animat
3005 3811 3209 3858 nostra:
3250 3817 3452 3871 corpo-

1872 3893 2066 3960 risque
2121 3890 2440 3956 conferens,
2488 3905 2599 3945 non
2645 3900 3062 3960 consumptum,
3115 3907 3295 3962 neque
3326 3906 3453 3947 cor-

1873 3992 2119 4051 ruptum,
2163 3997 2272 4057 non
2316 3983 2370 4037 in
2408 3996 2691 4037 secessum
2719 3980 2932 4045 abiens,
2969 3983 3067 4038 sed
3095 3984 3153 4039 in
3184 3983 3450 4039 subsun-

1874 4076 2003 4129 tiam
2078 4084 2331 4129 ηοειτιιπι
2400 4088 2463 4128 ac
2529 4076 3035 4130 conservationem.
3266 4083 3450 4127 autem

1874 4165 2129 4220 nonnulli
2197 4166 2362 4220 etiam
2421 4165 2669 4235 antitypa
2735 4166 2991 4235 corporis
3039 4175 3096 4221 et
3156 4164 3449 4235 sanguinis

1875 4255 2093 4310 Domini
2156 4271 2354 4324 panem
2389 4264 2445 4309 et
2495 4258 2683 4310 vinum
2734 4265 3101 4323 vocaverunt,
3156 4273 3265 4311 non
3327 4262 3451 4326 post

1874 4347 2360 4402 consecrationem
2416 4347 2703 4416 dixerunt,
2760 4349 2855 4403 sed
2886 4351 3211 4418 priusquam
3242 4363 3450 4403 conse-

1874 4445 2150 4503 craretur,
2201 4437 2277 4491 ita
2334 4438 2669 4494 oblationem
2723 4441 3068 4510 appellantes
3122 4458 3135 4494 :
3199 4440 3459 4510 antitypa

1875 4525 2427 4589 autemiuturorum
2484 4529 2766 4592 dicuntur,
2830 4544 2942 4583 non
2999 4538 3262 4597 tanquam
3322 4543 3450 4582 vere

1875 4628 2076 4683 corpus
2104 4622 2159 4667 et
2190 4616 2416 4682 sanguis
2448 4615 2651 4670 Christi
2685 4632 2796 4670 non
2827 4616 2939 4672 sint
2965 4634 2979 4681 ;
3018 4617 3112 4671 sed
3147 4620 3273 4686 quia
3304 4631 3451 4671 nunc

1873 4704 2097 4774 quidem
2126 4704 2199 4759 iis
2231 4704 2436 4758 Christi
2467 4705 2865 4774 participamus
2910 4706 3280 4770 divinitatem,
3316 4718 3450 4760 tunc

1872 4809 2006 4849 vero
2037 4795 2490 4849 intellectualiter
2541 4811 2639 4864 per
2678 4798 2855 4850 solam
2904 4799 3446 4865 contemplationem.

1874 4885 2086 4941 Dicitur
2121 4896 2303 4940 autem
2338 4888 2615 4956 susceptio
2646 4888 2892 4958 quidem.
2924 4904 2991 4945 eo
3019 4890 3165 4959 quod
3202 4905 3297 4958 per
3325 4903 3448 4943 eam

1872 4974 2003 5031 Jesu
2039 4976 2415 5045 suscipiamus
2467 4975 2814 5032 divinitatem
2844 4995 2859 5035 :
2889 4979 3210 5032 communio
3240 4986 3447 5040 autem,

1874 5082 1940 5122 eo
1967 5065 2115 5137 quod
2158 5080 2258 5121 nos
2287 5081 2411 5119 cum
2442 5066 2671 5120 Christo
2712 5068 3193 5122 communicemus
3217 5082 3283 5121 ac
3319 5082 3448 5137 par-

1874 5159 2073 5228 ticipes
2105 5160 2283 5212 simus
2338 5159 2527 5211 carnis
2584 5160 2734 5214 illius
2792 5176 2856 5213 ac
2900 5158 3170 5214 deitatis:
3232 5175 3298 5215 ac
3354 5175 3451 5229 per

1872 5264 1993 5304 eam
2034 5250 2165 5304 aliis
2212 5265 2432 5319 quoque
2505 5252 3003 5316 communicemur,
3056 5266 3119 5306 ac
3168 5253 3427 5306 uniamnr

1871 5341 2011 5394 Cum
2069 5343 2217 5396 cnim
2264 5356 2331 5394 ex
2382 5357 2492 5397 uno
2524 5358 2664 5411 pane
2732 5358 3019 5399 sumamus
3049 5359 3241 5397 omnes
3275 5358 3447 5397 unum

1870 5433 2079 5489 Christi
2112 5449 2337 5503 corpus,
2368 5451 2651 5505 unumque
2679 5436 3032 5505 sanguinem.
3062 5446 3250 5490 mutua
3281 5437 3449 5489 etiam

1876 5525 2118 5580 membra
2148 5527 2329 5591 timus,
2370 5530 2730 5597 concorporei
2775 5528 2981 5584 Christi
3017 5529 3314 5597 nuncupati
3344 5528 3447 5600 (4).

1710 5704 1945 5763 NOTAE.

271 5787 348 5861 (3)
376 5789 461 5849 Cf.
493 5808 680 5865 supra,
723 5796 831 5850 col.
856 5794 978 5863 799,
1005 5794 1131 5851 800.

1947 5802 2022 5872 μ)
2048 5801 2133 5857 cr.
2178 5802 2359 5872 χειν,
2384 5805 2543 5871 m7,
2583 5807 2739 5863 ttat.
