4118 6440
186 414 316 481 1413
1038 402 1373 468 JOANNES
1410 397 1812 460 PATRIARCI

1804 400 1899 459 ΗΑ
1932 399 2040 458 CP.
2076 423 2143 433 -
2182 398 2512 460 ΝΟΤΙΤΙΛ.
3294 400 3430 470 1414

186 530 338 593 λάκις
389 523 734 598 παρῃτοῦντο
766 542 780 555 ο
812 516 959 576 οὗτοι
988 520 1045 572 δὲ
1102 518 1253 570 οὐδὲν
1294 514 1538 571 τοιοῦτον
1565 512 1758 582 ἐφθέγ-
1790 517 1812 572 Ι

1806 517 1832 571 ι
1864 520 2170 573 cusarunt,
2215 510 2270 564 hi
2300 525 2431 564 vero
2460 510 2596 565 nihil
2642 511 2749 568 tale
2810 512 3170 584 protulerunt
3206 526 3332 567 cum
3363 511 3432 566 ad

187 619 342 681 ξαντο
371 618 451 680 είς
500 617 597 684 τὴν
655 611 982 682 οἰκουμένην
1032 606 1397 678 πεμπόμενοι.
1433 604 1507 656 T6
1533 604 1590 657 δὲ
1623 602 1756 666 ἓως,

1864 602 2184 655 universum
2219 609 2499 655 terrarum
2534 603 2721 657 orbem
2755 606 3132 660 mitterentur.
3169 602 3304 657 Illud
3340 617 3438 655 au-

186 705 452 775 πολλα.χοῦ
469 705 567 773 τῆς
583 703 831 775 Γραφῆς,
852 701 951 771 τὴν
976 700 1077 768 μὲν
1101 697 1194 751 τοῦ
1216 694 1525 768 ὡρισμένου
1558 694 1753 764 χρόνου

1862 700 1993 757 tem,
2026 708 2221 762 usque,
2253 692 2581 762 plerumque
2623 694 2677 747 in
2714 709 2874 751 sacra
2903 697 3191 767 Scriptura
3222 689 3435 748 deliniti

186 796 521 868 προθεσμίαν
577 796 836 865 σημαίνει
867 811 883 825 -
926 793 1027 845 οὐκ
1088 790 1401 861 ἀποφάσκει
1429 787 1485 841 δὲ
1522 786 1585 839 τὸ
1619 784 1758 861 μετᾲ

1861 787 2131 856 temporis
2167 785 2626 841 constitutionem
2667 786 2922 853 indicat,
2970 804 3083 843 non
3111 786 3304 842 deﬁnit
3335 801 3437 839 au-

184 885 614 958 ταῦτα.Εῐρηται
650 884 742 937 νῦν
770 886 899 954 περὶ
925 883 1029 953 τῆς
1062 880 1455 951 Ἀειπαρθένου
1486 877 1754 932 Θεοτόκου

1861 888 1969 931 tem
2001 876 2148 946 quod
2192 886 2379 946 postea
2408 879 2533 933 erit.
2569 876 2791 933 Dictum
2829 878 2943 949 jam
2978 887 3064 935 est
3095 880 3164 934 de
3216 892 3436 947 semper

184 981 262 1033 ὃτι
284 982 383 1033 οὑκ
408 978 708 1046 ἐγίνωσκεν
739 976 909 1047 αὐτὴν
945 977 974 1029 6
1015 976 1239 1045 Ἰωσὴφ,
1265 972 1371 1037 ἕως
1397 967 1459 1027 οὗ
1486 972 1641 1025 ἔτεκε
1665 970 1756 1023 τὸν

1863 968 2086 1039 Virgine
2114 967 2349 1038 Deipara
2372 1012 2387 1033 ,
2421 970 2568 1040 quod
2600 985 2714 1027 non
2748 972 3122 1042 cognoscebat
3157 970 3307 1025 illam
3338 968 3434 1025 Jo-

183 1071 297 1123 υἱὸν
340 1067 515 1134 αὐτῆς
567 1067 659 1120 τὸν
699 1066 1046 1136 πρωτότοκον
1071 1080 1085 1093 ’
1119 1063 1215 1116 καὶ
1245 1061 1306 1115 οὔ
1334 1058 1388 1114 τί
1411 1078 1516 1113 που
1544 1061 1755 1130 οίητέον

1860 1060 1996 1131 sepli
2060 1060 2235 1114 donec
2284 1061 2503 1132 peperit
2554 1065 2727 1118 lilium
2769 1080 2932 1119 suum
2970 1061 3435 1134 primogenitum;

184 1164 265 1214 ὅτι
330 1158 469 1231 μετὰ
520 1158 693 1211 ταῦτα
770 1156 963 1227 ἀνδρὸς
1031 1155 1330 1221 συνάφειαν
1402 1150 1750 1215 κατεδέξατο.

1860 1172 2038 1226 neque
2064 1157 2245 1212 simile
2274 1157 2485 1228 aliquid
2516 1160 2821 1229 putandum
2855 1167 2964 1223 est,
2990 1157 3137 1229 quod
3166 1165 3290 1228 post
3318 1156 3436 1211 haec

196 1252 594 1321 Ἐπηγγείλατο
633 1247 729 1301 οὖν
767 1247 1045 1302 κάνταῦθα
1082 1248 1109 1298 6
1137 1246 1342 1315 Κύριος
1372 1244 1476 1307 ἓως
1505 1242 1602 1312 τῆς
1632 1260 1756 1295 συν-

1859 1248 1964 1302 viri
1998 1251 2249 1319 copulam
2288 1251 2621 1318 susceperit,
2658 1251 3018 1305 annuntiat-it
3067 1250 3241 1322 igitur
3268 1248 3433 1302 etiam

183 1345 394 1407 τελείας
422 1340 564 1397 εἶναι
599 1341 715 1412 μεθ’
736 1343 768 1411 ἡ
779 1340 916 1410 μῶν,
941 1338 1040 1407 οὐχ
1064 1337 1137 1399 ὡς
1164 1334 1303 1406 μετὰ
1321 1334 1419 1403 τὴν
1445 1332 1539 1385 τοῦ
1560 1333 1755 1395 αἰῶνος

1859 1340 1949 1394 hie
1971 1338 2236 1396 Dominus
2293 1357 2306 1394 :
2333 1356 2511 1411 usque
2541 1341 2605 1395 ad
2638 1342 3172 1397 consummationem
3199 1355 3259 1395 se
3285 1339 3437 1393 iutu-

185 1435 497 1489 συντέλειαν
528 1430 1023 1504 χωρισθησόμενος.
1054 1429 1193 1497 Φησὶ
1222 1425 1355 1494 γοῦν
1381 1428 1408 1478 ὁ
1428 1424 1569 1488 θεῖος
1595 1424 1754 1477 Ἀπό-

1860 1447 1982 1485 rum
2013 1433 2328 1496 nobiscum,
2360 1448 2469 1486 non
2506 1440 2766 1501 tanquam
2798 1441 2925 1502 post
2953 1432 3138 1487 saeculi
3169 1444 3436 1485 consum-

184 1529 388 1591 oro)o;,
439 1528 520 1580 ὅτι
580 1526 720 1596 μετὰ
779 1523 881 1592 τὴν
921 1521 1110 1590 κοινὴν
1162 1518 1463 1572 ἀνάστασιν
1535 1518 1755 1585 Ἀρπα-

1859 1525 2156 1578 mationem
2190 1522 2590 1593 segi-egaudus.
2612 1523 2703 1578 Ait
2731 1522 2905 1595 igitur
2935 1525 3162 1578 divinus
3195 1525 3434 1592 Aposto-

180 1619 570 1689 τησόμεθαέν
588 1615 872 1686 νεφέλαις
899 1618 987 1679 είς
1018 1612 1368 1681 ἀπάντησιν
1396 1612 1504 1665 τοῦ
1532 1609 1755 1677 Κυρίου

1860 1618 1946 1671 lus
1974 1636 1985 1671 :
2022 1615 2154 1671 Post
2176 1631 2527 1670 communem
2568 1616 3051 1670 resurrectionem
3081 1616 3350 1683 rapiemur
3376 1614 3435 1668 in

179 1717 268 1781 εἰς
300 1715 467 1782 ἀέρα,
497 1713 595 1766 καί
622 1711 809 1775 οὕτως
832 1708 1091 1761 πάντοτε
1117 1706 1241 1759 σὺν
1263 1706 1457 1771 Κυρίῳ
1477 1703 1754 1772 ἐσόμεθα.

1856 1708 2082 1762 nubibus
2116 1708 2321 1762 obviam
2358 1706 2581 1761 Domino
2609 1709 2662 1760 in
2693 1724 2845 1772 aera,
2872 1718 2920 1761 et
2956 1708 3034 1761 sic
3085 1722 3289 1773 semper
3318 1722 3436 1759 cum

193 1806 625 1873 Ἀναμιμνήσκει
655 1800 711 1854 δὲ
734 1800 933 1861 αὐτοὺς
993 1798 1085 1851 καὶ
1140 1799 1241 1867 τῆς
1279 1793 1612 1857 συντελείας,
1668 1792 1751 1846 ἵνα
1788 1849 1819 1873 η

1814 1854 1828 1873 ,
1862 1800 2083 1853 Domino
2135 1800 2329 1853 erimus
2377 1799 2417 1852 ³.
2457 1798 2514 1852 lu
2555 1801 2876 1853 memoriam
2959 1807 3141 1852 autem
3219 1805 3440 1851 revocat

208 1849 624 1873 '-"'t'"r'"t""‘
661 1849 709 1854 --
738 1849 930 1861 -έ-ηνσ
998 1849 1021 1851 π
1198 1849 1238 1867 ι·
1572 1849 1611 1857 τι

181 1896 383 1966 μᾶλλον
437 1896 634 1958 αὐτοὺς
692 1891 1090 1962 ἀφελκύσηται,
1145 1890 1242 1943 καὶ
1292 1888 1367 1959 μὴ
1398 1888 1467 1940 τὰ
1510 1886 1754 1958 παρόντα
1786 1849 1807 1907 1

1810 1851 2418 1955 ’ςυιιειιηιιηοιὶοηειιῃ
2451 1897 2512 1942 ιιι
2540 1887 2717 1959 magis
2756 1903 2854 1943 eos
2899 1888 3207 1958 pertrahat,
3256 1903 3436 1959 neque

178 1990 314 2057 ὁρᾷν
341 1987 480 2057 ἀηδῆ
537 1986 720 2056 μόνον,
768 1984 904 2037 ἀλλὰ
935 1984 1029 2036 καὶ
1059 1982 1127 2036 τὰ
1170 1981 1432 2052 μέλλοντα
1470 1978 1650 2046 ἁγαθὰ
1684 1978 1753 2031 τὰ

1858 1982 2147 2053 praesentia
2182 1990 2396 2035 tantum
2432 1979 2657 2034 videant
2690 1996 2816 2049 qua:
2848 1980 3119 2035 terribilia
3155 1989 3309 2043 sunt,
3338 1994 3436 2035 ve-

176 2077 504 2147 ἁπέραντα’
545 2076 729 2145 τὰμὲν
793 2074 904 2145 γὰρ
954 2073 1181 2145 λυπηρά
1222 2088 1386 2142 φησιν
1435 2070 1580 2141 ἅπερ
1621 2072 1791 2123 ὑπο--

1861 2089 1983 2128 rum
2015 2075 2180 2128 etiam
2216 2072 2408 2127 futura
2443 2071 2585 2125 bona
2617 2072 2831 2126 inﬁnita
2862 2089 2875 2125 :
2901 2072 3087 2127 tristia
3135 2073 3306 2135 enim.
3344 2071 3436 2127 in-

179 2170 446 2241 στήσεσθε
469 2170 529 2221 ὲν
558 2167 636 2238 τῷ
664 2166 894 2237 παρόντι
928 2165 1051 2235 βίῳ,
1090 2162 1581 2232 συγκαταλύονταιο
1618 2161 1754 2229 ὅπρυ

1859 2167 1997 2235 quit,
2028 2180 2150 2235 quae
2181 2166 2234 2219 in
2257 2168 2518 2235 praesenti
2553 2166 2757 2220 saeculo
2789 2164 3102 2230 sustinetis,
3122 2164 3437 2221 dissolveno

176 2278 243 2329 γε
266 2262 363 2315 καὶ
396 2260 559 2324 αὐτὸς
589 2261 618 2314 6
643 2259 780 2315 αἰὼν
836 2252 991 2322 οὗτος
1022 2259 1101 2319 εἰς
1128 2255 1439 2309 συντέλειαν
1488 2252 1611 2322 ἥξει
1634 2268 1647 2283 ⁸
1687 2251 1757 2305 τὰ

1861 2265 1972 2321 ιυι·;
2018 2258 2092 2311 ibi
2133 2258 2300 2311 etiam
2338 2259 2636 2327 ipsummet
2682 2256 2949 2311 saeculum
2982 2256 3050 2310 ad
3081 2270 3434 2311 consumma-

175 2352 235 2404 δὲ
277 2352 488 2422 χρηστὰ
515 2344 593 2406 ὧν
623 2348 1000 2405 ἀπολαύσεσθε
1056 2348 1304 2402 ἀθάνατα
1359 2346 1532 2415 μένει.
1570 2343 1755 2407 Οὕτως

1861 2349 2066 2403 tionem
2100 2350 2302 2413 veniet,
2339 2350 2483 2425 bona
2513 2363 2644 2403 vero
2666 2349 2872 2418 quibus
2906 2346 3173 2403 fruemini
3206 2348 3433 2401 immor-

174 2442 408 2511 ἀλείψας
466 2443 562 2495 καὶ
620 2440 842 2511 ἐγείρας
886 2438 1070 2493 αὐτῶν
1103 2438 1173 2489 τὰ
1194 2441 1540 2507 φρονήματα,
1576 2435 1753 2505 καὶτῇ

1859 2440 1994 2495 talia
2048 2450 2291 2497 manent.
2366 2439 2446 2493 lta
2503 2440 2742 2510 erigens.
2805 2440 3171 2508 excitansque
3242 2453 3433 2493 eorum

179 2534 373 2603 μνήμῃ
437 2532 541 2598 τῆς
601 2531 816 2602 ἡμέρας
866 2528 1084 2598 ἐκείνης
1136 2527 1463 2596 ἐξέπεμψεν.
1527 2526 1594 2579 Ἦ
1647 2527 1758 2597 γὰρ

1861 2539 2095 2595 mentes,
2147 2530 2201 2584 in
2256 2531 2578 2586 memoriam
2630 2530 2740 2585 diei
2794 2531 2942 2585 illius
3006 2530 3253 2585 admisit.
3311 2529 3436 2584 Dies

176 2625 362 2694 ἡμέρα
409 2623 594 2692 ἐκείνη
632 2625 746 2684 τοῖς
782 2624 840 2682 ὲν
873 2618 1267 2691 κατορθώμασι
1320 2618 1453 2683 ζῶσι
1510 2611 1754 2687 ποθεινῆ,

1858 2624 2007 2680 enim
2039 2623 2136 2677 illa
2187 2622 2256 2678 iis
2285 2623 2380 2693 qui
2411 2637 2581 2693 opera
2635 2623 2778 2677 bona
2807 2622 3175 2693 praestiterint
3204 2623 3256 2676 in
3293 2621 3440 2677 desi-

176 2713 368 2783 ὦσπερ
419 2708 513 2766 οὖν
540 2715 653 2775 τοῖς
685 2712 745 2764 ὲν
780 2712 1148 2781 ἁμαρτήμασι
1210 2708 1440 2779 φοσερὰ,
1500 2706 1755 2777 καθάπερ

1860 2714 2015 2769 derio
2040 2722 2143 2778 est,
2185 2712 2654 2783 quemadmodum
2712 2712 2768 2767 in
2820 2713 3061 2783 peccatis
3120 2711 3436 2767 viventibus

172 2808 294 2869 τοῖς
340 2804 655 2867 καταδίκοις
696 2820 710 2836 ·
752 2804 890 2857 ἀλλὰ
936 2803 1011 2873 μὴ
1075 2800 1403 2871 φοϐηθῶμεν
1456 2800 1618 2871 μόνον
1664 2799 1759 2852 καὶ

1873 2806 2163 2871 terribilis,
2197 2814 2387 2874 utpote
2419 2806 2803 2860 condemnatis
2829 2824 2843 2859 :
2867 2804 2966 2860 sed
2996 2820 3107 2859 non
3143 2803 3437 2860 timeamus

175 2911 517 2968 φριττωμεν,
563 2896 703 2951 ἀλλὰ
736 2897 831 2949 καὶ⁸
890 2892 1360 2963 μεταϐαλλώμεθα
1406 2892 1512 2957 ἕως
1566 2892 1759 2963 καιρός

1864 2907 2078 2951 tantum
2121 2907 2175 2952 et
2214 2898 2700 2960 exhorrescamus,
2757 2912 2944 2952 verum
2994 2897 3163 2951 etiam
3203 2911 3440 2952 conver-

174 2994 321 3054 ὲστι,
383 2990 484 3059 τὴν
537 2987 712 3057 καλὴν
766 2986 1052 3039 ἀλλοίωσιν
1111 2984 1503 3054 ἁλλοιούμενοι,
1537 2985 1624 3037 ἵνα
1661 2984 1758 3053 τῆς

1865 3000 2048 3045 tamur
2078 2991 2209 3044 dum
2236 2998 2454 3057 tempus
2482 2997 2589 3053 est,
2623 2988 2769 3042 bona
2800 2987 3102 3041 mutatione
3128 2987 3352 3042 mutati.
3377 2996 3438 3041 ut

173 3078 404 3131 αἰωνίου
462 3076 610 3146 ζωῆς
668 3075 1071 3145 ἀπολαύσωμεν
1100 3076 1158 3128 ὲν
1195 3074 1415 3145 Χριστῷ
1464 3072 1636 3143 Ἰησοῦ
1676 3073 1754 3143 τῷ

1865 3082 2203 3152 sempiterna
2239 3081 2353 3133 vita
2383 3078 2635 3133 fruamur
2676 3078 2730 3131 in
2774 3076 3001 3132 Christo
3024 3077 3155 3133 Jesu
3203 3077 3436 3133 Domino

175 3170 376 3241 Κυρίῳ
432 3169 614 3240 ἡμῶν,
637 3162 683 3238 ᾧ
715 3170 749 3239 ἠ
784 3166 912 3233 δόξα
947 3168 1124 3222 καὶτὸ
1146 3168 1354 3236 κράτος
1414 3169 1511 3221 σὺν
1556 3165 1635 3237 τῷ
1667 3168 1801 3266 ἀνι⁴

1812 3212 1829 3232 η
1867 3184 2095 3240 nostro;
2136 3172 2228 3226 cui
2281 3172 2460 3242 gloria
2505 3178 2558 3225 et
2598 3169 2887 3240 imperium
2942 3185 3068 3222 cum
3104 3168 3267 3223 Patre
3318 3168 3438 3223 sine

174 3262 338 3331 ἀρχῳ
403 3260 595 3330 Πατρὶ,
660 3266 754 3313 καί
783 3258 863 3329 τῷ
887 3258 1137 3329 ζωοποιῷ
1192 3259 1496 3328 Πνεύματι,
1546 3257 1643 3311 νῦν
1662 3257 1800 3312 καὶ’

1808 3257 1832 3270 ’
1869 3264 2159 3335 principio,
2181 3273 2236 3317 ct
2260 3261 2477 3315 vivilico
2503 3261 2739 3331 Spiritu,
2758 3269 2812 3315 et
2837 3275 3005 3325 nunc,
3036 3268 3090 3315 et
3116 3275 3357 3330 semper,
3379 3268 3434 3314 et

176 3350 292 3409 ἀεὶ,
320 3353 413 3404 καὶ
437 3354 516 3413 είς
540 3352 667 3413 τοὺς
697 3350 902 3414 αίῶνας
925 3351 1034 3404 τῶν
1053 3350 1286 3407 αἰώνων.
1335 3352 1525 3423 Ἀμήν.

1136 3350 1286 3407 ὒνων.
1335 3352 1525 3423 Ἀμήν.
1864 3356 1918 3408 iu
1952 3354 2157 3409 smcula
2188 3352 2537 3407 saeculorum.
2573 3352 2762 3404 Anien.

302 3505 539 3561 l'l‘hess.
574 3522 649 3573 iv,
684 3506 770 3560 16.

174 3710 3437 3757 M

1446 3881 1620 3928 ANNO
1668 3883 1898 3927 DOMINI
1946 3884 2172 3929 DCCXV.

1321 4055 2290 4243 JOANNES

575 4328 2135 4465 CONSTANTINOPOLITANUS
2256 4372 3049 4469 PATRIABCHA.

1773 4590 1845 4605 ~

1372 4726 2214 4843 NOTITIA.

1188 4937 1351 5001 (Mica.
1388 4937 1595 4995 Leonum
1619 4939 1790 4989 Oriens
1824 4936 2082 4989 Christian.
2106 4945 2141 4987 t.
2170 4938 2208 4999 ῐ,
2236 4954 2283 5002 p.
2308 4938 2445 5006 25L)

272 5242 781 5333 Cyro_suii‘ectus
824 5245 1099 5333 {omnes
1147 5247 1385 5333 fuit_ex
1441 5249 1708 5333 diacono
1765 5256 1827 5333 et
1881 5249 2257 5333 chartulario
2290 5265 2321 5333 ;_
2365 5249 2443 5308 de
2496 5264 2626 5325 quo
2680 5247 3111 5333 TheOphanes
3170 5248 3249 5309 ad
3304 5267 3429 5333 an-

156 5337 345 5385 num
383 5338 408 5408 _t
444 5321 773 5402 Philippici
809 5324 1132 5408 Dardanis
1165 5344 1178 5386 :
1215 5351 1242 5383 ‹‹
1278 5327 1473 5408 Porro
1512 5327 2192 5408 Philippicushinquit,
2249 5321 2542 5408 adversus
2580 5321 2873 5408 sanctam
2913 5332 2973 5387 et
3007 5327 3424 5391 universalem

158 5398 509 5489 gynodum
540 5398 777 5463 sextam
801 5402 1021 5489 invehi
1065 5422 1193 5489 non
1225 5406 1496 5489 erubuit,
1528 5398 1871 5489 sacrique:
1892 5398 2008 5489 illa
2029 5398 2314 5467 sanxerat
2344 5406 2632 5489 dogmata
2676 5405 2935 5489 sttidens
2976 5413 3279 5469 evertere.
3312 5408 3427 5480 Qui

152 5473 254 5570 ii}
281 5473 442 5563 hanc
472 5495 648 5570 suam
677 5484 1052 5570 sententiam
1073 5482 1259 5553 irent.
1302 5473 1608 5566 Joannem
1639 5473 1774 5570 LCP:
1805 5485 2195 5570 episc0p_um_,
2226 5473 2466 5570 quem;
2482 5484 2804 5570 Cyro_ejus
2835 5484 3168 5570 decessore
3188 5473 3423 5570 amoto.

157 5562 254 5618 et
278 5558 345 5641 in
369 5558 750 5644 monasterio
776 5558 993 5621 Chortn
1027 5568 1224 5634 truso,
1258 5558 1596 5644 creaverat,
1629 5558 2005 5644 Germanum
2025 5558 2268 5644 'CyziCi,
2295 5558 2603 5644 Andream
2628 5558 2821 5623 Crette
2854 5570 2915 5624 et
2945 5564 3100 5644 alios
3136 5563 3423 5644 oﬁfendit,

154 5632 746 5727 Quianathemajn
779 5632 1397 5727 sanctamsvnodum
1435 5632 1671 5704 sextam
1699 5632 2107 5705 intorserunt'.
2164 5665 2193 5699 »
2237 5632 2355 5727 Tot
2382 5641 2471 5703 illi
2499 5643 2711 5720 itaque
2749 5642 2961 5727 magni
2992 5642 3268 5727 nominis
3311 5632 3425 5727 viri

149 5714 404 5805 ix‘upiis
424 5714 673 5789 tyranni
707 5714 1356 5805 hujusgmolitninibus
1372 5738 1616 5805 morem
1658 5727 1806 5805 tunc
1854 5728 2196 5799 gesserunt,
2230 5721 2458 5799 quibus
2525 5714 2653 5805 non
2685 5728 2777 5781 sat
2806 5714 3028 5805 virium
3049 5720 3125 5781 ad
3160 5721 3237 5805 _ei
3261 5722 3424 5793 resi—

160 5787 491 5853 stendum
529 5809 664 5857 esse
684 5787 1018 5860 vid'eretur.
1048 5798 1278 5865 Verum
1318 5798 1672 5881 Philippica
1715 5787 1969 5868 detruso
2006 5808 2067 5865 et
2113 5787 2449 5876 excaecata,
2496 5799 2756 5880 ejusque
2809 5800 2874 5862 in
2906 5798 3117 5863 locum
3154 5790 3427 5879 inaugu-
