4118 6440
753 349 886 414 1419

1833 364 1962 424 JOA
1976 366 2076 427 NN
2090 369 2687 436 ίΒ-ΡΛΤΗΙΑΒΕΗᾸΞ
2724 378 2832 439 CP.

3861 402 3977 466 “20

743 468 967 520 tentiam
991 508 1005 533 ,
1039 485 1146 524 non
1191 474 1335 543 quod
1363 474 1572 542 justum
1603 488 1689 531 est
1720 493 1782 533 ac
1816 479 2139 552 legi-timum,
2166 501 2297 554 prte‘

2413 491 2510 560 οὐχ
2546 491 2703 562 ἡμῶν
2735 493 2852 547 ἐστι
2875 496 2986 550 τῶν
3017 497 3176 552 θείων
3204 505 3489 574 κριμάτων
3516 509 3604 563 τὸν
3636 510 3806 580 βυθὸν
3841 517 3975 584 ipsu-

748 568 1014 628 SIruens;
1058 573 1182 618 ante
1210 567 1388 634 ipsum
1427 583 1588 622 suum
1626 571 1975 642 ingressum,
2017 593 2118 646 pro
2148 579 2310 649 regis:

740 653 1025 709 vestibulis
1072 659 1407 726 propositam
1450 675 1621 715 sacrae
1663 672 1832 718 sextze
1869 669 2066 736 synodi
2117 671 2311 741 imagi-

738 756 890 810 nem,
927 748 1174 800 sustulit.
1215 750 1352 803 Cum
1386 767 1552 821 porro
1575 755 1863 822 profanum
1897 759 1973 828 (5)
2004 775 2105 815 nec
2129 763 2308 816 eccle-

740 834 946 888 siastici
1005 841 1178 892 nostri
1237 842 1451 896 ordinis
1514 846 1825 913 hominem,
1875 850 2064 904 eadem
2118 867 2306 908 secum

741 940 992 993 perverse
1033 930 1361 998 sapientem,
1400 936 1456 986 in
1504 935 1804 1002 pontiﬁcali
1859 939 2060 993 throno
2098 942 2308 996 consti-

737 1024 890 1070 tuere
927 1017 1110 1084 vellet,
1137 1022 1466 1076 venerabilis
1494 1027 1627 1078 cleri
1659 1029 1831 1081 nostri
1863 1030 2067 1098 impetu
2107 1046 2171 1085 ac
2207 1048 2295 1087 re-

738 1106 972 1160 nitentia
1035 1110 1362 1178 prohibente
1384 1153 1400 1179 ,
1431 1115 1564 1169 nihil
1615 1132 1715 1171 nos
1748 1119 1857 1172 tale
1888 1131 2292 1190 exspectantes,

733 1197 870 1250 nihil
898 1199 1163 1264 volentes,
1195 1217 1295 1256 nec
1325 1205 1447 1258 sine
1469 1205 1657 1260 dolore
1677 1217 1731 1262 et
1758 1210 2007 1264 molestia
2042 1213 2305 1285 luctuque

733 1289 906 1354 Omni,
941 1305 1052 1342 rem
1091 1291 1360 1359 ejusmodi
1393 1297 1682 1362 patientes,
1715 1299 1780 1351 ad
1814 1301 2164 1368 pontiﬁcatus
2186 1306 2306 1377 dig-

732 1379 956 1432 nitatem
1017 1382 1340 1453 apicemque
1375 1387 1639 1453 provexit.
1682 1387 1818 1453 QUIS
1871 1393 2019 1446 enim
2074 1409 2304 1464 prorsus

733 1467 1057 1536 inexpertus
1113 1473 1190 1526 rei
1227 1475 1462 1528 nautica:
1499 1492 1690 1530 navem
1725 1483 2097 1548 conscendat,
2137 1487 2307 1540 susti-

732 1569 1000 1630 neatque,
1040 1564 1123 1616 vel
1175 1563 1371 1618 fretum
1412 1568 1702 1635 trajicere;
1748 1581 1804 1623 ut
1857 1588 1924 1626 ne
1957 1573 2157 1628 dicam.
2205 1592 2303 1645 per

732 1651 874 1720 loiigi
906 1655 1072 1707 maris
1102 1662 1314 1710 tractus
1345 1659 1743 1726 profectionem
1775 1665 2046 1720 adornare
2074 1684 2088 1731 ;
2144 1669 2302 1722 solus

732 1741 848 1809 ipse
888 1745 1156 1797 creditum
1181 1747 1389 1803 habens
1423 1752 1580 1805 navis
1619 1753 2080 1822 gubernaculum,
2120 1758 2294 1812 ident-

730 1850 836 1904 que
869 1835 1002 1900 ipse,
1037 1852 1143 1890 una
1175 1853 1299 1892 cuiu
1331 1843 1647 1896 vectoribus
1679 1845 1799 1897 aliis
1834 1847 2292 1914 gubernationem
2328 1826 2368 1880 Β

731 1926 1042 1994 recipiens?
1073 1927 1225 1993 Quod
1260 1939 1314 1982 et
1344 1931 1396 1984 in
1447 1933 1608 1986 nobis
1655 1936 1912 2004 quisquis
1947 1938 2244 2008 dispexerit
2279 1961 2292 1998 :

731 2033 912 2086 neque
967 2021 1111 2073 enim
1173 2021 1474 2087 aliquando
1515 2025 1581 2078 iis
1621 2025 1977 2084 adhibuimus
2016 2031 2292 2098 studium,

726 2124 849 2176 qum
888 2109 1124 2164 maxime
1171 2109 1366 2167 decent
1415 2117 1736 2183 pontiﬁces,
1795 2134 1858 2173 ac
1905 2121 1987 2174 eis
2042 2137 2290 2191 congrua

727 2208 875 2264 sunt,
912 2214 1011 2254 nec
1039 2200 1251 2256 illustre
1281 2204 1486 2273 aliquid
1533 2207 1827 2266 habuimus
1854 2214 1910 2266 in
1933 2214 2293 2283 dignitatibus
2325 2247 2328 2249 λ

726 2291 1141 2353 ecclesiasticis,
1187 2297 1574 2364 mysteriorum
1611 2301 1711 2354 soli
1768 2304 2082 2360 ministerio
2112 2307 2295 2364 inces-

726 2394 912 2437 s;mter
946 2392 1241 2451 vacantes;
1277 2386 1422 2440 haud
1454 2403 1604 2446 certe
1655 2395 1832 2447 nostri
1887 2395 1939 2448 in
1982 2395 2086 2452 hoc
2119 2400 2290 2454 animi

725 2472 1185 2538 involuntarium,
1240 2479 1518 2543 putaverit
1566 2495 1676 2535 non
1719 2482 1927 2538 habere
1958 2485 2154 2553 ﬁdem;
2185 2489 2290 2544 hoc

727 2563 885 2616 nobis
931 2572 1129 2616 nostra:
1180 2567 1532 2622 conscientiae
1583 2569 1991 2638 proferentibus
2041 2577 2289 2633 testimo-

726 2652 900 2714 nium,
935 2649 1082 2720 quod
1134 2650 1297 2708 divus
1344 2655 1645 2724 Apostolus
1698 2661 2079 2729 gloriationem
2131 2681 2286 2722 suam

724 2742 969 2795 delinivit
1002 2743 1047 2806 ⁸,
1089 2745 1153 2799 ad
1195 2759 1386 2799 eorum
1417 2763 1540 2816 quae
1597 2763 1698 2803 nos
1737 2751 1839 2820 ipsi
1887 2763 2176 2822 testamur,
2206 2773 2292 2811 re-

725 2837 1162 2900 prtesentandam
1210 2838 1520 2892 veritatem.
1583 2837 1682 2893 Hic
1738 2841 1942 2911 itaque,
1989 2847 2086 2913 qui
2137 2847 2194 2900 in
2224 2864 2291 2902 eo

724 2939 886 2979 suum
912 2927 1082 2983 decus
1111 2930 1474 2982 constitutum
1505 2931 1696 2998 vellet;
1740 2941 1798 2986 ut
1825 2933 2085 2991 Ecclesiae
2121 2937 2288 2993 dede-

726 3031 825 3071 cus
847 3031 910 3071 ac
932 3018 1406 3074 inhonorationetu
1430 3019 1671 3087 aﬂ‘erret,
1698 3025 1956 3092 parturiit
1981 3027 2202 3094 quidem
2225 3044 2289 3084 ac

2412 583 2561 650 νᾷν),
2601 585 2856 654 θεμέλιον
2911 590 3004 640 καὶ
3064 592 3376 665 ὑπόσαθρον
3439 601 3535 652 τοῦ
3593 583 3881 673 κράτους,
3925 607 3974 657 τὸ

2413 671 2589 741 βίαιον
2637 679 2734 730 καὶ
2767 679 2867 731 οὐκ
2896 678 3121 750 ἔννομον
3148 687 3591 757 προϐαλλόμενος
3623 694 3856 748 καθεῖλε

2411 764 2504 818 καὶ
2539 765 2648 835 πρὸ
2669 768 2771 837 τῆς
2794 770 2988 824 ἑαυτοῦ
3014 773 3223 828 εἰσόδου
3261 780 3362 849 τὴν
3391 782 3759 840 ἀνατεθεῖσιν
3796 790 3856 839 ἐν
3877 792 3974 851 τοῖς

2409 858 2726 926 προαυλίοις
2747 860 2858 914 τῶν
2905 863 3202 931 βασιλικῶν
3241 871 3422 924 εἰκόνα
3466 876 3566 942 τῆς
3615 880 3791 945 ἁγίας
3825 880 3974 951 ἕκτης

2411 949 2658 1002 συνόδου·
2684 952 3090 1024 ἐγκαταστῆσαι
3128 958 3184 1011 δὲ
3213 961 3494 1030 βουληθεὶς
3536 969 3618 1029 εἰς
3655 970 3717 1021 τὸ
3752 973 3854 1038 τῆς
3887 949 3972 1042 se.

2407 1038 2748 1111 χιερωσύνης
2793 1041 3006 1112 θρόνον,
3056 1047 3228 1120 ἄνδρα
3275 1052 3376 1104 οὐκ
3425 1053 3491 1105 ὲκ
3538 1058 3636 1109 τοῦ
3686 1038 3972 1131 ἐκκλησια-

2409 1129 2594 1182 στικοῦ
2630 1128 2786 1200 ἡμῶν
2825 1133 3083 1202 συλλόγου
3131 1142 3504 1211 τυγχάνοντα.
3532 1147 3639 1216 τῆς
3671 1150 3726 1203 δὲ
3776 1153 3971 1216 οἰκείας

2408 1216 2794 1288 ἐνδιαστρόφου
2824 1226 3050 1296 γνώμης
3100 1229 3412 1301 ὁμόφρονα,
3454 1237 3602 1305 ὅμως
3635 1243 3703 1307 τῇ
3737 1243 3838 1294 τοῦ
3865 1245 3972 1296 καθ’

2406 1309 2555 1378 ἡμᾶς
2581 1311 2812 1380 εὐαγοῦς
2859 1318 3065 1388 κλήρου
3115 1321 3260 1392 ὁρμῇ
3304 1325 3398 1376 καὶ
3429 1327 3676 1382 ἐνστάσει
3712 1331 3971 1398 βιασθεὶς,

2407 1400 2724 1468 προήγαγεν
2755 1405 2904 1474 ἡμᾶς
2935 1409 2997 1459 οὐ
3034 1411 3473 1478 προσδοκῶντας,
3506 1419 3565 1470 οὐ
3592 1419 3972 1491 βουλομένως,

2405 1489 2508 1542 οὐκ
2539 1491 2765 1556 ἀπαθῶς
2791 1512 2849 1547 τε
2875 1499 2967 1550 καὶ
2996 1500 3220 1572 ἀϐαρῶς
3245 1505 3339 1557 καὶ
3361 1504 3481 1574 δίχα
3511 1513 3717 1573 παντὸς
3743 1489 3974 1583 ὁδυρμοῦ

2403 1579 2465 1630 τὸ
2501 1582 2740 1636 τοιοῦτον
2784 1586 3206 1657 ὑπομείναντας,
3243 1597 3381 1664 πρὸς
3428 1599 3527 1668 τὴν
3565 1600 3672 1670 τῆς
3706 1606 3974 1674 ἀρχιερωο

2406 1669 2574 1741 σύνης
2603 1674 2759 1738 ἀξίαν
2790 1679 2884 1730 καὶ⁸
2906 1684 3175 1752 κορυφήν.
3209 1685 3306 1747 Τίς
3336 1688 3444 1760 γὰρ
3465 1688 3532 1743 ἂν
3849 1669 3976 1764 ἕξων

2405 1762 2580 1834 πάντη
2610 1766 2706 1818 τοῦ
2747 1768 2930 1824 πλέειν
2951 1772 3048 1842 τὴν
3083 1773 3381 1839 θάλασσαν,
3414 1781 3538 1849 νηὸς
3565 1762 3976 1855 ἐπιϐαίνῃξκαὶ

2406 1854 2651 1924 πορθμὸν
2667 1857 3118 1928 διαπεραιοῦσθαι
3134 1866 3422 1936 ἀνάσχοιτο
3447 1870 3620 1937 (πολὺ
3642 1875 3758 1945 γάρ
3785 1854 3974 1939 εἰπεῖν,

2401 1946 2500 2016 τὴν
2543 1946 2630 2000 διά
2664 1950 2880 2019 μακροῦ
2905 1953 3178 2021 πελάγους
3224 1959 3534 2014 στέλλεσθαι
3582 1954 3974 2036 ἀποδημίαν),

2400 2035 2562 2099 αὐτὸς
2600 2037 2810 2107 μέλλων
2844 2041 3005 2110 μόνος
3029 2044 3128 2113 τῆς
3147 2046 3371 2112 ὁλκάδος
3406 2051 3835 2122 ἐγχειρισθῆναι
3860 2062 3975 2117 τους

2398 2125 2612 2192 οἴακας,
2643 2129 2842 2183 ἐαυτοῦ
2886 2148 2945 2184 τε
2981 2135 3076 2186 καὶ
3114 2136 3222 2188 τῶν
3274 2139 3667 2206 συμπλεόντων
3716 2147 3976 2216 ἀναδεχο-

2403 2217 2581 2285 μένων
2631 2219 2732 2288 τὴν
2777 2221 3142 2294 κυϐέρνησιν;
3195 2228 3372 2298 Ὅπερ
3414 2232 3505 2283 καὶ
3541 2233 3630 2300 ἐφ’
3680 2237 3828 2303 ἡμῖν
3881 2242 3977 2300 2:5;

2397 2324 2482 2370 τις
2514 2310 2762 2379 καθορῶν
2799 2311 2898 2382 (οὐ
2945 2313 3054 2384 γάρ
3084 2316 3192 2368 τῶν
3228 2319 3286 2370 ἐν
3342 2319 3631 2389 ίεράρχαις
3691 2329 3978 2391 πρεπωδε-

2399 2400 2608 2452 στάτων
2654 2402 2748 2454 καὶ
2788 2403 3062 2473 ἀρμοδίων
3093 2406 3153 2458 ἐν
3198 2408 3393 2479 μελέτη
3447 2405 3594 2480 ἦμέν
3626 2429 3767 2464 ποτε
3793 2453 3808 2474 ,
3840 2416 3874 2482 ἢ
3927 2417 3979 2466 τὸ

2397 2491 2694 2558 περιφανὲς
2716 2493 2774 2544 ἐν
2799 2495 2922 2556 ταῖς
2946 2496 3427 2565 ἐκκλησιαςτικαῖς
3451 2503 3752 2570 κετημὲνοι
3781 2506 3978 2571 ἀξέαις,

2399 2581 2532 2652 μόνη
2587 2585 2655 2652 τῇ
2719 2583 2997 2654 ὑπηρεσίᾳ
3054 2586 3166 2641 τῶν
3232 2591 3552 2660 μυστηρίων
3608 2594 3981 2660 ἀδιαλείπτως

2397 2668 2794 2742 σχολάζοντες),
2822 2673 2922 2727 οὐκ
2965 2676 3196 2730 ἄπιστον
3228 2681 3493 2748 ἡγήσεται
3521 2682 3585 2734 τὸ
3623 2689 3762 2755 περὶ
3790 2686 3981 2740 τούτου

2394 2762 2494 2831 τῆς
2524 2764 2801 2834 ἡμετέρας
2823 2764 3051 2837 γνώμης
3078 2767 3364 2838 ἀθέλητον,
3402 2772 3536 2826 αὑτὸ
3572 2775 3638 2827 τὸ
3673 2779 3982 2848 μαρτύριον

2394 2851 2496 2920 τῆς
2523 2853 2883 2922 συνειδήσεως
2901 2855 3078 2923 ἡμῶν,
3104 2856 3242 2926 ὅπερ
3261 2858 3525 2928 καύχημα
3549 2864 3756 2916 ἑαυτοῦ
3787 2867 3820 2917 ὁ
3849 2866 3984 2928 Baio;

2408 2938 2729 3002 Ἀπόστολος
2752 2940 3061 3010 διωρίσατο,
3093 2944 3545 3014 προϐαλλομένων
3571 2950 3740 3018 ὴμῶν
3764 2953 3850 3013 είς
3884 2971 3986 3006 πα-

2398 3033 2662 3101 ράστασιν
2705 3030 2964 3100 ἀληθείας
2989 3033 3102 3086 τῶν
3138 3035 3197 3100 ἐξ
3232 3037 3392 3106 ἡμῶν
3433 3039 3782 3107 λεγομένων.
3818 3036 3986 3103 ῦῦτος

726 3124 920 3176 parere
949 3111 1147 3166 enixus
1171 3120 1254 3166 cst
1280 3113 1622 3178 hasiliscum,
1646 3117 1890 3171 auctoris
1915 3119 2043 3171 mali
2061 3135 2290 3189 serpen-

729 3200 796 3222 ιῐ-
848 3202 1051 3222 -.-ΑΙ-μ-
1080 3218 1091 3222 -
1126 3211 1182 3222 --ι
1234 3204 1319 3222 ,νξη
1353 3205 1487 3222 ενημμ--
1540 3205 1627 3222 κηι
1654 3207 1685 3222 ι·
1795 3208 1805 3218 ι
2001 3210 2010 3222 ι
2083 3211 2116 3222 αι

2400 3121 2573 3175 τοίνυν
2598 3124 2628 3174 ὁ
2650 3122 2854 3192 κόσμον
2883 3125 3084 3178 οίκεϊον
3103 3126 3202 3196 τὴν
3219 3127 3493 3196 ἀκοσμίαν
3511 3131 3616 3199 τῆς
3645 3132 3988 3201 Ἐκκλησίας

729 3200 798 3254 tis
848 3202 1093 3270 prolem;
1126 3211 1185 3255 ut
1234 3204 1493 3256 nimirum
1539 3205 1754 3274 publice
1794 3208 1846 3260 in
1899 3210 2170 3274 ecclesiis,
2225 3227 2290 3267 ac

727 3291 829 3344 snh
881 3290 1229 3347 confessione
1299 3294 1738 3364 episcoporum,
1807 3299 2031 3366 praefata
2101 3312 2292 3357 sancta

727 3392 880 3436 sexta
934 3384 1182 3454 synodus
1224 3386 1564 3441 anathemati
1607 3387 2002 3456 subjiceretur,
2036 3406 2099 3443 ac
2130 3400 2294 3460 quoto

727 3483 860 3538 quot
889 3474 1201 3543 apostolica:
1246 3489 1312 3529 ac
1344 3477 1670 3530 venerandae
1694 3477 1848 3531 sedis
1883 3487 2078 3532 vestrae
2107 3479 2295 3534 deces-

729 3579 906 3627 sores,
934 3564 1210 3618 sincerum
1232 3565 1479 3619 veritatis
1505 3569 1702 3634 dogma
1732 3563 2055 3621 docuissent
2084 3587 2098 3623 :
2125 3579 2296 3635 utque

733 3654 853 3705 lidci
914 3654 1145 3706 formula
1195 3654 1474 3709 communi
1533 3654 1797 3723 sutl‘ragio
1849 3655 2296 3725 discrepantibus

730 3745 960 3797 vocibus
989 3744 1263 3807 ederetur,
1328 3744 1643 3812 nullamque
1675 3744 1992 3798 allinitatem
2046 3747 2299 3803 habenti.

732 3835 857 3894 bus,
890 3848 1014 3886 cum
1041 3834 1294 3897 vocibus,
1321 3833 1524 3903 quibus
1565 3835 1809 3903 mysterii
1834 3834 2036 3890 Christi
2090 3838 2298 3893 intelli-

730 3923 913 3994 gentia
949 3924 1188 3994 perfecta
1218 3926 1581 3994 exprimitur;
1619 3926 1889 3991 divinum,
1924 3928 2172 3998 inquam,
2206 3945 2295 3985 as-

731 4025 1006 4084 sumptaaa
1045 4013 1224 4069 Verbo
1266 4024 1477 4068 natura;
1533 4015 1782 4070 humanae
1840 4028 2241 4074 sacramentum
2281 4039 2294 4074 :

730 4107 803 4159 ita
844 4120 975 4161 sane
1010 4113 1068 4159 ut
1099 4106 1210 4174 jam
1239 4107 1548 4174 proximum
1587 4107 1902 4172 videretur;
1944 4110 2077 4177 quin
2111 4111 2296 4178 potius

729 4195 782 4250 id
810 4195 921 4264 jam
952 4196 1121 4264 aliqui
1153 4197 1316 4250 etiam
1347 4195 1607 4250 dentibus
1653 4212 1834 4266 operae
1889 4200 2124 4267 pretium
2159 4201 2294 4255 sub-

730 4288 1029 4352 mutirent;
1057 4296 1116 4340 ut
1133 4296 1325 4341 sancta
1345 4286 1812 4342 Chalcedonensis
1845 4289 2094 4358 sydonus
2127 4291 2297 4345 abro-

729 4384 975 4445 garetur,
1036 4388 1292 4446 tanquam
1322 4376 1557 4444 praefata
1598 4385 1792 4430 sancta
1847 4387 2008 4432 sexta
2052 4381 2295 4451 synodo.

2395 3211 2701 3281 τιθέμενος,
2730 3211 2888 3266 ῶδινε
2934 3213 3032 3284 μὲν
3081 3215 3176 3267 καὶ
3212 3217 3518 3282 ἐσπούδαζε
3567 3222 3675 3289 τῆς
3723 3221 3988 3281 ἀσεϐείας

2395 3305 2704 3374 ἀποκυῆσαι
2735 3305 2828 3358 τὸν
2859 3305 3174 3375 βασιλίσκον
3217 3309 3276 3360 τὸ
3308 3308 3403 3360 τοῦ
3449 3311 3777 3378 ἀρχεκάκου
3810 3314 3989 3380 beam;

2396 3396 2674 3465 γέννημα·
2707 3395 2848 3449 ὥστε
2869 3397 3103 3467 δημοσία
3133 3399 3220 3451 ἐπ’
3253 3399 3573 3468 ἐκκλησίαις
3620 3403 3730 3454 καὶ
3780 3404 3846 3455 ἐν
3874 3405 3992 3462 ταῖς

2396 3486 2707 3556 ὁμολογίαις
2728 3487 2836 3540 τῶν
2865 3487 3202 3552 ἐπισκόπων,
3233 3489 3538 3559 ἀναθέματι
3570 3492 3991 3552 ὑπερϐάλλεσθαι

2396 3575 2494 3643 τὴν
2537 3575 2840 3646 εἰρημένην
2873 3577 3034 3643 ἁγίαν
3066 3578 3235 3648 ἕκτην
3269 3577 3511 3641 σύνοδον,
3553 3581 3652 3632 καὶ
3705 3584 3850 3643 τοὺς
3900 3582 3990 3632 te}

2399 3664 2521 3717 καθ’
2548 3665 2690 3734 ὑμᾶς
2732 3665 3096 3718 ἀποστολικοῦ
3131 3667 3227 3720 καὶ
3277 3668 3578 3737 σεϐασμίου
3615 3669 3826 3738 θρόνου
3859 3688 3991 3741 προ-

2399 3753 2664 3823 πατέρας,
2683 3756 2795 3807 ὅσοι
2820 3754 2882 3807 τὸ
2903 3755 3096 3823 εὐαγὲς
3122 3756 3222 3826 τῆς
3249 3757 3513 3825 ἀληθείας
3539 3759 3993 3829 διεπρέσϐευσαν

2397 3844 2570 3914 δόγμα
2589 3860 2604 3876 ο
2633 3847 2786 3914 κοινῇ
2826 3844 2883 3898 δὲ
2917 3845 3398 3915 συνομολογεῖσθαι
3427 3848 3640 3912 λέξεσιν
3696 3854 3992 3921 tinepr-

2398 3937 2654 4004 νούσαις,
2691 3936 2784 3990 καὶ
2836 3937 3110 4006 μηδεμίαν
3161 3938 3414 4007 ἐχούσαις
3464 3940 3808 4007 συγγένειαν
3855 3943 3992 4011 πρὸς

2398 4029 2496 4090 τὰς
2522 4028 2894 4098 γνωριστικάς
2930 4029 3031 4098 τῆς
3072 4027 3410 4097 τελειότητος
3438 4028 3531 4081 τοῦ
3563 4031 3717 4082 κατά
3750 4032 3993 4100 Χριστὲν

2402 4116 2724 4186 μυστηρίου,
2756 4115 2966 4178 ἐννοίας
2991 4134 3004 4147 ⁸
3036 4115 3169 4169 αὐτὸ
3193 4116 3260 4186 δὴ
3293 4117 3353 4170 τὸ
3383 4117 3527 4171 θεῖον
3566 4117 3676 4186 τῆς
3709 4120 3994 4189 ὲνανθρωο

2399 4207 2622 4277 πήσεως
2646 4204 2741 4260 τοῦ
2767 4206 2942 4274 Λόγου
2980 4207 3278 4278 μυστήριον
3299 4221 3314 4237 ο
3337 4206 3414 4268 ὡς
3443 4207 3504 4258 οὐ
3547 4207 3757 4278 πόρρω
3785 4211 3995 4276 τυγχά-

2399 4313 2534 4360 νειν,
2569 4296 2770 4366 μᾶλλον
2789 4296 2847 4350 δὲ
2877 4296 2977 4367 ήδη
3009 4298 3160 4360 τινάς
3190 4296 3284 4351 καὶ
3315 4295 3410 4350 ὑπ’
3449 4296 3680 4359 ὀδόντας
3732 4299 3996 4368 γρύζειν,

2398 4387 2490 4441 τοῦ
2522 4387 2615 4441 καὶ
2643 4387 2814 4459 αὐτὴν
2839 4388 2940 4458 τὴν
2971 4387 3134 4456 ἀγίαν
3171 4389 3230 4441 ἐν
3265 4385 3578 4456 Χαλκηδόνι
3603 4388 3843 4441 σύνοδον
3871 4389 3997 4441 ἀθε-

729 4469 798 4521 ab
818 4482 903 4531 ea,
936 4483 1035 4537 pro
1066 4471 1385 4537 dogmatum
1415 4469 1704 4536 utriusque
1731 4471 2135 4532 convenientia.
2167 4487 2297 4541 pen-

2401 4476 2641 4542 τείσθαι,
2690 4476 2768 4539 ὡς
2815 4477 2998 4546 ἐκείνῃ
3040 4477 3464 4545 συνηρτημένης
3513 4477 3665 4528 κατά
3725 4477 3835 4546 τὴν
3886 4478 3994 4528 τῶν

730 4558 917 4625 dente,
950 4559 1209 4628 illamque
1239 4559 1389 4612 velut
1419 4561 1660 4614 radicem
1679 4575 1745 4614 ac
1776 4559 2177 4615 ﬁrmamentum
2200 4563 2297 4615 ha-

732 4651 911 4704 benle.
949 4649 1102 4704 Mitto
1133 4649 1404 4720 siquidem
1431 4651 1635 4714 dicere,
1666 4663 1799 4720 qu0t
1831 4652 1990 4707 nobis
2016 4653 2295 4707 molestias

734 4743 979 4795 intulerit
1011 4744 1160 4796 velut
1211 4757 1310 4812 pro
1345 4744 1574 4798 veritate
1612 4743 1971 4808 sollicitans,
2031 4761 2142 4813 quo
2188 4761 2289 4802 no-

806 4883 824 4914 "
858 4880 893 4932 Il
918 4880 1045 4936 Cor.
1088 4895 1124 4941 ι,
1159 4879 1209 4931 8.

2403 4567 2688 4638 δογμάτων
2719 4565 3046 4636 οἰκειότητα,
3088 4565 3184 4619 καὶ
3213 4559 3326 4618 οἷον
3367 4566 3565 4628 είπείν,
3606 4566 3796 4636 αὐτὴν
3831 4566 3994 4634 ἐχού·

2404 4673 2502 4726 σης
2553 4655 2708 4727 ῥίζαν
2748 4659 2809 4708 τε
2853 4656 2948 4708 καὶ
3003 4653 3292 4725 βεϐαίωσιν
3325 4654 3428 4724 τῆς
3457 4654 3776 4724 εἰρημένης
3831 4655 3995 4721 ἁγίας

2401 4746 2566 4816 ἕκτης
2598 4745 2843 4800 συνόδου.
2889 4744 2995 4798 Ἐὦ
3037 4745 3147 4817 γὰρ
3177 4745 3362 4814 λέγειν
3395 4745 3524 4807 ὅσας
3554 4745 3700 4814 ἡμῖν
3734 4745 3995 4814 ὀχλήσεις

2200 4971 2424 5029 ΝΟΤΔΕ.

804 5065 880 5133 (3)
924 5062 1056 5118 Cum
1087 5078 1244 5133 porro
1273 5062 1576 5133 profanum.
1619 5059 1813 5133 Magna
1859 5062 2076 5133 licentia
2113 5065 2281 5132 impe-

733 5130 969 5197 ratores,
1005 5140 1058 5185 et
1088 5130 1449 5202 ’deponebant
1493 5130 1854 5198 patriarchas,
1880 5142 1952 5202 et
2000 5130 2284 5202 depositis,

734 5219 874 5274 quos
912 5203 1114 5280 vellent
1146 5201 1535 5282 subrogabant,
1584 5208 1771 5279 contra
1820 5201 1988 5282 etiam
2033 5201 2288 5282 expressa

736 5268 1008 5326 canonum
1035 5269 1181 5337 jura,
1211 5285 1275 5324 ac
1301 5268 1469 5324 laicos
1498 5268 1771 5327 homines.
1799 5271 1946 5322 nulla
1978 5271 2031 5322 in
2068 5268 2293 5325 minori-

739 5344 867 5404 bus,
899 5356 997 5409 pro
1016 5355 1202 5422 inore,
1235 5341 1575 5422 probatione.
1595 5409 1604 5420 _
1625 5337 1804 5391 Voluit
1835 5353 1965 5420 ergo
1984 5339 2291 5422 “Bard-auos,

738 5412 967 5480 expulso
995 5410 1184 5491 ’ϐψ-ὀ..
1210 5410 1353 5489 quod
1408 5409 1608 5491 recepti
1647 5410 1905 5491 inemoria
1983 5410 2293 5491 inclinavi-

741 5477 896 5535 derat
925 5496 950 5532 a
989 5477 1299 5534 Iustiniano
1326 5483 1377 5532 in
1421 5479 1608 5559 Paulo,
1639 5480 1884 5561 aliquem.
1915 5493 1945 5531 e
1977 5479 2294 5561 domesticis

742 5553 837 5606 illa
889 5548 1150 5616 dignitate
1192 5563 1429 5617 augere;
1473 5550 1753 5608 nimirum,
1785 5547 2062 5617 ὁμόφρονα
2123 5549 2297 5617 homi-

745 5635 894 5684 nem,
925 5621 1222 5688 eodemque
1247 5616 1411 5673 modo
1439 5620 1631 5700 haeresi
1664 5616 2300 5700 Monothelitarumuaﬂ‘e-

745 5702 918 5752 ctum,
947 5702 1110 5757 quam
1140 5687 1568 5768 instaurandam
1604 5688 1988 5768 meditabatur,
2033 5688 2166 5768 nihil
2213 5702 2300 5768 ce-

745 5763 858 5815 lato
884 5755 1112 5815 consilio
1143 5779 1156 5814 :
1196 5773 1302 5829 qua
1351 5759 1658 5826 hypothesi,
1694 5771 1798 5810 non
1847 5755 2003 5812 video
2037 5765 2094 5811 ut
2131 5758 2294 5812 meri-

2388 5073 2446 5119 to
2489 5065 2755 5134 culpanda
2789 5060 3315 5136 videatur‘loannis
3354 5063 3526 5136 nostri
3573 5065 3998 5136 qualiscunque

2394 5132 2666 5199 intrusi'o,
2712 5143 2877 5214 utque
2912 5134 3002 5214 ille
3041 5132 3344 5214 detrectare
3364 5133 3737 5214 ‘obstinatius
3790 5132 3998 5214 debue-

2397 5205 2467 5257 rit
2494 5220 2636 5257 onns
2663 5202 2991 5273 pontiﬁcale,
3030 5202 3414 5273 acquiescente
3438 5217 3503 5254 ac
3545 5214 3801 5267 urgente
3837 5216 3904 5258 ut
3946 5208 3999 5258 in

2401 5289 2459 5328 se
2493 5268 2706 5326 tandem
2745 5273 3032 5340 reciperet,
3066 5268 3195 5340 cum
3222 5268 3582 5338 imperatm'e,
3629 5274 3798 5327 clero
3841 5273 3994 5329 Con-

2403 5337 2909 5422 stantinopolitano,
2939 5340 3040 5393 sibi
3068 5355 3133 5422 ac
3158 5337 3413 5419 Ecclesiae
3441 5343 3541 5393 toti
3573 5353 3826 5422 cavente
3869 5360 3996 5422 quo

2395 5413 2568 5470 viora.
2613 5413 2712 5464 viri
2739 5414 2791 5463 in
2822 5412 2942 5478 ipso
2973 5408 3208 5480 probati,
3246 5424 3560 5477 quanquam
3590 5425 3692 5478 per
3727 5408 3996 5480 iniuriam

2396 5481 2646 5544 alterius,
2677 5496 2840 5551 quam
2890 5478 3318 5551 prohiberepou
3365 5488 3580 5551 possm,
3630 5482 3688 5533 in
3751 5478 3994 5551 patriar-

2397 5545 2974 5618 cham‘provectione.
3027 5545 3140 5600 Nec
3183 5545 3715 5618 Cyrus—depositus,
3752 5545 3835 5606 iis
3890 5553 3995 5605 cir-

2399 5615 2742 5672 cumstantiis
2795 5615 2966 5690 videri
3021 5615 3244 5690 poterat
3284 5615 3702 5690 rationabiliter
3773 5635 3876 5690 pro
3928 5634 3989 5672 ea

2402 5688 2641 5766 invitus;
2677 5685 2891 5763 tam-etsi
2924 5687 2996 5738 ita
3037 5685 3241 5766 invitus
3277 5701 3375 5766 pro
3406 5701 3507 5766 sua
3561 5688 3688 5757 ipse
3722 5685 3996 5745 cincto-

2407 5757 2640 5824 ratione,
2671 5759 2834 5827 quam
2871 5768 3066 5825 passus
3104 5763 3249 5812 esset
3281 5757 3595 5829 tyrannice.
