4118 6440
184 379 306 441 Mill

1069 389 1424 449 EPISTULA
1480 393 1580 451 AD
1606 391 2198 455 CONSTANTINUM
2232 393 2503 453 PAPAM-

3297 387 3431 452 1422

177 499 249 558 ὡς
280 499 372 550 ἐπὶ
398 500 496 568 τῆς
523 500 781 571 ἀληθείας
812 505 1129 574 προσήγαγε
1188 507 1324 576 πρὸς
1350 509 1411 560 τὸ
1434 508 1760 579 γράμμασιν

1866 519 2012 563 stras
2037 509 2103 562 ad
2130 508 2426 563 fraternam
2457 517 2693 564 vestram
2726 506 3126 564 beatitudinem
3181 523 3283 577 pro
3311 523 3431 565 suae

180 591 329 661 ἡμᾶς
379 594 690 663 χρήσασθαι
732 597 873 649 κατά
924 597 1016 650 τὸν
1061 599 1158 666 τῆς
1204 599 1416 652 ἐκείνου
1467 600 1756 672 παροινίας

186 684 410 748 σκοπὸν,
437 685 572 755 πρὸς
595 686 696 757 τὴν
721 687 993 759 ὑμετέραν
1019 689 1316 761 ἀδελςικὴν
1343 691 1754 761 μακαριὸτητα’

184 773 324 843 πρὸς
355 773 550 840 ταῦτα,
595 777 743 839 ὅπως
781 779 943 848 ἡμεῖς
972 777 1051 848 τῷ
1085 781 1205 832 κατ’
1238 781 1554 850 οἰκονομίαν
1595 783 1760 851 ὲχρττ·

185 866 401 934 σάμεθα
443 867 607 938 λόγῳ,
654 869 794 923 ὥστε
835 871 1262 941 διακρούσασθαι
1302 874 1400 942 μὲν
1437 873 1536 943 τὴν
1565 890 1758 944 τυραν-

183 960 344 1027 νικὴν
372 959 466 1012 καὶ
499 961 779 1013 ἁνένδοτον
814 961 1065 1016 ἔνστασιν
1087 981 1101 993 ο
1133 965 1268 1034 πρὸς
1299 965 1361 1016 τὸ
1396 962 1759 1035 μετριώτερον

183 1049 263 1113 δὲ,
289 1050 356 1101 τὰ
388 1051 487 1117 τῆς
521 1051 753 1114 ἀτοπίας
785 1052 1082 1116 συστεῖλαι,
1109 1055 1208 1124 τὴν
1239 1054 1314 1117 ὡς
1346 1055 1402 1105 ὲν
1427 1057 1618 1116 κακοῖς
1647 1054 1760 1106 δια-

187 1143 361 1210 φορὰν
398 1144 599 1206 εἰδότες
622 1147 682 1197 οὐ
731 1145 908 1216 πάντη
941 1147 1272 1215 ἀπόϐλητον,
1301 1148 1387 1199 ὅτε
1435 1148 1509 1218 μὴ
1544 1147 1676 1200 αὐτὸ
1700 1146 1762 1198 τὸ

189 1239 355 1289 καλὸν
387 1238 646 1308 καθαρῶς
685 1242 826 1294 κατά
862 1240 1088 1311 πρώτην
1121 1241 1298 1294 ἔνεστι
1335 1239 1486 1304 τάξιν
1516 1241 1758 1308 κρατεῖν,

187 1330 329 1398 αὕτη
359 1333 490 1398 ἡμῖν
522 1333 867 1402 μαρτυρήσει
913 1334 946 1402 ἠ
978 1332 1084 1385 τῶν
1118 1336 1177 1385 ὲν
1212 1333 1409 1402 καρδίᾳ
1459 1332 1762 1401 βουλευμά-

191 1441 296 1476 των
333 1423 526 1494 ἔφορος
574 1425 838 1495 δύναμιςο
891 1426 983 1478 καὶ
1035 1427 1091 1478 ὲν
1126 1424 1432 1495 ἀνθρώποις
1483 1425 1559 1487 δὲ,
1592 1427 1619 1478 ὁ
1665 1426 1762 1495 τῆς

188 1515 314 1568 καθ’
351 1518 501 1586 ἡμᾶς
558 1519 859 1587 ἱερωτάτης
907 1519 1178 1590 καθέδρας
1232 1517 1484 1588 ἐνδημῶν
1529 1518 1762 1572 ἐνταῦθα

191 1606 447 1676 θεοφιλὴς
497 1609 940 1680 ἁποκρισιὰριος,
981 1610 1041 1662 ὃν
1091 1611 1149 1662 ὲν
1193 1611 1330 1679 αὐτῇ
1367 1613 1434 1680 τῇ
1469 1610 1620 1680 ἀκμῇ
1667 1609 1760 1662 τοῦ

189 1698 411 1766 καιροῦ,
438 1699 729 1770 ὲνομώτως
765 1701 907 1769 μετά
948 1701 1047 1768 τῆς
1086 1701 1346 1771 ἀληθείας
1386 1701 1763 1772 ὲπληροςρορή-

192 1804 385 1856 σαμεν,
418 1789 664 1858 καθαρὰν
697 1789 847 1860 αὐτῷ
885 1789 982 1860 τὴν
1016 1789 1434 1858 ἐνυπάρχουσαν
1470 1791 1602 1860 ἡμῖν
1634 1789 1764 1860 περὶ

187 1879 288 1948 τὴν
317 1879 598 1946 ὀρθὸδοξον
627 1882 866 1934 διάθεσιν
898 1880 1336 1952 φανερώσαντες.

262 1971 451 2022 Οἴδατε
513 1974 622 2042 γὰρ
660 1973 754 2024 καὶ
785 1973 944 2040 ὑμεῖς
993 1974 1060 2041 τῇ
1110 1974 1276 2042 πείρᾳ
1328 1971 1515 2039 σαφῶς
1574 1989 1754 2041 μεμα-

188 2058 438 2126 θηκότες,
496 2061 812 2129 ἁγιώτατοι,
842 2063 914 2126 ὡς
954 2065 1013 2115 οὐ
1062 2078 1082 2102 ει
1133 2064 1255 2117 λίαν
1308 2065 1618 2126 ἀντιτύπως
1649 2064 1760 2124 ,καὶ

1861 600 2089 654 insanire
2120 614 2315 670 scopo,
2345 600 2557 656 litteras
2586 607 2944 670 extorqueret
2977 617 2991 654 :
3028 599 3095 652 ad
3127 598 3244 652 liiec
3275 615 3431 662 veio,

1863 699 1923 743 ut
1961 692 2134 745 simus
2168 692 2252 746 usi
2300 690 2718 746 accommodato
2743 706 2808 745 ac
2845 688 3279 759 dispensationis
3310 704 3424 744 ser-

1861 798 2022 837 mone
2043 822 2058 845 ,
2096 792 2156 836 ut
2181 790 2235 838 et
2271 784 2614 854 tyrannicam
2656 796 3074 852 pugnacemqiie
3107 779 3429 834 instantiam

1861 875 2272 944 repelleremus,
2319 883 2484 944 atque
2525 873 2593 928 ad
2651 874 2886 928 medium
2919 873 3144 942 aliquod
3193 871 3433 926 absonas

1865 968 2180 1020 iuolitioues
2207 981 2552 1036 cogeremus,
2604 965 2750 1020 haud
2787 967 3101 1021 nescientes
3154 979 3263 1018 non
3312 979 3432 1016 om-

1865 1059 1995 1111 nino
2029 1057 2430 1127 reprobandam
2481 1058 2535 1111 in
2577 1057 2736 1110 malis
2765 1055 3153 1116 differentiam.
3185 1069 3312 1109 eum
3348 1057 3424 1122 ip-

1867 1163 1988 1203 sum
2015 1164 2148 1217 pure
2174 1149 2402 1211 bonum,
2431 1149 2606 1215 primo
2631 1148 2751 1217 ejus
2785 1147 3000 1211 ordine,
3033 1162 3140 1200 non
3175 1147 3307 1200 licet
3332 1145 3434 1199 ob-

1865 1241 2055 1301 tinere,
2098 1240 2216 1308 ipsa
2276 1238 2434 1293 nobis
2485 1239 2646 1294 testis
2697 1239 2804 1293 crit
2864 1238 3038 1292 virtus
3070 1238 3431 1291 consilimz-m

1864 1332 2047 1386 cordis
2105 1330 2440 1401 inspectrix;
2495 1330 2639 1399 quod
2677 1338 2860 1384 autem
2909 1337 3122 1398 spectat
3159 1326 3227 1380 ad
3260 1328 3438 1381 homi-

1866 1437 1982 1484 nes,
2017 1422 2110 1490 qui
2150 1423 2317 1475 etiam
2347 1435 2411 1474 ex
2443 1428 2596 1488 parte
2627 1419 3024 1474 sacratissiune
3057 1429 3258 1472 vestras
3284 1418 3435 1472 sedis

1867 1517 1955 1570 liic
1989 1523 2242 1569 versatur
2265 1513 2561 1582 religiosus
2596 1513 3016 1583 apocrisiarius,
3047 1511 3136 1564 cui
3167 1510 3270 1566 sub
3305 1509 3435 1564 iliiid

1867 1605 2042 1672 ipsum
2077 1602 2343 1672 temporis
2381 1611 2750 1665 momentum,
2792 1611 3139 1656 sacramento
3190 1598 3438 1653 adhibito

1866 1697 2276 1752 satisfacientes
2299 1735 2314 1758 ,
2375 1712 2566 1764 puram
2600 1704 2887 1758 nostrain,
2927 1695 3072 1763 quod
3123 1699 3336 1762 spectat
3369 1692 3437 1746 ad

1867 1790 2226 1842 orthodoxam
2253 1787 2634 1857 sinet-ranique
2672 1788 2856 1850 fidem,
2885 1785 3051 1840 animi
3095 1783 3436 1840 affectionem

1790 1877 1831 1931 Β
1861 1882 2228 1934 ostendimus.

1937 1970 2104 2023 Scitis
2139 1971 2338 2038 quippe
2392 1969 2558 2022 etiam
2615 1984 2745 2030 vos,
2779 1965 3121 2037 experientia
3175 1965 3434 2027 docente.

1867 2063 2224 2124 sanctissimi,
2262 2061 2483 2116 ilitlieile
2515 2077 2661 2123 esse,
2700 2069 2756 2113 ut
2809 2076 2876 2114 ne
2936 2061 2988 2113 in
3050 2057 3318 2128 ejusmodi
3359 2057 3437 2124 (4)

1461 2214 1694 2271 νΑΙὶΙᾸΞ
1735 2213 2137 2270 LECTIOXES.

260 2317 285 2344 ⁸
309 2303 397 2360 τσ.
426 2308 589 2360 λείπ.
620 2309 718 2376 μή.

1714 2392 1936 2449 ΝΟΤᾸΞ.

267 2509 340 2574 ιι)
386 2505 451 2559 Ut
485 2524 545 2560 ne
576 2508 629 2558 in
677 2505 957 2575 ejusmodi.
997 2505 1250 2575 Suppleo
1285 2505 1511 2558 alteram
1543 2505 1756 2574 negati-

196 2594 345 2634 vam.
398 2589 453 2629 ut
488 2573 949 2630 scnsustonstct.
985 2573 1268 2643 Significat
1309 2590 1406 2629 sua
1442 2589 1500 2628 se
1548 2573 1665 2628 arte
1696 2589 1759 2629 ac

197 2647 461 2701 ealhdiori
493 2647 745 2708 consilio,
799 2647 1010 2698 cavisse
1057 2647 1313 2713 majorem
1366 2645 1628 2698 Bardauis
1671 2643 1759 2696 of-

204 2717 546 2782 fensionem;
583 2717 725 2769 edita
776 2717 983 2769 scilicet
1017 2716 1140 2768 tidei
1180 2716 1407 2770 formula
1455 2730 1619 2770 sensu
1662 2729 1755 2768 ca-

204 2788 430 2850 tholico,
466 2803 571 2854 qua
618 2797 795 2838 tamen
849 2787 1320 2854 supprimerentiir
1377 2799 1538 2838 voces
1588 2797 1760 2850 nuper

203 2855 438 2909 ili-finitae
473 2872 500 2906 a
535 2863 684 2909 sexta
713 2855 942 2922 synodo,
973 2871 1150 2920 gemui
1171 2872 1198 2903 ιι
1233 2857 1286 2906 in
1313 2854 1536 2907 Christo
1566 2867 1760 2920 opera-

205 2928 370 2979 tionis
407 2934 460 2978 et
504 2927 828 2988 voluntatis,
876 2926 1101 2991 pricl'ato
1151 2923 1381 2976 Iiardaui
1417 2924 1664 2976 duriores
1699 2935 1762 2974 ac

207 2995 506 3048 invidiosae.
543 2994 663 3047 Haec
688 2993 916 3046 Joannis
953 2994 1122 3046 nostri
1168 2993 1494 3055 (econoniia,
1526 3008 1623 3058 pro
1655 3006 1763 3058 qua

202 3073 463 3127 excusat;
496 3080 593 3118 nec
621 3063 741 3133 ejus
799 3073 1030 3133 tantum.
1061 3063 1153 3116 sed
1208 3071 1260 3114 ct
1288 3063 1461 3116 sancti
1510 3060 1764 3115 Germani

205 3143 336 3186 tunc
368 3134 605 3201 episcopi
652 3132 858 3202 Cyzici,
908 3135 1250 3199 postmodum
1283 3147 1411 3185 vero
1441 3133 1764 3202 patriaiclite

200 3203 333 3264 Cl'.,
357 3198 743 3270 AiitlrczelCret.
761 3198 1135 3269 quossanctiis
1155 3202 1492 3270 Nicepliorus
1515 3209 1567 3270 et
1585 3198 1765 3252 Theo-

204 3274 409 3339 phanes
456 3269 764 3333 nominant,
822 3274 970 3324 velut
1006 3269 1301 3338 primarius
1347 3271 1400 3339 in
1442 3286 1503 3323 ea
1537 3269 1762 3323 Joannis

201 3338 609 3408 cooperatores,
645 3341 987 3408 aliorumque
1030 3342 1141 3393 fere
1175 3356 1267 3407 per
1322 3338 1596 3393 Orientem
1623 3353 1764 3408 cpi-

204 3407 520 3478 sroporuni,
573 3427 711 3477 quos
775 3407 964 3463 omnes
1034 3411 1229 3462 durum
1296 3407 1763 3478 praevaricationis

201 3483 488 3540 damnare,
526 3495 585 3533 ac
637 3481 688 3533 in
747 3480 1124 3533 Monotlielitas
1191 3488 1410 3548 repente
1473 3478 1761 3542 conflatos,

203 3565 330 3602 cum
376 3549 607 3602 Raronio
663 3551 866 3602 dicere.
915 3548 1086 3600 Media
1146 3563 1245 3615 ego
1299 3549 1381 3601 via
1443 3548 1761 3610 incederini,

204 3630 263 3687 iit
300 3619 475 3684 reipsa
509 3620 709 3674 multos
739 3619 1043 3684 episcopos,
1075 3631 1308 3687 quorum
1337 3615 1534 3670 animis
1561 3617 1764 3669 inolita:

205 3686 680 3740 Mouothclitaiuni
741 3688 966 3740 haeresis
1025 3686 1230 3739 semina
1290 3686 1610 3748 insiderent,
1670 3693 1765 3738 aut

203 3757 298 3824 qui
356 3757 511 3809 facile
569 3758 768 3824 alioqui
806 3757 1108 3810 adducendi
1145 3764 1318 3818 erant,
1374 3764 1429 3807 iit
1491 3771 1764 3824 expressa:

205 3823 443 3894 pi'iefatie
473 3836 640 3879 sexta?
659 3823 850 3894 synodi
886 3826 1244 3886 damnationi,
1282 3825 1390 3876 iiiio
1434 3831 1488 3876 et
1531 3823 1762 3894 Chalcee

203 3893 486 3958 doiicnsis,
535 3893 965 3958 siiliscrilieretil,
1017 3896 1260 3962 sociique
1305 3894 1627 3947 accederent
1661 3893 1758 3946 toti

206 3964 476 4017 Bardaiiis
501 3981 529 4014 a
559 3964 765 4018 Joanne
797 3966 998 4025 relatie,
1047 3965 1334 4024 molitioni,
1370 3963 1511 4015 haud
1549 3977 1578 4014 a
1603 3965 1763 4030 culpa

207 4037 480 4085 immunes
529 4034 853 4101 putaverini,
887 4035 968 4086 vel
1024 4049 1130 4086 non
1181 4048 1300 4085 reos
1337 4033 1562 4102 proditae
1619 4033 1762 4096 fidei,

204 4119 329 4154 rum
364 4118 550 4155 eorum
596 4106 828 4170 partium
886 4111 1031 4155 esset
1084 4117 1146 4154 ac
1191 4103 1543 4154 cei-lesiastiiri
1599 4103 1764 4155 totius

203 4173 438 4231 ordinis,
473 4173 712 4224 unanimi
746 4173 1054 4224 constantia
1089 4187 1116 4222 a
1148 4173 1426 4238 proposito
1465 4180 1761 4240 tyrannum

205 4243 507 4301 deterrere,
557 4253 650 4293 aut
701 4251 849 4294 certe
901 4242 1134 4308 gloriosa
1197 4240 1545 4294 confessione
1593 4255 1764 4306 nuper

205 4312 530 4374 explicatam
568 4312 724 4362 Iidem
771 4310 1093 4374 defendere;
1139 4310 1224 4362 alii
1273 4321 1452 4363 autem
1482 4325 1544 4361 ex
1581 4312 1764 4362 animo

205 4381 513 4441 orthodoxi,
546 4396 606 4430 ac
631 4382 854 4432 omnino
887 4390 1141 4432 caventes
1173 4397 1239 4430 ue
1275 4390 1379 4430 tam
1408 4395 1570 4447 grave
1608 4380 1762 4431 dam-

1867 2505 1948 2559 sic
1981 2506 2114 2557 varii
2155 2521 2299 2560 sum.
2341 2507 2500 2564 Joan.
2553 2509 2797 2564 Zonaras
2850 2508 2967 2562 vult
3024 2514 3436 2562 exauctoratum

1864 2585 2087 2644 propter
2147 2579 2433 2642 lliPl‘t‘Silll,
2481 2580 2754 2632 Germano
2809 2578 2984 2632 eidem
3046 2577 3280 2632 suffecto
3335 2579 3439 2630 sui)

1866 2647 2108 2698 Artemio
2141 2647 2401 2701 Bard-anis
2445 2664 2804 2703 successore:
2839 2657 2894 2701 at
2941 2647 3034 2716 qui
3070 2647 3173 2702 hoc
3202 2656 3437 2716 constet,

1867 2731 2018 2780 cum,
2051 2727 2243 2770 sancto
2266 2718 2575 2786 Nirephoro
2597 2728 2650 2771 et
2672 2715 3000 2787 Theophane
3030 2718 3284 2774 testibus.
3303 2715 3440 2770 Ger-

1865 2800 2080 2841 manus.
2118 2788 2161 2839 si
2211 2803 2318 2856 qua
2363 2788 2464 2840 fuit
2505 2805 2568 2842 ea
2616 2791 2859 2850 limi-esis,
2895 2787 2971 2840 illi
3010 2789 3198 2841 socius
3238 2794 3388 2841 esset
3421 2803 3435 2838 :

1865 2870 2049 2924 quare
2070 2858 2232 2907 etiam
2273 2869 2485 2912 mortuo
2513 2858 2798 2912 suffectum
2824 2857 3045 2918 habent,
3072 2857 3438 2924 τελευτήσαν-

1867 2940 1978 2995 τος.
2013 2923 2152 2976 Nihil
2186 2928 2344 2978 etiam
2399 2926 2680 2982 Cedreiius
2717 2928 2962 2980 meminit
3015 2926 3176 2995 liujus
3219 2923 3438 2995 deposi-

1870 2994 2060 3055 tionis,
2094 2995 2187 3048 sed
2229 3004 2470 3049 creatum
2524 3007 2732 3050 tantum
2784 2997 2946 3049 habet
2975 2994 3230 3062 sub'ipso
3276 2994 3438 3048 Arte-

1873 3064 2063 3125 mium,
2107 3067 2203 3136 qui
2259 3067 2579 3136 Anastasius
2631 3067 2958 3136 appellatus
2997 3072 3140 3136 estA:
3178 3063 3282 3119 sub
3323 3080 3438 3133 quo

1790 3153 1834 3211 α
1869 3134 2216 3211 postmodum
2253 3132 2785 3211 referttranslatum
2833 3135 3038 3211 Cyzico
3073 3132 3436 3211 germanum,

1868 3202 1940 3254 ita
1972 3214 2234 3269 eiiiicepto
2270 3207 2651 3260 translationis
2681 3202 2922 3262 decreto.
2973 3204 3038 3256 'H
3070 3202 3191 3256 θεία
3215 3203 3373 3323 χάρις
3406 3207 3439 3274 ἡ

1868 3272 2093 3322 πάντοτε
2114 3275 2181 3323 τὰ
2213 3274 2410 3323 ἀσθενῆ
2463 3276 2862 3323 θεραπεύουσα.
2922 3275 3018 3323 καὶ
3051 3275 3120 3323 τὰ
3165 3273 3283 3323 ἑλλε
3313 3289 3439 3323 ποθ-

1865 3272 2093 3345 πάντοτε
2114 3275 2181 3345 τά
2213 3274 2413 3345 ἀσθενῆ
2463 3276 2862 3345 θεραπεύουσα,
2922 3275 3018 3326 xui.
3051 3275 3120 3345 τὰ
3165 3272 3440 3345 uicino];

1863 3357 1932 3392 τα
1996 3340 2411 3409 ἀναπληρώσει,
2469 3340 2788 3413 μετατίθησι
2851 3344 3126 3413 Γερμανὸν
3147 3343 3240 3396 τὸν
3278 3340 3437 3394 ὁσιὼο

1863 3427 2025 3482 τατον
2076 3413 2333 3481 πρόεδρον
2392 3413 2493 3478 τῆς
2527 3412 2847 3479 Κυζικηνῶν
2909 3412 3318 3482 μητροπόλεως,
3354 3413 3431 3475 εἰς

1865 3479 2293 3552 amissaa-mm
2350 3483 2555 3550 ταύτης
2595 3485 2694 3552 τῆς
2729 3479 3097 3552 θεοφυλὰκτου
3147 3481 3432 3552 καὶ-βασι-

1865 3548 2004 3609 λίδος
2071 3553 2292 3612 πόλεως.
2360 3554 2482 3604 Ἰείιτὶ
2512 3548 2846 3622 -Ἃρτέαίου-
2886 3551 3172 3622 βασιλέωςτ
3229 3548 3432 3622 Divina
3481 3576 3484 3577 ν

1865 3623 2062 3686 gratia,
2111 3638 2226 3690 quia
2275 3637 2479 3686 semper
2530 3620 2743 3690 inﬁrma
2798 3631 2973 3682 curat,
3031 3631 3077 3674 et
3138 3620 3437 3687 deﬁcientia

1864 3690 2107 3752 complet,
2139 3688 2458 3743 Garumnam
2491 3688 2886 3744 sanctissimum
2927 3690 3203 3759 Cyzicena:
3236 3700 3436 3744 metro-

1864 3760 1999 3826 polis
2031 3761 2309 3823 pia-sulem
2358 3762 2611 3826 transfert
2674 3764 2730 3814 in
2777 3761 3229 3827 archiepiscopum
3261 3778 3292 3812 a
3328 3759 3435 3813 Deo

1864 3839 2184 3881 conservatae
2216 3831 2463 3898 aeregiw
2507 3832 2664 3898 hujus
2710 3832 2880 3885 urbis.
2913 3830 3020 3884 Sub
3058 3832 3294 3884 Artemio
3333 3833 3436 3882 iiii-

1863 3907 2123 3970 peratore.
2157 3899 2223 3952 Ut
2266 3897 2519 3970 Joannis,
2557 3897 2658 3970 pro
2688 3916 2792 3970 qua
2826 3912 3073 3956 excusat.
3118 3903 3430 3954 ωιεοιιοιιιιςι

1867 3967 2050 4037 haliita
2085 3978 2229 4021 esset
2262 3969 2520 4035 proditio,
2552 3967 2634 4023 vel
2679 3967 2717 4023 a'
2750 3969 3114 4024 Constantino
3143 3984 3300 4037 papa.
3344 3971 3428 4021 vel

1865 4036 1933 4088 ab
1965 4039 2223 4100 Artciiiio,
2257 4039 2399 4090 haud
2442 4049 2620 4093 tamen
2650 4054 2712 4093 ea
2749 4039 3012 4093 modestia
3045 4036 3430 4101 satisl'acieiiti,

1866 4121 2030 4172 quant
2103 4107 2183 4160 ha:
2246 4106 2367 4175 ejus
2437 4110 2630 4163 litterae
2675 4107 3003 4178 praeferunt,
3061 4109 3223 4178 idque
3279 4112 3430 4178 nulla

1867 4190 2014 4246 mora
2053 4193 2078 4226 a
2112 4178 2329 4230 sublato
2357 4186 2588 4246 tyranno
2638 4175 2796 4234 sedes
2841 4175 3158 4243 abrogandi!
3177 4183 3319 4237 εντα.
3351 4177 3432 4229 νει

1866 4243 1910 4296 si
1951 4246 2148 4317 nullus,
2188 4255 2282 4298 aut
2314 4243 2474 4314 quam
2509 4264 2710 4317 paucos
2743 4250 2798 4317 in
2825 4263 2886 4300 ea
2911 4247 3091 4317 socios
3125 4247 3425 4307 habuisset,

1867 4314 2064 4365 nedum
2095 4330 2217 4367 cum
2253 4314 2535 4371 universos
2567 4317 2679 4370 fere
2725 4315 2966 4371 Orientis
3007 4317 3325 4382 episcOpos;
3361 4328 3427 4365 ac

1869 4384 1922 4434 in
1962 4384 2026 4435 iis
2057 4383 2409 4446 Germanum,
2461 4388 2619 4453 cujus
2671 4397 2818 4439 tanta
2873 4385 3074 4438 enituit
3121 4384 3318 4436 virtus.
3373 4390 3432 4435 ut

208 4465 353 4534 uului.
383 4463 475 4513 per
507 4450 835 4529 ςοιιρςιιι-ιιιιι
889 4449 968 4500 vel
1025 4449 1282 4534 malitiam
1336 4449 1414 4500 vel
1468 4449 1760 4534 ignaviain,
1797 4480 1840 4534 D
1870 4453 2200 4534 posthabitis
2231 4456 2484 4508 omnibus
2520 4449 2664 4514 aliis,
2714 4453 3074 4534 iiierueritab
3121 4453 3433 4534 o‘rthodoxo

211 4518 437 4585 publica:
470 4517 722 4570 nimii-inii
769 4526 933 4570 sexta:
963 4517 1153 4587 synodi
1187 4532 1248 4570 ac
1294 4527 1608 4587 sanctorum
1662 4517 1765 4568 Pa-

206 4596 354 4638 trum
397 4586 1314 4648 aiiathematizatiouis,Orientalis
1343 4586 1586 4640 Ecclesia
1631 4591 1763 4639 sub-

209 4657 347 4714 iret,
407 4656 645 4708 mediiiin
713 4659 813 4707 line
871 4657 1240 4716 invenientes,
1314 4671 1407 4709 seu
1484 4658 1763 4708 inventum

210 4725 280 4776 ab
306 4724 428 4777 aliis
461 4728 878 4791 romproliaiites
919 4727 1114 4778 nedum
1179 4725 1540 4792 peccaverint,
1582 4725 1674 4779 sed
1716 4734 1770 4777 et

212 4792 574 4862 reiniiligiiam
606 4795 764 4847 laude
807 4795 1051 4858 egerint;
1109 4794 1300 4858 majori
1352 4795 1580 4862 depulso
1621 4794 1768 4848 malo

210 4862 282 4914 ab
335 4861 612 4932 Ecclesia,
659 4879 722 4916 ac
777 4864 970 4916 minori
1043 4865 1312 4932 permisso
1371 4861 1548 4930 potius
1603 4877 1767 4931 quam

209 4939 360 4981 actu.
426 4931 630 4984 Iudicat
685 4934 1040 4986 nihilominus
1090 4933 1298 4999 Agatho
1331 4933 1616 4997 diaconus,
1672 4948 1772 4985 no-

211 5001 382 5053 luisse
415 5005 598 5066 plures
628 5003 752 5055 huic
776 5004 1096 5056 mennomine
1124 5003 1489 5069 acquiescere,
1536 5017 1598 5054 ac
1639 5017 1773 5054 con-

213 5070 436 5121 fessiuni
476 5071 763 5135 ejusmodi,
798 5087 895 5125 ceii
929 5072 992 5124 ad
1040 5071 1358 5124 irritandam
1405 5079 1610 5124 sextam
1644 5086 1770 5123 san—

211 5147 354 5208 ctam
385 5139 655 5207 synodum
689 5141 870 5202 editze,
903 5141 1269 5198 subscribere.
1317 5156 1456 5208 quos
1489 5142 1605 5193 ideo
1635 5140 1768 5193 Bar-

210 5207 382 5260 danes
415 5209 532 5262 dire
561 5212 865 5274 vexaverit;
899 5212 976 5263 sic
1007 5227 1112 5262 non
1141 5209 1312 5262 defuit
1337 5207 1398 5262 id
1438 5211 1599 5262 etiam
1637 5218 1771 5262 tem-

212 5291 362 5343 poris
394 5283 716 5345 generosius
757 5295 940 5333 semen
990 5281 1042 5333 in
1087 5279 1328 5340 Oriente,
1371 5279 1582 5331 tametsi
1634 5280 1769 5332 seri-

215 5354 430 5412 ptoriim
461 5347 639 5415 inepia
675 5350 966 5401 ohscurum
1021 5350 1155 5402 adeo
1209 5350 1494 5402 manserit.
1546 5346 1657 5401 lloc
1689 5364 1772 5401 c0-

212 5429 335 5466 rum
375 5418 492 5468 zelo
522 5426 574 5470 et
609 5419 918 5471 constantia
943 5428 1145 5470 tantam
1177 5418 1278 5473 sibi
1313 5417 1550 5470 Joannes
1585 5426 1773 5470 noster

212 5484 436 5555 stiouillo
464 5487 641 5538 medio
666 5488 920 5540 conflavit
953 5488 1232 5551 invidiam,
1267 5495 1326 5540 ut
1357 5491 1555 5555 passim
1585 5487 1772 5539 Mono-

216 5553 406 5626 tlielita
437 5555 643 5626 audiat,
677 5573 739 5608 ac
779 5558 1022 5626 ejusdem
1072 5553 1515 5610 seiitentiaicuin
1567 5557 1772 5625 Philip-

213 5621 386 5696 pico:
434 5625 648 5696 tametsi
699 5621 946 5681 videnlur
990 5629 1230 5696 plerique
1277 5627 1574 5693 scriptores
1625 5621 1772 5693 loqui

213 5690 329 5743 Sola
359 5694 667 5761 c0iijectura
696 5711 758 5747 ac
781 5690 1219 5765 praisun'iptioi'ie,
1245 5712 1349 5748 non
1375 5690 1500 5765 quia
1539 5690 1774 5764 sequan-

213 5768 305 5812 tur
333 5769 478 5815 certa
512 5777 858 5822 monumenta
892 5782 1077 5821 eorum
1108 5777 1434 5836 temporum,
1477 5782 1582 5836 qua
1618 5768 1684 5822 de
1718 5783 1773 5823 re

1870 4521 2134 4594 principe,
2171 4523 2338 4594 ψήφῳ
2384 4525 2474 4594 καὶ
2524 4524 2817 4594 δοκιμασίᾳ
2841 4520 3427 4594 τῶνῌθεοειιλεστάτων

1868 4589 2192 4644 ἐπισκόπων
2209 4589 2459 4645 σ’ἐιιιειιιο
2487 4609 2548 4644 ac
2571 4589 2876 4658 probatione
2902 4589 3424 4660 .eligirwassiinorum

1869 4661 2255 4726 episcoporum,
2301 4664 2474 4725 inquit
2526 4665 2784 4729 praefatus
2834 4660 3137 4724 Ccdrcnus,
3181 4674 3245 4729 ac
3283 4674 3436 4711 com-

1872 4725 2021 4800 iiiuiii
2049 4747 2237 4782 eorum
2287 4725 2566 4800 siitlragio,
2617 4731 3172 4800 Constantinopolim.
3204 4725 3434 4800 Joannis

1871 4799 2113 4861 ejusdem
2146 4799 2475 4862 successor,
2507 4801 2624 4868 ipso
2675 4799 2862 4854 eodem
2901 4815 3067 4862 anno,
3113 4799 3425 4851 transferri.

1872 4868 2084 4930 Quanta
2123 4869 2235 4921 litec
2281 4885 2637 4937 personarum
2686 4870 2952 4936 acceptio,
2988 4882 3152 4920 causa
3202 4877 3425 4934 utrique

1872 4938 2188 4989 communi?
2223 4937 2393 5001 Quam
2461 4941 2642 5006 itaque
2695 4940 3058 4992 teconomiam
3113 4937 3437 5006 'gnoratttnt

1874 5009 2171 5072 Scriptores
2210 5013 2278 5061 ab
2333 5009 2418 5058 illa
2449 5005 2608 5060 aetate
2649 5023 2756 5060 non
2809 5007 3091 5058 irininium
3121 5005 3320 5066 diiSlli,
3372 5020 3438 5058 ac

1872 5075 1924 5126 in
1959 5075 2080 5126 aliis
2111 5077 2379 5143 ejusmodi
2408 5092 2514 5128 non
2546 5076 2683 5129 adeo
2713 5083 2876 5130 certa:
2902 5074 3044 5137 fidei,
3079 5083 3141 5128 ut
3162 5089 3267 5128 nun
3308 5089 3436 5143 ριιε-

1872 5145 1978 5196 sint
2004 5159 2067 5195 ex
2104 5147 2469 5198 monumentis
2499 5162 2546 5196 Ct
2584 5146 2829 5200 tioribus
2864 5148 3062 5212 corrigi
3093 5161 3105 5195 :
3138 5145 3279 5197 lianc
3311 5159 3434 5210 pro-

1873 5213 2096 5266 ferimus
2129 5230 2192 5266 ex
2227 5213 2453 5268 Joannis
2500 5215 2620 5269 istis
2661 5215 2901 5275 Litteiis.
2949 5215 3018 5266 de
3059 5227 3165 5279 qua
3196 5214 3432 5266 liberum

1871 5283 2069 5349 cuique
2099 5293 2215 5336 esto
2240 5283 2529 5349 judicium.
2575 5285 2667 5337 ubi
2721 5299 2816 5350 pro
2850 5285 3165 5351 interpretis
3207 5297 3435 5334 munere

1871 5352 2112 5406 diximus
2148 5353 2272 5421 ipsi,
2302 5354 2446 5420 quod
2482 5355 2767 5422 tlieologiae
2801 5352 3086 5422 acAratiolii
3124 5351 3302 5422 visum
3332 5351 3435 5402 fuat

1873 5422 2046 5487 magis
2075 5419 2394 5489 congruum.
2431 5422 2586 5476 Libet
2627 5419 2715 5475 hic
2761 5420 2989 5476 reddere
3020 5419 3430 5488 Theophanem.

1875 5489 2010 5540 Inita
2040 5507 2168 5559 ergo
2197 5501 2499 5560 temporum
2537 5491 2748 5545 ratione
2776 5508 2805 5544 a
2855 5499 3009 5545 sexta
3033 5500 3237 5560 sancta
3268 5502 3434 5560 syno-

1873 5561 1974 5621 do,
2013 5560 2084 5612 ita
2107 5556 2510 5630 "prosequitur.
2559 5561 2691 5613 Ἀπὸ
2724 5561 2781 5614 δὲ
2811 5561 2919 5630 τῶν
2960 5557 3321 5630 ὲκᾷεᾷομές-ων
3345 5556 3436 5630 si}:

1874 5646 2010 5688 πων,
2045 5625 2153 5689 ’ἐωέ
2175 5630 2269 5682 τοῦ
2300 5625 2342 5682 δ
2362 5631 2510 5691 ἔτους
2536 5629 2884 5691 Φιλιππικοῦ,
2920 5625 3169 5696 γενέσθαι
3207 5625 3433 5696 ἐμμανῆ

1876 5697 2108 5768 causam,
2145 5700 2314 5768 _xat&
2347 5701 2443 5768 τῆς
2486 5700 2647 5767 ἁγίας
2701 5694 3082 5766 οἰκουμενικῆς
3117 5702 3170 5761 ς’
3206 5694 3427 5768 cuneos

1875 5766 1964 5819 καὶ
1996 5766 2316 5832 ὲξωσθέυτος
2375 5763 2557 5841 Κύρου
2580 5771 2658 5836 τῷ
2689 5777 2741 5835 ς’
2776 5763 2885 5821 ἑτεί
2927 5768 3024 5838 τῆς
3040 5763 3427 5837 ’πατριαρχίας
