4118 6440
168 377 306 443 1425

1099 381 1462 444 EPISTOLA
1482 385 1583 444 AD
1620 384 2093 449 CONSTANTIN
2107 386 2213 446 UM
2251 386 2521 447 PAPAM.

3292 380 3428 445 1426

166 490 407 543 ιναντίον
436 491 868 561 περιτραπῆναι.
898 490 1038 544 ὥστε
1087 491 1161 561 μὴ
1195 492 1455 564 ἀλλότρια
1495 494 1743 565 δόγματα

1855 508 2019 566 utque
2052 513 2172 554 eam
2206 497 2395 552 subtili
2429 497 2674 565 cogitatu
2717 495 2768 548 in
2795 492 3146 548 contrarium
3179 504 3425 551 vertere-

167 582 471 649 ἀναφανδὸν
519 583 916 653 ἐπεισαχθῆναι
961 586 1028 652 τῇ
1068 583 1388 654 Ἐκκλησία,
1424 585 1519 639 καὶ
1555 587 1741 639 τέλεον

163 674 589 745 διασαλευθῆνσι
620 676 689 727 τὰ
720 675 900 737 καλῶς
951 676 1239 746 πεπηγότα
1288 678 1385 730 καὶ
1428 679 1742 748 ἀκράδαντα

168 766 429 835 μείναντα
456 770 590 836 περὶ
638 766 736 819 τοῦ
765 767 1131 837 προκειμένου
1176 769 1277 834 τῆς
1326 770 1608 833 εὐσεϐείας
1649 770 1741 823 θε-

168 858 485 929 σπίσματα·
535 859 631 912 καὶ
669 859 788 928 ἅμα
822 859 966 928 μέγα
1018 860 1317 929 τιθέμενοι,
1354 863 1414 914 τὸ
1454 864 1548 914 καὶ
1592 865 1745 935 παρὰ

166 951 274 1002 τῶν
327 951 608 1020 πολεμίων
652 952 751 1021 τῆς
786 951 1235 1023 διονομασθείσης
1283 954 1446 1022 ἁγίας
1497 956 1741 1020 συνόδου,

163 1045 263 1114 τὴν
300 1044 420 1096 κατ’
467 1043 677 1098 ἔννοιαν
711 1045 885 1113 αὐτῆς
934 1045 1319 1115 ὁμολογεῖσθαι
1365 1048 1739 1103 διδασκαλίαν.

169 1134 333 1188 Ὅθεν
365 1134 441 1205 μὴ
475 1135 813 1206 ἀνατροπὴν,
850 1136 986 1190 ἀλλὰ
1029 1137 1318 1207 βεϐαίωσιν
1352 1139 1553 1208 μᾶλλον
1597 1142 1744 1193 ὲκεί-

167 1243 265 1292 νης
303 1225 492 1294 σαφῶς
539 1227 961 1281 ἀποδείκνυσθαι
989 1229 1143 1299 παρά
1171 1247 1235 1297 γε
1269 1234 1382 1293 τοῖς
1406 1232 1549 1298 ὐγιεῖ
1567 1249 1627 1285 τε
1652 1236 1747 1285 καὶ

167 1317 525 1388 ἁπροσκλινεῖ
557 1318 654 1387 τῆς
695 1319 805 1371 τῶν
845 1320 1187 1390 πραγμάτων
1230 1324 1611 1392 κατανοήσεως
1650 1325 1747 1391 ὀφο

172 1410 369 1480 θαλμῷ
394 1410 465 1462 τὰ
494 1410 724 1463 τοιαῦτα
750 1410 917 1464 εἰδόσι
945 1414 1195 1477 σκοπεῖν,
1230 1413 1370 1466 αὐτὰ
1403 1412 1469 1483 δὴ
1507 1414 1577 1467 τὰ
1604 1415 1745 1468 κατὰ

168 1502 267 1569 τῆς
298 1500 516 1553 συνόδου
538 1499 615 1571 τῷ
644 1502 892 1572 τυράννῳ
922 1504 1357 1574 σκαιωρηθέντα.

242 1681 316 1732 Τὸ
353 1679 464 1750 γὰρ
513 1680 797 1750 θελητικόν
826 1698 889 1734 τε
938 1684 1035 1736 καὶ
1077 1684 1430 1755 ἐνεργητικὸν
1472 1687 1593 1739 καθ’
1629 1689 1747 1740 ἑτέ-

173 1789 275 1848 ραν
302 1781 324 1808 ε
360 1770 523 1839 φύσιν
548 1772 728 1838 λέγειν
761 1772 853 1825 τὸν
884 1774 1146 1843 Χριστὸν,
1179 1776 1332 1829 οὐδὲν
1363 1777 1551 1848 ἕτερόν
1577 1782 1745 1846 ἐστιν,

1847 604 1970 642 mus
2010 605 2022 639 :
2052 604 2120 641 ne
2151 586 2287 640 adeo
2310 587 2489 640 aliena
2520 586 2774 655 dogmata
2806 585 2983 654 palam
3018 584 3074 638 in
3111 571 3423 639 Ecclesiam

1846 678 2280 739 inducerentur,
2340 691 2406 729 ac
2461 676 2677 729 tandem
2734 674 3243 737 labefactarentur,
3304 688 3427 742 qua:

1854 769 2093 824 fuissent
2125 770 2264 823 bene
2295 768 2531 831 firmata,
2566 782 2630 819 ac
2684 767 3017 821 inconcussa
3066 764 3423 824 mansissent,

1852 865 2076 932 pictatis
2108 864 2224 923 illa,
2255 863 2402 916 circa
2426 860 2734 930 subjectam
2769 860 3056 913 materiam
3079 858 3278 928 placita
3308 876 3320 911 :
3354 857 3424 911 ad

1850 954 1963 1007 ba-c
2002 969 2134 1007 vero
2166 954 2338 1022 pluris
2399 954 2505 1007 hoc
2568 952 2859 1015 facientes,
2904 961 2964 1006 ut
3012 954 3425 1020 praanoniinatae

1849 1056 2055 1098 sanctae
2085 1044 2277 1115 synodi
2309 1044 2640 1105 doctrinam,
2675 1043 2861 1096 hostes
2898 1042 3003 1112 ipsi
3052 1049 3323 1111 quantum
3355 1042 3423 1096 ad

1846 1134 2265 1204 intelligentiam
2297 1149 2361 1187 ac
2388 1148 2611 1188 sensum
2643 1132 3061 1187 confiterentur.
3126 1133 3203 1187 Ita
3239 1135 3421 1202 plane.

1851 1235 1907 1280 ut
1934 1222 2078 1297 apud
2101 1243 2222 1291 eos,
2254 1228 2346 1296 qui
2386 1240 2522 1280 sano
2552 1239 2617 1278 ac
2648 1218 2928 1279 indeﬂexa
2957 1225 3425 1280 considerationis

1850 1337 2032 1376 rerum
2062 1322 2248 1385 oculo,
2278 1336 2367 1375 res
2422 1318 2699 1388 ejusmodi
2764 1326 3043 1372 noverunt
3076 1319 3421 1387 perspicere,

1849 1412 2023 1480 palam
2050 1412 2398 1472 conficiatur,
2438 1410 2557 1479 ipsa
2588 1410 2806 1479 tyranni
2852 1408 3124 1462 adversus
3152 1406 3422 1477 synodum

1849 1502 2131 1557 molimina
2162 1518 2229 1555 ac
2259 1509 2511 1563 struem,
2557 1515 2665 1552 non
2702 1498 2755 1550 in
2788 1499 3130 1552 eversionem
3160 1538 3176 1563 ,
3239 1498 3333 1552 sed
3369 1497 3423 1550 in

1850 1596 1972 1663 ejus
2009 1594 2192 1662 potius
2224 1591 2697 1646 confirmationem
2740 1591 3000 1644 cessisse.

1922 1685 2138 1755 Quippe
2198 1684 2487 1739 Christum
2564 1681 2720 1737 fateri
2765 1680 3068 1737 secundum
3138 1688 3426 1746 utramque

1855 1785 2108 1830 naturam
2144 1773 2366 1827 volendi
2391 1788 2455 1827 ac
2488 1772 2754 1840 Operandi
2796 1770 3059 1825 facultate
3112 1770 3423 1839 praeditum,

170 1833 213 1929 η’
232 1861 326 1913 δύο
350 1833 556 1929 φυσικὰ
589 1833 892 1932 θελήματα,
920 1833 1019 1917 καὶ
1045 1833 1144 1917 δύο
1170 1867 1411 1935 φυσικὰς
1440 1833 1745 1939 ἐνεργείας,

1855 1867 1987 1921 nihil
2010 1874 2096 1920 est
2128 1866 2274 1919 aliud
2306 1880 2472 1933 quam
2509 1863 2795 1917 naturales
2815 1862 2955 1917 duas
2986 1862 3303 1915 voluntates
3334 1861 3423 1912 in-

172 1953 337 2004 νοεῖν.
381 1950 540 2004 Κατὰ
584 1952 789 2023 ταύτην
828 1953 937 2023 γὰρ
977 1955 1159 2024 ῥητῶς
1209 1956 1308 2025 τὴν
1354 1957 1596 2010 διάνοιαν
1647 1960 1747 2023 τὰς

172 2041 431 2105 τοιαύτας
464 2042 700 2096 νοεῖσθαι
750 2045 957 2113 φωνὰς,
989 2048 1047 2099 ὲν
1091 2047 1167 2116 τῷ
1198 2049 1571 2118 ἐκφωνηθέντι
1615 2052 1746 2123 παρ’

172 2134 345 2201 αὐτῆς
370 2134 480 2202 ὅρῳ
518 2136 938 2204 προεθέσπισεν.
979 2140 1012 2207 ὴ
1052 2141 1110 2191 ἐν
1132 2143 1198 2209 τῇ
1244 2140 1365 2193 καθ’
1388 2143 1534 2211 ὑμᾶς
1576 2160 1748 2212 μεγα-

172 2220 392 2272 λοπόλει
432 2221 616 2292 Ῥώμῃ
648 2225 979 2294 συναχθεῖσα
1010 2226 1228 2291 σύνοδος
1259 2230 1381 2298 ἱερὰ
1412 2232 1506 2284 ἐπὶ
1533 2231 1629 2285 τοῦ
1652 2234 1749 2301 τῆς

177 2310 481 2380 σεὸασμίας
539 2316 761 2383 μνήμης
818 2316 1133 2383 Μαρτίνου,
1190 2320 1285 2371 τοῦ
1327 2322 1426 2390 τῆς
1477 2323 1749 2393 ὑμετέρας

178 2401 1023 2475 προεδρεύσαντοςἝκκλησίας·
1064 2410 1139 2473 ὡς
1192 2412 1376 2466 ἐκεῖνα
1425 2414 1608 2482 σαφῶς
1656 2417 1750 2468 καὶ

178 2495 270 2546 ἐπὶ
306 2494 464 2564 ἡμῶν
490 2495 597 2548 τῶν
632 2497 974 2568 ἁμαρτωλῶν
1024 2504 1120 2555 καὶ
1164 2503 1488 2573 ἐλαχίστων,
1518 2506 1616 2577 τὴν
1654 2507 1749 2559 τοῦ

176 2582 317 2637 Θεοῦ
372 2586 564 2654 σοφίαν
618 2589 1016 2660 οἰκονομῆσαι,
1071 2593 1165 2647 τοῦ
1215 2597 1585 2668 δρασσομένου
1642 2600 1753 2654 τῶν

182 2675 363 2743 σοφῶν
410 2679 467 2729 ὲν
515 2682 581 2748 τῇ
638 2682 949 2753 πανουργίᾳ
984 2684 1193 2747 αὐτῶν,
1242 2687 1386 2758 ἆπερ
1431 2690 1460 2741 ό
1488 2691 1752 2759 Θεολόγος

182 2767 485 2837 Γρηγόριος
533 2770 592 2821 ὲν
641 2770 720 2841 τῷ
758 2775 837 2833 είς
883 2773 977 2826 τὸν
1015 2776 1191 2845 μέγαν
1225 2779 1504 2835 Βασίλειον
1536 2782 1752 2855 τίθησιν

180 2859 456 2929 ἐπιταφίῳ
493 2862 657 2933 λόγῳ,
688 2862 818 2917 ἔνθα
846 2866 1057 2919 ἐκεῖνον
1096 2870 1312 2938 εἰσάγει
1345 2874 1637 2945 συμϐούλῳ
1674 2876 1752 2945 τῷ

181 2948 313 3019 θείῳ
343 2950 507 3003 Δαδὶδ
544 2954 885 3022 κεχρημένον
928 2959 1021 3009 καὶ
1063 2961 1453 3031 οἰκονομοῦντα
1491 2968 1614 3029 τούς
1661 2966 1749 3019 λό·

180 3056 312 3106 γους
338 3041 505 3093 αὐτοῦ
536 3045 593 3094 ἐν
627 3044 810 3113 κρίσει
832 3063 846 3076 ·
872 3051 1266 3119 παρησυχάσαι
1297 3053 1393 3121 μὲν
1429 3054 1528 3123 τὴν
1557 3056 1753 3125 κυρίαν

181 3133 275 3183 ἐπὶ
304 3132 399 3184 τοῦ
434 3134 593 3201 ἁγίου
627 3135 946 3206 Πνεύματος
977 3139 1181 3210 φωνὴν,
1216 3143 1430 3212 ἑτέραις
1456 3145 1514 3197 δὲ
1548 3148 1752 3215 φωναῖς

180 3224 379 3277 ταυτὸν
427 3225 757 3295 δυναμέναις
803 3228 866 3280 τὸ
922 3230 1143 3292 εὐσεϐὲς
1202 3234 1490 3304 κρατύνειν
1527 3236 1626 3305 τῆς
1668 3236 1759 3288 πί-

185 3334 358 3378 στεως
389 3319 678 3386 κήρυγμα·
714 3319 895 3372 καίτοι
928 3320 990 3373 τὺ
1023 3321 1281 3393 διάφορον
1324 3326 1448 3377 ὅσον
1490 3328 1759 3398 ἑκατέρας

184 3406 518 3472 ὑποθέσεως,
572 3408 672 3476 τῆς
699 3425 759 3461 τε
809 3412 942 3481 περὶ
975 3413 1148 3482 αὐτήν
1176 3431 1321 3484 φημι
1362 3418 1460 3486 τὴν
1501 3417 1604 3487 τῆς
1638 3419 1757 3471 θεό-

183 3515 346 3561 τητος
398 3498 584 3550 πίστιν
615 3516 671 3551 τε
712 3502 808 3553 καὶ
855 3503 1170 3572 ὁμολογίαν,
1200 3507 1293 3557 καί
1332 3507 1441 3558 τῶν
1499 3510 1628 3579 περὶ
1659 3510 1758 3578 τῆς

186 3588 341 3648 θείας
382 3587 737 3657 σαρκώσεως,
790 3590 867 3654 ὼς
918 3594 948 3644 ό
995 3594 1158 3655 αὐτὸς
1185 3596 1241 3647 ὲν
1276 3597 1453 3662 ἁγίοις
1496 3598 1759 3667 Θεολὸγος

190 3679 511 3748 Γρηγόριος,
546 3682 989 3749 φροντισμάτων,
1022 3686 1122 3739 ὅσα
1150 3690 1184 3756 ἡ
1214 3687 1560 3761 λεπτομερὴς
1595 3694 1762 3761 ἀναγ-

187 3769 362 3832 καίως
391 3770 640 3840 ἐπιζητεῖ
697 3771 900 3842 θεωρία
928 3774 1062 3843 πρὸς
1097 3775 1320 3840 ἔνδειξιν
1359 3780 1455 3848 τῆς
1484 3780 1607 3833 καθ’
1635 3784 1760 3835 ἐκα-

187 3864 353 3932 τέραν
390 3862 550 3930 φύσιν
590 3863 951 3934 τελειότητος,
985 3868 1178 3921 οὐδένα
1221 3871 1287 3922 ἂν
1326 3867 1481 3941 οἶμαι
1519 3874 1756 3941 ἀγνοεῖν.

186 3955 301 4024 υύχ
330 3952 356 3992 ά
404 3954 481 4017 ὼς
507 3955 613 4007 τῶν
659 3956 791 4028 περὶ
827 3956 928 4024 τῆς
977 3956 1127 4021 θείας
1160 3960 1399 4029 φύσεως,
1445 3964 1613 4032 ἤγουν
1659 3966 1759 4035 τῆς

188 4042 456 4106 ζωοποιοῦ
489 4044 717 4115 Τριάδος
763 4045 935 4113 λόγων
964 4064 1023 4099 τε
1074 4050 1171 4102 καὶ
1199 4049 1509 4119 δογμάτων,
1559 4053 1759 4122 μᾶλλον

184 4137 247 4188 τὸ
286 4135 708 4205 προηγούμενον
756 4138 1013 4207 ἑχόντων,
1072 4140 1515 4213 ὐπερανεστηκός
1561 4161 1622 4197 τε
1665 4147 1759 4200 καὶ

189 4243 228 4277 π
233 4242 348 4295 ροτι
358 4227 486 4296 μότε
495 4244 606 4296 ρον.

256 4315 415 4368 Οὕτω
466 4318 575 4387 γὰρ
604 4318 794 4373 καὶτὰ
822 4323 943 4374 κατ’
991 4320 1344 4392 Εὐνομιανῶν
1404 4326 1535 4396 περὶ
1579 4326 1759 4380 θεολο-

188 4409 315 4475 γίας
346 4408 487 4474 λόγῳ
513 4412 785 4481 εἰρημένα
812 4413 891 4483 τῷ
920 4413 1072 4486 αὐτῷ
1096 4417 1245 4485 σοφῷ
1268 4416 1517 4489 Θεολόγῳ
1538 4420 1757 4485 ὲκδεξό-

190 4496 354 4565 μεθα,
393 4499 450 4549 ἐν
490 4493 573 4559 οἷς

189 4588 420 4657 κόσμου,
473 4592 602 4660 περὶ
662 4590 816 4659 ὕλης,
849 4598 977 4664 περὶ
1008 4593 1208 4664 ψυχῆς,
1233 4599 1362 4666 περὶ
1394 4599 1632 4666 λογικῶν
1656 4603 1759 4671 φύ-

190 4694 329 4730 σεων
362 4679 651 4750 βελτιόνων
678 4699 739 4733 τε
770 4684 864 4735 καὶ
914 4683 1197 4754 χειρόνων,
1231 4691 1359 4757 περὶ
1381 4690 1754 4758 ἀναστάσεως,

1850 1959 2135 2027 telligere,
2179 1956 2431 2025 duasque
2498 1954 2779 2008 naturales
2830 1952 3210 2022 operationes.
3249 1952 3423 2005 Sacra

1850 2050 2121 2119 siquidem
2152 2049 2398 2119 synodus
2435 2049 2490 2101 in
2527 2060 2724 2116 magna
2754 2047 2891 2099 urbe
2912 2043 3107 2109 Roma,
3132 2059 3253 2114 qum
3281 2044 3425 2112 apud

1849 2154 1947 2193 vos
1978 2145 2084 2201 est,
2115 2138 2220 2192 sub
2255 2136 2585 2191 venerabilis
2618 2135 2894 2199 memoria:
2926 2133 3163 2186 Martino
3184 2171 3199 2196 ,
3225 2130 3426 2185 deces-

1853 2242 1980 2282 sore
2002 2234 2187 2282 vestro
2217 2225 2482 2279 Romanae
2520 2225 2781 2278 Ecclesia:
2810 2223 3067 2293 prmsnle,
3097 2231 3308 2283 coacta,
3338 2237 3424 2285 ea,

1851 2334 2019 2389 quam
2053 2319 2356 2387 publicavit
2379 2318 2738 2379 definitione,
2772 2315 3077 2370 secundum
3111 2314 3260 2368 hunc
3308 2329 3429 2368 sen-

1856 2425 1979 2463 sum
2022 2409 2411 2479 intelligendas
2463 2423 2626 2463 voces
2674 2407 2973 2475 ejusmodi,
3034 2405 3166 2459 olim
3219 2404 3430 2459 diserte

1854 2500 2072 2566 sanxit;
2101 2509 2160 2552 ut
2184 2501 2237 2552 in
2268 2501 2426 2553 nobis
2453 2514 2673 2568 quoque
2706 2497 3089 2566 peccatoribus
3124 2511 3187 2550 ac
3221 2495 3423 2550 humil-

1855 2595 2023 2659 limis,
2060 2595 2111 2650 id
2160 2603 2349 2663 aperte
2382 2592 2474 2647 Dei
2506 2592 2799 2662 sapientia,
2832 2591 2925 2661 qui
2961 2589 3247 2659 sapientes
3277 2602 3430 2642 com-

1854 2687 2146 2755 prehendit
2185 2688 2241 2739 in
2270 2686 2468 2741 astutia
2491 2700 2686 2737 eorum
2718 2684 2763 2743 ⁸.
2796 2681 3027 2751 provide
3056 2680 3253 2750 egerit,
3281 2677 3428 2748 quod

1856 2779 2013 2848 ponit
2078 2776 2383 2848 Gregorius
2432 2776 2744 2844 Theologus
2782 2774 3034 2827 oratione
3067 2773 3121 2825 in
3164 2786 3426 2840 magnum

1857 2869 2144 2930 Basilium,
2177 2867 2267 2922 ubi
2296 2883 2444 2930 eum,
2487 2866 2660 2919 divini
2704 2865 2924 2920 Davidis
2975 2879 3135 2918 usum
3166 2863 3428 2925 consilio,

1854 2975 1986 3015 suos
2029 2951 2083 3014 in
2121 2961 2332 3029 judicio
2366 2959 2574 3011 inducit
2614 2958 3032 3026 dispensantem
3069 2954 3430 3018 sermones’;

1856 3068 1919 3105 ac
1958 3054 2235 3122 propriam
2261 3050 2483 3120 quidem
2518 3065 2744 3113 vocem,
2778 3048 2925 3118 quod
2961 3055 3174 3116 spectat
3214 3047 3279 3100 ad
3308 3044 3429 3114 Spi-

1860 3144 2027 3196 ritum
2057 3150 2335 3204 sanetmn,
2387 3140 2614 3195 silentio
2646 3141 2942 3208 pressisse,
2972 3140 3100 3192 aliis
3132 3153 3262 3192 vero
3288 3137 3433 3191 idem

1859 3233 2174 3286 valentibus
2199 3234 2347 3300 piam
2379 3231 2499 3285 [ἰάρὶ
2526 3231 2974 3300 praedicationem
3001 3229 3220 3284 firmare
3251 3246 3267 3284 :
3295 3240 3433 3283 tallt-

1859 3325 1963 3380 etsi
2003 3325 2277 3378 nerninem
2318 3325 2534 3377 nescire
2575 3332 2725 3391 puto,
2755 3333 3025 3391 quantum
3052 3326 3195 3376 inter
3220 3329 3434 3374 utrum-

1860 3433 1965 3484 que
2016 3424 2408 3487 argumentum
2441 3414 2676 3483 referat;
2737 3417 2916 3479 inter,
2953 3418 3220 3486 inquam,
3256 3417 3430 3485 ipsam

1860 3508 2086 3562 deitatis
2111 3508 2269 3560 fidem
2295 3522 2359 3561 ac
2390 3506 2798 3561 confessionem
2820 3546 2834 3569 ,
2868 3515 3314 3575 commentaque,
3372 3521 3437 3560 ac

1862 3599 2098 3653 subtiles
2123 3598 2493 3666 cogitationes
2519 3596 2587 3651 de
2604 3597 2791 3649 divina
2816 3597 3224 3658 incarnatione,
3242 3611 3437 3664 quein-

1861 3692 2154 3747 atlmodum
2201 3691 2280 3744 ait
2324 3690 2468 3745 idem
2503 3700 2729 3745 sanctus
2770 3691 2929 3759 Gregi
2958 3690 3072 3744 rius
3098 3689 3433 3757 Theologus,

1861 3791 2135 3854 quotquot
2203 3784 2424 3837 subtilis
2475 3783 2915 3852 contemplatio,
2968 3781 3035 3836 ad
3087 3781 3432 3850 probandam

1862 3874 2153 3943 utriusque
2182 3884 2392 3927 naturae
2422 3872 2840 3941 perfectionem,
2876 3872 3208 3926 necessitate
3250 3871 3433 3939 requi-

1863 3970 1955 4020 rlt.
1990 3965 2201 4034 Quippe
2248 3966 2421 4033 liquet
2472 3973 2532 4018 ut
2567 3979 2856 4019 sermones
2906 3978 2971 4018 ac
3009 3963 3266 4032 dogmata
3314 3977 3437 4033 spe-

1861 4059 2070 4112 ctantia
2110 4057 2177 4109 ad
2218 4056 2461 4111 divinam
2495 4065 2773 4117 naturam,
2812 4056 2861 4109 id
2899 4056 3070 4110 estad
3103 4054 3431 4108 Trinitatem

1861 4150 2174 4214 vivificam,
2226 4148 2620 4217 principaliora
2671 4159 2832 4209 sunt,
2884 4148 3262 4217 majoremquc
3295 4147 3435 4201 emi-

1862 4243 2102 4297 nentiam
2133 4255 2197 4293 ac
2226 4241 2600 4309 praestantiam
2638 4240 2862 4293 habent.

1934 4332 2025 4387 Sic
2047 4332 2193 4386 enim
2215 4334 2379 4385 etiam
2408 4333 2682 4399 accepturi
2707 4346 2898 4385 sumus
2922 4330 2991 4385 ab
3009 4330 3201 4386 eodem
3227 4332 3436 4401 sapien-

1863 4426 1903 4480 ti
1935 4424 2216 4494 Tbeologo
2273 4425 2482 4490 prolata
2536 4424 2797 4476 adversus
2845 4421 3235 4486 Eunomianos,
3278 4424 3431 4478 Orat.

629 4499 809 4553 τοιάδε
879 4503 1043 4572 φησί·
1092 4506 1420 4573 ιΦιλοσόφει
1485 4526 1576 4578 μοι
1633 4512 1751 4581 περῖ

1866 4517 1933 4570 de
1959 4515 2233 4584 theologia
2255 4516 2319 4579 ",
2343 4529 2463 4567 cum
2489 4515 2563 4568 ita
2597 4516 2707 4568 ait:
2740 4534 2757 4565 ι
2783 4514 2913 4569 Mihi
2935 4516 3002 4570 de
3028 4516 3229 4569 mundo
3254 4517 3432 4585 philu-

1866 4606 2119 4674 s0phare,
2145 4605 2215 4660 de
2248 4606 2500 4665 materia,
2526 4606 2593 4657 de
2627 4605 2831 4665 anima,
2866 4606 2933 4659 de
2952 4606 3165 4660 naturis
3188 4608 3431 4660 rationa-

1863 4696 2009 4750 libus
2031 4704 2138 4749 tam
2186 4695 2349 4749 bonis
2374 4709 2536 4762 quam
2563 4696 2721 4749 malis
2746 4696 2846 4763 (7),
2881 4696 2947 4748 de
3005 4697 3433 4757 resurrectione,

257 4790 417 4850 a.Iol).
446 4811 499 4861 v,
536 4796 636 4861 t5;
674 4794 846 4854 lCor.
876 4815 957 4865 ιιι,
984 4800 1070 4855 t9.
1148 4802 1169 4833 ’
1201 4802 1345 4859 Psal.
1372 4820 1483 4872 cxi,
1509 4807 1563 4863 5.
1627 4810 1670 4840 “
1698 4811 1847 4865 Orat.
1876 4810 1969 4866 55.

1496 4916 1730 4974 VARIIE
1775 4919 2176 4978 LECTIONES.

265 5010 287 5037 ο
321 5001 414 5053 καὶ
446 5001 736 5072 ἑκατέραν.
811 5002 837 5040 ἀ
866 5019 1099 5073 περιττ.
1131 5005 1197 5059 τὸ
1229 5008 1350 5078 οὐχ.

1699 5078 1905 5134 NOT/E

192 5161 453 5234 viderent
501 5166 714 5232 tyranni
774 5164 863 5218 illa
920 5169 1294 5234 persuasione.
1354 5167 1421 5221 Ut
1476 5170 1741 5223 charitate

194 5231 484 5301 indulserit
518 5231 751 5288 Basilius
800 5231 1181 5301 Eunomianis,
1215 5239 1380 5291 etiam
1418 5238 1744 5293 indulserint

194 5299 408 5380 praefati
440 5302 704 5380 episcopi_
732 5305 1124 5380 infirmioribus
1162 5299 1523 5380 ertbodoxis;
1573 5309 1745 5361 nihilo

196 5373 424 5443 minoris
452 5374 731 5443 momenti,
768 5383 823 5426 ut
852 5390 917 5426 ne
947 5373 1187 5443 Spiritus
1226 5386 1448 5431 sanctus
1474 5377 1749 5432 diceretur

198 5439 340 5492 Iteus
388 5442 553 5493 etiam
608 5442 795 5496 Basilii
855 5439 1031 5508 aetate,
1083 5461 1245 5512 quam
1302 5456 1460 5499 utne
1497 5446 1749 5502 Christus

194 5514 427 5562 duarum
464 5512 806 5585 voluntatum
851 5528 913 5565 ac
968 5517 1365 5582 operationum,
1419 5525 1539 5585 post
1586 5518 1748 5571 etiam

200 5594 247 5629 vi
313 5580 632 5655 synodum:
688 5580 1302 5655 utrumqne'nimirum
1362 5580 1634 5655 négative,
1689 5603 1752 5641 ac

197 5650 433 5714 quadam
500 5650 907 5710 alistractione;
957 5667 1063 5705 non
1125 5654 1268 5708 velut
1330 5650 1623 5711 contrarie.
1682 5656 1753 5710 Ut

198 5716 737 5794 aliudpeccaverint
784 5723 1023 5794 episcopi
1055 5720 1359 5794 Orientales
1410 5726 1460 5778 in
1501 5742 1551 5778 vn
1585 5743 1750 5794 syno-

197 5785 329 5840 dum
362 5787 415 5841 in
457 5788 686 5858 gratiam
719 5785 1275 5861 haeretici'principis,
1319 5810 1543 5865 eamque
1572 5785 1632 5850 se
1665 5813 1747 5851 rc-

1849 5172 2082 5241 prohare
2115 5173 2224 5225 ullo
2258 5173 2418 5226 modo
2449 5174 2681 5242 pwfessi
2728 5179 2857 5236 sint,
2890 5177 3032 5231 haud
3066 5180 3292 5233 omnino
3327 5195 3423 5235 ex-

1851 5242 2077 5320 cusandi
2123 5244 2253 5320 sint,
2314 5252 2528 5320 ta_m_ets:
2610 5246 2755 5299 illata
2815 5249 2895 5303 vis
2947 5250 3153 5302 crimen
3207 5250 3428 5319 dignum

1851 5312 2007 5389 venia
2046 5312 2198 5389 facit,
2229 5313 2371 5380 quod
2400 5313 2635 5389 .loannes
2672 5326 2861 5372 noster
2889 5321 3077 5372 multis
3103 5320 3157 5371 in
3187 5312 3426 5389 sequen-

1857 5381 1957 5434 hus
1986 5383 2200 5437 erudite
2233 5384 2493 5437 ostendit,

1929 5449 2006 5520 (Ἰ)
2050 5450 2182 5504 Tam
2232 5452 2401 5517 bonis,
2457 5471 2615 5524 quam
2656 5458 2827 5509 malis.
2882 5457 3302 5515 Manichmorttm
3339 5476 3428 5514 er-

1858 5534 2003 5583 rore,
2038 5536 2100 5592 ac
2130 5537 2316 5575 eorum
2352 5524 2445 5592 qui
2480 5528 2651 5580 mans
2705 5543 2732 5578 a
2780 5538 2977 5580 natura
3026 5529 3302 5586 daemones
3331 5532 3431 5585 do-

1859 5600 2011 5671 cent:
2038 5590 2132 5671 §ie
2163 5594 2214 5671 in
2246 5590 2471 5671 reliquis
2507 5597 2805 5671 varii_sunt
2840 5614 3079 5663 errores,
3115 5616 3256 5671 quos
3277 5604 3428 5654 velut

1862 5661 2208 5741 ttihilil‘tahet
2251 5661 2570 5741 theologus;
2597 5661 2717 5741 ejus
2766 5661 3195 5736 comparatione.
3227 5672 3319 5741 qui
3361 5674 3416 5723 in

1862 5729 1976 5796 ipsa
2170 5744 2365 5788 natura
2418 5728 2479 5788 a'c
2529 5728 2827 5802 'l'rinitate,
2887 5728 3088 5796 temere
3141 5728 3413 5796 scrutanti

1858 5808 2233 5853 committitur.
