4118 6440
710 396 842 461 1127

1805 387 2123 451 JOANNIS
2162 385 2664 446 ΡΑΤΒΙΑΗΩΗᾸΞ
2695 385 2804 448 CP.

3832 385 3954 449 1423

698 507 932 581 Iudicio,
952 504 1539 571 retributione,(3hristi
1562 501 1909 573 passionibus
1931 501 2013 554 :in
2030 499 2115 554 his
2128 501 2273 553 enim

2382 498 2637 567 κρίσεως,
2706 498 3138 562 ἁνταποδὸσεως,
3181 498 3420 570 Χριστοῦ
3482 498 3873 569 παθημάτων·
3905 502 3956 551 ὲν

703 601 1013 656 neelructu
1072 610 1227 653 vacat
1267 610 1327 653 ut
1378 612 1564 651 verum
1607 595 1942 664 assequaris.
1969 606 2070 646 nec
2118 591 2281 653 habet

702 693 1009 760 periculum
1064 698 1120 743 ut
1152 704 1391 743 exerres.
1432 707 1448 739 ι
1497 685 1620 739 llzcc
1643 686 1856 747 doctor,
1890 698 1996 736 non
2014 681 2281 751 simplici-

702 794 786 838 ter
810 784 990 852 posuit
1013 795 1075 835 ac
1096 780 1366 841 absolute,
1389 779 1483 833 sed
1503 778 1735 851 quadam
1760 774 2191 842 comparatione,
2212 771 2279 825 ad

688 889 764 933 .ea
794 889 915 941 qua
951 873 1209 927 dicuntur
1252 886 1315 925 ac
1346 879 1672 925 astruuntur
1690 868 1758 921 de
1783 866 1965 919 divina
1990 864 2278 919 Trinitate.

705 966 807 1019 l'er
837 966 985 1019 hunc
1014 966 1197 1034 itaque
1223 961 1672 1032 dispensatimiis‘
1702 965 2044 1025 eventusque
2068 972 2133 1009 ex
2167 970 2266 1009 ne-

702 1057 968 1111 cessitate
1012 1056 1257 1111 modum.
1289 1062 1439 1123 gesta
1488 1068 1705 1121 quolgue
1732 1051 1939 1119 reliqua
1977 1065 2098 1103 cum
2130 1055 2280 1103 certo

707 1145 980 1200 noveritis
1030 1144 1349 1212 procedere,
1382 1141 1741 1201 sanctissimi,
1769 1154 1835 1193 ne
1869 1141 1924 1192 in
1952 1138 2042 1193 his
2066 1138 2276 1191 crimen

706 1246 816 1286 non
848 1233 1242 1302 ignoscendum
1285 1232 1446 1285 nobis
1482 1230 1663 1297 attingi
1715 1228 2042 1298 patiamini:
2074 1228 2183 1281 imo
2229 1227 2276 1281 si

704 1323 839 1393 quid
900 1326 1253 1378 commissum
1324 1323 1571 1375 videatur
1613 1329 1803 1373 contra
1835 1318 1981 1387 quod
2008 1317 2266 1388 exigebat

708 1424 967 1467 accurata
994 1414 1157 1477 ratio,
1189 1428 1381 1466 eorum
1404 1412 1715 1473 collatione,
1749 1425 1868 1477 qua;
1894 1423 1921 1462 a
1945 1411 2154 1464 sanctis
2179 1409 2279 1462 Pa-

710 1505 887 1559 tribus
917 1520 1015 1574 per
1067 1505 1429 1558 meonomiam
1490 1509 1903 1571 processerunt,
1940 1501 2275 1571 inculpatum

706 1596 996 1659 habeatur,
1023 1604 1075 1649 et
1094 1596 1159 1648 ab
1184 1596 1335 1648 omni
1367 1594 1827 1647 condemnatione
1854 1592 2106 1649 liberum.
2137 1590 2274 1646 Nam

703 1694 761 1742 et
802 1685 1245 1754 sapientissimus
1302 1684 1540 1755 Cyrillus
1599 1684 1907 1739 oeconomia
1947 1692 2152 1745 monet,
2218 1691 2278 1736 ut

704 1791 774 1829 ne
843 1776 1159 1829 nominatim
1209 1777 1596 1843 proscribatur
1651 1773 1980 1829 Theodorus
2008 1773 2268 1842 Mopsue-

704 1873 918 1931 stenus,
977 1866 1050 1918 ita
1099 1865 1387 1935 indulgens
1426 1868 1494 1920 iis
1519 1866 1609 1935 qui
1632 1865 1811 1918 adhuc
1863 1864 2193 1918 imbecillius
2221 1864 2274 1916 in

705 1956 809 2011 hoc
836 1955 1119 2017 haberent.
1157 1969 1281 2009 cum
1330 1964 1512 2010 tamen
1578 1956 1921 2009 Nestoriana!
1950 1971 2071 2010 eum
2108 1955 2280 2009 haere-

703 2042 784 2097 sis
834 2050 1109 2096 auctorem
1158 2057 1223 2095 ac
1293 2054 1504 2113 patrem
1558 2045 1727 2113 probe
1760 2053 1965 2099 nosset.
1995 2044 2073 2099 Ac
2099 2044 2277 2113 palam

703 2133 896 2202 liquet,
937 2147 1003 2186 ex
1042 2133 1109 2189 iis
1133 2148 1257 2204 quae
1284 2134 1391 2189 hoc
1423 2144 1753 2205 argumento
1792 2136 2015 2203 scripsit
2044 2134 2108 2187 ad
2142 2150 2274 2190 san-

705 2231 852 2277 ctum
878 2222 1153 2287 Proclum,
1174 2225 1537 2278 sanctissimae
1574 2233 1777 2278 nostra:
1806 2225 2276 2293 Constantinopo-

708 2312 896 2365 litanae
931 2310 1193 2367 Ecclesiae
1226 2316 1505 2382 quondam
1537 2315 1863 2369 antistitem.
1890 2315 2079 2380 Porro,
2112 2330 2273 2384 quem

707 2402 964 2472 superius
990 2402 1397 2459 declaravimus
1418 2404 1540 2458 ﬁdei
1569 2416 1887 2474 tyrannum,
1914 2408 2274 2459 cauteriatam

707 2495 917 2550 habens
966 2495 1384 2558 conscientiam,
1414 2497 1869 2565 quemadmodum
1912 2498 2158 2567 loquitur
2189 2512 2279 2552 sa-

708 2586 1058 2641 eratissimus
1116 2584 1400 2652 Paulus",
1460 2599 1781 2643 memorata:
1849 2599 2057 2644 sanctae
2088 2601 2269 2645 sextae

709 2678 906 2747 synodi
935 2686 1185 2730 actorum
1210 2685 1388 2731 tomos
1418 2679 1475 2731 in
1525 2681 1726 2747 palatio
1778 2681 2073 2750 repositos,
2106 2696 2277 2736 ausus

708 2776 795 2824 est
823 2767 1173 2833 comburere;
1212 2775 1365 2822 ratus
1391 2770 1529 2831 fore,
1562 2779 1829 2838 quantum
1870 2771 2091 2840 quidem
2127 2774 2275 2825 vide-

712 2860 897 2923 batur,
926 2864 983 2908 ut
1003 2855 1197 2910 iisdem
1230 2857 1435 2923 pariter
1460 2855 1693 2911 dammis
1724 2872 2037 2913 sermonem
2066 2860 2274 2912 verita-

713 2950 783 3002 tis
821 2946 1087 3002 aboleret.

768 3147 1039 3203 Ceterum
1062 3147 1118 3202 in
1143 3148 1251 3202 hoc
1279 3148 1521 3203 sinentes
1551 3148 1703 3202 inani
1726 3162 1849 3202 eum
1874 3146 2277 3202 existimatione
2303 3179 2345 3235 α

2377 587 2591 653 τούτοις
2645 589 2775 661 γὰρ,
2827 592 2923 643 καὶ
2956 590 3014 644 τὸ
3051 593 3438 660 ἐπιτυγχάνειν
3488 592 3590 643 οὐκ
3658 592 3953 661 ἄχρηστον,

2378 680 2473 732 καὶ
2514 680 2576 732 τὸ
2616 680 2989 751 ἁμαρτάνειν,
3042 680 3346 734 ἀκίνδυνον.
3380 700 3397 731 ι
3429 682 3539 749 Οὐχ
3603 682 3801 742 ἁπλῶς
3860 682 3959 749 γὰρ

2375 769 2549 823 ταῦτα
2601 771 2698 824 καὶ
2752 771 3039 834 ἀπολύτως
3082 772 3333 825 τέθεικεν
3362 776 3391 825 ό
3422 772 3782 833 διδάσκαλος,
3835 774 3959 825 an

2375 859 2455 930 τῷ
2483 861 2625 914 κατὰ
2680 862 3110 932 ἁντιπαρὰθεσιν
3162 864 3327 934 λόγῳ,
3390 866 3528 935 πρὸς
3554 866 3628 917 τὰ
3672 866 3816 933 περὶ
3872 868 3959 932 τῆς

2378 952 2529 1015 θείας
2554 951 2786 1023 Τριάδος
2807 953 3078 1024 λεγόμενά
3107 972 3166 1007 τε
3186 957 3283 1008 καὶ
3310 956 3785 1025 δογματιζόμενα.
3812 957 3959 1008 Κατὰ

2375 1042 2566 1097 τοῦτον
2592 1044 2659 1114 δὴ
2686 1044 2782 1098 τὸν
2810 1046 2910 1116 τῆς
2946 1048 3301 1118 οἰκονομικῆς
3333 1050 3425 1101 καὶ
3449 1050 3595 1102 κατὰ
3633 1050 3959 1119 περίστασιν

2356 1134 2712 1212 ,συμϐάσεως
2740 1138 2967 1207 τρόπον,
2997 1141 3093 1192 καὶ
3126 1139 3193 1193 τά
3217 1140 3381 1193 λοιπὰ
3421 1141 3528 1192 τῶν
3564 1140 3960 1207 γεγενημένων

2378 1227 2662 1295 προελθεῖν
2736 1229 3075 1301 πειθόμενοι,
3128 1232 3458 1300 ἁγιώτατοι,
3494 1238 3568 1301 μὴ
3604 1232 3959 1299 ἁσύγνωττον

2378 1321 2591 1391 ἡμῖντὸ
2612 1321 2706 1374 ἐπὶ
2754 1321 2969 1387 τούτοις
3026 1323 3282 1394 ἔγκλημα
3321 1328 3702 1395 προσαγαγεῖν
3737 1326 3961 1379 καταδέ-

2378 1410 2544 1480 ξησθε
2563 1426 2579 1441 ⁸
2610 1410 2746 1464 ἁλλὰ
2768 1413 2870 1466 κὰν
2891 1430 2945 1465 τι
2973 1413 3073 1481 τῆς
3116 1412 3404 1483 ἁκριὸείας
3432 1415 3567 1484 ἡμῖν
3601 1414 3961 1483 ἡμαρτῆσθαι

2378 1500 2690 1570 ὑπονοῆται,
2721 1503 2787 1572 τῇ
2810 1500 3112 1573 παραθέσει
3139 1502 3248 1554 τῶν
3278 1504 3340 1555 ὲκ
3363 1502 3469 1555 τῶν
3508 1504 3689 1570 ἁγίων
3736 1504 3963 1572 Πατρῶν

2380 1590 2540 1658 ἡμῶν
2569 1592 2933 1661 οἰκονομικῶς
2984 1592 3355 1661 προελθόντων
3375 1633 3390 1657 ,
3423 1593 3763 1646 ἀπολυέσθω
3816 1595 3965 1645 ἀνεύ-

2379 1679 2558 1745 θυνον,
2604 1680 2699 1733 καὶ
2763 1681 2946 1750 πάσης
2991 1682 3282 1753 ἐλεύθερον
3320 1686 3735 1752 κατακρίσεως.
3822 1685 3966 1735 Ἐπεὶ

2378 1773 2471 1824 καὶ
2495 1771 2764 1841 Κύριλλος
2791 1774 2820 1826 ό
2853 1773 3193 1842 σοφώτατος,
3232 1775 3307 1844 μὴ
3340 1777 3518 1845 ῥητῶς
3568 1777 3966 1845 ἀποκηρύττε-

2380 1860 2506 1915 σθαι
2535 1863 2625 1915 τὸν
2645 1863 3025 1933 Μοψουεστίας
3058 1865 3335 1936 Θεόδωρον
3389 1869 3692 1937 παρεγγυᾷ
3717 1869 3794 1919 δι’
3827 1871 3967 1921 olm-

2378 1955 2610 2024 νομίαν,
2659 1956 3021 2026 χαριζόμενος
3076 1964 3189 2018 τοῖς
3241 1957 3319 2010 ἑτι
3377 1959 3785 2029 ἀσθᾳνέστερον
3848 1963 3969 2029 περὶ

2375 2047 2532 2099 τοῦτο
2566 2047 2949 2118 διακειμένοις,
2981 2049 3161 2101 καίτοι
3196 2050 3440 2119 ἀρχηγὸν
3473 2050 3564 2101 καὶ
3593 2052 3828 2120 πατέρα
3880 2053 3967 2119 τῆς

2376 2138 2675 2208 Νεπορίου
2736 2139 3062 2205 κακοδοξίας
3084 2142 3295 2193 ἐκεῖνον
3320 2139 3497 2203 εἰδώς.
3537 2142 3653 2192 Καὶ
3680 2142 3852 2193 τοῦτο
3886 2143 3970 2210 δι,-

2376 2229 2476 2293 λοί,
2500 2230 2569 2283 τὰ
2595 2230 2725 2301 περὶ
2757 2231 2950 2284 τούτου
2993 2233 3273 2302 γραφέντα
3313 2234 3442 2302 παρ’
3475 2232 3672 2296 αὐτοῦ,
3704 2235 3855 2302 πρὸς
3887 2235 3971 2285 τὶν

2376 2323 2435 2374 ιν
2464 2321 2641 2390 ἁγίοις
2699 2321 2962 2392 Πρόκλον,
3020 2321 3112 2374 τὸν
3166 2323 3264 2391 τῆς
3300 2322 3415 2375 καθ’
3456 2323 3603 2391 ἡμᾶς
3652 2324 3971 2392 ἁγιωτάτης

2389 2413 2715 2483 Ἐκκλησίας
2771 2414 3238 2485 προεδρεῦσαντα.
3304 2415 3413 2467 Καὶ
3463 2416 3491 2466 ὁ
3542 2415 3648 2484 μὲν
3704 2417 3972 2486 ἀνωτέρω

2376 2505 2639 2575 δηλωθεὶς
2667 2506 2769 2575 τῆς
2798 2507 3036 2570 πίστεως
3080 2509 3366 2577 τύραννος,
3398 2525 3649 2575 κεκαυτη
3662 2508 3973 2576 ριασμένην

2376 2596 2517 2665 ἔχων
2536 2597 2632 2667 τὴν
2667 2597 2807 2650 ίδίαν
2828 2599 3155 2669 συνείδησιν,
3186 2598 3366 2660 καθώς
3406 2616 3572 2667 φησιν
3610 2599 3641 2649 ό
3675 2598 3973 2665 ἱερώτατος

2377 2685 2610 2748 ῐιαῦλος,
2658 2685 3012 2739 κατακαῦσαι
3068 2688 3378 2756 τετόλμηκε
3427 2689 3553 2749 τοὺς
3608 2689 3831 2757 τόμους
3872 2688 3974 2739 τῶν

2376 2777 2784 2847 πεπραγμένων
2814 2778 2916 2847 τῆς
2956 2778 3403 2848 διονομασθείσης
3461 2780 3627 2847 ἁγίας
3651 2780 3834 2847 ἕκτης
3857 2798 3976 2831 συν-

2377 2866 2519 2933 όδου,
2551 2869 2675 2930 τοὺς
2699 2870 2758 2921 ιν
2781 2868 2862 2938 τῷ
2892 2870 3141 2939 παλατίῳ
3197 2871 3598 2940 ἀποκειμένους
3621 2912 3638 2934 ,
3700 2872 3972 2939 οἰόμενος,

2381 2959 2523 3011 κατά
2564 2976 2627 3027 γε
2667 2960 2729 3012 τδ
2778 2960 2944 3013 αὑτοῦ
3000 2960 3191 3013 δοκοῦν
3252 2962 3718 3031 συνεξαφανίζειν
3765 2965 3978 3026 τούτοις

2376 3049 2478 3119 τῆς
2498 3049 2758 3113 ἀληθείας
2795 3050 2888 3103 τὸν
2918 3050 3101 3118 λόγον.

2465 3138 2660 3209 Ἠμείς
2695 3140 2753 3192 δὲ
2786 3140 2945 3194 τοῦτο
2979 3141 3239 3205 ἐάσαντες
3268 3146 3332 3212 τῇ
3359 3142 3553 3194 ἑαυτοῦ
3585 3145 3983 3199 ὲναττατίσθαι

708 3239 907 3310 decipi,
959 3253 1024 3293 ac
1055 3240 1203 3295 velut
1238 3254 1338 3308 pro
1396 3254 1595 3308 magno
1647 3240 1898 3292 facinore
1930 3254 2030 3291 suo
2094 3237 2272 3306 ipsius

2382 3229 2573 3296 οἰήσει,
2639 3230 2733 3283 καὶ
2761 3230 2836 3294 ὡς
2882 3231 2976 3284 ἐπὶ
3035 3230 3258 3301 μεγὰλιρ
3306 3235 3414 3285 τινὶ
3470 3236 3890 3304 κατορθώματι
3922 3242 3983 3305 τῇ

709 3330 913 3399 probro
959 3329 1211 3400 gloriari,
1258 3329 1573 3398 diligentem
1625 3330 1978 3381 adhibuimus
2025 3342 2273 3397 operam,

708 3429 771 3476 ut
794 3421 957 3476 dicta:
981 3430 1183 3475 sanctae
1211 3428 1379 3474 sextae
1402 3419 1593 3489 synodi
1627 3428 1872 3474 actorum
1911 3429 2093 3473 tomos
2128 3417 2276 3487 apud

707 3528 811 3567 nos
844 3516 1135 3582 repositos,
1169 3513 1386 3567 interim
1411 3526 1781 3575 servaremus,
1808 3512 1861 3565 in
1882 3512 2084 3580 quibus
2111 3514 2277 3564 etiam

708 3602 980 3657 habentur
1011 3604 1415 3672 episcoporum,
1456 3610 1728 3670 quotquot
1758 3602 1825 3655 ad
1850 3609 2097 3656 sanetam
2129 3602 2282 3669 ejus‘

710 3691 856 3745 modi
926 3691 1198 3762 synodum
1254 3698 1649 3753 convenerunt,
1688 3692 2126 3759 subscriptiones
2173 3703 2282 3742 una

709 3796 838 3836 cum
876 3781 1223 3851 imperatoris
1261 3782 1678 3851 consignatione
1748 3796 1815 3835 ac
1868 3781 2071 3850 sigillo,
2122 3780 2284 3834 edita:

712 3872 781 3927 ab
806 3886 871 3926 ea
890 3871 1216 3927 deﬁnitione
1245 3872 1495 3940 adjectae.
1532 3871 1749 3941 Alioqui
1789 3888 1940 3937 vero,
1966 3872 2284 3940 diligentius

711 3963 919 4017 nostris
992 3964 1105 4032 jam
1171 3963 1523 4032 temporibus
1589 3975 1813 4018 cautum
1881 3973 1988 4028 est,
2036 3962 2284 4032 ejusdem

714 4052 914 4124 synodi
976 4062 1224 4109 actorum
1285 4052 1559 4107 inviolata:
1622 4052 2051 4116 conservationi,
2151 4066 2287 4121 qua-

712 4154 873 4199 tenus
930 4144 1095 4199 etiam
1148 4146 1388 4211 scriptus
1448 4145 1585 4198 liber
1637 4159 1803 4199 manu
1846 4145 2075 4213 propria
2125 4141 2285 4196 Pauli

711 4244 915 4289 sancta
967 4234 1241 4288 memoriae
1298 4236 1579 4303 quondam
1641 4232 2286 4300 Constantiimpolitanae

712 4334 914 4377 nostra:
973 4322 1232 4376 Ecclesia:
1279 4322 1553 4391 praesulis,
1612 4319 1706 4375 Dei
1776 4321 1951 4391 gratia
2006 4320 2148 4389 apud
2188 4336 2288 4373 nos

711 4423 989 4476 serratur,
1032 4413 1124 4481 qui
1157 4427 1186 4465 a
1216 4414 1445 4467 secretis
1501 4412 1801 4469 exsistcns.
1859 4410 2128 4479 ejusmodi
2160 4426 2289 4479 syn-

2377 3318 2553 3386 οίκείᾳ
2601 3319 3015 3387 συγκαυχᾶσθαι
3070 3320 3301 3391 αίσχύνῃ
3333 3361 3347 3384 ,
3397 3322 3678 3390 ἐπιμελῶς
3732 3343 3983 3394 rupe-gu-

2384 3406 2631 3477 λάξαμεν
2680 3410 2808 3472 τοὺς
2864 3410 2995 3481 παρ’
3054 3413 3186 3481 ἡμῖν
3241 3415 3648 3481 ἀποκειμένους
3706 3418 3827 3469 τῶν
3894 3436 3987 3471 πε·

2384 3500 2717 3569 πραγμένων
2750 3502 2950 3570 τόμους
2975 3501 3076 3567 τῆς
3125 3504 3576 3574 διονομασθείσης
3644 3508 3827 3573 ἁγίας
3895 3513 3987 3561 Ξκ-

2379 3606 2479 3659 της
2549 3591 2769 3643 συνόδου
2800 3631 2815 3655 ,
2884 3594 2942 3644 ὲν
3000 3588 3083 3656 οἷς
3157 3594 3252 3647 καὶ
3308 3597 3367 3647 αί
3422 3596 3531 3647 τῶν
3600 3600 3987 3653 συνελθϐντων

2381 3680 2639 3735 ἁπάντων
2700 3683 3018 3737 ἐπισκόπων
3064 3687 3121 3737 ὲν
3176 3688 3243 3756 τῇ
3294 3687 3520 3757 τοιαύτῃ
3574 3688 3720 3759 ἁγία
3778 3692 3988 3759 συνόδῳ

2384 3772 2705 3842 ὑπογραφαὶ
2774 3774 2917 3843 μετὰ
2967 3775 3066 3843 τῆς
3090 3774 3377 3845 βασιλικῆς
3409 3778 3913 3847 ὑποτημειώσεως
3936 3786 3989 3835 ἐν

2384 3859 2462 3931 τῷ
2484 3865 2616 3931 παρ’
2636 3864 2807 3931 αὐτῆς
2852 3862 3129 3916 εκτεθέντι
3163 3865 3275 3935 ὅρῳ
3310 3866 3673 3937 ὲμφέρονται.
3715 3871 3837 3923 Καὶ
3872 3875 3987 3926 Eri.

2388 3968 2496 4022 ρως
2513 3953 2590 4018 δὲ,
2623 3956 2682 4007 ὲν
2712 3954 2790 4024 τῷ
2820 3954 2945 4008 καθ’
2972 3956 3117 4025 ἡμᾶς
3134 3957 3331 4027 χρόνῳ,
3356 3958 3415 4009 τὸ
3447 3959 3781 4015 ἁδιάπτωτα
3812 3964 3983 4031 φυλα-

2386 4041 2580 4111 χθῆναι
2614 4044 2681 4096 τὰ
2708 4046 3077 4115 πεπραγμένα
3132 4047 3231 4115 τῆς
3296 4048 3465 4117 αὐτῆς
3518 4050 3697 4118 ἁγίας
3755 4054 3985 4107 συνόδου

2388 4134 2821 4206 φιλοπονώτερον
2842 4136 3266 4208 διεσπουδασθη,
3310 4141 3444 4192 καθὸ
3473 4142 3567 4192 καὶ
3599 4142 3826 4210 βιϐλίον
3860 4146 3983 4199 ίδιόο

2386 4240 2597 4293 γράφον
2656 4226 2869 4279 Παύλου
2919 4226 3014 4280 τοῦ
3056 4230 3158 4298 τῆς
3210 4231 3375 4297 ἁγίας
3428 4232 3657 4303 μνήμης
3709 4237 3981 4307 προέδρσδ

2389 4316 2669 4381 γεγονότος
2726 4317 2828 4387 τῆς
2872 4317 2996 4370 καθ’
3056 4320 3204 4388 ἡμᾶς
3262 4322 3573 4391 ἁγιωτάτης
3613 4324 3980 4395 Ἐκκλησίας,

2390 4404 2574 4474 χάριτι
2634 4405 2772 4458 Θεοῦ
2817 4405 3051 4470 σώζεται
3094 4408 3228 4478 παρ’
3258 4412 3411 4477 ἡμῖν,
3450 4410 3507 4471 ὃς
3530 4413 3859 4483 ἁσεκρῆοις
3888 4419 3978 4469 ὑπ-

712 4507 820 4558 odo
871 4505 1229 4557 ministravit.
1290 4502 1358 4556 Ut
1394 4506 1524 4557 hinc
1557 4504 1613 4556 in
1653 4512 1931 4571 posterum
1951 4516 2144 4555 secura
2174 4517 2281 4552 ma-

2391 4493 2597 4563 άρχων,
2634 4497 2691 4547 ὲν
2714 4498 2780 4565 τῇ
2811 4497 3038 4567 τοιαύτῃ
3113 4499 3315 4567 συνόδῳ
3348 4500 3845 4571 καθυπούργησεν.
3900 4510 3982 4568 Ὡς

715 4602 842 4649 neat
871 4594 964 4648 Dei
990 4593 1259 4656 Ecclesia,
1295 4594 1409 4649 fore
1454 4604 1511 4647 ut
1543 4610 1609 4648 ne
1639 4595 1764 4662 quis
1791 4608 2019 4662 prorsus
2049 4593 2287 4661 maligno

715 4684 829 4737 ullo
858 4686 1117 4747 consilio,
1146 4686 1329 4753 qualia
1368 4686 1533 4737 multa
1571 4685 1625 4737 in
1659 4685 1917 4737 humanis
1940 4692 2157 4750 tempus
2182 4698 2284 4735 no-

715 4790 845 4827 vare
888 4775 1052 4835 solet,
1097 4775 1411 4826 adulterare
1470 4772 1689 4836 audeat,
1734 4773 1814 4825 sic
1852 4772 2116 4823 continue
2156 4787 2288 4823 cena

719 4864 942 4932 scripta,
999 4871 1058 4915 ut
1089 4863 1301 4931 praefati
1365 4878 1577 4926 sumus,
1639 4869 1841 4915 sancta:
1894 4872 2061 4915 sextae
2089 4842 2284 4930 sy‘nodi

719 4963 862 5019 acta,
896 4967 995 5006 nec
1039 4952 1094 5005 in
1132 4954 1267 5006 alios
1292 4962 1545 5007 auctores
1589 4953 1765 5021 possit
1796 4951 2125 5005 veteratoria
2164 4959 2282 5003 arte

723 5044 951 5099 referre.
978 5043 1190 5113 Quippe
1228 5044 1467 5097 futurum
1521 5052 1628 5103 est,
1667 5051 1726 5093 ut
1760 5045 1975 5095 sincera
2039 5042 2285 5108 nihilque

680 5135 1027 5211 _adulterata
1076 5135 1305 5197 veritas,
1364 5149 1430 5187 ex
1478 5133 1755 5198 ejusmodi
1791 5132 1929 5183 libro
1953 5132 2286 5185 luculentius

724 5226 980 5280 omnibus
1031 5226 1206 5296 palam
1244 5226 1356 5278 ﬁat.
1400 5224 1616 5278 Etenim
1669 5238 1831 5277 verus
1873 5237 2075 5291 praeses
2102 5223 2289 5283 u‘oster

727 5334 792 5372 ac
848 5316 1121 5377 Salvator,
1186 5316 1449 5369 Dominus
1509 5313 1670 5369 Jesus
1710 5312 1990 5373 Christus,
2020 5310 2168 5363 haud
2222 5310 2288 5364 ad

728 5410 946 5477 longum
1005 5418 1240 5477 tempus,
1291 5408 1551 5476 patientia
1619 5407 1671 5458 in
1740 5402 2054 5471 hujusmodi
2088 5401 2291 5464 ferens.

730 5496 969 5549 dormire
1026 5496 1287 5550 sustinuit
1314 5496 1376 5547 ¹².
1404 5497 1714 5563 Exsurgens
1738 5493 2024 5561 siquidem,
2071 5508 2169 5547 sua
2199 5492 2295 5545 bo-

738 5587 907 5641 nitate
940 5600 1002 5639 ac
1036 5588 1259 5650 virtute,
1292 5602 1439 5641 nunc
1461 5602 1681 5655 quoque
1712 5586 1907 5639 ﬂuctus
1945 5584 2289 5654 increpavit;

816 5760 861 5794 “
896 5762 916 5817 ι
952 5758 1091 5817 Tim.
1126 5762 1272 5823 ιι·,2.
1352 5762 1389 5790 ¹¹
1418 5760 1604 5813 Malth.
1644 5774 1757 5822 vni,
1786 5757 1878 5810 96.

2390 4585 2454 4636 ἐκ
2482 4586 2674 4638 τούτου
2706 4587 2768 4639 τὸ
2796 4588 3037 4656 ἀσφαλὲς
3076 4591 3169 4641 καὶ
3193 4592 3251 4641 ὲν
3272 4593 3383 4650 τοῖς
3410 4594 3549 4659 μετὰ
3571 4596 3756 4647 ταῦτα
3784 4602 3856 4667 τῇ
3892 4600 3981 4651 τεῦ

2389 4674 2523 4728 Θεοῦ
2552 4675 2851 4747 Ἐκκλησία
2873 4682 3178 4747 προσεῖναι,
3211 4682 3305 4732 τοῦ
3340 4682 3411 4749 μή
3446 4698 3569 4733 τινα
3607 4684 3730 4736 τῶν
3761 4692 3983 4740 πάντων

2390 4766 2647 4838 κακονοίᾳ
2668 4768 2795 4832 τινὶ,
2832 4763 2921 4821 οἶα
2954 4770 3125 4822 πολλὰ
3157 4775 3503 4840 καινοτομεῖν
3543 4774 3754 4828 εἴωθεν
3785 4781 3851 4831 ἐν
3875 4784 3984 4838 τοῖς

2390 4854 2695 4925 ἀνθρώποις
2724 4858 2753 4910 ὀ
2785 4860 2997 4929 χρόνος,
3052 4862 3403 4914 ὑπονοθεύειν
3447 4864 3783 4937 ἁποτολμᾷν
3809 4871 3888 4921 τὰ
3914 4874 3984 4931 ὡς

2394 4948 2751 5015 προλέλεκται
2812 4950 3056 5019 συνεχῶς
3080 4953 3449 5023 πεπραγμένα
3475 4954 3575 5023 τῆς
3610 4958 3787 5024 ἁγίας
3816 4962 3985 5027 ἕκτης

2393 5038 2649 5100 συνόδου,
2688 5039 2722 5109 ἢ
2752 5042 3107 5112 κακοτρόπως
3170 5044 3382 5113 ἑτέροις
3430 5046 3497 5097 τὰ
3557 5048 3801 5102 τοιαῦτα
3870 5055 3987 5103 ἐπι-

2393 5130 2653 5198 φημίζειν
2668 5130 2945 5187 δύνασθαι.
2974 5133 3047 5187 Τὸ
3067 5135 3175 5203 γὰρ
3190 5136 3631 5206 ἁπαρὰγραπτόν
3651 5156 3717 5190 τε
3741 5143 3841 5193 καὶ
3861 5147 3987 5211 γνή-

2397 5236 2510 5272 σιον
2539 5221 2635 5287 τῆς
2680 5220 2958 5292 ἀληθείας,
2989 5226 3084 5277 καὶ
3107 5228 3171 5277 ἐκ
3193 5226 3289 5278 τοῦ
3319 5227 3569 5278 τοιούτου
3598 5229 3825 5297 βιϐλίου
3860 5236 3987 5285 πᾶςι

2396 5309 2739 5380 δειχθήσεται
2793 5314 3191 5385 φανερώτερον.
3238 5315 3456 5387 Ἐπειδὴ
3491 5316 3521 5368 ό
3561 5318 3788 5390 ἀληθὴς
3833 5324 3989 5391 ἡμίν

2399 5401 2698 5470 ἐπιστάτης
2728 5402 2821 5453 καὶ
2851 5403 3039 5473 Σωτὴρ
3073 5405 3101 5455 ὁ
3124 5404 3328 5475 Κύριος
3376 5405 3590 5475 Ἰησοῦς
3626 5408 3879 5479 Χριστὸς
3906 5414 3989 5463 ἐπὶ

2403 5490 2539 5543 πολὺ
2562 5493 2627 5561 τῇ
2677 5493 2734 5543 ὲν
2762 5492 2972 5561 τούτοις
3033 5496 3198 5563 ἀνοχῇ
3267 5494 3472 5548 ὑπνοῦν
3524 5498 3633 5550 οὐκ
3685 5501 3987 5569 ἠνέσχετο,

2398 5580 2709 5646 διαναστὰς,
2739 5586 2801 5652 τῇ
2822 5583 2998 5653 οῖκεία
3030 5584 3325 5677 ἁγὲθὸτητι
3359 5586 3452 5639 καὶ
3505 5588 3780 5659 δυνάμει,
3810 5594 3989 5645 ἐπετί-
