4118 6440
191 390 322 455 “20

1069 386 1429 446 EPISTULA
1457 386 1553 443 AD
1591 382 2185 447 CONSTANTINUM
2226 388 2496 448 PAPAM.

3296 394 3433 460 1430

189 525 329 579 μησε
377 508 471 561 καὶ
531 506 625 560 νῦν
660 506 737 577 τῷ
760 504 1013 565 κλυόὦνι,
1038 504 1098 557 οὺ
1124 502 1218 556 τοῦ
1252 503 1465 565 ὓδατος,
1494 499 1632 554 ἀλλά
1660 497 1753 551 τοῦ

1859 518 1970 557 ιιοη
1999 518 2156 573 aquae
2185 504 2333 567 illus,
2376 504 2471 560 sed
2500 504 2672 575 iniqui
2726 514 2979 561 conatus.
3010 507 3089 562 Ac
3136 509 3431 577 procellam

183 600 426 669 ἀθέσμου
475 600 877 669 ἐγχειρήματος
902 590 928 626 ”
953 596 1044 649 καὶ
1091 594 1182 647 τὸν
1247 593 1344 662 μὲν
1386 590 1635 661 χειμῶνα
1657 591 1756 658 τῆς

183 691 291 743 τῶν
329 688 668 759 Ἐκκλησιῶν
714 688 884 756 ζάλης
947 685 1256 739 κατέπαυσε
1292 701 1304 712 ·
1343 682 1655 751 ἐδωρήσατο
1702 681 1759 732 δὲ

184 786 318 853 ἡμῖν
345 783 447 853 τὴν
479 781 722 851 μεγάλην
748 780 858 833 τῶν
889 780 1231 850 πραγμάτων
1262 775 1526 845 γαλήνην,
1557 771 1757 855 εὑσεϐξ]

184 874 410 944 βασιλέα
458 875 552 926 καὶ
586 873 730 927 κατά
794 872 972 925 πάντα
1035 872 1313 941 ἐνάρετον,
1370 866 1670 937 ὲφάμιλλόν
1698 883 1757 918 τε

182 966 280 1019 καὶ
298 966 452 1032 ἄξιον
481 964 577 1019 τοῦ
615 965 783 1035 ὕψους
817 966 917 1035 τῆς
958 964 1261 1034 βασιλείας,
1292 961 1628 1030 κεκτημένον
1659 962 1758 1029 τῆς

180 1059 495 1130 ὀρθοδοξίας
538 1059 629 1112 τὸν
657 1057 838 1127 ζῆλον,
887 1057 981 1111 καὶ
1027 1054 1135 1107 τῶν
1181 1053 1399 1123 τρόπων
1420 1051 1481 1104 τὺ
1508 1051 1755 1120 κόσμιον,

182 1152 525 1224 φερωνύμως
550 1151 938 1220 ἀναστήσαντα
969 1148 1100 1218 ἡμῖν
1148 1146 1248 1215 τὴν
1296 1142 1758 1212 ἐκκλησιαστικὴν

180 1244 409 1315 εἰρήνην
437 1260 499 1296 τε
531 1242 622 1297 καὶ
653 1242 929 1312 ὁμόνοιαν.
984 1236 1333 1307 Πεποίθαμεν
1354 1235 1411 1287 δὲ
1442 1233 1519 1304 τῷ
1550 1234 1757 1303 ταύτην

180 1335 317 1404 ἡμῖν
340 1333 717 1405 χαρισαμένῳ,
748 1332 831 1386 ὅτι
859 1330 955 1383 καὶ
982 1328 1091 1383 τῶν
1124 1327 1223 1396 τῆς
1268 1326 1542 1388 πολιτείας
1609 1341 1754 1395 πραο

183 1425 413 1495 γμάτων
434 1425 532 1495 τὴν
552 1425 841 1494 ἀνέγερσιν
857 1424 992 1493 ἡμῖν
1012 1418 1381 1489 ὲπωνυμικῶς
1402 1417 1753 1488 προοιμιάζεο

178 1532 293 1571 ται.

263 1699 456 1769 Ὑμεῖς
521 1693 633 1764 οὖν,
665 1691 711 1751 ὦ
742 1698 868 1767 ίερά
899 1698 1129 1768 κεφαλὴ,
1161 1699 1229 1766 τῇ
1263 1698 1321 1748 ὲν
1343 1697 1471 1765 ὑμῖν
1516 1694 1753 1765 διορατι-

182 1788 414 1857 κωτάτῳ
460 1787 691 1857 δυνάμει
721 1787 815 1839 τοῦ
848 1784 1185 1857 Πνεύματος,
1215 1784 1314 1855 τὴν
1339 1785 1497 1854 χεῖρα
1530 1784 1632 1853 τῆς
1663 1783 1753 1835 εὐ-

1863 594 2082 662 quidem
2133 602 2302 649 aestus
2338 594 2705 652 Ecclesiarum
2759 596 3005 663 sedavit;
3037 598 3268 653 indulsit
3301 615 3434 654 vero
3464 622 3467 623 ν

1865 700 2116 755 magnam
2145 702 2329 742 rerum
2360 688 2832 757 tranquillitatem,
2865 690 3016 759 pium
3065 690 3304 760 largiens
3331 691 3433 745 im-

1862 784 2197 845 peratorem,
2231 792 2294 832 ac
2320 778 2470 831 omni
2501 777 2701 833 virtute
2732 788 2988 833 ornatum
3020 780 3224 845 virum,
3274 780 3431 848 plane

1862 869 2089 937 dignum
2145 868 2358 936 imperii
2401 870 2625 932 vertice,
2660 868 2818 937 eique
2848 870 3269 939 respondentem
3330 869 3433 923 ba-

1862 959 2083 1025 beutem
2121 960 2297 1012 zelum
2332 959 2652 1014 orthodoxae
2692 959 2840 1024 ﬁdei,
2881 974 2946 1015 ac
2990 975 3205 1014 morum
3263 960 3434 1014 bone-

1862 1059 2081 1116 statem,
2142 1049 2239 1119 qui
2292 1064 2389 1119 pro
2420 1050 2660 1103 nominis
2700 1051 2937 1114 ratione,
2993 1050 3430 1106 ecclesiasticam

1862 1138 2018 1193 nobis
2057 1153 2243 1208 pacem
2299 1147 2353 1193 et
2385 1141 2741 1193 concordiam
2787 1141 2940 1195 velut
2969 1148 3237 1195 mortuam
3277 1151 3431 1210 post-

1862 1230 2073 1284 liminio
2132 1230 2498 1284 suscitaverit.
2552 1230 2725 1286 Porro
2763 1231 3090 1286 conﬁdimus
3137 1242 3432 1302 praestante

1861 1335 1949 1384 eo,
2014 1321 2107 1390 qui
2140 1336 2258 1376 eam
2299 1322 2752 1391 tranquillitatem
2810 1323 3043 1394 largitus
3088 1330 3192 1388 est,
3229 1331 3286 1377 ut
3324 1326 3430 1378 rei-

1863 1412 2095 1482 publica:
2163 1413 2485 1467 aﬂlictarum
2540 1429 2722 1468 rerum
2784 1416 3269 1482 resurrectionem,
3331 1432 3431 1485 pro

1862 1507 1945 1558 sui
1979 1506 2350 1575 appellatione
2396 1505 2659 1571 nominis,
2713 1506 3054 1562 instaurator
3108 1507 3331 1561 inchoet
3365 1520 3431 1560 ac

1860 1595 2199 1650 exordiatur.
2242 1660 2247 1667 ‘

1933 1686 2044 1744 Vos
2106 1689 2312 1758 itaque,
2346 1702 2379 1742 0
2412 1702 2631 1743 sacrum
2692 1694 2882 1757 caput,
2913 1689 3219 1758 perspicaci
3246 1689 3337 1743 illa
3372 1690 3426 1744 iu

1859 1779 2017 1834 vobis
2044 1781 2245 1834 virtute
2279 1780 2529 1848 spiritus,
2560 1779 2777 1833 blandae
2812 1780 2866 1833 in
2894 1795 2997 1834 nos
3053 1780 3428 1837 inclinatiouis

185 1850 543 1947 [LEVOﬁC'ﬂpJV
574 1850 907 1939 ἐκτείνοντες
933 1850 1283 1947 ἐπικλήσεως
1337 1850 1542 1945 πραείᾳ
1568 1850 1749 1945 έπαφῇ

1855 1870 2218 1925 extendentes
2248 1884 2492 1935 manum,
2531 1870 2638 1924 leni
2687 1880 2947 1926 contactu
2974 1872 3273 1942 reciprocae
3329 1888 3429 1942 per

178 1968 490 2038 ἀμοιϐαίων
553 1969 897 2037 γραμμάτων
959 1966 1102 2020 κατά
1155 1966 1246 2019 τὸν
1299 1964 1751 2036 ἐκκλησιαστικὸν

180 2056 404 2126 θεσμὸν,
452 2057 617 2124 ἠγουν
646 2058 712 2126 τῇ
740 2056 849 2109 τῶν
899 2054 1318 2109 άντισυνοδικῶν
1366 2054 1662 2124 ἀποστολῇ,
1690 2053 1753 2107 τὸ

177 2148 280 2217 τῆς
331 2147 552 2216 ἀγάπης
607 2149 978 2218 προσάγοντες
1040 2147 1334 2216 φάρμακον
1367 2145 1429 2197 τὸ
1455 2145 1662 2198 λυποῦν
1692 2146 1749 2200 ὲν

175 2240 312 2309 ἡμῖν
355 2239 450 2291 καὶ
511 2237 845 2306 ὑποσφύζον,
896 2236 1228 2307 θεραπεῦσαι
1277 2236 1636 2289 σπουδάσατε.
1675 2235 1749 2288 Οὐ

177 2333 290 2401 γάρ
351 2330 467 2382 ἐστί
522 2346 653 2381 ποτε
708 2328 892 2392 ἄνεσις
922 2331 986 2398 τῇ
1016 2329 1185 2398 ψυχῇ,
1222 2328 1255 2397 ἢ
1290 2330 1401 2390 τοῖς
1452 2326 1751 2397 ὀφθαλμοῖς

178 2421 507 2492 ἐπιϐήσεται
538 2419 724 2483 ὕπνος,
759 2420 853 2473 καὶ
890 2419 1199 2481 ἀνάπαυσις
1229 2419 1341 2479 τοῖς
1363 2417 1681 2487 κροτάφοις,
1713 2416 1747 2485 ἢ

176 2516 295 2577 τοῖς
324 2512 616 2584 βλεφάροις
639 2512 797 2583 ἡμῶν
822 2511 1274 2581 νυσταγμὸς,ἓως
1302 2510 1367 2564 ἂν
1396 2510 1495 2580 τὴν
1519 2509 1750 2563 καθόλου

178 2605 504 2675 θεασώμεθα
524 2605 620 2658 τοῦ
659 2604 794 2658 Θεοῦ
836 2604 1189 2673 Ἐκκλησίαν,
1214 2601 1329 2668 τὴν
1359 2603 1611 2668 ἑνότητα
1645 2602 1751 2656 τοῦ

177 2697 520 2765 πνεύματος
566 2697 659 2749 καὶ
710 2690 867 2759 αὖθις
886 2695 957 2748 ἐν
986 2694 1065 2758 τῷ
1092 2693 1419 2762 συνδέσμῳ
1446 2693 1557 2761 τῆς
1590 2693 1752 2762 εἰρή-

177 2804 294 2853 νης
318 2786 712 2849 διασώζουσαν.
745 2786 855 2838 Καὶ
911 2786 1020 2853 γάρ
1062 2785 1270 2837 ἐκείνου
1317 2785 1470 2845 ὄντες
1512 2782 1753 2852 μαθηταὶ

179 2877 281 2929 καὶ
302 2877 562 2946 διάδοχοι,
583 2877 680 2929 τοῦ
711 2879 862 2948 παρά
888 2875 984 2929 τοῦ
1011 2878 1216 2948 Κυρίου
1246 2874 1579 2938 ἀκούσαντος
1605 2890 1621 2905 ο
1650 2875 1749 2928 Σί·

170 2983 326 3036 μωνο
385 2968 608 3034 Σίμων,
659 2966 846 3020 ίδοὺό
878 2966 1151 3031 Σατανᾶς
1206 2965 1547 3035 ἐξῃτήσατο
1597 2963 1755 3036 ὑμᾶς

177 3054 453 3109 σινιάσαι
509 3055 589 3121 ὡς
637 3056 744 3108 τὸν
793 3055 967 3110 σῖτον
999 3071 1013 3086 ·
1055 3055 1169 3126 ἐγὼ
1209 3056 1278 3109 δὲ
1317 3056 1573 3124 ἐδεήθην
1620 3056 1756 3126 περὶ

176 3147 318 3213 σοῦ,
349 3149 451 3201 ἵνα
477 3148 559 3217 μὴ
580 3149 832 3217 ἐκλείπῃ
868 3151 905 3217 ἠ
933 3151 1138 3216 πίστις
1174 3166 1291 3205 σου
1325 3167 1339 3182 ο
1367 3152 1463 3205 καί
1493 3152 1574 3205 σύ
1604 3165 1751 3205 ποτε
1777 3190 1819 3248 C

176 3240 575 3308 ἐπιστρέψας,
603 3242 894 3309 στήριξον
910 3242 1052 3308 τοὺς
1084 3243 1389 3311 ἀδελφούς
1410 3256 1546 3297 σου.
1565 3243 1749 3312 ὐφει-

177 3330 333 3383 λέται
398 3332 542 3393 ὲστὲ,
595 3332 927 3402 θεοτίμητοι,
959 3333 1028 3385 τά
1054 3334 1172 3403 μὲν,
1233 3333 1326 3385 τοῦ
1363 3334 1499 3403 πρὸς
1520 3334 1751 3404 ἐπανόρ-

178 3421 350 3473 θωσιν
405 3422 713 3492 στηριγμοῦ
756 3424 987 3490 ἐπάγειν
1043 3425 1337 3495 ἐπιμελῶς,
1391 3426 1460 3477 τὰ
1503 3426 1595 3487 δὲ,
1648 3426 1748 3494 τῆς

178 3514 503 3583 συμπαθοῦς
546 3514 770 3586 γνώμης
835 3518 1249 3588 προχειρότερον
1304 3519 1503 3588 μᾶλλον
1532 3521 1749 3590 χαρίζε-

176 3607 327 3659 σθαι.
375 3607 528 3660 Ἐπεὶ
587 3609 681 3660 καὶ
744 3609 834 3661 τὸν
868 3613 1166 3678 κορυφαῖον
1199 3611 1381 3673 αὐτὸν,
1408 3613 1471 3664 ὲκ
1505 3611 1596 3665 τοῦ
1626 3612 1748 3664 καθ’

175 3698 373 3749 ἑαυτὸν
431 3699 726 3768 προτρέπει
769 3702 797 3752 ὁ
840 3700 1067 3770 Κύριος,
1130 3701 1428 3755 συνειδέναι
1493 3703 1592 3773 μὲν
1648 3703 1749 3772 τῆς

176 3789 386 3855 σαρκὸς
415 3790 513 3858 τὴν
562 3789 850 3844 ἀσθένειαν
874 3808 889 3822 ·
925 3794 1050 3854 τοὺς
1078 3794 1133 3846 δὲ
1164 3795 1279 3848 κατ’
1315 3796 1584 3865 ἐπήρειαν
1640 3796 1749 3849 τῶν

176 3878 620 3942 ἐκτὸς,όλίσθου
696 3882 903 3951 τροπὴν
960 3884 1358 3953 ὑπομείναντας
1402 3927 1417 3952 ,
1481 3886 1616 3939 καθὸ
1682 3888 1747 3957 δὴ

176 3969 451 4022 πέπονθεν
506 3969 600 4022 καὶ
652 3970 815 4035 αὐτὸς
842 3974 900 4024 ὲν
939 3972 1016 4043 τῷ
1061 3974 1155 4027 τοῦ
1221 3977 1493 4048 σωτηρίου
1542 3977 1747 4041 πάθους

175 4057 378 4128 καιρῷ,
416 4058 491 4130 μὴ
527 4060 932 4130 ἀποστελῆσθαι
967 4074 990 4101 ο
1024 4066 1122 4133 τῆς
1188 4067 1307 4118 κατ’
1372 4068 1748 4139 ἐπανόρθωσιν

175 4146 315 4219 πρὸς
341 4147 441 4217 τὴν
470 4149 743 4218 προτέραν
760 4149 1027 4203 ἀπάθειαν
1050 4152 1571 4218 ἀποκαταστάσεως.

251 4236 359 4291 Καὶ
420 4238 579 4292 τοῦτο
601 4240 681 4304 δὲ,
705 4242 804 4311 τὴν
865 4244 1015 4313 ἱεράν
1059 4244 1213 4314 ὑμῶν
1280 4247 1498 4316 μνήμην
1532 4248 1611 4319 μὴ
1628 4249 1749 4303 δια-

175 4329 450 4398 φευγέτω,
485 4330 560 4393 ὣς
583 4348 726 4393 τινες
760 4332 867 4385 τῶν
894 4333 1228 4389 καθελόντων
1255 4336 1346 4389 τὸν
1369 4338 1547 4407 ἀσεϐῆ
1574 4340 1747 4393 Εὐτυ-

174 4421 280 4491 χέα
338 4422 432 4473 ἐπὶ
485 4422 579 4475 τοῦ
637 4424 738 4491 τῆς
789 4426 950 4492 ἁγίας
982 4434 1202 4497 μνήμης
1240 4431 1565 4494 Φλαϐιανοῦ,
1592 4434 1649 4486 ἐν
1679 4435 1747 4503 τῇ

1852 1964 2067 2019 litteras
2096 1964 2282 2034 gratiae
2308 1963 2464 2033 juxta
2494 1961 2748 2018 Ecclesiae
2778 1954 2971 2034 legem,
3001 1962 3057 2017 id
3101 1972 3206 2028 est,
3242 1965 3428 2019 missis

1851 2054 2101 2109 vicissim
2134 2054 2436 2124 synodicis,
2472 2054 2787 2110 dilectionis
2818 2054 3122 2109 remedium
3152 2054 3426 2109 adhiben-

1855 2157 1954 2211 tes,
1984 2146 2129 2217 quod
2154 2146 2209 2200 in
2237 2145 2397 2199 nobis
2427 2144 2674 2200 dolorem
2715 2143 2868 2210 facit,
2896 2160 2960 2200 ac
2994 2145 3189 2200 subtus
3219 2145 3424 2215 pulsat,

1854 2238 2110 2294 festinate
2165 2252 2382 2292 curare.
2433 2235 2589 2290 Nulla
2626 2237 2901 2307 siquidem
2940 2237 3137 2291 animae
3172 2237 3427 2291 remissio

1852 2342 1958 2397 est,
1994 2346 2094 2386 nec
2126 2345 2357 2386 somnus
2388 2330 2567 2384 oculis
2594 2331 2660 2394 ¹³,
2691 2338 2785 2382 aut
2818 2328 3037 2399 requies
3063 2329 3423 2400 temporibus,

1850 2425 1938 2480 vel
1989 2424 2270 2495 palpebris
2334 2423 2658 2478 dormitatlo
2697 2422 2883 2492 aliqua
2943 2421 3426 2485 insidebit,doncc

1853 2517 2053 2571 iterum
2106 2518 2412 2571 universam
2492 2514 2590 2568 Dei
2642 2513 2949 2569 Ecclesiam
3023 2515 3211 2569 videre
3265 2512 3429 2567 liceat

1853 2618 2164 2665 servantem
2224 2611 2481 2663 unitatem
2551 2608 2774 2677 spiritus
2833 2608 2891 2660 in
2948 2606 3156 2661 vinculo
3181 2605 3420 2673 pacis“.

1853 2703 2070 2758 Etenim
2104 2718 2229 2756 eum
2261 2703 2383 2771 ejus
2412 2702 2533 2756 sitis
2578 2700 2839 2770 discipuli
2862 2709 2917 2755 et
2943 2712 3300 2755 successores
3332 2699 3425 2767 qui

1854 2808 1884 2847 a
1923 2793 2155 2847 Domino
2212 2792 2420 2846 audivit
2452 2808 2464 2843 :
2499 2790 2705 2855 Simon,
2757 2789 2942 2846 Simon
2978 2805 2997 2843 :
3044 2805 3161 2843 ecce
3191 2788 3427 2842 Satanas

1853 2884 2097 2950 expetivit
2129 2898 2216 2935 vos
2246 2892 2300 2935 ut
2329 2881 2585 2934 cribraret
2621 2881 2757 2934 sicut
2805 2879 3041 2933 triticum
3070 2895 3089 2943 ;
3118 2894 3212 2947 ego
3252 2885 3428 2929 autem

1855 2992 1951 3044 pro
1986 2984 2033 3027 te
2067 2974 2248 3044 rogavi
2300 2982 2358 3025 ut
2413 2989 2517 3025 uou
2543 2971 2757 3040 deﬁciat
2792 2970 2924 3039 ﬁdes
2956 2978 3159 3034 tua;et
3211 2976 3269 3021 tu
3322 2967 3427 3020 ali-

1855 3063 2064 3136 quando
2119 3078 2418 3125 conversus,
2456 3063 2715 3131 conﬁrma
2749 3062 2946 3128 fratres
3002 3070 3117 3113 tuos
3166 3060 3237 3124 ι’,
3269 3059 3429 3128 plane

1854 3154 2069 3210 debetis
2142 3169 2172 3207 a
2226 3152 2337 3207 Deo
2378 3151 2656 3216 honorati,
2718 3165 2844 3205 cmn
2902 3164 2965 3203 ea
3021 3148 3206 3204 studio
3270 3148 3429 3202 adhi-

1853 3246 2013 3310 bere,
2061 3260 2183 3315 quae
2229 3251 2358 3298 sunt
2384 3242 2847 3297 conﬁrmationis“
2865 3240 2935 3295 ad
2958 3240 3427 3303 emendationem,

1852 3345 1968 3391 tum
1991 3352 2113 3406 qua:
2135 3334 2534 3404 compatientls
2566 3335 2733 3387 animi
2765 3331 3093 3402 propensive
3116 3331 3425 3386 ostendere.

1850 3426 1987 3481 Nam
2028 3435 2083 3481 et
2142 3426 2444 3495 principem
2494 3424 2672 3493 ipsum
2701 3438 2766 3478 ac
2816 3423 3191 3491 apostolorum
3241 3431 3427 3491 caput,

1852 3521 2110 3573 admonet
2169 3517 2435 3571 Dominus
2463 3531 2528 3569 ex
2558 3516 2626 3570 iis
2658 3530 2779 3585 quae
2803 3515 2858 3569 in
2884 3530 2953 3568 eo
2994 3514 3343 3578 acciderunt,
3370 3521 3431 3566 ut

1852 3610 1967 3680 ipse
2030 3608 2249 3679 quidem
2305 3607 2494 3662 carnis
2561 3606 2935 3661 inﬁrmitatem
2993 3606 3291 3676 intelligat;
3333 3621 3429 3661 eos

1851 3710 2031 3756 autem
2056 3702 2147 3771 qui
2212 3710 2435 3755 externa
2467 3702 2705 3770 quadam
2742 3699 3003 3753 violentia
3028 3714 3091 3753 ac
3115 3699 3317 3752 insultu
3359 3698 3427 3752 ad

1850 3805 2038 3846 casum
2072 3791 2295 3860 impulsi
2359 3790 3087 3859 fuerunt,quemadmodum
3109 3790 3227 3860 ipse
3258 3790 3425 3845 etiam

1850 3898 2047 3954 passus
2105 3891 2193 3936 est
2220 3883 2325 3937 sub
2378 3890 2596 3952 tempus
2632 3882 2892 3937 salutaris
2932 3882 3232 3950 passionis,
3278 3881 3427 3937 haud

1852 3977 1927 4031 ita
1959 3977 2182 4036 habere.
2216 3984 2273 4028 ut
2336 3990 2406 4029 ne
2442 3975 2643 4046 prioris
2702 3982 2883 4053 status
2924 3974 2991 4029 ab
3036 3973 3426 4029 all‘ectiouibus

1849 4068 2006 4123 vacui
2037 4066 2473 4131 absolutionem,
2504 4066 2888 4122 emendatione
2921 4066 3139 4120 valeant
3162 4065 3422 4135 recipere.

1918 4254 2030 4308 Nec
2064 4252 2197 4308 illud
2229 4268 2361 4307 vero
2390 4266 2546 4307 saera
2573 4258 2756 4307 vestra
2796 4249 3333 4313 memoria-excidat,
3364 4256 3429 4304 ut

1852 4348 2110 4401 nimirum
2154 4345 2401 4399 nonnulli
2458 4358 2675 4410 eorum,
2708 4343 2801 4412 qui
2840 4342 2943 4397 sub
2980 4348 3188 4396 sanctae
3216 4356 3426 4396 memo-

1851 4441 1946 4495 riae
2005 4437 2264 4492 Flaviano
2323 4438 2550 4506 impium
2594 4434 2893 4504 Eutychem
2924 4433 3305 4500 damnassent,
3366 4433 3424 4487 in

181 4510 329 4579 μετὰ
358 4510 529 4563 ταῦτα
577 4512 669 4563 ἐπὶ
696 4515 991 4584 Διοσκόρου
1027 4518 1083 4570 ὲν
1122 4516 1331 4586 Ἐφέσῳ
1394 4519 1617 4589 συνόδῳ,
1658 4520 1750 4573 τὸν

1855 4530 2125 4600 Ephesina
2197 4528 2547 4598 postmodum
2602 4525 2813 4597 synodo
2854 4525 2923 4579 ab
2958 4524 3242 4590 Dioscoro,
3273 4540 3421 4588 eum,

174 4600 406 4663 ἐνδίκως
469 4602 872 4673 κατακριθέντα
897 4606 1313 4673 δικαιώσαντες,
1336 4609 1438 4678 τὴν
1478 4611 1747 4664 ἀδικωτά-

171 4709 279 4761 την
309 4694 624 4761 ἐπήρτησα-θ
675 4694 961 4765 Φλαϐιανῷ
988 4697 1066 4767 τῷ
1105 4701 1515 4769 μακαριωτάτῳ
1575 4704 1745 4756 κατά-

173 4799 359 4853 κρισιν
380 4797 393 4811 ·
425 4784 521 4835 καὶ
574 4784 723 4853 ὅμως
750 4787 806 4837 ἐν
845 4789 910 4855 τῇ
940 4788 1078 4840 κατὰ
1108 4788 1426 4860 Χαλκηδόνα
1462 4792 1591 4861 ἁγίᾳ
1618 4810 1744 4846 συν-

171 4870 285 4939 όδῳ
334 4869 537 4940 ἢρκεσε
580 4872 791 4935 τούτοις
833 4875 970 4942 πρὸς
1022 4876 1236 4930 τελείαν
1298 4880 1618 4952 ἀποτροπὴν
1646 4884 1741 4937 τοῦ

172 4960 527 5029 ἐγκλήματος
552 4962 585 5031 ὴ
612 4963 710 5031 τῆς
769 4965 957 5030 ὑγιοῦς
1014 4969 1302 5037 ὁμολογίας
1344 4972 1618 5040 σύνθεσις,
1652 4978 1749 5029 καὶ

171 5051 239 5103 οὐ
259 5051 470 5103 πολλῶν
522 5055 652 5121 περὶ
693 5054 886 5110 τούτου
942 5057 1166 5128 ἐδέησαν
1205 5062 1385 5113 πόνων
1425 5064 1521 5115 καὶ
1547 5065 1744 5132 λόγων.

173 5135 303 5194 Οἵδε
321 5140 429 5211 γάρ
456 5142 723 5214 άδελφικὴ
743 5146 964 5219 στοργὴ,
988 5150 1061 5219 μὴ
1088 5151 1318 5205 ἐπιπολὺ
1343 5154 1749 5210 ἀναϐάλλεσθαι

173 5233 240 5286 τὸ
266 5234 403 5302 πρὸς
456 5234 553 5287 τοῦ
590 5236 759 5300 πέλας
808 5244 1075 5309 προσηνὲς
1101 5244 1195 5297 καί
1230 5245 1515 5316 μειλίχιον.
1563 5250 1747 5303 Ταῦτα

171 5321 290 5392 “rip
350 5325 463 5387 τοῖς
488 5324 548 5377 ὲν
592 5327 731 5398 αὐτῇ
760 5333 826 5399 τῇ
855 5331 911 5382 ὲν
942 5332 1243 5403 Χαλκηδόνι
1307 5337 1743 5409 συνειλεγμένοις

1854 4618 2114 4689 quijuste
2151 4617 2550 4670 condemnatus
2573 4614 2793 4677 fuisset,
2817 4613 3026 4683 justum
3062 4614 3424 4683 pronuntian-

1855 4716 1959 4773 tes,
2022 4708 2170 4761 omni
2205 4707 2418 4776 plenam
2478 4704 2752 4773 iniustitia
2780 4703 3266 4757 condenmationis
3296 4717 3427 4757 sen-

1854 4799 2079 4854 tentiam
2111 4796 2165 4850 in
2216 4795 2592 4850 beatissimqu
2632 4793 2954 4847 Flavianum
2999 4794 3239 4848 tulerint.
3272 4794 3308 4847 li
3340 4796 3426 4849 ni-

1854 4890 2156 4944 hilominus
2215 4888 2351 4941 satis
2399 4886 2713 4940 habuerunt
2765 4886 2818 4938 in
2868 4893 3060 4940 sancta
3119 4885 3423 4940 Chalcedo-

1853 4981 2009 5035 nensi
2063 4978 2295 5050 synodo,
2355 4976 2420 5029 ad
2458 4975 2699 5047 perfecte
2754 4976 3147 5047 depellendum
3187 4978 3421 5041 crimen,

1856 5079 1915 5124 ut
1971 5086 2120 5125 sanae
2192 5068 2530 5123 confessioni
2582 5083 2872 5124 assensum
2930 5069 3266 5138 praeberent,
3323 5085 3425 5123 nec

1854 5162 2042 5215 multis
2104 5161 2170 5214 ad
2216 5164 2316 5214 hoc
2350 5158 2634 5216 laboribus
2660 5159 2953 5229 verbisque
3000 5160 3081 5214 eis
3130 5174 3267 5226 opus
3297 5160 3422 5215 fuit.

1855 5252 2068 5319 Quippe
2118 5251 2269 5305 norit
2312 5248 2594 5305 fraternus
2644 5264 2799 5305 amor
2830 5266 2937 5305 non
2977 5250 3069 5305 diu
3100 5250 3319 5304 diﬁ‘erre
3348 5254 3425 5305 le-

1860 5342 2085 5395 uitatem
2148 5343 2198 5394 iu
2254 5340 2585 5409 proximum,
2644 5354 2707 5396 ac
2749 5340 2984 5398 blandos
3040 5357 3243 5399 mores.
3300 5341 3424 5397 Haec

255 5498 301 5530 “
331 5499 469 5555 Psal.
503 5516 686 5569 cxxxt,
712 5505 764 5558 4.
847 5507 889 5538 ³³
917 5505 1115 5578 Ephes.
1141 5524 1189 5564 Iv
1243 5510 1296 5563 2.
1378 5514 1418 5546 ⁸⁸
1450 5513 1585 5567 Luc.
1614 5530 1745 5581 xxu,
1780 5516 1869 5570 5i.

1443 5667 1671 5723 γΑιιιιΕ
1714 5668 2113 5724 LECTIONES.

254 5779 279 5809 ο
313 5768 440 5842 ch.
475 5771 927 5843 ἀποστερεῖσθαι.
