4118 6440
720 393 848 460 1431

1809 399 2131 462 JOANNIS
2175 395 2687 458 ΡΑΤΒΙΑΒΟΙΙιΕ
2726 398 2836 459 CP.

3867 398 3974 461 “32

713 514 860 566 enim
895 515 1286 571 sanctissimus
1316 512 1426 570 Leo
1478 514 1738 568 Patrihus
1783 515 2133 570 Chalcedone
2171 528 2308 567 con-

2422 511 2662 583 Πατράσι
2695 512 2848 566 Λέων
2869 514 2896 566 ό
2927 512 3234 582 ἀγιώτατος
3291 513 3648 577 διεστεῆατο,
3680 513 3710 564 ὁ
3747 513 3849 582 τῆς
3874 514 3970 564 καθ’

712 605 961 673 gregalis
1016 609 1267 674 mittens,
1317 618 1518 664 vestra:
1557 610 1651 663 ille
1683 610 1998 678 apostolicae
2023 607 2308 670 Ecclesiae,

711 699 848 766 quin
883 707 938 753 et
966 701 1211 755 universi
1248 703 1404 757 orbis
1423 703 1798 757 clarissimum
1835 703 2041 765 lumen,
2074 702 2130 754 in
2157 701 2308 754 hunc

714 792 940 846 modum
997 794 1222 864 scripsit
1252 796 1335 848 ηε
1369 814 1388 846 ι
1419 795 1524 849 Sed
1594 797 1724 866 quia
1779 797 1952 850 multa
1986 810 2152 864 saepe,
2187 807 2310 863 quae

718 885 1127 951 paenitudinem
1184 889 1404 956 possint
1469 903 1774 957 generare,
1838 887 2214 956 proveniunt,
2254 891 2311 940 et

717 977 1154 1047 snperatculpas
1173 979 1608 1049 delinquentium
1635 978 2013 1032 misericordia
2045 977 2164 1038 Dei.
2188 977 2312 1030 ideo

717 1069 1080 1136 suspenditur
1139 1070 1300 1134 ultio,
1352 1080 1414 1124 ut
1473 1072 1651 1140 possit
1682 1071 1862 1123 locum
1890 1069 2093 1123 habere
2121 1081 2313 1123 corre-

716 1159 850 1213 ctio.
885 1178 906 1212 ι
968 1161 1050 1214 Ad
1079 1161 1196 1215 haec
1228 1178 1362 1217 vero
1398 1163 1562 1217 etiam
1616 1165 1703 1232 pie
1730 1161 2138 1218 recordationis
2169 1161 2311 1215 scri-

719 1252 855 1306 bens
878 1251 1184 1309 Pnlcherim
1202 1254 1481 1324 Augustae,
1509 1257 1561 1309 in
1582 1257 1816 1327 epistola
1849 1255 2009 1324 cujus
2042 1254 2258 1309 initium
2294 1269 2308 1304 :

726 1362 744 1394 ι
765 1343 1096 1412 Religiosam
1133 1339 1656 1402 clementire‘vestrze
1673 1347 2124 1411 sollicitudinem,
2146 1360 2310 1416 quam

719 1437 1007 1491 catholic:e
1061 1437 1185 1492 lidei
1227 1439 1610 1495 indesinenter
1672 1440 2015 1510 impenditis,
2044 1458 2062 1490 ι
2091 1443 2310 1510 ejusce-

722 1525 871 1578 modi
961 1528 1158 1580 scribit
1211 1529 1718 1598 principalissimus
1782 1529 1985 1585 Leonis
2039 1532 2307 1584 animus:

729 1631 748 1668 ι
779 1617 938 1672 Sicut
1001 1620 1146 1674 enim
1175 1635 1204 1673 a
1237 1622 1514 1691 principio
1548 1622 1710 1692 hujus
1757 1637 1944 1678 causa:
1980 1622 2313 1692 frequentis-

723 1709 862 1764 sime
917 1712 1142 1781 scripsi,
1184 1713 1328 1768 hanc
1375 1714 1522 1769 inter
1552 1715 1842 1770 discordes
1870 1731 2072 1771 sensus
2104 1725 2158 1771 et
2189 1731 2309 1769 ear-

726 1803 884 1857 nales
918 1805 1299 1860 aamnlationes
1349 1808 1791 1861 moderationem
1821 1809 1966 1862 volui
1999 1809 2308 1874 custodire,

725 1902 786 1948 ut
818 1895 1136 1966 integritati
1170 1899 1393 1967 quidem
1422 1900 1545 1954 ﬁdei
1578 1901 1713 1954 nihil
1745 1901 1926 1966 evelli,
1961 1901 2098 1955 nihil
2127 1902 2319 1956 liceret

725 1987 950 2054 apponi,
1011 1988 1080 2042 ad
1132 1990 1403 2045 unitatem
1473 2006 1604 2045 vero
1679 2007 1984 2061 pacemque
2038 1993 2322 2046 redeunti-

725 2078 850 2139 bus,
885 2080 1190 2135 remedium
1224 2084 1398 2137 venize
1424 2092 1812 2152 praestaretur.
1846 2084 1982 2151 Quia
2018 2094 2149 2138 tunc
2183 2099 2320 2154 ope-

726 2183 845 2222 rum
903 2171 1105 2225 diaboli
1166 2177 1421 2242 potentias
1494 2176 1884 2239 destruuntur,
1930 2190 2058 2230 cum
2101 2174 2169 2229 ad
2228 2175 2320 2231 Dei

728 2263 1078 2332 proximique
1137 2265 1486 2322 dilectionem
1520 2267 1805 2321 hominum
1853 2266 2026 2322 corda
2051 2281 2322 2322 revocan-

729 2364 842 2410 tur.
882 2375 901 2407 ι
965 2356 1080 2412 Iloc
1135 2359 1314 2429 ipsmn
1375 2361 1536 2432 longe
1593 2363 1764 2415 etiam
1827 2363 1986 2432 prius
2038 2363 2323 2416 invenitur

730 2455 1023 2514 praestasse
1099 2449 1154 2502 in
1208 2451 1414 2506 divinis
1494 2460 1790 2506 accuratus
1850 2453 2110 2524 Cyrillus,
2173 2453 2226 2506 in
2259 2468 2323 2507 ea

729 2552 893 2608 quam
949 2539 1302 2595 habnitcmn
1369 2543 1644 2614 episcopis
1707 2545 2087 2600 Orientalibus
2140 2545 2320 2600 disce-

730 2631 977 2696 ptatione
1033 2633 1462 2704 studiorumque
1509 2635 1788 2690 conﬂictu.
1844 2635 2056 2705 Quippe
2097 2635 2322 2704 ἠρκε-

729 2722 1045 2777 damnatum
1077 2723 1392 2780 Nestorium
1424 2729 1708 2782 absolvere
1753 2727 2023 2791 volentes,
2048 2727 2323 2796 latamque

731 2815 786 2868 in
815 2831 940 2869 eum
999 2818 1331 2871 sententiam
1365 2825 1681 2888 satagentes
1729 2817 1940 2871 irritam
1979 2816 2182 2881 facere,
2208 2831 2320 2870 rem

733 2917 1204 2978 praesumpserunt
1255 2910 1485 2964 minime
1531 2909 1850 2975 ferendam;
1885 2911 2019 2978 quin
2080 2910 2322 2963 maximo

733 3015 793 3053 se
825 2999 1034 3054 scelere
1088 3002 1589 3068 constrinxerunt;
1627 3003 1834 3072 quippe
1866 3003 1959 3070 qui
2020 3001 2184 3055 beato
2217 3003 2322 3072 (2y-

733 3092 879 3153 rillo.
914 3107 980 3146 ac
1014 3095 1138 3162 ejus
1165 3092 1380 3165 synodo
1415 3096 1712 3148 anathema
1748 3095 2012 3148 dixerint.
2046 3092 2318 3147 Caeterum

2412 609 2558 679 ὑμᾶς
2612 607 2981 677 ἀποπολικῆς
3043 606 3338 678 καθέδρας,
3373 606 3577 677 μᾶλλον
3605 605 3663 658 δὲ
3687 604 3797 672 τῆς
3823 605 3973 656 olm..-

2415 701 2586 772 μένης
2646 700 2870 769 ἀπάσης
2915 699 3234 769 φανώτατος
3290 699 3550 769 λαμπτὴρ
3582 697 3772 750 τοιάδε
3803 714 3975 766 γεγρα-

2412 792 2530 862 φώς
2560 809 2573 822 ·
2609 811 2628 844 ι
2688 791 2830 846 Ἀλλ’
2865 794 2989 846 ἐπεὶ
3045 791 3216 845 πολλά
3264 791 3556 860 συμϐαίνει
3613 790 3882 853 πολλάκις
3923 796 3974 842 τὰ

2410 885 2695 956 δυνάμενα
2727 885 3024 956 μετάνοιαν
3083 886 3357 956 ἐμποιεῖν,
3383 885 3476 937 καὶ
3501 887 3530 937 ὁ
3553 885 3708 946 ἕλεος
3738 883 3838 936 τοῦ
3865 882 3974 936 Θεῖί

2410 981 2541 1050 νικᾷ
2592 978 2703 1034 τῶν
2751 979 3186 1049 ἁμαρτανόντων
3247 977 3317 1029 τά
3372 976 3862 1046 πλημμελήματα,
3907 977 3976 1027 δια

2411 1069 2592 1134 τοῦτο,
2650 1069 2721 1124 τά
2761 1071 2862 1140 τῆς
2910 1067 3186 1140 τιμωρίας
3226 1069 3286 1120 ὲν
3316 1068 3614 1138 ἀναρτήσει
3642 1065 3971 1124 καθίσταται,

2413 1161 2565 1224 ὅπως
2596 1160 2664 1215 ἂν
2687 1160 2875 1232 χώραν
2925 1162 3070 1231 ἔχειν
3097 1162 3130 1226 ἡ
3167 1160 3454 1231 διόρθωσις
3514 1159 3804 1228 δυνηθείη.
3831 1177 3850 1208 ι
3880 1159 3977 1210 Ἔτι

2419 1259 2526 1326 μὴν
2552 1255 2648 1307 καὶ
2683 1255 2992 1325 Πουλχερίᾳ
3012 1255 3080 1325 τῇ
3107 1253 3207 1324 τῆς
3246 1252 3503 1315 εὐσεϐοῦς
3535 1251 3750 1321 λήξεως
3784 1252 3976 1319 γράφων

2415 1353 2474 1404 ἐν
2503 1347 2786 1420 ἐπιστολῇ,
2815 1344 2884 1418 ἧς
2903 1350 2936 1417 ή
2962 1346 3103 1417 ἀρχὴ
3122 1389 3137 1413 ,
3184 1367 3202 1399 ι
3227 1346 3342 1416 Τὴν
3373 1346 3596 1414 θεοφιλῆ
3654 1344 3764 1411 τῆς
3823 1346 3982 1411 ὑμετέ-

2416 1458 2518 1513 ρας
2563 1439 2978 1509 φιλανθρωπίας
3006 1438 3287 1508 φροντίδα,
3312 1439 3380 1508 ἢν
3409 1441 3473 1507 τῇ
3505 1437 3780 1505 καθολικῇ
3827 1438 3978 1486 πίπτει

2413 1532 2766 1588 ἀδιάλειπτον
2795 1531 3126 1598 ἀπονέμετε,
3143 1551 3161 1582 ι
3186 1530 3364 1583 τοιάδε
3390 1531 3600 1598 (“sive
3627 1528 3982 1599 ἀρχικώτατος

2415 1625 2509 1678 τοῦ
2543 1625 2773 1686 Λέοντος
2801 1622 2928 1685 νοῦς
2953 1639 2967 1652 ο
3004 1640 3022 1673 ι
3055 1621 3326 1692 Καθάπερ
3366 1623 3475 1689 γὰρ
3508 1622 3566 1686 ἐξ
3595 1621 3784 1690 ἀρχῆς
3807 1619 3982 1687 ταύτης

2413 1717 2517 1786 τῆς
2542 1715 2854 1772 ὑποθέσεως
2884 1715 3192 1783 συχνότατα
3215 1715 3499 1784 γέγραφα,
3534 1711 3751 1781 ταύτην
3801 1712 3979 1778 μεταξῦ

2414 1807 2524 1861 τῶν
2547 1824 2608 1860 τε
2624 1807 2865 1876 διχονοου
2875 1805 2983 1858 σῶν
2997 1803 3272 1867 διανοιῶν,
3295 1805 3388 1856 καὶ
3409 1804 3521 1856 τῶν
3542 1802 3836 1872 σαρκικῶν
3852 1803 3984 1870 ζηλο-

2424 1900 2635 1954 τυπιῶν
2654 1901 2754 1971 τὴν
2773 1899 3078 1952 ἐπιείκειαν
3105 1895 3368 1968 βούλομαι
3384 1895 3759 1965 φυλαχθῆναι’
3783 1895 3912 1946 ῶστε
3933 1898 3986 1961 τῇ

2428 1991 2527 2061 μὲν
2547 1990 2846 2060 τελειότητι
2865 1991 2965 2054 τῆς
2993 1989 3234 2050 πίστεως
3264 1986 3432 2057 μηδὲν
3462 1987 3672 2047 ἐξεῖναι
3702 1983 3986 2055 1290:1505,-

2425 2099 2536 2145 ναι,
2589 2083 2726 2152 μήτε
2759 2081 2868 2151 μὴν
2911 2079 3281 2149 ἀφαιρεθῆναι
3315 2093 3329 2106 ο
3363 2079 3476 2138 τοῖς
3501 2075 3558 2127 δὲ
3590 2075 3740 2146 πρὸς
3770 2077 3869 2144 τὴν
3895 2077 3990 2126 ἐνό-

2424 2193 2562 2246 τητα
2593 2175 2687 2228 καλ⁵
2712 2174 2810 2242 τὴν
2843 2174 3073 2244 εἰρήνην
3125 2168 3431 2233 ὲπανιοῦσι,
3456 2170 3517 2221 τὸ
3546 2167 3654 2238 τῆς
3681 2169 3991 2237 συγτοὼμπς

2428 2266 2568 2336 ίαμα
2625 2264 3067 2335 παρασχεθῆναι.
3130 2262 3352 2331 Ἐπειδὴ
3423 2260 3547 2313 τότε
3598 2259 3674 2311 τὰ
3733 2259 3872 2330 ἔργα
3919 2259 3993 2309 τε]

2425 2359 2675 2412 διαϐόλου
2723 2355 3094 2428 δυνατώτερον
3149 2354 3563 2426 καθαιροῦνται,
3591 2353 3732 2405 ὅταν
3756 2352 3891 2421 πρὸς
3915 2352 3996 2417 τὴν

2424 2452 2520 2506 τοῦ
2547 2451 2683 2505 Θεοῦ
2706 2451 2801 2504 καὶ
2824 2450 2922 2504 τοῦ
2948 2449 3182 2520 πλησίον
3206 2450 3450 2518 ἀγάπην,
3479 2448 3535 2500 αί
3561 2446 3678 2499 τῶν

2426 2545 2806 2599 ἀνακαλῶνται
2827 2544 3070 2616 καρδίαι.
3099 2563 3118 2596 ι
3140 2544 3282 2596 Αὐτὸ
3303 2542 3360 2596 δὲ
3382 2542 3548 2597 τοῦτο
3575 2540 3723 2594 πολὺ
3753 2541 3998 2609 πρότερον

2428 2639 2524 2692 καὶ
2564 2637 2834 2708 Κύριλλος
2862 2639 2891 2691 δ
2921 2636 3159 2707 ἀκριϐὴς
3219 2636 3351 2705 περὶ
3383 2635 3453 2688 τά
3483 2635 3603 2687 θεία
3653 2633 4001 2700 πεποιηκέναι

2427 2733 2742 2803 εὑρίσκεται
2801 2732 2896 2785 ἐπὶ
2949 2734 3016 2801 τῇ
3095 2730 3206 2783 τῶν
3270 2727 3633 2782 ’Δνατολικῶν
3700 2723 4002 2778 ἐπισκόπων

2428 2825 2566 2895 πρὸς
2628 2823 2794 2876 αὐτὸν
2853 2823 3077 2887 διενέξει
3103 2839 3165 2875 τε
3190 2822 3286 2874 καὶ
3341 2812 3686 2873 ἀντιστάσει.
3733 2816 4005 2872 ’Δπολὺειν

2427 2915 2535 2984 γὰρ
2565 2914 2951 2984 κατακρίσεως
2973 2913 3176 2965 ἐκεῖνοι
3205 2902 3523 2981 βουλομένοι
3560 2909 3659 2960 τὸν
3696 2907 4003 2974 Νεστόριον.

2427 3010 2523 3061 καὶ
2575 3007 2675 3076 τὴν
2706 3007 2794 3058 ἐπ’
2819 3004 2968 3076 αὐτῷ
3017 3004 3199 3074 ψῆφον
3257 3001 3499 3072 ἀκυροῦν
3550 3000 3925 3063 σπεύδοντες,
3958 2997 4007 3048 οὗ

2428 3101 2644 3172 φορητά
2695 3100 3134 3170 τετολμήκασιν,
3181 3098 3318 3151 ἀλλά
3370 3097 3632 3165 μέγιστον
3688 3094 4009 3161 εἰργάσαντο

729 3184 785 3265 is
817 3199 1038 3253 quoque
1085 3195 1411 3255 promptum
1452 3185 1732 3248 adhibuit,
1800 3185 2054 3252 nihilque
2102 3184 2318 3238 dillicile

2428 3193 2830 3266 πλημμέλημα.
2885 3192 3056 3246 Αὐτὸν
3098 3193 3211 3262 γάρ
3232 3191 3325 3243 τὸν
3387 3188 3670 3259 μακάριον
3732 3183 4008 3254 Κῦριλλω.

735 3275 1038 3329 remedium
1077 3291 1089 3325 :
1123 3275 1228 3330 hoc
1286 3291 1458 3330 unum
1496 3276 1905 3331 satisfactionis
1934 3277 2058 3330 loco
2085 3276 2320 3344 exigens

736 3374 797 3417 ιιι
855 3365 1118 3418 nimirum
1180 3366 1251 3420 iis
1317 3381 1440 3435 qua:
1489 3366 1725 3420 fuissent
1764 3366 2031 3438 synodice
2075 3366 2320 3428 decreta,

745 3457 947 3525 pieque
972 3456 1221 3523 detinita,
1247 3472 1537 3512 assensum
1566 3465 1913 3528 praestarent,
1939 3457 2323 3527 sancitamque

737 3550 791 3602 in
845 3549 1070 3618 impium
1123 3550 1521 3605 confirmarent
1543 3552 1996 3616 damnationem;
2031 3552 2084 3605 in
2118 3565 2214 3605 eas
2241 3551 2326 3603 in-

739 3638 902 3692 terim
932 3640 1106 3694 totius
1157 3640 1344 3708 gaudii
1392 3641 1584 3710 plenas
1617 3656 1786 3696 voces
1817 3647 2209 3710 prorumpente
2237 3655 2327 3693 eo-

739 3731 865 3785 dem
901 3732 1021 3802 ipso
1049 3732 1259 3786 deifero
1292 3733 1478 3797 Patre,
1528 3748 1671 3803 quas
1701 3743 1860 3803 putet
1891 3732 2095 3802 aliquis
2123 3733 2322 3795 dictas,

741 3825 892 3878 velut
945 3825 1063 3894 ipse
1119 3825 1307 3894 potius
1361 3826 1581 3881 veniam
1623 3833 1775 3880 esset
1832 3833 2169 3880 consecutus
2226 3839 2324 3893 pro

739 3918 944 3988 quibus
1000 3917 1341 3982 offendisset,
1395 3933 1564 3989 quam
1632 3920 1703 3973 iis
1740 3918 2090 3983 indulsisset,
2126 3918 2220 3987 qui
2251 3918 2326 3970 ita

739 4009 1108 4065 oﬂendissent
1142 4029 1156 4065 :
1197 4029 1216 4060 ι
1255 4009 1537 4065 Lzelentur
1599 4014 1772 4076 enim,
1839 4012 2038 4081 inquit,
2092 4010 2239 4074 caeli,
2271 4017 2327 4064 et

739 4103 982 4158 exsultet
1008 4111 1154 4156 terra
1187 4121 1201 4157 ε
1229 4103 1441 4158 medius
1467 4103 1653 4173 paries
1677 4103 1933 4158 maceriae
1967 4103 2189 4158 solutus
2218 4111 2324 4167 est,

742 4208 808 4247 ac
832 4193 1084 4263 cujusvis
1108 4195 1324 4263 generis
1349 4195 1566 4249 sublata
1599 4195 1906 4261 dissensio,
1929 4195 2321 4251 universorum

740 4284 1028 4342 Salvatore
1055 4285 1276 4342 Christo
1310 4287 1574 4343 Ecclesiis
1606 4290 1724 4343 suis
1759 4303 1945 4357 pacem
1975 4289 2270 4357 largiente.
2301 4305 2321 4338 ›

739 4377 917 4434 Porro
964 4379 1133 4434 etiam
1193 4380 1412 4434 habetis
1463 4394 1564 4435 vos
1589 4396 1617 4432 a
1649 4379 1761 4434 Deo
1787 4379 1980 4440 amati,
2009 4379 2220 4432 firmam
2250 4380 2328 4434 Ie-

739 4473 1120 4543 gitimamque,
1152 4487 1218 4527 ac
1269 4473 1586 4528 nullatenus
1641 4474 2014 4542 repellendam
2043 4473 2326 4526 defensio-

737 4580 888 4631 nem,
937 4581 1068 4636 qua,
1137 4565 1369 4620 omnino
1431 4581 1528 4637 per
1587 4567 1796 4619 illatam
1855 4567 1964 4619 vim
2025 4566 2324 4619 commissa

736 4654 977 4711 offensio
1012 4654 1285 4709 abolenda
1319 4656 1428 4718 sit;
1465 4669 1658 4722 puram
1709 4654 1970 4708 nimirum
2023 4669 2086 4707 ac
2117 4653 2323 4707 claram

737 4757 906 4802 recta:
945 4744 1072 4800 ﬁdei
1123 4745 1564 4799 confessionem.
1607 4743 1686 4798 Ne
1713 4761 1872 4815 ergo,
1903 4760 1936 4798 ο
1961 4745 2130 4809 beati,
2167 4743 2325 4797 tarde

738 4837 1006 4908 pigreque
1035 4838 1101 4891 ad
1126 4852 1224 4891 eos
1258 4837 1566 4891 habueritis
1613 4851 1758 4906 quos
1791 4837 1947 4891 vobis
1972 4836 2325 4890 consociatos

738 4946 805 4984 ac
859 4928 1142 4986 individue
1199 4930 1436 5000 Spiritali
1466 4931 1887 4999 conspiratione
1930 4946 1996 4986 ac
2022 4929 2322 4984 concordia

735 5021 952 5076 habetis
1016 5021 1380 5091 conjunctos;
1419 5036 1519 5076 nec
1576 5022 1644 5076 iis
1683 5022 2033 5078 attendentes
2065 5039 2188 5094 quae
2225 5038 2322 5092 per

734 5115 846 5168 vim
877 5123 1093 5182 patrata
1162 5124 1318 5179 sunt,
1349 5129 1468 5166 eam
1521 5128 1720 5184 passos
1751 5129 1780 5167 a
1811 5124 1996 5168 vestra
2024 5116 2322 5171 dilectione

734 5206 916 5261 velitis
963 5206 1250 5276 repellere,
1286 5214 1381 5259 aut
1416 5215 1758 5277 reputarent
1813 5209 2090 5269 inimicos,
2127 5225 2322 5278 quem-

735 5297 1028 5351 admodum
1081 5299 1158 5351 ait
1202 5296 1426 5353 divinus
1477 5299 1778 5368 Apostolus
1804 5300 1870 5362 ¹⁸,
1927 5301 2023 5355 sed
2066 5303 2321 5355 consola-

734 5387 871 5440 mini
928 5394 989 5442 ut
1053 5387 1274 5454 fratres,
1337 5391 1698 5444 ostendentes
1780 5391 2111 5454 imitatione,
2169 5393 2318 5462 quod

733 5479 984 5532 divinum
1033 5489 1142 5534 est.
1200 5480 1438 5534 Omnino
1487 5483 1788 5551 siquidem,
1842 5485 2215 5553 sanctissimi,
2252 5501 2318 5540 ex

735 5572 973 5627 Aaronis
1028 5573 1207 5627 sancti
1243 5571 1460 5628 Domini
1509 5575 1743 5628 historia
1769 5576 1810 5606 ¹⁹
1841 5581 2125 5645 pensaturi
2159 5578 2317 5642 estis,

736 5672 796 5715 ut
817 5662 1035 5718 divinus
1064 5664 1186 5734 ipse
1208 5664 1474 5735 Spiritus,
1527 5667 1853 5736 consignata
1888 5669 2066 5722 sacris
2100 5669 2316 5738 paginis

811 5843 854 5872 “
877 5840 1054 5911 Epist.
1089 5839 1177 5896 47.
1259 5845 1298 5875 ⁸⁷
1333 5843 1507 5911 Epist.
1543 5841 1629 5905 51,
1657 5860 1705 5896 ιε.
1749 5846 1801 5895 2.

1890 5845 1927 5874 ⁸⁸
1956 5839 2317 5907 |lTliCsS.iIi,
2352 5843 2433 5898 ll.

2425 3290 2518 3342 καί
2572 3289 2672 3358 τὴν
2719 3286 2844 3340 κατ’
2896 3284 3061 3339 αὐτὸν
3111 3281 3520 3352 ἀνεθεμάτισαν
3558 3278 3817 3331 σύνοδον.
3871 3272 4011 3326 Ἀλλὰ

2424 3381 2678 3442 κάκεῖνος
2709 3381 2934 3448 ταχεῖαν
2980 3377 3076 3430 καὶ
3104 3377 3206 3428 οὐκ
3245 3373 3458 3445 ἐργώδη
3494 3371 3905 3440 προσηγάγετο
3931 3366 4012 3433 τὴν

2425 3469 2922 3543 ἀνάκτησιειοαύτὸ
2973 3469 3135 3538 μόνον
3173 3466 3235 3520 τὸ
3277 3463 3573 3518 συνθέσθαι
3639 3463 3862 3520 αὐτοὺς
3918 3459 4014 3517 τοῖς

2427 3562 2718 3624 συνοδικῶς
2733 3561 3099 3632 δεδογμένοις,
3151 3559 3248 3612 καὶ
3274 3555 3512 3618 εὐσεϐῶς
3538 3553 3906 3622 διορισθεῖσι,
3935 3549 4013 3602 καὶ

2425 3654 2521 3707 τοῦ
2568 3652 2801 3713 ἀσεϐοῦς
2856 3651 3107 3722 κυρῶσαι
3156 3649 3256 3720 τὴν
3303 3646 3631 3716 καταδίκην,
3680 3645 3914 3705 ὲκείνας
3940 3642 4014 3692 ἐπὶ

2425 3745 2637 3809 τούτοις
2669 3745 2767 3808 τὰς
2811 3746 2992 3814 πάσης
3039 3741 3403 3813 περιχαρείας
3441 3739 3802 3807 ἑπιμέστους
3850 3733 4014 3805 φωνὶς

2427 3837 2796 3906 έκϐοήσαντος
2848 3833 2943 3887 τοῦ
2993 3831 3160 3888 αὐτοῦ
3209 3831 3471 3901 θεοφόρου
3518 3829 3781 3897 Πατρὸς,
3816 3827 3883 3889 ἀς
3913 3827 4018 3876 ὐπο-

2427 3929 2641 4001 νοήσειέ
2693 3946 2778 3992 τις
2809 3926 3076 4001 ὲρῤῆσθαι
3101 3925 3177 3987 ώς
3211 3923 3378 3979 αὐτοῦ
3435 3922 3638 3993 μᾶλλον
3677 3922 4016 3989 πταίσματος

2430 4020 2783 4092 συγχώρησιν
2832 4017 3151 4089 δοξαμένου,
3202 4018 3301 4070 καὶ
3325 4016 3385 4068 οὐ
3413 4017 3528 4077 τοῖς
3587 4015 3877 4067 πταίσασι
3913 4028 4019 4076 συγ-

2428 4115 2818 4185 χωρήσαντος·
2854 4130 2873 4162 ι
2898 4108 3394 4181 Εὐφραινέσθωσαν
3449 4106 3587 4176 γάρ,
3631 4109 3845 4176 φησιν,
3879 4107 3925 4159 οξ
3948 4103 4017 4155 9;.

2432 4204 2606 4275 ρανοὶ,
2636 4203 2732 4256 καὶ
2793 4197 3145 4270 ἀγαλλιάσθω
3173 4199 3208 4267 ἡ
3238 4198 3310 4266 γῆ
3336 4213 3350 4226 ·
3385 4193 3608 4246 λέλυται
3639 4195 3765 4265 γαρ
3789 4194 3855 4245 τὸ
3884 4193 4020 4262 μετὸ-

2427 4310 2607 4363 τοιχον
2635 4291 2730 4346 τοῦ
2757 4287 3036 4362 φραγμοῦ,
3068 4287 3164 4342 καὶ
3191 4285 3463 4356 διχονοίας
3485 4285 3732 4356 ἀπάσης
3760 4285 4020 4356 ἀνῄρηται

2429 4387 2652 4458 τρόπος,
2681 4383 2775 4437 τοῦ
2807 4383 3027 4437 πάντων
3073 4380 3232 4452 ἡμῶν
3289 4378 3552 4446 Σωτῆρος
3605 4377 3875 4447 Χριστοῦ
3922 4378 4022 4434 ταῖς

2429 4478 2623 4532 ἑαυτοῦ
2678 4476 3029 4545 Ἐκκλησίαις
3076 4474 3175 4543 τὴν
3234 4472 3460 4540 εἰρήνην
3525 4468 4017 4538 βραϐεύσαντος.ι

2359 4551 2403 4604 D
2435 4571 2630 4641 Ἔχετε
2671 4569 2854 4622 τοίνυν
2879 4569 2974 4620 καὶ
3006 4565 3186 4637 ὑμεῖς,
3210 4557 3255 4616 ὦ
3285 4562 3604 4631 θεόληπτοι,
3634 4559 3750 4632 τὴν
3774 4563 4024 4630 ἀναιρετιο

2433 4662 2534 4732 κὴν
2561 4659 2655 4713 τοῦ
2701 4658 2823 4712 κατ’
2843 4659 3110 4730 ἐπήρειαν
3156 4654 3498 4722 σφάλματος,
3527 4651 3868 4721 ἀπολογίαν
3895 4654 4022 4720 ἰσχυ-

2435 4753 2536 4822 ράν
2559 4769 2618 4805 τε
2646 4751 2744 4804 καὶ
2792 4749 3040 4817 ἔννομον,
3071 4747 3169 4800 καὶ
3197 4742 3448 4811 οὐδαμῶς
3494 4742 3846 4814 δυναμένην
3867 4758 4021 4812 παρα·

2431 4843 2790 4914 κρουσθῆναι,
2839 4842 2941 4911 τὴν
2997 4839 3246 4909 καθαρὰν
3293 4839 3388 4890 καὶ
3440 4836 4020 4906 ττεπαῤῥησιασμένηιι

2428 4939 2530 5006 τῆς
2582 4933 2898 5006 ὀρθοδοξίας
2942 4932 3252 5004 ὁμολογίαν.
3303 4931 3395 5000 Μὴ
3420 4923 3514 4982 οῦν
3587 4928 3838 4998 βραδεῖς
3857 4945 3916 4982 τε
3951 4927 4022 4980 καὶ

2426 5028 2655 5100 όκνηροὶ
2682 5029 2819 5098 πρὸς
2833 5027 2892 5079 τὸ
2911 5022 3364 5095 συνηρμοσμένον
3392 5020 3522 5089 ὑμῖν
3554 5021 3668 5073 καὶ
3701 5021 4021 5091 ἀδιάτμητπ

2429 5124 2489 5175 ὲν
2533 5120 2880 5190 πνευματικῇ
2937 5115 3218 5186 συμπνοίᾳ
3273 5114 3368 5166 καὶ
3405 5112 3655 5183 ὁμονοίᾳ.
3717 5104 4021 5182 γένησθε,ὦ

2432 5211 2722 5284 μακάριοι,
2771 5211 2910 5280 μήτε
2960 5210 3074 5269 τοῖς
3106 5205 3247 5260 κατά
3277 5204 3399 5274 βίαν
3421 5205 3858 5274 γεγενημένοις
3887 5217 4020 5268 προε-

2429 5303 2668 5372 έχοντες,
2696 5302 2822 5364 τοὺς
2852 5297 3174 5368 βιασθέντας
3198 5295 3368 5366 ἡμᾶς,
3396 5294 3497 5364 τῆς
3549 5295 3799 5348 ἑαυτῶν
3830 5297 4019 5364 ἀγάπης

2429 5397 2745 5451 ἀπώσασθε·
2821 5394 2956 5465 μηδὲ
2986 5393 3062 5457 ὡς
3091 5391 3323 5462 ἐχθροὺς
3378 5387 3637 5460 ἡγεῖσθε,
3677 5391 3768 5454 ὥς
3817 5388 4017 5460 qn;va

2428 5487 2570 5551 θεῖος
2611 5485 2971 5549 Ἀπόστολος,
3022 5483 3161 5538 ἀλλά
3211 5481 3595 5552 παρακαλεῖτε
3629 5480 3726 5545 ὡς
3756 5481 4015 5549 ἀδελφοὺς.

2425 5578 2488 5630 τὸ
2517 5577 2850 5648 θεομίμητον
2873 5575 3300 5645 ἐνδεικνύμενοι.
3328 5573 3562 5635 Πάντως
3576 5573 3711 5644 γὰρ
3739 5571 4011 5640 λογιεῖσθε.

2426 5667 2743 5736 ἁγιώτατοι,
2772 5670 2836 5720 ἐκ
2861 5666 2960 5736 τῆς
3024 5666 3165 5718 κατά
3201 5665 3293 5717 τὶν
3334 5662 3547 5734 ’Δαρὼν
3605 5664 3720 5716 τὸν
3751 5667 3907 5733 ἀγιον
3933 5663 4014 5715 Κυ-

2517 5844 2558 5878 ¹⁹
2591 5842 2761 5897 ΕλυιΙ.
2791 5857 2964 5906 xxxii,
3009 5841 3205 5911 lscqq.
