4118 6440
199 418 334 481 M33

1220 411 1559 473 JOANNES
1598 411 1971 471 NICENUS.
1996 433 2064 443 --
2103 407 2434 467 NO'l‘l'l‘lA.

3317 399 3453 466 1434

198 535 337 605 ρίου,
362 532 437 595 ὡς
464 530 527 583 τὸ
550 528 695 581 θεῖον
714 528 883 580 αὑτὸν
906 524 1208 595 ἀνεκήρυξε
1243 524 1469 593 Πνεῦμα
1495 525 1777 593 Γραφικῆς

1884 520 2111 575 historia
2131 522 2230 589 (8),
2252 518 2630 573 suheximente
2651 531 2681 570 a
2702 515 2914 570 ratione
2934 515 3188 585 perfecta:
3211 520 3454 588 negatio-

200 624 445 695 ἱστορίας
492 620 965 691 ὑπεξαιρουμένης
1012 618 1108 671 τοῦ
1139 618 1239 687 τῆς
1266 617 1565 680 παντελοῦς
1604 618 1772 688 ἀρνή-

198 732 338 778 σεως
400 714 585 782 λόγου,
644 712 740 766 καὶ
799 712 899 781 τῆς
950 710 1086 781 πρὸς
1130 712 1230 781 τὴν
1251 710 1467 763 τελείαν
1501 709 1773 779 ἀθεότητα

200 807 530 876 ὑπαγωγῆς·
565 806 640 869 ὡς
671 807 783 865 τοῖς
842 803 1238 873 βεϐιασμένως,
1267 804 1358 853 καὶ
1385 803 1446 854 οὑ
1474 802 1615 855 κατά
1638 800 1775 876 γνῴ-

201 919 311 972 μης
377 901 679 955 ἐνδιάθετον
737 901 1003 970 πονηρίαν
1064 898 1407 968 γινομένοις,
1454 898 1644 950 ἕπεταί
1691 916 1774 960 τις

200 992 552 1063 συγχώρησις
582 991 810 1054 ἔνδικος.
839 994 896 1043 Ὀ
921 990 1029 1060 γὰρ
1057 990 1268 1059 Ἀαρὼν
1292 992 1517 1052 ἐκεῖνος,
1539 994 1605 1060 τῇ
1628 992 1774 1061 ὁρμῇ

195 1082 293 1136 τοῦ
350 1082 520 1135 πάλαι
560 1082 690 1134 λαοῦ
752 1082 1041 1149 καθυφεὶς,
1087 1082 1184 1134 καὶ
1209 1082 1561 1151 ὑπουργήσας
1595 1082 1776 1145 αὑτοῖς

200 1176 341 1245 πρὸς
370 1175 468 1243 τὴν
492 1175 591 1241 τῆς
611 1173 985 1235 εἰδωλοποιίας
1013 1173 1313 1235 τελείωσιν,
1351 1172 1652 1225 ἐνεκαλεῖτο
1676 1173 1776 1241 μὲν

203 1264 313 1318 ὑπὸ
336 1263 430 1316 τοῦ
465 1262 722 1331 ἀδελφοῦ·
762 1263 861 1333 τὴν
889 1264 946 1315 δὲ
972 1262 1384 1332 ἀναγκαστικὴν
1407 1262 1526 1331 βίαν
1556 1263 1613 1314 ἐν
1641 1264 1775 1315 ἀπο-

200 1356 261 1409 λο
276 1357 359 1426 για
383 1356 841 1426 προϐαλλόμενος,
872 1356 993 1408 οὐδὲ
1017 1356 1145 1425 μίαν
1173 1355 1327 1425 παρὰ
1353 1354 1488 1407 Θεοῦ
1514 1355 1775 1422 ἐπιτίμη-

204 1465 291 1501 σιν
314 1448 549 1516 δέχεται,
586 1448 706 1500 οὐδὲ
744 1446 838 1499 τοῦ
866 1447 967 1514 τῆς
1015 1447 1429 1518 ἀρχιερωσύνης
1459 1447 1777 1514 ἀπόκληρος

201 1540 427 1608 γέγονεν
489 1536 802 1607 ἀξιώματος
833 1556 846 1568 ·
879 1538 1097 1600 πάντως
1155 1538 1291 1607 πρὸς
1337 1538 1398 1591 τὸ
1449 1538 1508 1589 ὲν
1541 1537 1777 1590 διαθέσει

202 1630 331 1700 περὶ
359 1629 420 1680 τὸ
454 1628 596 1681 θεῖον
621 1628 785 1689 σέϐας
812 1628 1035 1695 γνήσιον
1063 1624 1475 1693 ἀποϐλέψαντος
1503 1624 1600 1676 τοῦ
1621 1622 1777 1676 πλά-

201 1738 428 1787 σαντος
467 1720 805 1788 καταμόνας
847 1719 954 1783 τὰς
1004 1716 1253 1785 καρδίας
1290 1715 1479 1783 ἡμῶν,
1516 1716 1590 1779 ὥς
1612 1732 1778 1785 φησιν

201 1817 231 1868 ὁ
251 1814 423 1885 μέγας
453 1812 638 1875 Δαϐὶδ,
670 1813 766 1864 καὶ
783 1811 845 1862 οὑ
881 1808 1019 1879 πρὸς
1045 1810 1145 1879 τὴν
1176 1808 1377 1873 ἔξωθεν
1402 1810 1775 1878 περιπέτειαν.

1884 618 1987 681 nis,
2016 623 2071 671 et
2103 624 2163 669 ιιι
2197 630 2262 669 ue
2294 614 2547 669 absoluta
2586 613 2712 681 ejus
2742 611 3008 667 abductio
3037 611 3093 665 in
3120 612 3455 681 impietatem

1881 717 2207 771 censeatur,
2246 707 2421 775 palam
2479 704 2742 767 edixerit,
2776 705 2846 758 iis
2879 718 3002 772 quae
3028 702 3314 767 violentia,
3342 716 3456 758 non

1882 817 1950 855 ex
2001 801 2169 854 insita
2205 797 2377 852 animi
2420 798 2786 866 perversitate
2830 803 3148 865 peccantur,
3193 795 3456 849 comitem

1877 894 2001 963 jure
2032 892 2234 946 merito
2290 890 2444 960 sequi
2472 889 2831 959 indulgentia:
2863 890 3106 957 aliquam
3159 890 3455 943 rationem.

1884 982 1978 1037 Ille
2003 983 2275 1049 siquidem
2310 991 2496 1036 tantus
2526 981 2611 1035 vir
2632 982 2837 1047 Aaron,
2874 981 3074 1036 veteris
3095 980 3245 1035 illius
3276 980 3459 1050 populi

1881 1075 2152 1128 violenti-.e
2197 1075 2425 1137 cedens,
2474 1081 2640 1143 atque
2698 1080 2757 1127 ut
2812 1073 3017 1126 idolum
3076 1071 3457 1125 fabricaretur

1884 1180 1947 1218 ac
2006 1165 2277 1227 initiaret,
2332 1165 2508 1218 eidem
2560 1179 2765 1217 morem
2790 1178 3009 1233 gerens,
3074 1162 3457 1233 reprehensus

1883 1261 2101 1327 quidem
2160 1261 2262 1314 fuit
2317 1277 2347 1314 a
2400 1260 2568 1316 fratre
2618 1280 2633 1316 :
2684 1270 2943 1315 caeterum
2985 1260 3078 1313 uhi
3144 1257 3460 1314 violentiam

1884 1370 1990 1423 qua
2040 1355 2311 1407 adductus
2355 1354 2534 1408 fuerat
2592 1368 2691 1422 pro
2749 1351 3070 1405 defensione
3122 1349 3459 1419 objecisset,

1886 1445 2021 1498 nihil
2057 1460 2085 1497 a
2116 1444 2227 1500 Deo
2272 1446 2593 1514 increpatus
2647 1453 2753 1509 est,
2780 1458 2881 1497 nec
2911 1442 3096 1497 amisit
3122 1440 3462 1511 pontiﬁciam

1884 1540 2243 1609 dignitatem;
2284 1539 2430 1609 quod
2475 1539 2723 1602 omnino,
2761 1540 2854 1608 qui
2911 1546 3165 1592 nostrum
3209 1536 3459 1590 omnium

1884 1634 2047 1683 corda
2079 1630 2359 1699 sigillatim
2420 1630 2615 1698 ﬁnxit,
2659 1628 2832 1691 Deus,
2875 1626 3343 1697 quemadmodum
3389 1627 3466 1682 ait

1885 1738 2115 1791 magnus
2151 1722 2321 1775 David
2372 1726 2419 1755 ³ο
2442 1762 2458 1786 ,
2488 1723 2555 1775 ad
2587 1736 2770 1776 veram
2812 1720 2907 1775 Dei
2938 1722 3117 1789 ipsius
3152 1721 3465 1775 veneratio-

1886 1828 2010 1866 nem
2043 1829 2107 1867 ae
2158 1815 2482 1883 religionem
2518 1814 2573 1867 in
2622 1812 2819 1867 aﬂ‘ectu
2861 1812 3030 1865 animi
3088 1812 3322 1881 positam
3373 1828 3463 1866 ηια-

203 1904 572 1973 Δεικνυμένης
624 1903 805 1955 τοίνυν
838 1902 936 1971 τῆς
971 1902 1099 1971 περὶ
1139 1902 1232 1953 τὸν
1281 1901 1441 1970 ὀρθὸν
1498 1900 1654 1967 λόγον
1686 1899 1779 1953 τοῦ

1885 1905 2179 1972 spexisset,
2244 1921 2353 1959 non
2413 1919 2543 1958 vero
2598 1904 2664 1957 ad
2717 1915 3003 1960 externam
3063 1905 3459 1959 temeritatem.

204 1995 473 2065 ἡμετέρου
529 1995 878 2063 φρονήματος
914 1992 1107 2056 ὑγείας
1156 2009 1215 2043 τε
1257 1995 1351 2043 καὶ
1386 1994 1683 2061 συμφυῖας,
1718 1992 1780 2043 τὸ

204 2087 556 2158 ἀνυπερθέτῳ
591 2087 901 2155 ἑτοιμότητι
932 2084 1027 2135 τοῦ
1065 2086 1394 2152 κατακρῖναι
1430 2084 1527 2152 μὲν
1552 2085 1617 2135 τὰ
1652 2084 1778 2136 ἀτό-

206 2197 321 2242 πως
378 2177 753 2246 γεγενημένα·
797 2177 1062 2244 συστῆσαι
1107 2174 1163 2226 δὲ
1218 2178 1283 2243 τῇ
1347 2174 1634 2242 βεϐαιώσει
1684 2174 1779 2242 τῆς

204 2271 504 2342 είρημὲνης
549 2268 709 2336 ἁγίας
760 2268 926 2333 ἕκτης
978 2265 1199 2317 συνόδου
1253 2266 1350 2334 τῆς
1410 2265 1695 2327 εὐσεϐείας
1714 2266 1781 2317 τά

203 2364 469 2433 δόγματα,
519 2359 929 2430 περιπτύξασθε
982 2359 1156 2427 ἡμᾶς,
1190 2356 1408 2425 ἀδελφοὶ
1435 2354 1775 2426 τιμιώτατοι.

217 2453 535 2522 Ἀλλήλων
568 2451 680 2520 γὰρ
730 2450 802 2503 τὰ
826 2448 989 2513 βάρη
1027 2446 1381 2511 βαστάζετε,
1434 2447 1534 2499 καί
1594 2446 1781 2509 οὕτως

204 2546 671 2612 ἀναπληρώσετε
699 2540 808 2593 τὸν
835 2540 1025 2607 νόμον
1064 2537 1170 2590 τοῦ
1216 2535 1496 2605 Χριστοῦ,
1552 2537 1781 2606 μεγαλο-

206 2637 492 2705 φωνότατα
543 2637 675 2705 ἡμῖν
724 2631 1112 2701 ὲκϐοᾷόθεῖος
1160 2630 1520 2694 Ἀπόστολο;’
1580 2631 1655 2693 ὡς
1711 2628 1780 2681 ἂν

204 2728 547 2799 ὁμοθυμαδὸν
566 2731 622 2779 ὲν
657 2726 737 2778 ἑνὶ
768 2724 1042 2794 πνεύματι
1077 2722 1389 2791 δοξάζωμεν
1416 2723 1507 2775 τὸν
1530 2721 1663 2775 Θεὸν
1687 2722 1782 2774 καὶ

206 2821 427 2891 Πατέρα
460 2818 553 2871 τοῦ
578 2817 785 2888 Κυρίου
812 2818 969 2886 ἡμῶν
1020 2815 1198 2885 Ἰησοῦ
1230 2815 1489 2885 Χριστοῦ.

828 2991 1186 3060 Ὑπογραφὴ-

289 3087 631 3157 Ἐρῤωμένος
663 3086 720 3136 ὲν
746 3082 957 3152 Κυρίῳ,
990 3082 1296 3153 ὑπερεύχου
1315 3082 1493 3153 ἡμῶν,
1513 3085 1781 3150 ἀγιὼτατε

208 3174 304 3228 καὶ
327 3174 714 3244 μακαριώτατε
750 3172 968 3241 ἀδελφέ.

314 3285 362 3316 ¹⁹
387 3283 533 3340 Psal.
563 3298 738 3348 χχχιι,
768 3283 853 3338 15.
932 3283 974 3313 ’⁸
1002 3280 1181 3336 Galat.
1211 3296 1287 3345 v1,
1320 3279 1378 3334 2.

1880 1994 2017 2047 Cum
2060 1996 2248 2063 itaque
2298 2008 2500 2049 sensus
2546 1996 2723 2049 nostri
2780 2012 2917 2051 sana
2968 2010 3032 2050 ac
3086 2005 3464 2051 consentanea

1884 2087 2047 2151 ratio,
2082 2087 2228 2155 quod
2267 2094 2480 2155 spectat
2508 2088 2574 2140 ad
2607 2098 2817 2142 rectum
2856 2102 3170 2143 sermonem
3208 2102 3273 2143 ac
3301 2087 3462 2142 Iidem

1880 2188 2102 2231 ostensa
2134 2178 2228 2238 sit,
2266 2177 2497 2230 indilata
2522 2178 2617 2232 illa
2656 2179 3116 2249 promptitudine,
3163 2195 3273 2250 qua
3308 2181 3465 2235 dam-

1881 2270 2025 2322 natis
2082 2270 2149 2322 iis
2201 2284 2323 2337 quas
2387 2268 2613 2323 fuerunt
2663 2269 2904 2325 absurde
2952 2280 3202 2339 patrata,
3258 2282 3466 2327 sancta

1881 2368 2050 2415 sexta:
2119 2360 2314 2430 synodi
2379 2360 2809 2415 confirmatione
2866 2360 3169 2415 statuimus
3238 2360 3465 2430 pietatis

1881 2452 2174 2521 dogmata;
2218 2452 2607 2520 amplexamini
2665 2466 2789 2517 nos,
2840 2452 3044 2506 fratres
3090 2452 3465 2507 honoratissi-

1884 2544 1977 2596 mi.
2038 2544 2186 2595 Alter
2223 2544 2363 2596 enim
2396 2542 2619 2597 alterius
2652 2540 2815 2597 onera
2848 2552 3076 2612 portate,
3102 2554 3153 2597 et
3182 2545 3260 2597 sic
3283 2544 3463 2597 adimo

1882 2636 2091 2703 plebitis
2124 2636 2286 2703 legem
2322 2633 2524 2689 Christi
2569 2635 2612 2665 ¹¹
2639 2674 2654 2698 ,
2703 2634 2978 2690 exclamat
3033 2636 3467 2705 magniﬁcentis-

1883 2730 2019 2782 sima
2056 2742 2187 2779 voce
2212 2726 2435 2779 divinus
2481 2726 2815 2793 Apostolus;
2850 2741 2960 2795 quo
2994 2726 3216 2781 tandem
3266 2726 3466 2781 unani-

1884 2832 2000 2870 mes
2030 2814 2405 2884 gloriﬁcemus
2440 2815 2609 2869 Deum
2651 2825 2704 2870 et
2756 2814 2973 2869 Patrem
3012 2815 3228 2870 Domini
3281 2815 3464 2871 nostri

1881 2907 2011 2963 Jesu
2042 2908 2268 2961 Christi.

2489 2994 2847 3061 Subscriptio.

1956 3085 2089 3140 Vale
2113 3086 2167 3139 in
2191 3085 2420 3139 Domino
2452 3104 2464 3139 :
2496 3086 2960 3154 superdeprecare
2996 3100 3093 3155 pro
3122 3086 3309 3155 nobis,
3335 3101 3468 3143 san-

1886 3180 2136 3234 ctissime
2170 3194 2235 3232 ac
2268 3178 2590 3232 beatissime
2625 3178 2815 3230 frater.

1724 3368 1959 3428 NOTA‘J.

282 3470 359 3553 (8)
401 3469 727 3553 consignata
748 3463 1850 3553 δορυ-ἰεῗηαςίηἱεΔίιῃὶειοιξξαέῃτιτιιιερο·(2
1885 3468 1978 3549 ubi
2022 3468 2254 3553 aequalia
2316 3468 2525 3553 .l‘uerint
2582 3470 2906 3524 meritorum
2967 3480 3268 3552 momenta.
3328 3470 3467 3553 Sunt

211 3534 428 3596 suitnus
457 3534 691 3592 litteram
734 3540 884 3591 nullo
921 3534 1031 3591 alio
1079 3544 1308 3597 mutato,
1343 3542 1401 3587 ut
1436 3534 1542 3587 sibi
1586 3549 1782 3603 parcn-

212 3611 383 3665 thesis
412 3610 729 3663 cohaereret.
759 3608 833 3659 Tb
868 3608 1012 3661 enim
1067 3605 1563 3674 ὑπεξαιρουμένης,
1604 3604 1783 3671 palam

212 3681 381 3734 refert
411 3678 724 3749 praecedens
762 3676 1039 3749 γραφικῆς
1076 3675 1558 3749 ίστορίαςτ-Ροιτο
1587 3688 1787 3743 pecea-

214 3759 343 3823 tum_
366 3745 470 3803 hoc
511 3745 1019 3823 A_a_ron,_quidquid
1054 3747 1264 3823 minuat
1312 3745 1459 3797 illata
1510 3746 1612 3805 vis,
1656 3758 1785 3823 ιιι-ετ

214 3817 499 3872 vissimum
530 3819 651 3879 l'uit,
682 3817 762 3871 sic
793 3818 1033 3869 molliter
1060 3816 1285 3869 cedente
1313 3830 1371 3867 re
1400 3822 1509 3866 tam
1531 3816 1705 3881 gravi,
1736 3820 1791 3866 et

212 3903 319 3956 qua
350 3888 432 3941 sic
465 3886 661 3941 honori
720 3887 908 3939 divino
946 3885 1326 3956 derOgare_t_m',
1379 3883 1529 3956 ipso__
1546 3883 1788 3951 principe

213 3950 397 4026 populi
456 3971 523 4009 ac
561 3970 779 4010 summo
834 3950 1273 4026 sacerdoteaut
1320 3950 1454 4026 vero
1502 3950 1782 4026 l)e_us_non

211 4023 457 4081 severius
490 4026 641 4080 ultus
688 4028 778 4087 sit,
840 4026 961 4093 ejus
993 4032 1123 4077 sunt
1157 4024 1389 4092 judicia,
1432 4023 1783 4093 gravioribus

212 4096 359 4149 haud
396 4111 522 4149 raro
561 4094 952 4162 temporalibus
998 4096 1180 4162 pcenis
1209 4093 1699 4146 animadvertentis
1727 4092 1781 4144 in

210 4166 428 4219 minora
479 4165 751 4230 crimina;
794 4179 949 4233 aequa
983 4164 1037 4217 iu
1073 4164 1320 4218 futurum
1372 4164 1551 4215 l'utura
1601 4163 1777 4225 lance,

1887 3539 2090 3607 quippe
2124 3540 2286 3591 illatae
2316 3538 2589 3611 hocuzevo
2634 3554 2831 3607 paenae,
2858 3610 2863 3611 ί
2886 3543 3212 3596 mconomim
3282 3545 3467 3611 potius

1889 3624 2052 3677 quam
2083 3618 2233 3680 Justa
2280 3608 2589 3680 supplicia;
2633 3617 2692 3661 ut
2738 3625 2804 3663 ex
2835 3610 2945 3663 illis
2975 3613 3064 3663 vix
3094 3608 3334 3680 unquam
3366 3614 3467 3680 ali:

1890 3673 2014 3752 guis
2046 3673 2181 3731 sane
2206 3673 2439 3752 iudicet,
2475 3694 2549 3752 ac
2579 3694 2681 3752 non
2716 3694 2779 3731 ea
2807 3682 3115 3752 temeritate
3142 3673 3251 3752 qua
3293 3673 3474 3752 liquef

1886 3745 2173 3817 iudicasse
2206 3748 2421 3801 amicos
2464 3745 2616 3819 Jobi.
2676 3763 2910 3817 quorum
2962 3745 3286 3819 pi-aajudicio
3335 3745 3467 3806 ea“-

1891 3820 2061 3886 tiores
2088 3833 2213 3871 esse
2231 3826 2522 3886 oporteret
2577 3817 2827 3872 homines
2864 3817 3056 3872 saltem
3089 3821 3464 3878 Christianos.

1890 3884 2001 3940 Nec
2036 3889 2181 3958 enim
2218 3884 2449 3951 frustra,
2495 3894 2607 3940 tota
2658 3888 2747 3940 illa
2802 3887 3127 3958 disputatio,
3180 3899 3262 3944 tot
3291 3892 3467 3946 versi-

1891 3959 1993 4009 bus
2025 3956 2241 4027 _Spiritu
2280 3967 2474 4010 sancto
2498 3958 2761 4017 dictante.
2791 3956 3104 4027 conscripta
3132 3968 3239 4024 est,
3274 3969 3332 4013 ut
3365 3976 3467 4016 nec

1889 4025 2038 4079 aliud
2077 4026 2403 4096 quidquam,
2438 4028 2485 4081 si
2529 4029 2662 4095 quid
2706 4030 2885 4083 sacris
2918 4025 3137 4100 paginis
3168 4031 3465 4102 consigna-

1890 4104 2005 4150 ιιιιιι
2034 4107 2141 4151 εει.

214 4322 3451 4367 W

1582 4496 1751 4542 ANNO
1793 4497 2061 4541 INCERTO

1263 4658 2379 4841 JOANNES

1168 4968 1599 5035 NICIENUS
1658 4972 2494 5035 ARCHIEPISCOPUS-

1587 5295 2099 5387 NOTITIA

1126 5492 1303 5557 (Mich.
1348 5496 1595 5554 Leonum,
1641 5494 1814 5545 Oriens
1871 5492 2132 5544 Christian.
2180 5500 2215 5542 t.
2273 5496 2309 5555 Ι,
2352 5510 2402 5556 p.
2443 5494 2578 5556 6R4.)

291 5729 536 5814 Syculo
564 5747 739 5814 nono
771 5740 1068 5814 exeunte,
1098 5735 1194 5797 vel
1226 5735 1473 5797 decimo
1504 5734 1831 5814 inchoato,
1882 5732 2141 5814 sedebat
2167 5731 2459 5814 Joannes
2492 5730 2888 5814 metropolita
2928 5732 3242 5814 Nicwnus,
3276 5707 3461 5814 cujus.

214 5807 295 5871 ad
325 5808 683 5873 Zachariam
717 5812 1029 5873 Armenite
1064 5815 1548 5894 melroliolilam,
1572 5831 1683 5875 seu
1714 5812 2119 5880 Calltolicum.
2154 5811 2241 5871 De
2278 5808 2530 5869 Domini
2556 5807 2887 5874 nativitate
2930 5809 3161 5874 librum
3189 5807 3455 5877 ComBe-
