4118 6440
208 364 334 429 iiii

1230 369 1327 431 DE
1364 372 1598 433 FESTO
1632 373 1761 435 DIE
1794 376 2073 437 NATALI
2121 377 2423 439 DOMINI.

3324 380 3463 448 1442

204 481 293 535 τοῦ
323 481 704 551 Βαπτίσματος
735 481 1061 547 κατέταξαν.
1102 482 1161 536 ’0
1184 482 1239 535 δὲ
1275 484 1532 549 Ἰάκωϐος
1565 487 1594 539 6
1618 488 1773 540 ἀδελ-

1889 499 2129 544 luerunt;
2160 489 2409 546 Jacobus
2440 498 2625 546 autem
2675 490 2895 546 Domini
2935 490 3127 559 frater,
3162 492 3255 561 qui
3298 511 3464 549 vene-

205 576 416 643 φόθεος,
444 577 501 627 ὲν
530 575 778 645 Βηθλεὲμ
828 576 1272 647 παραγενόμενος
1322 577 1382 628 ὲν
1428 580 1495 647 τῇ
1524 579 1778 647 γεννήσει

204 668 294 720 τοῦ
324 668 551 737 Κυρίου,
596 668 626 719 6
653 670 746 720 καὶ
778 669 836 720 ὲν
880 667 1241 738 Ἰερουσαλὴμ
1279 670 1319 720 λ’
1358 670 1451 740 ἔτη
1476 672 1779 741 ἐπισκοπή-

206 776 325 823 σας,
380 760 482 812 οὐκ
516 758 758 812 ἐκώλυσε
814 762 940 820 τοὺς
984 759 1281 823 τελοῦντας
1331 762 1430 832 τὴν
1477 764 1515 815 Γ
1520 764 1775 834 έννησιν·

208 852 406 920 μᾶλλον
434 850 491 903 δὲ
545 852 787 903 ἐπαινῶν
821 850 1029 918 ἔλεγεν,
1065 854 1147 905 ὅτι
1182 855 1261 916 εἰς
1290 854 1460 925 ἄλλην
1494 858 1651 910 πόλιν
1679 860 1780 928 τὴν

206 942 461 1013 Γέννησιν
487 942 755 996 τελοῦσιν.
782 943 894 1014 Οὐχ
915 944 996 996 ὅτι
1017 944 1161 998 κατά
1186 946 1496 1015 ἀντιλογίαν
1519 948 1775 1019 ἔγραψεν

204 1035 284 1088 ὅτι
313 1036 400 1088 ὅτε
439 1037 520 1096 εἰς
553 1033 720 1103 ἀλλην
748 1035 903 1088 πόλιν
934 1036 1150 1089 τελοῦσι
1192 1038 1220 1077 b
1251 1041 1778 1109 πεπλανημένοι.....

208 1126 284 1196 ρῷ
312 1127 422 1178 τόν.
467 1126 574 1178 Καὶ
624 1124 683 1189 ἐξ
735 1126 911 1195 ἀρχῆς
940 1165 954 1188 ,
995 1126 1189 1191 ἄλλους
1242 1130 1476 1193 κανόνας
1520 1129 1705 1184 ἔθεντο
1732 1132 1780 1183 οἱ

206 1217 494 1270 ἀπόστολοι
537 1218 652 1279 τοῖς
706 1217 766 1282 ἐξ
817 1217 989 1269 ὲθνῶν
1050 1222 1464 1285 πεπιστευκόσι,
1506 1222 1778 1290 λέγοντες,

203 1309 585 1377 ἁπέσχοσθαι
616 1308 736 1361 ἀπὸ
769 1310 1043 1373 πνικτοῦ,
1071 1312 1169 1365 καὶ
1209 1314 1513 1380 πορνείας,
1562 1314 1661 1367 καὶ
1690 1315 1782 1368 αἵ-

202 1419 412 1470 ματος.
450 1404 514 1455 Ui
562 1404 621 1456 δὲ
666 1405 786 1455 νυνὶ
837 1404 1065 1465 κανόνες
1095 1406 1332 1458 ποικίλοι
1369 1407 1658 1475 δογμάτων
1687 1408 1783 1460 καὶ

204 1495 553 1564 διδαγμάτων
581 1506 604 1535 θ
639 1496 1010 1566 περιέχουσιν.
1053 1498 1128 1549 Οὐ
1182 1500 1293 1569 γὰρ
1321 1501 1379 1551 ὲν
1416 1501 1579 1553 παντὶ
1604 1505 1783 1574 καιρῷ

208 1587 301 1640 καὶ
350 1587 525 1657 χρόνῳ
580 1586 680 1657 τὴν
741 1587 912 1654 αὐτὴν
966 1589 1290 1657 νομοθεσίαν
1329 1592 1720 1662 ἐνομοθέτησεν
1754 1597 1782 1647 6

210 1678 506 1747 ’Υψιστοςο
543 1678 661 1731 ἀλλ’
702 1678 921 1750 ἑκάστῳ
971 1679 1147 1751 χρόνῳ
1195 1681 1442 1747 διάταξιν
1486 1685 1583 1736 καὶ
1618 1686 1782 1753 νόμον

207 1786 395 1839 ωρισε.

280 1860 424 1929 Πλὴν
473 1860 564 1914 διά
614 1860 714 1931 τὴν
767 1861 1027 1929 Γέννησιν
1080 1860 1173 1914 τοῦ
1203 1861 1476 1931 Σωτῆρος,
1536 1863 1618 1916 ὅτι
1664 1865 1781 1928 πῶς
1816 1828 1854 1882 Β

207 1951 519 2019 διετάξαντο
555 1952 831 2023 Δεκεμὸρ.
872 1951 951 2006 κε’
990 1954 1285 2015 τελεῖσθαι,
1318 1954 1491 2020 οὕτως
1525 1956 1779 2028 εὕρομεν.

214 2043 461 2113 Ἐγραψέ
492 2060 617 2096 ποτε
656 2042 944 2115 neposet;
979 2043 1005 2083 ά
1033 2044 1060 2096 ό
1092 2044 1309 2114 γράψας
1360 2046 1457 2115 τὴν
1493 2047 1785 2117 ἐπιστολὴν

209 2136 631 2204 Κωνσταντὶνῳ,
670 2136 786 2190 ἀλλ’
816 2136 845 2188 6
892 2138 1009 2205 μετ’
1043 2139 1252 2189 ἐκεῖνον
1282 2137 1667 2208 διαδεξάμενος
1694 2138 1786 2191 τὸν

209 2226 397 2297 θρόνον
422 2226 609 2291 αὐτοῦ,
646 2228 784 2297 πρὸς
824 2228 1045 2281 Ἰούλιον
1075 2228 1168 2281 τὸν
1215 2229 1435 2299 Ῥώμης
1460 2232 1784 2294 ἐπίσκοπον,

208 2318 414 2388 ἔγραψε
443 2320 637 2388 λέγων,
672 2321 753 2373 ὅτι
794 2338 813 2370 ι
848 2320 1037 2387 Μέγας
1076 2320 1244 2381 κόπος
1275 2320 1370 2372 καὶ
1419 2320 1677 2389 στέρησις
1703 2321 1789 2388 γί-

208 2429 361 2465 νεται
393 2413 474 2474 εἰς
522 2413 622 2473 τὰς
658 2412 902 2481 μεγάλας
930 2413 1025 2464 καὶ
1050 2411 1311 2479 λαμπρὰς
1342 2412 1554 2481 ἑορτὰς,
1581 2413 1661 2465 ὅτι
1699 2429 1788 2465 τε·

206 2502 431 2555 λοῦνται
454 2504 511 2554 ὲν
544 2503 645 2572 μιᾷ
682 2503 860 2572 ἡμέρᾳ
881 2519 895 2533 ·
938 2503 1034 2555 καὶ
1074 2502 1142 2555 τὰ
1168 2501 1589 2571 ἀναγνώσματα,
1630 2504 1724 2555 καὶ
1755 2505 1786 2572 ἡ

208 2594 503 2647 ἀκολουθία
526 2594 894 2662 άπομένουσιν
925 2595 1157 2663 ἡμιτελῆ
1189 2595 1298 2646 τῶν
1332 2594 1423 2647 δύο
1454 2593 1678 2666 ἑορτῶν,
1703 2594 1790 2648 διά

206 2685 271 2739 τὸ
304 2685 377 2755 μὴ
412 2684 672 2739 δύνασθαι
698 2686 798 2753 τὴν
824 2685 1081 2753 Γὲννησιν
1112 2686 1205 2738 καὶ
1230 2686 1289 2738 τὸ
1318 2687 1611 2754 Βάπτισμα
1639 2688 1791 2739 ἐκτε-

208 2777 365 2830 λέσαι
395 2776 489 2829 τοῦ
523 2776 750 2847 Κυρίου.
787 2777 873 2839 Ὠς
908 2776 971 2845 δὴ
996 2778 1055 2828 οὐ
1086 2777 1363 2845 δυνάμεθα
1390 2780 1448 2829 ὲν
1478 2780 1577 2847 μιᾷ
1607 2779 1789 2849 ἡμέρᾳ

207 2868 525 2938 ἀπαντῆσαι
554 2870 633 2929 εἰς
668 2868 835 2920 τόπον
881 2866 975 2919 τοῦ
1009 2866 1384 2936 βαπτίσματος
1408 2885 1423 2899 ο
1458 2868 1583 2920 ἐπεὶ
1612 2870 1643 2938 ἡ
1686 2868 1789 2938 Βη-

207 2959 392 3028 θλεὲμ,
424 2959 553 3029 τρία
593 2960 745 3028 μιλια
770 2958 966 3026 ἀπέχει
1007 2959 1115 3011 ἀπὸ
1153 2957 1509 3029 Ἰερουσαλὴμ
1540 2961 1682 3013 κατά
1705 2960 1790 3012 νό-

206 3068 331 3116 τον,
363 3050 456 3102 xui
479 3052 506 3103 6
535 3050 803 3120 Ἰορδάνης
832 3050 895 3103 ιε’
935 3050 1082 3120 μίλια
1107 3050 1301 3120 ἀπέχει
1338 3049 1479 3103 κατά
1501 3051 1785 3113 ἀνατολάς⁸

1882 590 1968 635 rat
2008 582 2303 646 Bethleem,
2348 597 2473 636 cum
2499 584 2549 635 in
2573 597 2635 636 ea
2656 584 2919 638 Dominus
2947 591 3113 638 natus
3129 596 3232 650 est,
3256 588 3461 656 quique

1882 672 2045 727 annis
2079 672 2148 725 30
2192 671 2591 742 Hierosolymis
2648 673 3033 742 episcopatum
3090 675 3284 742 gessit,
3316 675 3456 728 nihil

1881 779 1978 819 eos
2009 766 2183 817 vetuit
2230 766 2325 833 qui
2364 764 2554 818 Natale
2596 764 2943 818 celebrarent
2987 782 3001 816 :
3036 765 3171 833 quin
3225 765 3457 820 laudans

1883 858 2066 926 potius
2094 855 2318 908 dicehat
2372 853 2639 908 celebrari
2676 852 2895 907 Domini
2943 852 3202 907 Natalitia
3240 857 3294 908 in
3349 855 3456 908 alia

1882 949 2127 1002 civitate.
2157 947 2275 1001 Non
2315 957 2574 1015 tanquam
2625 947 2910 999 contraria
2963 947 3288 1015 scripserit;
3328 960 3453 999 nam

1884 1056 2007 1094 cum
2037 1041 2320 1094 celebrant
2352 1039 2405 1090 in
2446 1039 2549 1091 alia
2576 1039 2798 1091 civitate
2829 1037 2928 1108 (4),
2972 1038 3241 1106 temporis
3273 1037 3456 1091 hallu-

1884 1132 2163 1186 cinatione
2199 1132 2501 1185 celebrant.
2537 1128 2641 1183 Sed
2672 1138 2726 1185 et
2750 1145 2778 1182 a
2813 1129 3090 1199 principio
3120 1131 3252 1183 alias
3292 1145 3458 1199 regu-

1887 1223 1967 1277 las
1998 1229 2311 1291 posuerunt
2343 1222 2579 1291 apostoli
2623 1222 2689 1273 iis
2718 1221 2810 1290 qui
2844 1219 3197 1275 crediderant
3227 1236 3291 1275 ex
3328 1237 3458 1289 gen-

1885 1317 2050 1377 tibus,
2086 1315 2358 1380 dicentes,
2390 1323 2447 1367 ut
2481 1312 2801 1367 abstinerent
2824 1330 2857 1366 a
2888 1312 3172 1381 stt/focale,
3201 1322 3250 1365 et
3282 1311 3459 1379 [οτηερ

1885 1409 2115 1468 ratione,
2165 1416 2211 1460 et
2262 1392 2517 1474 sanguine
2540 1406 2581 1459 '.
2614 1403 2774 1458 Nunc
2822 1412 3007 1458 autem
3050 1404 3221 1458 varia:
3277 1404 3458 1457 eccle-

1886 1500 2128 1553 siastica:
2156 1498 2359 1567 regulae
2394 1511 2457 1549 ac
2497 1509 2766 1559 canones,
2798 1510 2918 1563 quae
2950 1502 3206 1564 spectant
3237 1495 3303 1545 ad
3355 1494 3455 1547 do-

1887 1598 2065 1659 gmata
2094 1603 2155 1643 ac
2219 1588 2527 1642 doctrinam
2583 1585 3048 1655 complectuntur.
3118 1583 3236 1637 Non
3312 1584 3459 1636 enim

1885 1683 2133 1737 eamdem
2189 1681 2509 1735 Altissimus
2562 1679 2711 1733 omni
2747 1686 2991 1745 tempore
3044 1677 3213 1745 legem
3252 1673 3459 1737 sanxit,

1886 1773 1980 1828 sed
2013 1773 2217 1840 cuique
2269 1774 2503 1838 tempori
2546 1782 2854 1838 congruam
2902 1765 3361 1820 constitutionem
3396 1774 3461 1815 ac

1889 1868 2061 1933 legem
2094 1862 2367 1917 delinivit.

1958 1957 2228 2012 Caeterum
2258 1952 2405 2023 quod
2440 1956 2655 2020 spectat
2684 1948 2750 2002 ad
2792 1945 3097 2002 Salvatoris
3151 1944 3365 2006 Natale,
3401 1949 3463 1997 ut

1890 2048 2281 2104 celebrandum
2330 2043 2727 2098 constituerint
2771 2041 2844 2095 25
2882 2038 3169 2093 Decembr.
3225 2038 3280 2090 in
3314 2036 3463 2089 hunc

1891 2143 2109 2195 modum
2170 2140 2503 2193 invenimus.
2543 2134 2777 2204 Scripsit
2838 2131 3136 2201 aliquando
3196 2128 3461 2199 Cyrillus,

1890 2253 1997 2290 non
2031 2237 2124 2303 qui
2160 2230 2383 2300 scripsit
2416 2228 2711 2297 Epistolam
2732 2226 2808 2292 (5)
2834 2225 2898 2277 ad
2925 2223 3339 2282 Constantium,
3368 2219 3463 2274 sed

1890 2328 1983 2394 qui
2021 2332 2143 2391 post
2176 2338 2299 2373 eum
2337 2321 2599 2371 thronum
2635 2315 2755 2384 ejus
2791 2328 3086 2368 successor
3120 2312 3357 2380 accepit,
3390 2307 3463 2362 ad

1889 2418 2096 2472 Juliqu
2128 2414 2433 2466 Romanum
2459 2408 2802 2477 pontilicem,
2831 2408 2887 2459 in
2919 2405 3032 2458 hinc
3061 2404 3227 2456 verba
3259 2419 3271 2454 :
3304 2421 3321 2452 ι
3355 2399 3465 2454 Ma-

1892 2524 2032 2577 gnus
2058 2515 2142 2560 est
2166 2506 2343 2565 labor,
2373 2516 2436 2554 ac
2475 2498 2758 2551 hominum
2793 2496 3047 2564 paucitas
3074 2494 3129 2547 in
3162 2491 3378 2560 magnis
3401 2503 3467 2543 ac

1895 2599 2174 2670 pra-claris
2233 2590 2685 2649 solemnitatibus
2708 2630 2722 2651 ,
2750 2603 2815 2642 eo
2840 2587 2983 2655 quod
3016 2584 3206 2639 eadem
3250 2582 3339 2636 die
3366 2597 3459 2636 ce-

1894 2692 2178 2745 lebrentur
2211 2708 2223 2741 :
2261 2686 2640 2752 lectionesque
2676 2695 2741 2734 ac
2787 2679 2965 2732 oﬂicia
2997 2676 3283 2729 ambarum
3318 2673 3466 2727 cele-

1891 2785 2152 2837 britatqu
2189 2781 2279 2831 vix
2335 2776 2518 2828 media
2551 2780 2708 2841 parte
2741 2770 3125 2831 absolvuntur,
3161 2765 3311 2833 quod
3367 2779 3467 2818 ne-

1893 2888 2161 2942 queamus
2186 2882 2241 2923 et
2273 2868 2467 2921 Natale
2505 2866 2719 2918 Domini
2750 2864 3054 2919 celebrare.
3081 2868 3134 2914 et
3167 2858 3467 2927 Baptisma.

1891 2968 2159 3021 Nimirum
2187 2962 2304 3014 ﬁeri
2332 2976 2436 3011 non
2465 2964 2647 3026 potest
2688 2962 2747 3007 ut
2772 2952 2961 3008 eadem
2987 2950 3076 3005 dic
3102 2961 3469 3002 occurramus

1895 3056 1959 3106 ad
2022 3055 2198 3102 locum
2238 3047 2622 3115 baptismatis;
2658 3058 2783 3111 nam
2818 3042 3096 3094 Bethleem
3134 3038 3308 3091 tribus
3341 3037 3467 3088 titil-

208 3142 572 3210 ¹ιτροσταξςειτω
592 3136 685 3194 οὖν
708 3144 742 3210 ἡ
757 3142 1032 3209 ἁγιωσύνη
1070 3158 1162 3193 σου
1191 3143 1480 3211 ἐρευνῆσαι
1521 3144 1701 3195 πάντα
1722 3142 1787 3197 τὰ

1900 3145 2129 3196 liarilms
2170 3142 2337 3194 distat
2373 3138 2472 3191 abs
2502 3135 2810 3189 Jerusalem
2845 3132 2912 3185 ad
2950 3142 3200 3185 austrum
3232 3126 3467 3181 :Jorda-

210 3234 627 3302 συγγράμματα
684 3232 795 3284 τῶν
856 3233 1149 3296 Ἰουδαίων,
1205 3234 1363 3286 άτινα
1410 3235 1714 3298 σκυλεύσας
1768 3238 1797 3288 6

209 3328 430 3393 Καῖσαρ
462 3325 641 3387 Τίτος.
671 3326 963 3394 ἀπήγαγεν
998 3328 1108 3379 ἀπὸ
1158 3328 1514 3398 Ἰερουσαλὴμ
1542 3330 1623 3392 εἰς
1661 3329 1796 3382 Ῥώ-

211 3432 322 3483 μην
345 3429 358 3444 ’
403 3415 533 3475 ἴσως
588 3412 772 3484 εὕροις
822 3415 1059 3484 βεϐαίως
1090 3418 1190 3485 τὴν
1220 3418 1433 3488 ἡμέραν
1467 3420 1564 3487 τῆς
1595 3421 1794 3488 γεννήο

209 3520 352 3565 σεως
384 3502 478 3557 τοῦ
508 3504 747 3573 Χριστοῦ
773 3504 866 3556 καὶ
899 3505 1037 3557 Θεοῦ
1066 3508 1097 3574 ἡ
1109 3505 1246 3575 μῶν.
1290 3526 1308 3556 ι

283 3685 416 3736 Τότε
440 3682 656 3746 Ἰούλιος
678 3685 708 3737 6
745 3683 965 3756 Ῥώμης
996 3687 1272 3755 ἐπιμελῶς
1310 3687 1495 3757 ἐζήτει
1526 3691 1655 3762 περὶ
1688 3691 1787 3761 τῆς

208 3777 483 3843 αἰτήσεως
526 3772 760 3841 ταύτης·
797 3777 890 3829 καὶ
944 3781 1264 3846 συναγαγὼν
1307 3781 1483 3833 πάντα
1512 3781 1579 3834 τά
1606 3785 1789 3852 γράμ-

214 3882 364 3934 ματα
392 3865 501 3917 τῶν
530 3864 799 3918 Ἰουδαίων
823 3866 891 3919 τὰ
913 3870 1423 3939 αἰχμαλωτισθέντα
1443 3872 1537 3925 καὶ
1554 3872 1788 3941 ἀχθέντα

209 3958 294 4019 εἰς
328 3956 566 4025 Ῥώμην,
599 3951 723 4025 εὗρε
756 3956 1093 4028 σύγγραμμά
1116 3979 1165 4011 τι
1192 3961 1499 4027 Ἰωσὴππου
1529 3961 1623 4014 τοῦ
1650 3964 1792 4033 Χρο-

329 4073 346 4102 ¹
381 4071 501 4125 Art.
534 4086 619 4129 xv,
650 4068 744 4125 ΞΕ).

1896 3236 1980 3289 nis
2016 3249 2146 3284 vero
2208 3232 2377 3282 distat
2431 3226 2746 3297 quindecim
2808 3224 2875 3278 ad
2925 3223 3221 3275 orientem.
3272 3217 3470 3272 Jubeat

1892 3343 2025 3395 ergo
2055 3326 2174 3377 Tua
2221 3322 2499 3375 Sanctitas
2527 3317 2769 3388 perquiri
2804 3316 3009 3383 scripta
3037 3313 3221 3368 omnia
3251 3310 3470 3365 Judaso—

1892 3433 2036 3473 rum.
2091 3430 2213 3486 quae
2264 3414 2425 3465 Titus
2483 3412 2668 3463 Caesar
2699 3409 2800 3461 abs
2852 3405 3154 3462 Jerusalem
3191 3403 3471 3473 praedatus

1890 3506 2125 3561 Romam
2156 3504 2386 3558 abduxit
2423 3521 2435 3556 :
2468 3502 2611 3555 forte
2638 3498 2921 3553 inveneris
2947 3504 3153 3553 certam
3186 3495 3331 3549 diem
3363 3492 3471 3547 Na-

1894 3600 2126 3654 tivitatis
2154 3596 2358 3652 Christi
2388 3610 2452 3648 ac
2480 3594 2572 3647 Dei
2608 3593 2803 3647 nostri.
2846 3610 2864 3641 ι

1965 3695 2203 3757 Accepta
2240 3687 2423 3740 Julius
2455 3685 2712 3755 epistola,
2749 3683 2943 3736 sedulo
3003 3696 3065 3734 ea
3099 3679 3166 3734 de
3193 3694 3252 3733 re.
3274 3678 3472 3747 quaesi-

1896 3781 1994 3833 vit.
2032 3781 2391 3849 Cougregans
2444 3777 2631 3844 itaque
2661 3773 2974 3826 Jud:eorum
3035 3771 3236 3838 scripta
3284 3768 3468 3822 Omnia

1895 3874 2197 3940 spoliorum
2243 3871 2364 3921 loco
2398 3869 2600 3930 ablata,
2640 3882 2704 3919 ac
2740 3865 2969 3919 Romam
3006 3862 3195 3924 ducta,
3259 3859 3471 3914 invenit

1896 3962 2119 4031 Josephi
2150 3960 2559 4029 chronographi
2600 3960 2937 4027 scripturam
2972 3953 3264 4023 quamdam
3304 3952 3373 4005 ab
3401 3965 3470 4004 co

1455 4160 1680 4215 VARUE
1719 4160 2023 4216 LECTION
2036 4160 2137 4215 ES.

327 4256 354 4295 δ
380 4256 583 4309 Littera
612 4256 830 4311 vitiosa.
944 4267 964 4294 ε
1001 4257 1084 4309 ἴσ.
1108 4256 1175 4308 τά
1202 4258 1327 4327 περὶ
1354 4258 1519 4327 δογμ.

1628 4256 1656 4295 ἀ
1679 4258 1839 4311 λείπ.
1863 4258 1981 4327 οὐχ.

1721 4366 1952 4422 NOTAE.

292 4461 369 4527 (ι)
413 4458 553 4531 Nam
589 4475 707 4511 cum
741 4458 1099 4531 celebrantin
1146 4460 1257 4512 alia
1296 4460 1528 4514 civitate.
1592 4459 1781 4516 Jacobi
1818 4472 1860 4526 Ι)
1889 4461 2112 4531 quando
2152 4476 2252 4515 nec
2288 4460 2491 4515 festum
2524 4459 2799 4517 Occursus
2837 4460 3104 4529 agebatur
3135 4473 3237 4513 suo
3272 4457 3364 4512 illo
3404 4474 3471 4515 ac

212 4530 519 4590 sententia,
544 4538 809 4594 quantum
840 4545 904 4581 ex
936 4530 1132 4581 vitioso
1158 4531 1368 4593 codice,
1404 4546 1693 4598 assequor.
1723 4546 1787 4585 ea

209 4609 326 4661 est,
362 4608 421 4668 ut
454 4606 509 4651 et
546 4598 988 4668 Hierosolymita:
1030 4614 1271 4667 congrue
1293 4600 1639 4653 celebrarent
1680 4600 1789 4655 Na-

212 4669 333 4723 tale
364 4667 753 4721 Dominieumii
782 4667 1055 4733 Januarii,
1090 4669 1311 4733 quando
1333 4670 1497 4722 etiam
1539 4678 1673 4723 tunc
1693 4686 1787 4722 ur«

211 4740 319 4793 hes
349 4738 469 4789 alia!
492 4737 857 4801 celebrarent,
880 4739 1095 4791 tametsi
1124 4737 1347 4792 Christo
1372 4746 1504 4791 nato
1538 4740 1649 4791 alio
1678 4740 1788 4793 die.

217 4804 293 4863 Ut
326 4806 517 4860 Natale
558 4806 799 4871 Christi,
833 4807 927 4860 alii
962 4814 1169 4875 partem
1212 4807 1335 4861 festi
1388 4808 1536 4861 illius
1590 4810 1779 4876 praeci-

261 4892 387 4928 uam
419 4876 707 4940 ducerent,
729 4877 822 4929 alii
851 4877 1121 4929 haberent
1173 4877 1227 4929 in
1283 4877 1566 4931 secundis.
1606 4878 1697 4931 Sic
1735 4886 1789 4932 et

267 4953 495 5000 actenus
534 4946 587 4998 iu
640 4960 706 5000 eo
749 4947 937 5000 videas
1008 4946 1196 4999 minus
1260 4950 1419 5001 nobis
1481 4947 1787 5001 concordes

212 5014 468 5080 Graecos,
495 5029 624 5069 cum
667 5031 735 5071 ne
765 5016 1018 5069 recolunt
1038 5015 1260 5084 quidem
1293 5030 1356 5070 ea
1391 5015 1480 5070 die
1510 5016 1789 5071 adoratio-

214 5100 351 5139 nein
395 5099 677 5155 magorum
728 5087 887 5141 stella
912 5087 1073 5145 duce,
1102 5086 1187 5155 uti
1224 5085 1558 5155 deprehendi
1592 5101 1660 5139 ex
1695 5101 1791 5139 an-

214 5156 382 5222 tiquo
412 5153 597 5206 rituali
622 5156 812 5208 codice
844 5153 1359 5224 'l‘ilianteBibliot'h.
1396 5154 1690 5224 Videasque
1724 5172 1788 5210 ex

214 5224 520 5289 Gregorio,
543 5233 685 5277 orat.
717 5224 807 5284 39,
834 5239 899 5279 ac
929 5227 1051 5279 aliis
1083 5223 1186 5279 PP.
1216 5223 1531 5278 Graecorum
1567 5223 1621 5279 in
1653 5224 1790 5279 festa

210 5292 488 5348 Hatalitia
540 5294 847 5354 cncomiis,
883 5311 1007 5347 cum
1063 5305 1243 5349 tamen
1287 5296 1414 5359 illa,
1471 5295 1593 5359 ejus
1633 5296 1791 5349 nobis

210 5363 353 5418 testi
389 5362 685 5429 praecipua,
721 5378 786 5416 ac
825 5363 942 5418 fere
994 5380 1101 5418 una
1140 5366 1277 5419 ratio
1309 5367 1400 5419 sit.
1443 5364 1523 5418 Illi
1571 5372 1790 5418 tantum

210 5432 486 5504 recolunt
519 5433 663 5487 inter
702 5435 819 5501 ipsa
864 5433 1001 5487 festa
1056 5434 1335 5498 Natalitia,
1376 5435 1636 5504 tr0pariis
1686 5435 1790 5487 ali-

209 5501 448 5574 quot_in
480 5517 605 5574 eum
640 5504 802 5574 linem
839 5505 1187 5571 compositis.
1219 5507 1438 5574 quando
1465 5501 1647 5573 neque
1689 5519 1791 5557 nos

207 5571 458 5642 όιηηὶιιο
480 5571 781 5642 Γυῧίιννεὶυε
807 5574 1109 5641 relegentes
1133 5571 1421 5628 historiam
1446 5571 1592 5629 inter
1618 5574 1794 5642 majo.

209 5643 309 5714 ris
344 5640 897 5714 biissaiilieiﬂatalis
927 5640 1220 5698 solemnia.
1246 5644 1351 5698 Sed
1397 5654 1451 5699 et
1482 5640 1790 5714 spectantia

208 5710 300 5766 ad
328 5710 472 5764 diem
499 5710 569 5764 ιο
600 5726 630 5763 a
663 5710 956 5767 Nativitate
987 5728 1355 5769 memoramus
1389 5710 1671 5769 Doniiuica
1705 5715 1792 5767 in-

211 5784 316 5838 fra
334 5779 453 5849 ejus
469 5796 516 5834 oe
535 5788 711 5849 lavas,
733 5796 835 5837 ceu
865 5785 1104 5851 quodam
1125 5785 1352 5855 vestigio
1383 5785 1523 5841 ritus
1554 5786 1791 5852 antiqui,

1893 4532 2155 4603 peculiari
2198 4532 2306 4591 die.
2335 4546 2447 4603 quo
2480 4547 2633 4603 nunc
2654 4533 2889 4603 agimus.

1969 4604 2044 4672 (5)
2082 4602 2201 4655 Νοη
2232 4602 2322 4667 qui
2343 4598 2556 4667 scripsit
2592 4599 2905 4672 Epistulam.
2940 4598 3245 4672 Utconstet
3271 4598 3469 4651 adver-

1893 4668 2092 4734 sativa,
2126 4672 2348 4739 planum
2375 4679 2462 4724 est
2496 4672 2567 4722 ita
2605 4668 2896 4735 legendum
2934 4679 2993 4720 ut
3027 4670 3246 4722 ascribo
3283 4683 3463 4739 marg.

1892 4757 1956 4793 ac
2013 4736 2169 4809 lego':
2229 4740 2369 4792 haud
2398 4748 2577 4792 tamen
2609 4741 2813 4809 patitur
2846 4748 3152 4809 temporum
3196 4736 3338 4809 ratio
3406 4746 3467 4791 ut

1890 4806 2086 4881 Cyrilli
2128 4810 2277 4881 illius
2314 4806 2626 4881 successor;
2663 4808 2759 4881 qui
2806 4808 3035 4881 scripsit
3071 4806 3138 4881 ad
3194 4806 3466 4881 Constan-

1893 4877 2049 4936 tium.
2085 4880 2347 4930 nimirum
2379 4878 2649 4931 celebrem
2707 4878 2852 4928 illam
2883 4877 3174 4944 epistolam
3205 4877 3271 4929 dc
3296 4889 3462 4929 cruce

1892 4952 2005 5000 visa
2039 4948 2435 5016 Hierosolymis
2476 4946 2527 4998 in
2556 4942 2999 5016 Pentecoste,fad
3031 4942 3234 4997 Julium
3269 4960 3461 5013 papam

1892 5018 2201 5086 scripserit,
2229 5014 2391 5083 quem
2411 5022 2625 5086 constet
2651 5017 2806 5086 prius
2823 5014 2964 5069 vivis
2980 5022 3461 5086 exemptuiii_esse,

1890 5080 2051 5155 quam
2083 5080 2354 5154 apparitio
2386 5086 2474 5136 illa
2502 5080 2780 5155 fieret—.Yel
2812 5098 2942 5150 ergo
2962 5080 3269 5155 auctorpro
3290 5080 3459 5155 Julio,

1892 5151 2170 5209 Liberium
2192 5156 2381 5217 voluit,
2399 5155 2479 5205 vel
2502 5153 2557 5223 in
2583 5153 2787 5223 Cyrillo
2810 5156 3039 5223 erravit:
3062 5151 3259 5205 Multos
3281 5151 3459 5223 Cyril-f

1893 5228 1975 5278 los
2000 5243 2026 5276 a
2060 5225 2295 5277 Maximo
2325 5225 2478 5289 ponit
2517 5220 2887 5291 Hieronymus
2920 5226 2970 5273 in
3002 5220 3457 5291 Cliron‘ico.quod

1894 5295 2094 5349 merito
2123 5288 2391 5347 Barouius
2416 5288 2769 5359 depravatum
2800 5292 3138 5360 suspicatur.
3164 5288 3457 5358 Nicephori

1892 5366 2203 5419 Chronieon
2262 5372 2372 5416 tres
2418 5362 2699 5415 interserit
2733 5375 2762 5412 a
2798 5361 2977 5429 primo
3012 5360 3203 5430 Cyrilli
3242 5360 3458 5426 episco.

1895 5445 2043 5504 patu,
2074 5434 2167 5489 sed
2197 5448 2302 5485 non
2340 5440 2497 5485 vocat
2528 5430 2785 5504 Cyrillos.
2817 5430 3158 5500 Epiphanius
3202 5429 3459 5504 agnoscit

1894 5497 2087 5559 saltem
2121 5505 2259 5558 duos
2290 5516 2355 5557 eo
2395 5497 2637 5556 nomine.
2676 5497 2879 5553 Iidem‘
2913 5508 3043 5555 sunt
3092 5514 3233 5567 quos
3266 5497 3460 5551 Hiero-

1895 5591 2090 5645 nymus
2128 5574 2395 5647 nominat,
2429 5580 2483 5627 et
2514 5585 2653 5647 quos
2680 5569 3023 5647 Nicephorus
3058 5582 3340 5647 :__cumque
3369 5583 3459 5647 eo-

1896 5638 2018 5700 rum
2049 5646 2209 5700 sedes
2264 5644 2475 5697 incerta
2510 5638 2605 5704 sit,
2641 5640 2785 5694 haud
2818 5641 3047 5693 omnino
3081 5638 3276 5707 liquet,
3306 5638 3457 5705 quis,

1895 5731 1959 5769 ac
1996 5715 2233 5785 quando,
2266 5713 2428 5769 cuive
2468 5712 2718 5767 Romano
2750 5710 3019 5781 pontiﬁci,
3050 5721 3216 5777 super
3239 5707 3460 5777 negotio

1896 5788 2004 5842 isto
2042 5785 2348 5855 sc*ipserit.
