4118 6440
155 362 289 429 1445

1206 366 1300 425 DE
1338 365 1574 426 FESTO
1617 365 1745 425 DIE
1786 366 2065 428 NATALI
2109 368 2411 428 DOMINI.

3283 355 3420 421 1446

153 477 276 537 σιλὶ,
298 472 504 528 Ταπέτ.
531 472 722 525 Τοίνυν
748 473 780 538 ἡ
816 472 1128 543 άρχομηνία
1150 471 1246 525 τοῦ
1269 473 1501 543 Τησιρὶν
1530 471 1719 540 μηνὸς,

1842 476 2066 541 l’esirin,
2093 477 2326 539 Chasili,
2367 475 2561 546 Tapet.
2602 475 2784 531 Prima
2820 474 2994 544 igitur
3025 472 3155 527 luna
3198 471 3414 526 mensis

152 568 390 637 καταντᾷ
428 551 518 630 ἐίς
569 566 662 618 τὸν
698 566 1075 637 Σεπτέμϐριον
1128 566 1277 636 μῆνα
1302 582 1316 599 ’
1348 566 1445 619 καὶ
1477 563 1587 616 άπὸ
1626 563 1727 633 τῆς

156 659 465 729 συλλήψεως
491 658 741 712 Ἰωάννου
772 659 876 721 ἕως
901 658 995 710 τοῦ
1025 656 1429 726 εὐαγγελισμοῦ
1466 656 1566 725 τῆς
1594 655 1727 707 Θεο-

152 752 309 805 τόκου
360 749 679 821 ἀριθμεῖται
734 750 941 812 οὓτως·
985 750 1338 820 Ὀκτώϐριος,
1397 746 1726 818 Νοέμϐριος,

154 843 523 912 Δεκέμϐριος,
596 841 962 912 Ἰανουάριος,
1011 841 1399 911 Φεϐρουάριος,
1460 836 1725 908 Μάρτιος.

165 933 331 1002 Ὁμοῦ
351 919 592 1001 γίνονται
621 932 683 998 ἓξ
720 934 906 1003 μῆνες.
943 933 1076 987 Ἀπὸ
1099 932 1157 985 δὲ
1184 932 1279 985 τοῦ
1312 929 1728 1000 Εὑαγγελισμοῦ

154 1022 260 1084 ἓως
282 1023 377 1092 τῆς
404 1022 736 1091 Γεννήσεως,
773 1021 1142 1091 ἀριθμοῦνται
1165 1020 1359 1084 οὕτως,
1391 1018 1726 1089 Ἀπρίλλιος,

157 1113 349 1174 Μάῖος,
384 1112 626 1178 Ἰούνιος,
658 1114 901 1177 Ἰούλιος,
954 1111 1285 1181 Αύγουστος,
1334 1111 1726 1182 Σεπτέμϐριος,

166 1202 517 1274 Ὀκτώϐριος,
542 1204 873 1275 Νοέμϐριος,
898 1204 1257 1275 Δεκέμϐριος.
1292 1204 1383 1255 Ἐν
1403 1203 1459 1256 δὲ
1491 1202 1570 1273 τῷ
1598 1201 1731 1272 μηνὶ

155 1292 231 1363 τῷ
263 1292 304 1358 ζ’
329 1297 395 1365 τῇ
430 1301 460 1348 ι’
483 1313 578 1349 του
614 1296 807 1367 μηνὸς,
833 1292 900 1366 ἦν
922 1300 954 1366 ή
985 1296 1169 1367 ἡμέρα
1197 1295 1291 1348 τοῦ
1328 1293 1602 1365 Ἰλασμοῦ,
1632 1294 1729 1345 καὶ

154 1390 219 1458 τῇ
249 1390 362 1458 ιε’ή
395 1390 555 1458 ἑορτὴ
582 1390 682 1458 τῆς
712 1391 1114 1461 Σκηνοπηγίας.
1172 1390 1260 1443 Ἐν
1304 1388 1454 1457 αὐτῷ
1482 1387 1561 1457 τῷ
1600 1386 1732 1457 μηνὶ

156 1477 452 1531 συνέλαϐεν
492 1479 524 1548 ή
580 1480 971 1549 Ἐλισάϐετ,τῇ
1021 1479 1227 1551 δεκάτῃ
1257 1478 1357 1533 τοῦ
1388 1479 1637 1548 Τησιρὶν,
1674 1479 1731 1530 ὲν

154 1570 343 1641 ήμέρᾳ
375 1569 469 1623 τοῦ
533 1570 809 1638 Ἰλασμοῦ,
856 1571 960 1623 ,καὶ
1010 1574 1076 1642 τῇ
1108 1578 1191 1640 κγ’
1222 1570 1316 1624 τοῦ
1351 1570 1731 1639 Σεπτεμϐρίου

158 1660 350 1729 μηνὸς,
392 1661 427 1732 ή
482 1660 746 1730 σύλληψις
775 1661 1026 1716 Ἰωάννου
1052 1680 1066 1693 ο
1089 1664 1184 1716 καὶ
1220 1664 1286 1732 τῇ
1317 1660 1360 1732 δ’
1402 1660 1495 1713 τοῦ
1526 1661 1731 1722 Νεσὰν,

155 1728 532 1820 Μαρτίουνκεο,
560 1750 590 1802 ό
614 1728 1013 1822 εήύαγγελισμὸς
1034 1754 1135 1821 τῆς
1156 1728 1420 1804 Θεοτόθκου
1445 1752 1543 1820 τῆς
1570 1749 1735 1816 ἁγίας

153 1840 375 1909 Μαρίας
395 1857 409 1871 ο
444 1841 542 1895 καὶ
569 1845 634 1914 τῇ
659 1843 701 1896 ε’
726 1842 821 1896 τοῦ
849 1844 1049 1912 Ταμνὶ,
1076 1842 1299 1896 Ἰουνίου
1334 1840 1432 1906 κδ’,
1474 1842 1508 1910 ή
1539 1838 1730 1909 γέννη-

155 1949 239 1994 σις
270 1930 365 1983 τοῦ
396 1934 711 2005 Προδρόμου
733 1951 747 1966 ·
769 1935 864 1988 καὶ
878 1937 944 2006 τῇ
980 1934 1023 1989 θ’
1048 1934 1141 1988 τοῦ
1165 1935 1372 1994 Σαπὲτ,
1398 1930 1734 2001 Δεκεμϐρίου

154 2022 303 2088 κε’,ή
331 2021 583 2089 γέννησις
600 2021 695 2093 τοῦ
718 2023 978 2093 Χριστοῦ.
1010 2023 1105 2076 τοῦ
1134 2022 1371 2092 μεγάλου
1393 2020 1528 2074 Θεοῦ
1554 2007 1734 2092 ἡμῶν,

153 2107 247 2160 τοῦ
284 2109 659 2178 σαρκωθέντος
691 2111 889 2178 Λόγου.
924 2113 1032 2165 Καὶ
1056 2110 1228 2174 οὕτως
1260 2109 1521 2164 κατέθετο
1551 2112 1579 2161 ό
1612 2106 1741 2160 Ἰού-

154 2199 268 2262 λιος
286 2202 314 2251 ὁ
342 2199 561 2271 Ῥώμης
584 2202 950 2273 πατριάρχης,
968 2203 1096 2265 τοὺς
1127 2202 1303 2271 μῆνας
1330 2201 1440 2254 τῶν
1468 2199 1740 2270 Ἐϐραίων

153 2290 251 2343 καὶ
280 2290 385 2343 τῶν
417 2290 738 2361 Ῥωμαίων
762 2291 824 2357 ἐξ
852 2292 1061 2346 ἐκείνου
1092 2292 1151 2345 δὲ
1184 2292 1379 2346 ἐλαϐεν
1409 2290 1585 2361 ἀρχὴν
1616 2292 1741 2360 ιῑιορ⁴

154 2381 343 2444 στάζειν
380 2385 438 2435 ὲν
463 2383 785 2452 ἀγαλλιάσει
813 2384 923 2439 τῶν
966 2385 1256 2454 Ῥωμαίων
1287 2383 1611 2454 Ἐκκλησία,
1638 2383 1739 2456 τὴν

156 2473 372 2543 ἡμέραν
400 2474 493 2528 τοῦ
522 2475 801 2531 Γενεθλίου
826 2478 921 2531 τοῦ
954 2477 1228 2547 Σωτῆρος,
1260 2475 1601 2547 Δεκεμϐρίου
1636 2481 1739 2539 κε’,

157 2565 252 2617 καὶ
279 2566 565 2635 παρέδωκε
590 2567 795 2631 πάσαις
822 2571 945 2631 ταῖς
974 2569 1346 2639 Ἐκκλησίαις.
1391 2568 1448 2621 ’0
1490 2566 1547 2621 δὲ
1588 2568 1743 2634 ἆγιος

157 2657 441 2722 Βασίλειος
469 2658 710 2729 ἔγραψεν
760 2662 819 2713 ὲν
851 2659 1154 2735 «opime
1188 2660 1297 2713 τῶν
1331 2657 1604 2719 Ἠθικῶν.
1641 2659 1742 2727 τὴν

157 2750 377 2821 ἡμέραν
423 2750 526 2820 τῆς
575 2751 887 2820 Γεννήσεως
938 2750 1031 2805 τοῦ
1067 2751 1345 2821 Σωτῆρος,
1385 2748 1741 2820 Δεκεμϐρίου

157 2850 238 2895 κε’
255 2862 270 2876 ·
308 2845 567 2911 συνέταξε
595 2845 654 2899 δὲ
676 2846 965 2917 Γρηγορίῳ
983 2845 1061 2915 τῷ
1084 2844 1334 2915 Θεολόγῳ
1357 2847 1414 2897 ὲν
1441 2847 1506 2914 τῇ
1537 2844 1740 2914 συνόδῳ

156 2939 224 3005 τῇ
254 2935 311 2987 ιν
355 2935 953 3000 Κωνσταντινουπόλει,
1012 2935 1269 2988 ἐκθέσθαι
1319 2935 1418 2988 καὶ
1467 2932 1741 2987 τελεῖσθαι

155 3027 258 3094 τὴν
277 3025 345 3077 Γὲ
359 3042 537 3094 θνησιν
564 3025 800 3095 ⁴ᾴετιιεμϐ.
820 3032 920 3091 κε’,
940 3026 1034 3079 καί
1056 3042 1200 3087 τινες
1228 3025 1290 3077 οὐ
1318 3024 1739 3092 συγκατέθεντο.

1831 570 2074 635 Tesirin,
2097 571 2343 623 occurrit
2376 573 2429 624 in
2456 585 2699 625 mensem
2726 568 3108 638 Septembrem
3152 584 3165 618 :
3191 575 3359 633 atque
3382 578 3410 617 a

1829 659 2059 715 Joannis
2084 662 2476 730 conceptione!
2508 676 2687 729 usque
2720 661 2789 713 ad
2820 660 3068 728 Deipara:
3103 654 3416 709 Annuntia-

1832 753 2035 807 tionem
2071 754 2154 807 sic
2189 768 2551 807 numeramus
2591 770 2603 804 :
2645 752 2908 813 Dctober.
2941 748 3281 811 November,
3315 748 3417 801 De-

1832 845 2071 909 cember,
2102 843 2423 906 Januarius,
2452 842 2819 902 Februarius.
2854 842 3111 895 Martius.
3148 839 3317 894 Fiunt
3341 838 3419 892 si-

1832 935 1943 989 mul
1984 950 2077 988 sex
2114 949 2350 988 menses.
2391 937 2471 988 Ab
2509 933 2954 989 Annuntiatione
3008 940 3193 986 autem
3242 942 3421 997 usque

1832 1026 1897 1077 ad
1957 1023 2310 1079 Nativitatem
2359 1025 2439 1079 sic
2481 1032 2843 1079 numerantur
2891 1042 2904 1078 :
2944 1023 3174 1093 Aprilis,
3216 1019 3418 1083 Maius,

1830 1114 2060 1178 Junius,
2098 1114 2274 1170 Julius
2295 1156 2310 1180 ,
2350 1117 2635 1185 Augustus
2659 1155 2681 1179 ,
2724 1116 3049 1185 September
3070 1154 3084 1178 ,
3135 1112 3379 1167 October
3403 1152 3419 1174 ,

1835 1205 2165 1268 November,
2198 1206 2524 1260 December.
2562 1205 2757 1267 Porro,
2788 1220 2983 1258 mense
3024 1205 3077 1265 7,
3127 1203 3220 1258 die
3272 1216 3421 1254 men-

1834 1299 1912 1353 sis
1949 1298 2037 1360 10,
2081 1306 2202 1351 erat
2236 1296 2587 1367 Expiationis
2616 1298 2775 1360 dies;
2828 1298 2898 1353 15
2929 1308 3114 1351 autem
3158 1303 3279 1351 erat
3332 1308 3425 1351 so-

1834 1389 2089 1443 lemnitas
2129 1388 2506 1458 Scenopegiaa.
2556 1388 2687 1456 ipso
2722 1403 2912 1443 mense
2940 1387 3198 1455 concepit
3241 1386 3420 1440 Elisa-

1834 1479 1986 1540 beth,
2018 1479 2083 1532 10
2117 1478 2205 1531 die
2253 1481 2463 1534 mensis
2499 1479 2767 1540 Tesirim,
2827 1478 2883 1531 in
2921 1478 3008 1531 die
3042 1476 3421 1546 Expiationis.

1835 1569 2051 1639 fuitque
2099 1569 2169 1623 25
2200 1569 2541 1639 Septembris
2595 1571 2889 1639 conceptio
2917 1568 3149 1624 Joannis
3172 1610 3188 1634 ,
3224 1579 3423 1637 quarta

1838 1672 2014 1714 autem
2047 1662 2255 1715 mensis
2286 1661 2492 1723 Nesan,
2550 1660 2732 1714 Martii
2786 1660 2857 1713 25
2894 1661 2997 1714 fuit
3055 1660 3426 1713 Annuntiatio

1839 1750 1929 1803 Dei
1962 1749 2264 1804 Genitricis
2309 1759 2520 1802 sanctae
2557 1748 2776 1813 Maria};
2811 1750 3011 1817 quinta
3052 1764 3185 1801 vero
3216 1747 3426 1801 mensis

1838 1840 2184 1899 Tamnis.25
2217 1839 2391 1903 Junii,
2439 1840 2543 1893 fuit
2592 1840 2967 1894 Priecursoris
3009 1839 3308 1902 nativitas;
3359 1852 3426 1890 ac

1840 1934 2056 1985 tandem
2092 1931 2125 1984 9
2159 1932 2366 1985 mensis
2404 1929 2592 1999 Sapet,
2636 1931 2955 1985 Decembris
3007 1929 3101 1990 25,
3149 1926 3427 1981 Nativitas

1837 2025 2043 2082 Christi
2080 2026 2263 2093 magni
2304 2024 2399 2077 Dei
2445 2025 2622 2079 nostri
2646 2064 2660 2084 .
2696 2039 2759 2077 ac
2814 2023 2978 2077 Verbi
3010 2022 3309 2076 incarnati.
3336 2020 3427 2075 ln-

1840 2130 1948 2184 qne
1974 2119 2121 2169 hunc
2144 2116 2364 2169 modum
2389 2113 2571 2169 Julius
2594 2114 2877 2167 Romanus
2902 2112 3218 2183 patriarcha
3274 2126 3428 2164 men-

1839 2223 1927 2264 ses
1964 2208 2323 2262 liebrazorum
2354 2215 2525 2275 atque
2565 2207 2942 2260 Romanorum
2996 2202 3311 2272 composuit
3346 2218 3360 2253 :
3396 2215 3427 2254 a

1837 2316 1952 2371 quo
1978 2312 2244 2368 tempore,
2281 2300 2448 2369 cmpil
2478 2298 2725 2351 Retnana
2762 2296 3012 2351 Ecclesia
3073 2296 3210 2350 laetis
3240 2292 3426 2364 gaudii

1840 2394 2126 2448 celebrare
2162 2389 2413 2443 Natalem
2448 2389 2757 2444 Salvatoris
2788 2388 2936 2443 diem
2972 2386 3045 2441 25
3080 2382 3426 2443 Decembris.

1840 2484 2178 2551 tradiditque
2195 2481 2583 2536 celebrandum
2602 2481 2876 2533 universis
2901 2478 3177 2533 Ecclesiis.
3192 2476 3430 2530 Sanctus

1842 2588 2022 2631 autem
2043 2574 2278 2628 Basilius
2290 2574 2513 2641 scripsit
2529 2573 2606 2641 (7)
2624 2573 2676 2626 in
2691 2573 2832 2627 libro
2849 2570 3163 2631 Moralium,
3183 2568 3430 2623 Natalem

1841 2670 2143 2726 Salvatoris
2196 2668 2342 2721 diem
2402 2666 2473 2721 25
2503 2664 2843 2728 Decembris,
2871 2664 3263 2733 mandavitque
3291 2659 3431 2715 Gre-

1840 2760 2292 2834 gorio'l‘heologo
2314 2759 2367 2812 in
2395 2758 2614 2829 synodo
2638 2757 3267 2827 Constantinopolitana
3298 2769 3431 2825 pro-

1812 2854 2106 2920 emulgari,
2142 2866 2205 2905 ac
2253 2852 2526 2905 celehrari
2562 2850 2635 2906 25
2671 2849 3030 2915 Decembris;
3067 2846 3292 2917 quidam
3343 2854 3434 2898 ta-

1843 2959 1972 2999 men
2017 2960 2124 2997 non
2169 2958 2499 3002 assensere.
2546 2942 2922 3008 Quamobrem
2973 2941 3051 2993 ait
3089 2936 3437 3009 Gregorius‘

1844 3033 1911 3086 ad
1952 3033 2312 3086 adversarios
2345 3048 2362 3085 :
2402 3050 2421 3082 ι
2459 3031 2700 3084 Rursum
2722 3030 2887 3086 Jesus
2911 3045 3068 3085 meus
3094 3029 3196 3099 (8),
3228 3037 3283 3083 et
3312 3044 3436 3080 rur-

154 3117 324 3183 Λέγει
356 3113 449 3171 οὖν
481 3117 783 3188 Γρηγόριος
808 3116 946 3189 πρὸς
972 3118 1099 3179 τοὺς
1125 3117 1453 3179 ἀντιπάλους
1472 3130 1485 3143 ·
1522 3136 1539 3167 ι
1572 3116 1742 3168 Πάλιν

1847 3138 1969 3179 sum
2007 3126 2355 3195 mysterium.
2401 3124 2724 3194 Mysterinm
2761 3137 2869 3176 non
2908 3120 3097 3182 fallax,
3134 3135 3237 3173 nec
3272 3120 3433 3173 inde-

156 3206 367 3274 Ἰησοῦξ
400 3209 428 3259 ὁ
451 3207 604 3276 ὲμδς,
634 3208 730 3259 καὶ
754 3206 917 3261 πάλιν
949 3207 1252 3277 μυστήριον
1276 3224 1291 3255 τ
1322 3209 1622 3278 μυστήριον
1644 3208 1745 3260 οὐκ

158 3296 464 3365 ἀπατηλὸν,
489 3297 613 3349 οὐδὲ
645 3297 910 3367 ἄκοσμον,
940 3298 1060 3351 ούδὲ
1078 3300 1176 3368 τῆς
1200 3298 1519 3367 Ἑλληνικῆς
1536 3300 1747 3367 πλάνης

159 3387 317 3458 [Leg.
342 3388 438 3439 καὶ
466 3386 658 3457 μέθης,
695 3394 755 3442 ιιι
778 3398 861 3442 est
903 3388 1117 3460 editis].
1164 3388 1360 3457 Ἡμεῖς
1412 3387 1467 3439 δὲ
1511 3387 1748 3458 Χριστὸν

158 3476 514 3546 ἑορτάζομεν,
536 3476 770 3546 Χριστὸν
784 3477 1194 3546 δοξολογοῦμεν,
1214 3477 1323 3530 εἴτε
1348 3480 1619 3547 γεννήσει,
1636 3478 1747 3531 εἴτε

162 3567 521 3636 βαπτίσματι.
547 3570 680 3637 Οὐχὶ
697 3568 858 3621 δὲτοῦ
890 3569 1265 3639 Ποσειδῶνοςῆ
1294 3569 1388 3621 τοῦ
1410 3568 1751 3629 Ἀπόλλωνος

156 3656 261 3728 τὴν
306 3657 559 3728 γέννησιν
592 3658 958 3729 ἑορτάζομεν,
996 3660 1133 3712 ἀλλὰ
1160 3659 1255 3712 τοῦ
1295 3658 1424 3713 Υἱοῦ
1458 3658 1552 3711 τοῦ
1584 3657 1748 3723 Θεοῦ,

166 3752 274 3803 Ὃν
307 3749 485 3817 ἔθηκε
529 3752 907 3818 κληρονόμον
948 3750 1210 3817 πάντων,
1266 3750 1425 3803 δι’οὗ
1470 3752 1569 3803 καί
1608 3750 1751 3815 τοὺς

162 3839 387 3905 αἰῶνας
416 3840 754 3908 ἐποίησεν.»
784 3843 909 3895 Ὅτι
937 3842 993 3895 δὲ
1022 3840 1078 3895 ἐν
1101 3842 1177 3913 τῷ
1210 3843 1489 3914 Βυζαντίῳ
1517 3846 1546 3896 ὁ
1580 3845 1751 3911 μέγας

162 3930 449 3993 Θεοδόσιος
500 3931 819 3984 ἐϐασίλευσε
848 3932 939 3985 τὸν
968 3933 1259 4003 Ἀρκάδιον
1279 3972 1294 3995 ,
1326 3935 1422 3985 καὶ
1451 3934 1541 3986 τὸν
1584 3932 1753 3986 Ὀνῶ-

167 4022 376 4089 ριονοὲν
410 4020 619 4093 Ῥώμῃ,
644 4022 817 4075 ἐλθὼν
854 4015 1111 4093 ὀνώριος
1151 4025 1210 4076 ὲν
1247 4023 1324 4093 τῷ
1350 4023 1634 4094 Βυζαντίῳ
1670 4024 1752 4087 εις

166 4112 334 4183 ἔργον
362 4129 436 4175 τι,
483 4111 785 4181 διηγήσατο
836 4117 902 4183 τῇ
938 4117 1109 4183 μητρὶ
1157 4114 1253 4168 καὶ
1299 4113 1377 4183 τῷ
1406 4112 1642 4185 ἀδελφῷ,
1668 4115 1753 4168 ὅτι

168 4202 293 4264 πῶς
322 4202 373 4254 0i
412 4201 679 4271 Ῥωμαῖοι
721 4204 1041 4274 ἑορτάζουσι
1097 4205 1199 4276 τὴν
1243 4204 1503 4275 Γέννησιν
1539 4207 1620 4270 είς
1648 4207 1750 4278 τὴν

168 4292 393 4361 ἡμέραν
440 4293 632 4362 αὐτῆς,
664 4293 805 4363 μετὰ
836 4295 1285 4364 ἀναγνωσμάτων
1339 4294 1585 4360 τελείων,
1646 4296 1748 4361 καὶ

168 4382 388 4444 πολλῶν
410 4400 438 4434 τ
446 4385 729 4452 ροπαρίων
753 4387 847 4437 καὶ
868 4386 1194 4454 στοιχαρίων
1212 4400 1227 4416 ο
1260 4385 1526 4463 ὡσαύτως
1555 4384 1649 4439 καὶ
1680 4383 1752 4438 τὰ

1846 3225 2062 3273 eorum,
2129 3225 2308 3278 neque
2361 3210 2626 3279 gentilitii
2686 3209 2899 3263 erroris
2956 3223 3023 3262 ac
3072 3208 3432 3262 tetnulentim.

1848 3299 2132 3354 Christum
2156 3301 2530 3361 celebramus,
2560 3299 2848 3353 Chrismtn
2874 3298 3280 3367 glorificamus,
3317 3298 3436 3351 sive

1848 3392 2226 3457 Nativitatcm,
2283 3394 2402 3446 sive
2449 3391 2731 3459 Baptisma
2780 3392 3101 3446 recolimus.
3138 3387 3248 3443 Nec
3306 3403 3438 3442 vero

1848 3480 2086 3548 Neptuni
2120 3490 2214 3532 aut
2249 3479 2524 3548 Apollinis
2568 3479 2917 3532 celebramus
2966 3477 3176 3539 natale,
3213 3476 3309 3531 sed
3345 3473 3437 3530 Fi-

1848 3572 1907 3624 lii
1937 3572 2065 3634 Dei,
2110 3588 2259 3639 quem
2292 3571 2569 3623 constituit
2604 3569 2862 3622 ltwredem
2892 3571 3290 3631 universorum,
3344 3559 3438 3635 per

1850 3680 2001 3733 quem
2024 3663 2211 3731 {ecitct
2241 3662 2439 3715 sa'cula
2465 3663 2507 3715 ‘.
2540 3681 2559 3713 ι
2598 3660 3157 3732 Quiavero'magnus
3180 3659 3439 3715 Theodo-

1853 3758 1971 3810 sius
1995 3756 2365 3809 constituerat
2401 3754 2704 3809 Arcadium
2733 3754 2982 3822 Byzantii
3016 3756 3438 3822 imperatorem,

1850 3861 1916 3900 ac
1960 3845 2260 3899 llonorium
2289 3845 2494 3908 Romae,
2526 3848 2755 3901 veniens
2789 3845 3068 3901 Honorius
3114 3846 3437 3916 Byzantium

1851 3937 2056 4007 negotii
2107 3937 2317 4005 aliquid
2376 3936 2775 4001 conlecturus,
2839 3938 3093 3990 narravit
3145 3936 3311 3990 matri
3374 3950 3441 3989 ac

1851 4028 2033 4090 fratri,
2089 4034 2148 4079 ut
2184 4023 2419 4078 Romani
2471 4040 2570 4079 sua
2634 4025 2723 4078 die
2776 4024 2969 4081 Natale
3029 4024 3248 4079 Domini
3292 4026 3442 4079 cele-

1851 4118 2097 4180 brarent,
2129 4131 2253 4170 cum
2292 4115 2625 4171 lectionibus
2651 4118 2933 4184 perfectis,
2972 4117 3277 4185 multisque
3311 4123 3440 4171 tro-

1854 4209 2026 4282 pariis
2058 4223 2122 4262 ac
2180 4206 2420 4262 modulis
2458 4226 2471 4263 :
2505 4218 2676 4278 utque
2727 4211 2937 4279 pariter
2988 4210 3192 4265 festum
3246 4208 3430 4275 Bapti-

1852 4296 2046 4353 smatis
2094 4295 2184 4350 die
2205 4295 2447 4364 propria,
2505 4296 2740 4366 integre,
2782 4299 3045 4366 perfecte,
3082 4296 3235 4350 nulla
3270 4296 3441 4350 dimi-

1853 4388 2079 4441 nutione
2102 4386 2257 4439 vario
2278 4385 2542 4440 festorum
2565 4396 2768 4442 ornatu
2795 4397 3143 4459 peragerent,
3172 4387 3432 4455 nihilque

171 4474 529 4543 βαπτίσματα
558 4478 615 4527 ὲν
644 4474 718 4547 τῇ
747 4477 855 4549 ἰδίᾳ
886 4478 1090 4548 ἡμέρᾳ,
1131 4476 1451 4546 ὁλοκλήρως
1501 4478 1598 4530 καὶ
1653 4495 1742 4530 τε·

1853 4478 2025 4530 altera
2071 4490 2138 4529 ex
2188 4476 2362 4528 altera
2413 4474 2688 4531 festivitas
2746 4478 3065 4547 splendoris
3125 4476 3434 4531 amitteret.

169 4564 355 4631 λείως,
383 4566 507 4637 δίχα
536 4570 737 4634 παντὸς
761 4570 1167 4642 ὑστερήματος,
1199 4567 1614 4639 κατακοσμοῦσι
1636 4586 1758 4623 ποι-

282 4744 307 4775 ⁴
336 4743 394 4801 S.
423 4742 590 4815 Greg.
625 4756 772 4805 orat.
794 4748 887 4815 39,
910 4752 1034 4807 init.
1107 4753 1128 4785 '
1158 4750 1323 4808 llebr.
1351 4768 1391 4816 I,
1410 4755 1467 4808 2.

1859 4566 2056 4621 Porro‘
2076 4566 2189 4619 visa
2216 4572 2348 4619 sunt
2402 4563 2633 4621 Honorii
2679 4569 2843 4623 verba
2881 4570 2998 4623 hac
3033 4581 3223 4623 coram
3260 4572 3439 4619 matre

1712 4865 1944 4922 NOTAE.

249 4971 328 5042 (7)
358 4967 587 5049 Sanctus
620 4983 811 5049 autem;
837 4975 1337 5049 Basiliusgscripsit,
1364 4991 1471 5035 etc.
1507 4980 1627 5036 Non
1669 4982 1749 5035 vi-

175 5042 385 5119 dentur
404 5043 518 5119 haec
547 5053 771 5119 exstare
801 5047 858 5119 i_n
876 5049 1057 5119 editis
1087 5042 1295 5103 Basilii.
1324 5042 1629 5119 Agnovissc
1670 5058 1752 5103 ta-

175 5126 322 5193 men.
344 5109 593 5193 Natalem.
614 5115 826 5169 Domini
854 5118 1215 5193 dieinpraeter
1226 5109 1748 5193 diemvEpip‘hanize,

175 5195 247 5260 ac
271 5180 416 5260 diem
441 5179 753 5260 Lutitinutn,
779 5196 966 5260 aperte
997 5179 1202 5243 indicat
1225 5179 1643 5260 nonnobis-25;
1670 5179 1751 5253 εἰς

175 5249 283 5317 τὴν
308 5249 1205 5331 ἁγίανγτού.ᾏριστοῦΓέννησινς
1243 5259 1334 5313 ttbi
1371 5249 1515 5313 to'tus
1549 5249 1640 5331 est;
1692 5249 1747 5313 ni

176 5330 537 5391 sacramento
563 5319 873 5379 diei'illius
919 5319 1256 5391 enarrando,
1310 5343 1375 5382 ac
1420 5345 1486 5383 ne
1520 5329 1751 5384 verbum

177 5386 416 5467 quidem‘
439 5391 797 5467 habet_quo_d
836 5404 1074 5467 ‘spectet
1104 5398 1169 5467 ad
1212 5386 1355 5452 diem
1416 5397 1758 5467 Epiphaniae,

220 5463 351 5532 rout
378 5455 553 5532 Graeci
577 5455 721 5532 diejn
754 5455 1077 5532 Epiphania:
1111 5466 1311 5522 festum
1346 5455 1572 5530 haben},
1612 5455 1764 5522 τοοοᾷ

1850 4990 2011 5041 Διιοηε,
2053 4982 2105 5034 in
2137 4978 2220 5035 die
2262 4981 2474 5045 Natali,
2512 4991 2605 5034 aut
2636 4979 2973 5048 Epiphania,
3022 4977 3244 5033 inscitia
3298 4977 3437 5043 fuit;

1854 5049 2074 5121 forsque
2111 5053 2293 5119 posuit
2323 5055 2417 5115 ita,
2451 5050 2598 5121 quod
2632 5052 2860 5105 verbum
2888 5048 3112 5121 aliquod
3147 5049 3218 5121 tle
3246 5062 3438 5121 mago:

1852 5135 1972 5173 rum
1988 5116 2328 5189 'adoratione
2366 5116 2587 5189 legerit;
2615 5122 2709 5175 sed
2732 5136 2853 5174 eam
2880 5116 3332 5189 Graecireferunt
3350 5116 3433 5189 ad

1852 5192 1970 5258 ipsa
2002 5188 2139 5243 festa
2173 5186 2459 5254 natal‘ltia',
2513 5206 2615 5245 nec
2652 5191 2710 5244 in
2764 5190 2853 5243 die
2922 5186 3242 5255 Epiphaniae
3292 5187 3443 5241 aliud

1851 5259 2310 5329 qnam_baptisma
2344 5262 2615 5322 recolunt,
2645 5261 2724 5329 uti
2752 5259 2864 5328 jam
2909 5272 3101 5329 supra.

1923 5329 2000 5398 (8)
2018 5326 2247 5398 Rursum
2277 5327 2435 5383 Jesus
2457 5346 2631 5398 meus.
2652 5326 2834 5381 Prima
2858 5332 3028 5398 verba
3058 5327 3439 5398 initium_sunt

1861 5395 2003 5455 orat.
2034 5396 2280 5467 Gregorii
2311 5400 2362 5451 iu
2391 5410 2579 5453 sancta
2615 5397 2885 5461 Lumina;
2927 5397 3020 5449 sed
3054 5395 3340 5467 sequentia
3372 5397 3443 5447 ab

1860 5469 1968 5522 illis
2036 5464 2237 5528 verbis.
2306 5469 2497 5536 Ἡμεῖς
2526 5471 2583 5523 δὲ
2630 5467 2867 5536 Χριστὸν
2916 5464 3293 5535 ἑορτάζομεν,
3328 5479 3441 5518 non

182 5525 615 5608 iendo__scilicet
657 5525 873 5608 Domini
906 5534 1255 5608 baptismum,
1293 5552 1357 5591 ac
1391 5525 1568 5591 nostri
1602 5539 1762 5608 velut
1862 5538 2080 5591 invenio
2114 5541 2167 5591 in
2197 5525 2494 5603 Gregorio;
2524 5539 2629 5593 nisi
2677 5525 2817 5591 forte
2848 5525 3043 5608 auctor
3088 5525 3167 5587 ad'
3213 5525 3440 5608 sensum

180 5600 574 5676 initiationem,
596 5600 954 5676 sanctiﬁcatis
976 5600 1437 5661 eontactucarnis
1463 5606 1760 5661 Dominicaa
1860 5608 2121 5675 respexit,
2152 5600 2431 5676 voluitque
2472 5600 2670 5662 dicere
2688 5623 2795 5660 una
2830 5604 3079 5676 periodo.
3108 5604 3257 5673 quod
3289 5602 3441 5676 ΕΓΒ-

184 5664 257 5748 ad
287 5665 591 5748 spiritalem
618 5674 1050 5748 generationem,
1083 5676 1264 5744 aquis.
1300 5676 1457 5748 [inde
1480 5676 1638 5748 quod
1671 5679 1756 5732 in-

185 5742 361 5802 terpr.
396 5741 469 5791 ita
529 5741 811 5811 inscripsit
844 5761 858 5797 :
900 5742 973 5799 De
1005 5741 1238 5801 humana
1286 5741 1755 5816 Christi—genera-

1857 5672 2045 5745 gorius
2069 5678 2235 5747 longo
2248 5672 2504 5735 discursu
2525 5678 2809 5743 edisserit,
2830 5672 3139 5731 traducens
3158 5672 3441 5744 gentilium

1858 5762 2043 5801 sacra.
2316 5768 2340 5815 χ
