4118 6440
121 383 255 446 Hi9

1142 377 1236 439 DE
1279 376 1511 438 FESTO
1551 375 1680 437 DIE
1721 376 1993 438 ΝΛΤΛΙᾸ
2038 379 2330 440 ΒΟΜΙΝῘ.

3237 357 3372 424 1450

118 500 429 570 διατρέφει.
477 498 600 550 Ἐὰν
627 495 809 566 πατὴρ
857 493 916 546 τὸ
948 493 1231 562 βάπτισμα
1258 493 1355 545 καὶ
1386 493 1478 544 τὸν
1510 491 1688 560 γάμον
1719 543 1722 553 ,

1824 506 2036 563 ensque
2066 493 2358 556 videatur;
2402 497 2462 543 ut
2495 493 2678 542 autem
2716 489 2895 556 pater,
2931 477 3096 533 unius
3127 473 3238 530 diei
3262 486 3374 526 οη·-

119 593 211 646 τοῦ
245 590 574 660 προσφιλοῦς
612 587 729 641 υίοῦ
768 587 1004 655 ἐορτὰσῃ
1028 627 1042 649 ,
1103 584 1199 636 ἐὰν
1244 584 1300 633 ὲν
1360 584 1455 653 μιᾷ
1483 582 1690 652 ἡμέρᾳ,

120 685 222 736 οὐκ
249 685 395 735 ἐστιν
424 683 646 743 ἄτοπον,
678 679 801 732 οὐδὲ
831 677 1082 746 ἀπρεπές
1108 693 1120 706 ·
1175 677 1225 726 εἰ
1259 674 1354 727 καὶ
1374 674 1461 725 διὰ
1504 672 1694 724 πενίαν

122 775 283 828 τοῦτο
321 775 560 842 ποιήσει,
590 769 812 840 ἄριστόν
843 770 1011 828 ἐστιν,
1035 767 1100 818 ἂν
1130 765 1287 818 τοῦτο
1313 767 1369 816 ὲν
1395 765 1491 834 μιᾷ
1512 762 1695 833 ἡμέρᾳ

124 869 346 938 ποιήσῃ,
370 865 403 934 ἢ
430 863 544 917 δύο.
592 863 654 915 'il
682 858 776 914 οὖν
812 859 944 927 ἁγία
975 856 1298 926 Ἐκκλησία,
1340 857 1388 907 εἰ
1434 856 1531 908 καὶ
1576 854 1698 906 τότε

126 962 220 1013 ἐπὶ
245 959 355 1011 τῶν
381 955 696 1010 ἀποστόλων
737 956 795 1006 ὲν
827 951 1071 1022 πτωχεία
1105 949 1342 1018 ὑπῆρχε,
1369 948 1457 1000 διὰ
1488 948 1584 1009 τὰς
1618 947 1700 998 αἱ·

131 1053 312 1122 ρέσεις
339 1049 451 1101 τῶν
486 1047 824 1114 φιλονείκων,
863 1045 959 1096 καὶ
990 1042 1390 1100 ἐπαναστάσεις
1438 1037 1578 1090 κατὰ
1602 1037 1701 1106 τῆς

129 1145 301 1213 ὀρθῆς
337 1142 595 1205 πίστεως,
638 1138 732 1192 καὶ
764 1137 856 1190 διὰ
883 1136 1007 1198 τοὺς
1043 1133 1294 1195 ὲθνικοὺς
1327 1132 1420 1184 καὶ
1443 1130 1703 1190 ἀπίστους

135 1235 396 1305 βασιλεῖς,
430 1233 526 1286 καὶ
556 1230 646 1283 διὰ
667 1230 791 1290 τοὺς
813 1227 1106 1296 διωγμοὺς,
1139 1227 1232 1276 καὶ
1260 1223 1349 1275 διὰ
1385 1223 1482 1290 τὴν
1504 1219 1708 1290 θρασύ-

132 1345 276 1399 τητα
309 1325 417 1380 τῶν
445 1323 730 1383 Ἰουδαίων,
754 1322 802 1374 οἳ
829 1321 1017 1388 ὥσπερ
1049 1317 1269 1387 κύματα
1299 1315 1577 1381 θαλάσσης
1607 1329 1707 1364 πε-

141 1420 514 1493 ριεκύκλωσαν
534 1416 629 1469 νῦν
671 1415 728 1466 δὲ
761 1411 992 1464 πλουσία
1014 1411 1182 1471 ἐστὶν,
1212 1407 1400 1473 ἐπειδὴ
1428 1407 1507 1467 εἰς
1532 1405 1710 1458 πάντα

138 1515 232 1566 τὸν
259 1513 464 1580 κόσμον
489 1505 777 1577 ὲξηπλώθη
796 1505 856 1555 τὸ
881 1501 1236 1567 Εὑαγγὲλιον,
1263 1500 1358 1551 καὶ
1393 1497 1556 1567 μέχρι
1580 1512 1708 1564 τερ-

144 1605 331 1676 μάτων
351 1603 450 1670 τῆς
476 1600 578 1670 γῆς
611 1597 845 1666 ἔφθασεν
863 1596 892 1646 ό
917 1594 1071 1661 λόγος
1098 1594 1196 1662 τῆς
1225 1589 1506 1656 ἀληθείας.
1556 1588 1712 1640 Ἐπεὶ

141 1698 200 1749 δὲ
231 1693 370 1763 μετὰ
403 1691 690 1762 τριακόσια
722 1687 818 1756 ἔτη
852 1683 1124 1754 ἐχώρισαν
1163 1682 1227 1734 τὸ
1279 1682 1472 1749 Πάσχα
1520 1679 1586 1732 ὲκ
1615 1677 1712 1730 τοῦ

158 1784 455 1841 ἰουδαῖκοῦ
477 1802 491 1816 ·
526 1780 789 1841 ὡσαύτως
811 1778 905 1831 ιιιαῖ⁹
931 1777 1026 1830 νῦν
1047 1774 1144 1844 τὴν
1163 1773 1378 1842 ἡμέραν
1417 1770 1524 1825 τῶν
1554 1770 1715 1823 Γενε-

147 1881 312 1934 θλίων
369 1878 464 1931 καὶ
505 1875 601 1929 τοῦ
635 1873 1009 1942 βαπτίσματος
1063 1867 1416 1937 ἑορτάζομεν,
1475 1862 1716 1932 ἑκάστην

146 1972 481 2040 τελουμένην
508 1971 566 2022 ὲν
599 1970 664 2036 τῇ
693 1966 799 2029 ἰδίᾳ
821 1962 1025 2033 ἡμέρᾳ,
1048 1960 1141 2013 καὶ
1166 1958 1305 2029 μετὰ
1337 1955 1560 2008 τελείων
1589 1955 1717 2007 ἀνα.

146 2062 514 2133 γνωσμὰτων,
547 2057 862 2129 τροπαρίων
894 2053 988 2106 καὶ
1040 2050 1314 2113 κανόνων,
1344 2047 1439 2100 τοῦ
1473 2046 1591 2108 ἐνὸς
1624 2045 1718 2098 καὶ

148 2155 246 2208 τοῦ
282 2151 445 2206 αὑτοῦ
473 2149 678 2218 Κυρίου
708 2144 864 2215 ἡμῶν
902 2140 1074 2210 Ἰησοῦ
1098 2137 1337 2208 Χριστοῦ
1363 2153 1377 2166 ·
1402 2136 1499 2188 καὶ
1527 2137 1623 2204 οὐχ
1644 2135 1720 2197 ὡς

163 2246 418 2310 Ἰωάννης
444 2242 472 2292 ό
500 2235 925 2306 Μαυροκομίτης
958 2230 1261 2300 ἀπατηθεὶς
1289 2229 1586 2298 κατηγορεῖ
1622 2226 1720 2294 τῆς

163 2333 515 2404 Ἐκκλησίας,
572 2331 665 2382 καὶ
702 2327 958 2398 φλυαρῶν
993 2323 1264 2390 ἔφασκεν’
1324 2322 1404 2373 ὃτι
1450 2319 1518 2372 δι’
1548 2321 1724 2371 ἐκεῖνο

151 2428 529 2496 κατεμέρισαν
557 2425 638 2485 εἰς
660 2421 786 2490 τρία
808 2418 907 2488 τὴν
951 2416 1080 2485 μίαν
1113 2413 1329 2485 ἑορτὴν,
1361 2413 1444 2464 ὅτι
1492 2411 1585 2463 καὶ
1633 2409 1725 2462 τὸν

151 2516 391 2586 Χριστὸν
413 2513 555 2566 κατὰ
588 2509 884 2578 Νεστόριον
935 2505 1127 2558 διεῖλον
1181 2505 1261 2564 εἰς
1307 2501 1402 2554 δύο
1431 2499 1720 2568 πρόσωπα.

165 2609 361 2678 Ἡμεῖς
388 2607 442 2659 δὲ
480 2601 950 2672 ἀναθεματίζομεν
979 2598 1294 2666 Νεστόριον,
1325 2595 1399 2656 ὡς
1442 2592 1722 2663 ἀνθρωπο-

153 2700 472 2769 παραδότην
507 2708 553 2760 θ,
592 2693 684 2749 καὶ
714 2693 806 2745 τὸν
833 2690 1045 2758 Εὐτυχῆ
1069 2688 1163 2740 καὶ
1189 2685 1495 2746 Ἰουλιανὸν,
1525 2683 1727 2736 καὶτὸν

154 2790 586 2861 Μαυροκομίτην
622 2786 876 2856 Ἰωάννην
913 2783 1005 2835 τὸν
1042 2780 1344 2850 σύμϐουλον
1376 2776 1563 2831 αὐτοῦ.

235 3068 346 3119 Καὶ
388 3066 405 3101 ί
439 3063 599 3133 ἡμεῖς
637 3061 728 3112 τὸν
763 3059 967 3129 Κύριον
998 3056 1250 3123 ἀληθινὸν
1287 3055 1422 3106 Θεὸν
1453 3053 1610 3124 ἡμῶν
1639 3055 1732 3107 καὶ

1796 585 1942 649 culo,
1993 585 2184 640 dilecti
2219 582 2317 637 ﬁlii
2363 579 2636 651 baptisma
2689 575 2899 648 pariter
2928 580 3094 639 atque
3149 564 3376 634 nuptias

1795 678 2066 743 celebret,
2119 677 2256 731 nihil
2298 675 2568 730 absonum
2623 670 2720 734 sit,
2775 678 2868 722 aut
2900 664 3090 719 minus
3120 659 3324 714 decens
3355 671 3374 708 :

1797 780 1960 840 atque
1994 778 2053 824 ιιι
2098 777 2320 839 propter
2385 772 2761 836 paupertatem
2804 758 3009 819 faciat,
3041 752 3204 823 plane
3235 761 3379 818 prte-

1798 838 1968 917 stabit
2025 838 2228 915 utinno
2257 859 2440 930 potius
2482 871 2647 926 quam
2679 852 2895 906 duobus
2929 846 3123 902 diebus
3166 855 3280 895 rem
3300 838 3379 891 fa-

1805 955 1936 1007 ciat.
1969 952 2172 1006 Sancta
2203 965 2334 1019 ergo
2361 947 2632 1006 Ecclesia,
2663 952 2982 1012 quanquam
3021 933 3124 989 sub
3161 938 3378 998 aposto~

1805 1047 1873 1100 Iis
1900 1058 2110 1114 pauper
2141 1043 2376 1101 exstitit,
2413 1045 2641 1109 prepter
2664 1029 3005 1088 contentioni
3044 1024 3377 1082 studenttum

1807 1139 2062 1198 haereses,
2087 1149 2151 1187 ac
2174 1148 2270 1187 eos
2306 1132 2399 1202 (ιιιί
2435 1135 2598 1184 recta:
2624 1125 2746 1180 ﬁdei
2771 1124 3222 1179 adversarentur,
3254 1126 3380 1165 nec-

1807 1243 1915 1282 non
1940 1233 2163 1296 propter
2186 1239 2343 1295 reges
2369 1222 2627 1278 ethnicos
2649 1232 2714 1271 ac
2743 1215 3016 1275 inﬁdeles,
3047 1217 3383 1281 propterque

1809 1319 1991 1373 illatas
2017 1315 2457 1387 persecutiones,
2490 1325 2554 1364 ac
2593 1317 2818 1380 prepter
2862 1303 3180 1359 Judmorum
3211 1297 3383 1351 auda-

1809 1411 1974 1473 ciam,
2012 1408 2216 1478 quibus
2265 1421 2365 1460 ceu
2422 1402 2685 1458 ﬂuctibus
2738 1397 2911 1452 maris
2951 1395 3388 1459 circumquaque

1810 1502 2035 1569 obsepta
2074 1505 2192 1553 erat
2233 1510 2248 1548 :
2302 1509 2451 1549 nunc
2501 1501 2685 1546 tamen
2735 1489 2892 1543 dives
2946 1492 3050 1549 est,
3109 1481 3386 1552 siquidem

1814 1589 2168 1660 Evangelinm
2191 1586 2526 1655 explicatum
2549 1582 2712 1637 estin
2742 1577 3008 1633 mundum
3036 1574 3386 1634 universum,

1815 1697 2108 1750 sermoque
2143 1677 2398 1733 veritatis
2437 1675 2682 1744 pervasit
2729 1685 2908 1740 usque
2940 1667 3007 1721 ad
3043 1666 3180 1720 lines
3208 1673 3366 1718 tera:

1817 1773 1956 1840 Quia
1997 1787 2126 1839 ergo
2181 1778 2303 1839 post
2356 1781 2532 1821 annos
2567 1771 2847 1820 trecentos
2875 1757 3253 1814 Christianum
3285 1752 3391 1806 Pa-

1820 1866 1948 1920 scha
1978 1881 2006 1916 a
2033 1861 2265 1916 Judaico
2292 1864 2646 1929 separarunt,
2675 1855 2867 1910 eadem
2896 1865 3046 1906 nunc
3061 1862 3281 1919 quoque
3303 1860 3393 1900 ra-

1821 1960 1992 2018 tione,
2025 1955 2407 2010 Natalitiormn
2434 1951 2578 2006 diem
2603 1963 2665 2002 ac
2693 1943 3061 2017 baptismatis,
3081 1955 3182 1998 suo
3204 1953 3394 2010 quem-

1821 2065 1929 2118 qne
1963 2063 2026 2101 ac
2056 2045 2277 2115 proprio
2325 2043 2436 2105 die,
2497 2057 2560 2094 ae
2626 2055 2752 2093 cum
2815 2035 3077 2106 perfectis
3140 2032 3394 2087 lectioni-

1823 2142 1950 2198 bus,
1985 2136 2354 2204 modulisque,
2388 2148 2450 2186 ac
2487 2129 2817 2186 canonibus,
2854 2127 3020 2179 unius
3053 2139 3119 2177 ac
3151 2120 3394 2192 ejusdem

1825 2228 2037 2284 Domini
2075 2227 2250 2281 nostri
2280 2223 2408 2280 Jcsu
2466 2221 2701 2282 Christi,
2737 2218 2930 2272 festive
2979 2215 3218 2269 colimus
3251 2230 3266 2265 :
3298 2224 3396 2264 nec

1825 2336 1976 2382 vero,
2011 2319 2087 2373 uti
2116 2333 2310 2372 errore
2342 2315 2610 2383 deceptus
2637 2310 2881 2366 Joannes
2914 2308 3007 2362 ille
3035 2302 3402 2358 Mauroeomi-

1827 2421 1909 2467 tes
1933 2409 2241 2464 Ecclesiam
2277 2403 2648 2476 reprehendit,
2683 2416 2747 2456 ae
2786 2413 3001 2468 nngans
3036 2396 3114 2450 ait
3145 2413 3161 2450 :
3190 2392 3400 2447 Idcirco

1826 2502 2228 2558 solemnitatem
2263 2511 2430 2551 unam
2469 2496 2524 2548 in
2567 2503 2678 2547 tres
2713 2491 2902 2561 partiti
2955 2497 3109 2552 sunt,
3166 2487 3295 2554 quia
3348 2492 3402 2536 et

1826 2596 2104 2650 Christum
2146 2587 2479 2644 Nestoriano
2515 2599 2706 2640 errore
2743 2583 2797 2636 in
2827 2580 2966 2636 duas
3014 2590 3284 2649 personas
3312 2572 3400 2627 di-

1829 2689 2099 2741 viserunt.
2127 2683 2240 2736 Nos
2272 2678 2548 2750 siquidem
2571 2675 2864 2730 anathema
2883 2671 3138 2727 Nestorio
3166 2668 3405 2722 dicimus

1832 2788 2094 2847 tanquam
2127 2771 2370 2826 hominis
2409 2767 2717 2829 adoratori,
2760 2763 3037 2831 simulque
3090 2756 3404 2828 Eutycheti,

1830 2878 1885 2924 et
1928 2866 2188 2927 Julian-3,
2261 2863 2494 2932 ejusque
2563 2857 2929 2912 conciliorum
2985 2851 3140 2908 socio
3206 2846 3406 2904 Joanni

1833 2959 2259 3016 Manrocomitm.

1904 3048 2251 3106 Conﬁtentur
2279 3053 2463 3100 autem
2501 3040 2794 3097 Dominum
2845 3051 3035 3091 verum
3103 3033 3272 3087 Deum
3306 3044 3408 3084 no-

160 3121 704 3227 ﬁ~IOpoirtov"1é).etov,
737 3121 869 3202 Θεὸύ
899 3153 962 3202 ἐκ
987 3121 1144 3212 Θεού,
1164 3148 1279 3213 φῶς
1303 3149 1458 3215 ἅγιον
1574 3145 1722 3217 ἀχρὸ·

1845 3152 2044 3204 strnm,
2096 3149 2259 3208 atque
2289 3135 2564 3190 hominem
2599 3131 2929 3202 perlectum-
2966 3126 3135 3180 Deum
3175 3123 3244 3176 de
3276 3121 3409 3183 Deo,

164 3269 258 3303 νου
287 3247 483 3316 φωτὸς,
519 3246 581 3296 ὲκ
613 3243 707 3311 τοῦ
736 3243 947 3310 Πατρὸς
981 3239 1312 3307 γεννηθέντα
1343 3237 1450 3307 πρὸ
1476 3237 1585 3288 τῶν
1611 3236 1742 3288 αἰώ-

164 3356 296 3396 νων,
329 3336 421 3388 καὶ
455 3336 518 3384 ἐκ
547 3333 642 3400 τῆς
669 3330 831 3396 ἁγίας
858 3328 1138 3398 Παρθένου
1175 3327 1280 3379 ὑπὸ
1304 3327 1494 3395 χρόνον
1516 3325 1742 3394 γενόμε-

168 3447 262 3480 νον
292 3425 506 3494 ἀληθῶς
533 3423 837 3492 ἄνθρωπον.
884 3422 996 3488 Οὐχ
1027 3420 1056 3471 ὃ
1079 3415 1146 3488 ἦν
1186 3417 1507 3487 μεταϐαλὼν
1560 3416 1744 3485 (ἄτρε-

171 3534 307 3577 πτος
330 3517 440 3583 γὰρ
470 3515 502 3581 ἡ
537 3513 754 3576 θεότης,
785 3509 1052 3568 συναῖδιος
1071 3505 1149 3575 τῷ
1177 3508 1371 3576 Πατρὶ,
1394 3508 1488 3558 καὶ
1521 3504 1746 3574 σύνθρο-

173 3624 266 3668 νος
286 3605 362 3674 τῷ
400 3603 539 3672 ἁγίῳ
567 3599 888 3668 Πνεύματι),
915 3598 1030 3649 ἀλλ’
1060 3597 1089 3649 ὃ
1138 3600 1237 3650 οὐκ
1274 3592 1342 3666 ἦν
1389 3595 1742 3667 προσέλαϐεν.

188 3698 250 3749 '0
285 3695 566 3764 ἁχὼρητος
601 3691 850 3761 ἐχωρήθη
881 3707 893 3717 ·
928 3688 1170 3751 καταϐὰς
1193 3687 1253 3754 ἐξ
1297 3687 1528 3757 οὖρα,νοῦ
1577 3687 1746 3756 ἐσαρ-

177 3785 332 3856 κώθη
369 3785 432 3838 ἐκ
463 3784 561 3852 τῆς
613 3782 771 3848 ἁγίας
803 3778 1109 3849 Παρθένου,
1147 3779 1240 3832 καὶ
1269 3778 1538 3847 ἐγεννήθη
1566 3779 1645 3840 εἰς
1687 3777 1748 3829 τὸ

179 3877 336 3943 ἅγιον
371 3872 629 3943 σπήλαιον
650 3889 661 3901 ”
687 3866 987 3938 ὲὸατττίσθη
1019 3869 1077 3918 ἐν
1112 3867 1370 3937 Ἰορδάνῃ,
1401 3866 1746 3938 ἐσταυρώθη,

179 3967 390 4035 ἰτὰυηο
420 3963 657 4026 ἀναστὰς
689 3959 966 4031 ἀνελήφθη
993 3959 1073 4023 είς
1093 3957 1183 4011 τὸν
1209 3959 1462 4028 οὐρανὸν,
1497 3959 1592 4012 καὶ
1622 3957 1752 4012 ικα-

179 4056 333 4108 θισεν
364 4055 428 4108 ἑκ
443 4052 631 4118 δεξιῶν
665 4051 757 4106 τοῦ
782 4052 994 4123 Πατρός
1015 4069 1026 4082 ·
1061 4050 1341 4106 ἐλεύσεται
1367 4050 1424 4105 δὲ
1454 4052 1637 4121 κρῖναι
1660 4049 1754 4102 τὸν

183 4151 390 4223 κόσμον
419 4151 476 4202 ἐν
508 4147 822 4220 δικαιοσύνῃ
842 4163 854 4177 ·
890 4147 1040 4218 αὐτῷ
1081 4148 1284 4218 ἠδόξει,
1319 4148 1416 4201 σὺν
1445 4147 1521 4215 τῷ
1554 4147 1750 4216 Πατρὶ,

183 4242 283 4295 καὶ
311 4240 388 4310 τῷ
415 4241 555 4312 ἁγίῳ
577 4240 876 4311 Πνεύματι,
904 4241 983 4305 εἰς
1006 4240 1132 4301 τοὺς
1160 4240 1384 4302 αἰῶνας.
1410 4239 1604 4307 Ἀμήν.

1844 3241 2100 3291 sanctum
2128 3232 2311 3286 lumen
2347 3229 2412 3283 de
2433 3235 2642 3280 aeterno
2672 3221 2901 3285 lumine,
2933 3234 2994 3273 ex
3032 3217 3194 3271 Patre
3222 3222 3413 3268 nattzm

1843 3335 1970 3382 ante
1993 3325 2215 3385 smcula,
2239 3321 2563 3388 factumque.
2584 3320 2690 3370 sub
2717 3324 2966 3382 tempore
2983 3324 3111 3364 vere
3134 3307 3413 3362 hominem

1841 3434 1908 3473 ex
1937 3424 2123 3471 sancta
2150 3411 2392 3481 Virgine.
2423 3408 2544 3462 Non
2577 3405 2769 3460 amisit
2796 3402 2942 3473 quod
2974 3407 3114 3455 erat.
3141 3397 3279 3452 Nam
3301 3397 3414 3451 dei-

1845 3519 1930 3562 tas
1965 3506 2324 3561 mutationem
2356 3517 2464 3554 non
2501 3498 2733 3568 recipit:
2767 3504 3080 3549 coaeternus
3115 3489 3318 3550 Patris,
3351 3500 3417 3541 ac

1843 3597 2028 3654 eadem
2059 3594 2319 3651 sublimis
2357 3591 2486 3647 sede
2522 3605 2647 3645 cum
2675 3595 2872 3643 sancto
2905 3583 3114 3654 Spiritu
3145 3599 3159 3635 :
3196 3579 3290 3636 sed
3325 3593 3417 3632 as-

1844 3687 2079 3756 sumpsit
2115 3686 2259 3753 quod
2300 3700 2404 3736 non
2439 3691 2581 3735 eral.
2626 3679 2730 3745 Qui
2764 3678 2888 3748 capi
2923 3691 3032 3730 non
3061 3679 3304 3744 poterat,
3335 3671 3418 3725 fe-

1845 3780 1918 3833 cit
1960 3787 2020 3832 ut
2078 3783 2391 3845 caperetur.
2443 3770 2800 3826 Descendens
2851 3768 2918 3820 de
2962 3765 3138 3829 ρωιο,
3193 3775 3419 3815 carnem

1846 3867 2083 3939 sumpsit
2110 3881 2178 3920 ex
2213 3873 2404 3920 sancta
2443 3860 2690 3933 Virgine,
2723 3874 2788 3914 ac
2825 3859 2877 3912 in
2911 3869 3073 3912 sacra
3116 3868 3287 3924 specu
3322 3864 3420 3907 na-
3479 3912 3485 3918 ο

1849 3967 1938 4016 tus
1965 3966 2070 4014 est.
2105 3956 2424 4029 Baptizatus
2455 3963 2540 4010 est
2567 3953 2622 4007 in
2662 3950 2927 4014 Jordane,
2970 3946 3298 4006 cruciﬁxus.
3330 3957 3421 3999 se-

1851 4049 2058 4122 pultus.
2077 4047 2212 4102 Cum
2233 4045 2650 4107 resurretisset,
2673 4048 2994 4111 assumptus
3015 4047 3098 4096 est
3124 4039 3178 4092 in
3199 4035 3420 4097 calum,

1851 4143 2099 4211 seditque
2131 4141 2196 4196 ad
2226 4140 2510 4196 dexteram
2535 4136 2718 4192 Patris
2745 4154 2759 4192 :
2782 4140 3052 4190 venturus
3073 4137 3159 4188 est
3171 4127 3426 4197 judicare

1850 4233 2115 4289 mundum
2169 4233 2224 4286 in
2273 4230 2508 4302 iustitia.
2567 4228 2676 4298 Ipsi
2725 4225 2907 4298 gloria
2940 4237 3069 4281 cum
3123 4221 3288 4278 Patre
3353 4229 3420 4271 ac

1851 4333 2040 4381 sancto
2071 4323 2275 4396 Spiritu
2313 4322 2368 4378 in
2400 4320 2621 4378 saecula.
2645 4319 2843 4374 Amen.

765 4587 768 4592 _
1453 4501 1686 4558 nam
1717 4498 2124 4557 LECTIONES.

303 4617 326 4646 ο
346 4605 430 4660 ἴσ.
452 4589 935 4675 ἀνθρωπολᾶτρην,
1015 4600 1036 4639 τ
1062 4602 1223 4654 λείπ.
1255 4594 1666 4667 προσκυνοῦμεν
1686 4636 1701 4662 ,
1735 4594 1887 4661 ἢτοι,
1923 4589 2144 4662 ὁμολογ.

538 5802 804 5861 νει-μοι..
836 5797 952 5856 Cn.
997 5794 1193 5856 XCVI.

3051 5777 3125 5841 46
