4118 6440
683 408 3974 457 $2M

2261 591 2351 647 DE

1471 793 1545 913 J
1555 787 1880 916 ΟΑΝ
1888 792 1985 914 Ν
1995 790 2140 918 IS
2225 793 3140 923 EUB(EENSIS

1048 1080 1673 1176 ORATIONE
1763 1087 1890 1176 IN

2001 1085 2948 1182 CONCEPTIONEM
3053 1088 3631 1182 DEIPARE.

1856 1330 2785 1444 MONITUM.

1517 1539 1640 1597 (Ant
1660 1541 1961 1600 .BALLentm,
1987 1540 2191 1605 Sytloge
2213 1547 2654 1604 monumentorum,
2687 1551 2813 1604 etc.,
2838 1550 2875 1594 t.
2901 1545 3006 1607 l.p.
3032 1543 3140 1607 56.)

679 1709 707 1770 §
731 1707 858 1756 I-lV.
882 1734 942 1744 -
965 1706 1040 1756 De
1063 1708 1314 1757 codicibus
1352 1709 1474 1770 hanc
1516 1709 1792 1756 cntionem
1836 1710 2230 1760 continentibus.
2259 1740 2321 1750 —

2342 1711 2450 1780 §Y.
2480 1713 2553 1762 De
2583 1716 2800 1780 auctoris
2836 1722 2983 1780 aetate
3016 1721 3070 1764 et
3120 1718 3427 1778 praestantia.
3454 1721 3639 1771 Allatii
3681 1725 3975 1780 coniectura

743 1771 1133 1846 (quendll‘l‘lll't'i?
1161 1768 1447 1846 gangraena:
1470 1772 2108 1846 no‘minealictori_‘tributo.
2143 1776 2255 1846 τε
2282 1768 2474 1846 γιῖσιη
2499 1777 3089 1846 γειεευηέηζιρηῃίιὶπυφ
3120 1768 3174 1846 in
3209 1768 3606 1840 lionceptionem
3627 1768 3974 1846 'ne.,?13r£ini

739 1832 874 1878 dole.
903 1857 962 1867 ——
984 1832 1011 1893 ᾗ
1034 1832 1136 1880 VII.
1166 1832 1235 1879 De
1279 1833 1480 1879 historia
1527 1831 1807 1880 Natiritalis
1856 1833 1906 1881 Β.

742 1893 1150 1944 depereat.auod
1172 1895 1294 1941 hanc
1327 1895 1579 1942 historiam
1605 1905 1697 1942 ceu
1721 1907 1882 1943 veram
1915 1908 1942 1943 a
1979 1909 2012 1943 η

742 1893 1002 1954 depereat.
1019 1895 1150 1955 quod
1172 1895 1294 1941 hanc
1327 1895 1579 1942 historiam
1605 1905 1697 1942 ceu
1721 1907 1882 1943 veram
1915 1893 2221 1947 admiserint.

2053 1835 2247 1903 Jacobo‘
2271 1839 2499 1897 ascripta.
2546 1837 2655 1899 -ς
2703 1837 2932 1888 \’lll.An
2972 1842 3224 1903 quidpiam
3266 1835 3556 1892 auctoritati
3603 1835 3825 1896 Patrum
3874 1859 3976 1898 mle

754 2228 795 2282 l.
828 2229 1060 2287 Joannis
1091 2230 1416 2288 Euhmensis
1463 2235 1771 2290 orationem
1801 2238 1858 2289 in
1909 2235 2334 2305 ConceptioneA
2366 2239 2836 2310 conscripserant.
2893 2241 3000 2297 Sed
3059 2243 3277 2299 ardenti
3325 2245 3648 2313 przesertim
3698 2246 3978 2301 desiderio

687 2319 933 2388 Deipara:
993 2325 1146 2393 prelo
1173 2323 1284 2394 jam
1329 2334 1626 2394 paraverat
1678 2326 1790 2382 Leo
1847 2327 2107 2392 Allatius,
2153 2345 2262 2384 una

686 2429 813 2468 cum
871 2416 1156 2470 nonnullis
1195 2419 1322 2473 aliis
1382 2420 1670 2488 opusculis
1720 2420 1914 2476 Graece
1946 2437 2010 2475 ac
2073 2423 2268 2478 Latine

685 2506 939 2571 edendis,
986 2523 1226 2580 quorum
1280 2511 1567 2565 elenchum
1614 2511 1757 2582 apud
1813 2512 2131 2569 Michaelem
2194 2515 2268 2570 Le

688 2596 869 2663 Quien
901 2599 1094 2656 videre
1140 2601 1268 2655 licet
1303 2603 1402 2671 (l).
1439 2602 1665 2669 Verum,
1693 2605 1840 2676 quod
1871 2608 1940 2661 ab
1962 2609 2153 2663 eodem
2184 2609 2270 2664 di-

690 2691 900 2746 scimus
922 2690 997 2747 Le
1044 2693 1244 2760 Quicn,
1270 2695 1490 2751 labores
1518 2697 1604 2751 isli
1628 2698 1890 2752 Allatiani
1919 2699 2270 2770 iniquissimo

689 2783 809 2838 fato
837 2786 1258 2842 interciderunt.
1319 2788 1519 2842 Narrat
1581 2791 1671 2845 hic
1720 2791 1935 2846 scilicet
1991 2794 2070 2861 (2)
2120 2795 2270 2846 Alla-

689 2877 830 2930 tium
887 2881 1280 2948 opusculorum
1337 2896 1531 2936 eorum
1585 2885 1832 2955 syllogen
1893 2884 2138 2940 A'uberto
2184 2887 2268 2940 illi

690 2968 1000 3023 liberaliter
1067 2971 1481 3036 transmisisse,
1519 2975 1613 3042 qui
1639 2975 2026 3030 demandatam
2069 2991 2097 3028 a
2135 2977 2268 3031 cieri

692 3057 966 3114 Gallicani
1025 3062 1268 3117 comitiis
1300 3078 1447 3118 anno
1477 3065 1616 3118 16⁸56
1648 3068 1991 3134 provinciam
2021 3068 2272 3122 edendo-

691 3167 814 3204 rum
874 3156 1109 3220 Operum
1160 3155 1218 3209 S.
1252 3154 1338 3209 Jo.
1375 3156 1697 3210 Damasceni
1733 3159 1786 3210 in
1827 3175 1888 3213 se
1926 3176 2268 3228 susceperat,

692 3253 756 3296 ut
816 3244 992 3298 instar
1041 3247 1374 3316 Appendicis
1431 3249 1496 3301 ad
1552 3249 1608 3302 S.
1647 3249 1898 3304 Doctoris
1930 3252 2138 3320 scripta
2173 3267 2272 3321 pu-

694 3335 838 3388 blica
901 3338 1022 3391 lucc
1079 3339 1436 3394 donarentur.
1495 3341 1564 3394 At
1611 3356 1742 3394 vero
1782 3342 1912 3394 dum
1969 3344 2272 3406 Auliertus,

695 3427 824 3482 aliis
863 3429 1016 3484 curis
1051 3431 1345 3494 distentus,
1392 3447 1569 3501 neque
1605 3430 1938 3486 Franscisco
2000 3434 2273 3488 (Iombeli-

695 3520 804 3583 sio,
832 3521 952 3590 qui,
983 3522 1105 3591 ipso
1145 3531 1446 3585 annuente,
1499 3523 1628 3577 huic
1679 3533 1883 3593 spartae
1941 3523 2274 3579 adornandae

699 3625 928 3665 manum
1002 3615 1345 3678 admoverat,
1433 3617 1766 3671 transmissa

698 3705 961 3772 opuscula
997 3712 1413 3761 communicare
1446 3708 1500 3760 in
1524 3708 1767 3761 animum
1799 3707 2036 3772 inducit,
2080 3725 2147 3763 eo
2184 3726 2276 3764 res

699 3797 940 3858 devenit,
977 3809 1035 3849 ut
1067 3799 1160 3852 illo
1188 3814 1510 3869 supremum
1563 3800 1785 3854 interim
1842 3800 1988 3855 diem
2013 3801 2274 3865 obeunte,

700 3901 826 3940 cum
860 3890 1084 3958 reliquis
1111 3890 1231 3960 ejus
1260 3891 1472 3944 chartis
1496 3891 1773 3946 Allatiana
1821 3907 2042 3963 quoque
2070 3895 2277 3964 scripta

704 3977 1040 4034 interierint.

773 4071 837 4126 ll.
872 4073 1003 4127 Bina
1037 4082 1217 4129 tamen
1242 4090 1422 4145 eaque
1448 4084 1534 4129 sat
1566 4075 1779 4146 prolixa
1810 4076 2056 4132 homiliae
2115 4077 2282 4132 Joan-

706 4165 792 4220 nis
855 4164 1183 4222 Eubtcensis
1228 4176 1554 4238 supererant
1606 4170 1768 4224 nobis
1804 4168 2282 4238 fragmenta,qum

705 4259 846 4311 idem
882 4259 1112 4314 Allatius
1144 4261 1548 4330 prologomenis
1578 4262 1643 4314 ad
1679 4261 2005 4316 Damasceui
2034 4259 2216 4330 Opera
2252 4278 2280 4316 a

706 4366 764 4404 se
793 4352 1021 4420 paratis,
1062 4364 1116 4406 et
1145 4368 1173 4405 a
1213 4350 1284 4406 Le
1313 4350 1490 4417 Quien
1513 4351 1716 4405 deinde
1777 4351 1971 4414 editis,
2027 4353 2282 4406 inserue-

707 4451 794 4495 rat
841 4443 936 4513 (5).
973 4443 1028 4496 In
1078 4459 1201 4513 qua:
1230 4459 1353 4498 cum
1384 4445 1732 4503 incidissem,
1762 4444 2027 4498 demirari
2058 4445 2281 4514 quidem

712 4536 946 4602 primum
1001 4537 1139 4604 cmpi
1194 4536 1711 4597 luculentissimam,
1754 4551 1920 4605 quam
1955 4535 2283 4605 praeferunt,

709 4628 776 4682 de
808 4635 1001 4684 sancta
1057 4628 1299 4698 Dcipara!
1346 4626 1724 4696 Conceptione
1759 4628 2128 4692 sententiam;
2167 4637 2283 4682 tum

708 4735 840 4775 Vero
903 4732 1122 4790 stupere
1167 4721 1544 4781 vehementer,
1603 4719 1697 4789 qui
1760 4720 1875 4774 fieri
1931 4720 2174 4789 potuerit
2227 4730 2289 4774 ut

709 4821 818 4866 tam
875 4813 1089 4882 insigne
1148 4812 1549 4892 testimonium,
1598 4827 1708 4880 quo
1763 4821 1816 4864 et
1850 4825 1983 4866 sane
2022 4814 2284 4881 antiquus

1825 3617 1930 3670 sibi
1955 3617 2045 3670 ab
2071 3578 2276 3671 Allatio
2309 3578 2347 3631 Β

2367 2330 2628 2385 incensus
2672 2347 2836 2398 sum,
2886 2334 3202 2404 integram,
3255 2336 3302 2389 si
3365 2351 3478 2404 quo
3532 2338 3718 2391 modo
3774 2339 3896 2393 lieri
3933 2342 3977 2391 iJ

2367 2432 2577 2493 posset,
2635 2427 2947 2481 orationem
3005 2427 3411 2496 nanciscendi;
3449 2429 3606 2498 quod
3653 2431 3910 2501 denique
3933 2443 3980 2486 et

2369 2524 2662 2570 assecutus
2700 2532 2844 2572 sum.
2901 2516 3037 2572 Post
3077 2517 3435 2574 Lambecium
3491 2523 3651 2575 enim
3715 2533 3842 2576 tum
3903 2519 3978 2576 ιη.

2367 2607 2626 2660 Albertus
2657 2605 2969 2672 Fabricius,
2998 2616 3116 2662 tum
3151 2608 3485 2666 Guillelmus
3511 2613 3672 2668 Cave
3699 2613 3980 2684 duplicem

2369 2712 2474 2752 ms.
2505 2696 2758 2754 Graecum
2794 2700 3041 2754 codicem
3072 2701 3422 2767 indicabant,
3447 2703 3505 2757 in
3568 2720 3694 2773 quo
3759 2703 3982 2758 bomiiia

2370 2787 2460 2841 illa
2498 2787 2800 2859 legebatur,
2835 2797 3134 2859 utrumque
3195 2803 3380 2846 autem
3437 2792 3494 2845 in
3539 2791 3982 2848 Vindobonensi

2370 2879 2619 2934 Caesarea
2672 2880 3004 2936 bibliotheca
3060 2891 3400 2938 exstantem.
3466 2881 3668 2940 Facile
3732 2899 3902 2948 vero,
3935 2895 3986 2937 ut

2371 2971 2650 3041 exemplar
2674 2972 2805 3027 inde
2828 2974 3171 3043 exscriptum
3202 2974 3436 3030 Romam
3458 2978 3987 3037 transmitteretur,

2373 3065 2440 3116 ah
2498 3065 2698 3134 insigni
2772 3063 3118 3122 humanitate
3177 3067 3398 3122 obtinui
3468 3067 3595 3122 Eni.
3653 3070 3774 3124 viri
3837 3071 3987 3126 card.

2372 3155 2633 3215 Fornari.
2668 3158 2757 3210 cui
2795 3166 2987 3226 utpote
3012 3158 3274 3226 praefecto
3308 3162 3459 3215 sacri
3496 3162 3744 3214 concilii
3782 3163 3857 3216 de
3901 3162 3990 3216 de-

2375 3248 2607 3302 ﬁnienda
2648 3247 2881 3317 Dcipara
2919 3249 3042 3303 sine
3097 3249 3223 3305 labe
3283 3259 3597 3322 concepta,
3645 3253 3765 3307 hoc
3828 3269 3991 3325 nego.

2375 3339 2509 3392 tium
2543 3340 2778 3394 maxime
2805 3355 2951 3393 cura:
2975 3351 3091 3394 erat
3117 3342 3217 3411 (4).

2445 3427 2534 3484 lll.
2568 3429 2768 3484 Verum
2796 3429 2846 3483 si
2881 3430 3181 3485 laetandum
3208 3433 3340 3487 mihi
3391 3433 3501 3488 fuit
3553 3439 3720 3502 quod
3758 3438 3990 3494 Romam

2375 3521 2615 3590 denique
2654 3522 3003 3589 pervenisset
3027 3523 3320 3591 exemplar
3343 3540 3374 3578 e
3423 3523 3566 3582 cies.
3601 3530 3822 3585 codice
3855 3534 3992 3585 ἰηιειι-

2378 3614 2652 3668 Theol.n.
2729 3613 2835 3667 247
2890 3614 3257 3683 exscriptum,
3308 3617 3519 3672 additis
3582 3633 3879 3689 praterea
3930 3622 3990 3675 ad

2381 3707 2685 3777 marginem
2722 3705 3057 3760 lectionibus
3094 3705 3450 3761 variantibus
3490 3723 3560 3761 ex
3598 3710 3824 3764 codice
3851 3713 3991 3764 inter

2380 3797 2520 3853 llist.
2547 3798 2744 3852 eccles.
2775 3812 2833 3851 n.
2865 3797 2997 3861 lli;
3027 3803 3082 3851 et
3116 3796 3419 3851 dolendum
3462 3797 3569 3852 luit
3599 3803 3990 3862 tantumdem.

2381 3904 2506 3943 cum
2563 3889 2902 3960 experientia
2965 3898 3315 3958 compertum
3347 3898 3454 3951 est,
3514 3891 3783 3956 codices,
3856 3898 3993 3948 unde

2382 3985 2755 4054 apographum
2815 3981 2945 4036 illud
3005 3982 3304 4036 deductum
3359 3981 3567 4048 fuerat,
3630 3995 3801 4039 tanta
3843 4003 3991 4040 men-

2381 4073 2578 4127 dornm
2653 4072 2810 4141 copia
2883 4069 3190 4135 exundare,
3249 4079 3310 4124 ut
3371 4073 3571 4124 merito
3628 4071 3841 4140 Augiae
3883 4084 3991 4126 sta-

2384 4166 2513 4218 bulo
2574 4178 2897 4233 comparare
2953 4177 3047 4217 eos
3095 4163 3302 4232 possis.
3345 4161 3485 4217 Hinc
3541 4177 3679 4217 cum
3720 4165 3989 4219 adhibitis

2384 4258 2548 4313 etiam
2579 4258 2813 4311 aliorum
2845 4255 3018 4318 curis,
3047 4255 3145 4324 qui
3177 4269 3322 4325 saepe
3352 4256 3558 4325 saepius
3603 4259 3991 4328 conjectando

2385 4355 2570 4424 potius
2626 4367 2792 4424 quam
2873 4349 3294 4421 interpretando
3339 4358 3627 4420 utcunque
3691 4358 3782 4405 tot
3846 4353 3988 4406 labes

2387 4455 2600 4516 tergere
2634 4443 2995 4507 studuerunt,
3037 4443 3219 4497 oratio
3277 4441 3464 4496 multis
3516 4441 3712 4497 adhuc
3776 4445 3988 4497 lacunis

2387 4539 2649 4598 hisceret,
2680 4535 2997 4604 nbi,ncmpe
3047 4534 3186 4588 adeo
3237 4544 3535 4600 corruptus
3579 4546 3717 4588 erat
3776 4546 3984 4599 textus,

2390 4638 2449 4683 ut
2481 4626 2816 4699 probabilem
2848 4625 3086 4695 aliquem
3126 4639 3353 4680 sensum
3387 4638 3453 4678 ne
3488 4622 3815 4679 divinando
3863 4628 3986 4696 qui-

2390 4721 2514 4775 dem
2551 4718 2770 4786 assequi
2797 4717 2988 4771 liceret
3012 4757 3028 4779 ,
3060 4717 3174 4786 jam
3226 4714 3552 4774 consilium,
3585 4715 3748 4783 quod
3783 4718 3844 4771 in
3897 4733 3987 4771 an.

2394 4817 2670 4862 tecessum
2704 4807 2967 4872 foveram,
3001 4806 3272 4876 integram
3301 4806 3599 4874 evulgandi
3636 4809 3980 4867 orationem,

713 4905 958 4974 Deipam
999 4913 1279 4972 ροηςρριςθ
1322 4905 1508 4960 cultus
1569 4903 1993 4966 ostendebatur,
2038 4911 2095 4958 et
2141 4904 2288 4973 ejus.
2317 4909 2359 4966 ο
2395 4914 2621 4969 prorsus
2669 4897 3040 4966 abjicieudum
3071 4896 3351 4958 videbam,
3407 4903 3502 4948 aut
3533 4904 3695 4950 certe
3725 4897 3979 4967 quaedam

712 4998 834 5052 dein
867 4997 1053 5052 cultus
1092 4997 1233 5051 ratio
1263 5007 1370 5051 tam
1405 4996 1696 5066 splendide
1737 4996 2076 5059 tradebatur,
2128 4997 2284 5049 taciti
2310 4988 2326 5004 ³

713 5088 1110 5159 praeteriissent
1166 5087 1415 5157 plerique
1467 5102 1660 5141 omnes
1711 5088 1804 5156 qui
1867 5088 1934 5140 de
1964 5087 2066 5145 hoc
2117 5103 2285 5155 argu-

717 5189 903 5236 mento
931 5189 1054 5249 post
1084 5178 1230 5234 edita
1253 5179 1364 5248 jam
1390 5194 1417 5232 a
1450 5177 1523 5234 Le
1555 5177 1732 5242 Quicn
1767 5178 2089 5232 Damasceni
2115 5181 2289 5249 Opera

2388 4987 2766 5044 tantummodo
2794 4987 2878 5040 ezli
2909 5001 3068 5056 posse
3097 4984 3407 5055 fragmenta
3436 4987 3879 5042 existimabam.

2465 5081 2554 5138 IV.
2583 5082 2650 5134 At
2680 5081 2899 5134 demum
2942 5087 3226 5144 exoptatas
3270 5079 3557 5146 suppetias
3612 5081 3752 5134 tulit
3783 5082 3981 5135 Roma-

2397 5191 2502 5229 nus
2529 5173 2725 5237 codex,
2756 5173 2851 5242 qui
2885 5171 2938 5224 in
2964 5171 3166 5240 insigni
3204 5169 3600 5223 Barberiniana
3629 5170 3976 5226 bibliotheca

2246 5337 2476 5394 NOT/E.

795 5439 915 5504 (ι)
971 5435 1106 5504 Opp.
1165 5432 1223 5504 S_.
1287 5430 1867 5504 Joan.__l).auiascenir,i
1904 5441 2034 5486 tom.
2073 5435 2112 5496 l,
2167 5446 2298 5502 pag.

725 5492 986 5565 xxvii.'—
1021 5492 1349 5570 'Fntrologire
1382 5511 1421 5555 t.
1455 5492 1635 5565 XCIV,
1677 5517 1729 5571 p.
1768 5503 1892 5555 133.

798 5578 874 5645 (‘2
908 5574 1091 5644 )lhiil.
1129 5588 1252 5642 pag.
1289 5589 1463 5645 ιιι-[ν.⁴

2401 5429 2782 5489 acutissimus,
2831 5441 2953 5480 cum
2989 5424 3128 5480 duas
3158 5427 3295 5480 alias
3325 5426 3620 5495 homilias,
3657 5441 3812 5495 quas
3850 5441 3981 5480 non-

2399 5503 2530 5553 dum
2586 5499 2763 5553 editas
2827 5511 3227 5564 coiiipereram,
3287 5497 3522 5550 alteram
3604 5494 3690 5549 S.’
3744 5495 3979 5550 Tarasii.

2401 5569 2632 5624 Joannis
2685 5565 3197 5621 Thessalonicensis
3245 5566 3471 5620 alteram
3503 5605 3519 5627 ,
3555 5579 3731 5636 qualn
3803 5577 3982 5636 ulpme

804 5636 921 5717 (‘55
962 5645 990 5716 ᾗ
1043 5636 1153 5717 68(Δ
1187 5645 1321 5710 Opp.
1378 5642 1434 5697 S.
1495 5641 1652 5696 Joan.
1720 5643 1969 5698 Damasc.
2002 5659 2097 5712 per
2126 5642 2196 5696 Μ.
2232 5641 2306 5696 Le
2405 5638 2932 5717 mere_historicam_
2974 5637 3060 5717 hic
3090 5639 3249 5691 cdere
3282 5637 3422 5717 nihil
3446 5636 3670 5699 attinet,
3704 5651 3776 5717 ex
3812 5637 3981 5717 Regina

730 5713 930 5787 Quieti,
966 5713 1103 5787 iam.
1141 5713 1179 5778 Ι,
1213 5728 1336 5787 pag.
1363 5730 1464 5787 VLI‘I,
1505 5729 1620 5787 ιλιι.

839 5786 937 5859 (4)
977 5785 1128 5841 Novo
1157 5800 1239 5838 me
1272 5785 1374 5837 Sibi
1412 5784 1683 5838 benelicio
1711 5783 2012 5839 obstrinxit
2041 5784 2123 5837 vir
2168 5783 2307 5839 cmi-

2408 5709 2738 5763 Parisieusis
2803 5706 3148 5786 bibliothecae
3213 5707 3504 5762 codicibus
3534 5709 3770 5762 exscrib
3822 5710 3982 5764 eudas

2409 5787 2760 5850 peramanter
2785 5785 3022 5831 curavit.
