4118 6440
153 359 172 422 1
193 359 290 421 453

1108 363 1444 424 JOANNES
1479 361 1960 424 EUBEENSIS.
1992 386 2060 396 -
2087 361 2471 424 MONITUM.

3277 355 3412 424 1454

150 471 530 526 delitescebat.
598 471 660 527 Et
689 489 747 528 re
795 489 930 529 sane
980 489 1108 528 vera
1169 477 1482 542 quempiam
1548 475 1716 527 alium
1749 475 2051 540 Avctusti,
2109 474 2378 544 ejusmodi
2430 473 2847 545 inscriptionem
2905 489 3013 544 p'u:
3069 491 3126 528 :e.
3184 475 3412 543 ferunt;

151 571 372 615 exstare
415 561 682 626 codicem,
741 563 885 617 unde
945 562 1174 616 Joannis
1241 563 1383 614 hanc
1439 563 1720 615 humilium

149 653 535 722 exscripsisset
561 654 818 719 Allatius,
847 654 958 708 duo
987 663 1141 708 erant
1186 668 1308 722 qua:
1337 655 1497 723 plane
1521 652 1724 706 suade-

153 745 307 798 bant.
343 744 592 799 Primum
629 749 779 815 quod
818 745 1059 801 Allatius
1085 746 1151 798 dc
1190 745 1292 799 hac
1313 747 1566 800 oratione
1601 761 1721 798 ser-

153 850 372 889 monem
419 836 720 891 instituens
776 837 877 907 (5),
915 837 1050 892 nihil
1108 852 1339 906 prorsus
1399 837 1726 890 tuendorum

154 929 369 995 cepiam
427 929 857 997 lamentaretur;
893 930 1125 983 alterum
1167 931 1313 998 quod
1348 929 1540 982 titulus
1604 944 1731 982 ora-

153 1020 292 1073 tioni
349 1020 403 1074 in
456 1022 757 1090 exemplari
803 1022 1083 1076 Allatiano
1135 1023 1412 1090 prazlixus,
1449 1022 1613 1088 plane
1647 1021 1730 1074 di-

155 1127 353 1166 versus
402 1113 472 1166 ab
519 1128 586 1169 eo
631 1123 783 1169 esset
830 1129 994 1184 quem
1059 1113 1286 1184 praefert
1371 1113 1546 1166 codex
1616 1113 1732 1166 Cie-

156 1217 377 1258 sareus.

228 1311 404 1383 lliijus
432 1314 614 1384 itaque
646 1316 875 1380 codicis,
913 1331 1024 1386 quo
1054 1317 1184 1372 olim
1223 1328 1279 1372 et
1311 1318 1551 1372 Allatius
1587 1333 1720 1372 usus

156 1414 263 1469 est,
289 1422 561 1477 quemque
583 1410 934 1464 exscribendi
959 1424 1023 1463 ac
1053 1411 1306 1482 vulgaudi
1330 1410 1731 1481 amplissimam

157 1498 290 1552 mihi
351 1499 566 1553 veniam
629 1515 842 1555 summa
919 1503 1368 1558 excellentissimi
1465 1501 1736 1571 principis

156 1591 445 1646 Barbcrini
484 1593 613 1647 fecit
645 1595 982 1658 humanitas,
1016 1597 1291 1666 integrum
1325 1603 1536 1650 textum
1562 1595 1732 1648 dabo.

159 1681 275 1736 Non
313 1693 461 1737 caret
496 1684 714 1754 quidem
771 1693 826 1739 et
862 1686 949 1738 hic
1003 1687 1174 1741 codex
1217 1689 1334 1740 suis
1390 1687 1601 1741 mendis
1639 1694 1736 1740 :at

160 1774 365 1828 leviora
399 1775 487 1829 illa
519 1785 670 1840 sunt,
709 1791 886 1844 neque
915 1779 1186 1847 ejusmodi
1225 1779 1514 1831 ohJiiciint
1569 1787 1725 1832 tene-
1766 1809 1812 1864 Β

159 1865 317 1928 bras,
348 1873 406 1919 ut
433 1867 706 1921 orationis
736 1883 934 1922 sensus
968 1869 1196 1922 omnino
1253 1868 1443 1938 fugiat.
1498 1869 1729 1937 Insuper

160 1957 244 2010 bis
299 1973 518 2027 quoque
575 1959 921 2028 corrigendis
986 1975 1146 2014 suum
1190 1960 1413 2030 aliquod
1489 1960 1728 2015 Czesarei

158 2046 396 2108 codices,
449 2054 572 2100 utut
623 2049 1055 2116 corruptissimi,
1109 2051 1426 2117 priesidiiim
1464 2050 1729 2103 conferre

157 2121 483 2204 potuerunt;
512 2138 656 2205 quod
694 2138 869 2192 sicubi
904 2139 1014 2202 fiat,
1048 2140 1115 2193 ad
1135 2125 1344 2195 calcem
1374 2141 1732 2194 subnotatuni

157 2226 329 2281 lector
359 2229 623 2282 inveniet.
670 2228 710 2281 E
749 2229 1022 2286 Cicsareis
1061 2241 1244 2287 autem
1294 2233 1581 2289 codicibus
1625 2249 1734 2287 non

155 2319 460 2372 recensebo
496 2319 740 2388 quidem,
777 2329 1038 2391 tanquam
1091 2324 1272 2376 varias
1328 2324 1620 2387 lectiones,
1647 2340 1740 2380 eo-

155 2422 279 2461 rum
348 2409 544 2464 menda
606 2426 776 2481 prope
842 2413 1165 2480 innumera;
1225 2415 1498 2470 adnotabo
1557 2425 1738 2472 tamen

158 2498 213 2550 1°
251 2501 470 2568 quando
521 2501 588 2554 ad
633 2503 829 2557 menda
879 2503 1254 2559 Barberiniani
1289 2506 1497 2562 codicis
1528 2508 1742 2563 abster-

159 2592 334 2657 genda
365 2591 572 2661 aliquid
603 2595 975 2662 contulerint;
1004 2596 1059 2649 2"
1083 2599 1127 2651 si
1147 2599 1368 2666 quando
1385 2602 1519 2654 citra
1549 2600 1744 2656 menda

159 2683 363 2734 variam
397 2683 636 2753 aliquam
663 2685 950 2741 lectionem
980 2696 1072 2742 aut
1093 2693 1421 2744 sententiain
1449 2706 1558 2760 pra:
1577 2707 1636 2747 se
1667 2693 1747 2748 fe-

161 2781 286 2826 rant
313 2772 415 2841 (6).

228 2882 295 2938 Υ.
331 2884 408 2940 De
447 2888 713 2943 orationis
772 2894 998 2943 auctore
1025 2885 1236 2943 Joanne
1264 2887 1557 2945 Euboecnsi
1614 2905 1752 2960 pan-

158 2992 222 3029 ca
255 2979 486 3033 omnino
515 2988 668 3046 sunt,
693 2997 816 3050 qua:
862 2982 969 3037 dici
1008 2985 1241 3052 possint.
1275 2984 1349 3040 De
1379 2984 1502 3055 ipso
1533 2987 1755 3040 Cuillel.

159 3082 283 3122 inus
307 3068 450 3124 Cave
477 3070 710 3141 (Hister.
748 3073 1003 3136 litterar.,
1029 3075 1096 3128 ad
1127 3091 1257 3130 ann.
1293 3077 1415 3145 7M)
1448 3097 1461 3131 :
1517 3076 1749 3132 Joannes

157 3161 446 3213 monachus
508 3171 559 3214 et
615 3164 906 3232 presbyter,
959 3178 1160 3231 postea,
1215 3178 1272 3220 ut
1338 3170 1566 3234 videtur,
1623 3169 1740 3223 Eu-

161 3250 288 3303 bma:
323 3253 619 3319 episcopus,
655 3255 856 3308 claruit
887 3259 1030 3308 circa
1061 3275 1258 3310 annum
1290 3260 1410 3313 7M.
1445 3261 1544 3313 Cui
1601 3274 1741 3315 con-

162 3343 495 3396 sentientem
533 3359 630 3397 seu
667 3346 854 3412 potius
908 3357 1243 3417 praeeuntem
1292 3351 1558 3405 habemus
1607 3353 1745 3406 Leo-

163 3447 288 3485 nem
320 3432 607 3496 Allatiuin,
657 3436 748 3504 qui
784 3436 838 3490 in
867 3437 1105 3493 laudatis
1163 3445 1418 3509 superius
1488 3443 1742 3512 proli-:50-

160 3522 340 3574 menis
407 3522 582 3591 (§68
614 3527 651 3588 ),
713 3523 915 3579 fatetur
962 3541 1086 3581 eum
1145 3545 1281 3580 nunc
1341 3531 1738 3599 presbyterum,

160 3626 300 3662 nunc
336 3610 544 3665 Eubwa:
571 3615 890 3681 episcopum,
925 3620 1255 3670 orationibus
1291 3621 1355 3670 ab
1385 3636 1445 3672 eo
1482 3622 1742 3685 comp-isi-

165 3703 232 3753 tis
265 3705 491 3771 prazﬁgi.
529 3703 728 3761 Subdit
753 3725 884 3764 vero
917 3724 932 3762 :
968 3709 1197 3775 Quanta!
1246 3713 1356 3777 ipse
1412 3713 1464 3765 in
1492 3712 1742 3766 Eccle:.ia

159 3793 319 3857 fuerit
351 3797 689 3851 auctoritatis
717 3800 792 3852 uel
825 3801 961 3852 illud
989 3803 1205 3858 evincet,
1256 3804 1524 3856 oratione:
1574 3805 1724 3857 illius

159 3882 216 3933 in
243 3883 588 3937 a'stimatione
621 3886 790 3951 fuisse
814 3889 944 3942 adeo
1001 3899 1056 3941 ut
1113 3908 1143 3941 α
1179 3893 1361 3943 multis
1394 3893 1488 3944 sub
1542 3891 1738 3946 Dama-

158 3975 298 4025 sceni
337 3977 543 4029 nomine
579 3978 946 4045 vulgarentur.

231 4063 431 4118 Verum
483 4071 734 4136 quamvis
783 4071 916 4124 nihil
980 4070 1208 4127 Joannis
1266 4073 1581 4128 auctoritati
1625 4076 1722 4128 de-

160 4165 399 4212 tractum
426 4158 607 4223 velim,
654 4174 764 4213 non
795 4161 1252 4218 dissimulandum
1294 4175 1476 4219 tamen
1539 4181 1686 4220 censi
1712 4181 1742 4221 ο

158 4248 296 4319 quid
351 4252 416 4303 de
456 4251 564 4304 isto
612 4251 796 4306 Allatii
840 4255 1058 4322 judicio
1098 4258 1423 4311 existimare
1466 4274 1742 4328 quisp~ain

161 4350 351 4410 posset
399 4351 522 4409 post
561 4357 622 4396 ea
679 4359 802 4413 qua:
854 4347 919 4399 de
963 4347 1153 4400 eodem
1191 4346 1404 4403 Joanne
1451 4349 1740 4404 Euhoe-nsi

1829 565 2014 620 nescio
2062 581 2131 619 an
2180 565 2454 634 quispiam
2497 565 2696 618 Allatio
2732 565 2892 619 facile
2920 566 3288 634 permissurus
3319 573 3412 621 su.

1827 654 2056 712 Joannis
2073 655 2401 711 Eubreensis
2415 657 2694 710 orationes
2712 656 2836 710 ideo
2856 654 3194 709 Damasceno
3212 654 3292 709 Jov
3319 654 3414 708 nni

1831 750 1972 802 ascri
1981 758 2101 818 ptas
2122 747 2311 814 fuisse,
2334 747 2481 818 quod
2499 748 2860 802 celeberrimo
2878 748 3008 801 huic
3025 746 3146 800 viro
3164 746 3416 814 inspecta

1830 853 2025 892 carum
2060 837 2278 892 indoles
2317 837 2644 891 tribuendas
2674 836 2896 890 easdem
2945 836 3224 890 suaderet.
3274 835 3419 888 Sane

1834 938 1894 982 ut
1932 927 2115 982 Allatii
2153 935 2260 982 stet
2294 931 2638 996 conjectura,
2673 934 2894 996 oportet
2929 927 3042 996 jam
3081 935 3414 985 statuamus.

1838 1021 2220 1090 inscriptionis
2252 1036 2280 1073 a
2314 1019 2387 1073 Le
2418 1020 2592 1086 Qiiien
2627 1028 2945 1074 memorata:
2984 1027 3238 1073 auctu-res
3272 1016 3422 1100 (qui-

1836 1128 2052 1183 cunque
2098 1115 2134 1166 ii
2185 1114 2404 1168 dcmum
2443 1113 2671 1180 fuerint)
2708 1111 2873 1181 plane
2925 1111 3028 1164 sibi
3066 1104 3421 1179 pcrsuasiSsc

1837 1205 2206 1274 percelcbrem
2278 1205 2430 1256 illum
2488 1202 2816 1264 doctorem,
2879 1201 3113 1270 fileique
3179 1200 3420 1270 pugilem

1836 1294 2098 1349 Joannem
2133 1294 2530 1346 Damascenum
2571 1290 2800 1352 Eubiraz,
2837 1306 2934 1346 seu
2972 1290 3273 1354 Chalcidis,
3319 1303 3415 1343 sei-

1843 1385 2029 1454 Euripi
2056 1387 2204 1454 (nam
2229 1385 2407 1439 tribus
2433 1384 2587 1439 hisce
2609 1383 3078 1452 appellationibus
3105 1380 3425 1450 promiscue

1841 1480 1987 1532 illam
2019 1477 2202 1533 sedem
2257 1477 2607 1546 indigitatam
2641 1476 2918 1546 novimus)
2963 1475 3292 1544 episcopum
3324 1487 3424 1527 ex-

1841 1570 2070 1624 stitisse.
2117 1572 2294 1636 Atque
2334 1567 2440 1621 hoc
2486 1566 2709 1636 quidem
2765 1567 3276 1636 compertissimum
3306 1573 3426 1626 est;

1839 1662 1932 1731 qui
1992 1660 2136 1716 enim
2197 1658 2282 1713 Jo.
2333 1659 2735 1714 Damascenum
2793 1658 3168 1728 appellassent
3220 1655 3430 1707 Eibmm

1839 1755 2164 1821 episcopum,
2214 1753 2256 1804 si
2307 1767 2369 1805 ea
2403 1751 2672 1821 dignitate
2727 1751 3074 1821 insignitum,
3135 1757 3299 1816 atque
3339 1748 3429 1799 Ilh

1844 1848 1973 1901 sede
2017 1849 2248 1914 potiLum
2292 1861 2415 1898 cuin
2455 1843 2628 1899 fuisse
2659 1859 2768 1898 non
2825 1843 3172 1898 censuissevii
3201 1851 3219 1890 ἐ’
3265 1840 3432 1908 Διίιῖιί

1833 1937 2072 2001 Grmros,
2111 1947 2163 1990 et
2193 1936 2420 2005 quidem
2481 1943 2697 1990 veteres
2751 1935 3012 1995 Grrccos,
3073 1943 3234 2001 prout
3291 1947 3429 1986 mss.

1836 2027 2088 2080 codicum
2118 2034 2254 2080 mtas
2289 2027 2464 2095 poslul
2490 2034 2548 2089 ιι,
2583 2026 2910 2081 existimare
2949 2029 3224 2095 potuisse,
3262 2021 3432 2076 Joan-

1839 2136 1959 2174 nem
1987 2121 2138 2172 illiim
2170 2119 2592 2183 Damascenum,
2629 2120 2725 2188 qi-i
2758 2128 2987 2188 propter
3029 2116 3346 2171 esantlatos
3375 2115 3431 2168 in

1842 2211 1944 2265 fide
1981 2209 2256 2263 catholica
2305 2209 2651 2264 defendenda
2698 2217 2779 2263 tot
2832 2207 3052 2262 labores
3103 2206 3432 2262 notissimus

1841 2308 2116 2364 evaserat,
2165 2300 2418 2354 eumdem
2475 2300 2528 2353 in
2593 2297 2799 2354 Euboan
2863 2299 3044 2352 insula
3102 2299 3431 2368 episcopum

1848 2392 2038 2455 fuiss',
2083 2393 2185 2446 hO‘
2214 2408 2500 2446 Pillmt'Cl‘O
2531 2393 2584 2446 in
2621 2394 2864 2446 animum
2893 2390 3160 2445 inducere
3191 2390 3435 2443 maxime

1846 2490 2077 2539 arduum
2112 2487 2307 2539 merito
2342 2485 2588 2548 dixeris;
2623 2491 2740 2538 tum
2772 2484 2901 2552 quia
2935 2483 3079 2536 hanc
3107 2481 3178 2535 de
3221 2479 3434 2535 Joanne

1846 2576 2185 2630 Damasceno
2227 2576 2542 2644 opinionem
2596 2575 2860 2644 perlatam
2923 2588 3049 2630 esse
3095 2573 3436 2644 aliquando,

1849 2669 2058 2722 nullum
2094 2675 2276 2722 exs:at
2313 2667 2605 2729 indicium,
2646 2681 2810 2720 nemo
2849 2667 3128 2721 memoria:
3158 2665 3434 2736 prodidit,

1849 2767 1968 2812 tuin
1991 2760 2118 2827 quia
2144 2758 2506 2812 celeberrima
2548 2759 2692 2812 inter
2723 2756 2949 2812 ilraacos
2984 2762 3123 2812 -'aina
3154 2765 3436 2828 gestorum

1849 2848 1935 2905 Jo.
1973 2850 2304 2905 Dainasceni
2355 2850 2567 2902 nuiliim
2617 2849 2746 2902 huic
2781 2849 3030 2918 Opinioni
3075 2850 3259 2904 locum
3301 2849 3440 2904 reli-

1852 2958 2021 3013 quum
2069 2937 2342 3006 faciebat;
2395 2948 2510 2993 tum
2545 2941 2764 2994 demum
2821 2941 2950 3010 quia
3006 2939 3257 2994 historiae
3315 2955 3442 3010 qua:
3484 2975 3492 2983 -

1854 3033 2103 3087 omnium
2136 3031 2394 3085 manibus
2429 3030 2774 3094 tercbantur,
2806 3031 3120 3100 cujnsmodi
3163 3038 3292 3087 sunt
3325 3047 3428 3088 nie-

1777 3134 1824 3192 c
1857 3121 2080 3191 nolesia
2125 3136 2189 3173 ac
2241 3133 2470 3179 menaca,
2502 3119 2683 3173 eidem
2727 3121 2976 3190 opinioni
3025 3121 3322 3176 manifeste
3358 3137 3445 3176 re-

1847 3212 2186 3282 pugnabanL

1917 3331 2029 3387 Cur
2073 3348 2229 3402 ergo,
2270 3334 2442 3397 dices,
2491 3333 2814 3389 Damasceni
2858 3350 3054 3388 nomen
3091 3334 3290 3390 Joauni
3335 3334 3445 3389 Eu-

1846 3423 2053 3478 bmensi
2092 3417 2366 3478 adliiesif?
2408 3423 2577 3480 Valde
2622 3425 2874 3490 obvium,
2910 3429 3162 3495 inquam,
3213 3441 3445 3495 respon-

1845 3530 1966 3568 sum
2000 3522 2213 3584 prostat
2253 3534 2265 3570 :
2306 3515 2391 3568 fac
2439 3517 2544 3570 iste
2571 3531 2794 3586 quoque
2841 3515 3088 3572 Joannes
3126 3519 3303 3587 patria
3341 3518 3444 3572 Da-

1850 3621 2138 3660 ;iascenus
2177 3608 2494 3673 exstiterit;
2525 3624 2596 3664 en
2630 3609 2898 3664 rationem
2937 3610 3086 3664 illius
3117 3611 3444 3682 appellatio-

1847 3697 1933 3750 nis
1969 3698 2023 3749 in
2070 3706 2323 3766 promptu
2371 3699 2562 3755 habes.
2604 3698 2797 3770 Neque
2837 3716 2969 3756 vero
3025 3711 3250 3772 pugnat.
3305 3703 3445 3758 duos

1844 3789 2127 3844 exstitirse
2185 3788 2426 3844 Joannes
2470 3807 2500 3844 c
2550 3790 2892 3848 Damascena
2945 3793 3085 3849 urbe
3133 3793 3442 3857 oriundos,

1843 3893 2078 3947 quorum
2105 3879 2248 3932 alter
2280 3881 2589 3935 monachus
2624 3883 2678 3935 in
2706 3881 3007 3938 Palaestina
3045 3885 3267 3940 vixerit-
3306 3887 3446 3941 alter

1842 3970 2139 4038 episcopus
2168 3971 2224 4024 in
2257 3970 2468 4025 Eubma
2522 3972 2707 4028 insula
2747 3976 3010 4030 evaserit.
3038 3974 3232 4046 Neque
3257 3977 3441 4032 itidem

1845 4076 2047 4116 noum
2080 4063 2307 4125 accidit,
2338 4064 2616 4133 episcopis
2645 4074 2844 4136 praeter
2871 4082 3074 4122 nomen
3104 4068 3279 4134 sedis,
3310 4069 3445 4124 alte-

1844 4155 1962 4210 rius
2001 4169 2218 4224 quoque
2247 4155 2352 4210 loci
2392 4157 2496 4210 alia
2523 4157 2590 4211 de
2623 4172 2794 4212 causa
2830 4173 3030 4212 nomen
3062 4158 3312 4228 adjungi.
3350 4159 3443 4213 Sic

1843 4246 1984 4301 duos
2011 4246 2179 4301 habes
2195 4249 2525 4304 Auastasios
2549 4249 2930 4305 Antiocl-enos
2959 4252 3274 4322 episcopos,
3300 4267 3442 4322 quo-

1846 4352 1965 4392 rum
1988 4347 2064 4391 uti
2083 4340 2208 4408 ique
2231 4340 2456 4394 binaitae
2490 4356 2688 4395 nomen
2717 4341 2973 4405 adhicsd,
2999 4359 3129 4413 quia
3171 4345 3441 4399 monasti-

159 4432 354 4485 scribit
386 4431 615 4486 Michael
648 4433 720 4488 Le
752 4435 926 4498 Quieu
954 4436 1173 4494 (Oriens
1227 4437 1466 4501 Christ,
1509 4452 1638 4494 toni.
1676 4441 1736 4506 ll,
1774 4465 1816 4519 υ
1846 4441 1966 4480 cem
1992 4427 2058 4480 ad
2093 4435 2330 4482 IIN‘n’em
2367 4429 2523 4482 Sinni
2570 4432 2735 4484 vitam
2795 4442 3027 4490 utmuc
3072 4443 3286 4504 ese"!!-
3341 4433 3444 4489 Sic

159 4524 267 4576 col.
315 4524 466 4592 2M).
514 4524 579 4578 In
609 4527 875 4580 codicibus
929 4529 1154 4592 t-‘rwcis,
1197 4530 1288 4582 hic
1326 4531 1531 4599 inquit,
1583 4550 1744 4586 n-anit

156 4617 396 4666 exaratis
429 4618 590 4668 etiam
627 4627 867 4680 vetustis,
901 4619 1021 4672 hinc
1054 4620 1174 4673 inde
1209 4621 1412 4686 aliquot
1455 4634 1743 4676 occurrunt

159 4713 430 4756 orationes
462 4705 525 4759 de
569 4707 889 4760 Christiana:
943 4710 1214 4778 religionis
1259 4718 1543 4780 mysteriis.
1604 4729 1650 4767 e'
1689 4716 1744 4766 in

157 4795 522 4849 solemnitates
558 4808 861 4852 sanctorum
889 4797 1152 4861 ,Joaunis
1186 4800 1509 4857 Damascc-ai
1538 4813 1592 4857 ct
1629 4804 1742 4874 i-pi-

159 4885 312 4952 siopi
348 4883 527 4940 E‘-(B£
551 4888 654 4940 siv'
682 4888 901 4944 Euhie-aa
931 4893 1138 4944 nomine
1165 4893 1455 4961 inscripnc.
1483 4891 1741 4949 "lini-nou

156 4973 252 5026 τοῦ
284 4976 644 5046 Δαμασκηνοῦ
672 4979 764 5032 καὶ
793 4981 1092 5034 ἐπισκόπου
1129 4980 1377 5047 Ευῦοίας.

231 5063 355 5121 llaec
390 5065 463 5123 Le
503 5068 700 5136 Quien,
734 5073 767 5126 d
847 5075 1007 5143 cujus
1036 5074 1140 5128 fide
1171 5084 1360 5145 utpote
1400 5077 1502 5131 viri
1535 5081 1587 5133 in
1628 5097 1746 5135 τοι·

159 5157 348 5214 sandis
381 5162 613 5216 vetustis
642 5177 778 5217 mss.
805 5165 1039 5229 assidui,
1061 5165 1204 5219 haud
1245 5167 1404 5222 locus
1435 5168 1592 5224 tlcbc‘
1621 5187 1742 5228 esse

157 5246 466 5306 dulntandi.
493 5251 666 5310 Porro
696 5256 741 5310 si
774 5257 962 5326 plures
984 5258 1166 5328 reipsa
1190 5258 1430 5324 codices,
1463 5265 1529 5315 i-‘i'
1596 5280 1735 5334 -ιιιιιες

1842 4518 2091 4574 Andreas
2118 4519 2384 4574 Cretensis
2430 4523 2730 4592 episcopus
2762 4525 3075 4592 appel'tatur
3112 4526 3281 4580 etiam
3315 4526 3444 4580 Ilie-

1841 4609 2275 4679 iosolJinttanns,
2303 4613 2431 4680 quia
2457 4613 2607 4667 clero
2649 4613 2819 4682 hujus
2871 4614 3137 4669 Ecclesia:
3162 4617 3444 4686 ascriptus

1842 4708 1969 4753 ante
1995 4702 2386 4768 episcopatum
2420 4705 2745 4757 Cretensem
2783 4703 2888 4757 fiie-
2911 4713 2986 4757 at.

1912 4807 1997 4860 Vl.
2043 4809 2223 4864 Pauca
2272 4827 2418 4864 nunc
2465 4811 2532 4865 de
2573 4813 2758 4866 in-Jole
2799 4813 3039 4868 honnl’aa
3073 4829 3276 4870 censeo
3307 4816 3444 4870 sub-

1845 4901 2148 4972 jungenda,
2188 4912 2414 4973 propter
2447 4921 2544 4960 eos
2605 4906 2851 4960 maxime
2899 4924 2972 4974 qu
3037 4916 3285 4962 veterum
3323 4926 3444 4964 ser-

1851 5007 2042 5047 mor-es
2077 4997 2130 5047 in
2168 4993 2411 5062 Deiparze
2441 4995 2876 5064 Conceptionem
2919 5013 3204 5066 nunquam
3262 4999 3442 5052 adhuc

1847 5083 2101 5153 legerint.
2135 5083 2210 5138 Ex
2244 5085 2310 5138 iis
2349 5085 2497 5138 eteni
2524 5102 2558 5138 ιι
2591 5095 2699 5139 erit
2749 5095 2986 5140 .ortassc
3021 5089 3143 5156 qui,
3189 5104 3438 5158 prrecon-

1842 5190 1887 5227 (τί
1911 5183 1999 5244 pta
2034 5175 2237 5230 ductus
2273 5175 2521 5244 opinion
2602 5177 2845 5231 sollicite
2890 5193 2917 5230 a
2969 5179 3165 5249 idOQIIO
3226 5196 3438 5236 sermo-

1844 5282 1965 5320 nem
2001 5268 2304 5336 pcrvolvat,
2334 5281 2402 5320 an
2437 5265 2631 5323 Patres
2663 5267 3012 5338 privilrgium
3041 5271 3172 5324 illud
3197 5270 3438 5342 Virginis

1665 5444 1893 5501 NOTAE.

200 5522 305 5643 ιρι)
365 5525 420 5577 In
480 5523 782 5598 Prolegom.
837 5532 904 5585 ad
959 5531 1206 5587 Damasc.
1259 5533 1423 5592 Ozcr.
1458 5537 1575 5588 lwo
1607 5553 1650 5591 Si
1679 5554 1705 5606 [-

200 5607 210 5643 ι
243 5609 266 5641 :i
299 5609 350 5643 o.

158 5606 350 5646 ειιτιιο.

228 5662 334 5734 (6)
395 5663 626 5721 Codices
674 5667 988 5734 liiijusmodi
1035 5673 1180 5725 notis
1209 5672 1426 5726 indir'ih
1473 5682 1580 5726 nti..
1629 5719 1637 5726 .
1676 5675 1737 5730 C.

159 5730 324 5786 Barb.
379 5735 551 5789 codex
597 5730 974 5794 Barberinus:
1028 5742 1164 5795 (ανδ.
1221 5745 1285 5796 Λ.

1343 5744 1508 5796 (δοίη-ι.
1559 5755 1570 5777 ⁸
1589 5751 1706 5798 Beia

1847 5555 1976 5611 reus
2010 5542 2453 5597 Vindobonensis
2495 5546 2618 5597 inte.
2677 5543 2924 5611 Timui-ig
2985 5559 3039 5595 ιι.
3082 5544 3187 5594 9257
3223 5562 3234 5594 :
3290 5539 3426 5594 Cors.

1851 5609 1894 5662 Β
1944 5612 2090 5734 ﬁlim
2149 5612 2590 5669 Vindobonersis
2630 5617 2857 5668 lI.--lllll'.
2892 5609 3036 5668 inter
3081 5612 3224 5666 llist.
3262 5614 3425 5669 eccl.

1854 5696 1909 5734 ιι.

1854 5696 1909 5734 ll.
1944 5696 2063 5734 ἸΙ-1.
