4118 6440
671 363 810 428 1455

1873 360 2215 424 JOANNES
2264 360 2734 421 EUBGEENSIS.

3835 355 3950 421 llﬁﬁ

671 488 950 541 tueantur,
997 493 1065 533 an
1102 477 1295 532 validis
1338 477 1557 531 ﬁrment
1610 477 1942 543 rationibus,
1989 491 2059 529 an
2095 472 2252 527 multi
2281 482 2328 537 Α
2355 474 2659 545 praeferens
2710 472 2978 530 Jacobum
3024 472 3357 543 quemdam,
3409 470 3507 540 qui
3565 470 3626 523 in
3683 470 3948 524 nonnullis

672 575 784 628 sint
836 573 890 627 in
940 586 1007 626 eo
1056 570 1385 625 celebrando
1435 578 1491 625 et
1537 570 1894 633 inculcando,
1957 568 2253 638 diligenter

672 672 1042 720 scrutaturus.

746 754 1050 809 Monendus
1085 755 1292 822 itaque,
1334 752 1379 806 si
1413 753 1541 822 quis
1583 751 1726 805 forte
1759 752 1831 803 ita
1868 758 2052 804 mente
2100 761 2258 802 com-

677 855 906 917 paratus
955 846 1073 911 sit,
1139 854 1387 915 tempora
1452 860 1482 898 a
1550 844 1898 914 temporibus
1965 841 2260 912 diligenter

674 938 938 1009 distingui
999 946 1274 1008 oportere.
1334 937 1471 991 Nam
1518 937 1681 990 aliam
1735 934 2035 1003 cujuslibet
2090 948 2255 1001 arguo

677 1030 845 1083 menti
890 1029 1267 1097 pertractandi
1298 1029 1569 1083 rationem
1610 1036 1741 1081 ante
1773 1033 1999 1081 exortas
2030 1031 2254 1079 contro-

678 1119 890 1173 versias
938 1128 1259 1187 usurpatam
1317 1118 1509 1179 fuisse,
1568 1116 1731 1169 aliam
1794 1128 1922 1170 vero
1970 1121 2259 1183 postquam

680 1212 1073 1263 controversia:
1104 1210 1503 1271 etferbuerunt,
1533 1218 1647 1262 tum
1680 1208 1802 1277 ipsa
1830 1206 1909 1260 rei
1943 1215 2142 1260 natura
2168 1220 2265 1274 per

682 1316 741 1355 se
767 1302 985 1364 suadet,
1015 1312 1128 1355 tum
1158 1304 1447 1356 innumera
1476 1300 1732 1370 exempla
1760 1297 2117 1354 conﬁrmant.
2147 1296 2265 1351 Uti-

2353 565 2644 622 codicibus
2681 566 2851 620 etiam
2904 563 3181 634 apostolus
3223 563 3434 618 dicitur
3486 569 3593 615 aut
3642 560 3823 628 {rem
3854 558 3947 613 Do.

2354 658 2525 723 mini;
2567 672 2889 728 quanquam
2915 657 3023 712 hoc
3045 657 3195 710 inter
3219 655 3610 710 additamenta
3643 651 3948 722 posterioris

2355 749 2537 804 aetatis
2587 748 2995 803 accensendmn
3044 763 3197 813 esse,
3230 748 3377 801 bene
3407 752 3576 799 notat
3609 742 3705 798 ιο.
3738 742 3948 799 Carolus

2356 840 2514 896 Thilo
2554 838 2750 908 (Codex
2786 836 3075 909 apocryph.
3124 835 3197 891 Ν.
3248 835 3335 899 Τ..
3388 845 3527 891 tom.
3560 833 3612 900 l,
3658 833 3944 902 protegam.

2359 930 2500 1001 §4).
2554 928 3011 999 Antiquissimam
3042 942 3166 982 eam
3202 926 3502 982 historiam
3551 938 3687 980 esse
3722 922 3945 977 dubitari

2360 1022 2499 1076 adeo
2527 1037 2637 1077 non
2667 1028 2870 1091 potest,
2900 1027 2960 1073 ut
2995 1019 3139 1073 idem
3186 1018 3351 1072 Thilo
3381 1018 3513 1085 (loc.
3555 1015 3688 1078 cit.)
3722 1030 3949 1086 pronun-

2360 1110 2500 1164 tiare
2530 1125 2640 1163 non
2693 1109 2930 1173 dubitet,
2974 1107 3120 1162 haud
3171 1107 3609 1178 improbandam
3652 1120 3784 1160 esse
3810 1103 3950 1158 Cora-

2362 1202 2539 1257 beﬁsii
2586 1203 2943 1266 sententiam,
2967 1200 3064 1271 qui
3112 1200 3360 1271 (Auctor.
3397 1209 3543 1252 tom.
3585 1197 3635 1260 I,
3669 1197 3788 1251 col.
3818 1196 3948 1253 liii)

2366 1310 2485 1350 eam
2521 1294 2589 1353 ad
2625 1310 2801 1349 aevum
2833 1295 3201 1365 apostolicum
3238 1291 3602 1347 referendam
3648 1297 3862 1344 censet.
3899 1288 3950 1341 Et

681 1408 789 1460 que
821 1402 944 1461 post
974 1403 1151 1447 motas
1180 1394 1516 1463 qmestiones
1544 1408 1647 1447 usu
1678 1393 1870 1445 venire
1898 1389 2149 1443 videmus
2210 1395 2270 1440 ut
2366 1394 2518 1440 certe
2551 1401 2682 1440 usos
2712 1386 2830 1455 ipsa
2876 1399 3001 1440 esse
3043 1384 3360 1455 Origenem,
3412 1381 3741 1452 NySsenum
3772 1381 3952 1453 Grego-

684 1486 743 1538 in
802 1449 938 1553 ipsis
995 1449 1217 1553 quoque
1265 1484 1332 1539 ad
1384 1482 1648 1554 populum
1711 1479 2065 1535 sermonibus
2118 1479 2268 1531 vires
2367 1479 2534 1542 rium,
2566 1449 2920 1533 Eustathium
2959 1449 3398 1538 Antiochenum,
3427 1449 3841 1544 Epiphanius,
3862 1449 3955 1524 λιι-

688 1591 883 1631 omnes
906 1575 970 1629 ad
1006 1576 1321 1630 doctrinam
1361 1576 1680 1645 quampiam
1716 1573 2006 1634 tuendam,
2046 1570 2272 1641 opposi—
2370 1569 2556 1625 dream
2596 1569 2950 1633 Cretensem,
2997 1568 3430 1630 Damascenum,
3469 1565 3743 1619 Photium
3780 1572 3833 1615 et
3859 1563 3954 1630 ple-

689 1682 911 1737 tamque
945 1667 1303 1724 refellendam
1332 1669 1724 1734 conferantur;
1768 1667 1882 1721 imo
1916 1665 2162 1720 eamdem
2201 1662 2274 1717 ob
2372 1677 2576 1732 resque
2614 1660 2814 1717 deinde
2845 1676 3040 1716 omnes
3064 1700 3080 1723 ,
3137 1660 3405 1714 evincunt
3459 1658 3673 1710 borum
3732 1653 3953 1722 scripta;

691 1777 917 1816 causam
951 1776 1095 1831 saepe
1121 1760 1324 1816 factum
1372 1762 1742 1830 comperimus
1806 1767 1867 1812 ut
1891 1756 2073 1811 oratio
2106 1756 2270 1809 etiam
2374 1755 2627 1824 quinimo
2650 1769 2769 1810 eam
2799 1752 3070 1821 allegasse
3117 1758 3236 1804 tum
3270 1748 3619 1804 Clementem
3643 1744 3955 1799 Alexandri-

693 1868 791 1923 per
814 1853 923 1906 vim
976 1867 1043 1906 eo
1085 1852 1517 1923 pertraheretur,
1565 1851 1613 1905 si
1640 1848 1863 1919 quando
1900 1846 2266 1916 praestitutum
2300 1831 2343 1886 Β
2378 1861 2533 1908 num.
2570 1855 2686 1900 tum
2733 1844 3020 1906 Irenaeum,
3047 1858 3114 1898 ac
3143 1841 3286 1897 forte
3332 1840 3521 1910 ipsum
3572 1851 3809 1909 quoque
3848 1851 3956 1890 sas-

695 1952 1079 2013 argumentum
1128 1943 1275 1998 ultro
1318 1942 1560 2011 cuipiam
1603 1940 1897 2010 quaestioni
1945 1939 2128 1991 locum
2164 1949 2275 1990 non
2375 1946 2528 1994 ctum
2579 1937 2863 2012 Iustinum
2907 1942 3210 2006 martyrem
3243 1933 3673 1996 ,communiter
3743 1942 3954 1983 consen-

698 2035 986 2105 prazberet.
1022 2036 1093 2088 At
1125 2048 1255 2089 vero
1285 2044 1413 2088 ante
1441 2033 1606 2087 hasce
1625 2032 1754 2087 lites
1780 2040 1975 2087 enatas
2004 2027 2279 2083 immerito

699 2128 755 2182 in
815 2127 1039 2183 Patrum
1095 2126 1337 2181 homiliis
1392 2125 1798 2195 apologeticum
1848 2124 1956 2177 hoc
1996 2136 2060 2175 ac
2110 2133 2280 2189 prope

700 2236 921 2292 pugnax
974 2219 1492 2288 eontentiosumque
1538 2216 1760 2272 dicendi
1815 2231 1993 2286 genus
2049 2213 2282 2282 requiri-

703 2328 845 2366 mus.
883 2309 1073 2381 Neque
1118 2312 1264 2375 enim
1307 2325 1474 2365 causa
1505 2320 1625 2365 erat
1652 2308 1956 2380 pugnandi,
1991 2307 2082 2361 tibi
2113 2319 2279 2361 nemo

702 2404 1046 2475 repugnabat
1117 2418 1298 2473 neque
1359 2417 1582 2458 rursus
1626 2417 1795 2455 causa
1867 2401 2130 2463 suberat,
2183 2412 2284 2451 cur

702 2495 951 2568 mysterii
1007 2504 1140 2549 tunc
1192 2495 1491 2551 enarrandi
1551 2494 1773 2548 cuidam
1823 2494 2090 2548 duntaxat
2115 2491 2283 2546 veluti

706 2588 991 2661 particulm
1028 2588 1275 2658 pressius
1313 2602 1379 2643 ac
1411 2588 1524 2642 fere
1553 2588 1651 2641 toti
1702 2584 1898 2641 Patres
1940 2585 2283 2640 insisterent.

706 2682 913 2735 Eorum
963 2679 1195 2748 proinde
1248 2680 1430 2745 oratio
1483 2678 1713 2733 liberius
1767 2692 1832 2731 ac
1880 2676 2047 2731 latius
2097 2674 2287 2743 vagari

708 2772 872 2825 solet.
901 2770 965 2824 Et
990 2768 1451 2839 quemadmodum
1483 2768 1540 2822 in
1569 2769 1943 2829 sermonibus,
1974 2767 2071 2836 qui
2104 2767 2289 2834 plures

709 2869 1047 2931 supersunt,
1109 2861 1182 2914 De
1235 2859 1533 2914 Natioitate
1598 2858 1960 2915 Prwcursoris
2035 2857 2287 2922 Domini,

712 2954 917 3006 frustra
957 2958 1268 3020 exspectes,
1310 2950 1457 3005 vires
1503 2963 1569 3003 eo
1623 2950 1863 3002 maxime
1910 2946 2188 3009 contrahi,
2231 2954 2292 2998 ut

709 3043 959 3110 ejusdem
986 3042 1290 3097 nativitatis
1316 3040 1609 3093 evincatur
1640 3040 1939 3103 sanctitas;
1975 3037 2073 3093 sed
2100 3036 2291 3092 Patres

711 3136 877 3189 modo
924 3137 977 3186 iu
1033 3143 1325 3202 parentum
1356 3132 1479 3199 ejus
1517 3129 1709 3184 laudes
1753 3128 1983 3195 effundi,
2016 3127 2181 3181 modo
2235 3126 2288 3179 in

712 3225 892 3294 angeli
927 3225 1118 3276 nuntio
1151 3220 1518 3292 explanando,
1553 3220 1714 3274 modo
1748 3220 1803 3273 in
1841 3220 2123 3273 Zachariae
2156 3232 2288 3271 cane

712 3317 824 3370 tico
875 3314 1225 3378 illustraudo,
1276 3313 1439 3367 modo
1475 3314 1528 3366 in
1567 3312 1676 3365 vita
1724 3320 1780 3366 et
1836 3312 2004 3380 gestis
2043 3309 2289 3377 ejusdem

715 3407 1087 3461 Przccursoris
1143 3404 1512 3471 enarrandis,
1567 3403 1731 3457 modo
1783 3402 1837 3456 in
1899 3400 2295 3469 redemptionis

717 3503 971 3554 humanm
1024 3498 1310 3568 mysterio,
1355 3495 1517 3564 cujus
1550 3493 1803 3564 qumdatn
1856 3491 2137 3545 inchoatio
2177 3497 2295 3543 erat

716 3589 1043 3643 admiranda
1100 3589 1190 3641 illa
1234 3588 1526 3648 nativitas,
1585 3582 2023 3638 commendando
2081 3578 2294 3634 versari

718 3680 998 3752 reperias;
1023 3680 1257 3748 idipsuut
1287 3686 1340 3732 et
1374 3680 1430 3732 in
1473 3675 1817 3731 sermonibus
1840 3670 2301 3741 deConceptioue

722 3770 989 3842 Virginis,
1022 3772 1270 3842 quinimo
1294 3781 1346 3826 et
1369 3769 1436 3825 de
1458 3768 1709 3839 ejusdem
1765 3763 2065 3820 Nativitate
2095 3762 2299 3816 factum

723 3865 930 3933 cogita.

795 3953 912 4007 VII.
954 3951 1318 4008 Occasionem
1354 3963 1527 4020 porro
1574 3947 1747 4001 latius
1776 3942 2013 4015 vagandi
2049 3940 2307 3995 Patribus

726 4045 961 4116 prabuit
992 4060 1101 4098 non
1138 4044 1301 4096 modo
1332 4038 1705 4112 reparationis
1738 4039 1992 4091 humanae
2021 4033 2310 4105 gaudium,

727 4137 890 4207 cujus
913 4134 1237 4190 administra
1265 4142 1427 4202 atque
1455 4131 1882 4185 instrumentum
1900 4125 2070 4180 Maria
2091 4122 2310 4178 exorie—

728 4231 924 4294 batur;
958 4242 1071 4282 non
1102 4225 1267 4280 modo
1294 4224 1507 4278 inﬁnita
1533 4220 1757 4275 laudum
1792 4232 1973 4289 seges,
2004 4229 2168 4285 quam
2196 4212 2308 4266 Ma-

730 4322 827 4376 ria
843 4319 1086 4392 dignitas
1108 4330 1388 4386 nunquam
1424 4330 1532 4369 non
1560 4312 1909 4381 suppeditat;
1942 4306 2037 4363 sed
2061 4304 2314 4376 quoidam

732 4422 1001 4482 praeterea
1025 4410 1408 4480 adjunctorum
1448 4405 1624 4461 series
1642 4401 2075 4470 Coneeptionem
2106 4395 2228 4465 ejus
2253 4408 2317 4447 ac

735 4503 1084 4557 Nativitatetn
1116 4502 1202 4555 vel
1236 4497 1663 4570 praecedentium
1700 4493 1784 4548 vel
1819 4487 2315 4559 subsequentium;

738 4592 883 4649 unde
946 4592 1151 4648 factum
1202 4599 1289 4645 est
1345 4597 1404 4643 ut
1452 4587 1619 4641 etiam
1690 4584 1756 4637 ad
1797 4589 2086 4650 parentum
2121 4577 2318 4646 ipsius,

735 4685 985 4740 Joachim
1022 4692 1076 4738 et
1115 4685 1307 4746 Attum,
1370 4681 1561 4734 laudes
1608 4679 1807 4732 uberes
1835 4672 2217 4744 prosiluerint.
2253 4668 2322 4722 Et

738 4777 962 4846 quidem
1020 4784 1301 4845 postremo
1357 4777 1688 4839 argumento
1722 4767 1899 4822 fusius
1942 4761 2325 4834 prosequendo

739 4868 975 4937 amplam
1029 4866 1310 4922 materiem
1342 4861 1495 4917 dedit
1547 4860 1783 4915 historia
1820 4856 2093 4929 quzedam,
2122 4854 2188 4908 de
2214 4867 2324 4923 qua

741 4962 1000 5015 lectorem
1053 4971 1277 5011 monere
1335 4969 1516 5023 Opera:
1575 4953 1812 5023 pretium
1873 4947 2157 5011 existimo,
2213 4958 2324 5012 quo

744 5052 965 5107 facilius
991 5062 1185 5103 eorum
1210 5061 1331 5116 quae
1354 5047 1409 5100 in
1457 5042 1729 5114 ejusmodi
1764 5038 2115 5095 sermonibus
2133 5048 2321 5089 oecur-

743 5149 897 5206 runt,
924 5141 1035 5194 vim
1067 5140 1349 5210 percipere
1376 5144 1569 5207 queat.

815 5232 1120 5289 Notissima
1152 5231 1366 5286 scilicet
1399 5245 1462 5282 ac
1490 5227 1649 5281 valde
1675 5222 1915 5279 celebris
1950 5219 2187 5273 maxime
2233 5231 2330 5287 per

746 5326 1027 5381 Orientem
1055 5323 1338 5378 ferebatur
1368 5321 1616 5375 narratio
1645 5317 1916 5385 inscripta
1952 5312 2113 5366 titulo
2142 5308 2330 5362 Histo-

2377 2031 2526 2085 tiunt
2551 2028 2754 2085 eruditi
2788 2028 2890 2097 (7).
2933 2026 3014 2081 Ex
3049 2042 3160 2096 quo
3198 2024 3333 2079 illud
3358 2023 3530 2078 etiam
3566 2022 3707 2075 licet
3730 2031 3957 2088 arguere1

2381 2121 2524 2175 hanc
2559 2120 2843 2174 historiam
2886 2132 3067 2187 neque
3100 2116 3305 2184 exiguo
3334 2116 3389 2167 in
3425 2112 3616 2184 pretio
3659 2110 3815 2180 apud
3841 2118 3961 2161 vete-

2380 2226 2491 2275 res,
2526 2225 2703 2277 neque
2734 2217 2994 2278 tanquam
3027 2207 3417 2262 luerctieorum
3459 2204 3797 2273 ﬁgmentum
3830 2198 3963 2252 babio

2383 2308 2494 2353 tam
2553 2298 2762 2354 fuisse:
2816 2312 2943 2352 cum
2993 2304 3187 2350 contra
3238 2295 3519 2349 interdum
3559 2290 3889 2344 incidamus
3918 2287 3962 2338 is

2382 2392 2575 2447 Patres
2622 2389 2717 2460 qui
2746 2390 2814 2444 de
2846 2389 3034 2458 aliqua
3071 2385 3432 2455 corruptione
3468 2385 3529 2436 in
3578 2396 3713 2436 eam
3749 2395 3847 2450 per
3875 2377 3964 2431 ba-

2383 2483 2587 2539 reticos
2615 2481 2840 2535 inducta
2872 2481 3077 2535 acriter
3106 2484 3555 2547 conquerantur.

2457 2619 2616 2686 Quod
2656 2625 2838 2672 autem
2870 2615 2926 2670 in
2958 2629 3204 2685 prsesens
3248 2613 3471 2675 attinet,
3508 2609 3810 2664 ferebatur
3841 2607 3891 2661 in
3917 2620 3966 2657 ea

2387 2712 2758 2773 Joachimum,
2787 2723 2911 2763 cum
2944 2721 3048 2777 pro
3076 2705 3256 2775 gentis
3292 2701 3718 2759 consuetudine
3764 2712 3966 2753 munera

2391 2805 2505 2860 Deo
2558 2802 2844 2857 oblaturus
2893 2798 2962 2853 ad
3013 2797 3282 2867 templum
3329 2791 3726 2853 ascendisset,
3774 2786 3968 2857 probris

2390 2905 2681 2967 exceptum
2700 2908 2764 2948 ac
2793 2891 3078 2962 repulsum
3104 2888 3280 2942 fuisse
3306 2901 3335 2939 a
3353 2885 3625 2955 quopiam
3663 2897 3768 2937 seu
3802 2877 3970 2931 Rubro

2393 3004 2491 3046 seu
2534 2985 2838 3043 Rubenita.
2882 2987 3177 3052 propterea
3205 2978 3338 3047 quia
3372 2974 3550 3045 (quod
3588 2973 3748 3027 inter
3777 2968 3971 3023 ludens
4074 3018 4075 3052 ξ

2395 3078 2747 3134 maledictum
2793 3071 3145 3142 habebatur)
3211 3070 3367 3140 prole
3418 3074 3645 3123 careret
3704 3081 3720 3118 :
3768 3060 3974 3134 proinde

2316 3187 2357 3241 α
2390 3171 2555 3227 simul
2590 3184 2717 3224 eum
2752 3180 2926 3222 uxore
2961 3169 3119 3218 Anna
3152 3162 3414 3232 precibus
3447 3173 3512 3214 ac
3540 3156 3791 3226 jejuniis
3821 3154 3977 3207 interi-

2392 3273 2531 3325 tum,
2572 3260 2817 3315 dolorem
2849 3270 3013 3312 suum
3044 3268 3232 3309 coram
3273 3252 3381 3307 Deo
3427 3248 3715 3304 effudisse
3766 3252 3978 3309 votoque

2395 3353 2786 3410 sanctissimos
2831 3349 3103 3418 eonjuges
3150 3358 3211 3400 se
3244 3342 3657 3401 obstrinxisse,
3714 3336 3979 3392 oblaturos

2397 3460 2457 3498 se
2493 3443 2625 3505 Deo,
2659 3443 2705 3497 si
2747 3455 2915 3509 quam
2966 3438 3179 3508 prolem
3210 3432 3516 3490 concedere
3548 3429 3704 3497 ipsis
3751 3426 3979 3495 dignare

2399 3545 2531 3589 tur:
2572 3533 2814 3587 monitos
2860 3531 2989 3584 dein
3026 3542 3125 3596 per
3158 3524 3417 3596 angelum
3472 3520 3658 3574 fuisse
3691 3516 3768 3570 de
3811 3512 3977 3567 sobole
4074 3512 4075 3581 ξ

2401 3641 2528 3681 mox
2574 3622 2952 3693 suscipienda,
3001 3632 3169 3688 quam
3205 3615 3599 3685 praedicatum
3642 3615 3843 3662 essent
3871 3602 3978 3657 uni-

2401 3732 2577 3773 versa:
2604 3692 2779 3770 tribus
2806 3725 2998 3776 terrae;
3036 3709 3185 3780 quod
3224 3708 3430 3762 factum
3462 3716 3596 3756 cum
3625 3700 3856 3761 fuisset,
3891 3692 3981 3746 lla-

2404 3810 2542 3864 riam
2576 3808 2844 3862 trieunem
2870 3802 3064 3858 Dedin
3100 3798 3306 3869 templo
3332 3793 3634 3856 obtulisse,
3679 3797 3798 3844 etc.

2477 3920 2618 3975 Ilinc
2668 3919 2858 3987 itaque
2893 3914 3095 3969 factum
3158 3919 3269 3974 est,
3313 3917 3373 3964 ut
3417 3907 3649 3964 Patres.
3694 3901 3833 3957 dum
3878 3894 3983 3951 huic

2408 4011 2655 4068 historia:
2702 4023 2890 4078 presse
2943 4005 3234 4067 inhaerent,
3282 4011 3520 4066 eamque
3550 3995 3732 4049 modo
3766 3990 3983 4062 parcius

2411 4098 2575 4155 modo
2606 4097 2837 4151 uberius
2875 4094 3198 4163 explanant,
3226 4088 3403 4159 gestis
3434 4083 3732 4139 Joachimi
3759 4089 3820 4135 et
3844 4079 3986 4132 Ann:

2412 4185 2773 4252 enarrandis,
2829 4182 3245 4248 virtutibusque
3297 4191 3490 4232 eorum
3549 4170 3913 4229 celebrandis
3941 4172 3987 4218 ut

2413 4278 2715 4350 plurimum
2757 4275 3121 4328 immorentur
3157 4284 3171 4320 :
3203 4267 3338 4321 hinc
3378 4264 3766 4320 excursiones
3806 4259 3907 4312 illa
3934 4252 3984 4306 ad

2415 4347 2800 4426 disserendum
2834 4363 2903 4418 de
2946 4360 3204 4416 tribubus
3234 4355 3391 4412 Judze
3432 4362 3489 4410 et
3518 4351 3761 4417 Ruben,
3792 4347 3987 4404 alterius

2419 4462 2639 4533 quidem
2673 4455 2957 4528 privilegia
3005 4468 3071 4508 ac
3099 4448 3498 4522 praestantiam,
3552 4445 3805 4498 alterius
3834 4446 3983 4493 autem

2424 4531 2623 4624 probra
2654 4546 3072 4620 prosequendo;
3105 4543 3268 4610 cujus
3298 4541 3379 4595 rei
3413 4537 3718 4607 specimen
3739 4531 3989 4603 singulare

2418 4646 2586 4701 habes
2615 4644 2670 4697 in
2694 4638 2947 4712 prmsenti
2974 4634 3210 4691 Joannis
3237 4630 3414 4686 nostri
3451 4629 3752 4682 oratione.

2490 4754 2628 4812 Vlll.
2675 4752 2866 4822 Atqui,
2918 4748 3160 4818 inquies,
3204 4744 3251 4799 si
3299 4743 3375 4796 ita
3407 4755 3497 4795 res
3544 4739 3757 4799 habet,
3795 4744 3851 4791 et
3876 4733 3987 4822 sier

2415 4848 2689 4919 ejusmodi
2724 4821 3077 4901 sermonibus
3106 4839 3177 4893 de
3208 4836 3425 4891 ratione
3453 4846 3517 4886 ac
3542 4843 3737 4899 scapo
3760 4821 3990 4882 solemni-

2419 4940 2552 4995 tatis
2568 4935 2877 5007 dijudicare
2904 4933 3036 4986 licet
3050 4970 3066 4993 ,
3089 4931 3204 4999 jam
3223 4928 3333 4981 duo
3365 4925 3524 4994 plane
3545 4924 3987 5007 consequuntur:

2420 5032 2601 5102 primo
2627 5004 2852 5097 quidem
2885 5024 3086 5078 festum
3118 5016 3511 5087 Coneeptionis
3548 5022 3737 5084 prout
3760 5027 3795 5065 a
3821 5004 3990 5064 Graecis

2425 5120 2829 5181 celebrabatur,
2869 5104 3009 5170 nihil
3061 5112 3264 5167 habere
3296 5121 3600 5164 commune
3633 5120 3774 5161 cum
3821 5107 3991 5172 myste-

2426 5216 2512 5271 rio
2529 5212 2677 5285 quod
2703 5210 2900 5265 Latina
2918 5206 3170 5264 Ecclesia
3183 5201 3471 5260 colendum
3490 5199 3809 5270 proponit;
3836 5188 3993 5249 deinde

2430 5320 2558 5359 vero
2585 5299 2850 5372 quidquid
2883 5299 3100 5352 demum
3126 5294 3299 5349 Graeci
3328 5290 3523 5346 Patres
3545 5288 3628 5344 de
3660 5285 3992 5355 conceptione

748 5414 846 5469 ria:
880 5411 1202 5466 Natiritatis
1253 5409 1354 5464 SS.
1395 5409 1639 5477 Deiparm
1678 5374 1892 5471 Martio,
1944 5410 1998 5457 et
2051 5407 2333 5455 auctorem
2432 5394 2683 5466 Virginis
2732 5390 3039 5464 proferant,
3071 5388 3123 5444 id
3155 5396 3328 5442 totum
3382 5382 3507 5437 ﬁdei
3553 5381 3733 5438 illius
3765 5374 3990 5435 historix.

2258 5571 2495 5630 ΝΟΤΛΕ.

828 5697 1105 5770 (7)(ᾷοιιΐ.
1159 5698 1320 5752 Thilo
1366 5698 1416 5770 l._
1445 5711 1536 5770 e.,_
1563 5705 1615 5770 et
1649 5690 1966 5770 Tenzelimn
2014 5689 2070 5744 in
2107 5694 2222 5744 not.
2256 5684 2321 5740 ad
2364 5684 2424 5739 S.
2473 5675 2783 5752 Hieronymi
2826 5675 3028 5732 librum
3064 5670 3138 5725 De
3220 5667 3361 5722 Viris
3402 5666 3752 5729 illustribus,
3817 5672 3925 5730 cap.
3951 5651 3989 5707 ἓν

676 5790 677 5793 ‘
761 5775 818 5828 in
837 5759 1106 5824 'lliblioth.
1144 5770 1342 5823 eccles.
1380 5766 1636 5828 Fabricii,
1670 5777 1792 5833 pag.
1819 5759 1911 5814 ‘27.
