4118 6440
180 387 312 451 1157

1641 388 1796 450 ΜΟΝ
1810 388 1996 449 [TUM

3295 375 3429 438 1558

172 495 503 567 apocrypha:
552 495 791 563 scilicet,
831 509 892 550 ac
913 505 1204 567 propterea
1258 496 1469 554 nullius
1515 498 1755 552 auctori-
1785 507 1828 561 Α
1860 498 2012 552 hisce.
2040 495 2171 550 nihil
2201 502 2285 551 est
2313 509 2471 564 opus.
2497 493 2682 564 .‘icque
2704 491 2849 547 enim
2879 491 2932 545 in
2956 504 3018 545 ea
3041 487 3228 544 Jacobi
3256 487 3429 542 histe-

176 588 329 649 tatis,
373 586 559 640 inniti.

250 675 338 729 l.\'.
376 676 591 741 Quibus
629 687 685 730 ut
717 678 959 734 breviter
990 691 1341 745 occurratur,
1365 679 1758 735 advertendum

174 769 232 821 in
270 769 464 838 primis
504 778 587 822 est
627 785 736 822 non
777 786 990 839 semper
1020 789 1084 826 ex
1140 775 1488 829 sermonibus
1513 775 1628 828 sive
1665 773 1760 826 ho-

173 861 342 914 nnliis
373 861 441 916 de
479 863 604 916 festi
632 863 845 916 ratione
881 865 1149 933 judicium
1189 866 1318 920 ferri
1347 882 1530 936 posse.
1566 865 1760 920 Nonne

172 955 390 1023 etapud
417 970 516 1009 nos
547 956 598 1007 in
634 957 928 1025 proverbio
943 966 1051 1021 est,
1083 973 1369 1012 sermones
1397 960 1759 1029 panegyricos

174 1061 320 1114 serpe
364 1048 612 1112 recitari,
657 1049 750 1116 qui
801 1051 1065 1118 mysteria
1109 1052 1415 1120 singularia
1461 1064 1756 1121 ptaetervo-

175 1141 316 1203 lant,
371 1147 428 1194 et
481 1141 726 1194 dictitari
783 1144 964 1196 solent
1010 1160 1275 1198 sermones
1329 1145 1393 1196 de
1451 1147 1761 1200 communi?

177 1228 355 1298 llujus
405 1242 586 1284 autem
619 1234 791 1286 moris
834 1237 1084 1303 exempla
1126 1244 1179 1288 et
1220 1237 1362 1304 apud
1396 1247 1612 1292 veteres
1650 1252 1758 1291 non

173 1324 392 1387 deesse,
431 1325 569 1380 satis
602 1326 693 1378 ille
744 1326 1006 1394 novitqui
1048 1328 1131 1381 vel
1183 1329 1370 1394 unius,
1414 1345 1466 1382 v.
1499 1345 1607 1400 ειη,
1651 1333 1759 1382 Au-

173 1416 384 1484 gustini
428 1430 714 1471 sermones
753 1418 1101 1486 pervolverit.

250 1505 457 1560 Deinde
494 1522 624 1559 vero
659 1508 810 1562 aliud
863 1519 950 1563 est
992 1511 1304 1564 orationem
1345 1511 1510 1566 latius
1547 1513 1755 1581 vagari,

175 1597 330 1651 aliud
364 1605 450 1651 est
492 1598 630 1651 nihil
663 1614 783 1654 eam
850 1616 959 1670 pra:
999 1617 1057 1656 se
1100 1604 1240 1657 t'erre
1289 1603 1434 1672 quod
1463 1605 1598 1660 satis
1633 1604 1757 1658 festi

177 1689 452 1744 rationem
472 1689 737 1746 declaret.
759 1692 1024 1762 Equidem
1050 1697 1218 1764 siqua
1239 1697 1365 1762 alia,
1390 1698 1503 1751 ha:c
1521 1697 1760 1753 maxime

173 1779 412 1836 Joannis
454 1779 685 1835 homilia
722 1783 830 1838 huc
869 1784 998 1837 illuc
1039 1801 1337 1842 excurrere
1378 1787 1612 1842 dicenda
1649 1794 1755 1846 est.

1866 594 1945 646 ria
1999 589 2280 660 quidpiatn
2332 586 2573 656 reperies
2616 602 2726 656 quo
2756 584 3105 656 prmformata
3151 580 3219 636 de
3250 579 3429 634 Maria;

1862 684 2209 736 imnmnitatc
2232 696 2260 734 a
2284 688 2508 750 peccato
2536 678 2769 748 originis
2795 676 3066 732 sententia
3088 674 3198 729 dici
3233 673 3421 742 possit.

1859 775 1938 828 Ac
1969 773 2198 843 proinde
2234 770 2502 842 quidquid
2552 769 2772 824 demum
2827 769 2897 823 de
2926 768 3156 822 historia
3188 766 3304 836 ipsa
3336 767 3427 828 sit,

1862 882 2024 922 nemo
2049 865 2318 920 doctrina:
2355 867 2422 919 de
2474 864 2828 918 immaculato
2859 861 3105 930 Virginis
3162 870 3430 930 conceptu

1860 960 2185 1012 calumniari
2238 968 2521 1028 propterea
2557 965 2758 1026 potest.
2799 958 2945 1027 quod
2995 958 3062 1011 ab
3119 955 3432 1026 apocrypha

1863 1050 2002 1104 libro
2035 1051 2275 1119 profecta
2312 1049 2486 1104 videri
2527 1056 2713 1118 queat.

1931 1142 2024 1197 XI.
2064 1143 2259 1208 Quoad
2301 1157 2365 1197 ca
2403 1157 2534 1197 vero
2567 1156 2692 1211 qua:
2735 1140 2803 1194 de
2840 1139 3108 1194 Joachiini
3154 1149 3209 1194 et
3262 1140 3434 1193 Anna:

1859 1235 2028 1307 gestis
2061 1236 2131 1289 ab
2167 1235 2256 1287 illa
2305 1233 2535 1288 historia
2569 1233 2804 1286 deducta
2839 1231 3116 1294 videntur,
3147 1233 3434 1300 disputare

1859 1329 1914 1381 in
1946 1342 2189 1396 praesens
2232 1325 2367 1379 nihil
2409 1325 2662 1380 interest.
2711 1323 2846 1378 Illud
2899 1334 3076 1377 tamen
3123 1339 3229 1377 non
3265 1323 3432 1376 entit-

1861 1428 1994 1482 tam,
2037 1433 2146 1472 non
2178 1418 2362 1472 omnia
2395 1417 2608 1471 scilicet
2638 1416 2708 1469 ab
2745 1415 3006 1469 omnibus
3033 1415 3154 1470 sine
3191 1414 3430 1483 quodam

1858 1510 2072 1563 delectu
2099 1519 2315 1576 recepta
2346 1507 2518 1562 fuisse
2551 1505 2650 1577 (8):
2673 1521 2797 1576 qua:
2827 1520 2956 1560 vero
2979 1504 3347 1559 communiter
3365 1502 3434 1559 de

1860 1601 2104 1671 Virginis
2133 1600 2491 1669 conceptione
2542 1607 2762 1667 recepta
2794 1605 2944 1659 sunt.
2981 1598 3027 1650 si
3061 1596 3142 1650 rei
3171 1596 3434 1650 substan-

1860 1693 1992 1748 tiam
2025 1691 2366 1754 eonsideres,
2398 1691 2536 1745 nihil
2571 1691 2844 1745 absonum
2886 1696 2985 1743 aut
3024 1704 3054 1743 a
3083 1689 3198 1744 veri
3249 1693 3435 1759 specie

1859 1786 2165 1840 abhorrens
2195 1784 2500 1840 continere.

173 1873 343 1943 Atqui
379 1884 563 1931 tamen
594 1875 856 1944 praeclare
891 1877 1029 1930 adeo
1067 1877 1190 1931 festi
1237 1878 1626 1948 Conceptionis
1655 1894 1750 1933 ra-
1789 1877 1834 1934 Β
1938 1876 2192 1932 Proiecto
2235 1875 2280 1931 si
2322 1889 2449 1928 cum
2498 1873 2566 1930 de
2611 1874 2878 1929 Samsone
2914 1887 3168 1944 ageretur
3228 1871 3430 1943 (Judic.

175 1967 386 2020 tionem
460 1969 728 2037 proponi,
789 1978 848 2022 ut
909 1970 1044 2023 nihil
1108 1971 1442 2026 lneulentius
1504 1972 1754 2041 exoptari

177 2057 381 2126 possit.
423 2056 481 2112 Si
512 2059 900 2115 dedicationem
939 2063 1274 2130 templorum,
1323 2064 1507 2134 inquit
1543 2068 1659 2133 ipse
1688 2069 1754 2119 ad

178 2151 345 2203 linem
378 2152 673 2216 sermonis,
701 2153 920 2207 solemni
944 2157 1046 2206 ritu
1081 2155 1401 2208 celebramus
1428 2171 1446 2217 ;
1476 2167 1676 2227 quanto
1703 2158 1755 2210 id

173 2257 300 2294 vero
333 2244 502 2312 magis
543 2245 910 2313 prtestandum
957 2257 1054 2309 est,
1085 2250 1294 2316 quando
1335 2265 1437 2300 non
1472 2264 1537 2302 ea;
1565 2249 1756 2315 lapidi.

175 2334 275 2384 bus
305 2349 461 2386 sacra
499 2335 636 2387 trdes
667 2336 1056 2400 exa'di/icutur,
1099 2339 1188 2390 sed
1231 2339 1550 2403 beneplacito
1587 2339 1678 2393 Dei
1706 2350 1756 2394 et

175 2428 549 2494 cooperatiom:
574 2430 900 2482 sanctissimi
930 2440 976 2482 et
1001 2431 1313 2497 viviﬁcantis
1337 2431 1568 2498 Spiritus
1587 2434 1757 2486 virum

177 2512 280 2566 Dei
313 2514 464 2568 Verbi
496 2519 739 2582 templum
774 2518 827 2570 in
859 2531 1032 2572 ventre
1059 2521 1226 2574 Amne
1248 2523 1614 2575 construitur?
1640 2523 1757 2588 Qua

177 2625 315 2664 sane
346 2613 499 2666 brevi
531 2616 804 2667 sententia
844 2625 896 2668 et
929 2617 1240 2670 clarissime
1271 2619 1603 2686 proponitur
1635 2619 1753 2673 l‘esti

180 2701 349 2765 ratio,
388 2701 504 2770 ipsa
537 2720 731 2772 nempe
764 2705 945 2760 Mariti:
986 2706 1290 2776 Conccptio
1338 2727 1351 2762 :
1407 2720 1460 2762 et.
1509 2712 1756 2778 ejusdem

176 2791 576 2862 Conceptionis
609 2798 874 2850 Sanctitas
897 2811 957 2851 ac.
977 2814 1044 2864 pu
1057 2800 1187 2853 ritas
1203 2801 1342 2852 inira
1367 2802 1760 2870 perspicuitate

177 2885 535 2951 exprimitur.
599 2889 1074 2953 Quemadmodum
1130 2893 1274 2944 enim
1333 2891 1647 2949 BUl'nlll‘tillS
1704 2898 1758 2950 in

177 2974 385 3028 celebri
413 2977 477 3029 de
511 2977 613 3030 hoc
650 2989 974 3048 argumento
1007 2983 1243 3049 cpistola
1281 2984 1464 3052 (epist.
1519 2986 1640 3046 174,
1691 2994 1759 3040 ad

181 3069 750 3142 Canonic.Lugdun.).
785 3090 849 3128 ex
883 3078 1088 3143 peccmi
1119 3080 1603 3150 prrcsentiaarguit
1633 3082 1757 3152 Spi-

1860 1983 1981 2028 xm,
2006 1967 2084 2037 5),
2107 1974 2202 2020 aut
2223 1965 2291 2020 de
2314 1963 2530 2018 Domini
2550 1978 2895 2034 praecursore
2913 1962 3060 2034 (Luc.
3100 1977 3138 2016 ι.
3162 1963 3222 2017 li
3244 1964 3421 2033 θείη).

1859 2061 2100 2125 ccelitus,
2144 2059 2224 2112 uti
2279 2072 2452 2112 sacra:
2477 2063 2758 2113 testantur
2794 2056 3034 2120 Litterae,
3068 2056 3136 2111 ad
3177 2064 3435 2126 parentes

1862 2154 2066 2208 missus
2107 2163 2193 2208 est
2237 2153 2501 2222 angelus.
2559 2152 2651 2220 qui
2713 2151 3022 2206 sterilitatis
3079 2151 3432 2214 solutionem.

1862 2248 2185 2315 prolemque
2227 2246 2623 2314 polliceretur;
2673 2242 2923 2313 nunquid
2976 2243 3217 2299 absurde
3245 2243 3435 2298 existi-

1862 2337 2105 2390 mabitur
2149 2335 2408 2404 idipsum,
2443 2351 2567 2389 cum
2602 2336 2668 2390 dc
2708 2335 2989 2390 Genitricc
3023 2335 3116 2390 Dei
3155 2344 3432 2404 ageretur,

1865 2430 2064 2484 factum
2089 2430 2300 2484 fuisse?
2337 2430 2389 2483 Si
2427 2430 2650 2498 antiqua
2680 2429 2769 2482 illa
2808 2428 2966 2482 Anna
2990 2429 3127 2484 fusi.
3163 2429 3232 2482 ad
3264 2427 3432 2483 Deum

1863 2523 2116 2592 precibus
2145 2520 2195 2591 (1
2233 2521 2360 2590 Reg.
2398 2535 2436 2582 ι,
2472 2521 2537 2574 Μ
2565 2521 2730 2590 seqq.)
2758 2527 3002 2590 optatam
3041 2519 3434 2574 lecunditatem

1861 2621 2156 2668 consecuta
2192 2622 2310 2673 est;
2345 2627 2444 2666 cur
2481 2611 2532 2665 id
2563 2611 2866 2666 absurdum
2901 2611 2969 2667 de
3001 2611 3157 2666 Anna
3193 2610 3438 2682 Deipara:

1863 2717 2035 2760 matre
2072 2707 2463 2776 reputabitur?
2503 2705 2769 2774 Denique,
2805 2707 2850 2760 si
2882 2722 2947 2759 ex
2994 2713 3108 2758 tota
3153 2719 3434 2760 sacrarum

1864 2798 2198 2852 Litterarum
2236 2801 2381 2854 serie
2413 2799 2769 2855 manifestum
2809 2806 2911 2860 est,
2942 2813 3050 2852 non
3086 2798 3246 2852 modo
3277 2797 3434 2850 steri-

1864 2890 2069 2944 litatem
2101 2889 2428 2958 conjugibus
2466 2891 2635 2944 fuisse
2683 2889 3007 2960 opprobrio,
3040 2903 3228 2943 verum
3269 2892 3435 2942 etiam

1864 2989 2124 3050 tanquam
2157 2998 2184 3035 a
2215 2980 2323 3034 Deo
2351 2982 2568 3035 vindice
2602 2983 2909 3050 perculsos,
2965 2997 3026 3035 ac
3061 2980 3229 3033 veluti
3265 2980 3437 3034 male-

1863 3073 2182 3142 dictos,qui
2224 3081 2476 3127 carerent
2517 3073 2729 3135 liberis,
2782 3073 2996 3125 habitos
3037 3072 3243 3138 fuisSc;
3278 3071 3432 3142 quid,

177 3159 327 3213 ritus
361 3161 536 3214 sancti
572 3162 903 3216 vivilicantis
934 3165 1241 3219 absentiam
1269 3206 1284 3232 ,
1321 3182 1477 3236 :equo
1513 3171 1759 3238 profecto
1785 3199 1830 3260 ϐ
1862 3179 2069 3234 quaeso,
2093 3182 2120 3216 ιι
2145 3166 2259 3220 veri
2285 3168 2470 3234 specie
2497 3165 2733 3231 abludit,
2765 3163 3050 3219 Joachimo
3076 3171 3235 3234 atque
3267 3164 3437 3216 Anna:

170 3250 301 3318 jure
331 3250 462 3305 dum
516 3256 691 3305 sancti
725 3270 786 3306 ac
821 3256 1146 3312 viriut-antis
1194 3259 1435 3328 Spiritus
1467 3265 1754 3330 praesentia

175 3343 232 3395 in
270 3344 384 3411 ipsa
420 3345 797 3414 Conceptionc
838 3349 1190 3415 prmdicalut‘,
1230 3354 1549 3407 necessario
1584 3355 1754 3410 infer-

173 3441 270 3485 tur
296 3434 592 3502 cujuslibet
629 3436 877 3488 absentia
921 3438 1152 3504 peccati.

250 3523 318 3577 Χ.
375 3526 529 3593 Quod
565 3528 629 3580 ad
665 3528 897 3581 alterum
929 3546 1056 3581 tero
1091 3542 1322 3599 spectat,
1364 3535 1448 3588 l'ae
1480 3536 1667 3598 etiam,
1707 3537 1753 3590 si

172 3617 252 3670 ita
288 3616 391 3679 vis,
425 3617 564 3670 nihil
597 3619 662 3671 de
702 3620 802 3671 hac
848 3637 906 3672 re
953 3619 1145 3675 Patres
1180 3625 1408 3691 dixisse,
1457 3629 1604 3694 quod
1641 3643 1752 3682 non

172 3707 476 3761 deductum
529 3709 598 3762 ab
651 3710 742 3762 illa
796 3709 990 3763 Jacobi
1051 3713 1283 3767 historia
1335 3717 1509 3770 videri
1554 3720 1746 3787 possit.

173 3800 321 3865 Quid
373 3801 498 3855 inde
545 3801 764 3855 demum
828 3805 1162 3860 concludes?
1217 3806 1472 3863 Profecto
1533 3811 1625 3864 ubi
1688 3811 1755 3867 de

171 3892 431 3947 doctrina
468 3891 778 3946 Christiana
822 3907 1020 3964 agatur
1069 3898 1239 3966 (certe
1263 3909 1445 3954 autem
1484 3903 1753 3971 agiturde

173 3983 507 4054 gravissimo
539 3985 805 4040 doctrina:
836 3989 1168 4043 Christiana:
1211 3992 1409 4060 capite,
1445 4008 1569 4046 cum
1599 4010 1752 4064 qua:-

172 4077 322 4129 ritur
349 4090 414 4128 an
457 4091 648 4128 omnes
695 4078 762 4130 ad
802 4095 970 4132 unum
1012 4080 1106 4134 lilii
1137 4081 1289 4146 Adae,
1320 4085 1491 4152 patris
1527 4095 1752 4155 peccato

175 4167 449 4237 inquinati
483 4169 743 4239 fuerint).
784 4173 939 4226 valde
973 4172 1186 4242 abjecte
1215 4175 1281 4229 de
1325 4175 1582 4233 l’atribus
1613 4194 1751 4248 opus

172 4268 263 4316 est
306 4261 394 4314 ille
420 4262 642 4326 sentiat,
674 4263 767 4334 qui
809 4264 1082 4320 existimet
1114 4281 1208 4322 eos
1244 4283 1351 4322 non
1379 4269 1540 4324 modo
1565 4270 1754 4329 faciles

177 4350 234 4404 in
270 4349 602 4419 recipiendis
643 4351 908 4413 historiis,
952 4355 1044 4407 sed
1075 4370 1251 4409 cmcos
1277 4357 1330 4410 in
1358 4357 1426 4413 iis
1485 4374 1605 4427 qua:
1629 4359 1752 4417 ﬁdei

174 4442 491 4512 depositura
527 4444 826 4514 attingunt,
857 4445 1210 4502 admittendis
1247 4463 1369 4502 sese
1407 4449 1748 4510 exhibuisse.

1864 3261 2250 3314 contuitu-liam
2287 3275 2348 3313 ea
2401 3261 2467 3314 de
2510 3275 2672 3314 causa
2708 3259 3004 3324 irrogatam
3056 3258 3245 3322 fuisse,
3295 3257 3437 3311 unde

1865 3353 2068 3407 factum
2102 3355 2174 3407 sit
2231 3363 2282 3405 nt
2324 3355 2386 3406 ad
2443 3352 2613 3408 Deum
2670 3353 2838 3406 totius
2893 3351 3292 3406 consolationis
3328 3349 3432 3403 ier-

1865 3447 2078 3501 ventius
2109 3445 2489 3514 confugerent.
2523 3452 2917 3514 compotcs'ue
2947 3443 3170 3497 demurn
3202 3443 3308 3497 voti
3337 3442 3428 3496 lic—

1864 3539 2021 3592 rent?

1932 3629 2068 3683 Cum
2099 3633 2280 3698 itaque
2314 3629 2453 3680 facta
2491 3629 2544 3680 in
2581 3643 2639 3680 se
2683 3634 2925 3696 spectata
2980 3626 3114 3678 ηιιιιι
3164 3624 3431 3684 indecori.

1860 3716 1996 3770 nihil
2023 3732 2052 3769 a
2083 3717 2360 3771 verisimili
2394 3719 2636 3770 alienum
2671 3717 2992 3769 contineant
3022 3734 3035 3781 ;
3093 3716 3229 3769 illud
3263 3731 3434 3770 unum

1860 3808 2099 3878 denique
2132 3808 2458 3876 reprehendi
2498 3807 2638 3862 forte
2673 3808 2893 3877 poterit,
2920 3809 3064 3877 quod
3097 3808 3268 3862 nimia
3297 3822 3436 3878 qua-

1861 3900 1985 3953 dam
2028 3898 2313 3964 facilitate,
2358 3911 2410 3954 et
2438 3908 2730 3969 antequam
2771 3899 2837 3954 de
2874 3908 3021 3955 certa
3064 3900 3307 3971 ipsorum
3343 3916 3433 3955 ve-

1859 3988 2021 4043 ritate
2054 4004 2119 4043 ex
2151 3989 2366 4044 idoneis
2394 3989 2722 4044 testimoniis
2764 3997 3070 4053 constaret,
3100 3989 3340 4046 admissa
3369 4005 3431 4043 ea

1861 4081 2100 4147 fuerint;
2149 4081 2406 4153 quodque
2456 4083 2639 4136 habita
2675 4097 2773 4139 ceu
2807 4098 2930 4137 vera
2971 4082 3199 4138 historia
3247 4082 3430 4145 fuerit.

1857 4189 1980 4245 quae
2005 4176 2185 4245 reipsa
2215 4178 2402 4245 potius
2429 4175 2632 4238 fabula,
2659 4175 3054 4232 verisimilibus
3077 4177 3265 4248 utique
3281 4175 3430 4232 colo—

1860 4268 2020 4325 ribus
2047 4269 2303 4330 conticta.
2336 4269 2515 4323 fabula
2548 4279 2728 4324 tamen
2765 4277 2934 4324 esset.

1933 4356 2138 4416 Verum
2174 4377 2244 4415 ne
2278 4360 2541 4431 prmeipiti
2582 4359 2800 4428 judicio
2829 4360 2910 4416 vel
2942 4360 3056 4416 haec
3096 4359 3214 4432 ipsa
3246 4360 3432 4415 crimi-

1861 4452 2011 4507 natio
2035 4463 2152 4506 rata
2184 4452 2472 4516 habeatur,
2501 4451 2898 4507 advertendum
2920 4460 3024 4513 est.
3048 4453 3236 4521 utique
3257 4451 3431 4508 histo-

175 4531 488 4588 Tantninne
511 4547 621 4604 pra:
645 4533 756 4588 illis
785 4538 1169 4604 pra-sumimus
1190 4537 1759 4602 denobis,tantumnc
1792 4553 1832 4609 ι)
1865 4542 2000 4596 riam
2036 4539 2184 4596 inam
2233 4542 2376 4596 inter
2407 4541 2720 4612 apocrypha
2757 4556 2787 4595 a
2822 4538 3070 4611 Nysseno
3104 4541 3428 4597 recensitani

179 4622 304 4678 ﬁdei
342 4637 609 4688 amorem,
643 4622 1071 4697 divinarumque
1105 4643 1288 4683 rerum
1322 4631 1575 4686 notitiam
1605 4635 1766 4691 nobis

177 4729 293 4785 pra:
330 4713 438 4768 illis
485 4713 804 4780 tribuimus,
851 4722 912 4768 ut
958 4730 1081 4786 qua:
1124 4718 1302 4787 primo
1343 4719 1506 4774 veluti
1559 4722 1763 4778 intuitu

177 4814 275 4861 aut
328 4805 742 4862 ﬂoccifacienda
786 4810 1077 4862 autetiam
1122 4824 1350 4876 prorsus
1421 4815 1762 4881 rcprobanda

173 4898 515 4968 judieamus,
545 4897 860 4953 inconsulto
893 4897 1018 4951 illos
1043 4900 1334 4969 amplexos
1365 4916 1486 4956 esse
1516 4904 1760 4972 suspice-

177 4992 346 5048 mur?
393 4991 625 5048 Etiamsi
675 4991 864 5061 itaque
893 4989 1164 5046 doctrina:
1202 4991 1373 5058 illius,
1405 5008 1528 5062 quae
1564 4993 1758 5065 Deipa-

179 5106 366 5146 ram.a
399 5094 680 5145 connnuni
715 5088 953 5143 ﬁliorum
974 5087 1104 5142 Adae
1132 5087 1252 5143 labe
1283 5089 1497 5153 eximit,
1529 5091 1755 5160 vestigia

179 5187 327 5238 inea
382 5182 614 5237 historia
662 5179 1229 5250 deprehenderentur,
1282 5196 1569 5251 perperam
1629 5183 1754 5237 inde

179 5298 201 5327 .-
231 5290 296 5328 --n
326 5271 715 5329 contemnendi
743 5286 935 5325 ansam
954 5271 1228 5342 quispiam
1262 5282 1526 5327 sumeret.
1545 5269 1748 5328 Verum

1866 4633 2059 4687 fuisse.
2100 4632 2301 4686 Verum
2331 4633 2645 4702 apocrypha
2678 4630 2825 4684 dicta
2860 4638 2964 4695 est,
2999 4645 3104 4684 non
3133 4631 3292 4700 quasi
3313 4631 3432 4699 ejus

1861 4725 2162 4778 auctoritas
2186 4724 2403 4790 penitus
2427 4724 2572 4776 nuila
2602 4731 2767 4788 esset,
2792 4740 2830 4779 s-
2853 4723 2886 4778 d
2918 4724 3046 4794 quia
3078 4725 3218 4778 inter
3239 4737 3432 4779 sacros

1860 4816 2081 4872 codices
2117 4831 2223 4869 non
2285 4817 2640 4871 censebatur.
2674 4817 2742 4869 At
2783 4816 3132 4871 manifestum
3163 4823 3268 4881 est,
3318 4831 3430 4871 non

1862 4909 1983 4962 ideo
2020 4909 2164 4960 inter
2205 4906 2420 4962 fabulas
2450 4907 2730 4978 quidpiam
2773 4907 3248 4962 adnumerandum
3286 4922 3427 4971 esse,

1857 4999 2000 5068 quod
2035 4998 2212 5052 locum
2239 5014 2348 5053 non
2378 4999 2580 5053 habeat
2607 5000 2746 5053 inter
2773 4999 2939 5054 libros
2961 5000 3224 5055 divinitus
3259 5000 3431 5068 inspi.

1857 5102 2023 5144 ratos.
2063 5089 2236 5144 Secus
2264 5090 2409 5144 enim
2446 5105 2641 5160 pra-ter
2691 5105 2876 5146 sacras
2917 5090 3175 5157 Litteras,
3221 5091 3425 5146 nullam

1855 5182 2184 5235 haberemus
2213 5181 2519 5245 historiam,
2555 5179 2648 5233 sed
2686 5195 2864 5234 meras
2903 5181 3132 5235 fabulas.

1926 5273 2029 5328 Res
2076 5276 2111 5326 ςι
2137 5288 2258 5343 .qi:e
2300 5288 2364 5326 eo
2406 5272 2708 5327 adducetur
2774 5280 2835 5327 ut
2877 5273 2996 5328 ideo
3029 5274 3172 5328 inter
3213 5273 3425 5329 fabulas

1731 5387 1946 5444 NOT/E—

249 5487 326 5556 (8)
365 5485 420 5539 In
441 5485 664 5540 exordio
681 5483 975 5556 Orationis
999 5482 1273 5556 historica:
1302 5482 1529 5556 i_n_edit:c_
1554 5482 1622 5556 de
1641 5482 1761 5536 Dei-

176 5552 323 5626 pm»
344 5557 659 5609 dormitione
680 5555 792 5608 hrec
817 5555 979 5626 habet
1027 5553 1276 5626 Joannes
1304 5552 1760 5626 Thessaloniceii-

178 5622 256 5683 sis
286 5646 298 5681 :
331 5628 485 5688 Τινὲς
521 5626 577 5678 δὲ
606 5626 714 5678 τῶν
736 5627 814 5685 εἰς
849 5623 1071 5694 ὕστερον
1114 5622 1435 5694 κακούργων
1467 5623 1761 5690 αἱρετικῶν

175 5717 202 5751 τ
219 5701 237 5732 ‘-
288 5697 497 5751 ἑαυτῶν
515 5696 768 5765 βαλόντες
791 5693 1393 5765 ζιζάνιαέστρέὁλωσοιν
1415 5694 1482 5765 ’ῖὰ
1518 5710 1759 5765 3977.01-

179 5769 415 5836 φέντα...
470 5761 579 5820 Καὶ
617 5765 690 5836 μὴ
725 5765 1046 5836 Ossaeam;
1098 5761 1228 5836 τὲερὶ
1277 5761 1370 5814 τοῦ
1398 5761 1759 5836 ’ὅπλῳ-Θείρειν

181 5811 212 5822 ν
470 5811 579 5820 --.η
663 5811 672 5817 .
734 5811 1044 5818 -----_----

177 5825 277 5903 ἑᾶς
335 5839 556 5907 Γραφὰς
612 5811 900 5897 artat-371:2;
961 5811 1084 5895 ’ἑοὺς
1137 5811 1443 5901 stipatur»);
1525 5833 1751 5896 Otum."

1859 5503 1976 5541 rero
2000 5487 2376 5553 improborum,
2405 5485 2636 5552 quidem
2666 5491 3024 5537 surrexerunt.
3063 5483 3424 5537 hereticorum

1859 5575 1954 5609 sua
1985 5559 2218 5622 ipsorum
2252 5558 2463 5606 :izmtiu
2491 5564 2738 5612 serentes.
2775 5569 2921 5620 prius
2965 5555 3266 5618 conscripta
3305 5570 3423 5606 cor-

1860 5636 2174 5691 ruperunt...
2216 5624 2394 5692 Neque
2439 5625 2718 5687 miremini,
2753 5627 2878 5677 dum
2922 5624 3120 5676 auditis
3151 5624 3420 5676 haereticos

1858 5697 2055 5764 scripta
2080 5711 2475 5761 corrumpere...
2504 5694 2668 5748 Addit
2703 5695 2898 5749 deinde
2932 5693 3195 5760 Joannes,
3222 5695 3425 5762 dopt'a-

1860 5777 1977 5820 \utta
2011 5783 2067 5823 sc
2096 5766 2514 5822 cinemlatm-n-n
