4118 6440
137 406 279 466 1461

1186 415 1436 471 ΒΕΒΠΟ
1468 415 1546 469 ῙΝ
1581 408 2140 469 ΟΟΝΟΒΡἸἹΟΝΕΜ
2176 411 2534 467 ΒΒΙΡΔΒΒ.

3405 417 3430 470 ι
3440 415 3545 473 462

139 536 244 588 τοῦ
269 527 375 587 ἔσω
431 529 746 607 ἀνθρώπου,
801 536 1049 596 τοιοῦτος
1109 530 1206 604 ὢν,
1238 533 1311 598 ὦς
1351 536 1380 592 6
1434 536 1605 598 τάλας
1662 532 1788 611 ἑγὼ,

1904 552 2151 608 prorsus
2184 540 2274 592 est
2304 538 2618 608 potestate.
2652 534 2726 591 Αι
2754 550 2891 591 vero
2928 536 3214 608 mysteria
3263 537 3369 595 illa
3410 540 3544 601 ideo

146 626 360 697 σειραῖς
428 620 453 657 ³
513 626 621 678 τῶν
718 622 863 697 ἐμῶν
946 623 1325 696 πλημμελιῶν
1410 618 1797 705 σφιγγόμενος,

146 709 417 767 τοιούτων
457 712 590 788 ὑπὲρ
648 712 771 769 λίαν
831 713 1164 789 πραγμάτων
1209 714 1610 790 προσάψασθαιο
1666 710 1793 769 ἀλλ’

140 800 182 870 ἢ
249 798 412 873 μόνον
464 803 583 866 καθ’
643 803 871 872 ἑκάστην
922 801 1136 882 ἡμέραν
1212 804 1312 875 τὴν
1402 803 1629 879 ἀνομίαν
1690 822 1794 877 μου

140 889 455 969 ἀναηελῶ,
541 892 631 947 καὶ
716 893 1040 968 μεριμνήσω
1128 893 1259 970 ὑπὲρ
1341 901 1442 966 τῆς
1526 890 1794 970 ἁμαρτίας

143 1001 281 1053 μου.
311 980 473 1041 Ἀλλ’
503 977 692 1050 ἐπειδὴ
724 982 752 1037 6
784 981 955 1046 πόθος
1011 979 1160 1040 ἕλκει
1214 1005 1302 1057 με,
1336 985 1365 1041 6
1395 979 1565 1064 φόϐος
1614 979 1798 1040 ἀνθελ-

140 1091 233 1125 κει
267 1091 354 1144 με,
412 1068 503 1125 καὶ
534 1070 569 1140 ή
602 1068 890 1142 ἀναξιότης
949 1074 1106 1148 σιγᾷν
1157 1071 1386 1148 ἐπιτιμᾷ
1439 1090 1555 1147 μοι’
1598 1070 1690 1128 καὶ
1736 1070 1790 1127 αὶ

136 1158 406 1235 ἁμαρτίαι
480 1177 584 1232 μου
672 1159 800 1215 ὡσεὶ
893 1161 1115 1239 φορτίον
1202 1162 1339 1238 βαρὺ
1423 1156 1790 1235 ἑϐαρύνθησαν

136 1249 228 1303 ἐπ’
259 1248 377 1320 ἐμὲ,
409 1249 500 1303 καὶ
529 1247 831 1321 τίποιήσω
863 1251 965 1306 ούκ
992 1251 1133 1309 οῖδα.
1164 1254 1308 1324 τΔρα
1335 1252 1606 1326 τολμήσω
1662 1249 1790 1305 ἀνὰ-

132 1337 255 1407 ξιος
287 1334 363 1393 ὢν
393 1342 491 1393 τοῦ
519 1335 932 1415 ἐγχειρήματος
959 1360 973 1410 ;
1004 1341 1066 1396 Τί
1118 1340 1427 1416 ἐρήσομαις
1477 1339 1789 1414 ἔπιτιμήσω

130 1425 414 1498 ἐμαυτὸν;
503 1428 777 1484 ταλανίσω
860 1431 959 1499 τήν
1046 1430 1283 1504 ἐμαυτοῦ
1364 1427 1789 1505 ταλαιπωρίανς

135 1515 360 1593 ἐπίσχω
387 1523 496 1574 τῶν
529 1513 899 1574 ἀναϐαινότων
938 1518 991 1575 ἐν
1036 1524 1105 1595 τῇ
1150 1518 1345 1593 καρδίᾳ
1399 1541 1503 1593 μου
1555 1539 1792 1594 μακαρι-

130 1611 294 1679 σμῶν
323 1607 579 1681 περὶτῆς
620 1610 978 1681 πανυμνήτου
1030 1607 1307 1685 Θεοδόχου
1354 1630 1412 1665 τε
1452 1606 1541 1665 καί
1594 1607 1791 1665 Θεοτόο

127 1714 238 1749 κου
268 1695 355 1749 καὶ
392 1696 546 1771 ἁγίας
572 1696 850 1771 Παρθένου
884 1696 1097 1770 Μαρίας
1128 1717 1143 1766 ;

1912 641 2091 697 supra
2121 626 2366 682 modum
2396 624 2676 681 sublimia
2699 626 2770 698 (2)
2794 641 2970 682 nemo
2990 625 3320 701 velalonge
3340 630 3546 686 attriu-

1902 730 2040 785 gere
2066 714 2281 786 dignus
2302 715 2531 772 censeri
2561 719 2775 786 potest,
2809 716 2910 788 qui
2938 717 3242 773 interioris
3279 717 3542 792 hominis

1906 803 2191 861 intuitum
2219 804 2601 879 puriﬁcatum
2628 820 2750 860 non
2779 803 3013 875 habeat,
3047 806 3149 863 sed
3196 806 3541 880 hujusmodi

1905 893 2172 960 exsistat,
2203 893 2397 965 qualis
2429 898 2619 970 etego
2650 894 2831 950 miser
2858 894 3311 969 (deprehendor)
3340 913 3543 971 pecca-

1904 987 2101 1039 torum
2118 998 2388 1039 meorum
2406 982 2650 1040 funibus
2670 985 3097 1042 constrinctus:
3120 988 3215 1043 cui
3228 992 3543 1060 propterea

1904 1071 2054 1127 illud
2082 1087 2271 1128 unum
2299 1072 2600 1143 reliquum
2652 1073 2749 1140 sit,
2779 1078 2847 1130 ut
2873 1075 3136 1147 quotidie
3189 1078 3542 1149 iniquitatem

1901 1177 2075 1218 meam
2104 1160 2450 1229 annuntiem,
2481 1167 2535 1217 et
2572 1160 2640 1217 de
2654 1169 2884 1233 peccato
2911 1180 3032 1221 meo
3060 1154 3290 1237 cogitem
3318 1167 3412 1239 (b).
3441 1168 3545 1223 Ve-

1900 1246 2034 1306 rum
2064 1267 2201 1306 cum
2230 1267 2326 1306 me
2355 1250 2495 1306 hinc
2525 1250 2767 1322 quidem
2799 1251 3161 1311 desiderium
3193 1260 3251 1312 et
3295 1257 3542 1313 allectus

1901 1335 2191 1413 impellat,
2227 1340 2365 1397 inde
2396 1356 2531 1397 vero
2560 1341 2827 1398 retrahat
2863 1342 3063 1411 timor,
3112 1348 3289 1417 atque
3337 1346 3413 1404 ad
3459 1345 3543 1402 si-

1900 1429 2154 1486 lentium
2182 1445 2316 1486 mea
2343 1445 2438 1485 me
2468 1429 2791 1503 indignitas
2816 1432 3154 1503 compellat,
3186 1450 3254 1491 ac
3294 1440 3540 1511 peccata

1898 1534 2034 1575 mea
2060 1521 2201 1577 sicut
2232 1535 2368 1575 onus
2407 1536 2575 1591 grave
2622 1527 2857 1589 gravata
2909 1524 3021 1578 sint
3074 1538 3239 1594 super
3289 1541 3374 1582 me
3429 1525 3535 1598 (c):

1890 1608 2022 1679 jam
2054 1614 2113 1663 et
2131 1607 2306 1680 plane
2328 1606 2530 1665 nescio
2554 1608 2694 1680 quid
2715 1609 2950 1666 faciam.
2973 1613 3196 1669 Remne
3236 1614 3534 1685 suscipere

1897 1697 1960 1754 in
1991 1697 2258 1753 animum
2287 1697 2588 1767 inducam,
2620 1698 2900 1772 indignus
2929 1717 3064 1757 cum
3096 1702 3207 1757 sim
3227 1701 3255 1759 ‘l
3273 1701 3423 1768 Quid
3444 1701 3537 1758 di—

128 1801 266 1841 cam
288 1786 316 1841 ?
343 1787 761 1860 memetipsum
794 1788 1166 1861 redarguam,
1195 1788 1516 1861 deplorabo
1545 1787 1851 1844 miseriam
1890 1803 2107 1854 meam,
2138 1792 2315 1858 atque
2345 1788 2506 1844 omni
2538 1787 2713 1843 laude
2743 1788 3126 1861 dignissimas,
3158 1796 3375 1848 sanctas
3408 1792 3535 1847 Vir-

126 1875 299 1947 ginis.
320 1876 534 1945 Maria},
568 1894 699 1947 qum
731 1877 917 1932 Deum
950 1877 1198 1949 excepit,
1230 1879 1534 1949 Deumque
1566 1877 1815 1950 peperit,
1846 1875 2055 1932 laudes
2083 1893 2113 1930 e
2142 1875 2319 1932 corde
2351 1882 2731 1948 erumpentes
2762 1878 3048 1935 cohibebo
3073 1879 3101 1935 ?

207 1964 283 2019 B'.
319 1962 475 2020 Ἀλλ’
525 1964 687 2034 αὐτὴ,
739 1965 987 2035 Θεοτόκε,
1041 1965 1373 2041 συνέργησόν
1427 1986 1544 2038 μοι,
1589 1962 1679 2020 ’ίνα
1721 1962 1785 2019 τὸ

1965 1966 2036 2021 II.
2056 1967 2288 2023 Verum
2319 1970 2382 2021 tu
2411 1965 2542 2037 ipsa
2570 1965 2719 2022 mihi
2780 1967 3093 2039 apitulare,
3125 1984 3158 2024 ο
3180 1968 3284 2025 Dei
3331 1970 3533 2041 Mater,

128 2050 356 2125 θέλημα
385 2056 482 2107 τοῦ
512 2051 572 2108 ἐκ
629 2058 727 2108 σοῦ
784 2052 1134 2132 γεννηθέντος
1192 2058 1435 2130 Χριστοῦ
1490 2058 1587 2109 τοῦ
1644 2056 1800 2120 Θεοῆ

129 2142 299 2215 ἡμῶν
331 2142 586 2218 γένηταιύ
629 2139 721 2197 ’ίνα
784 2144 859 2217 μή
915 2144 990 2206 ὡς
1048 2142 1267 2218 ἀναξίου
1311 2146 1569 2219 σκοτισθῇ
1600 2145 1636 2213 ἡ
1666 2139 1786 2198 διά-

128 2231 261 2285 νοιά
292 2250 426 2303 μου·
462 2229 589 2286 ἀλλ’
620 2231 756 2287 αὐτὰ
785 2232 921 2307 ἅπερ
970 2234 1046 2307 μή
1105 2233 1370 2310 γράφοντί
1422 2254 1516 2308 μοι
1568 2232 1621 2291 ἐν
1663 2235 1783 2295 τοῖς

133 2316 534 2397 διαλδγισμοῖς
592 2316 867 2377 ἀναϐαίνει
923 2323 1048 2396 περὶ
1103 2326 1211 2378 τῶν
1271 2326 1376 2377 σῶν
1464 2316 1782 2397 ἐγκωμίων,

126 2415 304 2466 ταῦτα
332 2410 423 2467 καὶ
458 2413 721 2490 γράφοντί
778 2435 870 2488 μτι
929 2414 1283 2489 συνέργησον.
1341 2417 1620 2476 Πολλάκις
1676 2414 1781 2489 γὰρ

130 2501 542 2575 ἐνθυμούμενος
572 2503 661 2558 καὶ
709 2500 1037 2579 περίδακρυς
1083 2505 1283 2579 γὲγονα
1340 2500 1430 2559 διὰ
1482 2503 1580 2573 τὴν
1639 2500 1778 2575 ἐμὴν

131 2589 466 2662 ἆναξιότητα
497 2590 551 2646 ἐν
596 2596 672 2664 νῷ
733 2587 1032 2665 Λαμϐάνων
1088 2596 1196 2647 τῶν
1252 2596 1350 2647 τοῦ
1397 2590 1781 2669 πυριγλώττου

128 2681 225 2735 καὶ
263 2679 662 2756 μεγαλοφώνου
692 2680 918 2738 Ἡσαΐου
968 2680 1251 2758 ῥημάτων.
1309 2681 1375 2738 Εἰ
1431 2681 1535 2758 γὰρ
1579 2680 1782 2747 ἐκεῖνος

130 2772 159 2826 ὁ
195 2772 341 2832 θεῖος
389 2770 528 2843 ἀνὴρ
587 2769 848 2834 ὀπτασίας
905 2772 1177 2843 τοσαύτης
1235 2772 1483 2845 ἀξιωθεὶς
1526 2776 1783 2827 τοσοῦτον

131 2861 325 2915 ἑαυτὸν
386 2858 724 2930 ἐταλάκισεν,
781 2859 835 2915 τί
894 2858 998 2935 ἐγὼ
1054 2861 1473 2932 ποιήσω,ὁκαὶ
1530 2865 1627 2915 τοῦ
1684 2865 1779 2935 ζῇν

131 2948 351 3019 ἀνάξιος
384 2968 398 3018 ;
432 2949 607 3020 Φησίν
654 2947 791 3025 γάρ·
846 2950 1097 3023 Ἐγένετο
1153 2953 1251 3004 τοῦ
1295 2947 1447 3013 ἔτους
1492 2952 1514 2986 ⁵
1560 2950 1621 3005 οὗ
1680 2950 1783 3004 ἀπ-

129 3040 313 3093 έθανεν
373 3039 556 3109 Ὀζίας
613 3039 641 3093 6
704 3036 981 3113 βασιλεὺς,
1044 3035 1159 3094 ἴδον
1216 3040 1307 3094 τὸν
1389 3038 1584 3114 Κύριον
1658 3040 1785 3096 καθ-

128 3129 335 3202 ήμενον
394 3127 482 3184 ἐπὶ
551 3128 745 3205 θρόνου
824 3128 1042 3203 ὑψηλοῦ
1117 3129 1208 3185 καὶ
1283 3127 1615 3204 ἐπηρμένου·
1692 3126 1782 3184 καὶ

133 3214 358 3293 πλήρης
414 3220 443 3274 6
502 3219 654 3283 οἶκος
706 3225 810 3289 τῆς
865 3216 1030 3289 δόξης
1087 3216 1273 3273 αὐτοῦ·
1331 3217 1421 3274 καὶ
1508 3216 1787 3298 Σεραφεὶμ

128 3308 469 3378 εἰστήκεισαν
529 3306 720 3381 κύκλῳ
801 3307 988 3365 αὐτοῦ.
1051 3307 1150 3362 Καὶ
1204 3303 1409 3378 ἤκουσε
1464 3313 1564 3378 τῆς
1622 3312 1784 3383 Τρισ-

130 3398 295 3474 αγίου
340 3403 363 3436 ⁴
415 3406 623 3478 φωνῆς,
680 3398 745 3454 τὸ
800 3400 1018 3475 Ἄγιος,
1077 3399 1290 3474 Ἀγιος,
1348 3400 1540 3473 ’Ἄγιος
1595 3397 1793 3474 Κύριος

135 3484 403 3548 Σαϐαὼθ.
472 3490 577 3546 Καὶ
635 3488 780 3544 εἶπεν
858 3486 1106 3549 Ἡσαΐας·
1165 3488 1232 3543 ’Ὥ
1300 3486 1472 3551 τάλας
1548 3486 1653 3565 Ξγὼ
1707 3486 1791 3544 ὅτι

138 3575 565 3652 κατανὲνυγμαι,
629 3578 740 3645 ,ὅτι
822 3574 1109 3653 ἅνθρωπος
1190 3574 1264 3632 ὤν
1343 3576 1436 3633 καὶ
1518 3577 1791 3653 ἀκάθαρτα

132 3664 306 3741 χείλη
339 3660 506 3741 ἔνων,
562 3662 613 3721 ἐν
673 3666 822 3740 μὲσῳ
876 3664 1012 3721 λαοῦ
1071 3666 1343 3737 ἀκάθαρτα
1398 3664 1566 3743 χείλη
1626 3660 1794 3741 ἔχον-

129 3776 231 3818 τος
266 3756 374 3831 ἐγὼ
406 3756 563 3812 οἷκῶ’
594 3757 684 3813 καὶ
734 3757 829 3812 τὸν
893 3754 1121 3832 βασιλέα
1183 3752 1414 3812 Σαϐαὼθ
1445 3758 1469 3792 ⁵
1498 3753 1617 3814 ἴδον
1670 3760 1790 3819 τοῖς

134 3844 453 3919 ὀφθαλμοῖς
498 3866 628 3920 μου.
687 3844 791 3903 Καὶ
840 3843 1115 3916 ἀπεστάλη
1177 3847 1199 3884 ⁸
1255 3844 1392 3920 πρός
1452 3866 1520 3919 με
1574 3839 1628 3901 ἵν
1680 3848 1787 3900 τῶν

131 3937 437 4013 Σεραφεὶμ,
490 3933 583 3990 καὶ
636 3935 783 4009 εἶχεν
840 3932 896 3990 ἐν
951 3934 1021 4009 τῇ
1080 3933 1228 4010 χειρὶ
1280 3935 1449 3990 αὐτοῦ
1525 3935 1787 4012 ἃνθρακα,

136 4023 195 4079 ὅν
225 4028 297 4099 τῇ
330 4019 517 4081 λαϐίδι
575 4024 599 4060 ⁷
655 4019 848 4081 ἔλαϐεν
910 4025 1016 4080 ἀπὸ
1070 4029 1170 4079 τοῦ
1227 4022 1634 4099 θυσιαστηρίουο
1694 4024 1788 4080 καὶ

129 4116 314 4187 ἥψατο
370 4118 466 4168 τοῦ
526 4112 798 4187 στόματός
861 4135 989 4187 μου,
1045 4113 1133 4169 καὶ
1194 4114 1360 4170 εἶπενο
1426 4111 1569 4170 Ἰδοὺ
1627 4117 1787 4171 τοῦτο

129 4204 312 4279 ἥψατο
342 4210 451 4260 τῶν
482 4204 723 4281 χειλέων
755 4226 875 4277 σου,
906 4204 997 4261 καὶ
1032 4206 1226 4281 ἀφελεῖ
1273 4206 1370 4269 τὰς
1403 4204 1634 4281 ἀνομίας
1665 4226 1784 4273 σου,

128 4296 221 4351 καὶ
253 4296 354 4358 τὰς
380 4294 647 4371 ἆμαρτίάς
678 4317 774 4351 σου
804 4301 1203 4373 περικαθαριεῖ.

202 4562 272 4619 Ei
303 4561 361 4618 δὶ
391 4563 552 4625 οὗτος
584 4564 611 4617 6
648 4564 812 4638 μέγας
840 4566 937 4618 τοῦ
958 4561 1092 4617 Θεοῦ
1114 4564 1403 4639 προφήτης
1431 4560 1602 4626 οὕτως
1619 4563 1790 4618 ταλαο

126 4650 260 4719 νίζει
294 4651 507 4721 ἑαυτὸν,
531 4650 640 4726 ἐγὼ
668 4649 722 4705 τί
760 4652 1007 4722 ποιήσω,
1038 4651 1067 4704 ὁ
1099 4650 1277 4724 στόμα
1323 4651 1413 4705 καὶ
1457 4650 1649 4727 χείλη,
1698 4652 1788 4706 καὶ

1897 2061 1964 2112 ut
1992 2053 2209 2110 Christi
2240 2053 2344 2109 Dei
2374 2053 2562 2110 nostri
2590 2054 2695 2110 abs
2726 2059 2783 2111 te
2808 2056 2994 2128 geniti
3020 2055 3278 2130 benigna
3329 2058 3538 2114 volun-

1899 2150 1986 2201 tas
2016 2144 2158 2212 tiat;
2191 2149 2258 2199 ut
2285 2159 2360 2198 ne
2392 2159 2562 2199 mens
2591 2160 2749 2211 mea,
2779 2149 3065 2217 tanquam
3097 2146 3357 2203 hominis
3382 2146 3534 2206 indi-

1895 2234 2018 2307 gni,
2053 2232 2176 2289 suis
2208 2236 2447 2287 maneat
2501 2231 2767 2299 involuta
2816 2232 3124 2301 tenebris;
3179 2233 3282 2291 sed
3338 2236 3538 2307 potius

1895 2323 2037 2379 dum
2060 2320 2375 2377 scribendo
2395 2336 2638 2375 manum
2675 2320 2980 2388 admoveo,
3005 2320 3153 2377 mihi
3182 2322 3405 2395 adesto,
3438 2340 3535 2381 ea-

1892 2412 2035 2467 dem
2064 2409 2171 2466 illa
2202 2424 2523 2481 suggerens
2555 2424 2752 2477 sensa,
2788 2426 2920 2480 quae
2944 2408 3084 2467 dum
3106 2411 3417 2469 scribendo
3440 2413 3533 2471 in-

1894 2505 2092 2557 tentus
2105 2515 2225 2554 non
2241 2514 2392 2565 sum,
2420 2497 2967 2571 intercogitandum
2980 2497 3052 2556 de
3075 2500 3364 2556 encomiis
3395 2501 3533 2571 tuis,

1894 2589 2082 2645 menti
2104 2606 2251 2644 mese
2280 2603 2410 2644 sese
2432 2587 2709 2643 offerunt.
2732 2587 3028 2645 Multoties
3041 2588 3202 2644 enim
3224 2589 3365 2647 dum
3382 2590 3527 2664 igni-

1892 2678 2057 2750 loqui
2086 2678 2250 2734 illius
2273 2694 2339 2733 ac
2380 2677 2883 2749 magniloquentia
2915 2678 3078 2734 Isaiae
3108 2677 3285 2735 verba
3311 2679 3530 2749 recolo,

1894 2773 2137 2842 propter
2167 2767 2581 2840 indignitatem
2602 2783 2797 2822 meam
2822 2784 2914 2823 me
2937 2772 3133 2825 totum
3148 2770 3348 2827 animo
3370 2788 3535 2827 com-

1896 2860 2116 2915 moveri
2148 2858 2223 2915 ad
2252 2858 2545 2930 lacrymas
2576 2874 2765 2929 usque
2796 2860 3008 2915 sentio.
3048 2860 3104 2915 Si
3137 2862 3295 2917 enim
3326 2860 3533 2920 virille

1896 2950 2127 3006 divinus
2151 2947 2497 3020 hujusmodi
2518 2947 2741 3004 visione
2757 2947 3050 3021 dignatus,
3068 2966 3255 3021 usque
3269 2949 3414 3007 adeo
3440 2968 3538 3008 sec

1895 3039 2216 3112 metipsum
2243 3036 2597 3105 humiliavit,
2657 3036 2800 3109 quid
2849 3037 3088 3094 tandem
3139 3056 3244 3113 ego
3299 3039 3540 3108 faciam,

1894 3129 1998 3202 qui
2031 3129 2211 3185 etiam
2240 3127 2358 3182 vita
2388 3126 2519 3198 ipsa
2547 3142 2679 3182 sum
2736 3126 2913 3198 plane
2965 3126 3292 3201 indignus?
3336 3130 3540 3201 Inquit

1900 3221 2098 3276 enim:
2132 3222 2359 3275 Factum
2390 3224 2467 3273 est
2495 3221 2555 3272 in
2597 3233 2744 3272 anno
2794 3234 2904 3289 quo
2956 3226 3203 3276 mortuus
3259 3227 3337 3277 est
3382 3222 3538 3278 Ozias

1896 3326 2019 3378 rex,
2052 3308 2169 3364 vidi
2196 3309 2489 3364 Dominum
2517 3308 2787 3363 sedentem
2813 3323 2977 3379 super
3023 3309 3220 3379 solium
3268 3311 3537 3367 excelsum

1893 3406 1945 3456 et
1974 3400 2283 3461 eleuatum.“
2314 3405 2367 3454 et
2384 3398 2557 3469 plena
2586 3403 2706 3453 erat
2735 3398 2924 3454 domus
2952 3398 3135 3469 gloria
3160 3398 3279 3470 ejus
3309 3399 3410 3470 (ἁ).
3429 3401 3529 3457 Se-

1890 3490 2111 3561 raphim
2140 3489 2360 3546 stabant
2388 3489 2449 3542 in
2478 3489 2716 3544 circuitu
2745 3488 2861 3558 ejus
2892 3488 2978 3560 (e).
3000 3490 3071 3543 Et
3090 3487 3312 3545 audivit
3330 3506 3533 3548 vocem

1892 3586 1983 3636 ter
2014 3579 2166 3636 illud
2196 3578 2627 3635 acclamantem
2652 3596 2666 3633 :
2697 3579 2954 3647 Sanctus,
2992 3579 3247 3648 Sanctus,
3274 3581 3530 3649 Sanctus,

1891 3671 2153 3726 Dominus
2191 3668 2552 3725 exercituum.
2585 3669 2657 3723 Et
2712 3667 2860 3723 dixit
2904 3668 3090 3724 Isaias
3136 3668 3241 3740 (f):
3285 3670 3404 3726 Heu
3446 3686 3533 3726 me

1889 3762 2145 3816 miserum
2178 3759 2277 3829 (g),
2309 3762 2687 3813 consternatus
2714 3759 2858 3813 enim
2885 3773 3025 3825 sum,
3051 3759 3315 3828 quoniam
3370 3758 3531 3815 homo

1891 3867 2011 3905 cum
2040 3848 2165 3917 sim,
2194 3855 2247 3904 et
2300 3847 2449 3903 labia
2497 3863 2617 3903 cum
2677 3846 2906 3903 habeam
2944 3847 3187 3919 polluta,
3246 3847 3308 3903 in
3358 3848 3534 3905 medio

1882 3941 2085 4012 populi
2102 3938 2325 4011 polluta
2355 3938 2507 3993 labia
2537 3937 2792 3993 habentis
2820 3954 2918 4008 ego
2973 3937 3166 3994 habito
3192 3954 3215 4003 ;
3261 3944 3312 3995 et
3354 3955 3536 4010 regem

1891 4031 2232 4086 exercituum
2280 4027 2398 4083 vidi
2450 4026 2622 4082 oculis
2668 4028 2819 4082 meis.
2871 4029 2939 4082 Et
2982 4029 3175 4084 missus
3219 4034 3297 4084 est
3341 4028 3415 4084 ad
3456 4045 3539 4084 me

1891 4136 2033 4175 unus
2053 4117 2453 4188 deSeraphim,
2484 4123 2537 4170 et
2568 4116 2799 4170 habebat
2829 4118 2887 4171 in
2918 4133 3088 4172 manu
3125 4132 3225 4172 sua
3254 4118 3540 4173 carbonem

1892 4225 2197 4276 accensum,
2227 4223 2386 4277 quem
2414 4206 2626 4276 forcipe
2648 4212 2951 4276 sumpserat
2975 4222 3045 4261 ea:
3072 4208 3261 4273 altari,
3316 4212 3369 4262 et
3398 4208 3535 4261 teti-

1891 4301 1976 4370 git
2008 4315 2066 4354 os
2085 4314 2264 4354 meum
2293 4302 2345 4352 et
2374 4296 2522 4351 dicit
2554 4312 2569 4351 :
2600 4297 2739 4351 Ecce
2768 4295 2868 4352 hoc
2900 4298 3082 4366 tetigit
3114 4295 3262 4351 labia
3319 4302 3436 4364 tua,
3484 4300 3537 4351 et

1891 4392 2109 4459 auferet
2137 4390 2469 4459 iniquitates
2496 4391 2637 4453 tuas,
2669 4391 2721 4439 et
2742 4392 2975 4456 peccata
3004 4391 3100 4442 tua
3121 4388 3345 4457 penitus
3392 4403 3537 4457 pur-

1891 4477 2063 4547 gabil.

1965 4567 2251 4623 Jamfvero
2277 4563 2325 4617 si
2349 4578 2600 4633 magnus
2622 4562 2717 4616 hic
2749 4560 2849 4615 Dei
2878 4560 3167 4633 propheta
3198 4561 3361 4616 dolet
3389 4560 3536 4617 adeo

1896 4654 2207 4709 miseriam
2239 4668 2442 4719 suam;
2471 4651 2613 4722 quid
2643 4651 2788 4705 mihi
2818 4649 3154 4705 faciendum
3186 4657 3409 4722 putem,
3437 4653 3537 4723 qui

127 4738 377 4815 καρδίαν,
401 4741 490 4795 καὶ
520 4739 689 4794 πάντα
712 4740 777 4794 τὰ
797 4738 1129 4813 αἰσθητήρια
1162 4739 1351 4811 ἀνάξια
1375 4740 1702 4813 κεκτημένοι
1734 4742 1778 4810 ⁸,

1905 4760 1970 4798 os
2002 4747 2060 4796 et
2089 4741 2249 4796 labia
2280 4746 2339 4795 et
2362 4756 2463 4795 cor
2495 4745 2552 4793 et
2582 4756 2788 4796 omnes
2822 4755 3030 4793 sensus
3060 4738 3247 4794 habeo
3278 4740 3540 4795 immun-

200 4862 279 4938 (ὁ)
310 4868 467 4923 Psal.
498 4886 709 4935 xxxv",
744 4871 830 4921 19.

131 4948 292 4995 erant
323 4940 614 5010 replebant
644 4940 928 5009 templum.

135 5028 255 5068 sec.
289 5012 449 5068 LXX.

910 4868 979 4937 (ο)
1013 4868 1168 4923 Psal.
1208 4884 1420 4933 xxxvu,
1454 4871 1507 4922 5.

527 5010 607 5083 (g)
643 5010 809 5081 Vulg.
837 5026 851 5065 :
892 5012 983 5065 Vae
1010 5010 1151 5065 mihi
1183 5012 1446 5082 quoniam
1476 5014 1646 5066 tacui.

1588 4870 1673 4938 (d)
1700 4872 1814 4923 Isa.
1845 4886 1920 4923 vi.
1952 4872 1972 4922 1
2011 4884 2176 4938 seqq.
2216 4867 2457 4939 Vulgata
2485 4866 2587 4939 hic
2608 4865 2825 4920 habet:
2857 4868 2924 4920 Et
2956 4883 3040 4939 ea,

1005 4940 1249 5013 (e)A_Ibid.
1278 4969 1355 5013 -ί
1380 4936 1635 4995 Rursum
1667 4940 1835 5013 Vulg.
1868 4939 2013 5013 legit
2037 4955 2050 4993 :
2082 4936 2153 4994 Et
2181 4936 2459 5009 seraphim
2487 4938 2705 4993 stabant
2728 4954 2893 5008 super
2922 4936 3084 4992 illud.

3099 4882 3224 4936 quae
3278 4865 3375 4922 sub
3421 4869 3541 4936 ipso

3162 4938 3231 5007 (Γ)
3260 4939 3372 5007 Isa,
3402 4955 3478 5005 v1,
3510 4942 3541 4994 5

1496 5136 1731 5191 VARUE
1772 5135 2174 5192 LECTIONES.

198 5240 220 5274 ³
250 5232 424 5290 Barb.
460 5235 679 5305 σηραῖς,
712 5233 859 5305 Caes.
891 5234 959 5287 Α.
986 5234 1220 5305 σειραῖς.
1253 5303 1268 5305 _
1298 5231 1347 5305 ’ξ
1371 5231 1479 5287 Ubi
1530 5232 1736 5305 codex_
1765 5233 1936 5289 Barb.
1988 5233 2168 5289 habet
2212 5234 2309 5287 τοῦ
2358 5224 2531 5305 ἔτους,
2594 5231 2807 5305 κίοι-δίο
2833 5231 2989 5305 LXX
3038 5229 3218 5305 habet
3275 5228 3537 5305 ἔνιαυςιοῠ.

127 5303 151 5337 ⁴
176 5305 424 5377 Codices
440 5303 579 5377 itum
611 5304 780 5360 Barb.
813 5310 939 5359 tum
970 5303 1114 5377 Caes.
1156 5303 1820 5377 A.__habeni’.h‘tptaayia¢.

1915 5305 1941 5337 ⁵
1980 5306 2190 5375 Caesar.
2236 5306 2303 5359 Α.
2353 5303 2443 5357 τὸν
2500 5299 2727 5375 βασιλέα
2769 5300 2966 5374 Κύριον
3014 5297 3251 5375 σαϐαώθ.
3396 5303 3539 5375 Caes.

130 5378 196 5448 Α.
231 5376 584 5441 ammenti,
618 5377 790 5432 Barb.
820 5382 1020 5432 autem
1044 5372 1361 5448 άπεστάλει,
1392 5372 1622 5431 scilicet
1652 5372 1757 5448 pro
1789 5372 2091 5445 ἀπεστάλη⁸
2126 5372 2697 5448 notissimum‘enim
2727 5372 2929 5448 est,‘in
2958 5372 3543 5448 antiquisco‘dicibus

131 5447 258 5521 hanc
290 5450 608 5521 elementa.
643 5470 680 5518 ι,
715 5469 772 5517 η,
807 5468 873 5514 ει,
901 5449 1127 5521 saepius
1160 5447 1791 5521 invi_cegn_permutari.

1894 5449 1915 5483 ’³
1946 5437 2180 5504 Ετεέ.Α.
2215 5446 2271 5500 ὅν
2303 5453 2370 5515 τῆ
2430 5440 2573 5511 λάϐη
2628 5449 2753 5517 (pro
2918 5437 3387 5517 λαϐῇΥδιὲλαβω
3441 5448 3541 5505 (sc.

134 5514 427 5593 διέλαϐεν).
461 5521 633 5576 Barb.
667 5513 867 5577 autem
901 5513 1105 5591 λαϐήδι
1136 5537 1242 5593 pro
1275 5513 1487 5575 λαϐίδῖ.
1564 5520 1586 5556 ⁸
1618 5520 1896 5576 Mendose
1924 5526 2051 5576 tum
2083 5520 2277 5590 Barb.,
2307 5513 2697 5592 καικτημένοξ,
2729 5513 2854 5572 tum
2911 5513 3054 5570 Caes.
3105 5518 3170 5569 Α.
3222 5513 3541 5587 καίκτημεν.

1726 5657 1948 5711 NOTAE.

207 5752 282 5825 (2)
314 5750 522 5808 Divina
550 5752 778 5809 scilicet
806 5755 1113 5826 mysteria,
1148 5770 1404 5827 quorum
1434 5753 1824 5826 interpretem
1854 5753 2197 5811 laudaverat
2224 5753 2472 5809 Paulum
2504 5748 2872 5821 Apostolum.
