  <div class='ocr_page' id='page_1' title='image "/cluster/home/n/w/nwhite01/storage/ocr_20150623/96/nnc1.0046979875/750.png"; bbox 0 0 4118 6440; ppageno 0'>
   <div class='ocr_carea' id='block_1_1' title="bbox 155 418 289 487">
    <p class='ocr_par' dir='ltr' id='par_1_1' title="bbox 155 418 289 487">
     <span class='ocr_line' id='line_1_1' title="bbox 155 418 289 487; baseline 0.03 -4"><span class='ocrx_word' id='word_1_1' title='bbox 155 418 289 487; x_wconf 81' lang='grc'><strong>1501</strong></span> 
     </span>
    </p>
   </div>
   <div class='ocr_carea' id='block_1_2' title="bbox 1122 428 2413 505">
    <p class='ocr_par' dir='ltr' id='par_1_2' title="bbox 1122 428 2413 505">
     <span class='ocr_line' id='line_1_2' title="bbox 1122 428 2413 505; baseline 0.013 -17"><span class='ocrx_word' id='word_1_2' title='bbox 1122 428 1381 490; x_wconf 82' lang='lat' dir='ltr'><strong>SERMO</strong></span> <span class='ocrx_word' id='word_1_3' title='bbox 1420 430 1501 493; x_wconf 86' lang='lat' dir='ltr'><strong>IN</strong></span> <span class='ocrx_word' id='word_1_4' title='bbox 1539 432 1870 496; x_wconf 82' lang='lat' dir='ltr'><strong>SANCTOS</strong></span> <span class='ocrx_word' id='word_1_5' title='bbox 1913 436 2413 505; x_wconf 84' lang='lat' dir='ltr'><strong>INNOCENTES.</strong></span> 
     </span>
    </p>
   </div>
   <div class='ocr_carea' id='block_1_3' title="bbox 3262 449 3397 515">
    <p class='ocr_par' dir='ltr' id='par_1_3' title="bbox 3262 449 3397 515">
     <span class='ocr_line' id='line_1_3' title="bbox 3262 449 3397 515; baseline 0.022 -3"><span class='ocrx_word' id='word_1_6' title='bbox 3262 449 3397 515; x_wconf 77' lang='lat'><strong>1502</strong></span> 
     </span>
    </p>
   </div>
   <div class='ocr_carea' id='block_1_4' title="bbox 166 566 3383 633">
    <p class='ocr_par' dir='ltr' id='par_1_4' title="bbox 166 566 3383 633">
     <span class='ocr_line' id='line_1_4' title="bbox 166 566 3383 633; baseline 0 -29"><span class='ocrx_word' id='word_1_7' title='bbox 166 566 3383 633; x_wconf 37' lang='grc' dir='ltr'>Ἥ</span> 
     </span>
    </p>
   </div>
   <div class='ocr_carea' id='block_1_5' title="bbox 340 734 3204 842">
    <p class='ocr_par' dir='ltr' id='par_1_5' title="bbox 340 734 3204 842">
     <span class='ocr_line' id='line_1_5' title="bbox 340 734 3204 842; baseline 0.007 -21"><span class='ocrx_word' id='word_1_8' title='bbox 340 735 839 824; x_wconf 86' lang='grc' dir='ltr'><strong>ΙΩΑΝΝοΥ</strong></span> <span class='ocrx_word' id='word_1_9' title='bbox 925 734 1485 826; x_wconf 87' lang='grc' dir='ltr'><strong>ΜΟΝΑΧΟΥ</strong></span> <span class='ocrx_word' id='word_1_10' title='bbox 1572 742 1767 826; x_wconf 88' lang='grc' dir='ltr'><strong>ΚΑΙ</strong></span> <span class='ocrx_word' id='word_1_11' title='bbox 1875 744 2662 839; x_wconf 87' lang='grc' dir='ltr'><strong>ΠΡΕΣΒΥΤΕΡΟΥ</strong></span> <span class='ocrx_word' id='word_1_12' title='bbox 2738 754 3204 842; x_wconf 86' lang='grc' dir='ltr'><strong>ΕΥΒΟΙΑΣ</strong></span> 
     </span>
    </p>
   </div>
   <div class='ocr_carea' id='block_1_6' title="bbox 736 873 2804 973">
    <p class='ocr_par' dir='ltr' id='par_1_6' title="bbox 736 873 2804 973">
     <span class='ocr_line' id='line_1_6' title="bbox 736 873 2804 973; baseline 0.01 -20"><span class='ocrx_word' id='word_1_13' title='bbox 736 901 955 954; x_wconf 80' lang='grc' dir='ltr'><strong>ΛΟΓΟΣ</strong></span> <span class='ocrx_word' id='word_1_14' title='bbox 984 901 1091 955; x_wconf 83' lang='grc' dir='ltr'><strong>ΕΙΣ</strong></span> <span class='ocrx_word' id='word_1_15' title='bbox 1126 902 1213 955; x_wconf 79' lang='grc' dir='ltr'><strong>ΤΑ</strong></span> <span class='ocrx_word' id='word_1_16' title='bbox 1239 902 1398 955; x_wconf 78' lang='grc' dir='ltr'><strong>ΑΙἸΑ</strong></span> <span class='ocrx_word' id='word_1_17' title='bbox 1426 902 1650 955; x_wconf 83' lang='grc' dir='ltr'><strong>ΝΗΠΙΑ</strong></span> <span class='ocrx_word' id='word_1_18' title='bbox 1681 873 1771 955; x_wconf 72' lang='lat' dir='ltr'><strong>&#39;l‘A</strong></span> <span class='ocrx_word' id='word_1_19' title='bbox 1800 905 1891 957; x_wconf 84' lang='lat' dir='ltr'><strong>EN</strong></span> <span class='ocrx_word' id='word_1_20' title='bbox 1948 907 2281 964; x_wconf 82' lang='grc' dir='ltr'><strong>ΒΗΘΛΕΕΜ</strong></span> <span class='ocrx_word' id='word_1_21' title='bbox 2314 912 2804 973; x_wconf 77' lang='grc' dir='ltr'><strong>ΑΝΛΙΡΕΘΕΝΤΑ</strong></span> 
     </span>
    </p>
   </div>
   <div class='ocr_carea' id='block_1_7' title="bbox 1386 1016 2150 1080">
    <p class='ocr_par' dir='ltr' id='par_1_7' title="bbox 1386 1016 2150 1080">
     <span class='ocr_line' id='line_1_7' title="bbox 1386 1016 2150 1080; baseline 0.014 -10"><span class='ocrx_word' id='word_1_22' title='bbox 1386 1018 1513 1071; x_wconf 82' lang='grc' dir='ltr'><strong>ΚΑΙ</strong></span> <span class='ocrx_word' id='word_1_23' title='bbox 1537 1019 1664 1071; x_wconf 78' lang='grc' dir='ltr'><strong><em>ΕΙΣ</em></strong></span> <span class='ocrx_word' id='word_1_24' title='bbox 1695 1016 1843 1072; x_wconf 83' lang='grc' dir='ltr'><strong>ΤΗΝ</strong></span> <span class='ocrx_word' id='word_1_25' title='bbox 1886 1021 2150 1080; x_wconf 84' lang='grc' dir='ltr'><strong>ΡΑΧΗΑ.</strong></span> 
     </span>
    </p>
   </div>
   <div class='ocr_carea' id='block_1_8' title="bbox 270 1256 3279 1366">
    <p class='ocr_par' dir='ltr' id='par_1_8' title="bbox 270 1256 3279 1366">
     <span class='ocr_line' id='line_1_8' title="bbox 270 1256 3279 1366; baseline 0.005 -13"><span class='ocrx_word' id='word_1_26' title='bbox 270 1265 784 1359; x_wconf 85' lang='lat' dir='ltr'><strong>JOANNIS</strong></span> <span class='ocrx_word' id='word_1_27' title='bbox 864 1264 1656 1356; x_wconf 77' lang='lat' dir='ltr'><strong>MONACHI&quot;ET</strong></span> <span class='ocrx_word' id='word_1_28' title='bbox 1728 1272 2475 1362; x_wconf 80' lang='lat' dir='ltr'><strong>PRESBYTERI</strong></span> <span class='ocrx_word' id='word_1_29' title='bbox 2574 1274 3279 1366; x_wconf 82' lang='lat' dir='ltr'><strong>EUB(EENSIS</strong></span> 
     </span>
    </p>
   </div>
   <div class='ocr_carea' id='block_1_9' title="bbox 392 1418 3165 1493">
    <p class='ocr_par' dir='ltr' id='par_1_9' title="bbox 392 1418 3165 1493">
     <span class='ocr_line' id='line_1_9' title="bbox 392 1418 3165 1493; baseline 0.004 -12"><span class='ocrx_word' id='word_1_30' title='bbox 392 1419 653 1481; x_wconf 81' lang='lat' dir='ltr'><strong>SERMO</strong></span> <span class='ocrx_word' id='word_1_31' title='bbox 690 1419 775 1480; x_wconf 85' lang='lat' dir='ltr'><strong>IN</strong></span> <span class='ocrx_word' id='word_1_32' title='bbox 812 1419 921 1479; x_wconf 90' lang='lat' dir='ltr'><strong>SS.</strong></span> <span class='ocrx_word' id='word_1_33' title='bbox 960 1418 1449 1481; x_wconf 80' lang='lat' dir='ltr'><strong>INNOCENTES</strong></span> <span class='ocrx_word' id='word_1_34' title='bbox 1480 1422 1565 1482; x_wconf 88' lang='grc' dir='ltr'><strong>ΙΝ</strong></span> <span class='ocrx_word' id='word_1_35' title='bbox 1598 1424 2009 1487; x_wconf 89' lang='lat' dir='ltr'><strong>BETHLEEM</strong></span> <span class='ocrx_word' id='word_1_36' title='bbox 2041 1426 2565 1488; x_wconf 85' lang='lat' dir='ltr'><strong>INTERFECTOS</strong></span> <span class='ocrx_word' id='word_1_37' title='bbox 2598 1429 2694 1489; x_wconf 91' lang='lat' dir='ltr'><strong>ET</strong></span> <span class='ocrx_word' id='word_1_38' title='bbox 2729 1430 2811 1491; x_wconf 93' lang='lat' dir='ltr'><strong>IN</strong></span> <span class='ocrx_word' id='word_1_39' title='bbox 2837 1430 3165 1493; x_wconf 85' lang='lat' dir='ltr'><strong>RACHEL.</strong></span> 
     </span>
    </p>
   </div>
   <div class='ocr_carea' id='block_1_10' title="bbox 1281 1528 2265 1598">
    <p class='ocr_par' dir='ltr' id='par_1_10' title="bbox 1281 1528 2265 1598">
     <span class='ocr_line' id='line_1_10' title="bbox 1281 1528 2265 1598; baseline 0.008 -21"><span class='ocrx_word' id='word_1_40' title='bbox 1281 1528 1431 1591; x_wconf 63' lang='lat' dir='ltr'><strong>(Areo.</strong></span> <span class='ocrx_word' id='word_1_41' title='bbox 1456 1530 1581 1593; x_wconf 73' lang='grc' dir='ltr'>ΜΑΙ,</span> <span class='ocrx_word' id='word_1_42' title='bbox 1611 1531 1686 1584; x_wconf 77' lang='grc' dir='ltr'>σι.</span> <span class='ocrx_word' id='word_1_43' title='bbox 1720 1536 1860 1584; x_wconf 77' lang='lat' dir='ltr'><strong>Auct.</strong></span> <span class='ocrx_word' id='word_1_44' title='bbox 1902 1540 1936 1583; x_wconf 90' lang='lat' dir='ltr'><strong>t.</strong></span> <span class='ocrx_word' id='word_1_45' title='bbox 1965 1535 2023 1593; x_wconf 80' lang='grc' dir='ltr'>Χ,</span> <span class='ocrx_word' id='word_1_46' title='bbox 2052 1549 2101 1597; x_wconf 84' lang='grc' dir='ltr'>ρ.</span> <span class='ocrx_word' id='word_1_47' title='bbox 2127 1535 2265 1598; x_wconf 77' lang='lat'><strong>570.)</strong></span> 
     </span>
    </p>
   </div>
   <div class='ocr_carea' id='block_1_11' title="bbox 212 1752 1721 1827">
    <p class='ocr_par' dir='ltr' id='par_1_11' title="bbox 212 1752 1721 1827">
     <span class='ocr_line' id='line_1_11' title="bbox 212 1752 1721 1827; baseline -0.001 -18"><span class='ocrx_word' id='word_1_48' title='bbox 212 1759 282 1809; x_wconf 84' lang='grc' dir='ltr'><strong>α’.</strong></span> <span class='ocrx_word' id='word_1_49' title='bbox 323 1752 483 1827; x_wconf 86' lang='lat' dir='ltr'><strong>[C0d.</strong></span> <span class='ocrx_word' id='word_1_50' title='bbox 525 1768 582 1823; x_wconf 87' lang='lat' dir='ltr'><strong>p.</strong></span> <span class='ocrx_word' id='word_1_51' title='bbox 629 1752 695 1809; x_wconf 76' lang='grc'><strong>21</strong></span> <span class='ocrx_word' id='word_1_52' title='bbox 748 1752 824 1826; x_wconf 76' lang='grc'><strong>6.]</strong></span> <span class='ocrx_word' id='word_1_53' title='bbox 871 1754 1041 1809; x_wconf 84' lang='grc' dir='ltr'>Πάλιν</span> <span class='ocrx_word' id='word_1_54' title='bbox 1076 1757 1103 1808; x_wconf 89' lang='grc' dir='ltr'><strong>ό</strong></span> <span class='ocrx_word' id='word_1_55' title='bbox 1138 1756 1307 1819; x_wconf 84' lang='grc' dir='ltr'><strong>τάλας</strong></span> <span class='ocrx_word' id='word_1_56' title='bbox 1341 1754 1453 1825; x_wconf 78' lang='grc' dir='ltr'><strong>ἐγὼ</strong></span> <span class='ocrx_word' id='word_1_57' title='bbox 1481 1756 1571 1808; x_wconf 85' lang='grc' dir='ltr'>τὸν</span> <span class='ocrx_word' id='word_1_58' title='bbox 1601 1755 1721 1809; x_wconf 82' lang='grc' dir='ltr'>νοῦν</span> 
     </span>
    </p>
   </div>
   <div class='ocr_carea' id='block_1_12' title="bbox 1821 1752 3411 1827">
    <p class='ocr_par' dir='ltr' id='par_1_12' title="bbox 1900 1752 3411 1823">
     <span class='ocr_line' id='line_1_12' title="bbox 1900 1752 3411 1823; baseline 0.005 -16"><span class='ocrx_word' id='word_1_59' title='bbox 1900 1753 1957 1807; x_wconf 86' lang='lat' dir='ltr'><strong>In</strong></span> <span class='ocrx_word' id='word_1_60' title='bbox 1979 1752 2257 1807; x_wconf 80' lang='lat' dir='ltr'><strong>Bethleem</strong></span> <span class='ocrx_word' id='word_1_61' title='bbox 2282 1753 2478 1806; x_wconf 77' lang='lat' dir='ltr'><strong>iterum</strong></span> <span class='ocrx_word' id='word_1_62' title='bbox 2509 1768 2609 1823; x_wconf 89' lang='lat' dir='ltr'><strong>ego</strong></span> <span class='ocrx_word' id='word_1_63' title='bbox 2642 1752 2813 1809; x_wconf 89' lang='lat' dir='ltr'><strong>miser</strong></span> <span class='ocrx_word' id='word_1_64' title='bbox 2843 1754 3089 1808; x_wconf 88' lang='lat' dir='ltr'><strong>animum</strong></span> <span class='ocrx_word' id='word_1_65' title='bbox 3127 1757 3411 1815; x_wconf 86' lang='lat' dir='ltr'><strong>intendere</strong></span> 
     </span>
    </p>
   </div>
   <div class='ocr_carea' id='block_1_13' title="bbox 138 1844 1721 1917">
    <p class='ocr_par' dir='ltr' id='par_1_13' title="bbox 138 1844 1721 1917">
     <span class='ocr_line' id='line_1_13' title="bbox 138 1844 1721 1917; baseline -0.001 -17"><span class='ocrx_word' id='word_1_66' title='bbox 138 1847 235 1901; x_wconf 66' lang='grc' dir='ltr'><strong>ἰπὶ</strong></span> <span class='ocrx_word' id='word_1_67' title='bbox 288 1846 387 1917; x_wconf 83' lang='grc' dir='ltr'>τὴν</span> <span class='ocrx_word' id='word_1_68' title='bbox 444 1844 697 1916; x_wconf 84' lang='grc' dir='ltr'>Βηθλεὲμ</span> <span class='ocrx_word' id='word_1_69' title='bbox 734 1847 1038 1899; x_wconf 79' lang='grc' dir='ltr'>ὲκπετάσαι</span> <span class='ocrx_word' id='word_1_70' title='bbox 1086 1846 1373 1917; x_wconf 87' lang='grc' dir='ltr'>βούλομαι,</span> <span class='ocrx_word' id='word_1_71' title='bbox 1426 1847 1520 1899; x_wconf 69' lang='grc' dir='ltr'><strong>καὶ</strong></span> <span class='ocrx_word' id='word_1_72' title='bbox 1558 1846 1627 1898; x_wconf 82' lang='grc' dir='ltr'><strong>τὰ</strong></span> <span class='ocrx_word' id='word_1_73' title='bbox 1666 1848 1721 1900; x_wconf 82' lang='grc' dir='ltr'>ὲν</span> 
     </span>
    </p>
   </div>
   <div class='ocr_carea' id='block_1_14' title="bbox 1821 1844 3412 1917">
    <p class='ocr_par' dir='ltr' id='par_1_14' title="bbox 1826 1846 3412 1914">
     <span class='ocr_line' id='line_1_14' title="bbox 1826 1846 3412 1914; baseline 0.004 -15"><span class='ocrx_word' id='word_1_74' title='bbox 1826 1847 1985 1910; x_wconf 89' lang='lat' dir='ltr'><strong>volo,</strong></span> <span class='ocrx_word' id='word_1_75' title='bbox 2028 1846 2214 1914; x_wconf 87' lang='lat' dir='ltr'><strong>ibique</strong></span> <span class='ocrx_word' id='word_1_76' title='bbox 2248 1846 2429 1900; x_wconf 89' lang='lat' dir='ltr'><strong>edicta</strong></span> <span class='ocrx_word' id='word_1_77' title='bbox 2470 1846 2540 1899; x_wconf 85' lang='lat' dir='ltr'><strong>ab</strong></span> <span class='ocrx_word' id='word_1_78' title='bbox 2581 1846 2875 1900; x_wconf 84' lang='lat' dir='ltr'><strong>infantium</strong></span> <span class='ocrx_word' id='word_1_79' title='bbox 2917 1847 3271 1904; x_wconf 89' lang='lat' dir='ltr'><strong>interfectore</strong></span> <span class='ocrx_word' id='word_1_80' title='bbox 3313 1850 3412 1907; x_wconf 79' lang='lat' dir='ltr'><strong>He-</strong></span> 
     </span>
    </p>
   </div>
   <div class='ocr_carea' id='block_1_15' title="bbox 134 1937 1725 2010">
    <p class='ocr_par' dir='ltr' id='par_1_15' title="bbox 134 1937 1725 2010">
     <span class='ocr_line' id='line_1_15' title="bbox 134 1937 1725 2010; baseline -0.001 -18"><span class='ocrx_word' id='word_1_81' title='bbox 134 1939 280 2010; x_wconf 80' lang='grc' dir='ltr'>αὐτῇ</span> <span class='ocrx_word' id='word_1_82' title='bbox 312 1939 405 1991; x_wconf 83' lang='grc' dir='ltr'><strong>ὲπὶ</strong></span> <span class='ocrx_word' id='word_1_83' title='bbox 441 1937 681 2008; x_wconf 81' lang='grc' dir='ltr'>Ἡρώδου</span> <span class='ocrx_word' id='word_1_84' title='bbox 712 1937 807 1990; x_wconf 80' lang='grc' dir='ltr'>τοῦ</span> <span class='ocrx_word' id='word_1_85' title='bbox 832 1939 1183 1993; x_wconf 86' lang='grc' dir='ltr'>παιδοκτόνου</span> <span class='ocrx_word' id='word_1_86' title='bbox 1208 1940 1542 2009; x_wconf 80' lang='grc' dir='ltr'><strong>παρανόμως</strong></span> <span class='ocrx_word' id='word_1_87' title='bbox 1573 1940 1725 1991; x_wconf 74' lang='grc' dir='ltr'>ἐκτε-</span> 
     </span>
    </p>
   </div>
   <div class='ocr_carea' id='block_1_16' title="bbox 133 2029 1722 2101">
    <p class='ocr_par' dir='ltr' id='par_1_16' title="bbox 133 2029 1722 2101">
     <span class='ocr_line' id='line_1_16' title="bbox 133 2029 1722 2101; baseline -0.001 -16"><span class='ocrx_word' id='word_1_88' title='bbox 133 2032 401 2085; x_wconf 85' lang='grc' dir='ltr'>λέσθεντα</span> <span class='ocrx_word' id='word_1_89' title='bbox 427 2034 493 2101; x_wconf 82' lang='grc' dir='ltr'>τῇ</span> <span class='ocrx_word' id='word_1_90' title='bbox 518 2029 699 2101; x_wconf 76' lang='grc' dir='ltr'>ἐννοίᾳ</span> <span class='ocrx_word' id='word_1_91' title='bbox 725 2031 824 2101; x_wconf 84' lang='grc' dir='ltr'>τῆς</span> <span class='ocrx_word' id='word_1_92' title='bbox 853 2031 1087 2101; x_wconf 82' lang='grc' dir='ltr'><strong>θεωρίας</strong></span> <span class='ocrx_word' id='word_1_93' title='bbox 1132 2031 1556 2101; x_wconf 88' lang='grc' dir='ltr'>στηλιτεύσομαι</span> <span class='ocrx_word' id='word_1_94' title='bbox 1600 2031 1722 2098; x_wconf 87' lang='grc' dir='ltr'>δόγ-</span> 
     </span>
    </p>
   </div>
   <div class='ocr_carea' id='block_1_17' title="bbox 136 2122 1721 2194">
    <p class='ocr_par' dir='ltr' id='par_1_17' title="bbox 136 2122 1721 2194">
     <span class='ocr_line' id='line_1_17' title="bbox 136 2122 1721 2194; baseline 0 -17"><span class='ocrx_word' id='word_1_95' title='bbox 136 2141 309 2194; x_wconf 83' lang='grc' dir='ltr'><strong>ματα.</strong></span> <span class='ocrx_word' id='word_1_96' title='bbox 361 2124 531 2176; x_wconf 78' lang='grc' dir='ltr'>Φόὸου</span> <span class='ocrx_word' id='word_1_97' title='bbox 582 2122 689 2193; x_wconf 76' lang='grc' dir='ltr'><strong>γὰρ</strong></span> <span class='ocrx_word' id='word_1_98' title='bbox 745 2124 837 2175; x_wconf 73' lang='grc' dir='ltr'>καὶ</span> <span class='ocrx_word' id='word_1_99' title='bbox 890 2123 1143 2193; x_wconf 77' lang='grc' dir='ltr'><strong>δακρύων</strong></span> <span class='ocrx_word' id='word_1_100' title='bbox 1184 2125 1217 2194; x_wconf 80' lang='grc' dir='ltr'><strong>ἡ</strong></span> <span class='ocrx_word' id='word_1_101' title='bbox 1259 2124 1484 2193; x_wconf 83' lang='grc' dir='ltr'><strong>τοιαύτη</strong></span> <span class='ocrx_word' id='word_1_102' title='bbox 1528 2123 1721 2193; x_wconf 79' lang='grc' dir='ltr'>ἔρευνα</span> 
     </span>
    </p>
   </div>
   <div class='ocr_carea' id='block_1_18' title="bbox 133 2216 1717 2287">
    <p class='ocr_par' dir='ltr' id='par_1_18' title="bbox 133 2216 1717 2287">
     <span class='ocr_line' id='line_1_18' title="bbox 133 2216 1717 2287; baseline -0.001 -17"><span class='ocrx_word' id='word_1_103' title='bbox 133 2219 299 2287; x_wconf 80' lang='grc' dir='ltr'>γέμει</span> <span class='ocrx_word' id='word_1_104' title='bbox 324 2234 338 2248; x_wconf 89' lang='grc'><strong>·</strong></span> <span class='ocrx_word' id='word_1_105' title='bbox 372 2218 471 2269; x_wconf 75' lang='grc' dir='ltr'>οὐκ</span> <span class='ocrx_word' id='word_1_106' title='bbox 502 2216 757 2287; x_wconf 82' lang='grc' dir='ltr'><strong>ἡμετέρῳ</strong></span> <span class='ocrx_word' id='word_1_107' title='bbox 790 2216 962 2285; x_wconf 77' lang='grc' dir='ltr'>φόϐῳ,</span> <span class='ocrx_word' id='word_1_108' title='bbox 990 2216 1133 2270; x_wconf 67' lang='grc' dir='ltr'>ἀλλά</span> <span class='ocrx_word' id='word_1_109' title='bbox 1159 2217 1269 2269; x_wconf 88' lang='grc' dir='ltr'><strong>τῶν</strong></span> <span class='ocrx_word' id='word_1_110' title='bbox 1289 2217 1411 2270; x_wconf 90' lang='grc' dir='ltr'>τότε</span> <span class='ocrx_word' id='word_1_111' title='bbox 1444 2218 1717 2287; x_wconf 82' lang='grc' dir='ltr'><strong>μητέρων,</strong></span> 
     </span>
    </p>
   </div>
   <div class='ocr_carea' id='block_1_19' title="bbox 130 2302 1722 2380">
    <p class='ocr_par' dir='ltr' id='par_1_19' title="bbox 130 2302 1722 2380">
     <span class='ocr_line' id='line_1_19' title="bbox 130 2302 1722 2380; baseline -0.001 -19"><span class='ocrx_word' id='word_1_112' title='bbox 130 2309 247 2361; x_wconf 89' lang='grc' dir='ltr'><strong>τῶν</strong></span> <span class='ocrx_word' id='word_1_113' title='bbox 270 2309 560 2379; x_wconf 76' lang='grc' dir='ltr'>μακαρίων</span> <span class='ocrx_word' id='word_1_114' title='bbox 594 2309 820 2361; x_wconf 77' lang='grc' dir='ltr'>ἐκείνων</span> <span class='ocrx_word' id='word_1_115' title='bbox 846 2308 1076 2373; x_wconf 84' lang='grc' dir='ltr'>παίδων,</span> <span class='ocrx_word' id='word_1_116' title='bbox 1103 2302 1178 2362; x_wconf 82' lang='grc' dir='ltr'>ὧν</span> <span class='ocrx_word' id='word_1_117' title='bbox 1209 2310 1236 2362; x_wconf 92' lang='grc' dir='ltr'><strong>ό</strong></span> <span class='ocrx_word' id='word_1_118' title='bbox 1272 2308 1515 2380; x_wconf 80' lang='grc' dir='ltr'><strong>Ἡρώδης</strong></span> <span class='ocrx_word' id='word_1_119' title='bbox 1544 2308 1722 2375; x_wconf 81' lang='grc' dir='ltr'>ζητῶν</span> 
     </span>
    </p>
   </div>
   <div class='ocr_carea' id='block_1_20' title="bbox 128 2398 1775 2470">
    <p class='ocr_par' dir='ltr' id='par_1_20' title="bbox 128 2398 1775 2470">
     <span class='ocr_line' id='line_1_20' title="bbox 128 2398 1775 2470; baseline -0.001 -18"><span class='ocrx_word' id='word_1_120' title='bbox 128 2400 226 2452; x_wconf 74' lang='grc' dir='ltr'><strong>τὸν</strong></span> <span class='ocrx_word' id='word_1_121' title='bbox 286 2400 623 2469; x_wconf 83' lang='grc' dir='ltr'>γεννηθέντα</span> <span class='ocrx_word' id='word_1_122' title='bbox 677 2398 934 2468; x_wconf 83' lang='grc' dir='ltr'><strong>βασιλέα,</strong></span> <span class='ocrx_word' id='word_1_123' title='bbox 994 2401 1120 2463; x_wconf 80' lang='grc' dir='ltr'>τοὺς</span> <span class='ocrx_word' id='word_1_124' title='bbox 1174 2401 1343 2470; x_wconf 80' lang='grc' dir='ltr'>μηδὲν</span> <span class='ocrx_word' id='word_1_125' title='bbox 1389 2400 1775 2469; x_wconf 69' lang='grc' dir='ltr'>ὴδικηκότας“’</span> 
     </span>
    </p>
   </div>
   <div class='ocr_carea' id='block_1_21' title="bbox 131 2489 1723 2562">
    <p class='ocr_par' dir='ltr' id='par_1_21' title="bbox 131 2489 1723 2562">
     <span class='ocr_line' id='line_1_21' title="bbox 131 2489 1723 2562; baseline 0.001 -19"><span class='ocrx_word' id='word_1_126' title='bbox 131 2491 356 2554; x_wconf 86' lang='grc' dir='ltr'>παῖδας,</span> <span class='ocrx_word' id='word_1_127' title='bbox 396 2490 576 2560; x_wconf 78' lang='grc' dir='ltr'>ἄωρος</span> <span class='ocrx_word' id='word_1_128' title='bbox 619 2489 823 2553; x_wconf 77' lang='grc' dir='ltr'>ἀδίκως</span> <span class='ocrx_word' id='word_1_129' title='bbox 867 2491 1109 2559; x_wconf 87' lang='grc' dir='ltr'>δρεπάνη</span> <span class='ocrx_word' id='word_1_130' title='bbox 1158 2490 1505 2562; x_wconf 81' lang='grc' dir='ltr'>ὲξεοέρησεν.</span> <span class='ocrx_word' id='word_1_131' title='bbox 1553 2491 1723 2544; x_wconf 74' lang='grc' dir='ltr'>Τοῦτο</span> 
     </span>
    </p>
   </div>
   <div class='ocr_carea' id='block_1_22' title="bbox 129 2581 1721 2655">
    <p class='ocr_par' dir='ltr' id='par_1_22' title="bbox 129 2581 1721 2655">
     <span class='ocr_line' id='line_1_22' title="bbox 129 2581 1721 2655; baseline 0.001 -20"><span class='ocrx_word' id='word_1_132' title='bbox 129 2584 243 2655; x_wconf 87' lang='grc' dir='ltr'><strong>γάρ</strong></span> <span class='ocrx_word' id='word_1_133' title='bbox 273 2600 374 2653; x_wconf 89' lang='grc' dir='ltr'><strong>μου</strong></span> <span class='ocrx_word' id='word_1_134' title='bbox 405 2582 497 2635; x_wconf 86' lang='grc' dir='ltr'>τὸν</span> <span class='ocrx_word' id='word_1_135' title='bbox 530 2581 656 2637; x_wconf 82' lang='grc' dir='ltr'>νοῦν</span> <span class='ocrx_word' id='word_1_136' title='bbox 688 2582 1088 2655; x_wconf 79' lang='grc' dir='ltr'>προετρέψατο,</span> <span class='ocrx_word' id='word_1_137' title='bbox 1121 2584 1216 2636; x_wconf 81' lang='grc' dir='ltr'>καὶ</span> <span class='ocrx_word' id='word_1_138' title='bbox 1246 2583 1321 2646; x_wconf 88' lang='grc' dir='ltr'><strong>ώς</strong></span> <span class='ocrx_word' id='word_1_139' title='bbox 1341 2587 1397 2635; x_wconf 82' lang='grc' dir='ltr'>ἐν</span> <span class='ocrx_word' id='word_1_140' title='bbox 1421 2584 1721 2653; x_wconf 73' lang='grc' dir='ltr'><strong>ὀφθαλμοῖς</strong></span> 
     </span>
    </p>
   </div>
   <div class='ocr_carea' id='block_1_23' title="bbox 128 2674 1719 2747">
    <p class='ocr_par' dir='ltr' id='par_1_23' title="bbox 128 2674 1719 2747">
     <span class='ocr_line' id='line_1_23' title="bbox 128 2674 1719 2747; baseline -0.002 -18"><span class='ocrx_word' id='word_1_141' title='bbox 128 2676 339 2745; x_wconf 83' lang='grc' dir='ltr'>ἀρτίως</span> <span class='ocrx_word' id='word_1_142' title='bbox 377 2674 489 2746; x_wconf 87' lang='grc' dir='ltr'><strong>όρῶ</strong></span> <span class='ocrx_word' id='word_1_143' title='bbox 523 2675 615 2729; x_wconf 77' lang='grc' dir='ltr'>τὸν</span> <span class='ocrx_word' id='word_1_144' title='bbox 650 2676 970 2747; x_wconf 86' lang='grc' dir='ltr'>παράνομον</span> <span class='ocrx_word' id='word_1_145' title='bbox 1027 2674 1275 2745; x_wconf 83' lang='grc' dir='ltr'>Ἡρώδην</span> <span class='ocrx_word' id='word_1_146' title='bbox 1315 2675 1600 2746; x_wconf 82' lang='grc' dir='ltr'>μεμηνότα</span> <span class='ocrx_word' id='word_1_147' title='bbox 1627 2676 1719 2728; x_wconf 76' lang='grc' dir='ltr'>καὶ</span> 
     </span>
    </p>
   </div>
   <div class='ocr_carea' id='block_1_24' title="bbox 130 2765 1721 2837">
    <p class='ocr_par' dir='ltr' id='par_1_24' title="bbox 130 2765 1721 2837">
     <span class='ocr_line' id='line_1_24' title="bbox 130 2765 1721 2837; baseline -0.002 -17"><span class='ocrx_word' id='word_1_148' title='bbox 130 2768 482 2837; x_wconf 75' lang='grc' dir='ltr'>σκυθρωπὸν,</span> <span class='ocrx_word' id='word_1_149' title='bbox 511 2768 604 2821; x_wconf 73' lang='grc' dir='ltr'><strong>ἐπὶ</strong></span> <span class='ocrx_word' id='word_1_150' title='bbox 638 2767 735 2820; x_wconf 81' lang='grc' dir='ltr'><strong>τοῦ</strong></span> <span class='ocrx_word' id='word_1_151' title='bbox 774 2766 963 2820; x_wconf 78' lang='grc' dir='ltr'>ἀδίκου</span> <span class='ocrx_word' id='word_1_152' title='bbox 996 2766 1162 2819; x_wconf 77' lang='grc' dir='ltr'>αὐτοῦ</span> <span class='ocrx_word' id='word_1_153' title='bbox 1195 2766 1389 2837; x_wconf 79' lang='grc' dir='ltr'>θρόνου</span> <span class='ocrx_word' id='word_1_154' title='bbox 1421 2765 1721 2835; x_wconf 79' lang='grc' dir='ltr'>καθεζόμε-</span> 
     </span>
    </p>
   </div>
   <div class='ocr_carea' id='block_1_25' title="bbox 128 2856 1721 2929">
    <p class='ocr_par' dir='ltr' id='par_1_25' title="bbox 128 2856 1721 2929">
     <span class='ocr_line' id='line_1_25' title="bbox 128 2856 1721 2929; baseline -0.003 -15"><span class='ocrx_word' id='word_1_155' title='bbox 128 2879 241 2925; x_wconf 83' lang='grc' dir='ltr'>νον,</span> <span class='ocrx_word' id='word_1_156' title='bbox 281 2861 377 2913; x_wconf 76' lang='grc' dir='ltr'>καὶ</span> <span class='ocrx_word' id='word_1_157' title='bbox 427 2860 674 2923; x_wconf 90' lang='grc' dir='ltr'>πλείονος</span> <span class='ocrx_word' id='word_1_158' title='bbox 706 2856 894 2928; x_wconf 79' lang='grc' dir='ltr'>ξίφους</span> <span class='ocrx_word' id='word_1_159' title='bbox 937 2859 1037 2929; x_wconf 79' lang='grc' dir='ltr'>τὴν</span> <span class='ocrx_word' id='word_1_160' title='bbox 1068 2858 1259 2911; x_wconf 83' lang='grc' dir='ltr'>τούτου</span> <span class='ocrx_word' id='word_1_161' title='bbox 1315 2858 1544 2928; x_wconf 84' lang='grc' dir='ltr'>καρδίαν</span> <span class='ocrx_word' id='word_1_162' title='bbox 1590 2859 1721 2927; x_wconf 79' lang='grc' dir='ltr'>ἡκο-</span> 
     </span>
    </p>
   </div>
   <div class='ocr_carea' id='block_1_26' title="bbox 126 2947 1717 3023">
    <p class='ocr_par' dir='ltr' id='par_1_26' title="bbox 126 2947 1717 3023">
     <span class='ocr_line' id='line_1_26' title="bbox 126 2947 1717 3023; baseline -0.006 -15"><span class='ocrx_word' id='word_1_163' title='bbox 126 2971 194 3023; x_wconf 84' lang='grc' dir='ltr'><strong>νη</strong></span> <span class='ocrx_word' id='word_1_164' title='bbox 206 2955 396 3023; x_wconf 86' lang='grc' dir='ltr'>μένην,</span> <span class='ocrx_word' id='word_1_165' title='bbox 415 2953 509 3005; x_wconf 64' lang='grc' dir='ltr'>καὶ</span> <span class='ocrx_word' id='word_1_166' title='bbox 526 2952 663 3023; x_wconf 84' lang='grc' dir='ltr'>πρὸς</span> <span class='ocrx_word' id='word_1_167' title='bbox 690 2950 989 3023; x_wconf 88' lang='grc' dir='ltr'>ἀνταρσίαν</span> <span class='ocrx_word' id='word_1_168' title='bbox 1005 2951 1099 3002; x_wconf 85' lang='grc' dir='ltr'>εὑτ</span> <span class='ocrx_word' id='word_1_169' title='bbox 1112 2949 1469 3020; x_wconf 78' lang='grc' dir='ltr'>ρεπιζόμενον</span> <span class='ocrx_word' id='word_1_170' title='bbox 1495 2947 1591 3001; x_wconf 82' lang='grc' dir='ltr'>τοῦ</span> <span class='ocrx_word' id='word_1_171' title='bbox 1613 2949 1717 3000; x_wconf 85' lang='grc' dir='ltr'>Βα-</span> 
     </span>
    </p>
   </div>
   <div class='ocr_carea' id='block_1_27' title="bbox 128 3038 1717 3115">
    <p class='ocr_par' dir='ltr' id='par_1_27' title="bbox 128 3038 1717 3115">
     <span class='ocr_line' id='line_1_27' title="bbox 128 3038 1717 3115; baseline -0.008 -12"><span class='ocrx_word' id='word_1_172' title='bbox 128 3046 329 3108; x_wconf 84' lang='grc' dir='ltr'>σιλέως</span> <span class='ocrx_word' id='word_1_173' title='bbox 363 3046 473 3099; x_wconf 89' lang='grc' dir='ltr'><strong>τῶν</strong></span> <span class='ocrx_word' id='word_1_174' title='bbox 509 3043 909 3115; x_wconf 79' lang='grc' dir='ltr'>βασιλευόντων</span> <span class='ocrx_word' id='word_1_175' title='bbox 944 3043 1039 3097; x_wconf 74' lang='grc' dir='ltr'>καὶ</span> <span class='ocrx_word' id='word_1_176' title='bbox 1065 3041 1271 3111; x_wconf 81' lang='grc' dir='ltr'>Κυρίου</span> <span class='ocrx_word' id='word_1_177' title='bbox 1294 3041 1403 3093; x_wconf 86' lang='grc' dir='ltr'><strong>τῶν</strong></span> <span class='ocrx_word' id='word_1_178' title='bbox 1430 3038 1717 3108; x_wconf 88' lang='grc' dir='ltr'>κυριευόν-</span> 
     </span>
    </p>
   </div>
   <div class='ocr_carea' id='block_1_28' title="bbox 122 3128 1714 3206">
    <p class='ocr_par' dir='ltr' id='par_1_28' title="bbox 122 3128 1714 3206">
     <span class='ocr_line' id='line_1_28' title="bbox 122 3128 1714 3206; baseline -0.004 -16"><span class='ocrx_word' id='word_1_179' title='bbox 122 3155 259 3201; x_wconf 90' lang='grc' dir='ltr'>των,</span> <span class='ocrx_word' id='word_1_180' title='bbox 300 3136 368 3190; x_wconf 86' lang='grc' dir='ltr'><strong>δι’</strong></span> <span class='ocrx_word' id='word_1_181' title='bbox 432 3128 787 3206; x_wconf 77' lang='grc' dir='ltr'>οὗ’βασιλεῖς</span> <span class='ocrx_word' id='word_1_182' title='bbox 847 3133 1247 3203; x_wconf 82' lang='grc' dir='ltr'>βασιλεύουσιν,</span> <span class='ocrx_word' id='word_1_183' title='bbox 1312 3132 1411 3185; x_wconf 76' lang='grc' dir='ltr'>καὶ</span> <span class='ocrx_word' id='word_1_184' title='bbox 1461 3132 1714 3202; x_wconf 87' lang='grc' dir='ltr'>τύραννοι</span> 
     </span>
    </p>
   </div>
   <div class='ocr_carea' id='block_1_29' title="bbox 126 3226 1717 3300">
    <p class='ocr_par' dir='ltr' id='par_1_29' title="bbox 126 3226 1717 3300">
     <span class='ocr_line' id='line_1_29' title="bbox 126 3226 1717 3300; baseline -0.004 -17"><span class='ocrx_word' id='word_1_185' title='bbox 126 3228 394 3298; x_wconf 78' lang='grc' dir='ltr'>κρατοῦσι</span> <span class='ocrx_word' id='word_1_186' title='bbox 423 3229 549 3300; x_wconf 83' lang='grc' dir='ltr'>γῆς.</span> <span class='ocrx_word' id='word_1_187' title='bbox 596 3227 659 3280; x_wconf 85' lang='grc' dir='ltr'><strong>Ἡ</strong></span> <span class='ocrx_word' id='word_1_188' title='bbox 682 3228 901 3297; x_wconf 75' lang='grc' dir='ltr'>διαεολὴ</span> <span class='ocrx_word' id='word_1_189' title='bbox 933 3227 1041 3297; x_wconf 84' lang='grc' dir='ltr'><strong>γάρ</strong></span> <span class='ocrx_word' id='word_1_190' title='bbox 1068 3226 1178 3279; x_wconf 89' lang='grc' dir='ltr'><strong>τῶν</strong></span> <span class='ocrx_word' id='word_1_191' title='bbox 1213 3226 1547 3295; x_wconf 80' lang='grc' dir='ltr'>παρανόμων</span> <span class='ocrx_word' id='word_1_192' title='bbox 1591 3226 1717 3278; x_wconf 87' lang='grc' dir='ltr'>Ἰου-</span> 
     </span>
    </p>
   </div>
   <div class='ocr_carea' id='block_1_30' title="bbox 122 3319 1716 3391">
    <p class='ocr_par' dir='ltr' id='par_1_30' title="bbox 122 3319 1716 3391">
     <span class='ocr_line' id='line_1_30' title="bbox 122 3319 1716 3391; baseline -0.004 -14"><span class='ocrx_word' id='word_1_193' title='bbox 122 3324 319 3385; x_wconf 79' lang='grc' dir='ltr'>δαίων,</span> <span class='ocrx_word' id='word_1_194' title='bbox 365 3323 458 3375; x_wconf 75' lang='grc' dir='ltr'>καὶ</span> <span class='ocrx_word' id='word_1_195' title='bbox 505 3324 532 3375; x_wconf 91' lang='grc' dir='ltr'><strong>ό</strong></span> <span class='ocrx_word' id='word_1_196' title='bbox 585 3321 754 3391; x_wconf 75' lang='grc' dir='ltr'>θυμὸς</span> <span class='ocrx_word' id='word_1_197' title='bbox 803 3320 897 3373; x_wconf 71' lang='grc' dir='ltr'>τυῦ</span> <span class='ocrx_word' id='word_1_198' title='bbox 956 3319 1208 3388; x_wconf 77' lang='grc' dir='ltr'>ἐχθίστου</span> <span class='ocrx_word' id='word_1_199' title='bbox 1261 3319 1356 3371; x_wconf 64' lang='grc' dir='ltr'><strong>καί⁵</strong></span> <span class='ocrx_word' id='word_1_200' title='bbox 1406 3320 1716 3372; x_wconf 79' lang='grc' dir='ltr'>ἀποστάτου</span> 
     </span>
    </p>
   </div>
   <div class='ocr_carea' id='block_1_31' title="bbox 142 3412 1719 3485">
    <p class='ocr_par' dir='ltr' id='par_1_31' title="bbox 142 3412 1719 3485">
     <span class='ocr_line' id='line_1_31' title="bbox 142 3412 1719 3485; baseline 0.001 -18"><span class='ocrx_word' id='word_1_201' title='bbox 142 3413 410 3483; x_wconf 81' lang='grc' dir='ltr'>Ἡρώδου,</span> <span class='ocrx_word' id='word_1_202' title='bbox 444 3414 505 3466; x_wconf 85' lang='grc' dir='ltr'>οὐ</span> <span class='ocrx_word' id='word_1_203' title='bbox 537 3413 699 3483; x_wconf 89' lang='grc' dir='ltr'>μόνον</span> <span class='ocrx_word' id='word_1_204' title='bbox 738 3414 839 3484; x_wconf 86' lang='grc' dir='ltr'>τὴν</span> <span class='ocrx_word' id='word_1_205' title='bbox 869 3412 1141 3483; x_wconf 83' lang='grc' dir='ltr'>Βηθλεὲμ,</span> <span class='ocrx_word' id='word_1_206' title='bbox 1179 3413 1319 3467; x_wconf 83' lang='grc' dir='ltr'>ἀλλὰ</span> <span class='ocrx_word' id='word_1_207' title='bbox 1355 3416 1452 3466; x_wconf 80' lang='grc' dir='ltr'>καὶ</span> <span class='ocrx_word' id='word_1_208' title='bbox 1490 3414 1589 3485; x_wconf 81' lang='grc' dir='ltr'>τὴν</span> <span class='ocrx_word' id='word_1_209' title='bbox 1627 3414 1719 3468; x_wconf 85' lang='grc' dir='ltr'><strong>Ἰε-</strong></span> 
     </span>
    </p>
   </div>
   <div class='ocr_carea' id='block_1_32' title="bbox 128 3498 1717 3576">
    <p class='ocr_par' dir='ltr' id='par_1_32' title="bbox 128 3498 1717 3576">
     <span class='ocr_line' id='line_1_32' title="bbox 128 3498 1717 3576; baseline -0.001 -19"><span class='ocrx_word' id='word_1_210' title='bbox 128 3504 418 3576; x_wconf 81' lang='grc' dir='ltr'>ρουσαλὴμ</span> <span class='ocrx_word' id='word_1_211' title='bbox 444 3504 795 3574; x_wconf 75' lang='grc' dir='ltr'>ἐμόχλευσεν.</span> <span class='ocrx_word' id='word_1_212' title='bbox 839 3505 960 3557; x_wconf 85' lang='grc' dir='ltr'>Ὅτι</span> <span class='ocrx_word' id='word_1_213' title='bbox 1001 3498 1095 3555; x_wconf 72' lang='grc' dir='ltr'><strong>οὖν</strong></span> <span class='ocrx_word' id='word_1_214' title='bbox 1145 3504 1173 3555; x_wconf 87' lang='grc' dir='ltr'><strong>ό</strong></span> <span class='ocrx_word' id='word_1_215' title='bbox 1223 3503 1457 3567; x_wconf 80' lang='grc' dir='ltr'>δείλαιος</span> <span class='ocrx_word' id='word_1_216' title='bbox 1509 3505 1717 3566; x_wconf 76' lang='grc' dir='ltr'>ἐκεῖνος</span> 
     </span>
    </p>
   </div>
   <div class='ocr_carea' id='block_1_33' title="bbox 124 3594 1719 3666">
    <p class='ocr_par' dir='ltr' id='par_1_33' title="bbox 124 3594 1719 3666">
     <span class='ocr_line' id='line_1_33' title="bbox 124 3594 1719 3666; baseline -0.002 -16"><span class='ocrx_word' id='word_1_217' title='bbox 124 3596 433 3665; x_wconf 78' lang='grc' dir='ltr'>ἐνεπαίχθη</span> <span class='ocrx_word' id='word_1_218' title='bbox 500 3596 604 3647; x_wconf 72' lang='grc' dir='ltr'>ὑπὸ</span> <span class='ocrx_word' id='word_1_219' title='bbox 660 3596 769 3648; x_wconf 88' lang='grc' dir='ltr'><strong>τῶν</strong></span> <span class='ocrx_word' id='word_1_220' title='bbox 837 3594 1019 3663; x_wconf 83' lang='grc' dir='ltr'>σοφῶν</span> <span class='ocrx_word' id='word_1_221' title='bbox 1082 3596 1310 3663; x_wconf 82' lang='grc' dir='ltr'>Μάγων,</span> <span class='ocrx_word' id='word_1_222' title='bbox 1377 3596 1583 3666; x_wconf 78' lang='grc' dir='ltr'>ίλιγγιᾷ</span> <span class='ocrx_word' id='word_1_223' title='bbox 1625 3597 1719 3649; x_wconf 70' lang='grc' dir='ltr'>καὶ</span> 
     </span>
    </p>
   </div>
   <div class='ocr_carea' id='block_1_34' title="bbox 125 3689 1720 3761">
    <p class='ocr_par' dir='ltr' id='par_1_34' title="bbox 125 3689 1720 3761">
     <span class='ocr_line' id='line_1_34' title="bbox 125 3689 1720 3761; baseline -0.001 -17"><span class='ocrx_word' id='word_1_224' title='bbox 125 3690 462 3755; x_wconf 78' lang='grc' dir='ltr'>ἀλλοιοῦται,</span> <span class='ocrx_word' id='word_1_225' title='bbox 491 3689 823 3755; x_wconf 82' lang='grc' dir='ltr'>ταράττεται</span> <span class='ocrx_word' id='word_1_226' title='bbox 874 3691 940 3759; x_wconf 77' lang='grc' dir='ltr'>τῇ</span> <span class='ocrx_word' id='word_1_227' title='bbox 998 3692 1205 3759; x_wconf 76' lang='grc' dir='ltr'>μορφῇ,</span> <span class='ocrx_word' id='word_1_228' title='bbox 1262 3690 1356 3741; x_wconf 73' lang='grc' dir='ltr'>καὶ</span> <span class='ocrx_word' id='word_1_229' title='bbox 1410 3693 1473 3761; x_wconf 77' lang='grc' dir='ltr'><strong>τῇ</strong></span> <span class='ocrx_word' id='word_1_230' title='bbox 1521 3690 1720 3760; x_wconf 83' lang='grc' dir='ltr'>καρδίᾳ</span> 
     </span>
    </p>
   </div>
   <div class='ocr_carea' id='block_1_35' title="bbox 122 3780 1719 3853">
    <p class='ocr_par' dir='ltr' id='par_1_35' title="bbox 122 3780 1719 3853">
     <span class='ocr_line' id='line_1_35' title="bbox 122 3780 1719 3853; baseline 0.001 -20"><span class='ocrx_word' id='word_1_231' title='bbox 122 3782 303 3852; x_wconf 79' lang='grc' dir='ltr'>ὃειλιᾷ</span> <span class='ocrx_word' id='word_1_232' title='bbox 337 3798 350 3812; x_wconf 78' lang='grc'><strong><em>⁸</em></strong></span> <span class='ocrx_word' id='word_1_233' title='bbox 386 3780 673 3850; x_wconf 74' lang='grc' dir='ltr'>ρητορεύει</span> <span class='ocrx_word' id='word_1_234' title='bbox 705 3780 842 3849; x_wconf 77' lang='grc' dir='ltr'>πρὸς</span> <span class='ocrx_word' id='word_1_235' title='bbox 878 3782 1005 3843; x_wconf 77' lang='grc' dir='ltr'>τοὺς</span> <span class='ocrx_word' id='word_1_236' title='bbox 1032 3782 1334 3851; x_wconf 81' lang='grc' dir='ltr'>ἀρχιερεῖς,</span> <span class='ocrx_word' id='word_1_237' title='bbox 1360 3783 1453 3834; x_wconf 75' lang='grc' dir='ltr'>καὶ</span> <span class='ocrx_word' id='word_1_238' title='bbox 1486 3799 1719 3853; x_wconf 81' lang='grc' dir='ltr'>φρατρι-</span> 
     </span>
    </p>
   </div>
   <div class='ocr_carea' id='block_1_36' title="bbox 126 3872 1720 3943">
    <p class='ocr_par' dir='ltr' id='par_1_36' title="bbox 126 3872 1720 3943">
     <span class='ocr_line' id='line_1_36' title="bbox 126 3872 1720 3943; baseline 0.001 -18"><span class='ocrx_word' id='word_1_239' title='bbox 126 3875 255 3937; x_wconf 74' lang='grc' dir='ltr'>ἀζει</span> <span class='ocrx_word' id='word_1_240' title='bbox 291 3873 432 3943; x_wconf 84' lang='grc' dir='ltr'>μετὰ</span> <span class='ocrx_word' id='word_1_241' title='bbox 470 3872 579 3925; x_wconf 90' lang='grc' dir='ltr'><strong>τῶν</strong></span> <span class='ocrx_word' id='word_1_242' title='bbox 618 3872 933 3943; x_wconf 80' lang='grc' dir='ltr'>Φαρισαίων</span> <span class='ocrx_word' id='word_1_243' title='bbox 957 3888 971 3902; x_wconf 75' lang='grc'><strong><em>⁸</em></strong></span> <span class='ocrx_word' id='word_1_244' title='bbox 1027 3872 1193 3942; x_wconf 86' lang='grc' dir='ltr'>νόμον</span> <span class='ocrx_word' id='word_1_245' title='bbox 1246 3874 1720 3941; x_wconf 79' lang='grc' dir='ltr'>ἀναγινώσκεσθαι</span> 
     </span>
    </p>
   </div>
   <div class='ocr_carea' id='block_1_37' title="bbox 126 3964 1717 4036">
    <p class='ocr_par' dir='ltr' id='par_1_37' title="bbox 126 3964 1717 4036">
     <span class='ocr_line' id='line_1_37' title="bbox 126 3964 1717 4036; baseline 0.002 -19"><span class='ocrx_word' id='word_1_246' title='bbox 126 3964 444 4033; x_wconf 70' lang='grc' dir='ltr'>ἐπιτρέπει,</span> <span class='ocrx_word' id='word_1_247' title='bbox 480 3964 575 4017; x_wconf 67' lang='grc' dir='ltr'><strong>κα)⁵</strong></span> <span class='ocrx_word' id='word_1_248' title='bbox 602 3965 891 4034; x_wconf 66' lang='grc' dir='ltr'>προφήτας</span> <span class='ocrx_word' id='word_1_249' title='bbox 922 3964 1330 4034; x_wconf 77' lang='grc' dir='ltr'>ἑρμηνεύεσθαι</span> <span class='ocrx_word' id='word_1_250' title='bbox 1368 3966 1717 4036; x_wconf 79' lang='grc' dir='ltr'>προστάττει.</span> 
     </span>
    </p>
   </div>
   <div class='ocr_carea' id='block_1_38' title="bbox 130 4056 1720 4127">
    <p class='ocr_par' dir='ltr' id='par_1_38' title="bbox 130 4056 1720 4127">
     <span class='ocr_line' id='line_1_38' title="bbox 130 4056 1720 4127; baseline 0.001 -18"><span class='ocrx_word' id='word_1_251' title='bbox 130 4060 388 4126; x_wconf 82' lang='grc' dir='ltr'>Ἀφρων,</span> <span class='ocrx_word' id='word_1_252' title='bbox 417 4056 509 4108; x_wconf 70' lang='grc' dir='ltr'>καὶ</span> <span class='ocrx_word' id='word_1_253' title='bbox 542 4056 844 4124; x_wconf 75' lang='grc' dir='ltr'>κακοῦργε,</span> <span class='ocrx_word' id='word_1_254' title='bbox 870 4056 967 4109; x_wconf 73' lang='grc' dir='ltr'>καὶ</span> <span class='ocrx_word' id='word_1_255' title='bbox 1004 4057 1320 4127; x_wconf 79' lang='grc' dir='ltr'>ρᾳδιουργὲ,</span> <span class='ocrx_word' id='word_1_256' title='bbox 1353 4058 1399 4109; x_wconf 91' lang='grc' dir='ltr'>εἱ</span> <span class='ocrx_word' id='word_1_257' title='bbox 1424 4058 1591 4125; x_wconf 86' lang='grc' dir='ltr'>νόμος</span> <span class='ocrx_word' id='word_1_258' title='bbox 1625 4062 1720 4111; x_wconf 69' lang='grc' dir='ltr'>καὶ</span> 
     </span>
    </p>
   </div>
   <div class='ocr_carea' id='block_1_39' title="bbox 127 4146 1726 4219">
    <p class='ocr_par' dir='ltr' id='par_1_39' title="bbox 127 4146 1726 4219">
     <span class='ocr_line' id='line_1_39' title="bbox 127 4146 1726 4219; baseline 0.001 -18"><span class='ocrx_word' id='word_1_259' title='bbox 127 4152 414 4219; x_wconf 76' lang='grc' dir='ltr'>προφῆται</span> <span class='ocrx_word' id='word_1_260' title='bbox 447 4147 547 4213; x_wconf 14' lang='grc' dir='ltr'>,τὸν</span> <span class='ocrx_word' id='word_1_261' title='bbox 590 4148 921 4218; x_wconf 80' lang='grc' dir='ltr'>γεννηθέντα</span> <span class='ocrx_word' id='word_1_262' title='bbox 961 4146 1199 4202; x_wconf 81' lang='grc' dir='ltr'>Βασιλέα</span> <span class='ocrx_word' id='word_1_263' title='bbox 1229 4150 1435 4202; x_wconf 81' lang='grc' dir='ltr'>ἄνωθεν</span> <span class='ocrx_word' id='word_1_264' title='bbox 1461 4149 1726 4219; x_wconf 66' lang='grc' dir='ltr'>ἔρχεσθαι</span> 
     </span>
    </p>
   </div>
   <div class='ocr_carea' id='block_1_40' title="bbox 128 4240 1715 4316">
    <p class='ocr_par' dir='ltr' id='par_1_40' title="bbox 128 4240 1715 4316">
     <span class='ocr_line' id='line_1_40' title="bbox 128 4240 1715 4316; baseline 0.001 -21"><span class='ocrx_word' id='word_1_265' title='bbox 128 4242 543 4315; x_wconf 81' lang='grc' dir='ltr'>προεκήρυξαν,</span> <span class='ocrx_word' id='word_1_266' title='bbox 586 4243 650 4294; x_wconf 82' lang='grc' dir='ltr'>σὺ</span> <span class='ocrx_word' id='word_1_267' title='bbox 692 4242 745 4294; x_wconf 88' lang='grc' dir='ltr'><strong>τί</strong></span> <span class='ocrx_word' id='word_1_268' title='bbox 778 4240 956 4311; x_wconf 82' lang='grc' dir='ltr'>μάτην</span> <span class='ocrx_word' id='word_1_269' title='bbox 986 4242 1271 4313; x_wconf 72' lang='grc' dir='ltr'>ταράττῃς</span> <span class='ocrx_word' id='word_1_270' title='bbox 1306 4243 1567 4316; x_wconf 80' lang='grc' dir='ltr'>Ταράττῃ</span> <span class='ocrx_word' id='word_1_271' title='bbox 1597 4244 1715 4313; x_wconf 83' lang='grc' dir='ltr'>μὲν,</span> 
     </span>
    </p>
   </div>
   <div class='ocr_carea' id='block_1_41' title="bbox 124 4334 1718 4407">
    <p class='ocr_par' dir='ltr' id='par_1_41' title="bbox 124 4334 1718 4407">
     <span class='ocr_line' id='line_1_41' title="bbox 124 4334 1718 4407; baseline -0.003 -18"><span class='ocrx_word' id='word_1_272' title='bbox 124 4338 234 4389; x_wconf 74' lang='grc' dir='ltr'>οὐκ</span> <span class='ocrx_word' id='word_1_273' title='bbox 266 4334 471 4405; x_wconf 85' lang='grc' dir='ltr'>ίσχύεις</span> <span class='ocrx_word' id='word_1_274' title='bbox 498 4335 575 4389; x_wconf 84' lang='grc' dir='ltr'>δέ.</span> <span class='ocrx_word' id='word_1_275' title='bbox 610 4334 887 4406; x_wconf 81' lang='grc' dir='ltr'>Ταράττῃ,</span> <span class='ocrx_word' id='word_1_276' title='bbox 911 4334 1026 4388; x_wconf 81' lang='grc' dir='ltr'>ἀλλ’</span> <span class='ocrx_word' id='word_1_277' title='bbox 1060 4338 1142 4398; x_wconf 88' lang='grc' dir='ltr'><strong>εἰς</strong></span> <span class='ocrx_word' id='word_1_278' title='bbox 1194 4335 1390 4387; x_wconf 72' lang='grc' dir='ltr'>ἑαυτὸν</span> <span class='ocrx_word' id='word_1_279' title='bbox 1422 4334 1718 4407; x_wconf 77' lang='grc' dir='ltr'>συντριὸή-</span> 
     </span>
    </p>
   </div>
   <div class='ocr_carea' id='block_1_42' title="bbox 128 4426 1788 4502">
    <p class='ocr_par' dir='ltr' id='par_1_42' title="bbox 128 4426 1788 4502">
     <span class='ocr_line' id='line_1_42' title="bbox 128 4426 1788 4502; baseline -0.002 -20"><span class='ocrx_word' id='word_1_280' title='bbox 128 4445 270 4491; x_wconf 78' lang='grc' dir='ltr'>σεις.</span> <span class='ocrx_word' id='word_1_281' title='bbox 310 4429 427 4481; x_wconf 86' lang='grc' dir='ltr'>Οὐκ</span> <span class='ocrx_word' id='word_1_282' title='bbox 460 4428 701 4499; x_wconf 73' lang='grc' dir='ltr'>ἡκουσας</span> <span class='ocrx_word' id='word_1_283' title='bbox 733 4429 792 4479; x_wconf 84' lang='grc' dir='ltr'>ὲν</span> <span class='ocrx_word' id='word_1_284' title='bbox 836 4430 902 4497; x_wconf 76' lang='grc' dir='ltr'>τῇ</span> <span class='ocrx_word' id='word_1_285' title='bbox 946 4427 1113 4496; x_wconf 76' lang='grc' dir='ltr'>βίϐλῳ</span> <span class='ocrx_word' id='word_1_286' title='bbox 1159 4426 1269 4479; x_wconf 85' lang='grc' dir='ltr'><strong>τῶν</strong></span> <span class='ocrx_word' id='word_1_287' title='bbox 1318 4426 1589 4496; x_wconf 78' lang='grc' dir='ltr'>Ψαλμῶν,</span> <span class='ocrx_word' id='word_1_288' title='bbox 1636 4428 1718 4479; x_wconf 85' lang='grc' dir='ltr'>ὅτι</span> <span class='ocrx_word' id='word_1_289' title='bbox 1746 4446 1788 4502; x_wconf 77' lang='lat' dir='ltr'>C</span> 
     </span>
    </p>
   </div>
   <div class='ocr_carea' id='block_1_43' title="bbox 128 4517 1717 4591">
    <p class='ocr_par' dir='ltr' id='par_1_43' title="bbox 128 4517 1717 4591">
     <span class='ocr_line' id='line_1_43' title="bbox 128 4517 1717 4591; baseline -0.003 -17"><span class='ocrx_word' id='word_1_290' title='bbox 128 4523 317 4590; x_wconf 85' lang='grc' dir='ltr'>μάτην</span> <span class='ocrx_word' id='word_1_291' title='bbox 372 4521 712 4591; x_wconf 84' lang='grc' dir='ltr'>ταράσσεται</span> <span class='ocrx_word' id='word_1_292' title='bbox 781 4521 888 4580; x_wconf 75' lang='grc' dir='ltr'>πᾶς</span> <span class='ocrx_word' id='word_1_293' title='bbox 938 4518 1227 4589; x_wconf 74' lang='grc' dir='ltr'>ἄνθρωπος</span> <span class='ocrx_word' id='word_1_294' title='bbox 1289 4517 1440 4581; x_wconf 58' lang='lat' dir='ltr'><strong>(div;</strong></span> <span class='ocrx_word' id='word_1_295' title='bbox 1496 4519 1606 4570; x_wconf 73' lang='lat' dir='ltr'><strong>Kal.</strong></span> <span class='ocrx_word' id='word_1_296' title='bbox 1664 4518 1717 4571; x_wconf 91' lang='grc' dir='ltr'><strong>τί</strong></span> 
     </span>
    </p>
   </div>
   <div class='ocr_carea' id='block_1_44' title="bbox 118 4608 1716 4682">
    <p class='ocr_par' dir='ltr' id='par_1_44' title="bbox 118 4608 1716 4682">
     <span class='ocr_line' id='line_1_44' title="bbox 118 4608 1716 4682; baseline -0.003 -16"><span class='ocrx_word' id='word_1_297' title='bbox 118 4612 325 4666; x_wconf 58' lang='grc' dir='ltr'>τούτου</span> <span class='ocrx_word' id='word_1_298' title='bbox 358 4611 717 4682; x_wconf 83' lang='grc' dir='ltr'>ματαιότερον</span> <span class='ocrx_word' id='word_1_299' title='bbox 754 4611 837 4664; x_wconf 79' lang='grc' dir='ltr'>ὅτι</span> <span class='ocrx_word' id='word_1_300' title='bbox 874 4610 1090 4671; x_wconf 87' lang='grc' dir='ltr'>διώκεις</span> <span class='ocrx_word' id='word_1_301' title='bbox 1146 4609 1238 4661; x_wconf 75' lang='grc' dir='ltr'><strong>τὸν</strong></span> <span class='ocrx_word' id='word_1_302' title='bbox 1284 4608 1670 4678; x_wconf 80' lang='grc' dir='ltr'>ἀκατάληπτον</span> <span class='ocrx_word' id='word_1_303' title='bbox 1702 4628 1716 4674; x_wconf 84' lang='grc'>;</span> 
     </span>
    </p>
   </div>
   <div class='ocr_carea' id='block_1_45' title="bbox 127 4700 1717 4775">
    <p class='ocr_par' dir='ltr' id='par_1_45' title="bbox 127 4700 1717 4775">
     <span class='ocr_line' id='line_1_45' title="bbox 127 4700 1717 4775; baseline -0.004 -17"><span class='ocrx_word' id='word_1_304' title='bbox 127 4707 341 4775; x_wconf 75' lang='grc' dir='ltr'>Ἀνομε</span> <span class='ocrx_word' id='word_1_305' title='bbox 388 4705 485 4757; x_wconf 73' lang='grc' dir='ltr'>καὶ</span> <span class='ocrx_word' id='word_1_306' title='bbox 509 4704 840 4773; x_wconf 84' lang='grc' dir='ltr'>παράφρων,</span> <span class='ocrx_word' id='word_1_307' title='bbox 864 4702 914 4753; x_wconf 89' lang='grc' dir='ltr'><strong>εί</strong></span> <span class='ocrx_word' id='word_1_308' title='bbox 944 4701 1039 4755; x_wconf 78' lang='grc' dir='ltr'>καὶ</span> <span class='ocrx_word' id='word_1_309' title='bbox 1062 4700 1187 4763; x_wconf 78' lang='grc' dir='ltr'>τοὺς</span> <span class='ocrx_word' id='word_1_310' title='bbox 1216 4700 1415 4763; x_wconf 82' lang='grc' dir='ltr'>παῖδας</span> <span class='ocrx_word' id='word_1_311' title='bbox 1443 4700 1717 4769; x_wconf 70' lang='grc' dir='ltr'>ἐκκόψεις,</span> 
     </span>
    </p>
   </div>
   <div class='ocr_carea' id='block_1_46' title="bbox 122 4794 1723 4866">
    <p class='ocr_par' dir='ltr' id='par_1_46' title="bbox 122 4794 1723 4866">
     <span class='ocr_line' id='line_1_46' title="bbox 122 4794 1723 4866; baseline -0.005 -14"><span class='ocrx_word' id='word_1_312' title='bbox 122 4800 226 4852; x_wconf 86' lang='grc' dir='ltr'>τὸν</span> <span class='ocrx_word' id='word_1_313' title='bbox 258 4795 497 4850; x_wconf 78' lang='grc' dir='ltr'>Βασιλέα</span> <span class='ocrx_word' id='word_1_314' title='bbox 523 4796 584 4849; x_wconf 83' lang='grc' dir='ltr'>οὐ</span> <span class='ocrx_word' id='word_1_315' title='bbox 611 4794 923 4866; x_wconf 62' lang='grc' dir='ltr'>καταλήψῃ.</span> <span class='ocrx_word' id='word_1_316' title='bbox 962 4794 1022 4846; x_wconf 86' lang='grc' dir='ltr'>Εί</span> <span class='ocrx_word' id='word_1_317' title='bbox 1050 4795 1079 4845; x_wconf 91' lang='grc' dir='ltr'><strong>ό</strong></span> <span class='ocrx_word' id='word_1_318' title='bbox 1104 4794 1269 4863; x_wconf 89' lang='grc' dir='ltr'>νόμος</span> <span class='ocrx_word' id='word_1_319' title='bbox 1300 4795 1394 4846; x_wconf 72' lang='grc' dir='ltr'>καὶ</span> <span class='ocrx_word' id='word_1_320' title='bbox 1420 4794 1472 4845; x_wconf 88' lang='grc' dir='ltr'>οἱ</span> <span class='ocrx_word' id='word_1_321' title='bbox 1508 4794 1723 4865; x_wconf 81' lang='grc' dir='ltr'>προφῆ-</span> 
     </span>
    </p>
   </div>
   <div class='ocr_carea' id='block_1_47' title="bbox 119 4884 1719 4959">
    <p class='ocr_par' dir='ltr' id='par_1_47' title="bbox 119 4884 1719 4959">
     <span class='ocr_line' id='line_1_47' title="bbox 119 4884 1719 4959; baseline -0.004 -15"><span class='ocrx_word' id='word_1_322' title='bbox 119 4908 221 4944; x_wconf 87' lang='grc' dir='ltr'><strong>ται</strong></span> <span class='ocrx_word' id='word_1_323' title='bbox 256 4892 315 4943; x_wconf 83' lang='grc' dir='ltr'>ἐν</span> <span class='ocrx_word' id='word_1_324' title='bbox 345 4888 596 4959; x_wconf 84' lang='grc' dir='ltr'>Βηθλεὲμ</span> <span class='ocrx_word' id='word_1_325' title='bbox 619 4886 852 4941; x_wconf 82' lang='grc' dir='ltr'>Βασιλέα</span> <span class='ocrx_word' id='word_1_326' title='bbox 884 4884 1155 4939; x_wconf 86' lang='grc' dir='ltr'>ἀθάνατον</span> <span class='ocrx_word' id='word_1_327' title='bbox 1176 4886 1473 4952; x_wconf 83' lang='grc' dir='ltr'>γεννᾶσθαι</span> <span class='ocrx_word' id='word_1_328' title='bbox 1504 4903 1719 4955; x_wconf 83' lang='grc' dir='ltr'><strong>χρημα⁹</strong></span> 
     </span>
    </p>
   </div>
   <div class='ocr_carea' id='block_1_48' title="bbox 119 4976 1719 5048">
    <p class='ocr_par' dir='ltr' id='par_1_48' title="bbox 119 4976 1719 5048">
     <span class='ocr_line' id='line_1_48' title="bbox 119 4976 1719 5048; baseline -0.004 -12"><span class='ocrx_word' id='word_1_329' title='bbox 119 4983 395 5048; x_wconf 74' lang='grc' dir='ltr'>στίζουσιν,</span> <span class='ocrx_word' id='word_1_330' title='bbox 457 4981 523 5035; x_wconf 81' lang='grc' dir='ltr'>σὺ</span> <span class='ocrx_word' id='word_1_331' title='bbox 578 4982 706 5043; x_wconf 72' lang='grc' dir='ltr'>τοὺς</span> <span class='ocrx_word' id='word_1_332' title='bbox 760 4976 1090 5039; x_wconf 86' lang='grc' dir='ltr'>ἀνευθύνους</span> <span class='ocrx_word' id='word_1_333' title='bbox 1146 4978 1345 5039; x_wconf 85' lang='grc' dir='ltr'>παῖδας</span> <span class='ocrx_word' id='word_1_334' title='bbox 1381 4980 1435 5031; x_wconf 91' lang='grc' dir='ltr'><strong>τί</strong></span> <span class='ocrx_word' id='word_1_335' title='bbox 1471 4978 1719 5042; x_wconf 85' lang='grc' dir='ltr'>ἁνελεῖς;</span> 
     </span>
    </p>
   </div>
   <div class='ocr_carea' id='block_1_49' title="bbox 119 5068 1719 5145">
    <p class='ocr_par' dir='ltr' id='par_1_49' title="bbox 119 5068 1719 5145">
     <span class='ocr_line' id='line_1_49' title="bbox 119 5068 1719 5145; baseline -0.003 -17"><span class='ocrx_word' id='word_1_336' title='bbox 119 5076 243 5129; x_wconf 82' lang='lat' dir='ltr'><strong>Kal.</strong></span> <span class='ocrx_word' id='word_1_337' title='bbox 264 5074 299 5145; x_wconf 74' lang='grc' dir='ltr'><strong>ἡ</strong></span> <span class='ocrx_word' id='word_1_338' title='bbox 324 5072 424 5143; x_wconf 80' lang='grc' dir='ltr'>μὲν</span> <span class='ocrx_word' id='word_1_339' title='bbox 448 5071 517 5142; x_wconf 83' lang='grc' dir='ltr'>σὴ</span> <span class='ocrx_word' id='word_1_340' title='bbox 540 5070 754 5125; x_wconf 78' lang='grc' dir='ltr'>διάνοια</span> <span class='ocrx_word' id='word_1_341' title='bbox 782 5069 1207 5139; x_wconf 83' lang='grc' dir='ltr'>προγέγραπται</span> <span class='ocrx_word' id='word_1_342' title='bbox 1223 5069 1310 5121; x_wconf 86' lang='grc' dir='ltr'>διὰ</span> <span class='ocrx_word' id='word_1_343' title='bbox 1324 5068 1419 5121; x_wconf 79' lang='grc' dir='ltr'>τοῦ</span> <span class='ocrx_word' id='word_1_344' title='bbox 1438 5071 1719 5139; x_wconf 73' lang='grc' dir='ltr'>προφήτου</span> 
     </span>
    </p>
   </div>
   <div class='ocr_carea' id='block_1_50' title="bbox 133 5158 1717 5237">
    <p class='ocr_par' dir='ltr' id='par_1_50' title="bbox 133 5158 1717 5237">
     <span class='ocr_line' id='line_1_50' title="bbox 133 5158 1717 5237; baseline -0.003 -17"><span class='ocrx_word' id='word_1_345' title='bbox 133 5166 414 5237; x_wconf 84' lang='grc' dir='ltr'>Ἰερεμίου</span> <span class='ocrx_word' id='word_1_346' title='bbox 467 5164 753 5231; x_wconf 81' lang='grc' dir='ltr'>λέγοντος·</span> <span class='ocrx_word' id='word_1_347' title='bbox 814 5161 985 5228; x_wconf 80' lang='grc' dir='ltr'><strong>Φωνή</strong></span> <span class='ocrx_word' id='word_1_348' title='bbox 1042 5162 1114 5215; x_wconf 86' lang='grc' dir='ltr'><strong>ἐν</strong></span> <span class='ocrx_word' id='word_1_349' title='bbox 1181 5158 1368 5229; x_wconf 79' lang='grc' dir='ltr'>Ῥαμᾷ</span> <span class='ocrx_word' id='word_1_350' title='bbox 1420 5160 1717 5228; x_wconf 78' lang='grc' dir='ltr'>ἠκούσθη,</span> 
     </span>
    </p>
   </div>
   <div class='ocr_carea' id='block_1_51' title="bbox 115 5252 1714 5329">
    <p class='ocr_par' dir='ltr' id='par_1_51' title="bbox 115 5252 1714 5329">
     <span class='ocr_line' id='line_1_51' title="bbox 115 5252 1714 5329; baseline -0.004 -16"><span class='ocrx_word' id='word_1_351' title='bbox 115 5257 374 5329; x_wconf 82' lang='grc' dir='ltr'>θρῆνος,</span> <span class='ocrx_word' id='word_1_352' title='bbox 394 5257 491 5314; x_wconf 83' lang='grc' dir='ltr'><strong>καί</strong></span> <span class='ocrx_word' id='word_1_353' title='bbox 513 5256 841 5325; x_wconf 81' lang='grc' dir='ltr'>κλαυθμὸς,</span> <span class='ocrx_word' id='word_1_354' title='bbox 860 5255 957 5308; x_wconf 79' lang='grc' dir='ltr'><strong>καί</strong></span> <span class='ocrx_word' id='word_1_355' title='bbox 975 5254 1233 5321; x_wconf 76' lang='grc' dir='ltr'>ὀδυρμὸς</span> <span class='ocrx_word' id='word_1_356' title='bbox 1256 5253 1465 5313; x_wconf 65' lang='grc' dir='ltr'>πολύς</span> <span class='ocrx_word' id='word_1_357' title='bbox 1486 5252 1587 5306; x_wconf 84' lang='lat' dir='ltr'><strong>&#39;Pa</strong></span> <span class='ocrx_word' id='word_1_358' title='bbox 1592 5272 1627 5320; x_wconf 87' lang='grc' dir='ltr'><strong>χ</strong></span> <span class='ocrx_word' id='word_1_359' title='bbox 1637 5254 1714 5320; x_wconf 70' lang='grc' dir='ltr'><strong>ἡλ</strong></span> 
     </span>
    </p>
   </div>
   <div class='ocr_carea' id='block_1_52' title="bbox 114 5344 1710 5414">
    <p class='ocr_par' dir='ltr' id='par_1_52' title="bbox 114 5344 1710 5414">
     <span class='ocr_line' id='line_1_52' title="bbox 114 5344 1710 5414; baseline -0.005 -7"><span class='ocrx_word' id='word_1_360' title='bbox 114 5353 434 5408; x_wconf 73' lang='grc' dir='ltr'>κλαίουσα</span> <span class='ocrx_word' id='word_1_361' title='bbox 470 5350 543 5404; x_wconf 84' lang='grc' dir='ltr'>τὰ</span> <span class='ocrx_word' id='word_1_362' title='bbox 571 5350 753 5403; x_wconf 81' lang='grc' dir='ltr'>τέκνα</span> <span class='ocrx_word' id='word_1_363' title='bbox 784 5345 997 5414; x_wconf 83' lang='grc' dir='ltr'>αὐτῆς,</span> <span class='ocrx_word' id='word_1_364' title='bbox 1031 5345 1128 5399; x_wconf 82' lang='grc' dir='ltr'><strong>καί</strong></span> <span class='ocrx_word' id='word_1_365' title='bbox 1167 5348 1279 5399; x_wconf 83' lang='grc' dir='ltr'>οὐκ</span> <span class='ocrx_word' id='word_1_366' title='bbox 1327 5344 1546 5413; x_wconf 81' lang='grc' dir='ltr'>ἢθελεν</span> <span class='ocrx_word' id='word_1_367' title='bbox 1598 5361 1710 5400; x_wconf 80' lang='grc' dir='ltr'>πα-</span> 
     </span>
    </p>
   </div>
   <div class='ocr_carea' id='block_1_53' title="bbox 103 5436 1717 5517">
    <p class='ocr_par' dir='ltr' id='par_1_53' title="bbox 103 5436 1717 5517">
     <span class='ocr_line' id='line_1_53' title="bbox 103 5436 1717 5517; baseline -0.004 -17"><span class='ocrx_word' id='word_1_368' title='bbox 103 5444 528 5517; x_wconf 74' lang='grc' dir='ltr'>ρακληθῆναι,</span> <span class='ocrx_word' id='word_1_369' title='bbox 573 5442 663 5495; x_wconf 84' lang='grc' dir='ltr'>ὅτι</span> <span class='ocrx_word' id='word_1_370' title='bbox 719 5443 831 5496; x_wconf 80' lang='grc' dir='ltr'>οὐκ</span> <span class='ocrx_word' id='word_1_371' title='bbox 880 5440 1061 5494; x_wconf 75' lang='grc' dir='ltr'>εἰσίν.</span> <span class='ocrx_word' id='word_1_372' title='bbox 1117 5438 1211 5509; x_wconf 82' lang='grc' dir='ltr'><strong>Μὴ</strong></span> <span class='ocrx_word' id='word_1_373' title='bbox 1268 5436 1364 5490; x_wconf 80' lang='grc' dir='ltr'><strong>ἐὰν</strong></span> <span class='ocrx_word' id='word_1_374' title='bbox 1420 5440 1717 5514; x_wconf 80' lang='grc' dir='ltr'>ἀποκτείνῃ</span> 
     </span>
    </p>
   </div>
   <div class='ocr_carea' id='block_1_54' title="bbox 111 5528 1720 5602">
    <p class='ocr_par' dir='ltr' id='par_1_54' title="bbox 111 5528 1720 5602">
     <span class='ocr_line' id='line_1_54' title="bbox 111 5528 1720 5602; baseline -0.006 -13"><span class='ocrx_word' id='word_1_375' title='bbox 111 5537 258 5599; x_wconf 81' lang='grc' dir='ltr'>τοὺς</span> <span class='ocrx_word' id='word_1_376' title='bbox 288 5533 534 5597; x_wconf 81' lang='grc' dir='ltr'>παῖδαςό</span> <span class='ocrx_word' id='word_1_377' title='bbox 568 5532 835 5595; x_wconf 77' lang='grc' dir='ltr'>Βασιλεὺς</span> <span class='ocrx_word' id='word_1_378' title='bbox 883 5528 1250 5602; x_wconf 88' lang='grc' dir='ltr'>στρατόπεδον</span> <span class='ocrx_word' id='word_1_379' title='bbox 1298 5528 1396 5598; x_wconf 79' lang='grc' dir='ltr'>οὐχ</span> <span class='ocrx_word' id='word_1_380' title='bbox 1444 5528 1594 5595; x_wconf 73' lang='grc' dir='ltr'>ἔξεις</span> <span class='ocrx_word' id='word_1_381' title='bbox 1650 5534 1720 5586; x_wconf 85' lang='grc' dir='ltr'><strong>Ἦ</strong></span> 
     </span>
    </p>
   </div>
   <div class='ocr_carea' id='block_1_55' title="bbox 111 5621 1711 5699">
    <p class='ocr_par' dir='ltr' id='par_1_55' title="bbox 111 5621 1711 5699">
     <span class='ocr_line' id='line_1_55' title="bbox 111 5621 1711 5699; baseline -0.005 -14"><span class='ocrx_word' id='word_1_382' title='bbox 111 5635 185 5685; x_wconf 75' lang='grc' dir='ltr'>ὲν</span> <span class='ocrx_word' id='word_1_383' title='bbox 216 5630 283 5699; x_wconf 84' lang='grc' dir='ltr'><strong>τῇ</strong></span> <span class='ocrx_word' id='word_1_384' title='bbox 324 5625 629 5698; x_wconf 83' lang='grc' dir='ltr'>παρανόμῳ</span> <span class='ocrx_word' id='word_1_385' title='bbox 672 5642 767 5678; x_wconf 87' lang='grc' dir='ltr'><strong>σου</strong></span> <span class='ocrx_word' id='word_1_386' title='bbox 810 5622 1011 5693; x_wconf 69' lang='grc' dir='ltr'><strong>καρδίᾳ⁵</strong></span> <span class='ocrx_word' id='word_1_387' title='bbox 1064 5621 1322 5690; x_wconf 78' lang='grc' dir='ltr'>λογίζεις,</span> <span class='ocrx_word' id='word_1_388' title='bbox 1369 5622 1450 5674; x_wconf 83' lang='grc' dir='ltr'>ὅτι</span> <span class='ocrx_word' id='word_1_389' title='bbox 1494 5623 1711 5688; x_wconf 89' lang='grc' dir='ltr'>πάντως</span> 
     </span>
    </p>
   </div>
   <div class='ocr_carea' id='block_1_56' title="bbox 1829 1934 3413 2004">
    <p class='ocr_par' dir='ltr' id='par_1_56' title="bbox 1829 1934 3413 2004">
     <span class='ocr_line' id='line_1_56' title="bbox 1829 1934 3413 2004; baseline 0.006 -15"><span class='ocrx_word' id='word_1_390' title='bbox 1829 1934 1961 1989; x_wconf 89' lang='lat' dir='ltr'><strong>rode</strong></span> <span class='ocrx_word' id='word_1_391' title='bbox 1988 1934 2153 2001; x_wconf 87' lang='lat' dir='ltr'><strong>impie</strong></span> <span class='ocrx_word' id='word_1_392' title='bbox 2171 1934 2276 1987; x_wconf 93' lang='lat' dir='ltr'><strong>lata</strong></span> <span class='ocrx_word' id='word_1_393' title='bbox 2298 1935 2475 1989; x_wconf 88' lang='lat' dir='ltr'><strong>vivida</strong></span> <span class='ocrx_word' id='word_1_394' title='bbox 2493 1938 2835 2004; x_wconf 83' lang='lat' dir='ltr'><strong>expositione</strong></span> <span class='ocrx_word' id='word_1_395' title='bbox 2854 1949 3067 1994; x_wconf 89' lang='lat' dir='ltr'><strong>notare.</strong></span> <span class='ocrx_word' id='word_1_396' title='bbox 3090 1939 3314 1997; x_wconf 81' lang='lat' dir='ltr'><strong>Timore</strong></span> <span class='ocrx_word' id='word_1_397' title='bbox 3338 1952 3413 1997; x_wconf 88' lang='lat' dir='ltr'><strong>et-</strong></span> 
     </span>
    </p>
   </div>
   <div class='ocr_carea' id='block_1_57' title="bbox 1828 2023 3409 2095">
    <p class='ocr_par' dir='ltr' id='par_1_57' title="bbox 1828 2023 3409 2095">
     <span class='ocr_line' id='line_1_57' title="bbox 1828 2023 3409 2095; baseline 0.004 -16"><span class='ocrx_word' id='word_1_398' title='bbox 1828 2025 1971 2079; x_wconf 89' lang='lat' dir='ltr'><strong>enim</strong></span> <span class='ocrx_word' id='word_1_399' title='bbox 1990 2034 2044 2078; x_wconf 88' lang='lat' dir='ltr'><strong>et</strong></span> <span class='ocrx_word' id='word_1_400' title='bbox 2062 2023 2317 2093; x_wconf 86' lang='lat' dir='ltr'><strong>lacrymis</strong></span> <span class='ocrx_word' id='word_1_401' title='bbox 2337 2023 2495 2092; x_wconf 88' lang='lat' dir='ltr'><strong>plena</strong></span> <span class='ocrx_word' id='word_1_402' title='bbox 2518 2035 2600 2079; x_wconf 89' lang='lat' dir='ltr'><strong>est</strong></span> <span class='ocrx_word' id='word_1_403' title='bbox 2623 2026 2750 2080; x_wconf 89' lang='lat' dir='ltr'><strong>talis</strong></span> <span class='ocrx_word' id='word_1_404' title='bbox 2767 2026 3067 2095; x_wconf 78' lang='lat' dir='ltr'><strong>indagatio,</strong></span> <span class='ocrx_word' id='word_1_405' title='bbox 3084 2028 3282 2085; x_wconf 87' lang='lat' dir='ltr'><strong>timore</strong></span> <span class='ocrx_word' id='word_1_406' title='bbox 3301 2046 3409 2085; x_wconf 91' lang='lat' dir='ltr'><strong>non</strong></span> 
     </span>
    </p>
   </div>
   <div class='ocr_carea' id='block_1_58' title="bbox 1825 2113 3410 2182">
    <p class='ocr_par' dir='ltr' id='par_1_58' title="bbox 1825 2113 3410 2182">
     <span class='ocr_line' id='line_1_58' title="bbox 1825 2113 3410 2182; baseline 0.009 -18"><span class='ocrx_word' id='word_1_407' title='bbox 1825 2122 2037 2176; x_wconf 88' lang='lat' dir='ltr'><strong>nostro,</strong></span> <span class='ocrx_word' id='word_1_408' title='bbox 2076 2113 2173 2166; x_wconf 90' lang='lat' dir='ltr'><strong>sed</strong></span> <span class='ocrx_word' id='word_1_409' title='bbox 2228 2113 2449 2167; x_wconf 91' lang='lat' dir='ltr'><strong>illorum</strong></span> <span class='ocrx_word' id='word_1_410' title='bbox 2494 2114 2781 2168; x_wconf 85' lang='lat' dir='ltr'><strong>beatorum</strong></span> <span class='ocrx_word' id='word_1_411' title='bbox 2814 2116 3133 2182; x_wconf 90' lang='lat' dir='ltr'><strong>infantium,</strong></span> <span class='ocrx_word' id='word_1_412' title='bbox 3173 2128 3410 2177; x_wconf 82' lang='lat' dir='ltr'><strong>matrum</strong></span> 
     </span>
    </p>
   </div>
   <div class='ocr_carea' id='block_1_59' title="bbox 1822 2204 3411 2278">
    <p class='ocr_par' dir='ltr' id='par_1_59' title="bbox 1822 2204 3411 2278">
     <span class='ocr_line' id='line_1_59' title="bbox 1822 2204 3411 2278; baseline 0.005 -21"><span class='ocrx_word' id='word_1_413' title='bbox 1822 2220 2056 2272; x_wconf 85' lang='lat' dir='ltr'><strong>quarum</strong></span> <span class='ocrx_word' id='word_1_414' title='bbox 2086 2204 2410 2260; x_wconf 82' lang='lat' dir='ltr'><strong>innocentes</strong></span> <span class='ocrx_word' id='word_1_415' title='bbox 2451 2215 2649 2274; x_wconf 86' lang='lat' dir='ltr'><strong>pueros</strong></span> <span class='ocrx_word' id='word_1_416' title='bbox 2677 2207 2891 2276; x_wconf 78' lang='lat' dir='ltr'><strong>gladius</strong></span> <span class='ocrx_word' id='word_1_417' title='bbox 2928 2209 3133 2278; x_wconf 90' lang='lat' dir='ltr'><strong>injuste</strong></span> <span class='ocrx_word' id='word_1_418' title='bbox 3160 2213 3411 2275; x_wconf 87' lang='lat' dir='ltr'><strong>messuit,</strong></span> 
     </span>
    </p>
   </div>
   <div class='ocr_carea' id='block_1_60' title="bbox 1822 2295 3409 2366">
    <p class='ocr_par' dir='ltr' id='par_1_60' title="bbox 1822 2295 3409 2366">
     <span class='ocr_line' id='line_1_60' title="bbox 1822 2295 3409 2366; baseline 0.004 -17"><span class='ocrx_word' id='word_1_419' title='bbox 1822 2310 1949 2349; x_wconf 87' lang='lat' dir='ltr'><strong>cum</strong></span> <span class='ocrx_word' id='word_1_420' title='bbox 1981 2304 2169 2348; x_wconf 91' lang='lat' dir='ltr'><strong>natum</strong></span> <span class='ocrx_word' id='word_1_421' title='bbox 2200 2311 2381 2365; x_wconf 82' lang='lat' dir='ltr'><strong>regem</strong></span> <span class='ocrx_word' id='word_1_422' title='bbox 2412 2309 2687 2366; x_wconf 65' lang='lat' dir='ltr'><strong>quaereret</strong></span> <span class='ocrx_word' id='word_1_423' title='bbox 2738 2295 3007 2355; x_wconf 80' lang='lat' dir='ltr'><strong>Herodes.</strong></span> <span class='ocrx_word' id='word_1_424' title='bbox 3051 2299 3166 2355; x_wconf 90' lang='lat' dir='ltr'><strong>lloe</strong></span> <span class='ocrx_word' id='word_1_425' title='bbox 3206 2303 3409 2357; x_wconf 89' lang='lat' dir='ltr'><strong>etenim</strong></span> 
     </span>
    </p>
   </div>
   <div class='ocr_carea' id='block_1_61' title="bbox 1822 2388 3413 2461">
    <p class='ocr_par' dir='ltr' id='par_1_61' title="bbox 1822 2388 3413 2461">
     <span class='ocr_line' id='line_1_61' title="bbox 1822 2388 3413 2461; baseline 0.006 -22"><span class='ocrx_word' id='word_1_426' title='bbox 1822 2388 2068 2439; x_wconf 88' lang='lat' dir='ltr'><strong>animum</strong></span> <span class='ocrx_word' id='word_1_427' title='bbox 2123 2402 2303 2441; x_wconf 88' lang='lat' dir='ltr'><strong>meum</strong></span> <span class='ocrx_word' id='word_1_428' title='bbox 2350 2391 2705 2457; x_wconf 82' lang='lat' dir='ltr'><strong>provocavit,</strong></span> <span class='ocrx_word' id='word_1_429' title='bbox 2741 2398 2796 2444; x_wconf 90' lang='lat' dir='ltr'><strong>et</strong></span> <span class='ocrx_word' id='word_1_430' title='bbox 2838 2392 2999 2461; x_wconf 89' lang='lat' dir='ltr'><strong>quasi</strong></span> <span class='ocrx_word' id='word_1_431' title='bbox 3040 2394 3219 2448; x_wconf 90' lang='lat' dir='ltr'><strong>oculis</strong></span> <span class='ocrx_word' id='word_1_432' title='bbox 3273 2395 3413 2450; x_wconf 86' lang='lat' dir='ltr'><strong>meis</strong></span> 
     </span>
    </p>
   </div>
   <div class='ocr_carea' id='block_1_62' title="bbox 1822 2478 3412 2555">
    <p class='ocr_par' dir='ltr' id='par_1_62' title="bbox 1822 2478 3412 2555">
     <span class='ocr_line' id='line_1_62' title="bbox 1822 2478 3412 2555; baseline 0.006 -24"><span class='ocrx_word' id='word_1_433' title='bbox 1822 2479 1981 2532; x_wconf 84' lang='lat' dir='ltr'><strong>video</strong></span> <span class='ocrx_word' id='word_1_434' title='bbox 2022 2480 2251 2548; x_wconf 90' lang='lat' dir='ltr'><strong>impium</strong></span> <span class='ocrx_word' id='word_1_435' title='bbox 2300 2478 2571 2535; x_wconf 84' lang='lat' dir='ltr'><strong>Herodem</strong></span> <span class='ocrx_word' id='word_1_436' title='bbox 2613 2482 2978 2538; x_wconf 85' lang='lat' dir='ltr'><strong>insanientem</strong></span> <span class='ocrx_word' id='word_1_437' title='bbox 3030 2486 3300 2555; x_wconf 89' lang='lat' dir='ltr'><strong>vultuque</strong></span> <span class='ocrx_word' id='word_1_438' title='bbox 3332 2496 3412 2541; x_wconf 89' lang='lat' dir='ltr'><strong>te-</strong></span> 
     </span>
    </p>
   </div>
   <div class='ocr_carea' id='block_1_63' title="bbox 1822 2568 3411 2643">
    <p class='ocr_par' dir='ltr' id='par_1_63' title="bbox 1822 2568 3411 2643">
     <span class='ocr_line' id='line_1_63' title="bbox 1822 2568 3411 2643; baseline 0.005 -23"><span class='ocrx_word' id='word_1_439' title='bbox 1822 2569 1981 2632; x_wconf 88' lang='lat' dir='ltr'><strong>trico,</strong></span> <span class='ocrx_word' id='word_1_440' title='bbox 2025 2568 2217 2637; x_wconf 89' lang='lat' dir='ltr'><strong>iniquo</strong></span> <span class='ocrx_word' id='word_1_441' title='bbox 2274 2568 2475 2621; x_wconf 87' lang='lat' dir='ltr'><strong>throno</strong></span> <span class='ocrx_word' id='word_1_442' title='bbox 2520 2569 2876 2633; x_wconf 87' lang='lat' dir='ltr'><strong>insidentem,</strong></span> <span class='ocrx_word' id='word_1_443' title='bbox 2906 2580 2962 2626; x_wconf 89' lang='lat' dir='ltr'><strong>et</strong></span> <span class='ocrx_word' id='word_1_444' title='bbox 2993 2572 3181 2626; x_wconf 91' lang='lat' dir='ltr'><strong>multis</strong></span> <span class='ocrx_word' id='word_1_445' title='bbox 3209 2572 3411 2643; x_wconf 75' lang='lat' dir='ltr'><strong>gladiis</strong></span> 
     </span>
    </p>
   </div>
   <div class='ocr_carea' id='block_1_64' title="bbox 1820 2659 3412 2731">
    <p class='ocr_par' dir='ltr' id='par_1_64' title="bbox 1820 2659 3412 2731">
     <span class='ocr_line' id='line_1_64' title="bbox 1820 2659 3412 2731; baseline 0.004 -17"><span class='ocrx_word' id='word_1_446' title='bbox 1820 2662 1987 2714; x_wconf 90' lang='lat' dir='ltr'><strong>corde</strong></span> <span class='ocrx_word' id='word_1_447' title='bbox 2005 2662 2309 2729; x_wconf 80' lang='lat' dir='ltr'><strong>exagitata,</strong></span> <span class='ocrx_word' id='word_1_448' title='bbox 2342 2659 2811 2731; x_wconf 80' lang='lat' dir='ltr'><strong>festinantemque</strong></span> <span class='ocrx_word' id='word_1_449' title='bbox 2828 2671 3022 2717; x_wconf 88' lang='lat' dir='ltr'><strong>contra</strong></span> <span class='ocrx_word' id='word_1_450' title='bbox 3053 2666 3412 2721; x_wconf 85' lang='lat' dir='ltr'><strong>insurrectio-</strong></span> 
     </span>
    </p>
   </div>
   <div class='ocr_carea' id='block_1_65' title="bbox 1820 2751 3415 2827">
    <p class='ocr_par' dir='ltr' id='par_1_65' title="bbox 1820 2751 3415 2827">
     <span class='ocr_line' id='line_1_65' title="bbox 1820 2751 3415 2827; baseline 0.004 -22"><span class='ocrx_word' id='word_1_451' title='bbox 1820 2768 1947 2805; x_wconf 86' lang='lat' dir='ltr'><strong>nent</strong></span> <span class='ocrx_word' id='word_1_452' title='bbox 2015 2752 2181 2821; x_wconf 85' lang='lat' dir='ltr'><strong>Regis</strong></span> <span class='ocrx_word' id='word_1_453' title='bbox 2238 2767 2427 2820; x_wconf 72' lang='lat' dir='ltr'><strong>regunt</strong></span> <span class='ocrx_word' id='word_1_454' title='bbox 2476 2760 2530 2806; x_wconf 90' lang='lat' dir='ltr'><strong>et</strong></span> <span class='ocrx_word' id='word_1_455' title='bbox 2579 2751 2793 2806; x_wconf 84' lang='lat' dir='ltr'><strong>Domini</strong></span> <span class='ocrx_word' id='word_1_456' title='bbox 2850 2755 3281 2819; x_wconf 90' lang='lat' dir='ltr'><strong>dominantium,</strong></span> <span class='ocrx_word' id='word_1_457' title='bbox 3318 2772 3415 2827; x_wconf 87' lang='lat' dir='ltr'><strong>per</strong></span> 
     </span>
    </p>
   </div>
   <div class='ocr_carea' id='block_1_66' title="bbox 1818 2844 3409 2915">
    <p class='ocr_par' dir='ltr' id='par_1_66' title="bbox 1818 2844 3409 2915">
     <span class='ocr_line' id='line_1_66' title="bbox 1818 2844 3409 2915; baseline 0.004 -20"><span class='ocrx_word' id='word_1_458' title='bbox 1818 2858 1981 2911; x_wconf 89' lang='lat' dir='ltr'><strong>quem</strong></span> <span class='ocrx_word' id='word_1_459' title='bbox 2012 2858 2169 2911; x_wconf 86' lang='lat' dir='ltr'><strong>reges</strong></span> <span class='ocrx_word' id='word_1_460' title='bbox 2203 2854 2432 2913; x_wconf 90' lang='lat' dir='ltr'><strong>regnant</strong></span> <span class='ocrx_word' id='word_1_461' title='bbox 2458 2854 2511 2897; x_wconf 90' lang='lat' dir='ltr'><strong>et</strong></span> <span class='ocrx_word' id='word_1_462' title='bbox 2534 2844 2814 2915; x_wconf 84' lang='lat' dir='ltr'><strong>principes</strong></span> <span class='ocrx_word' id='word_1_463' title='bbox 2841 2854 3005 2900; x_wconf 70' lang='lat' dir='ltr'><strong>terra:</strong></span> <span class='ocrx_word' id='word_1_464' title='bbox 3028 2846 3409 2902; x_wconf 89' lang='lat' dir='ltr'><strong>dominantur.</strong></span> 
     </span>
    </p>
   </div>
   <div class='ocr_carea' id='block_1_67' title="bbox 1819 2931 3415 2997">
    <p class='ocr_par' dir='ltr' id='par_1_67' title="bbox 1819 2931 3415 2997">
     <span class='ocr_line' id='line_1_67' title="bbox 1819 2931 3415 2997; baseline 0.005 -13"><span class='ocrx_word' id='word_1_465' title='bbox 1819 2931 1937 2985; x_wconf 84' lang='lat' dir='ltr'><strong>Non</strong></span> <span class='ocrx_word' id='word_1_466' title='bbox 1983 2931 2259 2987; x_wconf 86' lang='lat' dir='ltr'><strong>Bethleem</strong></span> <span class='ocrx_word' id='word_1_467' title='bbox 2294 2933 2480 2997; x_wconf 90' lang='lat' dir='ltr'><strong>modo,</strong></span> <span class='ocrx_word' id='word_1_468' title='bbox 2513 2935 2607 2988; x_wconf 91' lang='lat' dir='ltr'><strong>sed</strong></span> <span class='ocrx_word' id='word_1_469' title='bbox 2643 2934 3017 2991; x_wconf 82' lang='lat' dir='ltr'><strong>ethrusaletn</strong></span> <span class='ocrx_word' id='word_1_470' title='bbox 3051 2938 3415 2994; x_wconf 86' lang='lat' dir='ltr'><strong>turbaverunt</strong></span> 
     </span>
    </p>
   </div>
   <div class='ocr_carea' id='block_1_68' title="bbox 1819 3025 3413 3097">
    <p class='ocr_par' dir='ltr' id='par_1_68' title="bbox 1819 3025 3413 3097">
     <span class='ocr_line' id='line_1_68' title="bbox 1819 3025 3413 3097; baseline 0.004 -18"><span class='ocrx_word' id='word_1_471' title='bbox 1819 3026 2115 3097; x_wconf 91' lang='lat' dir='ltr'><strong>impiorum</strong></span> <span class='ocrx_word' id='word_1_472' title='bbox 2180 3028 2461 3082; x_wconf 90' lang='lat' dir='ltr'><strong>calumnia</strong></span> <span class='ocrx_word' id='word_1_473' title='bbox 2516 3025 2871 3092; x_wconf 73' lang='lat' dir='ltr'><strong>Judzeorum,</strong></span> <span class='ocrx_word' id='word_1_474' title='bbox 2927 3042 2982 3084; x_wconf 82' lang='lat' dir='ltr'><strong>et</strong></span> <span class='ocrx_word' id='word_1_475' title='bbox 3040 3031 3413 3087; x_wconf 81' lang='lat' dir='ltr'><strong>inimicissimi</strong></span> 
     </span>
    </p>
   </div>
   <div class='ocr_carea' id='block_1_69' title="bbox 1821 3118 3416 3191">
    <p class='ocr_par' dir='ltr' id='par_1_69' title="bbox 1821 3118 3416 3191">
     <span class='ocr_line' id='line_1_69' title="bbox 1821 3118 3416 3191; baseline 0.004 -21"><span class='ocrx_word' id='word_1_476' title='bbox 1821 3120 2375 3188; x_wconf 70' lang='lat' dir='ltr'><strong>pi‘azvaricatorisque</strong></span> <span class='ocrx_word' id='word_1_477' title='bbox 2404 3118 2639 3173; x_wconf 90' lang='lat' dir='ltr'><strong>llerodis</strong></span> <span class='ocrx_word' id='word_1_478' title='bbox 2679 3120 2852 3173; x_wconf 90' lang='lat' dir='ltr'><strong>furor.</strong></span> <span class='ocrx_word' id='word_1_479' title='bbox 2887 3121 3187 3189; x_wconf 87' lang='lat' dir='ltr'><strong>Postquam</strong></span> <span class='ocrx_word' id='word_1_480' title='bbox 3245 3124 3416 3191; x_wconf 84' lang='lat' dir='ltr'><strong>igitur</strong></span> 
     </span>
    </p>
   </div>
   <div class='ocr_carea' id='block_1_70' title="bbox 1819 3210 3415 3285">
    <p class='ocr_par' dir='ltr' id='par_1_70' title="bbox 1819 3210 3415 3285">
     <span class='ocr_line' id='line_1_70' title="bbox 1819 3210 3415 3285; baseline 0.004 -21"><span class='ocrx_word' id='word_1_481' title='bbox 1819 3210 2046 3265; x_wconf 90' lang='lat' dir='ltr'><strong>timidus</strong></span> <span class='ocrx_word' id='word_1_482' title='bbox 2100 3212 2189 3265; x_wconf 90' lang='lat' dir='ltr'><strong>ille</strong></span> <span class='ocrx_word' id='word_1_483' title='bbox 2243 3213 2503 3281; x_wconf 89' lang='lat' dir='ltr'><strong>princeps</strong></span> <span class='ocrx_word' id='word_1_484' title='bbox 2547 3226 2576 3263; x_wconf 93' lang='lat' dir='ltr'><strong>a</strong></span> <span class='ocrx_word' id='word_1_485' title='bbox 2615 3212 2961 3281; x_wconf 78' lang='lat' dir='ltr'><strong>sapientibus</strong></span> <span class='ocrx_word' id='word_1_486' title='bbox 3000 3213 3169 3285; x_wconf 79' lang='lat' dir='ltr'><strong>Magis</strong></span> <span class='ocrx_word' id='word_1_487' title='bbox 3216 3216 3415 3271; x_wconf 89' lang='lat' dir='ltr'><strong>illusus</strong></span> 
     </span>
    </p>
   </div>
   <div class='ocr_carea' id='block_1_71' title="bbox 1818 3303 3413 3375">
    <p class='ocr_par' dir='ltr' id='par_1_71' title="bbox 1818 3303 3413 3375">
     <span class='ocr_line' id='line_1_71' title="bbox 1818 3303 3413 3375; baseline 0.002 -16"><span class='ocrx_word' id='word_1_488' title='bbox 1818 3313 1923 3365; x_wconf 84' lang='lat' dir='ltr'><strong>est,</strong></span> <span class='ocrx_word' id='word_1_489' title='bbox 1952 3303 2223 3375; x_wconf 80' lang='lat' dir='ltr'><strong>vertigine</strong></span> <span class='ocrx_word' id='word_1_490' title='bbox 2260 3304 2515 3368; x_wconf 82' lang='lat' dir='ltr'><strong>laborat,</strong></span> <span class='ocrx_word' id='word_1_491' title='bbox 2571 3304 2920 3367; x_wconf 74' lang='lat' dir='ltr'><strong>ilttltllllﬂlltl‘,</strong></span> <span class='ocrx_word' id='word_1_492' title='bbox 2968 3306 3229 3359; x_wconf 84' lang='lat' dir='ltr'><strong>turbatur</strong></span> <span class='ocrx_word' id='word_1_493' title='bbox 3268 3317 3321 3361; x_wconf 90' lang='lat' dir='ltr'><strong>et</strong></span> <span class='ocrx_word' id='word_1_494' title='bbox 3356 3307 3413 3363; x_wconf 90' lang='lat' dir='ltr'><strong>in</strong></span> 
     </span>
    </p>
   </div>
   <div class='ocr_carea' id='block_1_72' title="bbox 1820 3394 3413 3464">
    <p class='ocr_par' dir='ltr' id='par_1_72' title="bbox 1820 3394 3413 3464">
     <span class='ocr_line' id='line_1_72' title="bbox 1820 3394 3413 3464; baseline 0.001 -15"><span class='ocrx_word' id='word_1_495' title='bbox 1820 3396 1989 3449; x_wconf 90' lang='lat' dir='ltr'><strong>corde</strong></span> <span class='ocrx_word' id='word_1_496' title='bbox 2029 3395 2208 3449; x_wconf 90' lang='lat' dir='ltr'><strong>timet.</strong></span> <span class='ocrx_word' id='word_1_497' title='bbox 2252 3394 2500 3449; x_wconf 89' lang='lat' dir='ltr'><strong>Summis</strong></span> <span class='ocrx_word' id='word_1_498' title='bbox 2544 3396 2929 3450; x_wconf 87' lang='lat' dir='ltr'><strong>sacerdotibus</strong></span> <span class='ocrx_word' id='word_1_499' title='bbox 2971 3410 3200 3450; x_wconf 88' lang='lat' dir='ltr'><strong>causam</strong></span> <span class='ocrx_word' id='word_1_500' title='bbox 3251 3396 3413 3464; x_wconf 92' lang='lat' dir='ltr'><strong>dicit,</strong></span> 
     </span>
    </p>
   </div>
   <div class='ocr_carea' id='block_1_73' title="bbox 1821 3484 3417 3557">
    <p class='ocr_par' dir='ltr' id='par_1_73' title="bbox 1821 3484 3417 3557">
     <span class='ocr_line' id='line_1_73' title="bbox 1821 3484 3417 3557; baseline 0.003 -20"><span class='ocrx_word' id='word_1_501' title='bbox 1821 3484 1921 3539; x_wconf 92' lang='lat' dir='ltr'><strong>init</strong></span> <span class='ocrx_word' id='word_1_502' title='bbox 1948 3499 2075 3538; x_wconf 87' lang='lat' dir='ltr'><strong>cum</strong></span> <span class='ocrx_word' id='word_1_503' title='bbox 2108 3484 2409 3539; x_wconf 68' lang='lat' dir='ltr'><strong>Pharisa&#39;is</strong></span> <span class='ocrx_word' id='word_1_504' title='bbox 2442 3484 2803 3552; x_wconf 86' lang='lat' dir='ltr'><strong>societatem;</strong></span> <span class='ocrx_word' id='word_1_505' title='bbox 2840 3486 3014 3555; x_wconf 90' lang='lat' dir='ltr'><strong>legem</strong></span> <span class='ocrx_word' id='word_1_506' title='bbox 3046 3487 3152 3557; x_wconf 89' lang='lat' dir='ltr'><strong>legi</strong></span> <span class='ocrx_word' id='word_1_507' title='bbox 3188 3492 3417 3557; x_wconf 83' lang='lat' dir='ltr'><strong>permit-</strong></span> 
     </span>
    </p>
   </div>
   <div class='ocr_carea' id='block_1_74' title="bbox 1820 3578 3413 3649">
    <p class='ocr_par' dir='ltr' id='par_1_74' title="bbox 1820 3578 3413 3649">
     <span class='ocr_line' id='line_1_74' title="bbox 1820 3578 3413 3649; baseline 0.001 -17"><span class='ocrx_word' id='word_1_508' title='bbox 1820 3580 1906 3641; x_wconf 91' lang='lat' dir='ltr'><strong>tit,</strong></span> <span class='ocrx_word' id='word_1_509' title='bbox 1941 3578 2350 3648; x_wconf 88' lang='lat' dir='ltr'><strong>prophetasque</strong></span> <span class='ocrx_word' id='word_1_510' title='bbox 2380 3578 2733 3647; x_wconf 87' lang='lat' dir='ltr'><strong>interpretari</strong></span> <span class='ocrx_word' id='word_1_511' title='bbox 2760 3578 2936 3647; x_wconf 88' lang='lat' dir='ltr'><strong>jubet.</strong></span> <span class='ocrx_word' id='word_1_512' title='bbox 2975 3579 3269 3649; x_wconf 89' lang='lat' dir='ltr'><strong>lnsipiens,</strong></span> <span class='ocrx_word' id='word_1_513' title='bbox 3307 3584 3413 3634; x_wconf 92' lang='lat' dir='ltr'><strong>im-</strong></span> 
     </span>
    </p>
   </div>
   <div class='ocr_carea' id='block_1_75' title="bbox 1822 3670 3412 3741">
    <p class='ocr_par' dir='ltr' id='par_1_75' title="bbox 1822 3670 3412 3741">
     <span class='ocr_line' id='line_1_75' title="bbox 1822 3670 3412 3741; baseline 0.001 -18"><span class='ocrx_word' id='word_1_514' title='bbox 1822 3672 1992 3741; x_wconf 84' lang='lat' dir='ltr'><strong>probe</strong></span> <span class='ocrx_word' id='word_1_515' title='bbox 2030 3680 2085 3724; x_wconf 89' lang='lat' dir='ltr'><strong>et</strong></span> <span class='ocrx_word' id='word_1_516' title='bbox 2114 3670 2641 3734; x_wconf 73' lang='lat' dir='ltr'><strong>ntalelicentissimc,</strong></span> <span class='ocrx_word' id='word_1_517' title='bbox 2673 3670 2720 3725; x_wconf 92' lang='lat' dir='ltr'><strong>si</strong></span> <span class='ocrx_word' id='word_1_518' title='bbox 2752 3670 2834 3724; x_wconf 76' lang='lat' dir='ltr'><strong>lex</strong></span> <span class='ocrx_word' id='word_1_519' title='bbox 2877 3680 2931 3725; x_wconf 90' lang='lat' dir='ltr'><strong>et</strong></span> <span class='ocrx_word' id='word_1_520' title='bbox 2974 3672 3254 3741; x_wconf 75' lang='lat' dir='ltr'><strong>propheta:</strong></span> <span class='ocrx_word' id='word_1_521' title='bbox 3298 3677 3412 3726; x_wconf 89' lang='lat' dir='ltr'><strong>nati</strong></span> 
     </span>
    </p>
   </div>
   <div class='ocr_carea' id='block_1_76' title="bbox 1822 3762 3416 3833">
    <p class='ocr_par' dir='ltr' id='par_1_76' title="bbox 1822 3762 3416 3833">
     <span class='ocr_line' id='line_1_76' title="bbox 1822 3762 3416 3833; baseline 0.003 -17"><span class='ocrx_word' id='word_1_522' title='bbox 1822 3764 1968 3829; x_wconf 77' lang='lat' dir='ltr'><strong>regis</strong></span> <span class='ocrx_word' id='word_1_523' title='bbox 2000 3764 2297 3817; x_wconf 79' lang='lat' dir='ltr'><strong>adventum</strong></span> <span class='ocrx_word' id='word_1_524' title='bbox 2338 3763 2735 3833; x_wconf 78' lang='lat' dir='ltr'><strong>praedixerunt,</strong></span> <span class='ocrx_word' id='word_1_525' title='bbox 2772 3778 2871 3818; x_wconf 89' lang='lat' dir='ltr'><strong>cur</strong></span> <span class='ocrx_word' id='word_1_526' title='bbox 2902 3762 3110 3819; x_wconf 82' lang='lat' dir='ltr'><strong>frustra</strong></span> <span class='ocrx_word' id='word_1_527' title='bbox 3136 3766 3416 3821; x_wconf 85' lang='lat' dir='ltr'><strong>turbaris?</strong></span> 
     </span>
    </p>
   </div>
   <div class='ocr_carea' id='block_1_77' title="bbox 1823 3855 3412 3927">
    <p class='ocr_par' dir='ltr' id='par_1_77' title="bbox 1823 3855 3412 3927">
     <span class='ocr_line' id='line_1_77' title="bbox 1823 3855 3412 3927; baseline 0.003 -19"><span class='ocrx_word' id='word_1_528' title='bbox 1823 3856 2094 3911; x_wconf 81' lang='lat' dir='ltr'><strong>’l‘urbaris</strong></span> <span class='ocrx_word' id='word_1_529' title='bbox 2123 3857 2370 3927; x_wconf 84' lang='lat' dir='ltr'><strong>quidem,</strong></span> <span class='ocrx_word' id='word_1_530' title='bbox 2406 3856 2500 3910; x_wconf 85' lang='lat' dir='ltr'><strong>sed</strong></span> <span class='ocrx_word' id='word_1_531' title='bbox 2535 3855 2673 3908; x_wconf 91' lang='lat' dir='ltr'><strong>nihil</strong></span> <span class='ocrx_word' id='word_1_532' title='bbox 2706 3856 2877 3910; x_wconf 85' lang='lat' dir='ltr'><strong>vales.</strong></span> <span class='ocrx_word' id='word_1_533' title='bbox 2909 3855 3203 3919; x_wconf 83' lang='lat' dir='ltr'><strong>Turbaris,</strong></span> <span class='ocrx_word' id='word_1_534' title='bbox 3236 3859 3328 3913; x_wconf 80' lang='lat' dir='ltr'><strong>sed</strong></span> <span class='ocrx_word' id='word_1_535' title='bbox 3358 3860 3412 3913; x_wconf 92' lang='lat' dir='ltr'><strong>in</strong></span> 
     </span>
    </p>
   </div>
   <div class='ocr_carea' id='block_1_78' title="bbox 1824 3945 3415 4017">
    <p class='ocr_par' dir='ltr' id='par_1_78' title="bbox 1824 3945 3415 4017">
     <span class='ocr_line' id='line_1_78' title="bbox 1824 3945 3415 4017; baseline 0.002 -16"><span class='ocrx_word' id='word_1_536' title='bbox 1824 3950 2057 4017; x_wconf 85' lang='lat' dir='ltr'><strong>teipsum</strong></span> <span class='ocrx_word' id='word_1_537' title='bbox 2113 3948 2445 4002; x_wconf 87' lang='lat' dir='ltr'><strong>contcrcris.</strong></span> <span class='ocrx_word' id='word_1_538' title='bbox 2488 3945 2685 4001; x_wconf 87' lang='lat' dir='ltr'><strong>Nonne</strong></span> <span class='ocrx_word' id='word_1_539' title='bbox 2732 3947 2940 4002; x_wconf 91' lang='lat' dir='ltr'><strong>audisti</strong></span> <span class='ocrx_word' id='word_1_540' title='bbox 2985 3948 3037 4001; x_wconf 92' lang='lat' dir='ltr'><strong>in</strong></span> <span class='ocrx_word' id='word_1_541' title='bbox 3081 3949 3226 4003; x_wconf 90' lang='lat' dir='ltr'><strong>libro</strong></span> <span class='ocrx_word' id='word_1_542' title='bbox 3267 3948 3415 4005; x_wconf 86' lang='lat' dir='ltr'><strong>Psal-</strong></span> 
     </span>
    </p>
   </div>
   <div class='ocr_carea' id='block_1_79' title="bbox 1822 4038 3415 4108">
    <p class='ocr_par' dir='ltr' id='par_1_79' title="bbox 1822 4038 3415 4108">
     <span class='ocr_line' id='line_1_79' title="bbox 1822 4038 3415 4108; baseline 0.002 -16"><span class='ocrx_word' id='word_1_543' title='bbox 1822 4056 2038 4093; x_wconf 90' lang='lat' dir='ltr'><strong>mornm</strong></span> <span class='ocrx_word' id='word_1_544' title='bbox 2079 4039 2224 4108; x_wconf 88' lang='lat' dir='ltr'><strong>quod</strong></span> <span class='ocrx_word' id='word_1_545' title='bbox 2274 4038 2329 4092; x_wconf 92' lang='lat' dir='ltr'><strong>in</strong></span> <span class='ocrx_word' id='word_1_546' title='bbox 2366 4054 2569 4091; x_wconf 89' lang='lat' dir='ltr'><strong>vanum</strong></span> <span class='ocrx_word' id='word_1_547' title='bbox 2618 4039 2987 4092; x_wconf 86' lang='lat' dir='ltr'><strong>conturbatur</strong></span> <span class='ocrx_word' id='word_1_548' title='bbox 3033 4040 3215 4094; x_wconf 81' lang='lat' dir='ltr'><strong>omnis</strong></span> <span class='ocrx_word' id='word_1_549' title='bbox 3248 4041 3415 4095; x_wconf 91' lang='lat' dir='ltr'><strong>homo</strong></span> 
     </span>
    </p>
   </div>
   <div class='ocr_carea' id='block_1_80' title="bbox 1824 4132 3409 4202">
    <p class='ocr_par' dir='ltr' id='par_1_80' title="bbox 1824 4132 3409 4202">
     <span class='ocr_line' id='line_1_80' title="bbox 1824 4132 3409 4202; baseline 0.001 -16"><span class='ocrx_word' id='word_1_550' title='bbox 1824 4134 2051 4187; x_wconf 85' lang='lat' dir='ltr'><strong>vivens?</strong></span> <span class='ocrx_word' id='word_1_551' title='bbox 2084 4132 2148 4184; x_wconf 80' lang='lat' dir='ltr'><strong>Et</strong></span> <span class='ocrx_word' id='word_1_552' title='bbox 2177 4132 2311 4200; x_wconf 91' lang='lat' dir='ltr'><strong>quid</strong></span> <span class='ocrx_word' id='word_1_553' title='bbox 2348 4132 2525 4201; x_wconf 81' lang='lat' dir='ltr'><strong>magis</strong></span> <span class='ocrx_word' id='word_1_554' title='bbox 2548 4146 2750 4185; x_wconf 89' lang='lat' dir='ltr'><strong>vanum</strong></span> <span class='ocrx_word' id='word_1_555' title='bbox 2783 4148 2947 4202; x_wconf 82' lang='lat' dir='ltr'><strong>qualn</strong></span> <span class='ocrx_word' id='word_1_556' title='bbox 2988 4133 3245 4202; x_wconf 85' lang='lat' dir='ltr'><strong>persequi</strong></span> <span class='ocrx_word' id='word_1_557' title='bbox 3284 4149 3409 4188; x_wconf 90' lang='lat' dir='ltr'><strong>eum</strong></span> 
     </span>
    </p>
   </div>
   <div class='ocr_carea' id='block_1_81' title="bbox 1820 4222 3410 4294">
    <p class='ocr_par' dir='ltr' id='par_1_81' title="bbox 1820 4222 3410 4294">
     <span class='ocr_line' id='line_1_81' title="bbox 1820 4222 3410 4294; baseline 0.002 -17"><span class='ocrx_word' id='word_1_558' title='bbox 1820 4226 1914 4294; x_wconf 88' lang='lat' dir='ltr'><strong>qui</strong></span> <span class='ocrx_word' id='word_1_559' title='bbox 1976 4224 2375 4293; x_wconf 88' lang='lat' dir='ltr'><strong>comprehendi</strong></span> <span class='ocrx_word' id='word_1_560' title='bbox 2448 4223 2665 4291; x_wconf 89' lang='lat' dir='ltr'><strong>nequit.</strong></span> <span class='ocrx_word' id='word_1_561' title='bbox 2738 4222 2929 4293; x_wconf 91' lang='lat' dir='ltr'><strong>lnique</strong></span> <span class='ocrx_word' id='word_1_562' title='bbox 2988 4232 3038 4278; x_wconf 88' lang='lat' dir='ltr'><strong>et</strong></span> <span class='ocrx_word' id='word_1_563' title='bbox 3103 4225 3410 4293; x_wconf 86' lang='lat' dir='ltr'><strong>insipiens,</strong></span> 
     </span>
    </p>
   </div>
   <div class='ocr_carea' id='block_1_82' title="bbox 1819 4314 3411 4387">
    <p class='ocr_par' dir='ltr' id='par_1_82' title="bbox 1819 4314 3411 4387">
     <span class='ocr_line' id='line_1_82' title="bbox 1819 4314 3411 4387; baseline 0 -15"><span class='ocrx_word' id='word_1_564' title='bbox 1819 4317 2034 4372; x_wconf 85' lang='lat' dir='ltr'><strong>etiamsi</strong></span> <span class='ocrx_word' id='word_1_565' title='bbox 2079 4315 2322 4370; x_wconf 89' lang='lat' dir='ltr'><strong>infantes</strong></span> <span class='ocrx_word' id='word_1_566' title='bbox 2362 4314 2656 4379; x_wconf 82' lang='lat' dir='ltr'><strong>occideris,</strong></span> <span class='ocrx_word' id='word_1_567' title='bbox 2692 4330 2871 4385; x_wconf 81' lang='lat' dir='ltr'><strong>regem</strong></span> <span class='ocrx_word' id='word_1_568' title='bbox 2902 4330 3011 4369; x_wconf 92' lang='lat' dir='ltr'><strong>non</strong></span> <span class='ocrx_word' id='word_1_569' title='bbox 3043 4317 3411 4387; x_wconf 89' lang='lat' dir='ltr'><strong>comprehen-</strong></span> 
     </span>
    </p>
   </div>
   <div class='ocr_carea' id='block_1_83' title="bbox 1820 4407 3410 4477">
    <p class='ocr_par' dir='ltr' id='par_1_83' title="bbox 1820 4407 3410 4477">
     <span class='ocr_line' id='line_1_83' title="bbox 1820 4407 3410 4477; baseline -0.001 -13"><span class='ocrx_word' id='word_1_570' title='bbox 1820 4410 1939 4464; x_wconf 88' lang='lat' dir='ltr'><strong>des.</strong></span> <span class='ocrx_word' id='word_1_571' title='bbox 1993 4407 2050 4461; x_wconf 89' lang='lat' dir='ltr'><strong>Si</strong></span> <span class='ocrx_word' id='word_1_572' title='bbox 2104 4409 2188 4461; x_wconf 79' lang='lat' dir='ltr'><strong>lex</strong></span> <span class='ocrx_word' id='word_1_573' title='bbox 2244 4415 2299 4461; x_wconf 88' lang='lat' dir='ltr'><strong>et</strong></span> <span class='ocrx_word' id='word_1_574' title='bbox 2356 4408 2631 4477; x_wconf 69' lang='lat' dir='ltr'><strong>prophetae</strong></span> <span class='ocrx_word' id='word_1_575' title='bbox 2681 4422 2863 4476; x_wconf 88' lang='lat' dir='ltr'><strong>regem</strong></span> <span class='ocrx_word' id='word_1_576' title='bbox 2927 4407 3293 4463; x_wconf 89' lang='lat' dir='ltr'><strong>immortalem</strong></span> <span class='ocrx_word' id='word_1_577' title='bbox 3354 4409 3410 4463; x_wconf 92' lang='lat' dir='ltr'><strong>in</strong></span> 
     </span>
    </p>
   </div>
   <div class='ocr_carea' id='block_1_84' title="bbox 1824 4500 3409 4570">
    <p class='ocr_par' dir='ltr' id='par_1_84' title="bbox 1824 4500 3409 4570">
     <span class='ocr_line' id='line_1_84' title="bbox 1824 4500 3409 4570; baseline 0.003 -16"><span class='ocrx_word' id='word_1_578' title='bbox 1824 4502 2103 4556; x_wconf 87' lang='lat' dir='ltr'><strong>Bethleem</strong></span> <span class='ocrx_word' id='word_1_579' title='bbox 2136 4502 2479 4554; x_wconf 87' lang='lat' dir='ltr'><strong>nasciturum</strong></span> <span class='ocrx_word' id='word_1_580' title='bbox 2515 4500 2837 4569; x_wconf 71' lang='lat' dir='ltr'><strong>praedicant,</strong></span> <span class='ocrx_word' id='word_1_581' title='bbox 2872 4508 2929 4554; x_wconf 92' lang='lat' dir='ltr'><strong>tu</strong></span> <span class='ocrx_word' id='word_1_582' title='bbox 2962 4516 3134 4570; x_wconf 89' lang='lat' dir='ltr'><strong>quare</strong></span> <span class='ocrx_word' id='word_1_583' title='bbox 3158 4502 3409 4558; x_wconf 86' lang='lat' dir='ltr'><strong>insontes</strong></span> 
     </span>
    </p>
   </div>
   <div class='ocr_carea' id='block_1_85' title="bbox 1819 4592 3411 4663">
    <p class='ocr_par' dir='ltr' id='par_1_85' title="bbox 1819 4592 3411 4663">
     <span class='ocr_line' id='line_1_85' title="bbox 1819 4592 3411 4663; baseline 0.001 -17"><span class='ocrx_word' id='word_1_584' title='bbox 1819 4592 2374 4663; x_wconf 71' lang='lat' dir='ltr'><strong>puerOS‘interimis?</strong></span> <span class='ocrx_word' id='word_1_585' title='bbox 2402 4592 2767 4645; x_wconf 80' lang='lat' dir='ltr'><strong>lntentionem</strong></span> <span class='ocrx_word' id='word_1_586' title='bbox 2803 4601 2949 4645; x_wconf 89' lang='lat' dir='ltr'><strong>tuam</strong></span> <span class='ocrx_word' id='word_1_587' title='bbox 2972 4593 3084 4660; x_wconf 89' lang='lat' dir='ltr'><strong>jam</strong></span> <span class='ocrx_word' id='word_1_588' title='bbox 3118 4600 3246 4648; x_wconf 88' lang='lat' dir='ltr'><strong>ante</strong></span> <span class='ocrx_word' id='word_1_589' title='bbox 3272 4594 3411 4649; x_wconf 82' lang='lat' dir='ltr'><strong>seti-</strong></span> 
     </span>
    </p>
   </div>
   <div class='ocr_carea' id='block_1_86' title="bbox 1820 4684 3407 4757">
    <p class='ocr_par' dir='ltr' id='par_1_86' title="bbox 1820 4684 3407 4757">
     <span class='ocr_line' id='line_1_86' title="bbox 1820 4684 3407 4757; baseline 0.001 -17"><span class='ocrx_word' id='word_1_590' title='bbox 1820 4689 1928 4757; x_wconf 89' lang='lat' dir='ltr'><strong>psit</strong></span> <span class='ocrx_word' id='word_1_591' title='bbox 1952 4684 2218 4739; x_wconf 85' lang='lat' dir='ltr'><strong>Jeremias</strong></span> <span class='ocrx_word' id='word_1_592' title='bbox 2245 4688 2509 4753; x_wconf 85' lang='lat' dir='ltr'><strong>prepheta</strong></span> <span class='ocrx_word' id='word_1_593' title='bbox 2535 4684 2729 4738; x_wconf 84' lang='lat' dir='ltr'><strong>dicens</strong></span> <span class='ocrx_word' id='word_1_594' title='bbox 2755 4702 2765 4737; x_wconf 92' lang='lat'>:</span> <span class='ocrx_word' id='word_1_595' title='bbox 2800 4684 2910 4737; x_wconf 76' lang='lat' dir='ltr'><strong>Vox</strong></span> <span class='ocrx_word' id='word_1_596' title='bbox 2936 4687 2990 4737; x_wconf 80' lang='lat' dir='ltr'><strong>in</strong></span> <span class='ocrx_word' id='word_1_597' title='bbox 3016 4684 3186 4739; x_wconf 82' lang='lat' dir='ltr'><strong>Rama</strong></span> <span class='ocrx_word' id='word_1_598' title='bbox 3217 4687 3407 4741; x_wconf 69' lang='lat' dir='ltr'><strong>audita</strong></span> 
     </span>
    </p>
   </div>
   <div class='ocr_carea' id='block_1_87' title="bbox 1819 4776 3408 4845">
    <p class='ocr_par' dir='ltr' id='par_1_87' title="bbox 1819 4776 3408 4845">
     <span class='ocr_line' id='line_1_87' title="bbox 1819 4776 3408 4845; baseline -0.001 -12"><span class='ocrx_word' id='word_1_599' title='bbox 1819 4787 1919 4841; x_wconf 76' lang='lat' dir='ltr'><strong>est,</strong></span> <span class='ocrx_word' id='word_1_600' title='bbox 1966 4778 2210 4844; x_wconf 82' lang='lat' dir='ltr'><strong>ploratus</strong></span> <span class='ocrx_word' id='word_1_601' title='bbox 2267 4786 2317 4829; x_wconf 87' lang='lat' dir='ltr'><strong>et</strong></span> <span class='ocrx_word' id='word_1_602' title='bbox 2366 4777 2605 4830; x_wconf 72' lang='lat' dir='ltr'><strong>ululatus</strong></span> <span class='ocrx_word' id='word_1_603' title='bbox 2650 4777 2889 4840; x_wconf 76' lang='lat' dir='ltr'><strong>multus;</strong></span> <span class='ocrx_word' id='word_1_604' title='bbox 2949 4776 3145 4831; x_wconf 79' lang='lat' dir='ltr'><strong>Rachel</strong></span> <span class='ocrx_word' id='word_1_605' title='bbox 3186 4780 3408 4845; x_wconf 72' lang='lat' dir='ltr'><strong>plorans</strong></span> 
     </span>
    </p>
   </div>
   <div class='ocr_carea' id='block_1_88' title="bbox 1825 4868 3405 4939">
    <p class='ocr_par' dir='ltr' id='par_1_88' title="bbox 1825 4868 3405 4939">
     <span class='ocr_line' id='line_1_88' title="bbox 1825 4868 3405 4939; baseline -0.002 -17"><span class='ocrx_word' id='word_1_606' title='bbox 1825 4872 1966 4939; x_wconf 78' lang='lat' dir='ltr'><strong>ﬁlios</strong></span> <span class='ocrx_word' id='word_1_607' title='bbox 1991 4886 2136 4933; x_wconf 74' lang='lat' dir='ltr'><strong>suos,</strong></span> <span class='ocrx_word' id='word_1_608' title='bbox 2169 4881 2217 4923; x_wconf 82' lang='lat' dir='ltr'><strong>et</strong></span> <span class='ocrx_word' id='word_1_609' title='bbox 2261 4870 2430 4922; x_wconf 83' lang='lat' dir='ltr'><strong>noluit</strong></span> <span class='ocrx_word' id='word_1_610' title='bbox 2463 4868 2733 4921; x_wconf 80' lang='lat' dir='ltr'><strong>consolari</strong></span> <span class='ocrx_word' id='word_1_611' title='bbox 2766 4870 2891 4937; x_wconf 83' lang='lat' dir='ltr'><strong>quia</strong></span> <span class='ocrx_word' id='word_1_612' title='bbox 2922 4886 3025 4921; x_wconf 82' lang='lat' dir='ltr'><strong>non</strong></span> <span class='ocrx_word' id='word_1_613' title='bbox 3058 4880 3181 4922; x_wconf 82' lang='lat' dir='ltr'><strong>sunt</strong></span> <span class='ocrx_word' id='word_1_614' title='bbox 3205 4868 3405 4922; x_wconf 81' lang='lat' dir='ltr'><strong>‘.Num</strong></span> 
     </span>
    </p>
   </div>
   <div class='ocr_carea' id='block_1_89' title="bbox 1820 4960 3409 5031">
    <p class='ocr_par' dir='ltr' id='par_1_89' title="bbox 1820 4960 3409 5031">
     <span class='ocr_line' id='line_1_89' title="bbox 1820 4960 3409 5031; baseline -0.001 -16"><span class='ocrx_word' id='word_1_615' title='bbox 1820 4964 1863 5015; x_wconf 90' lang='lat' dir='ltr'><strong>si</strong></span> <span class='ocrx_word' id='word_1_616' title='bbox 1896 4978 2095 5031; x_wconf 90' lang='lat' dir='ltr'><strong>pueros</strong></span> <span class='ocrx_word' id='word_1_617' title='bbox 2128 4960 2475 5013; x_wconf 84' lang='lat' dir='ltr'><strong>interfeceris</strong></span> <span class='ocrx_word' id='word_1_618' title='bbox 2516 4960 2828 5013; x_wconf 67' lang='lat' dir='ltr'><strong>exercitum</strong></span> <span class='ocrx_word' id='word_1_619' title='bbox 2863 4976 2971 5013; x_wconf 82' lang='lat' dir='ltr'><strong>non</strong></span> <span class='ocrx_word' id='word_1_620' title='bbox 3009 4960 3232 5013; x_wconf 89' lang='lat' dir='ltr'><strong>habebit</strong></span> <span class='ocrx_word' id='word_1_621' title='bbox 3270 4962 3409 5014; x_wconf 76' lang='lat' dir='ltr'><strong>rex?</strong></span> 
     </span>
    </p>
   </div>
   <div class='ocr_carea' id='block_1_90' title="bbox 1825 5052 3403 5122">
    <p class='ocr_par' dir='ltr' id='par_1_90' title="bbox 1825 5052 3403 5122">
     <span class='ocr_line' id='line_1_90' title="bbox 1825 5052 3403 5122; baseline -0.001 -14"><span class='ocrx_word' id='word_1_622' title='bbox 1825 5054 1916 5108; x_wconf 67' lang='lat' dir='ltr'><strong>Vel</strong></span> <span class='ocrx_word' id='word_1_623' title='bbox 1952 5055 2005 5106; x_wconf 91' lang='lat' dir='ltr'><strong>in</strong></span> <span class='ocrx_word' id='word_1_624' title='bbox 2037 5052 2205 5122; x_wconf 87' lang='lat' dir='ltr'><strong>impio</strong></span> <span class='ocrx_word' id='word_1_625' title='bbox 2228 5052 2390 5105; x_wconf 80' lang='lat' dir='ltr'><strong>corde</strong></span> <span class='ocrx_word' id='word_1_626' title='bbox 2421 5059 2514 5104; x_wconf 87' lang='lat' dir='ltr'><strong>tuo</strong></span> <span class='ocrx_word' id='word_1_627' title='bbox 2539 5053 2794 5120; x_wconf 80' lang='lat' dir='ltr'><strong>cogitasti</strong></span> <span class='ocrx_word' id='word_1_628' title='bbox 2830 5052 2978 5121; x_wconf 89' lang='lat' dir='ltr'><strong>quod</strong></span> <span class='ocrx_word' id='word_1_629' title='bbox 3014 5052 3082 5105; x_wconf 92' lang='lat' dir='ltr'><strong>ad</strong></span> <span class='ocrx_word' id='word_1_630' title='bbox 3124 5067 3403 5106; x_wconf 88' lang='lat' dir='ltr'><strong>sumntum</strong></span> 
     </span>
    </p>
   </div>
   <div class='ocr_carea' id='block_1_91' title="bbox 1819 5141 3404 5213">
    <p class='ocr_par' dir='ltr' id='par_1_91' title="bbox 1819 5141 3404 5213">
     <span class='ocr_line' id='line_1_91' title="bbox 1819 5141 3404 5213; baseline 0.001 -16"><span class='ocrx_word' id='word_1_631' title='bbox 1819 5162 1966 5199; x_wconf 90' lang='lat' dir='ltr'><strong>unus</strong></span> <span class='ocrx_word' id='word_1_632' title='bbox 2020 5159 2086 5197; x_wconf 80' lang='lat' dir='ltr'><strong>ex</strong></span> <span class='ocrx_word' id='word_1_633' title='bbox 2124 5142 2312 5213; x_wconf 89' lang='lat' dir='ltr'><strong>pueris</strong></span> <span class='ocrx_word' id='word_1_634' title='bbox 2352 5141 2657 5196; x_wconf 88' lang='lat' dir='ltr'><strong>interfectis</strong></span> <span class='ocrx_word' id='word_1_635' title='bbox 2694 5142 2799 5197; x_wconf 89' lang='lat' dir='ltr'><strong>erit</strong></span> <span class='ocrx_word' id='word_1_636' title='bbox 2846 5142 2982 5197; x_wconf 76' lang='lat' dir='ltr'><strong>rex?</strong></span> <span class='ocrx_word' id='word_1_637' title='bbox 3014 5142 3123 5197; x_wconf 85' lang='lat' dir='ltr'><strong>Nec</strong></span> <span class='ocrx_word' id='word_1_638' title='bbox 3158 5142 3203 5198; x_wconf 88' lang='lat' dir='ltr'><strong>si</strong></span> <span class='ocrx_word' id='word_1_639' title='bbox 3252 5143 3404 5199; x_wconf 87' lang='lat' dir='ltr'><strong>orbis</strong></span> 
     </span>
    </p>
   </div>
   <div class='ocr_carea' id='block_1_92' title="bbox 1820 5235 3403 5305">
    <p class='ocr_par' dir='ltr' id='par_1_92' title="bbox 1820 5235 3403 5305">
     <span class='ocr_line' id='line_1_92' title="bbox 1820 5235 3403 5305; baseline 0.001 -15"><span class='ocrx_word' id='word_1_640' title='bbox 1820 5237 2064 5291; x_wconf 88' lang='lat' dir='ltr'><strong>universi</strong></span> <span class='ocrx_word' id='word_1_641' title='bbox 2118 5250 2319 5304; x_wconf 90' lang='lat' dir='ltr'><strong>pueros</strong></span> <span class='ocrx_word' id='word_1_642' title='bbox 2361 5235 2678 5299; x_wconf 76' lang='lat' dir='ltr'><strong>occideris,</strong></span> <span class='ocrx_word' id='word_1_643' title='bbox 2742 5237 2856 5289; x_wconf 89' lang='lat' dir='ltr'><strong>nati</strong></span> <span class='ocrx_word' id='word_1_644' title='bbox 2907 5236 3057 5305; x_wconf 79' lang='lat' dir='ltr'><strong>regis</strong></span> <span class='ocrx_word' id='word_1_645' title='bbox 3110 5236 3403 5305; x_wconf 83' lang='lat' dir='ltr'><strong>imperium</strong></span> 
     </span>
    </p>
   </div>
   <div class='ocr_carea' id='block_1_93' title="bbox 1826 5345 3403 5418">
    <p class='ocr_par' dir='ltr' id='par_1_93' title="bbox 1826 5345 3403 5418">
     <span class='ocr_line' id='line_1_93' title="bbox 1826 5345 3403 5418; baseline 0 -15"><span class='ocrx_word' id='word_1_646' title='bbox 1826 5350 1986 5403; x_wconf 82' lang='lat' dir='ltr'><strong>finem</strong></span> <span class='ocrx_word' id='word_1_647' title='bbox 2015 5346 2260 5401; x_wconf 88' lang='lat' dir='ltr'><strong>habebit.</strong></span> <span class='ocrx_word' id='word_1_648' title='bbox 2296 5345 2341 5401; x_wconf 93' lang='grc' dir='ltr'>Ο</span> <span class='ocrx_word' id='word_1_649' title='bbox 2390 5346 2719 5401; x_wconf 84' lang='lat' dir='ltr'><strong>amentiam!</strong></span> <span class='ocrx_word' id='word_1_650' title='bbox 2760 5352 2801 5399; x_wconf 79' lang='lat' dir='ltr'><strong>tt</strong></span> <span class='ocrx_word' id='word_1_651' title='bbox 2844 5348 3019 5417; x_wconf 88' lang='lat' dir='ltr'><strong>iniqui</strong></span> <span class='ocrx_word' id='word_1_652' title='bbox 3060 5349 3208 5418; x_wconf 88' lang='lat' dir='ltr'><strong>regis</strong></span> <span class='ocrx_word' id='word_1_653' title='bbox 3239 5349 3403 5403; x_wconf 92' lang='lat' dir='ltr'><strong>inhu-</strong></span> 
     </span>
    </p>
   </div>
   <div class='ocr_carea' id='block_1_94' title="bbox 1824 5436 3401 5510">
    <p class='ocr_par' dir='ltr' id='par_1_94' title="bbox 1824 5436 3401 5510">
     <span class='ocr_line' id='line_1_94' title="bbox 1824 5436 3401 5510; baseline -0.003 -16"><span class='ocrx_word' id='word_1_654' title='bbox 1824 5456 2043 5495; x_wconf 82' lang='lat' dir='ltr'><strong>manam</strong></span> <span class='ocrx_word' id='word_1_655' title='bbox 2080 5440 2443 5494; x_wconf 76' lang='lat' dir='ltr'><strong>sententiam!</strong></span> <span class='ocrx_word' id='word_1_656' title='bbox 2476 5436 2521 5493; x_wconf 91' lang='grc' dir='ltr'>Ο</span> <span class='ocrx_word' id='word_1_657' title='bbox 2546 5439 2690 5510; x_wconf 89' lang='lat' dir='ltr'><strong>regis</strong></span> <span class='ocrx_word' id='word_1_658' title='bbox 2712 5440 3089 5510; x_wconf 85' lang='lat' dir='ltr'><strong>impietatem!</strong></span> <span class='ocrx_word' id='word_1_659' title='bbox 3122 5439 3202 5493; x_wconf 81' lang='lat' dir='ltr'><strong>Ad</strong></span> <span class='ocrx_word' id='word_1_660' title='bbox 3238 5455 3401 5510; x_wconf 87' lang='lat' dir='ltr'><strong>quem</strong></span> 
     </span>
    </p>
   </div>
   <div class='ocr_carea' id='block_1_95' title="bbox 1821 5529 3402 5600">
    <p class='ocr_par' dir='ltr' id='par_1_95' title="bbox 1821 5529 3402 5600">
     <span class='ocr_line' id='line_1_95' title="bbox 1821 5529 3402 5600; baseline -0.001 -14"><span class='ocrx_word' id='word_1_661' title='bbox 1821 5530 2153 5599; x_wconf 87' lang='lat' dir='ltr'><strong>confugient</strong></span> <span class='ocrx_word' id='word_1_662' title='bbox 2200 5529 2245 5583; x_wconf 90' lang='lat' dir='ltr'><strong>si</strong></span> <span class='ocrx_word' id='word_1_663' title='bbox 2279 5530 2347 5582; x_wconf 94' lang='lat' dir='ltr'><strong>ab</strong></span> <span class='ocrx_word' id='word_1_664' title='bbox 2376 5544 2443 5583; x_wconf 91' lang='lat' dir='ltr'><strong>eo</strong></span> <span class='ocrx_word' id='word_1_665' title='bbox 2472 5530 2585 5583; x_wconf 81' lang='lat' dir='ltr'><strong>vim</strong></span> <span class='ocrx_word' id='word_1_666' title='bbox 2644 5530 2923 5599; x_wconf 91' lang='lat' dir='ltr'><strong>patiantur</strong></span> <span class='ocrx_word' id='word_1_667' title='bbox 2968 5546 2997 5585; x_wconf 90' lang='lat' dir='ltr'><strong>a</strong></span> <span class='ocrx_word' id='word_1_668' title='bbox 3038 5546 3150 5600; x_wconf 88' lang='lat' dir='ltr'><strong>quo</strong></span> <span class='ocrx_word' id='word_1_669' title='bbox 3189 5531 3402 5599; x_wconf 85' lang='lat' dir='ltr'><strong>justum</strong></span> 
     </span>
    </p>
   </div>
   <div class='ocr_carea' id='block_1_96' title="bbox 1816 5621 3231 5694">
    <p class='ocr_par' dir='ltr' id='par_1_96' title="bbox 1816 5621 3231 5694">
     <span class='ocr_line' id='line_1_96' title="bbox 1816 5621 3231 5694; baseline -0.003 -16"><span class='ocrx_word' id='word_1_670' title='bbox 1816 5624 2087 5694; x_wconf 81' lang='lat' dir='ltr'><strong>judicium</strong></span> <span class='ocrx_word' id='word_1_671' title='bbox 2119 5622 2375 5691; x_wconf 87' lang='lat' dir='ltr'><strong>accipere</strong></span> <span class='ocrx_word' id='word_1_672' title='bbox 2410 5622 2673 5677; x_wconf 89' lang='lat' dir='ltr'><strong>deberent</strong></span> <span class='ocrx_word' id='word_1_673' title='bbox 2705 5622 2976 5692; x_wconf 87' lang='lat' dir='ltr'><strong>injttstitia</strong></span> <span class='ocrx_word' id='word_1_674' title='bbox 3006 5621 3231 5676; x_wconf 67' lang='lat' dir='ltr'><strong>allecti?</strong></span> 
     </span>
    </p>
   </div>
   <div class='ocr_carea' id='block_1_97' title="bbox 110 5709 3406 5791">
    <p class='ocr_par' dir='ltr' id='par_1_97' title="bbox 110 5709 3406 5791">
     <span class='ocr_line' id='line_1_97' title="bbox 110 5709 3406 5791; baseline -0.002 -15"><span class='ocrx_word' id='word_1_675' title='bbox 110 5730 193 5782; x_wconf 70' lang='grc' dir='ltr'>ικ</span> <span class='ocrx_word' id='word_1_676' title='bbox 224 5724 332 5776; x_wconf 87' lang='grc' dir='ltr'><strong>τῶν</strong></span> <span class='ocrx_word' id='word_1_677' title='bbox 366 5721 839 5791; x_wconf 79' lang='grc' dir='ltr'>άποκτεινομένων</span> <span class='ocrx_word' id='word_1_678' title='bbox 872 5718 1079 5771; x_wconf 81' lang='grc' dir='ltr'>παίδων</span> <span class='ocrx_word' id='word_1_679' title='bbox 1112 5713 1190 5780; x_wconf 77' lang='grc' dir='ltr'>εἷς</span> <span class='ocrx_word' id='word_1_680' title='bbox 1225 5718 1372 5771; x_wconf 81' lang='grc' dir='ltr'>ἐστιν</span> <span class='ocrx_word' id='word_1_681' title='bbox 1402 5718 1711 5783; x_wconf 75' lang='grc' dir='ltr'>όΒασιλεύς</span> <span class='ocrx_word' id='word_1_682' title='bbox 1738 5741 1750 5787; x_wconf 80' lang='lat'><strong>,</strong></span> <span class='ocrx_word' id='word_1_683' title='bbox 1795 5722 1853 5773; x_wconf 79' lang='grc' dir='ltr'><strong>1·Σὶ</strong></span> <span class='ocrx_word' id='word_1_684' title='bbox 1908 5720 2107 5783; x_wconf 73' lang='grc' dir='ltr'>παντὸς</span> <span class='ocrx_word' id='word_1_685' title='bbox 2147 5718 2239 5772; x_wconf 76' lang='grc' dir='ltr'>τοῦ</span> <span class='ocrx_word' id='word_1_686' title='bbox 2272 5717 2478 5787; x_wconf 84' lang='grc' dir='ltr'>κόσμου</span> <span class='ocrx_word' id='word_1_687' title='bbox 2512 5718 2637 5781; x_wconf 77' lang='grc' dir='ltr'>τοὺς</span> <span class='ocrx_word' id='word_1_688' title='bbox 2668 5719 2863 5782; x_wconf 81' lang='grc' dir='ltr'>παῖδας</span> <span class='ocrx_word' id='word_1_689' title='bbox 2900 5714 3264 5782; x_wconf 75' lang='grc' dir='ltr'>ἀποκτείνεις,</span> <span class='ocrx_word' id='word_1_690' title='bbox 3306 5709 3406 5770; x_wconf 68' lang='grc' dir='ltr'>τοῦ</span> 
     </span>
    </p>
   </div>
   <div class='ocr_carea' id='block_1_98' title="bbox 260 5859 1240 5927">
    <p class='ocr_par' dir='ltr' id='par_1_98' title="bbox 260 5859 1240 5927">
     <span class='ocr_line' id='line_1_98' title="bbox 260 5859 1240 5927; baseline -0.006 -8"><span class='ocrx_word' id='word_1_691' title='bbox 260 5861 462 5919; x_wconf 78' lang='lat' dir='ltr'><strong>Jerem.</strong></span> <span class='ocrx_word' id='word_1_692' title='bbox 487 5877 637 5927; x_wconf 70' lang='lat' dir='ltr'><strong>xxxi,</strong></span> <span class='ocrx_word' id='word_1_693' title='bbox 672 5862 735 5917; x_wconf 78' lang='lat' dir='ltr'><strong>l5</strong></span> <span class='ocrx_word' id='word_1_694' title='bbox 760 5878 785 5925; x_wconf 72' lang='grc' dir='ltr'><strong>;ι</strong></span> <span class='ocrx_word' id='word_1_695' title='bbox 814 5859 1007 5914; x_wconf 70' lang='lat' dir='ltr'><strong>.‘lutth.</strong></span> <span class='ocrx_word' id='word_1_696' title='bbox 1051 5874 1111 5922; x_wconf 86' lang='grc' dir='ltr'><strong>ιι,</strong></span> <span class='ocrx_word' id='word_1_697' title='bbox 1160 5859 1240 5913; x_wconf 85' lang='grc'><strong>18.</strong></span> 
     </span>
    </p>
   </div>
  </div>
