4118 6440
126 364 251 429 1505

1123 359 1384 419 SERMO
1418 359 1498 418 ΙΝ
1538 358 1870 420 SANCTOS
1906 358 2410 420 INNOCENTES.

3248 359 3387 425 1506

117 476 349 544 τέσσαρα
377 475 479 543 (1),
508 473 619 527 ἀπὸ
650 473 706 526 δὲ
732 472 834 539 τῆς
860 471 1238 534 παιδοκτονίας
1264 472 1359 541 ἔτη
1382 472 1688 525 ἑπτακόσια

1801 472 1968 529 delem
1992 488 2174 543 regem
2194 470 2462 527 Herodem
2485 470 2859 527 stimulantem
2879 471 2965 526 sui
2990 471 3163 542 ipsius
3192 488 3389 544 proce-

117 568 521 635 τεσσαράκοντα
552 564 646 618 δύο
669 582 683 596 ο
709 565 823 618 ἀλλ’
844 565 922 629 ὼς
951 564 1144 636 παρὼν
1166 566 1304 627 ἐκεῖ,
1324 563 1499 625 οὕτως
1523 563 1695 618 ταῦτά

121 677 205 731 μοι
236 659 373 712 κατά
399 656 526 710 νοῦν
557 657 833 727 πάρεισιν,
862 656 960 709 καὶ
986 655 1062 719 ὡς
1096 654 1319 723 θεωρῶν
1343 656 1458 724 ειμι
1494 653 1582 706 τὸν
1602 653 1694 723 ἒχ-

118 754 291 806 θιστον
334 749 561 821 βασιλέα
612 747 862 817 Ἡρώδην
902 746 980 816 τῷ
1010 744 1171 816 θυμῷ
1196 745 1405 810 ζέοντα,
1438 745 1567 808 τοὺς
1600 762 1706 819 μετ

116 846 372 913 γιστᾶνας
405 842 576 898 αὑτοῦ
616 840 1157 912 παραμυθουμένους
1199 841 1385 904 αὑτὸν,
1418 839 1542 901 τοὺς
1602 856 1699 906 φο-

117 940 222 999 νεῖς
250 937 319 989 τὰ
341 937 553 1005 δάκρυα
570 934 679 988 τῶν
710 934 966 1006 πατέρων
1001 933 1075 1005 μὴ
1103 934 1410 996 ἐλεοῦντας,
1429 934 1498 985 τά
1529 934 1698 1000 νήπια

121 1030 192 1099 μὴ
226 1028 617 1098 υίκτείροντας,
660 1028 799 1080 ἀλλά
828 1025 939 1080 τῶν
993 1028 1090 1096 μὲν
1123 1027 1225 1088 τάς
1256 1024 1499 1093 κεφαλὰς
1555 1027 1696 1077 ἀπο-

116 1123 438 1191 τέμνοντας,
465 1120 575 1173 τῶν
609 1121 665 1173 δε
718 1123 839 1181 ταῖς
892 1120 1164 1189 μητράσιν
1196 1117 1565 1189 κατεχουσῶν,
1605 1116 1699 1168 καὶ

121 1213 194 1282 μὴ
228 1212 532 1284 βουλομένω
593 1212 813 1282 ἀφῑέναι
841 1214 898 1264 ἐν
931 1229 1023 1265 ται
1078 1213 1111 1264 ἀ
1154 1212 1294 1265 κάλα
1323 1229 1349 1275 ς
1373 1210 1555 1263 αύτ”ην
1576 1218 1697 1273 ταις

123 1305 418 1376 μαχαίραις
449 1306 847 1368 ἀναλίσκοντας
878 1304 1060 1357 αυτῶν
1086 1303 1153 1356 τά
1222 1305 1285 1373 ήέ
1310 1322 1363 1356 ια
1429 1300 1614 1354 Ἀλλοι
1642 1301 1698 1355 δὲ

120 1414 219 1449 κητ
259 1396 447 1468 μεριζο
530 1397 672 1450 αυτά
723 1396 1038 1468 ἔμπροσθεν
1076 1398 1189 1458 τοῖς
1223 1412 1285 1464 γε
1322 1396 1427 1463 νήσ
1454 1412 1498 1445 Δσ
1528 1416 1531 1422 ·
1559 1434 1572 1457 ,
1616 1395 1701 1445 καὶ

117 1488 292 1558 ἕτεροι
318 1488 652 1560 κρατοῦντες
675 1492 783 1553 τοῖ,
811 1490 939 1541 ποσὶ
965 1506 1021 1542 εν
1043 1491 1163 1551 ταῖς
1189 1503 1422 1556 π..τραις
1451 1485 1701 1552 egeam-

118 1578 229 1640 ζον,
260 1579 355 1630 καὶ
379 1578 553 1641 οὕτως
586 1580 696 1632 τῶν
725 1579 1019 1649 κροτάφων
1050 1579 1231 1632 αὐτῶν
1263 1580 1327 1647 τῇ
1366 1580 1434 1647 γῇ
1471 1593 1699 1645 σκορπιυ

116 1664 380 1736 ζομένων,
412 1672 533 1733 ταῖς
573 1669 841 1733 ἐλεειναῖς
875 1670 1148 1742 μητράσιν
1176 1671 1277 1722 οὐκ
1307 1665 1375 1739 ἦν
1411 1667 1699 1739 παράκλη-

118 1774 239 1822 σιξ⁶
303 1762 466 1815 ποῖαν
521 1762 631 1832 γάρ
686 1764 783 1814 καὶ
833 1762 1192 1832 παραμυθίαν
1244 1756 1389 1832 εἶχον
1438 1762 1585 1830 ἔχειν
1643 1762 1702 1812 ἐν

1804 580 1894 619 res
1928 564 2298 627 consiliarios,
2336 563 2714 619 interfectores
2736 564 3009 634 lacrymas
3036 575 3250 633 patrum
3273 581 3383 622 non

1802 658 2147 723 miserantes,
2169 671 2270 711 nec
2305 657 2491 726 pueris
2517 668 2801 725 parcentes
2825 698 2841 722 ,
2866 656 2962 711 sed
2988 657 3221 710 aliorum
3247 657 3384 711 colla

1800 749 2090 809 caedeiites,
2138 748 2371 802 aliorum
2411 749 2677 804 matribus
2700 749 3108 814 resistentibus,
3134 750 3386 819 neganti-

1799 840 2011 909 busque
2032 841 2205 902 abire,
2228 856 2351 893 cum
2384 840 2632 895 viderent
2671 841 2913 897 infantes
2942 841 2997 894 in
3030 840 3178 895 ulnis
3210 855 3385 896 caesos

1800 932 2015 1003 gladiis.
2047 932 2152 983 Alii
2188 932 2386 986 milites
2415 933 2799 1002 discerpebant
2822 948 2920 988 eos
2952 932 3058 988 sub
3088 933 3265 987 oculis
3296 947 3385 1001 pa-

1799 1037 2057 1088 rentum;
2097 1025 2210 1089 alii,
2241 1026 2379 1094 pede
2400 1040 2495 1079 eos
2517 1027 2905 1096 corripientes,
2943 1028 2995 1080 in
3040 1033 3226 1096 petras
3262 1025 3386 1079 alli-

1800 1119 2022 1181 debant,
2055 1117 2248 1187 sicque
2290 1119 2631 1187 temporibus
2666 1134 2858 1174 eorum
2894 1119 3048 1173 linmi
3088 1118 3382 1187 dispersis,

1800 1209 1950 1263 nulla
1988 1225 2084 1263 era
2141 1211 2408 1266 matribus
2443 1211 2675 1278 solatio;
2722 1213 3001 1280 quodnam
3049 1213 3196 1267 enim
3237 1213 3385 1267 sola—

1802 1303 1935 1356 tium
1966 1302 2147 1357 all‘erri
2207 1310 2476 1372 potuisset
2509 1306 2623 1365 illis
2654 1321 2844 1360 necem
2884 1306 3201 1360 continuam
3254 1319 3383 1359 cer-

1802 1403 1933 1449 nent
1961 1394 2097 1450 bus"
2116 1393 2453 1450 Vest’nienta
2476 1412 2673 1452 cruore
2705 1398 2757 1451 in
2782 1398 3103 1466 pectoribus
3127 1412 3382 1466 aspe.-sa;

1803 1496 2139 1557 pectoraque
2180 1496 2511 1543 contusione
2551 1504 2911 1543 mammarum
2959 1490 3119 1554 liesa;
3179 1498 3386 1542 matres

1804 1580 1815 1632 Ι
1860 1590 1939 1632 ειυς
1968 1579 2289 1641 vestimenta
2324 1594 2621 1647 puerorum
2654 1578 2964 1649 tingentes;
3006 1593 3241 1648 quarum
3265 1577 3386 1637 aliae

1803 1685 2006 1740 pueros
2031 1670 2263 1723 biennes
2294 1670 2574 1739 lugebant,
2617 1670 2741 1724 alia:
2787 1685 2918 1725 vero
2951 1670 3263 1734 anniculos,
3290 1676 3387 1722 aut

1805 1762 2019 1815 dimidii
2056 1761 2349 1830 temporis,
2375 1760 2612 1831 denique
2646 1762 2827 1817 adhuc
2857 1762 3125 1825 minoris;
3164 1760 3388 1814 biennio

116 1852 336 1913 ἑαυταῖς
401 1854 607 1923 ὁρῶσαι
668 1856 725 1907 ἐν
781 1854 1085 1924 ὀφθαλμοῖς
1135 1854 1314 1908 αὐτῶν
1372 1854 1464 1905 τὸν
1522 1852 1699 1921 ἄωρον

1802 1854 1947 1907 enim
1982 1852 2433 1920 proficiscebatur
2470 1854 2753 1907 decretqu
2799 1854 2907 1906 diri
2961 1860 3016 1907 et
3052 1852 3225 1921 iniqui
3284 1848 3389 1905 He-

114 1942 388 2009 θάνατονς
443 1946 512 1998 τά
552 1947 746 2015 ἱμάτια
784 1947 978 2010 αὑταῖς
1019 1948 1129 2009 τοῖς
1170 1946 1402 2016 αἵμασιν
1458 1943 1699 1997 καταϐα-

1806 1944 1983 2004 mdis,
2022 1952 2075 1997 et
2110 1944 2178 1997 ab
2209 1944 2328 1999 istis
2378 1961 2473 2013 qui
2518 1961 2690 1997 unum
2725 1953 2853 1998 ante
2893 1943 3041 1998 diem
3074 1951 3237 1998 erant
3272 1940 3388 1996 nati

111 2035 281 2102 φὲντα
321 2037 506 2108 στήθει
535 2038 793 2102 διανοίας,
829 2037 898 2091 τά
929 2038 1129 2109 στέρνα
1158 2038 1237 2106 τῷ
1267 2037 1416 2107 πόνῳ
1444 2036 1550 2089 τῶν
1588 2053 1681 2102 γα·

1801 2042 1917 2085 inte
1952 2023 2288 2086 horrendum
2337 2032 2503 2087 istum
2532 2033 2835 2087 decretum.

108 2121 441 2197 λακτοροῖων
502 2129 863 2199 τρυχώμενα,
931 2132 1054 2191 ταῖς
1122 2128 1312 2197 θηλαῖς
1359 2128 1428 2180 τὰ
1498 2126 1692 2195 ἱμάτια
1730 2122 1915 2185 αὐτοῖς
1947 2123 2388 2192 καταϐρέχουσαι
2414 2139 2431 2155 °
2463 2124 2557 2177 καὶ
2591 2125 2646 2177 αί
2688 2123 2787 2192 μὲν
2826 2122 2885 2190 ἐξ
2952 2122 3136 2176 αὐτῶν
3192 2121 3388 2182 διετεῖς

110 2219 311 2280 παῖδας
341 2221 625 2291 ἐθρήνουν,
663 2224 756 2276 καὶ
790 2222 952 2276 ἄλλαι
996 2222 1385 2285 ἐνιαυσιαίους,
1431 2219 1526 2273 καὶ
1562 2217 1724 2272 ἄλλαι
1767 2214 1961 2283 καιροῦ
2022 2217 2116 2269 καὶ
2166 2216 2438 2285 ἡμίσεως,
2513 2217 2609 2269 xu‘t
2656 2214 2843 2268 λοιπὸν
2896 2215 3236 2285 κατωτέρω’
3276 2215 3387 2267 ἀπὸ

106 2306 315 2373 διετους
364 2306 571 2382 γὰρῆν
605 2311 668 2363 τὸ
695 2313 1026 2383 πρόσταγμα
1059 2311 1153 2365 τοῦ
1186 2311 1421 2363 δειλαίου
1450 2308 1546 2360 καὶ
1612 2305 1937 2376 παρανόμου
2001 2304 2266 2373 Ἡρώδου,
2314 2306 2410 2360 καὶ
2452 2306 2568 2360 ὅσοι
2642 2306 3016 2377 ἐγεννήθησαν
3078 2307 3187 2376 πρὸ
3256 2309 3390 2377 μιᾶς

106 2404 322 2475 ἡμέρας
343 2402 435 2455 τοῦ
466 2403 694 2470 ἐναγοῦς
723 2403 932 2456 ἐκείνου
965 2404 1414 2474 προστάγματος.

180 2494 243 2547 δ’.
292 2496 355 2546 Ὠ
409 2494 620 2556 ἐννοίας
675 2494 929 2563 δακρύων
964 2492 1443 2564 πεπληρωμένηςί
1484 2490 1548 2542 ’Ὠ
1593 2506 1695 2558 μα-

1866 2482 1910 2536 Ο
1942 2480 2215 2536 sententia
2277 2479 2536 2550 lacrymis
2578 2481 2773 2550 plena!
2823 2495 2859 2535 ο
2890 2480 3130 2536 infantes
3155 2496 3391 2551 prorsus

110 2590 324 2658 καρίων
361 2587 565 2639 παίδων
597 2587 763 2657 μηδὲν
784 2587 1147 2658 ἠδικηκότων,
1186 2587 1281 2639 καὶ
1309 2585 1385 2648 ὡς
1416 2582 1698 2652 πολεμίων

1801 2575 2143 2638 innocentes,
2174 2583 2343 2643 utque
2374 2573 2599 2628 barbari
2650 2573 2839 2628 hostes
2869 2573 3160 2628 trucidati!
3197 2590 3232 2630 ο
3261 2589 3389 2630 san-

113 2677 415 2748 βαρόάρων
450 2675 996 2746 κατασφαζομένωνί
1025 2677 1071 2730 ὣ
1099 2678 1345 2746 αἱμάτων
1379 2675 1583 2732 ἀδίκως
1609 2671 1701 2723 ἐπὶ

1801 2668 1920 2738 guis
1952 2682 2122 2735 super
2176 2678 2322 2720 terra
2363 2666 2652 2735 profusus.
2693 2676 2748 2721 et
2796 2666 2943 2721 sicut
3000 2666 3189 2736 pluvia
3236 2668 3292 2719 in
3324 2681 3388 2720 ea

110 2770 214 2838 τῆς
249 2768 355 2836 γῆς
400 2766 765 2835 ἐκχεομένων,
809 2766 903 2819 καὶ
941 2766 1133 2837 ὥσπερ
1187 2765 1411 2836 ὄμϐριον
1461 2765 1517 2815 ἐν
1563 2762 1700 2831 αὐτῇ

1801 2758 2223 2831 pinguefactus!
2261 2773 2294 2812 ο
2330 2758 2607 2814 funestam
2628 2758 2840 2813 falcem
2867 2773 2991 2827 qua;
3018 2766 3146 2813 ante
3174 2768 3389 2827 tempus

111 2860 490 2915 πιανθέντωνί
528 2858 572 2911 ὣ
598 2859 878 2930 δρεπάνης
918 2857 1167 2929 ὀλεθρίου
1218 2857 1325 2927 πρὸ
1376 2854 1569 2926 καιροῦ
1606 2871 1699 2907 του

1804 2851 2001 2905 messis
2036 2850 2231 2904 mediis
2283 2850 2470 2905 choris
2522 2864 2655 2903 arva
2695 2849 3014 2919 occupasti!
3061 2864 3094 2903 o
3146 2856 3387 2903 matrum

112 2952 310 3021 Οέρους
336 2952 394 3003 ἐν
412 2951 562 3020 ἀκμῇ
591 2952 686 3001 τού
718 2948 882 3019 χοροῦ
919 2948 1019 3012 τὰς
1065 2949 1309 3019 ἀρούρας
1346 2946 1701 3016 αἰχμαλωτη-

1804 2944 1988 2998 luctus
2022 2951 2077 2997 et
2110 2942 2350 3011 suspiria
2412 2943 2729 3010 multusque
2771 2943 3026 3011 plangor,
3071 2942 3124 2994 in
3182 2940 3390 3010 quibus

114 3044 321 3113 σάσηςί
356 3036 400 3095 ὦ
436 3042 691 3113 μητέρων
725 3041 923 3112 θρῆνος
956 3044 1051 3095 καὶ
1086 3040 1394 3111 στεναγμὸς
1418 3040 1509 3093 καὶ
1538 3039 1699 3112 ὀδυρ-

1806 3033 2017 3089 nullum
2045 3043 2163 3089 erat
2213 3033 2507 3088 solatium!
2557 3030 2764 3086 Harum
2800 3034 2946 3088 enim
2995 3033 3241 3087 omnium
3271 3046 3391 3086 nia-

114 3135 219 3203 μδς
254 3134 443 3198 πολὺς,
465 3138 522 3187 ἐν
553 3128 596 3201 ᾧ
617 3135 720 3187 ούκ
743 3130 810 3203 ἦν
829 3134 1179 3204 παράκλησις
1197 3132 1448 3202 οὐδεμία.
1478 3130 1701 3184 Τούτων

1808 3134 1989 3191 trum,
2046 3127 2101 3180 in
2159 3126 2325 3181 unius
2379 3126 2775 3180 lamentatione
2831 3127 3099 3195 preplieta
3152 3124 3390 3180 obscure

109 3228 223 3298 γὰρ
241 3227 429 3280 πασῶν
460 3228 569 3281 τῶν
599 3229 873 3299 μητέρων,
897 3229 977 3290 εἰς
1004 3230 1132 3297 μιᾶς
1155 3226 1385 3295 ὀδυρμὺν
1413 3226 1701 3295 προφήτης

1806 3218 2092 3290 praedixit;
2126 3218 2261 3273 dicit
2281 3234 2429 3273 enim
2461 3237 2473 3273 :
2504 3218 2762 3272 Ploratus
2792 3230 2841 3273 et
2874 3218 3116 3272 ululatus
3142 3218 3344 3272 multus
3367 3234 3389 3273 .'

109 3321 512 3389 αἰνιγματοδῶς
569 3321 998 3391 προεφήτευσεν.
1059 3317 1286 3388 Θρῆγος
1330 3320 1462 3387 γάρ,
1508 3316 1700 3387 φησὶν,

1804 3309 2004 3363 Rachel
2036 3308 2254 3377 plorans
2296 3310 2438 3378 ﬁlios
2473 3326 2599 3362 suos
2644 3321 2691 3363 et
2746 3310 2916 3362 noluit
2948 3309 3218 3362 consolari
3258 3311 3388 3379 quia

109 3410 215 3462 καὶ
281 3410 606 3478 κλαυθμὸς,
663 3410 757 3462 καί
833 3409 1089 3477 ὀδιζρμὸς
1168 3407 1409 3472 πολύό·
1474 3405 1700 3474 Ῥαχὴλ

1802 3419 1907 3454 non
1941 3411 2097 3463 sunt;
2127 3410 2200 3465 et,
2241 3417 2310 3455 ne
2352 3402 2517 3455 unius
2553 3410 2765 3455 tantum
2813 3400 3037 3456 nomine
3087 3401 3192 3456 hoc
3229 3402 3387 3470 pueri

1729 3190 1771 3248 C

110 3501 420 3553 κλαίουσα
446 3499 721 3551 τὰτέκνα
750 3497 958 3563 αὐτῆς.
1012 3500 1110 3551 καὶ
1165 3501 1276 3551 οὐκ
1327 3496 1543 3563 ἢθελεν
1587 3511 1701 3547 πα-

1803 3493 2211 3555 occiderentur,
2248 3492 2510 3556 minime;
2544 3494 2655 3546 imo
2683 3493 2866 3546 multa:
2913 3492 3138 3547 fuerunt
3179 3502 3387 3548 matres

98 3588 514 3655 ρακληθῆνιιι,
546 3589 631 3639 ὅτι
662 3592 772 3641 οὐκ
811 3589 971 3642 εἰσίν
999 3605 1010 3617 ο
1047 3588 1141 3639 καὶ
1178 3588 1251 3656 μὴ
1280 3587 1411 3656 μιᾶς
1440 3586 1600 3655 μόνον
1624 3584 1702 3655 τῷ

105 3679 344 3746 ὀνόματι
378 3678 555 3747 τούτῳ
588 3678 654 3729 τά
683 3678 848 3729 τέκνα
874 3679 1307 3745 κατεσφάγησαν
1365 3677 1488 3746 οὐχί
1520 3693 1534 3707 ο
1566 3676 1703 3729 ἀλλά

106 3770 311 3822 πολλαὶ
358 3769 556 3838 Ῥαχὴλ
591 3767 886 3821 ἐκαλοῦντο
912 3785 924 3799 ·
968 3768 1085 3820 ἀλλ’
1124 3769 1311 3838 ἐπειδὴ
1357 3770 1542 3838 μήτηρ
1592 3769 1699 3821 τῶν

108 3844 375 3928 μητέρων
393 3852 461 3927 ἧν
489 3860 522 3923 ἠ
555 3856 650 3909 τοῦ
703 3856 897 3910 Ἰακὼϐ
948 3856 1169 3926 Ῥαχὴλ,
1200 3857 1287 3909 διὰ
1320 3858 1481 3909 τοῦτο
1506 3860 1533 3910 ὀ
1562 3874 1698 3925 προ·

104 3951 297 4018 φήτης
320 3950 381 4001 τὸ
413 3949 585 4018 ὄνομα
642 3948 742 4017 τῆς
792 3948 957 4000 πάλαι
1024 3948 1222 4018 Ῥαχὴλ
1260 3948 1349 4001 διὰ
1402 3949 1463 4001 τὸ
1508 3949 1700 4018 μέλλον

105 4042 280 4110 θέρος
316 4040 424 4092 τῶν
457 4039 689 4107 νηπίων,
737 4041 831 4091 καὶ
874 4040 976 4109 τὴν
1040 4040 1170 4110 περὶ
1225 4038 1436 4093 τούτων
1490 4040 1697 4110 θλίψιν,

102 4132 400 4203 πόρρωθεν
450 4131 795 4200 ἀνήγγειλεν.
841 4131 1107 4184 Κοπετῶν
1138 4131 1320 4184 τοίνυν
1343 4132 1439 4185 καὶ
1474 4151 1701 4202 στεναγ-

106 4225 235 4296 μῶν
265 4223 480 4293 πλήρης
516 4227 546 4293 ὴ
574 4223 752 4276 ἔννοια
830 4224 912 4285 τίς
946 4224 1054 4295 γὰρ
1096 4224 1173 4292 μὴ
1206 4224 1530 4294 θρηνήσειεν
1559 4226 1700 4296 μετά

98 4317 222 4368 τῶν
272 4317 524 4385 μητέρων
573 4316 835 4379 ἐκείνων,
863 4314 895 4385 ἢ
929 4314 1013 4377 τίς
1047 4316 1335 4385 σπλάγχνα
1365 4318 1700 4387 οίκτειρμῶν

101 4426 213 4460 ουκ
263 4407 540 4474 ἐκτήσατο
588 4408 681 4458 ἐπὶ
718 4410 785 4477 τῇ
844 4406 1065 4477 τοιαύτῃ
1094 4407 1264 4475 ἀδίκῳ
1297 4408 1518 4479 πληγῆς
1546 4409 1581 4479 ἤ
1613 4409 1699 4474 τίς

99 4499 208 4551 τοῦ
240 4497 543 4568 ψελλισμοῦ
572 4498 679 4549 τῶν
713 4504 1002 4567 μακαρίων
1035 4499 1259 4550 ἐκείνων
1292 4497 1696 4569 ἐνθυμούμενος
1728 4529 1774 4588 D

100 4591 170 4641 οὑ
201 4587 629 4657 πληρωθήσεται
657 4587 943 4657 δακρύων,
966 4589 1181 4658 ὁρωντα
1201 4588 1309 4657 γάρ
1332 4587 1399 4640 ea:
1422 4588 1551 4658 ξίφη
1571 4590 1691 4641 κατ’

101 4680 302 4733 αὐτῶν
345 4678 765 4745 ἀκοντιζόμενα,
830 4680 925 4731 καὶ
954 4678 1030 4741 ὼς
1075 4679 1184 4731 ὑπὸ
1218 4678 1426 4749 θηρίων
1482 4680 1694 4748 ἀγρίων

102 4773 176 4823 ἐκ
221 4768 333 4821 τῶν
375 4769 593 4819 κόλπων
644 4768 753 4819 τῶν
809 4766 1066 4837 μητέρων
1121 4769 1500 4837 ἀποσπώμενα
1562 4770 1701 4841 πρὸς

102 4862 322 4924 αὐτοὺς
350 4859 759 4928 ἀπεφθέγγοντο
815 4859 911 4913 xui.
964 4859 1183 4927 ἔλεγον·
1246 4860 1417 4925 ’Ἄφες
1470 4877 1561 4928 με,
1605 4860 1701 4913 ἀν-

104 4956 330 5024 θρωπε,
375 4952 477 5004 ποῦ
515 4970 581 5022 με
619 4951 893 5019 ἀπάγεις;
929 4951 991 5003 οὗ
1026 4949 1280 5021 γνωρίζω
1317 4967 1375 5003 σε
1403 4967 1419 4984 ο
1453 4952 1554 5003 οὐκ
1582 4947 1700 5004 οἶδα

100 5047 199 5108 τίς
237 5040 290 5097 ei
318 5060 331 5073 '
382 5045 484 5097 οὐκ
535 5040 585 5097 εἴ
626 5043 689 5096 σὺ
726 5041 851 5095 οὔτε
892 5042 1082 5112 πατήρ
1119 5058 1245 5111 μου,
1290 5040 1414 5096 οὔτε
1447 5042 1698 5111 ἀδελφὸς,

100 5138 244 5192 οὔτε
276 5136 679 5207 μητράδελφος,
698 5136 761 5188 οὐ
786 5133 1186 5205 πατράδελφος,
1216 5134 1312 5187 καὶ
1339 5136 1438 5187 οὐκ
1459 5135 1703 5202 ἔγνωσαν

100 5232 290 5293 ὅπως,
316 5228 439 5281 οὐδὲ
470 5228 560 5281 διὰ
586 5227 637 5280 τί
684 5228 749 5279 ἐκ
786 5230 887 5297 τῆς
918 5227 1023 5295 γῆς
1065 5225 1358 5296 ἐπαίρεται
1391 5230 1425 5296 ἡ
1462 5225 1575 5298 ζωὴ
1607 5228 1704 5280 αὐ-

100 5323 249 5376 τῶν.
288 5314 360 5372 Ὦ
392 5320 708 5391 παρανομία
764 5318 860 5372 τοῦ
891 5317 1077 5388 βυθίου
1103 5317 1419 5384 δράκοντος.
1453 5319 1550 5381 τὰς
1582 5321 1706 5390 σάρ-

102 5433 226 5480 κας
262 5414 373 5468 τῶν
407 5413 666 5467 ἀναιτίων
702 5413 913 5466 παίδων
956 5411 1317 5483 βεϐρωκότος,
1355 5414 1447 5466 xui.
1485 5413 1558 5484 μὴ
1592 5415 1693 5483 ἐμ.

1805 3581 2008 3637 llacliel
2058 3583 2387 3648 nominatae;
2431 3584 2527 3637 sed
2564 3585 3019 3655 quandoquidem
3056 3595 3236 3641 mater
3269 3602 3390 3640 ma-

1804 3685 1945 3727 trum
2000 3683 2123 3729 erat
2168 3673 2341 3730 Jacob
2396 3676 2623 3742 Rachel,
2683 3677 2807 3732 ideo
2867 3678 3136 3749 propheta
3181 3694 3387 3735 nomen

1802 3766 2002 3819 teteris
2070 3765 2275 3821 Rachel
2333 3768 2407 3821 ob
2470 3784 2769 3837 puerorum
2840 3768 3083 3824 futuram
3147 3786 3387 3827 messem

1801 3859 1981 3927 obqne
2025 3858 2093 3913 de
2146 3859 2257 3914 illis
2302 3861 2748 3926 lamentationes,
2785 3870 2947 3917 antea
3001 3863 3383 3933 proclamavit.

1802 3947 2120 4005 Planctibus
2168 3951 2335 4020 igitur
2394 3952 2761 4021 suspiriisque
2814 3954 2976 4022 plena
3025 3961 3148 4008 erat
3201 3969 3381 4009 mens.

1801 4040 1935 4105 Quis
1982 4043 2127 4095 enim
2190 4057 2297 4095 non
2356 4042 2481 4097 fleat
2551 4058 2658 4098 una
2724 4059 2848 4098 cum
2908 4045 3019 4101 illis
3072 4044 3389 4100 matribus!

1800 4131 2017 4200 quodve
2042 4147 2139 4187 cor
2170 4148 2277 4186 non
2298 4133 2350 4185 in
2379 4134 2620 4202 ejulatus
2644 4143 2897 4205 erumpat
2924 4149 3023 4203 pro
3042 4137 3249 4191 talibus
3280 4136 3387 4190 ini-

1800 4224 1924 4293 quis
1948 4224 2185 4280 ictibus"
2213 4227 2296 4279 vel
2320 4227 2445 4295 quis
2475 4226 2541 4281 de
2572 4228 2817 4283 balbutie
2847 4228 3069 4283 illorum
3096 4230 3382 4284 beatorum

1801 4315 2093 4369 infantium
2156 4318 2409 4385 cogitans
2460 4335 2573 4373 non
2627 4319 3067 4391 lacrymabitur?
3118 4320 3384 4377 Vidertes

1800 4409 1946 4463 enim
1996 4424 2160 4465 enses
2197 4417 2390 4463 contra
2436 4412 2587 4480 ipsos
2622 4412 2888 4477 vibratos,
2923 4421 3094 4483 utque
3126 4428 3156 4466 a
3190 4414 3323 4468 feris
3353 4430 3385 4468 e

1802 4516 1927 4553 smu
1966 4509 2201 4554 matrum
2232 4502 2439 4569 arrepti
2470 4501 2540 4556 ad
2584 4502 2721 4559 istos
2756 4503 3075 4558 clamabant
3097 4503 3383 4559 dicebant-

1798 4605 1949 4657 que:
1986 4589 2210 4644 Dimitte
2252 4606 2361 4655 me,
2394 4593 2519 4657 vir;
2572 4609 2681 4662 quo
2725 4610 2814 4649 me
2865 4595 3135 4649 abducis?
3184 4610 3294 4667 non
3330 4604 3387 4669 te

1798 4695 2117 4749 cognosco;
2148 4682 2340 4749 ignoro
2395 4683 2522 4750 quis
2551 4684 2662 4748 sis;
2694 4700 2800 4738 non
2856 4693 2915 4738 tu
2968 4686 3098 4738 mihi
3146 4700 3208 4741 es
3284 4701 3383 4755 pa-

1799 4777 1904 4836 ter,
1926 4779 2021 4827 aut
2048 4771 2238 4835 frater,
2272 4776 2720 4837 autavuneulus,
2762 4784 2858 4829 aut
2912 4784 3191 4845 patruus;
3236 4792 3381 4829 non-

1798 4862 1928 4916 dum
1970 4871 2347 4933 cognoverunt
2373 4878 2472 4916 cur
2501 4872 2708 4918 eterra
2762 4876 2956 4935 surgat
3002 4881 3191 4921 eorum
3245 4867 3378 4921 vita.

1800 4952 1844 5007 Ο
1870 4954 2049 5008 scelus
2072 4953 2327 5023 aquatilis
2353 4957 2651 5023 serpentis,
2676 4957 3051 5013 innocentium
3080 4973 3378 5028 puerorum

1799 5060 2021 5100 carnem
2053 5045 2395 5110 devorantis,
2427 5061 2490 5101 ac
2518 5063 2626 5101 non
2670 5050 2852 5103 satiati
2878 5050 2890 5103 !
2920 5049 3055 5105 Cum
3086 5052 3234 5105 enim
3271 5066 3381 5105 cae-

1799 5138 1896 5193 des
1920 5135 2211 5191 infantium
2236 5146 2456 5206 peracta
2498 5137 2690 5195 fuisset
2720 5142 2843 5195 sine
2872 5143 3376 5207 commiseratione,

1804 5237 1946 5283 metu
1978 5238 2142 5297 atque
2162 5228 2377 5284 insania
2404 5233 2684 5299 quatrebat
2709 5234 2888 5287 adhuc
2906 5235 3149 5303 genitum
3174 5249 3376 5305 regem,

1803 5335 1865 5374 ac
1918 5319 2294 5375 indesinenter
2341 5323 2659 5392 suspirabat
2707 5339 2770 5377 ac
2816 5325 3205 5390 tremescebat,
3244 5307 3377 5379 dum

1805 5414 1984 5466 anima
2012 5412 2133 5483 ejus
2162 5414 2230 5467 ab
2270 5414 2389 5483 ipso
2415 5416 2594 5468 ablata
2624 5426 2791 5471 esset.

104 5509 484 5579 πλησθέντος.
517 5509 640 5561 Ἔτι
670 5507 776 5579 γάρ
800 5507 1014 5577 καὶτῆς
1046 5507 1424 5570 παιδοκτονίας
1446 5509 1689 5579 ἀνηλεῶς
1732 5509 2055 5578 γενομένης,
2116 5508 2290 5579 δειλία
2340 5511 2433 5561 καὶ
2489 5512 2719 5583 ἀπονοίᾳ⁵
2775 5514 2854 5566 ἔτι
2903 5512 3082 5584 ζητῶν
3150 5509 3219 5585 ἦν
3281 5514 3378 5565 τὸν

101 5602 383 5672 τεχθέντα
424 5600 655 5670 βασιλέα
687 5616 701 5630 ⁸
738 5600 832 5653 καὶ
868 5602 969 5652 οὐκ
1021 5600 1300 5654 ἐπαύσατο
1346 5604 1547 5654 στένων
1593 5606 1701 5655 ’καὶ
1739 5604 1979 5672 τρέμων,
2012 5604 2119 5665 ἕως
2157 5596 2218 5656 οὗ
2255 5604 2286 5672 ὴ
2322 5603 2468 5675 ψυχὴ
2503 5604 2667 5659 αὑτοῦ
2700 5608 2969 5679 ἀφαιρέθη
3034 5608 3129 5663 ἀπ’
3191 5609 3380 5666 αὑτοῦ.

1637 5694 1868 5750 NOTAE.

194 5790 279 5857 (1)
306 5792 407 5845 Hic
443 5788 607 5847 docet
634 5800 827 5846 auctor
867 5806 926 5847 se
963 5792 1167 5853 vixisse
1206 5794 1388 5850 medio
1430 5796 1630 5851 smeulo
1650 5797 1856 5851 Christi
1881 5807 2090 5852 octavo.
