4022 6154
463 353 560 412 Ῑ5ὕ

1542 356 1598 411 S.
1635 353 1898 412 JULlANl
1935 349 2242 407 EPISCOPI
2285 350 2625 407 TOIJBTANI

3607 355 3706 417 73¢,

451 468 508 524 in
531 467 783 539 paradiso
805 467 1056 532 servavit,
1077 481 1238 536 quem
1265 467 1388 538 gula
1417 468 1580 523 abeo
1605 465 1841 536 dejecita
1869 464 2021 539 (Gen.
2055 477 2102 536 Α
2129 463 2387 534 Pauperis
2439 478 2630 518 manus
2681 473 2764 518 est
2813 462 3047 519 Abrahae
3093 465 3266 530 sinus,
3311 466 3402 523 ubi
3449 467 3710 538 quidquid

456 575 514 627 ιι,
555 556 643 623 l6,
681 557 785 622 i7;
856 573 938 622 ιιι,
985 556 1018 611 6
1051 555 1204 628 seq.).
1257 557 1370 612 Hoc
1422 557 1536 613 Noe
1579 558 1633 612 in
1677 573 1802 613 arca
1847 567 2030 613 custo-

452 647 602 712 divit,
635 646 849 716 quando
887 647 1146 702 mundum
1192 647 1426 702 ebrietas
1469 647 1742 702 demersit.
1795 648 1872 701 De
1926 647 2030 701 hoc

449 735 550 790 Lot
588 735 766 808 ignem
817 736 1068 790 restinxit
1103 735 1490 792 Sodomiticum
1515 737 1566 802 ι),
1613 738 1705 806 qui
1732 753 1828 807 per
1855 737 2047 791 ebrio—-

451 832 614 880 tatem
649 825 837 880 incesti
884 841 1072 894 passus
1097 834 1179 879 est
1221 825 1526 880 incendium
1559 837 1579 864 ε
1615 825 1768 898 (Gen.
1816 841 1929 890 nx,
1960 825 2022 878 51

447 914 602 988 δρψ).
643 916 756 971 Hoc
797 916 1006 987 Moyses
1043 917 1248 971 amicus
1295 916 1410 982 Dei,
1447 925 1500 972 et
1543 916 1708 970 divini
1760 915 2029 986 particeps

449 1007 660 1060 consilii
683 1005 796 1060 ﬁeri
813 1006 1038 1071 meruit,
1054 1008 1266 1076 quando
1288 1007 1513 1076 populus
1537 1008 1752 1078 crapula
1780 1016 1834 1062 et
1855 1007 2030 1062 ebrie-

449 1105 560 1153 tate
584 1099 653 1153 ad
683 1097 1040 1153 idololatriam
1069 1099 1225 1158 rediit
1247 1098 1273 1137 ἀ
1315 1098 1515 1169 (Exod.
1542 1115 1689 1164 xnv,
1715 1097 1780 1152 18
1805 1115 1818 1162 ;
1854 1113 2022 1160 xxx",

385 1203 417 1229 τί
447 1189 472 1242 1
512 1187 665 1260 δαίμ).
695 1188 808 1244 Hoc
855 1189 1028 1244 Eliam
1078 1190 1145 1244 ad
1181 1189 1377 1244 cmlum
1407 1189 1652 1259 provexit
1678 1199 1701 1226 ο
1728 1186 1849 1260 (IlI
1893 1185 2022 1255 Reg.

443 1296 554 1344 xxx,
602 1281 668 1342 8;
723 1278 806 1334 IV
846 1279 974 1350 Reg.
1025 1296 1100 1342 ιι,
1156 1279 1266 1350 ll).
1309 1279 1422 1333 lloc
1467 1276 1726 1332 Joannem
1780 1276 1836 1330 in
1885 1277 2028 1330 natis

445 1373 727 1428 mulierum
779 1372 1039 1441 majorem
1085 1371 1232 1425 fecit.
1277 1370 1409 1434 Hoc,
1452 1368 1731 1438 jejunante
1777 1368 2020 1432 Domino,

441 1463 640 1518 diaboli
681 1462 903 1517 insidias
936 1461 1208 1530 patefecit.
1241 1461 1496 1514 Diabolus
1531 1461 1694 1524 enim,
1737 1459 1829 1528 qui
1874 1474 2025 1514 man-

441 1560 726 1608 ducantem
773 1558 1168 1621 contempserat
1204 1549 1496 1616 Christum,
1545 1551 1634 1606 ubi
1668 1566 1776 1605 non
1803 1549 2028 1604 mandu-

440 1654 656 1700 cantem
702 1643 720 1682 ί
779 1642 930 1706 vidit,
987 1643 1292 1710 suspicatur
1339 1641 1528 1705 Deum,
1583 1641 1676 1695 Dei
1740 1641 2026 1696 conﬁtetur

445 1733 656 1790 Filium.
692 1733 753 1790 Si
773 1732 820 1786 F
824 1732 946 1788 ilius
988 1731 1106 1798 Dei,
1138 1732 1332 1800 inquit,
1369 1748 1442 1796 es,
1479 1731 1584 1795 dic,
1633 1741 1686 1785 ut
1713 1731 1910 1802 lapides
1941 1731 2027 1784 isti

2129 570 2333 626 pauper
2359 555 2574 626 accipit,
2603 571 2727 611 mox
2753 556 2980 625 reponit.
3015 555 3204 612 Manus
3241 559 3394 627 egeni
3426 560 3712 618 thesaurus

2128 655 2212 702 est
2239 645 2396 700 cmli:
2431 646 2574 715 quod
2609 645 2852 716 suscipit,
2883 661 2950 701 ne
2999 646 3054 700 in
3094 656 3238 702 terra
3268 657 3473 717 pereat,
3505 651 3645 706 uelo
3672 663 3711 692 ω

2127 737 2486 793 commendat.
2515 737 2884 792 Thesaurisate
2919 738 3090 803 vobis,
3125 738 3323 807 inquit;
3360 741 3632 797 thesauros
3657 744 3714 798 in

2127 828 2254 882 cmlo
2299 827 2366 898 (υ.
2409 827 2520 898 20).
2575 827 2765 882 Manus
2811 829 3040 884 mendici
3071 839 3096 866 ιι
3136 830 3576 900 gazophylacium
3631 844 3713 888 est

2127 915 2364 982 Christi;
2393 916 2518 986 quia
2562 915 2818 985 quidquid
2862 931 3066 984 pauper
3101 917 3314 985 accipit,
3361 917 3611 976 Christus
3656 921 3714 976 in

2128 1022 2238 1063 suae
2259 1009 2445 1078 gratiae
2469 1023 2652 1063 arcam
2679 1009 2888 1076 reponit
2915 1019 2960 1059 υ.
2986 1009 3062 1062 Da
3087 1024 3216 1076 ergo
3239 1011 3462 1079 pauperi
3489 1020 3712 1078 terram,

2128 1108 2189 1154 ut
2231 1099 2468 1169 accipias
2514 1099 2710 1154 caelum
2742 1117 2756 1152 :
2794 1101 2859 1155 da
2909 1116 3210 1166 nummum,
3258 1109 3320 1155 ιιι
3353 1103 3589 1170 accipias
3625 1117 3712 1158 re-

2127 1206 2288 1260 gnum
2321 1208 2342 1248 ι
2362 1191 2429 1245 da
2457 1189 2672 1255 micam,
2698 1198 2758 1244 ut
2784 1191 3017 1258 accipias
3041 1197 3212 1246 totum
3240 1209 3254 1244 :
3285 1193 3352 1246 da
3380 1193 3620 1260 pauperi,
3651 1202 3710 1248 ut

2128 1281 2224 1336 des
2255 1281 2373 1347 tibi,
2420 1283 2546 1352 quia
2573 1283 2798 1352 pauperi
2823 1283 3082 1352 quidquid
3119 1283 3347 1348 dederis,
3372 1293 3429 1340 tu
3468 1285 3712 1339 habebis.

2127 1371 2338 1440 Pauper
2383 1373 2673 1427 humanam
2719 1373 2855 1442 petit
2897 1373 3339 1438 iitisericordiam,
3384 1382 3444 1432 ut
3481 1376 3716 1445 accipias

2128 1463 2362 1518 divinam
2391 1475 2438 1516 ι).
2479 1463 2575 1518 Est
2607 1465 2752 1519 enim
2783 1464 2838 1518 in
2859 1463 2997 1518 coelo
3037 1464 3424 1529 misericordia,
3457 1466 3526 1522 ad
3549 1481 3712 1536 quam

2126 1554 2439 1623 pervenitur
2462 1555 2664 1623 pietate
2686 1561 2898 1608 terrena
2927 1565 2976 1607 ιι.
3021 1553 3122 1621 Qui
3151 1554 3217 1610 de
3251 1557 3554 1623 patrocinio
3570 1555 3714 1628 jeju—

2129 1643 2204 1699 nii
2239 1653 2259 1680 ν
2288 1653 2343 1699 ει
2362 1645 2744 1701 misericordiae
2764 1655 2846 1702 est
2876 1656 3078 1711 certus,
3107 1647 3172 1701 de
3192 1647 3348 1702 venia
3371 1647 3441 1702 sit
3469 1663 3720 1717 securus,

2129 1733 2196 1786 de
2219 1734 2555 1790 absolutione
2580 1751 2687 1790 non
2714 1745 2997 1805 suspectus
3023 1747 3068 1789 ε.

440 1839 596 1892 panes
620 1822 772 1893 ﬁant.
824 1819 912 1873 Vel
961 1819 1103 1872 mitte
1135 1829 1185 1873 te
1221 1819 1462 1873 deorsum
1487 1817 1700 1889 (Matth.
1745 1834 1816 1881 tv,
1850 1819 1904 1883 5,
1946 1817 2022 1885 6).
2059 1820 2104 1878 Β
2203 1823 2291 1878 91.
2317 1821 2424 1894 (Ea:
2443 1824 2559 1878 eod.
2585 1842 2743 1879 εει-ππ.
2776 1826 2830 1889 8,
2855 1824 3014 1894 paulo
3049 1835 3161 1896 post
3191 1826 3443 1900 initium.)
3474 1827 3711 1895 Fratres,

441 1911 708 1982 Jejnnium
731 1919 816 1966 est
839 1926 992 1968 mors
1007 1909 1280 1974 vitiorum,
1309 1909 1417 1964 vita
1439 1909 1695 1963 virtutum
1733 1907 1840 1980 (Ex
1863 1924 2031 1986 scrin.‘

440 2009 491 2068 8,
533 2006 674 2060 circa
712 2001 982 2071 medium).
1013 2001 1109 2056 Est
1139 2000 1397 2070 jejunium
1424 2016 1526 2070 pax
1554 2000 1764 2069 corpori
1793 2001 1838 2064 ε,
1860 1998 2024 2054 decus

444 2095 827 2158 membrorum,
856 2101 1231 2147 ornamentum
1277 2092 1418 2146 vitaz.
1452 2091 1549 2145 Est
1568 2089 1830 2159 jejunium
1861 2092 2026 2145 robur

441 2205 468 2236 ξ.
493 2183 718 2248 entiam,
755 2182 904 2252 vigor
939 2181 1152 2235 anima).
1191 2181 1286 2235 Est
1313 2179 1577 2248 jejunium
1613 2179 1877 2235 castitatis
1907 2197 2026 2234 mu-

439 2291 548 2338 rus,
600 2274 869 2344 pudicitia:
915 2272 1408 2344 propugnaculum,
1457 2271 1646 2326 civitas
1697 2271 2019 2326 sanctitatis.

439 2368 533 2422 Est
587 2363 850 2434 jejunium
902 2363 1176 2433 religionis
1232 2363 1570 2434 gymnasium
1623 2361 1670 2422 ιι.
1727 2363 2024 2432 magisterii

439 2455 822 2526 magisterium,
863 2453 1266 2522 disciplinarum
1310 2451 1609 2521 disciplina.
1651 2450 1744 2505 Est
1759 2449 2022 2520 jejunium

437 2547 814 2604 ecclesiastica:
847 2545 946 2599 via:
969 2545 1218 2599 viaticum
1255 2543 1508 2600 salutare.
1536 2544 1632 2604 Est
1649 2539 1912 2612 jejunium
1939 2543 2024 2597 in-

442 2639 616 2692 vietus
637 2637 957 2692 Christiana:
985 2635 1188 2693 militia:
1209 2635 1564 2706 principatus.

505 2730 594 2786 90.
627 2729 735 2802 (Ex
766 2727 990 2798 eodem.)
1025 2725 1132 2782 Sed
1154 2727 1210 2780 in
1231 2727 1314 2780 his
1341 2723 1862 2792 omnibusjejunium
1892 2731 2022 2777 tunc

439 2821 598 2892 viget,
638 2828 768 2874 tunc
811 2819 1126 2886 triumphat,
1167 2816 1302 2871 (luce
1351 2816 1739 2878 misericordia,
1777 2829 1900 2868 cum
1930 2828 2020 2867 re-

435 2918 638 2984 pugnat
666 2912 708 2964 ί.
733 2909 1098 2964 Misericordia
1135 2916 1189 2962 et
1218 2907 1390 2975 pietas
1412 2905 1602 2974 jejunii
1631 2911 1756 2959 sunt
1782 2903 1899 2969 alas,
1925 2917 2024 2972 per

436 3019 570 3076 quas
608 3001 829 3064 tollitur,
861 3007 916 3056 et
937 3000 1003 3055 ad
1029 2998 1224 3053 calum
1251 3004 1514 3066 portatur,
1562 2996 1677 3048 sine
1718 2994 1913 3065 quibus
1932 2991 2022 3061 ja-

437 3105 542 3161 cet,
565 3103 620 3150 et
645 3095 700 3149 in
724 3102 868 3148 terra
891 3091 1182 3146 volutatur.
1209 3089 1476 3158 Jejnnium
1504 3089 1620 3142 sine
1655 3086 2023 3142 misericordia

438 3185 784 3243 simulacrum
825 3184 985 3238 famis
1019 3191 1120 3246 est,
1159 3181 1416 3236 sanctitas
1454 3196 1583 3234 vero
1629 3179 1769 3238 nulla
1801 3177 1847 3232 ἱ.
1895 3178 2025 3232 Sine

438 3275 806 3333 misericordia
823 3272 1086 3342 jejunium
1115 3288 1220 3326 non
1251 3271 1531 3340 parcitatis
1561 3280 1643 3326 est
1665 3268 2022 3339 propositum,

438 3369 533 3424 sed
560 3367 800 3422 avaritia:
831 3365 1064 3421 occasio.
1100 3363 1340 3418 Pessima
1370 3364 1485 3418 haec
1512 3371 1596 3418 est
1620 3347 1886 3430 parcitas;
1907 3376 2026 3430 qua:

439 3468 700 3530 quantum
745 3459 984 3514 siccatur
1027 3459 1082 3512 iu
1129 3472 1374 3526 corpore,
1415 3463 1624 3510 tantum
1679 3453 1930 3508 tumescit
1969 3453 2024 3508 in

441 3551 629 3617 animi,
661 3550 746 3604 vel
774 3550 868 3604 lini
909 3549 1126 3604 saccqu
1157 3548 1205 3602 ιι.
1243 3545 1512 3614 Jejuninm
1559 3546 1675 3600 sine
1721 3543 2026 3599 misericor-

443 3643 530 3700 dia
566 3656 672 3696 non
703 3649 787 3695 est
825 3639 1012 3701 virtus,
1046 3639 1142 3694 sed
1161 3636 1482 3708 hypocrisis,
1513 3635 1740 3690 Domino
1769 3633 1979 3688 dicente
2009 3647 2024 3686 :

441 3732 574 3788 Cum
595 3731 876 3801 jejunatis,
906 3729 1063 3783 nolite
1094 3729 1210 3798 ﬁeri
1241 3729 1372 3783 sicut
1401 3727 1683 3802 hypocrita:
1713 3725 1924 3796 (Matth.
1949 3740 2024 3791 v1,

443 3823 555 3894 16).
579 3821 680 3888 Qui
693 3820 963 3890 jejunans,
989 3819 1272 3888 prandium
1323 3835 1476 3873 suum
1527 3834 1633 3872 non
1688 3825 1896 3887 erogat,
1933 3817 2028 3871 sed

444 3912 658 3983 reponit
689 3910 732 3976 ι,
763 3911 1044 3980 cupiditati
1076 3912 1336 3980 probatur
1353 3907 1616 3976 jejunare,
1646 3925 1752 3964 non
1789 3908 2024 3962 Christo.

441 4001 758 4072 lejunantes
777 4015 925 4069 ergo,
952 4001 1235 4070 prandium
1269 4009 1510 4054 nostrum
1553 3999 1606 4052 in
1643 4014 1802 4052 manu
1827 4013 2028 4068 paupe-

445 4093 522 4150 ris
551 4107 892 4168 reponamus,
921 4090 1065 4160 quod
1088 4097 1278 4144 venter
1295 4088 1454 4144 nobis
1481 4087 1656 4143 fuerat
1699 4089 2025 4160 perditurus.

519 4261 545 4291 ει
577 4249 740 4314 Edit.,
767 4264 919 4318 quem
939 4245 1060 4318 inde
1089 4244 1316 4318 detrusit
1338 4242 1483 4318 gula.

519 4320 544 4358 δ
577 4313 743 4383 Edit.,
780 4313 877 4389 per
897 4319 994 4370 hoc
1025 4315 1120 4368 Lot
1154 4313 1536 4370 Sodomiticum
1581 4315 1818 4370 restinxit
1855 4317 2030 4370 incen-

446 4391 732 4523 ώῑιξηῖἓίόίιη
763 4469 837 4512 est
861 4458 1076 4511 adustus
1100 4457 1359 4510 incendio.

2115 1909 2378 1980 jejunium
2415 1914 2608 1980 esurit,
2657 1913 2922 1986 jejunium
2977 1917 3112 1980 sitit,
3160 1916 3303 1984 quod
3341 1933 3449 1973 non
3495 1920 3717 1988 pietatis

2123 1999 2244 2054 cibo
2271 2002 2538 2069 pascitur,
2568 2004 2713 2073 quod
2737 2013 2867 2073 potu
2913 2003 3298 2059 misericordiae
3327 2022 3434 2060 non
3481 2008 3717 2076 rigatur.

2122 2086 2279 2158 Alget
2306 2087 2594 2157 jejunium,
2621 2091 2947 2147 abstinentia
2979 2093 2994 2128 ι
3027 2092 3228 2158 deﬁcit,
3249 2095 3394 2163 quod
3419 2112 3526 2152 non
3553 2097 3720 2154 mise-

2124 2177 2373 2234 ricordia:
2412 2191 2437 2218 υ
2466 2180 2636 2236 vellus
2665 2180 2870 2253 [Fors.,
2901 2181 3100 2255 velum]
3135 2184 3284 2254 tegit,
3313 2186 3457 2254 quod
3494 2190 3720 2246 misera-

2123 2269 2285 2324 tionis
2308 2271 2692 2326 vestimentum
2718 2289 2824 2328 non
2855 2275 3086 2343 operuit.
3115 2273 3269 2341 Quod
3300 2292 3392 2332 ver
3413 2284 3497 2332 est
3521 2279 3640 2333 solo
3667 2289 3715 2348 ν,

2123 2357 2227 2412 hoc
2256 2358 2679 2415 misericordiam
2727 2361 2928 2416 scimus
2971 2377 3092 2417 esse
3126 2361 3353 2432 jejunio.
3387 2364 3540 2420 Sicut
3567 2369 3718 2422 enim

2123 2448 2273 2502 verni
2300 2447 2455 2504 flatus
2491 2451 2686 2507 ﬂorere
2714 2451 2843 2506 facit
2869 2468 3182 2523 camporum
3218 2456 3482 2524 gramina,
3526 2457 3600 2512 ita
3629 2457 3719 2528 je—

2115 2531 2268 2601 junio
2315 2535 2490 2591 solum
2544 2539 2792 2607 producit
2839 2539 3022 2595 ﬂorem
3071 2543 3456 2600 misericordia:
3481 2559 3533 2598 ι.
3559 2546 3719 2613 Quod

2123 2625 2302 2680 oleum
2354 2625 2588 2682 lucernas
2623 2637 2724 2694 est,
2761 2631 2863 2686 hoc
2906 2629 3108 2700 jejunio
3148 2633 3342 2702 pietas.
3388 2635 3540 2691 Sicut
3569 2639 3718 2694 enim

2122 2712 2226 2768 olei
2259 2713 2528 2784 pinguedo
2563 2717 2743 2773 lumen
2775 2719 3008 2776 lucerna:
3055 2721 3185 2777 facit
3232 2724 3512 2794 perlucere
3550 2736 3602 2793 1,
3637 2729 3721 2786 sic

2123 2808 2294 2879 pietas
2326 2807 2590 2876 jejunium
2619 2810 2749 2866 facit
2793 2813 3096 2883 splendere.
3138 2809 3292 2882 Quod
3331 2818 3437 2872 diei
3480 2819 3562 2874 sol
3609 2829 3717 2886 est,

2125 2898 2228 2954 hoc
2255 2900 2594 2972 eleemosyna
2637 2905 2868 2958 sentitur
2899 2915 2920 2944 ι
2957 2921 3077 2962 esse
3111 2904 3337 2975 jejunio.
3377 2909 3530 2966 Sicut
3566 2914 3722 2968 enim

2118 2988 2282 3058 jubar
2309 2992 2436 3047 solis
2464 2993 2746 3048 clariorem
2778 2995 2909 3050 facit
2955 2997 3117 3062 diem,
3169 3007 3224 3054 et
3273 3009 3438 3057 totam
3483 3004 3722 3060 nubium

2125 3083 2386 3155 dispergit
2409 3085 2830 3152 obscuritatem;
2869 3087 2948 3143 sic
2991 3088 3333 3160 eleemosyna
3367 3091 3558 3160 jejunii
3589 3111 3723 3151 san-

2047 3152 2098 3218 c
2129 3152 2332 3231 ctilicat
2380 3177 2741 3241 sanctitatem,
2785 3187 3060 3249 totamque
3121 3152 3439 3250 cupiditatis
3479 3196 3721 3244 mortem

2127 3264 2329 3320 lumine
2377 3265 2594 3337 pietatis
2616 3266 2854 3323 excludit
2880 3281 2960 3323 ιι.
2997 3269 3076 3323 Ac
3102 3285 3171 3324 ne
3205 3271 3390 3328 multis
3415 3289 3600 3330 morer
3632 3275 3722 3344 δὲ»,

2127 3355 2269 3424 quod
2291 3355 2503 3425 corpori
2523 3357 2702 3410 anima
2725 3365 2825 3422 est,
2851 3358 2956 3414 hoc
2975 3357 3184 3428 jejunio
3213 3361 3434 3432 largitas
3461 3364 3721 3422 habetur.

2127 3443 2280 3510 Quod
2299 3444 2344 3500 si
2366 3445 2506 3500 absit
2531 3461 2563 3499 a
2582 3445 2787 3515 jejunio
2805 3447 3133 3518 hypocrisis,
3155 3458 3208 3506 et
3229 3451 3512 3520 cupiditas,
3539 3455 3727 3524 splen-

2127 3534 2302 3590 didior
2328 3542 2412 3591 est
2437 3536 2651 3603 animae,
2679 3537 2824 3609 quod
2859 3539 3058 3594 mundo
3103 3537 3250 3611 [Leg.
3280 3555 3444 3610 quam
3490 3542 3726 3618 mundo]

2128 3629 2256 3684 solis
2281 3630 2518 3686 claritas.

2197 3721 2287 3775 92.
2330 3721 2437 3794 (Ea:
2465 3737 2623 3776 serm.
2656 3720 2734 3793 7.)
2779 3721 3092 3792 llypocrisis
3121 3720 3317 3777 subtile
3359 3720 3585 3786 malum,
3633 3737 3728 3778 se-

2128 3821 2334 3867 cretum
2362 3813 2528 3877 virus,
2551 3827 2815 3867 venenum
2851 3813 3046 3878 latens,
3076 3813 3333 3868 virtutum
3364 3810 3542 3877 fucus,
3572 3813 3725 3868 tinea

2129 3903 2790 3976 sanctitatis..llypoerisis
2833 3918 3022 3960 secura
3049 3902 3285 3968 simulat,
3324 3917 3586 3973 prospera
3613 3902 3728 3956 lal-

2129 3993 2210 4060 lit,
2252 3995 2464 4050 curiosa
2507 3995 2786 4059 mentitur,
2834 3993 3036 4049 crudeli
3084 4001 3201 4048 arte
3241 3993 3472 4048 virtutes
3502 3999 3732 4047 truncat

2129 4098 2387 4139 mucrone
2419 4083 2680 4138 virtutum
2724 4098 2737 4136 :
2779 4081 3042 4152 jejunium
3083 4081 3290 4151 jejunio
3327 4082 3570 4154 perimit,
3596 4097 3730 4138 ora-

2203 4249 2230 4288 p
2265 4236 2406 4291 Edit.
2459 4237 2618 4293 aliter
2667 4254 2681 4290 :
2743 4235 3047 4289 Humanam
3119 4233 3533 4290 misericordiam
3595 4235 3728 4303 petit

2130 4307 2345 4381 (Deus),
2370 4315 2426 4360 ut
2464 4306 2725 4377 largiatur
2759 4307 3009 4381 divinant.

2202 4391 2228 4430 ιι
2255 4374 2417 4441 Edit.,
2441 4393 2533 4446 per
2549 4374 2790 4436 terrenas
2813 4374 3220 4446 misericordias.

2209 4463 2230 4490 r
2263 4448 2421 4502 Deest
2443 4445 2508 4500 in
2534 4446 2663 4500 edit.
2688 4445 2906 4516 jej-unii.

515 4530 542 4569 ἀ
570 4501 736 4584 Εἶιὶιὲ
771 4528 884 4582 Hoc
917 4527 1096 4580 Mosen
1117 4527 1276 4580 divini
1307 4528 1522 4594 [erroris
1545 4529 1662 4597 fecit
1689 4525 1885 4597 luntine
1913 4544 2030 4596 per-
2057 4501 2106 4564 υ
2205 4534 2225 4597 f
2256 4517 2430 4597 ἔξιμεν
2457 4533 2560 4597 {to}!
2591 4501 2804 4597 ίέιιθῗεὲιι

449 4601 656 4670 ducere,
696 4597 905 4670 quando
946 4597 1248 4650 comessatio
1287 4607 1352 4670 ‘et
1412 4594 1654 4670 ebrietas
1678 4594 2028 4650 Israeliticunt

447 4665 1131 4741 populant'simulacrorum
1163 4665 1441 4721 tenebravit
1467 4667 1750 4721 erroribus.

523 4751 547 4780 ο
571 4739 738 4804 Edit.,
764 4737 1011 4807 pervexit.

526 4809 546 4848 ί
579 4809 744 4874 Edit.,
767 4806 859 4860 ubi
872 4807 1226 4877 jejunantcnt.
1578 4875 1605 4877 __
1953 4853 1958 4856 .

525 4881 549 4920 ε
571 4877 691 4933 Pax
743 4874 946 4947 corpori
991 4874 1395 4930 curendavnnus
1433 4890 1499 4930 ex
1527 4875 1680 4940 edit.,
1712 4890 1836 4928 cum
1871 4885 2027 4929 antea

453 4951 723 5062 leaeretur
745 4963 867 5019 pars
891 4947 1140 5071 corporis.

577 5020 721 5071 Edit.
779 5032 879 5071 nro
921 5035 976 5071 re
997 5019 1138 5071 iaton

577 5020 721 5075 Edit.
745 5013 756 5019 ’
779 5032 879 5088 pro
921 5013 1186 5087 religionis
1235 5016 1564 5084 gymnasium
1607 5015 1806 5070 habent
1854 5013 2030 5069 schola

451 5091 776 5146 meritorum.

529 5161 546 5236 ξ
767 5165 984 5236 pugnat.

526 5228 548 5279 ἱ
579 5229 742 5294 Edit.,
767 5228 940 5298 imago
966 5230 1112 5284 nulla
1147 5241 1221 5285 est
1242 5228 1552 5284 sanctitatis.

452 5302 460 5307 ⁷
523 5301 551 5340 ι
586 5301 730 5356 Edit.
754 5317 768 5353 :
803 5295 930 5355 Sine
953 5301 1142 5369 pietate
1157 5299 1421 5370 jejunium
1451 5298 1654 5370 occasio
1676 5305 1752 5370 est
1776 5295 2025 5357 auaritiae,

456 5382 561 5425 non
581 5380 654 5424 est
673 5367 994 5440 propositum
1013 5367 1280 5439 parcitatis
1298 5385 1315 5432 ;
1336 5369 1460 5439 quia
1480 5369 1708 5440 parcitas
1726 5367 1834 5440 ista
1861 5381 2029 5440 quan-

456 5445 566 5510 tum
583 5433 821 5510 siccatur
855 5441 910 5510 in
959 5433 1189 5510 corpore,
1221 5433 1420 5493 tantum
1457 5433 1693 5490 tumescit
1719 5437 1772 5488 in
1798 5433 2026 5488 sacculo.

502 5506 551 5555 .1
580 5508 723 5580 ﬁdit.
751 5506 1103 5580 hicideponit,
1138 5525 1244 5580 non
1275 5519 1380 5563 tam
1411 5515 1574 5561 recte.

531 5589 571 5618 αι
593 5578 734 5634 Edit.
771 5595 783 5630 :
824 5573 1117 5633 Thesaurus
1145 5579 1256 5634 cmli
1291 5587 1366 5632 est
1392 5594 1578 5630 manus
1602 5576 1877 5646 pauperis;
1895 5573 2032 5644 quod

457 5648 690 5772 tusciEit,
723 5664 786 5701 ne
811 5649 868 5701 in
892 5658 1032 5700 terra
1053 5658 1246 5717 pereat,
1278 5647 1475 5718 reponit
1499 5648 1554 5700 in
1583 5645 1784 5700 cazlum.

533 5728 558 5756 η
635 5718 750 5772 dit...
777 5717 1039 5772 muneris.

533 5728 558 5756 η
588 5717 750 5780 Edit.,
775 5717 1039 5786 pauperis.

535 5795 560 5823 °
597 5787 738 5848 Edit.
790 5786 1025 5840 Christus
1050 5794 1297 5839 acccotat.

2209 4592 2227 4628 ί
2256 4587 2422 4652 Edit.,
2442 4586 2732 4657 jejunium.

2201 4673 2230 4700 ιι
2261 4657 2426 4720 Edit.,
2446 4655 2811 4724 eleemosyna.

2201 4739 2226 4767 τ
2253 4729 2417 4790 Edit.,
2449 4729 2622 4779 terris.

2205 4813 2226 4839 κ
2257 4799 2398 4853 Edit.
2433 4815 2444 4849 :
2479 4796 2552 4848 ita
2581 4795 2940 4850 misericordia
2987 4805 3096 4847 tota
3131 4794 3327 4864 jejuuii
3377 4795 3575 4847 semina
3601 4811 3731 4862 pro-

2131 4870 2274 4924 ducit
2300 4871 2355 4922 in
2376 4868 2578 4936 ﬂorem.

2202 4948 2229 4986 Υ
2261 4933 2402 4994 Edit.
2436 4953 2448 4989 :
2478 4935 2611 4989 sicut
2639 4939 2864 4992 lucerna:
2889 4933 3064 4987 lumen
3094 4933 3193 4986 olei
3213 4933 3474 5003 pinguedo
3505 4949 3732 4986 sacram

2130 5010 2227 5074 dit,
2263 5019 2309 5063 et
2350 5005 2616 5075 moderato
2663 5016 2816 5075 pastu
2867 5005 2993 5074 facit
3033 5003 3162 5056 illud
3216 5004 3284 5056 ad
3336 5004 3499 5056 totius
3553 5006 3734 5058 noctis

2127 5081 2355 5149 spatium
2385 5074 2668 5149 perlucere.

2204 5159 2226 5186 ι
2257 5146 2423 5210 Edit.,
2465 5146 2714 5198 noscitur.

2203 5232 2262 5260 ιιι
2290 5218 2445 5272 Hunc
2479 5215 2656 5269 locum
2691 5215 2744 5268 in
2770 5213 3021 5268 Biblioth.
3056 5213 3273 5266 Patrum
3299 5213 3374 5266 ita
3409 5212 3734 5281 legebamus

2130 5289 2405 5358 aliquanto
2429 5286 2800 5358 perturbatum
2830 5301 2842 5338 :
2866 5285 3019 5358 Δδὶίιιι
3061 5283 3393 5358 enimjubar
3439 5280 3589 5358 satis
3605 5280 3739 5358 fla-

2133 5349 2327 5417 rioi'em,
2352 5349 2476 5428 facit
2513 5356 2698 5428 diem:
2727 5355 2809 5428 sic,
2829 5353 3153 5428 cleciztosyna
3174 5353 3390 5428 jejunii
3422 5349 3737 5428 sanctificat

2131 5422 2478 5485 sanctitatem.
2518 5424 2584 5477 Et
2615 5426 2748 5477 sicut
2797 5423 2931 5477 idem
2963 5422 3080 5492 (pro
3130 5422 3265 5475 idem
3293 5423 3437 5491 quod
3466 5435 3738 5492 reposue-

2133 5508 2260 5554 runt
2287 5499 2538 5557 editores,
2575 5497 2853 5563 legebatur
2875 5490 2984 5546 tota
3014 5492 3066 5545 in
3099 5494 3226 5563 ms.)
3254 5490 3471 5563 nubium
3497 5490 3737 5563 obscura

2133 5569 2401 5638 dispergit,
2432 5567 2505 5638 ita
2527 5557 2794 5638 jejunium
2841 5573 3006 5616 totum
3051 5561 3350 5638 cupiditatis
3384 5557 3740 5638 mortemnlu~

2137 5627 2272 5692 mine
2299 5627 2504 5707 pietatis
2527 5627 2756 5688 eaeam
2772 5651 2790 5697 ;
2819 5647 2916 5688 nos
2941 5627 3270 5686 restituimus
3296 5646 3362 5684 es
3395 5627 3742 5685 editioniitus

2137 5707 2448 5776 Chrysologi
2460 5746 2472 5758 .

2211 5773 2269 5818 δῖ’
2299 5777 2438 5834 Ειιξι.
2476 5775 2665 5829 melius
2698 5773 2957 5828 immorer.
