4022 6154
455 364 564 418 7'59

1561 366 1619 419 S.
1659 362 1924 421 JULIANI
1960 361 2266 421 EI'ISCOPI
2305 366 2651 423 TOLETANI

3630 375 3736 431 760

451 493 503 539 ct
543 483 598 536 in
631 480 883 536 omnibus
904 480 1110 535 habitet
1153 480 1422 535 universa.
1493 480 1611 535 Non
1650 481 1952 535 minoratur
1981 481 2036 535 in
2069 484 2112 541 A
2143 482 2336 537 ﬁducia
2371 484 2548 539 dicere
2584 499 2894 540 mereamur
2925 500 2959 541 e
2988 486 3179 541 terris:
3238 484 3399 544 Pater
3422 497 3609 545 noster
3643 491 3743 562 qui

452 574 713 640 minimis,
758 588 863 627 non
898 581 1125 643 augetur
1150 572 1205 625 in
1229 572 1438 640 magnis
1459 583 1506 624 ιι.
1556 571 1671 627 Νοη
1701 570 2043 627 concluditur

454 674 727 733 tempore,
778 678 887 717 non
928 662 1247 731 astringitur
1312 662 1631 730 quantitate.
1710 660 1826 715 Non
1886 660 2041 715 initio

452 764 650 823 empta,
674 754 1034 809 nontermino
1063 753 1315 806 ﬁnienda.
1376 752 1422 805 Α
1466 767 1572 822 quo
1605 760 1753 806 totus
1794 753 1958 807 homo
1987 758 2043 806 et

453 853 671 901 creatus
699 855 781 899 est
804 845 871 899 ad
885 843 1154 913 justitiam
1180 843 1296 898 sine
1320 852 1558 913 peccato,
1582 851 1637 898 et
1661 851 1939 912 reparatus
1958 848 2042 897 est

454 943 575 1005 post
606 937 814 991 ruinam
855 935 1120 1009 sacriﬁcio
1157 934 1393 1004 ejusdem
1424 934 1626 989 Christi
1663 934 2039 990 mundissimo.

455 1026 558 1081 Per
580 1027 755 1096 ipsum
785 1041 945 1097 quem
969 1025 1022 1080 in
1046 1027 1253 1080 unitate
1283 1028 1436 1080 trime
1462 1026 1680 1081 virtutis
1716 1026 2043 1082 conlaudant

453 1119 696 1174 cmlestia
720 1119 925 1188 pariter
948 1127 1002 1172 et
1046 1126 1283 1183 terrena,
1324 1119 1580 1188 hymnum
1629 1117 1770 1173 dulci
1804 1116 2045 1172 modula-

453 1209 601 1264 tione
617 1209 1029 1279 proclamantia,
1062 1217 1226 1277 atque
1248 1210 1321 1262 ita
1348 1209 1602 1263 dicentia.
1655 1207 1907 1272 Sanctus,
1933 1215 2040 1262 etc.

860 1316 928 1355 AD
966 1317 1274 1357 ORATIONEI
1313 1316 1630 1356 DOMINICAII.

486 1388 487 1393 “
522 1389 833 1461 Accepturi,
887 1390 1085 1445 fratres
1125 1390 1453 1457 charissimi,
1497 1391 1639 1444 intra
1679 1390 1927 1445 mortalia
1959 1390 2043 1445 vi—

456 1496 608 1538 scera
636 1480 858 1537 caeleste
879 1480 1226 1546 sacriﬁcium,
1243 1488 1297 1535 et
1320 1481 1463 1535 intra
1492 1480 1798 1538 cubiculum
1821 1481 2044 1536 humani

454 1572 691 1644 pectoris
744 1572 1012 1643 hospitem
1055 1572 1254 1638 Deum;
1311 1573 1630 1627 mundemus
1685 1571 2046 1627 conscientias

457 1671 668 1719 nostras
693 1664 762 1718 ah
784 1663 930 1718 omni
950 1663 1068 1717 labe
1090 1662 1343 1718 vitiorum
1364 1663 1416 1728 δ,
1465 1671 1523 1717 ut
1557 1662 1690 1718 nihil
1730 1663 1867 1717 sitin
1888 1662 2046 1717 nobis

453 1751 738 1807 subdolum
759 1752 841 1807 vel
872 1753 1192 1821 superbum;
1226 1754 1319 1808 sed
1348 1752 1401 1806 in
1432 1752 1750 1808 humilitatis
1782 1752 2038 1816 studium,

2143 588 2225 640 es,
2253 584 2360 631 etc.

2852 684 3052 725 οιιΑτιο

2144 752 2213 811 In
2230 758 2390 811 missa
2406 756 2744 812 Mozarabtca
2766 767 2883 828 post
2909 776 3160 813 manuum
3181 759 3427 816 lationem
3449 762 3721 818 recitanda-
3735 802 3757 819 .

2212 847 2481 902 Accedam
2524 848 2593 902 ad
2617 856 2670 903 te
2715 848 2769 901 in
2798 848 3104 904 humilitate
3129 849 3352 918 spiritus
3379 851 3515 917 mei,
3552 851 3750 923 loquar

2144 936 2211 991 ad
2243 944 2312 1000 te,
2364 937 2489 1006 quia
2524 936 2747 991 multam
2787 952 2936 1006 spem
2984 938 3039 990 in
3068 937 3378 1007 fortitudine
3417 941 3610 996 dedisti
3634 958 3748 998 me.

2145 1024 2225 1079 Tu
2250 1039 2399 1095 ergo,
2438 1026 2539 1081 Fili
2564 1026 2755 1093 David,
2791 1027 2887 1097 qui
2914 1026 3148 1083 revelato
3171 1029 3431 1098 mysterio
3450 1032 3517 1087 ad
3553 1048 3654 1088 nos
3689 1033 3751 1088 in

2144 1132 2354 1185 carnem
2379 1116 2593 1181 venisti,
2627 1115 2769 1170 clave
2802 1117 2982 1172 crucis
3016 1124 3122 1171 tua:
3155 1126 3363 1173 secreta
3403 1120 3584 1176 cordis
3631 1122 3746 1178 mei

2145 1207 2381 1277 adaperi,
2406 1206 2627 1261 mittens
2646 1222 2813 1260 unum
2825 1207 2892 1261 de
2918 1206 3210 1275 seraphim,
3230 1208 3321 1278 qui
3359 1209 3603 1264 candenti
3625 1228 3753 1264 car-

2144 1300 2274 1354 bone
2298 1298 2390 1353 illo
2417 1300 2507 1371 qui
2543 1299 2609 1354 de
2638 1298 2793 1353 altari
2821 1306 2916 1354 tuo
2950 1298 3189 1353 sublatus
3214 1307 3308 1363 est,
3355 1300 3631 1356 sordentia
3660 1300 3754 1356 la-

2143 1388 2232 1444 bia
2257 1404 2376 1443 mea
2415 1388 2678 1454 emundet,
2715 1397 2948 1444 mentem
2979 1389 3237 1457 enuhilet,
3265 1389 3586 1462 docendique
3626 1406 3756 1445 ma-

2145 1477 2337 1531 teriam
2362 1477 2734 1532 subministret
2751 1517 2766 1543 ,
2791 1486 2851 1532 ut
2873 1478 3073 1547 lingua,
3099 1492 3219 1547 qua:
3238 1479 3607 1547 proximorum
3631 1478 3754 1533 uti-

2145 1567 2284 1624 litati
2304 1585 2402 1639 per
2412 1570 2730 1625 charitatem
2747 1570 2933 1636 servit,
2962 1587 3053 1625 nec
3072 1570 3274 1625 erroris
3308 1571 3511 1624 insonet
3533 1585 3718 1625 casum
3732 1611 3754 1637 ,

2145 1661 2239 1717 sed
2284 1662 2531 1716 veritatis
2573 1661 2783 1716 resultet
2835 1663 2951 1717 sine
2987 1661 3092 1717 ﬁne
3131 1662 3483 1732 praeconium.
3529 1659 3636 1715 Per
3667 1671 3750 1727 te,

2146 1753 2288 1807 Deus
2338 1769 2513 1817 meus,
2555 1754 2645 1827 qui
2693 1753 2820 1808 vivis
2857 1763 2907 1808 et
2961 1769 3150 1824 regnas
3185 1752 3243 1807 in
3285 1753 3483 1808 sa’cuta
3522 1750 3751 1807 saculo-

452 1851 509 1898 ct
541 1844 825 1899 charitatis
850 1859 1126 1901 assensum
1172 1859 1271 1913 per
1293 1857 1475 1898 escam
1510 1852 1565 1897 et
1595 1842 1910 1912 sanguinem
1939 1841 2046 1895 Do-
2081 1824 2123 1884 Β
2152 1858 2288 1897 rum.
2330 1842 2525 1921 Amen.

457 1935 589 1989 mini
615 1935 857 2009 corporis
906 1934 1219 1990 fraternitas
1263 1942 1458 1989 cuncta
1480 1932 1791 2003 copuletur,
1822 1938 1881 1986 ut
1922 1946 2046 1987 cum

527 2066 819 2149 {Samson
854 2069 1020 2149 abbas
1061 2068 1154 2149 lib.
1182 2084 1240 2132 n,
1276 2066 1675 2149 Apologthap.
1703 2064 1815 2149 25,Δ
1835 2061 2044 2149 num.2,
2147 2063 2273 2120 Haec
2315 2072 2586 2146 postrema
2611 2064 2924 2149 verbaque.
2942 2061 3127 2149 italico
3150 2061 3463 2117 charactere
3491 2058 3761 2115 describi-

457 2139 719 2194 duntaxat
753 2140 865 2193 haec
900 2139 1062 2192 verba
1113 2131 1422 2192 transcribit
1449 2131 1475 2190 ἶ
1504 2131 1732 2205 Digitum
1769 2143 1817 2189 et
1838 2133 2045 2205 justum
2145 2149 2284 2198 mus,
2314 2131 2581 2189 nescimus
2601 2148 2669 2187 an
2684 2131 3038 2205 sint’Juliani.

454 2218 550 2271 est,
584 2223 677 2261 nos
700 2208 793 2261 tibi
817 2209 1014 2277 gratias
1036 2225 1207 2278 agere,
1237 2209 1557 2278 omnipotens
1574 2198 1758 2278 Ἥβας,
1787 2198 2046 2278 cujusdi-
2161 2276 2168 2278 _
2216 2206 2244 2245 ιι
2269 2205 2348 2258 En
2368 2205 2529 2278 verba
2545 2219 2663 2278 qua:
2677 2200 3281 2278 Samson‘transfertlib.
3296 2216 3336 2278 ι]
3357 2198 3605 2278 Αρᾳῐος..
3625 2212 3761 2265 cap.

454 2270 682 2336 υἱηίιαιὶε
728 2270 1047 2349 immensitas
1070 2270 1174 2332 ἐἰσ
1194 2270 1202 2274 ⁷
1226 2270 1561 2349 ine/fribiliter
1607 2270 2046 2349 circumplectitur
2152 2276 2245 2349 1‘5,
2269 2291 2417 2349 num.
2446 2274 2481 2328 2
2514 2290 2527 2326 :
2557 2270 2848 2349 Accepturi,
2867 2272 3078 2349 [ratus
3105 2270 3421 2349 charissimi,‘
3442 2270 3584 2349 intra
3606 2282 3758 2349 mpr-

456 2349 655 2412 omnia,
703 2358 756 2401 ut
782 2349 838 2401 in
867 2348 1087 2418 s'ngulis
1111 2336 1363 2418 creaturis
1401 2352 1751 2418 maneattota,
1778 2336 1826 2418 et
1854 2336 1910 2418 in
1937 2359 2047 2396 om-
2152 2336 2715 2418 taliavisceractelestc
2740 2336 3079 2418 sacriﬁcium,
3108 2350 3156 2394 et
3178 2341 3317 2418 intra
3337 2336 3629 2418 cubiculum
3650 2337 3762 2418 Itu-

456 2421 606 2475 nibus
630 2407 822 2471 habitet
845 2407 1101 2473 uniuersa.
1150 2417 1274 2472 Non
1294 2419 1585 2471 minoratur
1600 2415 1654 2468 in
1675 2407 1925 2485 minimis,
1947 2428 2050 2485 non
2153 2415 2297 2468 mani
2330 2414 2547 2485 pectoris
2568 2413 2817 2485 [tospitem
2843 2407 3029 2477 Deum,
3052 2409 3359 2464 mundemus
3378 2407 3538 2463 corda
3560 2415 3760 2462 nostra

455 2498 677 2559 augetur
700 2489 756 2541 in
779 2489 1002 2559 magnis,
1029 2488 1122 2557 qui
1147 2503 1245 2543 nec
1276 2494 1518 2559 augetur,
1567 2499 1668 2539 nec
1700 2484 1959 2559 minuitur
1980 2482 2052 2559 _in

455 2551 592 2624 ulli);
627 2565 682 2613 et
705 2551 887 2613 tamen
913 2551 1249 2628 dona-auget,
1282 2551 1549 2611 etminuit
1572 2554 1777 2623 potenti
1806 2551 2051 2621 imperio.

2154 2485 2219 2539 ab
2246 2481 2385 2539 omni
2410 2482 2524 2537 labe
2560 2481 2877 2537 facinorum.

458 2692 3737 2734 ______________________________________________.

1309 2812 1976 2927 sanun
2074 2736 2830 2928 annum

1767 3030 2113 3092 TOLETANI
2149 3029 2456 3088 EPISCOPI

628 3187 1542 3347 HISTORIA
1651 3192 2908 3381 REBELLIONIS
3019 3190 3588 3351 PAULI

1068 3474 1593 3559 ADVERSUS
1640 3477 2101 3559 WAMBAM
2151 3477 2735 3561 GOTHUBUM
2782 3480 3151 3562 BEGEM.

1640 3730 1641 3733 “
1694 3724 2071 3787 MONITUM
2114 3725 2518 3787 PRIEVIUM.

540 3948 831 4005 Historiam
853 3948 1164 4004 rebellionis
1185 3947 1337 4026 Pauli
1358 3949 1614 4026 adversus
1630 3950 1912 4026 Watnham
1941 3954 2051 4009 Go-
2079 3963 2127 4026 (ζ
2157 3956 2225 4009 ab
2251 3956 2368 4025 ipso
2389 3954 2650 4026 donatos:
2675 3967 2743 4026 ex_
2762 3965 2865 4019 qua
2886 3949 3171 4026 collatione
3190 3948 3753 4026 variantesjectiones

460 4021 682 4091 'thorum
706 4034 1228 4091 regem_,_rerumque
1251 4019 1420 4091 a_h__eo
1442 4019 1542 4074 hac
1569 4021 1852 4091 occasione
1872 4033 2053 4091 gesta-

470 4106 592 4149 rum
617 4090 669 4143 in
691 4087 861 4147 Gallia
885 4087 1238 4151 Narbonensi,
1263 4088 1533 4144 Iulianum
1565 4087 1897 4144 Toletanum'
1914 4092 2058 4147 litte-

470 4161 549 4215 ris
594 4158 939 4230 consignasse
988 4171 1146 4230 nemo
1191 4158 1401 4225 nescit,
1450 4165 1683 4230 testante
1728 4159 1908 4216 Felice
1943 4162 2058 4230 ejus

472 4226 829 4286 encomiaste:
866 4226 968 4281 fuit
993 4228 1137 4283 enim
1165 4228 1617 4298 subsequentibus
1649 4230 1859 4285 saeculis
1883 4226 2058 4286 omni-

470 4301 571 4356 bus
597 4298 872 4355 historicis
914 4313 1021 4352 non
1055 4306 1264 4353 tantum
1308 4308 1454 4363 nota,
1502 4299 1594 4353 sed
1633 4307 1688 4353 ct
1725 4299 1959 4364 laudata,
2005 4310 2060 4356 et

469 4371 840 4426 commendata
860 4408 876 4434 ,
924 4368 1187 4438 siquidem
1228 4378 1419 4425 auctor
1452 4370 1830 4424 chronicorum
1860 4372 1928 4426 ab
1959 4372 2058 4425 ali-

466 4440 663 4510 quibus
691 4437 912 4495 Alfonso
942 4437 1025 4502 lll,
1055 4439 1123 4494 ab
1150 4440 1270 4494 aliis
1291 4439 1622 4510 Sebastiano
1662 4440 1911 4510 episcopo
1941 4440 2057 4496 Sal-

467 4509 710 4565 utantino
742 4510 1143 4575 attributorum,
1190 4512 1255 4566 de
1284 4509 1511 4565 Wamba
1536 4509 1776 4579 loquens,
1819 4509 1896 4565 ita
1925 4514 2058 4566 scri-

468 4580 577 4635 bit:
617 4598 636 4631 ι
660 4580 719 4651 Si
739 4580 949 4651 plenius
969 4595 1293 4651 cognoscere
1313 4579 1393 4634 vis
1414 4589 1644 4650 quantas
1666 4580 1859 4646 caades,
1886 4596 2055 4651 quan-

471 4658 554 4705 tas
597 4650 820 4720 urbium
871 4650 1251 4713 incensiones,
1305 4661 1534 4720 quantas
1584 4658 1810 4720 strages,
1854 4661 2055 4720 quanta

471 4666 554 4705 tas
610 4666 820 4704 urmum
871 4666 1251 4713 mcensnones,
1342 4666 1534 4705 uantas
1584 4666 1810 4719 Strages,
1854 4666 2055 4720 quanta

468 4717 682 4788 agmina
703 4719 1058 4783 Francorum,
1107 4720 1192 4774 vel
1223 4666 1495 4775 Gallorum
1540 4734 1570 4773 a
1613 4718 1909 4775 Wambane
1946 4721 2055 4774 sint

462 4790 829 4863 interempta,
882 4799 1111 4863 quantas
1163 4789 1551 4863 famosissimas
1605 4788 1862 4863 victorias
1893 4790 2053 4863 idem

464 4859 728 4930 exercuit,
747 4874 868 4930 qua:
883 4858 950 4915 de
965 4858 1114 4912 Pauli
1139 4860 1349 4930 tyranni
1363 4858 1572 4930 excidio
1588 4861 1866 4930 evenerint
1880 4858 1911 4922 ,⁷
1927 4860 2054 4914 bea-

467 4940 580 4984 tum
613 4928 887 4986 Iulianum
915 4928 1385 4999 metropolitanum
1425 4928 1609 4999 legito,
1646 4929 1737 4999 qui
1773 4929 2052 4985 historiam

463 4999 626 5072 hujus
648 5000 907 5072 temporis
938 4999 1289 5072 liquidissime
1310 4999 1623 5072 conterruit;
1662 5018 1680 5050 ι
1708 5000 2054 5072 quemadmo-

467 5070 593 5141 dum
615 5068 842 5141 legimus
869 5071 924 5124 in
943 5068 1185 5139 Append.
1212 5071 1241 5123 7
1267 5079 1375 5125 tom
1401 5068 1516 5141 Xlll
1556 5069 1826 5141 Hispaniae
1850 5068 2048 5141 Sacrae.

470 5139 726 5196 Eamdein
738 5141 1017 5196 historiam
1032 5140 1230 5195 saeculo
1245 5156 1344 5194 xm
1374 5155 1485 5194 suae
1500 5139 1729 5195 inseruit
1742 5139 1916 5195 Lucas
1946 5140 2054 5194 Tu-

471 5210 667 5281 densis,
692 5226 851 5281 quam
873 5211 1081 5281 primus
1097 5211 1237 5281 typis
1261 5210 1495 5281 vulgavit
1514 5208 1761 5281 Andreas
1774 5209 2049 5281 Schottus,

473 5226 667 5275 ueusts,
692 5226 851 5334 tutam
873 5226 1081 5279 primus
1097 5226 1237 5281 typis
1261 5226 1495 5280 vulgavn
1518 5226 1761 5265 andreas
1775 5226 2049 5277 bcnouus,

473 5290 608 5351 tom.
623 5279 691 5336 IV
726 5350 733 5351 ί
757 5280 975 5351 ispanite
999 5280 1297 5351 illustrataa.
1325 5280 1678 5335 Recuditeam
1693 5287 1877 5349 postea
1899 5297 1930 5335 a
1952 5280 2054 5335 Tu-

470 5348 615 5403 iensi
665 5348 960 5419 sejunctam
999 5350 1334 5411 Duchesnius
1356 5358 1502 5407 tomo
1550 5351 1570 5420 Ι
1599 5348 1931 5420 Scriptorum
1963 5366 2052 5406 co-

463 5425 792 5489 temneorum
816 5421 1055 5476 historiae
1074 5421 1384 5484 Gallicanaa,
1399 5421 1466 5476 ad
1478 5419 1631 5489 cujus
1658 5419 1931 5489 exentplar
1957 5437 2052 5475 no-

471 5487 715 5562 _v_i_ssimus
739 5492 978 5562 omnium
995 5493 1067 5562 "in
1100 5492 1356 5562 Hispania
1382 5487 1677 5562 publicavit
1698 5491 1757 5545 P.
1789 5487 2053 5545 Henricus

467 5556 672 5632 Florez,
704 5569 833 5632 tom.
853 5561 927 5632 γι
965 5556 1659 5632 HispanfSacrfcollatam
1697 5576 1819 5615 cum
1867 5577 2052 5615 exem-

464 5627 596 5712 plari
627 5643 732 5712 ms.
754 5627 1093 5712 bibliothecae
1115 5632 1298 5712 Regia;
1318 5632 1647 5712 Metritens’ts
1665 5632 2054 5712 exagographo

463 5698 678 5754 Ioannis
693 5700 819 5768 Bap.
839 5700 1004 5755 Perez
1017 5698 1360 5769 transcripta,
1376 5702 1466 5769 qui
1480 5710 1656 5756 exstat
1667 5703 1720 5755 in
1736 5698 2053 5756 bibliotheca

458 5778 656 5831 nostra:
679 5781 881 5825 sanctae
920 5770 1161 5826 ecclesia:
1185 5771 1460 5827 Toletum:
1487 5772 1629 5827 inter
1648 5780 1875 5828 casteros
1913 5787 2044 5826 mss.

2084 5324 2132 5382 D

2158 4020 2444 4093 excerpsit,
2488 4033 2650 4093 atque
2679 4020 2974 4093 adnotavit,
3029 4029 3232 4093 textum
3259 4024 3422 4077 etiam
3455 4024 3753 4084 Duchesnii

2158 4111 2265 4150 non
2292 4091 2454 4149 semel
2492 4091 2813 4147 emendavit.
2875 4091 3063 4145 Verum
3085 4099 3144 4144 ut
3180 4091 3445 4147 fateamur
3487 4097 3635 4154 quod
3664 4114 3755 4154 res

2157 4174 2257 4227 est,
2287 4164 2430 4217 nulla
2451 4164 2638 4233 harum
2670 4162 2964 4233 editionum
2985 4169 3173 4233 exacta
3200 4170 3361 4231 atque
3386 4162 3624 4233 perfecta
3652 4168 3753 4221 ha-

2156 4233 2274 4288 beri
2287 4235 2462 4289 debet.
2500 4231 2764 4287 Tudensis
2784 4230 2946 4294 enim,
2974 4228 3125 4298 cujus
3136 4228 3341 4286 textum
3367 4228 3537 4289 edidit
3561 4234 3756 4292 Schot—

2160 4313 2265 4366 tus,
2308 4319 2429 4357 cum
2466 4302 2748 4358 historiam
2783 4316 2849 4355 ex
2876 4298 3072 4354 Juliani
3114 4302 3298 4356 codice
3337 4305 3747 4370 transcriberet,

2158 4373 2286 4427 fecit
2304 4389 2401 4428 suo
2427 4387 2593 4436 more,
2621 4378 2682 4425 ut
2701 4386 2820 4424 eam
2855 4371 3016 4441 tertio
3039 4370 3149 4427 fere
3169 4388 3383 4441 quoque
3412 4375 3580 4429 verbo
3598 4383 3757 4430 trun-

2157 4452 2323 4507 caret,
2349 4443 2430 4497 vel
2452 4444 2517 4498 de
2538 4458 2636 4498 suo
2659 4439 3052 4508 interpollaret:
3083 4439 3201 4510 qua
3214 4457 3281 4496 ex
3297 4439 3372 4496 re
3403 4444 3631 4499 multum
3669 4446 3757 4501 di-

2157 4522 2264 4567 stat
2294 4528 2323 4566 a
2346 4512 2575 4583 genuino
2595 4510 2791 4565 Juliani
2809 4518 2975 4583 textu.
3022 4511 3538 4583 Duchesniusunico
3563 4516 3757 4570 codice

2156 4598 2306 4647 usus,
2336 4580 2532 4652 saepius
2560 4580 3083 4652 erratexscriptoris
3112 4581 3264 4636 vitio.
3316 4582 3594 4638 Florezius
3633 4594 3757 4639 tan-

2157 4652 2277 4732 dem
2306 4650 2683 4732 nt_ul’t_a.adhuc
2709 4650 2825 4704 loca
2856 4650 3073 4732 reliquit
3098 4659 3372 4732 corrupta,
3415 4668 3537 4722 quae
3561 4654 3648 4708 vel
3675 4656 3757 4708 at-

2156 4722 2324 4777 terius
2346 4721 2673 4776 Matritensis
2700 4720 3024 4789 exemplaris
3053 4720 3273 4776 auxilio
3303 4720 3495 4779 curare
3518 4739 3629 4779 non
3654 4739 3757 4793 po-

2155 4792 2284 4846 tuit:
2317 4807 2543 4861 quorum
2566 4805 2664 4861 nos
2681 4804 2925 4861 magnam
2951 4800 3156 4861 partem
3172 4806 3282 4861 ope
3308 4793 3479 4846 nostri
3502 4792 3756 4849 Toletani

2155 4858 2576 4917 emendavimus.
2630 4860 2688 4914 1n
2710 4858 3030 4928 quomirari
3061 4858 3233 4925 subit,
3261 4878 3382 4916 cum
3404 4862 3536 4918 illud
3567 4863 3759 4918 Matri-

2155 4939 2305 4987 tense
2332 4930 2493 4985 fuerit
2523 4946 2588 4984 ex
2611 4927 2797 4984 nostro
2825 4927 3116 4985 Pereziano
3150 4932 3490 4998 translatum,
3545 4941 3756 4988 tantam

2154 5016 2275 5056 esse
2312 5002 2451 5056 inter
2472 5008 2760 5070 utrumque
2781 4998 3218 5069 discrepantiam,
3264 5011 3523 5070 quantam
3552 5017 3621 5057 ex
3651 5019 3737 5057 va-

2154 5072 2422 5125 riantibus
2468 5069 2802 5140 lectionibus
2835 5070 3131 5140 apparebit,
3178 5069 3530 5140 exscriptoris
3574 5074 3756 5129 dicam

2154 5141 2473 5211 oscitantia,
2487 5155 2554 5193 an
2568 5138 2953 5210 perversitate?
2988 5139 3168 5209 Itaque
3188 5156 3308 5204 nos,
3349 5138 3438 5210 qui
3463 5143 3756 5211 praedictas

2155 5211 2417 5266 editiones
2464 5210 2604 5265 inter
2643 5224 2702 5264 se
2739 5217 3134 5278 componentes,
3175 5211 3390 5266 laudato
3423 5210 3555 5267 mss.
3588 5210 3752 5267 Joan.

2156 5282 2285 5350 Bap.
2319 5281 2504 5345 Perez,
2566 5279 2777 5348 alioque
2801 5278 2985 5350 codice
3027 5281 3248 5350 antiquo
3292 5282 3427 5337 item
3475 5282 3756 5339 Toletana:

2154 5349 2395 5406 ecclesiae
2425 5351 2689 5405 Tudensis
2716 5349 2970 5420 chronica
2995 5349 3326 5417 continente,
3353 5366 3540 5408 sumus
3557 5352 3755 5420 adjuti,

2152 5422 2196 5475 si
2223 5437 2532 5492 germanum
2557 5419 2795 5476 auctoris
2833 5427 3039 5492 textum
3081 5421 3243 5492 longe
3288 5419 3634 5492 integriorem
3682 5437 3757 5478 ac

2151 5490 2572 5546 emendatiorem
2593 5506 2705 5559 prae
2721 5490 2932 5545 caeteris
2951 5490 3111 5546 edere
3127 5490 3592 5554 afﬁrmaverimus,
3639 5508 3750 5547 non

2153 5576 2294 5629 aegre
2310 5561 2605 5633 videbimur
2626 5561 2785 5617 ﬁdem
2816 5560 3109 5616 lectoribus
3126 5560 3384 5617 facturos.
3423 5560 3545 5618 1am
3571 5578 3753 5633 neque

2154 5632 2436 5703 consilium
2461 5640 2705 5703 nostrum
2736 5632 3156 5703 reprehensuros
3172 5647 3473 5703 speramus,
3503 5649 3612 5703 quo
3648 5632 3742 5702 ge-

2155 5702 2375 5756 nuinum
2398 5701 2632 5756 auctoris
2656 5709 2859 5755 textum
2883 5717 3005 5756 cum
3030 5700 3291 5757 Tudensis
3316 5700 3572 5758 contextu
3589 5700 3752 5759 simul

2154 5773 2313 5828 cdere
2360 5772 2733 5838 decrevimus,
2773 5781 2886 5827 tum
2940 5787 3007 5827 ne
3038 5773 3261 5829 molesta
3295 5782 3373 5828 tot
3420 5774 3751 5830 variantium
