4022 6154
356 339 455 393 761

1238 334 1415 392 HIST.
1457 335 1907 394 REBELLIONIS
1942 337 2144 395 PAULI
2183 339 2342 396 ADV.
2381 340 2712 397 WAMBAM.

3521 350 3628 407 761

351 450 649 523 lectionum
677 449 949 523 farragine
971 450 1240 523 margines
1262 464 1634 523 oneraremus,
1659 458 1770 505 tum
1795 461 1854 506 ut
1876 450 1951 505 fa-
1980 461 2027 520 Α
2053 440 2194 522 paci,
2222 462 2384 523 atque
2405 454 2703 520 securitati,
2734 462 2846 509 tum
2868 456 3025 513 fam-.e
3046 470 3109 511 ac
3133 456 3323 512 honori
3351 460 3630 517 consulere

350 523 465 593 cile
484 522 715 593 quisque
743 519 851 593 uno
878 521 987 593 ictu
1027 519 1169 593 oculi
1200 519 1446 593 judicare
1471 520 1643 593 possit
1689 530 1948 593 (inanium

352 590 888 649 Tudehsisnarratio
909 607 941 645 a
963 590 1223 647 Julianaaa
1244 591 1531 659 discrepet.
1571 590 1683 645 Hoc
1696 590 1818 645 eum
1833 591 1956 647 Flo-

350 663 505 719 rezio
535 663 591 717 in
632 669 867 717 mentem
912 663 1163 728 venisset,
1210 660 1471 716 abstinuit
1510 661 1775 725 consulto,
1827 679 1894 716 ue
1924 678 1955 716 a

350 733 634 805 proposito
675 747 802 805 _suo
844 731 1152 805 discedere
1186 731 1460 805 videretur
1502 748 1514 784 :
1560 733 1724 805 quod
1751 747 1877 786 cum
1922 747 1956 786 a

350 801 544 861 nostro
581 802 805 857 multum
829 802 1008 868 distet,
1032 803 1187 858 nobis
1210 817 1317 856 non
1361 801 1504 855 idem
1530 801 1820 857 verendum
1847 811 1951 857 est.

425 875 629 929 Verum
686 888 754 927 ex
774 874 1080 943 apograpbo
1136 870 1431 943 Pereziano
1476 888 1582 925 non
1616 871 1707 943 hic
1747 879 1954 943 tantum

350 960 487 1001 usus
509 945 579 999 ad
602 959 701 999 nos
723 940 991 1013 pervenit,
1031 950 1091 997 ut
1127 942 1461 1013 emendatior
1496 942 1736 1013 prodiret
1757 940 1955 996 Juliani

348 1016 648 1094 scriptura,
678 1010 774 1068 sed
796 1012 961 1094 etiam
987 1021 1046 1068 ut
1072 1013 1300 1094 auctior.
1338 1012 1409 1094 ⁵ιιι
1432 1024 1497 1066 eo
1536 1010 1811 1094 siquidem
1833 1018 1957 1094 post

350 1082 669 1163 pistoricam
690 1083 1055 1163 narrationem
1076 1082 1384 1163 rebellionis
1398 1090 1618 1163 exortm,
1637 1082 1958 1163 tyrannique

349 1155 572 1219 devicti,
624 1164 751 1208 ante
772 1154 1058 1209 sententia:
1090 1168 1219 1209 vero
1254 1153 1309 1207 in
1356 1166 1481 1206 eum
1526 1151 1747 1221 ejustpie
1780 1151 1957 1208 socios

347 1224 478 1281 lata:
524 1224 942 1294 expositionem,
982 1224 1284 1279 orationem
1328 1221 1630 1294 invenimus
1678 1222 1955 1294 insertam,

391 1310 517 1349 nam
544 1292 734 1349 auctor
754 1293 1158 1349 insultationem
1180 1301 1356 1358 vocat,
1387 1306 1486 1346 nos
1510 1292 1956 1348 declamationem

391 1364 688 1420 iceremus:
737 1379 900 1436 quam
925 1365 1140 1436 quidem
1179 1363 1481 1436 esscriptor
1502 1362 1734 1436 exempli
1769 1361 1958 1436 Matri-

352 1436 525 1490 tensis
549 1432 1118 1504 quaretranscribere
1142 1434 1395 1496 noluerit,
1442 1448 1546 1488 non
1592 1434 1727 1504 satis
1767 1432 1959 1504 intelli-

351 1501 695 1585 gimus,_'n_isi
716 1502 898 1558 forsan
929 1505 997 1585 ab
1036 1504 1156 1585 salio
1196 1504 1458 1585 innsei-tam
1505 1501 1950 1585 suspicatqsfnit,

351 1573 463 1631 non
493 1590 525 1629 a
544 1574 757 1629 Juliano
778 1574 1159 1642 conscriptam.
1237 1573 1343 1628 Sed
1363 1588 1491 1629 vero
1514 1589 1613 1628 nos
1635 1573 1957 1642 suspicionis

351 1660 549 1701 causas
569 1644 743 1699 nullas
765 1645 1029 1699 videmus.
1078 1643 1173 1700 Est
1197 1644 1342 1699 enim
1364 1642 1671 1712 huiusmodi
1692 1643 1959 1699 declama-

351 1716 452 1779 tio,
499 1715 546 1770 si
580 1723 726 1769 recte
761 1715 1116 1783 expendatur,
1164 1714 1376 1769 cteteris
1422 1714 1851 1783 praecedentibus
1901 1722 1956 1768 et

351 1785 808 1873 subsequentibus
834 1786 1239 1873 charactereac
1265 1784 1405 1873 styio
1446 1798 1609 1873 quam
1630 1783 1948 1873 “simillima,
1981 1814 2028 1873 Β

351 1856 489 1920 acri,
517 1853 717 1919 vivido,
756 1854 1023 1919 aculeato,
1058 1854 1328 1923 variisque
1354 1855 1523 1922 tropis
1552 1863 1607 1907 et
1630 1853 1817 1924 figuris
1836 1861 1951 1924 tum

351 1927 663 1987 verborum,
697 1934 810 1979 tum
837 1925 1250 1988 sententiarum,
1278 1924 1505 1977 intexto.
1550 1923 1701 1978 Adeo
1734 1932 1791 1977 ut
1821 1923 1954 1977 mihi

353 2011 477 2052 eam
499 1995 757 2049 attentius
769 1994 1085 2064 perlegenti,
1114 1995 1160 2049 si
1184 2001 1447 2064 tumorem
1471 1994 1620 2047 illum
1646 1994 1954 2064 verborum,

353 2066 719 2134 duritiemque
740 2062 885 2136 styli,
911 2062 1228 2136 temporum,
1243 2063 1456 2136 illorum
1480 2064 1693 2127 vitium,
1714 2062 1957 2136 Gothicae

352 2137 534 2205 gentis
578 2133 730 2204 quasi
773 2133 1082 2205 proprium,
1116 2134 1376 2205 excipias,
1416 2143 1619 2205 caetera
1641 2142 1828 2189 orator
1858 2133 1960 2187 mi-

351 2203 502 2260 nime
542 2203 788 2276 vulgaris
815 2203 1088 2275 appareat,
1140 2204 1271 2258 dum
1303 2203 1359 2257 in
1392 2203 1586 2276 _G_alli:e
1622 2205 1958 2276 provinciam

353 2273 661 2340 invehitur;
700 2273 863 2345 atque
887 2273 1096 2345 praeter
1131 2289 1344 2328 morum
1382 2273 1614 2345 fideique
1658 2274 1961 2345 corruptio-

352 2361 503 2411 nem,
541 2343 915 2401 inﬁdelitatem
947 2344 1022 2399 illi
1055 2359 1209 2400 suam
1229 2343 1542 2414 exprobrat,
1583 2359 1690 2413 qua
1716 2343 1861 2414 velut
1881 2343 1962 2397 vi-

351 2414 425 2470 lis
448 2415 689 2470 adultera
736 2415 956 2485 legitimi
1002 2415 1105 2470 tori
1150 2413 1399 2484 pertzesa,
1451 2414 1658 2485 alienos
1682 2413 1962 2485 amplexus

352 2494 610 2555 expetere
629 2501 737 2540 non
760 2484 1007 2540 erubuit:
1058 2500 1220 2554 quam
1270 2484 1641 2553 metaphoram
1684 2484 1961 2555 eleganter

351 2564 672 2625 pertractat.
736 2555 937 2610 Deinde
984 2563 1142 2610 caute
1170 2555 1501 2623 solerterque
1536 2564 1764 2624 occupat
1795 2569 1962 2609 vanos

352 2634 674 2748 intextus,
701 2641 838 2707 quos
863 2625 1054 2681 sceleri
1082 2641 1180 2680 suo
1193 2626 1487 2680 obtendere
1506 2626 1688 2691 vellet,
1719 2634 1882 2748 atque
1902 2632 1963 2679 ut

380 2696 616 2748 acinorts
652 2712 735 2748 Slll
760 2696 1149 2748 turpitudinem
1173 2696 1226 2748 in
1258 2695 1374 2748 luce
1396 2695 1692 2748 meridiana
1715 2696 1796 2748 col
1819 2701 1957 2748 ocet.

380 2695 616 2765 'acinoris
652 2695 735 2750 sui
760 2696 1149 2765 turpitudinem
1173 2696 1226 2749 in
1258 2695 1374 2750 luce
1396 2695 1692 2750 meridiana
1715 2695 1957 2760 collocet,

351 2764 761 2837 elegantissima
787 2764 1044 2820 antithesi
1073 2765 1397 2837 singularem
1434 2766 1692 2837 principis
1729 2765 1963 2837 clemen-

353 2834 513 2900 tiam,
543 2843 705 2905 atque
737 2836 791 2889 in
809 2836 985 2891 media
1014 2834 1241 2890 victoria
1257 2835 1627 2889 admirabilem
1661 2836 1824 2889 animi
1848 2850 1963 2889 mo-

354 2905 693 2960 derationem
728 2905 1074 2975 impudentia:
1095 2921 1206 2960 sua:
1231 2913 1393 2973 atque
1433 2905 1763 2972 procacitate
1797 2920 1965 2975 oppo—

354 2974 467 3028 nit:
503 2976 558 3030 id
584 2990 751 3029 unum
785 2974 885 3030 hac
910 2991 1006 3030 sua
1032 2976 1358 3038 vehementi,
1395 2982 1456 3028 ut
1490 2975 1746 3044 loquitur,
1793 2974 1962 3030 insul-

357 3045 566 3100 latione
587 3046 769 3101 animo
793 3045 1095 3110 intendens,
1123 3055 1181 3099 ut
1204 3045 1429 3100 salutari
1455 3046 1652 3101 rubore
1673 3045 1895 3112 suffusa,
1930 3061 1962 3099 a

357 3122 473 3170 tam
506 3116 737 3185 perditis
788 3115 1029 3171 consiliis
1075 3117 1330 3185 deinceps
1366 3115 1677 3183 abstineat,
1745 3131 1964 3187 suaeque

377 3261 1423 3290 ἡ

2058 523 2209 578 velit.

2126 594 2505 667 Verumtamen
2526 603 2731 667 praeter
2772 595 2934 650 hasce
2963 612 3099 667 quas
3136 597 3482 667 exposuimus
3506 615 3632 654 ora-

2056 665 2188 718 toris
2216 665 2443 720 virtutes
2467 665 2687 719 minime
2714 665 3154 733 contemnendas,
3183 665 3423 721 animum
3443 679 3632 725 auctor

2054 733 2233 806 prodit
2275 736 2365 805 pio
2391 735 2507 789 zelo
2532 750 2872 806 succensum,
2917 738 3007 806 qui
3036 737 3137 792 sibi
3173 745 3475 806 temperare
3522 756 3631 795 non

2129 804 2249 879 tuit,
2288 804 2662 879 'quinscelesti
2694 806 2940 879 hominis
2956 805 3165 879 facinus
3187 804 3431 863 subditos
3458 825 3629 879 popu-

2074 890 2135 928 os
2164 875 2231 927 ad
2260 875 2604 930 rebellionem
2631 877 2974 944 provocantis
3019 878 3102 931 sin
3146 879 3325 932 minus
3358 875 3629 943 manilius,

2054 944 2262 1018 calamo
2299 947 2495 1018 saltem
2530 945 2904 1018 insectaretur,
2955 946 3073 1016 ejus
3101 948 3486 1018 turpitudinem
3519 958 3632 1003 tam

2055 1014 2208 1086 atris
2230 1014 2501 1086 coloribus
2541 1015 2855 1086 depingens,
2902 1025 2961 1071 ut
2987 1014 3287 1073 emnes'ad
3321 1033 3440 1072 eam
3483 1019 3632 1075 dete-

2055 1084 2301 1157 standam
2343 1084 2650 1157 adduceret.
2686 1084 2905 1141 Scilicet
2933 1102 2995 1141 ea
3026 1086 3126 1141 fuit
3152 1103 3365 1157 semper
3394 1090 3463 1142 ab
3494 1090 3632 1143 anti~

2055 1154 2184 1229 quis
2201 1155 2541 1229 temporibus
2559 1154 2916 1226 Hispanorum
2937 1158 3224 1229 prinsulum
3246 1154 3463 1229 propria
3493 1158 3631 1229 laus,

2056 1224 2273 1294 regibus
2312 1226 2424 1279 suis
2474 1224 2631 1278 [idem
2656 1224 2846 1294 'atque
2889 1224 3266 1282 oliedientiam'
3297 1224 3446 1282 omni
3488 1228 3632 1293 loco,

2055 1292 2311 1363 omnique
2334 1294 2714 1367 obsequiorum
2743 1292 2940 1367 genere
2976 1307 3265 1366 pnes-tare;
3294 1311 3483 1367 eorum
3512 1292 3636 1367 per-4

2056 1376 2219 1436 sonas
2250 1379 2435 1419 sacras
2460 1364 2688 1436 habere;
2718 1364 2903 1420 eorum
2918 1364 3065 1433 jura,
3094 1376 3255 1436 atque
3279 1368 3333 1421 in
3364 1364 3636 1435 subjectos

2055 1432 2692 1507 populosauctoritatem
2740 1444 2795 1491 et
2841 1432 3006 1507 verbo
3062 1443 3116 1491 et
3159 1432 3373 1507 scriptis
3422 1432 3637 1507 semper

2056 1504 2194 1577 tueri
2210 1520 2245 1577 ;‘
2253 1504 2311 1577 id
2341 1505 2538 1577 ipsum
2562 1513 2617 1558 et
2642 1521 2740 1577 suo
2766 1506 3013 1575 exemplo
3039 1514 3094 1561 et
3121 1504 3395 1577 perpetuis
3439 1504 3638 1567 adhor—

2058 1573 2352 1629 tationibus
2380 1574 2606 1646 popuios
2636 1576 2850 1641 docere,
2880 1573 3136 1639 suadere,
3155 1573 3469 1646 priedicare,
3494 1590 3638 1631 sem-

2056 1656 2154 1723 per
2182 1659 2305 1723 cum
2332 1644 2696 1723 apostolorum
2725 1646 3067 1723 principibus
3082 1644 3377 1723 clamantes
3402 1662 3417 1700 :
3448 1646 3638 1723 Subie-

2057 1716 2124 1787 cti
2144 1721 2304 1787 estote
2330 1716 2471 1787 omni
2499 1726 2754 1771 creatura:
2782 1725 2993 1787 propter
3024 1717 3212 1781 Deum,
3251 1718 3355 1771 sive
3379 1717 3508 1786 regi,
3533 1716 3640 1787 sive

2057 1782 2297 1856 ducibus.
2329 1783 2433 1856 Qui
2463 1787 2652 1841 resistit
2674 1782 2935 1856 potestati,
2955 1785 3053 1840 Dei
3073 1787 3390 1856 ordinationi
3415 1782 3637 1840 resistit:

2056 1851 2172 1926 ideo
2202 1851 2704 1926 necessitatesubditi
2733 1864 2909 1918 estote,
2938 1872 3043 1909 non
3066 1854 3235 1911 solum
3254 1857 3637 1926 propteriram,

2057 1921 2327 1995 sedAetiam
2346 1936 2557 1995 propter
2581 1926 2975 1980 conscientiam.

2129 1991 2308 2073 Quare
2334 1991 3244 2073 hujusinodiorationemhactenus
3267 1994 3522 2073 ineditam
3540 2008 3642 2050 nos

2058 2064 2301 2134 omnium
2343 2067 2504 2132 primi
2554 2068 2608 2121 in
2640 2067 2818 2120 lucem
2862 2065 3207 2134 proferimus,
3254 2075 3308 2120 et
3335 2064 3551 2134 quidem
3576 2078 3642 2120 eo

2060 2131 2178 2201 ipso
2218 2131 2359 2188 loco"
2384 2150 2545 2203 quem
2592 2145 2739 2191 tenet
2765 2136 2820 2189 in
2852 2131 2955 2189 ins.
2989 2135 3301 2197 Pereziano,
3349 2131 3474 2189 ante
3513 2149 3640 2188 sen-

2060 2203 2244 2256 tentia:
2267 2204 2320 2256 in
2356 2205 2585 2261 rebelles
2620 2206 2744 2260 lata:
2769 2206 3157 2260 narrationem.
3185 2205 3386 2259 Deinde
3425 2203 3643 2257 varian-

2060 2279 2144 2355 tes
2178 2272 2439 2355 leotioiies
2482 2275 3259 2355 annotavim‘usLdesig'nantes
3290 2289 3386 2355 per
3425 2273 3488 2327 D.
3533 2272 3643 2326 Du-

2060 2342 2267 2413 chesnii
2293 2344 2605 2411 editionem,
2633 2360 2731 2413 per
2754 2344 2818 2399 F.
2846 2342 3096 2409 Florezii,
3124 2351 3180 2399 et
3198 2342 3303 2412 per
3321 2342 3420 2397 Ms.
3452 2356 3643 2413 manu-

2060 2412 2322 2480 scriptum
2347 2415 2587 2469 codicem
2614 2410 2814 2470 sanctis
2838 2413 3080 2469 ecclesia:
3097 2410 3368 2468 Toletanze
3394 2410 3644 2480 superius

2061 2481 2337 2553 laudatum
2368 2500 2380 2536 :
2414 2492 2468 2538 et
2492 2484 2609 2539 huic
2637 2484 2692 2538 in
2723 2492 2875 2538 textu
2904 2485 3165 2553 genuino;
3196 2498 3321 2536 nam
3347 2482 3402 2535 in
3426 2481 3643 2553 Tuden-

2062 2551 2139 2606 sis
2163 2559 2313 2624 testu
2338 2554 2610 2609 variantes
2647 2570 2782 2624 quas
2825 2551 3220 2624 subjunximus,
3262 2554 3348 2606 vel
3389 2551 3644 2624 editionis

2062 2630 2188 2692 sunt
2212 2621 2442 2689 Schotti,
2475 2625 2559 2679 vel
2606 2620 2708 2679 ms.
2741 2625 2857 2679 'l‘ol.
2906 2620 3059 2692 cujus
3093 2634 3250 2678 antea
3278 2620 3642 2692 meminimus.

2061 2690 2285 2761 Insuper
2331 2693 2587 2749 lectorem
2634 2710 2933 2756 monemus,
2972 2690 3190 2748 Lucam
3233 2692 3537 2746 Tudensem
3589 2690 3643 2743 in

2062 2760 2469 2820 transcribenda
2506 2762 2704 2819 Juliaui
2729 2765 2953 2819 historia
2972 2764 3075 2817 alia
3114 2761 3409 2817 inseruisse
3434 2760 3500 2817 de
3522 2774 3643 2824 suo,

2064 2832 2169 2887 alia
2195 2848 2343 2898 vero,
2366 2849 2488 2904 qua:
2514 2844 2668 2890 erant
2692 2835 2746 2888 in
2775 2833 3005 2894 Juliano,
3036 2831 3400 2904 suppressisse
3427 2845 3442 2883 :
3466 2836 3525 2904 ut
3551 2843 3644 2882 au-

2064 2911 2173 2975 tem
2200 2899 2489 2975 utrumque
2509 2913 2793 2975 appareret
2820 2904 2876 2959 in
2912 2899 3163 2973 prmseiiti
3190 2901 3447 2975 editione,
3478 2899 3644 2975 inte_r¢

2061 2974 2239 3043 posita
2267 2967 2466 3040 italico,
2495 2967 2557 3030 ut
2579 2967 2880 3045 'appellant,
2908 2967 3224 3028 charactere
3254 2970 3546 3045 scribimus
3589 2967 3644 3021 in

2068 3039 2216 3099 textu
2263 3039 2558 3109 TudenSis;
2613 3039 2904 3115 suppressa
2948 3059 3076 3098 vero
3119 3041 3398 3098 asteriscis
3436 3039 3642 3094 inclusa

2064 3115 2379 3170 exhibemus
2402 3118 2459 3170 in
2485 3115 2699 3171 Iuliano
2724 3116 2976 3187 genuino.

2440 3253 3640 3278 -.----------ν

1263 3374 1788 3448 EPISTOLA
1864 3374 2181 3448 PAULI
2255 3375 2701 3447 PERFIDI

1476 3560 1563 3609 QUI
1604 3557 1975 3600 REBELLIONBII
2013 3557 2167 3600 FECIT
2207 3559 2261 3597 IN
2298 3559 2511 3599 GALLIA.

953 3715 1475 3797 WAMBANO
1534 3708 2000 3791 PRINCIPI
2058 3646 2417 3792 MAGNO
2473 3707 3053 3787 TOLETANO.

430 3990 449 4011 '
479 3987 539 4043 In
566 3987 784 4044 nomine
809 3987 1042 4044 Domini.
1086 3986 1306 4042 Flavius
1348 3985 1549 4040 Paulus
1576 3992 1774 4040 unctus
1797 3995 1823 4024 α
1854 3999 1949 4039 rex
1977 3991 2025 4055 (ι
2056 3980 2211 4036 nobis
2248 3978 2500 4049 armiger,
2542 3974 2721 4035 indica
2772 3972 2948 4037 nobis,
2997 3969 3239 4033 domine,
3286 3966 3544 4023 silvarum
3586 3973 3645 4021 et

358 4078 674 4144 Orientalis,
703 4079 948 4136 Wambze
976 4080 1005 4119 ιι
1032 4079 1148 4149 regi
1172 4078 1378 4134 Austri.

436 4170 497 4225 Si
540 4169 654 4239 jam
701 4185 921 4239 asperas
950 4178 1005 4225 et
1039 4170 1425 4225 inhabitabiles
1476 4168 1741 4226 montium
1787 4183 1950 4238 rupes

358 4260 703 4331 percircuisti
733 4273 779 4325 ο,
811 4261 857 4316 si
877 4259 994 4329 jam
1017 4259 1220 4316 fretosa
1241 4260 1268 4299 ἀ
1309 4261 1567 4315 silvarum
1608 4276 1859 4323 nemora,
1891 4270 1952 4314 ut

361 4351 449 4408 leo
475 4350 821 4417 fortissimus,
860 4359 1078 4421 pectore
1131 4351 1463 4420 confregisti,
1500 4352 1545 4407 si
1585 4348 1700 4419 jam
1728 4367 1952 4421 caprea-

360 4461 488 4501 rum
523 4460 763 4510 cursum,
809 4459 1201 4514 cervorumque
1234 4444 1461 4507 saltum,
1499 4458 1751 4511 aprorum
1794 4456 1952 4495 urso-

363 4549 595 4605 rumque
639 4535 934 4591 edacitates
963 4535 1223 4590 radicitus
1249 4530 1540 4587 edomuisti
1569 4548 1582 4583 :
1611 4531 1655 4584 si
1676 4528 1791 4597 jam
1837 4543 1954 4582 ser-

362 4636 587 4699 pentum
633 4629 721 4684 vel
759 4628 1068 4698 viperarum
1114 4642 1323 4682 venena
1349 4634 1372 4665 σ
1417 4623 1737 4689 evomuisti;
1772 4621 1950 4676 indica

437 4755 467 4783 ⁸
493 4741 579 4808 F.,
602 4758 860 4797 summus.

436 4812 469 4853 δ
494 4812 619 4878 Ms.,
660 4811 961 4866 Wambani.

439 4892 465 4953 ε
495 4882 578 4947 F.,
609 4881 934 4953 percurristi.

436 4950 467 4991 δ
496 4953 594 5017 ld.,
610 4950 849 5021 'fertosa.

444 5032 469 5060 °
496 5022 596 5087 ld.,
624 5036 893 5077 venenum.

443 5092 466 5131 ‘
489 5091 593 5162 Id.,
622 5091 765 5147 Nam
792 5091 837 5147 si
870 5091 984 5146 lucc
1010 5087 1216 5144 omnia.

2055 4081 2331 4143 petrarum
2360 4069 2552 4124 amice.
2582 4065 2727 4121 Nam‘
2745 4072 2800 4120 et
2824 4062 3007 4120 omnia
3047 4061 3151 4116 ista
3180 4058 3198 4098 ί
3247 4058 3641 4120 accubuerunt,

2056 4172 2111 4218 et
2139 4171 2197 4216 tu
2227 4161 2452 4216 festinas
2494 4159 2561 4214 ad
2599 4173 2699 4213 nos
2728 4157 2934 4220 venire,
2962 4161 3023 4207 ut
3050 4155 3075 4193 ε
3120 4151 3277 4208 nobis
3305 4147 3647 4205 abundanter

2055 4254 2356 4327 philomelre
2404 4267 2594 4307 vocem
2648 4257 2880 4304 retexas.
2930 4246 2997 4299 Et
3028 4245 3169 4307 ideo,
3218 4240 3505 4310 magniﬁce
3539 4237 3643 4301 vir,

2058 4346 2315 4400 ascendat
2344 4360 2439 4398 cor
2473 4351 2624 4396 tuum
2676 4340 2746 4394 ad
2774 4335 3250 4397 confortationem,
3297 4338 3353 4385 et
3378 4328 3646 4383 descende

2059 4436 2282 4505 usqueh
2330 4435 2396 4487 ad
2425 4432 2733 4495 Clausuras,
2788 4444 2912 4483 nam
2961 4426 3033 4481 ibi
3081 4423 3321 4478 invenies
3371 4419 3646 4488 Opopum-

2055 4542 2215 4598 peum
2249 4528 2265 4567 ί
2300 4525 2577 4594 grandem,
2625 4536 2749 4576 cum
2790 4535 2897 4590 quo
2921 4517 3099 4589 possis
3136 4514 3373 4583 legitime
3414 4508 3640 4565 concer-

2057 4628 2198 4676 tare.

2137 4733 2163 4771 Β
2192 4728 2268 4782 Ita
2296 4727 2368 4781 id.
2395 4726 2489 4779 sed
2513 4738 2616 4777 ms.
2648 4732 2718 4775 et.

2134 4801 2160 4839 ¹ι
2191 4780 2265 4853 F.
2281 4780 2309 4851 τί
2324 4796 2625 4850 ascendit...
2668 4791 2738 4846 ad
2766 4789 3224 4860 ranfortationem.
3251 4780 3518 4839 Descende
3554 4794 3644 4832 us-

2060 4876 2312 5001 ᾳωῗίῗιξῗ
2347 4932 2791 5006 Oppopumbeunt,
2837 4927 3092 4997 additque
3134 4926 3189 4981 in
3227 4932 3339 4979 not.
3388 4921 3640 4976 Castrum

2060 5026 2181 5067 esse
2209 5010 2263 5064 in
2289 5001 2563 5081 Pyrenzeis
2591 5001 2889 5058 montibus.
