4028 6176
266 488 278 536 ε

338 313 447 377 765

1230 317 1405 376 ﬂlS'l'.
1445 319 1893 376 REBELLIONIS
1931 321 2136 376 PAULI
2179 320 2345 378 ADV.
2379 319 2706 376 WAMBAM.

3490 333 3602 388 766

1605 433 1884 488 TEXTUS
1922 433 2296 494 LEGITIMUS
2310 471 2326 484 -

338 529 581 587 acturus,
625 521 880 581 audacter
921 523 976 582 in
1023 523 1254 578 medium
1306 523 1502 576 minaci
1551 531 1741 577 contra
1787 539 1910 577 eum
1941 532 1982 583 Α
2014 534 2041 560 υ
2069 541 2213 580 nono
2247 522 2452 595 pecimo
2483 529 2765 591 postquam
2799 537 3016 594 regnum
3043 536 3354 596 susceperat
3380 530 3466 587 die
3493 532 3597 590 Το-

335 614 487 670 vultu
518 614 872 684 prospiciens,
903 615 1036 670 dixit
1065 632 1079 668 :
1107 614 1218 668 Nisi
1255 629 1639 668 eonsensurum
1677 623 1728 668 te
1758 615 1911 668 nobis

335 709 624 779 promittas
650 719 707 774 ι,
735 709 897 780 gladii
952 707 1112 762 modo
1163 722 1417 760 mucrone
1465 707 1821 760 trum-nudum
1860 715 1914 760 te

336 800 501 856 scias.
539 798 648 854 Nec
678 800 806 854 hinc
853 797 1036 852 tandiu
1069 796 1356 862 exibimus,
1383 796 1618 865 quandiu
1649 805 1741 850 aut
1766 795 1794 835 δ
1821 812 1914 850 cx-

334 890 539 961 peditio
582 899 765 944 nostra
797 896 850 942 te
895 903 1074 955 regem
1115 887 1375 954 accipiat,
1416 895 1508 940 aut
1552 887 1913 941 contradicto-

334 998 450 1036 rem
480 991 736 1035 cruentus
767 979 853 1033 hic
888 977 1046 1032 hodie
1075 993 1233 1031 casus
1259 977 1449 1031 mortis
1475 979 1776 1031 absorbeat.

403 1071 458 1124 3.
500 1069 739 1136 Quorum
768 1084 873 1122 non
901 1077 1008 1121 tam
1039 1067 1290 1137 precibus
1319 1082 1478 1135 quam
1507 1066 1666 1120 minis
1687 1081 1910 1136 supcra-

332 1168 444 1226 tus,
493 1161 708 1213 tandem
736 1158 918 1222 cessit,
947 1171 1279 1227 regnumque
1305 1155 1620 1226 suscipiens,
1665 1155 1732 1211 ad
1757 1171 1910 1210 suam

333 1269 430 1308 eos
455 1262 476 1290 ο
507 1263 693 1322 pacem
728 1249 932 1318 recepit
960 1265 974 1302 :
1009 1256 1062 1302 et
1089 1255 1266 1301 tamen
1293 1247 1459 1302 dilato
1485 1247 1754 1302 unctionis
1779 1256 1912 1302 tem-

333 1357 465 1412 pore
490 1353 658 1410 usque
682 1339 737 1394 in
761 1354 964 1393 nonum
991 1337 1258 1392 decimum
1295 1337 1456 1400 diem,
1487 1353 1554 1392 ne
1579 1346 1731 1391 extra
1756 1336 1783 1375 ἀ
1833 1337 1909 1391 lo-

334 1449 457 1489 cum
481 1431 623 1486 sedis
668 1429 904 1498 antiquae
949 1434 1255 1483 sacraretur
1287 1427 1342 1479 in
1378 1426 1696 1496 principem.
1741 1425 1882 1481 Gere

335 1526 533 1580 bantur
551 1523 694 1577 enim
713 1522 814 1575 ista
832 1521 888 1575 in
904 1519 1027 1574 villa
1047 1530 1093 1584 α,
1111 1519 1196 1572 cui
1223 1517 1517 1585 antiquitas
1544 1517 1790 1572 Gerticos
1810 1534 1880 1571 no

335 1630 459 1669 men
498 1612 664 1677 dedit,
692 1626 811 1680 qua:
837 1609 950 1663 fere
975 1616 1190 1663 centum
1215 1606 1402 1676 viginti
1428 1605 1664 1660 millibus
1687 1606 1754 1660 ab
1781 1606 1912 1660 urbe

335 1705 482 1776 regia
510 1703 738 1765 distans,
783 1701 835 1754 in
868 1697 1282 1754 Salmanticensi
1319 1695 1338 1734 ί
1371 1696 1648 1751 territorio
1674 1697 1776 1750 sita
1804 1705 1908 1750 est.

333 1794 408 1851 lbi
439 1794 582 1848 enim
613 1809 719 1846 uno
756 1790 1053 1859 eodemque
1087 1789 1192 1854 die,
1225 1786 1431 1842 scilicet
1459 1786 1514 1840 in
1547 1786 1678 1856 ipsis
1716 1786 1910 1842 Kalen-

2013 615 2246 670 letanam
2275 614 2458 668 urbem
2488 615 2803 684 ingreditur.

2085 705 2138 759 4.
2176 707 2252 762 At
2299 705 2388 758 ubi
2411 719 2627 759 ventum
2662 716 2740 761 est
2777 723 2884 777 quo
2915 717 2938 742 ο
2963 719 3161 764 sanctae
3191 713 3458 769 unctionis
3481 732 3594 772 sus-

2011 797 2214 866 ciperet
2249 795 2463 863 signum
2512 797 2564 848 in
2606 799 2942 865 prtetoriensi
2993 801 3241 868 ecclesia,
3291 814 3599 862 sanctorum

2013 889 2218 943 scilicet
2258 886 2400 952 Petri
2445 895 2499 940 et
2553 887 2720 948 Pauli,
2752 891 2898 958 regio
2933 889 3046 958 jam
3095 892 3240 946 cultu
3283 896 3602 965 conspicuus

2012 987 2135 1034 ante
2156 978 2330 1033 altare
2359 976 2598 1030 divinum
2631 980 2953 1043 consistens,
2980 996 3046 1034 ex
3075 997 3223 1036 more
3255 984 3413 1037 tidem
3437 1001 3600 1054 popu-

2009 1068 2076 1122 lis
2105 1065 2358 1123 reddidit.
2397 1066 2598 1121 Dcinde
2629 1069 2868 1123 curvatis
2912 1071 3136 1138 genibus
3161 1072 3338 1126 oleum
3383 1075 3604 1130 benedi-

2011 1157 2209 1210 ctionis
2267 1169 2362 1222 per
2399 1156 2536 1208 sacri
2598 1155 2800 1222 Quirici
2853 1159 3121 1225 pontiﬁcis
3173 1177 3364 1216 manus
3414 1164 3602 1217 vertici

2012 1245 2127 1315 ejus
2160 1257 2187 1295 P
2213 1243 2537 1307 refunditur,
2583 1255 2636 1300 et
2665 1247 3054 1304 benedictionis
3088 1251 3240 1318 copia
3297 1253 3599 1316 exhibetur,

2012 1339 2089 1389 uti
2131 1332 2318 1388 statim
2357 1334 2567 1402 signum
2611 1336 2713 1388 hoc
2750 1337 2940 1392 salutis
2970 1340 3209 1394 emicuit.
3249 1341 3382 1395 Nam
3413 1359 3538 1398 mox
3573 1360 3605 1397 e

2013 1427 2215 1481 vertice
2246 1422 2381 1492 ipso,
2417 1424 2506 1477 ubi
2537 1425 2716 1480 oleum
2745 1426 2920 1494 ipsum
2951 1427 3232 1498 perfusum
3266 1431 3459 1497 fuerat,
3483 1447 3605 1488 eva-

2014 1519 2227 1587 poratio
2257 1517 2505 1585 qutcdam
2542 1515 2688 1571 fumo
2743 1519 2936 1573 similis
2994 1519 3048 1573 in
3073 1521 3290 1576 modum
3343 1523 3606 1579 columna:

2013 1622 2132 1662 sese
2166 1606 2342 1662 erexit
2373 1605 2427 1658 in
2464 1607 2659 1674 capite,
2697 1615 2749 1661 et
2773 1622 2803 1661 e
2826 1603 2943 1662 loco
2980 1609 3096 1677 ipso
3131 1611 3323 1678 capitis
3349 1613 3466 1680 apis
3486 1613 3604 1668 visa

2014 1705 2096 1754 est
2129 1696 2448 1770 prosiliisse,
2487 1713 2606 1765 quae
2632 1699 2820 1767 utique
2844 1699 3056 1769 signum
3079 1701 3347 1769 quoddam
3379 1702 3606 1756 felicita-

2016 1793 2086 1846 tis
2117 1796 2380 1846 secutura:
2407 1791 2752 1858 portenderet
2788 1802 2838 1844 ς.
2908 1794 2924 1812 ³
2981 1793 3049 1848 Ει
3075 1794 3192 1849 inec
3213 1795 3430 1864 quidem
3467 1812 3606 1866 prte—

334 1886 418 1940 dis
459 1871 810 1954 Septembris,
864 1889 918 1936 et
959 1879 1200 1936 decentis
1247 1877 1389 1948 regis
1433 1876 1614 1930 vitalis
1655 1875 1919 1928 terminus
1955 1869 1993 1924 Β
2023 1884 2232 1937 misisse
2274 1883 2510 1938 otiosum
2557 1883 2696 1938 [οι-ιθ
2724 1901 2829 1940 non
2855 1886 2998 1940 ειοίιε
3037 1887 3234 1956 quippe
3265 1896 3324 1941 ιη
3371 1889 3610 1958 posteris

333 1977 458 2041 luit,
490 1986 545 2031 et
587 1992 684 2046 pro
713 1973 1094 2043 subsequentis
1120 1971 1221 2025 viri
1243 1970 1358 2040 jam
1405 1971 1533 2025 dicti
1575 1969 1839 2024 electione
1865 1971 1910 2032 ⁸,

334 2067 426 2123 illa
469 2082 630 2137 quam
671 2065 1055 2136 praemisimus,
1107 2061 1290 2132 populi
1325 2059 1641 2115 acclamatio
1683 2059 1912 2115 exstitit.

333 2156 351 2176 '
380 2154 517 2210 Nam
541 2153 786 2210 eumdem
814 2153 989 2207 virum
1014 2166 1323 2221 quanquam
1349 2149 1608 2204 divinitus
1637 2149 1911 2220 abinceps,

333 2253 389 2303 et
408 2261 508 2316 per
533 2245 843 2299 auhelantia
877 2243 1114 2314 plebium
1143 2249 1288 2307 vota,
1320 2249 1375 2295 et
1419 2256 1517 2311 per
1541 2256 1728 2295 eorum
1763 2241 1916 2294 obse-

333 2339 632 2408 quentiam,
681 2336 849 2408 regali
893 2335 1042 2391 cultu
1071 2333 1184 2403 jam
1215 2334 1682 2390 circumdederant
1723 2349 1916 2403 magna

331 2429 534 2493 oﬂicia,
575 2428 703 2499 ungi
733 2443 792 2484 se
843 2437 1023 2482 tamen
1061 2442 1158 2497 per
1204 2425 1504 2482 sacerdotis
1555 2440 1744 2499 manus
1793 2433 1918 2480 ante

333 2538 440 2578 non
467 2536 660 2590 passus
679 2529 780 2586 est,
812 2535 971 2589 quam
1003 2521 1186 2574 sedem
1223 2518 1398 2574 adiret
1424 2518 1586 2588 regite
1612 2517 1781 2582 urbis,
1828 2524 1914 2569 at-

332 2627 437 2682 que
465 2612 638 2667 solum
659 2611 688 2650 ιι
713 2618 920 2680 peteret
945 2617 1186 2679 paterna:
1218 2607 1575 2677 antiquitatis,
1607 2607 1662 2660 in
1687 2621 1790 2676 qua
1813 2605 1916 2660 sibi

331 2709 691 2770 opportunum
719 2707 862 2755 esset
905 2708 959 2754 et
983 2715 1151 2754 saeue
1181 2697 1449 2752 unctionis
1478 2699 1493 2737 ἱ
1521 2695 1718 2750 vexilla
1745 2696 1917 2751 susci-

333 2806 478 2862 pere,
509 2800 563 2845 et
607 2791 762 2860 longe
785 2791 1082 2860 positorum
1110 2805 1404 2845 consensus
1429 2787 1442 2838 i
1499 2789 1552 2842 in
1583 2789 1846 2843 electione
1889 2787 1913 2826 ¹ι

333 2881 414 2936 sui
443 2881 836 2951 patientissime
869 2883 1156 2936 sustinere.
1202 2879 1420 2934 Scilicet
1441 2894 1526 2943 ne,
1557 2879 1723 2933 citata
1766 2878 1917 2950 regni

337 2973 634 3028 ambitione
659 2982 958 3043 permotus,
980 2973 1001 2995 ⁹
1023 2987 1312 3041 usurpasse
1331 2971 1513 3041 potius
1535 2970 1615 3023 vel
1646 2969 1854 3027 furasse
1872 2969 1913 3036 ι,

339 3080 502 3134 quam
529 3065 836 3135 percepisse
862 3081 893 3118 a
923 3064 1148 3119 Domino
1176 3063 1386 3134 signum
1416 3069 1578 3117 tanta:
1601 3059 1784 3132 glorise
1819 3077 1917 3130 pu-

340 3161 567 3213 taretur.
596 3153 752 3223 Quod
779 3167 960 3211 tamen
993 3167 1033 3194 ω
1054 3153 1306 3225 prudenti
1336 3151 1586 3208 differens
1615 3152 1913 3224 gravitate,

2017 1973 2316 2026 innotescat
2350 1987 2512 2040 quam
2560 1973 2794 2028 viriliter
2836 1975 3040 2041 rexerit
3088 1992 3332 2045 regnum.
3368 1977 3470 2042 L‘ui
3499 1993 3606 2034 non

2018 2062 2189 2117 solum
2223 2061 2431 2125 nolens,
2469 2063 2563 2116 sed
2586 2064 2752 2119 tantis
2789 2065 3068 2121 ordinibus
3111 2067 3359 2124 ordinate
3381 2084 3596 2139 percur-

2019 2175 2164 2224 rens,
2195 2159 2360 2213 totius
2397 2158 2562 2212 etiam
2609 2161 2786 2230 gentis
2813 2169 3032 2216 coactus
3063 2162 3316 2231 impulsu,
3357 2163 3426 2218 ad
3456 2163 3609 2234 regni

2018 2248 2278 2302 meruerit
2307 2247 2592 2317 pervenire
2621 2247 2916 2319 fastigium.

2088 2338 2141 2392 5.
2184 2336 2353 2405 ilujus
2403 2337 2569 2408 igitur
2614 2338 2864 2408 gloriosis
2911 2338 3264 2407 temporibus,
3311 2337 3610 2394 Galliarum

2019 2434 2164 2480 terra
2201 2425 2359 2479 altrix
2405 2425 2666 2495 perfidiae,
2705 2425 2891 2480 infami
2925 2427 3216 2482 denotatur
3263 2428 3454 2499 elogio,
3488 2444 3612 2498 qua:

2017 2519 2206 2588 utique
2241 2517 2605 2572 inmstimabili
2636 2517 2974 2574 inﬁdelitatis
3008 2518 3160 2576 febre
3194 2530 3410 2587 vexata,
3430 2521 3611 2591 genita

2019 2625 2049 2662 a
2075 2625 2132 2663 se
2167 2607 2459 2662 infidelium
2482 2608 2796 2676 depasceret
2843 2609 3106 2664 membra.
3170 2608 3310 2676 Quid
3335 2612 3478 2666 enim
3499 2626 3614 2666 non

2021 2697 2110 2752 illa
2149 2709 2168 2734 τ
2200 2697 2417 2752 crudele
2444 2696 2529 2752 vel
2553 2697 2840 2764 lubricum,
2873 2699 2967 2753 ubi
2991 2699 3398 2768 coniuratorum
3427 2701 3614 2757 conci-

2021 2787 2297 2852 liabulum,
2333 2787 2572 2858 perfidite
2595 2788 2830 2859 signum,
2856 2789 3164 2844 obscenitas
3187 2805 3432 2859 operum,
3457 2789 3610 2848 fraus

2020 2879 2376 2949 negotiorum,
2432 2879 2619 2933 venale
2679 2877 2964 2947 judicium,
3013 2888 3088 2944 et,
3131 2881 3276 2950 quod
3329 2880 3484 2950 pejus
3522 2881 3610 2937 bis

2021 2971 2272 3026 munibus
2299 2979 2400 3037 est,
2439 2979 2626 3025 contra
2662 2971 2838 3040 ipsum
2895 2971 3232 3027 Salvatorem
3288 2982 3535 3028 nostrum
3557 2981 3610 3027 et

2022 3065 2306 3119 Dominum
2361 3063 2670 3121 Judaeorum
2703 3067 3196 3136 blasphemantium
3247 3067 3609 3137 prostibulum

2022 3155 2367 3210 habebatur?
2401 3157 2526 3212 lltec
2563 3157 2707 3212 enim
2762 3165 2906 3212 terra
2969 3172 3087 3223 suo,
3125 3165 3184 3211 ut
3214 3157 3291 3212 ita
3353 3158 3605 3222 dixerim,

1629 3266 1908 3323 TEXTUS
1945 3267 2304 3326 TUDENSIS.

335 3359 434 3443 Qui
455 3359 655 3444 acriter
674 3358 961 3444 reluctanti
986 3375 1126 3444 prius
1147 3373 1217 3441 es
1237 3357 1414 3444 oliicio
1437 3357 1632 3414 ducum
1657 3358 1915 3444 audacter
1941 3382 1986 3444 η

333 3433 388 3486 in
411 3429 638 3500 medium
659 3429 883 3500 prosiliit
907 3446 925 3484 :
951 3438 998 3484 et
1012 3430 1440 3500 gmiuacicontra
1469 3443 1592 3483 eum
1616 3427 1765 3481 vultu
1787 3428 1914 3480 edu-

333 3510 416 3555 cto
438 3499 613 3570 gladio
633 3499 1128 3570 prospiciensrdisit
1153 3514 1166 3552 :
1197 3499 1310 3553 Nisi
1333 3512 1725 3570 consensurum
1750 3506 1800 3551 te
1825 3513 1914 3552 no-

333 3570 419 3624 bis
441 3568 944 3639 'promittasfgladii
967 3569 1134 3638 hujus
1163 3584 1421 3639 mucrone
1467 3568 1627 3639 modo
1652 3577 1913 3639 truncan-

333 3637 463 3694 duni
490 3647 542 3694 te
582 3639 723 3693 scias
765 3637 909 3694 {nec
955 3637 1081 3693 hinc
1110 3639 1294 3692 tandiu
1337 3637 1622 3700 exibimus,
1680 3637 1914 3704 quandiu

331 3717 429 3762 aut
453 3708 723 3779 expeditio
749 3715 933 3779 nostra
956 3715 1006 3760 te
1031 3723 1213 3779 regem
1239 3707 1502 3779 accipiat,
1530 3713 1623 3779 aut
1648 3704 1916 3779 contradi-

333 3775 558 3832 ctionem
581 3787 838 3832 cruentus
864 3777 953 3831 hic
978 3775 1138 3832 hodie
1161 3792 1320 3831 casus
1346 3775 1538 3830 mortis
1557 3775 1865 3828 absorbent.

405 3849 460 3901 3.
492 3847 733 3911 Quorum
761 3862 868 3900 non
895 3854 1002 3899 tam
1029 3847 1280 3914 precibus
1325 3852 1609 3914 superatus
1633 3859 1792 3914 quam
1815 3843 1914 3896 mi-

331 3915 442 3978 nis,
461 3915 686 3970 tandem
715 3917 880 3970 cessit
909 3929 924 3996 ξ
960 3912 1293 4000 regnumque
1332 3912 1632 4000 suscipiens
1660 3912 1732 3966 ad
1763 3929 1915 3967 suam

331 4002 511 4039 omnes
573 4001 724 4040 acem
751 3985 971 4054 recepit.
1007 3984 1074 4039 Et
1092 3995 1269 4040 tamen
1295 4002 1356 4039 ne
1383 3986 1517 4038 citra
1546 3984 1722 4038 locum
1749 3998 1914 4036 sacra:

332 4055 478 4108 sedis
530 4000 794 4108 ¥oletana2
844 4057 986 4108 reani
1020 4071 1226 4108 sacrant
1265 4055 1544 4108 susciperet
1593 4053 1912 4108 unctionem.

332 4052 794 4130 sedis__Toletana:
830 4052 986 4130 regni
1020 4071 1226 4130 sacrant
1265 4055 1544 4130 susciperet
1593 4053 1912 4130 unctionem,

332 4124 537 4178 distulit
568 4140 738 4193 usque
771 4125 841 4179 ad
871 4122 1068 4179 nonam
1097 4122 1361 4179 decimam
1383 4122 1544 4186 diem,
1572 4138 1633 4175 ne
1655 4122 1916 4193 videretur

333 4194 614 4265 ambitione
649 4190 958 4265 usurpasse,
983 4194 1058 4249 vel
1091 4195 1328 4265 {uratum
1359 4210 1469 4265 esse
1497 4193 1638 4265 regni
1658 4190 1912 4265 gloriam,

333 4263 424 4336 s_ed
444 4266 615 4336 potius
655 4262 859 4336 signum
882 4266 1015 4336 tanti
1034 4262 1284 4336 culminis
1309 4262 1910 4336 aADominopercepisse.

333 4331 672 4389 Gerebantur
695 4331 840 4390 enim
880 4335 982 4388 ista
1031 4335 1087 4389 in
1118 4333 1244 4387 villa
1273 4333 1360 4388 cui
1403 4331 1710 4401 antiquitas,
1736 4331 1916 4385 Geni-

333 4418 428 4474 cos
451 4419 645 4459 nomen
672 4405 817 4460 dedit
841 4419 856 4458 :
885 4421 1003 4474 quae
1031 4403 1142 4458 fere
1165 4411 1386 4474 centum
1412 4400 1603 4474 viginti
1646 4400 1915 4474 milliariis

334 4473 404 4543 ab
453 4474 586 4529 urbe
618 4475 763 4543 regia
791 4471 1002 4528 distans
1054 4474 1108 4527 in
1157 4471 1606 4543 Salamanticensi
1640 4471 1916 4543 territorio

334 4541 438 4612 sita
473 4551 576 4598 est.
606 4541 854 4599 lbi-enim
876 4561 984 4599 uno
1009 4544 1308 4612 eodemque
1345 4543 1433 4598 die
1475 4541 1680 4612 scilicet
1697 4541 1763 4612 in
1804 4541 1914 4594 lia-

335 4611 509 4684 lendis
539 4612 893 4684 Septembris,
919 4623 973 4669 et
1001 4610 1311 4684 decedentis
1337 4625 1381 4684 '_
1405 4613 1548 4681 regis
1581 4610 1763 4665 vitalis
1802 4619 1912 4664 ter-

334 4681 514 4740 minus
549 4681 670 4750 fuit,
705 4694 762 4740 et
787 4685 918 4740 dicti
945 4685 1050 4739 viri
1084 4683 1264 4739 electio
1298 4682 1594 4737 subsecuta.

2086 3360 2140 3414 4.
2190 3360 2479 3431 Postquam
2515 3371 2688 3415 autem
2738 3361 3042 3431 Toletanam
3073 3361 3252 3431 urbem
3290 3362 3609 3431 ingreditur,

2019 3439 2068 3484 et
2094 3439 2314 3486 ventum
2335 3430 2444 3494 est,
2486 3445 2594 3499 quo
2620 3440 2842 3500 sanctae
2889 3430 3158 3500 unctionis
3200 3430 3498 3500 susciperet
3536 3430 3613 3488 si-

2019 3516 2206 3569 gnum,
2236 3501 2383 3580 regio
2405 3499 2518 3567 jam
2548 3499 2694 3554 cultu
2725 3499 3068 3580 conspicuus,
3105 3509 3234 3580 ante
3263 3500 3609 3580 altare‘divi-

2017 3567 2148 3624 num
2171 3567 2492 3630 consistens,
2522 3585 2590 3639 est
2625 3584 2775 3639 more
2808 3568 3118 3639 catholicam
3155 3569 3316 3638 ﬁdem
3340 3567 3610 3639 professus

2017 3654 2136 3692 cum
2183 3648 2514 3691 sacramento
2553 3637 2778 3706 jurandi
2809 3637 2970 3690 (idem
3003 3637 3215 3706 populis
3250 3637 3519 3694 reddidit:
3558 3651 3611 3697 et

2017 3723 2185 3779 mores
2209 3707 2368 3779 bonos
2399 3707 2840 3779 prwdecessorum
2865 3723 3043 3779 regum
3075 3718 3228 3779 atque
3265 3707 3401 3778 leges
3427 3710 3616 3778 firma-

2018 3776 2108 3830 vit.
2146 3775 2352 3848 Deinde
2380 3775 2618 3848 curvatis
2645 3778 2873 3848 genibus
2901 3775 3077 3848 oleum
3099 3775 3492 3834 benedictionis
3515 3795 3615 3848 per

2017 3847 2156 3918 sacri
2211 3846 2452 3918 primatis
2484 3856 2540 3901 et
2584 3847 2858 3918 pontiﬁcis
2885 3847 3092 3914 Quirici
3135 3850 3153 3885 ‘
3187 3864 3380 3903 manus
3417 3846 3616 3906 vertici

2016 3915 2135 4041 (311s
2183 3915 2502 3998 refunditur,
2541 3915 2600 3998 et
2641 3917 3032 3999 benedictionis
3061 3919 3242 3999 _copia
3295 3919 3606 3976 exhil-etur.

2069 3987 2122 4041 bl
2149 3987 2252 4041 hoc
2284 3994 2469 4040 statim
2496 3996 2719 4041 emicuit
2757 3986 2995 4041 mirabile
3030 4003 3240 4041 smnum
3269 4003 3283 4040 :
3322 4005 3447 4041 nam
3485 4007 3606 4041 mox

2069 3987 2122 4041 bi
2149 3987 2252 4058 hoc
2284 3987 2469 4058 statim
2496 3987 2719 4058 emicuit
2757 3986 2995 4042 mirabile
3030 3986 3240 4058 signum
3269 4003 3283 4040 :
3322 4005 3447 4042 nam
3485 4007 3606 4046 mox

2016 4070 2047 4110 e
2071 4055 2418 4127 verticeipso
2448 4058 2542 4113 ubi
2587 4057 2766 4127 oleum
2817 4067 3057 4111 sanctum
3084 4055 3379 4127 perfusum
3415 4058 3618 4123 fuerat,

2015 4126 2324 4196 evaporatio
2358 4127 2603 4195 quaedam
2628 4125 2776 4180 fumo
2803 4127 2996 4182 similis
3020 4127 3074 4182 in
3099 4125 3317 4182 modum
3344 4128 3612 4186 columna:

2017 4212 2134 4251 sese
2179 4196 2391 4252 erexit:
2427 4206 2473 4250 et
2505 4212 2575 4252 ex
2618 4197 2794 4266 capite
2823 4197 2942 4266 ipso
2981 4198 3099 4266 apis
3149 4199 3262 4252 visa
3298 4207 3381 4252 est
3431 4213 3610 4266 pros:-

2017 4266 2182 4332 liisse,
2221 4278 2269 4320 et
2290 4268 2425 4336 aeris
2451 4265 2562 4320 alta
2609 4265 2858 4336 petiisse:
2890 4265 3027 4335 quae
3048 4267 3234 4336 utique
3269 4265 3480 4336 signum
3508 4268 3612 4336 fuit

2017 4346 2283 4391 secutura:
2305 4335 2618 4390 felicitatis.
2650 4335 2779 4406 Post
2806 4336 2916 4390 hac
2943 4352 3103 4406 quam
3137 4335 3361 4406 gloriose
3389 4335 3607 4404 regnum

2017 4407 2228 4470 rexerit,
2253 4421 2357 4458 non
2382 4415 2456 4458 est
2485 4415 2675 4458 nostra:
2703 4404 2964 4459 disserere
2983 4404 3286 4459 valitudinis
3324 4417 3372 4458 υ.

2085 4475 2140 4528 5.
2183 4474 2506 4528 Consistente
2535 4475 2698 4544 igitur
2722 4473 2780 4526 in
2801 4475 2972 4543 quiete
3013 4475 3237 4544 paciﬁca
3278 4490 3454 4544 regno,
3482 4472 3612 4528 Gal-

2019 4544 2211 4598 liarqu
2244 4553 2388 4598 terra
2419 4543 2718 4598 eversionis
2749 4558 2861 4597 suae
2913 4543 3144 4596 nutrivit
3169 4543 3490 4613 decipulum.
3515 4544 3610 4599 Ει-

2018 4615 2162 4668 enim
2213 4614 2390 4668 subito
2417 4613 2474 4667 in
2493 4628 2557 4667 ea
2583 4629 2721 4668 unus
2758 4614 2916 4669 turbo
2970 4613 3304 4669 infidelitatis
3333 4614 3568 4687 assurgit
3590 4631 3615 4676 ξ,

1856 4765 2090 4824 NOTAE.

405 4901 430 4928 ει
470 4889 554 4953 F.,
590 4890 747 4943 modo
791 4891 1088 4953 promittas.

409 4959 436 4998 δ
474 4960 538 5012 D.
570 4973 585 5011 :
626 4959 738 5013 Nec
767 4956 832 5014 de
853 4961 974 5014 hinc
1005 4967 1160 5013 antea
1181 4956 1459 5020 exibimus,
1487 4968 1643 5014 quam
1669 4963 1778 5018 aut,
1806 4962 1913 5008 etc.

411 5040 433 5067 ο
471 5028 596 5094 Ms.,
633 5045 832 5084 omnes.

409 5097 437 5137 «ι
478 5099 563 5162 D.,
597 5099 750 5153 citra.

415 5179 440 5208 ο
479 5168 602 5234 Ms.,
643 5169 846 5223 villula.
1143 5221 1154 5236 κ

415 5237 434 5276 ί
475 5238 575 5302 1(1.,
625 5239 800 5293 insula
823 5239 1154 5295 Manticensi.

412 5309 440 5378 β
472 5307 572 5378 ld.,
623 5309 998 5378 praelectione.

409 5377 438 5418 ιι
475 5377 575 5443 ld.,
617 5376 828 5432 solium.

415 5449 432 5489 ί
476 5449 577 5513 ld.,
627 5450 872 5517 ungunis.

413 5522 428 5568 Ι
480 5518 566 5584 F.,
614 5533 942 5571 consensum.

411 5586 440 5627 ἰ
476 5587 597 5651 Ms.,
655 5587 717 5639 ob
742 5587 1144 5655 prtelectioncm.

415 5655 433 5696 ι
473 5657 575 5722 ld.,
623 5656 828 5725 furatus
854 5673 987 5712 esse.

413 5739 454 5767 ⁸³³
491 5726 594 5792 ld.,
623 5726 848 5781 tandem.

1943 4887 1991 4946 ι)

2091 4892 2119 4920 ιι
2154 4882 2305 4937 Hanc
2363 4882 2506 4937 diem
2544 4881 2805 4937 decimam
2864 4895 3060 4933 nonam
3101 4877 3434 4948 Septembris
3481 4896 3612 4936 cum

2023 4955 2162 5008 bene
2221 4953 2528 5022 adoptasset
2579 4951 2815 5006 Joannes
2866 4949 3192 5022 Marianan
3241 4965 3336 5022 sua
3385 4951 3614 5022 historia

2028 5023 2237 5084 Latina,
2276 5019 2458 5077 nescio
2510 5037 2678 5090 quare
2708 5022 2761 5074 in
2787 5020 3033 5073 versione
3078 5019 3364 5087 Hispanica
3417 5021 3613 5085 vigesi-

2030 5108 2171 5147 mam
2207 5108 2404 5146 nonam
2437 5089 2764 5160 apposuerit.
2798 5089 3418 5160 correctum_vellemus
3472 5091 3615 5146 hunc

2027 5177 2268 5284 erroriem
2298 5161 2351 5214 in
2379 5157 2586 5285 dgna—bus
2611 5159 2899 5232 postremis
2933 5159 3063 5214 edit.
3094 5157 3395 5216 Matritens.

2101 5240 2126 5266 ⁰
2214 5271 2250 5285 ..
2285 5249 2394 5285 ατιο
2439 5271 2452 5284 .

2101 5240 2126 5266 ο
2168 5240 2250 5293 l“.,
2285 5240 2452 5293 quod.

2105 5249 2126 5266 υ
2168 5249 2250 5293 r.,
2285 5249 2452 5304 quoa.

2105 5312 2132 5352 ν
2171 5303 2329 5374 Deest
2352 5301 2543 5374 ejusrin
2567 5316 2668 5354 ms.
2966 5371 2975 5374 Α
3067 5369 3077 5374 ,
3244 5363 3263 5374 ,
3293 5361 3323 5374 ,,
3363 5362 3394 5374 ,_
3443 5362 3472 5374 Α,

2099 5383 2126 5422 (ι
2168 5371 2226 5424 F.
2260 5387 2274 5425 :
2328 5361 2501 5436 Quod.
2537 5410 2550 5424 .
2581 5410 2595 5424 .
2623 5387 2829 5441 signum
2889 5369 3167 5442 cujusdam
3235 5361 3520 5435 [ειὲείταῑὶσο
3545 5399 3562 5416 .
3593 5397 3615 5418 .

2029 5443 2247 5513 speciem
2272 5442 2620 5513 portenderet.

2106 5523 2127 5551 ι’
2165 5510 2280 5573 ld.,
2313 5512 2368 5564 in
2393 5510 2507 5564 illa.

2103 5595 2125 5622 ³
2167 5581 2290 5648 Ms.,
2339 5581 2644 5634 decidentis.

2111 5654 2126 5688 ί
2168 5653 2288 5716 Ms.,
2347 5651 2604 5715 Quiriaci.
2991 5703 2997 5716 ,

2105 5736 2130 5762 υ
2174 5725 2320 5791 llisp.
2361 5722 2548 5787 illust.,
2579 5719 2908 5776 valetudinis.
