4028 6176
354 252 465 310 ῗσθ

1243 254 1416 311 HIS'I‘.
1458 256 1908 317 REBELLIONIS
1946 260 2150 318 PAULI
2181 263 2339 319 ADV.
2382 264 2712 323 WAMBAM.

3509 289 3611 349 πε

1644 371 1924 430 TEXTUS
1961 377 2239 433 LECITIM
2249 380 2350 435 US.

350 453 562 515 statuit,
595 452 770 506 locum
817 453 1085 524 proponit,
1123 470 1230 525 quo
1279 455 1481 512 Gallias
1516 464 1876 532 expugnaturi
1906 478 1932 506 ιι
1963 480 2011 540 Α
2041 468 2179 524 idem
2232 469 2428 528 Paulus

350 544 695 599 accederent.
744 542 763 562 θ
826 541 980 609 Quod
1008 543 1093 597 vir
1114 544 1237 599 vitae
1274 548 1613 612 venerabilis,
1656 558 1711 605 et
1738 552 1938 608 sollici—

353 633 543 688 tudine
579 630 851 688 salvandae
888 633 1057 703 plebis
1099 635 1343 701 idoneus,
1401 636 1715 709 Argebadus
1751 645 1937 700 cathe-

350 725 464 778 drae
491 720 857 777 Narbonensis
895 723 1141 788 antistes,
1192 726 1541 783 subtilissima
1578 735 1935 799 quorumdam

348 810 617 866 relatione
661 810 691 849 ιι
730 810 1084 879 comperiens,
1114 819 1175 866 ut
1196 822 1320 882 pote
1352 823 1600 886 tyranno,
1630 820 1706 874 illi
1729 822 1934 877 aditum

350 900 591 956 civitatis
622 899 983 956 intercludere
1036 902 1188 957 nisus
1212 912 1318 959 est.
1372 904 1479 961 Sed
1518 923 1618 962 nec
1655 910 1773 965 hac
1800 927 1935 981 quo-

350 1008 459 1062 que
484 989 664 1060 opinio
710 990 865 1045 latuit
898 988 1142 1047 Paulum.
1190 994 1681 1068 Unde,priusquam
1708 1002 1935 1057 antistes

352 1083 444 1136 ille
495 1099 616 1151 quae
643 1079 971 1150 cogitaverat
1011 1083 1293 1141 effectibus
1334 1088 1704 1158 manciparet,
1756 1092 1934 1148 subito

352 1188 699 1243 praepropero
749 1185 771 1212 ε
824 1191 985 1230 cursu
1025 1176 1224 1235 Paulus
1257 1195 1382 1235 cum
1424 1183 1667 1238 exercitu
1717 1184 1931 1240 Narbo-

352 1280 577 1317 nensem
616 1266 804 1319 urbem
838 1265 1166 1333 ingrediens,
1199 1270 1421 1326 insidias
1457 1274 1540 1327 sui
1568 1276 1879 1331 maturitate
1902 1277 1930 1317 ά

353 1354 635 1422 pnevcnit,
687 1363 975 1425 portasque
1022 1358 1255 1413 civitatis
1302 1362 1649 1434 subtlelegato
1697 1377 1933 1424 armato-

355 1458 476 1497 rum
506 1444 756 1512 praasidio
780 1446 1020 1500 obserari
1054 1459 1077 1486 ο
1112 1451 1386 1519 przecepit.
1424 1452 1677 1509 Ubi-dum
1701 1457 1931 1512 circum-

350 1534 473 1589 fusa
506 1536 685 1590 omnis
733 1538 1003 1592 exercitus
1039 1540 1323 1596 multitudo
1372 1543 1593 1600 collecta
1641 1554 1741 1612 est,
1785 1550 1933 1619 vipe-

354 1641 507 1681 reum
553 1635 712 1696 caput
772 1630 1009 1697 perﬁdiae
1058 1647 1180 1686 cum
1232 1634 1548 1703 quibusdam
1596 1640 1760 1695 sociis
1818 1641 1932 1697 suis

355 1715 555 1771 Paulus
600 1718 712 1785 ipse
756 1719 810 1772 in
867 1721 1045 1775 medio
1105 1723 1295 1788 astitit,
1346 1724 1640 1796 objurgans
1692 1733 1928 1800 primum

352 1806 664 1876 episcopum
715 1823 814 1863 cur
855 1809 931 1864 illi
962 1810 1199 1867 civitatis
1236 1814 1439 1870 aditum
1468 1817 1825 1875 intercludere
1851 1824 1933 1877 ni-
1962 1824 2009 1884 Β

354 1905 579 1952 teretur.

422 2030 476 2082 8.
508 2027 632 2083 Post
663 2029 778 2084 haec
805 2030 1103 2100 tyrannidis
1140 2048 1251 2090 sua:
1292 2036 1575 2093 consilium
1600 2041 1929 2108 proditurus,

351 2120 566 2175 diverso
600 2119 806 2177 fraudis
854 2133 1175 2194 argumento
1215 2126 1372 2182 ﬁdem
1411 2131 1729 2200 populorum
1775 2136 1934 2205 dege-

353 2227 569 2277 nerans,
596 2220 651 2267 et
677 2213 743 2268 ad
766 2214 1079 2284 irrogandas
1101 2215 1216 2286 jam
1244 2217 1354 2274 fato
1380 2220 1682 2278 Wambano
1703 2225 1932 2296 principi

352 2303 577 2374 injurias
608 2305 818 2360 animos
856 2307 1187 2378 singulorum
1227 2309 1583 2379 inﬁammans,
1623 2312 1772 2383 jurat
1818 2306 1933 2386 ipse

350 2394 549 2449 Paulus
592 2395 824 2464 prlmum
876 2398 1128 2454 omnibus
1164 2400 1313 2455 illum
1346 2402 1365 2441 τ
1399 2419 1458 2458 se
1503 2420 1683 2475 regem
1734 2407 1934 2464 habere

350 2500 458 2537 non
496 2500 673 2553 posse,
731 2502 830 2541 nec
880 2487 932 2542 in
983 2488 1099 2557 ejus
1144 2491 1284 2546 ultra
1322 2490 1581 2549 famulatu
1622 2498 1930 2565 persistere.

349 2574 490 2641 Quin
536 2576 714 2646 potius
751 2577 864 2632 ait:
894 2580 1064 2649 Caput
1098 2583 1374 2654 regiminis
1402 2588 1429 2627 ε
1451 2602 1517 2641 ex
1550 2588 1705 2643 vobis
1743 2590 1877 2659 ipsis
1902 2592 1928 2630 ιι

350 2667 562 2737 eligite,
613 2668 698 2723 cui
745 2680 1040 2726 conventus
1094 2675 1270 2729 omnis
1318 2678 1601 2735 multitudo
1645 2682 1828 2749 cedat;
1877 2691 1931 2738 ct

350 2770 512 2825 quem
539 2757 594 2811 in
617 2758 771 2813 nobis
793 2760 1084 2828 principari
1109 2773 1385 2832 appareat.
1412 2766 1511 2821 Cui
1534 2784 1670 2823 unus
1706 2785 1773 2824 ex
1800 2787 1930 2826 con-

348 2842 544 2915 iuratis
600 2846 818 2918 maligni
869 2848 1036 2917 ipsius
1091 2852 1300 2907 consilii
1347 2856 1527 2911 socius
1589 2857 1928 2916 Ranosindus

350 2935 577 2991 Paulum
618 2938 721 2994 sibi
759 2953 940 3009 regem
964 2941 1228 3013 designat,
1263 2944 1487 3001 Paulum
1522 2949 1624 3004 sibi
1661 2966 1761 3007 nec
1795 2952 1927 3007 alte-

351 3041 473 3080 rum
503 3027 519 3067 ί
549 3027 760 3097 populis
799 3044 980 3101 regem
1015 3048 1141 3087 mox
1171 3032 1411 3090 futurum
1442 3048 1679 3109 exoptat.
1721 3041 1788 3096 At
1833 3044 1926 3098 ubi

2469 475 2552 573 sui
2600 478 2810 534 consilii
2869 486 3313 549 accelerationem
3361 497 3616 573 inspexit,

2035 561 2444 664 consensionem
2468 564 2631 664 illico
2654 571 2887 639 propriae
2909 576 3195 636 voluntatis
3223 561 3483 657 adbibuil,
3524 561 3618 664 ju:

2036 663 2156 703 rare
2179 652 2340 705 etiam
2377 653 2594 710 sibimet
2621 672 2811 715 omnes
2840 665 3032 735 coegit.
3065 666 3192 724 Post
3237 673 3352 730 haec
3389 652 3615 751 regnum

2036 740 2265 810 arripuit
2296 740 2340 807 ἱ,
2372 754 2425 798 et
2443 744 2648 802 nefaria
2681 753 2987 811 temeritate
3019 760 3418 830 conjuratorum
3444 740 3620 831 cater-

2183 832 2348 899 illam,
2378 850 2541 905 quam
2570 855 2844 897 armorum
2871 848 3098 906 utilitate
3119 870 3225 909 non
3255 861 3397 928 cepit
3418 864 3464 927 ιι,
3495 881 3619 936 per-

2034 922 2173 978 tidia:
2216 940 2378 994 opere
2413 929 2481 983 ad
2512 945 2570 984 se
2604 935 2787 988 traxit.
2828 937 2961 993 Nam
3002 922 3349 1018 llildericuni,
3407 922 3618 1013 Gvuinil-

2036 1015 2182 1080 dum,
2205 1018 2286 1071 vel
2313 1018 2669 1088 Ranimirum,
2698 1042 2805 1080 non
2836 1029 3032 1086 difﬁcili
3060 1051 3225 1104 opere
3251 1015 3361 1097 sua:
3379 1048 3618 1113 perfidia:

2034 1109 2274 1165 sociavit.
2312 1112 2448 1177 Quid
2484 1116 2692 1169 multa?
2718 1116 2906 1176 Omnis
2934 1123 3225 1184 Galliarum
3267 1109 3409 1189 terra
3437 1140 3617 1195 subito

2035 1201 2087 1253 in
2115 1203 2395 1257 seditionis
2420 1222 2570 1260 arma
2600 1208 2862 1279 conjurat,
2910 1232 3008 1272 nec
3037 1220 3208 1274 solum
3243 1221 3491 1295 Galliam,
3520 1232 3615 1286 sed

2032 1290 2195 1345 etiam
2238 1305 2449 1360 partem
2481 1296 2713 1366 aliquam
2751 1301 3168 1365 Tarraconensis
3195 1290 3487 1382 provincize
3523 1337 3612 1377 so-

2033 1381 2172 1434 ciam
2200 1383 2505 1440 rebellionis
2542 1402 2654 1443 suaz
2688 1400 2919 1447 attentat
2951 1394 2990 1447 1.
3020 1397 3105 1452 Fit
3136 1381 3314 1458 tamen
3346 1415 3454 1462 tota
3488 1409 3615 1466 Gal-

2034 1472 2103 1526 lia
2137 1484 2357 1542 repente
2383 1482 2809 1537 conventiculum
2841 1487 3188 1559 perﬁiorum,
3233 1498 3470 1565 perﬁdia:
3496 1518 3615 1572 spe-

2033 1567 2209 1634 laaum,
2235 1573 2650 1629 conciliabulum
2675 1580 3011 1647 proditorum
3036 1597 3096 1638 ω.
3125 1588 3225 1644 Ubi
3265 1593 3389 1648 dum
3416 1567 3615 1655 Paulus

2032 1661 2270 1729 perﬁdia:
2324 1679 2434 1719 sua:
2490 1667 2665 1722 socios
2716 1675 3113 1732 numerosiores
3169 1679 3385 1739 efﬁcere
3432 1688 3612 1756 vellet,

2032 1754 2255 1822 prolatis
2282 1765 2307 1791 υ
2332 1758 2716 1829 promissisque
2747 1767 3076 1831 muneribus,
3124 1768 3453 1832 Francorum
3491 1754 3615 1835 Wa;

2036 1859 2365 1915 sconumque
2393 1850 2763 1908 multitudines
2776 1855 2855 1908 \in
2885 1860 3142 1916 auxilium
3167 1866 3247 1919 sui
3287 1881 3616 1939 pugnaturas

2038 1940 2255 2011 adlegit,
2298 1950 2353 1996 et
2392 1944 2531 1999 intra
2577 1945 2778 2002 Gallias
2820 1967 2942 2006 cum
2988 1956 3331 2016 multitudine
3379 1963 3615 2023 hostium

2034 2033 2312 2101 persistit,
2361 2037 2645 2105 opperiens
2674 2050 2923 2097 eventum
2959 2049 3250 2116 gratissimi
3278 2059 3303 2088 ο
3335 2058 3613 2126 temporis,

2036 2138 2143 2190 quo
2164 2133 2345 2192 posset
2373 2126 2425 2178 in
2452 2126 2735 2197 Hispanias
2763 2142 2789 2180 P
2813 2144 3144 2203 pugnaturus
3181 2145 3455 2213 accedere,
3491 2164 3617 2219 per-

2037 2224 2357 2284 ceptumque
2388 2219 2537 2287 regni
2561 2218 2832 2291 fastigium
2855 2226 3143 2283 vindicem.

2105 2306 2159 2357 9.
2196 2304 2289 2359 lllo
2316 2313 2441 2361 tunc
2470 2317 2739 2378 tempore,
2770 2329 2892 2367 cum
2929 2316 3043 2373 haec
3084 2320 3222 2376 intra
3265 2324 3464 2384 Gallias
3491 2345 3631 2402 age-"

2035 2404 2241 2459 rentur,
2289 2397 2571 2464 religiosus
2601 2400 2828 2456 Wamba
2869 2407 3118 2478 princeps
3150 2410 3361 2471 feroces
3398 2397 3617 2476 Wasco-

2035 2502 2162 2540 num
2213 2497 2399 2558 gentes
2448 2490 2811 2549 debellaturus
2853 2502 3207 2569 aggrediens,
3261 2508 3315 2561 in
3374 2514 3617 2579 partibus

2034 2580 2825 2647 commorabatur.Cantabri:e.
2855 2586 2955 2643 Ubi
2977 2606 3097 2645 cum
3132 2596 3197 2650 de
3219 2597 3304 2653 bis
3329 2616 3447 2670 qua:
3473 2606 3616 2662 intra

2037 2666 2239 2723 Gallias
2284 2672 2628 2739 gerebantur,
2661 2674 2803 2730 fama
2849 2695 2907 2734 se
2947 2682 3013 2735 ad
3038 2699 3198 2741 aures
3236 2666 3493 2763 principis
3522 2699 3615 2751 de-

2042 2761 2301 2827 duxisset,
2338 2777 2464 2817 mox
2504 2766 2775 2833 negotium
2818 2770 3141 2838 primatibus
3166 2777 3351 2845 palatii
3384 2761 3616 2841 innotuit

2033 2853 2490 2920 pertractandum,
2536 2862 2790 2912 utrumne
2838 2871 3058 2927 possent
3093 2864 3148 2918 in
3182 2866 3384 2925 Gallias
3421 2875 3615 2934 exinde

2033 2947 2319 3017 pugnaturi
2360 2948 2634 3013 accedere,
2677 2964 2746 3005 an
2776 2963 3109 3010 revertentes
3144 2961 3211 3013 ad
3252 2965 3470 3031 propria
3504 2968 3615 3022 col-

2036 3038 2188 3093 lectis
2223 3038 2455 3109 uudique
2502 3040 2706 3097 viribus
2749 3057 2871 3098 cum
2910 3045 3190 3116 multiplici
3219 3055 3458 3111 exercitu
3503 3066 3612 3115 tam

1667 3152 1944 3208 TEXTUS
1982 3149 2342 3206 TUDENSIS.

349 3233 615 3315 enuntiat.
666 3231 818 3315 Quod
844 3234 936 3315 vir
977 3248 1102 3315 vita}
1147 3239 1473 3315 venerabilis
1508 3239 1864 3315 Argebaudus
1896 3253 1924 3292 ιι
1953 3247 1999 3309 c
2029 3256 2149 3315 rum
2189 3240 2399 3315 populis
2443 3255 2625 3315 regem
2650 3241 2887 3315 futurum
2918 3254 3154 3313 exoptat.
3188 3248 3270 3301 Ad
3304 3251 3415 3306 lucc
3440 3262 3612 3315 caeteri

357 3304 717 3379 Narbonensis
760 3306 1367 3379 antisteshsubtilissima
1398 3304 1751 3379 quorumdam
1792 3313 1928 3367 rela-

353 3374 500 3427 tione
534 3383 587 3426 ut
620 3378 885 3444 comperit,
934 3376 1137 3431 aditum
1163 3377 1235 3432 illi
1284 3374 1519 3435 civitatis
1571 3381 1929 3437 intercludere

351 3445 502 3498 nisus
525 3451 624 3498 est.
657 3442 763 3516 Sed
806 3461 905 3500 nec
934 3448 1035 3501 ista
1074 3448 1255 3516 opinio
1290 3449 1443 3504 latuit
1493 3451 1755 3505 Paulum:
1785 3453 1928 3507 unde

350 3515 666 3589 priusquam
700 3514 1058 3589 Argeoaudus,
1088 3514 1228 3589 quod
1278 3521 1607 3589 cegitaverat
1652 3521 1930 3576 tﬁ‘ectibus

351 3584 704 3658 ttianciparet,
743 3586 921 3639 subito
954 3584 1173 3658 propero
1201 3584 1370 3643 cursu
1409 3590 1607 3644 Paulus
1635 3605 1757 3644 cum
1781 3607 1933 3645 exer-

312 3704 317 3709 .
350 3654 463 3728 cit_u
491 3654 893 3709 Narbonensem
922 3654 1111 3711 urbem
1139 3658 1463 3728 ingrediens,
1494 3667 1678 3728 portas
1698 3661 1932 3715 civitatis

349 3724 451 3798 sua
474 3739 690 3798 suorum
718 3732 1045 3798 armatorum
1080 3724 1330 3798 praesidio
1372 3724 1632 3783 observari
1655 3730 1928 3798 prmcepit.

356 3793 454 3847 Ubi
483 3793 610 3846 dum
645 3793 969 3848 circumfusa
1015 3793 1193 3851 omnis
1219 3800 1489 3853 exercitus
1517 3793 1799 3854 multitudo
1824 3793 1933 3854 col-

348 3863 494 3937 lecta
525 3869 626 3937 est,
657 3862 931 3937 vipereum
971 3873 1133 3932 caput
1157 3868 1417 3937 perﬁdia:
1455 3884 1577 3923 cum
1612 3869 1931 3937 quibusdam

348 3931 517 4009 sociis
546 3932 658 3985 suis
676 3930 893 4009 Paulus“
909 3930 1226 4009 ipse—medio
1259 3937 1451 4009 astitit,
1474 3930 1764 4009 objurgans
1784 3941 1933 4009 prius

347 4000 662 4070 episcopum
702 4017 800 4057 cur
824 4002 897 4055 illi
928 4000 1181 4061 civitatis
1209 4005 1413 4062 aditum
1438 4000 1811 4064 'intércl'udere
1856 4010 1936 4063 ni-

352 4080 582 4127 teretur.

423 4144 476 4196 8.
503 4141 638 4219 Post_
656 4141 781 4219 baac
798 4144 1095 4213 tyrannidis
1129 4161 1245 4219 sua;
1272 4146 1851 4219 consiliumproditur,
1883 4158 1933 4203 et

352 4211 564 4266 diverso
610 4210 831 4300 fraudis
854 4225 1171 4300 argumento
1216 4216 1376 4300 ﬁdem
1418 4210 1732 4300 populorum
1754 4210 1931 4300 dege-

352 4296 585 4359 n_erans,_
610 4282 679 4336 ad
709 4282 1023 4359 irrogandas
1051 4284 1162 4359 jam
1189 4296 1369 4359 sancto
1410 4282 1624 4359 Bajnbw
1658 4289 1765 4359 regi
1796 4282 1933 4359 inju—

352 4352 464 4431 rias
492 4352 709 4431 animos
754 4352 1088 4431 singulorum
1120 4358 1433 4431 inﬂammat.
1470 4355 1624 4412 Jurat
1674 4352 1931 4431 principio

354 4421 468 4490 ipse
484 4422 708 4497 Paulus,
729 4440 784 4477 se
803 4421 947 4497 nullo
967 4426 1121 4497 modo
1148 4421 1294 4497 illum
1323 4442 1503 4496 regem
1528 4421 1686 4497 posse
1711 4421 1927 4493 habere,

354 4506 454 4545 nec
482 4493 535 4545 in
566 4493 681 4560 ejus
707 4495 987 4548 consistere
1009 4495 1224 4550 ulterius
1261 4493 1560 4552 famulatu}
1591 4509 1637 4552 et
1658 4500 1814 4552 etiam
1837 4499 1934 4553 ad-

352 4561 488 4640 didit
518 4562 692 4640 dicens
720 4578 738 4615 :
773 4564 946 4640 Caput
974 4566 1247 4640 regiminis
1284 4581 1350 4619 ex
1369 4568 1528 4640 vobis
1562 4568 1693 4640 ipsis
1726 4569 1929 4640 eligite,

351 4632 440 4718 cui
481 4632 653 4718 omnis.
689 4632 967 4718 multitudo
985 4632 1174 4716 .cédat,
1189 4644 1262 4718 .et
1279 4638 1378 4718 [qui
1416 4637 1472 4690 in
1506 4632 1644 4692 voliis
1679 4632 1934 4718 appareat

350 4701 530 4776 devote
557 4710 610 4776 et
632 4701 896 4776 humiliter
917 4706 1242 4776 principari.
1276 4701 1373 4760 Cui
1396 4723 1534 4761 unus
1555 4722 1622 4761 ex
1643 4701 1934 4776 coniuratis

354 4770 571 4848 maligni
599 4771 766 4848 ipsius
783 4770 991 4848 consilii
1020 4770 1197 4848 socius
1225 4775 1568 4848 ﬂanosindus
1589 4770 1929 4848 applaudens,

355 4838 579 4894 Paulum
610 4838 712 4896 Sibi
741 4857 920 4912 regem
956 4845 1219 4914 designat,
1257 4844 1480 4901 Paulum
1520 4838 1631 4903 sibi
1655 4838 1757 4904 nec
1800 4838 1935 4903 alte;

2029 3310 2406 3388 conjurationis
2430 3312 2625 3388 conscii
2648 3311 2881 3388 Paulum
2913 3310 3079 3388 regem
3105 3317 3425 3388 acclamant,
3458 3310 3615 3382 εἶξρᾸ

2029 3378 2335 3453 ἔξαέ-ροραιξ
2353 3380 2657 3453 animosad
2679 3398 2775 3453 sua
2804 3391 2919 3453 vota
2945 3378 3218 3437 inclinant.
3254 3387 3324 3442 At
3358 3378 3446 3446 ubi
3471 3378 3612 3453 idem

2031 3448 2338 3523 Paulussui
2367 3450 2575 3523 consilii
2613 3450 3056 3523 accelerationem
3100 3455 3349 3523 inspexit,
3389 3448 3614 3521 οοηέέῆζ

2030 3535 2149 3574 sum
2176 3518 2317 3571 illico
2347 3519 2575 3596 propria:
2597 3519 3156 3596 voluntatisadbibuit
3184 3518 3201 3577 Ξ
3227 3536 3274 3579 et
3281 3518 3399 3596 jam
3436 3550 3489 3586 re
3502 3518 3616 3593 sibi

2030 3602 2219 3669 omnes
2237 3588 2430 3669 coegit.
2461 3586 2588 3669 Post
2613 3588 2729 3642 haec
2757 3588 2974 3667 .Paulus
3006 3608 3229 3663 regnum
3264 3586 3488 3669 arripuit
3512 3586 3618 3662 E'éi

2033 3657 2237 3711 nefaria
2296 3658 2599 3739 temeritate
2652 3656 3053 3742 coniuratorum
3069 3656 3405 3742 'catcrvam'r
3435 3656 3610 3742 illam

2034 3742 2193 3797 quam
2222 3741 2495 3805 armorum
2524 3728 2847 3805 virtutenon
2883 3731 3044 3805 cepit,
3089 3747 3249 3802 opere
3278 3741 3516 3805 perfidia:
3546 3728 3615 3803 ad

2034 3796 2093 3853 se
2125 3797 2307 3870 traxit.
2358 3796 2491 3870 Nam
2540 3798 2865 3870 Hildericum
2913 3796 3169 3868 comitem,
3212 3817 3259 3859 et
3278 3796 3613 3870 'Cumilduin

2033 3877 2187 3938 atque
2228 3867 2504 3921 Itamirum
2548 3867 3030 3938 pseudoepiscopos
3082 3867 3272 3945 absque
3314 3867 3616 4003 diyicultatc

2034 3954 2145 3993 sua:
2191 3936 2426 4003 perﬁdia:
2460 3938 2685 3993 sociavit
2719 3956 2731 3992 :
2760 3950 2807 3993 et
2836 3949 2944 3993 tota
2989 3944 3253 4003 provincia
3291 3948 3370 4003 ϐα
3394 3952 3480 4003 lim
3525 3971 3587 4003 sn

2034 3936 2145 4011 sua:
2179 3936 2426 4011 perﬁdia:
2460 3938 2685 4011 sociavit
2719 3956 2731 3992 :
2760 3950 2807 3993 et
2836 3936 2949 3993 tota
2988 3936 3253 4011 provincia
3291 3936 3480 4008 Galliis
3513 3936 3588 4009 su

2033 4008 2145 4079 bito
2171 4008 2227 4060 in
2250 4006 2627 4079 conjurationis
2655 4024 2802 4063 arma
2830 4006 3111 4065 concurrit.
3146 4014 3255 4071 Nec
3290 4006 3461 4076 solum
3489 4006 3616 4079 ubi.

2033 4076 2126 4144 lia,
2167 4077 2268 4149 sed
2298 4087 2344 4149 et
2366 4094 2489 4147 pars
2529 4078 2947 4134 Tarraconensis
2973 4084 3263 4149 provincia:
3303 4076 3615 4149 cothurnan

2035 4147 2343 4224 rebellionis
2361 4155 2627 4224 .attentat.
2665 4149 2751 4204 Fit
2780 4157 2890 4203 tota
2920 4147 3087 4224 Gallia
3120 4166 3339 4224 repente
3364 4147 3616 4218 concilia;

2034 4217 2214 4307 (italum
2256 4217 2602 4307 perﬁdorum,
2634 4229 2822 4307 parata
2844 4223 3019 4307 latori.
3031 4239 3125 4291 pro
3165 4217 3464 4307 defensione
3498 4217 3617 4303 per-

2033 4287 2155 4366 [idae
2186 4288 2481 4366 pravitatis.
2519 4287 2718 4343 Paulus
2768 4287 3113 4366 autem.dum
3164 4287 3454 4366 iniquitatis
3498 4287 3617 4357 ’θυῖε

2035 4355 2211 4433 Socios
2256 4355 2627 4433 multiplicatos
2656 4358 3158 4433 numerojubararet
3201 4355 3433 4432 ellicere,
3476 4355 3617 4426 datis

2033 4425 2420 4495 promissisque
2455 4428 2639 4480 multis
2680 4425 3009 4491 muneribus,
3048 4429 3377 4487 Francorum
3419 4425 3619 4495 'Vasco;

2035 4510 2271 4565 numque
2308 4496 2524 4547 nimiam
2563 4495 2947 4549 multitudinem
2990 4499 3043 4552 in
3078 4502 3159 4553 sui
3198 4503 3456 4560 auxilium
3493 4526 3618 4564 con-

2037 4566 2293 4649 greg'avtLI‘,
2315 4574 2363 4616 et
2391 4565 2716 4645 erspectabat
2737 4576 2936 4649 tempus
2965 4579 3330 4649 opportunum,
3359 4592 3467 4646 quo
3494 4593 3620 4649 pos-

2038 4645 2121 4689 set
2150 4636 2203 4688 in
2233 4635 2541 4719 Hispaniam
2570 4644 2904 4719 pugna-turus
2942 4635 3228 4707 accedere,
3276 4635 3617 4719 prafrept'um-

2037 4722 2136 4777 que
2162 4706 2310 4774 regni
2333 4705 2603 4777 fastigium
2629 4704 2921 4777 vindicare.

2110 4776 2327 4854 9._Cu_m
2377 4776 2492 4829 [nec
2537 4776 2592 4828 in
2633 4775 2823 4854 palliis
2867 4786 3184 4854 agerentur,
3219 4782 3479 4854 gloriosus
3526 4805 3620 4845 rex

2038 4844 2239 4900 Bamba
2273 4844 2527 4900 Vascones
2570 4845 2869 4901 rebellun'es
2895 4844 3259 4908 debellaturus
3279 4844 3617 4927 aggrediens,

1874 4958 2107 5016 NOTAE.

426 5066 453 5095 ι
482 5054 583 5119 ltl.,
619 5051 806 5108 Galliis
824 5059 1131 5121 pugnaturi.

428 5125 456 5165 ι’
483 5125 567 5187 F.,
602 5123 923 5177 narratione.

429 5206 451 5233 ο
480 5194 599 5252 Ms...
626 5193 856 5263 proprio.

425 5264 452 5305 ἀ
480 5264 565 5327 F.,
595 5271 872 5316 maturate.

430 5347 453 5375 ο
486 5334 608 5398 Ms.,
642 5330 920 5385 observari.
1492 5354 1497 5361 ·

432 5406 452 5444 τ
488 5405 585 5470 ΙίΙ.,
619 5399 931 5466 hominibus,
956 5407 1009 5455 et
1034 5415 1138 5456 non
1168 5400 1328 5455 habet
1351 5398 1520 5453 illum.

431 5479 457 5516 ε
490 5475 588 5536 ld.,
624 5471 860 5541 regimini

429 5548 452 5585 ιλ
480 5545 578 5605 ld.,
618 5544 750 5595 istis.

435 5619 448 5657 ί
481 5616 581 5677 LL,
612 5611 810 5666 alteris.

431 5685 449 5739 i
487 5685 572 5745 ιι..
595 5683 863 5749 corripuit.

2112 5051 2139 5121 ξι
2164 5051 2225 5104 F.
2259 5048 2399 5104 male
2415 5052 2581 5121 carpit.

2116 5119 2266 5175 1M5.
2296 5138 2309 5172 :
2336 5137 2428 5201 nec
2477 5119 2648 5203 solum
2695 5123 2888 5205 Gallia,
2917 5125 3008 5205 sed
3058 5128 3215 5185 etiam
3257 5147 3394 5205 pars
3441 5132 3619 5205 aliqua

2044 5190 2448 5245 Tarraconensis
2502 5192 2780 5259 provincia:
2833 5197 3142 5251 cothurnum
3194 5190 3485 5260 reliellianis
3525 5190 3622 5262 ἀι-

2038 5269 2218 5315 tentat.

2112 5342 2152 5369 ιη
2178 5330 2278 5401 ld.,
2308 5328 2648 5401 perditorum.

2112 5410 2142 5438 ιι
2162 5400 2246 5466 F.,
2272 5399 2505 5470 perlatis.

2120 5478 2144 5503 ο
2174 5471 2235 5523 Ι).
2247 5512 2260 5534 ,
2284 5471 2576 5539 gravissimi

2118 5550 2145 5589 Ρ
2174 5540 2293 5612 lils.,
2315 5550 2598 5612 corrupte,
2633 5545 2840 5612 spatiis.

2116 5620 2143 5659 (ι
2170 5611 2269 5666 Ms.
2294 5611 2379 5665 bic
2411 5620 2465 5665 et
2488 5612 2627 5667 infra
2650 5611 2971 5685 Argebadus.
