4022 6154
493 293 590 356 771

1591 301 1652 357 S.
1691 301 1954 358 JULlANl
1995 300 2294 356 EPISCOPI
2331 290 2675 356 TOLETANI
2777 386 2780 389 Ι
2859 325 2868 337 -
3665 297 3773 354 ’ῖτέ

1777 434 2056 492 TEXTUS
2091 432 2484 492 LEGITIMUS.

487 527 765 600 longinqui
817 527 1026 586 itineris
1069 531 1371 602 arriperent
1423 536 1802 586 commeatum.
1853 530 1912 584 ιιι
1961 543 2068 598 quo
2097 543 2150 605 Α
2173 535 2348 581 tremo
2384 532 2543 580 terra:
2575 522 2774 594 angulo
2808 522 3003 578 cedant
3032 538 3045 575 :
3072 527 3126 576 et
3155 519 3213 586 ii,
3253 519 3308 576 in
3338 521 3536 591 quibus
3575 520 3773 578 dilata-

485 620 689 690 bicipiti
723 621 948 677 consilio
982 629 1236 678 nutantes
1269 634 1294 662 α
1324 621 1522 678 multos
1554 622 1804 691 princeps
1838 619 1953 690 ipse
1986 635 2073 675 as-

480 711 708 781 piciens,
761 711 862 766 hac
889 727 1077 766 omnes
1104 711 1132 752 ι»
1173 712 1446 767 communi
1471 723 1492 750 ο
1525 711 1890 767 admonitione
1934 709 2070 764 allo-

481 801 694 870 quitur:
719 801 907 867 «Ecce,
939 802 1034 867 ait,
1055 799 1302 871 juvenes,
1318 809 1566 857 exortum
1595 802 1797 856 malum
1823 799 2067 866 audistis,

483 903 536 946 et
569 906 674 960 quo
699 907 759 946 se
791 893 1088 948 munimine
1118 893 1362 949 incentor
1388 893 1670 950 seditionis
1697 892 1860 963 hujus
1889 909 2070 947 arma-

480 980 636 1044 verit,
668 983 983 1052 agnovistis.
1009 983 1315 1040 Praevenire
1335 1001 1464 1056 ergo
1489 986 1696 1042 hostem
1718 1001 1940 1041 necesse
1959 993 2064 1050 cst,

479 1079 540 1126 ut
589 1079 716 1126 ante
757 1073 1060 1142 excipiatur
1093 1074 1234 1130 bello
1255 1116 1269 1140 ,
1323 1091 1484 1146 quam
1523 1077 1577 1130 iu
1608 1093 1708 1134 suo
1741 1085 1952 1133 crescat
1987 1077 2071 1130 in-

475 1163 688 1217 cendio.
739 1163 918 1232 Turpe
952 1166 1109 1220 nobis
1139 1167 1228 1230 sit,
1277 1176 1370 1220 aut
1407 1167 1606 1222 talibus
1633 1166 1984 1223 dimicaturos
2010 1167 2066 1220 in

477 1270 765 1310 occursum
810 1272 917 1311 non
967 1257 1064 1323 ire,
1106 1267 1199 1312 aut
1237 1261 1424 1314 domos
1471 1267 1705 1324 nostras,
1749 1260 2066 1330 priusquam

475 1344 761 1411 intereant,
813 1348 1090 1417 repedare.
1131 1349 1544 1420 lgnominiosum
1587 1349 1744 1405 nobis
1773 1351 1943 1405 videri
1976 1349 2070 1405 dc-

473 1436 583 1502 bet,
614 1447 673 1491 ut
695 1439 787 1508 qui
815 1439 1046 1495 rebelles
1073 1451 1292 1497 nostros
1326 1443 1437 1497 suis
1463 1457 1568 1496 non
1588 1443 1768 1512 potuit
1800 1441 2068 1512 subjicere

473 1533 661 1598 armis,
696 1548 998 1604 repugnare
1043 1535 1238 1590 audeat
1277 1543 1442 1590 tanta:
1475 1533 1660 1606 gloriae
1687 1535 1818 1592 viris
1851 1551 1866 1590 :
1899 1543 1954 1590 et
1973 1535 2068 1606 qui

471 1622 896 1691 abjectissimam
941 1625 1101 1680 unius
1139 1625 1374 1680 hominis
1403 1625 1595 1695 pellem
1635 1625 1922 1682 devincere
1968 1642 2068 1696 pro

469 1714 660 1783 patria:
688 1716 869 1784 quiete
904 1732 1010 1770 non
1034 1716 1220 1782 valuit,
1261 1717 1471 1772 hostem
1509 1718 1704 1772 audeat
1732 1732 1791 1774 se
1823 1719 2067 1788 przebere

468 1807 636 1876 genti.
670 1807 834 1874 Quasi
866 1807 1204 1862 eileminatos
1233 1815 1288 1862 et
1323 1807 1511 1863 molles
1549 1823 1648 1863 nos
1681 1821 2068 1879 usquequaque

2171 625 2290 672 tum
2337 630 2562 688 regnum
2600 613 2912 686 porrigitur,
2952 613 3147 668 horum
3175 612 3410 666 motibus
3447 613 3770 682 perturben-

2171 715 2279 774 tur,
2314 723 2452 778 quos
2499 706 2770 776 praesidali
2813 719 3030 774 semper
3077 702 3196 758 vice
3253 701 3568 758 defendunt.
3593 705 3614 725 ‘
3642 705 3770 761 Sive

2169 803 2313 856 enim
2335 800 2493 866 Galli,
2526 801 2640 855 sive
2679 798 2874 854 Franci
2909 798 3038 864 sint,
3079 804 3246 851 tanta:
3275 794 3686 865 conjurationis,
3723 799 3769 852 si

2168 896 2363 965 placet,
2402 893 2788 949 vindicandum
2828 892 3140 948 existiment
3194 888 3406 945 facinus
3436 891 3466 932 ⁸
3496 907 3510 944 :
3544 906 3647 946 nos
3682 899 3769 945 ta-

2169 990 2341 1044 menh
2366 988 2536 1043 armis
2575 987 2858 1043 ultricibus
2881 985 3068 1056 gloria:
3113 991 3314 1038 nostra:
3353 998 3551 1038 nomen
3591 982 3772 1038 vindi-

2165 1095 2294 1136 care
2335 1080 2613 1136 debemus.
2653 1079 2838 1148 Neque
2881 1077 3028 1132 enim
3076 1090 3199 1130 cum
3232 1073 3467 1140 feminis,
3504 1075 3602 1130 sed
3640 1090 3768 1130 cum

2168 1173 2300 1227 viris
2343 1172 2500 1228 nobis
2541 1171 2859 1228 certandum
2915 1177 3017 1225 est.
3061 1167 3382 1237 Quanquam
3418 1168 3766 1224 notissimum

2166 1275 2404 1332 maneat,
2445 1280 2546 1321 nec
2572 1265 2812 1320 Francos
2859 1263 3052 1318 Gothis
3101 1260 3390 1331 aliquando
3419 1275 3580 1330 posse
3626 1261 3766 1315 resi-

2167 1363 2330 1422 stere,
2365 1369 2467 1410 nec
2489 1354 2671 1411 Gallos
2702 1353 2820 1408 sine
2849 1352 3050 1407 nostris
3072 1351 3277 1422 aliquid
3313 1351 3528 1404 virtutis
3552 1365 3769 1419 magnas

2167 1450 2447 1520 perﬁcere.
2497 1448 2650 1515 Quod
2696 1447 2742 1501 si
2807 1446 3186 1500 al'mentorum
3244 1458 3338 1498 seu
3389 1441 3769 1497 vehiculorum

2167 1541 2624 1598 necessitudinem
2647 1539 2949 1610 opponatis,
2977 1537 3270 1609 gloriosius
3291 1536 3447 1592 nobis
3471 1537 3595 1601 erit,
3619 1543 3772 1606 post-

2165 1633 2359 1703 positis
2387 1631 2616 1698 cunetis,
2647 1630 2976 1699 triumphum
3005 1629 3061 1683 in
3093 1627 3506 1682 necessitatibus
3538 1625 3770 1696 conqui-

2167 1725 2325 1788 sisse,
2356 1738 2517 1792 quam
2551 1723 2607 1776 in
2635 1720 2970 1775 abundantia
3002 1719 3142 1774 bella
3167 1718 3434 1789 exquisita
3469 1716 3764 1772 conﬁcere.

2165 1812 2462 1883 Augustior
2486 1813 2630 1867 enim
2657 1824 2870 1880 semper
2903 1810 3076 1865 virtus
3108 1809 3229 1880 plus
3259 1807 3563 1864 tolerantia:
3595 1808 3765 1871 vires.

467 1898 802 1966 dijudicans,
845 1899 937 1968 qui
985 1899 1170 1968 utique
1208 1886 1369 1954 nullis
1409 1899 1594 1964 armis,
1629 1899 1790 1954 nullis
1834 1900 2060 1964 viribus»,
2095 1917 2142 1977 Β
2167 1921 2329 1976 quam
2355 1904 2610 1960 suffectus
2637 1903 2715 1958 rei
2741 1902 3008 1958 nobilitat.
3041 1901 3330 1970 Exsurgite
3349 1897 3462 1967 jam
3491 1898 3558 1952 ad
3593 1898 3762 1953 viclo~

465 1991 738 2059 nullisque
763 1991 1004 2046 consiliis
1032 1989 1150 2060 ejus
1179 1991 1453 2062 tyrannidi
1481 1991 1735 2046 resistere
1765 1991 2060 2046 valeamus.

466 2081 599 2148 Qua:
621 2090 704 2137 est
723 2083 868 2137 enim
886 2119 888 2122 μ
901 2084 1144 2152 perituro
1172 2083 1247 2137 illi
1276 2084 1468 2149 virtus,
1512 2083 1557 2140 si
1581 2084 1914 2140 Francorum
1936 2084 2067 2138 viri-

467 2173 574 2228 bus
613 2175 894 2230 nobiscum
937 2173 1262 2230 deccrtando
1299 2174 1588 2247 conﬂigat?
1633 2174 1925 2232 Notissima
1963 2191 2067 2231 .eo-

463 2279 584 2316 rum
631 2247 808 2330 nobis,
867 2280 968 2320 nec
1012 2265 1217 2321 incerta
1251 2281 1428 2336 pugna
1472 2272 1574 2322 est.
1614 2267 1756 2338 Ergo
1795 2275 1953 2337 turpe
1992 2267 2063 2323 sit

463 2353 618 2408 vobis
638 2367 826 2409 eorum
851 2354 1216 2410 testudinemd
1234 2355 1332 2411 bas
1347 2357 1494 2412 acies
1515 2373 1894 2427 expavescere,
1929 2375 2064 2428 quo-

461 2459 580 2498 rum
623 2446 794 2502 nostis
831 2446 1185 2504 inﬁrmiorem
1231 2463 1444 2517 semper
1475 2465 1594 2505 esse
1638 2451 1916 2505 virtutem.
1954 2451 1969 2470 ‘
2001 2449 2060 2504 Si

461 2545 646 2592 autem
697 2549 721 2576 ο
761 2537 1135 2606 conjuratione
1181 2537 1460 2594 Gallorum
1514 2541 1722 2608 nititur,
1784 2542 2060 2596 vindicare

459 2629 804 2696 tyrannidem
833 2629 938 2686 vile
963 2629 1263 2699 putandum
1289 2639 1394 2696 est,
1422 2637 1484 2685 ut
1508 2639 1660 2703 gesta
1701 2643 1890 2689 nostra
1919 2633 1940 2671 ί
1965 2647 2063 2686 cx-

2165 1999 2260 2052 rire
2291 1999 2305 2036 ί
2338 1995 2572 2066 signum,
2621 2008 2817 2048 nomen
2871 1991 3164 2061 disperdite
3220 1989 3568 2060 perﬁdorum.
3626 1989 3766 2043 Dum

2165 2085 2314 2142 calor
2348 2091 2431 2140 est
2458 2082 2646 2146 animi,
2692 2080 2837 2135 nuila
2884 2079 3044 2135 debet
3079 2093 3198 2134 esse
3227 2077 3520 2132 remoratio
3569 2091 3766 2146 prope-

2165 2177 2341 2232 ranli.
2397 2176 2538 2230 Dum
2597 2174 2673 2228 ira
2723 2173 2934 2227 animos
2972 2169 3177 2242 urgeti
3223 2171 3274 2224 in
3323 2169 3555 2234 hostem,
3615 2169 3764 2224 nulla

2165 2286 2264 2326 nos
2287 2269 2446 2325 debet
2490 2266 2785 2323 retardatio
2827 2263 3107 2335 impedire,
3145 2264 3274 2332 quin
3301 2263 3502 2332 potius,
3550 2262 3599 2316 si
3644 2261 3763 2317 ﬁeri

2163 2358 2335 2428 possit
2396 2353 2516 2412 sine
2566 2355 2965 2409 intermissione
3021 2352 3400 2423 proﬁciscendi
3449 2358 3764 2420 susceptum

2159 2451 2262 2506 iter
2310 2449 2550 2520 aggredi,
2604 2447 2776 2502 multo
2833 2446 3087 2501 facillime
3138 2454 3393 2516 poterunt
3448 2445 3476 2486 ιι
3520 2445 3762 2500 hostium

2157 2552 2469 2599 nostrorum
2504 2549 2684 2597 castra
2721 2540 2983 2595 subverti.
3031 2539 3186 2604 Nam,
3216 2545 3274 2592 ut
3296 2535 3517 2608 quidam
3543 2537 3764 2606 sapiens

2159 2635 2255 2698 ait,
2293 2635 2373 2688 ira
2406 2647 2645 2702 praesens
2679 2631 2840 2696 valet,
2875 2629 3041 2686 dilata
3071 2629 3390 2702 languescit.
3438 2628 3560 2684 Non
3595 2629 3764 2700 igitur

1779 2746 2060 2802 TEXTUS
2097 2741 2456 2802 TUDENSIS.

454 2856 514 2912 in
559 2857 806 2926 partibus
852 2857 1157 2915 Cantabria
1193 2861 1520 2914 morabatur.
1575 2859 1675 2916 Ubi
1722 2859 1849 2913 dum
1885 2860 1953 2915 de
1985 2860 2054 2916 iis

456 2925 576 2998 quas
595 2928 652 2980 in
675 2925 862 3001 Galliis
886 2931 1230 3001 gerebantur,
1257 2932 1498 2984 nuntium
1520 2928 1737 3001 celerem
1759 2932 2049 3001 recepisset,

455 2999 900 3070 moxinegetium
952 2999 1274 3068 primatibus
1334 3001 1521 3070 palatii
1569 2999 1802 3070 innotuit
1847 2999 2052 3070 pertra-

455 3069 750 3142 ctandum;
796 3076 972 3124 utrum
1012 3079 1235 3139 possent
1281 3069 1474 3142 exinde
1510 3069 1567 3123 in
1611 3068 1814 3142 Gallias
1842 3068 2051 3142 pugna-

455 3139 562 3194 turi
591 3138 868 3203 accedere,
899 3155 966 3193 an
998 3138 1330 3195 revertentes
1363 3141 1430 3194 ad
1459 3139 1696 3209 propria,
1724 3148 1780 3196 et
1807 3138 2047 3198 collectis

455 3209 690 3280 undique
713 3209 937 3280 viribus,
971 3225 1095 3264 cum
1123 3210 1407 3280 multiplici
1431 3210 1674 3265 exercitu
1698 3210 1907 3266 itineris
1934 3219 2045 3266 tam

451 3279 728 3364 longinqui
772 3279 1076 3364 arriperent
1105 3279 1427 3363 comeatum.
1457 3280 1521 3364 ln
1540 3295 1648 3364 quo
1677 3281 1882 3364 bicipiti
1919 3297 2048 3336 con-

450 3349 572 3404 silio
600 3357 854 3422 nutantes
889 3350 1083 3422 multos
1110 3351 1364 3422 princeps
1409 3349 1696 3422 aspiciens,
1731 3349 1834 3406 hac
1859 3367 2050 3408 omnes

449 3420 820 3476 admonitione
857 3421 1150 3490 alloquitur
1189 3420 1374 3478 dicens
1401 3438 1412 3475 :
1439 3421 1594 3485 Ecce,
1613 3420 1860 3490 juvenes,
1891 3437 2050 3476 exor-

451 3498 566 3576 tum
594 3491 801 3576 malum
839 3492 1102 3576 audistis:
1132 3501 1187 3547 et
1216 3508 1323 3575 quo
1368 3508 1426 3548 se
1457 3492 1779 3576 munimine:
1800 3493 2048 3574 incentor
2073 3514 2119 3576 ρ

444 3561 730 3616 seditionis
790 3559 946 3628 hujus
997 3559 1303 3628 ornaverit,
1362 3563 1674 3633 agnovistis.
1739 3561 2044 3618 Przevenire

447 3645 576 3699 ergo
601 3633 812 3704 hostem
839 3645 1058 3688 necesse
1087 3641 1192 3698 est,
1244 3642 1304 3689 ut
1345 3642 1471 3704 ante
1496 3635 1846 3704 prmuem'atur
1881 3633 2040 3698 bello,

443 3717 612 3768 quam
651 3703 702 3756 in
735 3717 834 3756 suo
871 3713 1080 3758 crescat
1108 3704 1380 3760 incendio.
1417 3703 1594 3772 Turpe
1629 3705 1700 3760 sit
1735 3704 1931 3758 talibus
1962 3703 2044 3758 di-

444 3772 694 3825 micaturi
733 3772 786 3826 in
821 3787 1109 3827 occursum
1155 3791 1262 3829 non
1299 3776 1416 3830 ire:
1450 3782 1544 3828 aut
1584 3775 1773 3830 domos
1807 3781 2039 3838 nostras,

443 3841 758 3914 priusquam
789 3844 1092 3914 intereant,
1125 3845 1402 3914 repedare.
1432 3845 1852 3914 Ignominiosum
1887 3845 2042 3899 nobis

445 3909 618 3993 videri
647 3911 825 3976 debet,
865 3918 924 3964 ut
945 3910 1156 3993 ΔΡςῃιιιιδ
1187 3909 1388 3993 patria;
1405 3909 1658 3993 proditor,
1692 3916 1782 3983 qui
1816 3915 2041 3993 rebelles

445 3989 662 4051 nostros
716 3995 820 4034 neu
866 3981 1042 4049 potuit
1093 3981 1260 4037 armis
1309 3981 1594 4050 subjicere,
1641 3981 1803 4038 tantm
1856 3983 2040 4051 glorize

444 4049 570 4123 uiris
605 4051 800 4104 audeat
827 4066 1150 4123 repugnare.
1187 4053 1254 4106 Et
1284 4054 1377 4123 qui
1408 4049 1827 4123 abjectissimam
1861 4049 1912 4106 et
1939 4054 2040 4106 im-

443 4117 1340 4204 bellemtge-ntemide'vincere‘noii
1382 4117 1559 4204 valuit.
1583 4138 1684 4204 pro
1722 4122 1900 4204 quiete
1945 4137 2040 4192 pa-

447 4189 605 4263 trizn,_
632 4189 920 4263 Gothorum
957 4191 1160 4248 militia:
1205 4194 1415 4248 hostem
1457 4189 1654 4248 audeat
1680 4189 2032 4263 sepraebere.

443 4257 610 4337 Quasi
658 4260 995 4337 ell‘e:n_inatos
1035 4273 1086 4317 et
1126 4264 1314 4337 molles
1349 4278 1451 4337 nos
1488 4257 1874 4337 usquequaque
1913 4262 2036 4337 1di-

437 4330 704 4402 judicans,
729 4331 821 4401 qui
855 4333 1038 4402 utique
1072 4335 1234 4390 nullis
1263 4334 1486 4400 viribus,
1516 4330 1885 4399 nullis'armis,
1917 4333 2036 4388 nul—

441 4400 615 4476 lisque
659 4400 899 4476 consiliis
946 4400 1062 4472 ejus
1111 4405 1383 4476 tyrannidi
1439 4405 1693 4476 resistere
1735 4405 2029 4476 valeamus.

441 4467 642 4546 {leuem
668 4467 1054 4546 attitttositatetit
1085 4467 1404 4546 et'rvirtntem
1445 4473 1680 4532 Gothica:
1712 4477 1879 4546 gentis
1927 4474 2034 4529 bel-

439 4538 610 4593 lorum
632 4543 908 4618 triumphis
934 4563 965 4598 a
988 4561 1125 4618 swcu
1135 4545 1354 4618 lororbis
1369 4538 2001 4618 expertusestvuniversus
2011 4562 2031 4600 :

438 4620 634 4690 etquae
654 4615 752 4690 erit
780 4616 1020 4690 perituro
1053 4616 1127 4670 illi
1158 4617 1344 4690 virtus,
1372 4615 1499 4690 ctigsi
1525 4629 1565 4655 ω
1591 4616 1920 4690 Francorum
1951 4616 2033 4690 vi-

439 4682 589 4760 ribus
629 4682 907 4760 nobiscum
935 4685 1282 4760 decertanth
1324 4687 1611 4757 confligat?
1639 4689 1816 4759 utique
1860 4687 2032 4760 notis-

439 4755 574 4828 sima
610 4755 979 4828 eorunrnoizis
1022 4771 1194 4828 neque
1233 4757 1441 4828 incerta
1481 4755 1564 4811 est
1601 4755 1798 4828 pugna,
1835 4759 2028 4828 swpius

436 4822 577 4874 enim
603 4840 634 4876 a
661 4821 842 4876 Gothis
868 4836 1048 4879 contra
1070 4821 1243 4882 hostes
1271 4826 1589 4896 defensionis
1603 4821 1872 4882 ~auirilium
1909 4821 2028 4881 nta-

2159 2860 2276 2929 gnis
2301 2859 2549 2930 precibus
2577 2860 2944 2930 impetrarunt.
2985 2857 3154 2928 Igitur
3185 2865 3340 2926 turpe
3376 2855 3447 2911 sit
3480 2856 3637 2911 vobis
3666 2873 3760 2914 co-

2160 2928 2280 2983 rum
2302 2928 2453 2984 acies
2472 2928 2550 2983 vel
2577 2929 2647 2982 ad
2687 2929 2873 2982 horam
2901 2943 3262 2998 expavescere
3286 2945 3298 2980 :
3327 2942 3558 2998 quorum
3587 2932 3760 2985 nostis

2159 3000 2510 3056 infirmiorem
2537 3012 2752 3068 semper
2779 3013 2901 3053 esse
2925 2997 3204 3053 virtutem.
3237 2998 3305 3052 Et
3335 2999 3448 3052 sive
3473 2997 3614 3054 Galli
3644 3001 3760 3054 sive

2155 3069 2350 3124 Franci
2388 3071 2517 3133 sint,
2571 3075 2734 3124 tanta:
2782 3068 3172 3138 conjurationis
3206 3068 3589 3138 vindicandum
3637 3085 3762 3124 aen-

2155 3141 2288 3194 tiant
2331 3139 2541 3195 facinus
2575 3158 2586 3194 :
2619 3141 2744 3210 quia
2778 3137 2947 3210 armis
2998 3140 3286 3194 ultricibus
3327 3137 3512 3209 gloriae
3551 3150 3760 3210 nostra:

2150 3225 2346 3265 nomen
2389 3208 2678 3265 vendicarc
2706 3220 2731 3247 η
2756 3209 3032 3264 debemus.
3070 3210 3267 3264 Tamen
3309 3208 3414 3262 non
3447 3224 3572 3264 eum
3605 3208 3757 3265 femi~

2149 3281 2253 3345 nis,
2283 3281 2377 3336 sed
2414 3296 2535 3336 cum
2585 3281 2717 3335 viris
2757 3279 2898 3334 vobis
2945 3281 3262 3335 certandum
3290 3286 3392 3341 est,
3438 3294 3756 3349 quanquam

2147 3351 2492 3406 notissimum
2525 3359 2762 3415 maneat,
2797 3365 2898 3405 nec
2939 3351 3178 3420 Francos
3219 3349 3756 3420 Gothisraliquando

2148 3435 2306 3489 posse
2341 3422 2615 3486 resistere,
2665 3436 2765 3475 nec
2795 3420 2977 3475 Gallos
3003 3419 3208 3490 aliquid
3249 3420 3368 3474 sine
3395 3419 3505 3473 illis
3531 3419 3754 3477 virtutis

2150 3492 2429 3559 perﬁcere.
2461 3491 2614 3558 Quod
2647 3491 2693 3546 si
2717 3489 3112 3546 alimentorum
3125 3506 3221 3546 seu
3251 3489 3625 3546 vehiculorum
3663 3507 3754 3545 ne-

2151 3564 2440 3616 cessitatem
2462 3563 2746 3632 opponitis,
2779 3562 2962 3616 scitote
2986 3559 3111 3632 quia
3137 3561 3420 3632 gloriosius
3448 3570 3526 3616 est
3549 3561 3750 3632 trium-

2147 3631 2314 3702 phum
2347 3635 2400 3687 in
2439 3633 2852 3702 necessitatibus
2883 3631 3240 3702 commisisse,
3281 3646 3441 3702 quam
3480 3632 3534 3685 in
3577 3631 3747 3686 abun-

2149 3701 2333 3758 dantia
2380 3701 2521 3759 bella
2573 3703 2839 3772 exquisita
2897 3701 3182 3772 coniicere.
3247 3701 3533 3772 Augustius
3599 3703 3747 3756 enim

2147 3786 2360 3842 semper
2386 3783 2490 3844 est,
2542 3769 2682 3844 quod
2705 3773 2825 3843 plus
2868 3771 3147 3844 tolerantia
3183 3769 3348 3842 quani
3374 3769 3637 3827 suffectus
3665 3774 3744 3828 rei

2145 3843 2416 3898 noiilitat.
2445 3842 2991 3912 Exs‘urgit’etiamgad
3023 3845 3254 3898 victoriw
3293 3844 3499 3912 signum
3555 3859 3745 3896 nomen

2144 3911 2490 3984 disperditum
2509 3910 2850 3984 perfidorum.
2870 3910 3144 3984 Ggllorum
3170 3910 3486 3983 ingratuitas
3516 3923 3743 3966 vestrum

2141 3980 2430 4054 inﬂammet
2461 3980 2713 4048 animum,
2745 3986 2870 4054 quia
2897 3980 3094 4054 Franci
3125 3980 3245 4038 illos
3269 3997 3471 4054 semper
3493 3985 3742 4054 servitute

2142 4053 2430 4124 miserabili
2453 4051 2838 4124 oppresserunt,
2883 4069 3016 4124 quos
3049 4053 3204 4108 Gothi
3248 4051 3502 4107 dederunt
3522 4051 3742 4124 bellicis

2140 4122 2332 4191 gladiis
2388 4122 2726 4180 nobilissima:
2777 4122 3026 4178 libertati.
3097 4125 3232 4178 Dum
3281 4141 3404 4194 ergo
3457 4122 3623 4194 calori
3655 4131 3742 4178 est

2140 4194 2326 4264 animi,
2363 4193 2508 4248 nulla
2535 4197 2694 4251 debet
2723 4210 2844 4250 esse
2880 4195 3173 4249 remoratio
3208 4192 3575 4264 properandi.
3600 4193 3742 4248 Dum

2138 4263 2218 4336 ira
2251 4266 2461 4336 animos
2502 4274 2678 4336 urget,
2707 4264 2855 4320 nulla
2897 4279 2998 4336 nos
3038 4265 3193 4320 debet
3216 4263 3742 4336 retardatioimpe-

2139 4334 2272 4388 dire.
2324 4334 2463 4402 Quin
2490 4333 2670 4406 potius
2719 4337 2764 4391 si
2805 4335 2922 4390 ﬁeri
2961 4345 3132 4406 posset
3183 4336 3300 4391 sine
3331 4333 3741 4406 intermissione

2136 4404 2513 4472 proﬁciscendi
2547 4415 2854 4477 susceptum
2887 4404 2992 4460 iter
3016 4406 3256 4476 aggredi,
3301 4404 3472 4477 multo
3519 4404 3739 4477 facilius

2134 4477 2418 4544 poterimus
2437 4485 2460 4511 ο
2477 4473 2720 4532 hostium
2730 4487 3040 4532 nostrorum
3054 4473 3232 4532 castra
3243 4473 3557 4530 subvertere.
3575 4473 3735 4538 Nam,

2135 4555 2194 4598 ut
2217 4547 2434 4616 quidam
2467 4549 2682 4616 sapiens
2707 4549 2802 4612 ait,
2861 4548 2940 4601 ira
2967 4561 3203 4616 praesens
3233 4546 3393 4611 valet,
3422 4544 3595 4616 dilata
3621 4545 3739 4616 lan-

2135 4563 2194 4598 Ill.
2217 4563 2434 4616 quidam
2467 4564 2524 4602 sa
2569 4563 2682 4604 lens
2707 4563 2802 4612 ait,
2861 4563 2940 4601 ira
2967 4563 3203 4616 praesens
3233 4563 3393 4611 valet,
3427 4563 3595 4599 onata
3621 4563 3739 4598 ian-

2133 4618 2358 4686 guescit.
2390 4616 2459 4671 Et
2485 4563 2619 4672 illiut
2637 4635 2655 4672 :
2686 4618 2882 4672 Nocuit
2911 4617 3128 4687 iii/ferre
3155 4618 3378 4688 paratis.
3411 4614 3542 4688 Non
3570 4615 3740 4685 igitur

2132 4701 2268 4756 opus
2289 4696 2373 4742 est
2395 4695 2544 4744 retro
2565 4689 2705 4744 verti
2735 4688 2982 4752 militem,
3021 4687 3270 4758 quoniam
3297 4687 3526 4758 impiger
3547 4701 3739 4740 acces-

2131 4772 2222 4830 sus
2271 4759 2618 4829 belligerandi
2667 4760 2795 4830 facit
2841 4773 2973 4830 esse
3009 4756 3291 4830 victorem.
3328 4756 3520 4830 Adhuc
3552 4767 3736 4830 {ergo

2132 4825 2466 4885 Vasconibus
2515 4825 2720 4886 cladem
2775 4828 2978 4883 illaturi
3018 4829 3360 4882 accedamus.
3417 4826 3624 4881 Deinde
3666 4825 3738 4880 ad

1969 4942 2198 4998 ΝΟΤᾸΞ.

509 5045 534 5072 δ
564 5036 647 5098 D.,
679 5045 938 5090 natantes.

511 5104 538 5143 b
563 5107 616 5159 In
645 5109 764 5160 eod.
800 5107 949 5162 deest
977 5125 1172 5162 omnes.

511 5186 533 5211 ο
565 5177 619 5230 In
644 5175 741 5232 Ms.
772 5178 923 5232 deest
949 5195 1230 5232 communi.

506 5243 532 5282 ⁸³
564 5245 681 5308 215.,
713 5249 988 5304 tesmdine.

515 5327 538 5349 "
564 5318 648 5381 D.,
681 5319 778 5372 Sin
801 5329 994 5373 autem.

518 5385 534 5422 ί
567 5387 621 5440 ln
653 5387 751 5442 Ms.
779 5399 930 5443 neest
955 5401 1152 5444 nostra.

516 5456 542 5494 ε
569 5457 646 5510 ita
676 5458 810 5523 513.,
849 5460 942 5515 sed
991 5460 1047 5514 F.
1083 5479 1095 5515 :
1129 5463 1420 5518 existimate
1468 5461 1712 5534 facimus.
1773 5463 1886 5518 Nos
1942 5475 2032 5518 ta-

442 5539 557 5578 men
575 5567 588 5588 ,
619 5536 723 5582 etc.

513 5595 539 5634 ¹³
567 5597 654 5661 D.,
691 5607 915 5652 tantum.

516 5667 533 5708 ἱ
565 5666 954 5749 Ms._corrupte
981 5689 992 5724 :
1027 5673 1306 5749 Aug/nsum
1329 5677 1465 5749 enirn
1501 5694 1700 5747 semper
1725 5693 1879 5747 quam
1910 5675 2026 5746 plus

437 5740 874 5795 toleramiwvircs
903 5757 1057 5810 quam
1082 5740 1328 5810 suffectus
1357 5740 1552 5802 rei'non
1583 5740 1767 5814 rilitai,
1794 5740 2022 5816 exsurgit

2068 5038 2116 5098 D
2139 5039 2274 5092 enim
2299 5039 2368 5092 ad
2395 5041 2642 5102 victoria’,
2677 5049 2780 5094 etc.

2219 5107 2231 5157 ί
2269 5109 2366 5164 Ms.
2402 5111 2530 5164 item
2556 5119 2808 5179 corrupte
2843 5127 2855 5162 :
2891 5110 3084 5179 arguit.

2215 5180 2239 5218 ιι
2268 5179 2351 5244 ια,
2387 5180 2528 5246 Quin
2552 5178 2746 5250 potius,
2777 5180 2820 5233 si
2847 5179 2963 5248 ﬁeri
2998 5188 3186 5249 posset,
3213 5180 3324 5232 sine
3349 5178 3734 5250 intermissione

2139 5250 2502 5317 proﬁciscendi
2530 5247 2822 5320 susceptum
2850 5247 2961 5302 iter
3000 5247 3212 5319 aggredi
3240 5257 3516 5319 oporteret.
3563 5247 3735 5301 Multo

2138 5320 2277 5390 enim,
2301 5320 2551 5386 facillime
2575 5321 2650 5374 sic
2671 5329 2932 5390 poterunt,
2959 5330 3064 5374 clc.

2130 5424 2138 5428 -
2218 5389 2234 5427 ι
2270 5389 2368 5462 ΜΒ.
2398 5407 2506 5446 non
2535 5389 2682 5446 recte
2709 5399 3152 5462 usquequaqnmn’.

2213 5473 2252 5500 ηι
2279 5461 2378 5524 ld.,
2407 5462 2630 5516 etiamsi.

2212 5542 2238 5567 η
2271 5532 2366 5593 1‹1,,
2401 5532 2683 5586 vindicare.

2215 5611 2238 5634 ο
2263 5603 2336 5654 Ιεξ.
2373 5617 2405 5670 p
2420 5619 2456 5655 vl
2470 5618 2654 5672 peram
2675 5613 2898 5673 poterat.

2213 5670 2572 5754 t'ld.Adliinc
2619 5670 2842 5743 propius
2889 5674 3112 5739 Abhinc,
3162 5680 3224 5729 ut
3269 5672 3322 5726 in
3371 5670 3590 5726 Iuliano
3635 5687 3738 5746 ge-

2135 5758 2320 5798 llUlllO.
