4022 6154
351 286 453 340 7ῗ3

1240 280 1413 335 illS'I‘.
1457 279 1904 337 REBELLIONIS
1941 281 2144 338 PAULI
2181 282 2342 337 ΑΜ.
2381 250 2713 338 WALIBAM.

3495 298 3598 356 771

1658 372 1940 428 TEXTUS
1975 372 2370 429 LEGITIMUS.

351 475 488 529 aptis
516 470 601 515 est
627 465 914 515 retrovertt
948 458 1193 524 militem,
1226 475 1384 530 quem
1417 461 1642 534 impiger
1684 479 1933 520 accessus
1964 478 2006 533 Α
2037 480 2096 518 ra
2119 463 2173 517 in
2195 463 2280 518 his
2314 461 2334 502 ί
2359 463 2618 533 supplicia
2645 463 2795 519 illum
2824 478 3046 536 putares
3086 471 3413 542 impendere,
3444 495 3605 550 quam

351 549 702 620 belligerandi
725 547 854 604 fecit
875 562 901 589 α
924 565 1044 605 esse
1064 551 1346 607 victorem.
1376 553 1650 609 Directnm
1679 571 1806 627 ergo
1832 555 1936 610 iter

350 640 618 697 frustrare
666 658 774 697 non
819 657 953 712 opus
996 651 1080 698 est
1104 643 1155 697 ιι.
1186 642 1400 700 Abhinc
1433 661 1562 717 ergo
1604 647 1934 704 Vasconibus

349 732 562 788 cladem
611 733 812 787 illaturi
856 734 1195 800 accedamus,
1219 735 1413 790 deinde
1445 737 1514 791 ad
1555 737 1934 794 seditiosorum

348 839 550 878 nomen
570 824 1022 894 exstinguendum
1052 827 1304 894 protinus
1329 826 1667 884 festinemus.
1690 847 1710 880 ι

425 915 513 970 ιο.
546 915 630 969 Ad
661 917 804 984 quod
849 917 1054 970 dictum
1093 916 1427 972 incalescunt
1474 919 1640 974 animi
1670 920 1930 986 omnium,

346 1013 718 1075 exoptantque
744 1005 859 1060 ﬁeri
882 1021 1001 1076 qua:
1016 1005 1295 1074 jubentnr.
1321 1007 1439 1062 Mox
1470 1025 1591 1063 cum
1615 1011 1758 1064 omni
1781 1026 1936 1065 exer-

345 1098 461 1152 citu
489 1097 768 1152 Vasconia:
790 1105 970 1167 partes
995 1097 1308 1169 ingreditur,
1333 1101 1424 1154 ubi
1449 1115 1546 1168 per
1579 1109 1780 1170 septem
1820 1103 1934 1157 dies

345 1204 784 1259 quaquaversum
813 1201 835 1228 ο
866 1204 962 1258 per
995 1197 1242 1258 patentes
1275 1206 1495 1260 campos
1529 1191 1853 1260 dtprzedatio
1879 1202 1934 1248 et

347 1279 621 1334 hostilitas
652 1288 975 1344 castrorum,
1010 1282 1397 1349 dnmornmque
1429 1280 1668 1336 incensio
1695 1290 1804 1336 tam
1842 1299 1933 1337 va-

346 1369 460 1424 lide
508 1378 628 1425 aeta
664 1377 767 1434 est,
801 1379 860 1424 ut
900 1371 1172 1425 Vascones
1209 1371 1327 1440 ipsi,
1375 1371 1675 1428 animorum
1718 1373 1932 1430 feritate

343 1460 615 1530 deposita,
665 1460 803 1515 datis
829 1461 1106 1516 obsidibus
1146 1461 1310 1515 vitam
1349 1462 1449 1516 sibi
1497 1463 1612 1517 dari
1637 1479 1932 1536 pacemque

347 1553 558 1625 largiri,
592 1569 700 1607 non
745 1561 854 1606 tam
878 1553 1130 1623 precibus
1173 1568 1334 1622 quam
1370 1554 1682 1610 muneribus
1711 1566 1932 1626 exopta-

345 1656 494 1702 rent.
536 1647 689 1702 Unde
729 1646 964 1715 acceptis
1006 1645 1314 1711 obsidibus,
1356 1646 1679 1714 tributisque
1715 1648 1926 1714 solutis,

343 1754 482 1809 pace
503 1738 819 1808 composita,
849 1739 1112 1792 directum
1146 1737 1250 1792 iter
1281 1737 1334 1790 in
1366 1736 1566 1792 Gallias
1588 1737 1927 1807 profecturus

2035 557 2081 610 si
2119 555 2387 610 hostiliter
2423 565 2608 610 contra
2653 556 2802 610 illum
2865 560 3122 627 egissent.
3159 563 3448 624 Testantur
3505 571 3608 628 hoc

2032 647 2256 716 prtecisa
2286 648 2640 718 quorumdam
2663 649 3027 707 adulterorum
3057 659 3318 725 praeputia
3340 700 3356 724 ,
3413 664 3608 731 quibus

2033 753 2131 808 pro
2161 737 2514 795 fornicatione
2551 739 2690 793 hanc
2736 741 2956 798 ultionis
2994 744 3264 816 irrogabat
3313 747 3606 817 jacturam.

2039 829 2254 884 Dicebat
2281 829 2462 883 enim:
2499 847 2516 878 α
2548 829 2685 885 Ecce
2706 829 2818 899 jam
2859 831 3119 900 judicium
3170 836 3415 894 imminet
3460 842 3604 910 belii,

2033 925 2087 970 et
2109 919 2236 972 libet
2273 921 2506 974 animam
2536 919 2840 976 fornicari?
2868 924 2933 976 Et
2964 927 3126 980 credo
3166 928 3231 982 ad
3261 945 3484 986 examen
3513 949 3600 1002 pu-

2033 1025 2152 1080 gna:
2181 1011 2456 1066 acceditis.
2489 1013 2677 1067 Videte
2699 1029 2767 1067 ne
2804 1013 2858 1067 in
2875 1017 3068 1070 vestris
3089 1019 3337 1074 sordibus
3353 1025 3605 1091 pereatis.

2033 1101 2168 1154 Nam
2193 1116 2292 1171 ego
2320 1101 2363 1154 si
2391 1102 2491 1155 ista
2520 1119 2627 1156 non
2652 1104 2884 1166 vindico,
2907 1102 3018 1172 jam
3046 1107 3241 1176 ligatus
3269 1110 3429 1166 E‘bine
3447 1115 3604 1168 vado.

2032 1189 2115 1244 Ad
2155 1191 2257 1245 hoc
2285 1207 2414 1260 ergo
2444 1193 2634 1245 vadam
2653 1233 2667 1256 ,
2703 1203 2757 1246 et
2780 1193 2930 1261 justo
2955 1195 3046 1249 Dt‘i
3067 1195 3272 1264 judicio
3301 1201 3484 1269 capiar
3505 1244 3518 1266 ,
3562 1205 3605 1258 si

2033 1280 2369 1348 iniquitatem
2424 1282 2604 1349 populi
2653 1283 2868 1348 videns,
2933 1285 3106 1353 ip-uzn
3139 1287 3166 1326 ιι
3215 1303 3320 1341 non
3365 1291 3606 1358 puniam.

2033 1367 2347 1436 Exemplum
2379 1368 2466 1422 hic
2507 1371 2522 1408 ί
2559 1370 2800 1438 praebere
2829 1371 2985 1424 debet
3025 1373 3139 1426 Ileli
3169 1379 3421 1431 sacerdos
3442 1379 3531 1432 ille
3552 1381 3608 1433 in

2032 1459 2228 1513 divinis
2249 1459 2470 1514 Litteris
2491 1461 2723 1532 agnitus,
2749 1463 2837 1531 qui
2859 1477 2958 1530 pro
2985 1463 3314 1519 immanitate
3343 1470 3605 1525 scelerum

2031 1547 2210 1616 filios,
2250 1565 2386 1619 quos
2433 1552 2713 1620 increpare
2768 1551 2968 1618 noluit,
3017 1555 3070 1608 in
3127 1557 3267 1610 bello
3307 1562 3606 1618 conci.iisse

2029 1641 2253 1694 audivit.
2283 1641 2398 1711 Ipse
2426 1658 2638 1712 quoque
2663 1643 2801 1698 ﬁlios
2825 1660 3076 1720 sequens,
3100 1645 3285 1702 fractis
3309 1652 3606 1707 cervicibus

2029 1732 2342 1801 exspiravit.
2373 1732 2498 1787 Hmc
2521 1733 2685 1803 igitur
2708 1735 2863 1789 nobis
2886 1736 3123 1810 timenda
3167 1747 3292 1794 sunt
3319 1781 3333 1804 ,
3391 1750 3446 1795 et
3487 1742 3608 1797 ideo

343 1829 592 1885 ascendit
633 1829 683 1896 δ’
731 1844 830 1899 ρετ
884 1828 1234 1899 Calagurrem
1286 1837 1340 1882 οι
1391 1827 1622 1883 noscam
1683 1831 1926 1886 civitates
1960 1845 2002 1905 Β
2030 1823 2075 1876 si
2102 1823 2314 1893 purgati
2359 1839 2728 1880 maneamusa
2757 1825 3018 1891 crimine,
3083 1843 3188 1882 noti
3241 1829 3458 1884 dubium
3504 1831 3607 1885 erit

346 1920 636 1974 transitura
685 1918 909 1974 faciens.
963 1917 1168 1973 Dehinc
1213 1918 1400 1972 electis
1447 1919 1672 1974 ducibus
1725 1920 1780 1974 in
1823 1930 1931 1977 tres

345 2019 555 2064 turmas
597 2011 896 2064 exercitum
942 2009 1133 2064 dividit
1167 2011 1283 2064 :ita
1321 2018 1380 2064 ut
1419 2026 1522 2064 una
1556 2026 1682 2080 pars
1724 2011 1791 2066 ad
1828 2012 1932 2067 Ca-

340 2108 520 2155 strum
544 2100 760 2171 Libyae,
801 2100 946 2170 quod
967 2110 1050 2155 est
1073 2101 1378 2156 Cirritania:
1410 2109 1600 2170 caput,
1644 2103 1932 2171 pertende-

265 2191 272 2195 ’
344 2198 460 2253 ret;
511 2191 745 2245 secunda
792 2205 891 2260 per
943 2189 1314 2247 Ausonensem
1363 2193 1638 2248 civitatem
1687 2193 1929 2264 Pyrentei

343 2284 520 2338 media
545 2291 784 2353 peteret;
817 2283 972 2339 tertia
992 2297 1090 2352 per
1103 2283 1241 2337 viam
1258 2283 1523 2352 publicam
1541 2283 1712 2352 jnxta-
1731 2301 1884 2338 oram
1901 2295 1924 2324 ο

339 2373 672 2426 rn‘rititnam
703 2371 1043 2442 graderetur.
1097 2373 1213 2443 Ipse
1245 2382 1423 2427 tamen
1470 2373 1752 2444 religiosus
1777 2376 1927 2444 prin-

339 2478 470 2532 ceps
497 2477 622 2517 cum
669 2461 952 2530 multiplici
995 2462 1310 2517 bellantium
1354 2478 1515 2517 manu
1562 2463 1928 2532 pragcedentes

335 2553 792 2621 subsequebatur.
821 2551 927 2606 Sed
954 2552 1079 2622 quia
1128 2552 1366 2606 insolens
1391 2555 1744 2623 quorumdam
1775 2568 1805 2607 e
1830 2570 1926 2608 no-

337 2643 473 2696 stris
501 2641 670 2696 motio
723 2656 828 2694 non
861 2638 1034 2694 solum
1062 2640 1258 2708 praadae
1304 2640 1583 2706 inhiabat,
1640 2641 1732 2696 sed
1759 2643 1920 2695 etiam

335 2745 464 2785 cum
500 2731 814 2784 incensione
838 2731 1119 2784 domorum
1145 2729 1392 2784 adulterii
1419 2728 1626 2784 facinus
1651 2739 1925 2800 perpetra-

338 2821 471 2885 bat;
517 2828 671 2876 tanto
695 2819 992 2890 disciplina:
1033 2820 1216 2890 vigore
1253 2817 1366 2888 jam
1394 2819 1568 2874 dictus
1597 2821 1842 2890 princeps
1869 2821 1924 2876 in

335 2913 425 2968 his
450 2922 506 2968 et
533 2913 732 2968 talibus
754 2921 1026 2983 patratum
1055 2913 1364 2968 vindicabat
1407 2912 1602 2979 scelus,
1631 2921 1691 2968 ut
1714 2916 1913 2985 gravio-

2031 1913 2172 1980 quod
2202 1913 2527 1982 triumphum
2557 1914 2830 1982 capiamus
2863 1929 2930 1968 ex
2975 1915 3148 1968 hoste.
3195 1935 3212 1968 ι
3257 1916 3367 1972 Sub
3396 1918 3518 1983 ista,
3549 1927 3608 1972 ut

2031 2004 2367 2072 prznmissum
2395 2013 2496 2070 est,
2527 2005 2807 2074 disciplina
2840 2005 2954 2074 jam
2983 2007 3156 2063 dictus
3182 2011 3432 2080 princeps
3453 2026 3608 2080 eser-

2029 2095 2194 2149 citum
2223 2095 2455 2164 gloriose
2473 2096 2794 2162 producens,
2832 2111 3116 2166 moresque
3146 2079 3478 2170 singulorum
3497 2079 3610 2156 sub

2029 2185 2224 2239 divinis
2252 2185 2452 2253 regulis
2477 2195 2682 2250 tenens,
2712 2187 3018 2255 prosperari
3058 2186 3070 2237 Ι
3114 2189 3216 2243 sibi
3246 2190 3460 2245 videbat
3509 2206 3611 2260 per

2030 2275 2357 2330 incrementa
2381 2276 2584 2330 dierum
2615 2285 2668 2332 et
2691 2278 3008 2346 diapositum
3037 2279 3194 2345 belli,
3226 2290 3280 2335 et
3323 2282 3608 2338 victoriam

2027 2370 2322 2438 prmliandi.
2353 2371 2531 2424 l’rima
2555 2371 2579 2410 ιι
2609 2386 2672 2424 ex
2704 2371 2990 2425 rebellione
3033 2374 3276 2428 omnium
3323 2375 3607 2430 civitatum

1995 2489 1999 2492 -
2027 2460 2327 2514 Bareinona
2357 2460 2409 2513 in
2444 2469 2709 2529 potestate
2731 2461 2989 2530 principis
3022 2461 3257 2532 religiosi
3292 2465 3625 2543 adducitur,‘

2029 2553 2222 2607 deinde
2248 2551 2500 2607 Gerunda
2550 2551 2850 2619 subjicitur.
2883 2552 3049 2622 Hujus
3080 2554 3241 2622 igitur
3295 2564 3604 2611 memorata:

2031 2646 2268 2700 civitatis
2311 2641 2602 2699 venerabili
2651 2645 2766 2699 viro
2810 2645 3050 2700 Amatori
3099 2648 3350 2718 episeopo
3405 2647 3605 2704 Paulus

2029 2735 2168 2790 idem
2193 2734 2415 2805 pestifer
2437 2736 2535 2790 sub
2563 2735 2666 2790 isto
2697 2750 2860 2790 sensu
2897 2737 3152 2806 scriptam
3186 2739 3467 2808 epistolam
3503 2741 3605 2794 mi—

2023 2836 2188 2881 serat.

1651 3001 1930 3060 TEXTUS
1969 3001 2328 3059 TCDENSIS.

333 3095 718 3150 seditiosorum
765 3108 960 3148 nomen
1009 3092 1458 3162 exstinguendum
1484 3093 1732 3162 protinus
1777 3093 1925 3148 festi-
1949 3097 1994 3158 C
2029 3094 2164 3146 cissa
2193 3093 2424 3146 membra
2459 3093 2650 3156 rit-ilia,
2701 3093 2896 3162 quibus
2919 3108 3016 3162 pro
3067 3096 3417 3153 fornicatione
3463 3100 3609 3160 hanc

333 3304 658 3359 incalescunt
686 3303 850 3356 animi
872 3303 1134 3367 omnium,
1158 3312 1207 3356 et
1227 3303 1472 3357 ardenter
1498 3312 1753 3372 exoptant
1785 3305 1921 3370 fieri,

331 3375 475 3446 quod
519 3373 798 3446 jubentur,
850 3383 898 3426 et
927 3375 1104 3446 statim
1147 3373 1314 3426 omnis
1358 3375 1616 3446 exercitus
1646 3373 1925 3429 Vasconia:

332 3443 517 3515 partes
558 3444 894 3513 ingreditur:
923 3443 1016 3515 ubi
1049 3459 1146 3512 per
1175 3451 1378 3515 septem
1409 3444 1523 3499 dies
1561 3460 1925 3514 usquequaque

333 3512 430 3585 per
454 3512 704 3585 patentes
739 3529 957 3582 campos
987 3512 1312 3583 deprmdatio
1347 3524 1399 3568 et
1417 3512 1696 3585 hostilitas
1719 3512 1926 3568 castro-

333 3583 876 3652 rnm'domorumque
915 3585 1154 3639 incensio
1191 3592 1299 3638 tam
1347 3583 1520 3640 valide
1559 3592 1678 3638 acta
1727 3591 1826 3646 est,
1867 3593 1925 3637 ut

337 3656 612 3710 Vascones
644 3652 856 3708 feritate
883 3655 1122 3722 deposita
1144 3653 1310 3706 vitam
1349 3654 1449 3708 sibi
1484 3655 1618 3718 dari,
1650 3654 1790 3708 datis
1828 3655 1925 3708 ob-

332 3725 542 3795 sidibus
593 3739 887 3793 pacemque
938 3724 1306 3795 largiri,_non
1347 3731 1454 3777 tam
1482 3725 1732 3795 precibus
1761 3738 1923 3795 quam

333 3794 651 3850 muneribus
684 3793 1040 3864 exoptarent.‘
1065 3793 1214 3850 Unde
1244 3795 1480 3863 acceptis
1507 3794 1798 3857 obsidibus,
1830 3793 1926 3864 tri-

333 3866 587 3935 butisque
615 3863 804 3935 solitis,
835 3874 888 3918 et
914 3881 1046 3933 pace
1073 3864 1392 3935 composita,
1433 3865 1629 3935 directo
1655 3864 1842 3917 itinere
1868 3863 1923 3918 in

331 3932 538 3990 Gallias
599 3934 886 4005 profecturi
917 3932 1214 4005 accedunt,
1277 3949 1374 4002 per
1425 3932 1758 4005 Calafu_rram
1802 3943 1924 4005 met

330 4005 531 4060 Oscam
560 4003 846 4058 transitum
874 4005 1144 4074 facientes.
1177 4004 1304 4058 Post
1332 4005 1443 4058 lucc
1469 4020 1559 4058 rex
1588 4003 1789 4058 Bamba
1816 4003 1925 4058 ele-

332 4077 439 4130 ctis
469 4076 694 4130 ducibus
726 4085 772 4138 ιι,
799 4075 854 4128 in
891 4083 1000 4129 tres
1028 4083 1232 4128 turmas
1265 4074 1560 4129 exercitum
1593 4073 1810 4137 dividit,
1849 4075 1924 4128 ita

333 4154 393 4200 ut
421 4162 524 4200 una
564 4161 697 4226 pars
733 4144 798 4226 ad
822 4154 1070 4226 castrum
1115 4143 1314 4226 Libite,
1354 4160 1470 4215 qua:
1505 4153 1589 4199 est
1623 4145 1924 4226 Aquitania!

330 4226 514 4286 caput,
553 4213 1621 4286 tenderet.SecundaperiAusoncnsem
1648 4213 1924 4286 civitatem

329 4285 576 4357 Pyrenaei
615 4285 788 4339 media
827 4293 1056 4357 peteret.
1097 4285 1279 4357 Tertia
1306 4302 1422 4338 vero
1453 4299 1551 4357 per
1575 4286 1715 4357 viam
1748 4285 1925 4357 publi-

328 4355 451 4411 cam
472 4355 628 4424 juxta
659 4370 755 4408 ora
787 4356 1059 4410 maritima
1097 4356 1432 4424 graderetur.
1481 4355 1596 4423 Ipse
1621 4356 1776 4408 etiam
1806 4355 1925 4408 reli-

328 4427 517 4498 giosus
569 4425 1002 4498 princepsgcum
1052 4425 1333 4498 multiplici
1389 4425 1708 4498 bellantium
1758 4440 1920 4478 manu

2026 3163 2246 3232 ultionis
2284 3163 2557 3232 irrogabat
2609 3163 2897 3231 jacturam.
2957 3165 3175 3220 Dicebat
3221 3169 3364 3222 enim
3409 3163 3604 3229 :‘Ecce

2017 3230 2130 3306 jam
2151 3230 2422 3306 judicium
2449 3230 2692 3306 imminet
2731 3233 2890 3296 belli,
2937 3243 2990 3306 e_t
3014 3235 3148 3306 libet
3197 3235 3449 3293 fornicari
3477 3281 3494 3306 ,
3545 3254 3603 3298 ut

2026 3303 2166 3356 Deus
2189 3303 2258 3356 ad
2284 3303 2611 3356 iracundiam
2635 3304 2981 3373 provocetur?
3008 3303 3076 3356 Ut
3097 3307 3259 3358 credo
3281 3307 3346 3361 ad
3373 3303 3601 3366 examen

2023 3387 2214 3445 pugn;
2251 3373 2524 3445 acceditis,
2554 3375 2728 3427 videte
2749 3387 2828 3445 ne!
2852 3373 3124 3445 in‘vcstri‘s
3145 3375 3391 3445 sordibus
3414 3393 3604 3445 perea-

2025 3441 2121 3497 tis:
2155 3443 2287 3498 Nam
2308 3458 2420 3513 ego
2444 3443 2488 3495 si
2511 3443 2610 3496 ista
2640 3458 2744 3496 non
2782 3441 2994 3513 vindico
3018 3481 3032 3504 ,
3075 3442 3186 3513 jam
3239 3441 3430 3513 ligatus
3477 3449 3602 3506 hinc

2026 3514 2162 3566 vado
2200 3521 2246 3564 ο.
2289 3512 2519 3583 Adhaac
2563 3527 2693 3578 ergo
2716 3512 2906 3583 vadam
2929 3551 2968 3583 ,Α
2993 3521 3047 3564 ut
3081 3512 3228 3580 justo
3258 3512 3349 3568 Dei
3399 3516 3603 3583 judicio

2025 3582 2300 3658 capiar,_si
2329 3582 2665 3658 iniquitatem
2693 3581 2873 3658 populi
2900 3581 3127 3658 _videtts,
3163 3584 3330 3658 ipsam
3378 3581 3481 3640 non
3509 3605 3602 3658 pu-

2025 3649 2190 3734 niam:
2227 3649 2450 3732 Frustra
2493 3649 2911 3736 enim_pérgit'ad
2932 3649 3121 3736 bellum
3145 3649 3200 3704 ut
3223 3654 3412 3736 vincat,
3447 3649 3600 3728 quem

2023 3721 2270 3791 iniquitas
2295 3722 2591 3774 comitatur.
2623 3721 2936 3790 Exemplum
2965 3721 3104 3775 vobis
3130 3725 3372 3790 praibere
3419 3721 3598 3791 (Iebet,

2023 3791 2162 3862 quod
2214 3791 2328 3846 lIeli
2356 3791 2606 3862 sacerdos
2655 3791 2744 3862 ille
2784 3791 2836 3844 in
2867 3791 3062 3846 divinis
3110 3793 3306 3847 litteris
3341 3799 3599 3862 eruditus,

2024 3860 2118 3932 qui
2146 3860 2566 3932 prorsceleribus
2611 3860 2832 3932 neglexit
2874 3862 3016 3932 ﬁlios
3063 3863 3352 3932 increpare,
3385 3875 3436 3919 et
3482 3860 3602 3922 ideo

2023 3930 2142 3984 illos
2163 3932 2217 3984 in
2250 3931 2392 4003 bello
2407 3931 2588 4003 didicit
2615 3930 2900 3985 concidisse
2920 3949 2938 3985 :
2966 3931 3081 4000 ipse
3109 3930 3322 4003 quoque
3349 3935 3484 3992 ﬁlios
3511 3953 3602 3992 se-

2023 4017 2224 4074 quens,_
2242 3999 2428 4056 fractis
2442 4002 2742 4074 cervicibus
2767 3999 3079 4074 exspiravit.
3098 3999 3224 4058 llaec
3236 3999 3418 4074 igitur
3443 4007 3604 4063 nobis

2025 4071 2259 4126 timenda
2298 4081 2454 4137 sunt,
2491 4080 2544 4125 et
2576 4073 2696 4126 ideo
2733 4073 2780 4126 si
2817 4071 3028 4142 purgati
3069 4071 3383 4129 maneamus
3416 4091 3447 4129 a
3492 4079 3602 4133 eri-

2023 4143 2168 4215 mine
2193 4182 2206 4204 ,
2248 4158 2369 4215 non;
2389 4144 2510 4215 erit,
2536 4143 2756 4197 dubium
2790 4145 2932 4212 quod
2953 4143 3298 4215 triun'phum
3326 4148 3602 4215 capiamus

2023 4227 2100 4286 ex‘
2131 4212 2458 4286 lioste._Sub
2499 4214 2634 4276 ista,
2675 4220 2734 4286 ut
2780 4212 3282 4286 pragmissunr’est,
3316 4212 3601 4286 disciplina

2021 4283 2273 4354 princeps
2298 4282 2496 4337 Bamba
2517 4284 2813 4354 exercitum
2837 4284 3068 4352 gloriose
3086 4285 3391 4354 perducens,
3419 4282 3605 4341 mores

2023 4353 2356 4421 singularum
2383 4354 2482 4406 sub
2528 4353 2724 4406 divinis
2775 4362 2960 4407 tenens
3005 4353 3234 4422 regulis,
3291 4358 3602 4422 prosperari

2023 4423 2126 4476 sibi
2151 4423 2364 4476 videbat
2385 4437 2481 4490 per
2513 4422 2845 4476 incrementa
2882 4425 3091 4476 dierum
3127 4424 3443 4490 disposilum
3472 4425 3599 4479 belli

327 4484 780 4565 subsequebatur:
832 4495 953 4566 Sed
991 4495 1116 4566 quia
1165 4484 1398 4566 insolens
1443 4495 1815 4566 quorumdam,
1851 4509 1918 4548 ex
1950 4484 1997 4543 Ι)
2023 4498 2077 4566 et
2092 4484 2692 4566 victoriam'prmliandi.
2721 4491 2871 4545 Sicut
2896 4493 3034 4544 enim
3059 4501 3170 4566 erat
3195 4484 3356 4561 regali
3378 4491 3600 4566 Gothico

328 4568 534 4621 nesaris
562 4566 729 4618 motio
751 4582 854 4619 non
881 4565 1052 4621 solum
1080 4565 1271 4635 praedae
1311 4565 1551 4620 inhiabat
1575 4606 1589 4629 ,
1624 4566 1715 4619 sed
1747 4565 1912 4617 etiam

325 4653 454 4691 eum
511 4636 826 4690 incensione
887 4637 1168 4690 domorum
1227 4635 1474 4690 adulterii
1525 4636 1734 4690 facinus
1793 4650 1914 4703 par-

325 4708 599 4775 petrabal,
649 4714 800 4761 tanto
853 4707 1146 4776 disciplina:
1173 4707 1356 4776 vigore
1399 4705 1511 4776 jam
1538 4707 1716 4760 dictus
1764 4706 1914 4774 prin-

324 4795 457 4844 l'i’IIS
487 4776 552 4828 de
577 4776 661 4830 his
689 4785 744 4830 et
763 4775 1073 4846 quibusdam
1099 4777 1220 4830 aliis
1242 4775 1382 4829 vitiis
1404 4775 1580 4829 scelus
1603 4776 1912 4846 vindicabat

325 4848 565 4913 nequiter
593 4845 970 4916 perpetratum,
1012 4856 1069 4899 ut
1107 4848 1356 4917 graviora
1383 4846 1436 4900 in
1466 4845 1530 4899 iis
1560 4845 1820 4914 supplicia
1849 4845 1911 4897 II-

327 4918 438 4968 lum
477 4926 698 4984 putares
725 4917 1029 4986 impendere
1053 4957 1066 4974 .
1105 4916 1266 4986 quam
1318 4916 1361 4969 si
1405 4917 1686 4986 hostiliter
1721 4923 1910 4986 contra

325 4988 478 5039 illam
511 4987 766 5054 egissent.
806 4985 1098 5041 Testantur
1123 4991 1236 5040 lucc
1266 4987 1331 5039 ab
1373 4985 1477 5039 illis
1507 4985 1762 5039 adulteris
1793 4986 1912 5038 abs—

2019 4561 2342 4614 clarissimus
2365 4577 2575 4629 genere,
2615 4562 2689 4613 sic
2726 4570 2838 4613 erat
2873 4561 3241 4629 magnanimus
3287 4573 3490 4627 mente,
3520 4565 3598 4616 sic

2016 4643 2062 4685 et
2093 4629 2364 4684 abundans
2393 4631 2611 4684 scientia
2646 4629 2860 4682 litterali
2895 4642 2940 4682 P.
2975 4631 3160 4699 Itaque
3202 4631 3376 4700 prima
3416 4648 3483 4686 ex
3509 4648 3598 4687 re-

2015 4701 2248 4756 bellione
2294 4701 2533 4754 omnium
2571 4701 2845 4755 civitatum
2898 4700 3196 4771 Bareinona
3252 4701 3304 4754 in
3332 4711 3599 4771 potestate

2013 4771 2532 4842 principisrreligiosi
2560 4770 3103 4842 adducitnritdeinde
3138 4770 3390 4825 Gerunda
3429 4771 3599 4838 subji-

2013 4840 2174 4922 citur.
2195 4841 2361 4909 llujus
2383 4842 2618 4922 civitatis
2641 4840 2932 4922 venerabili
2953 4841 3068 4894 viro
3082 4841 3320 4920 {\matori
3341 4843 3599 4922 cpiscppo

2015 4912 2210 4966 Paulus
2259 4912 2482 4981 pestifer
2533 4912 2632 4966 sub
2675 4912 2778 4965 isto
2811 4926 2972 4965 sensu
3030 4911 3256 4964 miserat
3310 4911 3596 4980 epistolam

2015 4993 2294 5051 scriptam.

1847 5093 2076 5150 ΝΟΤᾸΞ.

402 5184 424 5209 ³
469 5169 588 5232 Μςη
624 5169 771 5232 facit.

402 5184 424 5209 ³
469 5169 565 5222 IIIS.
648 5171 771 5222 ncit.

401 5243 426 5280 δ
465 5239 525 5292 F.
553 5169 750 5292 gliircc
774 5257 894 5292 0....
923 5240 1103 5292 itinera
1132 5255 1224 5292 nos
1254 5237 1498 5306 fmstrari
1525 5255 1628 5292 non
1670 5254 1797 5308 opus
1818 5247 1913 5291 est.

401 5324 422 5350 ε
451 5310 534 5372 F.,
570 5312 822 5363 mendose
874 5327 1045 5380 nnquu
1072 5326 1240 5363 versa.

394 5383 420 5420 ιι
457 5380 578 5441 Msa,
604 5381 818 5448 accepit.

399 5467 424 5492 υ
471 5450 529 5503 Ρ.
564 5449 671 5502 Ora
707 5452 990 5504 maritima.

399 5523 422 5560 τ
457 5520 538 5580 Ρ..
563 5521 663 5572 his.

399 5597 426 5630 ε
475 5591 558 5653 l).,
600 5589 864 5656 iignndus.

391 5667 420 5702 ιι
465 5660 551 5724 I".,
586 5661 712 5730 ipse.

402 5736 420 5774 ί
461 5731 564 5797 Id.,
594 5729 723 5782 mihi
747 5743 843 5801 pro
864 5730 966 5784 In‘c.

2098 5163 2110 5215 ί
2160 5165 2245 5236 Ε..
2270 5166 2555 5236 principari

2098 5238 2118 5274 ιι
2155 5235 2248 5296 ld.,
2277 5235 2446 5305 prima
2471 5236 2628 5290 enim.

2099 5305 2117 5344 ι
2153 5305 2206 5359 1η
2239 5306 2331 5359 Ms.
2368 5307 2515 5360 deest
2533 5323 2641 5360 rex.

2091 5388 2130 5417 ιη
2159 5376 2277 5436 Μδ..
2305 5374 2667 5498 Gala{urram.

2091 5457 2115 5483 η
2144 5447 2202 5498 1η
2226 5447 2372 5498 Iliso.
2399 5446 2434 5498 il
2462 5453 2593 5498 nstr.
2621 5447 2667 5498 (It

2090 5457 2115 5483 η
2144 5447 2202 5499 1η
2226 5447 2372 5514 Hisp.
2399 5444 2593 5500 illustr.
2621 5447 2766 5502 deest
2793 5447 2965 5502 electis
2991 5444 3230 5511 ducibus,
3258 5446 3400 5515 quod
3433 5447 3598 5506 habet

2015 5517 2261 5572 Julianus
2281 5515 2566 5586 genuinus,
2588 5525 2650 5568 nt
2673 5533 2773 5572 ms.

2084 5597 2109 5624 ο
2149 5587 2298 5654 Ilisp.
2335 5586 2552 5650 illustr.,
2577 5589 2786 5642 invado.

2087 5670 2111 5708 P
2149 5657 2246 5710 Ms.
2279 5659 2364 5710 hic
2390 5664 2596 5710 tantum
2627 5657 2757 5712 dicit
2787 5673 2800 5711 :
2841 5659 2988 5711 Sicut
3018 5675 3152 5711 enim
3179 5670 3290 5713 erat
3316 5661 3594 5714 maanani-

2009 5747 2122 5785 mus
2146 5739 2330 5791 mente,
2360 5729 2434 5782 sic
2463 5738 2512 5782 ct
2533 5728 2805 5783 abundans
2826 5730 3042 5783 scientia
3067 5729 3301 5787 litterati.
3409 5724 3423 5733 ’

3687 6107 3932 6146 Δ
