4022 6154
390 254 487 313 175

1465 248 1524 302 S.
1563 246 1827 305 JULIANI
1863 243 2165 303 EPISCOPI
2203 243 2544 301 TOLETANI

3527 242 3639 300 776

1654 356 1932 414 TEXTUS
1967 356 2366 413 LEGITIMUS.

450 455 512 511 ll
583 472 603 506 ι
631 451 823 509 Audivi
864 463 891 493 ι
925 452 1068 521 quod
1097 449 1325 506 Wamba
1349 465 1445 505 rex
1469 465 1592 505 eum
1617 449 1857 504 exercitu
1886 450 1953 505 ad
1979 464 2031 524 Α
2058 449 2192 504 ratis
2214 449 2268 503 in
2294 447 2558 502 Sordonia
2581 443 2906 501 constitutus
2927 443 3106 501 fuerat
3136 459 3276 516 :qua
3300 455 3519 503 nostros
3559 449 3614 504 ir

378 564 479 603 nos
513 545 696 600 venire
723 544 990 612 disponat,
1015 542 1109 596 sed
1133 557 1229 596 cor
1253 549 1405 595 tuum
1431 555 1499 594 ex
1547 540 1652 594 hoc
1678 555 1786 595 non
1831 555 1956 595 con-

316 648 328 656 ‘
379 638 645 692 turbetur.
673 633 859 703 Neque
900 632 1044 686 enim
1098 632 1202 686 hoc
1254 630 1373 685 fieri
1418 630 1446 669 ι’
1477 636 1627 698 puto.
1676 629 1744 683 Et
1775 635 1954 683 tamen

380 744 537 800 quem
561 726 793 797 primum
816 722 884 777 de
907 722 1065 777 nobis
1092 722 1352 776 ambobus
1377 727 1468 774 tua
1492 730 1514 758 α
1545 718 1816 773 Sanctitas
1833 732 1956 773 cum

379 820 621 874 exercitu
647 813 1227 893 videritaccedentem,
1260 810 1435 879 ipsum
1462 821 1521 863 se
1544 807 1818 863 dominum
1841 821 1958 861 cre—

381 916 473 968 dat
497 912 716 975 habere,
761 915 815 962 et
837 906 891 960 in
921 904 1038 974 ejus
1067 905 1260 960 debeat
1294 902 1560 958 eharitate
1587 901 1898 971 persistere.
1931 919 1950 952 ι

379 1003 507 1057 Haec
554 1001 720 1055 miser
767 998 881 1066 ipse
930 994 1162 1063 scripsit,
1227 994 1475 1049 nesciens
1504 992 1530 1031 ἀ
1559 1005 1719 1061 quam
1749 988 1957 1058 justum

381 1101 569 1149 contra
614 1105 673 1145 se
712 1088 976 1156 judicium
1022 1084 1265 1155 protulit.
1298 1083 1452 1139 Unde
1481 1084 1676 1138 horum
1721 1081 1956 1150 scripto-

380 1198 501 1237 rum
526 1182 691 1236 verba
717 1178 1001 1249 religiosus
1048 1175 1301 1245 princeps
1345 1173 1617 1242 sapienter
1640 1169 1955 1239 conjiciens,

380 1272 580 1327 dixisse
608 1269 796 1325 fertur.
841 1286 859 1318 ‹
904 1266 1020 1320 Νοιι
1054 1263 1172 1335 (ait)
1206 1262 1405 1317 Paulus
1456 1262 1511 1316 in
1559 1262 1644 1316 bis
1676 1260 1959 1329 scripturis

380 1362 508 1417 suis;
529 1372 552 1400 θ
581 1376 612 1414 a
640 1357 928 1426 semetipso
955 1356 1168 1409 locutus
1191 1361 1293 1408 est.
1337 1351 1443 1407 Sed
1472 1351 1597 1406 licet
1624 1352 1957 1420 ignoranter,

383 1462 564 1508 tamen
594 1450 946 1521 prophetasse
969 1446 1117 1500 illum
1138 1445 1228 1499 hic
1257 1459 1470 1499 censeo.
1507 1463 1525 1496 ι
1562 1442 1827 1513 Egressus
1857 1440 1962 1512 igi-

380 1551 607 1615 turpest
629 1544 746 1596 hare
770 1540 1026 1610 princeps
1050 1536 1117 1591 de
1138 1534 1390 1590 Gerunda
1411 1533 1650 1597 civitate,
1679 1533 1963 1603 belligero-

383 1638 460 1693 sis
486 1634 791 1691 incursibus
816 1630 1021 1705 [Fors.,
1048 1630 1102 1684 in
1125 1627 1394 1693 curribus,
1425 1636 1480 1680 ut
1500 1625 1662 1695 infra,
1693 1641 1838 1679 num.
1866 1623 1960 1697 27]

384 1728 677 1801 gradiens,
720 1725 786 1778 ad
831 1721 1076 1793 Pyrenazi
1119 1719 1319 1774 montis
1361 1717 1492 1789 juga
1536 1716 1801 1787 pervenit.
1860 1715 1963 1772 Ubi

2055 541 2266 609 rupisse
2294 537 2312 577 ι
2344 537 2699 607 persentiens,
2727 536 2910 591 statim
2933 537 3170 607 aufugit,
3197 546 3251 593 et
3278 547 3442 594 tanta:
3466 540 3638 596 cladis

2055 630 2304 686 nuntium
2327 628 2494 684 Paulo
2514 628 2568 682 in
2589 627 2893 682 Narbonam
2910 627 3216 697 perlaturus
3238 631 3463 685 accessit
3480 631 3639 699 .Qute

2057 737 2145 777 res
2158 720 2436 792 granditer
2456 730 2493 758 ω
2510 726 2796 790 tyrannum
2824 719 3076 787 pavidum
3102 720 3354 774 reddidit.
3377 720 3639 794 Princeps

2056 828 2186 869 vero
2245 811 2528 883 religiosus
2564 809 2943 879 prazdictorum
2994 822 3295 864 castrorum
3352 810 3638 883 subjugato

2058 903 2328 967 exercitu,
2363 903 2419 957 in
2465 902 2623 971 plana
2657 909 2779 972 post
2826 902 3115 957 transitum
3153 902 3400 971 Pyrenaei
3439 907 3639 961 montis

2059 995 2423 1057 descendens,
2484 992 2692 1047 duobus
2736 999 2945 1045 tantum
2996 992 3187 1047 diebus
3234 994 3534 1049 exercitum
3583 995 3639 1048 in

2059 1099 2227 1138 unum
2252 1093 2281 1120 ιι
2309 1092 2737 1153 eongregaturus
2772 1090 3069 1151 exspectat.

2135 1174 2221 1228 12.
2253 1173 2324 1227 At
2348 1174 2440 1228 ubi
2466 1189 2497 1228 e
2523 1172 2750 1227 diversis
2799 1174 3044 1242 partibus
3089 1173 3314 1229 collecta
3371 1174 3424 1229 in
3470 1192 3640 1230 unum

2061 1265 2398 1321 exercituum
2424 1272 2448 1299 ο
2464 1264 2750 1319 multitudo
2763 1265 3092 1333 percrebuit,
3116 1266 3294 1320 standi
3317 1282 3467 1321 mora
3492 1269 3639 1323 nulla

2063 1361 2182 1416 fuit.
2213 1361 2320 1416 Sed
2354 1360 2539 1415 statim
2567 1374 2665 1429 per
2693 1368 2925 1429 quatuor
2948 1360 3113 1415 duces
3133 1360 3331 1414 lectum
3358 1377 3643 1417 numerum

2062 1451 2386 1508 bellatorum
2414 1450 2481 1505 ad
2504 1451 2954 1521 expugnationem
2985 1450 3251 1505 Narbonae'
3294 1460 3420 1505 ante
3448 1450 3645 1511 faciem

2063 1558 2218 1599 suam
2242 1543 2429 1597 mittit.
2453 1540 2632 1595 Alium
2657 1542 2954 1596 exercitum
3002 1542 3278 1595 destinans
3296 1582 3311 1606 ,
3344 1542 3436 1610 qui
3464 1543 3647 1598 navali

2063 1632 2250 1704 prtelio
2268 1632 2563 1688 bellaturus
2589 1630 2889 1685 accederet.
2944 1631 3012 1684 Et
3058 1632 3277 1700 quidem
3325 1631 3437 1700 jam
3484 1640 3650 1687 erant

2066 1727 2217 1798 parvi
2237 1727 2525 1782 admodum
2551 1726 2695 1790 dies,
2724 1735 2789 1778 ex
2811 1738 2916 1793 quo
2940 1723 3190 1777 Narbona
3217 1734 3243 1773 P
3263 1722 3479 1778 rebellis
3500 1722 3650 1777 Pau-

384 1819 594 1876 duobus
642 1815 830 1870 diebus
878 1810 1122 1867 exercitu
1152 1817 1474 1879 repausante
1523 1807 1544 1847 ί
1566 1848 1581 1875 ,
1617 1824 1718 1879 per
1742 1815 1873 1872 tres,
1905 1813 1965 1861 ut

2072 1818 2152 1873 lus
2200 1818 2469 1873 serviliter
2526 1816 2779 1887 fugiendo
2807 1822 3135 1881 excesserat,
3187 1824 3461 1884 comperto
3499 1817 3651 1886 quad

385 1913 589 1967 dictum
610 1916 711 1972 est,
761 1906 1054 1961 divisiones
1102 1906 1127 1944 ⁸
1167 1902 1439 1957 exercitus
1492 1900 1737 1973 Pyrenaei
1764 1899 1964 1955 montis

385 2003 546 2058 dorsa
571 1997 859 2061 ordinavit,
890 2004 1178 2063 castraque
1202 1992 1533 2063 Pyrenmica,
1564 2007 1685 2061 quae
1700 1998 1964 2045 vocantur

385 2089 744 2153 Caucoliberi,
779 2086 1107 2149 Vulturaria,
1144 2091 1199 2138 et
1224 2083 1475 2139 Castrum
1507 2082 1692 2154 Libya:
1729 2080 1963 2135 mirabili

382 2182 626 2239 victoriae
654 2180 926 2248 triumpho
965 2177 1108 2247 cepit
1132 2177 1183 2243 ιι,
1216 2184 1381 2243 atque
1406 2174 1734 2244 perdomuit.
1767 2173 1965 2227 Multa-

383 2274 577 2345 queiis
600 2272 657 2327 in
683 2272 876 2327 castris
904 2269 1023 2325 auri
1042 2267 1359 2339 argentique
1382 2266 1599 2321 inventa
1622 2265 1778 2335 copia
1807 2279 1965 2320 excr-

385 2358 627 2422 citibus‘
666 2379 721 2417 ιιι
759 2362 995 2433 praedam
1034 2359 1221 2416 cessit.
1263 2356 1398 2412 Nam
1431 2357 1486 2411 in
1532 2364 1772 2411 castrum
1819 2354 1965 2425 quod

386 2462 611 2510 vocatur
630 2452 939 2515 Clausuras,
969 2451 1149 2506 missis
1189 2458 1316 2505 ante
1367 2464 1426 2504 se
1472 2447 1836 2511 exercitibus,
1867 2460 1967 2516 per

386 2550 551 2605 duces
575 2548 709 2603 duos
738 2546 967 2615 irruptio
993 2544 1134 2600 facta
1159 2551 1262 2599 est.
1292 2543 1372 2598 lbi
1403 2541 1417 2593 i
1455 2557 1668 2612 quoque
1697 2539 1964 2595 Ranosin—

388 2640 488 2694 dus
514 2645 569 2694 et
591 2638 886 2708 Hildigisus
929 2651 1053 2692 cum
1097 2644 1294 2691 castero
1333 2633 1547 2705 agmine
1605 2631 1962 2702 perﬁdorum,

387 2730 480 2801 qui
502 2731 570 2786 ad
593 2728 957 2785 defensionem
983 2729 1158 2785 Castri
1193 2728 1362 2797 ipsius
1382 2725 1755 2781 conﬂuxerant
1774 2725 1812 2773 ι
1831 2764 1845 2788 ,
1878 2739 1971 2780 ca-

386 2824 628 2895 piuntur.
662 2823 859 2893 Sicque
885 2823 1147 2879 devinctis
1176 2830 1299 2891 post
1318 2829 1529 2891 tergum
1553 2820 1800 2873 manibus
1817 2819 1967 2887 prin-

386 2916 493 2986 cipi
519 2922 933 2985 praesentantur.
962 2911 1294 2968 Wittimirus
1324 2920 1502 2966 tamen
1520 2926 1659 2965 unus
1686 2926 1752 2965 ex
1783 2908 1969 2978 conju-

2071 1917 2181 1964 tam
2208 1907 2434 1963 feliciori
2460 1918 2488 1957 ει
2517 1914 2781 1976 proventu
2802 1921 2928 1976 pars
2949 1904 3184 1975 religiosi
3221 1906 3478 1975 principis
3519 1921 3654 1975 pro-

2069 2007 2305 2070 peraret.
2338 1998 2511 2065 Quam
2538 1996 2813 2057 civitatem
2844 1994 3043 2052 Paulus
3070 1995 3182 2064 ipse
3205 1994 3287 2050 sui
3335 1994 3474 2065 juris
3494 2006 3653 2066 pote—

2071 2090 2197 2146 stati
2225 2089 2542 2159 astipulans,
2578 2086 2861 2156 multiplici
2906 2087 3236 2157 perfidorum
3276 2087 3527 2157 praesidio
3559 2104 3654 2144 se-

2070 2181 2198 2250 psit,
2215 2192 2585 2247 summamque
2601 2177 2770 2247 praelii
2793 2176 3065 2232 Witimiro
3090 2177 3211 2232 duci
3236 2194 3333 2232 suo
3354 2178 3653 2233 commisit.

2072 2272 2241 2338 Quem
2264 2286 2386 2326 cum
2407 2279 2716 2325 nostrorum
2735 2268 3005 2323 exercitus
3031 2268 3297 2324 blanditer
3324 2280 3575 2324 exorarct
3602 2279 3653 2334 τ,

2071 2370 2133 2417 ut
2166 2361 2437 2417 civitatem
2467 2360 2583 2415 sine
2633 2358 2909 2429 sanguinis
2949 2357 3210 2415 effusione
3262 2359 3651 2424 contraderet,

2070 2467 2293 2522 prorsus
2311 2451 2525 2515 abnuit;
2566 2449 2940 2519 obseratisque
2972 2450 3204 2504 civitatis
3222 2450 3388 2520 ipsius
3408 2450 3583 2519 portis
3601 2461 3653 2517 ι,

2050 2559 2104 2611 ,ε
2129 2558 2287 2598 muro
2320 2542 2621 2598 exercitum
2668 2541 2907 2612 religiosi
2931 2543 3188 2612 principis
3240 2544 3559 2598 detestatur.
3588 2541 3653 2599 In

2071 2634 2370 2704 principem
2397 2645 2610 2702 quoque
2633 2630 2806 2701 ipsum
2836 2633 3117 2688 maledicta
3140 2634 3507 2703 congeminat,
3548 2632 3655 2687 mi-

2073 2726 2267 2796 nisque
2286 2724 2582 2780 exercitum
2616 2725 2939 2797 proturbare
2966 2727 2985 2763 ι
3020 2734 3264 2780 conatur.
3283 2725 3434 2792 Quod
3448 2732 3653 2780 nostra!

2072 2817 2245 2886 pa'rtis
2270 2817 2558 2873 multitudo
2580 2834 2685 2873 non
2714 2816 2911 2883 ferens,
2958 2817 3137 2872 subita
3163 2817 3406 2871 cordium
3457 2831 3653 2871 accen-

2072 2913 2276 2969 sionetl
2304 2912 2601 2979 incanduit,
2625 2920 2681 2967 et
2722 2911 2952 2967 telorum
2994 2910 3143 2980 jaetu
3180 2910 3504 2981 perfidorum
3552 2925 3654 2967 ora

1658 3000 1936 3058 TEXTUS
1974 3003 2336 3060 TUDENSIS.

464 3116 485 3150 ι
512 3096 597 3151 ll.
621 3090 814 3151 Audivi
845 3096 988 3167 quod
1016 3096 1217 3150 Bamba
1243 3110 1337 3150 rex
1354 3111 1479 3151 cum
1510 3095 1752 3151 exercitu
1777 3094 1845 3149 ad
1869 3110 1968 3167 nos
1997 3099 2042 3161 C
2070 3104 2296 3152 vocatur
2316 3094 2605 3151 Clausuras
2623 3138 2638 3162 ,
2676 3097 2857 3152 missis
2882 3106 3007 3152 ante
3033 3111 3092 3152 se
3134 3097 3460 3167 exercitibus
3483 3138 3499 3162 ,
3551 3113 3657 3167 per

389 3168 577 3224 venire
590 3165 992 3236 disponat.’Sed
1012 3182 1108 3222 cor
1120 3174 1270 3220 tuum
1294 3182 1401 3221 non
1422 3166 1676 3231 turbetur,
1706 3182 1801 3236 nec
1823 3165 1967 3219 enim

388 3240 500 3295 Inc
530 3238 646 3292 lieri
675 3234 823 3307 puto.
851 3238 918 3292 Et
943 3244 1122 3292 tamen
1147 3251 1308 3306 quem
1334 3237 1563 3307 primum
1588 3237 1653 3290 de
1682 3234 1839 3290 nobis
1862 3250 1971 3289 am-

391 3310 564 3365 bobus
591 3317 682 3362 tua
712 3317 734 3345 ν
764 3307 1039 3363 Sanctitas
1061 3323 1184 3363 cum
1216 3308 1456 3362 exercitu
1484 3307 1678 3362 viderit
1712 3307 1971 3361 acceden-

393 3390 522 3445 tem,
552 3378 726 3447 ipsum
749 3394 807 3433 se
830 3379 1017 3435 credat
1061 3378 1261 3433 habere
1306 3377 1581 3432 dominum
1608 3391 1665 3441 ι,
1693 3385 1748 3430 et
1774 3376 1827 3447 in
1853 3374 1970 3444 ejus

392 3446 889 3519 debeatpersistere
915 3448 1199 3504 cbaritate.
1233 3467 1251 3498 ι
1286 3448 1600 3519 llaeemiser
1620 3446 1855 3515 scripsit,
1872 3461 1969 3519 ne-

389 3521 571 3576 sciens
596 3516 749 3590 quod
792 3519 1001 3589 justum
1053 3528 1243 3574 contra
1300 3534 1357 3573 se
1410 3517 1672 3590 judicium
1726 3516 1967 3590 protulit.

395 3591 547 3647 Unde
572 3587 765 3645 horum
793 3587 1119 3660 scriptorum
1148 3591 1312 3645 verba
1350 3606 1443 3643 rea:
1472 3587 1674 3660 Bamlia
1702 3588 1973 3660 sapienter

391 3660 715 3729 conjiciens,
746 3661 879 3715 dixit
905 3657 925 3714 Ξ
962 3678 980 3711 t
1010 3659 1126 3715 Non
1154 3660 1208 3714 in
1235 3661 1320 3715 his
1348 3660 1555 3729 scriptis
1602 3657 1797 3713 Paulus
1830 3673 1861 3711 a
1888 3672 1973 3729 se-

392 3728 623 3800 metipso
647 3731 857 3786 locutus
880 3737 982 3794 est,
1026 3731 1121 3785 sed
1159 3730 1286 3786 licet
1320 3728 1660 3800 ignoranter,
1701 3736 1881 3800 tamen
1909 3728 1973 3781 il-

393 3801 502 3881 lum
529 3798 728 3881 censeo
753 3803 1123 3881 proplietasse.
1158 3819 1177 3852 ι
1212 3798 1479 3881 Egressus
1521 3800 1685 3881 igitur
1712 3808 1833 3867 post
1852 3798 1973 3881 llaec

392 3871 644 3939 princeps
669 3871 734 3924 de
755 3868 985 3939 civitate
1009 3868 1627 3939 GerundztflielligeroSis
1666 3868 1973 3923 incursibus

393 3938 644 4009 gradiens
661 3940 726 3993 ad
760 3938 1001 4008 Pyrenaai
1038 3940 1238 3994 montis
1260 3938 1389 4008 juga
1417 3940 1696 4007 pervenit,
1723 3940 1813 4009 ubi
1840 3939 1973 3992 duo-

394 4008 495 4063 bus
532 4009 722 4063 diebus
741 4009 980 4063 exercitu
1008 4018 1318 4078 repausato,
1347 4023 1445 4077 per
1488 4016 1597 4062 tres
1641 4008 1969 4078 divisiones,

396 4086 453 4132 ut
483 4078 686 4132 dictum
708 4086 823 4142 est,
861 4077 1132 4133 exercitus
1158 4078 1401 4147 Pyrenzei
1430 4079 1628 4133 montis
1675 4079 1835 4131 dorsa
1868 4077 1973 4147 rad-

392 4149 482 4203 ivit
507 4156 554 4211 Υ,
583 4156 649 4229 e_t'
667 4157 845 4229 castra
866 4146 1346 4229 .Pyrenaica.;quae
1371 4146 1975 4229 vocanturHQaucolibe-

398 4235 549 4284 rum,
606 4217 1003 4283 Vulturariam,
1052 4228 1106 4274 et
1144 4217 1351 4272 Lilniam
1403 4228 1425 4254 ι
1467 4219 1699 4273 mirabili
1736 4217 1973 4272 victoria:

395 4290 669 4359 triumpho
694 4291 864 4359 cepit,
913 4299 1074 4359 atque
1111 4289 1453 4359 perdomuit,
1500 4288 1720 4342 multam
1768 4287 1971 4359 copiam

395 4359 449 4414 in
482 4358 577 4415 bis,
598 4358 793 4415 castris
822 4360 941 4414 auri
976 4358 1030 4414 et
1056 4358 1269 4430 argenti
1298 4359 1533 4430 reperit,
1582 4374 1700 4429 qua:
1748 4358 1970 4428 copiosis

2072 3167 2236 3238 duces
2261 3168 2394 3238 duos
2420 3167 2862 3237 [actairruptione
2883 3170 3015 3238 cepit
3036 3184 3054 3221 :
3080 3168 3250 3237 ibique
3266 3166 3655 3233 Ranosindum,

2074 3236 2400 3308 Hildigisum
2430 3252 2553 3291 cum
2592 3236 2790 3292 caetero
2833 3236 3045 3308 agmine
3069 3236 3394 3306 perﬁdorum
3414 3277 3429 3301 ,
3463 3239 3555 3308 qui
3587 3241 3660 3296 ad

2071 3306 2439 3380 defenSionem
2461 3307 2626 3361 castri
2646 3306 3009 3380 convenerant,
3037 3308 3294 3380 exercitus
3314 3306 3661 3380 capia—atque

2071 3376 2335 3449 devinctis
2362 3386 2484 3449 post
2505 3386 2712 3447 tergum
2740 3379 2986 3449 manibus
3010 3394 3096 3431 eos
3124 3376 3352 3449 principi
3377 3376 3662 3449 reprimen-

2072 3456 2168 3501 tat.
2198 3446 2505 3518 Witimirus
2529 3446 2669 3502 unus
2692 3464 2754 3502 ex
2804 3447 3116 3518 coniuratis,
3144 3447 3233 3516 qui
3278 3464 3334 3501 se
3362 3446 3661 3504 in'Sordo-

2072 3518 2215 3588 niam
2238 3516 2519 3581 clauserat,
2551 3527 2767 3573 nostros
2791 3516 3049 3588 irrupisse
3075 3518 3434 3588 persentiens,
3468 3522 3657 3575 statim

2072 3586 2227 3657 fugit,
2259 3595 2314 3642 et
2333 3595 2495 3659 tanta:
2511 3588 2678 3644 cladis
2697 3586 2944 3643 nuntium
2969 3588 3135 3659 Paulo
3150 3586 3458 3659 Narbonam
3478 3591 3662 3659 perla-

2073 3666 2227 3713 turus
2259 3658 2511 3730 accessit.
2568 3659 2697 3725 Quae
2731 3673 2818 3714 res
2874 3658 3063 3730 grandi
3120 3657 3306 3711 timore
3361 3657 3657 3730 tyrannum

2073 3730 2352 3782 concussit.
2417 3728 2675 3798 Princeps
2718 3744 2847 3799 vero
2878 3728 3218 3799 religiosus,
3271 3728 3659 3797 pmdictorum

2072 3808 2377 3870 castrorum
2427 3797 2668 3870 exercitu
2711 3797 3024 3870 subjugato,
3053 3800 3104 3852 in
3133 3797 3451 3870 planapost
3477 3811 3660 3856 trans-

2074 3867 2208 3922 itum
2258 3868 2529 3940 _Pyren:ei
2596 3867 2819 3925 montis
2855 3867 3224 3930 descendens,
3284 3867 3496 3925 duobus
3536 3881 3661 3926 tan-

2074 3946 2186 3991 tum
2238 3938 2429 3994 diebus
2460 3940 2758 3995 exercitum
2793 3940 2862 3993 ad
2893 3954 3058 3994 unum
3102 3950 3532 4012 congregatarus
3564 3958 3663 3998 ex-

2074 4016 2303 4077 spectat.

2148 4078 2232 4151 l_2.
2274 4080 2344 4151 At
2378 4080 2469 4134 ubi
2497 4095 2528 4135 e
2555 4081 2784 4136 diversis
2826 4083 3073 4151 partibus
3106 4082 3331 4137 collecta
3382 4081 3437 4135 in
3490 4096 3660 4136 unum

2073 4148 2361 4223 multitudo
2421 4152 2766 4219 percrebuit,
2825 4148 3009 4206 statim
3063 4168 3161 4223 per
3203 4162 3439 4223 quatuor
3491 4151 3662 4207 duces

2074 4217 2290 4293 electum
2349 4217 2634 4293 munerum
2693 4232 3018 4276 armatorum
3065 4217 3140 4277 ad
3200 4217 3660 4293 expugnationem

2073 4287 2339 4359 Narbonae
2369 4299 2493 4344 ante
2520 4291 2709 4346 faciem
2740 4308 2891 4347 suam
2922 4293 3124 4359 mittit,
3161 4287 3326 4347 aliu'm
3348 4287 3658 4348 'excrcitum

2075 4358 2373 4440 destinans,
2396 4361 2487 4430 qui
2514 4363 2691 4417 navali
2719 4362 2904 4440 przelio
2941 4358 3222 4440 accederet
3244 4364 3564 4440 bellaturus.
3592 4362 3664 4418 Et

380 4432 718 4517 exercitibus
738 4431 789 4485 in
814 4432 1050 4517 praedam
1072 4428 1252 4517 cessit.
1294 4428 1615 4517 E‘xcusserat
1635 4443 1825 4483 manus
1846 4443 1972 4517 sqas
2000 4458 2049 4517 ο
2075 4428 2302 4517 quidem
2318 4428 2429 4517 iam
2447 4441 2601 4486 erant
2625 4428 2780 4503 panici
2805 4433 3020 4517 diesnex
3057 4434 3249 4517 quotde
3285 4434 3536 4517 :Narbona
3575 4449 3662 4487 rev

396 4501 465 4585 ab
491 4502 635 4585 om_ni
660 4498 902 4583 munere,
934 4502 1075 4585 unde
1095 4500 1452 4585 prmliantium
1479 4498 1973 4585 animosaccende:
2000 4498 2048 4517 ν
2077 4499 2233 4585 bellis
2262 4499 2473 4585 Paullus.
2493 4498 2773 4585 recesserat
2796 4504 3064 4559 serviliter
3077 4498 3666 4585 fugiendo,_comperto

395 4570 488 4624 bat
519 4572 586 4624 ad
626 4572 902 4626 victoriam
937 4567 1306 4627 obtinendam.
1362 4569 1613 4626 Castrum
1638 4571 1795 4624 etiam
1829 4567 1973 4637 quod

468 4764 492 4823 tl
525 4750 627 4823 Id,
650 4750 840 4823 Audivi
863 4767 975 4823 ego.

467 4822 495 4862 ι»
534 4822 693 4902 ροοξι
711 4821 830 4902 ﬁeri
866 4821 920 4876 in
958 4822 1019 4875 ι).

468 4904 491 4932 ε
534 4891 619 4958 F.,
649 4891 721 4947 ibi
757 4901 870 4947 tua.

466 4962 493 5002 ἀ
534 4963 610 5034 id.
650 4965 1001 5034 nesciensque.

474 5045 497 5105 ἑ
535 5033 635 5105 ιιι,
663 5033 787 5088 Νοη
818 5033 1022 5087 Paulus
1054 5033 1110 5086 in
1141 5033 1222 5087 Itis
1247 5033 1453 5105 scriptis
1480 5034 1623 5097 suis,
1650 5040 1754 5089 etc.

474 5104 492 5143 ί
536 5103 634 5170 ld.,
668 5114 965 5172 repausato.

472 5177 497 5215 ε
537 5173 638 5239 ld.,
673 5184 897 5228 turmas.

470 5245 497 5284 δ
529 5243 791 5315 ωηιιιιιιθ
812 5246 981 5315 capit.

474 5314 491 5355 ἰ
528 5313 590 5388 D.
616 5314 844 5388 Multum
870 5313 925 5369 in
947 5316 1231 5388 Itiscastris
1245 5316 1366 5374 auri
1381 5314 1976 5388 argentiqueinuenicns,

397 5383 537 5456 quod
567 5384 789 5454 copiosis
810 5386 1142 5442 exercitibus.

476 5451 489 5502 i
540 5452 625 5507 F..
662 5455 769 5507 ubi.

476 5456 489 5502 ἱ
542 5456 625 5517 F.,
662 5456 769 5507 ubi.

476 5523 500 5561 ι
544 5523 604 5594 Ι).
634 5526 998 5594 conﬂixerant.

480 5594 499 5634 ι
540 5592 623 5675 ιζ,
648 5592 740 5674 qui
765 5611 820 5647 se
840 5599 894 5649 in
917 5597 1231 5655 Sardoniam
1250 5603 1559 5659 constitutus
1585 5598 1865 5667 clauserat,
1893 5614 1984 5653 na-

402 5674 542 5722 ttras
567 5674 836 5731 irrupisse,
865 5676 971 5722 etc.

2078 4571 2222 4638 quod
2252 4581 2362 4625 tam
2385 4570 2615 4628 feliciori
2661 4584 2924 4644 proventu
2954 4589 3081 4645 pars
3134 4570 3373 4645 religiosi
3400 4570 3665 4647 principis

1909 4657 2138 4714 NOTAE.

2151 4761 2191 4790 ιη
2217 4750 2339 4823 Ms.,
2366 4756 2610 4823 graviter.

2154 4830 2182 4859 η
2221 4821 2322 4888 ld.,
2351 4821 2420 4877 ad
2446 4841 2627 4878 unum.

2155 4898 2181 4926 °
2220 4892 2296 4946 ld.
2334 4897 2589 4949 mendose
2620 4895 2891 4951 collectum
2917 4916 2972 4952 ιη
3005 4915 3167 4953 unum
3210 4901 3515 4956 exercitum.

2156 4972 2183 5011 P
2222 4962 2308 5027 F.,
2332 4964 2396 5017 de
2419 4965 2693 5021 Narbona.

2149 5044 2176 5082 (ι
2212 5033 2312 5099 ld.,
2340 5034 2500 5102 felici.

2154 5114 2176 5141 τ
2218 5104 2302 5167 F.,
2343 5106 2733 5160 exhortaretur.

2154 5187 2175 5214 '
2219 5174 2341 5237 MS.,
2367 5178 2539 5229 lurtis.

2159 5248 2175 5283 ι
2221 5245 2303 5307 F.,
2343 5246 2667 5316 perturbare.

2153 5327 2180 5354 ιι
2221 5317 2283 5369 D.
2313 5318 2628 5370 accessione.

2155 5394 2181 5422 ν
2222 5386 2341 5449 Ms.,
2371 5385 2442 5439 ibi
2472 5397 2595 5452 tua;
2623 5394 2735 5451 aut,
2763 5388 2837 5443 ita
2858 5398 2970 5445 tua.

2158 5469 2183 5496 ι
2215 5457 2322 5538 Ἰίῖυν
2355 5470 2453 5538 pro
2484 5459 2747 5538 ipsum...
2789 5459 3094 5528 dominum,
3140 5462 3300 5520 habet
3345 5468 3666 5538 spiritum...

2085 5528 2313 5591 domini,
2351 5535 2444 5579 aut
2478 5528 2769 5582 dominum.

2158 5607 2182 5644 δ
2227 5598 2328 5661 LL,
2357 5599 2565 5652 ordivit.

2161 5677 2180 5703 ²
2225 5668 2323 5733 ld.,
2366 5667 2713 5737 Caucoliberi,
2765 5670 3142 5732 Vulturaria...
3180 5675 3353 5732 Libia.
