4028 6176
357 285 465 348 777

1242 294 1417 355 HIST.
1454 292 1915 352 REBELLIONIS
1952 295 2154 353 PAULI
2192 296 2351 352 ΜΠ.
2394 296 2724 376 WAMBAM.

3510 302 3618 363 778

1736 405 1924 459 XTUS
1962 405 2353 459 LEGITIMUS.

455 404 467 413 τ
1736 406 1785 459 Χ
1885 405 1924 459 S
2011 406 2050 459 E
2123 406 2164 459 Τ
2194 406 2240 459 Μ
2340 445 2353 458 .

352 494 565 568 petivit.
591 493 729 562 Quid
775 494 980 550 multa?
1036 495 1288 550 immanis
1335 496 1404 549 ab
1461 405 1732 564 utrisqtff
1752 405 1929 565 pt'fgtita
1961 404 2006 557 ἒ
2037 404 2520 567 ιῗξοέυεξῖιῗοηίιονθ
2540 497 2875 554 vinculorum
2898 506 3160 566 arctatur,
3196 473 3622 577 verberibustnte

354 587 695 650 conseritur,
737 592 790 639 et
827 587 944 641 vice
992 586 1312 657 sagittarum
1370 585 1679 643 alternatim
1721 586 1939 642 sibimet

351 689 597 748 utrmque
618 687 799 747 partes
825 678 1112 733 obsistunt.
1143 677 1252 733 Sed
1289 678 1382 733 ubi
1403 692 1433 731 a
1455 678 1660 733 nostris
1687 678 1940 747 despera-

353 780 469 825 tum
514 776 618 834 est,
646 784 753 823 non
783 769 957 823 solum
1006 769 1060 823 in
1092 774 1249 824 muro
1300 776 1604 839 pugnantes
1655 769 1940 824 seditiosos

348 860 566 932 sagittis
587 860 892 931 conligunt,
930 860 1026 915 sed
1052 867 1236 915 tantos
1275 858 1481 915 imbres
1512 859 1751 929 lapidum
1796 860 1937 914 intra

349 954 543 1007 urbem
578 950 927 1015 concutiunt,
968 958 1029 1005 ut
1070 951 1309 1007 clamore
1354 964 1547 1005 vocum
1595 959 1650 1006 et
1706 951 1940 1006 stridore

348 1051 627 1113 petrarum
666 1041 855 1096 civitas
896 1042 1011 1112 ipsa
1045 1040 1322 1112 submergi
1371 1040 1751 1097 aestimaretur.
1785 1042 1939 1098 Unde

349 1138 419 1191 ab
445 1138 581 1190 hora
604 1133 715 1188 fere
743 1134 933 1203 quinta
967 1133 1070 1188 diei
1110 1148 1284 1203 usque
1314 1134 1381 1188 ad
1410 1133 1603 1189 horam
1628 1134 1798 1202 ipsius
1827 1132 1936 1189 diei

350 1233 600 1279 octavam
644 1222 846 1276 acriter
874 1223 941 1276 ab
976 1223 1223 1291 utrisque
1263 1230 1560 1291 pugnatum
1588 1228 1691 1276 est.
1733 1214 1804 1274 At
1845 1220 1938 1276 ubi

348 1312 577 1367 "incaluit
604 1318 912 1365 nostrorum
956 1311 1171 1365 animus
1203 1323 1252 1371 α,
1299 1311 1541 1365 victorim
1592 1310 1937 1365 dilectionem

349 1398 714 1473 [dilationem]
734 1397 879 1453 ferre
900 1414 1006 1454 non
1023 1400 1200 1468 potuit
1219 1400 1270 1461 ιι,
1318 1399 1410 1454 sed
1426 1400 1493 1454 ad
1510 1407 1695 1468 portas
1714 1400 1939 1469 propius

351 1497 686 1559 pugnaturus
708 1488 942 1543 accessit
965 1499 1012 1540 ο.
1029 1486 1181 1543 Tunc
1205 1487 1492 1542 victoriosa
1527 1502 1624 1556 per
1649 1488 1936 1542 Dominum

350 1594 517 1633 manu
551 1586 736 1646 portas
780 1577 1091 1640 incendunt,
1148 1577 1318 1631 muris
1366 1576 1628 1640 insiliunt,
1663 1576 1938 1631 civitatem

351 1670 587 1725 victores
606 1668 1000 1739 ingrediuntur,
1036 1669 1091 1722 in
1117 1684 1223 1737 qua
1250 1668 1469 1723 sibimet
1494 1668 1779 1723 seditiosos
1804 1668 1937 1723 sub-

346 1760 560 1831 jiciunt.
593 1760 694 1817 Ubi
741 1761 869 1815 dum
917 1760 1252 1815 Wittimirus
1301 1769 1511 1814 armata
1557 1760 1735 1815 adhuc
1774 1776 1937 1815 manu

2041 602 2147 640 una
2178 601 2300 640 cum
2324 587 2504 653 sociis,
2550 603 2672 643 cum
2700 588 2897 658 quibus
2930 589 3121 645 urbem
3147 592 3418 649 nitebatur
3444 596 3621 654 vindi-

2042 690 2188 741 care,
2224 674 2471 731 adicitur.
2907 692 2913 698 '

2114 764 2197 818 l5.
2228 764 2356 819 Post
2394 768 2507 819 hmc
2544 766 2750 821 devicta
2795 767 3183 839 subjugataque
3229 771 3447 830 civitate
3481 774 3622 830 Nar-

2037 857 2199 920 bona,
2223 858 2290 911 ad
2327 858 2714 926 insequendum
2736 856 2983 921 Paulum,
3016 860 3108 928 qui
3135 875 3193 914 se
3213 860 3266 914 in
3294 860 3620 919 Nemausum

2038 948 2406 1003 vindicaturus
2448 949 2775 1013 contulerat,
2812 949 2915 1004 iter
2936 950 3187 1021 dirigitur
3219 955 3263 1005 8.
3292 953 3493 1010 Deinde
3528 955 3622 1012 Bi-

2038 1038 2200 1092 terris
2229 1039 2258 1078 ιλ
2289 1045 2342 1093 et
2364 1037 2572 1109 Agathe
2599 1039 2841 1093 civitates
2866 1038 3010 1094 illico
3033 1038 3405 1111 subiugantur.
3435 1044 3489 1097 In
3513 1044 3625 1099 Ma-

2040 1128 2318 1198 galonensi
2364 1143 2493 1183 vero
2539 1131 2672 1184 urbe
2708 1129 2991 1184 Gumildus
3016 1128 3121 1185 loci
3160 1131 3330 1200 ipsius
3372 1125 3657 1200 antistcsﬂ

2040 1232 2166 1272 cum
2193 1217 2260 1272 ad
2295 1217 2632 1272 obsidionem
2671 1218 2753 1273 sui
2781 1218 3165 1274 circumfusum
3185 1220 3391 1276 videret
3414 1225 3624 1278 exerci-
3665 1287 3668 1291 ν

2039 1314 2174 1372 tum,
2190 1309 2487 1378 urbemque
2508 1308 2678 1379 ipsam
2697 1323 2808 1365 non
2827 1316 2939 1364 tam
2960 1311 3028 1366 ab
3045 1311 3131 1366 his
3150 1311 3242 1380 qui
3262 1327 3360 1383 per
3377 1320 3579 1369 terram
3599 1317 3614 1355 ί

2035 1396 2324 1468 pugnaturi
2348 1406 2707 1461 accesserant,
2736 1412 2898 1467 quam
2922 1399 2989 1453 ab
3013 1386 3097 1453 his
3122 1399 3285 1469 cingi,
3318 1402 3409 1471 qui
3432 1401 3624 1457 navale

2036 1488 2284 1556 praelium
2310 1488 2488 1543 acturi
2514 1502 2613 1557 per
2648 1487 2818 1542 maria
2848 1496 3297 1552 commcaverant,
3346 1489 3504 1559 huius
3543 1491 3623 1545 rei

2037 1576 2189 1632 clade
2223 1579 2546 1647 perterritus
2591 1577 2893 1647 compendii
2933 1577 3075 1631 viam
3115 1578 3360 1648 arripuit,
3393 1580 3625 1636 Nemau-

2038 1681 2264 1735 sumque
2283 1682 2343 1721 se
2365 1682 2486 1722 cum
2501 1666 2669 1722 Paulo
2692 1667 2896 1723 socium
2930 1667 3111 1722 intulit
3128 1667 3143 1718 i
3160 1708 3173 1721 .
3191 1667 3296 1724 Sed
3318 1684 3444 1724 cum
3465 1684 3623 1725 exer-

2040 1758 2179 1812 citus
2227 1757 2497 1827 Hispania:
2526 1759 2834 1814 Gumildum
2874 1756 3126 1828 oﬂ‘ugisse
3177 1760 3462 1829 persensit,
3491 1760 3623 1816 civi-

352 1853 634 1907 ecclesiam
656 1859 884 1921 peteret,
912 1865 1135 1907 accessu
1165 1862 1473 1909 nostrorum
1496 1854 1774 1919 turbatus,
1812 1862 1937 1923 post,
1966 1834 2009 1894 Β
2038 1854 2204 1902 tatem
2232 1860 2354 1902 mox
2384 1847 2812 1919 Magalonenscm
2854 1864 2963 1904 non
2992 1849 3245 1904 dissimili
3277 1851 3501 1906 victoria
3534 1865 3623 1906 ce-

350 1960 505 1999 aram
537 1945 711 1998 beata:
746 1943 975 2013 virginis
995 1942 1175 1999 Maria:
1201 1959 1260 1999 se
1293 1944 1697 1998 vindicaturum
1719 1959 1825 1998 non
1855 1958 1939 1998 re-

351 2034 593 2088 verentia
617 2035 640 2074 ἀ
667 2034 770 2088 1οεί
791 2034 984 2099 miser,
1019 2035 1112 2088 sed
1140 2034 1313 2089 ultore
1353 2034 1560 2105 gladio,
1594 2036 1893 2089 testabatur
1920 2054 1933 2089 :

352 2123 542 2178 dextra
573 2131 760 2177 tenens
786 2122 1043 2192 gladium,
1075 2130 1131 2178 et
1156 2131 1385 2177 mortem
1416 2123 1674 2178 minitans
1698 2125 1935 2194 singulo-

352 2230 496 2269 rum.
523 2214 604 2267 Ad
658 2212 820 2281 hujus
880 2227 1009 2283 ergo
1063 2212 1286 2268 insanire
1334 2221 1600 2269 tumorem
1628 2225 1655 2253 ε
1690 2215 1937 2283 protinus

350 2304 833 2373 comprimendum,
861 2317 1001 2357 unus
1030 2317 1061 2357 e
1085 2303 1287 2358 nostris
1312 2304 1451 2358 inter
1471 2312 1695 2359 ctetcros
1720 2303 1934 2372 rejectis

352 2394 520 2448 armis
555 2391 792 2445 tabulam
836 2406 1001 2445 manu
1045 2392 1305 2461 arripuit,
1352 2402 1406 2445 et
1442 2390 1776 2447 ferocissimo
1825 2394 1932 2448 ictu

349 2496 471 2537 sese
491 2482 559 2535 ad
603 2481 753 2535 illum
777 2480 994 2535 direxit.
1023 2480 1092 2534 At
1129 2483 1221 2535 ubi
1289 2481 1470 2536 tabula
1519 2483 1721 2537 acriter
1782 2484 1933 2539 nisus

347 2582 433 2627 est
469 2586 632 2641 super
688 2586 817 2627 eum
882 2572 1083 2642 ingenti
1142 2571 1291 2641 jactu
1323 2582 1608 2642 percutere
1631 2614 1645 2635 ,
1688 2590 1811 2628 mox
1876 2575 1930 2630 in

349 2671 552 2715 terram
580 2660 968 2715 tremebundus
1004 2662 1387 2730 prosternitur,
1421 2662 1670 2731 protinus
1698 2662 1926 2731 capitur,

350 2750 660 2823 ferrumque
694 2750 771 2806 illi
793 2751 860 2806 de
900 2765 1057 2807 manu
1083 2752 1406 2807 extrahitur.
1444 2752 1669 2822 Moxque
1694 2754 1874 2807 viliter
1907 2753 1925 2792 τ

2034 1936 2117 2005 pit
2144 1936 2193 1990 ιι.
2214 1935 2285 1989 At
2309 1937 2399 1991 ubi
2425 1937 2596 1992 nostri
2624 1938 2828 1992 directa
2852 1937 2968 1993 acie
2986 1936 3405 1994 Nemausensem
3431 1940 3623 1995 urbem

2038 2027 2306 2083 debellare
2339 2028 2691 2093 contendunt,
2726 2028 2903 2098 prima
2928 2043 3026 2098 per
3040 2036 3278 2098 quatuor
3302 2031 3465 2085 duces
3481 2043 3625 2100 prte-

2039 2116 2201 2170 liandi
2230 2116 2395 2173 facies
2410 2133 2531 2173 cum
2547 2119 2722 2173 electo
2744 2126 3102 2189 pugnatorum
3123 2120 3336 2190 agmine
3356 2121 3622 2176 destinata

2036 2215 2138 2262 est.
2178 2206 2418 2273 Quorum
2464 2207 2601 2263 lecta
2624 2207 2881 2275 juventus
2926 2209 3141 2280 triginta
3181 2209 3349 2264 ferme
3384 2210 3620 2266 millibus

2038 2297 2336 2367 principem
2364 2297 2614 2352 anteiret.
2640 2297 2704 2351 Hi
2732 2305 2911 2352 tamen
2946 2296 2965 2336 ι
3000 2298 3164 2353 nobili
3197 2300 3547 2369 procursione
3565 2299 3621 2353 in

2039 2387 2386 2450 Nemausum,
2414 2388 2507 2442 ubi
2530 2387 2724 2442 Paulus
2749 2403 2872 2442 cum
2894 2381 3188 2442 Galliarum
3226 2388 3468 2443 exercitu
3486 2429 3502 2454 ,
3538 2388 3625 2443 vel

2036 2478 2368 2534 Francorum
2391 2486 2653 2533 conventu
2690 2492 2749 2534 se
2785 2478 2853 2533 ad
2895 2468 3256 2534 dimicandum
3297 2482 3621 2546 contulerat,

2038 2572 2415 2645 seditiosorum
2436 2572 2827 2640 praevenientes
2849 2580 2886 2602 "
2914 2572 3155 2636 insidias,
3170 2584 3295 2627 cum
3322 2581 3480 2628 nocte
3506 2580 3621 2628 tota

2036 2677 2255 2717 cursum
2309 2662 2548 2718 festinati
2599 2663 2807 2719 itineris
2844 2664 3220 2730 confecissent,
3269 2665 3450 2720 subito
3495 2679 3622 2719 cum

2036 2755 2308 2823 vergentis
2326 2753 2430 2809 diei
2461 2753 2549 2809 lux
2574 2761 2692 2810 orta
2710 2754 2974 2824 prodiret,
3007 2761 3372 2824 apparuerunt
3398 2763 3426 2792 ιι
3457 2752 3622 2809 simul

1665 2844 1942 2899 TEXTUS
1981 2844 2340 2900 TUDENSIS.

347 2943 684 3008 properaret.
707 2936 877 3008 Quam
914 2937 1195 3008 civitatem
1212 2935 1410 3008 Paulus
1434 2937 1649 3008 munivit
1681 2936 1931 3008 pnesidio
1959 2939 2004 2999 C
2036 2935 2181 3008 puit,
2200 2945 2255 2990 et
2283 2934 2616 3008 ferocissimo
2639 2936 2744 3008 ictu
2770 2947 2832 2988 se
2858 2933 2926 3008 ad
2959 2933 3108 3008 illum
3163 2934 3379 2990 direxit.
3433 2935 3505 2991 At
3528 2937 3624 2994 ubi

350 3005 631 3074 inultiplici
658 3006 1006 3076 perfidorum,
1031 3014 1087 3060 et
1114 3006 1387 3061 Witimiro
1427 3006 1549 3060 duci
1585 3022 1684 3059 suo
1705 3005 1927 3076 commi-

348 3078 441 3132 sit.
474 3075 792 3142 Qucm’cum
828 3084 1135 3132 nostrorum
1170 3077 1441 3132 exercitus
1464 3076 1729 3131 blanditer
1752 3075 1931 3129 horta—

352 3156 524 3208 retur,
550 3154 609 3198 ut
638 3145 909 3217 civitatem
937 3147 1053 3201 sine
1081 3147 1363 3217 sanguinis
1384 3145 1641 3200 effusione
1667 3145 1929 3217 traderet,

348 3230 574 3285 prorsus
607 3216 773 3268 renuit
802 3234 819 3269 :
866 3214 1235 3285 obseratisque
1265 3216 1499 3271 civitatis
1545 3214 1733 3284 portis,
1773 3230 1932 3271 muro

349 3286 464 3339 viva
495 3301 614 3339 voce
651 3294 947 3339 nostrorum
985 3288 1280 3341 exercitum
1318 3287 1556 3340 convitiie
1606 3287 1924 3340 detestatur.

353 3356 410 3408 ln
436 3355 734 3426 principem
758 3369 971 3425 quoque
1010 3356 1308 3426 religiosum
1346 3355 1626 3410 maledicta
1654 3356 1930 3426 congemit-

358 3432 470 3487 nat,
510 3423 778 3493 minisque
824 3423 1053 3479 conatur
1085 3423 1379 3479 exercitum
1415 3425 1739 3495 perturbare.
1779 3425 1932 3491 Quod

350 3502 551 3547 nostrae
586 3495 757 3561 partis
782 3496 1087 3548 animositas
1110 3511 1216 3549 non
1243 3495 1443 3556 ferens,
1473 3495 1651 3549 subita
1687 3495 1930 3548 cordium

349 3563 670 3617 accensione
706 3564 981 3617 incanduit
1021 3580 1035 3616 :
1066 3575 1121 3618 et
1164 3564 1392 3618 telorum
1418 3565 1565 3631 jactu
1597 3563 1928 3632 perfidorum

346 3648 441 3686 ora
473 3634 680 3701 petivit.
711 3632 965 3687 Immanis
1002 3635 1070 3687 ab
1092 3636 1337 3702 utrisque
1373 3648 1548 3702 pugna
1576 3632 1884 3702 conseritur
1909 3646 1923 3702 ξ

347 3711 395 3754 et
431 3700 636 3770 sagittis
670 3702 976 3770 alternatim
1022 3700 1469 3770 sibimet‘partcs’
1494 3701 1785 3770 obsistunt.
1821 3700 1929 3770 Sed

346 3772 438 3824 ubi
462 3765 527 3824 ait
558 3771 790 3840 utrisque
816 3765 1021 3840 fortiter
1042 3773 1237 3839 agitur,
1267 3765 1445 3823 tantos
1470 3771 1671 3823 imbres
1692 3768 1929 3837 lapidum

346 3841 512 3908 nostri
546 3840 684 3891 intra
714 3841 898 3893 urbem
940 3840 1256 3908 conjiciunt,
1307 3846 1367 3891 ut
1403 3840 1639 3893 clamore
1664 3853 1854 3891 vocum
1879 3847 1928 3890 et

344 3907 618 3962 collisione
646 3915 921 3975 petrarum
969 3907 1161 3963 civitas
1186 3909 1409 3962 subverti
1440 3908 1831 3961 existimaretur
1854 3914 1878 3941 ο
1910 3923 1923 3959 :

344 3976 491 4032 unde
534 3977 605 4047 ab
644 3978 772 4047 hora
813 3977 929 4047 fere
962 3978 1151 4046 quinta
1178 3978 1282 4031 diei
1308 3992 1480 4047 usque
1529 3978 1598 4031 ad
1626 3979 1645 3996 '
1678 3983 1927 4029 octavam

352 4047 545 4101 horam
577 4045 1243 4113 fundibulorum’instantia
1273 4045 1471 4101 acriter
1493 4050 1510 4067 '
1544 4064 1578 4100 a
1605 4048 1793 4099 nostris
1831 4060 1929 4113 pu-

348 4123 568 4187 gnatum
626 4124 726 4187 est.
772 4117 1052 4170 lncanduit
1114 4118 1289 4187 itaque
1326 4126 1633 4171 nostrorum
1682 4116 1923 4187 animus,

347 4185 588 4239 victoria)
622 4185 925 4239 dilationem
978 4187 1121 4240 ferre
1173 4185 1276 4239 non
1311 4187 1514 4250 valens,
1552 4196 1600 4239 et
1639 4185 1705 4256 ad
1740 4193 1926 4256 portas

349 4255 569 4326 propius
602 4263 938 4326 pugnaturus
989 4255 1235 4311 accessit.
1291 4256 1440 4311 Tunc
1487 4255 1775 4326 victoriosa
1828 4270 1927 4325 per

2036 3002 2408 3075 tabula-nisus
2444 3015 2669 3062 esteum
2712 3004 2911 3075 ingenti
2953 3002 3104 3072 jactu
3143 3014 3456 3073 percutere,
3491 3023 3620 3062 mox

2036 3074 2091 3130 in
2130 3082 2332 3149 terram
2367 3077 2753 3149 tremebundus
2780 3074 3223 3149 prosternitur,
3273 3077 3623 3149 protinusque

2034 3146 2267 3214 capitur,
2304 3155 2350 3199 et
2381 3146 2584 3200 ferrum
2620 3146 2691 3200 illi
2724 3146 2788 3199 de
2815 3161 2974 3198 manu
3017 3146 3321 3199 extrahitur
3363 3160 3378 3199 :
3434 3146 3622 3202 viliter
3672 3158 3675 3161 ‘

2034 3223 2242 3269 tractus
2268 3216 2507 3284 pondere
2532 3215 2869 3286 vinculorum
2897 3223 3155 3286 arctatur,
3190 3216 3620 3286 verberibusque

2034 3300 2140 3408 UH?
2162 3301 2283 3366 cum
2307 3286 2485 3349 sociis,
2517 3286 2714 3354 quibus
2740 3295 2761 3322 ι’
2790 3285 2980 3338 urbem
3006 3284 3280 3340 nitebatur
3305 3284 3613 3351 vendicare,

2035 3372 2064 3408 a
2110 3364 2292 3408 lClltll‘.

2035 3355 2292 3409 allicitur.

2104 3425 2191 3477 15.
2220 3426 2348 3479 Post
2370 3424 2484 3478 inec
2509 3423 2715 3478 devicta
2742 3421 3129 3491 subjugataque
3152 3421 3422 3485 Narbona,
3439 3427 3507 3480 ad
3537 3425 3620 3480 in-

2032 3496 2363 3563 sequendum
2393 3493 2630 3563 Paulum,
2661 3493 2751 3563 qui
2781 3505 2838 3546 se
2865 3490 3615 3563 in_Net_nausum_contulerat,

2032 3560 2154 3645 iter
2173 3562 2442 3645 dirigitur.
2492 3560 2695 3645 Deinde
2728 3561 2996 3645 lietc'rris:
3029 3560 3299 3645 [Biterris]
3325 3569 3379 3615 et
3406 3562 3618 3645 Agathe

2032 3629 2441 3700 civitates—illico
2463 3629 2833 3699 subjugantur.
2850 3630 2907 3682 ln
2932 3629 3302 3700 Magalonensi
3332 3629 3618 3689 vero'urbe

2030 3699 2314 3769 Gumildus
2342 3700 2444 3753 loci
2466 3700 2633 3769 ipsius
2658 3700 2903 3763 antistes,
2934 3699 3054 3754 cum
3081 3701 3147 3754 ad
3177 3700 3510 3757 obsidionem
3530 3704 3615 3759 sui

2033 3768 2417 3840 circumfusum
2437 3768 2641 3823 videret
2664 3769 2980 3833 exercitum,
2996 3770 3292 3839 urbemque
3310 3772 3484 3840 ipsam
3507 3789 3616 3827 non

2031 3847 2142 3891 tam
2189 3839 2256 3893 ab
2308 3840 2372 3893 iis
2419 3840 2509 3909 qui
2538 3854 2636 3909 per
2672 3848 2871 3893 terram
2910 3840 3201 3961 Pugnaturi
3248 3839 3613 3907 accesserant,

2031 3923 2193 3961 quam
2243 3910 2310 3961 ab
2350 3909 2415 3961 iis
2451 3910 2594 3961 cingi
2627 3909 2718 3961 aui
2770 3924 2959 3961 navae
3001 3910 3244 3961 nrtelium
3291 3913 3463 3961 acturi
3518 3929 3613 3961 ηρι-

2030 3923 2193 3977 quam
2243 3910 2310 3963 ab
2350 3909 2415 3962 iis
2451 3910 2594 3979 cingi
2627 3909 2718 3978 qui
2762 3909 2959 3983 navale
2995 3909 3244 3983 praelium
3291 3913 3463 3967 acturi
3518 3929 3617 3983 per

2029 3992 2181 4031 mare
2224 3977 2700 4050 commeaverant:
2761 3977 3040 4050 hujusiréi
3089 3980 3243 4035 clade
3291 3977 3614 4050 perterritus

2030 4049 2330 4120 compendii
2386 4050 2526 4120 viam
2580 4049 2846 4119 arripuit,
2899 4049 3336 4120 Nemausumque
3385 4065 3443 4107 se
3489 4068 3614 4107 cum

2030 4117 2206 4189 Paulo
2222 4117 2459 4189 contulit.
2493 4119 2599 4175 Sed
2626 4117 2750 4174 cum
2776 4121 3052 4175 exercitus
3095 4117 3364 4189 Hispania:
3409 4121 3615 4176 Gumil-

2029 4188 2156 4241 dum
2181 4185 2693 4270 fugisse‘persensit,
2721 4190 2996 4270 civitatem
3019 4185 3614 4270 moxgﬁlagalonensem

2029 4272 2135 4311 non
2174 4257 2422 4313 dissimili
2458 4259 2683 4313 victoria
2710 4260 2881 4327 cepit:
2927 4269 2974 4312 et
3001 4259 3208 4313 directa
3238 4257 3355 4315 acie
3381 4261 3611 4315 Nemau-

350 4324 702 4398 ρειιηι-μηεὶιιιί
727 4335 934 4398 portasi
958 4326 1267 4398 incendunt,
1291 4334 1349 4398 et
1375 4326 1648 4398 civitatem
1690 4324 1924 4380 victores
1956 4334 2005 4392 ι)
2028 4340 2241 4398 sensetn
2278 4329 2464 4381 urbem
2488 4324 2791 4398 debellare
2816 4328 3098 4398 contendit.
3130 4328 3306 4381 Prima
3344 4344 3441 4398 per
3479 4345 3614 4398 qua-

348 4393 741 4463 ingretliuntur.
782 4394 881 4449 Ubi
906 4397 1031 4449 dum
1065 4394 1401 4450 Wictimirus
1438 4407 1464 4445 P
1512 4396 1687 4449 adhuc
1714 4405 1924 4448 armata

349 4478 509 4517 manu
526 4465 807 4518 ecclesiam
829 4473 1057 4532 peteret,
1080 4479 1301 4518 accessu
1322 4474 1629 4520 nostrorum
1657 4465 1920 4527 turbatus,

347 4541 469 4600 post
500 4549 648 4586 aram
686 4534 779 4587 Dei
812 4534 1090 4588 Genitricis
1115 4548 1173 4587 se
1208 4535 1549 4589 vindicaturu
1574 4552 1605 4587 u
1634 4549 1739 4588 non
1774 4549 1926 4589 reve-

351 4602 523 4674 rentia
586 4602 687 4656 loci
726 4603 908 4674 miser,
943 4604 1037 4657 sed
1063 4615 1091 4652 τι
1129 4603 1301 4658 ultore
1356 4605 1532 4674 gladio
1586 4604 1885 4674 testabatur
1908 4643 1923 4666 ,

351 4670 570 4743 dextera
617 4680 819 4743 tenens
838 4673 1094 4742 gladium,
1125 4680 1180 4725 ct
1202 4670 1429 4728 mortem
1454 4673 1713 4727 minitans
1740 4672 1926 4743 singu-

352 4739 549 4811 lorum.
600 4740 681 4796 Ad
734 4739 885 4811 cujus
937 4757 1065 4811 ergo
1119 4744 1341 4797 insania:
1377 4753 1644 4798 tumorem
1679 4739 1925 4811 protinus

349 4810 830 4879 comprimendum,
864 4810 1094 4866 unus’ex
1119 4813 1321 4867 nostris
1346 4812 1580 4868 tabulam
1602 4810 1766 4866 manu
1788 4813 1925 4866 arri—

1831 4901 2062 4960 ΝΟΤᾸΕ.

423 4999 447 5028 ⁸
472 4989 560 5055 ιτ..
591 4991 909 5047 incalescunt
943 5033 957 5046 .
988 5033 1002 5046 .
1036 5032 1049 5045 .
1085 5032 1097 5044 .
1128 4991 1309 5046 animi.

419 5057 448 5097 ι’
480 5061 579 5132 ld.,
611 5072 906 5132 potuerunt.

424 5141 446 5201 ς
484 5131 583 5193 ld.,
610 5131 890 5201 pugnaturi
916 5131 1188 5187 accedunt.

421 5199 449 5238 ἀ
478 5200 580 5264 ld.,
607 5199 661 5253 in
686 5199 991 5256 reverentia.

430 5281 454 5308 ε
481 5269 582 5332 ld.,
612 5286 893 5323 rumorem.

431 5337 450 5376 τ
479 5338 578 5399 ld.,
609 5338 844 5392 viriliter.

429 5410 453 5446 ε
484 5407 583 5469 ld.,
608 5407 809 5476 dirigit.

426 5479 449 5516 ¹ι
486 5476 609 5538 Με..
639 5477 840 5532 Betere.

432 5549 444 5587 ξ
480 5546 565 5611 F.,
591 5556 781 5599 terras.

428 5616 440 5665 i
487 5617 575 5678 D.,
602 5615 841 5669 contulit.

429 5687 450 5724 ι
480 5686 540 5739 F.
577 5685 737 5747 male,
766 5688 913 5756 εωρὶι

795 5779 1060 5838 ι’Δτιιοι.
1099 5780 1314 5842 XCVI.

2029 4396 2339 4476 tuprzduces
2372 4397 2648 4476 prmliandi
2690 4396 2858 4451 facies
2897 4411 3021 4451 cum
3046 4397 3217 4476 electo
3243 4396 3609 4476 pugnatorum

2029 4465 2248 4545 agmine
2267 4466 2691 4545 destinataest:
2733 4480 2961 4545 quorum
3004 4465 3215 4545 robusta
3234 4465 3489 4545 juventus
3514 4469 3615 4545 _tri-

2028 4534 2187 4604 ginta
2222 4534 2392 4587 ferme
2425 4534 2661 4604 millibus
2707 4535 3002 4604 principem
3030 4535 3277 4604 anteibat.
3327 4535 3423 4589 llic
3471 4536 3608 4590 idem

2029 4602 2194 4656 nobili
2219 4618 2487 4671 prtecursu
2512 4603 2858 4666 Nemausum,
2885 4602 2978 4658 ubi
3020 4617 3142 4656 cum
3173 4603 3343 4658 Paulo
3374 4604 3612 4660 Franco-

2030 4688 2146 4725 rum
2174 4673 2430 4725 exercitus
2453 4688 2513 4727 se
2539 4672 2606 4726 ad
2631 4672 3001 4727 vindicandum
3035 4673 3337 4729 contulerat
3382 4678 3396 4712 '
3444 4676 3609 4730 nostri

2027 4742 2313 4803 tendentes,
2350 4757 2474 4796 cum
2504 4751 2662 4797 nocte
2700 4750 2811 4797 tota
2850 4758 3065 4797 cursum
3112 4742 3352 4799 festinati
3400 4745 3613 4801 itineris

2028 4810 2407 4876 confecissent,
2439 4813 2618 4867 subito
2655 4828 2778 4868 cum
2804 4814 2907 4869 diei
2940 4813 3031 4867 lux
3068 4820 3186 4868 orta
3211 4816 3472 4884 prodiret,
3512 4830 3609 4885 ap-

2113 4991 2126 5030 ¹
2163 4993 2263 5057 ld.,
2300 5004 2428 5049 tam.

2106 5074 2143 5101 τη
2162 5064 2258 5133 Ρη
2285 5065 2619 5133 pra'veniens.

2106 5142 2132 5168 τ’
2162 5131 2246 5203 ξ’δ,
2276 5131 2581 5203 apparuere.

2109 5210 2133 5235 ο
2172 5201 2295 5266 Ms.,
2311 5201 2674 5257 aestimaretur.

2048 5341 2082 5394 r
2108 5272 2322 5394 'mlgeest
2357 5286 2637 5340 perperam
2695 5274 2750 5328 in
2812 5275 2910 5329 Ms.
2951 5275 3093 5342 quod
3150 5273 3380 5331 stcllulis
3428 5272 3598 5331 inclu-

2071 5359 2123 5394 lll
2215 5380 2228 5393 .

2032 5356 2228 5395 minus.

2108 5422 2133 5459 ι)
2164 5410 2458 5482 ᾼΙξενρειοίιπι
2496 5412 2779 5466 Witericus
2819 5414 2872 5467 in
2914 5412 3066 5482 llisp.
3090 5414 3287 5470 illustr.

2104 5491 2130 5529 ιι
2162 5480 2281 5543 Ms.,
2311 5498 2384 5534 se.

2109 5560 2132 5587 ι’
2161 5550 2260 5622 ld.,
2295 5568 2411 5603 cum
2437 5552 2641 5622 quibus.

2109 5630 2131 5692 ’ξ
2161 5620 2703 5692 Rcrperantlieterius
2730 5623 2782 5677 in
2811 5623 2961 5692 llisp.
2993 5622 3192 5677 illustr.

2115 5690 2134 5726 ι
2165 5688 2316 5757 Hisp.
2346 5690 2531 5757 illust.,
2557 5693 2895 5764 compulerat.

3083 5783 3162 5846 25
