4028 6176
410 249 516 310 ’179

1497 248 1556 308 S.
1594 247 1855 305 JULIANI
1892 242 2196 302 EPISCOPI
2234 241 2572 317 TOLETANI

3562 234 3669 296 780

1682 358 1961 414 TEXTUS
1999 354 2394 410 LEGITIMUS.

411 463 718 512 nostrorum
740 453 886 509 acies
902 464 1172 505 armorum
1199 449 1401 518 pariter
1422 457 1476 503 et
1499 450 1799 505 animorum
1821 463 1984 519 appa—
2009 453 2059 508 Α
2087 451 2226 497 rant.
2279 441 2459 496 Tertia
2505 455 2634 512 ergo
2683 441 2798 496 dies
2823 449 2905 496 est
2925 481 2940 507 ,
2974 441 3120 511 quod
3157 441 3351 496 exmde
3372 456 3673 513 properans

414 554 532 601 ratu
559 544 848 614 dispositae.
876 540 1022 607 Quas
1047 540 1136 594 ubi
1171 555 1205 595 e
1241 540 1460 594 civitate
1501 539 1857 609 conspiciunt,
1897 548 1984 594 ut-

411 645 536 705 pote
571 648 695 688 cum
720 631 903 702 paucis
929 630 1254 694 dimicaturi,
1296 630 1349 684 in
1378 639 1624 699 patentes
1644 645 1866 700 campos
1900 644 1988 683 ar—

410 727 515 781 mis
533 738 629 779 eos
652 736 711 777 se
734 728 1054 790 excepturos
1069 719 1350 775 definiunt.
1368 719 1475 775 Sed
1494 720 1674 775 dolum
1689 732 1715 759 ιι
1729 719 1987 789 suspicati

409 816 744 879 insidiarum,
779 812 984 882 eligunt
1007 811 1183 880 potius
1208 811 1350 866 intra
1374 813 1564 867 urbem
1585 812 1698 867 suis
1723 813 1752 852 ιι
1781 811 1849 865 de
1872 827 1990 866 mu-

409 906 485 959 ris
509 904 704 959 bellum
734 902 1019 962 conficere,
1056 916 1219 971 quam
1256 910 1410 957 extra
1438 903 1629 958 urbem
1668 903 1989 972 improvisos

407 1008 566 1049 casus
583 993 814 1063 patentis
838 990 1099 1061 periculic
1115 991 1404 1057 sustinere,
1418 992 1794 1061 opperientestl
1824 993 1988 1047 etiam
2024 988 2027 991 λ

407 1085 476 1139 ad
503 1084 761 1145 auxilium
781 1081 864 1137 sui
897 1081 1187 1136 adventum
1213 1081 1454 1150 gentium
1479 1080 1726 1136 aliarum.
1765 1080 1871 1137 Sed
1896 1081 1988 1136 ubi

406 1175 486 1228 sol
510 1173 739 1228 refulsus
763 1180 846 1227 est
886 1183 910 1211 ε
932 1172 1115 1239 terris,
1150 1178 1459 1227 consertum
1487 1180 1570 1226 est
1598 1170 1797 1227 bellum
1822 1186 1855 1225 a
1892 1186 1991 1226 uo-

403 1265 553 1319 stris.
568 1263 747 1319 Prima
770 1262 936 1319 facies
956 1277 1172 1333 pugnae,
1198 1262 1587 1332 crepitantibus
1614 1263 1868 1318 tubarum
1900 1277 1990 1317 so—

404 1355 508 1419 nis,
532 1369 786 1411 saxorum
814 1352 1000 1409 nimbo
1028 1353 1331 1415 coniicitur.
1347 1352 1469 1408 Mox
1493 1354 1637 1408 enim
1657 1362 1718 1408 ut
1738 1356 1987 1411 tubarum

401 1460 569 1500 sonus
603 1444 888 1513 increpuit,
919 1441 1253 1498 conﬂuentes
1272 1443 1511 1514 undique
1534 1445 1705 1500 nostri
1732 1460 1854 1501 cum
1874 1444 1983 1500 fra-

388 1547 533 1606 gore
562 1548 752 1587 vocum
792 1520 977 1587 innros
1004 1532 1155 1587 urbis
1182 1532 1706 1602 petrarumjactibus
1733 1534 1751 1575 ί
1778 1542 1984 1605 petunt,

388 1626 700 1681 «missilibus
722 1625 1026 1694 quibusque
1051 1624 1374 1681 constitutos
1406 1641 1504 1696 per
1527 1642 1741 1681 murum
1768 1627 1989 1697 spiculis

398 1717 722 1788 sagittisque
756 1715 1094 1785 propellunt:
1127 1731 1251 1771 cum
1292 1725 1492 1782 tamen,
1532 1727 1589 1772 et
1627 1718 1703 1772 illi
1739 1721 1765 1758 8
1794 1719 1848 1773 in
1886 1734 1987 1773 no-

2084 537 2258 591 venio.
2300 535 2528 590 Proinde
2566 536 2669 590 hoc
2707 549 2957 601 noscens,
2997 533 3325 590 miserabilis
3348 549 3556 604 pompa:
3582 550 3671 591 ve-

2084 635 2212 681 stra:
2236 641 2485 680 occasum
2520 626 2872 680 contristatus
2895 634 3172 695 exspecto.
3195 624 3501 694 Principem
3523 625 3671 681 illum

2086 728 2345 783 vestrum,
2370 733 2468 787 pro
2493 732 2601 788 quo
2626 717 2919 788 pugnaturi
2943 717 3188 780 venistis,
3212 716 3494 785 alligatum
3518 717 3675 773 vobis

2086 811 2386 873 ostendam,
2424 809 2681 865 conviciis
2726 808 3006 873 addicam,
3042 808 3391 863 insultatione
3429 807 3672 863 illudam.

2085 900 2203 957 Non
2227 902 2391 973 igitur
2424 916 2524 971 pro
2561 916 2627 956 eo
2655 901 2808 956 vobis
2838 886 2933 955 hic
2957 899 3173 969 expedit
3210 907 3320 954 tam
3368 898 3678 954 immaniter

2088 991 2382 1056 decertare,
2420 1003 2581 1061 quem
2609 989 2790 1045 forsan
2810 988 2923 1058 jam
2963 997 3178 1043 constat
3209 997 3516 1043 nostrorum
3544 988 3678 1044 insi-

2087 1080 2192 1136 diis
2242 1080 2529 1135 interiisse.
2567 1079 2634 1133 Et
2677 1079 2822 1149 quod
2855 1078 3077 1151 gravius
3110 1087 3215 1142 est,
3270 1078 3395 1133 dum
3447 1078 3676 1133 victoria

2087 1172 2322 1240 patuerit
2366 1179 2575 1235 nostra,
2609 1169 2755 1225 nulla
2790 1171 2944 1225 vobis
2989 1169 3095 1223 erit
3139 1169 3206 1223 de
3241 1168 3448 1239 reliquo
3491 1168 3673 1224 venia.

2087 1262 2216 1317 llam
2235 1261 2421 1317 dicens
2440 1270 2749 1318 nostrorum
2770 1263 2981 1318 animos
3000 1275 3108 1317 non
3129 1259 3300 1316 solum
3328 1275 3437 1315 non
3460 1260 3675 1323 terruit.

2088 1352 2187 1407 sed
2197 1352 2376 1407 acrius
2398 1352 2451 1406 in
2464 1351 2743 1421 praeliandi
2762 1354 2999 1409 furorem
3013 1351 3277 1408 accendit.
3304 1349 3678 1421 Propinquant

2090 1440 2159 1496 ad
2199 1457 2449 1505 murum;
2502 1442 2685 1497 acrius
2712 1456 2877 1511 quam
2909 1449 3209 1510 eruperunt,
3273 1440 3330 1496 in
3357 1439 3610 1495 bellando
3650 1447 3677 1475 °

2088 1534 2395 1590 consistunt
2411 1570 2428 1600 ,
2461 1534 2770 1604 acriterque
2791 1541 3102 1591 consertum
3129 1532 3388 1588 innovant
3406 1530 3674 1602 praelium.

2161 1624 2249 1679 15.
2285 1623 2382 1679 His
2429 1623 2594 1694 igitur
2637 1623 2872 1693 peractis
2914 1622 3089 1693 spatio
3121 1632 3149 1672 P
3188 1621 3353 1676 totius
3385 1620 3530 1686 diei,
3568 1634 3678 1674 nox

2090 1717 2306 1774 tandem
2337 1716 2499 1772 linem
2522 1715 2708 1785 praelio
2734 1713 2898 1771 dedit.
2928 1712 2987 1766 ln
3012 1712 3129 1781 ipso
3159 1719 3340 1765 tamen
3365 1710 3543 1781 primo
3567 1708 3678 1765 fer-

400 1817 545 1866 stros
566 1808 634 1863 ad
665 1807 1025 1865 resistendum
1053 1808 1344 1863 multorum
1376 1823 1635 1880 generum
1670 1809 1872 1878 spicula
1903 1809 1988 1880 ja-
2016 1807 2066 1869 Β
2092 1823 2220 1864 vore
2268 1808 2406 1873 diei,
2450 1822 2574 1862 cum
2603 1805 2781 1862 adhuc
2826 1803 2998 1859 nostri
3031 1800 3349 1873 infatigabili
3377 1800 3577 1855 virtute
3620 1799 3679 1855 in

396 1908 588 1954 cerent
606 1900 658 1953 ιι.
684 1898 792 1954 Sed
809 1898 945 1968 quid
969 1898 1185 1953 dicam?
1220 1898 1413 1955 Acrius
1444 1901 1514 1956 ab
1544 1901 1788 1970 utrisque
1810 1915 1989 1974 pugna

382 1986 703 2052 mnﬁcimr,
730 2001 884 2056 aequa
910 1987 1063 2041 lance
1092 1988 1160 2041 ab
1183 1988 1427 2058 utrisque
1463 1997 1704 2045 certatur
1742 1993 1797 2057 ί,
1835 2006 1991 2061 ωειυο

398 2076 563 2131 etiam
607 2076 903 2132 certamine
934 2076 1230 2144 perﬂatur.
1277 2076 1394 2133 Non
1439 2094 1471 2132 a
1520 2080 1736 2145 nostris,
1773 2095 1883 2137 non
1921 2082 1990 2137 ab

398 2167 507 2222 illis
529 2174 779 2223 conserto
799 2167 1081 2222 certamini
1117 2168 1347 2223 ceditur.
1376 2167 1677 2241 Pugnatum
1715 2179 1800 2226 est
1827 2171 1990 2242 igitur

398 2265 515 2313 toto
550 2256 642 2311 illo
671 2256 758 2313 die
783 2257 883 2312 sub
904 2256 1158 2326 ancipitis
1193 2255 1206 2309 i
1255 2272 1515 2315 mucrone
1538 2260 1800 2316 victoriae.

472 2348 560 2403 l-l.
594 2346 747 2404 Unus
783 2346 849 2403 de
883 2346 1256 2405 incentor-ibus
1297 2349 1622 2407 seditionum
1665 2352 1867 2408 acriter
1909 2353 1991 2408 in-

396 2446 544 2494 stare
566 2451 799 2507 pugnam
814 2437 1118 2507 aspiciens,
1154 2453 1187 2492 e
1224 2454 1380 2497 muro
1410 2440 1613 2497 nostris
1636 2441 1991 2498 insultaturus

398 2531 514 2585 inec
537 2527 780 2584 formans
793 2528 978 2592 verba,
998 2536 1353 2583 commentat:
1380 2528 1520 2597 Quid
1540 2531 1649 2598 hic,
1673 2532 1769 2597 ait,
1788 2533 1991 2588 instan—

399 2630 484 2676 ter
504 2626 807 2690 pugnantes
824 2619 1123 2675 consistitis
1144 2620 1432 2675 morituri?
1452 2620 1561 2676 Cur
1585 2622 1726 2677 lares
1741 2625 1991 2693 proprios

399 2722 507 2762 non
537 2708 815 2776 repetitis?
850 2706 933 2761 An
959 2706 1098 2762 forte
1134 2723 1320 2764 casum
1358 2710 1552 2765 mortis
1576 2720 1701 2765 ante
1737 2727 1988 2767 occasum

398 2795 526 2849 vitae
570 2804 769 2850 vestra:
807 2796 1057 2864 excipere
1092 2797 1296 2852 vultis?
1332 2799 1462 2868 quin
1506 2801 1687 2869 potius
1717 2813 1988 2871 praerupta

396 2896 672 2957 petrarum
702 2888 962 2956 quaeritis,
995 2889 1087 2943 ubi
1111 2903 1207 2945 vos
1228 2891 1592 2958 abscondatis,
1618 2907 1739 2946 cum
1767 2894 1794 2933 ιι
1824 2892 1991 2950 facies

398 2978 582 3035 auxilii
634 2978 808 3033 nostri
856 2979 1168 3048 apparuerit
1223 2978 1267 3032 ι-
1311 2979 1667 3037 Condoluisse
1696 2982 1861 3053 igitur
1903 2998 1991 3040 me

2088 1899 2384 1972 praeliando
2417 1898 2789 1969 persisterent,
2818 1911 2932 1951 rem
2962 1895 3222 1950 mandant
3255 1892 3327 1947 ad
3355 1891 3677 1963 principem,

2091 1990 2303 2059 sibique
2324 1988 2481 2057 dirigi
2528 1987 2793 2059 adjutoria
2827 1991 3037 2054 petunt,
3075 1998 3182 2038 non
3211 1980 3473 2037 mediocri
3501 1979 3685 2050 provi-

2091 2080 2245 2135 sione
2277 2078 2435 2134 saluti
2464 2078 2699 2148 prnpriac
2723 2075 3067 2132 consulentes
3093 2092 3106 2128 :
3148 2073 3356 2130 scilicet
3378 2089 3448 2129 ne
3472 2081 3567 2127 aut
3587 2087 3684 2128 ex-

2093 2180 2263 2226 terna:
2295 2170 2470 2241 gentis
2498 2169 2622 2224 dolo
2662 2168 2944 2238 praeventi,
2981 2176 3079 2222 aut
3108 2168 3176 2222 ab
3206 2167 3292 2222 his
3334 2181 3460 2221 cum
3486 2165 3686 2236 quibus

2088 2261 2458 2326 decertabant,
2488 2259 2795 2331 defatigatis
2831 2260 3039 2315 viribus
3064 2259 3386 2315 subruerent
3409 2259 3682 2313 morituri.

2090 2353 2158 2407 Et
2182 2353 2320 2409 bene
2345 2369 2432 2408 res
2452 2362 2572 2407 acta
2599 2362 2702 2407 est.
2726 2352 2861 2407 Nam
2882 2351 2974 2407 uhi
2999 2352 3252 2423 princeps
3270 2350 3523 2422 cognovit
3543 2350 3685 2407 Pau-

2090 2443 2202 2498 lum
2243 2444 2541 2513 principem
2589 2444 2891 2514 tyrannidis
2937 2444 3218 2499 decertare
3263 2458 3385 2500 cum
3436 2442 3638 2497 nostris
3661 2482 3679 2507 ,

2085 2535 2238 2589 nulla
2263 2535 2330 2590 de
2356 2535 2562 2604 reliquo
2585 2550 2736 2589 niera
2768 2535 2849 2589 fit.
2884 2534 3017 2589 Mira
3040 2549 3169 2606 ergo
3194 2534 3249 2588 in
3271 2533 3572 2590 ordinando
3591 2548 3684 2588 ce-

2086 2623 2309 2680 leritate
2330 2638 2429 2693 per
2456 2623 2865 2678 Wandemirum
2894 2634 2921 2674 ει
2952 2624 3144 2679 ducem
3173 2622 3378 2679 electos
3416 2622 3486 2677 de
3525 2635 3684 2676 exer-

2091 2712 2202 2767 citu
2227 2711 2340 2768 fere
2360 2712 2548 2769 decem
2578 2712 2743 2767 millia
2766 2713 2914 2768 viros
2941 2712 3010 2768 ad
3029 2712 3288 2767 auxilium
3315 2710 3686 2780 pugnantibus

2090 2803 2400 2869 destinavit,
2427 2803 2516 2872 qui
2550 2811 2710 2858 nocte
2748 2810 2863 2857 tota
2904 2802 3190 2874 pervigiles
3215 2809 3541 2856 maturatum
3578 2801 3684 2855 iter

2089 2892 2459 2959 conficerent,
2505 2901 2562 2947 et
2612 2900 2941 2961 superventu
2979 2908 3077 2948 suo
3108 2901 3130 2929 τ
3170 2907 3276 2947 non
3312 2899 3424 2946 tam
3468 2891 3679 2946 hostem

2084 2984 2422 3057 frangerent,
2465 2998 2626 3055 quam
2674 2994 2981 3040 nostrorum
3011 2985 3225 3041 animos
3263 2985 3488 3040 solaturi
3525 2985 3680 3041 ocius

397 3069 606 3124 credite
626 3068 800 3132 vobis,
833 3069 1011 3123 sciens
1033 3077 1286 3124 eventum
1304 3081 1352 3109 ω
1379 3070 1480 3136 rei,
1505 3079 1562 3125 et
1587 3086 1870 3127 occursum
1895 3088 1988 3128 so-
2087 3075 2451 3144 prmvenirent
2479 3086 2525 3128 ³.
2561 3074 2669 3131 Sed
2701 3075 2792 3131 ubi
2837 3074 3144 3148 defatigata:
3169 3076 3452 3131 custodum
3481 3074 3678 3147 vigilia:

398 3162 512 3217 latii
536 3170 988 3233 superventurum
1026 3170 1073 3217 η.
1103 3160 1233 3217 Mihi
1258 3163 1401 3217 enim
1436 3179 1523 3218 res
1558 3164 1841 3220 notissima
1870 3180 1982 3220 ma-
2010 3149 2054 3211 (ἶ
2086 3164 2298 3224 hostem
2324 3165 2588 3221 inclusum
2625 3166 2713 3221 diu
2743 3167 2914 3221 teneri
2929 3165 3040 3235 jam
3071 3163 3467 3236 quodammodo
3485 3166 3675 3236 despe-

398 3260 508 3321 net,
532 3269 696 3326 quam
736 3254 1054 3325 multiplicia
1078 3255 1233 3311 nobis
1258 3256 1456 3310 auxilia
1497 3256 1774 3325 praeliandi
1799 3272 1983 3313 occur-

2087 3268 2291 3325 rerent,
2314 3259 2494 3316 subito
2515 3260 2680 3315 missa
2705 3261 2807 3316 sibi
2835 3260 3034 3316 auxilia
3054 3260 3257 3325 vident,
3286 3259 3432 3316 illico
3451 3274 3679 3317 sunmus

1686 3362 1964 3421 TEXTUS
2003 3366 2359 3422 TUDENSIS.

384 3476 620 3535 paruere
645 3467 955 3535 nostrorum
979 3457 1126 3535 acies
1152 3471 1429 3535 armorum
1456 3457 1752 3535 pariteret
1779 3458 1989 3535 animo-

384 3526 519 3590 J'rum
546 3539 809 3601 apparatu
834 3528 1129 3601 dispositae.
1161 3526 1306 3594 Quas
1334 3537 1391 3580 ut
1427 3542 1460 3601 e
1501 3527 1723 3601 civitate
1772 3530 1988 3598 conspi-

397 3606 570 3668 ciunt,
580 3596 789 3682 utpote
815 3596 1123 3682 dimicaturi
1147 3596 1478 3682 cum‘paucis
1501 3597 1555 3651 in
1575 3605 1828 3682 patentes
1848 3596 1990 3654 eain—

382 3689 497 3744 lpos
524 3667 828 3744 armi—sees
865 3667 1471 3744 cgpcteudosdeliniunt
1495 3667 1641 3744 :_SOd
1670 3668 1988 3744 insidiarum

399 3737 549 3798 italos
574 3740 833 3811 suspicati
856 3737 1064 3811 eligunt
1086 3738 1266 3809 potius
1289 3737 1430 3791 intra
1451 3737 1641 3811 urbem
1669 3738 1759 3811 siti
1785 3738 1852 3793 de
1873 3755 1989 3811 mu—

395 3819 477 3870 ris
513 3807 710 3866 bellum
734 3807 1024 3874 coniicere,
1068 3807 1231 3877 quam
1259 3817 1413 3862 extra
1443 3809 1631 3862 urbem
1670 3807 1991 3877 improvisos

386 3896 583 3947 casus,
614 3889 663 3935 et
704 3878 938 3950 pericula
976 3878 1287 3950 sustinere:
1322 3886 1387 3950 _e_t_
1405 3886 1702 3950 exspectare
1730 3879 1988 3950 auxilium

399 3940 716 4022 promissum'
742 3948 995 4022 gentium
1029 3946 1275 4022 aliarum.
1315 3940 1420 3998 Ubi
1436 3940 1626 4022 autem
1669 3947 1989 4022 θοι-ξεῖναι

386 4013 504 4084 est,
530 4013 841 4074 consertum
864 4025 951 4070 est
981 4015 1178 4071 bellum
1216 4030 1248 4067 a
1278 4015 1479 4068 nostris
1512 4013 1869 4084 claugentibus
1906 4028 1994 4072 tu-

404 4092 504 4155 bis,
527 4088 831 4158 sagittisque
856 4101 919 4141 ac
946 4084 1207 4158 lapidibus
1229 4083 1400 4158 hostes
1429 4085 1484 4138 in
1518 4083 1682 4138 manu
1711 4084 1886 4158 ualida
1916 4087 1992 4156 [e-

400 4152 615 4215 ricntes'.
646 4152 911 4237 Resistupt
932 4152 1141 4237 perﬁdi,
1165 4163 1213 4237 cf
1240 4152 1309 4234 ad
1332 4153 1499 4237 instar
1515 4163 1784 4237 guttarum
1802 4152 1992 4226 pluuia:

403 4237 652 4299 patraret
692 4224 900 4297 spicula
918 4222 1149 4299 iaciunt.
1181 4222 1395 4299 Acrius__
1420 4225 1489 4279 ab
1519 4222 1777 4299 utrisque
1802 4222 1988 4299 pugna

402 4293 733 4367 coniicitur,
751 4312 900 4367 sequo
916 4293 1211 4367 t'ccrtamiue
1242 4293 1543 4361 prmliatur.
1560 4293 1710 4367 __Ne_c_
1732 4309 1764 4350 a
1789 4293 1992 4352 nostris

405 4385 499 4423 nec
526 4368 595 4422 ab
616 4366 732 4429 ,illis
761 4363 1042 4420 certamini
1068 4363 1307 4420 ceditur:
1334 4373 1382 4418 et
1407 4374 1518 4419 tota
1542 4364 1629 4421 die
1651 4363 1746 4420 ilia
1767 4367 1868 4423 sub
1894 4385 1993 4423 au-

404 4439 550 4509 cipiti
572 4446 716 4509 sane
740 4445 992 4509 certatur.

478 4508 565 4562 14.
609 4506 717 4563 Sed
768 4518 907 4561 unus
941 4505 1009 4560 de
1056 4504 1424 4561 incentoribus
1470 4505 1741 4562 seditionis
1791 4502 2005 4563 acriter

404 4594 666 4648 pugnam,
705 4576 972 4644 aspiciens
996 4587 1050 4648 Δθ
1074 4590 1273 4648 muro,
1311 4576 1513 4648 nostris
1555 4576 1835 4641 insultans,
1876 4578 1993 4633 haec

407 4643 570 4701 verba
595 4643 925 4702 commentat
947 4662 965 4716 :7
985 4643 1124 4716 Quid
1144 4644 1253 4716 hic,
1282 4646 1378 4712 ait,
1406 4647 1669 4701 instanter
1693 4655 1992 4716 pugnantes

2088 3458 2230 3544 Quin
2256 3459 2436 3544 potius
2464 3470 2733 3544 prcernpta
2758 3470 3161 3544 petrarum!“
3182 3461 3445 3544 quaeritis,
3469 3462 3562 3517 ubi
3584 3477 3692 3544 vos

2088 3528 2479 3600 abscondatis,’
2507 3528 2836 3587 cum—facies
2881 3531 3066 3588 auxilii
3104 3528 3276 3586 nostri
3325 3533 3681 3600 apparuerit?

2090 3598 2378 3654 Γιοηάοιετε
2406 3615 2494 3655 me
2517 3602 2723 3656 credite
2752 3602 2924 3666 vobis,
2961 3601 3142 3658 sciens
3174 3598 3468 3657 occursum
3500 3602 3677 3659 solatii

2087 3670 2385 3743 parentari
2432 3671 2599 3743 nobis.
2650 3672 2777 3743 Mihi
2828 3685 2917 3728 res
2964 3671 3248 3743 notissima
3296 3676 3679 3743 manetLquod

2090 3738 2405 3812 multiplicia
2434 3741 2589 3797 nobis
2614 3742 2813 3797 auxilia
2844 3740 3123 3812 praeliandi
3151 3749 3464 3812 occurrant.
3494 3738 3679 3799 Tertia

2089 3809 2206 3893 dies
2248 3818 2337 3891 est
2377 3825 2444 3865 ex
2474 3826 2583 3893 quo
2615 3813 2736 3893 inde
2777 3809 3074 3883 properans
3114 3812 3302 3893 venio.
3348 3811 3682 3882 Quapropter

2090 3877 2405 3959 hocscictss,
2436 3877 2759 3937 miserabilis
3029 3889 3226 3938 vestrae
3261 3877 3517 3938 occasum
3546 3877 3676 3937 eon-

2091 3953 2341 4022 tristatus
2363 3962 2649 4022 exspecto:
2676 3962 2724 4006 es
2747 3953 3048 4022 principem
3074 3961 3334 4014 vestrum.
3348 3966 3678 4022 proquopu-

2090 4019 2305 4087 gnaturi
2340 4019 2579 4093 venistis,
2614 4019 2765 4078 vobis
2789 4019 3009 4093 ligatum
3038 4019 3492 4093 ostendamJ‘ion
3514 4019 3680 4092 igitur

2090 4102 2276 4156 proco
2297 4092 2450 4162 vobis
2481 4092 2570 4162 hic
2612 4092 2841 4161 expedit
2858 4102 2968 4146 tam
3013 4107 3332 4162 supervacue
3374 4092 3676 4157 decertare,

2089 4173 2250 4239 quem
2273 4158 2479 4239 forsan
2492 4161 2614 4239 jam
2651 4158 2865 4239 comtat
2907 4158 3217 4239 nostrorum
3258 4161 3468 4239 insidiis
3496 4163 3681 4239 inter—

2091 4227 2238 4284 iisse.
2270 4230 2341 4302 Et
2363 4227 2515 4301 quod
2535 4233 2754 4302 gravius
2779 4241 2883 4300 est,
2908 4233 3035 4288 dum
3064 4232 3543 4302 patueritivictoria
3574 4248 3675 4287 no-

2090 4306 2226 4363 stra,
2253 4300 2398 4355 nulla
2421 4302 2525 4357 erit
2544 4300 2628 4358 'de
2670 4304 2880 4372 reliquo
2908 4300 3081 4358 \obis’
3098 4302 3272 4356 venia.
3309 4301 3437 4357 llaec
3468 4301 3674 4366 dicens,

2091 4377 2400 4425 nostrorum
2428 4373 2637 4427 animos
2666 4390 2773 4427 non
2796 4373 2968 4429 solum
3001 4388 3109 4427 non
3138 4373 3351 4437 terruit,
3381 4372 3479 4428 sed
3497 4372 3679 4428 acrius

2092 4439 2147 4495 in
2172 4440 2451 4512 pimliandi
2478 4440 2716 4497 furorem
2742 4444 3007 4498 accendit.
3050 4442 3418 4512 Propinqnant
3459 4443 3529 4497 ad
3554 4458 3677 4497 mw-

2092 4525 2231 4583 rum.
2269 4510 2461 4565 Acrius
2484 4527 2646 4581 quam
2667 4522 2945 4583 ceperant,
2986 4513 3041 4567 in
3066 4510 3317 4583 bellando
3342 4512 3673 4568 consistunt:

2092 4578 2409 4652 acriterque,
2428 4578 2751 4638 consertum
2774 4578 3033 4639 innovant
3055 4582 3319 4652 prmlium.

2164 4649 2377 4724 15.AHis
2398 4651 2565 4724 igitur
2584 4655 2715 4707 actis
2735 4670 2828 4723 per
2860 4654 3031 4724 spatia
3056 4649 3238 4708 totius
3262 4652 3388 4718 diei,
3420 4668 3524 4708 nox
3552 4661 3675 4706 tan-

405 4716 703 4793 eonsistitis
725 4715 1007 4771 morituri?
1032 4715 1142 4793 C_ur
1160 4714 1302 4771 lares
1315 4717 1565 4785 proprios
1585 4714 1992 4793 neure'petitis‘i
2020 4733 2069 4792 ι)
2092 4720 2217 4793 dem
2253 4714 2627 4792 tinem'pmlio
2648 4714 2813 4779 dedit.
2841 4714 2899 4793 ln'
2923 4724 3039 4793 ipso
3064 4731 3245 4778 tamen
3268 4714 3445 4792 primo
3467 4724 3677 4778 fervore

404 4800 476 4842 an
501 4784 643 4843 forte
669 4788 687 4824 ί
721 4800 906 4842 casum
929 4785 1120 4841 mortis
1143 4793 1271 4842 ante
1295 4784 1497 4855 tcmpas
1518 4784 1992 4854 excipere'vultis?
2020 4784 2059 4792 '
2092 4790 2220 4859 diei,
2244 4806 2367 4846 cum
2391 4784 2567 4850 adhuc
2586 4795 2754 4849 nostri
2778 4784 3094 4864 infatigabili
3126 4784 3325 4849 virtute
3346 4794 3401 4848 in
3428 4793 3677 4864 pnelian-

1915 4883 1963 4938 N
1971 4878 2154 4939 ΟΤΑΞ.

482 4984 507 5011 ο
534 4968 622 5033 F.,
652 4969 821 5024 dolos.

481 5039 509 5079 δ
536 5039 595 5094 In
625 5041 747 5095 eod.
771 5039 922 5094 deest
947 5040 1077 5093 suis.

483 5122 505 5149 ε
538 5109 662 5180 ξιξ..
691 5118 924 5180 patentes
951 5108 1204 5178 pericula.

480 5180 507 5219 ά
536 5178 624 5250 F.,
652 5178 980 5250 oppetientes.

486 5261 512 5291 ο
541 5248 643 5315 ld.,
671 5248 900 5318 refusus.

486 5320 506 5359 ί
538 5318 661 5384 Ms.,
691 5318 900 5373 ictibus.

485 5392 511 5430 ε
538 5387 628 5455 F.,
658 5396 711 5444 et
728 5388 795 5444 ab
823 5387 948 5445 illis.

482 5461 509 5500 ιι
542 5459 643 5525 ld.,
665 5460 989 5529 jacerentur.

491 5532 507 5603 ξ
540 5530 598 5603 l_l_l
634 5545 737 5585 ms.
775 5531 924 5603 deest
947 5545 1095 5601 requa
1120 5530 1268 5584 lance
1290 5531 1354 5583 ab
1378 5531 1613 5603 utrisque
1634 5533 1924 5602 pra’liatur.

488 5597 503 5669 ᾇ
672 5600 907 5669 ancipiti.

483 5666 508 5705 ι
548 5666 672 5735 Ms.,
704 5666 882 5739 quam.

2173 4973 2190 5014 ι
2224 4975 2310 5048 ᾗ,
2336 4983 2589 5048 paruerit.

2166 5057 2207 5084 ω
2233 5046 2358 5113 Μεζ,
2385 5061 2704 5106 eventurum.

2169 5126 2194 5152 η
2225 5115 2313 5182 F.,
2340 5124 2715 5182 superventuri.

2170 5194 2194 5220 °
2224 5185 2782 5262 ld.:APrapinquantes
2820 5192 2889 5244 ad
2919 5207 3125 5245 murum
3165 5191 3340 5246 acrius
3362 5202 3531 5261 ‘quaut
3576 5205 3680 5243 ru:-

2095 5266 2299 5328 perant,
2334 5258 2390 5312 in
2422 5258 2684 5328 bellando,
2715 5270 2820 5317 etc.

2174 5337 2199 5375 ρ
2223 5326 2323 5392 ld.,
2349 5345 2442 5449 per
2460 5332 2651 5400 spatia.

2174 5407 2198 5445 τι
2228 5396 2328 5449 ld..
2387 5398 2651 5449 Vandemn

2171 5407 2198 5445 τι
2228 5396 2328 5463 ld.,
2350 5396 2796 5456 W'andemarum.

2173 5476 2193 5502 τ
2223 5466 2324 5531 l',l.,
2349 5469 2452 5521 sui.

2171 5547 2190 5607 5
2224 5536 2322 5607 ld.,
2350 5540 2690 5607 perrenirent.

2176 5606 2193 5642 ι
2224 5606 2359 5676 Ms”,
2374 5617 2466 5663 aut
2496 5609 2648 5680 forte,
2679 5617 2784 5666 etc.
