4028 6176
476 371 586 429 785

1602 360 1659 414 S.
1698 356 1963 415 JULlANl
2004 356 2308 412 EPISCOPI
2345 354 2687 412 TDLETANI

3646 344 3756 403 783

1773 470 2050 527 TEXTL'S
2088 468 2481 524 LEGITIMUS.

474 578 648 633 virtus
703 567 875 642 patuit
926 565 1222 638 prmliandi.

474 665 830 725 decertarent,
857 665 913 713 et
955 656 1166 712 hostem
1202 655 1343 708 intra
1378 654 1568 709 urbem
1618 651 1833 708 diverso
1876 663 2070 722 genere

473 766 748 809 armorum
801 747 1168 811 confoderent,
1228 744 1472 814 plerique
1508 744 1573 799 de
1619 750 1857 799 externa)
1894 740 2068 812 gentis

472 842 782 911 hominibus
839 838 1039 893 acriter
1095 834 1384 897 vulnerati,
1433 841 1741 887 nostrorum
1814 831 2066 885 virtutem

470 931 676 1001 pariter
701 938 758 984 et
801 924 1158 981 constantiam
1206 923 1555 987 admirantes,
1611 921 1836 976 Paulum
1886 916 2064 975 adorsi

471 1028 617 1075 sunt.
663 1038 682 1070 ι
712 1016 829 1072 Non
851 1015 995 1069 illam
1025 1028 1186 1083 quam
1217 1012 1434 1068 dicebas
1464 1013 1515 1066 in
1564 1011 1755 1069 Gothis
1786 1010 2067 1081 praaliandi

470 1109 751 1180 segnitiem
777 1106 1064 1161 cernimus.
1091 1103 1307 1157 Multam
1357 1104 1502 1157 enim
1538 1104 1591 1157 in
1618 1103 1723 1158 illis
1764 1101 2063 1165 audaciam,

466 1208 521 1254 et
558 1197 803 1252 vincendi
827 1192 1189 1269 constantiam
1211 1192 1641 1259 videmus.llzec
1685 1207 1804 1261 qua:
1849 1190 2064 1258 excepi-

466 1304 587 1343 mus
609 1287 833 1341 vulnera
857 1285 1089 1339 docent:
1122 1282 1264 1336 inter
1288 1290 1485 1337 caetera
1521 1290 1634 1336 tam
1661 1282 1867 1336 validos
1883 1278 2065 1348 jactus

466 1379 758 1434 in-hostem
796 1374 1104 1446 projiciunt,
1140 1381 1201 1428 ut
1236 1382 1362 1427 ante
1408 1371 1591 1442 fragor
1618 1373 1731 1443 ipse
1773 1373 2062 1437 deterreat,

464 1482 625 1536 quam
647 1466 924 1536 percussio
975 1466 1142 1519 vitam
1185 1465 1511 1530 exstinguat.
1547 1483 1566 1516 ο
1593 1463 1834 1531 Quorum
1865 1462 2064 1517 Paulus

462 1555 759 1614 deterritus
782 1556 980 1618 verbis,
1010 1554 1290 1624 multiplici
1317 1552 1647 1624 jamjamque
1672 1553 2063 1623 desperationis

461 1648 641 1718 iaculo
676 1647 1047 1718 frangebatur.

535 1738 623 1793 18.
646 1738 752 1794 Sed
775 1739 901 1793 dum
928 1735 1101 1791 nostri
1132 1735 1469 1790 constantius
1497 1734 1833 1789 dominantes
1854 1747 1903 1800 α,
1957 1734 2067 1792 vic-

464 1827 705 1884 toriamb
735 1841 887 1881 suam
930 1825 1281 1880 recrastinari
1303 1824 1564 1887 dolerent,
1588 1824 1784 1879 acriori
1806 1824 2062 1881 animosi-

1304 562 1439 618 Cum
1491 562 1634 617 enim
1680 562 1808 617 totis
1866 560 2070 616 viribus
2098 565 2142 619 Δ
2172 558 2422 614 claustris
2441 556 2621 629 (Fors.
2634 555 3174 628 castris)‘Arenarum
3194 553 3264 609 ob
3285 552 3518 623 praedam
3530 549 3756 621 propin-

2169 661 2363 717 quasse
2386 655 2779 717 cognoverant,
2812 660 2878 701 eo
2903 644 3024 700 illos
3065 642 3277 700 facilius
3323 648 3755 711 prosternerent,

2165 753 2302 809 quos
2325 737 2523 794 divisos
2548 752 2649 792 nec
2672 737 2805 792 duos
2826 736 2881 790 in
2919 751 3084 790 unum
3112 734 3314 805 pariter
3365 730 3717 786 invenissent.
3734 726 3759 752 δ

2238 830 2323 883 l9.
2376 828 2560 899 Surgit
2599 829 2762 884 etiam
2834 843 2974 884 nova
3015 830 3040 869 8
3095 828 3239 881 inter
3282 825 3568 880 seditiosos
3610 823 3766 893 ipsos

2165 922 2375 983 seditio,
2404 928 2458 975 et
2480 922 2604 976 dum
2651 921 2955 991 suspicione
2996 916 3316 989 proditionis
3356 916 3504 971 cives
3536 915 3636 985 ipsi
3669 914 3763 970 vel

2166 1012 2357 1068 incolm
2374 1014 2445 1067 ad
2471 1027 2690 1067 suorum
2717 1012 2928 1081 aliquos
2952 1009 3286 1081 refugerunt,
3318 1007 3497 1074 gladio
3523 1007 3762 1070 vindice,

2165 1105 2265 1159 bos
2296 1105 2346 1158 in
2378 1104 2576 1173 quibus
2608 1102 2844 1172 suspicio
2886 1101 3217 1164 vertebatur,
3247 1098 3564 1152 interimunt
3617 1111 3634 1150 ε
3683 1097 3763 1151 ita

2165 1201 2224 1247 ut
2254 1192 2449 1247 Paulus
2476 1191 2590 1261 ipse
2624 1192 2899 1262 proprium
2921 1190 3206 1260 quemdam
3229 1203 3260 1242 e
3287 1187 3402 1242 suis
3428 1187 3763 1242 ethsuorum

2165 1282 2416 1337 manibus
2440 1289 2565 1335 ante
2592 1296 2650 1336 se
2667 1280 2904 1351 iugulari
2927 1278 3280 1349 prospiciens,
3304 1292 3461 1351 suum
3492 1290 3612 1331 esse
3635 1289 3763 1328 vcr-

2163 1373 2349 1427 nulum
2382 1370 2397 1409 ί
2429 1370 2759 1425 lamentabili
2791 1386 2924 1425 voce
2948 1369 3229 1433 clamaret,
3264 1382 3364 1422 nec
3408 1367 3490 1422 sic
3538 1366 3767 1421 moritu-

2163 1477 2226 1518 ro
2252 1462 2305 1517 in
2333 1461 2516 1530 aliquo
2559 1459 2893 1516 subveniret.
2931 1457 3052 1513 Jam
3085 1465 3265 1511 tamen
3313 1463 3368 1510 et
3406 1454 3521 1525 ipse
3566 1468 3765 1509 exsan-

2163 1554 2283 1623 guis
2306 1568 2371 1607 ac
2395 1553 2779 1607 tremebundus
2802 1550 3044 1616 effectus,
3083 1564 3114 1603 a
3135 1549 3249 1604 suis
3292 1546 3423 1617 ipsis
3462 1546 3766 1602 contemni-

2163 1653 2272 1711 tur,
2295 1646 2327 1680 ἐι
2362 1652 2425 1699 ut
2454 1645 2742 1700 obsecrare
2772 1644 2923 1699 illum
2947 1642 3129 1712 potius
3150 1656 3311 1711 quam
3354 1640 3618 1710 imperare
3650 1653 3763 1692 ac.

2163 1737 2295 1792 teris
2323 1737 2616 1792 extimares
2646 1733 2691 1789 i.
2717 1734 2899 1790 *Nam
2929 1741 3212 1802 suspectus
3244 1729 3358 1799 jam
3384 1731 3498 1801 ipse
3521 1730 3588 1784 ab
3612 1728 3766 1783 hbeo.

2162 1826 2230 1882 lis
2256 1841 2378 1881 cum
2415 1826 2626 1882 cmteris
2650 1825 2743 1896 qui
2777 1826 2844 1880 de
2867 1823 3126 1893 Hispania
3151 1837 3275 1878 cum
3306 1820 3399 1875 illo
3426 1833 3767 1875 commeave-

465 1925 578 1972 tate
599 1917 914 1987 insurgunt:
932 1914 1104 1969 victos
1127 1930 1185 1969 se
1207 1929 1303 1984 per
1324 1914 1503 1969 omnia
1526 1914 1863 1983 deputantes,
1888 1914 1932 1970 si
1954 1916 2061 1970 cito
2088 1906 2137 1967 Β
2165 1924 2304 1982 rant,
2335 1916 2652 1980 habebatur,
2682 1929 2750 1969 ne
2778 1913 2870 1969 ille
2896 1912 2964 1968 ad
2991 1911 3366 1967 liberationem
3392 1910 3479 1965 sui
3500 1909 3757 1964 traditio-

464 2022 574 2061 non
602 2006 897 2061 vincerent.
927 2004 1080 2060 Unde
1126 2002 1375 2058 ferociori
1421 2018 1582 2072 quam
1623 2002 1837 2058 fuerant
1885 2004 2066 2059 incen-

464 2095 926 2159 sionevcommoti,
959 2110 1131 2163 usque
1162 2093 1216 2147 in
1246 2094 1436 2148 horam
1493 2092 1606 2148 fere
1661 2094 1765 2148 diei
1822 2094 2066 2162 quintam

462 2184 737 2241 continuis
757 2183 1065 2252 praeliorum
1105 2182 1303 2236 ictibus
1346 2182 1542 2235 rizmnia
1575 2181 1807 2236 civitatis
1834 2180 2061 2245 illidunt,

462 2275 669 2329 imbres
686 2272 925 2343 lapidum
946 2286 1066 2325 cum
1092 2269 1297 2338 ingenti
1320 2268 1531 2340 fragore
1554 2257 1847 2335 dimiitunt,
1871 2284 2067 2340 suppo-

462 2363 570 2419 sito
594 2363 715 2433 igne
738 2369 922 2431 portas
948 2360 1260 2425 incendunt,
1278 2375 1555 2413 murorum
1579 2359 1811 2414 aditibus
1844 2360 2065 2415 minutis

464 2453 788 2521 irrumpunt.
813 2451 1016 2505 Deinde
1045 2450 1322 2504 civitatem
1345 2450 1578 2520 gloriose
1606 2450 1890 2515 intrantes,
1920 2451 2063 2504 viam

464 2543 566 2601 sibi
596 2542 739 2597 ferro
773 2540 1039 2613 aperiunt.
1069 2539 1140 2594 At
1167 2540 1259 2593 ubi
1292 2538 1501 2595 feroces
1525 2548 1829 2594 nostrorum
1856 2540 2065 2595 animos

465 2637 735 2689 sustinere
757 2646 864 2686 non
886 2638 1135 2700 possunt,
1161 2630 1301 2683 intra
1313 2628 1541 2694 Arenas,
1555 2645 1675 2699 quae
1687 2628 1932 2683 validiori
1950 2645 2065 2682 nui-

463 2736 527 2777 ro
551 2720 872 2790 antiquioris
892 2718 1103 2774 mdificii
1121 2729 1142 2756 ο
1161 2718 1486 2788 cingebantu
1497 2733 1544 2783 r,
1570 2732 1627 2771 se
1644 2717 1961 2772 muniendos
1983 2718 2065 2771 in-

464 2804 705 2859 cludunt.
722 2801 827 2858 Sed
841 2801 934 2856 ubi
956 2802 1129 2855 visum
1146 2809 1229 2854 est
1251 2800 1357 2853 illis
1377 2800 1637 2869 quosdam
1657 2815 1687 2853 a
1706 2799 1907 2855 nostris
1927 2798 1953 2838 ει
1983 2799 2065 2854 ἰη-

464 2892 639 2963 sequi,
682 2892 776 2963 qui
808 2906 867 2947 se
897 2891 950 2946 in
983 2889 1220 2959 praedam
1247 2889 1599 2955 involverunt,
1636 2890 1780 2946 illico
1804 2888 2063 2961 praeventi

465 2992 755 3054 antequam
782 2996 842 3037 se
862 2982 919 3036 in
944 2989 1122 3036 castro
1148 2981 1237 3036 illo
1258 2981 1559 3037 Arenarnm
1578 2985 1899 3053 reciperent,
1909 2983 2067 3053 jugu-

464 3077 557 3130 lati
586 3082 732 3130 sunt.
781 3072 1031 3144 Plerique
1079 3079 1259 3126 tamen
1312 3080 1619 3128 nostrorum
1665 3088 1697 3127 e
1739 3074 1915 3144 vulgo,
1973 3076 2064 3143 qui

466 3168 660 3236 praida:
689 3165 962 3221 inhiantes
1000 3162 1341 3229 exstiterant,
1375 3162 1534 3233 gladii
1565 3165 1913 3234 pervcntione
1931 3180 2061 3218 con-

2171 2021 2294 2062 nem
2320 2022 2507 2063 eorum
2553 2006 2913 2077 excogitaret;
2971 2003 3193 2072 Hispani
3244 2016 3374 2057 vero
3418 2016 3487 2056 ne
3523 2002 3765 2072 irrogata

2167 2093 2356 2151 incolis
2379 2105 2550 2151 morte
2572 2096 2865 2149 transirent
2876 2094 2944 2148 ad
2966 2093 3284 2163 principem.
3314 2091 3451 2158 Quid
3472 2090 3676 2145 multa?
3702 2090 3765 2145 fit

2168 2186 2306 2261 inire
2332 2187 2520 2241 urbem
2558 2184 2867 2243 miserabile
2889 2182 3255 2252 spectaculum
3284 2181 3585 2251 praeliandi.
3604 2180 3763 2236 Utro-

2166 2276 2480 2346 biqnecadit
2497 2275 2928 2346 pestilentiarum
2950 2282 3187 2337 caterva,
3213 2272 3502 2342 utrobique
3522 2280 3761 2342 proster-

2167 2368 2333 2433 nitur,
2361 2367 2646 2434 utrobique
2673 2364 2836 2419 etiam
2862 2363 3142 2435 iugulatur
3158 2378 3173 2417 :
3192 2363 3408 2433 quando
3430 2362 3530 2432 ipsi
3546 2362 3757 2432 quinae

2163 2464 2401 2511 strorum
2421 2454 2626 2525 gladios
2652 2452 3000 2523 effugiebant,
3031 2467 3251 2508 suorum
3276 2451 3453 2522 gladio
3479 2450 3751 2521 peribant.

2165 2546 2423 2615 Repletur
2447 2546 2629 2614 itaque
2651 2544 2844 2598 civitas
2863 2544 3124 2613 permisto
3149 2542 3360 2608 funere,
3407 2550 3463 2597 et
3498 2540 3760 2596 mortium

2164 2633 2517 2690 cadaveribus
2537 2635 2895 2689 humanorum
2910 2634 2960 2686 ιι.
2983 2636 3012 2668 ⁸
3026 2632 3356 2703 Quocunque
3377 2633 3659 2689 oculon
3681 2633 3764 2686 vi—

2166 2737 2260 2777 sus
2278 2729 2607 2785 excurreret,
2632 2723 2704 2776 ita
2722 2723 2969 2776 humanae
2991 2731 3218 2793 strages,
3232 2730 3294 2777 ut
3310 2722 3479 2779 occisi
3508 2722 3765 2792 patebant

2168 2810 2479 2865 animalium
2498 2825 2691 2881 greges
2721 2809 2763 2863 ι.
2787 2810 3030 2880 Compita
3052 2811 3261 2866 viarum
3285 2810 3444 2881 plena
3469 2812 3758 2875 cadavere,

2166 2901 2431 2970 reliquum
2449 2910 2607 2956 teme
2630 2910 2943 2957 concretum
2964 2903 3225 2973 sanguine
3247 2911 3387 2958 erat.
3415 2906 3431 2925 '
3457 2902 3767 2957 Miserabile

2167 2992 2326 3046 funus
2366 2994 2586 3061 patebat
2636 2993 2689 3047 in
2735 2994 3003 3058 domibus,
3036 3002 3091 3049 et
3136 2994 3226 3049 ubi
3267 2993 3551 3049 domorum
3582 2994 3764 3048 abdita

2161 3080 2567 3148 perlustrasses,
2588 3078 2831 3149 iacentes
2853 3092 2892 3120 ω
2914 3091 3159 3137 mortuos
3182 3082 3469 3152 reperires.
3524 3082 3629 3136 Per
3648 3082 3766 3135 vias

2168 3184 2380 3239 quoque
2400 3169 2549 3223 urbis
2569 3168 2753 3237 jacere
2778 3169 3055 3225 hominum
3076 3171 3336 3226 cadavera
3359 3178 3635 3235 cerneres,
3658 3169 3764 3225 mi-

469 3248 564 3317 cisi
603 3272 627 3301 ο
653 3269 805 3319 sunt.
840 3265 857 3285 ⁶
877 3259 994 3316 Νοη
1017 3273 1124 3328 quo
1147 3258 1353 3329 patenti
1376 3258 1393 3297 ί
1414 3259 1612 3312 virtute
1636 3259 1777 3312 inter
1797 3259 2057 3328 plurimos
2084 3242 2130 3304 (ἶ
2160 3259 2281 3312 nari
2301 3259 2532 3328 quodam
2556 3259 2727 3323 vultu,
2745 3270 2800 3314 et
2827 3259 3108 3315 ferocitate
3128 3262 3359 3331 quadam
3382 3262 3625 3327 immani,
3645 3270 3765 3316 lan-

464 3351 567 3408 hoc
588 3356 884 3423 patrarent,
909 3352 1003 3406 sed
1046 3350 1198 3420 quasi
1230 3350 1667 3405 latrocinantinm
1699 3366 1868 3415 more,
1921 3366 2057 3420 quos

2158 3365 2320 3418 quam
2352 3349 2528 3403 adhuc
2551 3350 2607 3403 in
2636 3350 2748 3418 ipsa
2782 3350 3045 3406 bellorum
3072 3352 3193 3406 acie
3236 3351 3417 3422 positi.
3476 3352 3606 3406 Erat
3629 3362 3659 3390 ιι
3684 3360 3764 3405 ιτς-

1775 3443 2055 3499 TEXTUS
2093 3441 2453 3498 TUDENSIS.

463 3548 568 3600 tes,
598 3534 823 3590 Paulum
859 3532 1038 3602 adorsi
1073 3542 1199 3587 sunt
1235 3533 1460 3587 dicentes
1482 3548 1503 3586 :
1558 3531 1675 3588 Non
1715 3533 1861 3588 illam
1896 3549 2058 3602 quam

464 3607 700 3669 dicebas,
760 3606 815 3657 iu
859 3601 1075 3658 Gottbis
1123 3602 1349 3656 bellandi
1398 3603 1678 3672 segnitiem
1742 3601 2056 3658 cernimus:

464 3676 689 3730 multam
710 3672 852 3727 enim
882 3674 934 3726 in
962 3673 1068 3726 illis
1094 3672 1374 3727 audaciam
1425 3682 1480 3726 et
1513 3674 1758 3727 vincendi
1814 3673 2059 3727 videmus

466 3743 850 3800 constantiam.
903 3742 1029 3795 Haec
1067 3757 1188 3808 qum
1235 3742 1534 3809 excipimus
1564 3742 1786 3797 vulnera
1837 3741 2055 3805 docent,

463 3813 602 3881 quod
629 3819 738 3881 tam
776 3810 982 3881 validos
1014 3811 1146 3862 ictus
1171 3810 1222 3862 in
1251 3812 1455 3864 hostem
1490 3811 1798 3878 projicinnt,
1840 3820 1889 3864 et
1933 3819 2059 3865 ante

467 3878 648 3950 fragor
672 3880 790 3950 ipse
804 3878 1044 3950 deterret,
1061 3893 1220 3950 quam
1236 3881 1513 3950 percussio
1534 3883 1713 3950 vitam,
1729 3881 2055 3950 exstinguat.

466 3945 733 4018 Quorum_
763 3945 961 4018 Paulus
1014 3946 1308 4018 deterritus
1342 3949 1541 4012 verbis,
1569 3949 1851 4018 multiplici
1873 3945 2061 4017 despe-

467 4013 693 4072 rationis
714 4013 893 4082 jaculo
915 4014 1259 4084 frangebatur
1283 4022 1329 4065 ο.

543 4086 629 4140 18.
667 4084 842 4138 Gottlti
894 4099 1013 4138 vero
1045 4084 1380 4139 constantius
1408 4084 1738 4148 dimicantes,
1775 4087 2058 4141 victoriam

473 4170 622 4215 :uam
704 4152 1051 4207 recrastinari
1121 4151 1373 4218 dolentes,
1454 4154 1649 4207 acriori
1717 4155 2061 4211 animositate

466 4226 754 4294 insurgunt
784 4224 956 4294 {ictos
980 4237 1039 4294 se
1059 4238 1157 4294 per
1174 4222 1355 4294 omnia
1393 4232 1709 4294 repedantes,
1735 4226 1781 4279 si
1816 4226 1925 4279 cito
1952 4241 2057 4280 non

463 4290 763 4349 vincerent.
792 4290 944 4347 Unde
986 4290 1237 4346 ferociori
1286 4290 1457 4360 quam
1498 4291 1709 4347 fuerant
1752 4295 2061 4351 incensione

466 4362 744 4425 commoti,
765 4376 938 4430 usque
976 4362 1028 4414 in
1091 4363 1277 4416 horam
1332 4362 1438 4416 diei
1490 4362 1733 4431 quintam
1789 4364 2059 4420 continuis

502 4430 774 4488 meliorum
809 4432 1006 4486 ictibus
1040 4448 1221 4486 muros
1280 4430 1523 4486 civitatis
1561 4432 1771 4487 illidunt
1799 4448 1819 4486 ι
1855 4434 2059 4489 imbres

483 4503 701 4572 apidum
725 4499 1072 4572 [uadibulan‘i
1107 4517 1230 4554 cum
1261 4501 1461 4571 ingenti
1517 4500 1729 4571 fragore
1759 4504 2055 4568 dimittunt,

464 4570 846 4639 suppositoque
881 4570 1001 4639 igne
1022 4579 1209 4639 portas
1230 4570 1521 4625 incendunt
1539 4582 1587 4624 et
1612 4570 1790 4626 usuros
1814 4584 1841 4623 P
1861 4574 2059 4628 irrum-

463 4648 616 4710 punt.
652 4639 852 4710 Deinde
885 4639 1161 4710 civitatem
1197 4641 1427 4710 gloriose
1462 4641 1743 4703 intrantes,
1783 4643 1926 4696 viam
1953 4645 2055 4700 sibi

464 4707 611 4763 i‘erro
634 4708 901 4776 aperiunt.
924 4707 994 4760 At
1017 4709 1107 4762 ubi
1123 4707 1330 4764 feroces
1363 4718 1672 4764 nostrorum
1695 4713 1905 4767 animos
1939 4729 2058 4767 sus-

463 4781 637 4832 tinene
663 4791 770 4847 non
790 4788 1036 4845 possunt,
1062 4778 1204 4831 intra
1232 4781 1457 4841 Arenas,
1482 4795 1603 4847 quae
1631 4781 1874 4835 validiori
1903 4798 2056 4837 muro

462 4846 786 4918 antiquioris
808 4847 1021 4918 aedilicii
1049 4848 1422 4918 cingebantur,
1454 4846 1516 4903 se
1538 4849 1857 4905 muniendos
1886 4853 2054 4907 inclu-

2159 3533 2503 3602 imequentes,
2556 3532 2731 3602 plures
2796 3549 2973 3603 eorum
3034 3543 3325 3603 antequam
3370 3551 3433 3590 se
3488 3537 3543 3590 in
3584 3547 3761 3593 castro

2158 3603 2459 3676 ixi-enarum
2516 3604 2851 3676 reciperent,
2919 3602 3101 3672 gladio
3147 3602 3364 3676 ancipiti
3412 3620 3759 3676 peremerunt-

2159 3671 2409 3744 Plerique
2436 3679 2611 3744 tamen
2638 3687 2684 3744 e_
2702 3672 2862 3743 vulgo
2892 3671 3222 3739 nostrorum,
3250 3671 3343 3743 qui
3363 3671 3566 3744 praeda;
3588 3677 3764 3729 inhia-

2160 3742 2302 3804 bant,
2331 3740 2509 3809 gladio
2536 3741 2740 3797 concisi
2774 3740 2921 3797 sunt.

2230 3811 2317 3864 19.
2352 3810 2538 3879 Surgit
2558 3820 2607 3864 et
2638 3827 2777 3866 nova
2814 3813 2955 3865 inter
2976 3812 3264 3868 seditiosos
3290 3814 3486 3868 seditio
3511 3829 3530 3867 :
3554 3821 3612 3868 et
3633 3814 3757 3868 dum

2156 3880 2505 3952 suspicionem
2531 3880 2854 3952 proditionis
2879 3883 3030 3952 cives
3064 3883 3165 3952 ipsi
3196 3883 3280 3936 vel
3305 3884 3499 3939 incola
3547 3885 3617 3938 ad
3638 3899 3761 3937 suo-

2160 3949 2800 4023 rumal‘iquosreferunt,
2840 3951 3020 4023 gladio
3064 3949 3276 4023 vindice
3324 3953 3425 4008 hos
3467 3954 3520 4007 in
3567 3953 3761 4023 quibus

2158 4019 2396 4093 suspicio
2417 4020 2746 4093 vertebatur,
2776 4019 3113 4093 interimunt.
3140 4021 3273 4076 Erat
3299 4023 3557 4093 siquidem
3586 4019 3757 4093 Belide

2158 4088 2496 4162 perturbatio,
2516 4091 2588 4144 ita
2609 4098 2669 4143 ut
2684 4091 2879 4144 Paulus
2896 4093 3172 4162 proprium
3199 4088 3488 4161 quemdam
3513 4092 3583 4146 de
3604 4092 3756 4145 suis!

2159 4157 2407 4211 manibus
2449 4173 2669 4232 suorum
2696 4167 2837 4232 ante,
2861 4157 2920 4232 se
2951 4157 3187 4232 iugulari
3211 4157 3576 4232 prospiciens,
3602 4177 3755 4213 suum

2160 4241 2278 4279 esse
2305 4227 2572 4281 aemulam
2596 4230 2925 4284 lamentabili
2946 4227 3079 4286 voce
3103 4227 3385 4294 clamaret,
3415 4246 3514 4285 nec
3538 4231 3620 4285 sic
3646 4247 3757 4284 mo-

2156 4299 2335 4351 rituro
2368 4296 2423 4369 in
2449 4298 2631 4368 aliquo
2678 4300 3008 4361 subveniret,
3042 4300 3181 4354 unde
3223 4301 3438 4369 eiectus
3466 4302 3755 4369 exsanguis

2157 4316 2335 4351 rlturo
2368 4316 2423 4349 In
2449 4316 2631 4368 anque
2678 4316 3008 4361 subveniret,
3042 4316 3181 4354 uuae
3223 4316 3438 4369 enectus
3466 4316 3597 4355 exsa
3730 4318 3753 4353 ς

2157 4375 2212 4419 et
2225 4368 2628 4439 tremebundus,
2653 4385 2683 4422 a
2700 4370 2814 4423 suis
2830 4370 2964 4439 ipsis
2976 4371 3185 4424 omnim
3208 4316 3753 4425 contemniturfgrm

2157 4443 2442 4514 suspectus
2453 4446 2509 4514 ες
2538 4437 2648 4506 ipse
2670 4440 2739 4495 ab
2766 4437 2955 4495 incolis
2980 4455 3102 4514 cum
3125 4440 3338 4514 emeris
3354 4440 3450 4510 qui
3472 4441 3541 4494 de
3568 4441 3754 4514 iiispaf

2159 4506 2247 4584 nia
2292 4518 2414 4584 cum
2452 4506 2543 4561 illo
2583 4517 3041 4584 commeaverant,
3080 4506 3413 4584 habebatur;
3575 4506 3754 4563 ille'ad

2158 4572 2531 4649 liberationem
2585 4580 2673 4649 sui
2712 4594 2900 4632 eorum
2961 4579 3296 4649 excogitaret
3355 4572 3702 4634 traditionem
3734 4594 3751 4629 :

2158 4643 2382 4729 ilispani
2407 4660 2535 4729 vero
2560 4664 2629 4701 ne
2665 4648 2904 4729 irrogata
2933 4643 3323 4729 incoiiimorte
3348 4649 3441 4729 ad_
3458 4649 3751 4728 religiosum

2159 4715 2456 4788 transirent
2479 4733 2669 4788 regem.
2697 4715 2835 4783 Quid
2859 4719 3060 4771 multa?
3081 4717 3168 4772 Fit
3191 4719 3333 4772 intra
3359 4715 3573 4781 urbem,
3598 4717 3753 4788 mise-

2085 4790 2134 4851 ι)
2160 4783 2329 4858 rabile
2356 4783 2720 4853 spectaculum
2758 4788 3035 4856 prreliandi
3063 4805 3076 4840 :
3110 4789 3401 4857 utrobique
3423 4789 3572 4842 cadit
3603 4785 3754 4858 perﬁ-

2157 4852 2347 4927 dorum
2388 4852 2637 4920 caterva,
2683 4852 2967 4925 utrobique
3021 4852 3406 4927 prosternitur.
3468 4852 3753 4925 utrobique

462 4914 615 4972 dunt:
649 4914 757 4970 Sed
779 4915 873 4970 ubi
892 4917 1059 4971 nostri
1086 4914 1184 4971 hoc
1206 4927 1591 4987 persenserunt,
1606 4929 1719 4989 post
1742 4936 1829 4975 eos
1857 4922 2061 4991 fortiter
2151 4920 2463 4992 iugulatur;
2495 4936 2544 4979 et
2565 4914 2654 4996 qui
2686 4914 2994 4981 nostrorum
3022 4914 3230 4998 gladios
3254 4914 3562 4990 evadebant,
3592 4914 3749 4980 armis

2016 5008 2245 5066 ΝΟΤᾸΞ.

539 5105 567 5134 ι
604 5091 690 5159 F.,
714 5093 1039 5149 dimicantes.

542 5161 571 5201 δ
605 5162 728 5228 Ms.,
757 5179 875 5217 cum
902 5163 1190 5227 uictoriam,
1214 5172 1319 5219 etc.

540 5241 563 5302 αξ
604 5232 692 5302 _F.,
720 5232 1100 5302 (iniquioribus
1120 5234 1381 5302 adiﬁciis,

535 5299 563 5340 δ
603 5300 703 5366 ld.,
733 5317 762 5354 e
789 5299 1000 5355 nostris.

544 5381 568 5439 γ
607 5370 708 5439 ld.,
739 5370 1085 5439 praecentione
1106 5371 1285 5427 occisi.

543 5438 563 5477 ί
604 5438 701 5507 ιιι..
730 5438 968 5507 patienti.
1602 5447 1629 5474 ι

542 5509 567 5545 ⁸
606 5506 664 5562 In
698 5521 805 5559 ms.
845 5509 997 5561 deest
1028 5523 1183 5564 non.

539 5575 566 5613 ι
608 5574 769 5626 Deest
795 5583 842 5626 et
866 5576 919 5627 in
946 5575 1010 5627 Ρ.

542 5643 557 5681 ί
604 5641 691 5702 D.,
713 5641 1002 5696 aemulam.

543 5722 557 5760 l
605 5708 694 5774 F.,
715 5708 1121 5767 eaistiutaretur.

2242 5099 2269 5139 ¹ι
2309 5102 2408 5156 Ms.
2435 5102 2800 5177 :__Repletur...
2827 5107 3008 5161 civitas
3029 5108 3277 5177 permisto
3307 5106 3491 5175 funere
3513 5105 3753 5159 mortium

2164 5180 2215 5223 et
2240 5173 2577 5226 cadaveribus
2614 5175 2986 5230 huntanorum.

2245 5240 2264 5322 ξ
2307 5242 2406 5322 Ιιεττ
2438 5253 2529 5295 aut
2553 5243 2800 5299 humatus
2825 5256 3047 5316 strages,
3069 5256 3161 5301 aut
3199 5245 3476 5317 sabjicisse
3512 5243 3749 5317 patebant

2165 5312 2420 5382 animgiia
2447 5328 2646 5382 greges.

2238 5390 2279 5418 ω
2311 5379 2412 5450 id,
2433 5379 2684 5450 patentes.

2240 5458 2270 5485 ιι
2309 5448 2395 5521 ξς,
2430 5448 2585 5521 positi
2605 5461 2795 5507 essent.
2826 5451 2982 5521 Erat,
3003 5464 3114 5512 etc.

2246 5525 2270 5553 °
2489 5519 2677 5586 illust.,
2709 5518 3015 5593 angebatur.

2245 5597 2275 5638 Ρ
2307 5589 2386 5643 lbi
2410 5589 2559 5644 deest
2583 5607 2779 5646 muros.

2244 5666 2274 5708 ει
2311 5657 2436 5725 λιι,
2459 5677 2492 5714 a
2509 5661 2639 5715 suis.
