4028 6176
406 251 512 308 785

1292 249 1469 306 lllST.
1510 245 1959 304 REBELLIONIS
1995 245 2203 302 PAULI
2239 243 2399 299 ADV.
2444 239 2780 297 WAMBAM.

3565 243 3674 301 786

530 399 543 408 -
1677 353 1955 412 TEXTUS
1991 351 2370 410 LEGITIMUS

399 465 524 508 men
552 447 705 507 color
727 446 1004 515 deformis,
1043 449 1214 504 lurida
1261 451 1436 520 pellis,
1467 451 1662 506 horror
1717 447 1988 512 immanis,
2023 451 2068 508 Α
2095 445 2239 500 nidis
2268 441 2560 498 ambitione
2581 442 2760 512 potius
2785 457 2950 512 quam
2973 441 3164 499 ordine
3186 449 3460 514 prmeunte
3487 459 3678 515 perce-

399 543 544 598 fetor
585 539 960 599 intolerabilis.
994 540 1224 608 Quidam
1253 543 1418 598 etiam
1449 543 1516 597 de
1541 543 1670 614 ipsis
1689 540 1998 609 iacentibus

401 631 654 696 mortuis,
712 630 804 700 qui
860 629 1094 686 ltrthalia
1152 640 1479 700 exceperant
1531 630 1755 684 vulnera
1806 628 1999 684 mortis

399 719 637 789 speciem
660 719 1002 784 simulabant,
1032 727 1091 774 ut
1123 719 1312 774 mortis
1356 720 1643 775 evaderent
1687 735 1902 775 causam
1925 733 1941 772 :
1967 719 2000 755 Ψ

401 823 526 863 cum
550 817 731 865 tamen
777 815 832 862 et
892 807 1132 862 vulneris
1175 805 1399 878 jugulo,
1447 816 1504 864 et
1553 807 1712 863 famis
1769 805 1998 864 confecti

401 897 556 954 clade
593 913 692 954 nec
733 899 837 970 ipsi
867 907 1094 953 mortem
1125 898 1436 965 evaderent,
1477 907 1702 969 excepto
1746 915 1874 964 uno,
1909 898 1998 954 cui

401 989 661 1044 simulare
685 995 933 1052 mortem,
978 989 1144 1042 vitam
1199 1004 1472 1045 mercasse
1520 991 1803 1060 probatum
1838 995 1940 1045 est.
1965 991 1999 1026 ¥

471 1081 565 1136 20.
604 1079 710 1136 Sed
743 1080 859 1135 haec
883 1087 936 1134 et
963 1079 1050 1136 his
1081 1079 1279 1135 similia
1315 1079 1512 1136 Paulus
1533 1079 1647 1147 jam
1677 1081 1984 1151 tyrannidis

402 1171 741 1227 immanitate
769 1169 1010 1240 deposita
1041 1186 1164 1224 cum
1192 1185 1388 1241 magno
1408 1171 1588 1226 cordis
1617 1171 1848 1241 suspirio
1877 1171 1995 1227 fieri

401 1259 738 1328 deplorabat.
769 1273 893 1313 cum
929 1273 1030 1313 nec
1058 1258 1200 1312 hosti
1231 1259 1507 1324 resistere,
1544 1274 1644 1313 nec
1667 1259 1780 1314 suis
1807 1267 1998 1328 posset

403 1348 516 1404 ullo
544 1347 706 1404 modo
737 1347 1044 1403 subvenire.
1093 1347 1336 1403 Accessit
1373 1355 1556 1403 tamen
1590 1347 1658 1402 ad
1687 1363 1808 1404 eum
1831 1347 2000 1403 insul-

404 1447 619 1495 taturus
640 1438 717 1493 illi
742 1437 828 1492 vir
849 1437 1070 1507 quidam
1096 1451 1128 1493 e
1157 1452 1254 1492 sua
1285 1445 1439 1493 ortus
1464 1437 1688 1492 familia.
1720 1437 1860 1504 Quid
1887 1437 1994 1503 hic,

404 1529 504 1594 ait,
537 1527 784 1583 assistis?
813 1526 918 1583 Ubi
944 1536 1071 1582 sunt
1095 1526 1391 1582 consiliarii
1413 1527 1512 1591 tui,
1551 1528 1644 1596 qui
1675 1534 1730 1582 te
1761 1527 1828 1582 ad
1855 1526 1999 1581 istud

403 1617 774 1688 perduxerunt
799 1629 827 1658 ι
853 1617 1179 1672 calamitatis
1220 1617 1548 1674 ludibrium?
1579 1617 1717 1684 Quid
1754 1618 1847 1672 libi
1873 1632 1999 1687 pro-

405 1709 508 1764 fuit
531 1715 721 1764 contra
758 1717 879 1764 tuos
926 1709 1228 1780 insurgere,
1282 1725 1405 1765 cum
1449 1725 1552 1765 nec
1596 1709 1714 1776 tibi,
1762 1724 1863 1765 nec
1891 1709 2000 1764 tuis

2099 540 2335 603 ceperat,
2383 530 2683 587 tabefactus
2731 531 2996 600 deposuit.
3045 529 3181 588 Miro
3221 533 3542 603 occultoque
3583 536 3682 591 Dei

2089 620 2295 691 judicio
2327 622 2383 676 id
2420 627 2633 692 agente,
2663 627 2724 674 ut
2749 621 2939 677 eodem
2961 620 3052 680 die
3077 630 3390 692 perceptum
3420 631 3682 693 tyrannus

2097 731 2321 786 regnum
2359 715 2668 786 deponeret,
2699 729 2807 784 quo
2836 714 3120 785 religiosus
3143 715 3396 785 princeps
3425 718 3686 788 regnandi

2097 817 2368 878 sceptrum
2397 823 2428 862 a
2455 807 2684 863 Domino
2723 807 3073 876 percepisset.
3111 807 3243 861 Erat
3279 808 3422 862 enim
3453 809 3569 864 dies
3597 809 3687 864 illa

2099 899 2460 954 Kalendarum
2481 898 2897 968 Septembrium,
2923 899 2976 953 in
2997 914 3104 968 qua
3119 899 3418 968 principem
3441 909 3690 957 nostrum

2097 989 2306 1060 pridem
2346 988 2375 1028 ἀ
2427 989 2712 1044 constabat
2759 989 2940 1059 regale
2983 989 3340 1059 assumpsisse
3387 988 3685 1061 fastigium.

2097 1078 2226 1134 Haec
2263 1093 2391 1148 ergo
2423 1086 2508 1133 est
2541 1077 2678 1142 dies,
2719 1077 2774 1131 in
2803 1091 2908 1146 qua
2935 1076 3163 1130 revoluti
3193 1077 3321 1130 anni
3355 1078 3532 1132 orbita
3567 1079 3691 1133 red--

2097 1175 2278 1231 eunte,
2326 1168 2554 1238 irruptio
2595 1167 2772 1238 patuit
2814 1167 2984 1222 urbis.
3018 1167 3076 1222 in
3103 1167 3206 1221 hac
3251 1176 3577 1237 praesumpta
3605 1181 3630 1207 ο
3658 1185 3698 1226 a.

2099 1267 2330 1330 tyranno
2376 1257 2572 1328 regalis
2617 1256 2908 1328 deponitur
2936 1257 3140 1322 vestis;
3175 1257 3230 1311 in
3257 1258 3358 1313 hac
3396 1259 3699 1328 sanguinea.

2100 1347 2329 1402 infertur
2357 1347 2489 1403 ultio
2515 1347 2770 1403 inimicis.

2168 1436 2256 1490 2i.
2296 1437 2479 1492 Tertia
2531 1436 2698 1508 igitur
2736 1445 2862 1506 post
2910 1435 3024 1490 haec
3064 1435 3181 1505 jam
3223 1435 3340 1491 dies
3378 1437 3690 1502 advenerat,

2099 1544 2223 1584 cum
2254 1526 2451 1583 Paulus
2489 1527 2605 1598 ipse
2651 1535 2773 1598 post
2813 1527 2988 1582 noctis
3025 1527 3132 1581 alta
3180 1527 3410 1598 suspiria
3446 1528 3694 1584 ultimum

2101 1619 2182 1674 sui
2232 1617 2392 1672 funus
2442 1625 2718 1688 exspectat
2751 1617 2794 1670 τ.
2829 1615 2996 1672 Facto
3027 1616 3172 1670 enim
3209 1632 3386 1681 mane,
3437 1633 3558 1672 cum
3610 1617 3696 1674 his

2101 1721 2239 1776 quos
2288 1707 2525 1762 asseclas
2564 1705 2886 1776 proditionis
2916 1709 2940 1745 ⁸
2975 1721 3087 1760 sua:
3136 1705 3418 1772 habuerat,
3469 1707 3694 1762 verbum

405 1816 554 1856 nunc
573 1792 766 1854 valeas
792 1800 844 1853 in
869 1805 1016 1853 tanta
1052 1799 1243 1854 mortis
1274 1798 1427 1854 clade
1453 1800 1743 1870 prodesse?
1766 1799 1891 1854 Haec
1917 1799 1998 1854 di-
2031 1806 2076 1868 Β
2100 1797 2302 1852 habere
2338 1797 2520 1867 cmpit,
2561 1803 2621 1850 ut
2649 1804 2741 1849 aut
2764 1795 2884 1850 vale
2910 1795 3157 1850 ultimum
3187 1795 3291 1850 sibi
3315 1795 3574 1861 dicerent,
3605 1805 3698 1850 aut

405 1905 538 1945 cens
564 1889 854 1944 insultabat
879 1889 973 1952 illi,
1015 1905 1125 1944 non
1153 1897 1265 1942 tam
1293 1890 1632 1945 conviciandi
1660 1897 1804 1954 voto,
1833 1905 1998 1960 quam

409 1979 788 2035 amaritudinis
833 1989 1160 2049 provocatus
1199 1981 1397 2036 studio.
1429 1980 1536 2036 Sed
1577 1997 1704 2035 cum
1753 1982 1822 2037 ab
1863 1981 1999 2036 illoh

409 2070 623 2126 blandis
642 2071 953 2126 hortaretur
967 2071 1328 2137 sermonibus,
1347 2078 1405 2124 ut
1418 2071 1587 2129 dolori
1605 2070 1720 2139 ejus
1732 2079 1998 2146 parceret,

409 2170 466 2216 et
485 2161 787 2220 cotifttsioni
804 2160 1176 2216 confusionem
1191 2177 1296 2216 non
1313 2161 1565 2229 adderet;
1587 2159 1800 2215 tandem
1823 2168 1876 2216 et
1891 2162 2004 2234 ipse

411 2253 467 2306 in
494 2251 754 2322 gradibus
781 2251 1103 2305 marmoreis
1131 2250 1450 2313 consistens,
1489 2242 1769 2319 inquibus
1793 2249 1896 2304 ista
1931 2248 2006 2305 illi

411 2341 769 2402 insultaturus
812 2342 1126 2405 advenerat,
1167 2341 1486 2394 descensum
1531 2340 1804 2396 concitum
1847 2339 2003 2405 fecit,

411 2433 604 2504 sicque
649 2433 701 2487 in
743 2431 915 2488 oculis
957 2433 1326 2508 ipsius-Pauli
1369 2433 1770 2488 circumventus
1804 2449 1834 2488 a
1871 2433 2004 2501 suis,

404 2525 684 2596 jugulatns
706 2526 978 2580 occubuit.
1003 2524 1212 2592 Quibus
1236 2524 1432 2580 Paulus
1459 2543 1471 2578 :
1498 2525 1637 2592 Quid
1663 2527 1789 2582 huic
1812 2540 1832 2566 ε
1863 2543 2008 2597 qua:—

412 2617 576 2677 ritis?
615 2617 812 2671 aiebat.
864 2615 1012 2670 Meus
1059 2623 1162 2681 est,
1211 2616 1405 2686 inquit,
1451 2632 1556 2670 non
1593 2624 1801 2687 pereat.
1847 2616 1915 2672 Et
1949 2625 2008 2670 ut

413 2717 808 2768 reservaretur,
854 2704 1120 2775 frequenti
1158 2719 1351 2759 vocum
1391 2705 1774 2762 lamentatione
1795 2708 2007 2763 orabat.

411 2796 521 2851 Sed
541 2795 655 2866 jam
681 2796 1014 2866 contemptui
1057 2797 1293 2861 habitus,
1324 2797 1476 2866 quasi
1519 2804 1573 2851 et
1609 2798 1720 2868 ipse
1756 2800 2012 2854 continuo

2102 1890 2147 1944 si
2195 1897 2433 1958 possent,
2487 1888 2678 1943 salutis
2703 1904 2814 1942 sua:
2840 1887 3018 1942 adhuc
3040 1886 3094 1942 in
3119 1886 3302 1956 aliquo
3326 1886 3692 1943 consulerent.

2103 1981 2254 2037 Tune
2277 1979 2588 2052 Argebadus
2608 1981 2636 2020 ιι
2660 1979 3026 2035 Narbonensis
3055 1979 3298 2045 ecclesia:
3317 1979 3536 2049 praesul,
3551 1995 3700 2034 com-

2108 2073 2254 2127 muni
2284 2070 2513 2126 consilio
2552 2070 2620 2124 ad
2661 2069 2961 2141 principem
2989 2070 3240 2135 mittitur,
3281 2069 3374 2139 qui
3406 2071 3574 2124 vitam
3607 2085 3700 2124 ro-

2107 2171 2279 2233 garet,
2297 2163 2389 2233 qui
2406 2161 2626 2217 offensis
2649 2163 2858 2216 veniam
2879 2170 3212 2232 precaretur.
3232 2162 3367 2216 Nam
3385 2161 3580 2218 oblatis
3591 2161 3703 2216 Deo

2112 2254 2320 2316 hostiis,
2341 2251 2455 2321 jam
2480 2253 2533 2306 in
2555 2252 2688 2321 ipsis
2712 2251 3064 2318 vestimentis,
3091 2267 3214 2306 cum
3237 2253 3432 2322 quibus
3446 2251 3703 2308 dominici

2114 2344 2356 2416 corporis
2389 2351 2441 2397 et
2467 2343 2748 2415 sanguinis
2792 2343 3024 2415 gratiam
3069 2345 3464 2400 communionis
3503 2352 3705 2398 sancta:

2113 2442 2465 2506 perceperat,
2519 2437 2535 2452 ⁶
2571 2435 2626 2489 in
2672 2435 2866 2504 quibus
2912 2449 3021 2489 non
3069 2444 3178 2489 tam
3229 2437 3421 2491 mortis
3460 2446 3705 2490 extrema

2113 2527 2309 2582 damna
2331 2525 2580 2594 excipere
2606 2541 2768 2594 quam
2791 2525 3114 2596 insepultum
3142 2541 3200 2582 se
3225 2527 3436 2582 obvolvi
3465 2535 3700 2582 curaret.

2115 2617 2320 2688 Quippe
2361 2617 2448 2670 cui
2495 2617 2769 2686 sepultura
2804 2633 2904 2686 pro
2937 2618 3131 2672 merito
3158 2629 3465 2688 negaretur,
3516 2618 3561 2672 si
3594 2633 3706 2672 sua:

2116 2708 2438 2782 patrationis
2466 2709 2740 2778 exciperet
2771 2706 3018 2780 jugulum
3052 2711 3094 2762 ί.
3122 2708 3243 2764 Jam
3266 2710 3583 2780 Argebadus
3608 2725 3706 2763 an-

2119 2799 2274 2854 tistes
2319 2806 2607 2868 rogaturus
2656 2797 2890 2862 veniam,
2930 2799 2999 2853 ab
3041 2798 3123 2854 eis
3164 2799 3391 2853 exierat.
3419 2799 3434 2818 ⁶
3467 2799 3534 2852 Et
3579 2813 3708 2853 ecce

412 2888 726 2952 moriturus,
769 2885 944 2941 audiri
973 2902 1080 2940 non
1105 2894 1333 2955 poterat.
1373 2886 1522 2942 Tunc
1565 2889 1878 2944 onmimoda
1921 2890 2014 2944 de-
2115 2903 2464 2964 progressum
2509 2887 2738 2943 celerem
2781 2888 3043 2958 principis
3081 2904 3204 2945 cum
3227 2888 3577 2945 aistimahilii
3615 2905 3709 2960 ag-

413 2981 721 3052 speratioae
745 2986 1041 3050 permotus,
1069 2978 1273 3050 regalia
1301 2979 1628 3043 indumenta,
1661 2995 1782 3051 qua:
1817 2990 2012 3053 tyran-
2120 2981 2264 3035 mine
2299 2986 2658 3055 pugnatorum
2696 2986 2890 3050 quarto
2927 2977 3041 3037 fere
3077 2978 3146 3034 ab
3181 2977 3316 3036 urbe
3347 2978 3603 3036 milliario
3632 2978 3710 3033 vi-

1729 3074 2007 3134 TEXTUS
2047 3073 2412 3131 TUDENSIS.

412 3179 635 3219 suorum
665 3164 934 3234 peribant.
973 3165 1229 3233 llepletur
1281 3164 1461 3232 itaque
1491 3163 1683 3219 civitas
1740 3167 2004 3234 permisto
2032 3175 2078 3237 ο
2110 3164 2305 3288 quibus
2328 3163 2431 3216 ista
2453 3161 2529 3216 illi
2551 3161 2909 3218 insultaturus
2925 3160 3239 3240 advenerat,
3265 3161 3321 3216 in
3343 3161 3516 3218 oculis
3540 3161 3709 3238 ipsius

413 3235 604 3288 funere
625 3243 961 3288 mortuorum
983 3233 1336 3288 cadaveribus
1361 3235 1738 3288 humanormn.
1769 3235 1997 3288 Misera-
2139 3233 2263 3288 ’auli
2294 3233 2696 3288 circumventus
2718 3249 2748 3286 a
2783 3232 2916 3288 suis.
2936 3231 3216 3288 iugulatus
3249 3233 3521 3286 occubuit.
3565 3233 3708 3288 Pan-

413 3235 604 3290 t'unere
625 3233 961 3290 mortuorum
983 3233 1336 3290 cadaveribus
1361 3233 1753 3290 humanorum.
1769 3235 1997 3290 Misera-

412 3305 521 3359 bile
541 3305 700 3358 etiam
727 3304 886 3360 funus
908 3315 1019 3359 erat
1055 3305 1110 3358 in
1148 3305 1398 3360 domibus
1430 3322 1443 3356 :
1483 3314 1538 3358 ct
1578 3305 1666 3359 ubi
1721 3305 2008 3361 domorum

409 3375 606 3444 abdita
645 3374 1055 3444 perlustrasses,
1095 3385 1330 3444 patentes
1382 3385 1626 3430 mortuos
1697 3376 2007 3444 reperires:

408 3459 510 3512 per
559 3443 675 3500 vias
700 3447 724 3485 ι
754 3461 968 3514 quoqtte
989 3455 1036 3498 et
1069 3443 1271 3515 plateas
1315 3445 1464 3499 urbis
1488 3445 1673 3513 jacere
1731 3443 2008 3515 hominum

413 3515 678 3568 cadavera
700 3530 952 3571 cerneres
973 3514 1171 3568 minaci
1202 3515 1437 3582 quodam
1465 3515 1615 3568 vultu
1642 3522 1700 3568 et
1729 3514 2012 3570 ferocitate

413 3583 656 3648 immani,
683 3594 940 3654 tanquam
973 3594 1138 3640 essent
1160 3587 1338 3654 adhuc
1361 3583 1422 3654 in
1457 3584 1573 3652 ipsa
1601 3583 1866 3654 bellorum
1894 3585 2012 3638 acie

413 3654 595 3722 positi.
619 3654 750 3710 Erat
769 3652 948 3708 tamen
971 3654 1119 3709 color
1144 3652 1424 3722 deformis,
1445 3654 1577 3706 cutis
1599 3652 1791 3722 lurida,
1818 3653 2013 3708 horror

415 3721 685 3786 immanis,
717 3723 858 3778 fetor
893 3723 1266 3777 intolerabilis.
1293 3721 1526 3788 Quidam
1552 3721 1720 3775 etiam
1769 3723 1835 3777 de
1875 3723 2011 3788 ipsis

407 3791 718 3860 iacentibus
737 3792 911 3846 adhuc
937 3792 1079 3857 vivis,
1104 3792 1196 3860 qui
1221 3802 1546 3859 exceperant
1581 3790 1797 3845 lethalia
1820 3790 2010 3846 vulne-

417 3877 476 3913 ra
500 3860 704 3930 mortis,
727 3861 959 3930 speciem
983 3872 1309 3916 mortuorum
1334 3860 1680 3925 simulabant,
1711 3868 1768 3916 ut
1793 3871 2010 3916 mortem

413 3929 632 3984 evadere
657 3929 886 3999 possent.

483 3999 574 4072 20.
604 3998 810 4072 “tecet
834 4001 922 4060 his
963 3999 1158 4072 similia
1199 3998 1398 4054 Paulus
1428 3999 1544 4055 fieri
1574 3999 1773 4072 videns,
1823 4010 2011 4072 tyran-

415 4069 556 4125 nidis
584 4070 854 4140 [erocitate
887 4071 1150 4140 deposita,
1197 4086 1389 4140 magna
1427 4072 1608 4126 cordis
1649 4069 1919 4126 anxietate
1946 4090 2009 4126 ac

412 4139 626 4212 iniuria
655 4139 1006 4212 stringebatur
1029 4157 1047 4194 :
1067 4157 1192 4195 cum
1231 4139 1330 4195 nec
1373 4141 1515 4196 hosti
1561 4139 1817 4212 resistere
1841 4181 1858 4206 ,
1909 4156 2010 4198 nec

2139 3229 2263 3288 ’auli
2294 3233 2696 3288 circumventus
2718 3249 2748 3286 a
2783 3232 2916 3296 sitis,
2935 3229 3216 3300 jugulatus
3249 3233 3521 3286 occubuit.
3558 3229 3708 3290 Pau-

2114 3304 2198 3359 lus
2223 3311 2402 3358 autem
2424 3320 2440 3356 :
2473 3302 2615 3368 Quid
2648 3301 2770 3355 huic
2795 3301 3084 3370 quaeritis?
3113 3302 3482 3356 trenwbundus
3505 3302 3706 3358 elauta—

2113 3374 2199 3428 but
2226 3390 2245 3426 :
2275 3388 2426 3428 meus
2474 3379 2580 3436 est,
2628 3371 2828 3432 dicens,
2873 3387 2935 3424 ne
2979 3377 3204 3438 pereat:
3234 3377 3290 3424 et
3315 3378 3374 3423 ut
3401 3386 3708 3426 reservare-

2115 3452 2222 3506 tur,
2264 3443 2534 3510 frequenti
2569 3456 2766 3510 vocum
2807 3439 3194 3510 lamentatione
3220 3439 3432 3510 orabat.
3465 3441 3572 3494 Sed
3589 3439 3705 3508 jam

2113 3508 2443 3579 contemptui
2485 3509 2719 3570 habitus,
2751 3508 2908 3577 quasi
2935 3517 2991 3579 et
3017 3509 3133 3577 ipse
3170 3508 3428 3579 continuo
3477 3512 3707 3568 moritu-

2116 3597 2228 3645 rus,
2274 3577 2447 3634 audiri
2486 3595 2591 3632 non
2626 3587 2859 3646 poterat.
2905 3578 3057 3634 Tunc
3093 3577 3401 3633 omnimoda
3451 3579 3708 3648 despera-

2116 3651 2264 3720 tione
2306 3655 2602 3720 permotus,
2654 3647 2856 3717 regalia
2906 3648 3242 3720 indumenta,
3270 3663 3391 3716 qua:
3410 3647 3592 3718 potius
3622 3657 3707 3720 ty-

2115 3719 2358 3790 rannidis
2383 3718 2708 3790 ambitione,
2749 3732 2916 3790 quam
2925 3717 3125 3790 ordine
3152 3717 3429 3790 praeeunte
3453 3717 3704 3790 ρετρςμξε-

2116 3796 2218 3854 rat,
2245 3788 2544 3844 tabefactus
2572 3788 2838 3858 depiisuit.
2866 3786 3003 3842 Miro
3031 3786 3352 3857 occultoque
3379 3786 3474 3844 Dei
3500 3786 3704 3858 judicio

2113 3859 2168 3932 id
2209 3867 2420 3930 agente,
2459 3866 2518 3912 ut
2559 3874 2620 3910 ea
2655 3857 2740 3932 die
2775 3866 3087 3932 perceptum
3132 3859 3429 3928 tyrannidis
3479 3876 3704 3932 regnum

2112 3927 2424 3998 deponeret,
2477 3945 2582 3998 qua
2646 3927 2932 4000 religiosus
2975 3927 3235 4000 princeps,
3253 3930 3513 4000 regnandi
3543 3927 3704 4000 scep-

2114 3997 2257 4053 trum
2292 4018 2324 4054 a
2356 3997 2582 4054 Domino
2615 3997 2966 4066 percepisset.
2994 3999 3130 4052 Erat
3151 3997 3299 4054 enim
3322 3997 3442 4056 dies
3473 4001 3562 4055 illa
3596 3997 3702 4056 lia-

2111 4069 2253 4125 feud.
2303 4069 2582 4140 Septemb.
2605 4069 2660 4122 in
2688 4084 2794 4140 qua
2817 4069 3116 4140 principem
3144 4077 3390 4140 nostrum
3415 4072 3701 4128 constabat

2111 4140 2290 4211 regale
2317 4137 2678 4212 asSumpsisse
2716 4137 3021 4211 fastigium.
3075 4137 3143 4212 In
3189 4139 3290 4212 Irae
3330 4153 3461 4212 ergo
3487 4142 3589 4212 die
3626 4143 3699 4196 ir-

411 4211 528 4264 suis
573 4221 756 4278 posset
792 4209 855 4264 in
899 4209 972 4264 ali
1010 4228 1075 4264 uo
1111 4211 1416 4269 subvenire.
1449 4211 1694 4272 Accessit
1725 4221 1909 4270 tamen
1935 4214 2008 4268 ad

411 4294 536 4333 cum
559 4280 914 4334 insultaturus
934 4228 1009 4334 ilfi
1032 4282 1116 4334 vir
1142 4281 1362 4334 uuidam
1383 4291 1536 4334 ortus
1560 4299 1626 4334 ex
1653 4279 1857 4334 familia
1885 4298 2002 4334 sua.

411 4294 536 4333 cum
559 4280 914 4336 insultaturus
934 4279 1009 4338 illi
1032 4282 1116 4335 vir
1142 4281 1362 4349 quidam
1383 4291 1536 4339 ortus
1560 4299 1626 4342 ex
1653 4279 1857 4335 familia
1885 4298 2002 4338 sua.

416 4351 554 4422 Quid
580 4349 694 4422 hic,
709 4351 816 4422 ait,
851 4351 1110 4406 assistis‘l
1151 4351 1247 4406 Uni
1277 4363 1403 4406 sunt
1430 4351 1724 4408 consiliarii
1765 4352 1864 4418 tui,
1913 4354 2005 4422 qui
2108 4349 2286 4422 micis.

415 4430 469 4472 te
489 4419 555 4474 ad
579 4419 720 4474 istud
765 4422 1133 4489 perduxerunt
1165 4421 1490 4478 calamitatis
1513 4415 2006 4489 ludibriumiQtiid
2177 4420 2268 4473 2|.
2301 4418 2484 4489 Tertia
2511 4425 2637 4489 post
2675 4418 2788 4489 inec
2813 4415 2945 4489 dies
2981 4417 3296 4489 advenerat,
3344 4433 3466 4471 cum
3501 4417 3698 4474 Paulus

415 4489 514 4584 tibi
552 4485 984 4572 profuit'contra
1024 4501 1146 4584 tuos
1170 4493 1466 4584 insurgere,
1495 4509 1619 4573 cum
1649 4506 1748 4584 nec
1779 4485 2004 4584 tibi‘nec
2033 4526 2082 4584 ο
2107 4497 2228 4584 ppst
2277 4487 2467 4567 noctis.
2493 4485 2729 4556 suspiria
2763 4485 3156 4584 ultimumqsui
3186 4485 3350 4541 funus
3369 4497 3656 4584 suspectat
3681 4507 3692 4542 :

415 4558 522 4632 tuis
545 4556 756 4632 minime
784 4577 927 4632 nunc
953 4562 1143 4632 valeas
1171 4562 1226 4615 in
1255 4556 1403 4632 tanta
1448 4563 1640 4619 mortis
1687 4562 1840 4632 clade
1878 4578 2003 4632 pro-

2110 4556 2262 4632 atque
2285 4573 2407 4611 cum
2436 4556 2521 4632 iis,
2548 4573 2666 4632 cum
2685 4556 2873 4632 quibus
2893 4557 3112 4632 consilia
3139 4571 3250 4610 sua!
3271 4557 3580 4632 perditionis
3605 4558 3701 4632 ha-

412 4630 603 4685 desse?
638 4629 766 4686 Haec
789 4631 977 4689 dicens
1009 4631 1300 4688 insultabat
1342 4631 1438 4695 illi,
1483 4648 1590 4688 non
1632 4642 1744 4688 tam
1781 4625 2003 4687 1co'nvi-
2109 4625 2322 4693 hu'erat,
2358 4627 2580 4682 verbum
2611 4625 2812 4682 habere
2854 4625 3020 4694 cu'pit
3049 4639 3064 4678 :
3097 4635 3154 4681 ut
3183 4625 3280 4680 aut
3305 4627 3424 4682 vale
3447 4629 3552 4683 διὺί
3575 4629 3702 4683 υιιι-

413 4699 594 4772 ciatrdi
637 4707 782 4764 voto,
813 4701 1387 4772 quamamaritudinis
1428 4703 1608 4757 studio
1651 4711 1997 4771 provocatus.
2110 4714 2257 4752 mum
2281 4697 2560 4772 dicerent_;
2601 4697 2805 4772 aut,_si
2833 4703 3074 4772 possent,
3102 4695 3260 4772 saluti
3299 4698 3494 4772 sutein
3521 4697 3702 4772 aliquo

416 4767 522 4823 Sed
561 4785 684 4824 cum
715 4765 900 4825 abillo
943 4771 1155 4825 blandis
1192 4771 1498 4824 hortaretur
1542 4765 1902 4836 sermonibus,
1944 4780 2003 4826 ut
2105 4769 2471 4825 consulerent.
2512 4767 2672 4838 Tunc
2704 4765 3072 4838 iArgebaudus
3098 4766 3464 4838 Narbonensis
3501 4765 3709 4836 episco-

413 4839 587 4894 dolori
613 4840 728 4908 ejus
748 4849 1014 4909 parceret,
1063 4849 1118 4894 et
1163 4839 1533 4895 confusionem
1560 4841 1862 4896 confusioni
1890 4858 1997 4897 non
2108 4855 2208 4909 pus
2249 4837 2523 4897 communi
2567 4837 2908 4909 consilioad
2954 4837 3255 4909 principem
3309 4837 3562 4901 mittitur,
3609 4843 3703 4906 qui

414 4907 668 4975 adderet;
713 4907 768 4964 in
799 4911 925 4990 ipsis
955 4910 1210 4990 gradibus
1237 4911 1557 4966 marmoreis
1579 4911 1901 4978 consistens,
1945 4914 1998 4966 in
2109 4907 2275 4964 vitam
2323 4917 2541 4978 rogaret
2579 4907 2819 4973 offensis,
2865 4915 2920 4961 et
2964 4908 3175 4968 veniam
3215 4916 3554 4982 precaretur.
3595 4913 3704 4976 Qui

1933 4999 2168 5060 NOTAE.

2114 5092 2426 5148 vestimentis
2454 5090 2669 5162 quidam
2696 5092 2836 5162 quod
2862 5092 3124 5146 Domini‘ci
3149 5092 3382 5162 corporis
3411 5101 3458 5144 et
3490 5093 3702 5160 sangui-

2116 5165 2196 5218 nis
2223 5163 2515 5233 gratiam...
2541 5171 2898 5233 perceperunt,
2923 5163 2980 5233 in
3005 5163 3192 5233 quibus
3209 5178 3329 5233 non
3351 5172 3526 5233 tam...
3553 5177 3702 5213 cum-

2113 5251 2184 5287 na
2225 5230 2536 5302 ἐπίμετρα,
2578 5246 2736 5302 quant
2769 5230 3051 5302 insepultos
3084 5249 3138 5286 se
3165 5230 3365 5302 obvolvt'
3415 5241 3695 5302 curarent;
3761 5245 3786 5262 ·

2111 5304 2298 5374 quippe
2335 5299 2522 5374 auibus
2558 5299 2895 5374 sepultura...
2930 5313 3225 5372 negaretur,
3261 5301 3366 5355 sire
3389 5301 3700 5374 patrationis

2109 5368 2412 5443 exciperent
2420 5368 2692 5443 jugulum.
2718 5371 2824 5426 Sed
2848 5385 2949 5426 nec
2973 5368 3151 5428 tostus
3176 5379 3360 5443 noster
3385 5368 3702 5443 perspicuus

2112 5439 2374 5516 appa_ret._
2390 5439 2636 5516 Ριιιιιιοι·ἰ
2659 5439 2784 5516 licet
2805 5443 3020 5497 brevior
3043 5443 3218 5498 Lucas
3247 5439 3534 5507 Tudensis.

2184 5505 2201 5563 Ῐ
2244 5511 2330 5577 F.,
2359 5505 2730 5565 inwstimabili.

2184 5583 2207 5622 κ
2252 5581 2374 5645 Ms.,
2391 5596 2488 5650 pro
2505 5581 2632 5645 vias,
2657 5580 2817 5636 habet
2835 5581 2990 5638 duas.

2190 5652 2206 5692 ι
2244 5652 2343 5717 ld.,
2371 5653 2574 5709 tantum
2599 5665 2698 5723 pro
2722 5661 2852 5708 tam.

2110 4208 2290 4280 ruptio
2334 4211 2509 4280 patuit
2553 4208 2724 4275 urbis,
2773 4208 3030 4280 tyrannus
3087 4208 3551 4280 Paulusure'galia
3607 4212 3700 4265 de-

2107 4277 2277 4361 posuit
2315 4277 2640 4342 indumenta,
2689 4288 2736 4332 et
2769 4277 3065 4349 sanguinea
3105 4279 3239 4333 ultio
3285 4277 3434 4333 illata
3475 4290 3550 4334 est
3597 4280 3700 4334 ini-

487 5105 513 5163 ξ
541 5090 628 5163 lt,
649 5095 958 5163 perduxere.

487 5160 518 5201 ι»
537 5160 839 5229 Ιά.,’ἰιιιιηι.

486 5231 512 5262 ⁸
545 5231 608 5286 F.
633 5233 796 5299 male,
819 5236 961 5289 hinc.

485 5301 514 5341 ἀ
543 5301 627 5374 F.,
658 5304 990 5374 praedictum,

490 5384 514 5444 (ξ
541 5373 630 5444 ιι,
657 5373 984 5444 prwscriptrt.

494 5441 516 5514 ξ
548 5442 636 5514 Εο,
658 5441 1010 5514 exspectabat.
1076 5483 1110 5498 ε

487 5513 514 5585 ἕ
542 5513 660 5585 lt!”
671 5513 1000 5585 perditionis.

489 5582 518 5622 ¹ι
543 5582 620 5637 Id.
649 5582 738 5639 hic
765 5591 821 5638 et
842 5583 1003 5651 infra,
1035 5585 1367 5654 Argabadus.

494 5654 511 5696 δ
545 5654 646 5712 Ms.
671 5663 958 5727 corrupte:
989 5655 1131 5710 Nam
1173 5654 1359 5712 ablatis
1401 5657 1465 5711 de
1490 5657 1672 5724 hostis,
1714 5673 1834 5712 nam
1876 5656 2005 5728 ipsis
