4022 6154
391 198 496 278 787

1477 189 1538 244 S.
1577 187 1842 247 JULIANI
1875 188 2178 248 EPISCOPI
2218 185 2559 249 TOLETANI

3539 170 3641 228 788

1669 278 1949 343 TEXTUS
1984 276 2379 337 LEGI’IIMUS.

389 380 544 444 tiens,
563 386 890 432 occursurus
910 382 937 413 ι
962 368 1138 433 eidem
1161 367 1390 440 principi
1412 367 1479 424 de
1498 382 1639 439 equo
1663 367 1961 441 desilivitb,
1990 373 2041 434 Α
2066 368 2218 423 tiisti.
2249 366 2366 422 Non
2413 366 2534 421 illas
2577 363 2753 419 ultore
2802 360 2978 432 gladio
3026 357 3273 429 perdam.
3322 356 3440 413 Non
3485 356 3647 413 hodie

390 470 557 525 humo
602 461 966 535 prosternitur
986 469 1034 525 ο,
1074 460 1287 517 veniam
1337 459 1676 529 deprecatur.
1720 458 1779 514 In
1816 459 1975 530 cujus

391 572 622 616 occursu
650 554 901 625 princeps
927 565 1129 620 equum
1154 550 1426 622 paulisper
1460 551 1650 616 tenuit,
1680 558 1742 605 et
1772 558 1832 607 ut
1853 562 1972 607 erat

391 646 780 705 misericordia:
801 642 1098 700 visceribus
1122 640 1364 706 afﬂuens,
1391 649 1447 697 et
1467 641 1581 711 ipse
1606 641 1969 714 illacrymans,

382 734 657 793 sublevari
696 734 1005 804 episcopum
1030 747 1061 785 a
1093 739 1238 805 terra
1277 732 1557 801 praecepit.
1599 730 1703 799 Qui
1742 732 1826 788 vir
1852 750 1974 790 rur-

388 840 507 883 sum
545 833 785 890 erectus,
830 824 1193 894 laerymarum
1239 821 1566 895 singultibus
1611 822 1969 889 interclusus,

390 914 722 973 lamentabili
766 928 899 971 voce
922 912 1101 967 aiebat
1126 929 1140 965 :
1168 911 1319 967 Heu!
1349 910 1376 952 ἀ
1411 912 1751 981 peccavimus
1778 911 1835 967 in
1862 926 1973 969 coa-

391 1009 502 1066 lum
527 1018 582 1065 et
605 1024 789 1065 coram
817 1015 890 1071 te,
921 1005 1283 1063 sacratissime
1302 1004 1577 1074 princeps.
1603 1003 1721 1059 Non
1744 1019 1929 1060 sumus
1948 1015 1970 1043 ο

387 1097 554 1167 digni,
586 1097 783 1167 quibus
812 1103 1035 1150 eventus
1068 1093 1286 1165 pietatis
1308 1102 1412 1148 tua:
1432 1102 1701 1157 occurrat,
1731 1095 1749 1112 ‘
1778 1094 1975 1163 quibus

387 1185 544 1240 venia
569 1183 779 1240 conlata
806 1181 1118 1248 subveniat;
1145 1183 1161 1200 '
1190 1181 1281 1252 qui
1306 1189 1369 1243 et,
1382 1182 1702 1250 promissam
1734 1181 1833 1237 tibi
1863 1196 1976 1238 ma-

387 1271 687 1328 culavimus
724 1272 905 1336 ﬁdem,
951 1278 1006 1325 et
1051 1271 1105 1325 in
1159 1279 1310 1325 tanto
1338 1271 1699 1343 prolapsionis
1739 1272 1975 1328 devoluti

390 1379 579 1420 sumus
623 1364 848 1420 scelere.
887 1361 1249 1429 Parcat.oro,
1272 1369 1364 1418 tua
1399 1363 1572 1435 pietas
1613 1362 1742 1431 cito,
1768 1377 1837 1418 ne
1862 1364 1976 1437 gla-

388 1454 507 1509 dius
521 1453 718 1509 vindcx
726 1452 984 1523 reliquias
997 1460 1305 1507 nostrorum
1328 1454 1627 1510 semineces
1647 1455 1970 1527 exstinguat,

389 1557 461 1601 ne
500 1542 787 1615 plusquam
830 1541 995 1610 erepit
1039 1556 1228 1597 mucro
1274 1542 1484 1598 animas
1507 1550 1677 1613 petat.
1705 1542 1840 1599 Jube
1860 1542 1976 1612 iam

384 1630 689 1686 exercitum
713 1646 928 1686 cessare
950 1646 981 1685 a
1011 1630 1294 1700 sanguine,
1322 1631 1470 1686 cives
1491 1633 1702 1689 civibus
1726 1649 1972 1703 parcere.

2068 455 2383 527 cuiusquam
2442 454 2756 527 sanguinem
2811 450 3064 517 fundam,
3108 450 3126 469 ‘
3176 463 3278 507 nec
3326 447 3647 519 quandoque

2067 546 2234 605 vitam
2269 545 2630 616 exstinguam.
2660 544 2678 563 ⁶
2718 540 3034 611 Quanquam
3074 536 3265 592 talium
3299 535 3501 592 oil‘ensa
3549 536 3648 590 im-

2067 637 2254 708 punita
2288 650 2395 691 non
2423 639 2683 690 transeat.
2714 630 2812 689 Cui
2837 626 3161 685 venerabilis
3185 627 3270 682 vir
3294 625 3498 683 diutine
3516 625 3544 665 h
3569 624 3650 680 in-

2069 731 2314 795 sistebat,
2348 738 2410 787 ut
2445 742 2672 799 quorum
2709 727 2876 783 vitam
2914 722 3017 781 sibi
3051 722 3323 785 donasset,
3356 718 3558 775 nullam
3593 717 3649 772 in

2069 821 2155 881 his
2188 818 2459 889 iacturam
2504 817 2726 875 ultionis
2770 820 3072 871 exerceret.
3102 810 3211 869 Sed
3243 809 3494 881 princeps
3528 822 3656 862 mox

2070 912 2277 982 percito
2319 909 2500 966 furore
2545 906 2922 965 inclementior
2967 904 3253 961 redditus:
3283 899 3403 956 Jam
3439 913 3529 965 ne,
3559 898 3653 965 ait,

2071 1001 2205 1058 alias
2250 1007 2411 1071 atque
2440 998 2573 1053 alias
2616 996 2952 1055 conditiones
2972 993 3105 1049 mihi
3144 988 3432 1063 imponatis
3463 982 3507 1053 i,
3534 1004 3657 1047 cum

2072 1089 2237 1144 vitam
2266 1088 2420 1143 vobis
2446 1086 2678 1142 donasse
2725 1085 2799 1141 sit
2837 1083 2990 1141 satis.
3037 1080 3158 1137 Tibi
3200 1095 3329 1153 ergo
3354 1078 3455 1134 soii
3482 1094 3569 1133 me
3590 1092 3663 1132 ex

2074 1184 2187 1232 toto
2222 1176 2530 1247 pepercisse
2562 1173 2817 1238 sufﬁciat,
2861 1188 2960 1241 pro
3003 1170 3225 1240 reliquis
3248 1183 3375 1224 vero
3406 1166 3543 1223 nihil
3563 1166 3664 1221 bo-

2073 1285 2193 1325 rum
2216 1269 2493 1340 promitto.
2538 1268 2618 1324 Ex
2646 1267 2750 1326 hoc
2776 1267 3061 1343 indignans
3086 1265 3317 1335 quadam
3344 1263 3510 1319 animi
3540 1278 3668 1319 suc-

2073 1360 2328 1417 censione
2369 1360 2641 1426 eﬂ'erbuit,
2668 1367 2725 1415 et
2754 1359 2965 1416 concita
2990 1356 3368 1430 pmgressione
3391 1353 3665 1422 triumpho

2073 1452 2342 1522 petiturus
2365 1450 2605 1506 victoria:
2624 1449 2949 1525 properabat
2973 1465 2986 1501 :
3015 1449 3031 1467 ⁶
3054 1460 3315 1503 excursus
3336 1442 3666 1514 legationum

2075 1551 2202 1597 ante
2232 1557 2291 1597 se
2317 1540 2614 1605 destinans,
2649 1549 2711 1595 ut
2741 1538 2914 1597 nostri
2956 1537 3143 1595 tandiu
3182 1552 3214 1592 a
3247 1534 3390 1591 bello
3432 1531 3670 1589 abstine-

2077 1639 2220 1699 rent,
2244 1632 2479 1702 quandiu
2504 1645 2665 1687 omne
2693 1630 2862 1689 robur
2881 1628 3155 1687 exercitus
3183 1642 3308 1684 cum
3332 1624 3577 1699 principe
3600 1624 3674 1681 ad

390 1722 705 1779 Parvissimi
728 1722 947 1793 quidem
976 1722 1250 1777 evasimus
1278 1720 1531 1791 gladium,
1558 1723 1653 1779 sed
1671 1737 1771 1794 pro
1798 1723 1980 1794 parvis
2010 1722 2059 1793 B
2083 1724 2340 1795 capienda
2367 1723 2626 1779 interiora
2646 1723 2796 1779 urbis
2820 1721 3119 1779 accederet.

386 1813 601 1870 veniam
624 1814 974 1883 deprecamur
1006 1812 1051 1866 ί.
1087 1812 1255 1868 Parce
1296 1828 1424 1882 ergo
1468 1812 1668 1869 nostris
1717 1814 1976 1885 reliquiis,

389 1911 451 1959 ut
480 1903 606 1974 quia
644 1902 761 1979 jam
794 1903 851 1957 in
881 1912 1106 1958 caeteros
1152 1911 1460 1957 nostrorum
1506 1903 1776 1958 emanavit
1812 1901 1978 1975 jugu-

390 1994 500 2048 lum
531 1994 743 2061 mortis,
776 1992 956 2048 saltim
985 2000 1299 2047 remaneant
1326 1991 1523 2062 quibus
1551 1990 1884 2046 miserearis.
1920 1991 1978 2048 Si

388 2086 534 2141 enim
572 2086 862 2157 prohibere
906 2084 1015 2140 cito
1057 2082 1296 2137 nolueris
1328 2081 1552 2148 caedem,
1593 2097 1693 2138 nec
1728 2083 1828 2153 ipsi
1859 2084 1979 2152 qui-

388 2175 513 2239 dem
549 2174 742 2230 incolae
772 2174 1131 2233 remanebunt
1155 2172 1222 2227 ad
1248 2172 1396 2227 urbis
1424 2172 1726 2229 tuitionem.

458 2266 550 2323 ‘22.
586 2265 683 2321 His
726 2264 886 2321 dictis
930 2269 1231 2319 commotus
1271 2261 1557 2331 religiosus
1598 2261 1870 2334 princeps,
1920 2265 1977 2320 in

390 2358 643 2429 lacrymis
686 2359 703 2377 ‘
743 2372 850 2412 non
897 2354 999 2409 fuit
1038 2353 1407 2411 inexorabilis.
1464 2352 1673 2423 Quippe
1724 2355 1817 2426 qui
1864 2355 1976 2411 alto

383 2450 617 2520 quodam
660 2448 843 2505 cordis
886 2446 970 2503 sui
1019 2460 1219 2501 arcano
1245 2445 1430 2512 sciret,
1465 2444 1568 2501 sibi
1594 2452 1768 2501 totum
1799 2447 1975 2517 perire

274 2522 281 2537 ’
378 2537 649 2610 quidquid
692 2537 976 2595 dicebatur
1009 2537 1252 2617 periisse,
1284 2537 1328 2597 si
1357 2536 1602 2606 precanti
1628 2537 1839 2593 veniam
1864 2553 1972 2593 non

383 2630 747 2699 praestitisset.
795 2628 924 2686 Haec
977 2630 1142 2700 igitur
1187 2629 1437 2698 princeps
1490 2629 1733 2698 precanti
1786 2631 1812 2670 ³
1855 2630 1974 2686 viro

384 2722 550 2776 verba
597 2722 893 2795 respondit.
945 2720 1163 2777 Certum
1212 2728 1363 2783 tene,
1419 2720 1515 2784 ait,
1571 2718 1715 2789 quod
1763 2720 1971 2777 dixem.

385 2816 409 2833 ‘
443 2812 631 2868 Victus
670 2812 924 2891 precibus
968 2812 1096 2877 tuis,
1146 2812 1287 2869 dono
1330 2811 1428 2869 tibi
1473 2810 1685 2866 animas
1723 2826 1857 2883 quas
1881 2827 1974 2883 pe-

2150 1815 2240 1870 25.
2295 1813 2570 1870 Festinato
2618 1812 2835 1869 tandem
2886 1810 3233 1887 profectionis
3284 1811 3481 1867 itinere
3544 1824 3672 1885 per-

2080 1903 2229 1963 venit
2282 1904 2534 1979 princeps
2585 1904 2653 1960 ad
2706 1904 2894 1959 urbem
2951 1918 3076 1958 cum
3138 1901 3397 1958 terribilis
3456 1917 3672 1973 pompa:

2079 1994 2414 2051 exercituum
2440 1994 2817 2050 admiratione.
2860 1996 2876 2012 '
2904 1993 3074 2049 Erant
3096 1993 3243 2049 enim
3275 1993 3352 2048 ibi
3401 1992 3672 2050 bellorum

2080 2085 2233 2161 signa
2260 2085 2539 2141 terrentia.
2575 2084 2818 2155 Cumque
2873 2083 2953 2139 sol
2984 2081 3282 2138 refulsisset
3328 2081 3384 2136 in
3437 2080 3673 2154 elypeis,

2080 2177 2292 2251 gemino
2319 2185 2461 2232 terra
2488 2176 2603 2251 ipsa
2632 2175 2833 2230 lumine
2893 2173 3233 2230 coruscabat.
3284 2172 3403 2242 Ipsa
3438 2185 3677 2245 \quoque

2081 2267 2346 2325 radiantia
2372 2282 2523 2323 arma
2571 2264 2835 2336 fulgorem
2872 2263 3002 2320 solis
3031 2262 3191 2320 solito
3214 2261 3335 2333 plus
3375 2262 3676 2331 augebant.

2082 2358 2189 2413 Sed
2219 2356 2349 2429 quid
2387 2357 2601 2413 dicam?
2632 2372 2751 2427 qua:
2782 2355 2857 2411 ibi
2878 2354 3043 2410 fuerit
3073 2354 3411 2410 exercituum
3446 2366 3670 2422 pompa,

2082 2449 2205 2519 quis
2238 2448 2401 2504 decor
2442 2462 2740 2513 armorum,
2792 2461 2912 2516 qua:
2968 2444 3176 2515 species
3211 2443 3494 2514 juvenum,
3545 2458 3675 2511 qua:

2082 2540 2368 2596 consensio
2396 2539 2722 2604 animorum,
2747 2537 3021 2607 explicare
3050 2535 3173 2615 quis
3204 2533 3440 2613 poterit?
3468 2532 3562 2589 ubi
3588 2532 3677 2588 di-

2078 2630 2203 2685 vina
2229 2628 2497 2700 protectio
2533 2628 2799 2684 evidentis
2830 2627 2969 2697 signi
3012 2624 3322 2684 ostensione
3362 2632 3673 2681 monstrata

2077 2731 2180 2780 est.
2233 2723 2394 2779 Visus
2431 2719 2557 2776 esti
2605 2721 2769 2784 enim,
2817 2728 2878 2775 ut
2920 2719 3110 2782 fertur,
3163 2718 3380 2774 cuidam
3429 2724 3678 2773 externae

2076 2818 2252 2891 gentis
2279 2817 2485 2873 homini
2516 2815 2831 2887 angelorum
2856 2813 3100 2871 excubiis
3119 2820 3396 2886 protectus
3421 2809 3670 2882 religiosi

1699 2901 1886 2957 TEXT
1896 2902 1979 2959 US
2018 2905 2379 2964 TUDENSlS.

383 2993 580 3072 oblatis
610 2993 719 3048 Deo
746 2994 955 3072 hostiis,
994 2993 1046 3046 in
1088 2992 1217 3072 ipsis
1257 2991 1594 3072 vestimentis
1639 2991 1836 3060 quibus
1874 2993 1971 3048 do-
1996 2994 2043 3058 c
2077 3064 2093 3072 _
2140 2996 2230 3051 22.
2265 2996 2361 3072 liis
2394 2995 2588 3072 auditis
2614 3003 2924 3072 commotus
2951 2991 3253 3072 religiosus“
3267 2991 3519 3072 princeps
3543 3007 3672 3072 cum

386 3064 570 3119 minici
615 3064 863 3134 corporis
889 3072 943 3117 et
966 3061 1243 3132 sanguinis
1270 3070 1537 3132 peregerat
1560 3071 1967 3134 sacramentum,

383 3134 672 3205 principem
712 3131 850 3205 adiit
870 3131 1149 3205 rogaturus
1178 3146 1196 3184 :
1222 3131 1277 3184 et
1323 3138 1517 3205 quarto
1545 3131 1792 3205 Tereuab
1838 3134 1972 3188 urbe

384 3199 638 3257 milliario
658 3203 882 3274 principi
899 3199 1041 3274 dedit
1072 3216 1345 3274 occursum
1385 3199 1973 3274 intestimabilipugna-

384 3280 565 3327 torum
606 3269 1169 3343 agmiue'constipato.
1207 3269 1373 3336 Quem
1413 3279 1471 3323 ut
1516 3269 1970 3343 viditcpiico'pus,

383 3343 451 3413 de
480 3357 624 3412 equo
646 3339 897 3413 prosiliit,
940 3351 988 3397 et
1014 3339 1182 3395 humo
1210 3349 1522 3413 prostratus,
1547 3339 1761 3394 veniam
1789 3339 1974 3413 preca-

387 3409 561 3466 batur.
597 3409 665 3467 lu
704 3411 856 3481 cuius
892 3426 1121 3466 occursu
1160 3409 1655 3481 princepsequum
1699 3409 1972 3481 paulisper

385 3482 578 3547 tenuit,
626 3488 682 3535 et
725 3477 785 3536 ut
826 3489 945 3535 erat
973 3477 1365 3537 misericordiae‘
1393 3477 1968 3544 visceribus'amuans,

380 3560 439 3606 et
461 3552 574 3635 ipse
585 3551 947 3635 iﬂacrymarts
967 3550 1237 3635 sublevari
1259 3550 1569 3635 episcopum
1598 3564 1629 3602 a
1659 3556 1804 3635 terra
1831 3564 1970 3634 prae-

382 3619 547 3693 cepit.
576 3619 869 3693 Episcopus
900 3630 1077 3693 autem
1104 3620 1469 3693 iacrymarum
1512 3619 1837 3693 singultibus
1886 3620 1972 3693 in-

385 3688 671 3755 terclusus,
715 3688 1045 3745 lamentabili
1094 3688 1232 3745 voce
1260 3688 1515 3745 dicebat:
1546 3688 1691 3742 Heu!
1728 3689 1975 3757 peccavi-

386 3776 507 3829 mus
552 3762 607 3815 in
652 3761 849 3829 etelum
880 3767 935 3813 et
967 3775 1153 3815 coram
1186 3767 1259 3823 te,
1297 3759 1673 3829 sacratissime,
1697 3758 1971 3829 princeps.

383 3828 504 3885 Non
551 3845 740 3884 sumus
783 3828 931 3898 digni
980 3828 1178 3898 quibus
1214 3836 1439 3882 eventus
1473 3836 1579 3882 tute
1606 3828 1844 3898 pietatis
1882 3844 1976 3883 oc-

386 3907 587 3954 currat.
620 3899 722 3964 Qui
750 3906 805 3953 et
825 3896 1149 3966 promissam
1197 3897 1295 3951 tibi
1351 3896 1744 3951 maculavimus
1790 3896 1970 3961 ﬁdem,

384 3976 441 4022 et
483 3969 537 4022 in
586 3976 738 4021 tanto
780 3965 969 4022 sumus
1000 3965 1358 4035 prolapsionis
1406 3967 1611 4021 scelere
1656 3966 1889 4019 devoluti
1922 3966 1971 4019 ι.

382 4036 579 4092 Pareat
633 4038 859 4091 orationi
899 4034 1198 4107 tua’pietas
1234 4036 1365 4107 cito,
1412 4048 1513 4107 nec
1538 4035 1748 4107 gladius
1778 4034 1973 4107 vindex

388 4108 687 4163 semineces
714 4104 1041 4161 nostrorum
1071 4104 1329 4174 reliquias
1362 4104 1689 4175 exstinguat,
1717 4118 1817 4159 nec
1853 4105 1974 4174 plus

384 4190 547 4246 quam
598 4177 763 4247 coepit
804 4191 993 4231 mucro
1021 4171 1229 4247 animas
1260 4183 1430 4247 petat.
1457 4171 1595 4247 lube
1615 4171 1728 4241 jam
1766 4171 1975 4229 excrci-

385 4245 499 4301 tum
525 4245 759 4328 cessare
806 4263 836 4301 a
878 4246 1160 4328 sanguine,
1208 4254 1257 4328 et
1286 4246 1445 4328 civem
1472 4245 1679 4328 civibus
1703 4258 1969 4328 parcere:

2076 3064 2331 3137 lacrymis
2367 3067 2603 3136 episcopo
2659 3065 2834 3137 dicit:
2862 3061 3341 3137 Victusprecibus
3368 3061 3495 3126 tuis,
3524 3061 3674 3137 dono

2077 3134 2176 3191 tibi
2192 3128 2417 3190 'auimas
2446 3128 2581 3205 quas
2620 3135 2825 3205 petisti,
2871 3141 2927 3187 et
2969 3128 3250 3205 non—illas
3277 3130 3453 3205 ultore
3488 3128 3674 3205 gladio

2074 3208 2318 3275 perdam,
2359 3198 2480 3260 nec'
2503 3198 2662 3275 bodi'e
2709 3198 3026 3275 cujusquam
3062 3201 3391 3275 sanguinem
3417 3198 3671 3275 fundam,

2073 3268 2385 3400 guanquam
2451 3273 2638 3357 talium
2679 3268 3041 3356 oﬂ'ensa'pnn
3084 3268 3328 3354 transeat
3375 3268 3667 3339 impunita.

2118 3361 2171 3399 ιιι
2219 3344 2543 3399 venerabilis
2571 3342 2765 3400 praesul
2800 3339 3051 3398 diutine1
3082 3341 3388 3400 insistebat,
3426 3346 3488 3394 ut
3526 3354 3664 3400 quo-

2118 3345 2171 3399 ui
2219 3339 2543 3415 venerabilis
2571 3342 2766 3415 prd-sui
2800 3343 3010 3398 diutine
3032 3339 3388 3415 }_insi_steb_at,
3426 3346 3488 3394 ut
3526 3354 3664 3408 quo-

2074 3430 2193 3469 rum
2240 3415 2341 3470 sibi
2392 3410 2676 3467 donaverat
2720 3414 2908 3476 vitam,
2955 3410 3156 3465 nullam
3185 3410 3242 3464 in
3272 3410 3348 3463 eis
3381 3416 3671 3464 exerceret

2073 3484 2432 3562 damnationis
2475 3481 2767 3562 iacturam.
2827 3482 3417 3562 Sednprincepshmn‘x
3475 3477 3668 3562 direre

2075 3563 2361 3607 commotus
2418 3548 2793 3607 inclementior
2851 3548 3095 3607 redditus
3144 3548 3323 3603 dixit:
3347 3548 3428 3603 De
3478 3559 3675 3603 ett-tero

2074 3624 2223 3677 nobis
2268 3623 2401 3677 alias
2426 3622 2765 3681 conditiones
2810 3637 2917 3675 non
2965 3620 3278 3689 imponatis,
3327 3633 3450 3673 eum
3498 3618 3672 3671 vitam

2074 3693 2228 3747 vobis
2256 3694 2485 3749 donasse
2519 3693 2590 3745 sit
2614 3693 2766 3747 satis.
2805 3691 2926 3747 Tibi
2955 3696 3137 3744 autem
3182 3689 3282 3743 soli
3324 3702 3393 3742 ex
3434 3695 3551 3742 toto
3578 3701 3674 3741 me

2072 3763 2382 3832 pepercisse
2425 3760 2690 3826 sufﬁciat;
2739 3776 2840 3832 pro
2887 3759 3272 3832 reliquis_vero
3297 3757 3435 3832 nihil
3472 3757 3672 3812 borum

2072 3828 2350 3902 promitto.
2381 3833 2458 3886 Ex
2485 3832 2587 3886 hoc
2609 3843 2649 3870 ιιι
2678 3828 2964 3902 indignans
2990 3829 3221 3902 quadarn
3250 3828 3417 3902 animi
3443 3841 3677 3902 succen-

2074 3898 2226 3956 sione
2265 3902 2513 3959 eil‘erbuit
2544 3919 2558 3954 :
2591 3911 2644 3956 et
2686 3898 2898 3957 concita
2934 3898 3314 3969 progressione
3340 3898 3673 3969 triumphum

2072 3971 2344 4042 petiturus
2370 3971 2610 4026 victoria:
2633 3981 2877 4042 properat
2899 3965 2969 4022 ad
2999 3965 3177 4042 urbem
3197 3965 3529 4042 capiendam.

2143 4036 2739 4123 23-..Arrmrinqrdmé
2765 4048 2938 4123 “WE?!
2966 4039 3203 4123 PI‘M‘P‘,
3232 4036 3475 4123 ἔωθε)εέ

2072 4105 2369 4165 incredibili
2391 4105 2724 4165 exercituum
2755 4105 3111 4171 multitudine,
3137 4105 3267 4161 cum
3302 4106 3385 4159 sol
3424 4105 3675 4159 refulsis-

2074 4188 2158 4251 set
2193 4180 2496 4251 inelypeis,
2527 4180 2742 4250 gemino
2775 4187 2921 4251 terra
2943 4178 3078 4251 ipsa
3106 4183 3132 4212 °
3167 4176 3369 4251 lumine
3411 4190 3673 4251 corusca-

2073 4249 2187 4304 bat.
2223 4246 2390 4304 bant
2433 4250 2507 4306 ibi
2531 4246 2821 4304 innumera
2872 4247 3139 4315 bellorum
3178 4246 3331 4315 signa
3380 4246 3668 4315 terrentia,

382 4313 1743 4407 res“efferAer'aiim:§_8lada"1;,sed..?m
1787 4316 1969 4407 ραιξσέε
2003 4347 2051 4407 υ
2076 4327 2130 4407 εξ
2167 4319 2282 4389 ira
2320 4334 2708 4407 αξιοίιιμεξηξιε
2745 4317 3011 4407 radiantia
3034 4313 3673 4407 ferream“

384 4385 601 4460 Veniam
641 4385 1050 4460 'deprecamur._
1090 4385 1258 4440 Parce
1310 4385 1718 4440 misericorditer
1770 4385 1972 4460 nostris
2003 4385 2048 4407 ν
2074 4385 2206 4457 ι)ιηί
2223 4385 2514 4460 augebant.
2545 4390 2651 4444 Sed
2678 4388 2808 4460 quid
2831 4398 2862 4438 ι»
2889 4386 3101 4442 dicam?
3126 4385 3257 4451 Quae
3278 4385 3353 4439 ibi
3383 4386 3486 4453 fuit
3518 4399 3672 4460 excr-

383 4456 648 4527 reliquiis,
674 4455 739 4512 ut
759 4458 884 4526 quia
900 4455 1014 4525 jam
1037 4456 1093 4510 in
1121 4465 1347 4511 earteros
1370 4464 1676 4527 nostrorum
1699 4456 1973 4527 emanavit

377 4524 629 4612 jugulum
654 4524 866 4612 Inertis,
898 4524 1091 4612 saltem
1118 4535 1435 4610 remaneant
1459 4524 1846 4611 aliquioqujbus
1864 4526 1972 4612 'mi-
2065 4524 2325 4612 iuvenum
2346 4570 2361 4595 ,
2389 4524 2741 4612 ‘quis'lrobur

384 4596 637 4654 serearis.
663 4596 720 4651 Si
744 4598 885 4651 enim
910 4598 1021 4653 cito
1044 4612 1149 4650 non
1170 4596 1476 4666 peperceris,
1504 4596 1605 4651 nec
1628 4597 1728 4666 ipsi
1750 4597 1967 4666 quidem

383 4668 742 4724 remanebunt
770 4667 958 4722 incolae
981 4667 1050 4721 ad
1077 4666 1228 4722 urbis
1254 4666 1561 4721 tuitionem.

2074 4454 2213 4529 citus
2262 4454 2478 4529 pompa,
2525 4459 2659 4529 quis
2696 4454 2868 4513 decor
2910 4470 3221 4517 armorum,
3276 4470 3398 4524 quae
3457 4454 3672 4529 species

2075 4524 2325 4608 iurandm
2346 4570 2361 4595 ,
2389 4524 2527 4608 ἠμᾶς
2543 4524 2559 4529 “
2573 4528 2771 4608 _robur_
2777 4535 3133 4608 pugnatorum
3156 4565 3171 4589 ,
3218 4539 3346 4608 qua:
3365 4524 3671 4608 “concordia

2073 4593 2922 4671 animorum_s'ingu(a_explicare
2939 4606 2977 4671 tt
3000 4595 3130 4671 quis
3156 4593 3390 4671 poterit?
3431 4593 3670 4671 Maxime

2072 4684 2191 4723 cum
2217 4664 2515 4739 manifesti
2538 4664 3031 4739 divina—protectio
3047 4665 3257 4735 afuerit
3287 4674 3310 4703 ι
3337 4680 3358 4719 :
3384 4664 3527 4737 quod
3566 4678 3674 4721 ou?-

1947 4757 2178 4815 NOT/E.

454 4870 482 4900 ι
510 4855 576 4915 F.
597 4854 755 4918 male.
781 4869 1053 4913 occursus.

456 4927 486 4968 δ
508 4927 611 4992 ld.,
639 4924 869 4980 desiluit.

461 5010 483 5036 ε
514 4989 764 5053 ιᾶζιιθυὰ
791 4996 950 5059 bene,
996 4989 1348 5064 prostituitur.

461 5066 481 5107 Ι
509 5067 611 5119 Μ..
638 5065 744 5119 En.

454 5066 481 5107 ⁸
509 5067 611 5131 ld.,
638 5066 744 5119 En.

462 5148 484 5177 ε
517 5135 595 5190 Id.
621 5136 711 5190 hic
731 5142 787 5189 et
808 5132 952 5187 infra
974 5139 1248 5201 corrupte,
1274 5145 1530 5184 summus.

464 5206 486 5286 ξ
512 5204 652 5286 313.,
684 5206 831 5258 venia
856 5204 1188 5286 deprecatur.

459 5279 486 5317 ⁸
512 5275 597 5345 1).,
632 5275 959 5345 imprecanti.

455 5347 484 5387 δ
511 5344 594 5411 F.,
621 5340 853 5420 diutinis,
872 5343 1240 5420 ωεηέίυῇηεί
1260 5342 1353 5397 sed
1394 5355 1496 5420 _nos
1539 5340 1741 5420 diutine
1766 5353 1971 5420 praepo-

388 5417 565 5472 nimus
582 5410 655 5470 ex
691 5428 794 5468 ms.
832 5415 989 5470 Lucae
1009 5412 1295 5477 Tudensis,
1323 5410 1478 5482 cujus
1507 5411 1854 5475 meminimus
1884 5410 1971 5465 in—

389 5487 557 5542 terius
593 5485 649 5540 in
676 5492 826 5538 textu
855 5483 1013 5552 hujus
1041 5484 1324 5540 columine.

464 5560 479 5601 ί
524 5556 628 5621 ld.,
653 5556 937 5623 imponitis.

458 5626 476 5681 ἱ
523 5626 612 5694 F,,
649 5623 827 5677 Visum
852 5634 946 5678 est.

2154 4851 2180 4922 ξι
2210 4851 2365 4922 ῌὶερ.
2400 4852 2623 4922 illustr.,
2661 4848 2848 4922 uoluti.

2155 4919 2174 4959 ι
2207 4916 2358 4991 Hisp.
2386 4922 2546 4976 illust.
2572 4919 2731 4974 nimis
2733 4932 3040 5044 (perperam
3066 4916 3279 4999 dicitur,
3295 4931 3401 5041 pro
3426 4918 3657 4982 diutmc,

2155 5007 2325 5044 ncuue
2351 4992 2636 5044 lectionem
2665 5005 2732 5044 eo
2769 5004 2869 5044 ICIS
2909 4995 3082 5043 nostri
3122 4994 3294 5044 oratu
3336 5002 3456 5042 mus
3487 4987 3657 5044 enini-

2078 4987 2325 5061 bancque
2351 4992 2636 5047 lectionem
2665 4987 2869 5061 codicis
2909 4987 3082 5043 nostri
3122 4987 3456 5057 praetulimus
3487 4987 3660 5044 enini-

2077 5062 2177 5117 bus
2200 5059 2253 5115 in
2278 5059 2491 5115 Iuliano
2520 5060 2773 5131 genuino.

2149 5142 2188 5170 ιιι
2214 5131 2365 5201 ῌίερ.
2394 5129 2584 5196 illust.,
2614 5129 2683 5183 Et
2711 5130 2849 5184 lucc.

2149 5210 2175 5238 ιι
2204 5200 2327 5272 bis;
2349 5201 2596 5272 gloriose.

2152 5278 2176 5353 ξ)
2204 5269 2379 5353 ξξίερξ,
2411 5271 2602 5353 illust..
2640 5279 2817 5324 tamen
2840 5269 2972 5339 ipse,
2996 5282 3097 5339 pro
3122 5276 3263 5322 terra
3290 5269 3425 5340 ipsa.

2149 5340 2466 5482 mihi?
2486 5411 2764 5465 concordia
2800 5410 3100 5466 animorum
3126 5404 3465 5481 singulorum
3499 5404 3657 5478 expli-

2081 5495 2220 5545 care,
2243 5490 2349 5537 etc.

2150 5560 2178 5589 τ
2201 5552 2302 5619 ld.,
2326 5553 2498 5621 affuit.
