4028 6176
417 346 522 409 ’191

1509 322 1569 380 S.
1599 320 1867 381 JULIANI
1903 318 2207 375 EPISCOPI
2248 313 2591 373 TOLETANI

3567 306 3677 363 πε

1738 430 1970 487 EXTUS
2006 428 2406 485 LEGITIMUS.
2477 468 2485 475 .

1690 430 1970 488 TEXTUS
2006 429 2289 485 LEGlTlM
2346 429 2406 484 S.
2477 468 2485 475 .

422 543 758 606 mereamini.
805 539 958 595 Tunc
991 534 1193 591 divisos
1227 547 1324 603 per
1370 528 1669 585 exercitum
1691 537 1880 581 omnes
1911 523 1999 577 de-
2026 524 2073 584 Α
2098 522 2244 591 genti
2267 429 2664 589 q‘iiamplurima
2685 517 2753 572 de
2775 513 3044 571 thesauris
3072 511 3358 570 dominicis
3391 521 3567 583 rapta,
3623 520 3685 589 et

422 638 623 708 putatis
657 642 710 689 et
735 646 760 672 ι
791 629 1037 685 sollicitis
1056 624 1368 681 custodibus
1382 621 1565 676 tradiit
1586 620 1636 671 ιι.
1666 619 1999 673 Francorum

424 736 606 782 tamen
639 722 840 793 quique
860 718 1002 787 capti
1041 722 1245 779 essent,
1270 713 1430 782 digne
1467 710 1688 765 tractari
1717 708 1996 777 iubentur.
2036 760 2039 765 ι

423 815 595 871 Erant
612 811 757 867 enim
781 808 946 878 aliqui
969 820 1156 861 eorum
1183 801 1532 858 nobilissimis
1571 799 1885 869 parentibus
1911 811 2004 865 ge-

425 902 527 958 niti
542 915 642 970 pro
660 898 938 953 obsidibus
958 895 1090 949 dati.
1108 892 1301 948 Cteteri
1316 905 1447 945 vero
1459 892 1473 908 ‘
1487 889 1651 958 aliqui
1673 902 1738 941 ex
1752 886 1998 947 Francis,

429 994 597 1064 aliqui
610 996 704 1046 'ex
721 990 1024 1045 Saxonibus
1037 998 1059 1025 ε
1075 994 1251 1049 erant,
1265 999 1400 1054 quos
1411 997 1599 1038 omnes
1620 982 1674 1034 iu
1700 981 1865 1035 unuin
1884 995 2004 1032 mu-

428 1079 742 1141 niticentiall
762 1079 927 1149 regali
950 1078 1241 1131 honoratos
1268 1086 1291 1113 ε
1314 1072 1708 1144 postdecimam
1731 1080 2006 1125 octavam-

430 1188 536 1243 que
551 1171 712 1234 diem,
738 1184 843 1238 qua
864 1168 1005 1237 capti
1032 1167 1266 1230 fuerant,
1300 1163 1526 1218 remittit
1547 1163 1613 1215 ad
1633 1160 1868 1230 propria,
1899 1174 2007 1213 non

430 1265 629 1321 debere
656 1262 840 1318 dicens
873 1259 1136 1315 victorem
1167 1255 1541 1310 inclementem
1570 1253 1729 1306 victis
1749 1251 2003 1304 existere.

499 1352 589 1407 96.
611 1352 795 1406 Primo
821 1351 1018 1419 quippe
1044 1349 1128 1403 die
1147 1346 1365 1416 pridief
1393 1344 1751 1397 Kalendarum
1767 1340 2012 1409 Septem-

430 1441 611 1498 brium
639 1448 828 1496 contra
853 1439 1270 1493 Nemausensem
1302 1435 1492 1488 urbem
1514 1448 1544 1486 a
1571 1432 1771 1487 nostris
1819 1432 2011 1484 initum

432 1541 519 1589 est
539 1531 761 1587 bellum.
785 1528 1042 1598 Sequenti
1075 1527 1162 1581 die
1208 1525 1566 1579 Kalendarum
1617 1520 2013 1590 Septembrium

437 1620 673 1693 civitatis
698 1619 868 1688 ipsius
891 1617 1118 1685 irruptio
1141 1615 1285 1669 facta
1302 1622 1406 1668 est.
1431 1612 1615 1667 Tertio
1648 1625 1863 1679 quoque
1905 1610 2012 1674 die,

439 1702 531 1778 qui
562 1707 663 1761 fuit
691 1710 717 1748 ⁸
776 1713 973 1775 quarto
1032 1704 1306 1759 Nonarum
1365 1698 1779 1768 Septembrium,
1819 1697 2017 1771 Paulus

2099 628 2353 669 coronam
2390 611 2538 666 illam
2571 624 2813 673 auream,
2847 623 3010 677 quam
3047 608 3183 663 divae
3219 608 3494 663 memoria:
3538 606 3679 664 Rec-

2101 696 2327 760 caredus
2346 704 2597 773 princeps
2616 702 2684 756 ad
2699 715 2893 769 corpus
2925 699 3222 755 beatissimi
3239 698 3436 754 Felicis
3473 699 3687 754 obtule-

2102 805 2207 861 rat,
2242 809 2404 864 qnam
2436 793 2575 847 idem
2601 791 2800 844 Paulus
2846 789 3036 863 insano
3059 788 3222 858 capiti
3257 803 3356 843 suo
3408 789 3691 856 imponere

2103 901 2267 941 ausus
2291 891 2412 939 est:
2454 889 2563 936 tota
2585 882 2700 935 haec
2723 880 2775 934 in
2788 894 2954 934 unum
2980 878 3203 934 collecta
3255 877 3547 932 studiosius
3595 892 3691 931 or-

2103 977 2315 1031 dinaret
2339 987 2639 1035 secernere,
2668 978 2724 1025 et
2745 968 3108 1030 devotissime,
3140 976 3304 1037 prout
3323 967 3519 1036 cuique
3537 982 3693 1021 como

2105 1066 2321 1137 petebat
2346 1062 2608 1125 ecclesiae,
2636 1059 2943 1114 intenderet
2980 1056 3301 1113 reformare.

2176 1155 2267 1208 2⁸7.
2296 1153 2478 1208 Tertia
2506 1150 2621 1219 iam
2645 1156 2766 1219 post
2802 1148 3081 1204 victoriam
3120 1147 3421 1202 victoribus
3457 1146 3696 1202 advene-

2110 1255 2195 1300 rat
2217 1244 2349 1307 dies,
2374 1250 2431 1297 et
2462 1240 2661 1295 Paulus
2710 1241 2825 1308 ipse
2866 1245 3091 1292 onustus
3133 1235 3281 1290 ferro
3318 1251 3441 1290 cum
3483 1235 3703 1291 caeteris

2110 1333 2422 1391 consedenti
2445 1332 2501 1386 in
2520 1332 2717 1386 throno
2737 1329 2967 1399 principi
3008 1328 3312 1382 exhibetur.
3360 1326 3512 1382 Tunc
3554 1327 3704 1381 anti-

2114 1436 2347 1491 quorum
2374 1434 2524 1474 more
2550 1432 2716 1472 curva
2764 1417 2918 1486 spina
2959 1415 3106 1471 dorsi
3140 1414 3384 1485 vestigiis
3431 1415 3707 1484 regalibus

2114 1527 2210 1567 sua
2232 1510 2371 1565 colla
2393 1508 2682 1574 submittit,
2708 1507 2901 1562 deinde
2921 1520 3105 1561 coram
3128 1505 3456 1560 exercitibus
3489 1504 3707 1560 cunctis

2116 1601 2451 1670 adiudicatur
2507 1614 2631 1653 cum
2674 1597 2888 1652 caeteris
2938 1596 3312 1650 universorum
3364 1594 3589 1663 iudicio,
3637 1604 3706 1650 ut

2117 1698 2346 1745 mortem
2377 1688 2654 1757 exciperet
2677 1687 2725 1750 ιε,
2757 1686 2852 1754 qui
2874 1693 3101 1739 mortem
3133 1684 3362 1753 principi
3404 1699 3709 1753 praeparas-

442 1775 707 1868 tyratmus
741 1795 938 1849 celebri
959 1800 1147 1862 captus
1189 1789 1494 1845 detentione
1543 1786 1865 1842 devincitur.
1913 1783 2019 1839 Sed
2051 1861 2091 1868 _
2121 1789 2204 1836 set
2235 1779 2279 1833 ι.
2308 1779 2417 1834 Sed
2436 1778 2580 1833 nulla
2603 1777 2795 1831 mortis
2813 1791 2975 1844 super
2993 1790 3089 1830 eos
3123 1775 3271 1829 illata
3298 1775 3581 1837 sententia,
3613 1776 3709 1831 de-

439 1861 563 1957 post
583 1887 703 1941 haec
728 1884 965 1953 religiosi
1004 1861 1261 1952 principis
1296 1879 1509 1934 animus
1558 1879 1623 1933 de
1682 1876 2020 1946 reparatione
2051 1861 2096 1919 Β
2123 1869 2438 1926 calvationis
2458 1875 2664 1922 tantum
2678 1864 2988 1935 praecipitur
3021 1875 3061 1902 ω
3084 1864 3354 1919 sustinere
3390 1864 3707 1918 vindictam.

441 1976 668 2044 irruptte
695 1974 847 2028 urbis
870 1971 1128 2026 sollicitus
1151 1969 1332 2023 statim
1360 1982 1638 2037 murorum
1679 1980 1810 2035 cava
1854 1962 2025 2018 refor-

442 2071 578 2127 mat,
600 2063 845 2116 incensas
890 2069 1074 2129 portas
1125 2066 1366 2119 renovat,
1434 2055 1714 2124 insepultis
1760 2052 2025 2107 tumulum

441 2158 678 2222 praestat,
706 2148 895 2203 incolis
913 2147 1145 2202 ablatam
1185 2145 1422 2213 praedam
1451 2143 1759 2205 restituens,
1805 2150 1861 2194 et
1884 2140 2029 2194 exul-

443 2247 626 2298 cerata
683 2254 909 2310 qumque
971 2237 1186 2307 publico
1244 2234 1437 2290 aerario
1484 2233 1690 2288 fovens.
1731 2222 1891 2287 lubet
1943 2240 2026 2291 ta-

442 2351 573 2394 men
597 2332 836 2389 thesauri
884 2346 1097 2387 omnem
1124 2344 1295 2398 .quam
1335 2335 1589 2396 ceperant
1608 2327 1637 2364 ιι
1661 2325 1891 2394 copiam,
1946 2324 2025 2379 di—

442 2424 720 2497 ligentiori
734 2437 955 2478 servare
982 2420 1244 2482 custodia,
1276 2432 1383 2472 non
1419 2416 1658 2469 avaritia:
1680 2412 2025 2483 quazstuille-

440 2525 584 2582 otiis,
611 2515 706 2571 sed
738 2529 921 2569 amore
948 2512 1128 2567 divino
1171 2517 1493 2580 provocatus
1525 2522 1539 2561 :
1583 2506 1787 2562 scilicet
1826 2512 1886 2558 ut
1939 2518 2027 2558 res

420 2604 1039 2671 ‘sacratteDeot’acilius
1085 2608 1303 2671 possent
1346 2599 1552 2655 secerni
1589 2600 1633 2662 ί,
1682 2605 1738 2650 et
1796 2594 2029 2650 cultibus

447 2695 643 2750 divinis
692 2693 921 2748 restitui.
976 2691 1356 2747 Cumulaverat
1411 2689 1552 2743 enim
1615 2685 2029 2740 nefandissimus

447 2784 565 2855 ipse
589 2782 603 2832 i
636 2783 833 2837 Paulus
851 2790 1071 2850 peccato
1088 2787 1391 2849 peccatum,
1407 2778 1533 2832 dum
1557 2775 1824 2846 tyrannidi
1840 2773 2026 2842 adiun-

446 2882 599 2947 geret
625 2873 987 2941 sacrilegium.
1028 2879 1046 2894 '
1080 2871 1216 2925 Nam
1246 2880 1306 2924 ut
1327 2870 1543 2938 quidam
1578 2867 1793 2937 sapiens
1834 2867 1979 2929 dicit,
2010 2867 2026 2884 ‘

450 2964 556 3020 nisi
573 2963 744 3019 sacris
766 2962 1013 3018 ecclesiis
1034 2961 1306 3017 intulisset
1332 2959 1582 3029 spolium,
1601 2972 1709 3012 non
1725 2965 1871 3012 esset
1890 2955 2029 3010 unde

2127 1963 2425 2018 Ferebatur
2480 1969 2660 2016 tamen
2719 1955 3078 2026 quorumdam
3123 1955 3306 2023 opinio
3365 1964 3394 1992 ιι
3466 1954 3711 2010 Francos

2128 2051 2448 2124 quantocius
2462 2051 2530 2105 ad
2551 2048 2883 2117 ereptionem
2910 2045 3053 2112 capti
3076 2059 3384 2100 occurrere.
3419 2043 3525 2099 Sed
3560 2044 3716 2112 priu-

2129 2159 2257 2213 ceps
2274 2132 2616 2197 occasionem
2650 2152 2773 2194 cum
2814 2136 3038 2191 Francis
3071 2135 3352 2204 przelfandi
3400 2135 3714 2203 opperiens,

2131 2248 2232 2288 nec
2261 2232 2434 2287 solum
2455 2230 2611 2284 istius
2635 2242 2830 2291 causa},
2869 2225 2961 2280 sed
2989 2232 3044 2280 et
3081 2226 3383 2294 praeteritas
3402 2225 3578 2293 gentis
3601 2240 3718 2280 suae

2131 2323 2352 2392 cupiens
2374 2321 2647 2376 vindicare
2673 2316 2898 2385 iniurias
2922 2316 3224 2370 sustinebat
3245 2315 3486 2383 quotidie
3525 2314 3716 2369 animo

2126 2414 2254 2469 forti
2278 2420 2603 2481 exspectans
2638 2408 2849 2463 illorum
2872 2420 3155 2460 occursum
3193 2422 3206 2457 :
3241 2404 3508 2460 decertari
3536 2403 3719 2457 modis

2126 2503 2377 2560 omnibus
2420 2500 2710 2569 parabatur
2746 2505 2771 2531 ο
2809 2496 2957 2550 :sed
3004 2509 3129 2549 cum
3172 2492 3305 2548 nulli
3349 2492 3543 2548 Franci
3568 2504 3596 2542 Ρ
3643 2494 3717 2547 ad

2127 2590 2433 2650 bellandum
2452 2590 2790 2650 accederent,
2814 2587 2930 2656 ipse
2952 2585 3133 2654 petius
3151 2595 3178 2634 ει
3211 2584 3320 2638 illis
3356 2599 3418 2638 se
3460 2599 3712 2638 occursu-

2130 2701 2251 2751 rum
2273 2685 2586 2746 devoverat,
2607 2680 2709 2735 nisi
2746 2685 3015 2733 maturato
3042 2676 3125 2732 sui
3165 2676 3343 2730 cordis
3391 2690 3723 2744 suorumque

2132 2776 2451 2844 optimatum
2470 2778 2813 2828 revocaretur
2834 2768 3083 2832 consilio,
3103 2781 3172 2821 ne
3190 2766 3431 2835 disrupta
3456 2765 3724 2834 pactionis

2137 2866 2279 2919 intr
2297 2873 2583 2932 utramque
2604 2870 2817 2932 gentem
2839 2857 3127 2928 promissio
3180 2855 3475 2924 impetendi
3496 2859 3686 2926 sangui
3708 2885 3737 2895 -

2136 2956 2219 3010 nis
2251 2963 2395 3010 esset
2429 2953 2664 3008 occasio.
2697 2950 2805 3005 Sed
2830 2963 2953 3004 cum
2975 2956 3167 3002 contra
3186 2947 3288 3000 hos
3313 2956 3359 3011 τ,
3413 2954 3473 3000 ιιι
3516 2946 3726 3001 dictum

450 3070 609 3111 suum
637 3054 853 3111 ﬂoreret
873 3054 1147 3110 azrarium.
1172 3051 1325 3106 Unde
1346 3049 1546 3106 factum
1573 3056 1678 3115 est,
1701 3056 1762 3102 ut
1780 3063 1909 3103 vasa
1946 3063 2035 3101 ar-
2059 3035 2106 3096 ϐ
2136 3057 2241 3115 est,
2264 3048 2462 3104 bellum
2489 3044 2756 3101 conﬁcere
2775 3042 3075 3105 moliretur,
3089 3038 3203 3107 iam
3223 3045 3414 3108 quarta
3441 3038 3556 3094 dies
3577 3038 3729 3093 ciliu-

637 3156 648 3170 “
1741 3160 2018 3218 ΤΕΧΤΗΞ
2054 3161 2418 3220 TUDENSIS.

354 3260 357 3263 ’
455 3258 566 3320 nis'
579 3255 722 3325 capti
727 3254 985 3325 jacerent,
999 3250 1256 3325 gloriosus
1269 3250 1505 3321 princeps
1518 3250 1685 3325 dixit:
1698 3247 1808 3303 Cur
1818 3251 1871 3325 in
1886 3258 2036 3325 tanto

455 3325 598 3382 malo
627 3319 861 3384 vesania:
909 3319 1277 3392 pro'rupistis,‘
1315 3326 1372 3392 ut
1409 3333 1514 3392 pro
1542 3319 1700 3374 bonis
1729 3320 1869 3373 mala
1905 3321 2036 3375 mihi

453 3394 756 3461 reddentis.
785 3392 892 3447 Sed
909 3388 1000 3445 Ὶιίσ
1038 3388 1165 3460 quid
1199 3388 1577 3461 moraborbite
1614 3397 1669 3442 et
1717 3396 1889 3461 estote
1934 3391 2038 3461 sub

454 3457 715 3542 custodiis
729 3461 1007 3542 deputans,
1026 3457 1305 3542 quousque
1334 3459 1400 3542 de
1424 3457 1576 3542 vpbis
1604 3472 1830 3542 censura
1849 3460 2039 3529 iudicii

455 3534 710 3605 agitetur.
738 3528 944 3605 Vivere
965 3528 1107 3585 enim
1138 3529 1289 3584 vobis
1319 3528 1545 3605 donabo,
1577 3528 1679 3581 etsi
1707 3542 1811 3605 non
1836 3544 2042 3605 merea-

457 3596 613 3665 niini.
648 3602 801 3656 Tunc
841 3601 1041 3656 divisos
1080 3614 1179 3668 per
1223 3596 1519 3668 exercitum
1552 3611 1742 3652 omnes
1772 3597 2041 3668 deputatis

458 3680 516 3734 et
547 3671 793 3752 sollicitis
827 3663 1149 3752 custodibus
1187 3667 1426 3752 tradidit.
1447 3663 1664 3752 ‘Franci
1701 3663 1910 3752 tamen,
1948 3670 2040 3752 qui

458 3741 858 3811 captifuerant,
893 3739 1107 3811 benigne
1137 3737 1357 3811 tractari
1383 3735 1659 3811 iubentur.
1701 3736 1870 3811 Erant
1894 3735 2040 3794 enim

460 3806 640 3880 aliqui
676 3825 865 3880 eorum
922 3806 1271 3880 nobiﬂssimis
1314 3806 1632 3880 parentibus
1672 3808 1839 3877 geniti
1890 3827 1902 3862 :
1949 3810 2041 3880 qui

460 3875 635 3948 Paulo
660 3878 878 3948 perﬁdo,
907 3886 1016 3930 uta
1045 3875 1269 3948 Francis
1291 3875 1336 3930 ei
1366 3875 1740 3948 subvegiretu'r,
1771 3887 1924 3932 erant
1943 3875 2041 3947 pro

460 3942 909 4012 obsidibus'dati;
943 3946 1127 4002 caeteri
1167 3957 1195 3984 ιι
1236 3961 1364 4000 vero
1398 3960 1465 3999 ex
1516 3942 1818 4001 Saxonibus
1864 3942 2037 4002 erant.

461 4015 609 4083 Quos
633 4027 661 4054 ιι
699 4020 886 4071 omnes
921 4016 973 4069 in
1009 4031 1176 4069 unum
1209 4013 1573 4069 muniﬁcentia
1614 4014 1781 4083 regali
1830 4028 2041 4072 onustos

461 4093 586 4207 post
630 4097 878 4140 octavam
935 4086 1199 4140 decimam
1244 4085 1387 4139 diem
1433 4099 1589 4152 quam
1627 4085 1769 4151 capti
1804 4083 2038 4152 fuerant,

484 4155 622 4207 ibere
655 4155 864 4207 remisit
899 4155 965 4207 ad
983 4154 1230 4207 uronria.
1277 4170 1382 4207 non
1401 4152 1618 4207 debere.
1645 4152 1848 4207 dicens.
1873 4156 2038 4207 victo-

484 4154 627 4225 ibere
655 4155 864 4209 remisit
899 4155 965 4209 ad
983 4154 1230 4225 propria,
1277 4170 1382 4225 non
1401 4152 1618 4216 debere,
1645 4152 1848 4217 dicens,
1873 4156 2043 4212 victo-

462 4238 577 4287 rem
614 4223 1002 4279 inclementem
1028 4224 1186 4278 vietis
1224 4223 1478 4277 existere.

534 4291 624 4348 26.
667 4293 849 4347 Primo
899 4295 983 4347 die
1032 4293 1259 4348 Kalend.
1297 4292 1441 4362 Sept.
1475 4300 1679 4362 contra
1711 4290 2041 4350 Nemausen-

461 4378 578 4425 sem
610 4364 800 4419 urbem
827 4381 855 4417 a
882 4364 1081 4418 nostris
1133 4361 1434 4416 inchoatum
1492 4369 1575 4417 est
1602 4361 1798 4417 bellum
1826 4381 1838 4417 :
1887 4375 1935 4418 et
1963 4383 2042 4421 se-

460 4436 639 4509 quenti
670 4436 764 4509 die
785 4434 1018 4509 civitatis
1049 4433 1221 4509 ipsius
1273 4431 1499 4509 irruptio
1546 4431 1848 4509 facta_est:
1888 4437 2041 4509 tertia

463 4448 637 4503 quem:
670 4448 755 4487 ate
785 4448 1018 4489 etvuatts
1051 4448 1221 4504 tpsnus
1273 4448 1384 4486 ll‘l‘ll

463 4504 690 4580 (ﬁloque
710 4503 814 4567 die,
842 4520 959 4580 q‘ut-e
982 4503 1091 4580 .fuit
1124 4511 1317 4580 quarto

465 4570 647 4653 ciuitas
672 4570 994 4653 ipsaceloebfi
1019 4570 1480 4653 captione_devicta
1503 4581 1597 4653 est.
1652 4570 1772 4626 Sed‘
1789 4580 1908 4643 post
1923 4574 2038 4653 haec

465 4637 711 4721 religiosi
726 4641 983 4721 principis
1013 4637 1223 4695 animus
1250 4639 1318 4694 de
1339 4641 1674 4721 reparatione
1699 4637 1863 4721 capta:
1894 4644 2042 4698 urbis

466 4707 728 4776 sollicitus
752 4707 937 4799 statim
969 4724 1244 4773 murorum
1291 4707 1422 4764 cava
1466 4707 1770 4776 reformat,
1792 4711 2042 4768 incensas

1407 4516 1631 4556 onarum
1655 4502 2034 4577 _Se_ptembris,
2067 4520 2113 4577 υ

2140 3262 2323 3324 portas
2362 3254 2592 3317 innovat,
2631 3250 2914 3324 insepultis
2952 3248 3216 3324 tumulum
3251 3257 3489 3318 praestat,
3534 3249 3730 3305 incolis

2141 3318 2374 3378 ablatam
2408 3324 2641 3391 prmdam
2666 3318 2985 3391 restituens,
3014 3330 3067 3375 et
3097 3318 3403 3391 exulcerata
3444 3334 3670 3388 quinque
3696 3329 3725 3355 ν

2140 3394 2356 3462 publico
2405 3389 2597 3447 {erario
2655 3389 2861 3446 fovens.
2903 3389 3064 3462 lubet
3131 3399 3307 3462 tamen
3357 3389 3729 3462 thesaurorum

2141 3458 2355 3517 bmnem
2390 3478 2552 3531 quam
2597 3470 2814 3529 ceperat
2855 3461 3082 3531 copiam,
3130 3458 3456 3528 diligentiori
3489 3473 3729 3531 servare

2142 3528 2425 3588 custodia}
2472 3547 2579 3585 non
2609 3531 2821 3584 illectus
2858 3530 3095 3584 avaritia:
3148 3537 3377 3597 quaestu,
3411 3528 3502 3582 sed
3543 3542 3729 3581 amore

2140 3610 2464 3670 provocatus
2485 3600 2667 3654 divino
2692 3617 2704 3652 :
2740 3600 2983 3670 scilicet,
3019 3607 3188 3670 utres
3212 3608 3437 3670 saerata:
3466 3597 3574 3670 Deo
3597 3611 3729 3670 pps-

2142 3664 2261 3726 sent
2289 3672 2499 3727 facilius
2525 3671 2764 3735 inveniri,
2792 3678 2846 3725 et
2876 3669 3109 3724 cultibus
3135 3667 3331 3723 divinis
3362 3666 3591 3721 restitui.
3620 3664 3729 3720 Cu-

2143 3742 2441 3796 mulaverat
2464 3741 2607 3795 enim
2638 3739 3056 3794 nel‘andissimus
3102 3737 3301 3792 Paulus
3339 3738 3561 3806 peccatis
3598 3750 3731 3804 pec-

2143 3818 2343 3874 eatum,
2403 3812 2527 3865 dum
2589 3809 2859 3879 tyrannidi
2899 3808 3142 3876 adiunxit
3182 3805 3730 3879 sacril'egium.___t;uia

2142 3880 2245 3935 nisi
2284 3881 2455 3936 sacris
2490 3874 2731 3935 ecclesiis
2771 3874 3043 3933 intulisset
3085 3874 3472 3948 spolium,_tion
3518 3874 3597 3948 illi
3617 3890 3731 3929 esse

2142 3950 2430 4014 videbatur,
2454 3950 2595 4004 unde
2615 3965 2770 4003 suum
2793 3948 3008 4004 ﬂoreret
3032 3944 3303 4003 aerarium.
3351 3946 3501 4001 Unde
3524 3944 3731 3999 factum

2143 4029 2245 4085 est,
2270 4029 2329 4074 ut
2352 4035 2479 4074 vasa
2507 4020 2624 4073 auri
2655 4026 2710 4073 et
2753 4020 2962 4090 argenti
3001 4018 3396 4090 quamplurima
3425 4016 3491 4069 de
3513 4015 3734 4071 thesau-

2143 4090 2219 4143 ris
2244 4090 2526 4144 dominicis
2595 4087 2838 4159 raperetf
2870 4097 2925 4159 et
2974 4103 3230 4159 coronam
3287 4087 3440 4159 illam
3483 4100 3729 4159 auream,

2143 4175 2305 4227 quam
2340 4159 2475 4213 divae
2535 4155 2812 4214 memoria:
2864 4157 3213 4227 Reccaredus,
3254 4155 3731 4227 christianissimus

2142 4224 2393 4308 princeps
2445 4227 2512 4308 ad
2559 4242 2771 4308 corpus
2819 4228 3119 4308 beatissimi
3176 4225 3373 4285 Felicis
3431 4224 3726 4308 obtulerat,

2145 4293 2285 4353 idem
2331 4293 2529 4352 Paulus
2557 4293 2745 4352 insano
2768 4297 2929 4366 capiti
2955 4314 3054 4353 suo
3098 4298 3401 4367 imponeret.
3459 4293 3591 4347 Tota
3613 4294 3732 4348 hate

2145 4367 2197 4420 in
2228 4384 2395 4422 unum
2414 4369 2639 4423 collecta
2675 4367 2823 4437 jubet
2843 4368 3080 4438 princeps
3107 4374 3268 4437 prout
3293 4366 3485 4435 cuique
3515 4377 3731 4433 compe-

2147 4439 2293 4493 tebat
2322 4438 2565 4493 ecclesia:
2580 4439 2790 4507 integre
2819 4437 3116 4507 reformari.

2214 4508 2302 4561 27.
2343 4507 2522 4561 Tertia
2571 4505 2684 4575 iam
2706 4505 2847 4575 post
2877 4505 3164 4561 victoriam
3201 4505 3497 4560 victoribus
3518 4519 3729 4575 venera;

2138 4577 2272 4641 dies,
2296 4588 2350 4633 et
2369 4572 2817 4632 Paulus'onustus
2837 4575 2981 4630 ferro
3003 4592 3126 4632 eum
3162 4576 3372 4630 caeteris
3394 4572 3729 4642 compliciba;

2141 4647 2359 4701 malitia:
2392 4664 2502 4701 saw
2525 4646 2826 4703 considenti
2850 4647 2905 4700 in
2936 4647 3129 4705 throno
3154 4645 3385 4716 principi
3402 4643 3722 4716 exhibetun

2139 4716 2291 4771 Tunc
2325 4717 2669 4788 antiquorum
2702 4731 2881 4786 more,
2910 4725 3125 4771 curvata
3154 4710 3348 4785 'spina_
3382 4714 3529 4770 dorsi
3560 4710 3730 4770 vesti-

1982 4803 2212 4869 NOTAE.

536 4909 564 4938 ι
587 4896 748 4951 Deest
774 4894 827 4948 in
850 4892 912 4947 F.
936 4902 1006 4948 et.

540 4967 570 5007 δ
596 4966 696 5030 ld.,
730 4964 909 5018 tradit.

536 5047 564 5078 ο
589 5035 710 5099 Ms.,
743 5034 1009 5104 Agonibus

538 5106 565 5146 ⁸
591 5105 690 5169 ld.,
711 5104 1059 5172 muniﬁcentt'.

545 5187 570 5215 ο
598 5173 700 5239 ld.,
728 5182 959 5227 onustos.

546 5244 567 5283 ί
590 5243 653 5297 F.
689 5258 798 5297 non
822 5243 961 5298 bene
1002 5244 1204 5309 omisit,
1240 5238 1430 5314 pridie,
1470 5250 1529 5301 ut
1572 5258 1640 5298 ex
1701 5243 2045 5314 sequentibus

469 5321 638 5387 patet.

541 5382 571 5455 Ξ
596 5380 661 5455 [ιι
688 5395 804 5455 ms._
818 5381 968 5439 deest
990 5385 1081 5454 qui
1101 5384 1221 5455 fuit.

540 5453 569 5523 ll
596 5447 659 5523 ξς
698 5450 858 5515 male,
886 5447 1162 5523 eruperant.

546 5521 566 5564 ι
602 5516 701 5574 Ms.
727 5516 1008 5575 secernere.

545 5589 561 5639 i
608 5585 671 5641 F.
690 5626 704 5651 ,
730 5586 837 5641 ille.

544 5660 573 5702 ιι
600 5656 722 5723 Ms.,
750 5659 1061 5727 exciperent.

547 5728 571 5772 ι
605 5726 712 5794 Μ..
733 5740 1131 5800 ρνωραναεδεηι.

2218 4908 2265 4946 ω.
2278 4898 2368 4970 9.,
2398 4908 2455 4953 ut
2491 4900 2812 4970 praecipitur.

2220 4978 2246 5004 υ
2276 4968 2362 5039 F_‘.,
2394 4968 2656 5039 opinione.

2220 5045 2244 5073 °
2297 5037 2374 5092 Id.
2415 5033 2435 5090 ε’
2481 5038 2588 5093 Sed
2630 5039 2889 5109 princeps.
2933 5074 2948 5088 .
2993 5074 3007 5088 .
3048 5034 3355 5109 sustinebat.
3513 5033 3724 5086 illorum

2147 5123 2439 5227 gccursum,
2466 5124 2583 5160 cum
2603 5103 2789 5178 quibus
2809 5103 3074 5160 decertare
3101 5104 3269 5159 modis
3293 5103 3531 5158 omnibus
3562 5117 3726 5170 para-

2181 5194 2210 5227 α
2240 5216 2254 5227 .

2181 5185 2254 5229 αι.

2220 5258 2250 5297 ιι
2275 5246 2376 5311 ld.,
2406 5247 2581 5301 nullus
2605 5263 2633 5300 ε
2653 5245 2897 5299 Francis.

2219 5327 2248 5367 (ι
2277 5316 2381 5387 ld.,
2415 5318 2581 5387 prius.

2224 5396 2247 5424 ι’
2282 5386 2369 5451 Ι).,
2390 5387 2509 5441 hoc.

2223 5466 2245 5495 ³
2271 5455 2421 5526 Hisp.
2447 5456 2667 5520 illustr.,
2697 5456 2972 5526 pactionis.

2229 5528 2248 5562 ί
2270 5525 2349 5595 lbi
2370 5525 2473 5579 sed
2505 5541 2602 5595 pro
2640 5525 2835 5579 ceteri.

2223 5607 2251 5636 ιι
2279 5594 2356 5665 lbi
2381 5606 2492 5665 post
2508 5594 2618 5664 pro
2645 5610 2794 5663 quos.

2224 5674 2251 5701 '
2288 5664 2389 5722 Ms.
2405 5705 2421 5732 ,
2447 5681 2665 5737 quoque.
