4028 6176
403 345 512 403 ’1⁸13

1268 347 1451 403 msr.
1495 340 1946 402 REBELLIONIS
1983 343 2188 400 mnu
2226 344 2389 401 snv.
2431 300 2764 400 vinitam.

3552 343 3655 398 79$

1678 453 1954 511 TEXTUS
1992 453 2272 510 LEGITIM
2283 454 2388 511 US.

406 554 581 613 xerat,
602 561 670 602 ex
693 562 802 617 quo
825 554 879 603 et
897 546 1119 601 Paulum
1144 554 1359 616 ceperat
1386 557 1436 611 ι,
1464 553 1482 566 '
1517 553 1572 601 et
1593 538 1830 600 adversae
1853 559 1983 614 gen-
2009 550 2058 604 Α
2086 552 2138 597 te
2166 542 2280 611 jam
2303 544 2508 615 gladios
2535 544 2648 599 suis
2672 544 2955 598 imminere
3003 542 3306 599 cervicibus
3351 556 3662 614 cernerent,

407 640 477 693 tis
503 652 789 693 occursum
812 637 1159 692 nihilominus
1180 637 1499 692 sustinebat.
1525 638 1541 656 '
1562 635 1671 691 Sed
1692 636 1836 689 nulla
1883 636 1984 690 bo-

405 730 507 785 stis
534 727 901 797 przesumptio,
926 725 1105 781 nullus
1128 734 1369 791 eventus,
1394 725 1537 779 nulla
1555 740 1779 794 prorsus
1818 724 1983 779 hosti-

404 819 473 875 lis
504 817 787 881 conventio
808 817 1225 881 monstrabatur.
1255 814 1462 884 Quippe
1512 830 1633 869 cum
1679 822 1733 869 et
1761 815 1789 854 ιι
1821 814 1984 869 Fran-

405 908 504 963 cia:
525 905 897 962 munitissimae
922 904 1215 972 urbesjum
1247 905 1494 958 ultimum
1526 904 1629 967 sui,
1676 912 1735 956 ut
1776 902 1981 957 fereba-

407 1006 516 1062 tur,
545 995 812 1066 excidium
838 994 1197 1062 deplorarent,
1222 1003 1276 1048 et
1301 994 1446 1049 cives
1463 993 1661 1063 quique
1681 1007 1887 1055 earum,
1916 1006 1982 1046 ne

404 1104 435 1143 a
458 1087 657 1142 nostris
678 1085 1120 1156 praevenirentur,
1159 1084 1361 1139 relictis
1382 1084 1605 1137 urbibus
1649 1081 1803 1152 longe
1857 1081 1984 1136 late-

404 1195 511 1250 que
530 1178 749 1233 inecrtis
799 1178 1015 1231 sedibus
1067 1184 1408 1246 vagarentur,
1452 1174 1733 1230 latebrosis
1776 1173 1980 1228 scilicet

404 1272 573 1326 vitam
622 1267 953 1338 compendiis
1012 1267 1337 1322 munientes.
1408 1266 1541 1320 Nam
1593 1274 1647 1320 et
1702 1265 1982 1335 religiosus

404 1361 654 1431 princeps
675 1357 886 1413 eminus
908 1372 939 1410 a
963 1356 1314 1411 Nemausensi
1336 1367 1358 1394 ο
1384 1356 1517 1410 urbe
1557 1356 1611 1409 in
1651 1354 1811 1424 plana
1856 1370 1980 1410 cum

406 1450 647 1505 exercitu
674 1447 1023 1501 consistebat.
1048 1445 1163 1500 lllic
1191 1454 1369 1500 castra
1392 1444 1589 1514 posuit,
1630 1445 1875 1514 miraque
1893 1460 1982 1500 ce-

406 1538 617 1594 leritate
645 1552 800 1592 muro
826 1538 1136 1592 ﬁrmissimo
1153 1536 1179 1576 ἀ
1209 1536 1581 1592 circumdedit.
1612 1535 1713 1592 Ubi
1739 1552 1862 1591 cum
1886 1537 1982 1592 ad-

403 1635 624 1683 ventum
653 1626 886 1681 bostium
910 1625 1215 1691 sustineret,
1245 1626 1423 1680 subito
1448 1625 1802 1694 praecurrenti
1834 1641 1978 1679 nun-

404 1717 482 1771 tio
500 1715 649 1771 audit
672 1731 838 1770 unum
860 1731 891 1769 e
921 1715 1148 1769 ducibus
1176 1714 1419 1770 Francia:
1441 1716 1656 1770 nomine
1681 1716 1889 1785 Lupum
1923 1715 1979 1769 in

405 1807 708 1861 Beterrensi
759 1805 1034 1860 territorio
1086 1805 1353 1860 hostiliter
1398 1806 1708 1861 accessisse.
1768 1805 1919 1861 Unde
1954 1808 1975 1835 λ’

2085 637 2150 691 de
2165 638 2480 707 compendio
2492 637 2629 708 fugm
2642 638 2806 692 vitam
2820 654 2879 693 se
2904 637 3148 693 luerasse
3165 640 3191 679 ε
3217 644 3583 696 monstrarent
3603 644 3661 697 ιι.

2084 726 2277 782 Multas
2302 729 2505 783 scilicet
2527 730 2734 798 prazdas
2757 729 2811 782 in
2832 728 2934 782 hac
2957 729 3260 784 turbatione
3285 730 3485 786 nostris
3506 747 3662 787 excr-

2084 820 2277 875 citibus
2302 820 2683 890 relinquentes,
2724 828 2834 874 tam
2857 821 2922 874 de
2964 820 3272 876 hominibus
3309 822 3401 890 qui
3454 836 3546 876 eos
3570 837 3658 878 se-

2083 910 2173 978 qui
2198 925 2306 963 non
2344 919 2611 978 poterant,
2638 925 2799 978 quam
2824 911 2987 964 etiam
3006 910 3071 964 de
3090 910 3352 977 iumentis
3397 912 3511 965 sive
3535 914 3664 968 sub-

2083 999 2315 1063 stantiis,
2342 1014 2461 1067 quae
2490 999 2860 1068 multipliciter
2879 1007 2933 1053 et
2962 1001 2978 1040 ἱ
3012 999 3266 1069 plaustris
3296 1001 3398 1055 sibi
3425 1001 3663 1056 adduxe-

2080 1095 2203 1141 rant
2224 1087 2535 1142 sull‘eetura.
2564 1088 2630 1142 Et
2670 1089 2854 1157 utique
2877 1088 2991 1157 jam
3018 1088 3155 1143 lecta
3184 1089 3500 1144 bellantium
3542 1107 3660 1145 ma-

2081 1193 2183 1232 nus
2206 1194 2235 1231 a
2260 1179 2498 1248 principe
2520 1178 2784 1233 destinata
2832 1189 3044 1248 poterat
3090 1194 3185 1234 eos
3233 1181 3568 1251 belligerosis
3608 1184 3662 1237 in

2081 1268 2329 1323 curribus
2357 1267 2369 1317 i
2404 1269 2653 1337 assequi;
2691 1271 2786 1323 sed
2815 1280 2921 1324 tam
2946 1271 3160 1325 sordida
3202 1270 3416 1326 illorum
3457 1272 3664 1327 exstitit

2082 1356 2226 1427 fuga,
2251 1371 2315 1411 ac
2335 1357 2497 1411 etiam
2528 1365 2635 1410 tam
2657 1358 2820 1411 citata
2848 1358 3033 1412 finium
3058 1374 3276 1414 suorum
3311 1374 3665 1417 occurrerunt

2081 1447 2322 1512 latibula,
2347 1455 2408 1501 ut
2429 1463 2536 1516 quo
2568 1446 2832 1523 fugerent,
2876 1463 2983 1517 quo
3013 1449 3237 1504 laterent
3285 1461 3447 1518 atque
3486 1452 3666 1507 consi-

2080 1545 2307 1601 sterent,
2339 1537 2482 1591 nulla
2506 1539 2727 1593 omnino
2756 1546 3106 1593 censerentur
3129 1540 3157 1579 k
3184 1540 3410 1610 vestigia
3452 1540 3471 1580 ι
3532 1543 3661 1597 reli-

2078 1628 2283 1695 quisse.

2150 1714 2238 1769 28.
2275 1715 2426 1771 Unde
2469 1724 2744 1784 comperto
2788 1718 3074 1787 princeps,.
3102 1719 3244 1787 quod
3285 1718 3497 1789 Lupum
3536 1735 3661 1775 cum

2080 1808 2290 1862 caeteris
2309 1808 2550 1862 invenire
2582 1824 2688 1862 non
2730 1815 2913 1875 posset
2934 1820 2996 1874 ω,
3035 1809 3244 1877 placida
3288 1810 3668 1879 progressione

403 1898 588 1968 quinta
601 1896 712 1965 jam
737 1905 1023 1966 postquam
1060 1896 1285 1951 Paulum
1320 1904 1535 1966 ceperat
1560 1909 1584 1935 ε
1609 1898 1714 1962 die,
1769 1898 1834 1953 de
1877 1897 1981 1951 Ne-
2009 1894 2054 1954 B
2080 1896 2384 1952 Narbonam
2403 1898 2753 1963 contendens,
2774 1899 2962 1953 urbem
2982 1900 3154 1954 victor
3175 1900 3491 1970 ingreditur.
3517 1900 3663 1955 Ubin

403 1987 677 2042 mausensi
715 1988 848 2041 urbe
878 1991 898 2007 '
951 2000 1218 2057 egressus,
1273 1988 1481 2041 concita
1526 1988 1808 2042 velocitate
1856 2003 1979 2043 cum

402 2075 642 2131 exercitu
671 2089 986 2144 properans,
1017 2075 1222 2130 delatas
1245 2076 1451 2130 inimici
1477 2076 1627 2132 nisus
1646 2085 1730 2131 est
1775 2092 1981 2148 praeve~

401 2168 521 2223 nire
542 2167 784 2222 insidias.
812 2168 918 2221 Sed
944 2166 1128 2237 Lupus
1152 2169 1264 2237 ipse
1305 2168 1461 2237 juxta
1487 2169 1665 2223 villam
1706 2171 1791 2225 cui
1813 2169 1982 2240 Aspe-

402 2258 556 2312 riano
578 2258 894 2312 vocabulum
919 2258 1110 2324 fertur,
1139 2274 1440 2329 regressum
1460 2261 1717 2329 principis
1735 2261 1977 2329 audiens,

402 2348 477 2402 ita
517 2348 841 2403 terriﬁcatus
885 2348 1111 2419 aufugit,
1164 2358 1224 2403 ut
1272 2349 1542 2404 exercitus
1594 2351 1735 2414 duci,
1777 2360 1832 2405 et
1873 2352 1979 2405 dux

403 2439 664 2493 exercitui
693 2440 969 2493 videretur
1002 2439 1208 2493 deesse.
1236 2438 1353 2494 Non
1370 2440 1513 2493 enim
1544 2440 1795 2511 fugiendo
1823 2441 1842 2479 ί
1853 2482 1867 2507 ,
1894 2442 1978 2496 vel

404 2528 518 2599 ipse
543 2544 668 2584 suos
706 2529 981 2594 sustinuit,
1006 2530 1087 2584 vel
1112 2529 1193 2584 sui
1216 2545 1340 2584 eum
1374 2538 1662 2600 potuerunt
1688 2532 1797 2587 ullo
1820 2520 1979 2588 modo

402 2620 635 2688 assequi.
661 2619 865 2690 Quippe
893 2634 1119 2688 quorum
1147 2621 1221 2673 ita
1244 2636 1443 2689 pavore
1464 2622 1721 2676 dissoluta
1766 2610 1978 2678 fuerant

402 2713 584 2776 corda,
606 2720 664 2765 ut
696 2727 802 2766 non
824 2719 934 2764 tam
974 2711 1228 2780 dispersis
1264 2713 1472 2766 viarum
1507 2712 1758 2778 aditibus,
1815 2729 1977 2783 quam

401 2802 665 2858 montium
692 2802 977 2874 pueruptis
998 2801 1162 2870 elapsi
1186 2802 1388 2872 pariter
1407 2811 1461 2857 et
1485 2811 1785 2869 currentes,
1824 2813 1983 2874 utpo-

2079 1988 2321 2058 disrupta
2346 2003 2573 2058 quaeque
2596 1989 2958 2044 Narbonensis
2981 1991 3272 2059 provinciae
3296 2006 3473 2054 exesa,
3501 1999 3663 2060 atque

2080 2078 2321 2147 depasta,
2347 2082 2365 2099 '
2395 2094 2514 2147 quae
2533 2080 2707 2134 eidem
2741 2087 2900 2134 terra:
2957 2082 3169 2151 magnis
3212 2081 3452 2137 febribus
3500 2082 3666 2136 anhe-

2079 2167 2231 2232 lanti,
2259 2167 2654 2235 deprmdatione
2678 2175 2987 2223 nostrorum
3022 2178 3073 2223 et
3098 2171 3408 2228 incursione
3439 2172 3661 2241 appulsa

2085 2264 2233 2320 sunt,
2265 2271 2489 2309 tnunere
2523 2256 2699 2325 placat
2722 2265 2768 2321 °,
2793 2260 2810 2277 “
2837 2257 3186 2325 dispositione
3211 2258 3485 2322 reformat,
3533 2275 3663 2314 cou-

2070 2344 2224 2401 eciliis
2244 2346 2477 2401 instruit:
2509 2346 2719 2401 Statum
2743 2362 2955 2415 quoque
2982 2363 3164 2401 rerum
3198 2349 3333 2401 mira
3362 2363 3497 2417 pace
3510 2362 3663 2403 com-

2083 2441 2252 2510 ponit.
2281 2441 2443 2496 Leeta
2469 2440 2575 2496 illic
2604 2442 2850 2510 praesidia
2873 2442 3189 2496 bellatorum
3237 2443 3479 2506 dimittit,
3520 2442 3662 2496 radi—

2084 2545 2176 2585 ces
2201 2532 2268 2586 ab
2290 2547 2352 2585 ea
2378 2532 2556 2585 omnis
2580 2532 2886 2587 rebellionis
2926 2534 3165 2588 detersit.
3214 2531 3428 2587 Judteos
3461 2533 3660 2603 abegit,

2084 2623 2459 2679 clementiores
2492 2624 2714 2678 urbibus
2740 2631 2977 2678 rectores
3010 2622 3261 2687 instituit,
3286 2636 3383 2691 per
3406 2636 3543 2691 quos
3564 2622 3666 2675 uti-

2084 2729 2190 2784 que
2231 2713 2367 2767 tanti
2410 2713 2535 2766 mali
2584 2704 2890 2781 plaCaretur
2933 2712 3157 2778 offensa,
3199 2722 3253 2768 et
3310 2723 3660 2783 constuprata

2084 2805 2251 2860 tantis
2272 2801 2521 2858 sordibus
2542 2810 2686 2857 terra
2709 2816 2850 2859 novo
2867 2800 3194 2870 iudiciorum
3226 2802 3548 2871 baptismate
3570 2803 3664 2858 da}

1702 2936 1980 2995 TEXTUS
2014 2934 2355 2993 TUDENSIS

406 3029 511 3103 giis
552 3025 823 3103 regalibus
883 3039 978 3103 sua
1031 3024 1181 3103 colla
1205 3025 1491 3103 submittit.
1542 3025 1743 3103 Deinde
1798 3042 1981 3103 coram

400 3093 727 3156 Exercitibus
760 3096 970 3150 cunctis
1006 3093 1342 3163 adjudicatur
1369 3110 1490 3149 cum
1521 3097 1731 3151 caneris
1773 3098 1984 3151 univer-

403 3182 589 3247 sorum
616 3165 839 3247 judicio,
886 3172 945 3217 ut
992 3171 1220 3247 mortem
1270 3166 1561 3247 exciperet,
1610 3167 1702 3234 qui
1748 3175 1979 3247 mortem

402 3233 634 3311 principi
663 3242 1041 3311 prmparasset.
1074 3233 1179 3288 Sed
1221 3234 1384 3311 noluit
1419 3233 1656 3311 princeps
1678 3252 1765 3311 eos
1792 3237 1983 3311 mortis

402 3305 658 3364 sententia
687 3305 918 3373 perdere,
953 3305 1041 3357 sed
1070 3312 1278 3359 tantum
1300 3305 1684 3360 deealvationis
1724 3306 1982 3360 derisione

402 3395 489 3435 eos
525 3376 761 3446 pra’cipit
786 3374 996 3446 onustos
1041 3374 1179 3443 ferro
1211 3373 1279 3427 ad
1305 3390 1531 3446 pra'sens
1585 3377 1851 3446 sustinere
1871 3375 1983 3429 vin-

403 3441 623 3504 dictam.
661 3441 957 3499 Ferebatur
984 3441 1107 3496 tunc
1135 3441 1489 3513 quorumdam
1515 3445 1716 3513 opinio,
1744 3445 1983 3499 Francos

403 3527 453 3572 et
493 3515 801 3570 Teutonicos
831 3513 897 3568 ad
943 3513 1274 3582 ereptionem
1328 3513 1489 3567 Pauli
1520 3515 1844 3582 quantocius
1878 3513 1984 3568 fes-

402 3588 599 3642 tinare.
658 3582 768 3638 Sed
806 3583 1057 3651 princeps
1091 3599 1194 3636 non
1228 3582 1400 3636 solum
1450 3584 1510 3637 ob
1548 3584 1683 3636 hanc
1747 3598 1978 3645 causam,

403 3669 581 3710 verum
607 3654 765 3707 etiam
797 3653 866 3705 ob
896 3653 1072 3721 gentis
1099 3667 1209 3705 sua:
1233 3652 1539 3720 praeteritas
1562 3651 1790 3719 injurias
1816 3652 1985 3721 vincli-

402 3724 621 3785 candas,
660 3736 783 3775 cum
830 3721 1054 3775 Francis
1106 3722 1345 3789 cupiebat
1400 3721 1575 3789 acrius
1620 3721 1984 3789 decertare,“

402 3792 709 3849 sustinebat
733 3789 974 3858 quotidie
1015 3788 1194 3843 animo
1230 3789 1457 3857 fortiori.
1511 3788 1617 3844 Sed
1664 3804 1784 3845 cum
1810 3788 1985 3843 nullus

402 3880 432 3918 e
461 3860 691 3914 Francis
729 3859 797 3912 ad
830 3858 1135 3929 bellandum
1187 3858 1476 3929 accederet,
1504 3858 1617 3929 ipse
1666 3858 1848 3929 potius
1880 3858 1986 3912 illis

401 3947 465 3986 se
491 3942 842 3983 occursurum
904 3927 1211 3989 devoverat,
1266 3926 1367 3980 nisi
1402 3926 1685 3994 ﬁdelitatis'
1707 3941 1987 3983 revocare-

402 4009 499 4055 tur
521 3996 784 4053 consilio:
826 4011 891 4049 ne
941 3998 1084 4067 pacis
1141 3996 1283 4067 inter
1316 4002 1601 4067 utramque
1652 4007 1863 4067 gentem
1890 3998 1987 4067 ᾐν-

401 4069 740 4147 mata‘paclio
772 4065 1097 4147 rumperetur
1120 4083 1153 4119 a
1187 4065 1412 4147 (lenitis.
1443 4065 1743 4147 sustinebat
1790 4065 1983 4147 autem,

404 4149 466 4194 ut
529 4135 731 4208 dictum
783 4135 895 4202 est,
946 4151 1126 4208 eorum
1165 4135 1481 4208 adventura;
1537 4146 1592 4190 et
1632 4137 1744 4206 jam
1790 4146 1985 4208 quarta

405 4210 522 4265 dies
554 4205 835 4262 efﬂuxerat
865 4222 930 4262 ex
957 4221 1064 4274 quo
1096 4205 1317 4258 Paulum
1348 4215 1592 4274 ceperat;
1631 4205 1677 4262 et
1705 4205 1849 4262 nulla
1886 4207 1984 4260 Ito-

404 4281 499 4351 stis
533 4277 900 4351 praesumptio,
925 4274 1103 4351 nullus
1130 4282 1374 4351 eventus,
1402 4276 1547 4330 nulla
1569 4293 1793 4351 prorsu_s
1818 4278 1988 4351 hosti-

405 4349 474 4403 lis
504 4343 788 4402 conventio
822 4346 1244 4417 monstrabatur.
1298 4343 1422 4417 lam
1464 4343 1717 4417 praterea
1745 4347 1987 4402 Francia:

406 4416 782 4473 munitissimae
816 4418 980 4472 urbes
1013 4414 1263 4471 ultimum
1297 4414 1401 4478 sui,
1430 4414 1491 4470 u't
1516 4416 1807 4481 ferebatur,
1841 4418 1988 4472 exei-

408 4488 556 4557 dium
583 4486 947 4557 deplorabant,
993 4493 1048 4539 et
1074 4486 1218 4557 cives
1248 4498 1434 4557 earum
1459 4502 1529 4541 ne
1560 4503 1588 4540 a
1622 4488 1821 4543 nostris
1848 4502 1989 4555 pra:-

406 4554 741 4628 venirent'ur,
780 4556 984 4628 relictis
1037 4554 1496 4628 urbibus‘longeh
1519 4557 1735 4628 lateque
1764 4554 1989 4611 incertis

409 4627 627 4697 sedibus
659 4626 999 4697 vagabantur,
1048 4624 1330 4697 latebrosis
1386 4624 1592 4697 scilicet
1638 4624 1805 4681 vitam
1843 4642 1991 4681 eom-

406 4696 618 4777 pendiis
691 4696 1013 4777 munientes.
1049 4696 1213 4777 _Nam
1265 4706 1320 4777 et
1380 4696 1664 4777 religiosus
1739 4697 1988 4777 princeps

2084 3027 2185 3081 bus
2236 3025 2462 3080 ducibus
2517 3023 2779 3087 Francim,
2836 3024 3052 3078 nomine
3108 3022 3337 3093 Lupum,
3374 3023 3429 3078 in
3477 3024 3664 3080 Beter-

2085 3096 2229 3150 rensi
2263 3095 2537 3150 territorio
2591 3095 2861 3149 hostiliter
2911 3093 3225 3165 accessisse.
3268 3093 3419 3165 Unde
3454 3096 3665 3151 concita

2082 3166 2369 3220 velocitate
2399 3180 2648 3234 egressus
2677 3179 2801 3218 cum
2836 3164 3089 3234 exercitu,
3124 3164 3423 3234 properans
3458 3166 3665 3221 delatas

2084 3234 2289 3304 inimici
2324 3232 2475 3289 nisus
2495 3243 2577 3290 est
2608 3234 2834 3304 insidias
2862 3233 3200 3304 praevenire;
3228 3233 3321 3287 sed
3345 3232 3527 3304 Lupus
3545 3236 3663 3304 ipse

2076 3303 2233 3372 juxta
2276 3305 2456 3359 villam
2514 3305 2601 3360 cui
2634 3300 2933 3371 Asperiano
2978 3301 3296 3372 vocabulum
3346 3300 3538 3372 fertur,
3566 3300 3664 3357 're-

2085 3370 2328 3456 gressum
2354 3374 2615 3456 principis
2636 3370 2878 3452 audiens,
2905 3372 2978 3452 ita
3005 3371 3217 3456 territus
3249 3370 3400 3456 fugit,
3430 3379 3488 3424 ut
3509 3387 3667 3456 eier-

2010 3431 2056 3491 C
2085 3431 2224 3498 citus
2254 3431 2397 3507 duci,
2433 3450 2487 3496 et
2512 3431 2621 3495 dux
2666 3431 2925 3494 exercitui
2968 3431 3480 3492 videretur'deesse.
3545 3441 3664 3495 Non

2088 3514 2233 3567 enim
2268 3506 2521 3579 fugiendo
2554 3511 2639 3564 vel
2670 3509 2784 3577 ipse
2815 3525 2941 3563 suos
2972 3507 3248 3579 sustinuit,
3282 3506 3366 3561 vel
3421 3510 3504 3563 sui
3538 3525 3664 3565 eum

2086 3582 2194 3635 ullo
2241 3575 2400 3634 modo
2437 3580 2649 3647 assequi
2691 3575 3013 3647 potuerunt.
3064 3575 3271 3644 Quippe
3306 3590 3551 3644 quorum
3589 3579 3665 3633 ita

2086 3664 2284 3719 pavore
2308 3645 2816 3719 dissolutajfuerant
2851 3645 3034 3709 corda,
3081 3651 3142 3719 ut
3169 3659 3277 3698 non
3313 3647 3663 3719 tamdisper—

2088 3714 2164 3772 sis
2188 3720 2398 3772 viarum
2457 3717 2711 3777 aditibus,
2746 3730 2907 3783 quam
2947 3714 3209 3768 tuentium
3236 3714 3665 3784 praeruptis—ela-

2086 3789 2168 3856 psi
2209 3786 2547 3859 (utpotejam
2601 3784 2835 3859 gladium
2885 3785 2999 3859 suis
3028 3784 3312 3859 imminere
3364 3787 3665 3859 cervicibus

2087 3852 2392 3926 cernerent)
2438 3852 2505 3911 de
2554 3852 2870 3926 compendio
2892 3923 2904 3926 _
2936 3852 3074 3926 fuga:
3128 3853 3294 3907 vitam
3331 3869 3390 3926 se
3426 3854 3666 3926 luerasse

2086 3923 2493 3982 monstrabant:
2532 3924 2727 3979 multas
2761 3923 2970 3993 praedas
3007 3923 3110 3978 h’ac
3150 3923 3541 3992 perturbatione
3567 3942 3666 3980 no-

2087 3999 2215 4054 stris
2237 3996 2564 4052 exercitibus
2590 3992 2957 4063 relinquentes
2981 4002 3089 4048 tam
3121 3992 3187 4066 de
3211 3993 3538 4066 hominibus,
3569 3996 3664 4066 qui

2085 4082 2180 4122 eos
2235 4067 2386 4137 sequi
2442 4081 2549 4121 non
2602 4073 2878 4137 poterant,
2909 4079 3070 4137 quam
3129 4063 3197 4116 de
3241 4063 3500 4137 jumentis
3550 4063 3667 4137 sive

2085 4133 2419 4202 substantiis,
2457 4151 2578 4206 quae
2601 4133 2971 4206 multipliciter
2996 4133 3465 4206 innumerabilibus
3510 4136 3665 4204 plau-

2085 4209 2214 4262 stris
2249 4201 2601 4262 adduxerant.
2638 4205 2707 4259 Et
2756 4201 2943 4273 utique
2989 4203 3101 4272 jam
3160 4201 3298 4256 lecta
3349 4201 3665 4273 bellantium

2086 4294 2279 4332 manus
2306 4293 2335 4331 a
2364 4277 2631 4346 principe,
2656 4272 2921 4346 destinata
2962 4280 3300 4346 poterateos
3333 4272 3668 4346 belligerosis

2084 4342 2380 4401 incursibus
2424 4342 2674 4412 assequi;
2724 4345 2819 4398 sed
2844 4351 2952 4397 tam
2987 4342 3132 4394 celox
3182 4342 3397 4395 illorum
3429 4342 3665 4412 exstitit

2088 4416 2232 4485 fuga,
2262 4426 2308 4469 et
2325 4425 2448 4485 tam
2479 4409 2638 4468 citato
2666 4413 2853 4485 ﬁnium
2883 4426 3105 4465 suorum
3127 4425 3400 4464 occurrere
3420 4409 3666 4485 latibula,

2087 4479 2286 4553 ut'quo
2314 4483 2579 4553 fugerent,
2628 4497 2735 4549 quo
2759 4481 3024 4553 ~.laterent_
3069 4489 3241 4553 atque
3283 4479 3665 4553 consisterent,

2088 4548 2235 4608 nulla
2266 4548 2487 4608 omnino
2520 4548 2871 4611 censerentur
2893 4549 3117 4618 vestigia
3152 4548 3451 4617 reliquisse.

2157 4623 2246 4679 28.
2293 4621 2447 4679 Unde
2476 4627 2752 4689 comperto
2789 4617 3058 4689 princeps,
3119 4620 3262 4688 quod
3321 4617 3503 4688 Lupus
3536 4633 3667 4689 eum

2089 4695 2197 4771 suis
2225 4692 2454 4747 inveniri
2479 4687 2829 4771 non—posset,
2872 4689 3085 4771 placida
3108 4687 3501 4771 progressione
3533 4687 3672 4743 Nar-

407 4759 620 4821 Eminus
655 4781 687 4819 a
712 4765 1064 4835 Nemausensi
1112 4766 1246 4820 urbe
1281 4766 1334 4820 in
1367 4759 1528 4834 plano
1585 4781 1705 4820 cum
1740 4759 1984 4820 exercitu
2012 4776 2063 4835 υ
2090 4765 2285 4820 bonam
2307 4762 2653 4835 contendens,
2675 4760 2863 4835 urbem
2876 4759 3060 4835 victor
3073 4759 3389 4835 ingreditur.
3416 4759 3501 4813 Ibi
3522 4772 3672 4835 quiaa-

408 4835 758 4904 consistebat.
796 4834 909 4889 Illic
958 4844 1135 4889 castra
1182 4835 1378 4903 posuit,
1416 4835 1659 4904 miraque
1710 4836 1990 4889 celeritate

410 4903 819 4960 Nemausensem
843 4905 1022 4959 urbem
1045 4906 1342 4975 fortissimis
1366 4905 1530 4975 muris
1555 4903 1604 4958 et
1629 4904 1763 4960 vallo
1784 4905 1985 4958 instau~

409 4977 521 5029 rari
549 4975 691 5045 fecit.
732 4975 835 5031 Ubi
880 4989 1002 5030 cum
1046 4974 1351 5045 adventum
1391 4974 1623 5028 hostium
1672 4975 1981 5039 sustineret,

409 5043 589 5101 subito
619 5054 968 5116 percurrente
1014 5045 1202 5100 nuntio
1232 5043 1384 5100 audit
1412 5058 1579 5098 unum
1613 5060 1678 5101 ex
1705 5045 1985 5102 nobiliori-

2092 4850 2196 4903 que
2225 4845 2251 4884 P
2285 4833 2496 4903 dirupta
2524 4840 2684 4903 atque
2703 4829 2924 4903 depasta
2951 4829 3014 4882 ab
3040 4826 3544 4903 hostibusjuerant,
3578 4826 3669 4895 ju-

2093 4897 2171 4957 bet
2196 4897 2433 4974 princeps
2455 4897 2674 4974 sollicite
2706 4897 3023 4974 instaurare,
3059 4909 3211 4974 atque
3275 4897 3669 4974 Narbonensem

2090 4964 2407 5044 proi'inciant
2438 4974 2581 5044 regia
2603 4970 2952 5044 dispositione
2991 4964 3278 5044 reformat,
3307 4965 3545 5044 consiliis
3588 4964 3671 5044 in-

2091 5035 2270 5107 struit,
2294 5035 2514 5097 Judmos'
2530 5035 2735 5114 abjicit,
2757 5040 3135 5096 clementiores
3157 5045 3403 5094 rectores.
3416 5035 3668 5098 instituit,

1922 5153 2154 5211 NOTAE.

480 5260 507 5319 ξ
536 5247 599 5319 Ε.
625 5248 781 5319 male,
809 5259 1049 5319 mperat.

480 5317 509 5357 ιι
538 5318 665 5389 bis,
682 5316 983 5389 Quippe'que
1003 5330 1073 5386 et,
1098 5329 1205 5376 etc.

481 5397 503 5424 ο
532 5387 620 5452 F.,
641 5387 928 5442 Nemausa.
1058 5418 1063 5423 ·

478 5456 505 5495 ά
530 5456 632 5528 ld.,
659 5458 965 5528 fortissimo.

484 5537 507 5598 ξ
535 5526 612 5598 id.
638 5526 796 5598 male,
820 5539 1060 5598 eruperat.

482 5594 999 5716 iiigl‘iili‘ﬂiﬁX'

484 5665 652 5731 5315.,
678 5665 982 5721 relucrasse.

479 5735 511 5781 λ
532 5735 593 5795 F.
643 5745 1072 5791 monstrarentur.

2172 5244 2188 5284 ί
2215 5241 2273 5298 1η
2295 5242 2398 5299 eod
2419 5242 2570 5297 deest
2590 5254 2659 5297 et.

2167 5312 2184 5365 i
2217 5313 2316 5377 ld.,
2349 5315 2673 5367 excursibus.

2168 5384 2192 5423 ιε
2219 5383 2321 5449 1(1.,
2353 5393 2666 5436 censeretur.

2173 5452 2302 5515 lD.,
2334 5451 2499 5507 nullo.
2542 5491 2556 5506 .
2601 5491 2617 5506 .
2658 5453 2887 5523 vestigio.

2168 5535 2208 5562 ω
2231 5523 2353 5586 Ms.,
2381 5532 2606 5591 possent.

2172 5602 2200 5629 ιι
2229 5592 2312 5658 F.,
2338 5592 2431 5646 ibi.

2166 5670 2191 5697 °
2218 5661 2340 5725 Ms.,
2368 5659 2598 5731 placata.

2164 5743 2190 5783 Ρ
2214 5732 2363 5803 llisp.
2400 5731 2590 5798 lllust.,
2617 5731 2786 5803 ibique
2809 5749 2943 5804 quer.
