4028 6176
1601 359 1660 414 S.
1700 356 1963 415 JULIANI
2002 354 2303 412 EPISCOPI
2341 351 2685 411 TOLETANI

1749 468 2028 528 TEXTUS
2062 466 2460 524 LEGITIMUS.

490 591 716 655 purgata
739 584 1109 643 remitteretur
1127 582 1197 639 ad
1220 583 1451 643 veniam.
1477 584 1495 603 '
1533 583 1670 640 Nam
1721 584 1776 639 in
1819 597 1885 639 eo
1932 579 2074 653 quod
2103 582 2153 641 Δ
2177 581 2392 655 signum
2448 582 2644 639 Stecula
2710 590 2963 641 secutura
3017 581 3365 649 ciamabunt,
3421 583 3493 639 ita
3545 586 3768 643 solatio-

491 684 671 731 erecta
697 674 994 734 Galliarum
1025 683 1171 733 terra
1215 676 1375 731 solito
1408 674 1673 745 superbiae
1717 673 1888 729 fastus
1910 684 1936 713 ιι
1985 687 2079 728 co-
2175 686 2360 731 serum
2424 673 2717 747 ignominia
2778 688 2888 731 non
2948 674 3164 731 excidat
3220 689 3252 729 a
3300 674 3563 730 memoria
3615 674 3765 731 futu-

496 358 604 419 795
1601 359 1660 414 S.
1700 358 1963 415 JULIANI
2002 358 2071 411 Ei

2176 358 2303 412 ξονι
2341 358 2685 411 TOLETAM
3674 372 3779 431 ποθ

493 768 691 823 thurno
713 781 837 825 sese
856 766 885 806 ι’
915 764 1186 823 attollerat
1211 775 1258 833 ο,
1302 764 1380 819 ita
1429 762 1820 821 inclementiori
1871 762 2079 832 deprau-

491 858 712 917 datione
731 857 931 915 detrita
948 856 976 899 ἀ
995 863 1094 922 est,
1121 865 1177 913 et
1221 870 1378 911 erasa
1405 853 1663 921 nummis,
1704 862 1868 923 atque
1911 851 2075 927 depa-

490 959 577 1009 sta
599 950 933 1015 substantiis.
961 958 1023 1007 ut
1045 948 1242 1005 merito
1258 963 1356 1018 per
1378 948 1484 1004 hoc
1510 947 1782 1011 credatur.
1818 944 2078 1019 quidquid

493 1040 759 1110 rubiginis
781 1055 876 1097 seu
900 1038 1259 1107 uequitiarum
1293 1046 1659 1104 contraxerat,
1707 1036 1953 1093 amisisse
1984 1046 2007 1077 θ
2030 1035 2072 1089 ⁴.

560 1129 651 1189 29.
675 1129 964 1187 Exhaustis
993 1128 1186 1187 deinde
1230 1127 1479 1198 princeps
1514 1127 1725 1192 Galliis,
1759 1134 1922 1197 atque
1948 1125 2078 1185 edo,

489 1222 639 1280 mitis
700 1221 744 1287 ί,
804 1237 1031 1281 securus
1070 1222 1278 1277 directo
1332 1222 1357 1261 ε
1406 1219 1476 1274 ad
1517 1218 1831 1287 Hispaniam
1882 1217 2076 1276 itinere

488 1314 833 1379 commeavit,
879 1313 1057 1371 nullos
1108 1319 1233 1383 post
1264 1328 1323 1369 se
1358 1311 1635 1370 Gallorum
1669 1318 1847 1367 motus
1887 1308 2079 1365 l'ormi-

490 1406 648 1471 dans,
684 1404 861 1461 nullas
905 1405 1074 1461 etiam
1117 1403 1452 1462 Francorum
1494 1401 1886 1473 pertimescens
1948 1400 2078 1457 insi-

488 1493 637 1551 dias:
673 1501 822 1549 certa
854 1492 884 1533 h
913 1492 1090 1547 sciens
1115 1490 1388 1547 neminem
1424 1503 1563 1554 esse,
1611 1487 1706 1557 qui
1737 1495 1832 1543 aut
1862 1488 1928 1545 de
1963 1487 2080 1545 suis

486 1599 694 1654 pugnas
729 1585 771 1647 ί,
802 1592 894 1638 aut
918 1584 984 1639 de
1009 1583 1251 1638 externis
1275 1583 1525 1653 gentibus
1552 1589 1793 1651 patraret
1829 1581 2073 1641 insidias.

489 1674 661 1729 Tanta
684 1674 829 1730 enim
854 1674 1054 1730 virtute
1077 1673 1245 1728 animi
1265 1679 1427 1745 atque
1450 1671 1752 1727 constantia
1780 1671 2082 1740 circumpo-

487 1764 622 1819 sitas
662 1762 675 1814 i
716 1765 1072 1822 barbarorum
1100 1770 1288 1832 gentes
1314 1778 1421 1817 non
1469 1761 1644 1818 solum
1669 1777 1778 1818 non
1805 1762 2073 1826 extimuit.

487 1855 584 1908 sed
605 1855 961 1923 contempsit;
987 1861 1046 1910 ut
1065 1854 1229 1909 etiam
1252 1852 1429 1911 adhuc
1457 1852 1601 1907 intra
1625 1850 1829 1909 Gallias
1841 1852 2072 1922 positus,

2176 779 2381 822 rerum.

2245 853 2336 909 50.
2383 855 2595 915 Etenim
2647 863 2842 926 quarto
2890 854 3006 911 fere
3037 856 3106 911 ab
3144 857 3281 915 urbe
3312 858 3456 928 regia
3511 858 3769 913 milliaria

2176 942 2374 1001 Paulus
2393 946 2646 1017 princeps
2672 946 2996 1016 tyrannidis,
3039 946 3125 1001 vel
3147 947 3328 1002 (δείδιθι-ἰ
3353 948 3659 1004 iucentores
3678 964 3767 1004 se-

2175 1034 2442 1091 ditionum
2479 1034 2597 1104 ejus
2653 1034 2949 1091 decalvatis
2997 1035 3284 1109 capitibus,
3323 1036 3533 1093 abrasis
3556 1036 3763 1100 barbis,

2174 1130 2507 1199 pedibusque
2530 1127 2765 1192 nudatis,
2801 1129 2902 1183 sub
2943 1128 3316 1198 squalentibus
3359 1136 3512 1183 veste
3555 1127 3642 1184 vel
3666 1129 3767 1182 ha-

2174 1217 2291 1275 bitu
2313 1218 2504 1282 induti,
2530 1216 2861 1273 camelorum
2891 1216 3151 1273 vehiculis
3192 1227 3220 1254 ιι
3255 1216 3623 1286 imponuntur.
3646 1216 3764 1271 Rex

2176 1308 2290 1379 ipse
2322 1308 2643 1379 proditionis
2672 1315 2696 1347 ο
2722 1306 2948 1379 prmibat
2971 1306 3026 1360 in
3049 1306 3224 1376 capite
3257 1305 3401 1363 omni
3429 1304 3767 1361 confusionis

2176 1397 2471 1468 ignominia
2509 1396 2723 1468 dignus,
2767 1404 2822 1451 et
2849 1396 3003 1465 picea
3041 1410 3109 1450 ex
3149 1395 3312 1451 coriis
3335 1406 3361 1445 ι)
3393 1395 3576 1450 laurea
3604 1412 3769 1451 coro-

2176 1496 2355 1548 natus.
2391 1486 2730 1559 Sequebatur
2782 1485 2977 1543 deinde
3011 1486 3155 1541 hunc
3194 1499 3374 1557 regem
3406 1499 3563 1542 suum
3604 1485 3766 1558 longa

2176 1583 2495 1641 deductione
2549 1581 2683 1637 ordo
2745 1595 2965 1636 suorum
3017 1579 3306 1651 dispositus
3352 1579 3761 1644 ministrorum,

2175 1673 2380 1729 eisdem
2424 1686 2614 1729 omnes
2656 1671 2854 1741 quibus
2897 1670 3127 1726 relatum
3180 1679 3266 1729 est
3305 1669 3566 1727 vehiculis
3620 1671 3758 1725 iuse-

2178 1764 2368 1823 dentes
2399 1802 2414 1827 ,
2469 1762 2779 1832 eisdemque
2825 1760 3214 1819 inclusionibus
3248 1771 3277 1812 ιι
3312 1761 3420 1816 acti
3461 1759 3587 1819 hinc
3634 1760 3766 1816 inde

2179 1854 2482 1913 astantibus
2514 1852 2727 1923 populis
2755 1852 2945 1907 urbem
2989 1851 3272 1906 intrantes.
3323 1848 3437 1905 Nec
3466 1850 3608 1907 enim
3653 1850 3763 1905 ista

488 1942 544 1998 in
570 1942 748 1997 locum
788 1921 882 2012 qui
915 1942 1130 1998 Canaba
1167 1942 1575 2010 nuncupabatur
1612 1942 1662 2007 ιι,
1699 1921 1895 1997 cuncto
1919 1956 2076 1999 exer-
2108 1921 2152 1981 Β
2176 1948 2294 2001 sine
2321 1921 2721 2014 dispensatione
2748 1941 2878 2013 justi
2901 1940 3087 2011 iudicii
3115 1941 3210 1999 Dei
3237 1941 3440 1997 eisdem
3462 1941 3766 1997 accessisse

486 2030 639 2095 citui,
669 2033 813 2100 quod
839 2030 1067 2087 feliciter
1083 2031 1340 2094 exissent,
1372 2030 1634 2087 relatione
1648 2030 1890 2099 gratifica
1915 2031 2076 2087 satis-

484 2118 720 2183 faceret;
749 2134 1042 2187 omnesque
1070 2120 1140 2174 ab
1167 2134 1235 2175 eo
1252 2119 1434 2177 statim
1455 2119 1574 2174 loco
1608 2119 1930 2179 absolveret.
1956 2120 2075 2189 ipse

484 2221 702 2276 quoque
746 2208 935 2264 Elnam
990 2207 1009 2246 ι
1049 2208 1369 2277 perveniens
1395 2247 1412 2273 ,
1452 2208 1681 2265 duorum
1739 2208 1813 2264 ibi
1864 2210 2074 2265 dierum

483 2297 866 2356 immoratione
893 2301 1142 2355 detentus
1168 2308 1272 2357 est.
1306 2298 1505 2370 Sicque
1540 2301 1736 2357 exinde
1776 2301 2070 2371 profectus,

483 2389 739 2447 secundis
787 2389 992 2459 potitus
1027 2389 1369 2445 successibus
1406 2389 1720 2460 Hispaniam
1764 2391 1942 2461 rediit,
1988 2407 2073 2447 sc—

484 2476 716 2548 demque
739 2479 822 2535 sui
847 2478 965 2535 solii
990 2486 1144 2536 sexto
1166 2486 1452 2549 postquam
1475 2480 1598 2539 inde
1625 2480 2073 2552 commigraverat

483 2587 671 2629 mense
706 2573 941 2643 repetiit.
973 2573 1041 2629 Et
1067 2581 1252 2629 tamen
1274 2573 1376 2629 sub
1401 2588 1562 2645 quam
1584 2584 1624 2615 ιη
1647 2572 1847 2628 celebri
1880 2573 2072 2629 trium-

480 2663 591 2733 pho
626 2664 830 2733 regiam
856 2666 1046 2723 urbem
1087 2664 1392 2731 intraverit,
1417 2664 1485 2721 de
1516 2665 1746 2720 inimicis
1771 2665 2065 2732 exsultans,

483 2753 759 2823 explicare
810 2768 1032 2815 necesse
1077 2763 1190 2813 est:
1221 2755 1448 2816 utsicut
1476 2754 1709 2826 ingentis
1734 2752 1851 2824 ejus
1882 2755 2067 2824 gloria:

2176 2036 2500 2092 credendum
2545 2043 2648 2092 est.
2697 2034 2916 2091 Scilicet
2955 2040 3016 2088 ut
3054 2032 3164 2089 alta
3195 2046 3259 2088 ac
3287 2031 3539 2088 sublimia
3573 2030 3769 2088 confu-

2176 2125 2346 2181 sionis
2370 2139 2556 2181 eorum
2606 2122 2820 2197 fastigia
2859 2122 3229 2181 vehiculorum
3257 2122 3509 2178 edoceret
3539 2131 3560 2158 τ
3591 2123 3767 2177 sessio

2177 2231 2288 2288 pne
2307 2216 2554 2273 omnibus
2579 2212 2850 2282 subjecta,
2876 2221 2932 2269 et
2952 2213 3044 2283 qui
3065 2212 3205 2267 ultra
3233 2212 3528 2267 humanum
3556 2227 3766 2269 morem

2177 2316 2297 2365 astu
2328 2307 2526 2363 mentis
2552 2305 2763 2361 excelsa
2793 2304 3064 2378 petierant
3092 2316 3140 2370 ο,
3168 2303 3524 2359 excelsiorem
3551 2303 3767 2359 luerent

2172 2398 2544 2458 consensionis
2578 2397 2731 2453 isute
2754 2395 3026 2467 iniuriam.
3053 2393 3176 2453 Sint
3200 2405 3227 2433 ιι
3251 2409 3382 2464 ergo
3409 2394 3528 2449 huic
3550 2393 3768 2451 insecu-

2173 2489 2311 2544 turis
2349 2485 2585 2558 reposita
2620 2494 2646 2522 τ
2674 2483 2903 2549 sacculis,
2937 2484 3121 2558 probis
3158 2483 3227 2540 ad
3258 2492 3462 2543 votum.
3501 2482 3769 2552 improbis

2171 2577 2240 2633 ad
2288 2576 2593 2648 exemplum
2624 2614 2639 2641 ,
2686 2574 2933 2630 ﬁdelibus
2977 2573 3046 2630 ad
3098 2573 3352 2643 gaudium
3384 2613 3402 2639 ,
3460 2572 3644 2631 inﬁdis
3700 2573 3769 2627 ad

2171 2676 2497 2725 tormentum
2527 2685 2540 2721 :
2569 2674 2629 2722 ut
2663 2675 2892 2737 utraque
2935 2681 3062 2737 pars
3090 2665 3146 2720 in
3176 2665 3421 2723 contuitu
3459 2677 3487 2706 ι
3528 2664 3769 2733 quodam

2170 2776 2291 2819 sese
2318 2759 2566 2816 lectionis
2586 2757 2745 2828 hujus
2767 2757 3078 2829 inspiciens,
3094 2765 3149 2813 et
3172 2772 3295 2830 quae
3315 2765 3342 2807 1
3369 2757 3533 2816 rectis
3551 2756 3772 2815 semitis

1737 2887 2018 2945 TEXTUS
2055 2892 2421 2955 TUDENSIS.

481 2997 580 3053 per
599 2995 737 3053 quos
767 2980 909 3053 tanti
939 2980 1065 3035 mali
1085 2980 1395 3051 placaretur
1407 2979 1628 3053 oli'ensa,
1649 2986 1704 3053 et
1751 2985 2069 3053 constupra-

483 3049 539 3107 ia
562 3049 728 3107 tantis
747 3051 1002 3107 sordibus
1030 3049 1175 3107 terra
1208 3066 1349 3105 novo
1369 3049 1650 3107 caelestium
1670 3050 2062 3108 institutionum

481 3121 806 3191 baptismate
823 3121 1080 3192 depurats
1101 3121 1170 3176 ad
1208 3121 1422 3176 veniam
1471 3119 1802 3192 admittatur.
1824 3119 2061 3192 Statum

480 3189 717 3248 oninium
740 3189 919 3247 rerum
948 3191 1085 3246 mira
1114 3206 1247 3258 pace
1282 3190 1606 3258 composuit,
1646 3198 1695 3249 et
1743 3189 1954 3247 radices
1994 3192 2064 3249 ab

481 3277 547 3317 ea
568 3261 745 3317 omnis
765 3260 1074 3317 rebellionis
1095 3259 1320 3317 detersit
1348 3275 1364 3315 :
1390 3271 1551 3331 atque
1585 3259 1805 3316 fortium
1839 3259 2065 3318 bellato-

481 3348 601 3386 rum
624 3348 813 3387 manus
832 3331 906 3385 ibi
925 3332 1143 3387 dimisit.

551 3402 641 3455 29.
672 3400 965 3457 Exhaustis
981 3402 1104 3457 dein
1124 3400 1374 3470 princeps
1395 3398 1586 3456 Galliis
1606 3407 1768 3470 atque
1787 3400 2058 3467 edomitis,
2089 3395 2136 3461 C

481 3486 707 3527 securus
743 3471 951 3528 directo
986 3472 1179 3526 itinere
1235 3471 1302 3527 ad
1347 3471 1658 3539 Hispaniam
1695 3471 2057 3526 commeavit:

480 3540 657 3596 nullos
702 3548 826 3609 post
872 3556 932 3596 se
978 3540 1253 3596 Gallorum
1289 3549 1466 3597 motus
1513 3539 1848 3605 formidans,
1891 3540 2065 3596 nullas

479 3611 810 3664 Francorum
840 3611 1229 3678 pertimescens
1264 3610 1526 3667 insidias:
1558 3619 1704 3665 certe
1729 3611 1926 3673 sciens,
1972 3627 2066 3667 ne-

480 3680 680 3750 minem
727 3694 847 3750 esse
882 3681 1175 3750 principum
1218 3681 1525 3743 vicinorum,
1568 3681 1660 3749 qui
1681 3697 1855 3735 secum
1874 3681 2066 3745 audeat

480 3698 680 3734 minem
727 3698 847 3735 esse
882 3698 1049 3750 princ:
1087 3698 1175 3734 um
1218 3698 1525 3743 memorum,
1568 3698 1660 3749 qui
1681 3698 1855 3735 secum
1874 3698 2066 3745 attactu

478 3749 673 3804 uiribus
700 3748 1010 3820 decertare,
1049 3698 1221 3804 ’l’anta
1267 3750 1412 3804 enim
1458 3751 1656 3820 virtute
1701 3750 1865 3805 animi
1905 3761 2068 3820 atque

478 3818 785 3872 constantia
827 3827 938 3887 erat
984 3818 1164 3886 fretus,
1193 3828 1247 3871 ut
1276 3819 1685 3887 circumpositas
1713 3818 2064 3875 barbarorum

477 3894 666 3955 gentes
688 3901 794 3939 non
825 3886 998 3955 solum
1022 3902 1129 3940 non
1153 3888 1372 3950 timeret,
1399 3886 1493 3943 sed
1514 3898 1857 3943 contemneret
1881 3905 1900 3943 .'
1928 3890 2066 3944 unde

478 3954 660 4010 adhuc
685 3955 824 4008 intra
849 3954 1055 4009 Gallias
1076 3956 1283 4023 positus
1311 3957 1365 4010 in
1391 3956 1509 4011 loco
1544 3958 1635 4024 qui
1662 3958 1902 4011 Cenabat
1930 3973 2067 4013 nun-

480 4032 729 4105 cupatur,
759 4033 956 4105 cuncto
996 4025 1279 4105 exercitui,
1331 4027 1473 4105 quod
1496 4025 1720 4105 fortiter
1754 4034 1808 4080 et
1837 4026 2068 4105 feliciter

476 4093 697 4164 egisset,
723 4093 985 4164 relatione
1008 4093 1251 4164 gratifica
1276 4094 1549 4163 satisfecit,
1577 4110 1873 4164 omnesque
1905 4097 1974 4151 ab
1999 4111 2066 4153 eo

479 4163 602 4239 loco
649 4163 831 4239 statim
880 4163 1131 4239 absolvit.
1158 4165 1273 4239 ipse
1309 4178 1522 4234 quoque
1579 4163 1798 4239 "client
1828 4165 2064 4239 [Elnam]

477 4233 721 4304 veniens,
776 4233 1005 4289 duorum
1060 4234 1134 4289 ibi
1179 4235 1388 4290 dierum
1436 4233 1638 4289 moram
1681 4233 1846 4304 fecit,
1881 4233 2066 4304 sicque

480 4303 678 4375 exinde
702 4306 975 4374 prolectus
999 4305 1056 4360 in
1080 4315 1102 4342 ι
1136 4305 1448 4375 Hispaniam
1471 4305 1650 4369 rediit,
1670 4304 1961 4375 sedemque
1979 4303 2064 4362 sui

480 4373 607 4445 solii
654 4373 807 4445 sexto
859 4383 1144 4445 postquam
1176 4373 1302 4431 inde
1332 4384 1730 4445 conmeaverat
1767 4373 1953 4431 mense
1979 4392 2064 4432 re—

480 4443 1076 4516 petiit.Quam“celebri
1123 4446 1396 4516 triumpho
1435 4444 1741 4503 Toletanam
1766 4447 1955 4503 urbem
1981 4447 2066 4502 in-

484 4515 706 4571 traverit
729 4517 797 4572 de
826 4515 1063 4573 inimicis
1090 4515 1387 4581 exsultans,
1416 4516 1687 4586 explicare
1712 4516 1794 4572 vel
1821 4516 1875 4574 in
1909 4525 2065 4587 parte

2168 3002 2392 3067 necesse
2411 2994 2513 3067 est,
2545 2994 2606 3041 ut
2633 2986 2774 3067 sicut
2803 2983 3046 3067 ingentis
3073 2982 3193 3067 eius
3205 2984 3391 3067 gloria:
3420 2983 3766 3067 signumste-

2166 3058 2289 3115 cuia
2309 3066 2560 3127 secutura
2571 3068 2628 3098 οι
2643 3054 2957 3127 laudabunt,
2970 3055 3043 3108 ita
3063 3054 3440 3113 seditiosorum
3460 3054 3767 3127 ignominia

2167 3143 2275 3185 non
2300 3126 2517 3184 excidat
2538 3143 2568 3181 a
2592 3126 2857 3183 memoria
2887 3124 3217 3181 futurorum.

2234 3196 2325 3253 50.
2372 3197 2584 3253 Etenim
2619 3204 2816 3266 quarto
2863 3194 2978 3266 fere
3029 3194 3097 3266 ab
3130 3194 3456 3266 urberegia
3502 3194 3763 3252 milliario

2165 3267 2363 3323 Paulus
2389 3264 2653 3336 princeps
2672 3265 2975 3336 tyrannidis
3006 3264 3091 3319 vel
3115 3264 3296 3320 caueri
3328 3265 3657 3336 incentores
3678 3282 3761 3323 se-

2165 3334 2428 3397 ditionum
2475 3334 2591 3405 ejus
2634 3334 2930 3392 decalvatis
2961 3336 3246 3405 capitibus,
3290 3335 3501 3405 abrasis
3550 3335 3756 3400 barbis,

2164 3403 2771 3490 pedibitsque;_nndatis,
2803 3403 3489 3490 induti‘uitissin'tis‘saccis,
3527 3406 3761 3463 camelo—

2170 3473 2290 3535 rum
2312 3473 2575 3535 vehiculis
2596 3477 2962 3547 imponuntur.
2982 3475 3044 3547 N3
3058 3473 3289 3547 Prteibat
3304 3492 3334 3527 α
3355 3474 3760 3547 capitefcpcr-

2171 3547 2397 3604 ﬁLlorum
2424 3561 2511 3601 rex
2548 3547 2663 3617 ipse
2674 3543 2983 3617 perditionis
3006 3543 3231 3610 Paulus,
3255 3545 3399 3599 omni
3422 3543 3760 3617 confusionis

2172 3616 2463 3687 ignominia
2484 3614 2695 3686 dignus,
2709 3631 2905 3670 corona
2919 3615 3069 3687 picea
3092 3622 3401 3687 coronatus.
3417 3614 3758 3687 Sequebatur

2209 3683 2367 3745 einde
2416 3683 2561 3744 hunc
2609 3701 2789 3756 regem
2844 3700 3000 3756 suum
3051 3683 3210 3754 longa
3255 3683 3575 3756 deductione
3624 3684 3761 3756 ordo

2175 3772 2416 3822 suorum,
2466 3772 2655 3813 omnes
2677 3754 2876 3823 quibus
2906 3754 3133 3810 relatum
3191 3761 3275 3809 est
3322 3754 3584 3810 vehiculis
3627 3754 3759 3809 insi~

2174 3826 2383 3892 dentes,
2410 3826 2720 3895 eisdemque
2743 3823 3074 3895 illusionibus
3100 3823 3223 3895 acti,
3257 3824 3385 3895 hinc
3414 3824 3540 3895 inde
3579 3833 3760 3895 astan-

2173 3896 2316 3953 tibus
2339 3906 2387 3951 et
2429 3893 2757 3951 sibilantibus
2799 3894 3011 3963 populis
3047 3893 3237 3963 urbem
3278 3893 3618 3963 intrantibus.
3652 3893 3759 3948 Nec

2170 3966 2314 4020 enim
2354 3967 2457 4021 ista
2479 3966 2594 4019 sine
2619 3962 3017 4032 dispensatione
3038 3962 3172 4030 justi
3186 3962 3378 4030 judicii
3402 3962 3498 4018 Dei
3543 3964 3652 4017 illis
3672 3978 3760 4017 ac-

2169 4036 2399 4104 cessisse
2430 4035 2757 4090 credendum
2786 4042 2898 4089 est:
2926 4033 3147 4104 scilicet,
3184 4041 3244 4087 ut
3271 4033 3484 4104 altaet
3508 4033 3759 4090 sublimia

2170 4103 2501 4173 confusionis
2526 4121 2712 4160 eorum
2741 4104 2950 4173 fastigia
3001 4103 3369 4173 vehiculorum
3393 4101 3399 4104 ’
3422 4101 3762 4158 edocerentur

2171 4172 2389 4245 lmsione
2414 4172 2699 4245 [sessione]
2750 4170 2973 4228 nimium
2999 4172 3056 4213 (ιιι
3082 4171 3344 4245 proiecta,
3384 4173 3450 4227 Et
3496 4173 3590 4245 qui
3618 4173 3761 4245 ultra

2171 4243 2462 4299 humanum
2510 4243 2714 4299 morem
2750 4253 2869 4299 astu
2897 4255 2952 4283 θα
2981 4243 3178 4298 mentis
3197 4243 3406 4298 excelsa
3436 4243 3574 4297 male
3597 4243 3763 4312 petie-

2171 4321 2313 4377 rant,
2338 4314 2644 4369 excelsiores
2671 4314 2881 4369 luerent
2901 4330 3011 4370 sua:
3025 4312 3347 4381 confusionis
3373 4314 3622 4382 injurias.
3642 4313 3762 4367 Sint

2168 4397 2301 4453 ergo
2314 4384 2429 4439 lucc
2443 4383 2497 4438 in
2511 4384 2780 4439 secuturis
2800 4384 3029 4452 reposita
3048 4383 3260 4438 seculis
3274 4383 3456 4452 probis
3471 4384 3537 4435 ad
3554 4390 3759 4453 votum,

2170 4452 2431 4526 improbis
2454 4455 2521 4508 ad
2545 4455 2869 4523 exemplum,
2897 4454 3142 4507 fidelibus
3184 4453 3250 4507 ad
3275 4453 3550 4526 gaudium,
3571 4452 3761 4526 inlide-

2171 4521 2313 4580 libils
2358 4524 2428 4581 ad
2477 4521 2805 4581 tormentum
2837 4540 2851 4577 :
2886 4531 2947 4578 ut
2993 4531 3222 4593 utraque
3254 4538 3380 4593 pars
3410 4523 3466 4579 in
3511 4522 3761 4579 contuitu

2018 4628 2226 4687 ΝΟΤίΕ
2237 4672 2251 4687 .

554 4735 582 4765 ι
608 4720 695 4793 F.,
720 4721 882 4793 fastu.

555 4793 585 4837 ι)
610 4792 700 4856 D.,
723 4792 1065 4848 cothurnose.

457 4866 468 4889 ⁷
555 4875 579 4903 ο
611 4862 733 4928 Ms.,
760 4862 1029 4918 attulerat.

553 4933 581 4973 ἀ
607 4933 705 4999 ld.,
742 4935 1009 4988 deterrita.

556 5015 582 5041 ο
613 5004 713 5069 ld.,
740 5004 991 5057 caruisse.

559 5072 580 5111 ί
614 5072 701 5140 F.,
723 5072 952 5127 domitis.

557 5143 585 5183 Β
604 5143 662 5196 1η
688 5158 790 5198 ms.
822 5144 972 5198 deest
992 5143 1207 5198 directo.

552 5211 582 5252 ιι
607 5212 691 5277 F.,
725 5221 886 5266 certo.

565 5282 581 5323 i
608 5282 706 5345 ld.,
730 5299 975 5351 pugnam.

558 5350 572 5423 ᾗ
607 5352 682 5423 id.
713 5350 858 5406 haud
877 5353 1032 5415 bene,
1055 5353 1248 5423 positas
1276 5353 1492 5407 circum.

555 5419 583 5493 If
610 5420 708 5493 ld.,
740 5419 1088 5493 nuncupatur.

562 5488 577 5527 ¹
618 5490 768 5546 ld.et
805 5491 890 5555 D.,
916 5488 1208 5548 Helenam:
1236 5510 1361 5550 ms..
1400 5489 1686 5551 Hcrcnam.

553 5570 594 5599 ω
613 5560 723 5631 ld.,
759 5561 854 5631 sub
880 5579 1002 5631 quo.

556 5639 583 5666 η
612 5628 713 5683 F.:
751 5629 826 5683 vel
847 5628 1238 5699 seuallenribus,
1270 5642 1401 5687 reste
1428 5632 1501 5687 vel
1534 5635 1715 5689 habitu
1753 5633 2069 5689 camelorum

485 5699 678 5761 induti,
709 5698 974 5761 vchiculis,
997 5708 1101 5754 etc.

562 5777 587 5805 ο
613 5765 711 5824 Ms.
740 5776 1011 5837 corrupte,
1036 5770 1307 5836 pcrtlit'tio.

2244 4737 2271 4776 Ρ
2294 4727 2397 4790 ld.,
2416 4730 2601 4788 cereis.

2240 4808 2266 4847 tt
2291 4798 2388 4859 ld.,
2420 4797 2770 4854 illusionibus.

2246 4877 2267 4904 ι’
2308 4866 2393 4932 F.,
2422 4868 2647 4925 doceret.

2243 4949 2265 4975 ⁸
2296 4937 2421 5009 νΜε..
2449 4948 2739 5009 penetrant.

2251 5009 2265 5042 ί
2294 5008 2393 5073 ld.,
2417 5009 2818 5062 conscensionis.

2241 5087 2267 5114 υ
2296 5079 2377 5140 D.,
2410 5087 2550 5131 sunt.

2243 5153 2268 5179 ν
2298 5147 2417 5219 b_ls.,
2444 5147 2753 5219 insecutoris
2771 5147 2963 5219 posita.

2246 5228 2271 5255 ι
2302 5216 2387 5281 F.,
2407 5217 2649 5281 circuitu,
2676 5216 2780 5272 ms;
2799 5216 2872 5271 ‘ut
2902 5234 3020 5273 nos.

2245 5294 2272 5333 γ
2306 5287 2393 5352 D.,
2421 5295 2469 5339 et
2496 5287 2656 5356 quod.

2245 5365 2266 5393 ι
2296 5357 2481 5428 Ιῃίιηε.
2506 5354 2655 5428 deest
2681 5358 2754 5415 in.
2783 5365 2844 5411 ut
2870 5356 2923 5411 in
2954 5354 3169 5411 Juliano
3197 5358 3454 5428 genuino.

2245 5438 2298 5465 ειη
2330 5427 2479 5494 llisp.
2507 5425 2701 5481 illustr.
2729 5442 3031 5496 perperam,
3058 5425 3352 5485 subsecuta.

2248 5495 2306 5535 ινδ
2331 5496 2403 5568 lbi
2434 5497 2576 5550 haud
2612 5495 2773 5559 recte,
2799 5498 3102 5568 imponitur.

2246 5576 2300 5637 cf
2330 5565 2450 5637 Ms,
2474 5568 2528 5619 in
2549 5568 2738 5637 capite.

2241 5634 2298 5675 ἀεί
2330 5636 2431 5698 Ι(Ι.,
2460 5637 2514 5689 in
2543 5634 2666 5691 imo.

2247 5717 2301 5746 οε
2338 5706 2486 5777 llisp.
2512 5707 2702 5773 illust.,
2733 5707 2893 5776 fastu.
