4028 6176
277 294 381 355 797

866 298 1043 355 HlST.
1084 298 1373 357 REBELL.
1411 297 1616 357 PAULI
1649 298 1811 357 ADV.
1851 300 2187 357 WAMBAM.
2220 334 2288 342 —
2324 304 2761 377 INSULTATIO,
2800 311 2953 370 ETC.

3431 316 3539 373 793

1556 409 1834 469 TEXTUS
1869 413 2262 474 LEGITIMUS.

271 498 536 571 graditur,
559 500 917 571 prolapsionis
944 516 1101 561 casus
1122 504 1372 579 effugiat;
1397 513 1450 560 et
1476 520 1596 574 quae
1623 503 1737 575 jam
1769 521 1857 561 ee-
1881 522 1934 581 Α
1960 518 2268 579 cognoscat.

270 592 422 659 cidit,
460 592 516 652 in
566 592 757 648 horum
807 610 865 650 se
894 595 982 651 hic
1009 610 1221 670 semper
1248 598 1729 671 proscriptionibus
1766 614 1853 654 re—

2392 614 2420 644 ι
2458 601 2605 659 Finit
2628 606 2693 661 de
2716 606 2888 664 Paulo
2910 612 3095 669 θεωρία.

1588 713 1868 771 TEXTUS
1904 712 2267 771 TUDENSIS.

263 796 500 882 quodam
531 799 916 882 ses_e_lcetionis
942 802 1111 882 hujus
1132 802 1439 882 inspiciens,
1465 811 1519 882 e_t
1544 818 1663 870 qum
1685 803 1848 882 rectis

262 868 478 923 semitis
499 868 759 938 graditur,
789 868 1145 943 prolapsiouis
1174 868 1332 927 casus
1351 868 1603 946 effugiat;
1652 880 1706 927 et
1726 889 1847 947 qua:

1944 801 2060 891 jam
2110 806 2319 891 cecidit,
2369 808 2679 867 damnatam
2716 830 2778 870 se
2810 817 3029 874 aeternis
3052 821 3538 891 proscriptionibus

1952 884 2322 945 recognoscat.

2441 947 2725 1024 Hucusqtte
2758 954 3026 1012 Julianus.

1782 1047 1994 1106 ΝΟΤΛΕ

338 1147 364 1177 ι
402 1134 492 1202 D.,
523 1132 669 1190 Finit
695 1134 963 1191 Historia:
994 1152 1095 1191 ms.
1121 1145 1180 1191 ut
1203 1152 1324 1192 nos.

283 1279 2346 1307 W—m

932 1385 1332 1467 INCIPIT
1410 1344 2054 1466 INSULTATIO
2115 1393 2399 1470 VILIS
2462 1396 2872 1477 STORICI

1377 1538 1460 1600 IN
1506 1539 2042 1602 TYRANNIDEM
2084 1542 2431 1608 GALLI/E.
2476 1580 2482 1586 ο

331 1775 386 1832 1.
408 1774 565 1831 Libet
595 1772 718 1836 tuis,
755 1770 947 1834 Gallia,
969 1768 1244 1825 erroribus
1279 1768 1537 1825 insultare
1576 1771 1839 1836 victores,
1874 1773 1923 1834 B
2022 1776 2075 1830 5.
2105 1775 2231 1830 llzec
2250 1776 2394 1830 enim
2425 1784 2535 1832 tota
2561 1792 2625 1830 ex
2650 1776 2757 1831 tuis
2784 1778 3039 1834 uberibus
3052 1794 3404 1849 promanasse
3424 1796 3532 1839 non

259 1867 458 1940 quibus
486 1871 649 1918 tanta:
674 1859 1032 1931 prolapsionis
1066 1860 1273 1941 cladem
1308 1859 1508 1914 misera
1548 1860 1840 1929 pertulisti.

259 1958 367 2015 Ubi
392 1965 475 2012 est
498 1954 589 2009 illa
617 1953 839 2008 libertas
866 1957 977 2014 tua,
1005 1949 1060 2003 in
1082 1964 1186 2017 qua
1216 1949 1353 2003 male
1379 1950 1548 2004 libera
1579 1951 1645 2005 de
1664 1957 1846 2007 erecto

259 2048 358 2106 tibi
388 2047 560 2102 fastus
586 2042 873 2116 supercilio
908 2041 1302 2111 applaudcbas?
1335 2040 1437 2099 Ubi
1468 2042 1623 2101 elata:
1662 2058 1843 2110 voces,

256 2143 455 2213 quibus
504 2138 806 2207 Spanorum
846 2135 992 2191 vires
1037 2131 1309 2187 molliores
1337 2148 1456 2188 esse
1501 2133 1606 2189 tuis
1630 2133 1847 2190 feminis

254 2229 637 2289 detractabas’f
668 2226 772 2283 Ubi
800 2224 1009 2281 motus?
1038 2222 1140 2279 Ubi
1168 2229 1436 2277 tumentes
1457 2224 1651 2292 quibus
1674 2236 1699 2264 ιι
1724 2239 1846 2279 cer-

254 2325 490 2381 vicicum
514 2321 725 2375 ratione
752 2318 1054 2387 Spanorum
1086 2316 1360 2372 consortia
1392 2317 1717 2387 respuebas?
1743 2316 1843 2373 Ubi

251 2431 451 2490 spansa
475 2413 588 2469 oris
606 2411 684 2466 tui
709 2409 942 2478 fastigia,
966 2422 1087 2477 quae
1121 2407 1187 2463 de
1214 2406 1435 2462 incertis
1458 2423 1599 2477 saepe
1641 2406 1847 2477 divitiis

252 2502 626 2564 tumcscebas?
646 2500 751 2557 Ubi
769 2499 910 2553 elata
938 2497 1076 2553 colla
1109 2504 1269 2565 atque
1299 2496 1543 2561 consilia,
1570 2512 1690 2567 quae
1718 2511 1846 2551 suo-

254 2612 378 2654 rum
420 2608 635 2663 semper
686 2592 880 2645 ducum
924 2603 1144 2670 semper
1203 2587 1467 2659 regimina
1533 2588 1845 2657 praeberunt

250 2686 668 2764 [praebuerunt]?
680 2684 820 2754 Quid
843 2683 1079 2741 futurum
1101 2700 1221 2741 esse
1239 2685 1488 2754 putabas,
1513 2699 1634 2738 cum
1661 2682 1768 2737 tuis
1790 2692 1844 2738 te

249 2780 509 2852 operibus
560 2778 677 2848 ipsa
708 2774 1045 2840 confoderes,
1083 2775 1333 2831 manibus
1377 2775 1666 2840 laccrares,
1714 2788 1843 2828 con-

250 2873 390 2930 siliis
409 2879 700 2936 everteres,
729 2868 1007 2924 fraudibus
1029 2866 1352 2922 addicares?
1377 2864 1509 2920 Tuis
1539 2864 1685 2920 enim
1714 2878 1841 2933 ope-

250 2970 405 3025 ribus
420 2966 655 3037 iaculata
679 2979 756 3029 es,
774 2963 990 3033 quando
1012 2962 1332 3019 criminibus
1352 2961 1558 3018 crimen
1579 2959 1836 3026 addebas,

250 3062 588 3133 negotiorum
615 3058 803 3119 fraude
833 3057 1124 3127 implicata,
1143 3055 1458 3126 prostibulis
1497 3054 1696 3121 dedita,
1722 3070 1840 3124 per-

243 3152 410 3223 juriis
436 3151 761 3219 mancipata,
792 3163 911 3218 quae
939 3146 1249 3203 Judaeorum
1276 3148 1455 3216 potius
1500 3162 1660 3217 quam
1706 3146 1839 3202 fide-

247 3244 381 3298 lium
406 3240 606 3297 Christi
642 3238 896 3295 amicitiis
926 3238 1237 3294 iusudabas.
1270 3236 1361 3292 Sic
1394 3237 1539 3292 enim
1588 3234 1838 3291 adulterii

247 3344 438 3391 tenens
464 3332 657 3402 legem,
686 3331 971 3388 honestum
996 3330 1226 3399 putabas
1244 3326 1405 3385 omne
1436 3329 1581 3399 quod
1597 3327 1833 3384 feceras:

246 3429 387 3483 inter
416 3432 721 3482 scortorum
743 3437 933 3495 greges
952 3434 1103 3477 more
1118 3421 1383 3492 pecudum
1405 3420 1676 3484 lascivire,
1697 3419 1839 3474 inter

241 3517 429 3589 epulas
449 3515 651 3570 amicos
672 3512 960 3583 perimere,
994 3511 1307 3567 innocentes
1329 3510 1538 3565 animas
1551 3508 1831 3579 jugulare;

241 3609 536 3665 simulabas
567 3606 713 3663 enim
742 3613 796 3661 te
820 3603 1231 3659 advenientibus
1264 3603 1439 3673 gratia
1464 3600 1677 3672 [Ἐστι.
1713 3616 1839 3670 gra-

243 3701 414 3774 tam]:
449 3712 682 3768 cumque
720 3697 895 3751 virum
925 3693 1233 3763 quempiam
1258 3707 1382 3748 cum
1408 3690 1635 3760 conjuge
1662 3699 1718 3745 et
1764 3691 1834 3746 li-

240 3790 388 3847 beris
408 3787 648 3858 hospitio
668 3785 984 3853 recepisses,
1008 3783 1150 3836 inter
1169 3781 1292 3835 vina
1317 3780 1633 3851 sanguinem
1658 3779 1838 3849 propi-

239 3876 740 3948 nabas,jugulando
764 3875 960 3938 virum,
988 3872 1129 3929 filios
1143 3871 1473 3935 abnccando,
1489 3869 1833 3939 superstitem

240 3980 473 4028 matrem
494 3966 813 4023 assumebas
837 3964 893 4019 in
920 3962 1204 4033 pellicatus
1234 3962 1310 4015 tui
1332 3960 1584 4016 ludibrio.

306 4065 365 4119 2.
396 4062 506 4117 Nec
536 4068 719 4114 tamen
759 4058 864 4111 ista
906 4055 1128 4120 faciens,
1161 4054 1295 4108 tanti
1323 4052 1658 4107 immanitate
1700 4051 1832 4108 faci-

238 4155 390 4212 noris
411 4169 520 4207 non
548 4145 957 4212 tremescis,sed
987 4161 1147 4216 super
1175 4145 1291 4203 bzec
1316 4142 1498 4200 omnia
1521 4141 1828 4198 Judaaorum

1946 1865 2206 1920 sufficiat:
2234 1883 2358 1921 nam
2390 1866 2609 1936 insuper
2653 1883 2721 1923 ne
2764 1876 2929 1924 tanta:
2972 1869 3295 1926 calamitatis
3334 1870 3536 1943 flagitio

1947 1953 2150 2024 aliquid
2185 1955 2456 2009 videretur
2501 1954 2708 2019 deesse,
2770 1972 2951 2028 regem
2980 1959 3202 2024 habens,
3233 1960 3398 2015 alium
3437 1962 3534 2017 tibi

1945 2059 2129 2115 regem
2150 2045 2362 2108 statuis,
2394 2052 2535 2109 astu,
2566 2061 2672 2099 non
2698 2046 2886 2101 ordine
2912 2064 2925 2112 ;
2955 2045 3256 2113 fraudibus,
3282 2066 3391 2105 non
3423 2049 3533 2105 vir-

1946 2140 2082 2187 tute.
2134 2131 2263 2199 Quae
2296 2132 2438 2187 enim
2469 2149 2535 2188 ex
2566 2132 2782 2189 feminis
2833 2134 3120 2203 aliquando
3162 2146 3375 2205 reperta
3427 2146 3531 2200 est,

1946 2238 2066 2292 qua:
2093 2223 2268 2277 virum
2303 2223 2525 2289 habens,
2551 2224 2775 2280 alterius
2809 2225 2910 2279 viri
2957 2206 3232 2281 cbnsortia
3290 2230 3407 2282 sine
3449 2228 3531 2282 sui

1944 2316 2184 2385 periculo
2207 2316 2585 2385 concupiscat?
2627 2316 2707 2371 Tu
2756 2317 2876 2372 sola
2905 2326 3056 2372 tuum
3082 2319 3364 2388 postponis
3383 2320 3531 2388 peri—

1945 2405 2084 2471 culo,
2100 2414 2154 2460 et
2172 2405 2437 2475 perfidare
2458 2423 2566 2461 non
2588 2416 2853 2475 metuens,
2877 2408 3118 2479 perfidiaa
3143 2410 3240 2464 tibi
3267 2411 3534 2465 subornas

1944 2504 2237 2566 sceptrum.
2266 2496 2397 2564 Quis
2419 2497 2522 2552 ista
2548 2514 2668 2569 quae
2695 2499 2840 2556 dicta
2874 2509 3020 2567 sunt,
3053 2502 3222 2557 fecit?
3248 2503 3306 2557 In
3333 2504 3533 2575 quibus

1943 2587 2047 2642 hoc
2078 2590 2310 2656 primum
2362 2590 2522 2646 terris
2570 2590 2832 2647 famosum
2867 2593 3066 2648 malum
3100 2594 3378 2665 apparuit,
3424 2594 3530 2649 nisi

1942 2678 2083 2733 inter
2131 2680 2307 2735 media
2333 2681 2559 2736 uberum
2594 2684 3235 2739 tuorum?Admirandus
3274 2693 3357 2739 est
3400 2700 3531 2754 ergo

1941 2779 2130 2824 uterus
2161 2771 2357 2826 mentis
2390 2779 2514 2836 tute,
2565 2788 2685 2844 qua:
2725 2774 2825 2829 sub
2871 2782 3021 2828 tanta
3064 2773 3355 2828 criminum
3402 2788 3533 2829 eon-

1940 2860 2186 2930 ceptione
2211 2877 2320 2917 non
2350 2862 2580 2932 crepuit,
2610 2863 2702 2919 sed
2731 2872 2879 2919 tanta
2907 2864 3262 2920 admiratione
3282 2865 3529 2935 concepit

1941 2950 2200 3015 dolorem,
2232 2961 2292 3007 ut
2314 2961 2519 3008 tantam
2554 2954 2639 3009 his
2669 2956 2872 3011 nostris
2907 2955 3241 3023 temporibus
3277 2956 3525 3011 dolorum

1936 3043 2205 3116 pepererit
2218 3045 2539 3103 ubertatem.

2011 3131 2066 3186 4.
2100 3133 2253 3199 Quod
2283 3135 2328 3188 si
2353 3150 2566 3191 asseras
2594 3135 2809 3190 aliunde
2843 3135 3055 3190 venisse
3085 3135 3228 3207 quod
3261 3135 3377 3205 ipsa
3406 3150 3527 3191 sus-

1941 3222 2170 3293 ceperis,
2219 3223 2341 3277 audi
2384 3238 2452 3278 an
2484 3225 2591 3278 tuis
2617 3240 2685 3278 an
2713 3225 2939 3279 aliorum
2965 3224 3011 3280 si
3049 3233 3323 3295 patratum
3349 3226 3523 3281 consi-

1938 3312 2062 3367 liis:
2111 3314 2458 3384 conceptione
2490 3322 2669 3368 tamen
2694 3313 2840 3370 fetus
2867 3316 2943 3368 tui
2992 3330 3190 3385 negare
3234 3331 3340 3369 non
3376 3326 3528 3384 pote-

1938 3411 2024 3458 rat
2050 3404 2099 3457 ι’.
2144 3403 2201 3458 Si
2230 3404 2372 3459 enim
2399 3403 2612 3459 aliunde
2652 3404 2755 3460 hoc
2801 3404 3073 3475 accepisti,
3106 3420 3274 3474 quare
3323 3405 3526 3475 fovisti,

1937 3509 2004 3550 ac
2033 3509 2139 3548 non
2180 3494 2361 3562 potius
2390 3501 2451 3546 ut
2483 3495 2849 3550 membrorum
2877 3494 3126 3565 putribus
3148 3510 3178 3549 a
3204 3495 3310 3551 tuis
3329 3495 3528 3555 ﬁnibus

1936 3584 2223 3654 repulisti?
2262 3583 2318 3638 Si
2355 3592 2535 3639 autem
2571 3595 2625 3639 tu
2657 3587 2906 3656 genuisti,
2952 3602 3121 3657 quare
3161 3589 3341 3659 genita
3369 3606 3527 3647 mon-

1935 3682 2152 3732 struosa
2186 3675 2501 3744 priusquam
2534 3676 2923 3743 adolescerent,
2948 3694 3055 3735 non
3083 3680 3280 3735 secasti
3313 3679 3521 3752 [Fors.,

1936 3763 2207 3836 necasti]?
2254 3764 2336 3818 An
2375 3781 2480 3820 non
2522 3766 2702 3834 potius
2740 3766 2993 3825 mulieres
3033 3767 3252 3824 idoneas
3282 3759 3524 3826 monst‘ra

1934 3871 2001 3912 ex
2024 3871 2082 3911 se
2108 3855 2289 3926 genita
2319 3855 2633 3921 abnecasse,
2690 3856 2906 3912 virtutis
2939 3857 3043 3912 erit
3073 3857 3329 3915 indicium
3355 3877 3368 3926 ;
3418 3860 3529 3917 cri-

1932 3948 2091 4003 minis
2115 3947 2351 4017 quidem,
2403 3947 2449 4002 si
2473 3947 2749 4003 ordinatos
2791 3947 2934 4004 fetus
2975 3950 3326 4021 perimerent,
3373 3952 3523 4008 ordi-

1929 4039 2035 4103 nis,
2060 4039 2106 4094 si
2136 4038 2393 4096 informes
2418 4040 2718 4095 necarent?
2761 4039 2916 4107 Quod
2960 4042 3005 4096 si
3033 4043 3271 4098 causeris
3296 4059 3401 4100 non
3428 4059 3525 4114 po—

1930 4131 2098 4185 tuisse
2122 4141 2175 4187 te
2200 4130 2387 4185 virtuti
2411 4129 2527 4198 ejus
2556 4130 2828 4194 resistere,
2868 4130 2954 4185 vel
2974 4142 3236 4201 concepto
3280 4132 3412 4188 fetui
3437 4148 3523 4189 re-

238 4244 528 4301 consortiis
550 4241 830 4305 animaris,
860 4251 1088 4307 quorum
1118 4236 1283 4291 etiam
1327 4232 1722 4301 infidelitatem,
1779 4235 1824 4290 si
1926 4234 2195 4289 Pugnare:
2240 4219 2332 4275 ubi
2364 4226 2488 4274 sum
2530 4218 2621 4275 illa
2647 4220 2760 4275 01‘35
2785 4219 2862 4274 ιυί
2894 4221 3125 4290 superba
3150 4218 3386 4307 ἷθειίξζῖίιι
3428 4223 3520 4278 ubi

241 4328 419 4391 libats
443 4333 698 4396 attendis,
718 4328 831 4398 jam
852 4329 909 4385 in
931 4328 1040 4383 tuis
1053 4326 1314 4383 transisse
1327 4324 1453 4380 filiis
1464 4324 1821 4395 recognoscis,

243 4430 371 4484 dum
394 4426 447 4481 hi
476 4425 567 4495 qui
613 4425 669 4479 in
695 4431 749 4478 te
792 4419 1204 4476 ehristianitatis
1232 4417 1387 4473 titulo
1414 4415 1822 4487 prmf'ulgebant,

242 4519 313 4575 ad
369 4516 716 4571 Hebraeorum
764 4511 975 4583 probati
1036 4516 1164 4565 sunt
1209 4508 1469 4565 transisse
1508 4506 1820 4577 perfidiam;

241 4624 433 4667 eorum
452 4608 599 4663 enim
628 4613 682 4660 te
702 4618 913 4672 semper
934 4599 1154 4670 iudieiis
1177 4598 1574 4664 committebas,
1596 4611 1824 4665 quorum

237 4701 354 4771 jam
381 4715 414 4754 a
450 4699 561 4754 Deo
603 4694 886 4765 reprobata
920 4694 1085 4749 corda
1125 4704 1472 4760 cognoveras.
1498 4688 1566 4741 Et
1597 4685 1827 4756 qualiter

241 4793 548 4849 Judteorum
571 4805 603 4844 a
628 4797 684 4844 te
706 4794 964 4859 poterunt
990 4783 1221 4839 infausta
1235 4780 1478 4837 venerari
1493 4778 1748 4842 sacraria,
1768 4777 1822 4833 in

239 4884 439 4954 quibus
462 4889 572 4936 tam
594 4880 859 4935 instanter
884 4876 1075 4945 salutis
1093 4882 1199 4928 tua:
1223 4871 1584 4928 collocaveras
1606 4867 1826 4924 curam?

238 4976 491 5047 Agnosce
523 4973 738 5035 misera,
780 4981 1010 5039 agnosce
1031 4964 1162 5035 quid
1186 4960 1401 5018 feceris.
1443 4957 1683 5047 Sufficiat
1727 4956 1824 5047 tibi

243 5044 387 5118 inter
415 5061 593 5117 febres
616 5058 860 5114 amisisse
887 5052 1224 5110 memoriam.
1262 5049 1418 5106 Nunc
1446 5045 1561 5115 jam
1604 5044 1823 5115 depulsa

240 5153 476 5210 febrium
503 5152 642 5216 labe,
680 5149 945 5203 nutricem
975 5154 1031 5201 te
1055 5141 1299 5200 scandali
1344 5151 1691 5208 recognosce,
1740 5135 1823 5191 fo-

239 5244 431 5300 mitem
457 5240 606 5306 mali,
645 5247 870 5294 matrem
891 5231 1402 5304 blasphemantium,
1436 5242 1720 5284 novercam
1743 5226 1826 5279 in-

238 5333 506 5397 fidelium,
536 5331 872 5402 negotiorum
916 5325 1237 5396 privignam,
1268 5317 1689 5390 prostibulorum
1713 5330 1822 5369 ma-

239 5429 471 5491 teriam,
527 5423 921 5495 proditionibus
983 5418 1264 5490 spelaeum,
1319 5415 1520 5472 fontem
1562 5413 1818 5483 perfidiae,

241 5521 547 5576 animarum
574 5512 1051 5583 interemptricem.

314 5645 339 5672 ιι
365 5631 539 5684 Locus
560 5633 864 5697 corruptus.
946 5695 953 5697 ξ
1776 5688 1786 5697 .

316 5704 342 5743 υ
370 5702 550 5765 Fors,
576 5717 643 5753 an
663 5690 887 5752 aliorum
911 5695 974 5750 sit
1000 5703 1263 5767 patratum
1283 5690 1533 5757 consiliis,
1558 5690 1819 5759 conceptio

1925 4317 2196 4368 tumentes
2219 4323 2399 4372 voces,
2424 4308 2517 4361 ubi
2546 4308 2673 4365 elati
2715 4315 2910 4371 motus,
2944 4306 3325 4376 superciliosus
3345 4309 3524 4365 inces-

1926 4416 2036 4466 sus,
2073 4401 2361 4454 verborum
2393 4398 2481 4452 ille
2504 4398 2822 4463 cothurnus,
2859 4398 3056 4467 quibus
3104 4414 3209 4455 non
3244 4405 3351 4452 tam
3393 4412 3522 4468 par-

1854 4465 1901 4524 ο
1929 4504 2037 4549 tem
2079 4491 2292 4562 Spania:
2328 4490 2423 4545 sed
2460 4497 2630 4545 totam
2673 4465 2928 4559 Spaniam
2957 4488 3051 4545 uni
3080 4488 3281 4560 pugillo
3323 4465 3414 4547 tuo
3450 4491 3520 4547 ad

1929 4579 2289 4638 resistendum
2324 4578 2471 4633 nullo
2513 4578 2673 4633 modo
2708 4577 3055 4633 suffecturam
3089 4593 3208 4634 esse
3236 4582 3521 4648 censebas,

1927 4682 1982 4729 et
2007 4672 2186 4728 verbis
2221 4671 2531 4727 tonantibus
2575 4669 2907 4727 insonabas?
2952 4669 3052 4727 Hic
3085 4684 3221 4742 ergo
3271 4672 3431 4728 nullis
3465 4680 3523 4729 te

1920 4763 2083 4835 justis
2112 4764 2334 4820 vocibus
2380 4762 2709 4828 excusabas,
2763 4776 2887 4819 cum
2939 4761 3155 4818 etiamsi
3199 4763 3363 4818 armis
3406 4778 3522 4822 non

1927 4871 2131 4926 posses,
2175 4853 2280 4910 fide
2308 4853 2487 4924 potius
2524 4862 2731 4908 armata
2757 4852 3096 4924 persisteres,
3138 4861 3193 4908 et
3222 4867 3409 4912 necem
3433 4852 3519 4907 ul—

1926 4951 2116 5005 timam
2147 4950 2286 5005 inter
2316 4948 2610 5005 infidelium
2642 4948 2910 5020 procellas
2954 4948 3164 5004 fidelior
3192 4948 3513 5005 sustineres.

1927 5040 2230 5096 Devoveras
2263 5026 2408 5095 enim
2451 5047 2597 5095 tuam
2646 5039 2946 5095 voluntarie
2991 5040 3243 5111 religioso
3284 5040 3514 5112 principi

1927 5129 2109 5196 fidem,
2142 5130 2241 5184 sub
2267 5128 2430 5183 divini
2455 5128 2688 5184 nominis
2716 5127 3107 5199 pollicitatione
3136 5128 3405 5199 spondens
3452 5136 3514 5185 ut

1926 5226 2136 5282 hostem
2166 5232 2218 5280 te
2247 5222 2362 5279 suis
2392 5222 2637 5279 hostibus
2666 5223 2975 5288 exhiberes,
3010 5231 3065 5278 et
3099 5238 3223 5279 cum
3258 5223 3513 5280 adversa-

1926 5315 2022 5370 riis
2047 5314 2237 5368 salutis
2268 5313 2384 5381 ejus
2404 5328 2575 5383 usque
2600 5313 2667 5368 ad
2692 5312 3006 5369 effusionem
3029 5315 3307 5385 sanguinis
3328 5315 3511 5371 decer-

1924 5414 2089 5463 tares.

1995 5498 2048 5556 5.
2083 5498 2180 5554 Dic
2205 5512 2356 5569 ergo,
2392 5496 2513 5566 quis
2543 5504 2756 5552 tuorum
2789 5512 2886 5568 pro
2928 5498 3032 5557 fide
3065 5505 3210 5555 recta
3234 5497 3508 5563 occubuit,

1924 5625 2099 5668 tamen
2142 5612 2274 5685 [ctus
2307 5613 2383 5685 tui
2410 5614 2587 5682 negari
2617 5629 2721 5665 non
2746 5622 2945 5682 poterat
2976 5631 2994 5677 ;
3044 5620 3167 5681 aut,
3215 5612 3507 5685 conceptio‘

1925 5701 2106 5740 nam...
2133 5683 2268 5755 fctus
2293 5683 2368 5737 tui
2394 5699 2578 5753 negare
2612 5698 2712 5737 non
2740 5693 2969 5753 poteras.
