4022 6154
506 323 609 380 799

1602 320 1658 374 S.
1698 318 1959 376 JULIANI
1999 316 2300 375 EPISCOPI
2339 319 2681 378 TOLETANI

3654 326 3760 382 800

504 442 627 511 quis
647 442 713 495 de
739 439 843 496 tuis
866 439 1023 494 ﬁdem
1044 436 1409 494 conservando
1447 444 1756 506 peremptus
1801 443 1903 499 est,
1954 432 2075 502 quis
2099 432 2153 492 Δ
2175 448 2272 501 per
2295 437 2557 502 exhibuit,
2607 445 2664 493 et
2709 437 2763 493 in
2794 447 2884 492 tua
2925 442 3319 511 expugnatione
3356 457 3415 499 se
3451 444 3629 512 potius
3667 461 3764 499 ex-

509 542 724 586 tuorum
751 529 1055 586 occisurum
1105 525 1502 600 [occidendum]
1541 539 1598 580 se
1624 540 1721 593 pro
1746 525 1974 578 veritate
1995 538 2082 576 ex-

510 621 699 684 hibuit,
749 620 871 688 quis
915 617 1077 672 etiam
1108 625 1508 687 perempturum
1556 612 1973 687 [perimendum]
2024 626 2083 665 se

507 720 606 778 pro
631 707 733 762 ﬁde
761 706 1002 776 optavit?
1029 705 1196 760 Nemo
1227 714 1438 759 tuorum
1472 704 1591 768 fuit,
1616 705 1753 774 apud
1790 719 1947 772 quem
1970 717 2083 771 pre-

512 797 701 852 tiosior
730 802 875 851 esset
901 796 1079 849 anima
1105 795 1253 848 uncti
1277 795 1379 858 sui,
1427 794 1472 848 si
1510 793 1671 847 inﬁda
1704 793 1757 846 in
1796 792 2081 860 promisso,

513 887 688 942 facilis
722 887 776 940 in
823 884 1059 957 perjurio
1086 894 1335 938 exortum
1367 885 1420 938 in
1461 891 1513 938 te
1540 881 1871 938 inﬁdelitatis
1908 881 2085 951 ignem

512 993 621 1032 non
662 975 832 1030 solum
864 988 971 1028 non
1003 973 1246 1042 perimis,
1296 973 1391 1027 sed
1440 973 1689 1027 accendis
1718 989 1732 1036 ;
1787 986 1888 1025 nec
1911 971 2087 1025 verbis

513 1076 739 1129 tantum,
773 1062 866 1119 sed
898 1071 953 1118 et
982 1063 1232 1133 operibus
1262 1062 1431 1117 foves.
1466 1063 1571 1117 Sed
1604 1064 1719 1118 ιιειξο
1747 1071 1872 1117 sunt
1898 1063 1987 1116 illa
2012 1062 2087 1116 tui

513 1156 681 1209 moris
705 1154 856 1224 signa
901 1153 1165 1216 victricia,
1208 1160 1269 1207 ut
1307 1154 1514 1207 hostem
1536 1169 1643 1207 non
1676 1154 1869 1218 ferias,
1918 1154 2089 1207 civem

512 1247 726 1301 accidas
760 1244 964 1316 [ἴω-8.,
998 1244 1267 1317 occidas]:
1299 1245 1489 1299 melius
1529 1246 1666 1298 forte
1701 1246 1796 1299 tibi
1834 1246 2092 1299 deﬁniens

512 1336 686 1389 civem
714 1336 855 1390 bello
890 1352 1050 1405 quam
1086 1336 1294 1389 hostem
1319 1335 1607 1402 excipere;
1662 1335 1856 1403 quippe
1896 1335 1982 1389 cui
2016 1335 2094 1387 vi-

515 1439 603 1501 res
634 1440 847 1495 semper
888 1425 1087 1479 fuerint
1128 1425 1302 1479 socios
1344 1426 1520 1493 potius
1565 1440 1725 1493 quam
1759 1425 2094 1479 adversarios

515 1531 764 1571 enecare.
818 1515 950 1570 Cum
1006 1532 1106 1572 nec
1156 1517 1259 1571 hoc
1302 1517 1466 1571 armis
1515 1517 1608 1570 sed
1642 1516 1777 1572 dolis
1819 1518 1998 1586 potius
2042 1526 2096 1572 et

519 1606 796 1661 fraudibus
825 1622 970 1677 agas,
1003 1606 1123 1677 plus
1149 1606 1385 1660 timenda
1429 1616 1552 1661 sunt
1593 1621 1796 1660 venena
1821 1615 1908 1660 tua
1935 1624 2096 1676 quant

521 1714 670 1752 arma
698 1715 711 1763 ;
741 1699 922 1767 plures
958 1698 1101 1764 enim
1137 1696 1276 1752 fellis
1315 1698 1390 1751 tui
1423 1697 1682 1760 antidoto,
1731 1712 1889 1765 quam
1920 1712 2098 1750 armo-

525 1804 644 1841 rum
668 1787 864 1855 jaculis
891 1788 1177 1861 confudisti
1210 1786 1414 1859 [Fars.,
1452 1786 1780 1859 confodisti].

596 1877 647 1930 6.
675 1876 860 1946 Neque
907 1878 1049 1931 enim
1086 1877 1137 1930 in
1185 1891 1376 1945 campo
1422 1884 1508 1929 tua
1558 1875 1845 1944 aliquando
1898 1876 2099 1929 directa

526 1973 713 2022 contra
742 1967 947 2021 hostem
978 1967 1271 2021 certamina
1303 1966 1549 2027 vidimus,
1583 1982 1703 2019 eum
1747 1972 1925 2019 tamen
1957 1966 2099 2019 intra

526 2054 741 2108 domum
765 2070 966 2108 venena
984 2055 1057 2108 tui
1081 2056 1314 2123 pectoris
1338 2055 1681 2109 senserimus.
1711 2054 1950 2109 Vidimus
1973 2071 2103 2123 pne-

525 2154 740 2214 paratas
771 2147 914 2201 acies
950 2155 1085 2211 tups,
1132 2147 1223 2201 sed
1254 2161 1351 2215 pro
1388 2144 1574 2215 jugulo
1605 2146 1820 2209 civium,
1869 2162 1973 2199 non
2003 2162 2101 2214 pro

525 2240 746 2295 necibus
795 2249 1159 2294 externorum.
1224 2239 1499 2306 Quomodo
1559 2246 1720 2291 tanta:
1770 2238 2102 2293 crudelitatis

526 2332 666 2385 nube
688 2331 969 2393 crassaris,
1005 2340 1064 2385 ut
1092 2331 1470 2386 liberatoribus
1494 2347 1698 2395 necem,
1733 2329 2102 2385 defensoribus

527 2438 859 2492 praaparares
893 2423 1193 2478 ultionem?
1241 2423 1379 2489 Quid
1416 2423 1509 2476 tibi
1544 2438 1678 2492 opus
1710 2421 1809 2475 fuit
1853 2422 2103 2476 fortiores

500 2528 820 2581 .provocare
853 2512 920 2567 ad
943 2513 1161 2578 bellum,
1198 2513 1544 2566 validioribus
1569 2511 1775 2584 [Fors.,
1805 2522 1862 2566 ut
1884 2512 2105 2565 validio-

530 2603 704 2676 ribus]
737 2619 1073 2673 pracpararcs
1107 2603 1418 2658 excidium?
1470 2603 1576 2657 Sed
1622 2603 1723 2656 ista
1766 2618 1872 2656 non
1918 2601 2105 2654 imme-

528 2694 635 2748 rito
659 2695 790 2764 agis,
810 2694 1003 2763 quippe
1034 2710 1151 2763 qua:
1178 2692 1482 2763 phrenesim
1505 2708 1682 2763 passa,
1715 2691 1908 2760 quibus
1942 2700 1991 2744 te
2014 2706 2107 2743 au-

531 2785 659 2840 deas
700 2799 914 2855 mquare
958 2800 1063 2839 non
1116 2783 1336 2838 sentias.
1394 2782 1580 2837 Solent
1624 2782 1764 2836 enim
1810 2779 2106 2849 phrenetici

526 2884 655 2930 tunc
685 2890 743 2929 se
772 2874 1101 2929 robustiores
1124 2874 1327 2927 viribus
1347 2873 1653 2933 cxstimare,
1679 2871 1894 2941 quando
1911 2869 2023 2938 jam
2055 2869 2109 2922 in

2178 529 2521 597 pugnandum
2544 529 2807 584 immisit?
2835 530 3198 588 Admirandus
3225 544 3308 589 est
3334 549 3466 606 ergo
3489 537 3764 591 altternan-

2182 615 2315 669 tium
2364 617 2465 670 iste
2506 619 2739 686 partium
2776 621 2928 675 ordo.
2988 620 3199 688 Quanta
3250 623 3304 676 in
3347 632 3401 678 te
3447 625 3761 689 crudelitas,

2181 719 2381 776 quanta
2423 710 2475 764 in
2508 710 2702 779 Spanis
2742 713 2914 782 pietas
2956 712 3156 769 fuerit‘!
3203 715 3281 770 Illi
3313 717 3410 771 tibi
3444 732 3652 786 pacem,
3708 727 3762 771 tu

2183 800 2289 854 illis
2314 799 2504 855 dolus:
2545 801 2619 857 illi
2642 800 3021 866 defensionem,
3062 812 3118 858 tu
3146 806 3568 875 peremptionem
3605 822 3762 862 excov

2185 892 2341 961 gitas.
2396 892 2472 946 Illi
2512 909 2722 963 semper
2763 896 2830 949 ad
2856 896 3230 952 liberationem
3264 899 3339 953 tui
3388 915 3511 953 cum
3554 908 3766 956 armato

2188 983 2281 1037 tibi
2316 985 2605 1039 currebant
2644 988 2923 1042 exercitu:
2975 996 3033 1044 tu
3066 990 3135 1044 ad
3170 991 3503 1046 eversionem
3548 992 3767 1047 illorum

2186 1074 2394 1143 gladios
2424 1075 2615 1130 incitas
2640 1085 3005 1133 externorum.
3064 1079 3144 1135 Illi
3166 1080 3374 1136 hostem
3401 1081 3767 1151 repellendum

2188 1182 2218 1219 a
2244 1175 2297 1219 te
2317 1173 2409 1219 aut
2444 1167 2493 1219 vi
2524 1175 2615 1219 aut
2636 1175 2757 1220 astu
2779 1168 3041 1222 deﬁniunt
3066 1185 3080 1223 ε
3116 1178 3172 1223 ιιι
3204 1180 3433 1240 utroque
3449 1175 3774 1243 compendio

2190 1270 2373 1325 agens,
2405 1263 2459 1308 et
2485 1254 2759 1309 fraudibus
2784 1258 3013 1327 propriis
3054 1266 3108 1312 et
3128 1259 3335 1313 viribus
3365 1260 3556 1314 alienis
3582 1270 3772 1315 contra

2193 1344 2494 1413 Spanorum
2534 1345 2830 1399 exercitum
2854 1347 3024 1401 venis.
3051 1347 3127 1401 llli
3159 1364 3372 1417 semper
3402 1350 3780 1406 defensionem

2192 1433 2268 1487 tui
2291 1450 2596 1502 quanquam
2641 1434 2878 1503 periculo
2924 1437 3005 1490 sui
3046 1439 3400 1506 qumrebant:
3444 1446 3499 1491 tu
3528 1448 3795 1493 emntra

2194 1541 2298 1580 non
2327 1526 2444 1579 sine
2472 1526 2772 1594 perditione
2815 1527 2892 1580 tui
2928 1527 3226 1582 eversionis
3269 1536 3457 1582 contra
3482 1529 3602 1583 illos
3626 1545 3785 1597 pra:-

2194 1631 2354 1684 paras
2375 1618 2724 1670 munimenta.
2775 1616 2854 1669 Illi
2893 1617 3118 1671 salutem
3149 1626 3314 1682 tuam,
3358 1627 3412 1673 et
3462 1619 3550 1672 ubi
3591 1618 3787 1672 forsan

2200 1708 2364 1762 armis
2393 1723 2497 1761 non
2528 1708 2832 1771 currebant,
2879 1709 3067 1779 pretiis
3087 1710 3335 1764 emebant
3360 1724 3375 1762 :
3405 1716 3460 1763 tu
3489 1725 3679 1763 necem
3717 1709 3790 1762 il-

2152 1764 2172 1815 ἶ
2199 1796 2393 1862 lorum,
2433 1814 2591 1867 quam
2618 1798 2782 1852 armis
2808 1806 3023 1867 patrare
3042 1814 3148 1852 non
3180 1806 3417 1867 poteras,
3463 1798 3788 1852 muneribus

2199 1885 2388 1940 definis
2418 1887 2851 1955 comparandam.
2908 1886 3133 1952 Quando
3171 1886 3315 1940 enim
3359 1886 3433 1939 illi
3466 1895 3557 1940 aut
3586 1887 3637 1939 in
3671 1886 3789 1939 tuis

2197 1976 2368 2046 plagis
2388 1976 2591 2030 alacres
2633 1975 2778 2038 facti,
2821 1984 2911 2030 aut
2940 1976 2991 2029 in
3036 1975 3142 2030 tuis
3184 1976 3446 2030 mortibus
3489 1976 3791 2045 aliquando

2198 2063 2362 2118 ltetati
2394 2065 2562 2118 sunt?
2591 2063 2728 2131 Quin
2764 2065 2942 2134 potius
2972 2065 3017 2120 si
3043 2065 3246 2133 perlata
3285 2066 3599 2119 nuntiorum
3636 2067 3784 2120 fama

2200 2161 2290 2207 aut
2314 2154 2381 2207 ab
2408 2155 2560 2208 hoste
2580 2155 2877 2218 obsessam,
2907 2161 2999 2207 aut
3026 2154 3261 2208 hostium
3292 2154 3659 2208 incursatione
3685 2157 3788 2209 de-

2202 2230 2381 2299 tritam
2407 2245 2608 2308 eduxit,
2642 2255 2851 2299 armata
2890 2244 3029 2298 illico
3050 2244 3116 2298 ad
3140 2244 3504 2300 defensionem
3527 2246 3602 2299 tui
3644 2245 3792 2314 Spa-

2200 2350 2389 2387 norum
2418 2349 2607 2387 manus
2627 2348 2684 2387 se
2703 2334 2809 2387 cita
2834 2339 3011 2386 tamen
3034 2332 3294 2397 exhibuit,
3320 2341 3373 2387 et
3396 2333 3614 2401 propria
3634 2343 3797 2403 post-

2202 2425 2443 2492 ponendo
2474 2423 2708 2492 pericula
2736 2438 2859 2477 cum
2880 2423 3126 2477 hostibus
3155 2423 3261 2477 tuis
3294 2422 3632 2493 confligebat.
3674 2422 3801 2478 Nec

2203 2514 2346 2568 enim
2386 2521 2461 2566 tot
2513 2511 2957 2580 interjacentibus
3013 2512 3174 2566 terris
3222 2511 3384 2566 duros
3431 2528 3674 2581 quosque
3730 2530 3803 2567 se

2204 2604 2526 2656 causabatur
2547 2602 2831 2671 pertulisse
2862 2603 2997 2655 lab0'
3016 2616 3075 2656 es
3098 2642 3112 2665 ,
3163 2601 3450 2656 dummodo
3478 2611 3534 2655 tu
3580 2610 3805 2657 statum

2186 2684 2352 2761 pacis
2373 2703 2641 2760 utcunque
2670 2693 2952 2761 reciperes.
2983 2690 3121 2745 Ecce
3140 2688 3254 2758 jam
3280 2697 3462 2745 notum
3486 2699 3588 2755 est,
3621 2706 3810 2760 quan-

2207 2792 2295 2837 tus
2339 2784 2393 2837 in
2442 2783 2649 2852 Spanos
2697 2781 2938 2854 [Spanis]
2967 2779 3189 2836 aﬂ‘ectus
3242 2782 3458 2850 pietatis
3502 2784 3807 2852 processit,

2208 2882 2439 2943 quantus
2469 2872 2523 2925 in
2550 2880 2600 2926 te
2630 2870 2963 2926 crudelitatis
3008 2870 3168 2923 turbo
3191 2868 3458 2923 eﬂ‘erbuit.
3500 2868 3634 2921 Nam
3657 2868 3816 2937 Spa-

527 2963 719 3017 ultimo
761 2962 971 3017 defectu
1000 2962 1216 3018 videtur
1257 2971 1448 3016 natura
1501 2962 1616 3031 ipsa
1649 2962 1981 3017 consistere:
2016 2958 2111 3013 sed
2209 2981 2327 3029 nos,
2357 2981 2492 3034 quos
2518 2965 2791 3033 despectui
2822 2963 3134 3032 deputabas,
3173 2968 3228 3016 et
3269 2962 3500 3014 victores
3531 2967 3587 3011 et
3618 2958 3813 3013 mise-

530 3051 647 3107 haec
678 3060 732 3106 et
781 3052 886 3106 alia
937 3050 1139 3106 faciunt
1190 3068 1294 3106 non
1329 3051 1474 3105 vitali
1520 3065 1679 3106 sensu
1716 3050 1970 3119 permoti,
2014 3048 2106 3103 sed
2133 3083 2178 3141 Β
2213 3065 2423 3111 ratores
2454 3057 2531 3109 tui
2559 3064 2781 3125 experta
2814 3069 2913 3109 es:
2946 3052 3038 3107 ﬁlii
3086 3060 3266 3106 autem
3294 3052 3387 3113 tui,
3419 3051 3508 3120 qui
3537 3064 3606 3102 ex
3635 3058 3695 3102 te
3722 3050 3821 3104 vi—

528 3139 743 3197 mortali
792 3140 1139 3195 dissolutione
1181 3139 1294 3207 jam
1346 3141 1532 3194 tabidi.
1584 3140 1663 3194 Tu
1714 3155 1844 3210 ergo
1893 3139 1937 3193 si
1987 3145 2107 3207 post

528 3231 835 3301 phrenesim
863 3231 1178 3286 memoriam
1213 3230 1481 3300 recepisti,
1530 3231 1796 3285 recordari
1836 3237 1885 3282 te
1916 3243 2110 3282 conve—

529 3322 641 3387 nit,
686 3320 881 3390 quibus
918 3319 1058 3374 inter
1087 3318 1264 3373 febres
1312 3319 1533 3373 vocibus
1575 3318 1969 3387 perstrepebas,
2024 3315 2108 3369 vel

529 3426 667 3483 quos
692 3410 968 3466 habendos
989 3409 1169 3463 nescia
1196 3408 1467 3478 despectui
1498 3406 1796 3475 judicabas.

601 3506 654 3559 7.
681 3503 817 3558 Nam
847 3518 973 3559 ecce
1005 3502 1307 3571 Spanorum
1352 3501 1628 3556 exercitus
1660 3507 1780 3569 post
1826 3498 2110 3555 acerbisci-
2138 3494 2147 3501 ”

530 3610 647 3649 mas
670 3593 863 3656 febres,
913 3592 1109 3662 quibus
1151 3606 1367 3646 sensum
1391 3591 1667 3652 amiseras,
1708 3597 1971 3644 maturate
2011 3589 2110 3642 tibi

528 3684 783 3744 occurrit,
831 3699 930 3738 nec
966 3690 1146 3736 tamen
1180 3689 1342 3745 totus,
1380 3683 1472 3735 sed
1501 3680 1731 3748 quadam
1761 3681 1840 3734 sui
1867 3688 2109 3733 extrema

529 3782 681 3842 parte
706 3771 979 3833 collectus,
1020 3772 1160 3824 vires
1196 3778 1315 3823 tuas
1366 3784 1753 3838 usquequaque
1783 3768 2104 3838 perdomuit,

530 3862 665 3917 colla
700 3861 947 3928 subegit,
999 3860 1263 3914 tumentia
1306 3874 1401 3913 ora
1447 3858 1736 3922 contrivit;
1775 3867 1828 3911 et
1861 3857 1988 3927 quid
2020 3873 2112 3910 va-

532 3948 663 4012 leas,
707 3947 905 4018 quidve
936 3961 1041 4000 non
1066 3946 1267 4010 valeas,
1319 3946 1508 4001 melius
1537 3946 1649 4000 suis
1683 3947 1903 4015 gladiis,
1949 3962 2110 4015 quam

533 4040 638 4095 tuis
665 4039 886 4095 vocibus
916 4039 1245 4109 approbavit.
1280 4038 1419 4105 Quid
1442 4054 1570 4109 ergo
1593 4039 1789 4093 misera
1819 4039 2113 4094 victoribus

531 4130 703 4197 ducis,
733 4146 853 4200 qua:
885 4138 993 4185 tam
1026 4130 1351 4185 miserabilis
1381 4128 1531 4198 jaces
1573 4131 1673 4185 sub
1704 4132 1971 4185 victorum
1995 4148 2113 4186 mu-

530 4235 695 4275 crone
729 4220 980 4274 devicta?
1024 4220 1163 4274 Ecce
1204 4219 1504 4290 Spanorum
1548 4222 1816 4276 exercitus
1864 4237 1986 4275 cum
2025 4238 2113 4278 or-

529 4313 713 4367 dinato
745 4312 985 4382 principe
1020 4327 1117 4367 suo
1149 4320 1201 4367 te
1236 4313 1481 4367 valenter
1512 4311 1770 4378 edomuit,
1809 4312 1996 4381 spoliis
2019 4313 2111 4368 de-

2209 3146 2397 3215 perina
2420 3145 2699 3198 nativitate
2740 3152 2865 3199 sunt
2893 3143 3109 3213 proditi,
3157 3141 3283 3209 quid
3309 3140 3402 3194 tibi
3435 3138 3535 3192 nisi
3562 3139 3816 3206 famem,

2209 3235 2373 3297 luem,
2424 3243 2515 3289 aut
2542 3233 2774 3304 gladium
2798 3234 3139 3287 attulerunt?
3183 3232 3467 3300 ﬂuensque
3493 3228 3659 3299 igitur
3698 3232 3822 3287 tibi

2209 3323 2497 3377 insultasse
2527 3324 2597 3377 sit
2620 3323 2766 3386 utile,
2815 3333 2869 3377 et
2897 3323 3075 3377 forsan
3109 3323 3176 3377 ad
3200 3321 3623 3376 emolumentum
3645 3319 3826 3375 salu-

2211 3416 2281 3470 tis
2327 3416 2422 3469 tibi
2464 3414 2753 3484 proﬁceret
2799 3412 3057 3482 quidquid
3103 3413 3365 3482 asperiori
3400 3409 3825 3481 proclamauit)

2208 3513 2292 3559 est
2316 3506 2560 3570 verbere,
2612 3497 3001 3560 ut'verborum
3038 3504 3140 3558 ista
3184 3503 3447 3573 asperitas
3488 3503 3828 3569 corrept'm-

2210 3594 2295 3648 nis
2335 3603 2438 3649 tua:
2469 3594 2539 3648 sit
2575 3593 2755 3662 potius
2797 3607 2961 3646 causa
3003 3605 3166 3660 quam
3208 3588 3599 3659 desperationis
3647 3597 3831 3645 διωρ

2210 3684 2343 3753 pha.

2281 3776 2335 3830 9.
2374 3775 2561 3829 Restat
2589 3790 2717 3844 ergo
2746 3789 2906 3837 nunc,
2940 3781 2997 3827 ut
3020 3772 3195 3828 ﬂebile
3221 3780 3276 3825 te
3302 3768 3694 3824 lamentatione
3732 3770 3832 3826 in-

2212 3866 2418 3928 tendas,
2454 3872 2657 3933 quanto
2678 3865 2752 3919 sis
2780 3864 2984 3933 pallore
3008 3863 3270 3917 deterrita
3297 3857 3559 3931 [detrita],
3586 3870 3831 3927 quanta

2212 3956 2384 4009 macie
2406 3954 2746 4018 decolorata;
2794 3963 2851 4007 ut
2877 3955 2977 4007 sub
3009 3953 3112 4007 isto
3149 3960 3203 4005 te
3228 3964 3439 4018 semper
3469 3947 3837 4004 humilitatis

2212 4045 2452 4100 contuitu
2476 4060 2660 4114 agens,
2687 4044 2762 4098 sic
2794 4044 2860 4097 de
2893 4042 3182 4112 pneteritis
3206 4038 3663 4094 fornicatiouibus
3692 4056 3839 4096 eru-

2213 4136 2422 4199 bescas,
2461 4150 2527 4188 ne
2560 4135 2614 4187 in
2641 4134 2958 4188 cicatricum
2996 4132 3173 4186 locum
3212 4130 3390 4184 sanies
3426 4127 3834 4195 recrudescat,

2212 4240 2280 4278 ne
2306 4225 2458 4278 ulcus
2490 4224 2542 4277 in
2585 4232 2769 4277 sanata
2802 4222 2914 4290 jam
2945 4222 3100 4292 plaga
3145 4226 3428 4290 appareat,
3470 4232 3538 4273 ne
3574 4217 3845 4277 vitiatus

2213 4315 2394 4382 pulmo
2429 4314 2688 4367 tumidum
2721 4313 2921 4382 aliquid
2950 4314 3033 4367 vel
3071 4312 3364 4381 superbum
3409 4309 3673 4376 emittat;
3730 4315 3841 4368 sed

532 4402 699 4468 trivit,
749 4402 992 4457 servituti
1036 4402 1258 4457 addixit.
1309 4402 1415 4457 Sed
1464 4402 1587 4457 nolo
1616 4403 1758 4458 hunc
1780 4403 1869 4458 diu
1899 4418 2110 4473 semper
2134 4422 2187 4483 ι)
2216 4403 2531 4457 restauratis
2553 4403 2801 4457 omnibus
2826 4402 2895 4456 ad
2937 4411 3137 4456 statum
3182 4400 3373 4454 salutis
3413 4407 3468 4452 et
3505 4398 3843 4458 insultasse

533 4505 587 4549 te
606 4495 1072 4556 ,inc3ementiorem
1097 4494 1264 4549 fuisse
1306 4496 1561 4559 causeris,
1604 4495 1757 4564 cujus
1799 4503 1907 4550 tam
1929 4497 2110 4552 citatis

532 4588 806 4643 beneﬁciis
828 4588 1122 4643 revestiris.
1153 4588 1284 4644 Cum
1311 4589 1455 4643 enim
1467 4587 1615 4656 justa
1642 4588 1736 4643 tibi
1762 4589 1992 4643 servitus
2013 4603 2111 4657 pro

535 4680 725 4735 merito
768 4678 1083 4743 deberetur,
1122 4686 1181 4732 ut
1223 4693 1348 4733 vere
1391 4695 1580 4734 sanum
1629 4687 1789 4748 caput
1839 4679 2111 4749 languenti

536 4769 779 4824 membro
807 4768 1156 4837 eompatiens,
1209 4768 1439 4824 redacta:
1474 4768 1570 4823 tibi
1613 4768 1664 4822 in
1707 4769 2021 4823 servitutem
2050 4766 2114 4820 li-

533 4862 760 4918 bertatis
791 4860 1022 4915 hostiam
1053 4859 1276 4922 donans,
1306 4867 1361 4914 et
1397 4868 1605 4914 veteres
1624 4859 1861 4929 perﬁdiae
1888 4867 1992 4913 tua:
2019 4873 2113 4911 no-

535 4963 617 5009 tas
644 4952 977 5009 clementiori
1008 4966 1168 5005 manu
1196 4951 1513 5007 oblitteratis
1538 4969 1552 5017 ;
1578 4963 1702 5007 ante
1731 4960 1781 5006 te
1803 4952 1962 5022 elegit
2002 4967 2114 5006 sua:

534 5044 737 5099 sociam
776 5041 1053 5113 dignitati,
1090 5057 1249 5111 quam
1280 5050 1334 5095 tu
1378 5041 1686 5110 pcenitendo
1727 5041 1972 5096 ablueres
2002 5058 2114 5095 ma-

534 5134 686 5188 culas
720 5149 856 5202 quas
892 5132 1067 5189 fecisti
1091 5145 1106 5185 :
1134 5132 1339 5187 scilicet
1358 5139 1417 5184 ut
1442 5132 1566 5200 quia
1607 5131 1769 5200 impia
1810 5131 2114 5185 temeritate

535 5225 801 5281 libertatis
828 5226 1140 5295 perdideras
1179 5223 1410 5287 titulum,
1460 5214 1824 5276 testimonium
1850 5221 2116 5290 reciperes

536 5313 850 5381 gloriosum.

605 5404 661 5458 8.
687 5404 793 5460 Sed
817 5405 946 5475 quid
978 5407 1192 5472 mirum,
1230 5413 1291 5461 ut
1313 5406 1429 5460 lucc
1457 5403 1553 5460 tibi
1584 5418 1688 5457 non
1725 5402 1950 5457 merenti
1978 5417 2114 5471 prm-

538 5491 755 5562 stiterit,
784 5495 874 5566 qui
896 5497 1103 5568 pridem
1132 5499 1236 5554 tuis
1256 5495 1507 5568 periculis
1531 5495 1735 5549 socium
1763 5501 1814 5549 te
1842 5492 1945 5567 [se]
1969 5508 2109 5548 sctu-

2216 4493 2311 4547 tibi
2332 4492 2402 4545 sit
2427 4490 2558 4544 utile
2581 4531 2595 4553 ,
2634 4500 2688 4545 et
2718 4490 2955 4545 suasisse
2983 4490 3254 4559 perdocile
3281 4504 3296 4542 :
3331 4499 3389 4543 ut
3415 4488 3482 4542 de
3504 4487 3748 4556 reliquo
3779 4499 3843 4545 et

2215 4598 2378 4638 sanus
2402 4583 2504 4638 iste
2524 4578 2676 4652 vigor
2696 4581 3011 4635 memoriam
3037 4588 3237 4643 teneat,
3292 4588 3347 4633 et
3372 4577 3641 4633 memoria
3706 4582 3842 4651 ipsa

2206 4672 2320 4742 jam
2362 4673 2543 4728 sanior
2575 4673 2785 4727 reddita
2820 4680 2998 4726 motus
3038 4674 3094 4725 in
3128 4679 3181 4723 te
3222 4684 3413 4724 omnes
3457 4666 3586 4720 elati
3618 4672 3847 4726 cordis

2216 4764 2474 4820 abscidat.
2508 4763 2660 4829 Quod
2683 4771 2737 4818 et
2763 4764 2807 4817 si
2832 4763 3152 4817 insultantes
3181 4771 3237 4816 et
3270 4760 3564 4815 suadentes
3589 4774 3848 4827 proter-

2216 4856 2317 4920 vis,
2356 4863 2414 4909 ut
2433 4863 2689 4908 consueta
2709 4870 2785 4915 es,
2815 4854 3052 4908 motibus
3079 4851 3291 4914 abnuis,
3319 4851 3425 4905 illis
3452 4859 3504 4904 te
3525 4859 3849 4918 postremo

2216 4949 2462 5003 versibus
2502 4946 2807 5001 insultando
2844 4945 3180 5007 conveniam,
3233 4941 3430 5010 quibus
3463 4940 3707 5008 quidam
3750 4960 3855 4999 sa-

2216 5040 2369 5109 piens
2392 5039 2553 5093 morti
2582 5037 2871 5092 insultasse
2895 5033 3251 5090 convincitur.
3285 5032 3469 5086 Dicam
3492 5045 3632 5099 ergo

2287 5130 2404 5184 Jam
2431 5129 2548 5183 sine
2582 5127 2836 5196 lacrymis
2859 5124 3024 5186 cedis,
3054 5136 3155 5177 nec
3184 5136 3424 5175 carmina
3450 5121 3659 5182 sentis,

2357 5220 2477 5275 Sint
2502 5219 2594 5273 tibi
2629 5232 2727 5288 pro
2749 5216 2927 5286 gladio
2948 5230 3070 5283 quae
3095 5213 3191 5267 tibi
3221 5213 3380 5267 verba
3411 5210 3630 5278 loquor.

2284 5313 2403 5383 lpse
2435 5310 2530 5365 tibi
2560 5310 2777 5363 damnet
2804 5322 3018 5360 morsus
3040 5312 3094 5359 et
3128 5312 3329 5357 tartara
3362 5301 3562 5361 vincat,

2356 5399 2459 5467 Qui
2482 5398 2611 5453 vicit
2631 5396 2884 5450 mundum
2908 5409 3003 5463 per
3039 5392 3215 5447 crucis
3239 5390 3489 5443 exitium.

2405 5487 2631 5558 Explicit
2656 5483 2925 5539 insultatio
2956 5482 3068 5538 vilis
3094 5479 3370 5552 provincia:
3398 5477 3621 5535 Gallia.
