4028 6176
390 310 497 365 8M

1022 308 1201 364 HIST.
1242 308 1531 363 REBELL.
1573 309 1781 365 PAULI
1826 309 1986 365 ADV.
2022 309 2355 366 WAMBAM.
2388 341 2460 353 —
2488 311 2823 379 JUDICIL’M,
2876 290 3059 369 ETCJ

398 444 3634 473 _——_—_—-—————'——_———_—'—-—-—_

588 544 1069 672 IUDICIUM
1148 547 1257 673 IN
1340 545 2034 676 TYRANNORIIM
2094 552 2598 679 PERIl‘IllIA
2662 552 3467 683 PBllMllLGA'I‘UM.

1649 746 1927 804 TEXTUS
1957 748 2351 808 LEGI'I‘ISIUS.
3369 798 3377 805 .

467 840 518 893 Ι.
556 837 890 893 Pcrﬁdornm
936 837 1186 891 denotata
1228 838 1587 909 transgressio
1622 837 1743 893 ideo
1765 852 1791 879 ι
1813 840 1973 896 debet
2004 847 2052 904 Α
2080 852 2242 898 taueu
2268 863 2297 897 n
2341 846 2483 899 enim
2523 849 2895 915 promissionis
2937 849 3007 903 lie
3029 852 3110 903 ius
3142 849 3333 918 irrupit
3360 848 3404 913 ι,
3437 865 3668 908 novum-

388 931 569 987 acrius
594 928 824 999 percuti,
855 942 960 996 quo
995 927 1199 981 illicitis
1224 928 1438 982 videtur
1479 930 1701 985 ausibus
1726 931 1977 999 quaedam

387 1029 723 1092 perpetrare.
748 1016 996 1071 Habeant
1014 1018 1042 1055 ι’
1064 1032 1195 1087 ergo
1231 1016 1565 1073 confusionis
1613 1020 1846 1090 proprice
1875 1020 1982 1090 sig-

389 1126 539 1173 num,
564 1107 761 1177 quibus
785 1104 1013 1175 contigit
1039 1115 1061 1143 ο
1092 1103 1218 1159 ﬁdei
1245 1104 1451 1160 violare
1476 1106 1824 1175 promissum.
1876 1107 1981 1161 Re-

388 1207 606 1272 portent
626 1212 822 1251 nomen
845 1195 1171 1266 proditionis
1204 1194 1231 1233 d
1268 1195 1335 1250 ad
1362 1206 1385 1235 ο
1417 1203 1683 1265 posteros,
1729 1211 1865 1266 quos
1896 1196 1981 1250 in-

390 1289 661 1359 dulgentia
684 1285 995 1357 principalis
1028 1283 1155 1339 fecit
1188 1299 1308 1340 esse
1338 1285 1595 1355 ingratos.
1645 1286 1981 1341 Renotentnr

388 1380 534 1435 inter
560 1392 762 1434 cuneos
782 1377 1113 1448 perﬁdorum
1149 1374 1194 1441 ί,
1244 1377 1334 1446 qui
1364 1378 1509 1448 genti
1532 1393 1644 1433 sua:
1666 1393 1927 1449 paravere
1946 1381 1975 1422 ε

389 1472 678 1534 excidium,
715 1478 774 1523 ttt
803 1476 1078 1539 reportent
1112 1467 1166 1522 in
1194 1469 1481 1538 progenies
1506 1469 1826 1524 smculornm
1852 1470 1982 1524 titu-

390 1562 471 1617 los
498 1560 733 1615 infamite
783 1574 914 1623 sum,
952 1557 1045 1628 qui
1097 1572 1376 1612 eversores
1414 1556 1543 1613 facti
1587 1565 1712 1612 sunt
1749 1559 1978 1627 patriae:

388 1652 584 1721 quibus
615 1665 681 1705 ex
718 1648 1004 1704 clementia
1030 1647 1281 1717 princeps
1320 1647 1528 1703 dederit
1569 1649 1771 1713 vivere,
1823 1648 1983 1703 eﬁ'os—

391 1743 599 1797 sionem
630 1739 890 1793 lnminum
917 1754 1024 1793 non
1061 1741 1324 1803 evadant;
1358 1738 1450 1807 qui
1478 1738 1669 1808 patria:
1694 1739 1721 1777 ιι
1755 1738 1981 1809 gloriam

393 1831 717 1893 minuentes,
770 1828 1091 1898 proditionis
1126 1836 1306 1883 notam
1353 1828 1697 1883 incurrerant
1752 1830 1795 1881 i.
1847 1828 1981 1882 Nam

380 1907 518 1974 'eccc
553 1917 787 1989 prodidit
826 1932 946 1972 sese
991 1916 1004 1966 i
1066 1917 1119 1970 in
1168 1926 1413 1985 apertum
1463 1933 1711 1987 campum
1748 1917 1982 1972 infausta

386 2012 633 2082 perﬁdia,
679 2026 799 2080 qua:
830 2008 1183 2081 nefandorum
1232 2009 1549 2062 societatem
1584 2010 1825 2064 cruentis
1855 2011 1985 2065 sibi-

392 2111 505 2156 met
531 2099 864 2170 amplexibus
888 2099 1123 2161 socians,
1172 2098 1463 2152 commovit
1485 2098 1552 2151 ad
1575 2098 1886 2152 scandalum
1909 2101 1984 2153 ci-

2082 949 2186 1002 que
2230 934 2535 1003 sponsionis
2575 935 2954 1005 jusjurandum
2986 938 3306 993 constituit:
3352 953 3459 1006 quo
3482 940 3671 996 volun-

2080 1024 2216 1076 taria
2277 1024 2397 1077 ﬁdei
2427 1026 2791 1092 promissione
2832 1027 3076 1090 discissa,
3100 1027 3330 1081 electum
3367 1042 3401 1083 a
3440 1029 3550 1083 Deo
3586 1046 3672 1085 re-

2080 1127 2200 1181 gem
2223 1125 2262 1151 ω
2287 1120 2527 1166 nostrum
2553 1112 2897 1182 ahjiceret,et
2933 1126 3260 1172 maturatum
3283 1118 3358 1173 illi
3382 1120 3464 1172 vel
3484 1121 3672 1190 patria:

2079 1203 2372 1270 perniciem
2421 1205 2719 1259 exhiberet.
2780 1207 2911 1260 Nam
2954 1223 3093 1263 novo
3140 1208 3247 1262 ritu
3288 1208 3517 1278 perjurii
3563 1228 3671 1266 non

2082 1290 2253 1343 solum
2292 1304 2467 1356 suam,
2515 1291 2609 1345 sed
2659 1300 2713 1346 ct
2747 1294 3041 1348 multorum
3091 1296 3302 1351 animos
3354 1297 3671 1366 populorum

2083 1381 2291 1449 decepit
2316 1398 2329 1434 :
2373 1381 2446 1434 ita
2473 1388 2531 1434 ut
2558 1382 2643 1437 his
2672 1392 2698 1420 ι’
2726 1384 2856 1438 illud
2886 1385 3203 1453 prophetale
3234 1386 3545 1442 vaticinium
3573 1388 3673 1443 im-

2080 1471 2338 1539 pleretur,
2361 1486 2467 1539 quo
2488 1471 2685 1525 dicitur
2709 1486 2723 1525 :
2752 1472 2949 1526 Cadent
2974 1475 3029 1527 in
3055 1475 3190 1527 retia
3213 1475 3471 1546 principes
3492 1493 3673 1531 eorum

2083 1579 2115 1615 a
2138 1561 2316 1631 furore
2341 1562 2435 1614 ira:
2473 1561 2587 1626 Dei,
2634 1572 2681 1615 et
2710 1565 2808 1616 erit
2834 1564 3175 1617 subsannatio
3202 1572 3229 1599 ο
3254 1565 3308 1617 in
3336 1582 3540 1620 omnem
3570 1577 3677 1620 ter-

2084 1669 2241 1717 ram;
2293 1668 2501 1707 necnon
2534 1663 2588 1707 et
2622 1653 2774 1720 illud,
2824 1656 2966 1724 quod
2992 1655 3157 1710 Isaias
3190 1655 3243 1709 in
3269 1656 3457 1710 talium
3490 1667 3676 1711 narrat

2083 1744 2504 1808 cxcessionibus,
2550 1743 2772 1798 dicens:
2812 1744 3015 1798 Inventi
3045 1755 3166 1798 sunt
3216 1746 3270 1799 in
3319 1746 3511 1817 popqu
3561 1764 3676 1801 meo

2082 1834 2229 1904 impii
2254 1834 2560 1889 insidiantes
2605 1837 2758 1906 quasi
2787 1852 3035 1905 aucupes,
3083 1835 3295 1906 laqueos
3333 1846 3580 1907 ponentes
3628 1847 3675 1891 et

2084 1922 2293 1992 pedicas
2320 1924 2388 1977 ad
2411 1926 2689 1995 capiendos
2717 1926 2871 1979 viros.
2903 1925 3050 1980 Sicut
3080 1937 3105 1975 P
3127 1926 3366 1997 decipula
3389 1927 3543 1997 plena
3569 1927 3680 1982 avi-

2087 2013 2200 2076 bus,
2238 2017 2313 2068 sic
2333 2016 2521 2069 domus
2544 2035 2724 2071 eorum
2748 2018 2901 2089 plena
2928 2018 3071 2073 dolo.

2156 2105 2209 2158 2.
2254 2106 2318 2159 Et
2347 2117 2373 2155 (ι
2402 2107 2518 2162 hmo
2556 2107 2772 2177 quidem
2818 2112 3124 2165 necessario
3157 2112 3438 2180 prtemissa
3472 2122 3494 2149 ι’
3520 2111 3669 2167 suni-

390 2214 507 2263 ves,
534 2201 601 2253 ad
624 2214 845 2253 suorum
870 2197 1164 2267 perniciem
1190 2194 1398 2265 plebes,
1436 2196 1503 2250 ad
1536 2198 1870 2251 eversionem
1894 2213 1983 2265 pa-
2018 2208 2057 2265 B
2085 2196 2249 2249 ciant.
2304 2196 2439 2249 Nam
2478 2213 2599 2251 cum
2642 2198 3086 2253 nefandissimum
3128 2198 3353 2254 Paulum
3396 2200 3680 2255 serenissi-

390 2291 513 2343 tri:e
536 2296 723 2359 gentes
750 2289 797 2351 ιι,
833 2288 898 2340 ad
930 2287 1207 2341 interitum
1233 2286 1491 2355 principis
1524 2302 1627 2341 non
1661 2286 1833 2341 solum
1862 2302 1985 2356 pro-

390 2377 559 2447 prias,
609 2377 701 2430 sed
736 2384 1081 2429 externarum
1107 2374 1346 2443 plebium
1380 2373 1643 2427 nationes.
1694 2374 1873 2428 Testis
1901 2384 1985 2429 est

392 2468 585 2520 horum
616 2482 735 2535 qute
778 2465 1005 2519 dicimus
1033 2471 1197 2529 terra,
1253 2479 1374 2532 qua:
1419 2464 1657 2532 ipsorum
1687 2471 1771 2518 est
1803 2473 1987 2519 exter—

393 2557 690 2610 ntinatioue
729 2555 943 2609 detrita.
981 2554 1160 2608 Testis
1203 2554 1364 2607 etiam
1388 2554 1600 2617 coelum,
1636 2555 1735 2607 sub
1758 2571 1865 2623 quo
1890 2570 1987 2609 no-

388 2646 472 2701 bis
496 2655 579 2700 est
614 2662 643 2699 a
679 2645 790 2700 Deo
814 2645 1131 2699 attributam
1162 2644 1484 2715 triumphale
1507 2644 1782 2699 vexillum.
1815 2646 1990 2715 Spon-

2089 2301 2207 2339 nms
2252 2287 2501 2340 dominus
2541 2297 2725 2341 noster
2762 2287 2990 2341 Wamba
3026 2302 3121 2342 rex
3163 2290 3230 2343 ad
3259 2288 3680 2345 vindicationem

2088 2376 2274 2431 Gallia:
2301 2379 2611 2439 destinaret,
2637 2386 2691 2432 et
2717 2388 2774 2431 ut
2797 2378 3118 2433 dissidentes
3143 2380 3403 2447 quosdam
3428 2379 3495 2433 ad
3519 2378 3679 2434 ﬁdem

2088 2483 2199 2521 sua:
2226 2467 2409 2537 gloria:
2439 2476 2646 2521 matura
2674 2469 3025 2536 dispositione
3051 2468 3355 2537 colligeret,
3395 2469 3575 2524 subito
3598 2469 3682 2522 in-

2086 2557 2334 2626 juncttnu
2380 2559 2598 2612 sibimet
2643 2559 2916 2628 negotium
2964 2558 3019 2611 in
3058 2559 3389 2612 contrarium
3438 2567 3676 2623 mutans,

2094 2663 2200 2701 non
2237 2647 2410 2701 solum
2446 2648 2829 2703 dissidentibus
2864 2649 2917 2700 in
2956 2646 3059 2702 ﬁde
3087 2647 3425 2717 persistcndo
3450 2664 3558 2703 non
3583 2649 3683 2705 ob-

1687 2738 1968 2797 TEXTUS
2013 2740 2371 2796 TUDENSIS.

468 2834 511 2887 1.
550 2829 883 2886 Pcrﬁdorum
940 2832 1189 2885 denotata
1239 2830 1608 2897 transgressio
1645 2828 1766 2884 ideo
1821 2832 1981 2886 debet

388 2904 570 2958 acrius
600 2902 833 2971 percuti,
871 2915 978 2970 quo
1015 2902 1067 2954 in
1104 2901 1303 2971 illicitis
1348 2901 1562 2971 videtur
1608 2899 1829 2971 ausibus
1860 2916 1984 2970 per—

381 2969 615 3044 petrari.
663 2969 908 3044 Habeant
934 2986 1063 3039 ergo
1100 2970 1433 3044 confusionis
1458 2969 1690 3044 propriae
1742 2969 1978 3044 signum,

391 3040 589 3113 quibus
619 3042 846 3111 contigit
886 3041 1225 3113 sacramenzis
1253 3040 1454 3113 violare
1478 3040 1827 3113 promissum.
1878 3041 1982 3113 lie-

384 3110 604 3182 porte..t
639 3110 833 3166 nomen
874 3110 1180 3182 perditionis
1212 3111 1279 3163 ad
1309 3117 1583 3182 posteros,
1631 3125 1766 3182 quos
1810 3110 1985 3165 indul-

389 3178 569 3249 gentia
625 3178 940 3251 principalis
992 3178 1118 3234 fecit
1175 3195 1295 3251 esse
1343 3180 1601 3251 ingratos.
1658 3178 1984 3234 Denotcntur

2085 2840 2263 2886 tomm
2300 2832 2509 2900 decepit
2536 2833 2745 2887 animas
2770 2831 3127 2901 populorum;
3172 2831 3245 2884 ita
3272 2838 3331 2901 ut
3362 2832 3415 2886 in
3455 2833 3522 2889 iis
3546 2835 3678 2892 illud

2084 2902 2359 2970 propheta:
2383 2902 2692 2956 vaticinium
2717 2900 3048 2969 impleretur,
3081 2915 3187 2968 quo
3213 2900 3449 2970 dicitur:
3479 2902 3678 2960 Cadent

2082 2969 2138 3025 in
2162 2972 2300 3042 retia
2343 2972 2601 3042 principes
2631 2987 2810 3024 eorum
2847 2988 2880 3023 τι
2924 2970 3102 3038 furore
3147 2971 3247 3042 irt_e_
3284 2969 3382 3023 Dei
3407 2982 3462 3035 ³,
3490 2982 3540 3025 et
3580 2977 3681 3027 erit

2084 3040 2424 3095 subsannatio
2453 3040 2632 3094 eorum
2656 3041 2710 3094 in
2734 3056 2937 3093 omnem
2966 3049 3180 3093 terram.
3205 3040 3440 3105 Necnon,
3475 3050 3531 3097 et
3550 3042 3681 3098 illud

2086 3112 2226 3179 quod
2252 3110 2418 3164 Isaias
2465 3111 2515 3164 in
2544 3110 2729 3164 talium
2761 3117 2948 3163 narrat
2980 3110 3293 3174 excessibus,
3326 3111 3510 3166 dicens
3533 3127 3553 3166 :
3583 3111 3680 3167 In-

2087 3181 2220 3234 venti
2245 3188 2364 3250 sunt
2392 3181 2445 3233 in
2471 3181 2660 3250 populo
2682 3195 2796 3232 meo
2821 3180 2968 3250 impii
2998 3179 3305 3250 insidiantes
3326 3182 3479 3250 quasi
3515 3197 3685 3236 aucu-

389 3246 533 3306 intcr
566 3246 767 3306 cuneos
796 3246 1146 3319 perﬁdorum,
1190 3250 1282 3319 qui
1331 3246 1505 3318 gentis
1550 3265 1661 3303 sua:
1711 3251 1979 3303 excidium
2014 3246 2056 3306 C
2086 3267 2194 3320 pes,
2236 3246 2735 3320 laqueosg'poncntcs
2756 3246 3033 3320 etpedicas
3064 3252 3081 3283 ι
3110 3248 3181 3320 ad
3209 3246 3488 3317 capiendos
3520 3252 3677 3320 viros.

382 3332 699 3392 paraverunt
727 3337 744 3374 :
774 3328 833 3374 ttt
866 3329 1137 3392 reportent
1166 3321 1218 3374 in
1257 3320 1542 3392 progenies
1571 3320 1889 3392 seculorum
1916 3320 1983 3372 ti-

384 3389 531 3444 tulos
554 3391 788 3444 infamia:
815 3406 944 3453 sum,
983 3390 1073 3458 qui
1121 3405 1402 3444 eversores
1427 3389 1551 3443 facti
1586 3397 1713 3443 sunt
1756 3390 1977 3458 patrias:

389 3463 587 3529 quibus
623 3476 688 3514 cx
721 3457 1013 3513 clementia
1035 3460 1284 3529 princeps
1320 3459 1529 3513 dederit
1567 3460 1767 3529 vivere.
1812 3457 1983 3529 Effos-

386 3528 595 3584 sionem
624 3530 883 3583 luminum
908 3528 1273 3594 nonevadant,
1298 3530 1389 3597 qui
1414 3529 1604 3597 patrire
1627 3528 1852 3597 gloriam
1883 3528 1982 3579 mi-

388 3607 635 3668 nuentcs,
695 3599 1020 3668 proditionis
1071 3607 1253 3651 notam
1306 3598 1976 3668 temerarieincurrerunt.

382 3667 529 3724 'Ecce
554 3665 789 3737 prodidit
820 3684 938 3737 sese
961 3670 1013 3721 in
1036 3676 1281 3736 apertum
1323 3682 1572 3735 campum
1601 3665 1829 3737 infausta
1855 3680 1982 3737 per-

388 3734 709 3819 lidia,_qu-.e
748 3734 1099 3819 nefandorum
1147 3734 1982 3819 societatetncruqntissibimei.

387 3803 727 3876 amplexibus
752 3807 985 3870 socians,
1026 3807 1092 3876 ad
1123 3804 1437 3876 scandalum
1464 3803 1667 3876 impulit
1699 3804 1862 3865 cives,
1912 3804 1981 3876 ad

378 3872 613 3929 suorum
661 3876 954 3943 perniciem
1001 3875 1242 3943 plebem,
1292 3875 1359 3927 ad
1409 3872 1742 3927 eversionem
1785 3872 1980 3943 patria:

387 3952 596 4015 gentes,
640 3941 707 3997 ad
747 3941 1022 3999 interitum
1059 3943 1474 4015 principisuon
1492 3942 1665 4015 solum
1709 3941 1973 4015 proprias,

386 4011 483 4069 sed
513 4021 859 4067 externarum
908 4011 1174 4067 commovit
1204 4011 1440 4082 plebium
1480 4013 1747 4066 nationes.
1803 4011 1979 4067 Testis

379 4094 469 4139 est
506 4084 699 4137 horum
736 4099 854 4151 qua:
887 4084 1115 4137 dicimus
1142 4090 1307 4146 terra,
1339 4098 1459 4151 qua:
1506 4083 1740 4151 ipsormn
1775 4090 1857 4135 est
1886 4097 1979 4135 ex-

384 4153 769 4207 terminationc
808 4154 1022 4208 detrita.
1077 4152 1254 4207 Testis
1288 4152 1451 4206 etiam
1480 4162 1562 4206 est
1602 4153 1818 4215 cmlum,
1878 4153 1978 4206 sub

382 4238 495 4287 quo
526 4221 682 4277 nobis
707 4231 790 4277 est
818 4223 1135 4277 attributum
1160 4238 1189 4275 a
1214 4223 1323 4276 Deo
1349 4221 1671 4291 triumphale
1701 4220 1973 4291 vexillum).

390 4292 689 4362 Spontaneo
713 4294 857 4346 enim
886 4291 1483 4362 promissionisiftederc
1504 4289 1735 4360 perﬁdus
1774 4289 1975 4344 Paulus

383 4360 626 4433 irrupto,
684 4360 903 4433 novanti
930 4362 1235 4433 sponsionis
1269 4360 1637 4433 jusjurandum
1673 4362 1971 4433 constituit,

388 4446 496 4499 quo
522 4430 822 4485 voluntaria
849 4430 1364 4500 ﬁde'promissionis
1391 4431 1615 4485 discissa
1636 4430 1866 4484 electum
1897 4431 1978 4483 di-

385 4500 589 4554 vinitus
611 4502 885 4555 dominum
916 4499 1160 4555 nos-rum
1197 4514 1378 4571 regem
1416 4502 1741 4553 Bamhanem
1774 4499 1977 4571 abjice-

388 4577 491 4639 ret,
522 4578 576 4623 et
599 4578 919 4624 maturat-am
943 4572 1016 4624 illi
1042 4571 1122 4624 vel
1143 4570 1331 4639 patrne
1355 4570 1646 4638 perniciem
1670 4570 1968 4639 exhiberet.

388 4637 522 4692 Nam
547 4655 685 4695 novo
710 4642 816 4694 ritu
853 4640 1072 4711 periurii
1096 4637 1200 4695 non
1231 4637 1404 4694 solum
1436 4655 1609 4701 suam,
1636 4640 1728 4693 sed
1756 4648 1810 4692 ct
1839 4638 1975 4691 mul-

2083 3317 2499 3440 gifutdecipnlu
2544 3318 2697 3388 plena
2738 3318 2937 3379 avibus,
2986 3318 3061 3369 sic
3085 3317 3271 3382 domus
3311 3334 3489 3371 eorum
3512 3319 3681 3389 plena:

2121 3406 2150 3440 ο
2175 3406 2224 3440 ο.

2121 3406 2224 3441 010.

2153 3459 2207 3510 2.
2246 3457 2312 3509 Et
2345 3457 2460 3509 lnec
2487 3457 2702 3523 quidem
2734 3455 3039 3509 necessario
3068 3455 3344 3522 praemissa
3383 3454 3673 3511 sulliciant.

2082 3526 2218 3579 Nam
2258 3541 2378 3579 cum
2420 3526 2863 3577 nel‘andissimum
2900 3523 3124 3575 Paulum
3159 3525 3545 3581 serenissimus
3580 3528 3677 3582 do-

2082 3596 2263 3648 minus
2299 3603 2483 3648 noster
2516 3595 2718 3645 Bamha
2752 3609 2847 3646 rex
2883 3594 2949 3645 asl
2975 3592 3402 3647 vendicationem
3436 3607 3461 3632 ιι
3488 3595 3678 3650 Gallite

2084 3665 2399 3725 destinaret,
2447 3672 2506 3716 ut
2554 3663 2877 3716 dissidentes
2928 3662 3189 3730 quosdam
3235 3667 3300 3715 ac]
3352 3663 3514 3718 ﬁdem
3561 3681 3673 3720 sua:

2083 3734 2267 3802 gloria:
2298 3740 2512 3787 matura
2553 3733 2905 3800 dispositione
2951 3731 3247 3802 colligeret,
3278 3733 3458 3787 subito
3497 3733 3675 3802 injun-

2083 3801 2229 3857 ctum
2259 3804 2473 3857 sibimet
2518 3803 2790 3871 negotium
2828 3802 2881 3855 in
2922 3801 3255 3856 contrarium
3301 3801 3675 3869 mutans,non

2083 3874 2255 3927 solum
2293 3873 2677 3927 dissidentibus
2716 3871 2768 3925 in
2798 3872 2901 3925 ﬁde
2924 3872 3265 3940 persistendo
3304 3887 3409 3927 non
3437 3875 3670 3937 obstitit,

2083 3944 2176 3997 sed
2213 3944 2325 4013 ipse
2356 3943 2667 3997 dissidentia
2703 3942 2784 3996 sui
2818 3942 3078 4013 plurimos
3110 3940 3354 4013 inﬁdeles
3387 3943 3584 3998 effecit.
3619 3944 3675 3998 In

2084 4011 2422 4082 tyrannidem
2462 4014 2608 4067 enim
2633 4022 2820 4067 contra
2852 4011 3169 4081 przedictum
3193 4012 3513 4083 principem,
3542 4029 3669 4083 gen-

2084 4090 2210 4165 tetn,
2248 4090 2301 4137 et
2336 4084 2567 4165 patriam
2600 4098 2808 4165 versus,
2843 4082 3095 4165 spoliavit
3131 4082 3390 4165 senprimo
3419 4083 3522 4165 iide
3546 4082 3676 4165 pro-

2064 4153 2265 4236 missa,
2307 4151 2371 4236 et.
2399 4154 2671 4236 pravitatis
2714 4154 2954 4235 textrinii
2990 4153 3071 4236 sui
3106 4151 3324 4236 ordiens
3348 4151 3678 4236 _tel.am,"in-

2081 4223 2195 4277 duit
2222 4221 2530 4294 proditionis
2554 4231 2608 4277 et
2627 4222 2850 4294 perjurii
2874 4221 3156 4294 maculam.
3192 4222 3395 4276 Deinde
3424 4223 3479 4294 in
3497 4231 3531 4294 _'
3556 4223 3672 4294 glo—

2084 4291 2285 4347 riosum
2322 4291 2945 4362 principem’maledicta
2986 4291 3229 4362 conjecta
3261 4300 3314 4343 et
3356 4291 3675 4362 multimoda

2083 4357 2677 4429 detractionum'atque
2704 4362 3022 4430 injuriarum
3061 4357 3127 4430 de
3170 4357 3261 4411 illo
3292 4361 3518 4430 convitia
3552 4377 3676 4429 pro-

2082 4441 2340 4485 testantur
2364 4446 2409 4483 ι.
2456 4427 2607 4484 Posu
2628 4427 2771 4495 haec,
2799 4431 2942 4497 quod
2982 4427 3133 4481 nefas
3159 4436 3243 4481 est
3282 4428 3408 4492 dici,
3442 4427 3671 4498 regnum

2084 4510 2269 4555 contra
2302 4502 2395 4553 Dei
2428 4501 2755 4553 voluntatem
2799 4500 3055 4566 arripuit,
3106 4506 3161 4549 et
3197 4498 3424 4567 populos
3474 4498 3526 4551 in
3571 4498 3676 4551 hac

2083 4570 2290 4625 nefaria
2319 4570 2702 4640 conspiratione
2725 4569 2940 4640 sibimet
2968 4568 3199 4640 yrjurare
3242 4567 3426 4636 coegit,
3454 4574 3513 4621 ut
3543 4581 3674 4621 con-

2084 4649 2167 4695 tra
2195 4641 2350 4695 ﬁdem
2404 4636 2631 4710 glorioso
2669 4638 2890 4709 principi
2921 4636 3187 4690 redditam
3223 4644 3463 4704 agerent,
3495 4646 3547 4690 et
3580 4652 3673 4689 ne-

1906 4749 2111 4805 ΝΟΤᾹΞ
2127 4790 2142 4803 .

461 4855 487 4883 δ
522 4843 607 4909 F.,
631 4861 712 4900 eo.

463 4913 489 4952 ι’
522 4915 607 4978 IL,
641 4915 865 4969 Habeat.

463 4992 485 5053 ῗ
518 4983 599 5045 F.,
626 4986 897 5053 contingit.

464 5050 487 5091 δ
520 5054 619 5118 ld.,
650 5050 976 5123 perditionis.

468 5132 491 5159 ο
519 5123 615 5185 Id.,
653 5123 729 5175 in.

469 5190 489 5263 ἴ
520 5192 644 5263 _Ms.,
674 5194 811 5247 inter
831 5203 1040 5247 cunctos
1060 5191 1381 5263 perﬁdorum
1408 5190 1633 5244 nomine.

466 5262 492 5331 ε
520 5261 620 5327 Id.,
643 5273 978 5331 paraverant.

464 5329 488 5402 ει
517 5331 599 5402 F.,
627 5329 914 5402 propriam.

468 5400 481 5439 ί
514 5400 919 5465 Ιάηῖηιέιιηαηι
940 5417 959 5455 :
1001 5410 1057 5455 et
1099 5410 1250 5455 notat
1273 5401 1459 5456 deesse
1496 5400 1547 5453 in
1575 5400 1880 5458 Duchesnio
1906 5402 1975 5457 ab

387 5469 574 5592 ιηιξὺῗξ
596 5487 660 5524 ea:
683 5468 952 5523 clementia
982 5473 1220 5540 adusque
1246 5476 1539 5526 incurrant.

465 5551 478 5589 ι
568 5579 608 5592 ..
640 5557 715 5592 se.

465 5540 478 5589 ἱ
521 5539 608 5605 I".,
640 5557 715 5593 se.

468 5609 492 5681 ξ
520 5609 618 5681 ιιι,
647 5618 869 5681 gentem.

473 5677 491 5717 ι
520 5677 936 5747 Με.,’ἱι·ηιηιρὸι.

2006 4847 2054 4904 Ι)

2150 4854 2190 4882 ω
2210 4844 2309 4905 1ι1.,
2344 4859 2579 4913 regnum.

2158 4923 2184 4950 ⁸³
2223 4913 2308 4976 F.,
2340 4913 2405 4966 In
2434 4914 2535 4966 his.

2159 4991 2184 5016 ο
2224 4983 2345 5046 Ms.,
2378 4983 2681 5037 subsanatio
2714 4998 2910 5035 eorum.

2159 5063 2186 5101 P
2224 5054 2310 5114 1).,
2348 5053 2458 5107 Sic.

2156 5132 2182 5171 tt
2223 5123 2278 5176 In
2310 5122 2370 5175 ι’.
2400 5123 2550 5176 deest
2577 5132 2644 5174 et.

2160 5201 2182 5228 τ
2225 5193 2343 5253 Ms.,
2373 5192 2680 5262 pramissis.

2159 5272 2179 5299 ‘
2210 5264 2331 5325 Ms.,
2361 5263 2486 5315 diei.

2163 5333 2179 5368 ⁸
2210 5333 2331 5397 Ms.,
2357 5332 2604 5402 peducas.

2151 5413 2180 5441 ιι
2220 5404 2319 5465 ld.,
2348 5402 2766 5457 vindicationem.

2154 5480 2178 5509 ν
2220 5473 2297 5527 lbi
2324 5474 2475 5527 deest
2504 5472 2579 5525 in.

2156 5555 2181 5582 ι
2222 5543 2341 5605 Ms.,
2366 5551 2702 5613 protestetur.

2154 5620 2181 5660 1
2221 5613 2377 5681 IIisp.
2408 5612 2595 5680 illust.,
2623 5613 2809 5667 eiciunt
2836 5628 2931 5683 pro
2957 5613 3179 5668 sibimet.
