4028 6176
424 278 527 338 εοδ

1501 273 1559 326 S.
1600 267 1863 326 JULlANl
1899 265 2203 324 EPISCOPI
2242 261 2581 323 TOLETANI

3639 257 3736 312 804

1705 382 1982 438 TEXTUS
2020 380 2413 437 LEGITIMUS.

424 481 690 545 stit.it,sed
715 479 874 531 etiam
904 478 1016 546 ipse
1036 475 1347 531 dissidentia
1373 476 1454 528 sui
1479 475 1738 544 plurimos
1763 473 2004 529 infideles
2032 477 2081 534 Α
2109 471 2255 540 ipsos
2291 471 2550 526 satellites
2583 472 3000 540 defensoresque
3037 470 3366 524 civitatum
3411 473 3740 518 castrorum-

423 574 599 628 effeeit
644 582 692 622 ι.
762 566 818 622 In
870 567 1206 637 tyrannidem
1263 567 1406 619 enim
1456 573 1642 620 contra
1687 565 2004 635 praedictum

423 664 740 733 principem,
781 666 1015 728 gentem,
1062 667 1117 711 et
1161 657 1393 726 patriam
1443 672 1633 710 versus
1673 656 1724 721 b,
1757 654 2006 724 spoliavit

425 769 482 808 se
506 753 741 821 primum
777 765 808 802 a
835 749 938 802 lide
972 749 1236 818 promissa
1265 766 1278 800 :
1309 757 1362 802 et
1399 748 1638 802 textrinii
1677 748 1758 802 sui
1790 747 2005 802 ordiens

425 839 605 902 telam,
635 839 805 893 induit
834 853 892 892 se
916 836 1136 906 perjurii
1166 837 1376 890 macula
1405 848 1451 889 ε.
1490 837 1694 891 Deinde
1725 837 1777 890 in
1809 837 2008 906 glorio-

426 946 544 983 sum
579 927 876 998 principem
917 925 1198 979 maledicta
1241 923 1536 993 conjectat,
1598 933 1652 978 et
1688 925 2005 980 multimoda

424 1018 816 1071 detractiontun
867 1025 1028 1083 atque
1074 1013 1392 1082 injuriarun'i
1436 1015 1500 1067 de
1550 1028 1616 1068 eo
1674 1020 2008 1082 protestetur

428 1107 688 1160 convicia.
719 1103 844 1158 Post
871 1105 1004 1169 haec,
1035 1106 1176 1172 quod
1203 1102 1356 1158 nefas
1381 1110 1461 1156 est
1487 1103 1612 1166 dici,
1630 1119 1852 1174 regnum
1881 1121 2010 1157 con-

429 1211 509 1253 tra
539 1197 630 1251 Dei
665 1197 992 1252 voluntatem
1027 1196 1272 1264 arripuit,
1300 1203 1353 1248 et
1375 1194 1600 1263 populos
1635 1194 1687 1247 in
1723 1195 1824 1248 hac
1858 1193 2008 1246 nefa-

427 1293 504 1346 ria
547 1293 810 1346 electione
853 1292 1069 1344 sibimet
1112 1288 1297 1357 jurare
1345 1289 1558 1359 coegit:
1589 1304 1696 1358 quo
1739 1297 1792 1341 et
1819 1297 2009 1342 contra

427 1380 886 1446 ﬁdem-redditam
921 1378 947 1417 ἀ
980 1386 1202 1448 agerent
1240 1391 1292 1444 ε,
1329 1386 1383 1431 et
1417 1393 1604 1432 necem
1639 1377 1720 1432 vel
1757 1375 1997 1445 dejectio

426 1488 549 1526 nem
574 1471 803 1542 principi
835 1470 1175 1524 exhiberem.
1217 1470 1371 1523 llunc
1396 1469 1663 1538 prmcipue
1687 1469 1929 1524 ordinem
1957 1469 2010 1522 in

429 1561 541 1628 ipsa
595 1573 971 1629 perversurum
1020 1558 1390 1612 conditionum
1449 1558 1589 1611 serie
1645 1572 1893 1621 servans,
1955 1565 2014 1611 ut

426 1649 721 1718 gloriosum
752 1660 1005 1700 uonmum
1054 1655 1296 1700 nostrum
1321 1647 1674 1700 Wambanem
1713 1646 2011 1715 principem

429 1736 722 1790 infaustum
766 1750 947 1804 regem
994 1736 1272 1789 nominare
1316 1735 1556 1790 auderet.
1619 1735 1772 1803 Quod
1817 1753 2011 1792 nomen

2106 575 2211 632 que
2249 562 2480 617 feliciter
2515 563 2756 632 cepimus
2791 565 2835 616 ί.
2876 561 3007 615 Nam
3043 561 3320 631 primum
3372 555 3446 610 ad
3485 555 3740 610 Barcino-

2107 669 2234 708 nam
2272 669 2396 707 eum
2433 657 2675 709 exercitu
2720 655 3067 716 accedentes,
3137 646 3482 710 Euredum,
3513 645 3742 714 Pompe-

2109 747 2288 812 dium,
2333 747 2750 809 Guntefredum,
2795 743 3093 799 Hunulfum
3148 742 3494 800 diaconum,
3529 746 3586 790 et
3612 737 3736 792 Neu.

2109 841 2316 897 fredum
2347 837 2590 891 eamdem
2613 835 2948 889 vindicantes
2983 834 3293 887 civitatem
3322 828 3744 896 comprehendi-

2108 945 2251 984 mus.
2285 926 2487 981 Deinde
2518 925 2584 977 ad
2611 923 2901 978 Clausuras
2939 921 3378 992 pervenientes,
3411 923 3599 970 castra
3636 915 3742 984 ipsa

2109 1018 2370 1087 disposito
2405 1016 2648 1068 exercitu
2674 1028 2770 1082 per
2795 1011 2924 1081 juga
2951 1009 3214 1081 Pyrenaei
3261 1007 3486 1061 montis
3528 1005 3744 1058 intravi-

2111 1127 2250 1175 mus,
2284 1119 2340 1163 et
2366 1108 2730 1162 vindicatores
2767 1103 3078 1158 eorumdem
3123 1109 3476 1154 castrorum
3504 1110 3745 1164 compre-

2111 1202 2415 1264 hendimus,
2443 1199 2495 1253 id
2516 1197 2662 1261 esti,
2688 1195 3073 1251 llanosindum.
3094 1190 3498 1259 Hildegisum,
3522 1187 3741 1250 Heliam,

2109 1290 2510 1350 Carmennum,
2555 1285 2961 1345 Maureconem,
3001 1279 3461 1335 Wandemirum
3490 1277 3540 1338 ιι,
3583 1277 3746 1345 Daga-

2113 1394 2264 1441 rum,
2319 1377 2588 1432 Xixanem
2637 1381 2691 1428 et
2727 1372 3067 1426 Luibitanem
3117 1368 3166 1421 ι.
3215 1368 3345 1422 Hoc
3384 1366 3558 1420 etiam
3599 1380 3742 1418 more

2113 1467 2448 1538 belligerosis
2496 1464 2804 1520 incursibus
2837 1468 3240 1532 properantes,
3294 1473 3408 1527 per
3455 1456 3744 1510 divisiones

2113 1558 2445 1611 exercituum
2489 1553 2997 1623 comprehendimus
3050 1551 3107 1604 in
3149 1558 3362 1605 castro
3402 1545 3738 1601 Caucoliberi

2119 1649 2438 1705 Leofredum
2486 1656 2541 1703 et
2579 1647 2954 1717 Gudrigildum
3000 1656 3060 1708 αι,
3107 1651 3297 1712 atque
3351 1639 3739 1709 pmdictorum

2115 1741 2394 1810 conjuges.
2426 1739 2674 1794 Castrum
2708 1751 2920 1808 quoque
2945 1737 3166 1806 Lybiae,
3203 1734 3366 1802 quod
3402 1740 3492 1787 est
3525 1739 3678 1800 caput
3712 1740 3735 1766 ¹²

428 1828 614 1896 utique
636 1825 790 1895 juxta
831 1827 1328 1896 interpretationem
1360 1829 1440 1882 sui
1482 1827 1524 1891 τ,
1553 1829 1819 1883 infelicem
1850 1831 2016 1899 signi-
2048 1814 2090 1871 Β
2117 1831 2452 1896 Cirritaniaz,
2494 1830 2654 1884 simili
2695 1829 2884 1884 ordine
2921 1834 3324 1898 properantes,
3367 1823 3612 1895 ingressi
3655 1837 3740 1875 su-

431 1918 556 1970 ficat
579 1929 717 1971 esse.
753 1916 853 1983 Qui
883 1926 1061 1972 tamen
1092 1918 1266 1972 adhuc
1291 1933 1452 1988 super
1481 1921 1505 1957 Β
1533 1920 1826 1989 tyrannica:
1853 1920 2016 1974 sortis

430 2006 583 2075 apice
617 2016 961 2075 provocatus,
1009 2007 1342 2075 provinciam
1397 2022 1612 2061 omnem
1655 2008 1682 2046 ιι
1711 2007 1914 2072 Gallice,
1963 2016 2017 2061 et

426 2101 636 2164 partem
662 2094 893 2163 aliquam
923 2095 1342 2149 Tarraconensis
1369 2093 1660 2164 provincia:
1686 2095 2014 2149 tumultuoso

429 2183 514 2236 sui
543 2181 684 2251 juris
714 2185 939 2252 imperio
976 2185 1229 2248 subdens,
1272 2185 1534 2253 speciales
1569 2185 1810 2239 omnium
1839 2185 2016 2239 muni-

432 2273 608 2327 tiones
656 2287 754 2342 per
807 2274 1048 2344 singulas
1099 2289 1342 2343 quasque
1394 2275 1642 2329 civitates
1703 2274 2014 2339 constituit,

429 2359 848 2432 defensoresque
888 2363 940 2416 in
976 2379 1067 2417 cas
1095 2363 1343 2432 proprios
1369 2363 1656 2418 ordinavit.

497 2451 553 2507 ὅ.
594 2451 765 2523 Hujus
805 2453 879 2507 rei
922 2452 1142 2507 nefaria:
1183 2451 1485 2507 temeritate
1523 2452 1784 2521 compulsi
1829 2468 2017 2508 sumus

429 2559 582 2596 arma
607 2543 862 2612 arripere,
895 2552 948 2597 et
980 2553 1059 2597 tot
1094 2541 1538 2610 interjacentibus
1568 2541 1728 2595 terris
1753 2540 2015 2597 nefando-

433 2649 551 2686 rum
588 2633 868 2701 perﬁdiam
902 2634 1187 2687 inscctare.
1228 2632 1382 2688 Unde
1416 2640 1471 2687 et
1504 2634 1572 2688 ad
1599 2634 1792 2688 horum
1829 2631 2016 2702 conju-

432 2731 672 2777 ratorum
740 2723 1076 2792 tyrannidem
1123 2723 1369 2791 protinus
1423 2724 1901 2794 exstinguendam,
1960 2725 2014 2779 in

431 2814 894 2867 'l‘arraconenseni
935 2815 1270 2882 provinciam
1307 2822 1362 2868 ct
1399 2815 1450 2868 in
1478 2813 1678 2870 Gallias
1717 2826 2018 2886 pugnantes

429 2905 759 2959 accessimus
791 2923 803 2958 :
836 2915 890 2958 ct
915 2905 1092 2959 divina
1132 2906 1411 2961 nobiscum
1437 2907 1728 2961 comitante
1758 2923 1919 2962 manu
1952 2909 2020 2964 ad

425 3002 578 3067 ipsas
617 3011 787 3066 usque
828 2997 1075 3052 civitates
1118 3006 1282 3068 atque
1319 2999 1538 3053 castella
1577 2999 1874 3067 venientes,
1921 3000 2020 3056 hos

2117 1936 2258 1976 mus.
2279 1919 2448 1986 Quem
2474 1918 2746 1973 lacinthus
2782 1919 3066 1986 episcopus
3097 1931 3239 1971 cum
3269 1911 3610 1984 Arangiselo
3637 1919 3660 1946 °
3687 1911 3733 1964 in

2117 2027 2222 2065 una
2260 2008 2652 2065 concordantes
2685 2006 2909 2075 perfidia
2935 2013 3059 2075 post
3080 2004 3177 2073 jus
3205 2003 3376 2057 Pauli
3408 2001 3605 2071 perfidi
3629 2001 3736 2052 vin-

2115 2101 2387 2156 dicabant.
2418 2100 2523 2154 Sed
2551 2099 2676 2168 quia
2708 2099 2846 2153 idem
2876 2097 3151 2152 lacintbus
3182 2096 3462 2150 eumdem
3504 2101 3731 2148 castrum

2115 2192 2298 2262 Lybia:
2341 2189 2614 2244 vindicare
2654 2205 2761 2242 non
2805 2189 3009 2257 potuit,
3053 2203 3155 2241 nec
3205 2185 3335 2254 ipse
3374 2185 3494 2238 Deo
3529 2181 3731 2235 fautore

2120 2297 2312 2336 manus
2337 2287 2550 2334 nostras
2577 2278 2766 2332 evasit.
2808 2275 3044 2343 Quorum
3073 2275 3342 2330 omnium
3381 2271 3732 2340 comprehen-

2119 2371 2328 2424 sionem
2373 2368 2487 2422 sive
2521 2377 2548 2416 P
2588 2367 2890 2436 ingressum
2919 2363 3106 2418 Gallia:
3155 2376 3301 2416 cum
3349 2359 3499 2414 idem
3543 2355 3728 2410 Paulus

2116 2460 2353 2532 perfidus
2376 2475 2474 2528 per
2506 2457 2687 2527 fugam
2714 2456 3066 2519 Francorum,
3095 2471 3248 2524 quos
3276 2455 3351 2507 ad
3377 2448 3727 2505 vindicandas

2117 2552 2407 2607 Clausuras
2449 2549 2748 2612 direxerat,
2799 2548 3175 2616 comperisset;
3272 2544 3473 2599 relicta
3520 2549 3575 2594 et
3618 2539 3723 2606 ipse

2119 2641 2263 2696 illico
2302 2651 2328 2690 ιι
2367 2639 2586 2694 civitate
2630 2637 2898 2702 Narbona,
2955 2634 3092 2706 fuga:
3133 2649 3198 2690 se
3249 2632 3517 2704 prmsidio
3565 2627 3721 2682 dedit.

2120 2731 2222 2786 Ubi
2275 2731 2438 2785 etiam
2494 2737 2904 2784 conservatores
2961 2727 3128 2795 ipsius
3171 2723 3438 2780 civitatis
3483 2718 3716 2788 reliquit:

2120 2821 2454 2875 Ranimirum
2499 2817 3047 2888 pseudocpiscopum,
3092 2815 3515 2878 Wittimirum,
3564 2808 3721 2877 Arge-

2120 2913 2401 2975 mundum,
2429 2920 2484 2964 et
2510 2909 2897 2964 Gultricianem
2931 2907 3316 2977 primiclerum
3351 2916 3395 2956 τ.
3434 2901 3535 2968 Qui
3561 2899 3712 2955 etiam

2120 3002 2430 3056 Ranimirus
2456 3001 2570 3055 viso
2589 3001 2850 3062 exercitu,
2876 3007 3164 3067 antequam
3185 2997 3399 3052 civitas
3421 2993 3534 3062 ipsa
3561 3001 3714 3056 expu-

1711 3112 1896 3166 TEXT
1906 3111 1990 3169 US
2029 3112 2389 3169 TUDENSIS.

431 3244 570 3290 cem,
601 3227 683 3280 vel
710 3226 1018 3298 delationem
1043 3227 1275 3298 principi
1315 3229 1652 3283 cxhibercnt.
1701 3227 1854 3282 Hunc
1878 3243 2018 3298 prze-
2045 3229 2090 3291 C
2123 3223 2644 3298 comprehendimus.
2683 3222 2882 3298 Deinde
2916 3236 2944 3263 ιι
2970 3221 3042 3298 ad
3075 3221 3381 3298 Clausuras
3421 3217 3707 3298 venientes,

429 3299 589 3366 cipue
633 3297 875 3351 ordinem
923 3297 975 3350 in
1041 3297 1154 3365 ipsa
1212 3297 1590 3368 perversarum
1649 3297 2018 3368 conditionum

433 3368 574 3421 serie
602 3382 842 3430 servans,
877 3375 936 3422 ut
964 3368 1255 3435 gloriosum
1278 3369 1554 3422 dominum
1584 3377 1826 3422 nostrum
1859 3367 2017 3421 Bam-

430 3438 625 3492 hanem
679 3435 973 3505 infaustum
1029 3453 1208 3505 regem
1261 3438 1540 3492 nominare
1581 3439 1824 3493 auderet.
1865 3437 2020 3504 Quod

431 3507 618 3574 utique
649 3522 844 3559 nomen
874 3504 1032 3574 juxta
1075 3504 1576 3576 interpretationem
1613 3509 1717 3571 sui,
1749 3505 2016 3562 infelicem

431 3576 702 3646 significat
736 3591 875 3630 esse.
919 3576 1021 3640 Qui
1059 3577 1229 3630 adhuc
1267 3579 1484 3646 insuper
1522 3579 1816 3646 tyrannica:
1856 3578 2020 3632 sortis

431 3647 583 3714 apice
616 3656 957 3716 provocatus,
987 3647 1194 3714 pl'0\'lllt
1213 3649 1318 3702 iam
1343 3663 1558 3704 omnem
1586 3647 1792 3710 Gallite,
1819 3657 1871 3701 et
1895 3662 2021 3716 par-

433 3725 557 3786 tem
588 3714 825 3786 aliquam
865 3714 1286 3786 Tarraconensis
1337 3716 1631 3786 provinciae
1691 3714 2020 3771 tumultuoso

433 3783 514 3838 sui
538 3782 680 3850 juris
705 3784 930 3854 imperio
957 3787 1209 3846 subdens,
1231 3782 1489 3854 speciales
1504 3787 1744 3840 omnium
1771 3788 2022 3840 munitio-

434 3869 532 3906 nes
558 3867 654 3919 per
678 3852 915 3919 singulas
947 3869 1187 3921 quasque
1225 3852 1473 3909 civitates
1495 3855 1795 3919 constituit,
1839 3856 2022 3910 defen-

434 3935 699 3988 soresque
722 3922 775 3971 in.
799 3921 872 3972 eis
899 3922 1146 3988 proprios
1170 3925 1456 3977 ordinavit.

505 3990 559 4060 ἦ.
603 3987 773 4053 Ilujus
813 3989 887 4041 rei
927 3987 1143 4043 nefariae
1188 3993 1490 4047 temeritate
1531 3993 1791 4060 compulsi
1835 4009 2022 4048 sumus

434 4059 676 4126 arripere
722 4072 904 4121 arma,
943 4070 995 4112 et
1033 4068 1113 4112 tot
1155 4060 1599 4128 interjacentilms
1637 4059 1800 4115 terris
1837 4062 2022 4117 nefan-

437 4130 626 4183 dorum
671 4128 950 4194 perfidiam
1002 4130 1288 4183 inscctare.
1337 4129 1486 4185 Unde
1521 4131 1586 4185 ad
1613 4132 1803 4185 horum
1837 4132 2022 4198 conju-

436 4207 679 4282 r‘atorum
737 4199 1086 4280 tyrannidem
1124 4201 1370 4280 protinus
1418 4199 1914 4282 .exs‘tinguetulam,
1967 4203 2018 4255 in

435 4267 899 4341 Tarraconenscm
940 4270 1291 4341 provineinn,
1325 4279 1378 4323 et
1417 4270 1470 4324 in
1495 4267 1695 4325 Gallias
1720 4281 2023 4341 pugnantes

437 4338 796 4400 accessimus,
829 4347 882 4390 et
918 4338 1095 4392 divina
1133 4340 1410 4395 nobiscum
1442 4338 1736 4396 comitante
1759 4338 1918 4394 manu
1955 4345 2022 4397 ad

439 4407 584 4479 ipsas
628 4408 875 4479 civitates
916 4425 1085 4478 usque
1131 4420 1292 4479 atque
1335 4411 1552 4465 castella
1599 4413 1891 4472 venientes,
1923 4413 2022 4467 hos

437 4476 582 4556 ipsos
613 4477 872 4556 satellites
895 4476 1308 4556 defensoresque
1330 4482 1610 4556 civitatum
1637 4491 2019 4556 etcastrorum

2123 3285 2301 3352 castra
2377 3295 2489 3364 ipsa
2543 3295 2802 3364 disposito
2852 3293 3091 3347 exercitu
3136 3307 3238 3361 per
3287 3291 3422 3360 juga
3478 3285 3705 3364 Pyrenei

2123 3365 2322 3421 montis
2375 3359 2711 3426 intravimus,
2757 3374 2810 3419 et
2844 3359 3216 3435 vcndicatores
3267 3359 3708 3435 eorumdem_ca-

2122 3447 2358 3491 strorum
2400 3425 2922 3504 comprehendimus,
2952 3433 3004 3486 id
3034 3441 3134 3504 est,
3165 3430 3566 3504 Ranosindum,
3601 3425 3706 3504 lli!-

2122 3505 2398 3577 degisum,
2425 3496 2654 3577 Heliam,
2691 3506 3036 3577 C_armenuin,
3067 3501 3477 3577 Maureconcnt,
3513 3496 3704 3577 Vadde-

2122 3569 2348 3639 nurum,
2370 3574 2971 3646 Diagerum,il3ixanem,
2999 3582 3045 3624 et
3075 3571 3392 3625 Liubaucm.
3423 3569 3532 3646 [los
3554 3569 3700 3646 etiam

2123 3637 2459 3716 laelligcrosis
2475 3637 2793 3716 incursibus
2812 3649 3163 3716 properantes
3199 3637 3700 3716 comprehepdinius

2123 3716 2177 3770 in
2205 3701 2383 3771 castro
2409 3715 2764 3778 Caueoliberi,
2808 3701 2860 3768 id
2897 3701 2979 3766 est
3011 3701 3348 3765 Leufreduuf
3375 3717 3431 3762 et
3478 3701 3700 3775 Gugidil-

2122 3786 2253 3852 (uin,
2279 3796 2441 3855 atque
2470 3785 2861 3856 praadictorum
2879 3783 3153 3856 conjugcs.
3201 3781 3486 3856 _Ca_s_t_rumL
3503 3786 3699 3846 quoque

2125 3850 2309 3920 Libiic,
2340 3850 2487 3923 quod
2518 3863 2600 3909 est
2623 3862 2793 3926 caput
2822 3850 3136 3926 Ceretaniar,
3172 3850 3342 3926 simili
3371 3850 3560 3926 ordne
3575 3859 3696 3926 Opto-

2121 3921 2374 3992 perantes
2408 3925 2634 3994 ingressi
2671 3921 2878 3987 sumus,
2914 3921 3161 3992 quoniam
3201 3921 3484 3977 lacinthus
3504 3921 3697 3994 episco-

2119 3983 2224 4062 pus
2247 4005 2417 4076 Vncum
2452 3983 3010 4076 Ki-a‘iigiscloniii'_una
3050 3995 3452 4076 concor-dantes

2122 4055 2244 4137 post
2271 4065 2418 4137 Pauli
2440 4055 2628 4132 perfidi
2655 4063 3172 4137 vcndicabanta‘Sed
3206 4063 3334 4129 quia
3369 4055 3691 4137 idenilacim

2125 4134 2248 4188 thus
2277 4134 2412 4188 idem
2455 4145 2690 4187 castrum
2718 4134 2884 4187 Libia:
2916 4133 3202 4186 veniieare
3240 4149 3348 4186 non
3373 4133 3562 4200 potuit.
3605 4136 3690 4174 [1ιέ

2125 4204 2238 4271 ipse
2280 4203 2387 4256 Deo
2437 4203 2646 4257 fautorc
2704 4219 2898 4256 namus
2948 4211 3166 4256 nostras
3225 4197 3419 4255 evasit.
3470 4197 3691 4262 Quorum

2122 4275 2362 4327 omnium
2399 4273 2955 4341 comprehensionem,
2983 4273 3096 4326 sive
3139 4275 3442 4341 ingressum
3468 4274 3686 4341 nostra"!

2123 4343 2335 4405 Galli-.e,
2373 4360 2494 4396 cum
2522 4333 2668 4397 idem
2695 4343 2892 4396 Paulus
2925 4333 3162 4411 perfidus
3193 4333 3293 4411 per
3323 4341 3504 4411 fugant
3532 4333 3688 4411 Fran-

2122 4429 2349 4474 corum,
2388 4430 2522 4482 quos
2575 4415 2642 4466 ad
2683 4407 3031 4467 vindicandas
3071 4407 3682 4482 Clau'surasfdirexcml.

2122 4472 2490 4551 comperisset,
2539 4483 2722 4537 relicta
2767 4491 2820 4535 ct
2850 4483 2962 4552 ipse
3005 4483 3225 4536 civitate
3264 4472 3684 4552 1\';ii'bori.a,l|}_gé8

437 4541 665 4632 feliciter
709 4549 971 4632 ‘c‘epinius.
1024 4549 1158 4604 Nam
1205 4541 1438 4632 primum
1471 4550 1539 4606 ad
1571 4551 1818 4632 satellites
1870 4569 2019 4632 regu—
2050 4574 2094 4632 υ
2124 4570 2181 4632 se
2217 4541 2915 4632 prtesidio:domu-“relictis
2953 4554 3024 4632 ibi
3066 4554 3220 4604 etiam
3257 4541 3683 4632 co_nsert'ato_ri_b_|f8

437 4571 665 4601 wucucr
713 4571 971 4615 cepimus.
1024 4571 1158 4604 nam
1205 4571 1438 4619 primum
1471 4571 1536 4606 aa
1571 4571 1818 4606 sawmws
1870 4571 2016 4605 νιν-ιι-

435 4627 674 4683 gnantes,
709 4617 1060 4672 Bareinonam
1094 4636 1214 4673 cum
1247 4622 1488 4675 exercitu
1530 4623 1868 4685 accedentes,
1913 4571 2016 4674 biu—

438 4686 645 4748 redum,
675 4685 1040 4754 Pompedium,
1065 4689 1459 4752 Guntifredum,
1490 4691 1743 4746 Unulfum
1782 4704 1802 4728 ⁸
1839 4693 2018 4745 diaco—

437 4770 588 4819 num,
616 4764 667 4809 et
691 4755 1016 4811 Neut’redum
1056 4760 1298 4813 eamdem
1325 4761 1596 4815 civitatem
1635 4761 1967 4816 vindicantes
1999 4766 2011 4798 ί

2125 4617 2359 4677 civitatis
2390 4623 2585 4693 ipsius,
2616 4623 2823 4677 scilicet
2854 4623 3129 4694 Ramirum
3161 4617 3678 4694 pseudoepiscopttm.

2129 4691 2484 4757 Victimiruni,
2544 4693 2946 4762 Argemundum
2987 4701 3041 4745 et
3074 4691 3438 4745 Galtritionent
3467 4691 3680 4762 primice-

2129 4765 2282 4815 i-imn.
2327 4763 2428 4829 Qui
2472 4759 2642 4816 etiam
2666 4763 2916 4816 Raniirus
2951 4763 3066 4817 viso
3111 4762 3373 4828 exercitu,
3411 4759 3682 4822 antequam

1959 4876 2188 4932 ΝΟΤᾸΞ.

512 4978 541 5040 ξι
577 4963 664 5040 ξς,
691 4967 1002 5024 dissidentes
1025 4969 1274 5040 plurimos
1298 4969 1395 5023 sibi
1413 4968 1595 5038 ﬁdeles
1617 4968 1804 5038 elfecit.

513 5035 542 5073 δ
581 5035 681 5098 1‹Ι.,
710 5051 924 5094 vertens.

516 5114 538 5142 ε
583 5105 679 5168 ld.,
714 5109 995 5163 maculam.

509 5171 539 5211 δ
581 5175 668 5239 D.,
697 5178 798 5230 sibi
826 5181 1102 5232 redditam.

514 5254 541 5314 εἰ
579 5245 662 5314 Ε,
693 5258 888 5314 gerent.

519 5310 543 5389 ξ
693 5310 854 5389 juxta
883 5319 1235 5389 interpretatio
1263 5321 1366 5373 sui.

518 5383 543 5418 κ
579 5382 678 5445 ld.,
698 5382 939 5445 insuper.

517 5452 542 5488 ιι
585 5453 640 5504 In
673 5471 773 5506 ms.
807 5452 956 5509 deest
979 5474 1202 5510 onmem.

524 5523 538 5560 ί
587 5523 670 5594 ξ’,
710 5525 846 5594 male
871 5527 1134 5594 capimus.

522 5603 534 5638 ι
588 5592 674 5653 D.,
703 5593 901 5645 itidem.

523 5663 548 5700 λ
589 5661 674 5724 F.,
712 5660 1132 5715 "'amlamirnm.

2205 4969 2220 5005 ι
2264 4966 2362 5020 Ms.
2373 5008 2386 5029 ,
2419 4967 2481 5020 Li
2486 4983 2722 5020 amnem.

2193 5051 2230 5076 ιη
2270 5037 2355 5100 F.,
2390 5037 2783 5106 Guidrigildum

2196 5117 2224 5144 ¹¹
2264 5107 2385 5177 bis,
2421 5117 2566 5177 aput.

2196 5185 2223 5211 ο
2260 5175 2347 5240 F.,
2378 5175 2706 5245 Araugisclo.

2202 5259 2226 5296 [ν
2264 5246 2386 5309 Ms.,
2418 5264 2548 5300 stur.

2194 5329 2221 5366 (ι
2261 5316 2318 5369 lu
2343 5317 2464 5370 cod.
2495 5317 2645 5369 deest
2673 5314 2834 5367 illico.

2203 5398 2223 5423 τ
2268 5385 2385 5446 Ms,
2413 5385 2819 5454 primiclericum

2200 5467 2221 5494 ³
2264 5457 2412 5528 llisp.
2453 5455 2641 5528 illust.,
2668 5454 3048 5524 Gutrifredum,
3077 5457 3382 5528 Arnulfum.

2202 5528 2223 5562 ι
2265 5526 2312 5579 Μ
2317 5542 2387 5587 s.,
2408 5525 2754 5578 venditantes.

2198 5607 2225 5635 ιι
2267 5597 2414 5664 Ilisp.
2447 5595 2634 5656 illust.,
2661 5593 2812 5647 Dein.

2202 5675 2224 5700 '
2265 5666 2418 5731 Ibid.,
2445 5666 2552 5733 ipse
2582 5680 2680 5733 pro
2703 5666 2989 5734 cpiscopus.
