  <div class='ocr_page' id='page_1' title='image "/cluster/home/n/w/nwhite01/storage/ocr_20150623/96/hvd.32044052819901/408.png"; bbox 0 0 4028 6176; ppageno 0'>
   <div class='ocr_carea' id='block_1_1' title="bbox 372 195 489 252">
    <p class='ocr_par' dir='ltr' id='par_1_1' title="bbox 372 195 489 252">
     <span class='ocr_line' id='line_1_1' title="bbox 372 195 489 252; baseline 0 0"><span class='ocrx_word' id='word_1_1' title='bbox 372 195 489 252; x_wconf 75' lang='lat'><strong>805</strong></span> 
     </span>
    </p>
   </div>
   <div class='ocr_carea' id='block_1_2' title="bbox 987 183 3000 250">
    <p class='ocr_par' dir='ltr' id='par_1_2' title="bbox 987 183 3000 250">
     <span class='ocr_line' id='line_1_2' title="bbox 987 183 3000 250; baseline -0.006 0"><span class='ocrx_word' id='word_1_2' title='bbox 987 192 1165 250; x_wconf 78' lang='lat' dir='ltr'><strong>HlS’l‘.</strong></span> <span class='ocrx_word' id='word_1_3' title='bbox 1206 191 1495 250; x_wconf 81' lang='lat' dir='ltr'><strong>REBELL.</strong></span> <span class='ocrx_word' id='word_1_4' title='bbox 1536 190 1739 247; x_wconf 78' lang='lat' dir='ltr'><strong>PAULI</strong></span> <span class='ocrx_word' id='word_1_5' title='bbox 1778 190 1938 246; x_wconf 83' lang='lat' dir='ltr'><strong>ADV.</strong></span> <span class='ocrx_word' id='word_1_6' title='bbox 1980 187 2314 245; x_wconf 80' lang='lat' dir='ltr'><strong>WAMBAM.</strong></span> <span class='ocrx_word' id='word_1_7' title='bbox 2355 183 2759 242; x_wconf 78' lang='lat' dir='ltr'><strong>—JUDlClUM</strong></span> <span class='ocrx_word' id='word_1_8' title='bbox 2790 226 2804 249; x_wconf 94' lang='lat'><strong>,</strong></span> <span class='ocrx_word' id='word_1_9' title='bbox 2848 184 3000 241; x_wconf 83' lang='lat' dir='ltr'><strong>ETC.</strong></span> 
     </span>
    </p>
   </div>
   <div class='ocr_carea' id='block_1_3' title="bbox 3544 189 3651 247">
    <p class='ocr_par' dir='ltr' id='par_1_3' title="bbox 3544 189 3651 247">
     <span class='ocr_line' id='line_1_3' title="bbox 3544 189 3651 247; baseline 0.019 -2"><span class='ocrx_word' id='word_1_10' title='bbox 3544 189 3651 247; x_wconf 81' lang='lat'><strong>806</strong></span> 
     </span>
    </p>
   </div>
   <div class='ocr_carea' id='block_1_4' title="bbox 1761 302 2362 357">
    <p class='ocr_par' dir='ltr' id='par_1_4' title="bbox 1761 302 2362 357">
     <span class='ocr_line' id='line_1_4' title="bbox 1761 302 2362 357; baseline -0.003 0"><span class='ocrx_word' id='word_1_11' title='bbox 1761 304 1924 357; x_wconf 78' lang='lat' dir='ltr'><strong>iTUS</strong></span> <span class='ocrx_word' id='word_1_12' title='bbox 1963 302 2362 357; x_wconf 76' lang='lat' dir='ltr'><strong>LEGITIMUS.</strong></span> 
     </span>
    </p>
   </div>
   <div class='ocr_carea' id='block_1_5' title="bbox 380 304 1989 468">
    <p class='ocr_par' dir='ltr' id='par_1_5' title="bbox 380 304 1989 468">
     <span class='ocr_line' id='line_1_5' title="bbox 1643 304 1989 359; baseline 0 0"><span class='ocrx_word' id='word_1_13' title='bbox 1643 305 1829 359; x_wconf 80' lang='lat' dir='ltr'><strong>TEXT</strong></span> <span class='ocrx_word' id='word_1_14' title='bbox 1884 304 1924 359; x_wconf 87' lang='lat' dir='ltr'>S</span> <span class='ocrx_word' id='word_1_15' title='bbox 1963 304 1989 359; x_wconf 79' lang='grc' dir='ltr'><strong>Ι</strong></span> 
     </span>
     <span class='ocr_line' id='line_1_6' title="bbox 380 305 1989 468; baseline -0.002 -15"><span class='ocrx_word' id='word_1_16' title='bbox 380 405 657 467; x_wconf 83' lang='lat' dir='ltr'><strong>gnaretur,</strong></span> <span class='ocrx_word' id='word_1_17' title='bbox 680 395 860 468; x_wconf 81' lang='lat' dir='ltr'><strong>fugam</strong></span> <span class='ocrx_word' id='word_1_18' title='bbox 883 398 1041 467; x_wconf 81' lang='lat' dir='ltr'><strong>petiit</strong></span> <span class='ocrx_word' id='word_1_19' title='bbox 1064 410 1114 453; x_wconf 80' lang='grc' dir='ltr'><strong>ιι.</strong></span> <span class='ocrx_word' id='word_1_20' title='bbox 1147 397 1254 453; x_wconf 90' lang='lat' dir='ltr'><strong>Sed</strong></span> <span class='ocrx_word' id='word_1_21' title='bbox 1281 412 1404 451; x_wconf 77' lang='lat' dir='ltr'><strong>mox</strong></span> <span class='ocrx_word' id='word_1_22' title='bbox 1441 396 1494 450; x_wconf 90' lang='lat' dir='ltr'><strong>in</strong></span> <span class='ocrx_word' id='word_1_23' title='bbox 1524 305 1959 451; x_wconf 54' lang='lat' dir='ltr'><strong>Beterrensilier-</strong></span> <span class='ocrx_word' id='word_1_24' title='bbox 1988 456 1989 459; x_wconf 28' lang='grc' dir='ltr'><strong>η</strong></span> 
     </span>
    </p>
   </div>
   <div class='ocr_carea' id='block_1_6' title="bbox 2097 304 3654 468">
    <p class='ocr_par' dir='ltr' id='par_1_6' title="bbox 2097 304 3654 467">
     <span class='ocr_line' id='line_1_7' title="bbox 2282 304 2362 356; baseline -0.013 0"><span class='ocrx_word' id='word_1_25' title='bbox 2282 304 2362 356; x_wconf 70' lang='lat' dir='ltr'><strong>IS.</strong></span> 
     </span>
     <span class='ocr_line' id='line_1_8' title="bbox 2097 304 3654 467; baseline 0.009 -24"><span class='ocrx_word' id='word_1_26' title='bbox 2097 304 2309 461; x_wconf 41' lang='lat'><strong>1:315</strong></span> <span class='ocrx_word' id='word_1_27' title='bbox 2334 390 2572 462; x_wconf 77' lang='lat' dir='ltr'><strong>perﬁdim</strong></span> <span class='ocrx_word' id='word_1_28' title='bbox 2608 390 3001 446; x_wconf 73' lang='lat' dir='ltr'><strong>instantissime</strong></span> <span class='ocrx_word' id='word_1_29' title='bbox 3030 391 3393 461; x_wconf 73' lang='lat' dir='ltr'><strong>adbmserunt,</strong></span> <span class='ocrx_word' id='word_1_30' title='bbox 3419 401 3654 467; x_wconf 83' lang='lat' dir='ltr'><strong>quandiu</strong></span> 
     </span>
    </p>
   </div>
   <div class='ocr_carea' id='block_1_7' title="bbox 380 484 1960 557">
    <p class='ocr_par' dir='ltr' id='par_1_7' title="bbox 380 484 1960 557">
     <span class='ocr_line' id='line_1_9' title="bbox 380 484 1960 557; baseline -0.001 -16"><span class='ocrx_word' id='word_1_31' title='bbox 380 486 572 543; x_wconf 83' lang='lat' dir='ltr'><strong>ritorio</strong></span> <span class='ocrx_word' id='word_1_32' title='bbox 615 487 1060 557; x_wconf 86' lang='lat' dir='ltr'><strong>comprehensus,</strong></span> <span class='ocrx_word' id='word_1_33' title='bbox 1104 496 1320 541; x_wconf 89' lang='lat' dir='ltr'><strong>nostras</strong></span> <span class='ocrx_word' id='word_1_34' title='bbox 1361 502 1469 541; x_wconf 89' lang='lat' dir='ltr'><strong>non</strong></span> <span class='ocrx_word' id='word_1_35' title='bbox 1510 484 1698 556; x_wconf 76' lang='lat' dir='ltr'><strong>effugit</strong></span> <span class='ocrx_word' id='word_1_36' title='bbox 1745 501 1960 541; x_wconf 87' lang='lat' dir='ltr'><strong>manus.</strong></span> 
     </span>
    </p>
   </div>
   <div class='ocr_carea' id='block_1_8' title="bbox 384 574 1966 646">
    <p class='ocr_par' dir='ltr' id='par_1_8' title="bbox 384 574 1966 646">
     <span class='ocr_line' id='line_1_10' title="bbox 384 574 1966 646; baseline -0.001 -15"><span class='ocrx_word' id='word_1_37' title='bbox 384 575 538 631; x_wconf 80' lang='lat' dir='ltr'><strong>Unde</strong></span> <span class='ocrx_word' id='word_1_38' title='bbox 577 590 702 630; x_wconf 92' lang='lat' dir='ltr'><strong>cum</strong></span> <span class='ocrx_word' id='word_1_39' title='bbox 748 578 1036 645; x_wconf 63' lang='lat' dir='ltr'><strong>pratdictos</strong></span> <span class='ocrx_word' id='word_1_40' title='bbox 1078 575 1435 631; x_wconf 87' lang='lat' dir='ltr'><strong>Wittimirum</strong></span> <span class='ocrx_word' id='word_1_41' title='bbox 1481 583 1536 629; x_wconf 92' lang='lat' dir='ltr'><strong>et</strong></span> <span class='ocrx_word' id='word_1_42' title='bbox 1560 574 1966 646; x_wconf 79' lang='lat' dir='ltr'><strong>Argemundum</strong></span> 
     </span>
    </p>
   </div>
   <div class='ocr_carea' id='block_1_9' title="bbox 382 663 1967 735">
    <p class='ocr_par' dir='ltr' id='par_1_9' title="bbox 382 663 1967 735">
     <span class='ocr_line' id='line_1_11' title="bbox 382 663 1967 735; baseline -0.001 -16"><span class='ocrx_word' id='word_1_43' title='bbox 382 664 587 732; x_wconf 84' lang='lat' dir='ltr'><strong>iaicos,</strong></span> <span class='ocrx_word' id='word_1_44' title='bbox 641 663 757 720; x_wconf 83' lang='lat' dir='ltr'><strong>sive</strong></span> <span class='ocrx_word' id='word_1_45' title='bbox 796 663 1183 722; x_wconf 86' lang='lat' dir='ltr'><strong>Gultricianem</strong></span> <span class='ocrx_word' id='word_1_46' title='bbox 1243 665 1613 735; x_wconf 90' lang='lat' dir='ltr'><strong>primiclerum</strong></span> <span class='ocrx_word' id='word_1_47' title='bbox 1658 664 1967 719; x_wconf 90' lang='lat' dir='ltr'><strong>Narbonam</strong></span> 
     </span>
    </p>
   </div>
   <div class='ocr_carea' id='block_1_10' title="bbox 383 755 1970 824">
    <p class='ocr_par' dir='ltr' id='par_1_10' title="bbox 383 755 1970 824">
     <span class='ocr_line' id='line_1_12' title="bbox 383 755 1970 824; baseline 0.001 -16"><span class='ocrx_word' id='word_1_48' title='bbox 383 755 740 821; x_wconf 69' lang='lat' dir='ltr'><strong>vindicantes,</strong></span> <span class='ocrx_word' id='word_1_49' title='bbox 767 763 822 809; x_wconf 90' lang='lat' dir='ltr'><strong>et</strong></span> <span class='ocrx_word' id='word_1_50' title='bbox 848 765 1038 811; x_wconf 86' lang='lat' dir='ltr'><strong>contra</strong></span> <span class='ocrx_word' id='word_1_51' title='bbox 1072 771 1174 811; x_wconf 88' lang='lat' dir='ltr'><strong>nos</strong></span> <span class='ocrx_word' id='word_1_52' title='bbox 1210 756 1412 811; x_wconf 89' lang='lat' dir='ltr'><strong>acriter</strong></span> <span class='ocrx_word' id='word_1_53' title='bbox 1446 755 1768 812; x_wconf 80' lang='lat' dir='ltr'><strong>dimicantes</strong></span> <span class='ocrx_word' id='word_1_54' title='bbox 1795 755 1970 824; x_wconf 86' lang='lat' dir='ltr'><strong>cepis-</strong></span> 
     </span>
    </p>
   </div>
   <div class='ocr_carea' id='block_1_11' title="bbox 381 842 1973 914">
    <p class='ocr_par' dir='ltr' id='par_1_11' title="bbox 381 842 1973 914">
     <span class='ocr_line' id='line_1_13' title="bbox 381 842 1973 914; baseline -0.001 -15"><span class='ocrx_word' id='word_1_55' title='bbox 381 860 567 899; x_wconf 85' lang='lat' dir='ltr'><strong>semus</strong></span> <span class='ocrx_word' id='word_1_56' title='bbox 588 843 638 909; x_wconf 75' lang='lat' dir='ltr'><strong>b;</strong></span> <span class='ocrx_word' id='word_1_57' title='bbox 666 842 989 914; x_wconf 79' lang='lat' dir='ltr'><strong>Agatensem</strong></span> <span class='ocrx_word' id='word_1_58' title='bbox 1017 844 1292 899; x_wconf 89' lang='lat' dir='ltr'><strong>civitatem</strong></span> <span class='ocrx_word' id='word_1_59' title='bbox 1326 844 1553 913; x_wconf 91' lang='lat' dir='ltr'><strong>imperio</strong></span> <span class='ocrx_word' id='word_1_60' title='bbox 1574 843 1791 911; x_wconf 77' lang='lat' dir='ltr'><strong>gloriosi</strong></span> <span class='ocrx_word' id='word_1_61' title='bbox 1822 853 1844 881; x_wconf 75' lang='grc' dir='ltr'><strong>ο</strong></span> <span class='ocrx_word' id='word_1_62' title='bbox 1874 858 1973 897; x_wconf 92' lang='lat' dir='ltr'><strong>no-</strong></span> 
     </span>
    </p>
   </div>
   <div class='ocr_carea' id='block_1_12' title="bbox 384 934 2003 1005">
    <p class='ocr_par' dir='ltr' id='par_1_12' title="bbox 384 934 2003 1005">
     <span class='ocr_line' id='line_1_14' title="bbox 384 934 2003 1005; baseline -0.002 -16"><span class='ocrx_word' id='word_1_63' title='bbox 384 937 486 990; x_wconf 89' lang='lat' dir='ltr'><strong>stri</strong></span> <span class='ocrx_word' id='word_1_64' title='bbox 535 934 739 990; x_wconf 82' lang='lat' dir='ltr'><strong>domini</strong></span> <span class='ocrx_word' id='word_1_65' title='bbox 784 934 1097 1005; x_wconf 82' lang='lat' dir='ltr'><strong>subegimus</strong></span> <span class='ocrx_word' id='word_1_66' title='bbox 1135 934 1186 1001; x_wconf 72' lang='lat' dir='ltr'><strong>d,</strong></span> <span class='ocrx_word' id='word_1_67' title='bbox 1246 934 1764 1004; x_wconf 82' lang='lat' dir='ltr'><strong>comprehendean</strong></span> <span class='ocrx_word' id='word_1_68' title='bbox 1810 934 1864 988; x_wconf 92' lang='lat' dir='ltr'><strong>in</strong></span> <span class='ocrx_word' id='word_1_69' title='bbox 1908 948 2003 987; x_wconf 56' lang='lat' dir='ltr'><strong>ea,</strong></span> 
     </span>
    </p>
   </div>
   <div class='ocr_carea' id='block_1_13' title="bbox 386 1025 1969 1097">
    <p class='ocr_par' dir='ltr' id='par_1_13' title="bbox 386 1025 1969 1097">
     <span class='ocr_line' id='line_1_15' title="bbox 386 1025 1969 1097; baseline -0.001 -15"><span class='ocrx_word' id='word_1_70' title='bbox 386 1028 745 1083; x_wconf 80' lang='lat' dir='ltr'><strong>Wilesindum</strong></span> <span class='ocrx_word' id='word_1_71' title='bbox 776 1028 794 1046; x_wconf 78' lang='lat'><strong><em>‘</em></strong></span> <span class='ocrx_word' id='word_1_72' title='bbox 830 1027 1174 1097; x_wconf 81' lang='lat' dir='ltr'><strong>episcopum,</strong></span> <span class='ocrx_word' id='word_1_73' title='bbox 1219 1025 1592 1097; x_wconf 77' lang='lat' dir='ltr'><strong>Aragisclum,</strong></span> <span class='ocrx_word' id='word_1_74' title='bbox 1627 1034 1683 1081; x_wconf 90' lang='lat' dir='ltr'><strong>et</strong></span> <span class='ocrx_word' id='word_1_75' title='bbox 1709 1026 1969 1081; x_wconf 78' lang='lat' dir='ltr'><strong>Ranosin-</strong></span> 
     </span>
    </p>
   </div>
   <div class='ocr_carea' id='block_1_14' title="bbox 387 1115 1552 1185">
    <p class='ocr_par' dir='ltr' id='par_1_14' title="bbox 387 1115 1552 1185">
     <span class='ocr_line' id='line_1_16' title="bbox 387 1115 1552 1185; baseline -0.001 -15"><span class='ocrx_word' id='word_1_76' title='bbox 387 1117 515 1171; x_wconf 88' lang='lat' dir='ltr'><strong>dum</strong></span> <span class='ocrx_word' id='word_1_77' title='bbox 539 1118 555 1134; x_wconf 89' lang='grc'>⁶</span> <span class='ocrx_word' id='word_1_78' title='bbox 586 1127 610 1154; x_wconf 73' lang='grc' dir='ltr'><strong>ο</strong></span> <span class='ocrx_word' id='word_1_79' title='bbox 636 1130 954 1185; x_wconf 85' lang='lat' dir='ltr'><strong>germanum</strong></span> <span class='ocrx_word' id='word_1_80' title='bbox 977 1116 1259 1171; x_wconf 86' lang='lat' dir='ltr'><strong>Wilesindi</strong></span> <span class='ocrx_word' id='word_1_81' title='bbox 1293 1115 1552 1185; x_wconf 80' lang='lat' dir='ltr'><strong>episcopi.</strong></span> 
     </span>
    </p>
   </div>
   <div class='ocr_carea' id='block_1_15' title="bbox 458 1204 1978 1276">
    <p class='ocr_par' dir='ltr' id='par_1_15' title="bbox 458 1204 1978 1276">
     <span class='ocr_line' id='line_1_17' title="bbox 458 1204 1978 1276; baseline 0.001 -18"><span class='ocrx_word' id='word_1_82' title='bbox 458 1206 515 1262; x_wconf 71' lang='grc'><strong>4.</strong></span> <span class='ocrx_word' id='word_1_83' title='bbox 557 1205 798 1276; x_wconf 84' lang='lat' dir='ltr'><strong>Cumque</strong></span> <span class='ocrx_word' id='word_1_84' title='bbox 828 1216 953 1275; x_wconf 82' lang='lat' dir='ltr'><strong>post</strong></span> <span class='ocrx_word' id='word_1_85' title='bbox 977 1207 1094 1262; x_wconf 71' lang='lat' dir='ltr'><strong>lucc</strong></span> <span class='ocrx_word' id='word_1_86' title='bbox 1119 1204 1319 1261; x_wconf 91' lang='lat' dir='ltr'><strong>divinis</strong></span> <span class='ocrx_word' id='word_1_87' title='bbox 1347 1204 1567 1275; x_wconf 76' lang='lat' dir='ltr'><strong>iudiciis</strong></span> <span class='ocrx_word' id='word_1_88' title='bbox 1596 1204 1978 1275; x_wconf 79' lang='lat' dir='ltr'><strong>adiuvantibus</strong></span> 
     </span>
    </p>
   </div>
   <div class='ocr_carea' id='block_1_16' title="bbox 390 1295 1979 1367">
    <p class='ocr_par' dir='ltr' id='par_1_16' title="bbox 390 1295 1979 1367">
     <span class='ocr_line' id='line_1_18' title="bbox 390 1295 1979 1367; baseline -0.001 -17"><span class='ocrx_word' id='word_1_89' title='bbox 390 1298 458 1350; x_wconf 88' lang='lat' dir='ltr'><strong>ad</strong></span> <span class='ocrx_word' id='word_1_90' title='bbox 485 1295 900 1365; x_wconf 76' lang='lat' dir='ltr'><strong>expugnandam</strong></span> <span class='ocrx_word' id='word_1_91' title='bbox 926 1295 1357 1367; x_wconf 82' lang='lat' dir='ltr'><strong>Magalonensem</strong></span> <span class='ocrx_word' id='word_1_92' title='bbox 1391 1297 1666 1352; x_wconf 89' lang='lat' dir='ltr'><strong>civitatem</strong></span> <span class='ocrx_word' id='word_1_93' title='bbox 1697 1296 1979 1352; x_wconf 87' lang='lat' dir='ltr'><strong>accedere-</strong></span> 
     </span>
    </p>
   </div>
   <div class='ocr_carea' id='block_1_17' title="bbox 378 1385 1978 1453">
    <p class='ocr_par' dir='ltr' id='par_1_17' title="bbox 378 1385 1978 1453">
     <span class='ocr_line' id='line_1_19' title="bbox 378 1385 1978 1453; baseline 0.001 -12"><span class='ocrx_word' id='word_1_94' title='bbox 378 1402 535 1452; x_wconf 75' lang='lat' dir='ltr'><strong>mus,</strong></span> <span class='ocrx_word' id='word_1_95' title='bbox 561 1385 722 1441; x_wconf 87' lang='lat' dir='ltr'><strong>simul</strong></span> <span class='ocrx_word' id='word_1_96' title='bbox 748 1386 975 1441; x_wconf 91' lang='lat' dir='ltr'><strong>duorum</strong></span> <span class='ocrx_word' id='word_1_97' title='bbox 1012 1388 1347 1443; x_wconf 78' lang='lat' dir='ltr'><strong>exercituum</strong></span> <span class='ocrx_word' id='word_1_98' title='bbox 1377 1388 1590 1453; x_wconf 85' lang='lat' dir='ltr'><strong>navale,</strong></span> <span class='ocrx_word' id='word_1_99' title='bbox 1620 1396 1676 1443; x_wconf 91' lang='lat' dir='ltr'><strong>et</strong></span> <span class='ocrx_word' id='word_1_100' title='bbox 1703 1396 1978 1443; x_wconf 89' lang='lat' dir='ltr'><strong>terrenum</strong></span> 
     </span>
    </p>
   </div>
   <div class='ocr_carea' id='block_1_18' title="bbox 396 1475 1978 1549">
    <p class='ocr_par' dir='ltr' id='par_1_18' title="bbox 396 1475 1978 1549">
     <span class='ocr_line' id='line_1_20' title="bbox 396 1475 1978 1549; baseline 0 -19"><span class='ocrx_word' id='word_1_101' title='bbox 396 1475 597 1530; x_wconf 83' lang='lat' dir='ltr'><strong>bellum</strong></span> <span class='ocrx_word' id='word_1_102' title='bbox 647 1475 668 1516; x_wconf 69' lang='grc' dir='ltr'>ί</span> <span class='ocrx_word' id='word_1_103' title='bbox 702 1475 990 1532; x_wconf 82' lang='lat' dir='ltr'><strong>Gumildus</strong></span> <span class='ocrx_word' id='word_1_104' title='bbox 1045 1475 1331 1546; x_wconf 85' lang='lat' dir='ltr'><strong>episcopus</strong></span> <span class='ocrx_word' id='word_1_105' title='bbox 1382 1492 1505 1532; x_wconf 90' lang='lat' dir='ltr'><strong>cum</strong></span> <span class='ocrx_word' id='word_1_106' title='bbox 1553 1480 1578 1517; x_wconf 71' lang='grc' dir='ltr'><strong>δ</strong></span> <span class='ocrx_word' id='word_1_107' title='bbox 1621 1477 1978 1549; x_wconf 68' lang='lat' dir='ltr'><strong>praevidisset,</strong></span> 
     </span>
    </p>
   </div>
   <div class='ocr_carea' id='block_1_19' title="bbox 384 1566 1984 1639">
    <p class='ocr_par' dir='ltr' id='par_1_19' title="bbox 384 1566 1984 1639">
     <span class='ocr_line' id='line_1_21' title="bbox 384 1566 1984 1639; baseline 0.001 -19"><span class='ocrx_word' id='word_1_108' title='bbox 384 1566 579 1621; x_wconf 79' lang='lat' dir='ltr'><strong>statim</strong></span> <span class='ocrx_word' id='word_1_109' title='bbox 616 1566 862 1626; x_wconf 83' lang='lat' dir='ltr'><strong>eamdem</strong></span> <span class='ocrx_word' id='word_1_110' title='bbox 898 1567 1172 1622; x_wconf 85' lang='lat' dir='ltr'><strong>civitatem</strong></span> <span class='ocrx_word' id='word_1_111' title='bbox 1211 1568 1463 1638; x_wconf 87' lang='lat' dir='ltr'><strong>reliquit,</strong></span> <span class='ocrx_word' id='word_1_112' title='bbox 1509 1577 1563 1625; x_wconf 92' lang='lat' dir='ltr'><strong>et</strong></span> <span class='ocrx_word' id='word_1_113' title='bbox 1599 1568 1783 1639; x_wconf 82' lang='lat' dir='ltr'><strong>fugam</strong></span> <span class='ocrx_word' id='word_1_114' title='bbox 1822 1583 1984 1638; x_wconf 89' lang='lat' dir='ltr'><strong>appe—</strong></span> 
     </span>
    </p>
   </div>
   <div class='ocr_carea' id='block_1_20' title="bbox 392 1653 1978 1726">
    <p class='ocr_par' dir='ltr' id='par_1_20' title="bbox 392 1653 1978 1726">
     <span class='ocr_line' id='line_1_22' title="bbox 392 1653 1978 1726; baseline 0.001 -18"><span class='ocrx_word' id='word_1_115' title='bbox 392 1662 556 1718; x_wconf 84' lang='lat' dir='ltr'><strong>tens,</strong></span> <span class='ocrx_word' id='word_1_116' title='bbox 601 1653 931 1709; x_wconf 84' lang='lat' dir='ltr'><strong>Nemausum</strong></span> <span class='ocrx_word' id='word_1_117' title='bbox 981 1668 1039 1710; x_wconf 92' lang='lat' dir='ltr'><strong>se</strong></span> <span class='ocrx_word' id='word_1_118' title='bbox 1082 1671 1210 1710; x_wconf 90' lang='lat' dir='ltr'><strong>eum</strong></span> <span class='ocrx_word' id='word_1_119' title='bbox 1251 1656 1416 1711; x_wconf 86' lang='lat' dir='ltr'><strong>Paulo</strong></span> <span class='ocrx_word' id='word_1_120' title='bbox 1463 1657 1669 1726; x_wconf 88' lang='lat' dir='ltr'><strong>perﬁdo</strong></span> <span class='ocrx_word' id='word_1_121' title='bbox 1731 1658 1978 1713; x_wconf 88' lang='lat' dir='ltr'><strong>contulit.</strong></span> 
     </span>
    </p>
   </div>
   <div class='ocr_carea' id='block_1_21' title="bbox 2070 480 3658 554">
    <p class='ocr_par' dir='ltr' id='par_1_21' title="bbox 2070 480 3658 554">
     <span class='ocr_line' id='line_1_23' title="bbox 2070 480 3658 554; baseline 0.005 -18"><span class='ocrx_word' id='word_1_122' title='bbox 2070 497 2191 536; x_wconf 91' lang='lat' dir='ltr'><strong>cum</strong></span> <span class='ocrx_word' id='word_1_123' title='bbox 2221 482 2336 550; x_wconf 86' lang='lat' dir='ltr'><strong>ipso</strong></span> <span class='ocrx_word' id='word_1_124' title='bbox 2362 480 2746 536; x_wconf 82' lang='lat' dir='ltr'><strong>nefandissimo</strong></span> <span class='ocrx_word' id='word_1_125' title='bbox 2772 490 3095 551; x_wconf 90' lang='lat' dir='ltr'><strong>caperentur</strong></span> <span class='ocrx_word' id='word_1_126' title='bbox 3122 500 3135 536; x_wconf 91' lang='lat'>:</span> <span class='ocrx_word' id='word_1_127' title='bbox 3168 482 3219 537; x_wconf 89' lang='lat' dir='ltr'><strong>id</strong></span> <span class='ocrx_word' id='word_1_128' title='bbox 3257 494 3341 539; x_wconf 90' lang='lat' dir='ltr'><strong>est</strong></span> <span class='ocrx_word' id='word_1_129' title='bbox 3364 487 3412 554; x_wconf 73' lang='grc' dir='ltr'><strong>ιι,</strong></span> <span class='ocrx_word' id='word_1_130' title='bbox 3444 487 3658 547; x_wconf 72' lang='lat' dir='ltr'><strong>Gumil-</strong></span> 
     </span>
    </p>
   </div>
   <div class='ocr_carea' id='block_1_22' title="bbox 2068 568 3653 644">
    <p class='ocr_par' dir='ltr' id='par_1_22' title="bbox 2068 568 3653 644">
     <span class='ocr_line' id='line_1_24' title="bbox 2068 568 3653 644; baseline 0.006 -22"><span class='ocrx_word' id='word_1_131' title='bbox 2068 568 2172 624; x_wconf 90' lang='lat' dir='ltr'><strong>dus</strong></span> <span class='ocrx_word' id='word_1_132' title='bbox 2200 570 2506 639; x_wconf 87' lang='lat' dir='ltr'><strong>episcopus,</strong></span> <span class='ocrx_word' id='word_1_133' title='bbox 2533 569 2810 624; x_wconf 86' lang='lat' dir='ltr'><strong>Friusclus</strong></span> <span class='ocrx_word' id='word_1_134' title='bbox 2850 568 2891 633; x_wconf 74' lang='grc' dir='ltr'><strong>ι’,</strong></span> <span class='ocrx_word' id='word_1_135' title='bbox 2922 568 3225 638; x_wconf 86' lang='lat' dir='ltr'><strong>Flodarius,</strong></span> <span class='ocrx_word' id='word_1_136' title='bbox 3265 573 3653 644; x_wconf 79' lang='lat' dir='ltr'><strong>Wistrimirus,</strong></span> 
     </span>
    </p>
   </div>
   <div class='ocr_carea' id='block_1_23' title="bbox 2071 661 3659 732">
    <p class='ocr_par' dir='ltr' id='par_1_23' title="bbox 2071 661 3659 732">
     <span class='ocr_line' id='line_1_25' title="bbox 2071 661 3659 732; baseline 0.006 -15"><span class='ocrx_word' id='word_1_137' title='bbox 2071 663 2473 725; x_wconf 79' lang='lat' dir='ltr'><strong>Ranemundus,</strong></span> <span class='ocrx_word' id='word_1_138' title='bbox 2491 662 2855 727; x_wconf 85' lang='lat' dir='ltr'><strong>Andosindus,</strong></span> <span class='ocrx_word' id='word_1_139' title='bbox 2886 661 3136 727; x_wconf 68' lang='lat' dir='ltr'><strong>Adultus,</strong></span> <span class='ocrx_word' id='word_1_140' title='bbox 3156 664 3439 732; x_wconf 77' lang='lat' dir='ltr'><strong>Maximus,</strong></span> <span class='ocrx_word' id='word_1_141' title='bbox 3463 671 3479 687; x_wconf 63' lang='grc' dir='ltr'><strong>θ</strong></span> <span class='ocrx_word' id='word_1_142' title='bbox 3494 669 3659 726; x_wconf 79' lang='lat' dir='ltr'><strong>Joan-</strong></span> 
     </span>
    </p>
   </div>
   <div class='ocr_carea' id='block_1_24' title="bbox 2072 751 3655 828">
    <p class='ocr_par' dir='ltr' id='par_1_24' title="bbox 2072 751 3655 828">
     <span class='ocr_line' id='line_1_26' title="bbox 2072 751 3655 828; baseline 0.005 -21"><span class='ocrx_word' id='word_1_143' title='bbox 2072 768 2209 818; x_wconf 85' lang='lat' dir='ltr'><strong>nes,</strong></span> <span class='ocrx_word' id='word_1_144' title='bbox 2258 752 2525 818; x_wconf 90' lang='lat' dir='ltr'><strong>Clerium,</strong></span> <span class='ocrx_word' id='word_1_145' title='bbox 2570 751 2888 818; x_wconf 77' lang='lat' dir='ltr'><strong>Anvarnus,</strong></span> <span class='ocrx_word' id='word_1_146' title='bbox 2934 751 3260 822; x_wconf 83' lang='lat' dir='ltr'><strong>Aquilinus,</strong></span> <span class='ocrx_word' id='word_1_147' title='bbox 3315 756 3655 828; x_wconf 77' lang='lat' dir='ltr'><strong>Odofredus,</strong></span> 
     </span>
    </p>
   </div>
   <div class='ocr_carea' id='block_1_25' title="bbox 2072 842 3655 916">
    <p class='ocr_par' dir='ltr' id='par_1_25' title="bbox 2072 842 3655 916">
     <span class='ocr_line' id='line_1_27' title="bbox 2072 842 3655 916; baseline 0.004 -19"><span class='ocrx_word' id='word_1_148' title='bbox 2072 843 2294 910; x_wconf 83' lang='lat' dir='ltr'><strong>lberius,</strong></span> <span class='ocrx_word' id='word_1_149' title='bbox 2343 842 2599 907; x_wconf 83' lang='lat' dir='ltr'><strong>Joannes,</strong></span> <span class='ocrx_word' id='word_1_150' title='bbox 2627 843 2920 898; x_wconf 78' lang='lat' dir='ltr'><strong>Mosamius</strong></span> <span class='ocrx_word' id='word_1_151' title='bbox 2968 855 3030 909; x_wconf 77' lang='grc' dir='ltr'><strong>ιιι,</strong></span> <span class='ocrx_word' id='word_1_152' title='bbox 3072 845 3352 915; x_wconf 80' lang='lat' dir='ltr'><strong>Amingus,</strong></span> <span class='ocrx_word' id='word_1_153' title='bbox 3399 849 3655 916; x_wconf 76' lang='lat' dir='ltr'><strong>Virimar,</strong></span> 
     </span>
    </p>
   </div>
   <div class='ocr_carea' id='block_1_26' title="bbox 2075 932 3662 1003">
    <p class='ocr_par' dir='ltr' id='par_1_26' title="bbox 2075 932 3662 1003">
     <span class='ocr_line' id='line_1_28' title="bbox 2075 932 3662 1003; baseline 0.005 -17"><span class='ocrx_word' id='word_1_154' title='bbox 2075 932 2412 998; x_wconf 87' lang='lat' dir='ltr'><strong>Eumericus,</strong></span> <span class='ocrx_word' id='word_1_155' title='bbox 2444 932 2824 987; x_wconf 88' lang='lat' dir='ltr'><strong>Transemirus</strong></span> <span class='ocrx_word' id='word_1_156' title='bbox 2856 943 2904 997; x_wconf 77' lang='grc' dir='ltr'><strong>ιι,</strong></span> <span class='ocrx_word' id='word_1_157' title='bbox 2943 933 3097 999; x_wconf 89' lang='lat' dir='ltr'><strong>Bera,</strong></span> <span class='ocrx_word' id='word_1_158' title='bbox 3126 935 3398 1003; x_wconf 83' lang='lat' dir='ltr'><strong>Ebrulfus,</strong></span> <span class='ocrx_word' id='word_1_159' title='bbox 3432 938 3662 994; x_wconf 81' lang='lat' dir='ltr'><strong>Recaul-</strong></span> 
     </span>
    </p>
   </div>
   <div class='ocr_carea' id='block_1_27' title="bbox 2076 1021 3662 1093">
    <p class='ocr_par' dir='ltr' id='par_1_27' title="bbox 2076 1021 3662 1093">
     <span class='ocr_line' id='line_1_29' title="bbox 2076 1021 3662 1093; baseline 0.006 -17"><span class='ocrx_word' id='word_1_160' title='bbox 2076 1022 2179 1088; x_wconf 82' lang='lat' dir='ltr'><strong>fus,</strong></span> <span class='ocrx_word' id='word_1_161' title='bbox 2206 1023 2404 1078; x_wconf 89' lang='lat' dir='ltr'><strong>Cottila</strong></span> <span class='ocrx_word' id='word_1_162' title='bbox 2435 1030 2481 1087; x_wconf 85' lang='grc' dir='ltr'><strong>ο,</strong></span> <span class='ocrx_word' id='word_1_163' title='bbox 2515 1021 2842 1079; x_wconf 86' lang='lat' dir='ltr'><strong>Guldramus</strong></span> <span class='ocrx_word' id='word_1_164' title='bbox 2881 1034 2928 1089; x_wconf 72' lang='grc' dir='ltr'><strong>Ρ,</strong></span> <span class='ocrx_word' id='word_1_165' title='bbox 2961 1024 3151 1090; x_wconf 84' lang='lat' dir='ltr'><strong>Liuba,</strong></span> <span class='ocrx_word' id='word_1_166' title='bbox 3184 1026 3397 1093; x_wconf 81' lang='lat' dir='ltr'><strong>Ranila,</strong></span> <span class='ocrx_word' id='word_1_167' title='bbox 3442 1036 3497 1082; x_wconf 90' lang='lat' dir='ltr'><strong>et</strong></span> <span class='ocrx_word' id='word_1_168' title='bbox 3524 1030 3662 1086; x_wconf 88' lang='lat' dir='ltr'><strong>llde-</strong></span> 
     </span>
    </p>
   </div>
   <div class='ocr_carea' id='block_1_28' title="bbox 2076 1115 3658 1185">
    <p class='ocr_par' dir='ltr' id='par_1_28' title="bbox 2076 1115 3658 1185">
     <span class='ocr_line' id='line_1_30' title="bbox 2076 1115 3658 1185; baseline 0.004 -15"><span class='ocrx_word' id='word_1_169' title='bbox 2076 1116 2292 1170; x_wconf 90' lang='lat' dir='ltr'><strong>riccllus</strong></span> <span class='ocrx_word' id='word_1_170' title='bbox 2316 1122 2367 1181; x_wconf 75' lang='grc' dir='ltr'><strong>ει,</strong></span> <span class='ocrx_word' id='word_1_171' title='bbox 2405 1118 2419 1134; x_wconf 87' lang='lat'><strong><em>‘</em></strong></span> <span class='ocrx_word' id='word_1_172' title='bbox 2447 1123 2673 1184; x_wconf 76' lang='lat' dir='ltr'><strong>excepta</strong></span> <span class='ocrx_word' id='word_1_173' title='bbox 2706 1115 2851 1185; x_wconf 82' lang='lat' dir='ltr'><strong>vulgi</strong></span> <span class='ocrx_word' id='word_1_174' title='bbox 2892 1116 3259 1183; x_wconf 88' lang='lat' dir='ltr'><strong>multitudine,</strong></span> <span class='ocrx_word' id='word_1_175' title='bbox 3298 1119 3381 1174; x_wconf 86' lang='lat' dir='ltr'><strong>vel</strong></span> <span class='ocrx_word' id='word_1_176' title='bbox 3418 1121 3658 1178; x_wconf 86' lang='lat' dir='ltr'><strong>Franco-</strong></span> 
     </span>
    </p>
   </div>
   <div class='ocr_carea' id='block_1_29' title="bbox 2079 1204 3665 1279">
    <p class='ocr_par' dir='ltr' id='par_1_29' title="bbox 2079 1204 3665 1279">
     <span class='ocr_line' id='line_1_31' title="bbox 2079 1204 3665 1279; baseline 0.005 -20"><span class='ocrx_word' id='word_1_177' title='bbox 2079 1220 2221 1269; x_wconf 92' lang='lat' dir='ltr'><strong>rum,</strong></span> <span class='ocrx_word' id='word_1_178' title='bbox 2250 1221 2368 1274; x_wconf 81' lang='lat' dir='ltr'><strong>quae</strong></span> <span class='ocrx_word' id='word_1_179' title='bbox 2395 1204 2675 1273; x_wconf 79' lang='lat' dir='ltr'><strong>multiplex</strong></span> <span class='ocrx_word' id='word_1_180' title='bbox 2712 1204 2766 1257; x_wconf 90' lang='lat' dir='ltr'><strong>in</strong></span> <span class='ocrx_word' id='word_1_181' title='bbox 2804 1205 2993 1259; x_wconf 88' lang='lat' dir='ltr'><strong>eadem</strong></span> <span class='ocrx_word' id='word_1_182' title='bbox 3028 1207 3246 1261; x_wconf 72' lang='lat' dir='ltr'><strong>civitate</strong></span> <span class='ocrx_word' id='word_1_183' title='bbox 3276 1211 3665 1279; x_wconf 86' lang='lat' dir='ltr'><strong>comprehensa</strong></span> 
     </span>
    </p>
   </div>
   <div class='ocr_carea' id='block_1_30' title="bbox 2077 1303 2182 1350">
    <p class='ocr_par' dir='ltr' id='par_1_30' title="bbox 2077 1303 2182 1350">
     <span class='ocr_line' id='line_1_32' title="bbox 2077 1303 2182 1350; baseline -0.01 -1"><span class='ocrx_word' id='word_1_184' title='bbox 2077 1303 2182 1350; x_wconf 92' lang='lat' dir='ltr'><strong>est.</strong></span> 
     </span>
    </p>
   </div>
   <div class='ocr_carea' id='block_1_31' title="bbox 2150 1386 3668 1455">
    <p class='ocr_par' dir='ltr' id='par_1_31' title="bbox 2150 1386 3668 1455">
     <span class='ocr_line' id='line_1_33' title="bbox 2150 1386 3668 1455; baseline 0.005 -15"><span class='ocrx_word' id='word_1_185' title='bbox 2150 1387 2205 1441; x_wconf 84' lang='lat'><strong>5.</strong></span> <span class='ocrx_word' id='word_1_186' title='bbox 2233 1387 2333 1441; x_wconf 88' lang='lat' dir='ltr'><strong>llic</strong></span> <span class='ocrx_word' id='word_1_187' title='bbox 2379 1386 2540 1455; x_wconf 81' lang='lat' dir='ltr'><strong>igitur</strong></span> <span class='ocrx_word' id='word_1_188' title='bbox 2576 1386 3027 1441; x_wconf 85' lang='lat' dir='ltr'><strong>sceleratissimus</strong></span> <span class='ocrx_word' id='word_1_189' title='bbox 3066 1386 3280 1453; x_wconf 79' lang='lat' dir='ltr'><strong>Paulus,</strong></span> <span class='ocrx_word' id='word_1_190' title='bbox 3316 1390 3443 1444; x_wconf 89' lang='lat' dir='ltr'><strong>dum</strong></span> <span class='ocrx_word' id='word_1_191' title='bbox 3463 1406 3668 1448; x_wconf 87' lang='lat' dir='ltr'><strong>convo-</strong></span> 
     </span>
    </p>
   </div>
   <div class='ocr_carea' id='block_1_32' title="bbox 2079 1481 3666 1551">
    <p class='ocr_par' dir='ltr' id='par_1_32' title="bbox 2079 1481 3666 1551">
     <span class='ocr_line' id='line_1_34' title="bbox 2079 1481 3666 1551; baseline 0.003 -14"><span class='ocrx_word' id='word_1_192' title='bbox 2079 1482 2218 1538; x_wconf 86' lang='lat' dir='ltr'><strong>catis</strong></span> <span class='ocrx_word' id='word_1_193' title='bbox 2249 1483 2605 1551; x_wconf 86' lang='lat' dir='ltr'><strong>adnnatisque</strong></span> <span class='ocrx_word' id='word_1_194' title='bbox 2641 1483 2892 1537; x_wconf 89' lang='lat' dir='ltr'><strong>omnibus</strong></span> <span class='ocrx_word' id='word_1_195' title='bbox 2930 1481 3106 1546; x_wconf 89' lang='lat' dir='ltr'><strong>nobis,</strong></span> <span class='ocrx_word' id='word_1_196' title='bbox 3150 1481 3204 1537; x_wconf 91' lang='lat' dir='ltr'><strong>id</strong></span> <span class='ocrx_word' id='word_1_197' title='bbox 3238 1491 3323 1538; x_wconf 88' lang='lat' dir='ltr'><strong>est</strong></span> <span class='ocrx_word' id='word_1_198' title='bbox 3366 1495 3410 1551; x_wconf 73' lang='grc' dir='ltr'><strong>τ,</strong></span> <span class='ocrx_word' id='word_1_199' title='bbox 3435 1487 3666 1542; x_wconf 89' lang='lat' dir='ltr'><strong>seniori-</strong></span> 
     </span>
    </p>
   </div>
   <div class='ocr_carea' id='block_1_33' title="bbox 2080 1575 3671 1651">
    <p class='ocr_par' dir='ltr' id='par_1_33' title="bbox 2080 1575 3671 1651">
     <span class='ocr_line' id='line_1_35' title="bbox 2080 1575 3671 1651; baseline 0.006 -22"><span class='ocrx_word' id='word_1_200' title='bbox 2080 1576 2182 1629; x_wconf 83' lang='lat' dir='ltr'><strong>bus</strong></span> <span class='ocrx_word' id='word_1_201' title='bbox 2207 1575 2416 1630; x_wconf 91' lang='lat' dir='ltr'><strong>cunctis</strong></span> <span class='ocrx_word' id='word_1_202' title='bbox 2447 1576 2651 1645; x_wconf 88' lang='lat' dir='ltr'><strong>palatii,</strong></span> <span class='ocrx_word' id='word_1_203' title='bbox 2679 1577 2954 1647; x_wconf 81' lang='lat' dir='ltr'><strong>gardingis</strong></span> <span class='ocrx_word' id='word_1_204' title='bbox 2979 1577 3248 1642; x_wconf 91' lang='lat' dir='ltr'><strong>omnibus,</strong></span> <span class='ocrx_word' id='word_1_205' title='bbox 3286 1581 3541 1651; x_wconf 90' lang='lat' dir='ltr'><strong>omnique</strong></span> <span class='ocrx_word' id='word_1_206' title='bbox 3573 1597 3671 1651; x_wconf 84' lang='lat' dir='ltr'><strong>pa-</strong></span> 
     </span>
    </p>
   </div>
   <div class='ocr_carea' id='block_1_34' title="bbox 2085 1663 3669 1729">
    <p class='ocr_par' dir='ltr' id='par_1_34' title="bbox 2085 1663 3669 1729">
     <span class='ocr_line' id='line_1_36' title="bbox 2085 1663 3669 1729; baseline 0.006 -12"><span class='ocrx_word' id='word_1_207' title='bbox 2085 1663 2251 1718; x_wconf 90' lang='lat' dir='ltr'><strong>latino</strong></span> <span class='ocrx_word' id='word_1_208' title='bbox 2280 1663 2477 1729; x_wconf 80' lang='lat' dir='ltr'><strong>ofﬁcio,</strong></span> <span class='ocrx_word' id='word_1_209' title='bbox 2509 1681 2605 1721; x_wconf 90' lang='lat' dir='ltr'><strong>seu</strong></span> <span class='ocrx_word' id='word_1_210' title='bbox 2627 1666 2794 1721; x_wconf 87' lang='lat' dir='ltr'><strong>etiam</strong></span> <span class='ocrx_word' id='word_1_211' title='bbox 2827 1674 3038 1721; x_wconf 88' lang='lat' dir='ltr'><strong>astante</strong></span> <span class='ocrx_word' id='word_1_212' title='bbox 3058 1669 3300 1722; x_wconf 79' lang='lat' dir='ltr'><strong>exercitu</strong></span> <span class='ocrx_word' id='word_1_213' title='bbox 3334 1670 3587 1726; x_wconf 87' lang='lat' dir='ltr'><strong>universo</strong></span> <span class='ocrx_word' id='word_1_214' title='bbox 3613 1673 3669 1726; x_wconf 90' lang='lat' dir='ltr'><strong>in</strong></span> 
     </span>
    </p>
   </div>
   <div class='ocr_carea' id='block_1_35' title="bbox 394 1744 3675 1830">
    <p class='ocr_par' dir='ltr' id='par_1_35' title="bbox 394 1744 3675 1830">
     <span class='ocr_line' id='line_1_37' title="bbox 394 1744 3675 1830; baseline 0.005 -31"><span class='ocrx_word' id='word_1_215' title='bbox 394 1744 640 1815; x_wconf 82' lang='lat' dir='ltr'><strong>Cumque</strong></span> <span class='ocrx_word' id='word_1_216' title='bbox 665 1746 806 1802; x_wconf 90' lang='lat' dir='ltr'><strong>banc</strong></span> <span class='ocrx_word' id='word_1_217' title='bbox 834 1746 1004 1816; x_wconf 88' lang='lat' dir='ltr'><strong>ipsam</strong></span> <span class='ocrx_word' id='word_1_218' title='bbox 1031 1747 1465 1820; x_wconf 80' lang='lat' dir='ltr'><strong>Magalonensem</strong></span> <span class='ocrx_word' id='word_1_219' title='bbox 1496 1748 1772 1804; x_wconf 87' lang='lat' dir='ltr'><strong>civitatem</strong></span> <span class='ocrx_word' id='word_1_220' title='bbox 1797 1746 1980 1803; x_wconf 78' lang='lat' dir='ltr'><strong>defcu-</strong></span> <span class='ocrx_word' id='word_1_221' title='bbox 2010 1765 2057 1825; x_wconf 70' lang='lat'><strong>3</strong></span> <span class='ocrx_word' id='word_1_222' title='bbox 2081 1762 2370 1823; x_wconf 89' lang='lat' dir='ltr'><strong>conspectu</strong></span> <span class='ocrx_word' id='word_1_223' title='bbox 2424 1755 2645 1826; x_wconf 78' lang='lat' dir='ltr'><strong>gloriosi</strong></span> <span class='ocrx_word' id='word_1_224' title='bbox 2674 1768 2695 1795; x_wconf 71' lang='grc' dir='ltr'>ε</span> <span class='ocrx_word' id='word_1_225' title='bbox 2732 1757 2904 1811; x_wconf 88' lang='lat' dir='ltr'><strong>nostri</strong></span> <span class='ocrx_word' id='word_1_226' title='bbox 2957 1757 3182 1822; x_wconf 90' lang='lat' dir='ltr'><strong>domini,</strong></span> <span class='ocrx_word' id='word_1_227' title='bbox 3228 1774 3351 1813; x_wconf 92' lang='lat' dir='ltr'><strong>cum</strong></span> <span class='ocrx_word' id='word_1_228' title='bbox 3397 1762 3675 1830; x_wconf 79' lang='lat' dir='ltr'><strong>przedictis</strong></span> 
     </span>
    </p>
   </div>
   <div class='ocr_carea' id='block_1_36' title="bbox 395 1835 1981 1908">
    <p class='ocr_par' dir='ltr' id='par_1_36' title="bbox 395 1835 1981 1908">
     <span class='ocr_line' id='line_1_38' title="bbox 395 1835 1981 1908; baseline 0 -15"><span class='ocrx_word' id='word_1_229' title='bbox 395 1853 656 1908; x_wconf 87' lang='lat' dir='ltr'><strong>soresque</strong></span> <span class='ocrx_word' id='word_1_230' title='bbox 682 1835 798 1906; x_wconf 90' lang='lat' dir='ltr'><strong>ejus</strong></span> <span class='ocrx_word' id='word_1_231' title='bbox 825 1837 1111 1908; x_wconf 73' lang='lat' dir='ltr'><strong>gloriosius</strong></span> <span class='ocrx_word' id='word_1_232' title='bbox 1141 1838 1489 1908; x_wconf 87' lang='lat' dir='ltr'><strong>cepissemus,</strong></span> <span class='ocrx_word' id='word_1_233' title='bbox 1520 1839 1703 1894; x_wconf 88' lang='lat' dir='ltr'><strong>statim</strong></span> <span class='ocrx_word' id='word_1_234' title='bbox 1729 1853 1898 1907; x_wconf 89' lang='lat' dir='ltr'><strong>usque</strong></span> <span class='ocrx_word' id='word_1_235' title='bbox 1926 1839 1981 1893; x_wconf 92' lang='lat' dir='ltr'><strong>in</strong></span> 
     </span>
    </p>
   </div>
   <div class='ocr_carea' id='block_1_37' title="bbox 400 1929 1983 2000">
    <p class='ocr_par' dir='ltr' id='par_1_37' title="bbox 400 1929 1983 2000">
     <span class='ocr_line' id='line_1_39' title="bbox 400 1929 1983 2000; baseline -0.001 -16"><span class='ocrx_word' id='word_1_236' title='bbox 400 1929 723 1985; x_wconf 85' lang='lat' dir='ltr'><strong>Nemausum</strong></span> <span class='ocrx_word' id='word_1_237' title='bbox 766 1938 897 2000; x_wconf 68' lang='lat' dir='ltr'><strong>post</strong></span> <span class='ocrx_word' id='word_1_238' title='bbox 928 1930 1193 1999; x_wconf 87' lang='lat' dir='ltr'><strong>perﬁdum</strong></span> <span class='ocrx_word' id='word_1_239' title='bbox 1247 1930 1475 1985; x_wconf 85' lang='lat' dir='ltr'><strong>Paulum</strong></span> <span class='ocrx_word' id='word_1_240' title='bbox 1532 1930 1814 2000; x_wconf 84' lang='lat' dir='ltr'><strong>sociosque</strong></span> <span class='ocrx_word' id='word_1_241' title='bbox 1854 1945 1983 1983; x_wconf 90' lang='lat' dir='ltr'><strong>suos</strong></span> 
     </span>
    </p>
   </div>
   <div class='ocr_carea' id='block_1_38' title="bbox 386 2019 1980 2091">
    <p class='ocr_par' dir='ltr' id='par_1_38' title="bbox 386 2019 1980 2091">
     <span class='ocr_line' id='line_1_40' title="bbox 386 2019 1980 2091; baseline -0.001 -15"><span class='ocrx_word' id='word_1_242' title='bbox 386 2022 688 2091; x_wconf 78' lang='lat' dir='ltr'><strong>pugnaturi</strong></span> <span class='ocrx_word' id='word_1_243' title='bbox 708 2021 1072 2091; x_wconf 85' lang='lat' dir='ltr'><strong>pervenimus.</strong></span> <span class='ocrx_word' id='word_1_244' title='bbox 1103 2020 1180 2077; x_wconf 88' lang='lat' dir='ltr'><strong>lbi</strong></span> <span class='ocrx_word' id='word_1_245' title='bbox 1201 2035 1262 2077; x_wconf 88' lang='lat' dir='ltr'><strong>se</strong></span> <span class='ocrx_word' id='word_1_246' title='bbox 1289 2021 1428 2077; x_wconf 84' lang='lat' dir='ltr'><strong>idem</strong></span> <span class='ocrx_word' id='word_1_247' title='bbox 1453 2019 1651 2076; x_wconf 86' lang='lat' dir='ltr'><strong>Paulus</strong></span> <span class='ocrx_word' id='word_1_248' title='bbox 1672 2036 1779 2074; x_wconf 91' lang='lat' dir='ltr'><strong>non</strong></span> <span class='ocrx_word' id='word_1_249' title='bbox 1804 2020 1980 2075; x_wconf 90' lang='lat' dir='ltr'><strong>solum</strong></span> 
     </span>
    </p>
   </div>
   <div class='ocr_carea' id='block_1_39' title="bbox 397 2111 1979 2191">
    <p class='ocr_par' dir='ltr' id='par_1_39' title="bbox 397 2111 1979 2191">
     <span class='ocr_line' id='line_1_41' title="bbox 397 2111 1979 2191; baseline -0.004 -21"><span class='ocrx_word' id='word_1_250' title='bbox 397 2129 624 2170; x_wconf 88' lang='lat' dir='ltr'><strong>suorum</strong></span> <span class='ocrx_word' id='word_1_251' title='bbox 671 2114 1003 2184; x_wconf 88' lang='lat' dir='ltr'><strong>perﬁdorum</strong></span> <span class='ocrx_word' id='word_1_252' title='bbox 1060 2113 1234 2168; x_wconf 77' lang='lat' dir='ltr'><strong>fretus</strong></span> <span class='ocrx_word' id='word_1_253' title='bbox 1287 2113 1544 2191; x_wconf 64' lang='lat' dir='ltr'><strong>audacia,</strong></span> <span class='ocrx_word' id='word_1_254' title='bbox 1606 2111 1700 2167; x_wconf 88' lang='lat' dir='ltr'><strong>sed</strong></span> <span class='ocrx_word' id='word_1_255' title='bbox 1747 2112 1910 2167; x_wconf 86' lang='lat' dir='ltr'><strong>etiam</strong></span> <span class='ocrx_word' id='word_1_256' title='bbox 1948 2112 1979 2150; x_wconf 75' lang='grc' dir='ltr'><strong>ιι</strong></span> 
     </span>
    </p>
   </div>
   <div class='ocr_carea' id='block_1_40' title="bbox 396 2203 1983 2270">
    <p class='ocr_par' dir='ltr' id='par_1_40' title="bbox 396 2203 1983 2270">
     <span class='ocr_line' id='line_1_42' title="bbox 396 2203 1983 2270; baseline -0.003 -10"><span class='ocrx_word' id='word_1_257' title='bbox 396 2203 735 2262; x_wconf 84' lang='lat' dir='ltr'><strong>Francorum</strong></span> <span class='ocrx_word' id='word_1_258' title='bbox 776 2206 978 2260; x_wconf 73' lang='lat' dir='ltr'><strong>auxilio</strong></span> <span class='ocrx_word' id='word_1_259' title='bbox 1016 2205 1276 2270; x_wconf 88' lang='lat' dir='ltr'><strong>munitus,</strong></span> <span class='ocrx_word' id='word_1_260' title='bbox 1304 2205 1374 2261; x_wconf 88' lang='lat' dir='ltr'><strong>ad</strong></span> <span class='ocrx_word' id='word_1_261' title='bbox 1402 2204 1764 2260; x_wconf 84' lang='lat' dir='ltr'><strong>dimicandum</strong></span> <span class='ocrx_word' id='word_1_262' title='bbox 1793 2211 1983 2258; x_wconf 92' lang='lat' dir='ltr'><strong>contu-</strong></span> 
     </span>
    </p>
   </div>
   <div class='ocr_carea' id='block_1_41' title="bbox 399 2295 1982 2366">
    <p class='ocr_par' dir='ltr' id='par_1_41' title="bbox 399 2295 1982 2366">
     <span class='ocr_line' id='line_1_43' title="bbox 399 2295 1982 2366; baseline -0.003 -15"><span class='ocrx_word' id='word_1_263' title='bbox 399 2297 559 2352; x_wconf 87' lang='lat' dir='ltr'><strong>lerat.</strong></span> <span class='ocrx_word' id='word_1_264' title='bbox 598 2296 716 2364; x_wconf 86' lang='lat' dir='ltr'><strong>Quo</strong></span> <span class='ocrx_word' id='word_1_265' title='bbox 745 2296 798 2350; x_wconf 90' lang='lat' dir='ltr'><strong>in</strong></span> <span class='ocrx_word' id='word_1_266' title='bbox 833 2296 950 2350; x_wconf 89' lang='lat' dir='ltr'><strong>loco</strong></span> <span class='ocrx_word' id='word_1_267' title='bbox 982 2295 1375 2351; x_wconf 87' lang='lat' dir='ltr'><strong>instantissime</strong></span> <span class='ocrx_word' id='word_1_268' title='bbox 1401 2310 1667 2366; x_wconf 86' lang='lat' dir='ltr'><strong>pugnans,</strong></span> <span class='ocrx_word' id='word_1_269' title='bbox 1696 2300 1751 2348; x_wconf 86' lang='lat' dir='ltr'><strong>et</strong></span> <span class='ocrx_word' id='word_1_270' title='bbox 1782 2295 1835 2347; x_wconf 91' lang='lat' dir='ltr'><strong>in</strong></span> <span class='ocrx_word' id='word_1_271' title='bbox 1860 2309 1982 2362; x_wconf 90' lang='lat' dir='ltr'><strong>per—</strong></span> 
     </span>
    </p>
   </div>
   <div class='ocr_carea' id='block_1_42' title="bbox 400 2380 1987 2454">
    <p class='ocr_par' dir='ltr' id='par_1_42' title="bbox 400 2380 1987 2454">
     <span class='ocr_line' id='line_1_44' title="bbox 400 2380 1987 2454; baseline -0.003 -13"><span class='ocrx_word' id='word_1_272' title='bbox 400 2385 543 2441; x_wconf 79' lang='lat' dir='ltr'><strong>ﬁdiae</strong></span> <span class='ocrx_word' id='word_1_273' title='bbox 580 2385 885 2440; x_wconf 85' lang='lat' dir='ltr'><strong>temeritate</strong></span> <span class='ocrx_word' id='word_1_274' title='bbox 916 2386 1247 2454; x_wconf 85' lang='lat' dir='ltr'><strong>perdurans,</strong></span> <span class='ocrx_word' id='word_1_275' title='bbox 1290 2385 1506 2439; x_wconf 84' lang='lat' dir='ltr'><strong>tandem</strong></span> <span class='ocrx_word' id='word_1_276' title='bbox 1544 2384 1740 2439; x_wconf 86' lang='lat' dir='ltr'><strong>divinis</strong></span> <span class='ocrx_word' id='word_1_277' title='bbox 1767 2380 1987 2451; x_wconf 76' lang='lat' dir='ltr'><strong>iudiciis</strong></span> 
     </span>
    </p>
   </div>
   <div class='ocr_carea' id='block_1_43' title="bbox 394 2474 1987 2545">
    <p class='ocr_par' dir='ltr' id='par_1_43' title="bbox 394 2474 1987 2545">
     <span class='ocr_line' id='line_1_45' title="bbox 394 2474 1987 2545; baseline -0.001 -14"><span class='ocrx_word' id='word_1_278' title='bbox 394 2474 708 2545; x_wconf 80' lang='lat' dir='ltr'><strong>nostrisque</strong></span> <span class='ocrx_word' id='word_1_279' title='bbox 736 2476 905 2531; x_wconf 77' lang='lat' dir='ltr'><strong>armis</strong></span> <span class='ocrx_word' id='word_1_280' title='bbox 936 2476 1124 2531; x_wconf 86' lang='lat' dir='ltr'><strong>eadem</strong></span> <span class='ocrx_word' id='word_1_281' title='bbox 1157 2475 1377 2531; x_wconf 89' lang='lat' dir='ltr'><strong>civitate</strong></span> <span class='ocrx_word' id='word_1_282' title='bbox 1414 2475 1652 2545; x_wconf 87' lang='lat' dir='ltr'><strong>irrupta,</strong></span> <span class='ocrx_word' id='word_1_283' title='bbox 1687 2475 1865 2529; x_wconf 91' lang='lat' dir='ltr'><strong>victus</strong></span> <span class='ocrx_word' id='word_1_284' title='bbox 1896 2490 1987 2529; x_wconf 89' lang='lat' dir='ltr'><strong>ca-</strong></span> 
     </span>
    </p>
   </div>
   <div class='ocr_carea' id='block_1_44' title="bbox 398 2564 1990 2635">
    <p class='ocr_par' dir='ltr' id='par_1_44' title="bbox 398 2564 1990 2635">
     <span class='ocr_line' id='line_1_46' title="bbox 398 2564 1990 2635; baseline 0 -15"><span class='ocrx_word' id='word_1_285' title='bbox 398 2575 636 2635; x_wconf 72' lang='lat' dir='ltr'><strong>ptusque</strong></span> <span class='ocrx_word' id='word_1_286' title='bbox 662 2566 914 2622; x_wconf 82' lang='lat' dir='ltr'><strong>detentus</strong></span> <span class='ocrx_word' id='word_1_287' title='bbox 941 2574 1025 2622; x_wconf 88' lang='lat' dir='ltr'><strong>est</strong></span> <span class='ocrx_word' id='word_1_288' title='bbox 1051 2565 1267 2620; x_wconf 85' lang='lat' dir='ltr'><strong>Paulus.</strong></span> <span class='ocrx_word' id='word_1_289' title='bbox 1306 2564 1439 2635; x_wconf 88' lang='lat' dir='ltr'><strong>Ejus</strong></span> <span class='ocrx_word' id='word_1_290' title='bbox 1462 2566 1623 2621; x_wconf 89' lang='lat' dir='ltr'><strong>etiam</strong></span> <span class='ocrx_word' id='word_1_291' title='bbox 1645 2566 1820 2621; x_wconf 84' lang='lat' dir='ltr'><strong>socios</strong></span> <span class='ocrx_word' id='word_1_292' title='bbox 1842 2582 1990 2621; x_wconf 84' lang='lat' dir='ltr'><strong>com-</strong></span> 
     </span>
    </p>
   </div>
   <div class='ocr_carea' id='block_1_45' title="bbox 401 2660 1987 2729">
    <p class='ocr_par' dir='ltr' id='par_1_45' title="bbox 401 2660 1987 2729">
     <span class='ocr_line' id='line_1_47' title="bbox 401 2660 1987 2729; baseline 0.001 -17"><span class='ocrx_word' id='word_1_293' title='bbox 401 2660 693 2714; x_wconf 75' lang='lat' dir='ltr'><strong>memorari</strong></span> <span class='ocrx_word' id='word_1_294' title='bbox 741 2673 965 2715; x_wconf 90' lang='lat' dir='ltr'><strong>necesse</strong></span> <span class='ocrx_word' id='word_1_295' title='bbox 1002 2667 1104 2724; x_wconf 88' lang='lat' dir='ltr'><strong>est,</strong></span> <span class='ocrx_word' id='word_1_296' title='bbox 1148 2674 1286 2728; x_wconf 89' lang='lat' dir='ltr'><strong>quos</strong></span> <span class='ocrx_word' id='word_1_297' title='bbox 1329 2670 1384 2715; x_wconf 90' lang='lat' dir='ltr'><strong>et</strong></span> <span class='ocrx_word' id='word_1_298' title='bbox 1418 2667 1721 2729; x_wconf 86' lang='lat' dir='ltr'><strong>pugnantes</strong></span> <span class='ocrx_word' id='word_1_299' title='bbox 1753 2661 1768 2699; x_wconf 83' lang='grc' dir='ltr'><strong>ί</strong></span> <span class='ocrx_word' id='word_1_300' title='bbox 1799 2668 1987 2715; x_wconf 87' lang='lat' dir='ltr'><strong>contra</strong></span> 
     </span>
    </p>
   </div>
   <div class='ocr_carea' id='block_1_46' title="bbox 402 2747 1988 2818">
    <p class='ocr_par' dir='ltr' id='par_1_46' title="bbox 402 2747 1988 2818">
     <span class='ocr_line' id='line_1_48' title="bbox 402 2747 1988 2818; baseline 0.001 -15"><span class='ocrx_word' id='word_1_301' title='bbox 402 2762 504 2803; x_wconf 90' lang='lat' dir='ltr'><strong>nos</strong></span> <span class='ocrx_word' id='word_1_302' title='bbox 529 2748 583 2802; x_wconf 88' lang='lat' dir='ltr'><strong>in</strong></span> <span class='ocrx_word' id='word_1_303' title='bbox 612 2749 801 2804; x_wconf 84' lang='lat' dir='ltr'><strong>eadem</strong></span> <span class='ocrx_word' id='word_1_304' title='bbox 831 2748 1052 2804; x_wconf 85' lang='lat' dir='ltr'><strong>civitate</strong></span> <span class='ocrx_word' id='word_1_305' title='bbox 1079 2747 1092 2798; x_wconf 86' lang='lat' dir='ltr'><strong>i</strong></span> <span class='ocrx_word' id='word_1_306' title='bbox 1127 2748 1258 2804; x_wconf 86' lang='lat' dir='ltr'><strong>dure</strong></span> <span class='ocrx_word' id='word_1_307' title='bbox 1282 2748 1625 2818; x_wconf 87' lang='lat' dir='ltr'><strong>pertulimus,</strong></span> <span class='ocrx_word' id='word_1_308' title='bbox 1662 2758 1716 2802; x_wconf 91' lang='lat' dir='ltr'><strong>et</strong></span> <span class='ocrx_word' id='word_1_309' title='bbox 1750 2749 1840 2818; x_wconf 91' lang='lat' dir='ltr'><strong>qui</strong></span> <span class='ocrx_word' id='word_1_310' title='bbox 1872 2758 1988 2804; x_wconf 87' lang='lat' dir='ltr'><strong>tan-</strong></span> 
     </span>
    </p>
   </div>
   <div class='ocr_carea' id='block_1_47' title="bbox 2086 1844 3672 1920">
    <p class='ocr_par' dir='ltr' id='par_1_47' title="bbox 2086 1844 3672 1920">
     <span class='ocr_line' id='line_1_49' title="bbox 2086 1844 3672 1920; baseline 0.004 -21"><span class='ocrx_word' id='word_1_311' title='bbox 2086 1844 2246 1899; x_wconf 85' lang='lat' dir='ltr'><strong>sociis</strong></span> <span class='ocrx_word' id='word_1_312' title='bbox 2266 1846 2379 1901; x_wconf 87' lang='lat' dir='ltr'><strong>suis</strong></span> <span class='ocrx_word' id='word_1_313' title='bbox 2402 1845 2726 1915; x_wconf 87' lang='lat' dir='ltr'><strong>judicandus</strong></span> <span class='ocrx_word' id='word_1_314' title='bbox 2749 1847 3028 1901; x_wconf 90' lang='lat' dir='ltr'><strong>assisteret</strong></span> <span class='ocrx_word' id='word_1_315' title='bbox 3043 1889 3057 1912; x_wconf 92' lang='lat'><strong>,</strong></span> <span class='ocrx_word' id='word_1_316' title='bbox 3107 1848 3187 1903; x_wconf 92' lang='lat' dir='ltr'><strong>sic</strong></span> <span class='ocrx_word' id='word_1_317' title='bbox 3207 1850 3500 1918; x_wconf 65' lang='lat' dir='ltr'><strong>prtedictns</strong></span> <span class='ocrx_word' id='word_1_318' title='bbox 3523 1852 3672 1920; x_wconf 84' lang='lat' dir='ltr'><strong>prin-</strong></span> 
     </span>
    </p>
   </div>
   <div class='ocr_carea' id='block_1_48' title="bbox 2085 1934 3672 2009">
    <p class='ocr_par' dir='ltr' id='par_1_48' title="bbox 2085 1934 3672 2009">
     <span class='ocr_line' id='line_1_50' title="bbox 2085 1934 3672 2009; baseline 0.004 -20"><span class='ocrx_word' id='word_1_319' title='bbox 2085 1950 2213 2004; x_wconf 87' lang='lat' dir='ltr'><strong>ceps</strong></span> <span class='ocrx_word' id='word_1_320' title='bbox 2242 1936 2341 1990; x_wconf 90' lang='lat' dir='ltr'><strong>sub</strong></span> <span class='ocrx_word' id='word_1_321' title='bbox 2365 1936 2641 2004; x_wconf 64' lang='lat' dir='ltr'><strong>praemissa</strong></span> <span class='ocrx_word' id='word_1_322' title='bbox 2676 1934 3065 2004; x_wconf 88' lang='lat' dir='ltr'><strong>conjurationis</strong></span> <span class='ocrx_word' id='word_1_323' title='bbox 3113 1937 3522 2009; x_wconf 85' lang='lat' dir='ltr'><strong>interpositione</strong></span> <span class='ocrx_word' id='word_1_324' title='bbox 3548 1954 3672 1995; x_wconf 92' lang='lat' dir='ltr'><strong>eum</strong></span> 
     </span>
    </p>
   </div>
   <div class='ocr_carea' id='block_1_49' title="bbox 2084 2025 3675 2098">
    <p class='ocr_par' dir='ltr' id='par_1_49' title="bbox 2084 2025 3675 2098">
     <span class='ocr_line' id='line_1_51' title="bbox 2084 2025 3675 2098; baseline 0.005 -19"><span class='ocrx_word' id='word_1_325' title='bbox 2084 2025 2352 2080; x_wconf 87' lang='lat' dir='ltr'><strong>allocutus</strong></span> <span class='ocrx_word' id='word_1_326' title='bbox 2392 2034 2507 2091; x_wconf 89' lang='lat' dir='ltr'><strong>est,</strong></span> <span class='ocrx_word' id='word_1_327' title='bbox 2554 2026 2739 2081; x_wconf 74' lang='lat' dir='ltr'><strong>dicens</strong></span> <span class='ocrx_word' id='word_1_328' title='bbox 2770 2043 2783 2080; x_wconf 91' lang='lat'><strong>:</strong></span> <span class='ocrx_word' id='word_1_329' title='bbox 2810 2026 3047 2095; x_wconf 85' lang='lat' dir='ltr'><strong>Conjnro</strong></span> <span class='ocrx_word' id='word_1_330' title='bbox 3069 2035 3121 2083; x_wconf 91' lang='lat' dir='ltr'><strong>te</strong></span> <span class='ocrx_word' id='word_1_331' title='bbox 3149 2044 3247 2098; x_wconf 90' lang='lat' dir='ltr'><strong>per</strong></span> <span class='ocrx_word' id='word_1_332' title='bbox 3275 2045 3471 2085; x_wconf 91' lang='lat' dir='ltr'><strong>nomen</strong></span> <span class='ocrx_word' id='word_1_333' title='bbox 3497 2033 3675 2087; x_wconf 89' lang='lat' dir='ltr'><strong>omni-</strong></span> 
     </span>
    </p>
   </div>
   <div class='ocr_carea' id='block_1_50' title="bbox 2085 2116 3676 2183">
    <p class='ocr_par' dir='ltr' id='par_1_50' title="bbox 2085 2116 3676 2183">
     <span class='ocr_line' id='line_1_52' title="bbox 2085 2116 3676 2183; baseline 0.006 -15"><span class='ocrx_word' id='word_1_334' title='bbox 2085 2116 2320 2183; x_wconf 82' lang='lat' dir='ltr'><strong>potentis</strong></span> <span class='ocrx_word' id='word_1_335' title='bbox 2359 2116 2475 2180; x_wconf 87' lang='lat' dir='ltr'><strong>Dei,</strong></span> <span class='ocrx_word' id='word_1_336' title='bbox 2524 2117 2668 2171; x_wconf 88' lang='lat' dir='ltr'><strong>utin</strong></span> <span class='ocrx_word' id='word_1_337' title='bbox 2711 2117 2814 2172; x_wconf 87' lang='lat' dir='ltr'><strong>hoc</strong></span> <span class='ocrx_word' id='word_1_338' title='bbox 2844 2126 3112 2173; x_wconf 90' lang='lat' dir='ltr'><strong>conventu</strong></span> <span class='ocrx_word' id='word_1_339' title='bbox 3156 2118 3384 2174; x_wconf 80' lang='lat' dir='ltr'><strong>fratrum</strong></span> <span class='ocrx_word' id='word_1_340' title='bbox 3429 2136 3676 2176; x_wconf 87' lang='lat' dir='ltr'><strong>meorum</strong></span> 
     </span>
    </p>
   </div>
   <div class='ocr_carea' id='block_1_51' title="bbox 2085 2205 3680 2281">
    <p class='ocr_par' dir='ltr' id='par_1_51' title="bbox 2085 2205 3680 2281">
     <span class='ocr_line' id='line_1_53' title="bbox 2085 2205 3680 2281; baseline 0.004 -22"><span class='ocrx_word' id='word_1_341' title='bbox 2085 2205 2381 2261; x_wconf 87' lang='lat' dir='ltr'><strong>contendas</strong></span> <span class='ocrx_word' id='word_1_342' title='bbox 2404 2223 2611 2262; x_wconf 90' lang='lat' dir='ltr'><strong>mecum</strong></span> <span class='ocrx_word' id='word_1_343' title='bbox 2629 2206 2854 2277; x_wconf 86' lang='lat' dir='ltr'><strong>judicio,</strong></span> <span class='ocrx_word' id='word_1_344' title='bbox 2884 2209 2928 2262; x_wconf 92' lang='lat' dir='ltr'><strong>si</strong></span> <span class='ocrx_word' id='word_1_345' title='bbox 2953 2217 3047 2263; x_wconf 90' lang='lat' dir='ltr'><strong>aut</strong></span> <span class='ocrx_word' id='word_1_346' title='bbox 3074 2217 3126 2265; x_wconf 89' lang='lat' dir='ltr'><strong>te</strong></span> <span class='ocrx_word' id='word_1_347' title='bbox 3146 2211 3199 2265; x_wconf 92' lang='lat' dir='ltr'><strong>in</strong></span> <span class='ocrx_word' id='word_1_348' title='bbox 3221 2212 3401 2281; x_wconf 84' lang='lat' dir='ltr'><strong>aliquo</strong></span> <span class='ocrx_word' id='word_1_349' title='bbox 3422 2212 3556 2277; x_wconf 75' lang='lat' dir='ltr'><strong>laesi,</strong></span> <span class='ocrx_word' id='word_1_350' title='bbox 3583 2220 3680 2267; x_wconf 87' lang='lat' dir='ltr'><strong>aut</strong></span> 
     </span>
    </p>
   </div>
   <div class='ocr_carea' id='block_1_52' title="bbox 2086 2300 3677 2373">
    <p class='ocr_par' dir='ltr' id='par_1_52' title="bbox 2086 2300 3677 2373">
     <span class='ocr_line' id='line_1_54' title="bbox 2086 2300 3677 2373; baseline 0.003 -20"><span class='ocrx_word' id='word_1_351' title='bbox 2086 2300 2373 2353; x_wconf 86' lang='lat' dir='ltr'><strong>occasione</strong></span> <span class='ocrx_word' id='word_1_352' title='bbox 2401 2300 2641 2369; x_wconf 90' lang='lat' dir='ltr'><strong>qualibet</strong></span> <span class='ocrx_word' id='word_1_353' title='bbox 2675 2300 2896 2355; x_wconf 67' lang='lat' dir='ltr'><strong>malitias</strong></span> <span class='ocrx_word' id='word_1_354' title='bbox 2929 2301 3131 2355; x_wconf 89' lang='lat' dir='ltr'><strong>nutrivi</strong></span> <span class='ocrx_word' id='word_1_355' title='bbox 3165 2305 3204 2367; x_wconf 69' lang='grc' dir='ltr'><strong>ι,</strong></span> <span class='ocrx_word' id='word_1_356' title='bbox 3233 2318 3329 2372; x_wconf 89' lang='lat' dir='ltr'><strong>per</strong></span> <span class='ocrx_word' id='word_1_357' title='bbox 3353 2305 3498 2373; x_wconf 89' lang='lat' dir='ltr'><strong>quod</strong></span> <span class='ocrx_word' id='word_1_358' title='bbox 3527 2303 3677 2358; x_wconf 81' lang='lat' dir='ltr'><strong>exci-</strong></span> 
     </span>
    </p>
   </div>
   <div class='ocr_carea' id='block_1_53' title="bbox 2088 2389 3679 2462">
    <p class='ocr_par' dir='ltr' id='par_1_53' title="bbox 2088 2389 3679 2462">
     <span class='ocr_line' id='line_1_55' title="bbox 2088 2389 3679 2462; baseline 0.003 -21"><span class='ocrx_word' id='word_1_359' title='bbox 2088 2397 2235 2443; x_wconf 89' lang='lat' dir='ltr'><strong>tatus</strong></span> <span class='ocrx_word' id='word_1_360' title='bbox 2255 2389 2400 2444; x_wconf 83' lang='lat' dir='ltr'><strong>hanc</strong></span> <span class='ocrx_word' id='word_1_361' title='bbox 2435 2390 2774 2459; x_wconf 86' lang='lat' dir='ltr'><strong>tyrannidem</strong></span> <span class='ocrx_word' id='word_1_362' title='bbox 2803 2405 3066 2455; x_wconf 87' lang='lat' dir='ltr'><strong>sumeres,</strong></span> <span class='ocrx_word' id='word_1_363' title='bbox 3095 2391 3179 2446; x_wconf 89' lang='lat' dir='ltr'><strong>vel</strong></span> <span class='ocrx_word' id='word_1_364' title='bbox 3205 2390 3365 2460; x_wconf 84' lang='lat' dir='ltr'><strong>hujus</strong></span> <span class='ocrx_word' id='word_1_365' title='bbox 3388 2393 3539 2461; x_wconf 81' lang='lat' dir='ltr'><strong>regni</strong></span> <span class='ocrx_word' id='word_1_366' title='bbox 3564 2393 3679 2462; x_wconf 86' lang='lat' dir='ltr'><strong>api-</strong></span> 
     </span>
    </p>
   </div>
   <div class='ocr_carea' id='block_1_54' title="bbox 2088 2478 2855 2547">
    <p class='ocr_par' dir='ltr' id='par_1_54' title="bbox 2088 2478 2855 2547">
     <span class='ocr_line' id='line_1_56' title="bbox 2088 2478 2855 2547; baseline 0 -14"><span class='ocrx_word' id='word_1_367' title='bbox 2088 2494 2208 2533; x_wconf 91' lang='lat' dir='ltr'><strong>cem</strong></span> <span class='ocrx_word' id='word_1_368' title='bbox 2237 2478 2511 2547; x_wconf 73' lang='lat' dir='ltr'><strong>suscipere</strong></span> <span class='ocrx_word' id='word_1_369' title='bbox 2535 2486 2855 2533; x_wconf 86' lang='lat' dir='ltr'><strong>attentares.</strong></span> 
     </span>
    </p>
   </div>
   <div class='ocr_carea' id='block_1_55' title="bbox 2163 2567 3680 2625">
    <p class='ocr_par' dir='ltr' id='par_1_55' title="bbox 2163 2567 3680 2625">
     <span class='ocr_line' id='line_1_57' title="bbox 2163 2567 3680 2625; baseline 0 -2"><span class='ocrx_word' id='word_1_370' title='bbox 2163 2567 2217 2623; x_wconf 82' lang='lat'><strong>6.</strong></span> <span class='ocrx_word' id='word_1_371' title='bbox 2246 2569 2367 2622; x_wconf 75' lang='lat' dir='ltr'><strong>Mox</strong></span> <span class='ocrx_word' id='word_1_372' title='bbox 2400 2569 2542 2623; x_wconf 88' lang='lat' dir='ltr'><strong>idem</strong></span> <span class='ocrx_word' id='word_1_373' title='bbox 2579 2568 2998 2624; x_wconf 84' lang='lat' dir='ltr'><strong>nefandissimus</strong></span> <span class='ocrx_word' id='word_1_374' title='bbox 3037 2569 3238 2624; x_wconf 87' lang='lat' dir='ltr'><strong>Paulus</strong></span> <span class='ocrx_word' id='word_1_375' title='bbox 3266 2583 3398 2625; x_wconf 88' lang='lat' dir='ltr'><strong>voce</strong></span> <span class='ocrx_word' id='word_1_376' title='bbox 3422 2570 3570 2624; x_wconf 89' lang='lat' dir='ltr'><strong>clara</strong></span> <span class='ocrx_word' id='word_1_377' title='bbox 3600 2578 3680 2623; x_wconf 90' lang='lat' dir='ltr'><strong>te-</strong></span> 
     </span>
    </p>
   </div>
   <div class='ocr_carea' id='block_1_56' title="bbox 2089 2658 3680 2729">
    <p class='ocr_par' dir='ltr' id='par_1_56' title="bbox 2089 2658 3680 2729">
     <span class='ocr_line' id='line_1_58' title="bbox 2089 2658 3680 2729; baseline 0.001 -17"><span class='ocrx_word' id='word_1_378' title='bbox 2089 2666 2266 2713; x_wconf 86' lang='lat' dir='ltr'><strong>status</strong></span> <span class='ocrx_word' id='word_1_379' title='bbox 2293 2666 2398 2723; x_wconf 91' lang='lat' dir='ltr'><strong>est,</strong></span> <span class='ocrx_word' id='word_1_380' title='bbox 2447 2658 2632 2712; x_wconf 87' lang='lat' dir='ltr'><strong>dicens</strong></span> <span class='ocrx_word' id='word_1_381' title='bbox 2664 2675 2677 2710; x_wconf 91' lang='lat'><strong>:</strong></span> <span class='ocrx_word' id='word_1_382' title='bbox 2710 2658 2815 2713; x_wconf 90' lang='lat' dir='ltr'><strong>Per</strong></span> <span class='ocrx_word' id='word_1_383' title='bbox 2850 2658 3036 2723; x_wconf 88' lang='lat' dir='ltr'><strong>Deum,</strong></span> <span class='ocrx_word' id='word_1_384' title='bbox 3080 2658 3207 2726; x_wconf 86' lang='lat' dir='ltr'><strong>quia</strong></span> <span class='ocrx_word' id='word_1_385' title='bbox 3243 2673 3418 2726; x_wconf 89' lang='lat' dir='ltr'><strong>neque</strong></span> <span class='ocrx_word' id='word_1_386' title='bbox 3449 2674 3481 2712; x_wconf 90' lang='lat' dir='ltr'><strong>a</strong></span> <span class='ocrx_word' id='word_1_387' title='bbox 3506 2659 3680 2729; x_wconf 85' lang='lat' dir='ltr'><strong>gloria</strong></span> 
     </span>
    </p>
   </div>
   <div class='ocr_carea' id='block_1_57' title="bbox 2093 2746 3683 2818">
    <p class='ocr_par' dir='ltr' id='par_1_57' title="bbox 2093 2746 3683 2818">
     <span class='ocr_line' id='line_1_59' title="bbox 2093 2746 3683 2818; baseline 0.001 -15"><span class='ocrx_word' id='word_1_388' title='bbox 2093 2757 2187 2803; x_wconf 90' lang='lat' dir='ltr'><strong>tua</strong></span> <span class='ocrx_word' id='word_1_389' title='bbox 2216 2747 2405 2803; x_wconf 72' lang='lat' dir='ltr'><strong>laesum</strong></span> <span class='ocrx_word' id='word_1_390' title='bbox 2436 2761 2523 2801; x_wconf 92' lang='lat' dir='ltr'><strong>me</strong></span> <span class='ocrx_word' id='word_1_391' title='bbox 2550 2762 2671 2802; x_wconf 89' lang='lat' dir='ltr'><strong>esse</strong></span> <span class='ocrx_word' id='word_1_392' title='bbox 2693 2746 2858 2812; x_wconf 88' lang='lat' dir='ltr'><strong>sensi,</strong></span> <span class='ocrx_word' id='word_1_393' title='bbox 2892 2760 3066 2816; x_wconf 84' lang='lat' dir='ltr'><strong>neque</strong></span> <span class='ocrx_word' id='word_1_394' title='bbox 3096 2762 3126 2800; x_wconf 92' lang='lat' dir='ltr'><strong>a</strong></span> <span class='ocrx_word' id='word_1_395' title='bbox 3149 2748 3301 2802; x_wconf 85' lang='lat' dir='ltr'><strong>vobis</strong></span> <span class='ocrx_word' id='word_1_396' title='bbox 3322 2747 3526 2818; x_wconf 89' lang='lat' dir='ltr'><strong>aliquid</strong></span> <span class='ocrx_word' id='word_1_397' title='bbox 3554 2750 3683 2804; x_wconf 83' lang='lat' dir='ltr'><strong>mali</strong></span> 
     </span>
    </p>
   </div>
   <div class='ocr_carea' id='block_1_58' title="bbox 1690 2857 2376 2913">
    <p class='ocr_par' dir='ltr' id='par_1_58' title="bbox 1690 2857 2376 2913">
     <span class='ocr_line' id='line_1_60' title="bbox 1690 2857 2376 2913; baseline 0 0"><span class='ocrx_word' id='word_1_398' title='bbox 1690 2857 1971 2913; x_wconf 80' lang='lat' dir='ltr'><strong>TEXTUS</strong></span> <span class='ocrx_word' id='word_1_399' title='bbox 2010 2859 2376 2913; x_wconf 84' lang='lat' dir='ltr'><strong>TUDENSIS.</strong></span> 
     </span>
    </p>
   </div>
   <div class='ocr_carea' id='block_1_59' title="bbox 396 2859 3689 3025">
    <p class='ocr_par' dir='ltr' id='par_1_59' title="bbox 396 2859 3689 3025">
     <span class='ocr_line' id='line_1_61' title="bbox 1690 2859 2376 2913; baseline 0 0"><span class='ocrx_word' id='word_1_400' title='bbox 1690 2859 1876 2913; x_wconf 79' lang='lat' dir='ltr'><strong>TEXT</strong></span> <span class='ocrx_word' id='word_1_401' title='bbox 1911 2859 1971 2913; x_wconf 81' lang='lat' dir='ltr'><strong>&#39;S</strong></span> <span class='ocrx_word' id='word_1_402' title='bbox 2202 2860 2245 2913; x_wconf 88' lang='lat' dir='ltr'><strong>N</strong></span> <span class='ocrx_word' id='word_1_403' title='bbox 2361 2899 2376 2913; x_wconf 92' lang='lat'><strong>.</strong></span> 
     </span>
     <span class='ocr_line' id='line_1_62' title="bbox 396 2859 3689 3025; baseline 0.002 -21"><span class='ocrx_word' id='word_1_404' title='bbox 396 2948 599 3025; x_wconf 64' lang='lat' dir='ltr'><strong>civitas</strong></span> <span class='ocrx_word' id='word_1_405' title='bbox 628 2950 742 3025; x_wconf 79' lang='lat' dir='ltr'><strong>ipsa</strong></span> <span class='ocrx_word' id='word_1_406' title='bbox 772 2958 1191 3025; x_wconf 79' lang='lat' dir='ltr'><strong>expugnaretur,</strong></span> <span class='ocrx_word' id='word_1_407' title='bbox 1221 2950 1378 3025; x_wconf 82' lang='lat' dir='ltr'><strong>petiit</strong></span> <span class='ocrx_word' id='word_1_408' title='bbox 1407 2949 1609 3021; x_wconf 83' lang='lat' dir='ltr'><strong>fugam.</strong></span> <span class='ocrx_word' id='word_1_409' title='bbox 1642 2949 1748 3006; x_wconf 89' lang='lat' dir='ltr'><strong>Sed</strong></span> <span class='ocrx_word' id='word_1_410' title='bbox 1775 2859 1989 3025; x_wconf 40' lang='lat' dir='ltr'><strong>moria</strong></span> <span class='ocrx_word' id='word_1_411' title='bbox 2010 2859 2536 3025; x_wconf 57' lang='grc' dir='ltr'><strong>ἓυὲιξρηῗιῗίνίωω</strong></span> <span class='ocrx_word' id='word_1_412' title='bbox 2577 2950 2713 3025; x_wconf 81' lang='lat' dir='ltr'><strong>dure</strong></span> <span class='ocrx_word' id='word_1_413' title='bbox 2748 2951 3090 3025; x_wconf 81' lang='lat' dir='ltr'><strong>pertulimus,</strong></span> <span class='ocrx_word' id='word_1_414' title='bbox 3129 2959 3184 3005; x_wconf 91' lang='lat' dir='ltr'><strong>et</strong></span> <span class='ocrx_word' id='word_1_415' title='bbox 3214 2952 3306 3021; x_wconf 88' lang='lat' dir='ltr'><strong>qui</strong></span> <span class='ocrx_word' id='word_1_416' title='bbox 3344 2953 3533 3009; x_wconf 86' lang='lat' dir='ltr'><strong>tandiu</strong></span> <span class='ocrx_word' id='word_1_417' title='bbox 3563 2955 3689 3025; x_wconf 78' lang='lat' dir='ltr'><strong>ejus</strong></span> 
     </span>
    </p>
   </div>
   <div class='ocr_carea' id='block_1_60' title="bbox 400 3021 1993 3091">
    <p class='ocr_par' dir='ltr' id='par_1_60' title="bbox 400 3021 1993 3091">
     <span class='ocr_line' id='line_1_63' title="bbox 400 3021 1993 3091; baseline 0.002 -18"><span class='ocrx_word' id='word_1_418' title='bbox 400 3021 712 3091; x_wconf 85' lang='lat' dir='ltr'><strong>Beterrensi</strong></span> <span class='ocrx_word' id='word_1_419' title='bbox 741 3021 1014 3077; x_wconf 74' lang='lat' dir='ltr'><strong>territorio</strong></span> <span class='ocrx_word' id='word_1_420' title='bbox 1040 3023 1478 3091; x_wconf 85' lang='lat' dir='ltr'><strong>comprehensus,</strong></span> <span class='ocrx_word' id='word_1_421' title='bbox 1495 3030 1708 3076; x_wconf 89' lang='lat' dir='ltr'><strong>nostras</strong></span> <span class='ocrx_word' id='word_1_422' title='bbox 1733 3036 1840 3075; x_wconf 92' lang='lat' dir='ltr'><strong>non</strong></span> <span class='ocrx_word' id='word_1_423' title='bbox 1866 3022 1993 3076; x_wconf 85' lang='lat' dir='ltr'><strong>eﬂ&#39;u-</strong></span> 
     </span>
    </p>
   </div>
   <div class='ocr_carea' id='block_1_61' title="bbox 409 3090 1998 3161">
    <p class='ocr_par' dir='ltr' id='par_1_61' title="bbox 409 3090 1998 3161">
     <span class='ocr_line' id='line_1_64' title="bbox 409 3090 1998 3161; baseline 0.002 -19"><span class='ocrx_word' id='word_1_424' title='bbox 409 3090 488 3160; x_wconf 76' lang='lat' dir='ltr'><strong>git</strong></span> <span class='ocrx_word' id='word_1_425' title='bbox 523 3105 735 3161; x_wconf 87' lang='lat' dir='ltr'><strong>manus.</strong></span> <span class='ocrx_word' id='word_1_426' title='bbox 770 3091 923 3146; x_wconf 87' lang='lat' dir='ltr'><strong>Unde</strong></span> <span class='ocrx_word' id='word_1_427' title='bbox 951 3108 1073 3147; x_wconf 91' lang='lat' dir='ltr'><strong>cum</strong></span> <span class='ocrx_word' id='word_1_428' title='bbox 1101 3090 1390 3161; x_wconf 58' lang='lat' dir='ltr'><strong>pdcdictos</strong></span> <span class='ocrx_word' id='word_1_429' title='bbox 1414 3090 1754 3146; x_wconf 79' lang='lat' dir='ltr'><strong>Victimirum</strong></span> <span class='ocrx_word' id='word_1_430' title='bbox 1772 3130 1787 3155; x_wconf 94' lang='lat'><strong>,</strong></span> <span class='ocrx_word' id='word_1_431' title='bbox 1813 3100 1869 3145; x_wconf 91' lang='lat' dir='ltr'><strong>et</strong></span> <span class='ocrx_word' id='word_1_432' title='bbox 1893 3092 1998 3145; x_wconf 84' lang='lat' dir='ltr'><strong>Ar-</strong></span> 
     </span>
    </p>
   </div>
   <div class='ocr_carea' id='block_1_62' title="bbox 439 3160 1996 3231">
    <p class='ocr_par' dir='ltr' id='par_1_62' title="bbox 439 3160 1996 3231">
     <span class='ocr_line' id='line_1_65' title="bbox 439 3160 1996 3231; baseline 0.001 -19"><span class='ocrx_word' id='word_1_433' title='bbox 439 3160 733 3231; x_wconf 75' lang='lat' dir='ltr'><strong>emundum</strong></span> <span class='ocrx_word' id='word_1_434' title='bbox 801 3162 985 3227; x_wconf 90' lang='lat' dir='ltr'><strong>Iaicos,</strong></span> <span class='ocrx_word' id='word_1_435' title='bbox 1059 3160 1174 3217; x_wconf 85' lang='lat' dir='ltr'><strong>sive</strong></span> <span class='ocrx_word' id='word_1_436' title='bbox 1229 3160 1594 3216; x_wconf 81' lang='lat' dir='ltr'><strong>Galtritionem</strong></span> <span class='ocrx_word' id='word_1_437' title='bbox 1640 3161 1996 3231; x_wconf 74' lang='lat' dir='ltr'><strong>primicerium</strong></span> 
     </span>
    </p>
   </div>
   <div class='ocr_carea' id='block_1_63' title="bbox 409 3230 1995 3296">
    <p class='ocr_par' dir='ltr' id='par_1_63' title="bbox 409 3230 1995 3296">
     <span class='ocr_line' id='line_1_66' title="bbox 409 3230 1995 3296; baseline 0.001 -13"><span class='ocrx_word' id='word_1_438' title='bbox 409 3230 713 3285; x_wconf 85' lang='lat' dir='ltr'><strong>Narbonam</strong></span> <span class='ocrx_word' id='word_1_439' title='bbox 745 3231 1110 3296; x_wconf 88' lang='lat' dir='ltr'><strong>vindicantes,</strong></span> <span class='ocrx_word' id='word_1_440' title='bbox 1153 3240 1208 3286; x_wconf 92' lang='lat' dir='ltr'><strong>et</strong></span> <span class='ocrx_word' id='word_1_441' title='bbox 1242 3240 1432 3287; x_wconf 89' lang='lat' dir='ltr'><strong>contra</strong></span> <span class='ocrx_word' id='word_1_442' title='bbox 1470 3245 1568 3285; x_wconf 92' lang='lat' dir='ltr'><strong>nos</strong></span> <span class='ocrx_word' id='word_1_443' title='bbox 1607 3230 1807 3285; x_wconf 89' lang='lat' dir='ltr'><strong>acriter</strong></span> <span class='ocrx_word' id='word_1_444' title='bbox 1834 3230 1995 3285; x_wconf 89' lang='lat' dir='ltr'><strong>dimi-</strong></span> 
     </span>
    </p>
   </div>
   <div class='ocr_carea' id='block_1_64' title="bbox 408 3299 1998 3373">
    <p class='ocr_par' dir='ltr' id='par_1_64' title="bbox 408 3299 1998 3373">
     <span class='ocr_line' id='line_1_67' title="bbox 408 3299 1998 3373; baseline -0.001 -19"><span class='ocrx_word' id='word_1_445' title='bbox 408 3301 1014 3373; x_wconf 74' lang='lat' dir='ltr'><strong>cantescepissemus,</strong></span> <span class='ocrx_word' id='word_1_446' title='bbox 1060 3306 1391 3373; x_wconf 9' lang='lat' dir='ltr'><strong>rAgatenscm</strong></span> <span class='ocrx_word' id='word_1_447' title='bbox 1443 3301 1716 3373; x_wconf 85' lang='lat' dir='ltr'><strong>civitatem</strong></span> <span class='ocrx_word' id='word_1_448' title='bbox 1770 3299 1998 3373; x_wconf 80' lang='lat' dir='ltr'><strong>imperio</strong></span> 
     </span>
    </p>
   </div>
   <div class='ocr_carea' id='block_1_65' title="bbox 406 3369 1999 3493">
    <p class='ocr_par' dir='ltr' id='par_1_65' title="bbox 406 3369 1999 3493">
     <span class='ocr_line' id='line_1_68' title="bbox 406 3369 1999 3493; baseline 0.001 -70"><span class='ocrx_word' id='word_1_449' title='bbox 406 3369 626 3493; x_wconf 50' lang='lat' dir='ltr'><strong>gloriosi</strong></span> <span class='ocrx_word' id='word_1_450' title='bbox 662 3369 862 3425; x_wconf 84' lang='lat' dir='ltr'><strong>domini</strong></span> <span class='ocrx_word' id='word_1_451' title='bbox 901 3372 1071 3427; x_wconf 90' lang='lat' dir='ltr'><strong>nostri</strong></span> <span class='ocrx_word' id='word_1_452' title='bbox 1110 3369 1439 3442; x_wconf 76' lang='lat' dir='ltr'><strong>subegimus,</strong></span> <span class='ocrx_word' id='word_1_453' title='bbox 1480 3370 1999 3439; x_wconf 75' lang='lat' dir='ltr'><strong>comprelicndeutes</strong></span> 
     </span>
     <span class='ocr_line' id='line_1_69' title="bbox 504 3439 1999 3493; baseline 0 0"><span class='ocrx_word' id='word_1_454' title='bbox 504 3453 567 3493; x_wconf 84' lang='lat' dir='ltr'><strong>ea</strong></span> <span class='ocrx_word' id='word_1_455' title='bbox 611 3439 1001 3493; x_wconf 81' lang='lat' dir='ltr'><strong>Vilcsmundum</strong></span> <span class='ocrx_word' id='word_1_456' title='bbox 1044 3443 1386 3493; x_wconf 87' lang='lat' dir='ltr'><strong>enisconum.</strong></span> <span class='ocrx_word' id='word_1_457' title='bbox 1428 3449 1482 3493; x_wconf 89' lang='lat' dir='ltr'><strong>et</strong></span> <span class='ocrx_word' id='word_1_458' title='bbox 1511 3439 1906 3493; x_wconf 71' lang='lat' dir='ltr'><strong>Aranaisclum.</strong></span> <span class='ocrx_word' id='word_1_459' title='bbox 1945 3448 1999 3493; x_wconf 90' lang='lat' dir='ltr'><strong>et</strong></span> 
     </span>
    </p>
   </div>
   <div class='ocr_carea' id='block_1_66' title="bbox 504 3439 2001 3512">
    <p class='ocr_par' dir='ltr' id='par_1_66' title="bbox 504 3439 2001 3512">
     <span class='ocr_line' id='line_1_70' title="bbox 504 3439 2001 3512; baseline 0.001 -20"><span class='ocrx_word' id='word_1_460' title='bbox 504 3453 567 3493; x_wconf 86' lang='lat' dir='ltr'><strong>ea</strong></span> <span class='ocrx_word' id='word_1_461' title='bbox 611 3439 1001 3512; x_wconf 80' lang='lat' dir='ltr'><strong>Vilcsmundum</strong></span> <span class='ocrx_word' id='word_1_462' title='bbox 1044 3439 1386 3512; x_wconf 76' lang='lat' dir='ltr'><strong>episcopum,</strong></span> <span class='ocrx_word' id='word_1_463' title='bbox 1428 3449 1482 3512; x_wconf 85' lang='lat' dir='ltr'><strong>et</strong></span> <span class='ocrx_word' id='word_1_464' title='bbox 1511 3439 1906 3512; x_wconf 80' lang='lat' dir='ltr'><strong>Arangisclum,</strong></span> <span class='ocrx_word' id='word_1_465' title='bbox 1945 3448 2001 3494; x_wconf 91' lang='lat' dir='ltr'><strong>et</strong></span> 
     </span>
    </p>
   </div>
   <div class='ocr_carea' id='block_1_67' title="bbox 408 3507 1775 3579">
    <p class='ocr_par' dir='ltr' id='par_1_67' title="bbox 408 3507 1775 3579">
     <span class='ocr_line' id='line_1_71' title="bbox 408 3507 1775 3579; baseline -0.001 -16"><span class='ocrx_word' id='word_1_466' title='bbox 408 3507 781 3579; x_wconf 78' lang='lat' dir='ltr'><strong>Ranosindnm</strong></span> <span class='ocrx_word' id='word_1_467' title='bbox 814 3507 1128 3579; x_wconf 80' lang='lat' dir='ltr'><strong>germanum</strong></span> <span class='ocrx_word' id='word_1_468' title='bbox 1169 3507 1487 3565; x_wconf 73' lang='lat' dir='ltr'><strong>Vilesmundi</strong></span> <span class='ocrx_word' id='word_1_469' title='bbox 1514 3507 1775 3578; x_wconf 80' lang='lat' dir='ltr'><strong>episcopi.</strong></span> 
     </span>
    </p>
   </div>
   <div class='ocr_carea' id='block_1_68' title="bbox 482 3578 2001 3649">
    <p class='ocr_par' dir='ltr' id='par_1_68' title="bbox 482 3578 2001 3649">
     <span class='ocr_line' id='line_1_72' title="bbox 482 3578 2001 3649; baseline -0.001 -18"><span class='ocrx_word' id='word_1_470' title='bbox 482 3578 536 3631; x_wconf 80' lang='grc'><strong>4.</strong></span> <span class='ocrx_word' id='word_1_471' title='bbox 580 3579 709 3634; x_wconf 88' lang='lat' dir='ltr'><strong>Post</strong></span> <span class='ocrx_word' id='word_1_472' title='bbox 735 3578 846 3633; x_wconf 62' lang='lat' dir='ltr'><strong>haec</strong></span> <span class='ocrx_word' id='word_1_473' title='bbox 868 3597 983 3634; x_wconf 79' lang='lat' dir='ltr'><strong>cum</strong></span> <span class='ocrx_word' id='word_1_474' title='bbox 1011 3581 1187 3634; x_wconf 84' lang='lat' dir='ltr'><strong>divino</strong></span> <span class='ocrx_word' id='word_1_475' title='bbox 1201 3580 1409 3649; x_wconf 75' lang='lat' dir='ltr'><strong>judicio</strong></span> <span class='ocrx_word' id='word_1_476' title='bbox 1430 3579 1714 3649; x_wconf 75' lang='lat' dir='ltr'><strong>odjurqnte</strong></span> <span class='ocrx_word' id='word_1_477' title='bbox 1739 3578 1806 3630; x_wconf 89' lang='lat' dir='ltr'><strong>ad</strong></span> <span class='ocrx_word' id='word_1_478' title='bbox 1832 3592 2001 3646; x_wconf 81' lang='lat' dir='ltr'><strong>expu-</strong></span> 
     </span>
    </p>
   </div>
   <div class='ocr_carea' id='block_1_69' title="bbox 416 3648 1999 3730">
    <p class='ocr_par' dir='ltr' id='par_1_69' title="bbox 416 3648 1999 3730">
     <span class='ocr_line' id='line_1_73' title="bbox 416 3648 1999 3730; baseline -0.002 -29"><span class='ocrx_word' id='word_1_479' title='bbox 416 3649 685 3730; x_wconf 61' lang='lat' dir='ltr'><strong>gnandam</strong></span> <span class='ocrx_word' id='word_1_480' title='bbox 708 3649 1139 3730; x_wconf 76' lang='lat' dir='ltr'><strong>Magalonensem</strong></span> <span class='ocrx_word' id='word_1_481' title='bbox 1152 3648 1428 3730; x_wconf 67' lang='lat' dir='ltr'><strong>civitatem</strong></span> <span class='ocrx_word' id='word_1_482' title='bbox 1454 3648 1854 3730; x_wconf 59' lang='lat' dir='ltr'><strong>aecederemus,</strong></span> <span class='ocrx_word' id='word_1_483' title='bbox 1878 3663 1999 3730; x_wconf 61' lang='lat' dir='ltr'><strong>cum</strong></span> 
     </span>
    </p>
   </div>
   <div class='ocr_carea' id='block_1_70' title="bbox 409 3714 2001 3780">
    <p class='ocr_par' dir='ltr' id='par_1_70' title="bbox 409 3714 2001 3780">
     <span class='ocr_line' id='line_1_74' title="bbox 409 3714 2001 3780; baseline -0.002 -10"><span class='ocrx_word' id='word_1_484' title='bbox 409 3714 617 3771; x_wconf 59' lang='lat' dir='ltr'><strong>duobus</strong></span> <span class='ocrx_word' id='word_1_485' title='bbox 642 3714 979 3780; x_wconf 70' lang='lat' dir='ltr'><strong>exercitibus,</strong></span> <span class='ocrx_word' id='word_1_486' title='bbox 1009 3718 1182 3773; x_wconf 77' lang='lat' dir='ltr'><strong>navali</strong></span> <span class='ocrx_word' id='word_1_487' title='bbox 1211 3718 1404 3771; x_wconf 80' lang='lat' dir='ltr'><strong>scilicet</strong></span> <span class='ocrx_word' id='word_1_488' title='bbox 1437 3726 1483 3770; x_wconf 92' lang='lat' dir='ltr'><strong>et</strong></span> <span class='ocrx_word' id='word_1_489' title='bbox 1516 3716 1767 3775; x_wconf 77' lang='lat' dir='ltr'><strong>terrestri.</strong></span> <span class='ocrx_word' id='word_1_490' title='bbox 1793 3714 2001 3769; x_wconf 74' lang='lat' dir='ltr'><strong>Camil-</strong></span> 
     </span>
    </p>
   </div>
   <div class='ocr_carea' id='block_1_71' title="bbox 406 3785 2003 3856">
    <p class='ocr_par' dir='ltr' id='par_1_71' title="bbox 406 3785 2003 3856">
     <span class='ocr_line' id='line_1_75' title="bbox 406 3785 2003 3856; baseline -0.001 -17"><span class='ocrx_word' id='word_1_491' title='bbox 406 3786 512 3839; x_wconf 78' lang='lat' dir='ltr'><strong>dus</strong></span> <span class='ocrx_word' id='word_1_492' title='bbox 547 3788 816 3856; x_wconf 77' lang='lat' dir='ltr'><strong>episcopus</strong></span> <span class='ocrx_word' id='word_1_493' title='bbox 848 3790 1024 3841; x_wconf 77' lang='lat' dir='ltr'><strong>statim</strong></span> <span class='ocrx_word' id='word_1_494' title='bbox 1067 3788 1311 3841; x_wconf 86' lang='lat' dir='ltr'><strong>eamdem</strong></span> <span class='ocrx_word' id='word_1_495' title='bbox 1355 3786 1630 3856; x_wconf 76' lang='lat' dir='ltr'><strong>civitatem</strong></span> <span class='ocrx_word' id='word_1_496' title='bbox 1677 3785 1910 3856; x_wconf 78' lang='lat' dir='ltr'><strong>reliquit,</strong></span> <span class='ocrx_word' id='word_1_497' title='bbox 1946 3792 2003 3838; x_wconf 90' lang='lat' dir='ltr'><strong>et</strong></span> 
     </span>
    </p>
   </div>
   <div class='ocr_carea' id='block_1_72' title="bbox 408 3854 2003 3923">
    <p class='ocr_par' dir='ltr' id='par_1_72' title="bbox 408 3854 2003 3923">
     <span class='ocr_line' id='line_1_76' title="bbox 408 3854 2003 3923; baseline -0.001 -14"><span class='ocrx_word' id='word_1_498' title='bbox 408 3854 596 3923; x_wconf 73' lang='lat' dir='ltr'><strong>fugam</strong></span> <span class='ocrx_word' id='word_1_499' title='bbox 625 3854 831 3923; x_wconf 83' lang='lat' dir='ltr'><strong>petens,</strong></span> <span class='ocrx_word' id='word_1_500' title='bbox 855 3855 1183 3912; x_wconf 82' lang='lat' dir='ltr'><strong>Nemausum</strong></span> <span class='ocrx_word' id='word_1_501' title='bbox 1212 3871 1270 3911; x_wconf 91' lang='lat' dir='ltr'><strong>se</strong></span> <span class='ocrx_word' id='word_1_502' title='bbox 1300 3871 1423 3911; x_wconf 93' lang='lat' dir='ltr'><strong>cum</strong></span> <span class='ocrx_word' id='word_1_503' title='bbox 1447 3855 1613 3909; x_wconf 90' lang='lat' dir='ltr'><strong>Paulo</strong></span> <span class='ocrx_word' id='word_1_504' title='bbox 1638 3854 1845 3923; x_wconf 77' lang='lat' dir='ltr'><strong>perﬁdo</strong></span> <span class='ocrx_word' id='word_1_505' title='bbox 1871 3870 2003 3909; x_wconf 81' lang='lat' dir='ltr'><strong>con-</strong></span> 
     </span>
    </p>
   </div>
   <div class='ocr_carea' id='block_1_73' title="bbox 413 3925 1999 3996">
    <p class='ocr_par' dir='ltr' id='par_1_73' title="bbox 413 3925 1999 3996">
     <span class='ocr_line' id='line_1_77' title="bbox 413 3925 1999 3996; baseline -0.001 -18"><span class='ocrx_word' id='word_1_506' title='bbox 413 3925 559 3996; x_wconf 78' lang='lat' dir='ltr'><strong>tulit.</strong></span> <span class='ocrx_word' id='word_1_507' title='bbox 597 3925 839 3994; x_wconf 88' lang='lat' dir='ltr'><strong>Cumque</strong></span> <span class='ocrx_word' id='word_1_508' title='bbox 874 3926 1014 3996; x_wconf 75' lang='lat' dir='ltr'><strong>hanc</strong></span> <span class='ocrx_word' id='word_1_509' title='bbox 1052 3928 1222 3996; x_wconf 89' lang='lat' dir='ltr'><strong>ipsam</strong></span> <span class='ocrx_word' id='word_1_510' title='bbox 1259 3925 1687 3995; x_wconf 84' lang='lat' dir='ltr'><strong>Magalonensem</strong></span> <span class='ocrx_word' id='word_1_511' title='bbox 1724 3939 1754 3978; x_wconf 93' lang='lat' dir='ltr'><strong>c</strong></span> <span class='ocrx_word' id='word_1_512' title='bbox 1780 3926 1999 3996; x_wconf 63' lang='lat' dir='ltr'><strong>vitatum</strong></span> 
     </span>
    </p>
   </div>
   <div class='ocr_carea' id='block_1_74' title="bbox 418 3993 2002 4066">
    <p class='ocr_par' dir='ltr' id='par_1_74' title="bbox 418 3993 2002 4066">
     <span class='ocr_line' id='line_1_78' title="bbox 418 3993 2002 4066; baseline -0.002 -17"><span class='ocrx_word' id='word_1_513' title='bbox 418 3993 839 4066; x_wconf 59' lang='lat' dir='ltr'><strong>defensoresque</strong></span> <span class='ocrx_word' id='word_1_514' title='bbox 865 3994 981 4063; x_wconf 90' lang='lat' dir='ltr'><strong>ejus</strong></span> <span class='ocrx_word' id='word_1_515' title='bbox 1014 3993 1300 4066; x_wconf 9' lang='lat' dir='ltr'><strong>gleriosiurs</strong></span> <span class='ocrx_word' id='word_1_516' title='bbox 1324 3993 1672 4066; x_wconf 73' lang='lat' dir='ltr'><strong>cepissemus,</strong></span> <span class='ocrx_word' id='word_1_517' title='bbox 1705 3995 1884 4066; x_wconf 83' lang='lat' dir='ltr'><strong>statim</strong></span> <span class='ocrx_word' id='word_1_518' title='bbox 1911 4009 2002 4047; x_wconf 87' lang='lat' dir='ltr'><strong>us-</strong></span> 
     </span>
    </p>
   </div>
   <div class='ocr_carea' id='block_1_75' title="bbox 417 4063 2001 4136">
    <p class='ocr_par' dir='ltr' id='par_1_75' title="bbox 417 4063 2001 4136">
     <span class='ocr_line' id='line_1_79' title="bbox 417 4063 2001 4136; baseline 0.001 -19"><span class='ocrx_word' id='word_1_519' title='bbox 417 4080 523 4134; x_wconf 86' lang='lat' dir='ltr'><strong>que</strong></span> <span class='ocrx_word' id='word_1_520' title='bbox 556 4066 610 4118; x_wconf 90' lang='lat' dir='ltr'><strong>in</strong></span> <span class='ocrx_word' id='word_1_521' title='bbox 634 4063 959 4119; x_wconf 85' lang='lat' dir='ltr'><strong>Nemausum</strong></span> <span class='ocrx_word' id='word_1_522' title='bbox 987 4063 1109 4136; x_wconf 77' lang='lat' dir='ltr'><strong>post</strong></span> <span class='ocrx_word' id='word_1_523' title='bbox 1130 4063 1439 4136; x_wconf 69' lang='lat' dir='ltr'><strong>prmdictnm</strong></span> <span class='ocrx_word' id='word_1_524' title='bbox 1467 4064 1690 4136; x_wconf 74' lang='lat' dir='ltr'><strong>Paulum</strong></span> <span class='ocrx_word' id='word_1_525' title='bbox 1719 4064 2001 4136; x_wconf 78' lang='lat' dir='ltr'><strong>sociosque</strong></span> 
     </span>
    </p>
   </div>
   <div class='ocr_carea' id='block_1_76' title="bbox 418 4134 1999 4205">
    <p class='ocr_par' dir='ltr' id='par_1_76' title="bbox 418 4134 1999 4205">
     <span class='ocr_line' id='line_1_80' title="bbox 418 4134 1999 4205; baseline 0.001 -18"><span class='ocrx_word' id='word_1_526' title='bbox 418 4148 546 4205; x_wconf 84' lang='lat' dir='ltr'><strong>suos</strong></span> <span class='ocrx_word' id='word_1_527' title='bbox 566 4136 857 4204; x_wconf 78' lang='lat' dir='ltr'><strong>pugnaturi</strong></span> <span class='ocrx_word' id='word_1_528' title='bbox 894 4134 1258 4205; x_wconf 43' lang='lat' dir='ltr'><strong>per—venimus.</strong></span> <span class='ocrx_word' id='word_1_529' title='bbox 1288 4134 1364 4189; x_wconf 89' lang='lat' dir='ltr'><strong>lbi</strong></span> <span class='ocrx_word' id='word_1_530' title='bbox 1398 4149 1457 4190; x_wconf 86' lang='lat' dir='ltr'><strong>se</strong></span> <span class='ocrx_word' id='word_1_531' title='bbox 1482 4135 1622 4189; x_wconf 86' lang='lat' dir='ltr'><strong>idem</strong></span> <span class='ocrx_word' id='word_1_532' title='bbox 1649 4134 1866 4195; x_wconf 88' lang='lat' dir='ltr'><strong>Paulus,</strong></span> <span class='ocrx_word' id='word_1_533' title='bbox 1892 4150 1999 4205; x_wconf 88' lang='lat' dir='ltr'><strong>non</strong></span> 
     </span>
    </p>
   </div>
   <div class='ocr_carea' id='block_1_77' title="bbox 417 4204 1999 4274">
    <p class='ocr_par' dir='ltr' id='par_1_77' title="bbox 417 4204 1999 4274">
     <span class='ocr_line' id='line_1_81' title="bbox 417 4204 1999 4274; baseline 0.001 -19"><span class='ocrx_word' id='word_1_534' title='bbox 417 4204 591 4274; x_wconf 86' lang='lat' dir='ltr'><strong>solum</strong></span> <span class='ocrx_word' id='word_1_535' title='bbox 622 4220 843 4259; x_wconf 86' lang='lat' dir='ltr'><strong>suorum</strong></span> <span class='ocrx_word' id='word_1_536' title='bbox 879 4204 1204 4274; x_wconf 85' lang='lat' dir='ltr'><strong>perﬁdorum</strong></span> <span class='ocrx_word' id='word_1_537' title='bbox 1237 4204 1422 4274; x_wconf 10' lang='lat' dir='ltr'><strong>fretus,</strong></span> <span class='ocrx_word' id='word_1_538' title='bbox 1443 4205 1686 4266; x_wconf 86' lang='lat' dir='ltr'><strong>audacia,</strong></span> <span class='ocrx_word' id='word_1_539' title='bbox 1712 4205 1804 4258; x_wconf 84' lang='lat' dir='ltr'><strong>sed</strong></span> <span class='ocrx_word' id='word_1_540' title='bbox 1835 4204 1999 4258; x_wconf 89' lang='lat' dir='ltr'><strong>etiam</strong></span> 
     </span>
    </p>
   </div>
   <div class='ocr_carea' id='block_1_78' title="bbox 2101 3022 3686 3103">
    <p class='ocr_par' dir='ltr' id='par_1_78' title="bbox 2101 3022 3686 3103">
     <span class='ocr_line' id='line_1_82' title="bbox 2101 3022 3686 3103; baseline 0.002 -26"><span class='ocrx_word' id='word_1_541' title='bbox 2101 3022 2342 3103; x_wconf 53' lang='lat' dir='ltr'><strong>perﬁdia:</strong></span> <span class='ocrx_word' id='word_1_542' title='bbox 2390 3022 2783 3103; x_wconf 72' lang='lat' dir='ltr'><strong>instantissime</strong></span> <span class='ocrx_word' id='word_1_543' title='bbox 2838 3022 3218 3103; x_wconf 68' lang='lat' dir='ltr'><strong>adhmserunt,</strong></span> <span class='ocrx_word' id='word_1_544' title='bbox 3268 3025 3508 3103; x_wconf 73' lang='lat' dir='ltr'><strong>quandiu</strong></span> <span class='ocrx_word' id='word_1_545' title='bbox 3560 3022 3686 3103; x_wconf 78' lang='lat' dir='ltr'><strong>cum</strong></span> 
     </span>
    </p>
   </div>
   <div class='ocr_carea' id='block_1_79' title="bbox 2100 3092 3690 3164">
    <p class='ocr_par' dir='ltr' id='par_1_79' title="bbox 2100 3092 3690 3164">
     <span class='ocr_line' id='line_1_83' title="bbox 2100 3092 3690 3164; baseline 0.004 -20"><span class='ocrx_word' id='word_1_546' title='bbox 2100 3092 2218 3160; x_wconf 88' lang='lat' dir='ltr'><strong>ipso</strong></span> <span class='ocrx_word' id='word_1_547' title='bbox 2245 3092 2630 3164; x_wconf 65' lang='lat' dir='ltr'><strong>nefandissimo</strong></span> <span class='ocrx_word' id='word_1_548' title='bbox 2657 3100 2982 3164; x_wconf 66' lang='lat' dir='ltr'><strong>caperentur</strong></span> <span class='ocrx_word' id='word_1_549' title='bbox 3008 3092 3108 3164; x_wconf 70' lang='lat' dir='ltr'><strong>:_&#39;n_l</strong></span> <span class='ocrx_word' id='word_1_550' title='bbox 3131 3100 3234 3164; x_wconf 85' lang='lat' dir='ltr'><strong>est,</strong></span> <span class='ocrx_word' id='word_1_551' title='bbox 3264 3092 3550 3164; x_wconf 75' lang='lat' dir='ltr'><strong>Cumildus</strong></span> <span class='ocrx_word' id='word_1_552' title='bbox 3578 3096 3690 3164; x_wconf 81' lang='lat' dir='ltr'><strong>epi-</strong></span> 
     </span>
    </p>
   </div>
   <div class='ocr_carea' id='block_1_80' title="bbox 2100 3159 3691 3230">
    <p class='ocr_par' dir='ltr' id='par_1_80' title="bbox 2100 3159 3691 3230">
     <span class='ocr_line' id='line_1_84' title="bbox 2100 3159 3691 3230; baseline 0.001 -15"><span class='ocrx_word' id='word_1_553' title='bbox 2100 3159 2312 3230; x_wconf 83' lang='lat' dir='ltr'><strong>scopus,</strong></span> <span class='ocrx_word' id='word_1_554' title='bbox 2352 3159 2630 3227; x_wconf 72' lang='lat' dir='ltr'><strong>Friustus,</strong></span> <span class='ocrx_word' id='word_1_555' title='bbox 2680 3160 3350 3230; x_wconf 38' lang='lat' dir='ltr'><strong>Frodariusrwnimirus,</strong></span> <span class='ocrx_word' id='word_1_556' title='bbox 3378 3159 3691 3217; x_wconf 77' lang='lat' dir='ltr'><strong>Ranemtin-</strong></span> 
     </span>
    </p>
   </div>
   <div class='ocr_carea' id='block_1_81' title="bbox 2100 3229 3693 3296">
    <p class='ocr_par' dir='ltr' id='par_1_81' title="bbox 2100 3229 3693 3296">
     <span class='ocr_line' id='line_1_85' title="bbox 2100 3229 3693 3296; baseline 0.001 -11"><span class='ocrx_word' id='word_1_557' title='bbox 2100 3229 2235 3294; x_wconf 85' lang='lat' dir='ltr'><strong>dus,</strong></span> <span class='ocrx_word' id='word_1_558' title='bbox 2278 3231 2617 3296; x_wconf 86' lang='lat' dir='ltr'><strong>Adosindus,</strong></span> <span class='ocrx_word' id='word_1_559' title='bbox 2669 3229 2916 3293; x_wconf 82' lang='lat' dir='ltr'><strong>Adulfus,</strong></span> <span class='ocrx_word' id='word_1_560' title='bbox 2972 3229 3235 3284; x_wconf 78' lang='lat' dir='ltr'><strong>Maximus</strong></span> <span class='ocrx_word' id='word_1_561' title='bbox 3269 3240 3323 3285; x_wconf 87' lang='lat' dir='ltr'><strong>et</strong></span> <span class='ocrx_word' id='word_1_562' title='bbox 3357 3230 3565 3296; x_wconf 79' lang='lat' dir='ltr'><strong>Cotila;</strong></span> <span class='ocrx_word' id='word_1_563' title='bbox 3599 3248 3693 3286; x_wconf 77' lang='lat' dir='ltr'><strong>ex-</strong></span> 
     </span>
    </p>
   </div>
   <div class='ocr_carea' id='block_1_82' title="bbox 2099 3299 3686 3371">
    <p class='ocr_par' dir='ltr' id='par_1_82' title="bbox 2099 3299 3686 3371">
     <span class='ocr_line' id='line_1_86' title="bbox 2099 3299 3686 3371; baseline 0 -16"><span class='ocrx_word' id='word_1_564' title='bbox 2099 3310 2254 3370; x_wconf 85' lang='lat' dir='ltr'><strong>cepta</strong></span> <span class='ocrx_word' id='word_1_565' title='bbox 2302 3301 2446 3371; x_wconf 90' lang='lat' dir='ltr'><strong>vulgi</strong></span> <span class='ocrx_word' id='word_1_566' title='bbox 2500 3300 2846 3371; x_wconf 89' lang='lat' dir='ltr'><strong>multitudine</strong></span> <span class='ocrx_word' id='word_1_567' title='bbox 2890 3300 3222 3371; x_wconf 79' lang='lat' dir='ltr'><strong>Francorum</strong></span> <span class='ocrx_word' id='word_1_568' title='bbox 3278 3299 3354 3354; x_wconf 78' lang='lat' dir='ltr'><strong>rel</strong></span> <span class='ocrx_word' id='word_1_569' title='bbox 3392 3300 3686 3365; x_wconf 72' lang='lat' dir='ltr'><strong>Saxonum,</strong></span> 
     </span>
    </p>
   </div>
   <div class='ocr_carea' id='block_1_83' title="bbox 2100 3369 3328 3441">
    <p class='ocr_par' dir='ltr' id='par_1_83' title="bbox 2100 3369 3328 3441">
     <span class='ocr_line' id='line_1_87' title="bbox 2100 3369 3328 3441; baseline -0.002 -17"><span class='ocrx_word' id='word_1_570' title='bbox 2100 3369 2221 3441; x_wconf 72' lang='lat' dir='ltr'><strong>qua:</strong></span> <span class='ocrx_word' id='word_1_571' title='bbox 2247 3371 2305 3441; x_wconf 76' lang='lat' dir='ltr'><strong>in</strong></span> <span class='ocrx_word' id='word_1_572' title='bbox 2318 3369 2523 3441; x_wconf 67' lang='lat' dir='ltr'><strong>eadem</strong></span> <span class='ocrx_word' id='word_1_573' title='bbox 2551 3370 2769 3441; x_wconf 82' lang='lat' dir='ltr'><strong>civitate</strong></span> <span class='ocrx_word' id='word_1_574' title='bbox 2805 3369 3328 3441; x_wconf 60' lang='lat' dir='ltr'><strong>comprehcpsacst.</strong></span> 
     </span>
    </p>
   </div>
   <div class='ocr_carea' id='block_1_84' title="bbox 2171 3435 3692 3507">
    <p class='ocr_par' dir='ltr' id='par_1_84' title="bbox 2171 3435 3692 3507">
     <span class='ocr_line' id='line_1_88' title="bbox 2171 3435 3692 3507; baseline 0.001 -15"><span class='ocrx_word' id='word_1_575' title='bbox 2171 3438 2225 3492; x_wconf 81' lang='grc'><strong>5.</strong></span> <span class='ocrx_word' id='word_1_576' title='bbox 2263 3439 2363 3492; x_wconf 87' lang='lat' dir='ltr'><strong>Hic</strong></span> <span class='ocrx_word' id='word_1_577' title='bbox 2399 3439 2564 3507; x_wconf 84' lang='lat' dir='ltr'><strong>igitur</strong></span> <span class='ocrx_word' id='word_1_578' title='bbox 2603 3435 3053 3491; x_wconf 76' lang='lat' dir='ltr'><strong>sceleratissimus</strong></span> <span class='ocrx_word' id='word_1_579' title='bbox 3082 3435 3297 3507; x_wconf 85' lang='lat' dir='ltr'><strong>Paulus,</strong></span> <span class='ocrx_word' id='word_1_580' title='bbox 3338 3438 3465 3491; x_wconf 90' lang='lat' dir='ltr'><strong>dum</strong></span> <span class='ocrx_word' id='word_1_581' title='bbox 3492 3453 3692 3495; x_wconf 88' lang='lat' dir='ltr'><strong>convo-</strong></span> 
     </span>
    </p>
   </div>
   <div class='ocr_carea' id='block_1_85' title="bbox 2101 3506 3693 3575">
    <p class='ocr_par' dir='ltr' id='par_1_85' title="bbox 2101 3506 3693 3575">
     <span class='ocr_line' id='line_1_89' title="bbox 2101 3506 3693 3575; baseline 0.001 -12"><span class='ocrx_word' id='word_1_582' title='bbox 2101 3511 2243 3564; x_wconf 82' lang='lat' dir='ltr'><strong>catis</strong></span> <span class='ocrx_word' id='word_1_583' title='bbox 2268 3506 2624 3575; x_wconf 83' lang='lat' dir='ltr'><strong>adunatisque</strong></span> <span class='ocrx_word' id='word_1_584' title='bbox 2662 3508 2911 3561; x_wconf 69' lang='lat' dir='ltr'><strong>omnibus</strong></span> <span class='ocrx_word' id='word_1_585' title='bbox 2951 3506 3136 3572; x_wconf 82' lang='lat' dir='ltr'><strong>nobis,</strong></span> <span class='ocrx_word' id='word_1_586' title='bbox 3174 3506 3226 3560; x_wconf 90' lang='lat' dir='ltr'><strong>id</strong></span> <span class='ocrx_word' id='word_1_587' title='bbox 3279 3516 3362 3562; x_wconf 84' lang='lat' dir='ltr'><strong>est</strong></span> <span class='ocrx_word' id='word_1_588' title='bbox 3399 3517 3423 3544; x_wconf 75' lang='grc' dir='ltr'><strong>ν</strong></span> <span class='ocrx_word' id='word_1_589' title='bbox 3460 3509 3693 3564; x_wconf 85' lang='lat' dir='ltr'><strong>seniori-</strong></span> 
     </span>
    </p>
   </div>
   <div class='ocr_carea' id='block_1_86' title="bbox 2101 3576 3695 3649">
    <p class='ocr_par' dir='ltr' id='par_1_86' title="bbox 2101 3576 3695 3649">
     <span class='ocr_line' id='line_1_90' title="bbox 2101 3576 3695 3649; baseline 0.001 -18"><span class='ocrx_word' id='word_1_590' title='bbox 2101 3578 2203 3649; x_wconf 81' lang='lat' dir='ltr'><strong>bus</strong></span> <span class='ocrx_word' id='word_1_591' title='bbox 2239 3576 2448 3649; x_wconf 78' lang='lat' dir='ltr'><strong>cuncth</strong></span> <span class='ocrx_word' id='word_1_592' title='bbox 2463 3616 2493 3649; x_wconf 88' lang='lat'><strong>,_</strong></span> <span class='ocrx_word' id='word_1_593' title='bbox 2511 3586 2566 3630; x_wconf 90' lang='lat' dir='ltr'><strong>et</strong></span> <span class='ocrx_word' id='word_1_594' title='bbox 2603 3576 2788 3649; x_wconf 79' lang='lat' dir='ltr'><strong>palatii</strong></span> <span class='ocrx_word' id='word_1_595' title='bbox 2833 3576 3108 3645; x_wconf 79' lang='lat' dir='ltr'><strong>gardingis</strong></span> <span class='ocrx_word' id='word_1_596' title='bbox 3152 3577 3403 3649; x_wconf 81' lang='lat' dir='ltr'><strong>omnibus</strong></span> <span class='ocrx_word' id='word_1_597' title='bbox 3438 3578 3695 3649; x_wconf 86' lang='lat' dir='ltr'><strong>omnique</strong></span> 
     </span>
    </p>
   </div>
   <div class='ocr_carea' id='block_1_87' title="bbox 2102 3644 3695 3728">
    <p class='ocr_par' dir='ltr' id='par_1_87' title="bbox 2102 3644 3695 3728">
     <span class='ocr_line' id='line_1_91' title="bbox 2102 3644 3695 3728; baseline 0.003 -29"><span class='ocrx_word' id='word_1_598' title='bbox 2102 3646 2339 3728; x_wconf 83' lang='lat' dir='ltr'><strong>palatino</strong></span> <span class='ocrx_word' id='word_1_599' title='bbox 2358 3644 2553 3728; x_wconf 67' lang='lat' dir='ltr'><strong>otiicio,</strong></span> <span class='ocrx_word' id='word_1_600' title='bbox 2588 3644 2681 3728; x_wconf 68' lang='lat' dir='ltr'><strong>seu</strong></span> <span class='ocrx_word' id='word_1_601' title='bbox 2718 3644 3138 3728; x_wconf 51' lang='lat' dir='ltr'><strong>etiannastante</strong></span> <span class='ocrx_word' id='word_1_602' title='bbox 3171 3647 3411 3728; x_wconf 72' lang='lat' dir='ltr'><strong>exercitu</strong></span> <span class='ocrx_word' id='word_1_603' title='bbox 3438 3644 3695 3704; x_wconf 71' lang='lat' dir='ltr'><strong>universo</strong></span> 
     </span>
    </p>
   </div>
   <div class='ocr_carea' id='block_1_88' title="bbox 2104 3715 3696 3786">
    <p class='ocr_par' dir='ltr' id='par_1_88' title="bbox 2104 3715 3696 3786">
     <span class='ocr_line' id='line_1_92' title="bbox 2104 3715 3696 3786; baseline 0.001 -15"><span class='ocrx_word' id='word_1_604' title='bbox 2104 3715 2157 3786; x_wconf 81' lang='lat' dir='ltr'><strong>in</strong></span> <span class='ocrx_word' id='word_1_605' title='bbox 2183 3723 2472 3785; x_wconf 86' lang='lat' dir='ltr'><strong>conspectu</strong></span> <span class='ocrx_word' id='word_1_606' title='bbox 2522 3716 2657 3786; x_wconf 84' lang='lat' dir='ltr'><strong>regis</strong></span> <span class='ocrx_word' id='word_1_607' title='bbox 2687 3715 2910 3786; x_wconf 79' lang='lat' dir='ltr'><strong>gloriosi</strong></span> <span class='ocrx_word' id='word_1_608' title='bbox 2957 3718 3126 3770; x_wconf 87' lang='lat' dir='ltr'><strong>nostri</strong></span> <span class='ocrx_word' id='word_1_609' title='bbox 3166 3716 3367 3770; x_wconf 88' lang='lat' dir='ltr'><strong>domini</strong></span> <span class='ocrx_word' id='word_1_610' title='bbox 3403 3731 3526 3772; x_wconf 89' lang='lat' dir='ltr'><strong>cum</strong></span> <span class='ocrx_word' id='word_1_611' title='bbox 3555 3733 3696 3786; x_wconf 72' lang='lat' dir='ltr'><strong>prae-</strong></span> 
     </span>
    </p>
   </div>
   <div class='ocr_carea' id='block_1_89' title="bbox 2104 3783 3697 3856">
    <p class='ocr_par' dir='ltr' id='par_1_89' title="bbox 2104 3783 3697 3856">
     <span class='ocr_line' id='line_1_93' title="bbox 2104 3783 3697 3856; baseline 0.002 -16"><span class='ocrx_word' id='word_1_612' title='bbox 2104 3785 2266 3841; x_wconf 91' lang='lat' dir='ltr'><strong>dictis</strong></span> <span class='ocrx_word' id='word_1_613' title='bbox 2300 3783 2331 3826; x_wconf 72' lang='grc' dir='ltr'><em>ί</em></span> <span class='ocrx_word' id='word_1_614' title='bbox 2354 3786 2517 3840; x_wconf 84' lang='lat' dir='ltr'><strong>sociis</strong></span> <span class='ocrx_word' id='word_1_615' title='bbox 2549 3783 2661 3840; x_wconf 83' lang='lat' dir='ltr'><strong>suis</strong></span> <span class='ocrx_word' id='word_1_616' title='bbox 2678 3783 3003 3856; x_wconf 85' lang='lat' dir='ltr'><strong>judicandus</strong></span> <span class='ocrx_word' id='word_1_617' title='bbox 3031 3787 3327 3846; x_wconf 84' lang='lat' dir='ltr'><strong>assisteret.</strong></span> <span class='ocrx_word' id='word_1_618' title='bbox 3377 3788 3455 3842; x_wconf 92' lang='lat' dir='ltr'><strong>sic</strong></span> <span class='ocrx_word' id='word_1_619' title='bbox 3500 3783 3697 3856; x_wconf 53' lang='lat' dir='ltr'><strong>priedi-</strong></span> 
     </span>
    </p>
   </div>
   <div class='ocr_carea' id='block_1_90' title="bbox 2103 3855 3698 3927">
    <p class='ocr_par' dir='ltr' id='par_1_90' title="bbox 2103 3855 3698 3927">
     <span class='ocr_line' id='line_1_94' title="bbox 2103 3855 3698 3927; baseline 0.001 -17"><span class='ocrx_word' id='word_1_620' title='bbox 2103 3862 2221 3927; x_wconf 91' lang='lat' dir='ltr'><strong>ctus</strong></span> <span class='ocrx_word' id='word_1_621' title='bbox 2243 3856 2490 3926; x_wconf 85' lang='lat' dir='ltr'><strong>princeps</strong></span> <span class='ocrx_word' id='word_1_622' title='bbox 2538 3871 2694 3927; x_wconf 67' lang='lat' dir='ltr'><strong>super</strong></span> <span class='ocrx_word' id='word_1_623' title='bbox 2722 3855 3003 3927; x_wconf 75' lang='lat' dir='ltr'><strong>prmmissa</strong></span> <span class='ocrx_word' id='word_1_624' title='bbox 3041 3857 3428 3927; x_wconf 84' lang='lat' dir='ltr'><strong>conjurationis</strong></span> <span class='ocrx_word' id='word_1_625' title='bbox 3458 3855 3698 3927; x_wconf 80' lang='lat' dir='ltr'><strong>interpo-</strong></span> 
     </span>
    </p>
   </div>
   <div class='ocr_carea' id='block_1_91' title="bbox 2102 3925 3696 3997">
    <p class='ocr_par' dir='ltr' id='par_1_91' title="bbox 2102 3925 3696 3997">
     <span class='ocr_line' id='line_1_95' title="bbox 2102 3925 3696 3997; baseline 0.003 -19"><span class='ocrx_word' id='word_1_626' title='bbox 2102 3926 2295 3980; x_wconf 90' lang='lat' dir='ltr'><strong>sitione</strong></span> <span class='ocrx_word' id='word_1_627' title='bbox 2336 3941 2467 3997; x_wconf 87' lang='lat' dir='ltr'><strong>eum</strong></span> <span class='ocrx_word' id='word_1_628' title='bbox 2515 3925 2777 3997; x_wconf 73' lang='lat' dir='ltr'><strong>allocutus</strong></span> <span class='ocrx_word' id='word_1_629' title='bbox 2821 3934 2904 3997; x_wconf 76' lang='lat' dir='ltr'><strong>est</strong></span> <span class='ocrx_word' id='word_1_630' title='bbox 2954 3925 3141 3997; x_wconf 82' lang='lat' dir='ltr'><strong>dicens</strong></span> <span class='ocrx_word' id='word_1_631' title='bbox 3183 3939 3199 3979; x_wconf 91' lang='lat'><strong>:</strong></span> <span class='ocrx_word' id='word_1_632' title='bbox 3239 3926 3443 3996; x_wconf 81' lang='lat' dir='ltr'><strong>Adjuro</strong></span> <span class='ocrx_word' id='word_1_633' title='bbox 3476 3936 3546 3997; x_wconf 15' lang='lat' dir='ltr'><strong>ite</strong></span> <span class='ocrx_word' id='word_1_634' title='bbox 3595 3925 3696 3997; x_wconf 79' lang='lat' dir='ltr'><strong>per</strong></span> 
     </span>
    </p>
   </div>
   <div class='ocr_carea' id='block_1_92' title="bbox 2102 3994 3696 4065">
    <p class='ocr_par' dir='ltr' id='par_1_92' title="bbox 2102 3994 3696 4065">
     <span class='ocr_line' id='line_1_96' title="bbox 2102 3994 3696 4065; baseline 0.001 -16"><span class='ocrx_word' id='word_1_635' title='bbox 2102 4011 2297 4050; x_wconf 91' lang='lat' dir='ltr'><strong>nomen</strong></span> <span class='ocrx_word' id='word_1_636' title='bbox 2324 3995 2708 4065; x_wconf 85' lang='lat' dir='ltr'><strong>omnipotentis</strong></span> <span class='ocrx_word' id='word_1_637' title='bbox 2740 3994 2855 4059; x_wconf 89' lang='lat' dir='ltr'><strong>Dei,</strong></span> <span class='ocrx_word' id='word_1_638' title='bbox 2889 4002 2948 4048; x_wconf 92' lang='lat' dir='ltr'><strong>ut</strong></span> <span class='ocrx_word' id='word_1_639' title='bbox 2971 3997 3021 4048; x_wconf 90' lang='lat' dir='ltr'><strong>in</strong></span> <span class='ocrx_word' id='word_1_640' title='bbox 3048 3995 3149 4065; x_wconf 77' lang='lat' dir='ltr'><strong>hoc</strong></span> <span class='ocrx_word' id='word_1_641' title='bbox 3170 3994 3436 4050; x_wconf 84' lang='lat' dir='ltr'><strong>conventu</strong></span> <span class='ocrx_word' id='word_1_642' title='bbox 3464 3994 3696 4051; x_wconf 71' lang='lat' dir='ltr'><strong>fratrum</strong></span> 
     </span>
    </p>
   </div>
   <div class='ocr_carea' id='block_1_93' title="bbox 2104 4064 3696 4132">
    <p class='ocr_par' dir='ltr' id='par_1_93' title="bbox 2104 4064 3696 4132">
     <span class='ocr_line' id='line_1_97' title="bbox 2104 4064 3696 4132; baseline 0.001 -13"><span class='ocrx_word' id='word_1_643' title='bbox 2104 4074 2398 4119; x_wconf 81' lang='lat' dir='ltr'><strong>nostrorum</strong></span> <span class='ocrx_word' id='word_1_644' title='bbox 2456 4064 2750 4120; x_wconf 78' lang='lat' dir='ltr'><strong>contendas</strong></span> <span class='ocrx_word' id='word_1_645' title='bbox 2793 4080 3004 4120; x_wconf 91' lang='lat' dir='ltr'><strong>mecum</strong></span> <span class='ocrx_word' id='word_1_646' title='bbox 3046 4064 3251 4132; x_wconf 82' lang='lat' dir='ltr'><strong>judicio</strong></span> <span class='ocrx_word' id='word_1_647' title='bbox 3285 4083 3298 4118; x_wconf 91' lang='lat'><strong>:</strong></span> <span class='ocrx_word' id='word_1_648' title='bbox 3335 4067 3380 4120; x_wconf 92' lang='lat' dir='ltr'><strong>si</strong></span> <span class='ocrx_word' id='word_1_649' title='bbox 3418 4075 3510 4120; x_wconf 80' lang='lat' dir='ltr'><strong>aut</strong></span> <span class='ocrx_word' id='word_1_650' title='bbox 3553 4074 3605 4121; x_wconf 90' lang='lat' dir='ltr'><strong>te</strong></span> <span class='ocrx_word' id='word_1_651' title='bbox 3639 4065 3696 4120; x_wconf 90' lang='lat' dir='ltr'><strong>in</strong></span> 
     </span>
    </p>
   </div>
   <div class='ocr_carea' id='block_1_94' title="bbox 2104 4134 3696 4204">
    <p class='ocr_par' dir='ltr' id='par_1_94' title="bbox 2104 4134 3696 4204">
     <span class='ocr_line' id='line_1_98' title="bbox 2104 4134 3696 4204; baseline 0 -16"><span class='ocrx_word' id='word_1_652' title='bbox 2104 4136 2284 4204; x_wconf 89' lang='lat' dir='ltr'><strong>aliquo</strong></span> <span class='ocrx_word' id='word_1_653' title='bbox 2327 4135 2459 4199; x_wconf 73' lang='lat' dir='ltr'><strong>lzesi,</strong></span> <span class='ocrx_word' id='word_1_654' title='bbox 2508 4144 2601 4189; x_wconf 89' lang='lat' dir='ltr'><strong>aut</strong></span> <span class='ocrx_word' id='word_1_655' title='bbox 2649 4136 2934 4190; x_wconf 87' lang='lat' dir='ltr'><strong>occasione</strong></span> <span class='ocrx_word' id='word_1_656' title='bbox 2985 4134 3261 4204; x_wconf 78' lang='lat' dir='ltr'><strong>cujuslibet</strong></span> <span class='ocrx_word' id='word_1_657' title='bbox 3307 4136 3567 4200; x_wconf 61' lang='lat' dir='ltr'><strong>malitiae,-</strong></span> <span class='ocrx_word' id='word_1_658' title='bbox 3600 4136 3696 4188; x_wconf 89' lang='lat' dir='ltr'><strong>tibi</strong></span> 
     </span>
    </p>
   </div>
   <div class='ocr_carea' id='block_1_95' title="bbox 2106 4205 3697 4274">
    <p class='ocr_par' dir='ltr' id='par_1_95' title="bbox 2106 4205 3697 4274">
     <span class='ocr_line' id='line_1_99' title="bbox 2106 4205 3697 4274; baseline 0 -16"><span class='ocrx_word' id='word_1_659' title='bbox 2106 4205 2304 4259; x_wconf 86' lang='lat' dir='ltr'><strong>malum</strong></span> <span class='ocrx_word' id='word_1_660' title='bbox 2327 4206 2545 4269; x_wconf 86' lang='lat' dir='ltr'><strong>nutrivi,</strong></span> <span class='ocrx_word' id='word_1_661' title='bbox 2580 4220 2678 4274; x_wconf 88' lang='lat' dir='ltr'><strong>per</strong></span> <span class='ocrx_word' id='word_1_662' title='bbox 2708 4219 2869 4273; x_wconf 89' lang='lat' dir='ltr'><strong>quem</strong></span> <span class='ocrx_word' id='word_1_663' title='bbox 2901 4205 3167 4274; x_wconf 74' lang='lat' dir='ltr'><strong>excitatus</strong></span> <span class='ocrx_word' id='word_1_664' title='bbox 3193 4205 3333 4257; x_wconf 86' lang='lat' dir='ltr'><strong>hanc</strong></span> <span class='ocrx_word' id='word_1_665' title='bbox 3353 4205 3697 4274; x_wconf 84' lang='lat' dir='ltr'><strong>tyrannidem</strong></span> 
     </span>
    </p>
   </div>
   <div class='ocr_carea' id='block_1_96' title="bbox 422 4273 3599 4352">
    <p class='ocr_par' dir='ltr' id='par_1_96' title="bbox 422 4273 3599 4352">
     <span class='ocr_line' id='line_1_100' title="bbox 422 4273 3599 4352; baseline -0.001 -24"><span class='ocrx_word' id='word_1_666' title='bbox 422 4273 748 4352; x_wconf 61' lang='lat' dir='ltr'><strong>Francorum</strong></span> <span class='ocrx_word' id='word_1_667' title='bbox 785 4273 1024 4352; x_wconf 73' lang='lat' dir='ltr'><strong>munitus</strong></span> <span class='ocrx_word' id='word_1_668' title='bbox 1051 4274 1253 4352; x_wconf 77' lang='lat' dir='ltr'><strong>auxilio</strong></span> <span class='ocrx_word' id='word_1_669' title='bbox 1285 4275 1352 4328; x_wconf 88' lang='lat' dir='ltr'><strong>ad</strong></span> <span class='ocrx_word' id='word_1_670' title='bbox 1375 4273 1737 4329; x_wconf 85' lang='lat' dir='ltr'><strong>dimicandum</strong></span> <span class='ocrx_word' id='word_1_671' title='bbox 1762 4274 2004 4352; x_wconf 69' lang='lat' dir='ltr'><strong>contule-</strong></span> <span class='ocrx_word' id='word_1_672' title='bbox 2033 4296 2077 4352; x_wconf 69' lang='grc' dir='ltr'><strong>ι)</strong></span> <span class='ocrx_word' id='word_1_673' title='bbox 2105 4291 2335 4352; x_wconf 65' lang='lat' dir='ltr'><strong>sumens,</strong></span> <span class='ocrx_word' id='word_1_674' title='bbox 2375 4274 2535 4352; x_wconf 79' lang='lat' dir='ltr'><strong>hujus</strong></span> <span class='ocrx_word' id='word_1_675' title='bbox 2567 4273 2712 4352; x_wconf 65' lang='lat' dir='ltr'><strong>regni</strong></span> <span class='ocrx_word' id='word_1_676' title='bbox 2738 4275 2944 4352; x_wconf 76' lang='lat' dir='ltr'><strong>apicem</strong></span> <span class='ocrx_word' id='word_1_677' title='bbox 2984 4273 3257 4352; x_wconf 70' lang='lat' dir='ltr'><strong>suscipere</strong></span> <span class='ocrx_word' id='word_1_678' title='bbox 3286 4273 3599 4352; x_wconf 66' lang='lat' dir='ltr'><strong>attentares.</strong></span> 
     </span>
    </p>
   </div>
   <div class='ocr_carea' id='block_1_97' title="bbox 421 4342 2005 4414">
    <p class='ocr_par' dir='ltr' id='par_1_97' title="bbox 421 4342 2005 4414">
     <span class='ocr_line' id='line_1_101' title="bbox 421 4342 2005 4414; baseline -0.001 -17"><span class='ocrx_word' id='word_1_679' title='bbox 421 4351 526 4398; x_wconf 74' lang='lat' dir='ltr'><strong>rat.</strong></span> <span class='ocrx_word' id='word_1_680' title='bbox 565 4342 682 4409; x_wconf 84' lang='lat' dir='ltr'><strong>Quo</strong></span> <span class='ocrx_word' id='word_1_681' title='bbox 715 4344 766 4397; x_wconf 90' lang='lat' dir='ltr'><strong>iu</strong></span> <span class='ocrx_word' id='word_1_682' title='bbox 798 4344 918 4400; x_wconf 91' lang='lat' dir='ltr'><strong>loco</strong></span> <span class='ocrx_word' id='word_1_683' title='bbox 953 4345 1343 4400; x_wconf 88' lang='lat' dir='ltr'><strong>instantissime</strong></span> <span class='ocrx_word' id='word_1_684' title='bbox 1372 4359 1637 4414; x_wconf 83' lang='lat' dir='ltr'><strong>pugnans,</strong></span> <span class='ocrx_word' id='word_1_685' title='bbox 1669 4352 1723 4397; x_wconf 89' lang='lat' dir='ltr'><strong>ct</strong></span> <span class='ocrx_word' id='word_1_686' title='bbox 1765 4343 1818 4414; x_wconf 84' lang='lat' dir='ltr'><strong>in</strong></span> <span class='ocrx_word' id='word_1_687' title='bbox 1848 4343 2005 4412; x_wconf 85' lang='lat' dir='ltr'><strong>perﬁ-</strong></span> 
     </span>
    </p>
   </div>
   <div class='ocr_carea' id='block_1_98' title="bbox 417 4412 2005 4484">
    <p class='ocr_par' dir='ltr' id='par_1_98' title="bbox 417 4412 2005 4484">
     <span class='ocr_line' id='line_1_102' title="bbox 417 4412 2005 4484; baseline -0.001 -17"><span class='ocrx_word' id='word_1_688' title='bbox 417 4414 520 4468; x_wconf 79' lang='lat' dir='ltr'><strong>diae</strong></span> <span class='ocrx_word' id='word_1_689' title='bbox 565 4416 868 4484; x_wconf 82' lang='lat' dir='ltr'><strong>temeritate</strong></span> <span class='ocrx_word' id='word_1_690' title='bbox 906 4417 1206 4484; x_wconf 81' lang='lat' dir='ltr'><strong>perdamus</strong></span> <span class='ocrx_word' id='word_1_691' title='bbox 1230 4454 1245 4479; x_wconf 92' lang='lat'><strong>,</strong></span> <span class='ocrx_word' id='word_1_692' title='bbox 1286 4412 1500 4469; x_wconf 84' lang='lat' dir='ltr'><strong>tandem</strong></span> <span class='ocrx_word' id='word_1_693' title='bbox 1543 4413 1739 4469; x_wconf 82' lang='lat' dir='ltr'><strong>divinis</strong></span> <span class='ocrx_word' id='word_1_694' title='bbox 1785 4412 2005 4482; x_wconf 77' lang='lat' dir='ltr'><strong>judiriis</strong></span> 
     </span>
    </p>
   </div>
   <div class='ocr_carea' id='block_1_99' title="bbox 417 4482 2005 4553">
    <p class='ocr_par' dir='ltr' id='par_1_99' title="bbox 417 4482 2005 4553">
     <span class='ocr_line' id='line_1_103' title="bbox 417 4482 2005 4553; baseline 0.001 -17"><span class='ocrx_word' id='word_1_695' title='bbox 417 4482 728 4553; x_wconf 90' lang='lat' dir='ltr'><strong>nostrisque</strong></span> <span class='ocrx_word' id='word_1_696' title='bbox 760 4482 927 4539; x_wconf 81' lang='lat' dir='ltr'><strong>armis</strong></span> <span class='ocrx_word' id='word_1_697' title='bbox 965 4484 1153 4540; x_wconf 87' lang='lat' dir='ltr'><strong>eadem</strong></span> <span class='ocrx_word' id='word_1_698' title='bbox 1189 4483 1407 4539; x_wconf 89' lang='lat' dir='ltr'><strong>civitate</strong></span> <span class='ocrx_word' id='word_1_699' title='bbox 1448 4484 1653 4551; x_wconf 87' lang='lat' dir='ltr'><strong>irrupta</strong></span> <span class='ocrx_word' id='word_1_700' title='bbox 1694 4484 1870 4537; x_wconf 89' lang='lat' dir='ltr'><strong>victus</strong></span> <span class='ocrx_word' id='word_1_701' title='bbox 1914 4498 2005 4537; x_wconf 81' lang='lat' dir='ltr'><strong>ca-</strong></span> 
     </span>
    </p>
   </div>
   <div class='ocr_carea' id='block_1_100' title="bbox 416 4552 2005 4624">
    <p class='ocr_par' dir='ltr' id='par_1_100' title="bbox 416 4552 2005 4624">
     <span class='ocr_line' id='line_1_104' title="bbox 416 4552 2005 4624; baseline -0.001 -19"><span class='ocrx_word' id='word_1_702' title='bbox 416 4552 651 4624; x_wconf 88' lang='lat' dir='ltr'><strong>ptusque</strong></span> <span class='ocrx_word' id='word_1_703' title='bbox 685 4563 770 4609; x_wconf 91' lang='lat' dir='ltr'><strong>est</strong></span> <span class='ocrx_word' id='word_1_704' title='bbox 802 4553 1016 4609; x_wconf 88' lang='lat' dir='ltr'><strong>Paulus.</strong></span> <span class='ocrx_word' id='word_1_705' title='bbox 1054 4552 1180 4622; x_wconf 86' lang='lat' dir='ltr'><strong>Ejus</strong></span> <span class='ocrx_word' id='word_1_706' title='bbox 1216 4553 1378 4609; x_wconf 89' lang='lat' dir='ltr'><strong>etiam</strong></span> <span class='ocrx_word' id='word_1_707' title='bbox 1401 4565 1428 4592; x_wconf 81' lang='grc' dir='ltr'><strong>ιι</strong></span> <span class='ocrx_word' id='word_1_708' title='bbox 1451 4555 1629 4608; x_wconf 89' lang='lat' dir='ltr'><strong>socios</strong></span> <span class='ocrx_word' id='word_1_709' title='bbox 1675 4567 2005 4624; x_wconf 85' lang='lat' dir='ltr'><strong>commemo-</strong></span> 
     </span>
    </p>
   </div>
   <div class='ocr_carea' id='block_1_101' title="bbox 418 4622 2001 4695">
    <p class='ocr_par' dir='ltr' id='par_1_101' title="bbox 418 4622 2001 4695">
     <span class='ocr_line' id='line_1_105' title="bbox 418 4622 2001 4695; baseline 0 -20"><span class='ocrx_word' id='word_1_710' title='bbox 418 4622 806 4680; x_wconf 32' lang='lat' dir='ltr'><strong>rare‘ncccsse</strong></span> <span class='ocrx_word' id='word_1_711' title='bbox 847 4633 951 4691; x_wconf 89' lang='lat' dir='ltr'><strong>est,</strong></span> <span class='ocrx_word' id='word_1_712' title='bbox 976 4641 1113 4695; x_wconf 89' lang='lat' dir='ltr'><strong>quos</strong></span> <span class='ocrx_word' id='word_1_713' title='bbox 1157 4632 1211 4678; x_wconf 92' lang='lat' dir='ltr'><strong>ct</strong></span> <span class='ocrx_word' id='word_1_714' title='bbox 1257 4630 1560 4693; x_wconf 77' lang='lat' dir='ltr'><strong>pugnantes</strong></span> <span class='ocrx_word' id='word_1_715' title='bbox 1601 4632 1793 4678; x_wconf 89' lang='lat' dir='ltr'><strong>contra</strong></span> <span class='ocrx_word' id='word_1_716' title='bbox 1823 4637 1921 4675; x_wconf 91' lang='lat' dir='ltr'><strong>nos</strong></span> <span class='ocrx_word' id='word_1_717' title='bbox 1947 4622 2001 4675; x_wconf 89' lang='lat' dir='ltr'><strong>in</strong></span> 
     </span>
    </p>
   </div>
   <div class='ocr_carea' id='block_1_102' title="bbox 2177 4341 3698 4398">
    <p class='ocr_par' dir='ltr' id='par_1_102' title="bbox 2177 4341 3698 4398">
     <span class='ocr_line' id='line_1_106' title="bbox 2177 4341 3698 4398; baseline -0.001 -1"><span class='ocrx_word' id='word_1_718' title='bbox 2177 4345 2231 4397; x_wconf 86' lang='lat'><strong>6.</strong></span> <span class='ocrx_word' id='word_1_719' title='bbox 2284 4344 2401 4398; x_wconf 80' lang='lat' dir='ltr'><strong>Mox</strong></span> <span class='ocrx_word' id='word_1_720' title='bbox 2441 4346 2579 4397; x_wconf 69' lang='lat' dir='ltr'><strong>idem</strong></span> <span class='ocrx_word' id='word_1_721' title='bbox 2606 4341 3020 4397; x_wconf 51' lang='lat' dir='ltr'><strong>n&#39;efandissimus</strong></span> <span class='ocrx_word' id='word_1_722' title='bbox 3058 4342 3255 4395; x_wconf 87' lang='lat' dir='ltr'><strong>Paulus</strong></span> <span class='ocrx_word' id='word_1_723' title='bbox 3279 4357 3411 4395; x_wconf 88' lang='lat' dir='ltr'><strong>voce</strong></span> <span class='ocrx_word' id='word_1_724' title='bbox 3444 4341 3589 4395; x_wconf 86' lang='lat' dir='ltr'><strong>clara</strong></span> <span class='ocrx_word' id='word_1_725' title='bbox 3616 4349 3698 4395; x_wconf 90' lang='lat' dir='ltr'><strong>te-</strong></span> 
     </span>
    </p>
   </div>
   <div class='ocr_carea' id='block_1_103' title="bbox 2105 4410 3700 4480">
    <p class='ocr_par' dir='ltr' id='par_1_103' title="bbox 2105 4410 3700 4480">
     <span class='ocr_line' id='line_1_107' title="bbox 2105 4410 3700 4480; baseline -0.001 -13"><span class='ocrx_word' id='word_1_726' title='bbox 2105 4421 2280 4467; x_wconf 81' lang='lat' dir='ltr'><strong>status</strong></span> <span class='ocrx_word' id='word_1_727' title='bbox 2321 4421 2406 4467; x_wconf 87' lang='lat' dir='ltr'><strong>est</strong></span> <span class='ocrx_word' id='word_1_728' title='bbox 2453 4414 2675 4466; x_wconf 86' lang='lat' dir='ltr'><strong>dicens:</strong></span> <span class='ocrx_word' id='word_1_729' title='bbox 2707 4412 2811 4465; x_wconf 85' lang='lat' dir='ltr'><strong>Per</strong></span> <span class='ocrx_word' id='word_1_730' title='bbox 2852 4413 3041 4474; x_wconf 88' lang='lat' dir='ltr'><strong>Deum,</strong></span> <span class='ocrx_word' id='word_1_731' title='bbox 3094 4411 3217 4479; x_wconf 85' lang='lat' dir='ltr'><strong>quia</strong></span> <span class='ocrx_word' id='word_1_732' title='bbox 3264 4425 3440 4480; x_wconf 89' lang='lat' dir='ltr'><strong>neque</strong></span> <span class='ocrx_word' id='word_1_733' title='bbox 3470 4426 3501 4464; x_wconf 86' lang='lat' dir='ltr'><strong>a</strong></span> <span class='ocrx_word' id='word_1_734' title='bbox 3525 4410 3700 4480; x_wconf 84' lang='lat' dir='ltr'><strong>gloria</strong></span> 
     </span>
    </p>
   </div>
   <div class='ocr_carea' id='block_1_104' title="bbox 2104 4480 3702 4549">
    <p class='ocr_par' dir='ltr' id='par_1_104' title="bbox 2104 4480 3702 4549">
     <span class='ocr_line' id='line_1_108' title="bbox 2104 4480 3702 4549; baseline -0.003 -13"><span class='ocrx_word' id='word_1_735' title='bbox 2104 4492 2270 4536; x_wconf 80' lang='lat' dir='ltr'><strong>vestra</strong></span> <span class='ocrx_word' id='word_1_736' title='bbox 2302 4483 2445 4536; x_wconf 90' lang='lat' dir='ltr'><strong>sensi</strong></span> <span class='ocrx_word' id='word_1_737' title='bbox 2476 4497 2561 4536; x_wconf 88' lang='lat' dir='ltr'><strong>me</strong></span> <span class='ocrx_word' id='word_1_738' title='bbox 2597 4496 2717 4536; x_wconf 91' lang='lat' dir='ltr'><strong>esse</strong></span> <span class='ocrx_word' id='word_1_739' title='bbox 2755 4482 2960 4541; x_wconf 63' lang='lat' dir='ltr'><strong>laesum,</strong></span> <span class='ocrx_word' id='word_1_740' title='bbox 3000 4495 3172 4549; x_wconf 89' lang='lat' dir='ltr'><strong>neque</strong></span> <span class='ocrx_word' id='word_1_741' title='bbox 3201 4494 3231 4533; x_wconf 88' lang='lat' dir='ltr'><strong>a</strong></span> <span class='ocrx_word' id='word_1_742' title='bbox 3256 4480 3410 4535; x_wconf 90' lang='lat' dir='ltr'><strong>vobis</strong></span> <span class='ocrx_word' id='word_1_743' title='bbox 3442 4480 3571 4535; x_wconf 87' lang='lat' dir='ltr'><strong>mali</strong></span> <span class='ocrx_word' id='word_1_744' title='bbox 3600 4480 3702 4535; x_wconf 88' lang='lat' dir='ltr'><strong>ali-</strong></span> 
     </span>
    </p>
   </div>
   <div class='ocr_carea' id='block_1_105' title="bbox 2104 4549 3703 4621">
    <p class='ocr_par' dir='ltr' id='par_1_105' title="bbox 2104 4549 3703 4621">
     <span class='ocr_line' id='line_1_109' title="bbox 2104 4549 3703 4621; baseline -0.001 -17"><span class='ocrx_word' id='word_1_745' title='bbox 2104 4552 2233 4619; x_wconf 87' lang='lat' dir='ltr'><strong>quid</strong></span> <span class='ocrx_word' id='word_1_746' title='bbox 2254 4552 2473 4620; x_wconf 90' lang='lat' dir='ltr'><strong>pertuli,</strong></span> <span class='ocrx_word' id='word_1_747' title='bbox 2514 4550 2607 4606; x_wconf 88' lang='lat' dir='ltr'><strong>sed</strong></span> <span class='ocrx_word' id='word_1_748' title='bbox 2643 4560 2850 4621; x_wconf 86' lang='lat' dir='ltr'><strong>tantum</strong></span> <span class='ocrx_word' id='word_1_749' title='bbox 2886 4550 3011 4621; x_wconf 72' lang='lat' dir='ltr'><strong>lroni</strong></span> <span class='ocrx_word' id='word_1_750' title='bbox 3044 4550 3096 4603; x_wconf 93' lang='lat' dir='ltr'><strong>in</strong></span> <span class='ocrx_word' id='word_1_751' title='bbox 3136 4564 3223 4604; x_wconf 90' lang='lat' dir='ltr'><strong>me</strong></span> <span class='ocrx_word' id='word_1_752' title='bbox 3239 4550 3502 4621; x_wconf 76' lang='lat' dir='ltr'><strong>impartiri</strong></span> <span class='ocrx_word' id='word_1_753' title='bbox 3535 4549 3703 4621; x_wconf 82' lang='lat' dir='ltr'><strong>jussit</strong></span> 
     </span>
    </p>
   </div>
   <div class='ocr_carea' id='block_1_106' title="bbox 2104 4618 3698 4690">
    <p class='ocr_par' dir='ltr' id='par_1_106' title="bbox 2104 4618 3698 4690">
     <span class='ocr_line' id='line_1_110' title="bbox 2104 4618 3698 4690; baseline -0.002 -15"><span class='ocrx_word' id='word_1_754' title='bbox 2104 4618 2389 4676; x_wconf 81' lang='lat' dir='ltr'><strong>clementia</strong></span> <span class='ocrx_word' id='word_1_755' title='bbox 2431 4628 2633 4687; x_wconf 88' lang='lat' dir='ltr'><strong>vestra,</strong></span> <span class='ocrx_word' id='word_1_756' title='bbox 2669 4620 2811 4690; x_wconf 84' lang='lat' dir='ltr'><strong>quod</strong></span> <span class='ocrx_word' id='word_1_757' title='bbox 2846 4620 3126 4689; x_wconf 85' lang='lat' dir='ltr'><strong>percipere</strong></span> <span class='ocrx_word' id='word_1_758' title='bbox 3157 4618 3454 4676; x_wconf 78' lang='lat' dir='ltr'><strong>nullatenus</strong></span> <span class='ocrx_word' id='word_1_759' title='bbox 3500 4618 3698 4676; x_wconf 80' lang='lat' dir='ltr'><strong>merui.</strong></span> 
     </span>
    </p>
   </div>
   <div class='ocr_carea' id='block_1_107' title="bbox 1939 4733 2169 4791">
    <p class='ocr_par' dir='ltr' id='par_1_107' title="bbox 1939 4733 2169 4791">
     <span class='ocr_line' id='line_1_111' title="bbox 1939 4733 2169 4791; baseline 0.013 -3"><span class='ocrx_word' id='word_1_760' title='bbox 1939 4733 2169 4791; x_wconf 70' lang='lat' dir='ltr'><strong>NOTAE.</strong></span> 
     </span>
    </p>
   </div>
   <div class='ocr_carea' id='block_1_108' title="bbox 500 4848 915 4922">
    <p class='ocr_par' dir='ltr' id='par_1_108' title="bbox 500 4848 915 4922">
     <span class='ocr_line' id='line_1_112' title="bbox 500 4848 915 4922; baseline 0.002 -17"><span class='ocrx_word' id='word_1_761' title='bbox 500 4860 526 4922; x_wconf 66' lang='grc' dir='ltr'><strong>ξι</strong></span> <span class='ocrx_word' id='word_1_762' title='bbox 556 4848 644 4922; x_wconf 55' lang='grc' dir='ltr'><strong>Ἐς,</strong></span> <span class='ocrx_word' id='word_1_763' title='bbox 682 4853 915 4922; x_wconf 77' lang='lat' dir='ltr'><strong>appetiit.</strong></span> 
     </span>
    </p>
   </div>
   <div class='ocr_carea' id='block_1_109' title="bbox 499 4918 1204 4993">
    <p class='ocr_par' dir='ltr' id='par_1_109' title="bbox 499 4918 1204 4993">
     <span class='ocr_line' id='line_1_113' title="bbox 499 4918 1204 4993; baseline 0.007 -19"><span class='ocrx_word' id='word_1_764' title='bbox 499 4918 526 4957; x_wconf 77' lang='grc'><strong>¹³</strong></span> <span class='ocrx_word' id='word_1_765' title='bbox 564 4920 640 4993; x_wconf 70' lang='lat' dir='ltr'><strong>id.</strong></span> <span class='ocrx_word' id='word_1_766' title='bbox 664 4918 824 4993; x_wconf 73' lang='lat' dir='ltr'><strong>male,</strong></span> <span class='ocrx_word' id='word_1_767' title='bbox 852 4922 1204 4993; x_wconf 67' lang='lat' dir='ltr'><strong>missimus.</strong></span> 
     </span>
    </p>
   </div>
   <div class='ocr_carea' id='block_1_110' title="bbox 504 4990 1088 5060">
    <p class='ocr_par' dir='ltr' id='par_1_110' title="bbox 504 4990 1088 5060">
     <span class='ocr_line' id='line_1_114' title="bbox 504 4990 1088 5060; baseline 0 -16"><span class='ocrx_word' id='word_1_768' title='bbox 504 4998 524 5023; x_wconf 85' lang='lat'><strong><em>&#39;</em></strong></span> <span class='ocrx_word' id='word_1_769' title='bbox 567 4991 665 5055; x_wconf 57' lang='grc' dir='ltr'><strong>ιώ,</strong></span> <span class='ocrx_word' id='word_1_770' title='bbox 701 4990 1088 5060; x_wconf 82' lang='lat' dir='ltr'><strong>gloriosissimi.</strong></span> 
     </span>
    </p>
   </div>
   <div class='ocr_carea' id='block_1_111' title="bbox 506 5060 1114 5125">
    <p class='ocr_par' dir='ltr' id='par_1_111' title="bbox 506 5060 1114 5125">
     <span class='ocr_line' id='line_1_115' title="bbox 506 5060 1114 5125; baseline -0.002 -11"><span class='ocrx_word' id='word_1_771' title='bbox 506 5060 526 5098; x_wconf 76' lang='grc'><strong><em>⁸</em></strong></span> <span class='ocrx_word' id='word_1_772' title='bbox 563 5060 664 5125; x_wconf 77' lang='grc'><strong>1‹¹.,</strong></span> <span class='ocrx_word' id='word_1_773' title='bbox 701 5060 1114 5125; x_wconf 62' lang='lat' dir='ltr'><strong>subjugatimus.</strong></span> 
     </span>
    </p>
   </div>
   <div class='ocr_carea' id='block_1_112' title="bbox 502 5127 1514 5185">
    <p class='ocr_par' dir='ltr' id='par_1_112' title="bbox 502 5127 1514 5185">
     <span class='ocr_line' id='line_1_116' title="bbox 502 5127 1514 5185; baseline -0.004 -2"><span class='ocrx_word' id='word_1_774' title='bbox 502 5139 526 5165; x_wconf 70' lang='grc' dir='ltr'><strong>ο</strong></span> <span class='ocrx_word' id='word_1_775' title='bbox 566 5130 586 5183; x_wconf 89' lang='lat' dir='ltr'><strong>l</strong></span> <span class='ocrx_word' id='word_1_776' title='bbox 656 5145 762 5184; x_wconf 81' lang='lat' dir='ltr'><strong>non</strong></span> <span class='ocrx_word' id='word_1_777' title='bbox 787 5127 948 5185; x_wconf 76' lang='lat' dir='ltr'><strong>habet</strong></span> <span class='ocrx_word' id='word_1_778' title='bbox 974 5128 1251 5185; x_wconf 88' lang='lat' dir='ltr'><strong>asteriscis</strong></span> <span class='ocrx_word' id='word_1_779' title='bbox 1286 5127 1514 5184; x_wconf 90' lang='lat' dir='ltr'><strong>inclusa.</strong></span> 
     </span>
    </p>
   </div>
   <div class='ocr_carea' id='block_1_113' title="bbox 504 5197 1165 5255">
    <p class='ocr_par' dir='ltr' id='par_1_113' title="bbox 504 5197 1165 5255">
     <span class='ocr_line' id='line_1_117' title="bbox 504 5197 1165 5255; baseline 0 -2"><span class='ocrx_word' id='word_1_780' title='bbox 504 5197 524 5235; x_wconf 68' lang='grc' dir='ltr'><em>τ</em></span> <span class='ocrx_word' id='word_1_781' title='bbox 566 5200 624 5253; x_wconf 86' lang='grc' dir='ltr'><strong>ιιι</strong></span> <span class='ocrx_word' id='word_1_782' title='bbox 650 5216 753 5255; x_wconf 92' lang='lat' dir='ltr'><strong>ms.</strong></span> <span class='ocrx_word' id='word_1_783' title='bbox 779 5203 929 5255; x_wconf 90' lang='lat' dir='ltr'><strong>deest</strong></span> <span class='ocrx_word' id='word_1_784' title='bbox 955 5200 1165 5254; x_wconf 81' lang='lat' dir='ltr'><strong>bellum.</strong></span> 
     </span>
    </p>
   </div>
   <div class='ocr_carea' id='block_1_114' title="bbox 501 5269 1126 5325">
    <p class='ocr_par' dir='ltr' id='par_1_114' title="bbox 501 5269 1126 5325">
     <span class='ocr_line' id='line_1_118' title="bbox 501 5269 1126 5325; baseline 0 -2"><span class='ocrx_word' id='word_1_785' title='bbox 501 5270 528 5307; x_wconf 70' lang='grc'><strong>⁸</strong></span> <span class='ocrx_word' id='word_1_786' title='bbox 565 5270 623 5323; x_wconf 88' lang='lat' dir='ltr'><strong>in</strong></span> <span class='ocrx_word' id='word_1_787' title='bbox 652 5271 774 5324; x_wconf 87' lang='lat' dir='ltr'><strong>eod.</strong></span> <span class='ocrx_word' id='word_1_788' title='bbox 806 5269 959 5325; x_wconf 88' lang='lat' dir='ltr'><strong>deest</strong></span> <span class='ocrx_word' id='word_1_789' title='bbox 986 5286 1126 5323; x_wconf 86' lang='lat' dir='ltr'><strong>cum.</strong></span> 
     </span>
    </p>
   </div>
   <div class='ocr_carea' id='block_1_115' title="bbox 498 5338 938 5405">
    <p class='ocr_par' dir='ltr' id='par_1_115' title="bbox 498 5338 938 5405">
     <span class='ocr_line' id='line_1_119' title="bbox 498 5338 938 5405; baseline 0.002 -13"><span class='ocrx_word' id='word_1_790' title='bbox 498 5338 526 5376; x_wconf 73' lang='grc' dir='ltr'><strong>ιι</strong></span> <span class='ocrx_word' id='word_1_791' title='bbox 567 5338 654 5405; x_wconf 84' lang='lat' dir='ltr'><strong>F.,</strong></span> <span class='ocrx_word' id='word_1_792' title='bbox 683 5340 842 5393; x_wconf 84' lang='lat' dir='ltr'><strong>etiam</strong></span> <span class='ocrx_word' id='word_1_793' title='bbox 868 5350 938 5393; x_wconf 91' lang='lat' dir='ltr'><strong>et.</strong></span> 
     </span>
    </p>
   </div>
   <div class='ocr_carea' id='block_1_116' title="bbox 506 5409 1039 5479">
    <p class='ocr_par' dir='ltr' id='par_1_116' title="bbox 506 5409 1039 5479">
     <span class='ocr_line' id='line_1_120' title="bbox 506 5409 1039 5479; baseline 0 -17"><span class='ocrx_word' id='word_1_794' title='bbox 506 5409 520 5479; x_wconf 62' lang='grc' dir='ltr'>ξ</span> <span class='ocrx_word' id='word_1_795' title='bbox 552 5409 641 5479; x_wconf 64' lang='grc' dir='ltr'><strong>Ρη</strong></span> <span class='ocrx_word' id='word_1_796' title='bbox 665 5420 1039 5479; x_wconf 76' lang='lat' dir='ltr'><strong>expugnantes.</strong></span> 
     </span>
    </p>
   </div>
   <div class='ocr_carea' id='block_1_117' title="bbox 505 5477 1221 5544">
    <p class='ocr_par' dir='ltr' id='par_1_117' title="bbox 505 5477 1221 5544">
     <span class='ocr_line' id='line_1_121' title="bbox 505 5477 1221 5544; baseline 0.014 -18"><span class='ocrx_word' id='word_1_797' title='bbox 505 5477 519 5526; x_wconf 88' lang='lat' dir='ltr'><strong>i</strong></span> <span class='ocrx_word' id='word_1_798' title='bbox 548 5478 650 5544; x_wconf 85' lang='lat' dir='ltr'><strong>ld.,</strong></span> <span class='ocrx_word' id='word_1_799' title='bbox 672 5477 910 5532; x_wconf 71' lang='lat' dir='ltr'><strong>eumdem</strong></span> <span class='ocrx_word' id='word_1_800' title='bbox 939 5480 1221 5536; x_wconf 80' lang='lat' dir='ltr'><strong>civitatem.</strong></span> 
     </span>
    </p>
   </div>
   <div class='ocr_carea' id='block_1_118' title="bbox 507 5548 1157 5615">
    <p class='ocr_par' dir='ltr' id='par_1_118' title="bbox 507 5548 1157 5615">
     <span class='ocr_line' id='line_1_122' title="bbox 507 5548 1157 5615; baseline -0.011 -13"><span class='ocrx_word' id='word_1_801' title='bbox 507 5550 532 5588; x_wconf 63' lang='grc' dir='ltr'><em>κ</em></span> <span class='ocrx_word' id='word_1_802' title='bbox 561 5550 661 5615; x_wconf 79' lang='grc' dir='ltr'><strong>Ιι1.,</strong></span> <span class='ocrx_word' id='word_1_803' title='bbox 687 5548 869 5601; x_wconf 75' lang='lat' dir='ltr'><strong>itidem</strong></span> <span class='ocrx_word' id='word_1_804' title='bbox 1136 5562 1157 5595; x_wconf 69' lang='lat'><strong>.-</strong></span> 
     </span>
    </p>
   </div>
   <div class='ocr_carea' id='block_1_119' title="bbox 513 5616 1025 5688">
    <p class='ocr_par' dir='ltr' id='par_1_119' title="bbox 513 5616 1025 5688">
     <span class='ocr_line' id='line_1_123' title="bbox 513 5616 1025 5688; baseline -0.008 -12"><span class='ocrx_word' id='word_1_805' title='bbox 513 5616 536 5659; x_wconf 67' lang='grc' dir='ltr'>ι</span> <span class='ocrx_word' id='word_1_806' title='bbox 563 5619 688 5685; x_wconf 61' lang='grc' dir='ltr'><strong>δίδη</strong></span> <span class='ocrx_word' id='word_1_807' title='bbox 715 5616 1025 5688; x_wconf 83' lang='lat' dir='ltr'><strong>Frugisclus</strong></span> 
     </span>
    </p>
   </div>
   <div class='ocr_carea' id='block_1_120' title="bbox 2184 4852 2643 4919">
    <p class='ocr_par' dir='ltr' id='par_1_120' title="bbox 2184 4852 2643 4919">
     <span class='ocr_line' id='line_1_124' title="bbox 2184 4852 2643 4919; baseline 0.004 -14"><span class='ocrx_word' id='word_1_808' title='bbox 2184 4863 2223 4891; x_wconf 79' lang='grc' dir='ltr'><strong>ιιι</strong></span> <span class='ocrx_word' id='word_1_809' title='bbox 2254 4852 2342 4919; x_wconf 88' lang='lat' dir='ltr'><strong>F.,</strong></span> <span class='ocrx_word' id='word_1_810' title='bbox 2366 4852 2643 4909; x_wconf 79' lang='lat' dir='ltr'><strong>Mosimus.</strong></span> 
     </span>
    </p>
   </div>
   <div class='ocr_carea' id='block_1_121' title="bbox 2186 4922 3409 4989">
    <p class='ocr_par' dir='ltr' id='par_1_121' title="bbox 2186 4922 3409 4989">
     <span class='ocr_line' id='line_1_125' title="bbox 2186 4922 3409 4989; baseline 0 -14"><span class='ocrx_word' id='word_1_811' title='bbox 2186 4931 2214 4959; x_wconf 76' lang='grc' dir='ltr'><strong>ιι</strong></span> <span class='ocrx_word' id='word_1_812' title='bbox 2247 4922 2371 4987; x_wconf 83' lang='lat' dir='ltr'><strong>Ms.,</strong></span> <span class='ocrx_word' id='word_1_813' title='bbox 2401 4923 2695 4989; x_wconf 80' lang='lat' dir='ltr'><strong>Wazimar,</strong></span> <span class='ocrx_word' id='word_1_814' title='bbox 2722 4924 3047 4987; x_wconf 82' lang='lat' dir='ltr'><strong>Cuniericus,</strong></span> <span class='ocrx_word' id='word_1_815' title='bbox 3084 4922 3409 4976; x_wconf 77' lang='lat' dir='ltr'><strong>Trascricus.</strong></span> 
     </span>
    </p>
   </div>
   <div class='ocr_carea' id='block_1_122' title="bbox 2189 4992 2635 5058">
    <p class='ocr_par' dir='ltr' id='par_1_122' title="bbox 2189 4992 2635 5058">
     <span class='ocr_line' id='line_1_126' title="bbox 2189 4992 2635 5058; baseline 0.002 -12"><span class='ocrx_word' id='word_1_816' title='bbox 2189 5000 2214 5026; x_wconf 83' lang='grc' dir='ltr'><strong>ο</strong></span> <span class='ocrx_word' id='word_1_817' title='bbox 2239 4993 2323 5058; x_wconf 84' lang='lat' dir='ltr'><strong>F.,</strong></span> <span class='ocrx_word' id='word_1_818' title='bbox 2348 5002 2397 5047; x_wconf 91' lang='lat' dir='ltr'><strong>et</strong></span> <span class='ocrx_word' id='word_1_819' title='bbox 2422 4992 2635 5047; x_wconf 85' lang='lat' dir='ltr'><strong>Cottila.</strong></span> 
     </span>
    </p>
   </div>
   <div class='ocr_carea' id='block_1_123' title="bbox 2189 5060 2771 5128">
    <p class='ocr_par' dir='ltr' id='par_1_123' title="bbox 2189 5060 2771 5128">
     <span class='ocr_line' id='line_1_127' title="bbox 2189 5060 2771 5128; baseline 0.007 -17"><span class='ocrx_word' id='word_1_820' title='bbox 2189 5072 2217 5111; x_wconf 76' lang='grc' dir='ltr'><strong>ιι</strong></span> <span class='ocrx_word' id='word_1_821' title='bbox 2240 5062 2362 5128; x_wconf 76' lang='lat' dir='ltr'><strong>Ms.,</strong></span> <span class='ocrx_word' id='word_1_822' title='bbox 2379 5060 2771 5117; x_wconf 79' lang='lat' dir='ltr'><strong>Guldramirus.</strong></span> 
     </span>
    </p>
   </div>
   <div class='ocr_carea' id='block_1_124' title="bbox 2188 5132 2691 5197">
    <p class='ocr_par' dir='ltr' id='par_1_124' title="bbox 2188 5132 2691 5197">
     <span class='ocr_line' id='line_1_128' title="bbox 2188 5132 2691 5197; baseline 0.01 -17"><span class='ocrx_word' id='word_1_823' title='bbox 2188 5143 2214 5180; x_wconf 75' lang='grc' dir='ltr'><strong>(ι</strong></span> <span class='ocrx_word' id='word_1_824' title='bbox 2250 5132 2333 5197; x_wconf 69' lang='grc' dir='ltr'>ια’..</span> <span class='ocrx_word' id='word_1_825' title='bbox 2360 5132 2691 5186; x_wconf 77' lang='lat' dir='ltr'><strong>Idericellus.</strong></span> 
     </span>
    </p>
   </div>
   <div class='ocr_carea' id='block_1_125' title="bbox 2197 5202 2560 5265">
    <p class='ocr_par' dir='ltr' id='par_1_125' title="bbox 2197 5202 2560 5265">
     <span class='ocr_line' id='line_1_129' title="bbox 2197 5202 2560 5265; baseline -0.003 -10"><span class='ocrx_word' id='word_1_826' title='bbox 2197 5212 2218 5239; x_wconf 82' lang='grc' dir='ltr'><strong>ι’</strong></span> <span class='ocrx_word' id='word_1_827' title='bbox 2243 5202 2327 5265; x_wconf 85' lang='grc' dir='ltr'><strong>Ι).,</strong></span> <span class='ocrx_word' id='word_1_828' title='bbox 2357 5202 2560 5254; x_wconf 82' lang='lat' dir='ltr'><strong>itidem.</strong></span> 
     </span>
    </p>
   </div>
   <div class='ocr_carea' id='block_1_126' title="bbox 2195 5271 2739 5340">
    <p class='ocr_par' dir='ltr' id='par_1_126' title="bbox 2195 5271 2739 5340">
     <span class='ocr_line' id='line_1_130' title="bbox 2195 5271 2739 5340; baseline 0 -15"><span class='ocrx_word' id='word_1_829' title='bbox 2195 5282 2217 5310; x_wconf 79' lang='grc'><strong><em>³</em></strong></span> <span class='ocrx_word' id='word_1_830' title='bbox 2244 5272 2331 5336; x_wconf 83' lang='lat' dir='ltr'><strong>F.,</strong></span> <span class='ocrx_word' id='word_1_831' title='bbox 2355 5271 2739 5340; x_wconf 83' lang='lat' dir='ltr'><strong>gloriosissimi.</strong></span> 
     </span>
    </p>
   </div>
   <div class='ocr_carea' id='block_1_127' title="bbox 2200 5341 3473 5412">
    <p class='ocr_par' dir='ltr' id='par_1_127' title="bbox 2200 5341 3473 5412">
     <span class='ocr_line' id='line_1_131' title="bbox 2200 5341 3473 5412; baseline 0.001 -16"><span class='ocrx_word' id='word_1_832' title='bbox 2200 5343 2218 5377; x_wconf 75' lang='grc' dir='ltr'>ί</span> <span class='ocrx_word' id='word_1_833' title='bbox 2244 5341 2368 5405; x_wconf 82' lang='lat' dir='ltr'><strong>Ms.,</strong></span> <span class='ocrx_word' id='word_1_834' title='bbox 2397 5342 2720 5412; x_wconf 67' lang='lat' dir='ltr'><strong>occasionem</strong></span> <span class='ocrx_word' id='word_1_835' title='bbox 2746 5342 3091 5412; x_wconf 82' lang='lat' dir='ltr'><strong>quamlibet...</strong></span> <span class='ocrx_word' id='word_1_836' title='bbox 3131 5343 3225 5397; x_wconf 86' lang='lat' dir='ltr'><strong>tibi</strong></span> <span class='ocrx_word' id='word_1_837' title='bbox 3260 5341 3473 5399; x_wconf 78' lang='lat' dir='ltr'><strong>nutrivi.</strong></span> 
     </span>
    </p>
   </div>
   <div class='ocr_carea' id='block_1_128' title="bbox 2194 5410 3060 5481">
    <p class='ocr_par' dir='ltr' id='par_1_128' title="bbox 2194 5410 3060 5481">
     <span class='ocr_line' id='line_1_132' title="bbox 2194 5410 3060 5481; baseline 0.002 -16"><span class='ocrx_word' id='word_1_838' title='bbox 2194 5423 2222 5451; x_wconf 77' lang='grc' dir='ltr'>ιι</span> <span class='ocrx_word' id='word_1_839' title='bbox 2261 5412 2413 5479; x_wconf 83' lang='lat' dir='ltr'><strong>Hisp.</strong></span> <span class='ocrx_word' id='word_1_840' title='bbox 2452 5410 2669 5474; x_wconf 69' lang='lat' dir='ltr'><strong>itlustr.,</strong></span> <span class='ocrx_word' id='word_1_841' title='bbox 2694 5422 2741 5465; x_wconf 75' lang='lat' dir='ltr'><strong>rt</strong></span> <span class='ocrx_word' id='word_1_842' title='bbox 2760 5410 2861 5481; x_wconf 83' lang='lat' dir='ltr'><strong>pro</strong></span> <span class='ocrx_word' id='word_1_843' title='bbox 2885 5415 3060 5468; x_wconf 86' lang='lat' dir='ltr'><strong>etiam.</strong></span> 
     </span>
    </p>
   </div>
   <div class='ocr_carea' id='block_1_129' title="bbox 2193 5481 3567 5555">
    <p class='ocr_par' dir='ltr' id='par_1_129' title="bbox 2193 5481 3567 5555">
     <span class='ocr_line' id='line_1_133' title="bbox 2193 5481 3567 5555; baseline 0.004 -21"><span class='ocrx_word' id='word_1_844' title='bbox 2193 5488 2220 5517; x_wconf 86' lang='lat'><strong>&#39;</strong></span> <span class='ocrx_word' id='word_1_845' title='bbox 2246 5482 2324 5555; x_wconf 89' lang='lat' dir='ltr'><strong>_l_b_i</strong></span> <span class='ocrx_word' id='word_1_846' title='bbox 2354 5481 2509 5535; x_wconf 89' lang='lat' dir='ltr'><strong>deest</strong></span> <span class='ocrx_word' id='word_1_847' title='bbox 2542 5482 2711 5555; x_wconf 73' lang='lat' dir='ltr'><strong>nobis,</strong></span> <span class='ocrx_word' id='word_1_848' title='bbox 2736 5491 2791 5537; x_wconf 91' lang='lat' dir='ltr'><strong>et</strong></span> <span class='ocrx_word' id='word_1_849' title='bbox 2819 5497 2916 5553; x_wconf 88' lang='lat' dir='ltr'><strong>pro</strong></span> <span class='ocrx_word' id='word_1_850' title='bbox 2945 5485 3000 5538; x_wconf 86' lang='lat' dir='ltr'><strong>id</strong></span> <span class='ocrx_word' id='word_1_851' title='bbox 3034 5493 3138 5551; x_wconf 78' lang='lat' dir='ltr'><strong>est,</strong></span> <span class='ocrx_word' id='word_1_852' title='bbox 3171 5484 3321 5555; x_wconf 80' lang='lat' dir='ltr'><strong>legit.</strong></span> <span class='ocrx_word' id='word_1_853' title='bbox 3350 5484 3567 5540; x_wconf 77' lang='lat' dir='ltr'><strong>ibidem.</strong></span> 
     </span>
    </p>
   </div>
   <div class='ocr_carea' id='block_1_130' title="bbox 2195 5551 2704 5622">
    <p class='ocr_par' dir='ltr' id='par_1_130' title="bbox 2195 5551 2704 5622">
     <span class='ocr_line' id='line_1_134' title="bbox 2195 5551 2704 5622; baseline -0.002 -16"><span class='ocrx_word' id='word_1_854' title='bbox 2195 5562 2225 5594; x_wconf 76' lang='grc' dir='ltr'><strong>ι</strong></span> <span class='ocrx_word' id='word_1_855' title='bbox 2244 5551 2344 5618; x_wconf 81' lang='lat' dir='ltr'><strong>lbi,</strong></span> <span class='ocrx_word' id='word_1_856' title='bbox 2367 5567 2395 5604; x_wconf 88' lang='lat' dir='ltr'><strong>e</strong></span> <span class='ocrx_word' id='word_1_857' title='bbox 2422 5551 2704 5622; x_wconf 78' lang='lat' dir='ltr'><strong>prtrdictis.</strong></span> 
     </span>
    </p>
   </div>
  </div>
