4022 6154
489 5454 514 5528 l

512 305 611 362 807

1575 279 1631 331 S.
1673 274 1932 332 Jlll.l.\.\'l
1971 269 2271 326 EPISCOPI
2311 263 2648 322 TOLETANI

3627 255 3716 314 8w

1782 383 2059 438 TEXTITS
2097 376 2489 434 LEGITIMUS.

519 504 745 580 pertuli:
775 498 867 555 sed
902 500 1105 549 tantum
1151 487 1278 541 boni
1313 485 1365 538 in
1399 498 1482 535 me
1518 477 1778 548 impertiri
1805 490 1828 516 ιι
1854 475 2083 543 jussisgi,
2118 483 2162 536 Α
2191 472 2348 522 (Gn-"3

518 563 660 668 quod
695 589 964 663 percipere
991 578 1209 634 omnino
1240 590 1344 627 non
1379 571 1572 624 merui.
1622 568 1730 634 Ego
1772 573 1952 618 tamen
1981 563 2094 614 dia—

517 649 623 742 boli
654 649 904 736 iustine-tu
928 673 1249 740 provocatus
1272 663 1322 715 id
1361 659 1481 713 feci.
1531 657 1788 711 Similiter
1824 653 1936 721 jam
1967 649 2092 704 dicti

519 772 648 828 socii
690 767 769 822 sui
802 737 1009 832 qumsiti
1053 760 1196 814 sunt,
1231 759 1284 802 et
1309 762 1493 801 omnes
1527 743 1776 796 similiter
1812 737 2097 806 responde—

518 868 664 917 runt.
718 829 868 910 [inde
909 847 1133 917 prolata:
1161 842 1188 880 ι’
1219 844 1342 893 sunt
1372 834 1724 894 conditiones,
1751 829 1838 882 ubi
1879 837 2098 896 sponta-

521 966 622 1006 nea
656 941 1008 1016 promissione
1044 936 1097 987 in
1131 929 1391 983 electione
1431 921 1648 993 gloriosi
1695 919 1861 972 nostri
1896 915 2095 970 domini

522 1008 802 1094 Wanibani
829 1031 968 1099 regis
993 1028 1104 1095 ipse
1133 1018 1545 1076 nefandissiinus
1587 1013 1803 1072 Paulus,
1850 1010 1931 1062 vel
1967 1008 2097 1061 socii

522 1132 603 1186 sui
631 1143 732 1182 una
760 1098 961 1192 pariter
985 1115 1262 1170 nobiseum
1295 1111 1701 1165 consenserunt,
1734 1109 1787 1153 et
1814 1098 2096 1154 inviolabi-

523 1222 644 1273 liter
671 1231 726 1270 se
761 1213 810 1267 ei
845 1209 927 1262 vel
973 1205 1159 1275 patriae
1189 1201 1346 1253 fidem
1383 1197 1759 1249 observaturos
1799 1190 1898 1242 sub
1935 1184 2098 1241 divini

521 1305 757 1364 numinis
787 1301 1072 1372 sponsione
1103 1306 1123 1332 α
1153 1291 1332 1345 testati
1371 1294 1512 1350 sunt,
1552 1299 1684 1350 quas
1715 1283 1876 1335 etiam
1910 1295 2100 1333 manus

522 1416 632 1455 sua:
660 1388 1142 1459 subscriptionibus
1168 1385 1507 1436 notaverunt.
1554 1374 1757 1440 Quibus
1786 1369 2102 1425 conditioni—

519 1493 620 1545 bus
652 1483 906 1540 reseratis
940 1487 1098 1545 atque
1133 1471 1399 1542 perlectis,
1433 1468 1498 1521 ad
1537 1463 1904 1520 confusionem
1945 1459 2104 1527 perli-

523 1582 624 1635 diie
666 1581 909 1646 ipsorum
963 1563 1286 1632 subscriptio
1345 1574 1533 1614 manus
1575 1557 1598 1594 ἀ
1644 1569 1827 1609 eorum
1873 1553 1925 1605 in
1973 1551 2102 1619 ipsis

522 1643 918 1723 conditionibus
965 1658 1042 1711 eis
1093 1652 1398 1722 aspicienda
1445 1648 1762 1702 ostenditur.
1812 1644 1938 1696 Post
1991 1643 2103 1694 luce

522 1759 639 1810 alite
673 1750 1008 1808 conditiones
1049 1745 1114 1798 ad
1160 1758 1294 1812 quas
1331 1742 1443 1808 ipse
1482 1737 1717 1806 perﬁdus
1766 1732 1963 1786 Paulus
2003 1745 2101 1798 po-

2385 467 2652 537 llispanice
2675 465 2876 535 populis
2911 463 3138 534 qualibet
3178 463 3522 533 conjuratione
3544 465 3719 518 velsttt-

2192 561 2278 613 dio
2306 571 2686 613 sacramentum
2712 557 2834 626 ﬁdei
2860 571 2988 618 sum,
3012 553 3150 624 quod
3189 571 3278 624 pro
3299 553 3474 622 patritr
3493 553 3721 624 gentisque

2195 649 2481 703 Gothorum
2501 657 2640 699 statu
2691 645 2766 699 vel
2799 646 3185 698 conservatione
3225 643 3375 712 regite
3395 643 3567 696 salutis
3597 644 3725 713 polli-

2195 739 2326 791 citus
2353 748 2445 800 est,
2475 735 2815 797 temerarerit,
2845 741 2948 787 etc.
2983 734 3182 786 Deinde
3204 732 3333 802 legis
3359 742 3435 786 est
3460 732 3612 786 relata
3631 748 3725 786 seu.

2197 828 2380 890 tentia,
2406 828 2458 880 in
2507 827 2644 879 libro
2668 841 2728 888 ιι,
2759 825 2842 877 tit.
2876 825 2924 887 1,
2979 838 3088 877 tera
3137 838 3212 885 vr,
3243 823 3331 874 ubi
3361 822 3424 874 ad
3468 822 3624 874 locum
3665 824 3729 876 sic

2197 919 2368 971 dicit:
2404 917 2428 954 ιε
2459 915 2762 984 Quicunque
2801 929 2865 966 ea:
2913 923 3140 982 tempore
3183 911 3463 964 reverenda:
3502 912 3730 963 memoria:

2199 1007 2483 1061 Cltintilani
2513 1005 2760 1075 principis
2784 1020 2943 1071 usque
2959 1001 3027 1054 ad
3050 1017 3243 1053 annum
3266 999 3372 1051 Deo
3410 998 3595 1066 favente
3613 999 3732 1065 regni

2201 1098 2362 1150 nostri
2389 1096 2690 1155 secundum,
2725 1092 2798 1147 rel
2826 1092 3013 1145 amodo
3049 1101 3094 1143 et
3126 1089 3284 1152 ultra,
3313 1099 3414 1143 etc.
3442 1087 3595 1155 Cujus
3615 1089 3731 1141 sacri

2200 1188 2420 1244 canonis
2447 1185 2802 1255 praeceptione
2846 1180 3116 1243 instructi,
3144 1195 3249 1233 non
3301 1177 3438 1231 ultra
3487 1177 3628 1230 nobis
3667 1185 3734 1228 est

2201 1279 2570 1340 dubitandum,
2606 1283 2665 1329 ut
2685 1273 2803 1326 illos
2825 1285 3115 1340 pareamus
3132 1268 3284 1337 juxta
3307 1268 3438 1337 legis
3462 1266 3607 1332 hujus
3628 1281 3733 1318 sen-

2203 1370 2446 1431 tentiam,
2479 1375 2532 1422 et
2555 1367 2608 1418 in
2633 1377 2856 1432 corpore
2891 1371 2943 1414 et
2973 1361 3023 1413 in
3070 1360 3230 1413 rebus
3270 1356 3540 1426 temporali
3575 1356 3737 1424 punire

2202 1477 2447 1524 censura,
2477 1473 2612 1527 quos
2642 1455 2752 1524 jam
2793 1455 2983 1507 Patres
3026 1452 3098 1505 illi
3126 1457 3385 1519 perpetuo
3431 1447 3734 1500 anathemate

2203 1563 2310 1606 tam
2338 1547 2562 1603 terribili
2583 1544 2783 1612 judicio
2810 1543 3196 1595 damnaverunt
3225 1537 3242 1576 ι
3279 1537 3330 1589 in
3357 1536 3544 1589 anima.
3567 1533 3637 1588 0b
3654 1533 3740 1584 hoc

2204 1635 2494 1695 secundum
2542 1636 2664 1688 latae
2695 1633 2826 1700 legis
2874 1631 3014 1684 edita
3032 1641 3092 1692 τη,
3133 1630 3237 1682 hoc
3284 1642 3467 1679 omnes
3505 1621 3738 1678 communi

2206 1730 2542 1786 deﬁnivimus
2565 1724 2848 1785 sententia,
2887 1731 2943 1774 ιιι
2985 1720 3122 1774 idem
3164 1717 3403 1786 perﬁdus
3433 1715 3612 1768 Paulus
3639 1726 3740 1766 cum

521 1847 705 1916 pulum
750 1841 848 1896 sibi
882 1838 1064 1906 jurare
1100 1835 1318 1893 fecerat,
1362 1831 1573 1883 reiectio
1622 1834 1765 1886 sunt,
1816 1824 1871 1877 in
1911 1821 2102 1889 quibus
2138 1825 2180 1886 Β
2207 1824 2366 1878 dictis
2397 1832 2420 1858 η
2455 1820 2616 1874 sociis
2642 1817 2752 1871 suis
2780 1823 2951 1869 morte
2994 1811 3306 1880 turpissima
3341 1804 3744 1863 condemnatiin—

2488 1910 2513 1916 ,λ
2599 1909 2629 1916 .-
3136 1910 3146 1916 .
3277 1915 3284 1916 ,
3388 1896 3573 1916 ν.ε,-.2-
3592 1894 3719 1916 ηελλ..

523 1939 624 1991 iste
659 1946 681 1972 ο
712 1928 997 1998 impietatis
1049 1934 1102 1978 et
1157 1921 1488 1976 crudelitatis
1532 1917 1662 1969 ordo
1709 1921 1950 1968 servatus
1999 1917 2100 1971 est,

526 2025 616 2078 ubi
656 2020 755 2089 ipsi
786 2018 950 2070 Paulo
977 2030 1162 2068 omnes
1198 2011 1328 2064 socii
1367 2009 1446 2062 sui
1479 2008 1576 2060 sub
1609 2006 1715 2059 isto
1747 2002 1934 2055 ordine
1959 1997 2106 2066 jura-

526 2121 737 2174 verunt,
775 2117 833 2161 ut
869 2117 921 2159 et
966 2104 1148 2158 ﬁdeles
1174 2102 1246 2155 illi
1281 2107 1488 2160 essent,
1528 2107 1584 2151 et
1621 2093 1946 2148 [unanimiter
1985 2103 2105 2142 cum

524 2218 589 2258 eo
624 2203 641 2241 ί
668 2211 854 2254 contra
891 2196 1179 2266 gloriosum
1212 2195 1235 2230 ε
1268 2191 1540 2244 dominum
1584 2194 1827 2239 nostrum
1855 2180 2109 2232 Wamba-

529 2310 651 2349 nem
685 2307 869 2361 regem
896 2291 920 2328 ιλ
944 2292 1270 2357 pugnarent,
1319 2290 1476 2350 atque
1503 2280 1555 2331 ia
1603 2275 1955 2343 dejectionem
1995 2269 2111 2337 ejus

530 2385 608 2437 vel
643 2381 942 2451 periculum
978 2391 1147 2444 usque
1189 2374 1253 2426 ad
1299 2371 1609 2424 effusionem
1650 2363 1924 2432 sanguinis
1952 2360 2111 2415 dimi-

530 2482 745 2536 carent,
795 2469 876 2522 vel
924 2475 1107 2520 contra
1147 2479 1240 2518 eos
1278 2462 1367 2530 qui
1411 2461 1654 2513 eumdem
1703 2457 1956 2508 domuum
2003 2467 2098 2504 no-

531 2571 702 2614 strum
752 2558 1034 2612 defendere
1089 2553 1400 2606 voluissent.
1430 2549 1720 2601 infaustum
1778 2558 1954 2612 regem
2001 2540 2112 2608 jam

531 2651 732 2703 dictum
772 2647 1058 2716 gloriosum
1091 2633 1343 2695 domuum
1381 2648 1620 2691 nostrum
1659 2635 1830 2687 Waml
1855 2647 2029 2692 auem,
2060 2639 2118 2683 ut

532 2753 693 2807 supra
736 2735 1073 2804 prtnmissu'n
1102 2740 1210 2792 'est,
1247 2731 1296 2782 in
1341 2729 1471 2795 ipsis
1505 2724 1810 2779 conditioni
1838 2738 1899 2774 us
1947 2721 2119 2773 uenti-

535 2837 739 2889 nantes,
769 2837 822 2878 et
853 2833 1045 2878 ezeiera
1085 2820 1428 2882 detestanda,
1460 2833 1578 2886 qua:
1613 2816 1664 2869 in
1699 2815 1826 2882 ipsis
1859 2811 2119 2866 conditio-

536 2920 695 2974 nibus
719 2916 1058 2984 rcperiuntur
1083 2911 1302 2977 scripta.

608 3012 660 3062 7.
696 3009 789 3062 llis
819 3005 1063 3061 excursis
1106 3010 1263 3068 atque
1296 2999 1563 3066 perlectis,
1590 3012 1852 3050 canonum
1894 3003 1974 3048 est
1997 3009 2121 3062 pro-

538 3101 645 3152 lata
684 3095 952 3151 sententia
978 3108 1042 3147 ex
1087 3090 1313 3145 concilio
1357 3088 1614 3140 Toletano
1648 3102 1753 3139 :era
1789 3101 1926 3139 vav
1962 3087 2001 3146 ί,
2030 3083 2120 3136 ubi

2207 1915 2449 1968 tcrirent.
2480 1909 2719 1975 Qualiter
2750 1921 2933 1960 casum
2967 1910 3240 1972 perpetua:
3275 1896 3576 1968 perditionis
3592 1894 3745 1946 viden-

2208 2015 2296 2059 tur
2323 2012 2347 2036 ο
2376 2001 2643 2068 excipere,
2677 1997 2766 2067 qui
2789 2005 2842 2049 et
2879 1993 3211 2047 eversionem
3262 1987 3497 2043 meditati
3529 1994 3640 2039 sunt
3670 1997 3748 2050 pa-

2209 2096 2345 2156 tria},
2377 2103 2429 2146 et
2488 2089 2745 2160 principis
2797 2085 3072 2139 interitum
3133 2080 3314 2135 conati
3365 2087 3485 2132 sunt
3525 2075 3744 2129 eximere.

2209 2183 2359 2249 Quod
2406 2182 2448 2233 si
2500 2179 2722 2231 forsitan
2753 2187 2780 2225 ιι
2807 2175 2884 2228 eis
2922 2189 2950 2227 a
2991 2173 3233 2242 principe
3289 2170 3574 2223 condonata
3615 2162 3749 2217 fuerit

2211 2279 2338 2340 vita,
2374 2292 2476 2330 non
2511 2275 2666 2328 aliter
2693 2287 2852 2341 quam
2897 2269 3094 2323 (vulsis
3133 2266 3425 2319 luminibus
3449 2269 3750 2317 reserventur

2215 2380 2271 2423 ut
2299 2369 2498 2421 vivant.
2527 2366 2631 2418 Res
2662 2375 2839 2417 tamen
2865 2376 3051 2414 omnes
3069 2358 3312 2426 ejusdem
3337 2355 3479 2409 Pauli
3501 2353 3750 2408 sociorum-

2214 2474 2318 2527 que
2347 2455 2461 2523 ejus
2493 2456 2543 2507 in
2570 2460 2836 2521 potestate
2880 2449 3095 2518 gloriosi
3145 2446 3320 2500 nostri
3354 2443 3536 2498 Domni
3587 2437 3752 2508 persis-

2216 2525 2402 2602 tcndas
2433 2559 2552 2599 esse
2599 2542 2955 2596 decernimus.
3015 2537 3260 2604 Qualiter
3296 2531 3544 2604 quidquid
3587 2531 3644 2583 de
3685 2525 3751 2581 his

2217 2655 2394 2709 agere,
2421 2637 2502 2689 vel
2524 2635 2767 2702 judicare
2801 2630 3020 2699 elegerit
3067 2626 3380 2681 serenitatis
3411 2638 3514 2677 suc
3558 2620 3755 2673 elemen-

2217 2708 2310 2791 tia,
2341 2735 2578 2796 potestas
2623 2724 2696 2777 illi
2741 2722 3039 2775 indubitata
3089 2723 3405 2786 permaneat
3443 2731 3454 2765 :
3488 2720 3542 2764 ut
3574 2708 3755 2762 seditio-

2217 2837 2399 2876 sorum
2425 2833 2614 2871 nomen
2639 2815 2879 2869 funditus
2897 2829 2932 2865 a
2963 2819 3101 2863 terra
3126 2808 3416 2876 dispereat,
3437 2811 3491 2856 et
3518 2800 3753 2869 lugubrem

2219 2925 2402 2964 eorum
2447 2905 2758 2961 memoriam
2809 2902 2893 2955 bis
2947 2898 3116 2952 titulis
3160 2897 3468 2950 denotatam
3497 2896 3753 2944 qsewtura

2220 3003 2414 3059 sucula
2441 2999 2638 3054 imitari
2666 2996 2950 3065 refugiant.
2976 2994 3008 3026 *ί

2763 3084 2990 3155 Eaplicit
3019 3080 3261 3151 feliciter.

539 3192 605 3244 ad
635 3191 810 3243 locum
841 3188 919 3242 sic
944 3185 1077 3238 dicit
1105 3201 1115 3235 :
1158 3181 1462 3249 Quicunque
1501 3177 1686 3230 anwdo
1719 3175 1732 3225 i
1774 3193 1837 3230 ca:
1884 3176 2026 3228 nobis
2050 3171 2196 3230 1'ch

1817 3289 2095 3344 TEXTCS
2134 3287 2495 3344 TUBENSIS.

539 3416 649 3494 Ego
676 3421 850 3490 tamen
894 3407 1087 3494 diaboli
1113 3405 1368 3485 instinctu
1408 3411 1726 3482 provocatus
1773 3400 1827 3452 id
1863 3398 1982 3451 feci.
2031 3397 2115 3477 Si-

538 3467 736 3538 militer
757 3479 870 3548 jam
899 3479 1023 3531 dicti
1061 3475 1191 3528 socii
1229 3473 1309 3527 sui
1337 3467 1545 3548 (pnesiti
1575 3481 1714 3528 sunt,
1745 3478 1799 3522 et
1824 3484 2012 3548 omnes
2045 3467 2116 3520 si-

540 3553 736 3607 militer
757 3538 1169 3617 'responderunt
1203 3562 1212 3596 :
1253 3538 1392 3617 unde
1429 3541 1657 3617 prolatio
1699 3548 1822 3617 sunt
1857 3538 2117 3592 conditio-

541 3637 652 3683 nes,
681 3620 770 3673 ubi
808 3607 1099 3686 spectant-:1
1132 3607 1486 3686 promissione
1523 3613 1573 3663 in
1607 3611 1873 3686 electione
1901 3607 2118 3675 gloriosi

538 3678 738 3746 domini
767 3678 934 3740 nostri
961 3678 1170 3738 [innubae
1207 3683 1348 3751 regis‘
1385 3683 1497 3748 ipse
1532 3679 1945 3734 nel’andissimus
1984 3678 2118 3729 Pau-

537 3763 620 3814 lus
644 3775 760 3812 cum
802 3758 956 3810 sociis
995 3757 1105 3808 suis
1156 3750 1497 3818 una'parier
1535 3750 1808 3802 nobiscum
1837 3762 2117 3800 consense—

539 3837 686 3891 runt,
717 3837 769 3878 et
794 3825 1167 3879 inviolabiliter
1193 3839 1248 3874 se.
1277 3822 1350 3872 illi
1379 3830 1433 3873 et
1466 3820 1652 3891 patriae
1680 3818 1835 3870 ﬁdem
1868 3818 2117 3870 observa—

540 3887 693 3952 turos
719 3911 838 3947 esse
865 3898 961 3946 sub
994 3891 1158 3944 divini
1186 3891 1418 3943 numinis
1441 3890 1726 3956 sponsione
1759 3887 1934 3939 testati
1971 3895 2114 3946 sunt,

543 3981 678 4035 quas
721 3965 880 4016 etiam
925 3961 1223 4035 sponsiones
1273 3975 1460 4035 manus
1496 3973 1603 4028 sua;
1641 3956 2119 4022 sul.:scrip'ionilms

546 4023 888 4089 notaverunt.
945 4023 1148 4094 Quibus
1210 4023 1603 4079 conditionibus
1650 4025 1936 4092 prrlectis,
1988 4040 2118 4092 quas

547 4105 646 4173 ipsi
695 4101 918 4173 maligne
968 4092 1323 4173 resecuerunt,
1375 4097 1438 4147 ad
1489 4095 1852 4148 confusionem
1888 4092 2122 4160 perfidia:

550 4161 788 4242 ipsorum
824 4161 1151 4242 subscriptio
1190 4181 1589 4242 lil:ltltlS__et)t'lllll
1619 4166 1670 4216 in
1702 4164 1828 4230 ipsis
1863 4161 2124 4214 conditio-

555 4233 712 4295 nibus
740 4241 818 4294 eis
851 4233 1155 4307 aspicienda
1198 4235 1532 4307 ostenditur:
1555 4235 1677 4286 Post
1717 4235 1828 4286 luce
1857 4233 1972 4284 alize
2003 4248 2130 4284 con—

552 4313 782 4366 ditiones
820 4311 886 4362 ad
912 4301 1044 4377 quas
1087 4308 1196 4374 ipse
1228 4305 1460 4372 perﬁdus
1505 4303 1697 4356 Paulus
1741 4304 1989 4371 pupzilazn
2030 4301 2130 4354 si.:i

2215 3396 2400 3463 jurare
2427 3394 2644 3454 fecerat,
2677 3391 2890 3463 reiecta}
2913 3399 3055 3444 sunt.
3100 3391 3154 3443 ln
3191 3390 3391 3458 quibus
3423 3391 3521 3443 iste
3550 3385 3760 3463 in'ipjeta—

2222 3455 2308 3529 iis,
2351 3474 2405 3517 et
2439 3463 2770 3517 crudelitatis
2799 3462 2931 3514 ordo
2959 3455 3226 3513 servatus'
3247 3469 3351 3524 est,
3401 3462 3484 3513 ubi
3513 3459 3598 3526 ipsi
3627 3455 3761 3508 Paulo

2220 3551 2408 3587 omnes
2455 3534 2586 3586 socii
2626 3533 2706 3586 sui
2740 3532 2838 3584 sub
2881 3533 2983 3584 isto
3026 3531 3213 3583 ordine
3253 3529 3582 3595 juravcruut,
3635 3538 3683 3578 ut
3721 3533 3763 3578 et

2221 3606 2405 3658 ﬁdeles
2438 3604 2508 3657 illi
2539 3611 2737 3663 essent,
2765 3612 2809 3652 et
2839 3602 3107 3653 unanimes
3130 3617 3246 3651 cum
3276 3601 3456 3652 eodem
3482 3607 3650 3652 contra
3677 3595 3766 3663 glo-

2222 3677 2420 3728 riosum
2445 3673 2716 3728 dominum
2757 3681 3000 3723 nostrum
3033 3685 3210 3738 regem
3241 3669 3565 3722 Bainbanem
3597 3680 3765 3734 pugna-

2222 3752 2362 3804 rent,
2401 3753 2560 3811 atque
2592 3744 2642 3795 in
2677 3741 3026 3811 dejectionem
3062 3741 3175 3806 ejus
3202 3740 3288 3791 vel
3323 3740 3604 3807 periculum
3631 3747 3765 3800 usque

2226 3817 2291 3866 ad
2321 3809 2633 3866 etfusibnem
2662 3811 2938 3878 sanguinis
2973 3809 3325 3871 dimicarent;
3380 3811 3459 3863 vel
3494 3815 3659 3861 contra
3693 3816 3766 3856 eos

2225 3885 2314 3952 qui
2356 3883 2589 3936 eumdem
2625 3875 2791 3949 regem
2832 3879 3116 3952 defendere
3158 3878 3472 3933 voluissent.
3519 3875 3766 3930 Infaustam

2219 3948 2331 4021 jam
2377 3953 2576 4005 dictum
2634 3948 2809 4018 regem
2854 3949 3171 4021 gloriosum
3199 3948 3626 4016 Bambanemwt
3658 3957 3770 4019 pne--

2229 4011 2450 4101 inissmn
2491 4026 2603 4089 est)
2639 4011 3284 4087 iu'ipsisvconditionibus
3319 4011 3580 4072 temerarie
3613 4011 3768 4084 reperi-

2230 4104 2316 4145 tur
2343 4102 2619 4158 scriptum.

2305 4162 2354 4213 7.
2393 4163 2460 4214 lis
2484 4161 2725 4213 cst-ursis
2764 4168 2923 4226 atque
2962 4158 3241 4225 perlectis,
3278 4173 3540 4212 c:monum
3570 4161 3768 4226 est‘pmv

2241 4233 2349 4284 lata
2375 4231 2637 4283 senten‘ia
2668 4247 2732 4283 ex
2770 4221 2997 4282 concilii»
3035 4228 3316 4292 Toletano,
3349 4228 3566 4298 quniiter
3587 4221 3767 4275 debeant

2241 4302 2416 4368 puniri
2445 4301 2746 4368 liujusmodi
2779 4308 3227 4361 transgressores.

2069 4389 2296 4443 ΝΟΤᾹΞ.

631 4504 652 4529 α
684 4489 766 4551 1⁷η
802 4487 1084 4556 impertire.

632 4561 655 4597 ι)
685 4560 782 4618 1(1.,
806 4556 1036 4626 perlutcr.

635 4641 654 4662 ί·
692 4627 809 4689 Ms,
836 4633 1085 4690 corrupte
1110 4633 1306 4688 sponte.

637 4697 654 4733 ι’
686 4697 778 4758 Id.,
811 4693 1067 4746 manibus.

639 4781 660 4803 ι’
687 4766 769 4828 1³η
807 4764 978 4815 istius.

641 4837 658 4873 τ
688 4835 784 4897 Id.,
813 4850 929 4885 cum
958 4830 1154 4883 eodem.

638 4908 661 4944 ε
689 4907 760 4959 Id.
794 4919 897 4956 non
928 4903 1085 4954 habet
1111 4899 1416 4967 gloriosum.

640 4977 661 5014 ιι
686 4977 757 5028 Id.
785 4984 903 5042 post
936 4985 1122 5038 regem,
1147 4968 1294 5042 addit
1325 4984 1443 5042 cum
1469 4986 1548 5020 eo.

642 5047 652 5084 ί
692 5035 902 5108 1).,’(ιξι·‹ι
933 5035 1067 5101 xiv;
1109 5039 1200 5108 sed
1245 5046 1351 5089 tam
1386 5038 1469 5089 hic
1517 5051 1674 5104 quam
1709 5035 1888 5088 cznteri
1945 5049 2129 5085 errore

563 5103 826 5175 laborant,
859 5127 978 5166 cum
1015 5107 1292 5176 legendum
1324 5115 1483 5167 esset,
1537 5103 1642 5160 trra
1697 5120 1844 5158 mm.
1902 5103 2132 5156 Sanctus

560 5182 801 5236 Julianus
829 5184 939 5235 hinc
967 5174 1204 5232 scribens
1237 5177 1390 5229 refert
1424 5193 1540 5229 sese
1587 5177 1652 5228 ad
1675 5192 1792 5228 can.
1821 5174 1885 5224 75
1921 5174 2133 5226 concilii

566 5252 803 5306 Toletani
834 5267 904 5315 Iv,
930 5263 1070 5301 anno
1096 5247 1200 5299 655
1225 5246 1388 5299 habiti
1427 5265 1518 5300 seu
1543 5263 1647 5299 iura
1665 5246 1786 5307 ti'il,
1803 5243 1954 5308 cujus
1975 5258 2135 5295 cano-

564 5323 648 5376 nis
673 5332 798 5376 sunt
828 5321 987 5373 verba
1013 5317 1098 5370 hic
1127 5316 1306 5368 allata.

637 5391 650 5439 1'
690 5393 744 5445 In
768 5389 830 5444 F.
861 5391 1008 5443 deest
1031 5386 1238 5438 amodo.

639 5460 662 5498 κ
696 5461 800 5513 Lex
832 5461 946 5528 hinc
967 5466 1048 5509 est
1076 5471 1146 5508 vn
1167 5456 1265 5528 lib.
1284 5471 1343 5516 Il,
1371 5455 1452 5508 tit.
1478 5456 1522 5517 l,
1550 5455 1725 5524 legum
1745 5451 2096 5521 Wisigotbor.
2119 5468 2132 5515 ;

567 5528 663 5583 sed
703 5530 830 5600 quid
866 5526 1129 5597 Signilicet
1160 5523 1400 5578 Julianus
1425 5541 1521 5594 per
1547 5543 1652 5579 trra
1681 5541 1752 5588 γι,
1785 5523 1926 5579 haud
1951 5530 2133 5576 mente

2170 4485 2216 4539 ι)
2244 4479 2674 4546 complectimur,
2718 4479 2817 4530 nisi
2865 4477 2990 4529 velit
3016 4477 3313 4546 intelligere
3343 4493 3502 4530 teram
3529 4473 3621 4527 6⁵16
3647 4472 3764 4546 (ann.

2400 4550 2450 4627 in
2481 4564 2584 4616 qua
2616 4549 2882 4627 celebrata
2924 4549 3024 4599 fuit
3051 4537 3285 4627 synodus
3332 4547 3578 4599 'l‘oletana
3603 4537 3769 4627 Inﬁt“)

2245 4610 2548 4671 (ibintilatie
2582 4635 2724 4687 rege,
2758 4619 2845 4670 ubi
2875 4610 3093 4670 canone'
3117 4617 3184 4668 12
3221 4626 3274 4669 et
3308 4617 3372 4669 -18
3417 4617 3468 4669 in
3505 4610 3769 4687 confugien-

2245 4697 2325 4740 tes
2355 4689 2419 4739 ad
2453 4685 2661 4749 hostes,
2682 4697 2735 4739 et
2785 4691 2836 4741 in
2883 4687 3105 4738 salutem
3149 4687 3408 4754 principis
3447 4685 3771 4754 machinantes

2241 4760 2426 4837 eadem
2473 4747 2736 4810 sententia
2760 4757 3125 4837 indicit-unae
3150 4747 3216 4808 ea
3243 4747 3403 4823 quam
3451 4755 3646 4837 intituant
3685 4747 3770 4824 Ιεξκν

2241 4828 2492 4879 nimirum
2544 4829 2808 4880 sententia
2851 4826 3115 4894 capitalis,
3155 4827 3237 4878 vel
3263 4815 3546 4879 'oculorum
3571 4815 3768 4894 effossiq-

2239 4897 2441 4950 Auetor
2493 4897 2622 4966 legis
2671 4898 2879 4950 videtur
2917 4883 3043 4948 'esse
3101 4883 3534 4956 Reccesvintbus,
3588 4888 3668 4958 qui
3716 4883 3770 4936 ab

2238 4982 2378 5018 anno
2402 4965 2503 5017 (Siti
2530 4965 2696 5035 usque
2726 4969 2790 5022 ad
2820 4967 2925 5019 672
2949 4967 3095 5019 solus
3132 4977 3185 5020 et
3221 4982 3342 5018 cum
3399 4966 3512 5033 ejus
3549 4968 3683 5030 patre
3703 4965 3772 5005 '0‘

2238 5050 2396 5102 gnum
2421 5038 2674 5089 obtinuit.

2317 5105 2328 5142 ι
2362 5105 2444 5166 1⁴“.,
2481 5107 2811 5159 damnavere.

2312 5187 2348 5212 ηι
2376 5176 2471 5237 Id.,
2502 5177 2690 5227 edicta.

2315 5255 2338 5280 "
2365 5247 2463 5306 |.l.,
2491 5261 2604 5296 cum
2627 5247 2743 5314 jam
2765 5244 2937 5297 dictis.

2314 5322 2338 5347 θ
2365 5316 2462 5376 Id.,
2495 5316 2786 5367 rideantur.

2319 5395 2343 5432 P
2376 5385 2470 5444 Id.,
2498 5383 2696 5451 forsan.

2315 5465 2340 5503 (ι
2370 5455 2456 5516 1).,
2483 5453 2798 5506 devolutum.
