4028 6176
412 317 518 374 915

482 428 560 482 Te
586 425 846 481 'l‘olctauo
886 424 1061 493 pietas
1094 422 1334 493 pragfecit
1365 423 1527 478 ovili:

554 498 763 552 Divisas
792 492 947 549 sedes
975 492 1171 563 prmsul
1201 508 1496 562 amansque
1529 494 1701 549 vides.

485 568 567 621 Nil
597 581 704 620 uno
728 564 918 619 melius
947 563 1066 628 fuit,
1094 571 1189 617 aut
1214 571 1265 616 te
1293 565 1532 619 sanctius
1554 579 1693 618 uno:

553 638 620 691 Et
647 637 956 691 dementato
985 649 1109 704 rege
1138 633 1324 690 dolens
1356 635 1605 689 moreris.

484 708 559 761 Te
586 706 790 766 socium
820 704 957 759 lzetis
986 703 1248 758 Leucadia
1281 705 1504 773 suscipit
1528 704 1689 769 ulnis,

550 776 760 853 Corpus
787 776 970 853 humo,
999 781 1231 853 mentem
1272 773 1393 828 lzeta
1422 775 1521 853 sub
1547 774 1654 853 alta
1678 774 1889 853 locans.

481 843 676 903 Gaude’
689 855 834 901 sorte
866 852 975 909 tua,
1000 843 1191 913 praesul
1222 844 1521 898 venerande
1542 844 1792 911 Quirice;

557 916 649 973 Sic
675 916 936 972 Dominus
962 915 1121 969 terris
1146 929 1224 979 es,
1252 914 1615 984 Dominusque
1641 914 1784 984 polo.

1158 1006 1244 1061 111.

579 1104 647 1158 1η
676 1100 913 1174 sepulcro
939 1098 1149 1156 Gudila:
1184 1099 1545 1154 archidiaconi
1575 1096 1831 1154 Toletani.

485 1197 666 1253 Gloria
693 1195 867 1251 Toleti
891 1193 1037 1262 jacet
1080 1194 1181 1247 hac
1215 1192 1315 1247 sub
1343 1191 1482 1246 mole
1512 1191 1751 1262 sepultus

555 1266 768 1331 Gudila,
804 1261 930 1334 pars
962 1263 1125 1317 animi
1164 1261 1716 1334 dimidiumqnemei.

487 1339 589 1407 Qui
614 1337 761 1407 senis
781 1332 821 1388 εἰ
843 1342 1033 1407 tenera
1052 1346 1231 1407 mores
1254 1340 1411 1407 aetate
1438 1332 1673 1407 tenebat,

560 1409 627 1462 Et
653 1420 677 1447 ιι
697 1405 912 1475 juvenis
936 1403 1063 1458 fecit
1089 1403 1178 1475 hic
1195 1401 1435 1475 juvenile
1457 1401 1612 1475 nihil.

486 1472 721 1547 Spiritus
748 1477 801 1529 in
831 1490 988 1530 sacro
1018 1473 1286 1528 residebat
1310 1480 1530 1547 pectore
1562 1472 1786 1533 Christi,

560 1547 826 1617 Exprimit
851 1547 995 1617 hunc
1022 1552 1214 1617 totum,
1232 1543 1503 1617 moribus,
1535 1556 1649 1603 ore,
1678 1557 1859 1617 manu.

485 1611 826 1689 Panpéribus
844 1616 995 1670 cibus
1023 1612 1621 1689 est,_viduis_solamen,
1652 1620 1714 1665 ut
1737 1611 1898 1681 :egris

560 1682 725 1745 Grata
752 1686 933 1742 salus:
967 1685 1180 1739 miseris
1207 1682 1457 1737 omnibus
1483 1697 1621 1736 unus
1647 1690 1783 1735 erat.

488 1758 745 1814 Mercaris
772 1755 982 1810 meritis
1017 1754 1221 1817 multis,
1255 1754 1393 1807 bone
1422 1751 1634 1813 Gudila,
1663 1752 1888 1807 cadum:

557 1829 667 1884 Nos
690 1825 1014 1882 desiderium
1046 1824 1283 1878 lancinat
1304 1838 1473 1890 usque
1501 1821 1598 1876 tui.

491 1899 883 1979 Molrcntesque
902 1909 1161 1975 vocamus
1186 1908 1329 1979 eum,
1362 1908 1523 1979 quem
1551 1892 1767 1979 sustulit
1797 1894 1993 1947 aether:

562 1962 1054 2036 Proscquimurque
1090 1965 1195 2033 piis
1230 1962 1419 2017 funera
1454 1962 1785 2036 lacrymnlis.

488 2039 604 2094 Non
631 2032 819 2103 violas,
849 2032 1169 2101 tene'rasq’ue
1196 2048 1368 2098 rosas,
1401 2048 1508 2088 non
1551 2032 1660 2087 lilia
1689 2048 1824 2088 cana

559 2108 873 2178 Spargimus
900 2106 969 2160 ad
990 2104 1274 2167 tumulum,
1303 2104 1397 2158 sed
1422 2104 1562 2178 bona
1585 2111 1728 2167 vota,
1757 2111 1926 2157 tuum.

487 2173 747 2248 Nos—ergo
767 2193 797 2232 c
822 2190 1016 2246 supera
1045 2182 1328 2244 prospecta
1353 2173 1614 2230 candidus
1640 2188 1795 2238 arce;

450 2385 461 2395 .
488 2311 628 2437 ιιιιάἶ
655 2311 725 2366 ad
754 2310 896 2366 diem
924 2316 1175 2365 octavam
1207 2305 1384 2362 Martii
1422 2307 1567 2362 hunc
1608 2314 2005 2376 pentametrum

450 2399 498 2437 nc
546 2392 696 2437 emt:

417 2392 498 2439 sic
526 2392 657 2451 legit
681 2398 696 2435 :

600 2471 707 2532 Cui,
732 2471 822 2520 nisi
838 2469 1143 2533 simplicitas,
1170 2468 1236 2518 nil
1259 2465 1474 2529 iuvenile
1493 2466 1600 2517 fuit.

454 2606 685 2629 ψ

1148 313 1240 369 AD
1268 314 1325 378 S.
1367 311 1631 369 JULIAM
1673 311 1916 368 TOLET.
1962 311 2176 368 EPISC.
2217 310 2445 368 OPERA
2486 308 2936 367 Al‘l‘ENDlCES.

3585 308 3701 366 816

2238 422 2422 489 Teque
2463 435 2635 486 amor,
2666 430 2721 475 et
2758 432 2991 487 moveat,
3019 420 3235 489 Gudila,
3264 439 3393 479 cura
3419 424 3548 479 mei.

2170 491 2434 563 Mtenibus
2462 505 2493 544 a
2534 491 2723 563 patriis
2748 493 2967 563 morbos
2995 503 3201 563 averte,
3227 492 3553 563 famemque,

2239 561 2580 630 Hostilesque
2618 561 2813 625 minas,
2840 562 3091 630 dogmata
3118 562 3272 629 falsa,
3301 561 3470 618 dolos}

2168 632 2343 703 Toleti
2362 648 2433 703 ne
2449 640 2643 703 temne
2679 646 2886 700 preces,
2911 634 3237 703 cornitisque
3263 642 3502 703 rogatus,

2238 702 2340 768 Qui
2368 701 2462 757 tibi
2485 700 2577 755 dat
2603 716 2823 755 carmen
2854 712 2938 755 sat
2963 700 3211 758 Julianus
3231 700 3447 758 amans:

2172 770 2417 840 Ossaque
2437 771 2635 825 Felicis
2659 780 2750 825 tua
2779 786 2933 826 sacra
2962 773 3146 827 condit
3168 774 3222 827 in
3242 774 3376 832 aede.

2237 840 2403 912 Cujus
2426 855 2578 897 mens
2600 842 2813 910 superis
2836 850 2920 896 est
2955 843 3162 899 sociata
3188 843 3391 899 choris.

2845 971 2914 1028 IV

2499 1082 2568 1137 In
2594 1082 2831 1155 sepulcro
2863 1083 2998 1156 regis
3027 1082 3285 1141 Wambw.

2172 1194 2403 1267 wamba
2423 1195 2593 1267 prius,
2610 1195 2704 1265 qui
2728 1192 2922 1267 Petrus
2944 1210 3086 1267 eras,
3103 1196 3389 1267 missasque
3417 1199 3693 1266 minister,

2244 1266 2357 1320 Rex
2385 1266 2651 1320 Gotthicw
2681 1266 2858 1336 gentis
2883 1265 3140 1336 religione
3172 1265 3358 1324 mica—st

2174 1335 2379 1407 Sponte
2401 1345 2621 1407 tuanon
2644 1335 2864 1391 alfectas
2887 1335 3066 1407 regale
3097 1351 3375 1405 cacumen,

2250 1405 2356 1460 Sed
2391 1406 2540 1461 subis
2562 1406 2774 1474 imperii
2801 1405 3004 1474 grande
3028 1416 3248 1462 coactus
3285 1419 3440 1464 onus.

2175 1475 2311 1547 Spes
2333 1483 2443 1541 tua,
2467 1484 2801 1547 conatusque
2831 1486 2974 1539 tuus,
3016 1476 3219 1531 virtute
3249 1479 3486 1547 potentis

2246 1545 2460 1611 Fretus,’
2491 1546 2759 1601 inauditas
2788 1562 2875 1601 res
2905 1554 3161 1614 operatus
3190 1545 3339 1603 ades.

2174 1614 2330 1687 Nulla
2354 1615 2578 1687 perinde
2605 1615 2697 1669 tali
2717 1631 2812 1687 res
2837 1617 3046 1687 gratior
3066 1632 3238 1686 usque
3262 1619 3444 1687 quiete
3468 1627 3578 1673 est:

2247 1684 2568 1759 Caetronium
2592 1684 2980 1755 gaudens'post
3009 1684 3165 1759 sacra
3192 1684 3406 1757 sceptra
3434 1690 3588 1759 petis.

2176 1755 2396 1825 Septem
2455 1756 2530 1811 ibi
2584 1762 2871 1824 perpetuos
2916 1756 3216 1813 monachus
3262 1755 3401 1814 liene
3434 1755 3694 1828 praeteris

2251 1895 2279 1936 b
2302 1895 2429 1950 Inde
2452 1894 2631 1951 oblata
2659 1894 2825 1950 caelos
2851 1902 3024 1950 morte
3056 1896 3247 1951 beatus
3269 1897 3404 1953 adis.
3471 1828 3685 1902 [311005,

2176 1958 2327 2021 Felix
2358 1965 2589 2021 Wamba
2613 1973 2702 2020 tua
2729 1966 2970 2020 censeris
2994 1975 3140 2021 sorte
3167 1966 3334 2023 fuisse
3358 1987 3371 2023 :

2250 2036 2383 2091 Tam
2405 2036 2541 2090 bene
2568 2035 2662 2104 qui
2687 2035 2852 2090 calcat
2880 2044 3112 2105 sceptra,
3136 2051 3233 2105 per
3256 2048 3402 2094 astra
3422 2038 3583 2094 volet.

2181 2105 2398 2175 Septem
2424 2112 2636 2174 sceptra
2664 2113 2769 2175 tute
2788 2107 2966 2173 gentis
2993 2107 3287 2162 moderaris
3315 2109 3369 2162 in
3397 2124 3587 2173 annos,

2249 2174 2380 2243 Quae
2408 2175 2543 2230 sinis
2570 2174 2715 2230 haud
2738 2176 2915 2231 morbi
2942 2176 3102 2237 mole.
3131 2176 3225 2232 sed
3251 2179 3364 2248 ipse
3393 2180 3585 2235 libens.

2182 2307 2210 2346 δ
2243 2307 2320 2362 Id.
2345 2306 2475 2362 ibid.

2305 2346 2320 2361 .
2345 2324 2361 2361 1
2460 2346 2475 2361 .

2243 2307 2467 2449 ωουῗὲ
2490 2399 2604 2451 inde
2623 2398 2761 2464 polos
2782 2407 2940 2450 morte
2966 2401 3140 2451 beatus
3165 2402 3286 2451 adis.

1516 2713 2035 2791 APPENDIX
2094 2712 2581 2791 SECUNDA.

951 2888 1301 2962 IDALII
1357 2841 2244 2958 BmomONENSIS
2304 2884 2847 2957 Epis'roue
2916 2882 3177 2955 nam.

1692 3040 1784 3101 (Ex
1810 3040 2071 3103 Dacherio,
2095 3039 2456 3105 Splcilegium.)
2918 3056 2921 3057 '

945 3227 1281 3287 EPISTOLA
1307 3228 1543 3285 PRIMA.

490 3326 849 3402 Sanctissimo
876 3331 933 3378 et
959 3322 1092 3402 mihi
1130 3336 1242 3392 pm
1266 3321 1480 3402 caeteris
1505 3318 1764 3402 peculiari
1790 3319 2009 3402 domino

421 3404 635 3459 Juliano
683 3397 976 3473 Toletanaai
1005 3388 1196 3473 primae
1249 3391 1396 3448 sedis
1437 3388 1691 3460 episcopo
1730 3402 1757 3430 ιι
1810 3388 2011 3447 ldalius

421 3468 840 3542 Barcinoneiisis
866 3463 1018 3520 sedis
1030 3463 1332 3534 episcopus.
1476 3530 1487 3542 ⁸
1776 3530 1788 3542 ο

490 3537 888 3598 Recordatione
938 3530 1183 3590 meorum
1215 3530 1622 3603 peccaminum
1669 3530 1916 3600 pavidus,
1956 3538 2013 3586 et

423 3610 684 3670 memoria
712 3606 1012 3677 ingentium
1047 3603 1352 3677 _criminum
1377 3616 1774 3677 usquequaque
1810 3610 2011 3677 perter-

423 3688 580 3748 ritus,
610 3671 923 3750 putaveram
952 3674 1165 3750 divinas
1190 3688 1349 3728 aures
1376 3672 1430 3725 in
1463 3671 1597 3750 meis
1616 3672 1831 3750 penitus
1850 3671 2012 3727 obdu-

424 3741 577 3809 ratas
612 3741 790 3803 .l'uisse
826 3744 1177 3808 clamoribus,
1228 3758 1352 3796 cum
1398 3741 1773 3810 promissionis
1816 3752 2013 3796 vestra“:

425 3822 646 3876 minime
670 3818 1004 3886 perciperem
1033 3827 1186 3886 opus.
1223 3812 1296 3886 Et
1322 3809 1470 3886 licet_
1498 3809 1806 3877 hujnsmodi
1844 3825 2011 3886 causa

425 3897 572 3946 nunc
597 3879 1344 3953 diversis”perturbationibus
1387 3879 1645 3953 agitatus,
1684 3896 1827 3936 nunc
1846 3880 2011 3935 etiam

424 3966 634 4031 θριειιτρ⁸
645 3949 1067 4031 opportunitatis
1113 3958 1309 4004 eventu
1330 3949 1593 4031 privatus,
1628 3956 1740 4013 aut,
1769 3960 1832 4031 nt
1859 3965 2011 4031 asso-

426 4018 521 4096 lét,
551 4018 819 4096 oblivione
866 4022 1136 4096 detentus,
1192 4018 1626 4096 suggestionibus
1679 4019 1815 4096 meis
1859 4020 2013 4096 vate-

426 4088 718 4156 factionem
773 4094 1047 4148 alternans
1085 4090 1115 4130 ι)
1154 4088 1430 4143 sanctitati
1486 4094 1682 4141 vestrae
1740 4088 2013 4143 intulerim

429 4170 652 4227 minime
700 4172 912 4236 preces,
945 4160 1116 4236 fretus
1148 4166 1331 4236 tamen
1384 4156 1682 4236 Salvatoris
1717 4168 1771 4212 et
1793 4158 2015 4236 Redem-

427 4226 602 4312 ptoris
630 4226 1072 4312 nostrioraculo,
1107 4244 1225 4312 quo
1271 4226 1583 4312 discipulos,
1630 4229 1901 4312 securavit
1932 4229 2015 4283 di-

431 4299 602 4369 cendo
631 4324 645 4362 :
695 4305 756 4364 Si
784 4305 890 4360 duo
918 4319 983 4358 ea:
1037 4301 1178 4356 vobis
1234 4299 1584 4370 consenserint
1614 4315 1770 4370 super
1795 4309 2010 4370 terram,

431 4367 497 4438 de
528 4378 669 4437 omni
717 4393 772 4432 re
819 4388 1180 4446 quamcunque
1223 4370 1500 4441 petierunt,
1530 4368 1622 4438 [iet
1658 4367 1765 4423 illis
1795 4387 1827 4446 ᾳ
1854 4368 2015 4446 Patre

432 4468 545 4509 meo
579 4450 760 4522 quiin
818 4439 972 4522 cwlis‘
1006 4451 1081 4497 est
1094 4439 1123 4507 ','
1162 4439 1357 4522 vestra:
1391 4453 1606 4522 quoque
1642 4439 2016 4522 promissionis

432 4510 627 4577 ﬁducia
652 4518 925 4573 uberrime
952 4512 1144 4576 lretus,
1188 4511 1352 4565 ﬁxum
1385 4510 1548 4565 corde
1575 4510 1847 4579 tenebam,
1871 4510 2017 4580 quod

2038 3234 2086 3299 (ζ
2115 3229 2201 3287 vel
2243 3242 2407 3299 smpc,
2457 3234 2519 3299 ut
2548 3226 2691 3282 idem
2737 3226 2845 3299 qui,
2865 3226 3066 3295 ubique
3114 3237 3411 3299 przesenSf3
3441 3235 3529 3299 est
3554 3228 3701 3284 cordi

2115 3306 2297 3355 vestro
2321 3295 2648 3367 'inspirator
2684 3295 2921 3364 adesset,
2960 3305 3015 3352 et
3045 3295 3187 3352 votis
3219 3295 3423 3353 nostris
3453 3296 3703 3354 ell‘ectum

2114 3369 2335 3425 tandem
2367 3375 2673 3438 prmstaret.

2182 3458 2337 3514 Nune
2363 3471 2494 3528 ergo
2527 3456 2654 3526 quia
2695 3457 2956 3514 Dominus
3004 3472 3214 3528 memor
3240 3456 3343 3511 fuit
3365 3458 3500 3528 mei,
3533 3467 3588 3514 et
3614 3475 3705 3515 vo-

2113 3539 2293 3584 torum
2321 3527 2566 3583 meOrum
2592 3542 2678 3597 me
2705 3537 3008 3597 compotem
3039 3527 3188 3592 fecit,
3218 3527 3413 3596 gaudio
3435 3544 3499 3584 os
3525 3546 3704 3585 meum

2115 3599 2435 3676 ct_linguam
2470 3596 2841 3676 exsultatione
2875 3598 3120 3676 replevit,
3157 3607 3372 3676 cum_e_t
3396 3613 3493 3676 vos
3528 3599 3707 3676 perfer

2115 3667 2299 3726 ctione
2321 3668 2493 3723 sancti
2524 3667 2703 3737 operis
2736 3667 3050 3731 cumulavit,
3080 3676 3134 3723 et
3163 3683 3248 3723 me
3295 3667 3497 3723 laboris
3532 3667 3703 3725 vestri

2114 3740 2311 3797 ell'cctu
2373 3737 2581 3793 ditavit.
2630 3737 2817 3792 Dicam
2869 3753 3000 3807 ergo
3046 3738 3125 3792 illi
3179 3753 3303 3792 cum
3344 3738 3704 3796 exsultatione

2115 3809 2313 3865 mentis
2338 3809 2614 3878 propheta:
2641 3807 2744 3878 sui,
2771 3808 2953 3862 verbis
2978 3822 2992 3862 :
3022 3807 3332 3862 Benedictus
3369 3807 3529 3873 Deus,
3555 3810 3707 3865 bene-

2115 3880 2286 3949 dictus
2310 3876 2568 3949 Dominus
2615 3877 2682 3931 de
2710 3876 2796 3949 die
2822 3878 2889 3949 in,
2914 3878 3073 3949 diem.
3118 3878 3427 3933 Adveniens
3474 3895 3706 3949 namque

2115 3948 2332 4020 quidam
2347 3946 2583 4020 .ludzeus,
2600 3947 2819 4020 nomine
2857 3947 3177 4020 Restitutus,
3194 3948 3348 4020 quasi
3364 3949 3602 4007 brutum.
3617 3946 3703 4004 ἰιι

2115 4018 2452 4089 itadixcrim,
2490 4018 2710 4083 animal,
2758 4018 3039 4089 materiam
3079 4018 3268 4072 lumini
3315 4030 3703 4089 congruentem

2115 4089 2421 4159 deportans,
2438 4088 2657 4153 librum,
2676 4102 2834 4157 quem
2852 4087 3089 4159 studiosa
3104 4089 3368 4143 brevitate
3398 4087 3508 4143 non
3531 4091 3705 4145 solum

2114 4158 2197 4214 ex"
2216 4158 2559 4227 antiquorum
2588 4166 2895 4213 sanctorum
2921 4158 3143 4213 Patrum
3180 4159 3484 4225 sententiis,
3516 4175 3704 4215 verum

2115 4229 2280 4284 etiam
2307 4228 2606 4298 inspirante
2627 4236 2684 4282 et
2734 4229 2962 4284 docente
3013 4227 3254 4294 Christo,
3285 4228 3471 4285 labore
3499 4245 3565 4285 ac
3601 4239 3710 4286 stu~

2115 4299 2204 4354 dio
2221 4299 2449 4370 proprio
2484 4313 2883 4370 consummare,
2920 4305 2975 4370 et
3019 4306 3217 4353 nostra:
3267 4299 3483 4369 ineptia:
3508 4301 3711 4355 sancti-

2118 4368 2555 4441 tudinisvestra:
2578 4368 2862 4441 prudentia
2892 4368 3110 4441 mittere
3143 4368 3477 4441 procuravit,
3505 4371 3709 4441 gemel-

2116 4439 2183 4495 lls
2208 4438 2457 4493 manibus
2477 4437 2875 4510 obtulit,_quem
2904 4437 3161 4510 aviditate
3183 4440 3439 4495 noscendi
3464 4437 3702 4510 rapiens,

2116 4519 2300 4579 potius
2333 4523 2505 4581 quam,
2538 4508 2841 4581 accipiens,
2880 4508 3141 4564 citissime
3167 4510 3349 4579 pandi,
3380 4508 3710 4581 titulumque

434 4606 608 4660 neque
631 4588 832 4660 veritas
857 4582 1080 4660 mentiri
1110 4582 1381 4660 ullatenus
1424 4588 1626 4660 posset2
1678 4594 1854 4660 neque
1880 4578 2018 4660 veri-
2044 4592 2095 4653 ο
2119 4578 2308 4635 contra
2339 4578 2679 4660 suspiciens
2698 4578 2724 4617 ἀ
2748 4579 3025 4660 .miratum
3074 4578 3193 4660 esse
3248 4594 3337 4634 me
3371 4579 3564 4660 fateor,
3607 4578 3707 4660 cur

434 4649 565 4717 tatis
594 4657 773 4715 cultor
818 4663 979 4724 atque
1031 4651 1326 4724 discipulus
1361 4649 1661 4724 mendaciis
1696 4649 2013 4724 deserviret.

433 4728 827 4802 Exspectabam
864 4721 994 4794 ergo
1041 4721 1418 4802 sanctitudinis
1446 4721 2017 4802 vestraahpromiss‘um,

434 4789 584 4872 spem
632 4811 884 4872 magnam
929 4789 1234 4862 'repositam
1289 4790 1495 4872 habens
1546 4790 1602 4843 in
1632 4789 1860 4872 Domino
1890 4789 2019 4872 Jesu

433 4860 693 4927 Christo:
726 4860 956 4924 orabam
1002 4860 1217 4927 tamen,
1260 4868 1317 4915 et
1348 4860 1394 4915 si
1428 4875 1537 4915 non
1566 4861 1826 4928 quotidie,
1871 4868 2019 4915 certe

505 4994 532 5023 ι
567 4978 721 5037 Sedis
751 4978 1010 5048 episcopo.
1058 4973 1231 5048 Antea
1262 4971 1562 5048 _legebatur
1603 4971 1856 5048 apostolo.
1893 4971 2021 5048 llazc

433 5049 661 5122 cpistola
697 5056 752 5105 ct
779 5041 1026 5122 sequens
1075 5041 1369 5122 editmjam
1423 5041 1874 5122 eralitaJoanne
1914 5042 2018 5122 (ξο-

433 5112 607 5177 ehlzro'
633 5120 691 5174 in
732 5112 889 5174 calce
941 5115 1201 5169 librorum
1230 5113 1439 5168 Juliani
1495 5112 1761 5177 Toletani,
1820 5113 2010 5182 Lipsiae

433 5188 755 5255 :mno1536,
790 5195 852 5241 ut
884 5185 1103 5255 quidem
1152 5191 1337 5239 monet
1383 5183 1670 5255 Balnzius;
1702 5199 1829 5255 nam
1864 5182 2009 5237 illam

433 5253 924 5317 editionem'nohis
954 5255 1137 5310 videre
1165 5270 1273 5310 non
1318 5253 1543 5319 contigit
1568 5270 1582 5319 ;
1619 5267 1719 5308 nec
1760 5253 1827 5307 de
1848 5268 1911 5308 ea
1934 5268 2014 5307 re-

433 5331 689 5403 perienda
724 5328 949 5383 multum
982 5324 1311 5390 curavimus,
1334 5322 1489 5403 quod
1513 5323 1662 5378 nullo
1679 5323 1840 5403 nobis
1862 5322 2014 5403 adju-

436 5393 619 5457 inento
662 5413 780 5455 esse
810 5404 1022 5468 poterat
1068 5393 1360 5468 postquam
1401 5393 1518 5448 sine
1545 5409 1609 5447 ea
1640 5393 1774 5447 nihil
1811 5401 1929 5447 erat
1959 5394 2013 5447 in

435 5472 522 5528 his
545 5469 787 5540 epistolis
811 5463 960 5540 quod
989 5463 1262 5540 negotium
1287 5463 1552 5540 faca‘ssere
1584 5471 1787 5540 posset.

508 5543 537 5581 b
564 5533 860 5593 Alternans'.
900 5536 1035 5591 Cum
1066 5533 1299 5604 plurima
1322 5541 1504 5588 essent
1524 5533 1578 5588 in
1599 5533 1767 5603 priori
1787 5534 2022 5590 editione

436 5612 590 5663 vitia.
635 5623 756 5676 qua:
818 5606 1271 5677 apographi__ope
1352 5604 1717 5677 sustulimus,_
1751 5604 2019 5677 levissima

441 5673 673 5749 qumque
691 5673 1103 5749 prmterInittere
1129 5673 1283 5749 libuit
1303 5687 1376 5749 ne
1398 5673 1653 5749 lectorem
1693 5674 1979 5749 fatigarent
2003 5692 2016 5738 ;

438 5742 537 5806 {ea
572 5742 925 5803 omittendum
953 5759 1056 5798 non
1114 5751 1230 5796 erat
1263 5742 1351 5796 hic
1394 5753 1552 5798 antea
1610 5742 1808 5799 lectum
1854 5745 2019 5803 fuisse

1234 5997 1259 6011 λ

2123 4660 2262 4704 tanti
2297 4658 2353 4703 et
2382 4657 2494 4704 tam
2521 4648 2762 4717 prmclari
2802 4648 3139 4704 mercimonii
3169 4665 3388 4705 causam
3411 4660 3521 4705 tam
3546 4651 3733 4706 inﬁdo:

2121 4730 2176 4775 et
2203 4737 2233 4773 a
2277 4720 2423 4775 cultu
2471 4719 2595 4773 ﬁdei
2657 4718 2832 4773 alieno
2884 4727 3064 4773 vestra
3128 4721 3388 4776 sanctitas
3411 4720 3706 4777 crediderit

2119 4790 2320 4857 bajnlo.
2367 4789 2475 4861 Sed
2501 4788 2770 4861 illicoiilla
2809 4789 3019 4861 ratione
3064 4789 3321 4861 imbutus,
3352 4807 3459 4861 qua
3488 4793 3712 4847 thesau-

2118 4876 2241 4915 rum
2270 4860 2524 4915 ltctilibus
2559 4860 2706 4913 vasis
2735 4859 3113 4925 committitur,
3153 4859 3385 4930 prmfatd
3398 4860 3587 4918 Judzeo
3611 4877 3713 4917 cur

2120 4970 2377 5025 alternam
2402 4987 2421 5035 ;
2458 4977 2513 5024 et
2534 4985 2659 5023 mox
2692 4968 2783 5022 ubi
2812 4969 2945 5040 legis
2967 4972 3242 5035 securauit,
3270 4986 3390 5026 eam
3423 4971 3709 5028 lectionem

2118 5057 2226 5113 nos
2248 5056 2455 5095 eruisse
2489 5056 2556 5095 ex
2583 5039 2893 5113 apographo
2921 5039 2976 5092 in
3001 5054 3109 5113 quo
3134 5051 3254 5113 erat
3276 5045 3526 5113 sacravit,
3558 5045 3707 5113 quod

2118 5122 2178 5167 ut
2203 5110 2332 5165 ferri
2362 5126 2468 5166 non
2496 5118 2726 5179 poterat,
2766 5109 2838 5162 ita
2866 5109 3090 5179 propius
3104 5111 3172 5164 ad
3202 5126 3387 5166 veram
3417 5109 3710 5168 lectionem

2118 5182 2427 5247 accedebat,
2459 5196 2619 5250 quam
2670 5191 2818 5250 quou

2119 5262 2242 5305 tem.

2193 5333 2214 5360 ο
2250 5321 2450 5394 Ubique
2474 5337 2725 5394 _pra;sens
2779 5330 2876 5394 est.
2912 5320 2972 5374 ln
3020 5321 3211 5394 priori,
3238 5322 3478 5378 editione
3518 5324 3710 5394 ubique

2118 5390 2381 5463 grumenti.
2405 5390 2546 5463 lnl‘ra
2587 5390 2639 5443 in
2666 5391 2833 5445 veteri
2865 5392 3175 5463 apographo
3200 5393 3283 5447 hac
3318 5408 3479 5449 voces
3501 5390 3705 5448 nomine

2128 5460 2432 5525 Restitutus,
2458 5462 2668 5515 desunt.

2195 5531 2221 5570 ἀ
2261 5529 2456 5584 Contra
2507 5531 2814 5602 suspiciens.
2872 5529 3136 5602 Acherius
3188 5544 3372 5587 contra
3420 5535 3709 5602 suscipiens

2126 5602 2344 5654 mirasse
2370 5617 2472 5664 me,
2501 5602 2592 5654 sed
2620 5600 2907 5675 hoc_leve_,_
2934 5601 3074 5675 sicut
3100 5604 3243 5675 quo]
3285 5603 3454 5658 edidit
3477 5600 3569 5675 qui
3584 5605 3706 5675 ithev

2126 5686 2364 5742 saurnm.
2393 5710 2413 5742 ._
2448 5710 2462 5723 .
2502 5671 2813 5742 committit:
2854 5671 2984 5725 illud
3011 5688 3116 5742 non
3155 5672 3273 5727 leve
3323 5675 3469 5741 quod
3489 5671 3706 5742 'scripsit

2129 5759 2161 5794 a
2207 5739 2349 5794 cultu
2388 5740 2504 5804 Dei,
2532 5740 2621 5793 ubi
2649 5756 2792 5795 nunc
2816 5750 2898 5795 est
2924 5759 2955 5795 α
2979 5741 3119 5795 cultu
3149 5743 3290 5805 ﬁdei.

2912 5179 3129 5236 cherius
3153 5182 3401 5237 ediderat
3435 5200 3585 5238 sacro
3612 5201 3712 5237 au-
