4028 6176
364 337 469 394 817

1342 330 1633 387 APPEND.
1673 330 1736 385 ll.
1776 359 1847 369 —
1882 328 2101 384 EPIST.
2142 326 2345 383 IDALII
2384 325 2658 384 BARCIN.

3522 330 3626 386 818

362 459 427 499 ea
450 458 573 525 quae
595 445 878 511 acceperat
899 438 1064 520 illaesa
1093 437 1347 494 detulerit
1361 439 1549 561 ‘prius,
1586 438 1764 510 potius
1783 453 1944 520 quam
1969 444 2022 501 Δ
2046 455 2245 495 mensae
2272 446 2327 494 et
2347 436 3050 521 ineﬁabili.Trinitati,.non
3075 445 3307 520 quantas
3335 441 3513 507 debet,
3536 440 3635 498 sed

362 514 520 564 vobis
544 511 746 564 uratias
761 510 866 564 egi.
898 508 1243 564 conSIderans
1268 523 1336 563 ne
1382 524 1545 564 orsan
1569 509 1946 564 immutatione
2048 519 2277 564 quantas
2314 509 2458 564 valet
2490 516 2783 564 gratiarum
2817 523 3020 564 comas.
3060 523 3187 564 nuta
3211 510 3264 564 in
3292 510 3401 564 ﬁne
3423 520 3631 564 temna-

362 508 520 567 vobis
544 508 746 582 gratias
761 510 872 582 egi,
898 508 1243 582 considerans
1268 523 1336 582 ne
1361 508 1545 582 forsan
1569 508 1946 582 immutatione

364 578 600 661 dexterae
616 578 1350 661 Altissimi‘ageretis,_ut‘is,
1380 580 1471 661 qui
1522 580 1723 661 caduca
1750 581 1947 635 merci-

363 654 545 707 mouia
570 661 787 707 vectare
828 649 1019 706 solitus
1062 658 1201 717 erat,
1244 649 1442 706 divinis
1473 651 1801 721 aeternisque
1828 666 1946 722 my-

360 723 545 778 steriis
570 728 869 790 pararetur.

430 791 673 846 Intellexi
716 791 986 861 tamenin
1014 790 1115 845 hac
1174 798 1328 861 parte
1358 791 1531 845 sancti
1582 800 1638 846 et
1666 792 1946 847 artiﬁciosi

359 862 544 916 cordis
564 860 730 915 vestri
764 860 1141 932 humilitatem,
1178 860 1314 931 quae
1352 875 1511 916 omne
1536 863 1679 932 quod
1706 863 1760 916 in
1786 863 1947 918 dictis

360 932 560 986 vestris
594 931 1122 1003 ven_ustum,_niten_s,
1147 939 1213 1003 et
1224 945 1420 1003 purum
1443 931 1647 1003 existit,
1674 948 1799 987 cum
1822 948 1947 1003 gra-

359 1003 559 1056 tiarum
597 1001 811 1055 actione
842 999 1127 1056 referendo
1150 1002 1217 1056 ad
1246 1002 1434 1065 Deum,
1463 1000 1615 1069 cujus
1649 1003 1802 1057 vobis
1826 999 1948 1057 inu-

357 1087 494 1153 n_ere_
519 1070 667 1127 venit
711 1071 898 1153 ingens
936 1078 992 1125 et
1026 1071 1308 1153 optimum,
1346 1072 1541 1153 reddit.
1583 1073 1786 1153 Vanam
1818 1088 1947 1153 vero

357 1143 587 1211 gloriam
626 1139 928 1212 respuendo
963 1156 1030 1196 eo
1062 1139 1294 1210 idipsum
1326 1139 1592 1209 abiectum
1643 1143 1951 1201 videntium

357 1212 665 1283 obtutibus,
689 1211 1225 1283 oatendereinititur,
1272 1227 1379 1281 quo
1403 1212 1581 1267 viliori
1615 1213 1802 1283 gerulo
1842 1215 1946 1270 hoc

358 1284 504 1340 idem
542 1282 838 1337 credidisse
858 1282 1118 1336 cernitur.

430 1354 679 1422 lnspecto
702 1351 865 1476 igitur
888 1352 1189 1433 praescripti
1216 1349 1827 1434 Codicisndiseussoque
1855 1370 1947 1409 vo-

430 1424 594 1476 bulo:
629 1423 719 1476 nul
747 1437 835 1475 um
864 1431 1078 1476 penitus
1115 1421 1259 1476 alntd
1290 1435 1529 1476 reperire
1577 1424 1722 1476 valui
1747 1440 1942 1476 nomen

361 1421 594 1488 cahulo;
629 1421 835 1476 nullum
864 1422 1078 1489 penitus
1115 1421 1259 1476 aliud
1290 1422 1529 1491 reperire
1577 1424 1722 1477 valui
1741 1421 1942 1479 nomen

356 1494 533 1549 eidem
557 1492 709 1563 operi
737 1493 1143 1563 congruentius,
1173 1491 1285 1563 nisi
1326 1493 1469 1561 quod
1517 1493 1632 1562 ipse
1656 1493 1717 1547 in
1737 1494 1942 1563 princi-

392 1565 450 1645 io
475 1564 563 1619 sui
592 1559 883 1645 voluminis
919 1559 1417 1645 gestarenvidetulr.‘
1454 1559 1772 1645 Appellatu'r
1791 1566 1946 1645 enim

402 1635 741 1705 rognosticon
784 1630 949 1705 futuri
985 1631 1193 1705 saeculi,
1224 1632 1365 1701 quod
1396 1630 1588 1688 Latine
1619 1634 1946 1705 prwscientia

355 1700 525 1775 futufri
560 1700 908 1775 saeculihdici
973 1718 1081 1775 non
1138 1700 1431 1775 incongrue
1485 1700 1684 1773 poteSt.
1728 1704 1787 1760 1n
1838 1721 1946 1775 quo

355 1772 575 1843 quidem
601 1772 904 1844 quamlibet
942 1773 1156 1841 primus
1201 1772 1338 1827 liber
1390 1772 1624 1843 quadam
1669 1790 1737 1829 ex
1788 1772 1946 1844 parte

354 1840 705 1912 peccantibus
732 1840 1076 1913 asperitatem
1122 1840 1433 1913 metumque
1488 1846 1730 1899 incutere
1763 1840 1947 1901 videa-

357 1923 466 1978 tur,
503 1915 609 1970 duo
652 1923 834 1968 tamen
873 1914 1263 1983 subsequentes
1306 1914 1431 1969 libri
1475 1915 1709 1969 maxima
1749 1914 1945 1972 ﬁducia

355 1983 801 2040 Christicolarum
840 1983 1082 2038 relevant
1115 1985 1299 2048 corda,
1346 1984 1416 2039 ob
1453 1999 1604 2054 spem
1641 1984 1833 2041 futurae
1855 2004 1942 2042 re-

358 2055 713 2111 surrectionis
736 2062 792 2109 et
818 2054 993 2122 regni,
1018 2055 1163 2124 quod
1192 2069 1251 2109 se
1277 2054 1524 2110 ﬁdelibus
1572 2054 1822 2112 Christus
1847 2059 1943 2112 da-

354 2133 543 2178 turum
576 2126 845 2195 promisit.
893 2125 1181 2194 Reliquum
1214 2139 1344 2179 vero
1376 2127 1542 2181 totius
1578 2127 1782 2182 codicis
1819 2142 1943 2184 cor—

353 2210 461 2264 pus
487 2195 712 2266 legendo
750 2203 1144 2259 transcurrens,
1185 2195 1361 2266 reperi
1422 2196 1554 2266 illud
1592 2197 1737 2266 quod
1764 2198 1947 2252 Domi-

355 2264 655 2346 nusDJesus
680 2265 929 2346 Christus
980 2266 1034 2320 in
1072 2264 1377 2346 Evangeliis
1419 2264 1696 2346 loquitur:
1755 2266 1945 2346 _Omnis

352 2335 528 2407 scriba
571 2336 755 2407 doetus
785 2338 842 2393 in
878 2353 1033 2407 regno
1058 2334 1335 2407 eceteram,
1388 2334 1577 2391 similis
1622 2346 1696 2391 est
1746 2338 1944 2392 homini

353 2405 748 2479 patrifamitias,
815 2410 905 2479 qui
936 2405 1257 2479 profertae
1292 2406 1537 2479 thesauro
1596 2419 1946 2479 sno_nova_iet

354 2474 529 2529 cetera
560 2474 776 2547 (Matth.
798 2474 919 2544 int,
943 2474 1060 2599 ’5η
1078 2476 1369 2531 Evidenter
1384 2476 1529 2531 enim
1550 2485 1605 2531 et
1631 2476 1794 2532 dubia
1813 2477 1947 2533 eﬁ‘u-

356 2553 503 2599 gata.
544 2555 599 2599 et
635 2547 863 2599 obscura
916 2548 973 2599 in
1041 2562 1194 2599 ucem
1236 2546 1497 2599 producta
1549 2554 1694 2599 sunt.
1728 2562 1850 2599 cum
1891 2558 1947 2599 et

356 2553 503 2616 gata,
544 2546 599 2601 et
635 2547 863 2603 obscura
916 2548 973 2603 in
1018 2546 1194 2601 lucem
1236 2546 1497 2616 producta
1549 2554 1694 2612 sunt,
1728 2562 1850 2602 cum
1891 2558 1948 2604 et

355 2614 700 2684 antiquorum
727 2617 949 2674 Patrum
984 2614 1419 2679 decretafnovae
1458 2617 1763 2682 brevitatis,
1805 2619 1946 2673 indi-

355 2685 442 2738 cia
476 2685 692 2741 artiﬁcii
721 2689 906 2751 vestri,
948 2686 1225 2742 ﬁ'uetuoso
1250 2684 1436 2743 labore
1465 2688 1534 2741 ad
1561 2687 1796 2743 medium
1818 2698 1948 2745 sunt

357 2754 608 2811 deducta.
647 2757 828 2813 Manat
864 2773 995 2829 ergo
1029 2770 1097 2811 ex
1149 2757 1371 2829 illorum
1403 2758 1673 2829 sententia
1721 2759 1942 2825 veritas,

357 2840 427 2878 ex
454 2835 636 2883 vestro
674 2836 857 2883 autem
896 2828 1080 2884 labore
1103 2842 1241 2883 nova
1277 2835 1334 2881 et
1359 2828 1679 2883 brevissima
1721 2829 1943 2885 veritas.

357 2894 630 2969 Quidquid
657 2899 839 2969 itaque
869 2898 1135 2969 veraciter
1165 2897 1259 2962 illi,
1303 2906 1451 2955 caste
1475 2905 1531 2953 et
1550 2898 1822 2969 sobriehiu
1850 2900 1944 2955 Dei

356 2967 539 3035 causis
590 2967 893 3033 senserunt,
937 2975 1022 3024 est
1065 2967 1164 3023 tibi
1199 2983 1489 3024 commune
1534 2984 1657 3024 cum
1710 2967 1834 3035 illis,
1876 2971 1945 3025 ad

356 3033 511 3109 cujus
537 3039 786 3094 notitiam
813 3039 1058 3095 doctrina
1096 3038 1310 3109 Domini
1362 3040 1465 3094 hoc
1490 3040 1669 3109 ipsum
1700 3033 1939 3095 deduxit.

358 3105 568 3179 Vestrae
618 3118 797 3164 tamen
855 3108 1203 3164 sollicitudini
1256 3105 1595 3179 tantumdem
1645 3109 1939 3179 applaudit,

2048 519 2277 580 quantas
2314 509 2458 564 valet
2490 509 2783 579 gratiarum
2817 508 3020 582 copias,
3059 509 3264 582 quia‘in
3292 510 3401 565 ﬁne
3423 520 3631 582 tempo-

2047 578 2187 644 rum,
2221 590 2314 635 aut
2369 578 2524 650 pene,
2550 649 2554 650 ί
2569 588 2632 650 ut
2677 581 2859 633 verius
2901 578 3151 650 dixerim,
3190 579 3246 634 in
3293 578 3635 637 consumma-

2048 653 2193 706 tione
2248 649 2454 715 mundi,
2501 649 2692 705 eﬁ‘udit
2722 650 2775 704 in
2829 650 2992 704 corde
3044 649 3392 707 beatitudinis
3436 662 3634 710 vestrae

2046 721 2246 777 donum
2283 722 2471 792 gratiae
2502 736 2613 776 suae
2660 719 2828 792 simul
2846 728 2900 773 et
2928 719 3163 775 studium
3200 722 3381 791 cperis
3416 725 3633 790 sancti;

2048 790 2308 862 deditque
2338 793 2395 847 in
2423 807 2518 846 ore
2561 799 2743 846 vestro
2781 790 3043 862 directum
3078 798 3135 845 et
3171 790 3311 847 bene
3347 804 3633 849 sonantem

2049 860 2372 925 sermonem,
2419 877 2527 933 quo
2583 871 2637 916 et
2686 860 3123 933 delinquentium
3166 864 3328 918 corda
3380 865 3637 919 terrendo

2048 945 2283 997 sanaret,
2310 943 2365 988 et
2390 931 2547 987 bonis
2574 932 2829 1001 operibus
2851 931 3078 997 deditos,
3111 931 3168 987 in
3195 934 3399 989 sanctis
3422 936 3635 992 actibus

2048 1005 2466 1067 conﬁrmandos,
2509 1005 2632 1073 igne
2660 1002 2865 1073 ctelcsti
2894 1001 3099 1057 aﬁ'atim
3128 1004 3414 1060 animaret.

2119 1073 2351 1130 Oramus
2379 1071 2572 1129 deinde
2601 1071 2901 1143 majestatis
2928 1088 3174 1142 supernae
3202 1074 3636 1143 profusissimam

2047 1147 2419 1216 pietatem,_ut_
2446 1144 2503 1201 in
2531 1142 3110 1216 praesulatchelesiae
3133 1142 3244 1199 suae
3268 1146 3338 1216 ad
3365 1145 3636 1199 illumina-

2048 1213 2251 1271 tionem
2281 1213 2539 1278 ﬁdelium,
2577 1228 2748 1267 annos
2790 1214 2914 1284 vitae
2948 1225 3144 1269 vestrae
3169 1215 3485 1284 protelando
3506 1231 3638 1271 eon-

2048 1294 2245 1349 servet,
2278 1294 2336 1355 et
2346 1285 2438 1355 ita
2458 1284 2658 1355 donum
2690 1282 2985 1353 gratiarum
3030 1282 3271 1350 suarum,
3317 1287 3460 1355 quod
3485 1288 3636 1341 cordi

2049 1365 2231 1414 vestro
2258 1353 2490 1419 diﬁ‘udit,
2540 1354 2837 1409 exuberare
2882 1356 3163 1419 concedat,
3210 1364 3269 1409 ut
3312 1353 3636 1411 catholicam

2047 1427 2259 1498 plebem
2288 1425 2544 1498 studiosis
2571 1424 2844 1498 operibus,
2877 1424 3242 1494 doctrinisque
3266 1428 3635 1498 sanctimoniae

2049 1495 2260 1560 vestrae,
2290 1497 2555 1551 bonorum
2605 1495 2845 1549 omnium
2897 1504 3201 1564 compotem
3238 1497 3459 1553 reddat..
3504 1496 3626 1551 Pro-

2047 1583 2153 1637 que
2191 1566 2394 1622 laboris
2420 1565 2588 1620 vestri
2638 1574 2825 1637 sancta
2845 1564 3115 1637 instantia
3148 1575 3269 1637 post
3321 1567 3634 1637 longissima

2048 1635 2174 1693 vitae
2219 1637 2381 1706 hujus
2410 1636 2603 1706 spatia,
2644 1635 2889 1707 remissis
2932 1635 3330 1707 iniquitatibus,
3370 1635 3633 1707 tectisque

2048 1708 2302 1779 peccatis,
2326 1723 2459 1779 cum
2484 1706 2687 1762 sanctis
2714 1716 2768 1760 et
2787 1706 2974 1779 electis
2994 1707 3107 1762 suis
3128 1706 3367 1763 caelestia
3393 1706 3633 1765 vobis’ad

1979 1798 2024 1857 Β
2048 1776 2433 1849 possidendum
2472 1791 2637 1848 regna
2663 1776 2945 1832 concedat.

2615 1907 2950 1965 EPISTOLA
2987 1910 3049 1965 ll.

2116 2044 2494 2109 Sanctissimo,
2518 2051 2573 2099 et
2610 2044 2742 2099 mihi
2764 2059 2876 2113 prae
2910 2043 3124 2098 caeteris
3150 2041 3409 2112 peculiari
3437 2042 3638 2099 domno

2045 2115 2339 2171 Zuntfredo
2358 2114 2723 2170 Narbonensis
2752 2114 2942 2183 primae
2968 2113 3112 2169 sedis
3138 2114 3390 2183 episcopo
3413 2113 3632 2179 ldalius,

2045 2185 2461 2240 Barcinonensis
2494 2186 2639 2240 sedis
2672 2186 2975 2254 episcopus.

2116 2256 2263 2325 Opus
2296 2255 2590 2325 egregium,
2629 2253 2774 2325 quad
2800 2253 2906 2310 non
2943 2253 3117 2310 solum
3144 2254 3179 2325 δν
3202 2253 3403 2324 ingenti
3428 2254 3632 2323 labore,

2045 2324 2233 2381 verum
2273 2324 2441 2381 etiam
2460 2324 2723 2382 immenso
2756 2325 2953 2387 studio,
2982 2340 3049 2379 ex
3076 2324 3421 2394 antiquorum
3446 2326 3635 2379 catho-

2046 2396 2382 2466 licorumque
2423 2395 2642 2451 Patrum
2689 2396 2864 2460 libris,
2907 2394 3141 2466 mirabili
3183 2404 3239 2450 et
3287 2410 3427 2449 nova
3458 2396 3635 2466 brevi-

2048 2475 2177 2530 tate,
2210 2463 2556 2522 heatissimus
2590 2468 2770 2523 socius
2797 2474 2977 2521 vester
3002 2465 3253 2521 dominus
3277 2481 3431 2520 meus
3462 2463 3632 2519 Julia-

2047 2551 2149 2590 nus
2173 2536 2448 2592 Toletanae
2476 2537 2668 2606 primae
2700 2535 2843 2594 sedis
2887 2536 3194 2605 episcopus,
3224 2551 3331 2591 uno
3360 2536 3636 2606 volumina

2047 2606 2320 2678 colligere,
2361 2605 2524 2677 atque
2578 2607 2960 2678 Prognosticon
3016 2605 3185 2675 futuri
3241 2605 3422 2678 sa'ceuli
3453 2607 3608 2678 appel

2047 2675 2266 2741 lare,'et
2295 2675 2495 2733 nostra:
2523 2675 2771 2732 tenuitati
2828 2677 3043 2730 mittere
3072 2676 3402 2745 procuravit,
3452 2677 3611 2730 nobis

2046 2762 2152 2816 que
2180 2748 2234 2802 in
2265 2749 2521 2817 instantia
2561 2747 2968 2817 importunitate
3020 2745 3277 2801 laudabili
3311 2755 3494 2803 vestra
3515 2747 3615 2800 hea

2047 2810 2176 2872 titas
2208 2810 2587 2874 ardentissime
2637 2810 3005 2879 demandavit,
3061 2817 3411 2871 sanctitutliui
3440 2825 3636 2872 vestrae

2047 2904 2169 2944 cum
2197 2891 2423 2945 devotus
2465 2904 2641 2944 essem
2670 2889 2724 2942 iu
2760 2889 2864 2959 hac
2911 2887 3188 2959 civitatula
3236 2887 3345 2959 (cui
3386 2886 3637 2957 indignus

2044 2960 2328 3028 praesideo)
2361 2960 2611 3015 manibus
2653 2957 2897 3029 gemellis
2945 2958 3141 3013 oll'erre
3180 2957 3281 3029 per
3314 2968 3637 3029 praesentem

2046 3030 2423 3086 conservulutn
2450 3028 2812 3095 tneum,’illuc
2852 3030 2910 3083 in
2932 3036 3136 3084 sanctae
3168 3028 3519 3083 sublimitatis
3545 3044 3625 3082 ve-

2047 3109 2177 3172 strae
2199 3101 2326 3156 sede
2367 3101 2803 3172 praesentaudum
2832 3099 3027 3172 Adirexi
3052 3116 3089 3172 ;_
3111 3107 3171 3153 ut
3198 3112 3266 3153 ex
3304 3098 3465 3172 hujus
3485 3098 3637 3169 agni-

358 3178 502 3244 quod
565 3180 881 3235 curiositate
932 3179 1189 3245 instante,
1251 3178 1466 3235 illorum
1528 3169 1826 3235 sententias
1885 3169 1940 3237 in
1969 3177 2016 3241 C
2048 3169 2620 3245 ιὶοηθιείιιιιῖίίνβδιιῖί
2651 3169 2945 3245 lml‘licil’es
2996 3169 3162 3245 Folius
3212 3169 3502 3245 ΡΓονίυσὲίυ
3552 3185 3638 3245 "cf

356 3263 533 3331 unum
556 3249 811 3331 collectas
833 3249 1001 3331 pigris
1039 3256 1094 3331 et
1115 3252 1451 3331 torpentibus
1476 3250 1741 3331 contigue
1772 3250 1944 3331 relatu

357 3317 642 3390 manifeste
666 3317 915 3390 aperuit;
937 3319 1164 3389 Propter
1201 3317 1354 3390 quod
1393 3321 1519 3377 licet
1566 3317 1649 3375 illi
1671 3321 1945 3376 ministra-

356 3388 555 3455 verint,
594 3388 829 3446 donante
878 3388 1116 3456 Christo,
1178 3388 1484 3455 materiam,
1550 3399 1733 3446 vestro
1764 3400 1943 3447 tamen

356 3458 508 3527 operi
555 3461 725 3516 totius
760 3460 965 3517 laboris
1023 3461 1408 3530 astipulabitur
1453 3476 1684 3516 summa.
1724 3460 1861 3515 Nam
1891 3469 1946 3516 et

358 3543 550 3600 aurum
600 3532 897 3600 quamlibet
942 3531 1168 3600 originis
1202 3547 1267 3586 ac
1315 3539 1523 3587 naturae
1561 3546 1672 3587 suae
1702 3531 1947 3585 obtineat

356 3597 718 3679 splendorem,
760 3616 1005 3726 cumgr
1030 3597 1234 3656 formas
1269 3609 1365 3654 aut
1399 3602 1562 3656 etiam
1592 3614 1618 3641 ι
1651 3600 1944 3721 ﬁgurarum

358 3676 651 3725 varietates
677 3671 849 3726 perite
954 3672 1189 3726 ducitur.
1231 3672 1591 3726 decentemue
1615 3685 1686 3726 no
1709 3677 1837 3726 ttur.
1860 3685 1944 3724 ar-

358 3671 651 3740 varietates
675 3671 849 3740 perite
886 3671 1189 3735 deducitur,
1231 3672 1591 3740 decenterque
1615 3671 1837 3740 potitur,
1860 3685 1947 3724 ar-

354 3738 520 3793 tiﬁcis
544 3738 818 3824 ingenium
842 3755 951 3794 non
989 3738 1633 3824 immeritohpraedicaturl
1674 3739 1947 3824 Hujus-rei

352 3809 619 3879 exemplo
643 3817 941 3877 permotus,
993 3810 1193 3879 ingenii
1227 3809 1523 3865 efﬁcaciam
1574 3824 1737 3879 quam
1761 3809 1946 3865 divina

351 3878 512 3933 cordi
568 3887 749 3950 vestro
800 3879 1027 3950 contulit
1058 3878 1254 3950 gratia,
1317 3878 1633 3950 insigneque
1686 3880 1943 3946 studium,

351 3962 467 4021 ςιυο
497 3961 593 4021 vos
621 3949 677 4021 in
705 3950 885 4004 causis
912 3948 1112 4004 Christi
1137 3948 1760 4021 desudasseeognosco;
1790 3950 1948 4005 attol-

352 4018 470 4091 lere
516 4017 766 4091 laudibus
810 4034 1174 4088 procurarem,
1228 4029 1332 4091 aut
1382 4017 1661 4091 quia'ego
1714 4035 1944 4090 nequeo,

353 4088 833 4161 aliospraedicare
877 4104 1148 4161 precarer,
1184 4090 1289 4145 nisi
1336 4091 1464 4160 quia
1512 4088 1743 4161 itlipsum
1795 4088 1948 4147 vobis

356 4157 642 4280 displicere
664 4159 837 4215 soleat
864 4157 1114 4215 conscius
1140 4176 1334 4215 essem.

479 4238 617 4280 estat
653 4244 801 4280 emo.
832 4238 893 4280 ut
929 4231 1034 4280 hoc
1072 4229 1281 4280 faciam.
1323 4247 1334 4280 ε

479 4238 617 4284 estat
653 4244 801 4299 ergo,
832 4238 893 4284 ut
929 4231 1034 4285 hoc
1072 4229 1281 4292 faciam,
1323 4230 1465 4299 quod
1492 4238 1689 4287 vestrae
1738 4232 1944 4288 sancti-

358 4297 486 4371 tatis
511 4297 793 4371 desiderat
807 4301 1006 4371 anima.
1047 4299 1232 4371 Refert
1263 4297 1445 4371 itaque
1483 4318 1601 4357 mea
1636 4302 1943 4371 pusillitas;

359 4368 470 4441 imo
512 4383 721 4441 mecum
755 4369 1011 4441 Ecclesiae
1046 4368 1392 4436 universitas,
1424 4373 1492 4426 ad
1520 4368 1672 4441 cuju‘s
1695 4368 1946 4427 notitiam

360 4437 591 4507 insignia
638 4439 818 4511 operis
856 4442 1021 4496 vestri
1060 4441 1280 4496 deduxit
1314 4451 1501 4497 nostra
1555 4437 1805 4509 tenuitas,
1840 4444 1945 4498 im-

2046 3251 2175 3297 stne
2196 3238 2455 3312 praesules
2481 3242 2629 3303 facti,
2652 3238 2974 3310 conspicere
2989 3238 3215 3312 jubeant
3239 3254 3402 3308 quam
3432 3239 3635 3312 ingenti

2046 3309 2288 3367 muneris
2323 3313 2524 3367 lumine
2583 3309 2959 3380 praescriptum
2990 3309 3226 3380 socium
3292 3319 3530 3363 vestrum
3568 3310 3635 3363 ad

2047 3382 2497 3439 illuminalionem
2524 3378 2781 3436 Ecclesiae
2836 3378 3093 3434 divinitas
3144 3394 3373 3434 summa
3403 3380 3635 3442 ditavit;

2048 3462 2103 3509 et
2137 3454 2458 3508 benedicant
2493 3452 2548 3505 iu
2570 3464 2855 3505 commune
2880 3448 3167 3504 Dominum
3200 3448 3369 3508 Deum
3403 3449 3545 3513 cmli,
3571 3465 3636 3504 ex

2049 3522 2203 3591 cujus
2235 3522 2484 3591 largitate
2513 3521 2654 3575 idem
2700 3520 2815 3591 ipse
2857 3520 3058 3591 socius
3086 3527 3265 3591 vester
3287 3588 3297 3591 Α
3321 3519 3423 3574 hoc
3458 3520 3634 3588 ipsum

2048 3588 2561 3672 do'numpércipere
2617 3588 2855 3672 meruit;
2893 3589 3095 3670 Deinde
3117 3588 3403 3672 _Trinitati
3442 3591 3638 3672 divinae

2046 3659 2469 3732 postulationum
2522 3675 2744 3732 suarum
2800 3659 3058 3716 libamina
3112 3659 3388 3732 fundant,_
3427 3675 3537 3732 quo
3580 3671 3637 3715 et

2048 3730 2325 3787 auctorem
2358 3731 2519 3801 hujus
2537 3730 2719 3801 operis
2758 3744 2857 3800 pro
2915 3738 3067 3801 tanto
3119 3731 3304 3786 labore
3341 3730 3639 3787 divinitatis

2048 3803 2221 3874 gratia
2246 3800 2512 3874 protegat,
2537 3800 2603 3874 et,
2636 3810 2837 3874 nostra:
2883 3800 3180 3874 parvitatis
3211 3802 3521 3874 peccamina
3559 3803 3639 3855 di-

2048 3869 2173 3945 vina
2208 3869 2538 3945 indulgentia
2575 3872 2767 3945 deleat,
2816 3869 2917 3941 pro
2945 3887 3011 3927 eo
3039 3872 3184 3945 quod
3212 3869 3421 3945 curavit
3453 3882 3637 3945 nostra

2047 3944 2259 4014 ignavia
2304 3943 2382 3999 ad
2424 3959 2614 3999 eorum
2668 3943 2936 3999 deducere
2988 3944 3261 4009 notitiam,
3303 3943 3444 4014 unde
3478 3944 3638 4013 spiri-

2050 4013 2143 4069 tali
2204 4014 2380 4071 fructu
2434 4032 2529 4071 cor
2560 4015 2772 4070 illorum
2807 4014 3112 4069 exuberans
3147 4014 3259 4067 fiat.
3304 4013 3380 4067 Te
3424 4030 3639 4083 quoque

2045 4100 2258 4155 precor,
2311 4085 2598 4142 vernacule
2662 4086 2876 4156 domne,
2916 4092 2975 4138 ut
3030 4100 3129 4156 pro
3160 4086 3296 4139 meis
3357 4085 3638 4156 ablui-nilis

2047 4154 2385 4221 criminibus,
2413 4156 2645 4213 assiduis
2676 4155 2977 4210 divinitatis
3030 4154 3326 4224 potentiam
3383 4156 3532 4209 adire
3557 4154 3639 4221 ju-

2046 4227 2178 4282 beas
2225 4229 2494 4296 precibus,
2534 4235 2596 4281 ut
2632 4242 2750 4296 ego,
2785 4241 2877 4294 qut
2927 4227 3157 4296 diversis
3205 4240 3426 4292 premor
3478 4226 3639 4278 mise-

2046 4298 2165 4369 riis,
2176 4295 2418 4369 revelari
2455 4295 2734 4369 [relevati]
2779 4311 2993 4369 merear
3019 4295 3512 4369 oratimtisivcstrge
3551 4309 3639 4369 _re-

2047 4366 2259 4422 mediis.
2298 4367 2374 4420 Ita
2402 4363 2632 4437 gratiam
2666 4363 2876 4421 Démini
2917 4365 3085 4437 nostri
3121 4363 3246 4418 Jesu
3285 4363 3488 4419 Christi
3520 4364 3637 4418 sine

2049 4437 2155 4490 ﬁne
2183 4451 2279 4491 vos
2315 4435 2591 4508 possidere
2619 4435 3021 4506 congatnlcatis.

431 4582 457 4610 ⁸
634 4571 832 4653 formas
878 4582 970 4653 aut
998 4575 1174 4628 etiam.
1204 4574 1283 4653 _Ut
1326 4575 1660 4653 intelligatur
1703 4577 1831 4645 quid
1859 4577 1949 4632 hic
1979 4540 2031 4600 υ
2054 4571 2192 4653 Infra
2224 4571 2290 4653 ⁸ὅτι
2328 4570 2583 4653 instantia
2613 4567 2913 4652 adjec'omus
2948 4585 3033 4653 ex_
3058 4568 3280 4653 laudato
3307 4567 3635 4653 apograplto,
3698 4542 3703 4547 1

362 4641 673 4726 praestiterit
701 4645 1288 4726 apographumﬁsaepius
1333 4641 1623 4726 laudatum,
1656 4641 1949 4726 repraesen-

364 4711 523 4763 tanda
550 4719 631 4765 est
654 4711 1014 4787 priOr'editio.
1057 4714 1131 4768 Ea
1169 4711 1336 4787 igitur
1365 4716 1446 4770 sic
1464 4717 1677 4787 habet:
1718 4711 1812 4787 iter
1837 4717 1947 4787 for-

360 4795 473 4857 mas
496 4791 696 4857 autem.
723 4822 737 4835 .
773 4822 787 4835 .
816 4783 1090 4857 «tantisque
1116 4783 1315 4857 potitur
1334 4785 1557 4854 artiﬁcis
1582 4783 1811 4857 iugatio,
1837 4783 1944 4840 non

356 4851 847 4923 imm._prwdicator
876 4851 1036 4923 hujus
1068 4851 1161 4907 rei.

434 4920 462 4958 δ
503 4919 628 4975 Non
666 4921 836 4977 solum
876 4919 1092 4994 ingenti.
1143 4924 1203 4980 In
1237 4924 1396 4981 editis
1440 4926 1676 4981 nandum
1719 4927 1942 4997 ingenti.

2053 4650 2108 4696 et
2144 4640 2369 4712 jubeant
2399 4656 2557 4712 quam
2602 4640 2943 4712 scripsimus,
2985 4639 3073 4712 ubi
3117 4638 3395 4712 legebatur
3414 4638 3635 4712 jubeant

2053 4709 2509 4794 cuin.‘Ex.eodcnt
2532 4718 2615 4766 est
2641 4709 2890 4794 (wanting
2907 4709 3153 4794 fundant,
3183 4709 3300 4793 quo
3324 4711 3442 4792 loco
3463 4709 3634 4794 {\c‘he-

2052 4783 2167 4852 rius
2193 4782 2401 4852 fundat,
2434 4789 2487 4836 et
2515 4781 2787 4852 parvitatis
2830 4778 2922 4852 ubi
2950 4791 3106 4835 antea
3137 4778 3429 4851 pravitatis.
3467 4778 3633 4852 lnl'ra,

2066 4843 2351 4908 Veniacule
2407 4843 2608 4907 Bonane
2657 4866 2764 4906 non
2811 4851 3028 4921 placet,
3080 4843 3283 4906 etsi'in
3328 4849 3633 4921 apographu

2054 4932 2241 4981 nostro
2264 4923 2478 4995 legitur,
2518 4937 2585 4978 ac
2622 4922 2791 4988 malo,
2822 4923 3130 4978 venerande.
