4028 6176
414 322 3686 376 Mm

1607 495 1778 537 ANNO
1821 492 2050 538 DOMINI
2094 494 2507 539 DCCLXXXVII.

976 672 2072 836 SANCTUS
2203 673 3128 838 LULLUS

1597 919 2051 978 MOGUNTINUS
2089 919 2483 976 EPISCOPUS.

903 1155 1342 1236 NOTITIA
1405 1153 1956 1234 HISTORICA
2015 1157 2123 1236 IN
2190 1154 2673 1235 SANCTUM
2735 1157 3202 1236 LULLUM.

1431 1322 1528 1382 (Ex
1552 1323 1738 1374 Fabric.
1763 1324 1990 1376 Biblioth.
2012 1327 2188 1376 mediae
2217 1331 2268 1378 et
2287 1324 2372 1375 inf.
2397 1323 2738 1389 Latinitatis.)-

482 1511 715 1568 Sanctus
751 1508 1094 1585 Lul_lus,‘§ive
1115 1508 1290 1573 Lullo,
1315 1509 1409 1585 qui
1435 1515 1490 1564 et
1514 1507 1724 1575 Julius,
1765 1507 1995 1585 Anglus,
2035 1519 2074 1574 Α
2107 1525 2222 1585 seq.
2243 1529 2275 1585 _c
2310 1509 2529 1585 Aliquot
2552 1511 2682 1585 ejus
2721 1512 2977 1585 epistolas
3011 1513 3194 1569 videre
3234 1513 3391 1570 nobis
3423 1515 3646 1585 contigit
3675 1557 3696 1582 ,

411 1590 534 1652 post
567 1589 810 1652 sanctum
841 1579 1174 1652 Bonifacium
1198 1581 1712 1652 magistruui_suttm_
1741 1581 2004 1652 archiepi.

412 1649 608 1721 Scopus
638 1651 980 1721 Moguntinus
1008 1651 1075 1705 ab
1114 1665 1256 1721 anno
1281 1651 1384 1704 755
1410 1650 1478 1703 ad
1508 1649 1610 1703 786
1627 1649 1716 1721 vel
1753 1649 1852 1721 78]
1881 1667 1894 1702 :
1927 1649 2002 1706 de

413 1719 523 1790 quo
551 1719 748 1776 Surius
771 1721 840 1776 16
863 1719 1090 1786 Octob.;
1128 1719 1433 1790 HLelaAndus,
1465 1735 1584 1788 cap.
1616 1719 1754 1786 403;
1809 1720 2004 1776 Baleus

417 1787 534 1858 sui,
564 1791 662 1858 56;
717 1791 957 1856 Pitseus,
1001 1805 1056 1861 p.
1088 1789 1220 1856 456;
1257 1787 1508 1845 Serarius
1528 1787 1623 1844 lib.
1661 1805 1716 1844 tv
1740 1830 1785 1867 ,Η
1815 1806 1872 1867 p3
1900 1791 1999 1846 571

2109 1581 2282 1668 inquit
2307 1581 2523 1668 Flacius
2549 1582 2600 1668 in
2623 1581 2896 1668 Centuriis
2910 1583 3279 1668 Magdehurg.,
3297 1581 3692 1668 saecvmnpag.

2107 1650 2249 1737 45:3,
2267 1659 2326 1706 ut
2358 1653 2430 1737 ad
2457 1650 2812 1737 QSV'itam,3d
2849 1650 3238 1737 beoh'gyth‘arrn,
3256 1656 3325 1710 ad
3349 1650 3691 1737 Greggri'um,

2111 1723 2178 1777 ad
2209 1723 2606 1788 Denehardum,
2633 1723 2699 1776 ad
2726 1723 3048 1794 Thuringos,
3073 1724 3138 1778 ad
3165 1726 3411 1780 Crenam.
3442 1723 3567 1779 {Ex
3589 1727 3696 1780 illis

2113 1793 2306 1848 deinde
2331 1793 2585 1847 nonnulla
2612 1792 2837 1864 profert,
2871 1809 2990 1864 quae
3013 1795 3088 1850 tbi
3124 1795 3432 1851 videantur.

1117 2045 1636 2159 SANCTI
1719 2043 2131 2162 LULLI
2217 2046 2992 2162 EPISTOLKE.

913 2291 1248 2350 EPISTOLA
1285 2291 1520 2347 PRIMA.

971 2399 1172 2440 LULLUS
1209 2399 1472 2439 DALBUNO.

913 2476 1088 2550 (Anno
1127 2476 1340 2532 Domini
1379 2475 1528 2547 752.)

486 2569 956 2629 Reverendissi’mo
967 2566 1124 2623 fratri
1139 2567 1404 2633 Dalhuno,
1415 2565 1527 2635 jam
1542 2567 1739 2622 dudum
1756 2566 2014 2637 magistro
2039 2617 2055 2637 ,

415 2664 603 2722 Lullus
620 2661 1164 2732 indignus-diaconus,
1185 2659 1303 2714 sine
1314 2659 1672 2730 prmrogativa
1694 2657 2014 2712 meritorum

418 2759 737 2812 diaconatus
761 2751 939 2809 oliicio
966 2751 1218 2820 fungens,
1247 2748 1538 2818 optabilem
1575 2748 1632 2802 in
1661 2747 1891 2802 Domino
1923 2760 2012 2800 sa-

422 2848 610 2904 lutem.

487 2937 760 2995 Almitatis
780 2942 887 2992 tua:
922 2933 1268 2990 clementiam
1295 2931 1500 2987 intimis
1526 2931 1780 3000 precibus
1806 2927 2011 2999 ﬂagito,

2116 2291 2239 2357 lice,
2269 2290 2522 2361 indignus
2545 2292 2828 2362 presbyter
2876 2301 3020 2358 tuus,
3056 2299 3234 2350 tamen
3261 2311 3357 2366 per
3379 2297 3562 2354 omnia
3605 2301 3708 2356 de—

2116 2395 2272 2441 votus
2298 2383 2532 2439 famulus
2555 2383 2608 2437 in
2637 2384 2868 2440 Domino
2891 2386 3182 2455 optabilem
3205 2389 3451 2444 salutem.

2189 2477 2410 2530 Littera:
2435 2489 2668 2544 namque
2686 2476 2985 2544 prudentia:
3009 2485 3115 2533 tua:
3143 2485 3199 2534 et
3223 2488 3448 2538 munera
3470 2481 3704 2552 largita-

2117 2567 2185 2622 tis
2211 2575 2318 2621 tuze
2343 2566 2408 2620 ad
2438 2582 2525 2622 me
2549 2583 2719 2637 usque
2737 2567 2943 2624 directa
2967 2577 3362 2640 pervenerunt,
3414 2575 3606 2642 quibus
3631 2575 3707 2629 di—

2116 2655 2344 2724 ligenter
2370 2655 2526 2710 lectis
2548 2665 2602 2710 et
2633 2657 3010 2724 consideratis,
3035 2669 3157 2730 post
3195 2661 3532 2730 praemissam
3564 2663 3708 2732 paci-

2116 2745 2274 2800 licam
2300 2745 2699 2810 salutationem,
2725 2747 2771 2802 si
2799 2747 2937 2802 bene
2967 2748 3234 2814 intellexi,
3278 2751 3568 2805 insinuasti
3602 2767 3702 2806 no—

2115 2837 2200 2892 bis
2225 2853 2352 2909 crga
2371 2854 2467 2894 vos
2497 2839 2740 2894 diversas
2768 2839 3048 2895 molestias
3071 2848 3125 2894 et
3157 2841 3554 2908 tribulationes,
3581 2859 3707 2912 qua:

2115 2943 2258 2998 saepe
2284 2929 2459 2984 solent
2503 2929 2558 2982 in
2606 2929 2709 2984 hoc
2737 2931 2939 2985 mundo
2980 2945 3246 3000 occupare
3277 2948 3464 2988 servos
3501 2934 3703 2990 Christi

420 3041 481 3088 ut
503 3046 638 3087 meat
682 3025 1074 3084 mediocritatis
1105 3024 1345 3078 carinam
1390 3021 1580 3076 fulcire
1629 3019 1866 3090 digneris
1909 3019 2014 3074 tuis
2042 3008 2090 3067 B
2121 3022 2414 3076 secundum
2447 3021 2692 3090 Αροειοιί
2722 3023 3041 3077 sententiam
3065 3037 3078 3076 ε
3105 3023 3295 3078 omnes
3317 3066 3332 3089 ,
3379 3027 3468 3096 qui
3514 3027 3596 3096 pie
3626 3045 3708 3081 ω.

421 3123 579 3177 almis
596 3119 952 3183 oraminibus,
981 3121 1248 3186 quatenus
1275 3120 1491 3166 tuarum
1517 3111 1824 3166 orationum
1849 3110 2017 3168 inten-

423 3215 778 3278 cessionibus,
808 3226 906 3268 seu
929 3209 1071 3280 pelta
1101 3215 1376 3278 protectus
1403 3245 1418 3270 ,
1471 3205 1539 3260 ad
1567 3212 1784 3276 portum
1827 3205 2017 3259 salutis

421 3306 708 3376 pervenire
743 3317 976 3368 merear,
997 3311 1054 3356 et
1081 3298 1414 3370 piaculorum
1438 3312 1678 3352 meorum
1707 3297 1760 3350 in
1787 3299 1888 3352 hoc
1914 3305 2019 3351 ter-

424 3413 558 3454 reno
585 3395 859 3468 ergastulo
887 3393 1096 3449 veniam
1119 3390 1397 3458 consequi,
1430 3389 1570 3443 sicut
1595 3389 1706 3458 jam
1743 3390 2017 3458 prazterito

424 3488 551 3542 anni
585 3484 810 3552 circulo,
845 3499 942 3555 per
968 3481 1348 3538 Dencwaldum
1377 3479 1604 3534 fratrem
1625 3491 1892 3544 nostrum,
1931 3481 2018 3534 lit-

427 3589 667 3636 terarum
691 3593 936 3634 mearum
986 3575 1328 3646 portitorem,
1358 3574 1677 3643 deprecatus
1705 3589 1846 3627 sum.
1879 3573 2019 3643 Ergo

426 3674 615 3728 vilium
643 3669 1083 3726 munusculorum
1123 3667 1465 3723 transmissio
1515 3666 1827 3721 schedulam
1859 3667 2020 3721 istam

431 3765 722 3820 comitatur
749 3777 857 3816 non
888 3768 998 3815 tam
1031 3759 1190 3829 digna
1235 3774 1397 3828 quam
1434 3757 1628 3813 devota
1655 3763 1836 3811 mente
1873 3756 2018 3810 dire-

431 3863 539 3910 cta.
573 3851 836 3906 Similiter
865 3851 1092 3904 obsecro
1118 3856 1176 3901 ut
1201 3848 1333 3902 mihi
1356 3847 1622 3902 Aldhelmi
1652 3846 1889 3916 episcopi
1915 3846 2019 3899 ali-

430 3959 538 4014 qua
561 3941 815 4010 opuscula
842 3954 937 3993 seu
962 3953 1264 4006 prosarum,
1299 3951 1394 3990 seu
1431 3944 1745 4000 metrorum,
1775 3943 1869 3990 aut
1898 3937 2024 4006 rhy-

430 4031 780 4093 tlnnicorum,
813 4027 1046 4098 dirigere
1072 4025 1308 4095 digneris
1334 4025 1400 4079 ad
1421 4024 1840 4079 consolationem
1871 4040 2024 4093 pcre—

432 4118 755 4192 grinationis
786 4131 921 4172 mere
944 4156 960 4183 ,
1009 4122 1062 4171 et
1088 4115 1157 4170 ob
1209 4114 1524 4169 memoriam
1554 4113 1724 4182 ipsius
1751 4115 1896 4169 beati
1935 4131 2026 4170 an-

433 4211 649 4276 tistitis;
685 4217 742 4266 et
769 4208 903 4264 mihi
941 4223 1038 4278 per
1080 4206 1260 4275 aliqua
1299 4207 1459 4261 verba
1497 4212 1604 4259 tum
1651 4201 1981 4261 all‘abilitatis
2005 4247 2020 4272 ,

433 4303 634 4370 indica,
663 4301 793 4371 quid
822 4301 890 4356 de
927 4299 1044 4354 istis
1063 4297 1240 4352 valeat
1271 4297 1520 4366 precibus
1564 4303 1657 4350 tua
1709 4295 2027 4351 fraternitas

435 4395 714 4466 perlicere,
742 4409 862 4466 qua:
891 4392 1163 4446 inhianter
1192 4389 1377 4444 audire
1420 4395 1625 4458 satago.
1656 4387 1799 4442 Bene
1835 4388 2020 4442 valen-

435 4495 544 4540 tem
573 4495 624 4540 te
653 4495 708 4541 et
742 4485 1114 4554 proﬁcientem
1138 4481 1193 4535 in
1221 4481 1580 4551 prosperitate
1605 4480 1832 4543 dierum,
1865 4487 1920 4534 et
1943 4480 2028 4533 in-

437 4575 799 4632 tercedentem
819 4590 918 4643 pro
941 4587 1027 4627 me
1047 4579 1242 4642 exopto
1267 4571 1440 4639 longis
1472 4571 1824 4640 temporibus.

509 4666 674 4720 Fama
703 4674 786 4720 est
820 4665 1072 4720 lictiliitus
1115 4678 1358 4718 cmnasse
1394 4662 1723 4732 Agathoclea
1761 4675 1944 4729 regem
1972 4701 1988 4714 .

579 4759 754 4828 Atque
777 4761 1002 4813 abacum
1029 4756 1213 4810 Samio
1242 4771 1383 4824 smpe
1416 4771 1670 4810 onerasse
1684 4755 1813 4810 luto.

510 4851 737 4908 Fercula
770 4849 1052 4919 gemmatis
1080 4862 1203 4902 cum
1229 4837 1452 4916 poneret
1477 4861 1641 4901 aurea
1666 4849 1812 4904 vasis
1835 4889 1850 4914 ,

586 4945 649 4998 Et
680 4943 780 4997 mis
800 4951 930 4997 'eret
955 4957 1084 5010 opes
1107 4941 1529 5010 pauperiemquc
1553 4939 1734 4994 simul.

510 5034 780 5101 Quaerenti
815 5048 1030 5089 causam
1063 5031 1375 5101 respondit:
1413 5031 1528 5085 Rex
1569 5046 1667 5100 ego
1696 5030 1786 5099 qui
1837 5045 1958 5084 sum

585 5126 833 5190 Sicanim,
862 5124 1025 5194 Ilgulo
1052 5140 1170 5179 sum
1199 5123 1442 5194 genitore
1471 5132 1638 5178 satus.

513 5219 807 5274 Fortunam
829 5231 1140 5276 reverenter
1181 5218 1337 5279 halie,
1362 5218 1672 5287 quicunque
1702 5223 1924 5285 repente

587 5312 746 5368 Dives
778 5313 846 5367 ab
870 5311 1063 5381 exiguo
1091 5311 1434 5380 progrediere
1457 5311 1593 5364 loco.

1010 5400 1341 5456 EPISTOLA
1386 5401 1445 5455 ll.

996 5508 1241 5548 INGALICB
1280 5505 1475 5546 ιιῑιιο.

977 5581 1149 5650 (Anno
1188 5580 1398 5634 Domini
1435 5578 1584 5652 759...)

519 5668 678 5726 Claro
721 5679 883 5740 atquc
911 5669 1231 5724 charissima
1267 5670 1360 5724 Dei
1406 5669 1654 5724 ministro
1687 5670 1840 5725 Lullo
1876 5669 2030 5738 Inga-

2117 3109 2230 3164 lunt
2255 3111 2418 3164 vivere
2446 3110 2501 3164 in
2523 3109 2748 3173 Christo,
2781 3112 3190 3180 persecutionem
3233 3114 3540 3182 patiuntur;
3571 3129 3708 3169 con-

2115 3211 2308 3272 traque
2345 3200 2528 3256 omnia
2582 3209 2914 3268 tentanienta
2943 3243 2957 3268 ,
3007 3205 3312 3258 orationum
3358 3215 3708 3270 nostrarum,

2115 3294 2510 3365 qualiacunque
2534 3305 2680 3360 sunt,
2714 3295 3038 3350 adminicula
3073 3295 3350 3354 humiliter
3385 3297 3706 3367 postulasti;

2116 3389 2258 3456 quod
2285 3395 2339 3440 ct
2386 3387 2562 3440 omnis
2594 3388 2939 3455 congregatio
2977 3395 3163 3440 nostra
3183 3402 3280 3456 pro
3327 3397 3508 3442 vestra
3540 3389 3712 3458 sospi-

2116 3487 2227 3533 tate
2253 3477 2437 3532 sedulo
2468 3479 2535 3530 ad
2560 3477 2844 3531 Dominum
2899 3492 3088 3548 preces
3129 3477 3352 3534 fundere
3399 3480 3628 3544 studuit,
3656 3488 3712 3534 et

2117 3587 2279 3634 nunc,
2309 3569 2680 3624 amantissime
2711 3570 2964 3630 diacone,
3000 3570 3127 3639 quia
3157 3571 3332 3624 vicem
3363 3571 3709 3626 rescribendo

2118 3664 2437 3719 eruditionis
2463 3671 2568 3717 tua:
2596 3663 2830 3732 scriptis,
2861 3671 3083 3732 propter
3105 3663 3428 3732 parvitatem
3459 3663 3712 3731 ingenioli

2119 3759 2246 3824 mei,
2277 3759 2437 3830 digne
2457 3757 2696 3812 debitum
2725 3756 3033 3826 persolvere
3055 3773 3162 3811 non
3184 3756 3351 3825 potui,
3380 3764 3557 3810 tamen
3593 3755 3711 3810 scio

2120 3849 2246 3918 quia
2273 3863 2398 3902 vera
2428 3847 2667 3902 Charitas
2693 3845 2874 3900 omnia
2917 3845 3166 3899 sustinet.
3205 3844 3331 3899 [huc
3357 3860 3527 3914 pauca
3551 3845 3710 3898 verba

2122 3937 2442 3993 rusticitatis
2464 3953 2598 3992 meae
2621 3953 2744 3992 cum
2784 3937 3024 3991 minimis
3072 3937 3432 3999 munusculis,
3488 3936 3540 3990 id
3588 3946 3666 3990 est
3695 3977 3710 3998 ,

2123 4039 2354 4098 quatuor
2382 4029 2629 4084 cultellos
2652 4037 2838 4082 nostra
2855 4027 3249 4083 consuetudine
3275 4026 3465 4088 tactos,
3493 4036 3546 4081 ct
3572 4028 3716 4081 cala-

2123 4121 2373 4175 mistrum
2405 4129 2743 4191 argenteum,
2781 4127 2836 4174 et
2879 4133 3126 4188 mappnn
3153 4133 3334 4176 mnam,
3367 4133 3462 4186 per
3505 4118 3712 4172 tilelem

2125 4213 2442 4285 portitorem
2475 4210 2698 4267 fratrem
2722 4219 2981 4275 vestrum,
3003 4209 3109 4263 imo
3151 4217 3394 4263 nostrum
3423 4208 3712 4263 Aldredum

2127 4304 2342 4358 amabili
2386 4303 2689 4373 praesentiae
2711 4312 2814 4358 tua:
2845 4311 3052 4356 tantum
3085 4316 3184 4371 pro
3203 4302 3462 4356 memoria
3480 4302 3718 4356 charita-

2128 4396 2197 4449 tis
2226 4394 2594 4449 transmittere
2637 4394 2842 4448 curavi.
2873 4391 3066 4458 Qumso
3119 4391 3516 4447 fraternitatem
3567 4401 3717 4447 tuam

2130 4496 2188 4540 ut
2209 4501 2272 4541 eo
2294 4485 2476 4539 animo
2507 4501 2539 4538 a
2564 4492 2616 4538 te
2641 4484 2756 4538 lucc
2777 4483 3144 4552 suscipiantur
3163 4524 3178 4548 ,
3224 4498 3330 4552 quo
3357 4497 3388 4536 a
3432 4498 3520 4536 me
3547 4483 3715 4537 desti-

2127 4584 2256 4631 nata
2279 4584 2595 4630 noscuntur.
2626 4572 2733 4628 Sed
2765 4581 2818 4628 ct
2855 4573 3271 4628 intercessorem
3305 4581 3556 4627 nostrum
3572 4571 3714 4641 apud

2129 4667 2315 4730 Deum,
2350 4665 2716 4720 venerabilem
2754 4663 3089 4719 Bonifacium
3143 4663 3432 4733 prmsulem
3461 4705 3473 4726 ,
3539 4666 3721 4717 omnis

2128 4766 2346 4813 caterva
2403 4755 2630 4811 fratrum
2679 4765 2989 4810 nostrorum
3033 4772 3158 4811 cum
3204 4755 3485 4811 abbatcrio
3541 4751 3592 4802 in
3625 4750 3718 4804 Dei

2130 4851 2418 4906 dilectione
2444 4851 2682 4905 salutare
2697 4849 2988 4905 desiderat.

2695 4958 3027 5016 EPISTOLA
3064 4959 3151 5014 III.

2634 5087 2835 5128 ιυιιῑδ
2871 5086 3186 5128 ιεοιιςιτιιιε
3195 5111 3207 5124 .

2505 5187 2682 5258 (Circa
2718 5203 2914 5240 annum
2951 5186 3166 5240 Damini
3194 5184 3342 5239 752.)

2205 5301 2392 5358 Sorori
2439 5298 2495 5354 in
2532 5298 2750 5355 Christo
2809 5298 3142 5355 charissima:
3183 5296 3502 5366 Leobgytha
3536 5293 3724 5348 Lullns

2131 5395 2358 5465 exiguus
2391 5407 2600 5457 servus,
2632 5391 2953 5446 auctoritate
2980 5389 3182 5444 domini
3204 5388 3466 5442 Bonifacii
3491 5388 3726 5454 tliseipn-

2134 5484 2329 5548 lorum,
2353 5483 2408 5536 in
2448 5482 2676 5536 Domino
2698 5479 2946 5535 salutem.

2204 5573 2321 5627 Non
2336 5573 2707 5626 immemorem
2731 5577 2836 5624 tua:
2848 5567 3160 5639 sagacitatis
3176 5567 3496 5624 industriam
3512 5566 3726 5621 :nstimo

2137 5666 2457 5734 evangelicze
2500 5665 2782 5724 sententia:
2825 5680 2931 5734 qua
2993 5663 3233 5718 dicitur:
3272 5662 3425 5716 Beati
3471 5674 3724 5732 pauperes
