4022 6154
296 354 397 409 εὲι
474 406 487 412 -

1291 358 1348 415 S.
1388 356 1591 416 LULLl
1632 360 1940 419 MOGUNT.
1979 361 2190 420 EPlSC.
2228 364 2611 424 ΕΡΙΒΤΟῙΑΕ.

3491 369 3592 423 8'22

290 468 1019 538 isp.'ritu,quoniamipsorum
1038 480 1111 524 est
1135 487 1349 542 regnum
1368 466 1740 528 caelorumth
1763 488 1891 542 pau—
1916 478 1969 537 Α
1994 475 2070 530 tia
2109 473 2424 532 inferiorem
2444 518 2459 542 ,
2501 477 2705 545 absque
2734 474 2844 530 ullo
2875 474 3231 530 dubitationis
3256 476 3510 545 scrupulo
3538 486 3592 532 et

301 566 483 627 pertus
501 559 774 627 patienter
803 557 1024 614 ferenda
1053 568 1165 623 est,
1212 560 1401 615 eodem
1449 562 1780 633 evangelista
1809 570 1892 617 te-

300 658 498 710 stante,
531 648 624 717 qui
672 648 787 703 ait:
820 647 890 702 In
922 651 1177 719 patientia
1213 661 1381 706 vestra
1425 653 1753 723 possidebitis
1783 655 1901 708 ani-

304 755 415 793 mas
439 748 655 792 vestras.
684 738 814 793 Illud
839 739 1082 795 Davidici
1109 756 1235 796 cum
1263 742 1426 796 corde
1456 743 1725 807 retinens,
1767 744 1895 813 quia

304 829 587 883 secundum
610 828 994 884 multitudinem
1022 829 1264 885 dolorum
1284 842 1492 886 tuorum
1513 832 1893 887 consolationes

306 921 400 975 Dei
423 920 759 990 lwtiﬁcarunt
787 922 1015 976 animam
1047 932 1214 976 tuam.
1244 922 1355 979 Nec
1384 924 1528 979 enim
1566 925 1896 992 contemptui

305 1012 386 1066 vel
411 1013 669 1067 oblivioni
711 1021 855 1067 tuam
869 1014 1136 1071 sinceram
1166 1017 1218 1070 in
1238 1018 1465 1073 Domino
1483 1018 1894 1088 germanitatem

303 1104 541 1159 deditam
572 1105 869 1168 arbitreris,
884 1108 1131 1175 quamvis
1142 1124 1236 1176 per
1251 1108 1580 1163 interdueias
1597 1117 1895 1179 temporum

302 1195 575 1266 corporali
606 1196 894 1264 praesentia
922 1212 1299 1264 secernamur;
1348 1213 1524 1268 neque
1567 1199 1621 1253 in
1648 1198 1757 1253 tuis
1796 1214 1893 1253 nc-

302 1287 654 1342 ccssitatibus
676 1285 879 1341 fessum
920 1302 1004 1343 me
1030 1301 1151 1343 esse
1182 1288 1293 1342 ullo
1323 1290 1481 1344 modo
1506 1297 1774 1355 autumes,
1801 1290 1898 1345 sed

304 1384 515 1431 tantum
543 1374 821 1429 diabolica:
858 1374 1064 1431 fraudis
1094 1377 1296 1432 astutia
1332 1387 1765 1447 praeoccupatum
1809 1386 1896 1432 at-

304 1480 411 1534 que
435 1464 809 1520 ministrorum
835 1462 953 1532 ejus
976 1465 1198 1522 subdola
1240 1466 1594 1522 insectatione
1616 1466 1894 1537 fatigatum

304 1572 477 1622 setas;
507 1563 601 1620 et,
639 1552 795 1623 juxta
823 1556 1100 1625 propheta:
1150 1555 1393 1611 dictum:
1432 1555 1608 1613 Taedet
1654 1575 1736 1613 me
1778 1560 1897 1613 vita:

302 1663 436 1702 mea
471 1653 692 1717 propter
717 1645 857 1701 lilios
883 1646 1156 1716 nequitiae.
1188 1647 1458 1716 Quidquid
1494 1656 1675 1703 autem
1703 1664 1886 1704 neces-

304 1739 556 1793 sitatibus
583 1737 691 1792 tuis
707 1736 863 1804 desit,
890 1736 1359 1807 perGundwinum
1383 1740 1670 1795 diaconum
1708 1754 1894 1796 rever-

1998 581 2258 630 servasse,
2288 576 2343 621 et
2369 575 2707 624 servaturam
2732 581 2852 623 esse
2881 567 3039 622 scito.
3072 566 3149 621 De
3177 576 3265 622 tua
3290 582 3420 622 vero
3467 566 3593 622 vitae

1996 658 2283 728 gravitate,
2310 659 2613 727 mentisque
2638 658 2937 713 stabilitate
2982 657 3116 712 nihil
3142 657 3352 713 dubito.
3388 657 3591 711 Munia-

1997 764 2119 804 mus
2153 766 2251 805 nos
2295 750 2559 819 spirituali
2594 760 2873 805 armatura
2920 749 3076 819 juxta
3121 750 3349 821 apostoli
3391 766 3593 820 prince-

1995 847 2149 908 plum
2173 856 2185 892 :
2221 838 2443 895 Orantes
2472 858 2564 912 pro
2586 842 2803 896 invicem
2829 852 2885 896 ut
2929 842 3209 907 solvamur,
3224 844 3347 914 quia
3370 844 3590 897 multum

1997 928 2289 1001 deprecatio
2323 932 2459 1003 justi
2508 932 2766 999 assidua,
2822 932 3025 989 Iacobo
3071 943 3399 1000 attestante,
3454 936 3591 1004 apud

1998 1020 2168 1074 Deum
2194 1021 2363 1085 valet;
2390 1030 2446 1077 et
2482 1037 2547 1077 eo
2568 1023 2878 1093 diligentius
2905 1024 3034 1079 huic
3077 1025 3392 1080 insistamus
3416 1066 3428 1089 ,
3483 1040 3591 1095 quo

1999 1111 2373 1167 vehementius
2402 1128 2501 1168 nos
2537 1114 2702 1168 variis
2730 1116 3087 1170 tentatiouum
3120 1116 3240 1170 telis
3284 1115 3589 1186 impugnari

1997 1217 2106 1258 non
2134 1204 2461 1274 ignoramus.
2485 1207 2721 1263 Dextera
2745 1208 2949 1263 scilicet
2982 1207 3177 1263 fortior
3205 1209 3394 1264 laevam
3443 1209 3591 1262 inlir-

1999 1294 2224 1350 miorem
2247 1294 2503 1365 adjuvare
2528 1312 2637 1353 non
2669 1308 2877 1365 cessat;
2909 1307 2964 1354 et
2991 1298 3123 1353 laeva
3152 1299 3416 1362 dexterae,
3454 1299 3590 1354 sicut

1997 1383 2193 1440 ancilla
2216 1386 2470 1453 deminui,
2509 1388 2786 1445 deservire
2808 1407 2917 1447 non
2947 1391 3177 1447 desinet.
3199 1391 3260 1447 Id
3284 1401 3388 1458 est,
3415 1409 3591 1448 meam

1999 1473 2407 1533 instabilitatem
2441 1478 2597 1535 bona:
2621 1480 2747 1536 vita:
2784 1489 2892 1536 tuae
2942 1483 3203 1553 exemplis
3234 1484 3587 1554 castigando,

1998 1567 2336 1638 corrigendo,
2373 1571 2730 1637 admonendo,
2764 1575 3014 1643 quamvis
3037 1575 3316 1631 absentem
3342 1592 3590 1646 corpore,

1998 1658 2189 1728 spiritu
2214 1668 2394 1715 tamen
2438 1671 2760 1731 praesentem
2786 1705 2801 1730 ,
2856 1666 2997 1721 sicut
3035 1666 3130 1720 tibi
3176 1668 3344 1722 moris
3365 1678 3476 1732 est,
3526 1670 3593 1721 ad

2000 1748 2240 1805 mlieris
2264 1750 2389 1807 vitae
2412 1751 2800 1821 perfectionem
2837 1756 3101 1812 deducere
3137 1772 3241 1812 non
3274 1758 3510 1824 desinas,
3540 1768 3589 1811 ct

302 1844 494 1883 surum
527 1828 781 1891 indicato,
809 1843 1038 1899 suggere
1059 1828 1137 1883 illi
1163 1837 1221 1883 ut
1246 1829 1302 1883 in
1326 1830 1601 1887 laboribus
1628 1835 1767 1888 meis
1788 1849 1893 1888 non
1932 1831 1973 1889 Β
2002 1851 2102 1908 ego
2130 1838 2229 1894 tibi
2254 1840 2447 1895 humili
2496 1842 2810 1909 devotione,
2847 1854 3108 1914 quantum
3147 1846 3292 1902 vires
3341 1846 3589 1916 suppedi-

302 1919 583 1983 lassescat,
618 1917 746 1988 quia
762 1917 915 1973 valde
928 1933 1085 1973 rarus
1108 1918 1307 1989 estqui
1336 1919 1714 1976 tribulationes
1744 1936 1895 1977 meas

302 2023 516 2064 mecum
538 2009 864 2079 participare
910 2009 1060 2065 velit.
1114 2010 1246 2067 Vale
1287 2010 1343 2065 in
1370 2010 1626 2079 Domino,
1665 2013 1896 2069 interce-

300 2102 440 2156 dens
462 2116 563 2170 pro
603 2115 692 2156 me
725 2109 876 2156 tanto
894 2100 1110 2156 enixius
1130 2110 1334 2171 quanto
1367 2102 1618 2171 graviore
1645 2105 1894 2174 angustia

299 2193 579 2265 deprimor
599 2240 615 2255 ,

853 2284 1190 2343 EPISTOLA
1226 2286 1315 2343 IV.

831 2415 1031 2455 LULLUS
1078 2416 1364 2457 GREGORIO.

815 2490 987 2560 (Anno
1016 2491 1227 2546 Domini
1254 2492 1402 2564 752.;

366 2581 546 2638 Clara:
569 2581 771 2638 Christi
793 2582 1048 2638 Ecclesiae
1090 2584 1322 2654 lampadi
1379 2585 1636 2652 luciferae,
1665 2603 1895 2657 meoque

294 2676 353 2732 in
384 2676 633 2731 doctrina
663 2676 858 2730 divina:
884 2674 1018 2747 legis
1053 2678 1404 2735 devotissimo
1431 2678 1663 2749 adjutori
1690 2722 1703 2747 ,
1760 2680 1893 2737 Grc-

291 2765 455 2836 gorio
481 2763 678 2834 duplici
704 2766 1107 2836 presbyteratus
1130 2768 1450 2838 abbatisque
1474 2770 1678 2825 honore
1706 2811 1720 2836 ,
1768 2786 1893 2826 eum

288 2857 637 2928 praecedente
686 2858 1030 2927 propriorum
1073 2860 1393 2916 meritorum
1438 2863 1713 2934 suffragio,
1740 2863 1893 2918 deco-

290 2956 442 3013 rato,
466 2947 672 3012 Lullus,
703 2956 982 3004 extremus
1024 2951 1341 3007 orthodoxa:
1381 2954 1597 3019 matris,
1640 2955 1893 3011 videlicet

289 3038 574 3101 Ecclesiae,
606 3039 875 3106 alumnus,
904 3041 1371 3100 immarcescibilis
1397 3046 1697 3113 cbarilatis,
1729 3047 1783 3101 in
1796 3063 1892 3103 an-

288 3131 473 3201 gulari
500 3130 675 3200 lapide
701 3132 984 3204 utriusque
1027 3136 1376 3202 testamenti,
1430 3136 1761 3193 salutiferam
1797 3153 1889 3194 sa-

286 3223 488 3278 lutem.

364 3312 503 3369 Fido
524 3322 772 3383 gestante
801 3313 991 3387 gerulo
1012 3332 1237 3375 munera
1271 3319 1537 3393 largitatis
1572 3331 1677 3377 tuae
1713 3323 1780 3377 ad
1802 3338 1889 3378 me

288 3419 470 3474 usque
492 3404 668 3458 delata
689 3416 1085 3473 pervenerunt,
1148 3410 1242 3464 sed
1271 3418 1325 3464 et
1354 3412 1687 3467 suavissima:
1728 3413 1888 3468 benc-

288 3498 431 3554 vola:
460 3499 745 3553 charitatis
785 3507 890 3555 tuze
936 3501 1290 3559 salutationes
1321 3519 1482 3558 omne
1532 3521 1730 3561 munus
1762 3505 1886 3560 vin-

289 3596 482 3644 centes
508 3604 657 3643 more
694 3590 853 3643 solito
882 3591 1087 3660 pariter
1110 3580 1531 3660 comitabantur,
1556 3596 1752 3665 quibus
1784 3611 1884 3650 au-

289 3681 423 3738 ditis
453 3690 507 3736 et
525 3682 815 3751 perceptis,
847 3684 1040 3739 uberes
1082 3686 1191 3741 Deo
1235 3686 1477 3756 piissimo
1503 3689 1756 3758 primitus
1800 3689 1886 3760 egi

286 3772 499 3843 gratias
516 3783 577 3826 ut
606 3773 815 3837 decuit;
845 3782 901 3830 et
936 3776 1128 3832 deinde
1177 3778 1501 3834 fraternitati
1553 3789 1658 3835 tua:
1680 3780 1888 3837 debitas

286 3865 506 3920 reddidi
534 3873 732 3936 grates,
760 3866 887 3935 quia
925 3876 975 3923 te
1015 3868 1068 3922 in
1115 3870 1326 3927 minore
1367 3880 1634 3940 potestate
1676 3873 1888 3931 ﬁdelem

285 3954 560 4019 sciebam,
589 3953 643 4007 in
695 3954 901 4025 majore
944 3958 1104 4013 citius
1156 3959 1455 4016 fideliorem
1517 3964 1882 4035 comprobari.

284 4046 587 4116 Comperto
646 4047 812 4121 igitur
860 4051 1235 4120 prosperitatis
1279 4063 1384 4109 tuae
1435 4070 1690 4111 successu
1745 4070 1888 4127 :eger

284 4138 513 4192 animus
579 4145 871 4209 utrumque
922 4140 1080 4211 egit:
1131 4144 1400 4210 gaudebat
1454 4146 1522 4201 de
1571 4147 1887 4203 ascensione

282 4230 447 4286 chari
472 4230 692 4294 sodalis,
722 4233 814 4287 sed
854 4234 1279 4290 contristabatur
1309 4237 1375 4292 de
1400 4238 1664 4294 divisione
1696 4279 1713 4304 ,
1760 4240 1886 4310 quia

281 4324 397 4379 hoc
422 4321 762 4377 intolerabile
783 4324 924 4392 apud
968 4324 1214 4382 homines
1237 4327 1487 4394 videtur,
1540 4330 1667 4384 dum
1708 4331 1755 4385 is
1792 4330 1885 4400 qui

280 4428 403 4485 pra:
427 4410 646 4467 caeteris
672 4412 793 4481 plus
810 4412 1051 4484 diligitur
1070 4424 1292 4485 repente
1319 4420 1675 4485 subtrahitur,
1698 4435 1887 4490 quam-

282 4503 375 4559 vis
398 4519 501 4574 pro
534 4512 686 4558 certo
710 4504 875 4560 sciam
908 4506 1054 4576 quod
1083 4507 1229 4563 nulla
1264 4518 1528 4566 terrarum
1562 4514 1735 4583 spatia
1764 4514 1885 4568 illos
1916 4533 1959 4586 υ

284 4594 537 4649 dividere
560 4603 789 4664 possunt
810 4612 946 4665 quos
972 4613 1134 4654 verus
1172 4598 1373 4656 Christi
1406 4616 1559 4658 amor
1582 4601 1885 4672 indisrupto

283 4690 669 4759 germanitatis
690 4690 905 4745 vinculo
925 4692 1114 4757 nectit,
1138 4700 1276 4748 teste
1293 4694 1422 4759 Deo,
1454 4710 1524 4749 ne
1544 4695 1731 4749 videar
1751 4696 1884 4751 adu-

228 4779 236 4819 -‘
281 4779 454 4835 laudo
488 4779 695 4845 fallere,
714 4781 841 4851 quia
869 4788 940 4843 te,
964 4781 1148 4843 Pater,
1183 4792 1443 4852 quantum
1485 4786 1680 4839 mentis
1707 4787 1883 4853 possi-

280 4870 475 4924 bilitas
520 4871 788 4935 attribuit,
820 4872 1017 4926 interni
1047 4871 1273 4927 allectus
1324 4888 1508 4927 amore
1541 4873 1722 4941 diligo.
1773 4873 1884 4929 [loc

280 4971 475 5016 autem
513 4962 739 5017 subnixa
766 4978 922 5032 prece
948 4964 1486 5028 bumiliterobsecro,
1525 4973 1581 5018 ut
1603 4981 1879 5035 nunquam

280 5052 462 5109 semel
488 5053 545 5106 in
571 5052 785 5109 Christo
813 5066 1045 5124 ca-ptam
1074 5056 1420 5122 charitatem,
1460 5056 1665 5112 desidia
1694 5066 1881 5127 torpo-

282 5148 387 5211 ris,
414 5147 473 5201 in
496 5155 686 5202 nostro
715 5157 933 5216 pectore
962 5147 1254 5220 frigescere
1276 5150 1534 5216 sinamus,
1563 5151 1707 5206 velut
1755 5169 1881 5222 par-

281 5252 414 5291 vam
443 5235 734 5291 scintillam
760 5239 935 5293 tenuis
963 5239 1101 5308 ignis
1124 5238 1269 5296 fulva
1292 5242 1534 5296 cinerum
1568 5242 1747 5298 favilla
1769 5244 1882 5298 suf-

283 5328 549 5391 focatam,
573 5341 642 5381 ne
676 5326 731 5381 in
752 5328 987 5384 derisum
1030 5330 1310 5386 veniamus
1359 5346 1389 5385 a
1430 5335 1883 5401 praetereuntibus

283 5430 531 5491 coeptum
555 5420 839 5476 aedilicium
856 5423 1321 5479 considerantibus
1347 5426 1533 5480 turris.
1574 5426 1713 5481 Dicit
1734 5427 1881 5482 Scri-

285 5519 443 5580 ptura
473 5528 486 5564 :
520 5509 626 5576 Qui
651 5513 1046 5580 perseveraverit
1076 5529 1236 5584 usque
1283 5515 1338 5568 in
1364 5514 1731 5582 ﬁnem,salvus
1760 5518 1878 5581 erit,

287 5617 387 5657 nec
411 5601 648 5671 quilibet
666 5600 858 5657 artifex
876 5603 947 5658 de
983 5612 1161 5673 empto
1181 5619 1343 5673 opere
1370 5605 1640 5670 laudatur,
1679 5605 1772 5660 sed
1814 5607 1879 5659 de

287 5690 553 5761 perfecto.
587 5692 703 5748 lloc
717 5702 899 5748 autem
928 5710 1103 5748 meam
1130 5694 1559 5751 mediocritatem
1587 5692 1879 5765 quamlibet

288 5795 450 5841 atate
473 5782 783 5852 juniorcm,
838 5785 1033 5841 merito
1062 5786 1336 5857 graduque
1362 5785 1657 5853 minorem,
1698 5785 1874 5839 scicn-

1912 3183 1960 3240 C

1997 1938 2133 1998 tant,
2167 1931 2377 1988 ﬁdelem
2428 1931 2742 1991 famulatum
2774 1936 2831 1991 in
2855 1938 3107 1993 omnibus
3166 1939 3442 2008 praebebo.
3483 1939 3589 1993 Ex-

1997 2024 2301 2080 hortatoria
2325 2026 2719 2083 mediocritatis
2749 2044 2887 2085 mea:
2936 2031 3119 2095 verba,
3147 2033 3397 2101 quamvis
3442 2031 3588 2087 fatua

1994 2124 2051 2170 et
2069 2114 2340 2185 superﬂua
2364 2116 2667 2183 videantur,
2696 2120 2923 2177 obsecro
2944 2130 3004 2176 ut
3031 2136 3138 2177 non
3163 2121 3391 2177 moleste
3418 2138 3455 2184 a,
3485 2129 3588 2177 tuae

1995 2206 2279 2263 charitatis
2303 2207 2527 2280 collegio
2552 2210 2903 2281 recipiantur,
2928 2227 3048 2282 qua!
3068 2212 3181 2268 sola
3210 2213 3454 2269 charitas
3474 2215 3587 2267 exi-

1993 2298 2153 2368 gebat
2177 2298 2416 2356 scribere
2436 2300 2559 2356 sine
2581 2301 2822 2358 dictandi
2844 2302 3094 2369 materia,
3120 2319 3240 2373 qua:
3264 2304 3445 2359 omnia
3468 2303 3587 2358 vin-

1993 2390 2088 2456 cit,
2115 2389 2256 2447 sicut
2289 2391 2551 2461 scriptum
2591 2399 2712 2447 est:

2121 2502 2287 2554 Omina
2313 2506 2464 2556 vincit
2486 2518 2639 2563 amor,
2657 2513 2709 2556 et
2729 2520 2819 2557 nos
2841 2507 3071 2557 cedamus
3099 2511 3276 2570 amori,

1992 2583 2173 2639 ablata
2216 2586 2362 2639 omni
2396 2588 2630 2642 tumoris
2684 2587 2958 2656 superbia.
3012 2586 3141 2642 Haec
3176 2595 3302 2642 sunt
3338 2587 3585 2642 suasoria

1992 2674 2157 2729 verba
2185 2689 2305 2744 qua:
2336 2674 2458 2730 sine
2482 2690 2603 2730 meo
2623 2675 2868 2744 periculo
2895 2676 3076 2731 dicere
3104 2690 3213 2730 non
3255 2690 3493 2744 possum,
3524 2684 3585 2729 ut

1991 2767 2046 2822 in
2077 2768 2182 2823 hac
2217 2768 2497 2838 temporali
2524 2775 2793 2838 potestate
2820 2774 2875 2822 et
2913 2767 3157 2823 terrestri
3184 2765 3407 2831 ditione,
3433 2781 3535 2836 qua
3561 2807 3575 2830 ,

1989 2867 2213 2916 auctore
2238 2859 2368 2924 Deo,
2401 2858 2516 2927 jam
2543 2875 2687 2914 nunc
2713 2858 2881 2915 uteris
2904 2899 2919 2924 ,
2971 2858 3257 2913 dominica:
3303 2858 3583 2912 sententiae

1990 2965 2206 3022 semper
2234 2966 2442 3007 memor
2472 2952 2548 3007 sis
2573 2950 2817 3007 sonantis
2841 2967 2855 3003 :
2883 2948 3121 3021 Regnum
3170 2965 3345 3003 meum
3375 2966 3477 3002 non
3507 2959 3581 3003 est

1989 3042 2054 3096 de
2075 3043 2171 3097 hoc
2195 3043 2423 3108 mundo;
2460 3051 2514 3098 et
2542 3042 2675 3098 illud
2694 3042 2923 3114 apostoli
2947 3060 2959 3096 :
2992 3040 3168 3096 Nolite
3190 3040 3409 3111 diligere
3428 3055 3581 3093 mun-

1991 3134 2138 3198 dum,
2187 3152 2351 3207 neque
2401 3152 2462 3190 ea
2491 3152 2608 3206 quae
2641 3137 2696 3190 in
2738 3135 2937 3203 mundo
2974 3143 3116 3189 sunt.
3155 3133 3357 3200 Quibus
3401 3132 3580 3188 verbis

1991 3224 2121 3294 quid
2142 3224 2288 3280 aliud
2312 3225 2575 3292 innuitur,
2602 3226 2705 3280 nisi
2735 3235 2922 3295 aperte
2946 3225 3143 3280 dixisse
3169 3222 3319 3277 illum
3375 3222 3578 3277 intelli-

1987 3330 2178 3385 gamus
2203 3333 2215 3369 :
2246 3316 2306 3370 ln
2333 3315 2483 3370 illum
2504 3316 2669 3371 nolite
2688 3316 2903 3371 oculum
2925 3315 3123 3369 mentis
3157 3320 3352 3368 vestra:
3374 3311 3536 3384 ﬁgere
3556 3353 3572 3378 ,

1987 3419 2149 3473 quem
2176 3405 2419 3475 quotidie
2450 3406 2567 3474 ipsa
2592 3406 2745 3459 ruina
2771 3420 2866 3460 sua
2897 3404 3120 3459 cernitis
3145 3403 3358 3467 cadere,
3387 3403 3480 3457 sed
3527 3402 3580 3457 in

1988 3496 2139 3552 illum
2163 3505 2277 3552 tota
2299 3498 2495 3551 mentis
2520 3482 2817 3552 intentione
2859 3495 3114 3566 aspicite,
3154 3495 3413 3564 illumque
3451 3494 3579 3550 totis

1989 3588 2194 3643 viribus
2219 3587 2447 3656 diligite,
2471 3587 2563 3656 qui
2598 3594 2725 3642 ante
2769 3585 2951 3641 omnia
3011 3584 3205 3641 saecula
3234 3591 3318 3639 est
3341 3625 3355 3650 ,
3407 3591 3456 3637 et
3482 3598 3578 3653 per

1987 3678 2170 3734 omnia
2195 3677 2391 3734 saacula
2414 3677 2768 3733 immutabilis
2795 3684 2992 3740 manet,
3022 3677 3114 3746 qui
3140 3674 3321 3730 futuro
3356 3682 3412 3729 et
3440 3689 3581 3744 prte-

1990 3767 2150 3824 terito
2180 3776 2422 3837 tempore
2443 3777 2612 3832 caret,
2637 3768 2731 3823 sed
2755 3782 2875 3822 esse
2920 3767 3022 3822 sibi
3069 3779 3282 3835 semper
3315 3765 3580 3821 essentia-

1988 3860 2111 3915 liter
2136 3867 2240 3915 est.
2275 3858 2417 3926 Quid
2450 3868 2535 3915 est
2559 3860 2705 3914 enim
2746 3857 2905 3927 hujus
2930 3857 3117 3914 mundi
3150 3857 3375 3929 fugitiva
3408 3856 3576 3912 felici-

1988 3962 2092 4019 tas,
2117 3960 2174 4009 et
2194 3954 2399 4009 caduca
2422 3953 2772 4024 prosperitas,
2799 3952 2903 4007 nisi
2928 3967 3095 4022 vapor
3116 3959 3171 4006 et
3194 3951 3410 4006 fumus?
3432 3950 3577 4004 Inter

1989 4044 2338 4113 temporalem
2355 4044 2770 4114 prosperitatem
2784 4051 2837 4099 et
2848 4051 3103 4099 aeternam
3120 4041 3260 4098 felici
3270 4050 3431 4097 tatem
3446 4041 3582 4097 mul-

1988 4142 2101 4187 tum
2123 4133 2326 4190 distare
2353 4133 2475 4204 quis
2496 4133 2793 4204 peritorum
2830 4133 3080 4204 ignorat?
3102 4132 3382 4188 Discamus
3411 4132 3576 4201 igitur

1988 4224 2092 4280 hac
2119 4224 2399 4295 temporali
2430 4231 2699 4293 potestate
2720 4223 2826 4279 frui
2876 4231 3075 4292 praeter
3118 4229 3375 4278 aeternam
3403 4220 3576 4276 felici-

1988 4322 2174 4379 tatem,
2204 4315 2338 4370 etin
2363 4316 2520 4384 cujus
2567 4315 2971 4385 comparatione
3022 4314 3179 4369 nobis
3227 4313 3408 4369 omnia
3437 4313 3569 4367 vile-

1987 4415 2161 4464 scant.
2184 4408 2516 4464 Vestimenta
2538 4407 2795 4476 pretiosa,
2824 4406 3063 4463 caballos
3084 4404 3226 4459 farre
3248 4413 3453 4474 pastos,
3479 4420 3573 4459 ac-

1988 4500 2229 4570 cipitres,
2262 4498 2606 4569 falconesque
2634 4515 2760 4555 cum
2786 4498 2969 4554 curvis
3000 4497 3285 4567 unguibus,
3312 4497 3575 4552 latrantes

1987 4605 2168 4656 canes,
2201 4604 2511 4645 scurrarum
2543 4589 2945 4651 bacchationes,
2973 4588 3075 4643 cibi
3098 4595 3365 4658 potusque
3387 4588 3576 4658 exqui-

1984 4683 2105 4737 sita:
2127 4681 2422 4736 dulcedinis
2467 4682 2715 4751 saporis,
2769 4682 2977 4752 argenti
3018 4681 3244 4750 aurique
3299 4682 3569 4736 rutilantis

1985 4773 2223 4842 pondera
2254 4787 2593 4843 spernamus,
2617 4788 2686 4827 ne
2716 4773 2786 4827 sit
2826 4771 3005 4826 mollis
3029 4771 3268 4827 culcitraz
3296 4772 3565 4841 pausatio,

1986 4864 2274 4933 molliaque
2298 4864 2582 4920 cervicalia
2607 4880 2637 4919 a
2665 4864 2794 4919 viris
2812 4864 2990 4932 potius
3012 4864 3386 4927 exhibeantur,
3403 4878 3566 4932 quam

1985 4973 2017 5013 a
2046 4956 2307 5012 ﬂammeis
2338 4958 2549 5027 puellis.
2578 4958 2719 5012 Ante
2743 4957 2944 5021 omnia,
2977 4958 3192 5011 incauta
3232 4955 3570 5012 familiaritas

1983 5056 2364 5104 extranearum
2390 5047 2712 5104 feminarum
2753 5048 3116 5112 abscindatur,
3143 5048 3267 5117 quia
3294 5063 3436 5117 saepe
3481 5063 3569 5104 sc-

1985 5138 2233 5194 ducimur
2266 5139 2481 5194 incauta
2512 5139 2800 5193 securitate
2822 5137 2974 5207 pejus
3009 5154 3171 5208 quam
3209 5148 3394 5208 aperta
3446 5149 3567 5194 ten-

1985 5231 2206 5287 talione.
2267 5230 2674 5285 Tumultuosam
2735 5231 3104 5285 ministrorum
3163 5231 3563 5286 multitudinem

1986 5323 2315 5379 clandestina
2353 5322 2655 5379 divinarum
2706 5321 3110 5392 Scripturarum
3141 5322 3354 5393 eloquia
3377 5324 3563 5394 expel-

1980 5415 2114 5480 lant,
2142 5414 2266 5485 quia
2292 5413 2379 5467 illa
2407 5413 2565 5468 fovea
2613 5413 2759 5469 onmi
2794 5412 3036 5469 custodia
3074 5414 3312 5469 cavenda
3341 5424 3441 5476 est,
3469 5430 3568 5484 per

1982 5521 2144 5574 quam
2180 5504 2440 5573 plurimos
2491 5504 2784 5560 miserabili
2845 5505 2996 5561 ruina
3034 5506 3394 5577 conspicimus
3439 5525 3564 5562 cor-

1981 5598 2174 5654 ruisse.
2213 5597 2347 5652 Nam
2382 5614 2523 5669 saepe
2576 5599 2829 5656 robustus
2871 5600 3024 5656 miles
3050 5602 3397 5657 infestissima
3426 5602 3563 5656 telo-

1983 5709 2102 5748 rum
2124 5691 2455 5762 jaculatione
2486 5710 2551 5751 eo
2576 5695 2770 5751 fortius
2800 5696 3163 5766 impugnatur,
3191 5712 3299 5766 quo
3328 5696 3564 5749 invictus

1981 5786 2211 5841 videtur.
2244 5785 2497 5855 Quamvis
2519 5787 2618 5844 hoc
2645 5787 2809 5844 inisse
2843 5797 2891 5843 te
2937 5790 3208 5858 aeginium
3236 5787 3441 5858 liquido
3470 5801 3561 5839 no-
