4028 6176
480 334 587 393 825

1580 336 1639 394 S.
1679 334 1887 395 LULLI
1924 331 2305 391 MOGUN'I‘INI
2340 333 2649 393 EPISCOPI

3640 341 3750 399 82‘

480 449 651 506 verim
671 448 953 505 occasione
974 445 1358 503 lucrandarum
1380 446 1704 515 animarum,
1731 455 1787 503 et
1831 461 1931 517 pro
1945 454 2059 502 stu—
2085 452 2136 515 Α
2234 442 2446 518 scripta
2485 447 2836 504 beatitudinis
2888 456 2994 505 tuae
3044 447 3207 505 simul
3249 465 3372 505 cum
3427 451 3750 508 muneribus

480 540 568 596 dio
594 538 944 609 multiplicius
964 537 1232 594 serviendi
1259 538 1388 604 Deo,
1417 546 1601 594 tamen
1630 545 1902 593 memento
1937 536 2063 606 quia

478 630 693 688 mollem
716 646 936 687 manum
953 631 1120 687 durus
1133 629 1355 701 capulus
1373 638 1677 700 exasperat.
1703 629 2061 699 Quapropter,

476 719 644 774 chare
665 717 888 791 collega,
907 718 1021 789 jam
1059 720 1287 786 dudum,
1343 729 1398 776 et
1434 735 1577 775 nunc
1599 720 1687 791 pie
1726 727 2028 789 praeceptor
2049 759 2065 785 ,

477 808 535 863 in
580 810 822 866 omnibus
862 812 1102 882 operibus
1144 813 1248 869 tuis
1294 828 1585 869 memorare
1617 811 1898 866 novissima
1950 821 2063 876 tua,

479 906 529 952 et
550 899 606 954 in
634 910 885 956 retentum
923 917 1027 955 non
1057 901 1314 973 peccabis.
1357 900 1656 956 Festinatio
1685 909 1868 957 autem
1901 900 1969 955 ad
2016 908 2069 954 te

479 991 749 1058 veniendi,
775 1000 997 1062 propter
1020 993 1370 1063 multiplicem
1416 995 1819 1051 tribulationem
1844 1035 1858 1060 ,
1904 1009 2069 1064 quam

473 1086 696 1157 jugiter,
717 1088 828 1143 Deo
853 1088 1080 1159 gratias,
1105 1091 1454 1155 sustinemus,
1479 1091 1611 1147 mihi
1635 1092 1875 1162 undique
1904 1092 2070 1152 dene-

478 1187 603 1249 gata
632 1186 735 1236 est.
785 1179 957 1250 Hujus
990 1182 1230 1238 muneris
1277 1182 1704 1254 magnitudinem
1748 1184 1859 1240 noli
1896 1183 2073 1238 inten-

480 1268 629 1336 dere,
657 1269 752 1326 sed
789 1270 1040 1327 devotam
1067 1279 1305 1329 mentem
1333 1273 1614 1344 dirigentis
1637 1275 1870 1330 intuere.
1922 1274 2075 1330 Anti-

480 1373 606 1429 quae
640 1358 1029 1416 familiaritatis
1080 1362 1278 1418 fiducia
1307 1361 1449 1419 freto
1473 1363 1605 1418 libet
1642 1364 1774 1419 mihi
1806 1364 1925 1420 lucc
1966 1363 2075 1434 epi-

483 1453 752 1509 stiuncula
791 1457 1083 1525 quamdam
1110 1459 1432 1514 sententiam
1473 1458 1787 1530 frequenter
1812 1460 1950 1531 apud
1976 1476 2075 1517 nos

487 1542 751 1611 habitam,
772 1546 989 1615 quando
1012 1547 1230 1618 limpida
1252 1549 1398 1607 dicta
1416 1549 1512 1604 Dei
1535 1550 1895 1606 communiter
1914 1550 2077 1605 rima-

487 1632 701 1701 bamur,
732 1636 973 1693 breviter
998 1647 1241 1709 tangere,
1258 1653 1598 1710 nequaquam
1646 1647 1830 1696 tamen
1856 1642 1924 1696 ad
1970 1651 2076 1697 tua:

487 1739 640 1794 purae
662 1728 939 1799 religionis
972 1745 1258 1799 personam
1297 1732 1656 1802 pertinentem
1678 1772 1694 1798 ,
1747 1731 1903 1801 cujus
1937 1733 2077 1787 bene

2168 538 2363 594 litteris
2425 539 2714 611 assignatis
2781 539 2961 594 debita
3017 539 3392 610 gratulationis
3446 542 3748 596 reverentia

2168 632 2538 701 suscepimus,
2570 632 2939 701 maximasque
2977 633 3337 701 omnipotenti
3392 632 3504 688 Deo
3540 634 3751 702 egimus

2167 723 2389 793 gratias,
2420 722 2562 791 quod
2589 731 2643 778 te
2666 723 2720 778 in
2744 730 2857 777 tam
2906 723 3063 793 longa
3114 724 3546 793 peregrinatione
3593 726 3751 779 desu-

2170 814 2410 880 dantem,
2459 822 2515 870 et
2539 814 2595 869 in
2619 814 2818 869 Christi
2854 815 3117 885 agonibus
3143 816 3527 879 decertantem,
3554 821 3751 883 optata

2170 906 2509 960 conservavit
2550 905 2830 975 sospitati;
2870 913 2924 960 et
2951 906 3070 961 ideo
3096 906 3490 961 revertentibus
3527 921 3753 960 venera-

2170 992 2369 1050 hilibus
2407 993 2559 1060 viris,
2595 995 2850 1065 gaudium
2898 1002 3162 1060 nostrum,
3210 1009 3490 1049 sacrorum
3536 994 3751 1063 apicum

2172 1086 2540 1153 attestatione,
2587 1088 2880 1156 signamus,
2929 1102 2993 1141 ac
3019 1086 3252 1156 petimus
3294 1086 3373 1140 uti
3421 1086 3753 1155 quotidianis

2172 1179 2513 1235 orationibus
2570 1180 2911 1249 episcopatus
2974 1188 3099 1235 tuus
3146 1179 3385 1235 studium
3440 1195 3506 1235 ac
3566 1189 3751 1237 votum

2174 1285 2332 1325 suum
2373 1270 2518 1325 circa
2553 1269 2782 1326 salutem
2829 1278 3075 1325 nostram
3124 1271 3373 1339 dignetur
3420 1271 3749 1341 impendere.
3805 1315 3816 1333 .

2173 1362 2287 1418 Nos
2320 1377 2535 1433 quoque
2563 1360 2723 1417 simul
2760 1376 2885 1416 cum
2923 1361 3231 1416 nominibus
3270 1370 3582 1417 nostrorum
3612 1365 3751 1418 ami-

2174 1468 2382 1519 eorum,
2414 1461 2469 1508 et
2492 1452 2940 1524 propinquorum,
2969 1467 3089 1521 qum
3123 1452 3213 1507 hic
3259 1453 3561 1523 subscripta
3605 1465 3755 1521 sunt,

2175 1546 2483 1600 litterarum
2521 1544 2765 1600 custodia
2802 1544 2971 1600 facias
3003 1544 3290 1609 contineri,
3315 1545 3759 1617 orationibusque

2176 1643 2232 1690 et
2274 1635 2562 1689 missarum
2604 1633 3057 1689 eelebrationibus
3092 1634 3367 1702 perpetuis
3402 1633 3493 1688 Dei
3520 1638 3759 1703 patroci-

2176 1725 2284 1780 niis
2305 1728 2764 1781 commendemur.
2804 1726 3112 1795 Eodemque
3139 1727 3301 1783 modo
3323 1727 3389 1782 de
3412 1728 3577 1791 vobis,
3603 1735 3659 1782 et
3688 1730 3762 1784 de

491 1822 796 1878 recordaris
816 1823 944 1878 dum
964 1825 1181 1895 legitur,
1207 1827 1301 1882 sed
1333 1828 1402 1882 ad
1429 1826 1717 1896 quemdam
1767 1827 2076 1883 schismati-
2111 1816 2155 1874 Β
2181 1816 2490 1873 nominibus
2525 1818 2594 1873 ad
2635 1833 2737 1873 nos
2767 1818 2977 1885 delatis,
3012 1818 3309 1875 secundum
3351 1830 3579 1875 vestram
3612 1823 3760 1891 peti—

488 1929 609 1969 cum
632 1914 1078 1973 nefandissimum
1115 1920 1460 1990 pertinebat,
1510 1920 1603 1991 qui
1641 1936 1857 1991 semper
1891 1919 2079 1991 jurare

486 2004 694 2061 solebat
717 2006 852 2063 nihil
884 2023 945 2064 se
974 2011 1177 2066 terreni
1204 2020 1574 2082 accepturum.
1623 2011 1757 2069 Cum
1790 2013 1970 2069 subito
2011 2029 2080 2068 ex

488 2091 802 2174 improviso,
833 2097 981 2153 velut
1011 2114 1210 2155 novum
1240 2101 1579 2171 phantasma,
1603 2103 1887 2175 episcopus
1916 2118 2080 2173 appa-

490 2183 622 2249 ruit,
646 2185 751 2240 hoc
774 2186 889 2256 jam
924 2190 1162 2246 maxima
1190 2206 1259 2247 ex
1292 2200 1449 2262 parte
1474 2192 1718 2249 futurum
1742 2208 1863 2250 esse
1886 2194 2077 2250 formi-

489 2274 651 2333 dabo.
679 2277 965 2348 Longioris
985 2283 1255 2340 sermonis
1271 2285 1554 2355 prolixitas
1578 2285 1779 2356 legenti
1800 2285 2079 2342 fastidium

490 2382 559 2422 ne
584 2367 769 2439 gignat
787 2369 934 2443 (nam
970 2374 1185 2443 sapiens
1204 2377 1392 2447 paucis
1424 2379 1600 2433 utitur
1646 2380 1847 2446 verbis,
1880 2380 2080 2435 stultus

489 2464 673 2512 autem
704 2460 891 2517 multis
910 2460 1189 2533 fatigatur,
1215 2466 1356 2523 sicut
1379 2476 1435 2523 et
1451 2467 1576 2541 ego)
1597 2508 1613 2536 ,
1653 2470 1901 2535 obsecro,
1920 2469 2081 2525 istius

491 2549 732 2618 epistola:
756 2554 1058 2626 rubiginem
1094 2559 1432 2616 emendando
1458 2562 1732 2634 absterge,
1757 2562 1973 2632 meique
1998 2577 2081 2616 er-

492 2641 637 2697 roris
666 2642 999 2716 indulgentia
1025 2648 1203 2704 detur.
1230 2649 1375 2706 Deus
1403 2651 1534 2717 tibi,
1576 2651 1721 2722 quod
1744 2652 1813 2707 ad
1851 2652 2080 2707 salutem

494 2740 643 2792 tuam
685 2737 990 2805 pertineat,
1043 2739 1337 2797 clementer
1389 2744 1657 2814 inspirare
1697 2744 1978 2814 dignetur;
2024 2755 2081 2800 et

494 2840 618 2879 cum
645 2841 808 2899 grege
845 2829 944 2886 tibi
967 2833 1259 2894 commisso
1297 2834 1622 2891 incolumem
1644 2835 1838 2891 Pastor
1890 2844 2070 2906 pasto-

494 2932 614 2976 rum
650 2926 704 2975 te
758 2922 1045 2979 custodiat.
1077 2923 1305 2997 Propria
1344 2943 1507 2983 manu
1560 2928 1752 2999 scripsi
1794 2929 1931 2986 IJIPC.
1975 2929 2083 2986 Oho

495 3020 650 3069 serva
685 3024 809 3089 qua:
828 3011 1214 3083 prmeipiuntur
1237 3023 1291 3069 et
1310 3015 1490 3071 salvus
1511 3016 1640 3073 eris.

1060 3100 1396 3159 EPIS'I'OLA
1451 3105 1517 3160 ν.

880 3206 1080 3254 ιῠιιυδ
1112 3208 1391 3250 DENEARDO
1427 3210 1496 3249 ΕΤ
1535 3210 1696 3251 Αιιιε.

984 3281 1159 3352 (Anno
1199 3283 1414 3340 Domini
1444 3285 1593 3360 755.)

567 3366 916 3429 Cbarissimis
930 3371 1055 3429 filiis
1075 3373 1411 3443 Denehardo,
1432 3375 1762 3443 Eanbertbo,
1781 3376 2086 3447 Winberto,

502 3457 807 3528 Sigeherio,
852 3462 1177 3536 Sigewaldo,
1228 3466 1415 3525 Lullus
1477 3468 1706 3541 antistes
1752 3469 1807 3526 in
1858 3471 2087 3533 Domino

502 3552 752 3615 salutem.

575 3642 942 3706 Admonemus
986 3667 1084 3708 vos
1135 3662 1194 3709 ut
1243 3657 1443 3727 rogetis
1494 3672 1684 3713 omnes
1733 3658 1934 3729 ubique
1978 3659 2090 3714 Deo

505 3734 822 3799 servientes,
854 3747 964 3794 tam
994 3755 1179 3798 servos
1208 3745 1303 3800 Dei
1341 3762 1503 3816 quam
1536 3749 1759 3805 ancillas
1794 3750 1997 3808 Christi
2035 3752 2091 3806 in

504 3824 785 3890 provincia
807 3827 1224 3900 Thuringorum,
1249 3836 1666 3907 universamque
1686 3839 1919 3909 plebem,
1950 3851 2010 3896 ut
2035 3842 2090 3898 in

506 3917 777 3971 communi
821 3919 1248 3977 misericordiam
1297 3925 1511 3981 Domini
1554 3929 1929 3997 deprecentur,
1958 3948 2087 4002 qua«

508 4009 665 4059 tenus
691 4005 759 4061 ab
787 4006 1087 4064 imminenti
1122 4011 1422 4080 pluviarum
1451 4015 1660 4088 ﬂagello
1686 4019 2009 4089 liberemur;
2039 4025 2094 4079 id

504 4103 611 4162 est,
641 4107 700 4153 ut
722 4115 887 4155 unam
936 4103 1327 4162 hebdomadam
1375 4109 1683 4166 abstineant
1724 4129 1783 4169 se
1827 4115 1896 4168 ab
1944 4115 2093 4170 omni

506 4198 694 4258 carne,
735 4200 792 4248 et
827 4194 896 4250 ab
941 4196 1089 4251 omni
1116 4206 1247 4266 potu
1275 4198 1331 4253 in
1353 4214 1461 4270 quo
1485 4202 1592 4260 mel
1613 4203 1716 4271 sit;
1750 4204 1985 4262 secunda
2009 4205 2091 4261 fe-

505 4280 606 4347 ria,
639 4292 830 4352 quarta
862 4283 1020 4353 feria,
1057 4295 1112 4343 et
1141 4295 1294 4343 sexta
1337 4289 1474 4347 feria
1511 4291 1767 4363 jejunetis
1808 4310 1980 4365 usque
2025 4297 2093 4351 ad

503 4388 822 4445 vesperum;
858 4386 914 4434 et
948 4381 1318 4452 unusquisque
1345 4399 1628 4441 servorum
1668 4386 1763 4441 Dei
1801 4395 1857 4443 et
1886 4389 2091 4444 sancti-

504 4465 818 4527 monialium
846 4469 1236 4542 quinquaginta
1269 4474 1507 4545 psalmos
1534 4484 1718 4533 cantet
1742 4478 1889 4533 omni
1924 4479 2010 4534 die
2035 4479 2089 4536 iu

504 4552 597 4609 illa
639 4557 962 4625 septimana,
992 4570 1049 4615 et
1076 4561 1198 4621 illas
1225 4565 1439 4631 missas,
1480 4582 1601 4637 qum
1627 4582 1727 4637 pro
1758 4569 2092 4638 tempestati-

500 4646 605 4705 bus
648 4648 767 4704 fieri
807 4652 1032 4720 soleant,
1087 4655 1363 4715 celebrare
1400 4674 1515 4725 vos,
1544 4661 1864 4731 presbyteri,
1903 4676 2088 4717 recor-

502 4738 726 4795 damini.
759 4741 1003 4800 Misimus
1026 4746 1180 4803 vobis
1219 4750 1441 4811 nomina
1476 4750 1679 4806 domini
1723 4750 1952 4806 Romani
1978 4753 2091 4822 epi-

502 4834 683 4905 scopi,
735 4850 836 4906 pro
878 4854 987 4908 quo
1031 4841 1403 4912 unusquisque
1459 4849 1700 4898 vestrum
1742 4859 1849 4900 xxx
1894 4844 2091 4899 missas

503 4936 686 4984 cantet
721 4939 777 4984 et
811 4929 933 4988 illos
959 4932 1217 5001 psalmos,
1266 4941 1322 4989 et
1352 4933 1616 5004 jejunium
1640 4933 1794 5004 juxta
1821 4937 2089 4991 constitu-

504 5018 704 5075 tionem
732 5029 998 5079 nostram.
1033 5022 1298 5079 Similiter
1322 5039 1421 5094 pro
1447 5025 1655 5080 duobus
1690 5025 1845 5081 laicis
1872 5025 2091 5081 nomine

506 5108 854 5180 Megenfrido,
869 5122 924 5167 et
939 5112 1164 5171 Rabano
1187 5131 1220 5169 χ
1242 5116 1436 5171 missas
1454 5118 1827 5189 unusquisque
1849 5126 2089 5177 vestrum

506 5209 705 5258 cantet.
735 5201 923 5259 Valete
942 5204 1251 5262 in~Domino
1279 5222 1511 5277 semper.

1063 5317 1397 5374 EPISTOLA
1440 5319 1524 5373 \‘I.

892 5423 1132 5466 ALREDUS
1175 5428 1245 5467 ET
1282 5428 1470 5467 OSGIVA
1504 5427 1696 5467 LULLO.

990 5498 1165 5571 (Anno
1201 5500 1415 5555 Domini
1456 5501 1603 5572 755.)

572 5584 802 5643 Alredus
823 5603 922 5645 rex
946 5598 1002 5645 et
1026 5590 1224 5662 Osgiva
1257 5592 1441 5661 regina
1472 5592 1625 5647 Lullo
1651 5592 1942 5647 venerabili
1978 5593 2090 5663 epi-

503 5692 665 5747 scopo
689 5679 843 5735 nobis
876 5682 1174 5750 perpetuali
1218 5683 1458 5738 amicitia
1500 5684 1751 5753 copulato
1786 5685 1843 5740 in
1871 5683 2090 5743 Christo

503 5766 752 5823 salutem.

2180 1905 2401 1971 tionem,
2436 1904 2616 1962 facere
2644 1908 2974 1973 curabimus,
3003 1919 3063 1964 ut
3098 1909 3153 1963 in
3182 1910 3394 1965 cunctis
3418 1912 3760 1966 monasteriis

2178 1996 2380 2051 nostris
2429 1996 2722 2053 ditionibus
2784 1998 3082 2067 subiunctis
3137 2000 3413 2070 perpetuis
3458 2000 3758 2056 litterarum

2178 2086 2544 2142 monumentis
2582 2089 3051 2155 commendentur,
3085 2098 3140 2143 et
3166 2088 3474 2145 orationum
3508 2091 3758 2145 subsidiis

2176 2175 2289 2231 Deo
2326 2166 2564 2246 quotidie
2604 2186 3020 2248 przesententur.
3069 2178 3312 2248 Illudque
3333 2168 3538 2247 ‘pietati
3562 2189 3756 2235 nostra:

2178 2267 2313 2324 satis
2357 2267 2626 2338 placuisse
2668 2283 2953 2338 cognosce,
2997 2269 3143 2338 quod
3179 2268 3536 2323 sanctimonia
3570 2278 3657 2323 tua
3687 2271 3753 2327 de

2176 2358 2542 2415 Ecclesiarum
2590 2367 2684 2413 aut
2712 2360 2893 2431 populi
2930 2360 3340 2429 perturbatione
3380 2358 3613 2415 sollicita
3649 2372 3751 2427 est,

2176 2464 2298 2520 quae
2322 2450 2486 2504 etiam
2511 2456 2571 2504 ut
2595 2448 2804 2515 ﬁerent,
2842 2450 2939 2505 Dei
2969 2450 3150 2520 aliquo
3185 2438 3607 2519 dispensationis
3634 2467 3760 2507 eon-

2178 2541 2301 2597 silio
2320 2539 2591 2597 credimus
2617 2556 2738 2597 esse
2762 2542 2998 2611 provisa.
3022 2541 3233 2597 Nostris
3254 2557 3488 2611 quoque,
3514 2542 3761 2597 dilectis—

2177 2631 2313 2686 sime
2337 2630 2522 2696 frater,
2568 2631 2926 2702 legationibus
2951 2631 3020 2686 ad
3056 2632 3332 2688 dominum
3374 2640 3610 2687 vestrum
3638 2632 3756 2702 glo—

2177 2722 2536 2779 riosissimum
2584 2737 2768 2793 regem
2812 2722 2957 2781 Carl.
3005 2724 3386 2790 obsecramus,
3432 2722 3759 2778 consulendo

2178 2814 2502 2880 subvenias,
2550 2820 2611 2869 ut
2660 2829 2766 2884 pax
2800 2822 2854 2869 et
2889 2813 3145 2879 amicitia,
3188 2829 3310 2884 quae
3341 2816 3594 2870 omnibus
3635 2832 3762 2870 eon-

2179 2906 2421 2972 veuiunt,
2439 2905 2607 2962 facias
2631 2906 2899 2962 stabiliter
2921 2907 3063 2961 inter
3087 2922 3187 2961 nos
3217 2908 3547 2963 conﬁrmari.

2251 2995 2444 3050 Divina
2486 2995 2740 3065 majestas
2779 2995 3048 3052 indefesso
3098 2998 3392 3052 certamine
3428 3014 3528 3068 pro
3564 2997 3766 3053 Christi

2182 3087 2423 3144 Ecclesia
2447 3087 2798 3145 desudantem
2820 3097 2873 3145 te
2895 3104 3215 3145 conservare
3233 3090 3503 3161 dignetur.

2113 3167 2160 3229 C
2259 3177 2432 3236 Parva
2476 3180 2793 3235 munuscula
2829 3189 2936 3236 tua:
2961 3181 3208 3252 dignitati
3244 3181 3577 3245 admisimus,
3604 3182 3655 3237 id
3685 3191 3768 3235 est

2190 3271 2473 3327 duodecim
2514 3286 2691 3344 sagos,
2720 3288 2844 3329 eum
2871 3273 3071 3329 annulo
3110 3288 3275 3330 aureo
3315 3272 3510 3346 majori
3535 3274 3675 3330 dono
3701 3272 3770 3328 ad

2189 3363 2389 3419 dotem.

2728 3458 3065 3516 EPISTOLA
3100 3458 3209 3514 VII.

2749 3569 2988 3608 PIPPINUS
3022 3568 3191 3608 LULLO
3203 3590 3225 3611 ο

2684 3641 2856 3715 (Anno
2887 3642 3099 3696 Domini
3127 3641 3231 3696 755
3256 3640 3303 3702 ).

2260 3731 2519 3803 Pippinus
2544 3734 2716 3804 gratia
2767 3733 2863 3788 Dei
2914 3749 3008 3788 rex
3055 3732 3394 3791 Francorum
3436 3732 3517 3787 vir
3559 3730 3775 3788 illuster

2190 3825 2411 3882 domino
2439 3833 2626 3881 saneto
2653 3825 2799 3881 Patri
2832 3826 2987 3881 Lullo
3016 3827 3292 3897 episcopo.

2262 3916 2549 3988 Cognitum
2578 3917 2779 3973 scimus
2818 3918 3091 3972 sanctitati
3124 3927 3320 3973 vestra:
3352 3917 3565 3987 qualem
3598 3917 3776 3986 pieta-

2193 4015 2303 4065 tem
2336 4016 2390 4067 et
2415 4008 2841 4067 misericordiam
2888 4009 3030 4063 Deus
3070 4007 3200 4064 fecit
3246 4009 3503 4078 praesenti
3542 4024 3685 4064 anno
3719 4009 3772 4062 in

2194 4107 2340 4156 terra
2379 4101 2503 4156 ista.
2550 4100 2707 4158 Dedit
2743 4099 3141 4156 tribulationem
3169 4115 3269 4169 pro
3297 4099 3508 4155 delictis
3531 4098 3772 4163 nostris;

2193 4199 2315 4262 post
2348 4190 2752 4246 tribulationem
2791 4198 2972 4248 autem
3008 4206 3259 4261 magnam
3288 4198 3450 4259 atque
3474 4188 3775 4243 mirabilem

2194 4281 2614 4340 consolationem
2639 4322 2654 4347 ,
2709 4281 2822 4335 sive
2871 4281 3257 4336 abundantiam
3307 4278 3517 4335 fructus
3575 4289 3773 4341 teme,

2194 4386 2356 4444 quem
2404 4372 2564 4428 modo
2602 4372 2887 4427 habemus.
2934 4371 3031 4427 Est
3065 4373 3135 4427 ob
3177 4372 3301 4437 hoe,
3343 4380 3505 4441 atque
3529 4386 3629 4440 pro
3653 4370 3776 4424 aliis

2195 4462 2375 4518 causis
2393 4462 2595 4517 nostris
2624 4477 2759 4531 opus
2789 4469 2872 4516 est
2906 4461 3062 4517 nobis
3089 4460 3168 4515 illi
3195 4461 3400 4532 gratias
3431 4475 3611 4532 agere,
3642 4461 3773 4529 quia

2193 4554 2446 4625 dignatus
2472 4560 2556 4608 est
2584 4567 2769 4607 servos
2803 4568 2932 4612 suos
2964 4551 3234 4607 consolari
3272 4568 3370 4621 per
3402 4550 3519 4620 ejus
3560 4551 3776 4605 miscri—

2191 4645 2453 4701 cordiam.
2503 4644 2595 4699 Sic
2642 4644 2800 4699 nobis
2842 4644 3054 4699 videtur
3090 4651 3169 4709 ut,
3215 4644 3419 4713 absque
3459 4642 3662 4712 jejunio
3696 4643 3777 4695 in—

2191 4737 2355 4799 dicto,
2403 4735 2773 4805 unusquisque
2815 4735 3099 4805 episcopus
3132 4735 3188 4788 in
3222 4750 3319 4790 sua
3348 4734 3610 4804 'paroehla
3642 4732 3771 4786 lita-

2192 4828 2311 4884 nias
2341 4826 2524 4893 faciat,
2561 4842 2669 4881 non
2706 4842 2828 4881 eum
2844 4824 3072 4895 jejunio,
3118 4826 3224 4881 nisi
3267 4834 3477 4880 tantum
3518 4826 3575 4880 in
3618 4824 3779 4878 laude

2193 4923 2309 4989 Dei,
2343 4922 2434 4991 qui
2480 4920 2639 4975 talem
2676 4920 2832 4975 nobis
2869 4920 3252 4974 abundantiam
3304 4919 3467 4983 dedit,
3512 4925 3567 4972 et
3611 4917 3778 4973 faciat
3858 4968 3871 4977 ,

2192 5018 2561 5087 unusquisque
2612 5016 2774 5070 homo
2823 5029 2952 5069 suas
3002 5014 3374 5084 elcemosynas
3421 5021 3476 5067 et
3513 5025 3781 5082 pauperes

2192 5118 2398 5182 pascat.
2444 5110 2511 5163 Et
2557 5110 2637 5165 sie
2683 5108 2981 5178 praevidere
3034 5106 3267 5171 faciatis,
3317 5113 3373 5160 et
3416 5105 3668 5162 ordinare
3711 5104 3781 5159 de

2194 5203 2358 5257 verbo
2392 5208 2596 5265 nostro,
2647 5207 2708 5253 ut
2750 5198 3121 5268 unusquisque
3156 5198 3339 5262 homo,
3371 5205 3463 5252 aut
3498 5194 3658 5249 vellet
3686 5203 3788 5248 aut

2194 5295 2378 5361 nollet,
2410 5308 2563 5348 suam
2594 5292 2859 5349 decimam
2888 5292 3071 5346 donet.
3101 5290 3286 5346 Valete
3311 5291 3366 5345 in
3395 5288 3629 5345 Christo.

2723 5400 3059 5457 EPISTOLA
3109 5401 3242 5457 VIII.

2722 5510 2987 5550 NAGINGOZ
3033 5508 3224 5549 LULLO.

2683 5588 2855 5660 (Anno
2885 5585 3101 5641 Domini
3130 5583 3277 5655 755.)

2268 5681 2546 5737 Sacerdoti
2593 5680 2795 5735 Christi
2830 5677 3135 5750 magniﬁco,
3169 5678 3470 5733 reverentia
3493 5674 3706 5746 pariter
3736 5684 3788 5727 et

2195 5788 2377 5827 amore
2403 5788 2510 5827 non
2546 5771 2890 5828 mediocriter
2923 5769 3316 5838 amplectendo,
3347 5768 3499 5823 Lullo
3523 5768 3789 5837 episcupc
