4028 6176
477 249 587 307 825

1930 212 2314 318 ΕΡΙέΤΟΙλᾸΞ.

3638 281 3744 340 826

475 366 779 438 Magingoz,
825 382 1012 425 servus
1051 383 1328 426 servorum
1356 371 1471 437 Dei,
1509 385 1801 441 perennem
1844 373 1898 428 in
1944 375 2053 431 Do-
2081 374 2132 433 Α
2156 371 2453 442 dignationi
2485 372 2853 433 desideramus
2893 380 3019 449 quia
3050 384 3254 441 exitum
3293 391 3499 445 sororis
3538 405 3739 453 nostra:

649 458 906 515 salutem.

2161 472 2458 517 extremum
2486 465 2733 534 spiritum
2755 471 2980 539 agentis,
3012 477 3339 535 maeroribus
3365 497 3427 537 ac
3457 483 3738 545 timoribus

696 564 745 603 η
797 551 1197 622 Scripturarum
1222 553 1544 610 'divinarum
1600 558 1913 613 testimonio
1960 557 2059 612 de-
2159 552 2394 621 undique
2447 554 2706 623 depressi,
2765 562 3160 629 prmstolamur,
3213 580 3442 625 mortem
3490 576 3737 633 videlicet

469 658 699 698 claram:
747 642 1021 699 veritatem
1043 659 1164 700 esse
1193 646 1478 701 Dominum
1506 647 1865 716 Salvatorem,
1897 665 1962 705 ac
1990 650 2057 704 de
2156 644 2334 699 carnis
2377 644 2542 711 illius,
2575 647 2833 704 instinctu
2874 656 3138 712 naturalis
3186 659 3529 728 conditionis,
3591 670 3738 725 velut

465 735 587 804 ipso
642 736 847 791 dictum
900 750 1021 790 esse
1069 751 1169 805 per
1214 738 1569 807 prophetam:
1597 738 1827 805 Quwrite
1864 740 2053 810 faciem
2153 734 2368 803 propria
2397 734 2656 804 delentes,
2685 748 2738 793 et
2766 757 2866 811 pro
2901 744 3095 800 anima:
3119 747 3261 805 illius
3287 762 3483 807 eventu
3511 756 3732 823 incerto,

463 830 582 899 ejus
629 846 846 900 semper,
900 846 1063 900 quam
1106 834 1177 886 ob
1221 847 1335 886 rem
1379 834 1700 894 solutionem
1739 837 2021 905 quaestioni

2153 830 2206 875 et
2253 823 2351 878 soli
2385 824 2555 893 iudici
2596 828 2840 898 piissimo
2867 841 3018 900 noto,
3053 844 3107 890 ct
3134 837 3353 909 insuper
3381 841 3599 901 familim
3630 848 3734 902 loci

462 918 695 987 alicujus
731 933 851 988 quae
890 919 1139 976 videlicet
1172 921 1501 979 inﬁrmitatis
1528 934 1726 980 nostra:
1755 927 2048 997 cognitioni

460 1008 638 1064 facilis
669 1025 777 1064 non
817 1016 918 1073 est,
952 1025 983 1063 a
1013 1010 1338 1079 dignationis
1368 1021 1560 1068 vestra:
1605 1014 1856 1085 largitate
1890 1015 1944 1070 id
1970 1016 2050 1085 ip-

461 1114 582 1152 sum
626 1096 930 1169 ﬂagitantes
975 1099 1204 1154 multum
1245 1101 1615 1158 desideramus
1642 1106 1908 1175 accipere.
1936 1105 2045 1160 Ita-

460 1205 568 1258 que
610 1190 923 1244 constitutio
960 1191 1293 1247 matrimonii
1334 1192 1768 1250 Christianorum
1815 1197 1870 1251 in
1913 1195 2043 1265 jun—

460 1280 656 1353 gendo,
694 1282 777 1335 vel
812 1282 1130 1350 separando,
1167 1298 1199 1337 a
1232 1282 1484 1340 Patribus
1514 1294 1679 1359 ‘tanta
1725 1287 2042 1341 diversitate

459 1380 616 1434 nobis
666 1378 880 1433 videtur
922 1378 1152 1447 disponi,
1202 1388 1262 1433 ut
1305 1380 1393 1434 vix
1425 1396 1532 1435 una
1568 1388 1623 1435 et
1659 1396 1882 1450 compar
1926 1396 2044 1437 sen-

459 1470 629 1525 tentia
678 1470 937 1541 ipsorum,
992 1478 1193 1526 nostra:
1237 1479 1419 1540 pateat
1468 1473 1744 1541 parvitati.
1780 1473 2042 1529 Videntur

458 1577 694 1633 namque
735 1562 1079 1618 concorditer
1122 1562 1360 1619 Isidorus
1394 1580 1459 1619 ae
1492 1564 1853 1635 Hieronymus
1896 1562 2039 1618 allir-

454 1669 609 1710 mare
657 1670 766 1710 non
808 1655 1005 1709 debere
1045 1654 1342 1709 adulteram
1388 1655 1558 1711 teneri
1593 1671 1624 1709 a
1654 1655 1791 1720 viro,
1829 1655 1915 1710 cui
1950 1669 2037 1710 so-

456 1745 621 1810 ciata,
670 1744 827 1799 alteri
875 1758 953 1811 se,
998 1759 1152 1799 more
1175 1745 1496 1812 meretricis,
1545 1744 1820 1816 adiungat,
1850 1753 2036 1816 utpote

455 1851 577 1907 qua:
612 1850 774 1890 unam
804 1850 1024 1890 carnem
1061 1834 1265 1891 nefarie
1292 1836 1558 1903 dividens,
1591 1837 1865 1909 indignam
1896 1854 1955 1895 se
1981 1847 2037 1895 et

452 1928 684 1984 alienam
712 1929 781 1983 ab
806 1929 1012 1983 honore
1052 1930 1308 1985 connubii
1323 1915 1607 1985 rdivinitus
1655 1932 1888 1987 instituti
1916 1934 2036 1988 red-

452 2020 669 2085 diderit,
701 2027 756 2076 et
784 2021 888 2075 hoc
913 2035 1033 2076 esse
1057 2030 1390 2091 prazceptum
1414 2029 1471 2076 et
1498 2021 1820 2091 permissum
1853 2038 1882 2077 a
1914 2022 2036 2078 Sal-

450 2121 657 2178 vatore,
694 2129 817 2168 cum
845 2128 1068 2169 uxorem
1095 2129 1204 2168 non
1231 2114 1605 2170 dimittendam
1633 2115 1837 2186 absque
1863 2114 2035 2170 forni-

449 2204 682 2260 cationis
734 2218 897 2258 causa
946 2205 1285 2274 praeciperet.
1342 2205 1674 2277 Augustinus
1733 2221 1862 2261 vero
1907 2222 2032 2261 eum

447 2294 772 2348 sententiam
813 2296 1058 2350 eamdem
1099 2294 1397 2351 Salvatoris
1432 2296 1684 2351 diuturna
1711 2297 2033 2352 tractatione

447 2384 779 2449 ventilasset,
820 2383 956 2441 nihil
990 2384 1167 2455 planae
1193 2385 1587 2452 elucidationis,
1644 2394 1794 2443 certe
1832 2394 2031 2443 nostrae

446 2478 665 2532 omnino
711 2477 1059 2533 teneritudini
1101 2478 1397 2548 captabile,
1442 2476 1685 2548 profert;
1723 2479 1819 2534 sed
1845 2479 2027 2534 hocin

444 2579 689 2626 extremo
732 2571 982 2637 dicebat,
1047 2572 1174 2640 quia
1225 2571 1495 2641 quomodo
1540 2581 1871 2640 praeceptum
1925 2572 2030 2627 hoc

445 2663 744 2719 Salvatoris
772 2664 943 2733 accipi
970 2663 1264 2728 debuisset,
1309 2663 1419 2718 late
1458 2662 1895 2732 operosissimam
1932 2661 2029 2716 ad-

444 2757 550 2811 huc
573 2768 856 2825 superesse
893 2754 1265 2825 quaestionem,
1297 2769 1727 2811 commemorans
1748 2770 1877 2810 vero
1908 2769 2028 2808 mu-

441 2844 627 2902 lierem
651 2847 719 2902 ab
741 2846 1084 2901 accusatione
1101 2844 1412 2902 Iudaeorum
1437 2860 1469 2899 a
1492 2846 1720 2901 Domino
1739 2845 2025 2902 liberatam

441 2940 572 2995 dicit
604 2955 619 2994 :
648 2938 766 2994 Non
792 2939 934 2995 male
967 2939 1046 2994 illi
1078 2939 1164 2993 vir
1202 2938 1417 2993 mulieri
1460 2937 1587 2993 licet
1613 2938 1668 2992 in
1696 2938 2023 2993 adulterium

439 3034 605 3103 lapsae
633 3032 1032 3088 conciliaretur.
1064 3031 1261 3086 Beatus
1292 3045 1420 3085 vero
1441 3029 1551 3085 Leo
1577 3044 1713 3099 papa
1740 3029 2017 3095 feminam,

439 3131 599 3193 capto
624 3124 692 3178 ab
725 3122 973 3178 hostibus
1014 3121 1229 3186 marito,
1262 3127 1486 3189 cogente
1507 3118 1816 3183 solitudine,
1846 3118 2020 3174 incul-

437 3214 689 3286 pabiliter
744 3212 900 3269 alteri
959 3227 1118 3284 posse
1172 3211 1413 3283 copulari
1467 3227 1590 3267 cum
1639 3211 2020 3282 desperaretur

436 3316 626 3378 captus
645 3346 661 3373 ,
701 3313 757 3362 et
796 3319 1013 3361 reverso
1043 3304 1182 3360 forte
1220 3306 1420 3376 priore,
1449 3311 1751 3375 separatam
1779 3319 1810 3358 a
1837 3311 2019 3374 poste-

433 3400 598 3465 riore,
626 3398 909 3470 principali
932 3398 1145 3453 restitui
1171 3398 1332 3463 dicit;
1364 3397 1455 3452 ubi
1481 3397 1776 3452 notandum
1804 3396 2020 3451 videtur

432 3488 576 3556 quod
603 3488 787 3542 statim
811 3488 1079 3543 destituta:
1103 3485 1318 3556 coniugi
1351 3485 1587 3542 nubendi
1614 3486 1885 3542 licentiam
1920 3485 2017 3539 tri-

431 3576 568 3632 buit.
606 3577 763 3647 Apud
799 3577 1063 3632 [siderum
1101 3592 1231 3632 vero
1254 3576 1340 3629 vel
1367 3574 1753 3645 Hieronymum
1781 3573 2015 3645 proditio

432 3667 653 3724 fmderis
689 3667 987 3740 coniugalis
1030 3669 1437 3725 matrimonium
1462 3673 1695 3736 separat.
1728 3665 1867 3731 Quid
1886 3679 2016 3734 ergo

432 3757 668 3824 supersit
696 3755 909 3827 coniugi
934 3772 1116 3827 quem,
1141 3757 1230 3812 vel
1264 3771 1444 3827 quam,
1472 3753 1706 3811 solitudo
1732 3762 2009 3825 perurget,

432 3844 479 3900 si
505 3853 561 3901 et
586 3845 775 3902 lsidori
808 3848 890 3902 vel
915 3848 1229 3919 Hieronymi
1267 3864 1332 3903 ac
1354 3847 1549 3904 Leonis
1577 3847 1851 3902 decretum
1866 3837 2015 3915 iuste

430 3936 669 4003 creditur
696 3952 816 3992 esse
857 3938 1169 4006 tenendum,
1201 3938 1307 3994 nisi
1336 3946 1395 3993 ut
1423 3952 1482 3993 se
1509 3938 1855 3993 matrimonio
1882 3953 2014 3994 con-

427 4027 615 4100 iungat
647 4030 889 4099 alterius,
917 4046 1006 4086 me
1036 4031 1212 4088 fateor
1243 4032 1512 4103 ignorare.
1554 4032 1818 4087 Bonitatis
1850 4031 2012 4101 igitur

430 4132 621 4178 vestrae
661 4123 1043 4193 dignationem,
1099 4138 1197 4193 per
1238 4123 1559 4179 charitatem
1611 4138 1716 4192 qua
1759 4122 2009 4180 Christus

427 4214 685 4268 Dominus
730 4229 945 4285 semper
995 4213 1197 4282 ubique
1252 4214 1493 4268 membra
1549 4227 1646 4268 sua
1690 4210 1792 4269 sibi
1842 4227 2006 4282 copu-

426 4303 537 4357 lare
567 4303 827 4372 probatur
858 4303 1225 4366 obsecramus,
1264 4309 1322 4356 ut
1355 4302 1714 4373 ignorantiam
1762 4310 2004 4360 nostram

2150 914 2294 971 illius
2324 916 2648 983 tenerrimze,
2688 930 2743 976 et
2768 927 3179 994 propemodum,
3221 931 3339 985 sine
3375 934 3482 988 ulla
3521 940 3733 995 consilii

2148 1005 2424 1075 ﬁrmitate,
2476 1010 2872 1081 discissionem,
2915 1016 2998 1071 vel
3031 1016 3195 1088 (quod
3224 1025 3600 1091 gravissimum
3628 1031 3731 1102 est)

2147 1102 2454 1192 animarum
2521 1102 2805 1158 interitum
2864 1109 3333 1177 pertimescentes.
3394 1118 3732 1192 Quapropter

2145 1191 2532 1261 magnitudinis
2561 1204 2755 1250 vestra:
2775 1197 2963 1266 pietati
2988 1201 3178 1257 humili
3202 1205 3498 1267 intentione
3529 1191 3733 1281 suppli—

2143 1297 2328 1342 cantes
2355 1288 2705 1344 obsecramus
2734 1307 2832 1362 per
2858 1292 3133 1350 Christum
3167 1297 3500 1356 Salvatorem
3541 1318 3731 1359 resur-

2142 1378 2547 1448 rectionemque
2572 1391 2926 1448 mortuorum,
2964 1388 3042 1440 uti
3070 1389 3225 1443 nobis
3258 1394 3580 1460 supradictis
3605 1412 3731 1452 cru-

2141 1467 2373 1522 ciatibus
2401 1468 2617 1525 afﬂictis
2650 1473 2781 1541 quid
2818 1482 2940 1544 post
2980 1476 3186 1532 obitum
3227 1480 3370 1536 illius
3399 1484 3469 1537 sit
3496 1501 3596 1556 pro
3618 1496 3729 1542 sta-

2139 1559 2349 1614 bilitate
2391 1560 2613 1616 salutari
2658 1567 3026 1622 monasterioli
3061 1569 3383 1638 faciendum,
3411 1585 3588 1644 prout,
3622 1578 3728 1634 Do-

2140 1650 2290 1705 mino
2320 1650 2559 1720 iuvante,
2591 1652 2841 1725 colligere
2869 1656 3108 1722 valeatis,
3145 1659 3339 1717 litteris
3367 1663 3605 1719 indicare
3629 1682 3727 1736 per

2065 1719 2112 1779 Β
2140 1740 2285 1795 hunc
2328 1743 2576 1796 nuntium
2618 1759 2726 1798 non
2763 1745 3144 1815 dedignemini.
3194 1750 3331 1805 Sunt
3372 1754 3537 1821 enim,
3586 1719 3726 1812 si‘cut

2137 1830 2308 1897 scitis,
2359 1832 2469 1887 illic
2513 1832 2657 1903 ﬁlia:
2680 1832 2868 1891 fratris
2915 1839 3087 1893 nostri
3132 1840 3339 1906 velatae,
3374 1844 3429 1897 in
3456 1860 3590 1914 quas
3616 1848 3725 1901 for-

2135 1928 2280 1977 tasse
2328 1922 2555 1979 intentio
2601 1924 2964 1995 ignorantium
3005 1944 3265 1985 conversa
3300 1940 3413 1999 est;
3447 1935 3539 1989 sed
3576 1935 3723 1990 nulla

2133 2028 2197 2068 ex
2252 2014 2338 2070 his
2382 2016 2558 2070 adhuc
2612 2017 2695 2071 vel
2730 2024 2910 2085 aztate,
2960 2021 3044 2075 vel
3079 2037 3267 2077 sensus
3330 2023 3509 2095 aliqua
3554 2024 3722 2081 firmi-

2135 2111 2263 2168 tate,
2290 2106 2357 2160 ad
2400 2106 2801 2177 suscipiendum
2832 2110 2937 2165 tale
2981 2114 3190 2181 pondus
3235 2129 3472 2187 congrua
3521 2119 3722 2187 poterit

2123 2188 2378 2258 iudicari.
2425 2192 2494 2246 Et
2519 2191 2875 2251 formidamus
2922 2197 3313 2268 dispersionem
3361 2204 3719 2261 inconsultam

2129 2280 2366 2348 familiae,
2419 2283 2525 2337 nisi
2569 2283 2820 2340 celeriter
2864 2287 2997 2343 ordo
3033 2304 3098 2343 ac
3132 2291 3399 2347 stabilitas
3427 2307 3523 2363 per
3551 2295 3718 2349 abba-

2130 2372 2321 2428 tissam
2345 2375 2660 2431 collocetur.
2689 2376 2800 2432 Nec
2823 2385 3007 2434 tamen
3036 2381 3123 2436 vel
3152 2382 3294 2437 intra
3325 2385 3594 2452 cellulam,
3632 2387 3717 2451 vel

2130 2465 2458 2523 intrinsecus
2498 2484 2599 2523 nos
2640 2484 2800 2539 posse
2838 2471 3081 2540 reperire
3126 2474 3396 2530 credimus
3424 2491 3520 2546 per
3551 2493 3714 2547 quam

2126 2559 2211 2615 vel
2244 2560 2406 2615 verbo
2446 2576 2511 2617 ac
2557 2562 2739 2633 specie
2783 2570 2942 2619 tenus
2979 2565 3156 2620 valeat
3185 2566 3478 2634 cohzerere,
3517 2578 3715 2638 praeter

2125 2648 2387 2719 puellulas
2436 2665 2573 2719 quas
2606 2651 2859 2718 diximus,
2912 2653 3109 2722 quibus
3154 2656 3450 2710 maximum
3498 2659 3715 2727 pericu-

2123 2737 2237 2793 lum
2260 2738 2697 2807 suscipientibus,
2722 2750 2778 2796 et
2805 2742 2962 2798 nobis
2985 2742 3216 2799 fortasse
3240 2748 3709 2814 persuadentibus,

2123 2828 2498 2885 formidamus.
2542 2829 2883 2903 QuaprOpter
2929 2834 3125 2888 iterata
3172 2835 3563 2904 supplicatione
3614 2852 3714 2909 per

2123 2919 2398 2977 Christum
2444 2922 2779 2977 Salvatorem
2820 2924 3190 2990 obsecramus,
3258 2933 3318 2979 ut
3360 2927 3518 2981 nobis
3568 2930 3711 2997 quod

2124 3012 2538 3067 saluberrimum
2570 3012 2711 3067 inter
2745 3010 3051 3081 huiusmodi
3080 3016 3429 3071 necessitates
3450 3016 3568 3072 fieri
3593 3033 3714 3073 ere-

2126 3103 2268 3160 datis
2289 3105 2446 3160 nobis
2471 3104 2710 3161 revelare
2736 3106 3015 3162 celeritate
3041 3122 3147 3178 qua
3173 3108 3407 3165 diximus
3435 3126 3535 3166 nec
3562 3112 3712 3167 dedi-

2122 3194 2358 3264 gnemini
2382 3210 2483 3251 nec
2501 3196 2818 3267 gravemini.

2192 3285 2383 3341 Valere
2408 3286 2797 3342 beatitudinem
2822 3296 3077 3352 vestram,
3111 3296 3166 3343 et
3192 3289 3247 3342 in
3278 3287 3496 3346 Christo
3535 3293 3710 3363 magis

2120 3394 2184 3433 ac
2220 3378 2392 3447 magis
2427 3392 2526 3446 pro
2570 3372 2727 3433 nobis
2753 3379 3150 3434 intercedentes
3176 3380 3439 3449 prolicere
3483 3382 3708 3453 integris

2118 3470 2389 3538 certisque
2416 3469 2624 3525 nisibus
2652 3469 2831 3525 cordis
2853 3479 3119 3539 optamus,
3150 3469 3327 3526 oﬂicio
3342 3468 3555 3527 Lulloni
3592 3473 3707 3543 cpi-

2118 3573 2301 3629 SCOPO'
2682 3627 3019 3684 EPISTOLA
3056 3629 3126 3683 Χ.

2703 3756 2907 3796 LULLUS
2935 3757 3104 3796 ΡΑΡΕ.

2503 3829 2678 3900 (Circa
2704 3847 2901 3884 annum
2931 3830 3143 3884 Domini
3181 3829 3324 3903 755.)

2180 3921 2407 3988 Sancta,
2437 3929 2492 3976 et
2518 3921 2789 3991 regularia
2823 3921 3071 3976 instituta
3093 3922 3353 3977 canonica
3381 3925 3700 3981 auctoritate

2114 4012 2430 4069 conﬁrmata
2448 4020 2557 4067 tam
2569 4013 2946 4083 episcoporum
2964 4019 3274 4067 nostrorum
3285 4015 3692 4079 venerabilium,

2110 4120 2274 4177 quam
2301 4106 2466 4159 etiam
2493 4105 2693 4159 domini
2731 4103 2905 4159 nostri
2942 4103 3089 4175 regis
3120 4102 3354 4175 Pippini,
3385 4106 3696 4161 consiliato—

2112 4208 2341 4263 rumque
2366 4191 2503 4261 eius,
2530 4194 2818 4248 manifesta
2839 4194 3050 4248 ratione
3074 4194 3276 4249 scimus
3300 4197 3692 4251 conservanda.

2109 4284 2445 4353 Quapropter
2492 4285 2747 4338 charitati
2777 4291 2973 4338 vestra:
3015 4285 3244 4339 reticere
3289 4301 3395 4340 non
3434 4288 3695 4344 audemus

425 4410 489 4451 ac
533 4371 923 4449 dubitationem
948 4433 962 4458 ,
1013 4392 1093 4448 sic
1142 4371 1397 4447 Domino?
1427 4392 1841 4462 possibilitatem
1895 4393 2005 4447 lar—
2031 4400 2084 4460 ι)
2109 4375 2250 4442 Ψιυά
2281 4373 2335 4426 in
2365 4373 2676 4441 Ρθνοειιίθῐη
2714 4381 2956 4427 “051mm
2975 4412 2989 4436 ν
3020 4381 3206 4426 οοηῑνει
3231 4371 3322 4441 ius
3353 4375 3691 4443 canonicum:

424 4486 641 4554 giente,
704 4483 1011 4539 illuminare
1060 4483 1386 4555 dignemini,
1458 4492 1519 4538 ut
1576 4484 1764 4538 audire
1822 4498 1855 4537 a
1915 4498 2005 4537 re-

425 4582 766 4631 muneratore
810 4581 1071 4645 perpetuo
1125 4574 1444 4633 mereamini
1476 4592 1489 4627 :
1531 4574 1700 4644 Euge,
1741 4590 1886 4630 serve
1915 4573 2008 4632 bo-

426 4683 508 4731 ne,
536 4674 641 4720 etc.

979 4755 1314 4815 EPISTOLA
1352 4757 1444 4812 IX.

972 4884 1235 4925 MAGINGOZ
1270 4884 1459 4923 LULLO.

802 4982 978 5057 (Circa
1013 4999 1210 5037 annum
1233 4981 1444 5035 Domini
1466 4981 1612 5050 755.)

494 5099 720 5155 Domino
758 5101 814 5155 iu
849 5099 1066 5155 Christo
1102 5112 1440 5167 summopere
1496 5098 1801 5151 venerando
1850 5097 2004 5152 Lullo

426 5192 672 5264 rpiscopo
728 5194 1006 5265 Magingoz
1055 5192 1347 5266 optabilem
1396 5190 1620 5262 supplex
1665 5190 1719 5243 in
1776 5192 2003 5246 Domino

420 5285 766 5354 sempiternae
787 5284 1136 5339 beatitudinis
1163 5284 1412 5338 salutem.

492 5375 609 5431 Scit
632 5377 789 5447 plane
810 5377 1155 5432 sublimitatis
1178 5384 1372 5432 vestra:
1396 5379 1678 5447 prudentia
1718 5378 1844 5447 quia
1869 5394 1999 5433 con-

422 5475 504 5522 tra
534 5469 846 5524 discrimina
875 5470 1109 5524 maxima
1142 5470 1490 5526 consiliorum
1529 5469 1812 5539 adiutoriis
1840 5479 1895 5525 et
1922 5472 2005 5525 in-

338 5580 347 5593 ~
422 5563 585 5633 tegris
604 5570 660 5618 et
681 5578 749 5617 ex
774 5563 919 5618 omni
948 5573 1102 5634 parte
1135 5565 1376 5621 solidatis
1402 5566 1575 5621 modis
1596 5565 1847 5635 omnibus
1867 5579 2002 5634 opus

421 5670 518 5713 est.
568 5658 763 5715 Notum
806 5676 933 5716 vero
970 5660 1087 5716 ﬁeri
1123 5661 1438 5716 venerandae
1483 5660 1764 5716 charitatis
1807 5666 2002 5714 vcstnc

2107 4480 2139 4519 a
2167 4462 2468 4518 Willefrido
2492 4466 2809 4534 presbytero
2831 4464 3049 4533 quidam
3072 4464 3334 4519 adductus
3362 4473 3444 4519 est
3469 4469 3696 4538 presby-

2109 4563 2191 4608 ter
2213 4555 2268 4608 in
2296 4553 2400 4607 alia
2428 4553 2710 4623 ordinatus
2750 4553 3028 4622 parochia,
3058 4570 3162 4607 non
3192 4556 3563 4610 consentiente
3591 4573 3690 4611 an-

2107 4654 2377 4702 teeessore
2402 4660 2523 4699 meo
2549 4653 2736 4699 sancto
2762 4643 3039 4700 Bonifacio
3062 4646 3488 4719 archiepiscopo,
3516 4665 3692 4717 neque

2106 4754 2192 4794 me
2225 4751 2536 4794 successore
2587 4735 2721 4805 eius,
2752 4736 2844 4806 qui
2878 4745 2934 4791 et
2970 4737 3323 4794 institutionis
3362 4746 3556 4793 vestra:
3601 4739 3686 4792 dc-

2105 4839 2252 4886 creta
2277 4820 2648 4893 contemnens,
2686 4838 2741 4882 et
2779 4829 2831 4882 in
2861 4829 3118 4897 parochia
3151 4838 3333 4884 nostra
3364 4829 3691 4883 constitutus

2104 4932 2348 4976 nostrum
2400 4921 2600 4990 sprevit
2637 4920 3026 4989 magisterium.
3070 4918 3298 4989 Cognita
3339 4917 3485 4972 enim
3524 4931 3687 4971 cano-

2105 5032 2231 5070 num
2258 5015 2601 5079 auctoritate,
2633 5012 2949 5067 decrevistis
2975 5020 3033 5065 ut
3056 5026 3244 5065 omnes
3270 5009 3567 5080 presbyteri
3593 5010 3685 5079 qui

2104 5107 2158 5160 in
2180 5106 2434 5175 parochia
2461 5113 2585 5159 sunt
2608 5105 2707 5159 sub
2732 5110 2999 5174 potestate
3017 5101 3254 5171 episcopi
3289 5116 3409 5155 esse
3429 5100 3681 5165 debeant,

2102 5206 2242 5252 etut
2273 5197 2451 5251 nullus
2480 5211 2665 5251 eorum
2703 5202 2994 5264 praesumat
3043 5194 3096 5248 iu
3142 5192 3257 5261 eius
3292 5194 3546 5263 parochia
3591 5202 3685 5249 aut

2102 5292 2393 5361 baptizare,
2440 5298 2533 5344 aut
2558 5289 2753 5343 missas
2786 5287 3079 5352 celebrare,
3123 5287 3239 5342 sine
3273 5286 3518 5355 iussione
3563 5286 3681 5355 epi-

2103 5385 2268 5454 scopi,
2308 5391 2363 5437 et
2391 5389 2451 5436 ut
2479 5396 2667 5436 omnes
2695 5380 2997 5450 presbyteri
3035 5381 3103 5435 ad
3134 5379 3419 5435 concilium
3445 5378 3683 5448 episcopi

2101 5474 2423 5531 conveniant
2452 5491 2464 5527 :
2495 5488 2614 5541 quae
2640 5471 2819 5526 omnia
2846 5469 3023 5525 facere
3052 5470 3373 5539 contempsit
3396 5468 3683 5539 pratdictus

2102 5566 2189 5621 ille
2211 5566 2493 5636 presbyter
2516 5562 2733 5617 nomine
2758 5561 2966 5628 Enred;
2999 5568 3054 5616 et
3074 5560 3195 5617 ideo
3218 5560 3510 5615 secundum
3538 5557 3685 5628 quod

2103 5655 2381 5713 deiinistis.
2412 5653 2795 5710 increuationis
2823 5668 2853 5707 a
2878 5667 2963 5709 me
2986 5652 3306 5709 sententiam
3332 5651 3555 5708 sortitus
3575 5656 3679 5703 est.
