4028 6176
332 274 434 326 8‘27

1434 266 1489 321 S.
1531 267 1735 324 LULLI
1775 260 2159 321 MOGUNTINI
2198 256 2504 314 EPISCOPI

3503 259 3616 315 είς

333 383 441 439 Sed
464 398 588 439 eum
626 397 728 438 nec
767 380 843 436 ita
885 372 1213 434 emendatus
1238 380 1507 449 poenitere
1535 381 1601 435 de
1627 379 1916 451 praeteritis
1945 379 1991 437 A
2020 377 2218 447 regulae
2247 375 2605 447 disciplinam,
2638 376 2756 431 sine
2785 376 3004 433 licentia
3040 387 3094 433 et
3121 379 3350 435 consilio
3380 396 3523 446 meo,
3550 399 3627 438 ac

331 472 849 540 voluit,-novissime,
870 472 1165 527 secundum
1186 472 1501 527 canonicam
1525 471 1920 527 institutionem

332 575 589 629 vestram,
619 562 1117 619 excommunicatus
1145 570 1227 617 est
1255 578 1285 616 a
1321 578 1427 626 me,
1461 572 1515 617 et
1538 564 1732 619 exinde
1770 579 1801 617 a
1832 580 1921 619 su-

334 655 578 722 pradicto
605 649 908 707 Willefrido
933 659 1215 720 susceptus
1236 660 1397 707 estac
1426 652 1695 707 defensus.
1726 653 1918 708 Vestra

333 754 511 801 autem
534 762 678 801 nunc
701 746 767 801 de
792 745 878 799 his
897 744 1135 799 Charitas
1153 746 1294 813 quod
1311 753 1517 799 rectum
1541 745 1610 799 sit
1634 761 1697 800 ac
1711 743 1919 814 justum

332 836 550 903 iudicet,
572 845 755 893 etnon
779 837 951 892 solum
976 837 1039 890 de
1063 836 1165 900 his,
1192 836 1283 891 sed
1306 838 1369 891 de
1392 838 1642 892 omnibus
1662 852 1781 906 quae
1802 853 1924 907 per-

332 944 489 984 verse.
518 930 655 984 male
680 928 908 982 vivendo
934 927 1163 997 peregit,
1191 936 1241 980 et
1273 927 1362 983 hic
1394 928 1734 984 manifestata
1767 945 1921 1000 repe-

333 1023 567 1077 riuntur.
594 1020 828 1075 Abstulit
851 1020 994 1074 enim
1017 1018 1281 1087 mancipia
1307 1028 1363 1073 et
1387 1034 1572 1074 servos
1593 1021 1656 1074 de
1679 1020 1923 1076 ecclesiis

333 1113 438 1169 sibi
475 1111 807 1175 commissis,
844 1109 1263 1181 Fmgenolplium
1301 1125 1514 1165 servum
1556 1121 1833 1175 nostrum,
1868 1119 1924 1166 et

331 1205 469 1259 duos
515 1203 650 1257 ﬁlios
699 1200 818 1270 ejus
846 1200 1271 1271 Raegenolphum
1316 1209 1370 1256 et
1418 1202 1835 1272 Amauolphum,
1866 1212 1922 1257 et

330 1309 558 1349 uxorem
596 1292 712 1363 ejus
752 1293 1142 1356 Leobthruthe,
1181 1301 1235 1347 et
1276 1293 1443 1348 ﬁliam
1470 1293 1586 1362 ejus
1610 1295 1922 1351 Amalthru-

331 1388 443 1452 the,
473 1387 696 1441 tradidit
724 1401 818 1441 eos
843 1384 897 1439 in
926 1384 1237 1449 Saxoniam,
1275 1394 1465 1440 contra
1501 1402 1697 1456 equum
1732 1404 1916 1450 unum,

330 1481 540 1536 homini
591 1479 808 1534 nomine
857 1477 1058 1547 Huelp,
1113 1477 1258 1547 quod
1296 1477 1410 1548 ipse
1448 1492 1542 1533 eos
1585 1479 1827 1534 duxisset
1869 1481 1921 1534 in

336 1567 649 1623 Saxoniam.
689 1566 1054 1623 Willefridum
1077 1582 1204 1623 vero
1229 1567 1522 1637 supradicti
1550 1568 1924 1640 Regenolphes

332 1658 502 1713 ﬁlium
526 1656 826 1711 transmisit
851 1656 990 1710 ultra
1017 1671 1165 1710 mare
1192 1672 1314 1711 cum
1339 1657 1572 1721 Enredo,
1588 1665 1641 1711 et
1664 1657 1775 1727 ipse
1797 1674 1918 1713 eum

2025 466 2274 535 injuriam
2315 467 2430 532 Dei,
2472 465 2695 535 ejusque
2739 468 2931 522 matris
2974 468 3150 524 beata:
3182 468 3365 525 Maria
3405 486 3636 539 semper

2022 556 2267 627 virginis,
2297 555 2450 624 cujus
2478 555 2795 610 famulatum
2820 557 3075 612 exhibere
3103 558 3424 625 debuerunt,
3458 560 3513 614 in
3543 562 3625 615 la-

2021 659 2217 714 queum
2251 645 2446 701 diaboli
2494 655 2718 716 prapter
2761 647 3130 718 arrogantiam
3170 664 3233 704 ac
3283 650 3621 720 voluptatem

2022 736 2283 792 laicorum
2314 737 2658 807 explendam,
2683 738 2750 792 ad
2776 738 3133 807 perditionem
3162 740 3467 796 animarum
3494 758 3626 798 sua-

2022 845 2141 884 rum
2158 871 2171 893 ,
2198 829 2399 885 liberas
2429 831 2510 884 ire
2529 829 2843 899 permiseris
2864 830 2917 883 in
2943 830 3289 901 longinquam
3312 835 3617 904 regionem,

2023 935 2130 973 non
2160 920 2404 974 recolens
2436 919 2567 974 illud
2594 919 2962 990 evangelicum
2998 939 3011 974 :
3047 920 3108 975 Si
3145 939 3315 977 aecus
3351 940 3491 978 caeco
3517 926 3605 979 du-

2022 1018 2197 1063 catum
2243 1009 2457 1080 prwbet,
2501 1009 2654 1063 ambo
2722 1027 2758 1063 η
2802 1009 3005 1079 foveam
3048 1011 3264 1066 cadunt.
3320 1012 3390 1067 Et
3429 1013 3561 1069 illud
3598 1034 3613 1070 :

2022 1099 2213 1154 Anima
2241 1117 2356 1171 qua:
2384 1101 2692 1171 peccaverit,
2740 1102 2856 1172 ipsa
2902 1102 3176 1156 morietur.
3235 1099 3344 1159 sed
3372 1121 3441 1159 ne
3476 1104 3619 1162 forte

2022 1190 2163 1245 hanc
2188 1206 2386 1251 meam
2437 1189 2866 1262 objurgationem
2904 1192 3053 1261 parvi
3090 1193 3332 1261 pendens
3373 1204 3617 1251 contem-

2021 1296 2139 1344 nas,
2178 1281 2474 1350 apostolico
2503 1289 2553 1335 te
2583 1296 2830 1336 sermone
2856 1282 3178 1351 percutiam,
3210 1299 3318 1354 quo
3340 1286 3456 1340 ait:
3484 1286 3605 1342 Pec-

2023 1378 2198 1422 cantes
2234 1385 2413 1422 coram
2445 1369 2682 1423 omnibus
2728 1387 2911 1440 argue,
2948 1380 3004 1425 ut
3033 1374 3207 1426 cwteri
3236 1375 3476 1429 timorem
3517 1378 3613 1430 Ita-

2023 1457 2196 1511 beant.
2252 1457 2358 1513 Pro
2387 1455 2697 1525 hujusmodi
2732 1460 2962 1515 stultitia
2991 1465 3519 1520 excommunicatam
3561 1476 3614 1522 te

2022 1565 2142 1605 esse
2179 1550 2320 1605 scias
2362 1565 2486 1604 cum
2522 1551 2772 1606 omnibus
2817 1552 2925 1608 tuis
2963 1554 3056 1623 qui
3093 1554 3239 1613 hunc
3274 1556 3609 1628 negligentiae

2022 1648 2233 1694 reatum
2282 1639 2667 1694 eonsentiendo
2712 1648 3156 1710 perpetraverunt
3183 1683 3198 1707 ,
3253 1659 3419 1713 usque
3476 1647 3605 1701 dum

333 1748 483 1803 dedit
506 1748 666 1803 matri
695 1763 806 1802 suae
832 1747 884 1801 in
912 1745 1244 1801 servitutem.
1278 1746 1506 1801 Servum
1528 1762 1656 1803 vero
1676 1756 1730 1804 et
1758 1748 1922 1804 ancil-

2027 1730 2183 1800 digna
2234 1729 2609 1786 satisfactione
2654 1731 2795 1786 hanc
2846 1732 3147 1787 emendetis
3198 1734 3431 1803 culpam.
3482 1736 3609 1792 Illas

336 1837 444 1891 lam
492 1853 627 1907 quos
678 1836 938 1891 Aobtrich
979 1836 1127 1892 dedit
1169 1838 1235 1891 ad
1282 1837 1542 1893 ecclesias
1570 1847 1786 1895 nostras
1829 1855 1928 1908 pro

338 1927 516 1981 anima
541 1926 637 1980 ﬁlii
665 1927 766 1990 sui,
797 1927 1138 1997 supradictus
1151 1926 1488 1982 Willefridus
1514 1928 1733 1984 abstulit
1767 1937 1928 1999 atque

336 2019 514 2087 rapuit
540 2017 744 2073 furtim.
779 2019 986 2074 Nomen
1013 2019 1154 2074 servi
1178 2018 1415 2084 Theedo,
1446 2027 1501 2075 et
1528 2035 1722 2075 nomen
1742 2021 1929 2077 uxoris

336 2109 455 2178 ejus
498 2111 745 2177 Aotlind;
790 2110 963 2167 Liudo
1005 2127 1132 2166 vero
1192 2127 1406 2166 servum
1453 2119 1696 2167 nostrum
1747 2113 1929 2169 Enred

334 2203 622 2274 presbyter
662 2203 883 2257 tradidit
915 2217 1094 2273 puero
1131 2202 1487 2257 Aldbercbtes
1532 2202 1597 2257 de
1645 2202 1926 2259 Eﬁ‘ernace

336 2313 535 2351 nomen
588 2296 770 2365 Upbit,
821 2303 1010 2350 contra
1063 2310 1259 2365 equum
1315 2311 1511 2361 unum;
1565 2302 1620 2350 et
1670 2295 1926 2365 Erpwine

337 2404 553 2444 servum
587 2396 831 2444 nostrum
863 2387 984 2443 aliis
1012 2386 1379 2442 nescientibus
1413 2385 1598 2441 furtim
1624 2395 1781 2443 nocte
1803 2389 1927 2443 abs-

335 2480 459 2534 tulit
496 2495 619 2533 cum
663 2479 957 2549 nonaginta
1006 2486 1061 2533 et
1095 2485 1329 2548 quatuor
1362 2477 1572 2547 porcis,
1601 2492 1760 2547 quem
1791 2477 1926 2533 llre-

336 2570 447 2637 dun
478 2570 622 2625 dedit
648 2570 714 2624 ad
745 2569 1028 2625 ecclesiam
1066 2576 1341 2633 nostram;
1375 2578 1428 2623 et
1463 2569 1631 2622 altera
1656 2569 1772 2623 vice
1798 2570 1924 2623 abs-

339 2661 463 2715 tulit
509 2661 643 2716 duos
691 2675 877 2715 servos
918 2668 1133 2715 nostros
1174 2657 1376 2713 Zeitolf
1420 2667 1471 2714 et
1519 2658 1822 2722 Zeizlielm,
1872 2665 1927 2711 et

318 2734 516 2823 'primo
539 2761 769 2820 quatuor
799 2752 966 2805 boves
995 2758 1229 2814 nostros,
1247 2748 1484 2805 secundo
1512 2756 1710 2813 tres,et
1737 2746 1922 2804 novis-

338 2844 477 2899 sime
510 2852 633 2898 oeto
677 2858 869 2898 vaccas
905 2857 1028 2897 cum
1060 2852 1265 2912 septem
1291 2842 1480 2897 bobus.
1514 2837 1766 2894 Jumenta
1797 2854 1924 2893 vero

337 2943 544 3004 septem
590 2934 792 3003 optima
836 2940 997 2987 uitato
1033 2941 1265 3002 quatuor
1310 2946 1593 2995 annorum,
1630 2945 1750 2999 quae
1781 2929 1925 2984 dedit

338 3026 553 3081 chilo
581 3027 647 3079 ad
683 3024 972 3087 ecclesias,
1006 3025 1347 3093 supradictus
1373 3021 1707 3077 Willefridus
1739 3023 1923 3078 abstu-

337 3117 420 3181 lit,
456 3124 510 3169 et
540 3116 736 3171 multos
759 3116 893 3170 alios
921 3129 1089 3184 equos
1117 3114 1239 3169 inde
1262 3113 1514 3178 nutritos,
1535 3129 1672 3183 quos
1700 3112 1925 3168 minavit

340 3210 407 3264 ad
432 3208 856 3277 llamu'auburg.
883 3207 960 3262 De
980 3222 1113 3261 auro
1136 3222 1266 3262 vero
1286 3214 1339 3261 et
1364 3213 1589 3277 argento
1613 3207 1754 3275 quod
1777 3205 1925 3260 dedit

340 3297 713 3367 Regenthrylh
759 3296 867 3351 ﬁlia
911 3294 1203 3366 Athuolphi
1255 3297 1323 3351 ad
1380 3295 1640 3350 ecclesias
1686 3303 1919 3358 nostras,

341 3389 475 3444 duas
488 3387 724 3442 armillas
736 3403 928 3443 aureas
950 3395 1005 3442 et
1030 3386 1265 3456 quinque
1288 3385 1449 3457 siglas
1473 3401 1664 3441 aureas
1682 3385 1926 3441 valentes

338 3481 517 3551 pretio
566 3488 932 3535 trecentorum
980 3480 1295 3545 solidorum,
1341 3487 1396 3531 et
1422 3478 1655 3533 aliorum
1687 3476 1924 3533 ﬁdelium

340 3573 582 3627 virorum
609 3588 673 3626 ac
700 3570 986 3627 mulierum
1007 3571 1179 3641 pretia
1208 3570 1388 3625 Enred
1413 3570 1636 3625 abstulit
1659 3570 1727 3624 ab
1747 3569 1922 3625 eccle-

340 3661 437 3717 siis
464 3660 817 3731 supradictis,
863 3676 972 3715 non
1003 3660 1175 3715 solum
1208 3660 1260 3714 in
1293 3675 1425 3715 auro
1461 3669 1517 3714 et
1546 3668 1790 3730 argento,
1829 3661 1926 3715 sed

341 3754 505 3807 etiam
545 3753 599 3806 in
628 3753 971 3817 vestimento,
1006 3761 1061 3805 et
1107 3752 1292 3817 armis,
1336 3760 1390 3806 et
1434 3752 1607 3820 equis.
1658 3750 1765 3806 Sed
1799 3751 1926 3819 quia

342 3845 559 3914 longum
605 3851 688 3895 est
721 3850 782 3897 ut
827 3857 927 3911 per
952 3843 1198 3897 ordinem
1229 3843 1553 3911 replicemus
1590 3843 1770 3896 omnia
1804 3858 1927 3913 qua:

342 3942 495 4004 rapta
523 3941 648 3987 sunt
678 3931 925 3987 ccclesiis
959 3932 1281 4001 supradictis
1308 3947 1372 3987 ac
1410 3931 1671 4000 spoliatis,
1719 3939 1773 3984 et
1805 3948 1924 4001 qua:

344 4024 486 4076 facta
521 4029 710 4075 contra
737 4020 995 4075 canonica
1030 4019 1277 4073 instituta
1307 4027 1453 4083 sunt,
1483 4026 1663 4073 vestro
1692 4019 1922 4074 sanctis-

345 4112 483 4169 simo
499 4109 702 4181 judicio
726 4110 1046 4165 ascribimus
1078 4110 1431 4164 emendanda.

896 4200 1233 4258 EPISTOLA
1274 4200 1366 4256 XI.

881 4309 1083 4349 LULLUS
1120 4308 1399 4347 ῡδῑνιτιιιε.

728 4385 903 4457 (Circa
928 4400 1125 4441 annum
1158 4382 1368 4437 Domini
1395 4383 1545 4454 753.)

418 4477 600 4534 Lullus
652 4479 881 4549 exiguus
942 4485 1105 4546 atque
1157 4474 1377 4531 humilis
1428 4476 1654 4531 antistes
1699 4473 1925 4531 Svithan

343 4569 569 4640 ejusque
600 4566 875 4637 subjectis.

417 4658 787 4728 Apostolieum
819 4666 1149 4730 prteceptum
1190 4667 1294 4723 est,
1330 4656 1594 4724 Oswitha,
1628 4666 1689 4713 ut
1710 4672 1928 4729 gregem

344 4751 561 4811 Domini
585 4750 816 4806 sollicite
835 4750 1099 4806 servando
1124 4765 1429 4821 pascamus,
1466 4765 1534 4804 ne
1564 4749 1768 4818 absque
1802 4748 1926 4803 ovili

344 4852 611 4914 repertus,
641 4843 889 4915 luporum
921 4843 1190 4899 morsibus
1237 4850 1440 4911 pereat.
1491 4841 1607 4895 Hoc
1632 4841 1847 4911 quidem
1878 4849 1930 4895 te

346 4938 543 5008 egisse,
578 4946 632 4991 et
655 4944 897 4991 acturam
924 4951 1043 4990 esse
1066 4934 1361 4997 conﬁdens,
1390 4949 1509 5002 qua:
1534 4949 1563 4986 a
1587 4933 1930 4988 sanctissimo

346 5030 466 5085 viro
492 5028 765 5085 Bouifacio
809 5037 1049 5099 martyre
1092 5027 1314 5089 Christi,
1364 5025 1586 5095 ejusque
1625 5025 1925 5094 discipulis,

347 5121 610 5191 regularis
634 5120 756 5175 vita:
789 5120 1126 5191 disciplinam
1155 5120 1468 5188 suscepisti,
1496 5121 1751 5189 putabam
1769 5118 1929 5187 juxta

347 5212 623 5266 modulum
651 5212 1015 5283 intelligentia:
1047 5222 1151 5267 tua:
1175 5229 1188 5274 ;
1216 5213 1309 5267 sed
1333 5210 1497 5282 (quod
1521 5211 1689 5266 tristis
1714 5228 1778 5266 ac
1800 5228 1931 5267 mte-

349 5320 475 5359 rens
500 5304 679 5360 dicere
706 5305 900 5376 cogor)
939 5304 1092 5373 longe
1129 5306 1285 5359 aliter
1321 5304 1511 5359 fecisse
1540 5306 1926 5375 comprobaris,

351 5409 498 5463 qum,
533 5395 785 5463 neglectis
811 5396 1092 5451 animabus
1110 5438 1124 5460 ,
1154 5411 1252 5465 pro
1278 5397 1474 5467 quibus
1520 5396 1767 5451 Christus
1793 5414 1931 5451 mor-

351 5493 473 5537 tuus
503 5492 606 5545 est,
653 5488 719 5539 de
762 5500 989 5553 quarum
1040 5485 1142 5538 vita
1194 5486 1465 5539 redditura
1491 5502 1550 5540 es
1578 5487 1840 5539 rationein
1874 5487 1927 5540 in

352 5573 437 5625 die
464 5572 652 5641 judicii
683 5584 809 5629 ante
835 5576 1071 5631 tribunal
1101 5575 1322 5640 Christi,
1354 5575 1479 5629 dum
1507 5592 1660 5631 sacro
1685 5577 1930 5647 palliatus

355 5666 583 5721 feminas
609 5665 674 5721 N.
708 5675 763 5721 et
788 5665 853 5720 Ν.
884 5674 1070 5721 contra
1099 5673 1297 5721 statuta
1325 5682 1611 5731 canonum,
1644 5676 1696 5719 et
1733 5681 1931 5725 saneta:

2028 1829 2206 1876 autem
2256 1837 2421 1894 vagas
2463 1828 2519 1876 et
2573 1822 2944 1878 inobedientes
2988 1825 3328 1892 supradictas
3364 1825 3611 1893 feminas,

2027 1910 2169 1965 intra
2196 1909 2390 1966 cellam
2424 1919 2661 1966 vestram
2692 1926 2799 1965 non
2829 1911 3136 1981 recipiatis,
3179 1914 3273 1969 sed
3306 1914 3458 1969 foras
3494 1931 3613 1970 mo-

2026 2001 2325 2056 nasterium
2368 2002 2847 2057 excommunicatae
2878 2003 2946 2056 ab
2981 2002 3221 2058 Ecclesia
3276 2003 3479 2060 Christi
3533 2021 3620 2061 se-

2027 2091 2220 2157 deant,
2250 2092 2626 2160 pmnitentiam
2669 2100 2911 2162 agentes,
2945 2092 3071 2147 dum
3098 2093 3365 2158 venerint,
3395 2096 3450 2150 in
3477 2110 3625 2165 pane

2026 2192 2081 2239 et
2107 2199 2245 2253 aqua
2267 2224 2283 2249 ,
2315 2191 2369 2238 et
2398 2199 2497 2239 vos
2525 2184 2777 2238 similiter
2799 2183 3118 2239 abstinendo
3146 2185 3216 2240 ab
3250 2186 3396 2240 omni
3428 2201 3613 2250 carne,

2025 2283 2081 2331 et
2107 2276 2253 2330 omni
2293 2285 2425 2346 potu
2463 2276 2555 2344 qui
2587 2275 2748 2330 melle
2783 2274 3176 2340 indulcoratur,
3207 2276 3445 2332 scientes
3470 2279 3617 2347 quod
3714 2334 3719 2335 ,

2026 2367 2071 2422 si
2095 2368 2350 2438 spernitis
2374 2368 2533 2423 istam
2562 2366 3007 2436 increpatiouem,
3028 2369 3171 2436 quod
3195 2370 3468 2436 speruatis
3491 2385 3618 2424 eum

2024 2460 2116 2529 qui
2148 2476 2176 2513 a
2203 2459 2311 2514 Deo
2332 2459 2529 2513 missus
2556 2466 2640 2513 est
2665 2467 2979 2528 peccatores
3003 2459 3180 2514 salvos
3207 2458 3409 2526 facere,
3441 2460 3494 2515 id
3531 2471 3618 2516 est

2027 2549 2431 2618 Christum,qui
2461 2550 2598 2604 dixit
2623 2550 2677 2604 in
2699 2549 2990 2621 Evangelia
3021 2568 3033 2603 :
3065 2548 3170 2615 Qui
3199 2567 3288 2603 vos
3310 2552 3505 2620 spernit
3536 2568 3617 2605 me

2025 2641 2241 2708 spernit,
2268 2657 2356 2711 qui
2380 2650 2553 2694 autem
2574 2655 2655 2695 me
2678 2641 2872 2711 spernit
2893 2640 3088 2711 spernit
3105 2656 3223 2694 eum
3241 2641 3331 2711 qui
3350 2657 3432 2694 me
3453 2641 3614 2705 misit,

2026 2732 2079 2786 id
2127 2740 2240 2798 est,
2298 2734 2465 2787 Deum
2514 2732 2728 2787 Patrem
2776 2732 3220 2802 omnipotentem.
3268 2730 3529 2801 Optamus
3559 2733 3614 2785 in

2024 2822 2242 2879 Christo
2267 2830 2334 2878 ad
2371 2823 2593 2878 meliora
2617 2838 2713 2877 vos
2737 2822 3002 2878 converti.

2580 2933 2910 2990 EPISTOLA
2956 2934 3067 2989 ΧΠ.

2524 3042 2877 3082 ςυτηιιεῐιτυδ
2913 3041 3106 3082 LULLO.

2417 3118 2593 3192 (Circa
2620 3135 2818 3173 annum
2839 3117 3050 3172 Domini
3082 3117 3228 3190 756.)

2098 3210 2568 3266 Reverendissimo
2594 3208 2753 3264 fratri
2777 3218 2834 3265 et
2873 3210 2925 3264 in
2956 3222 3143 3263 amore
3165 3209 3369 3265 Christi
3402 3210 3609 3267 charis-

2026 3304 2165 3360 simo
2194 3302 2345 3357 Lullo
2370 3301 2708 3372 coepiscopo,
2733 3301 3001 3369 simulque
3030 3301 3477 3370 coeperatoribus
3503 3303 3611 3355 tuis

2026 3395 2294 3466 episcopis
2337 3401 2393 3448 et
2427 3392 2798 3447 sacerdotibus
2851 3391 2968 3457 Dei,
3014 3405 3246 3459 quorum
3299 3392 3517 3445 nomina
3555 3393 3608 3444 in

2026 3486 2163 3541 libro
2198 3485 2324 3539 vita:
2348 3484 2548 3553 scripta
2570 3490 2875 3546 teneantur,
2902 3481 3256 3549 Cuthbertus,
3289 3498 3476 3537 servus
3498 3498 3611 3536 ser-

2025 3576 2217 3633 vorum
2261 3576 2377 3641 Dei,
2432 3590 2556 3631 cum
2610 3573 2734 3628 aliis
2782 3574 3264 3629 consacerdotibus
3308 3574 3511 3629 Christi
3556 3581 3609 3627 et

2023 3667 2360 3739 presbyteris
2386 3682 2484 3721 seu
2517 3665 2824 3730 abbatibus,
2872 3674 3091 3720 αξιοι-ηπ
3133 3665 3511 3735 prosperitatis
3544 3681 3606 3723 ac

2024 3759 2175 3829 pacis
2204 3759 2259 3811 in
2290 3756 2516 3811 Domino
2546 3755 2795 3810 salutem.
3166 3776 3171 3781 ε

2091 3848 2419 3904 Proﬁtemur
2447 3847 2628 3918 igitur,
2658 3845 2963 3901 eharissimi
2982 3886 2998 3911 ,
3030 3846 3399 3900 sincerissima
3440 3847 3610 3900 inten-

2027 3940 2171 3995 tione
2195 3955 2377 3994 coram
2427 3938 2536 3993 Deo
2580 3946 2635 3992 et
2678 3938 2863 3993 electis
2892 3939 3097 4008 angelis
3125 3937 3264 4006 ejus,
3294 3939 3421 4008 quia
3444 3955 3609 4008 quan-

2026 4030 2308 4097 docunque
2338 4036 2575 4083 vestram
2606 4026 2946 4083 dilectionem
2975 4027 3124 4096 pacis
3147 4043 3211 4082 ac
3239 4029 3608 4098 prosperitatis

2025 4129 2343 4190 proventum
2368 4128 2423 4176 et
2445 4129 2647 4175 sancta:
2666 4119 2945 4190 religionis
2967 4119 3025 4173 in
3046 4118 3264 4173 Christo
3287 4120 3606 4189 profectum,

2025 4224 2301 4279 sacraeque
2330 4209 2723 4265 exhortationis
2762 4207 3001 4264 fructum
3033 4210 3100 4264 de
3135 4210 3366 4264 aliorum
3391 4226 3608 4267 conver-

2023 4296 2235 4351 satione
2284 4295 2648 4350 abundantius
2694 4295 2924 4357 habere,
2978 4295 3324 4365 rumigerulis
3375 4295 3608 4351 referen-

1954 4387 2191 4478 Dtibus,
2241 4384 2509 4478 audimus,
2562 4385 2705 4456 quod
2755 4386 2877 4455 inde
2914 4387 3049 4440 satis
3092 4387 3389 4457 gaudentes
3420 4396 3475 4443 et
3514 4402 3608 4457 pro

2029 4476 2183 4531 vobis
2216 4476 2465 4531 obnixius
2495 4484 2716 4530 orantes
2753 4476 2862 4530 lani
2900 4476 3106 4546 gratias
3134 4477 3345 4548 agimus
3366 4477 3607 4549 largitori

2028 4565 2292 4620 bonorum
2322 4563 2565 4619 omnium
2601 4566 2731 4619 Deo.
2791 4564 3020 4632 Quando
3060 4554 3225 4635 igitur
3268 4568 3449 4637 aliqua
3489 4568 3611 4622 reli—

2031 4661 2175 4733 gioni
2199 4670 2394 4716 vestra:
2417 4659 2609 4729 injuria
2633 4659 2795 4725 facta,
2820 4669 2913 4714 aut
2934 4662 3149 4730 aliquod
3176 4663 3473 4733 irrogatum
3493 4678 3606 4716 nar-

2034 4760 2187 4805 ratur
2210 4751 2488 4815 damnum,
2515 4765 2717 4805 maaror
2742 4758 2797 4804 et
2829 4751 3046 4805 tristitia
3077 4768 3174 4805 nos
3215 4754 3443 4819 cruciat,
3484 4754 3605 4824 quia

2032 4845 2287 4898 nimirum
2331 4843 2471 4896 sicut
2514 4842 2709 4912 gaudio
2752 4850 2935 4896 vestro
2982 4842 3037 4895 in
3070 4841 3287 4898 Christo
3312 4846 3606 4914 congaude-

2032 4952 2184 4999 mus,
2219 4934 2289 4988 ita
2318 4942 2373 4987 et
2398 4933 2725 4987 adversitate
2751 4948 2847 5001 pro
2882 4931 3099 4986 Christo
3131 4938 3436 4989 contristati
3467 4953 3607 4989 eom-

2030 5028 2285 5098 patimur.
2336 5027 2455 5080 Non
2494 5026 2638 5080 enim
2686 5025 2976 5096 aliquando
3022 5026 3076 5080 iu
3122 5028 3383 5081 memoria
3428 5039 3604 5082 nostra

2031 5121 2329 5177 oblitterari
2354 5128 2581 5191 possunt
2606 5119 2802 5175 diversi
2836 5129 2997 5188 atque
3027 5118 3280 5174 indefessi
3309 5121 3605 5175 tribulatio-

2034 5231 2162 5269 num
2193 5229 2420 5285 angorcs
2443 5228 2610 5282 quos,
2648 5222 2707 5265 ut
2732 5213 2939 5265 viscera
2974 5219 3189 5275 nostra,
3219 5226 3317 5266 vos
3358 5212 3459 5282 ipsi
3490 5229 3606 5267 cum

2034 5308 2143 5360 Deo
2183 5307 2376 5361 dilecto
2413 5305 2572 5358 Patre
2606 5312 2793 5356 nostro
2823 5302 2994 5355 beaue
3036 5300 3310 5356 memor-im
3339 5301 3608 5355 Bonilaeio

2036 5408 2288 5468 martyre,
2343 5397 2483 5451 inter
2523 5403 2898 5464 persecutores
2944 5409 3186 5465 paganos
3223 5402 3278 5448 et
3308 5394 3605 5458 hmreticos,

2035 5502 2194 5561 atque
2235 5489 2607 5544 schismaticos
2632 5486 2964 5549 seductores,
2994 5470 3046 5539 in
3079 5493 3185 5538 tam
3220 5485 3522 5554 periculosa
3550 5501 3609 5539 ac

2037 5582 2315 5635 ferocitate
2354 5580 2508 5649 plena
2557 5577 3010 5649 peregrinatione,
3056 5592 3156 5646 pro
3183 5592 3368 5633 amore
3399 5587 3608 5632 a‘terua:

2032 5671 2249 5737 patria),
2294 5670 2452 5740 longo
2503 5677 2776 5737 tempore,
2814 5665 3193 5733 sustinebatis;
3234 5676 3287 5723 et
3330 5669 3451 5738 qui"
3504 5667 3605 5727 illo,
