4028 6176
336 325 444 379 aea

1789 303 2168 361 EPISTOLIE.

3492 301 3601 355 870

338 436 549 492 scilicet
567 444 671 502 per
691 410 918 501 agonem
946 424 1226 497 martyrii,
1251 437 1375 478 cum
1408 420 1521 477 suis
1549 418 1797 491 plurimis
1826 418 1919 473 do—
1946 425 1991 479 Α
2024 414 2238 469 Patrem
2267 423 2521 469 nostrum.
2551 412 2704 481 Quod
2730 409 3000 481 cnimjam
3024 410 3173 475 olim,
3203 410 3415 465 vivente
3441 425 3605 465 vene-

339 522 600 587 mesticis,
647 520 717 575 ad
761 526 1019 575 aeternam
1046 515 1283 572 cmlestis
1324 513 1513 582 patriae
1544 518 1780 579 quietem
1807 508 1919 578 glo-

343 618 485 672 riose
518 612 854 681 feliciterque
893 609 1195 680 migrante,
1223 620 1348 670 vos,
1380 603 1472 672 qui
1503 600 1817 670 superstites
1841 608 1921 652 ta-

342 707 472 760 lium
501 705 651 767 estis,
685 700 913 756 forsitan
936 712 1001 754 eo
1027 694 1382 767 periculosius
1403 709 1466 747 ac
1491 690 1760 747 dillicilius
1783 690 1923 743 inter

341 799 553 853 diversa
590 798 920 848 tentamenta
966 786 1380 848 conversamini,
1409 799 1517 854 quo
1545 791 1694 837 tanto
1737 781 1918 844 Patre,

342 898 398 943 et
428 889 646 942 doctore
673 883 742 937 ad
780 895 1016 951 prmsens
1059 893 1154 932 vos
1177 877 1397 932 orbatos
1431 888 1551 928 esse
1592 878 1825 928 constat.
1856 870 1923 923 Et

341 981 590 1051 quamvis
633 978 760 1032 hinc
802 975 1047 1046 quaedam
1096 970 1367 1028 maestitiae
1394 968 1696 1023 amaritudo
1736 974 1923 1021 nostra

341 1068 634 1124 discruciat
665 1064 839 1119 valide
876 1060 1191 1132 praecordia,
1238 1069 1416 1114 tamen
1463 1056 1685 1125 hujusce
1721 1054 1924 1110 doloris

341 1161 604 1233 gemitum
629 1155 871 1227 quaedam
917 1152 1113 1221 saepius
1140 1151 1207 1204 ad
1245 1149 1562 1205 memoriam
1590 1147 1803 1202 rediens
1836 1145 1925 1199 ni-

344 1254 467 1309 mia:
496 1267 561 1306 ac
589 1263 739 1303 nova:
772 1242 1145 1300 exsultationis
1174 1240 1419 1295 hilaritas
1441 1237 1703 1307 jucundat
1731 1252 1795 1291 ac
1822 1235 1926 1290 mi-

346 1348 499 1415 tigat,
522 1344 648 1398 dum
679 1336 1016 1407 frequentius
1049 1333 1366 1396 recolentes,
1392 1330 1694 1386 admirabili
1716 1330 1801 1384 vel
1828 1343 1929 1398 po-

349 1440 456 1491 tius
481 1432 737 1491 ineffabili
759 1430 853 1485 Dei
874 1427 1061 1500 pietati
1087 1426 1444 1496 tripudiantes
1462 1424 1668 1494 gratias
1692 1424 1922 1491 agimus,

346 1525 492 1597 quod
518 1534 628 1579 tam
653 1521 975 1592 praeclarum
997 1558 1012 1583 ,
1052 1516 1443 1586 speculatorem
1469 1513 1707 1569 cmlestis
1731 1512 1929 1568 biblio-

348 1620 540 1682 thectc,
561 1623 778 1684 tamque
803 1610 1076 1682 egregium
1098 1607 1300 1663 Christi
1322 1606 1571 1671 militem,
1599 1619 1721 1660 cum
1744 1603 1927 1658 multis

346 1709 486 1763 bene
514 1704 760 1759 educatis
795 1709 852 1757 et
892 1700 1094 1770 optime
1137 1695 1417 1751 instructis
1461 1692 1758 1764 discipulis,
1794 1706 1927 1763 gens

2024 507 2206 561 randze
2257 508 2529 561 memoria:
2578 504 2874 569 Bonifacio,
2936 518 3033 574 per
3059 505 3258 574 scripta
3313 503 3594 567 nonnulla,

2023 605 2079 652 et
2126 613 2221 667 per
2262 597 2445 653 fideles
2510 597 2892 659 internuntios,
2945 609 3097 664 teque
3161 593 3438 649 conditum
3488 608 3605 647 esse

2024 697 2257 753 constat,
2298 689 2531 759 idipsum
2571 704 2785 758 semper
2832 702 3084 743 revocare
3106 687 3173 740 ad
3202 686 3433 739 invicem
3474 687 3605 740 satis

2025 781 2386 835 necessarium
2422 781 2688 845 ducimus,
2718 781 2819 833 hoc
2859 788 2958 841 est,
2998 787 3059 831 ut
3083 786 3283 831 mutum
3305 792 3404 846 pro
3450 777 3607 832 nobis
3680 829 3689 838 ,

2026 870 2336 940 nostrisque
2387 878 2442 925 et
2486 871 2578 925 hic
2619 870 2927 925 viventibus
2956 876 3010 922 et
3056 868 3183 922 hinc
3232 867 3609 922 obcdientibus

2026 965 2505 1035 interpellationes,
2558 966 2854 1031 orationes,
2897 965 3295 1032 missarumquc
3346 964 3604 1026 remedia,

2027 1058 2092 1111 ad
2118 1057 2386 1111 viventem
2413 1057 2581 1111 Deum
2620 1062 2674 1110 et
2721 1053 2958 1124 judicem
3016 1055 3257 1109 omnium
3298 1054 3611 1123 suppliciter

2027 1158 2274 1219 agantur,
2300 1148 2454 1217 juxta
2481 1149 2773 1219 apostolica
2795 1148 3036 1202 monita:
3082 1144 3262 1210 Orate,
3298 1145 3490 1214 inquit,
3514 1162 3608 1215 pro

2025 1240 2263 1303 invicem,
2316 1247 2373 1291 ut
2405 1237 2677 1291 salvemini
2707 1279 2720 1300 ,
2754 1245 2809 1290 et
2838 1237 3065 1305 reliqua.
3106 1234 3220 1289 Hoc
3268 1235 3412 1288 enim
3452 1234 3611 1288 modo

2027 1334 2183 1389 nobis
2207 1332 2444 1389 divinam
2474 1333 2814 1388 clementiam
2854 1332 3194 1401 complacare
3222 1331 3608 1402 dignoscimur,

2026 1423 2323 1478 offerentes
2367 1424 2417 1477 ei
2465 1423 2774 1476 orationum
2820 1437 2955 1492 pura
3005 1421 3281 1476 libamina.
3337 1419 3428 1475 Sic
3456 1420 3613 1475 nobis

2028 1514 2273 1569 eamdem
2322 1519 2730 1581 prOSperantem
2762 1510 3100 1564 inveniemus
3134 1511 3189 1563 in
3220 1510 3478 1564 adversis.
3520 1509 3615 1564 Et-

2029 1604 2173 1658 enim
2204 1602 2297 1657 ubi
2321 1602 2552 1663 Domini,
2580 1600 2736 1669 juxta
2766 1600 2938 1670 ipsius
2986 1599 3275 1669 promissa,
3302 1607 3501 1668 prmsto
3530 1606 3616 1652 est

2031 1693 2378 1763 adiutorium,
2410 1702 2603 1746 cuncta
2648 1690 2865 1761 fugatur
2904 1690 3260 1759 malignorum
3291 1688 3610 1761 adversitas.

349 1798 643 1868 Anglorum
665 1795 888 1856 advena,
912 1787 1441 1853 Britannia,meruit,
1464 1787 1641 1856 palam
1658 1784 1930 1848 omnibus,
1968 1777 2009 1835 Β
2034 1787 2153 1857 Ipse
2199 1787 2343 1841 enim
2392 1785 2527 1839 dixit
2558 1802 2569 1836 :
2616 1784 2676 1839 Si
2712 1783 2817 1836 duo
2843 1798 2907 1836 ex
2950 1782 3092 1836 vobis
3129 1782 3482 1835 consenserint
3527 1797 3616 1834 su-

348 1888 419 1943 ad
445 1883 751 1957 spirituales
777 1896 997 1951 agones,
1027 1887 1077 1934 et
1112 1878 1180 1932 ad
1206 1876 1524 1939 multarum,
1564 1890 1663 1944 per
1688 1875 1782 1929 Det
1819 1888 1934 1927 om-

349 1976 643 2049 nipotentis
663 1973 914 2045 gratiam,
934 1970 1162 2025 salutem
1184 1968 1506 2031 animarum,
1531 1967 1596 2021 de
1611 1981 1731 2020 sese
1746 1964 1935 2034 procul

350 2067 696 2124 laudabiliter
724 2063 988 2125 emittere,
1025 2067 1086 2114 ut
1131 2059 1285 2128 longe
1322 2056 1538 2125 lateque
1570 2054 1935 2109 ferocissimas

351 2164 600 2219 nationes
635 2175 733 2229 per
772 2158 927 2212 devia
965 2155 1165 2209 diutius
1202 2159 1470 2216 errantes,
1504 2148 1704 2205 delata
1730 2162 1794 2203 ac
1821 2162 1938 2216 spa-

352 2255 492 2309 tiosa
536 2250 794 2319 voragine
833 2243 1152 2316 perditionis
1177 2248 1448 2312 perpetuae
1488 2238 1554 2293 ad
1594 2236 1939 2308 splendiﬂuas

352 2348 577 2402 semitas
603 2340 850 2410 supernae
873 2336 1082 2406 patrne,
1126 2348 1222 2403 per
1248 2347 1416 2387 sacrae
1435 2329 1827 2386 exhortationis
1858 2329 1939 2382 in-

353 2438 666 2497 citamenta,
709 2438 764 2485 et
788 2443 885 2498 per
909 2426 1152 2495 exempla
1179 2423 1396 2494 pietatis
1426 2437 1490 2476 ac
1513 2421 1790 2483 bonitatis,
1825 2420 1939 2488 ipse

354 2528 548 2581 ductor
573 2531 629 2578 et
655 2520 879 2592 signifer
906 2516 1293 2581 antecedendo,
1339 2521 1394 2569 et
1439 2512 1663 2567 adversa
1690 2524 1936 2580 qumque,

356 2618 653 2690 opitulante
677 2615 808 2678 Deo,
841 2611 1065 2667 fortiter-
1084 2608 1462 2680 expugnando,
1492 2604 1722 2660 feliciter
1744 2601 1942 2673 perdu-

358 2716 526 2772 ceret,
558 2705 703 2777 quod
728 2704 802 2758 ita
831 2709 1069 2757 actutum
1096 2699 1362 2755 veraciter
1389 2698 1535 2760 fieri,
1571 2695 1735 2750 etiam
1759 2706 1940 2746 rerum

359 2798 583 2854 elfectus
626 2794 915 2867 gloriosius
959 2807 1122 2861 quam
1168 2790 1311 2845 dicta
1360 2789 1764 2850 demonstrant;
1805 2791 1862 2837 et
1888 2783 1943 2835 in

362 2889 468 2945 illis
488 2900 702 2957 quoque
730 2883 886 2949 locis,
926 2897 1062 2952 quos
1090 2887 1215 2934 ante
1249 2894 1376 2933 eum
1421 2876 1601 2931 nullus
1632 2874 1938 2943 aliquando,

362 2976 764 3048 evangelizandi
814 2989 1000 3039 causa,
1044 2972 1234 3027 doctor
1276 2969 1424 3024 adire
1467 2967 1727 3022 tentabat.
1792 2962 1944 3018 Unde

365 3070 530 3142 igitur
567 3078 690 3141 post
719 3065 1138 3136 iucomparabile
1175 3072 1288 3119 toto
1320 3064 1451 3118 orbe
1491 3060 1799 3132 apostolicae
1836 3058 1946 3112 ele—

366 3167 559 3221 ctionis
582 3172 636 3220 et
664 3161 877 3217 numeri
908 3158 1247 3230 mysterium,
1290 3155 1625 3223 aliorumque
1659 3160 1786 3206 tunc
1812 3158 1947 3204 tem-

369 3260 513 3329 poris
547 3253 1033 3325 evangelizantium
1061 3248 1443 3318 discipulorum
1470 3244 1669 3301 Christi
1701 3243 1948 3297 ministe-

371 3350 525 3411 rium,
545 3349 689 3402 hunc
714 3346 855 3399 inter
876 3342 1126 3413 egregios
1153 3347 1207 3394 et
1235 3339 1467 3408 optimos
1488 3334 1801 3390 orthodoxa;
1827 3329 1951 3385 fidei

371 3441 617 3495 doctores
646 3445 700 3491 et
724 3434 1032 3490 amabiliter
1056 3432 1317 3487 habemus
1340 3439 1392 3483 ct
1420 3425 1764 3482 laudabiliter
1788 3435 1952 3476 vene—

372 3548 572 3587 ramur.
623 3530 775 3585 Unde
811 3529 865 3581 in
907 3524 1144 3596 generali
1193 3521 1398 3593 synodo
1435 3526 1641 3581 nostra,
1679 3515 1770 3569 ubi
1808 3521 1863 3568 et
1888 3513 1952 3567 de

373 3624 584 3681 caeteris
613 3620 864 3677 omnibus
891 3632 1012 3686 qum
1043 3621 1238 3669 vestra:
1277 3612 1435 3666 modo
1463 3605 1739 3664 sanctitati
1768 3603 1954 3672 paucis

372 3713 759 3785 depromimus,
790 3709 1004 3778 plenius
1038 3707 1180 3760 inter
1228 3718 1327 3758 nos
1362 3700 1795 3759 conferebamus,
1840 3692 1957 3761 ejus

376 3784 517 3864 diem
556 3802 815 3865 natalitii,
863 3800 1116 3867 illiusque
1148 3794 1389 3851 cohortis
1428 3806 1551 3846 cum
1589 3802 1654 3843 eo
1704 3784 1958 3855 martyri-

376 3895 574 3959 zantis,
599 3892 952 3952 insinuantes,
992 3886 1280 3942 statuimus
1312 3896 1490 3936 annua
1530 3876 1960 3948 frequentatione

379 3985 690 4045 solemniter
709 3981 1003 4041 celebrare,
1045 3985 1230 4046 utpote
1270 3989 1428 4043 quem
1465 3969 1771 4041 specialiter
1806 3966 1961 4022 nobis

380 4097 501 4137 cum
529 4080 690 4134 beato
712 4073 975 4143 Gregorio
1003 4078 1058 4124 et
1084 4068 1386 4139 Augustino
1417 4073 1471 4120 et
1501 4072 1788 4133 patronum
1820 4072 1963 4128 qum-

383 4174 552 4229 rimus
572 4176 626 4224 et
648 4168 846 4224 habere
864 4161 1232 4220 indubitanter
1254 4157 1524 4214 credimus
1543 4168 1727 4210 coram
1747 4149 1963 4205 Christo

385 4264 802 4329 Domino,quem
827 4259 880 4312 in
905 4256 1014 4310 vita
1037 4270 1132 4309 sua
1156 4268 1368 4322 semper
1382 4249 1602 4313 amavit,
1618 4256 1671 4301 et
1694 4246 1747 4299 in
1768 4251 1960 4307 morte,

386 4366 444 4411 ut
475 4355 645 4425 ipsius
670 4351 867 4407 meruit
903 4348 1095 4417 gratia,
1128 4343 1414 4415 magniﬁce
1448 4337 1783 4396 clarificavit.
1819 4334 1967 4389 Prae-

388 4456 535 4502 terea
563 4444 779 4514 quippe,
809 4449 869 4495 ut
892 4438 1260 4509 praediximus,
1294 4441 1489 4489 vestra:
1509 4429 1752 4486 sollicitae
1772 4441 1966 4495 specu-

388 4538 605 4594 lationis
631 4549 835 4597 curam,
881 4540 936 4587 et
971 4530 1125 4601 quasi
1151 4528 1308 4583 tmdio
1344 4522 1607 4580 absentati
1642 4518 1970 4590 patrisfami—

391 4632 508 4694 lias,
546 4636 604 4682 ut
636 4626 707 4679 ita
746 4624 942 4686 dicam,
972 4618 1365 4690 quodammodo
1409 4612 1729 4672 confectam,
1761 4621 1971 4662 necnon

393 4729 446 4775 et
468 4716 874 4788 generalitatem
890 4712 1254 4779 subiectorum
1274 4705 1427 4761 vobis
1446 4715 1723 4757 servorum
1745 4697 1863 4763 Dei,
1881 4711 1975 4767 pa-

394 4810 563 4865 lemis
584 4807 836 4862 affatibus
864 4803 1220 4870 fraternisque
1250 4796 1476 4859 solatiis,
1506 4794 1747 4847 relevare
1773 4797 1827 4844 et
1847 4803 1978 4844 con-

395 4901 581 4966 solari,
627 4900 934 4965 ubicunque
962 4903 1015 4948 et
1044 4894 1098 4947 in
1129 4900 1451 4960 quocunque
1478 4882 1692 4953 negotio
1722 4879 1979 4951 prmvale-

396 5010 536 5057 unus,
579 4990 811 5045 fatemur
832 5001 933 5041 nos
957 4998 1169 5052 semper
1197 4994 1318 5035 esse
1345 4983 1580 5048 paratos.
1610 4972 1763 5029 Unde
1792 4971 1844 5025 in
1875 4970 1981 5039 pri-

356 5096 369 5115 '
399 5090 504 5143 mis
525 5087 592 5141 ad
613 5080 1078 5140 continuationem
1106 5072 1411 5131 dilectionis
1437 5085 1600 5139 quam
1621 5081 1750 5137 erga
1770 5079 1869 5119 vos
1889 5065 1981 5117 ha-

398 5181 529 5234 bent
569 5173 866 5246 penetralia
913 5169 1093 5225 cordis
1144 5164 1334 5227 nostri,
1384 5174 1634 5217 sermone
1681 5157 1984 5224 alfectuque

400 5269 630 5344 apostoli
674 5276 915 5331 utamur,
958 5271 1011 5318 et
1058 5276 1179 5317 cum
1218 5256 1459 5329 apostolo
1504 5251 1664 5308 simul
1699 5251 1979 5304 dicamus:

403 5367 592 5423 Gratia
649 5363 790 5419 vobis
826 5371 872 5415 et
924 5376 1049 5430 pax.
1105 5355 1318 5411 Gratias
1368 5351 1570 5422 agimus
1626 5347 1735 5401 Deo
1789 5358 1989 5414 semper

403 5476 497 5528 pro
548 5454 788 5510 omnibus
847 5450 1026 5514 vobis,
1093 5445 1401 5500 memoriam
1456 5440 1700 5510 facientes
1756 5436 1812 5488 in
1862 5449 1987 5486 ora.

406 5549 635 5602 tionibus
687 5545 880 5600 nostris
932 5542 1043 5596 sine
1095 5536 1496 5597 intermissione,
1527 5543 1777 5584 memores
1825 5524 1991 5596 operis

411 5639 534 5708 ﬁdei
565 5647 786 5701 vestra),
834 5644 881 5687 et
924 5632 1117 5686 laboris
1144 5671 1158 5695 ,
1208 5637 1255 5682 et
1306 5624 1611 5687 charitatis,
1661 5629 1709 5675 et
1740 5619 1995 5674 sustinen-

413 5733 500 5784 titr
551 5731 657 5792 spei
707 5725 914 5784 Domini
965 5724 1127 5779 nostri
1161 5722 1288 5776 Jcsu
1317 5716 1541 5782 Christi,
1578 5722 1697 5768 ante
1737 5711 1904 5765 Deum
1946 5716 1992 5760 et

2031 1894 2125 1948 per
2146 1886 2341 1931 terram
2366 1875 2429 1929 de
2456 1874 2596 1928 omni
2623 1890 2678 1927 re
2708 1888 3071 1944 quamcunque
3102 1872 3363 1942 petierint,
3394 1870 3481 1938 ﬁet
3509 1869 3619 1923 illis

2034 1985 2068 2022 a
2107 1966 2268 2022 Patre
2298 1983 2433 2030 meo,
2456 1968 2545 2037 qui
2589 1966 2644 2019 in
2681 1965 2822 2019 caelis
2849 1975 2944 2018 est.
2987 1964 3101 2018 Hoc
3146 1963 3292 2017 enim
3323 1962 3500 2033 sagaci
3533 1977 3622 2016 so-

2036 2058 2191 2113 lertia
2220 2057 2515 2113 studiosius
2543 2057 2662 2111 ideo
2690 2056 2954 2125 agendum
2977 2069 3096 2109 esse
3120 2053 3446 2123 judieamus,
3469 2052 3617 2121 quia,

2028 2148 2185 2218 juxta
2239 2146 2533 2217 apostolica
2597 2145 2884 2215 praesagia,
2939 2144 3145 2198 instant
3192 2128 3338 2197 nunc
3387 2151 3621 2212 tempora

2036 2240 2350 2315 periculosa,
2385 2247 2441 2294 et
2488 2239 2715 2307 reliqua,
2747 2252 2868 2305 quae
2895 2236 3009 2306 ipse
3040 2235 3092 2289 in
3121 2235 3308 2289 eadem
3348 2232 3624 2303 prosequi-

2038 2341 2127 2387 tur
2173 2330 2433 2401 Epistola.
2476 2329 2543 2382 Et
2568 2328 2709 2401 quia_
2730 2342 2839 2381 non
2876 2334 2959 2381 est
2986 2341 3120 2394 opus
3177 2324 3416 2379 scribere
3466 2321 3621 2375 vobis

2041 2426 2106 2481 de
2140 2423 2501 2479 exterioribus
2552 2391 2921 2476 calamitatum
2980 2417 3301 2479 incursibus,
3353 2429 3488 2484 quas
3518 2412 3625 2468 frc-

2041 2522 2286 2585 quenter,
2342 2521 2404 2567 ut
2449 2527 2590 2575 reor,
2634 2510 2781 2582 passi
2810 2509 2962 2573 estis,
2996 2508 3048 2562 id
3098 2513 3202 2571 est,
3241 2502 3627 2575 persecutioni-

2039 2611 2161 2673 hus,
2216 2606 2438 2677 rapinis,
2489 2604 2650 2661 odiis,
2699 2610 2756 2657 et
2784 2599 3070 2663 scandalis,
3115 2606 3171 2652 et
3201 2597 3285 2651 his
3336 2594 3623 2650 similibus.

2042 2699 2329 2761 Cancrum,
2379 2710 2506 2751 ecce
2567 2691 2980 2762 quamplurimis
3019 2690 3074 2743 in
3119 2688 3253 2742 locis
3306 2685 3629 2741 Christianae

2041 2788 2326 2860 religionis
2374 2786 2552 2840 valide
2616 2790 2791 2838 status
2839 2780 3075 2844 vacillat,
3119 2779 3247 2834 dum
3277 2790 3416 2847 pene
3460 2775 3618 2830 undi-

2042 2898 2150 2952 que
2204 2879 2445 2935 exterius
2507 2875 2805 2932 interiusve
2867 2886 3052 2927 rerum
3135 2868 3629 2925 ecclesiasticarum

2046 2974 2399 3046 perturbatur
2449 2970 2604 3035 ordo,
2663 2967 3110 3034 novellarumque
3162 2960 3633 3017 conversationum

2047 3078 2227 3133 pravae
2254 3063 2454 3130 ubique
2502 3072 2636 3130 pene
2666 3062 3015 3112 succrescuut
3039 3063 3203 3109 secta:
3230 3068 3244 3118 ;
3286 3067 3388 3106 nec
3411 3051 3632 3114 mirum,

2052 3154 2198 3217 dum,
2257 3159 2378 3222 post
2432 3150 2684 3204 videlicet
2741 3147 2936 3217 positis
2982 3145 3328 3214 antiquorum
3409 3143 3634 3197 Patrum

2052 3247 2302 3308 decretis,
2351 3254 2414 3298 ac
2467 3243 2677 3313 legibus
2738 3236 3127 3295 ecclesiasticis
3195 3234 3423 3297 relictis,
3481 3231 3641 3287 multi

2042 3337 2197 3406 juxta
2242 3334 2487 3405 proprias
2520 3330 2948 3390 adinventioncs,
2996 3340 3159 3395 prava
3190 3330 3243 3377 et
3273 3322 3633 3394 plurimorum

2050 3427 2242 3482 nociva
2279 3423 2439 3478 saluti
2486 3422 2745 3484 sentiunt,
2794 3417 3088 3479 affirmant,
3143 3424 3306 3482 atque
3364 3418 3546 3482 agunt,
3576 3416 3636 3463 ut

2053 3515 2259 3571 scilicet
2325 3518 2596 3565 transacto
2656 3523 2797 3562 anno
2824 3522 2853 3559 a
2882 3505 3115 3575 quodam
3156 3516 3362 3571 ntagna:
3401 3499 3641 3554 auctori-

2050 3606 2181 3659 tatis
2218 3604 2335 3658 viro
2386 3602 2587 3655 dictum
2615 3608 2671 3653 et
2700 3604 2908 3665 gestum
2959 3609 3080 3650 esse
3128 3599 3360 3648 constat.
3399 3588 3481 3643 Ad
3524 3590 3640 3644 haec

2056 3703 2237 3748 autem
2281 3706 2399 3755 nos,
2432 3698 2493 3743 ut
2544 3689 2729 3752 timeo,
2776 3683 3168 3756 pusillanimes,
3213 3689 3270 3735 et
3298 3680 3477 3733 minus
3524 3678 3641 3731 zelo

2052 3786 2274 3857 justitize
2310 3783 2543 3847 accensi,
2582 3782 2712 3851 quid
2758 3778 2901 3833 aliud
2930 3778 2986 3831 in
3034 3775 3228 3846 primis
3274 3787 3433 3844 agere
3477 3773 3639 3826 debc«

2059 3893 2199 3941 mus,
2267 3890 2429 3944 quam
2458 3881 2518 3927 ut
2574 3871 2941 3927 indesinenter
3009 3864 3262 3935 suffragia
3334 3872 3649 3918 sanctorum

2058 3969 2391 4040 postulamus
2432 3963 2819 4035 apostolorum,
2862 3968 3275 4030 martyrumquc
3326 3955 3550 4019 Christi,
3584 3969 3651 4008 ac

2061 4058 2448 4116 venerabilium
2477 4056 2777 4110 antistitum
2806 4050 3173 4107 Ecclesiarum
3201 4048 3314 4108 Dei,
3344 4056 3405 4101 ut
3429 4047 3484 4100 in
3522 4045 3651 4108 hoc,

2062 4154 2206 4225 quod
2250 4151 2428 4205 vocati
2471 4156 2526 4203 et
2588 4145 2872 4203 constituti
2919 4159 3128 4207 sumus,
3164 4140 3441 4196 continuis
3485 4154 3653 4193 cxcua

2064 4247 2188 4310 hiis,
2235 4242 2438 4298 Christi
2495 4242 2669 4312 gratia
2715 4254 2815 4294 nos
2869 4237 3032 4291 faciat
3092 4238 3466 4303 perseverare,
3510 4239 3565 4284 et
3591 4241 3651 4284 ut

2065 4351 2173 4391 non
2203 4335 2372 4389 simus
2403 4331 2638 4400 reprobi,
2670 4329 2763 4383 sed
2789 4327 2963 4395 magis
3015 4323 3243 4392 accepti,
3278 4337 3384 4375 non
3415 4320 3651 4381 desides,

2069 4427 2165 4481 sed
2208 4424 2454 4486 solertes,
2502 4437 2611 4476 non
2659 4421 3050 4489 dispergentes,
3102 4415 3197 4469 sed
3259 4419 3652 4480 congregantes

2070 4528 2419 4586 quoscunque
2474 4511 2749 4563 valeamus
2776 4508 2844 4562 ad
2868 4504 3284 4562 uuanimitatem
3330 4501 3652 4555 Christiana:

2073 4603 2368 4673 religionis,
2425 4608 2479 4655 et
2527 4599 2791 4652 unitatem
2856 4593 3240 4651 ecclesiasticae
3293 4591 3655 4646 conversati0<

2074 4696 2177 4760 nis,
2235 4701 2502 4763 quatenus
2555 4687 2914 4743 ministerium
2978 4692 3177 4740 nostra:
3236 4678 3657 4751 dispensationis

2074 4795 2128 4840 ct
2164 4785 2363 4841 laboris
2391 4780 2610 4838 solertia
2634 4779 2700 4833 ad
2756 4778 2967 4832 laudem
2995 4782 3050 4829 et
3090 4773 3316 4844 gloriam
3345 4771 3442 4825 Dei
3483 4767 3658 4824 omni-

2074 4878 2310 4949 potentis
2366 4873 2634 4946 proficiat,
2703 4878 2762 4926 ut
2805 4885 2929 4924 cum
2990 4865 3161 4922 bene'
3200 4861 3562 4919 servientibus
3594 4873 3659 4914 ac

2077 4948 2416 5040 placentibus
2446 4965 2555 5019 Deo
2581 4961 2903 5031 quandoque
2934 4969 3242 5012 mercamur
3268 4951 3456 5006 audire
3481 4964 3495 4999 :
3526 4948 3661 5001 Bea-

2081 5072 2163 5115 tus
2189 5076 2364 5114 servus
2393 5072 2564 5127 quem,
2595 5069 2714 5106 cum
2760 5049 2952 5105 venerit
3000 5046 3275 5106 Dominus,
3308 5039 3559 5095 invenerit
3587 5036 3663 5091 tti—

2083 5152 2332 5224 gilantem
2360 5149 2379 5203 !
2431 5150 2595 5200 Amen
2628 5145 2747 5199 dico
2787 5140 2926 5195 vobis
2952 5136 3090 5208 quod
3117 5149 3273 5204 super
3317 5130 3493 5185 omnia
3527 5130 3662 5183 bona

2083 5261 2181 5297 sua
2214 5240 2486 5294 constituet
2512 5252 2669 5298 eam;
2719 5238 2774 5285 et
2796 5230 2863 5284 ad
2899 5229 3035 5291 haec,
3082 5221 3419 5292 fequcntius
3467 5218 3534 5272 ad
3559 5231 3665 5270 me~

2086 5334 2335 5395 moriam,
2400 5325 2632 5395 exempli
2695 5336 2877 5386 causa,
2938 5330 3253 5372 revocemus
3318 5308 3666 5365 rccordandm

2088 5421 2364 5480 memoriae
2418 5417 2664 5488 egregius
2699 5412 2959 5482 magister
2986 5416 3042 5463 et
3069 5413 3281 5475 martyr
3331 5404 3524 5457 beatus
3566 5397 3666 5451 Bo-

2089 5514 2320 5570 nifacius
2353 5507 2620 5580 quomodo
2664 5503 2750 5557 vel
2802 5507 3003 5570 quanta
3047 5493 3267 5551 solertia
3314 5488 3575 5545 laborarit
3611 5488 3667 5543 in

2093 5605 2340 5663 doctrina
2375 5579 2614 5661 Christi,
2663 5601 2863 5664 quanta
2911 5587 3152 5661 pericula
3186 5593 3349 5654 atque
3382 5579 3660 5637 difficulta-

2097 5710 2178 5754 tes
2204 5713 2302 5766 pro
2354 5707 2538 5749 amore
2588 5685 2789 5744 Christi
2841 5692 2893 5739 et
2927 5682 3231 5737 animarqu
3288 5676 3459 5731 lucro.
3508 5670 3669 5724 etiam
