4028 6176
411 270 506 327 851
546 320 554 327 .

1515 268 1573 321 5.
1618 267 1822 323 LULLI
1860 264 2241 323 MOGUNTINI
2279 264 2585 322 EPISCOPI

3578 270 3713 326 85$

413 395 584 450 usque
611 380 679 435 ad
713 379 883 450 ipsam
909 384 1159 444 mortem,
1200 377 1431 434 libenter
1455 377 1719 433 tolerarit.
1761 376 1830 432 Et
1864 377 1990 447 quia
2019 382 2068 439 Α
2096 391 2308 446 quoque
2338 391 2446 431 non
2478 375 2769 441 immerito,
2800 376 2873 432 ob
2919 377 3259 447 cognationis
3312 385 3514 435 nostra
3540 396 3709 436 sem-

412 468 810 541 Omnipotentis
868 467 1028 522 modo
1086 467 1369 522 familiaris
1439 466 1612 523 factus
1683 476 1811 534 est,
1870 483 1994 537 pru-

413 560 593 615 dentia
625 565 803 612 vestra
825 557 1053 612 solerter
1082 558 1349 625 attendat,
1380 558 1429 614 si
1474 559 1591 628 ejus
1617 575 1713 615 vos
1744 567 1993 630 oporteat

413 652 581 706 sacris
618 650 1075 705 admonitionibus
1103 652 1434 716 consentire,
1487 660 1543 706 et
1584 652 1804 721 pietatis
1848 652 1993 707 illius

410 742 655 812 exempla
685 758 785 811 pro
812 742 1020 797 viribus
1054 743 1226 812 sequi.
1266 743 1360 798 llle
1402 743 1547 799 enim
1570 754 1831 813 quantum
1851 743 1994 799 illius

412 832 742 887 domesticus
786 832 960 887 factus
997 841 1082 888 est
1130 848 1294 903 quem
1352 834 1557 889 amavit
1611 843 1738 891 ante
1786 836 1989 902 omnia,

416 932 624 979 tantum
681 923 884 992 majora
935 924 1245 999 apud_eum
1287 924 1486 994 poterit
1525 925 1788 980 obtinere.
1842 925 1995 981 Unde

414 1014 611 1084 quippe
655 1014 701 1069 si
760 1014 924 1083 aliqui
981 1014 1347 1083 subjectorum
1405 1016 1568 1081 illius,
1617 1018 1814 1086 quibus
1871 1032 1996 1073 eum

413 1107 683 1174 quondam
718 1105 897 1160 divina
924 1108 1254 1177 dispensatio
1275 1107 1573 1178 magisterii
1597 1109 1717 1164 loco
1742 1108 1990 1179 profecit,

412 1196 481 1249 ab
514 1193 629 1262 ejus
687 1196 1023 1252 documentis
1083 1198 1455 1267 spiritualibus
1518 1200 1859 1267 dissentiunt,
1911 1203 1997 1257 vel

414 1301 576 1354 prava
607 1287 1018 1342 conversatione
1060 1289 1338 1353 recedunt,
1370 1290 1461 1358 qui
1507 1289 1757 1347 defensor
1781 1292 1995 1349 illorum

412 1375 466 1429 in
519 1384 724 1432 mterno
767 1375 974 1445 judicio
1025 1392 1144 1432 esse
1172 1379 1369 1448 potuit,
1421 1379 1494 1435 sit
1536 1381 1716 1450 potius
1776 1398 1998 1438 accusa-

2094 480 2191 535 per
2231 464 2593 521 memoranda:
2629 467 3104 535 necessitudinem,
3137 470 3477 535 charissima,
3506 472 3705 530 Lulla:

2093 572 2366 626 episcopo,
2402 556 2773 613 Cineheardus
2824 558 3095 630 indignus,
3128 568 3189 615 ut
3224 575 3433 627 vereor,
3470 566 3703 634 episco-

2092 664 2192 720 pus
2243 649 2525 705 Wentante
2583 649 2841 715 civitatis,
2875 666 2939 705 ex
2979 651 3166 704 intima
3198 653 3541 709 visceralium
3570 672 3704 711 me-

2094 738 2360 795 dullarum
2406 737 2705 805 aﬁ‘ectione,
2766 741 3100 796 teternaliter
3153 743 3210 797 in
3249 742 3471 801 Christo
3534 749 3702 803 salu-

2097 837 2223 883 tem.

2164 920 2423 977 Perlectis
2473 922 2776 978 litterarum
2801 939 2833 978 a
2882 933 2971 980 tua
3013 927 3303 984 sanctitate
3350 928 3694 985 dilectarum

2097 1013 2423 1069 dulcissimis
2486 1030 2551 1070 ac
2603 1016 2831 1070 nimium
2899 1017 3256 1086 placabilibus
3316 1021 3573 1088 periodis,
3623 1023 3695 1077 in

2096 1104 2291 1173 quibus
2338 1106 2697 1161 amicabiliter
2755 1117 2997 1162 nostram
3039 1111 3362 1178 parvitatem
3414 1114 3697 1183 comperi-

2094 1208 2218 1247 mus
2276 1194 2565 1250 salutatam
2626 1196 3107 1266 admonitamque,
3156 1207 3215 1254 ut
3266 1202 3511 1256 eamdem
3561 1205 3696 1259 uni-

2098 1285 2227 1341 tatis
2266 1288 2668 1342 observantiam
2728 1291 3044 1356 custodiret,
3096 1307 3260 1361 quam
3306 1302 3693 1352 antecessores

2097 1376 2273 1430 nostri
2332 1377 2560 1432 ﬁdeliter
2616 1379 2725 1433 ﬁne
2778 1389 2936 1436 tenus
2985 1381 3360 1449 observarunt,
3419 1384 3691 1442 Dominus

412 1475 519 1531 tor,
562 1476 617 1522 et
655 1469 893 1523 rationes
926 1468 995 1523 ab
1027 1468 1108 1523 eis
1152 1485 1275 1524 cum
1313 1469 1430 1540 ipso
1470 1469 1655 1540 judice
1699 1473 1998 1529 districtius

2104 1464 2404 1522 Bonifacius
2429 1468 2890 1540 archiepiscopus,
2921 1471 3231 1544 Christique
3255 1474 3531 1532 confessor
3550 1479 3690 1533 bea-

412 1556 663 1625 requirit.
703 1557 777 1611 At
804 1573 953 1624 vero,
1002 1573 1033 1613 e
1057 1559 1290 1625 diverso,
1320 1560 1627 1631 quicunque
1662 1562 1808 1617 illius
1828 1578 1999 1620 sacrae

2104 1556 2402 1624 tiﬁcandus,
2433 1566 2488 1613 et
2535 1559 2721 1614 Daniel
2774 1562 3119 1619 doctissimus
3168 1565 3262 1620 Dei
3293 1565 3462 1635 plebis
3499 1567 3690 1624 famu-

413 1647 772 1703 institutionis
798 1663 864 1703 ac
892 1648 1151 1703 doctrina:
1198 1650 1501 1704 normulam
1530 1651 1633 1706 rite
1658 1667 1996 1722 consequun-
2024 1722 2060 1726 μ
2099 1644 2202 1711 ius.
2254 1646 2414 1700 Sim“l
2455 1654 2509 1702 ει
2547 1663 2829 1704 successor
2865 1648 2983 1718 eius
3032 1651 3355 1709 Ηιωτΐὶῑιιυδ
3399 1656 3685 1726 Episcopo-

412 1746 523 1802 tur,
568 1753 668 1808 pro
711 1747 862 1795 certo
902 1754 961 1793 se
1011 1739 1204 1805 sciant,
1238 1747 1292 1794 et
1337 1740 1507 1809 ipsius
1543 1741 1800 1798 Romanae
1834 1754 1994 1813 atque
2024 1722 2069 1781 Β
2099 1753 2218 1792 rum
2275 1738 2613 1806 mitissimus,
2681 1749 2785 1797 etc.
2809 1781 2825 1807 ,
2878 1758 3000 1813 qua:
3063 1751 3117 1799 te
3151 1744 3347 1800 melius
3387 1722 3684 1803 recoluisse

412 1828 723 1897 apostolicae
776 1828 1054 1893 Ec'elcsite,
1110 1844 1141 1882 a
1183 1844 1291 1898 qua
1339 1828 1548 1899 legatus
1595 1831 1676 1886 eis
1700 1838 1755 1886 et
1812 1832 2000 1887 doctor
2097 1830 2387 1896 credimus,
2436 1832 2493 1885 in
2525 1833 2799 1903 caraxatis
2849 1833 3248 1898 commendata,
3304 1835 3497 1889 mentis
3546 1837 3684 1891 dili-

415 1919 652 1974 directus
698 1927 803 1985 est,
851 1935 916 1975 ac
969 1919 1178 1983 deinde,
1220 1919 1428 1989 pariter
1475 1937 1600 1977 cum
1625 1937 1709 1988 ea,
1756 1922 1998 1977 omnium
2085 1921 2413 1989 'gentissima
2481 1923 2732 1995 indagine
2794 1923 3048 1979 didicisse
3091 1925 3423 1992 curavimus,
3468 1936 3523 1981 et
3558 1944 3690 1999 gra-

413 2025 662 2072 nostrum
690 2015 892 2070 habere
915 2021 971 2068 et
1004 2013 1249 2068 viventes
1272 2022 1327 2068 et
1348 2014 1639 2069 morientes
1669 2014 1724 2068 in
1754 2014 2000 2070 oratione
2098 2016 2296 2071 tiarum
2341 2015 2581 2071 actiones
2625 2015 2919 2087 condignas
2961 2016 3016 2070 in
3054 2026 3315 2086 quantum
3382 2017 3689 2075 sufﬁcimus

415 2117 472 2163 et
521 2107 810 2162 missarum
862 2105 1245 2175 celebratione,
1282 2110 1343 2158 ut
1374 2119 1537 2173 supra
1575 2104 1829 2170 diximus,
1877 2118 2001 2175 per-

412 2204 633 2267 petuam
684 2194 1141 2258 communionem,
1182 2193 1230 2249 si
1272 2202 1451 2249 tamen
1497 2208 1668 2265 usque
1717 2194 1787 2249 ad
1837 2192 1998 2250 ﬁnem

413 2288 627 2343 ﬁrmam
672 2287 826 2342 vobis
871 2284 1069 2340 dehinc
1124 2285 1436 2340 doctoribus
1461 2292 1518 2340 et
1550 2285 1854 2340 rectoribus
1887 2300 1997 2341 suae

416 2377 625 2443 salutis,
699 2375 978 2431 humiliter
1054 2383 1217 2445 atque
1282 2368 1606 2441 amabiliter,
1655 2391 1754 2446 pro
1806 2376 1918 2433 Deo
1945 2385 2000 2432 et

412 2479 616 2526 aeterna
659 2468 927 2533 mercede,
1004 2483 1113 2523 non
1183 2467 1540 2537 dedignantur
1606 2468 1847 2533 obedire,
1892 2483 1999 2522 non

416 2563 727 2619 deﬁcientes
770 2561 1079 2631 aliquando,
1125 2569 1186 2616 ut
1241 2560 1479 2617 indevoti
1530 2561 1618 2615 vel
1651 2559 1881 2626 subdoli,
1906 2560 2002 2616 sed

417 2671 632 2724 semper
681 2663 742 2710 ut
790 2655 947 2710 bonae
1002 2653 1200 2709 indolis
1253 2654 1501 2724 discipuli
1552 2654 1915 2724 proﬁcientes,
1946 2660 2002 2709 et

419 2747 648 2802 ﬁdeliter
685 2747 1022 2801 adhaerentes
1067 2760 1180 2800 sua:
1239 2744 1445 2799 militia:
1474 2744 1530 2799 in
1564 2742 1780 2799 Christo
1832 2743 2002 2812 magi—

416 2838 567 2903 stris,
595 2838 663 2893 ad
688 2836 928 2907 palmam
955 2851 1202 2906 superna:
1236 2835 1534 2891 vocationis
1564 2835 1659 2890 Dei
1687 2843 1741 2889 et
1766 2833 1992 2905 gloriam

416 2926 569 2997 regni
614 2925 870 2982 cmlestis.
936 2924 1065 2978 Haec
1108 2922 1427 2978 salutatoria
1470 2929 1665 2977 vestra:
1722 2921 1991 2977 sanctitati

417 3017 736 3087 scripsimus
769 3016 956 3081 verba,
982 3030 1089 3070 non
1115 3015 1268 3084 quasi
1296 3014 1497 3085 ignaris
1521 3022 1615 3069 aut
1635 3014 1998 3085 indigentibus

418 3116 618 3163 nostra
638 3106 960 3162 rusticitatis
975 3106 1239 3170 normula,
1264 3105 1359 3161 sed
1382 3105 1661 3160 charitatis
1677 3113 1838 3175 atque
1851 3121 2002 3161 eom-

418 3198 737 3255 munitionis
761 3195 1206 3270 [communionis]
1238 3203 1438 3251 mutuae
1464 3197 1664 3267 gratia,
1688 3203 1999 3251 contestan-

418 3296 501 3344 tes
521 3297 577 3344 et
597 3289 948 3345 obsecrantes
977 3302 1076 3358 per
1093 3287 1515 3356 omnipotentem
1541 3287 1708 3341 Deum
1725 3294 1779 3342 et
1802 3285 2000 3340 Filium

417 3379 536 3448 ejus
554 3379 739 3436 Iesum
761 3379 1058 3446 Christum,
1088 3388 1143 3434 et
1164 3380 1454 3435 adventum
1481 3378 1668 3448 ipsius,
1698 3387 1754 3433 et
1775 3393 2002 3449 regnum

419 3468 556 3539 ejus,
588 3478 650 3525 ut
688 3486 804 3537 vos,
852 3486 886 3527 o
915 3471 1241 3537 charissimi,
1282 3470 1464 3525 cuncti
1512 3469 1837 3540 generaliter
1876 3486 2001 3527 cum

419 3560 679 3630 subjectis
729 3561 883 3617 vobis
917 3562 975 3617 in
1021 3560 1238 3617 Christo
1263 3576 1363 3632 per
1409 3562 1591 3617 omnia
1627 3561 1749 3619 sitis
1789 3577 2003 3633 semper

418 3651 490 3707 ad
527 3653 758 3709 invicem
795 3652 981 3710 ﬁdeles
1017 3652 1309 3722 adjutores,
1340 3660 1396 3709 et
1433 3654 1716 3709 unanimes
1748 3669 2003 3724 coopera-

418 3752 589 3811 tores,
624 3753 815 3800 contra
856 3761 1046 3802 omnes
1068 3746 1383 3801 orthodoxa:
1408 3744 1531 3800 ﬁdei
1559 3745 1807 3800 inimicos
1841 3753 2004 3815 atque

418 3835 708 3891 haereticos
735 3842 791 3889 et
828 3835 1225 3899 schismatieos,
1273 3849 1338 3890 ac
1385 3834 1729 3903 nequissimze
1778 3850 2006 3890 conver-

418 3924 646 3979 sationis
696 3924 962 3978 homines.
1006 3922 1105 3976 Per
1134 3925 1238 3978 hoc
1273 3924 1420 3978 enim
1456 3923 1611 3978 eritis
1650 3924 1807 3980 bonis
1832 3924 2008 3980 homi-

419 4017 581 4073 nibus
619 4016 879 4071 amabiles
907 4031 1003 4070 seu
1042 4014 1357 4081 laudabiles,
1399 4024 1455 4071 et
1484 4016 1595 4072 Deo
1650 4018 2005 4086 omnipotenti

420 4108 784 4178 acceptabiles
813 4115 977 4177 atque
1006 4106 1199 4171 chari;
1240 4114 1296 4161 et
1338 4106 1434 4172 ita,
1484 4121 1608 4161 cum
1631 4106 1747 4177 ipso
1780 4106 2005 4177 prmfam

420 4201 585 4256 beato
642 4198 825 4265 Patre,
876 4206 932 4253 et
975 4198 1375 4268 prmdecessore
1444 4205 1645 4265 vestro,
1706 4196 1916 4253 felicem
1948 4200 2003 4254 in

420 4290 604 4347 futuro
653 4305 894 4346 vocema
931 4289 1114 4359 judice
1158 4296 1474 4345 cunctorum
1542 4288 1761 4346 Christo
1808 4289 2006 4362 singuli

2096 2105 2452 2176 persolvendo
2497 2107 2753 2177 gerimus,
2792 2107 2938 2176 quod
2991 2107 3164 2163 nostri
3220 2110 3562 2175 memoriam,
3603 2111 3689 2164 in-

2100 2196 2377 2265 terpositis
2457 2202 2725 2251 tantarum
2791 2197 2983 2266 spatiis
3049 2205 3340 2265 terrarum,
3404 2200 3688 2270 marisque

2099 2286 2280 2356 magni
2322 2286 2673 2341 ’interluente
2755 2286 3058 2353 latitudine,
3118 2286 3301 2343 facere
3362 2290 3684 2361 dignemini.

2099 2375 2168 2429 Et
2218 2379 2321 2430 hoc
2349 2374 2687 2445 proﬁtemur,
2735 2376 2880 2446 quod
2918 2377 3097 2432 omnia
3153 2393 3295 2447 quae,
3348 2386 3441 2435 tua
3483 2384 3688 2436 sancti-

2102 2474 2211 2522 tate
2238 2475 2577 2538 suggerente,
2618 2469 2874 2523 mandata
2926 2476 3073 2535 sunt,
3128 2471 3546 2539 studiosissime,
3581 2475 3689 2529 Do—

2100 2557 2247 2612 mino
2284 2556 2519 2623 favente,
2565 2558 2835 2627 complere
2884 2559 3197 2629 satagimus,
3247 2575 3355 2615 non
3394 2569 3604 2617 tantum
3630 2564 3686 2617 in

2101 2646 2367 2717 spirituali
2415 2648 2722 2702 orationum
2785 2648 2980 2704 solatio
3029 2649 3352 2715 exhibendo,
3394 2657 3451 2704 et
3492 2654 3689 2707 missa-

2102 2755 2222 2794 rum
2252 2740 2594 2796 solemnitate
2631 2739 2953 2796 celebranda
3000 2756 3100 2811 pro
3127 2741 3301 2808 vobis,
3357 2750 3414 2798 et
3456 2757 3555 2814 pro
3582 2744 3689 2799 illis

2102 2830 2195 2899 qui
2243 2830 2298 2884 in
2340 2830 2538 2886 vestris
2598 2830 2907 2901 regionibus
2966 2831 3022 2884 in
3070 2829 3273 2888 Christi
3339 2834 3688 2890 consessione

2103 2920 2323 2985 abeunt,
2388 2920 2483 2975 sed
2507 2920 2672 2975 etiam
2698 2920 2742 2975 si
2773 2935 2880 2990 qua
2927 2922 3207 2977 secularis
3257 2924 3577 2978 substantiae
3606 2939 3690 2979 so-

2103 3009 2233 3064 latia
2288 3011 2485 3066 vestris
2545 3011 2735 3067 usibus
2796 3010 3080 3081 profutura
3129 3013 3185 3067 in
3225 3014 3312 3069 his
3376 3015 3686 3085 regionibus

2105 3099 2329 3170 adipisci
2388 3101 2705 3170 poterimus,
2781 3110 2975 3158 vestrae
3038 3103 3438 3174 participationi
3494 3115 3683 3175 parata

2105 3200 2285 3247 erunt.
2327 3193 2395 3247 Et
2423 3195 2527 3249 hoc
2572 3194 2824 3264 petimus,
2873 3195 2921 3249 si
2945 3186 3052 3265 qua
3093 3195 3236 3266 apud
3281 3212 3378 3252 vos
3424 3199 3682 3255 solamina

2105 3282 2260 3337 nobis
2319 3284 2645 3351 necessaria,
2708 3285 2792 3341 vel
2837 3285 3040 3356 ignota,
3112 3288 3409 3358 spiritualis
3470 3291 3681 3360 quidem

2105 3374 2363 3441 scientiae,
2415 3376 2529 3432 sive
2569 3377 2625 3431 in
2674 3376 2827 3432 libris
2874 3378 3131 3449 antiquis,
3194 3381 3287 3450 qui
3321 3396 3351 3434 a
3377 3381 3533 3436 nobis
3576 3398 3682 3439 non

2106 3468 2394 3533 habentur,
2459 3467 2573 3522 sive
2611 3467 2667 3521 in
2721 3467 2843 3523 aliis
2890 3468 3272 3525 ecclesiasticis
3341 3472 3680 3527 administra-

2104 3560 2359 3625 tionibus,
2411 3568 2472 3614 ut
2513 3561 2669 3615 nobis
2694 3560 2925 3615 libenter
2947 3561 3276 3631 partlcipare
3301 3579 3409 3618 non
3458 3565 3679 3635 negetis.

2105 3651 2325 3708 Necnon
2363 3660 2418 3708 et
2462 3653 2508 3707 si
2555 3668 2691 3722 quos
2748 3653 3025 3709 saecularis
3080 3655 3323 3711 scientiae
3369 3656 3536 3711 libros
3588 3673 3679 3711 no-

2106 3742 2190 3798 bis
2219 3744 2432 3813 ignotos
2460 3742 2705 3811 adepturi
2734 3743 2875 3806 sitis,
2903 3750 2963 3798 ut
2994 3751 3120 3798 sunt
3152 3744 3218 3800 de
3246 3746 3674 3811 medicinalibus,

2106 3850 2335 3904 quorum
2411 3834 2564 3903 copia
2618 3841 2703 3888 est
2748 3834 2928 3904 aliqua
2986 3834 3128 3905 apud
3201 3850 3319 3901 nos,
3363 3837 3457 3892 sed
3502 3845 3680 3891 tamen

2107 3924 2571 3997 segmentaultra
2623 3924 2855 3991 marina,
2901 3940 3022 3995 qum
3070 3926 3126 3980 in
3174 3926 3255 3981 eis
3301 3927 3505 3997 scripta
3539 3943 3681 3982 com-

2105 4018 2365 4086 perimds,
2409 4018 2593 4089 ignota
2632 4017 2789 4073 nobis
2834 4025 2960 4072 sunt
3002 4025 3056 4073 et
3109 4016 3352 4073 difﬁcilia
3403 4018 3470 4073 ad
3518 4019 3682 4089 adipi-

2107 4111 2363 4165 scendum
2390 4126 2404 4175 ;
2464 4108 2548 4164 vel
2594 4108 2641 4163 si
2671 4124 2774 4178 qua
2807 4108 2862 4163 in
2904 4109 3027 4164 aliis
3061 4109 3391 4179 quibuslibet
3421 4112 3674 4182 negotiis,

2107 4198 2191 4253 vel
2235 4198 2515 4268 speciebus
2556 4198 2711 4252 nobis
2736 4198 3057 4253 necessariis
3095 4199 3411 4268 providetis,
3448 4215 3680 4257 commu-

2107 4290 2291 4346 nicare
2369 4290 2684 4359 dignemini,
2718 4298 2778 4346 ut
2819 4291 3025 4347 fecistis
3085 4292 3330 4348 villosam
3400 4294 3675 4350 mittendo.

421 4385 675 4440 mereatis
710 4383 933 4439 audire:
972 4382 1141 4454 Euge,
1173 4382 1399 4452 inquiet,
1418 4398 1562 4437 serve
1591 4381 1721 4437 bone
1739 4391 1788 4437 et
1811 4382 2003 4452 ﬁdelis,
2031 4419 2086 4480 υ
2109 4380 2338 4436 Nomina
2387 4397 2603 4452 quoque
2645 4382 3083 4453 presbyterorum
3145 4391 3448 4438 vestrorum
3502 4386 3677 4440 diaco-

420 4478 547 4550 quia
575 4493 732 4547 super
778 4494 947 4548 pauca
974 4476 1122 4547 fuisti
1159 4474 1355 4545 ﬁdelis,
1411 4492 1574 4546 supra
1605 4475 1772 4530 multa
1804 4486 1852 4532 te
1880 4493 2007 4532 con-

420 4570 677 4633 stituam;
702 4568 841 4622 intra
867 4569 924 4621 in
950 4566 1203 4638 gaudium
1232 4565 1445 4621 Domini
1464 4567 1561 4621 tui.
1637 4566 1822 4622 Amen.

495 4659 846 4728 Omnipotens
902 4654 1061 4714 Deus
1102 4672 1199 4715 vos
1239 4674 1430 4715 omnes
1492 4659 1585 4715 diu
1630 4659 1929 4715 incolumes
1949 4660 2008 4714 in

421 4759 521 4808 suo
548 4758 736 4806 sancto
759 4763 945 4804 amore
967 4756 1022 4803 et
1048 4749 1242 4804 timore
1270 4748 1543 4804 custodire
1564 4748 1835 4819 dignetur.

1243 4838 1510 4895 Dilectiss.
1551 4839 1658 4893 FF.
1697 4855 1761 4895 ac
1787 4839 1934 4906 ﬁliis,

1157 4932 1553 4989 Cuthberchtus
1587 4934 2001 5005 archiepiscop.,

1406 5025 1560 5083 Lullo
1586 5026 1818 5097 coepisc.

933 5115 1269 5173 EPISTOLA
1303 5116 1439 5172 Xlll.

894 5224 1234 5265 CYNEHARDUS
1271 5225 1456 5265 LULLO.

925 5298 1097 5370 (Anno
1127 5298 1338 5354 Domini
1377 5298 1521 5359 756.\

496 5393 721 5448 Domino
772 5390 1110 5463 dignissimo,
1151 5390 1492 5457 venerando,
1526 5400 1582 5445 et
1628 5390 1825 5445 merito
1875 5390 2007 5445 insi-

2111 4489 2433 4543 norumque,
2483 4489 2547 4529 ac
2572 4474 2984 4540 monachorum,
3011 4473 3097 4529 vel
3131 4476 3535 4538 monacharum,
3574 4477 3678 4531 sive

2107 4572 2450 4632 cancrorum,
2501 4579 2622 4634 qua:
2678 4564 2924 4630 misistis,
2973 4561 3087 4633 per'
3129 4566 3464 4621 monasteria
3495 4575 3548 4620 et
3590 4581 3678 4635 per

2107 4657 2366 4713 ecclesias
2395 4664 2596 4712 nostrze
2632 4656 2882 4711 dioecesis
2927 4655 3224 4712 direximus
3268 4657 3336 4712 ad
3367 4657 3675 4712 celebranda

2107 4761 2206 4817 pro
2242 4748 2322 4802 eis
2371 4746 2660 4802 missarum
2706 4745 2988 4810 solemnia,
3033 4753 3089 4800 et
3135 4748 3450 4802 orationum
3498 4746 3676 4801 sum-ao

2107 4838 2215 4910 gia.
2265 4838 2324 4893 ιιι
2362 4838 2535 4907 ipsum
2582 4834 2762 4892 facere
2808 4843 3045 4891 vestram
3091 4837 3434 4892 sanctitatem
3482 4837 3675 4906 suppli-

2107 4931 2245 4986 citer
2280 4944 2568 4985 exoramus
2600 4944 2699 5000 pro
2724 4928 2825 4994 eis,
2867 4944 3096 4999 quorum
3136 4929 3353 4984 nomina
3406 4930 3559 4984 vobis
3592 4930 3675 4983 ha-

2107 5024 2299 5079 bemus
2348 5021 2649 5093 dirigenda,
2703 5029 2760 5076 et
2783 5020 3103 5075 nominatim
3151 5036 3275 5076 eum
3299 5021 3547 5090 personis
3571 5021 3674 5075 suis

2108 5112 2413 5178 scribenda,
2442 5126 2630 5168 eorum
2676 5110 2884 5166 scilicet
2935 5109 3027 5179 qui
3076 5110 3211 5165 mihi
3257 5110 3478 5180 proprie
3526 5119 3674 5180 atque

2108 5206 2235 5262 huic
2287 5205 2562 5271 Ecclesiae,
2618 5203 2704 5259 cui
2751 5203 2948 5269 servio,
2994 5203 3330 5269 amicissimi,
3367 5202 3452 5257 vel
3488 5203 3674 5259 subditi

2108 5299 2327 5365 ﬁebant,
2358 5299 2444 5354 vel
2494 5297 2724 5368 praelati.
2768 5298 2843 5352 De
2880 5304 3067 5352 nostro
3108 5311 3322 5366 quoque
3362 5295 3455 5351 vili
3489 5296 3673 5352 vestitu

2106 5385 2285 5462 parva'
2322 5391 2439 5446 hmo
2487 5389 2700 5446 xeniola
2745 5388 3041 5444 direximus
3110 5396 3203 5444 tuo
3270 5388 3459 5454 cultui,
3525 5404 3671 5458 quau-

422 5483 511 5551 gui
542 5496 605 5535 ac
625 5481 1092 5550 praestantissimo,
1130 5480 1288 5551 longe
1308 5481 1523 5550 lateque
1556 5496 1655 5550 pro
1679 5481 2007 5537 Christiana:
2107 5496 2269 5552 quam
2318 5480 2558 5548 indigna,
2630 5485 2811 5533 tamen
2857 5478 3113 5548 petimus,
3170 5478 3540 5541 accommoda,
3585 5476 3670 5534 hoc

424 5572 702 5642 religionis
747 5571 1090 5641 praedicanda
1144 5573 1393 5627 doctrina
1439 5572 1731 5638 diﬁ‘amato,
1785 5580 1841 5627 et
1905 5588 2005 5641 pro
2107 5580 2207 5636 cst,
2291 5570 2472 5629 tunica
2522 5570 2698 5636 lanea,
2746 5568 2960 5638 aliaque
3004 5568 3162 5633 linea,
3223 5568 3365 5623 sicut
3428 5583 3547 5623 mos
3602 5581 3675 5623 est

423 5661 836 5721 conversatione
877 5660 1001 5714 vitae
1025 5661 1419 5728 probatissimae
1450 5662 1820 5729 celeberrimo,
1850 5663 2007 5719 nobis
2108 5666 2245 5735 apud
2277 5680 2375 5719 nos
2401 5663 2653 5729 habendi,
2692 5662 2894 5731 caligas
2919 5671 2973 5717 et
3012 5663 3392 5732 prripscmata,
3424 5659 3673 5724 orarium,
