4028 6176
331 290 443 346 833

1781 279 2158 337 EPISTOLAS.

3482 279 3589 339 83-5

329 414 390 460 et
422 400 687 468 caculam,
726 407 779 455 et
822 412 1056 470 gunnam
1093 399 1310 454 brevem
1347 402 1534 451 nostro
1584 407 1736 448 more
1787 407 1917 447 con-
1950 400 1991 453 Α
2018 400 2073 445 et
2101 388 2225 443 inde
2264 396 2523 459 quantum
2556 386 2733 443 valeat
2779 397 2919 443 tueri
2953 404 3019 445 ac
3055 403 3376 460 prosperum
3413 389 3596 449 facere

335 502 539 559 sutam,
574 492 644 546 ad
674 491 930 548 indicium
973 489 1307 559 plenissimae
1327 484 1629 542 dilectionis
1681 490 1909 539 nostraz.

333 582 472 650 Quae
501 591 556 636 te
606 580 879 649 suscipere
927 594 1028 649 pro
1064 586 1156 631 tua
1200 574 1505 631 humilitate
1549 571 1747 641 obnixe
1789 582 1915 638 pre-

335 691 548 741 camur,
578 675 888 741 habereque
917 670 985 725 ad
1024 669 1340 725 memoriam
1389 665 1496 720 mei
1522 663 1777 726 nominis,
1805 661 1915 716 sal-

336 775 451 821 tem
504 763 722 833 aliquod
769 761 1001 831 spatium
1064 759 1339 830 temporis.
1411 756 1678 811 Czeterum
1717 754 1762 809 si
1810 767 1917 823 qua

334 865 469 915 sunt
510 865 617 911 tuae
644 853 915 910 sanctitati
960 850 1302 916 insinuanda,
1338 848 1572 919 portitor
1622 846 1782 916 hujus
1806 846 1918 915 epi-

333 950 509 1007 stiunt
521 948 621 1002 ulae
645 949 765 1001 viva
804 958 936 999 voce
963 944 1107 998 valet
1146 956 1422 998 enarrare.

414 1037 555 1108 Opto
581 1046 655 1101 te,
705 1050 739 1090 o
788 1033 1108 1089 cbarissime
1154 1032 1340 1098 frater,
1392 1038 1637 1084 orantem
1680 1043 1780 1097 pro
1836 1041 1922 1081 me

337 1139 535 1184 orante
563 1142 662 1198 pro
707 1132 779 1190 te,
828 1125 881 1178 in
913 1123 1140 1179 Domino
1187 1123 1326 1177 bene
1380 1121 1576 1182 valere,
1604 1117 1922 1186 felicemque

338 1233 458 1274 aevo
494 1217 737 1286 longiore
762 1214 1051 1277 victurum,
1100 1212 1167 1266 ad
1196 1225 1451 1266 coronam
1475 1209 1711 1264 emlestis
1738 1207 1922 1277 gloriae

336 1314 525 1376 postea
550 1312 951 1374 perventurum,
981 1302 1202 1356 Domine
1228 1302 1469 1371 insignis,
1511 1308 1566 1355 et
1588 1301 1748 1355 Pater
1783 1314 1923 1368 pra:-

342 1395 693 1451 stantissime.
767 1391 957 1447 Amen.

870 1502 1202 1559 EPISTOLA
1238 1504 1308 1558 XI
1317 1503 1378 1558 V.

869 1613 1175 1651 EABDUI.FUS
1216 1612 1405 1653 LULLO.

746 1687 921 1758 (Circa
952 1704 1149 1740 annum
1176 1687 1386 1741 Domini
1414 1687 1561 1758 756.)

420 1781 887 1839 Reverendissimo
934 1781 1193 1851 nobisque
1249 1782 1487 1836 omnium
1549 1782 1923 1851 episcoporum

2017 479 2210 549 smpius
2245 480 2556 535 reminiseat
2595 494 2661 534 ac
2704 480 2940 547 studeat,
2987 481 3338 537 obsecrantes
3374 483 3595 551 obnixe,

2020 580 2080 626 ut
2106 586 2206 641 per
2239 571 2381 625 hunc
2417 570 2642 624 fratrem
2682 578 2930 626 noStrum
2962 571 3331 626 ﬁdelissimum
3374 574 3599 643 presby-

2022 674 2216 730 terum,
2246 663 2462 718 nomine
2491 662 2893 729 Lazaroredum,
2924 663 3124 732 scripta
3150 662 3364 732 pietatis
3400 670 3504 718 tute
3527 663 3597 718 ad

2022 769 2120 809 nos
2158 754 2388 823 dirigere
2414 753 2668 823 digneris,
2691 759 2960 822 quatenus
2983 767 3081 820 per
3118 753 3234 807 bazc
3256 766 3444 806 earum
3479 766 3600 821 qua!

2022 842 2119 897 tibi
2155 842 2355 911 placita
2386 849 2510 895 sunt
2540 854 2717 894 rerum
2753 840 2989 910 cognitio
3019 839 3300 917 clarescat,
3352 840 3480 909 quia
3504 840 3626 903 ha—,

2024 934 2161 988 betis
2196 933 2312 988 sine
2339 931 2501 987 dubio
2524 931 2577 984 in
2605 930 2791 985 eodem
2831 928 3054 999 praefato
3105 930 3422 999 presbytero
3461 927 3603 982 veri-

2024 1025 2201 1079 dicum
2228 1022 2548 1090 lidelemque
2584 1020 2727 1074 inter
2769 1034 2867 1074 nos
2897 1019 3213 1089 legatarium
3238 1035 3254 1083 ;
3283 1027 3339 1072 et
3366 1018 3486 1073 ideo
3505 1032 3604 1086 per

2024 1113 2175 1167 illum
2216 1112 2417 1166 valebis
2462 1125 2816 1180 quaecunque,
2847 1109 2983 1162 vivae.
3036 1108 3186 1163 vocis
3236 1108 3601 1173 attestatione,

2025 1204 2181 1259 nobis
2243 1202 2567 1273 patefacere.
2615 1200 3039 1256 Prmcedcntium
3097 1194 3329 1269 quoque
3383 1198 3603 1253 nomina

2026 1293 2446 1362 propinquorum
2473 1298 2802 1353 nostrorum,
2850 1288 2904 1343 id
2925 1297 3026 1353 est,
3073 1289 3278 1358 lrmigi,
3309 1287 3602 1359 Noththry,

2027 1391 2188 1454 atque
2212 1383 2467 1449 Dulicbm,
2517 1395 2705 1435 omnes
2748 1380 2860 1434 Deo
2898 1380 3088 1436 dicata:
3128 1381 3383 1450 virgines,
3411 1380 3507 1435 tibi
3531 1380 3607 1434 di-

2027 1479 2297 1542 reximus,
2328 1475 2661 1546 postulantes
2707 1482 2767 1528 ut
2806 1473 2860 1527 in
2904 1472 3268 1529 oblationibus
3320 1473 3607 1528 missarum

2028 1578 2084 1625 et
2109 1569 2413 1623 orationum
2445 1566 2713 1637 suffragiis
2754 1565 3015 1629 habeatis,
3048 1566 3175 1635 quia
3211 1564 3408 1620 similia
3451 1564 3607 1620 nobis

2031 1659 2099 1713 ad
2129 1659 2358 1714 invicem
2384 1656 2632 1712 beneficii
2655 1657 2951 1724 rependere
2979 1657 3151 1724 parati
3182 1669 3388 1709 sumus.

1956 1747 2001 1804 Β
2099 1750 2241 1805 Deus
2269 1758 2321 1803 te
2350 1748 2675 1802 incolumem
2702 1744 2990 1808 custodiat,
3021 1744 3144 1798 etin
3167 1744 3284 1814 ejus
3308 1742 3610 1797 ministerio

346 1833 884 1932 agisagis.
910 1833 1926 1940 .eam...te.‘ii..i.‘.‘ii.1;{..;;i;
2023 1843 2312 1915 νοηθηίεητ
2342 1841 2499 1910 ¹⁰¹¹ε³
2520 1854 2621 1909 Per
2650 1847 2955 1909 ιθωυοτιιηι
2983 1838 3155 1907 “Palla
3182 1836 3457 1892 ουδίοάίτθ
3487 1833 3613 1905 (ηδ’

348 1965 591 2020 ecclesia:
637 1963 880 2026 antistes,
916 1978 1038 2016 cum
1084 1969 1283 2016 sanetae
1311 1963 1550 2018 ecclesia:
1582 1964 1690 2019 ﬁlio
1732 1964 1929 2020 {Bard-

350 2053 497 2109 vulfo
539 2069 665 2124 rege
734 2052 959 2118 Cantiae,
1020 2051 1286 2107 sinceram
1346 2052 1400 2107 in
1440 2052 1645 2109 Christi
1710 2055 1929 2111 nomine

351 2144 600 2201 salutem.

428 2235 710 2291 Veracium
751 2234 923 2305 igitur
952 2234 1222 2291 sociorum
1276 2238 1417 2292 inter
1471 2237 1575 2291 alia
1631 2238 1929 2296 amicabilis

352 2323 791 2393 memorialisqne
854 2338 973 2379 mos
1015 2340 1136 2380 esse
1204 2325 1555 2396 dignoscitur,
1611 2342 1734 2381 cum
1787 2343 1926 2395 sese,

350 2415 424 2469 ob
456 2412 889 2482 interjaeentium
916 2420 1185 2467 terrarum
1232 2415 1423 2483 spatia,
1475 2430 1569 2470 seu
1621 2417 1931 2485 provincia-

352 2520 476 2559 rum
527 2513 833 2559 exterarum
878 2505 1144 2575 regiones,
1196 2508 1610 2577 praasentialiter
1658 2518 1932 2580 nequeunt

354 2594 592 2650 invisere
638 2610 702 2650 ac
749 2594 1005 2661 salutare,
1046 2604 1193 2652 certe
1235 2611 1334 2666 per
1381 2612 1509 2653 suos
1563 2598 1748 2654 fideles
1794 2615 1933 2653 nun-

306 2714 309 2715 ν
355 2683 497 2748 tios,
553 2683 666 2737 sive
714 2682 879 2737 etiam
942 2697 1041 2753 per
1099 2683 1312 2740 litteras
1373 2687 1440 2741 ad
1499 2686 1725 2742 invicem
1795 2688 1934 2742 salu-

351 2772 573 2827 tationis
641 2772 877 2843 dirigere
940 2773 1146 2838 verba,
1200 2781 1257 2828 et
1302 2774 1369 2829 de
1407 2776 1567 2830 rebus
1617 2776 1795 2847 dignis
1850 2784 1934 2830 at-

345 2876 460 2932 que
499 2861 720 2917 utilibus
775 2869 1029 2926 tractare,
1084 2877 1152 2917 ne
1200 2870 1374 2929 mens,
1429 2864 1654 2929 scilicet,
1703 2866 1933 2921 sollicita

350 2953 484 3023 quid
510 2950 579 3007 de
604 2960 747 3007 statu
791 2953 951 3009 amici
997 2953 1179 3009 divina
1207 2954 1608 3023 dispensatione
1635 2963 1689 3011 et
1726 2954 1933 3025 judicio

352 3051 568 3116 agatur,
602 3044 686 3098 vel
730 3044 889 3099 t:edio
941 3043 1145 3099 diutius
1195 3044 1482 3111 afficiatur,
1528 3046 1613 3100 vel
1659 3048 1816 3101 anxia
1848 3063 1934 3103 re-

358 3150 476 3189 rum
545 3134 922 3189 incertitudine
984 3134 1224 3205 quotidie
1305 3141 1502 3204 gemat.
1564 3134 1825 3203 Quocirca
1878 3138 1931 3191 in

354 3224 547 3295 primis
601 3224 907 3295 diligentius
971 3224 1283 3289 salutantes,
1342 3239 1442 3294 per
1484 3226 1628 3281 hunc
1666 3226 1931 3297 gerulum,

359 3317 642 3372 visitantes
673 3317 1022 3372 eminentiam
1070 3324 1327 3382 vestram,
1369 3316 1694 3372 desiderium
1739 3318 1935 3388 quippe

360 3408 623 3462 habentes
676 3406 864 3461 audire
894 3414 950 3462 et
988 3421 1148 3462 nosse
1201 3407 1446 3462 eamdem
1491 3406 1935 3477 gloriosissimum

358 3511 786 3567 prosperumque
844 3513 942 3567 per
984 3498 1164 3552 omnia
1212 3496 1513 3567 profectum
1569 3498 1789 3562 habere,
1835 3496 1939 3550 hoc

362 3590 538 3645 modis
584 3590 835 3644 omnibus
885 3597 1154 3658 optantes,
1183 3596 1245 3642 ut
1283 3603 1383 3643 nos
1424 3589 1569 3657 ipsos
1620 3595 1939 3655 nostrosque

362 3678 712 3734 charissimos
737 3687 932 3733 vestra:
974 3679 1295 3733 beatitudini
1334 3678 1580 3733 subnixis
1606 3678 1944 3731 commende-

363 3783 487 3822 mus
520 3768 789 3836 precibus,
849 3776 909 3821 ut
937 3768 991 3821 in
1019 3767 1216 3823 vestris
1255 3767 1425 3821 sacris
1473 3780 1540 3821 ac
1581 3766 1692 3820 Deo
1734 3765 1943 3834 placitis

367 3858 723 3923 orationibus,
776 3867 831 3912 et
881 3856 1148 3927 suffragio
1186 3864 1379 3912 vestra:
1447 3865 1688 3927 paternae
1727 3859 1971 3928 pietatis

368 3949 623 4018 undique,
673 3947 966 4002 auxiliante
999 3949 1130 4014 Deo,
1179 3948 1392 4013 muniti,
1442 3956 1605 4018 atque
1650 3965 1805 4004 muro
1825 3964 1947 4018 pro-

369 4041 619 4097 lectionis
666 4048 859 4095 vestra:
900 4040 1263 4104 circumdati,
1338 4048 1527 4095 contra
1571 4056 1759 4095 omnes
1802 4040 1944 4095 infe-

367 4134 628 4189 stationes
663 4132 864 4187 inimici
893 4132 948 4185 in
994 4131 1097 4185 hac
1123 4131 1250 4194 vita,
1293 4145 1412 4199 qua:
1456 4138 1568 4185 tota
1593 4131 1820 4184 tentatio
1842 4139 1941 4191 est,

368 4222 594 4287 defensi,
623 4230 679 4276 et
708 4223 776 4277 ad
819 4222 967 4276 illam
1014 4237 1135 4291 qum
1176 4229 1352 4277 morte
1380 4236 1576 4277 vacans
1617 4229 1673 4275 et
1711 4222 1817 4277 line
1854 4239 1945 4277 ca-

369 4328 512 4378 rens,
541 4312 740 4368 vestris
774 4312 931 4367 almis
977 4312 1472 4376 intercessionibus,
1523 4295 1805 4382 pervenire
1829 4328 1945 4366 me—

3026 2033 3340 2089 IEardulfus
3367 2032 3542 2103 rpisc.

3066 2129 3219 2183 Lullo
3245 2127 3482 2197 coepisc.

2587 2256 2921 2316 EPISTOLA
2952 2257 3070 2314 XV.

2575 2387 2839 2428 ιιιιιιεθυε
2867 2385 3056 2426 ιιῖιιο.

2408 2485 2584 2556 (Circa
2614 2501 2809 2539 annum
2840 2483 3052 2537 Domini
3075 2480 3222 2573 7536.)

2103 2600 2330 2656 Domino
2376 2599 2749 2654 amantissimo
2808 2604 2864 2652 et
2915 2597 2970 2650 in
3029 2595 3247 2651 Christo
3294 2592 3617 2649 charissima

2033 2691 2199 2747 Lullaa
2224 2691 2474 2760 episcopo
2498 2689 2675 2744 Milret
2700 2703 2889 2745 servus
2922 2687 3032 2741 Deo
3069 2685 3443 2741 servientium.

2104 2783 2395 2853 Postquam
2420 2798 2449 2836 a
2471 2790 2561 2836 tua
2582 2782 2867 2851 praasentia
2886 2789 3003 2835 et'a
3032 2786 3322 2848 conspectu
3346 2775 3615 2847 corporali

2036 2872 2365 2931 sanctissimi
2408 2871 2653 2942 prazsulis
2692 2879 2748 2925 et
2790 2868 3085 2925 beatissimi
3122 2867 3293 2937 patris
3332 2864 3615 2931 Bonifaeii,

2036 2967 2247 3029 nolens,
2272 2963 2479 3028 volens,
2512 2962 2682 3017 tristis
2703 2961 3055 3017 abscedebam
3073 3001 3087 3025 ,
3119 2966 3172 3014 et
3207 2972 3307 3029 per
3328 2957 3508 3012 varios
3529 2971 3620 3011 ca-

1961 3085 2008 3145 C
2038 3070 2150 3119 sus,
2181 3062 2237 3109 et
2263 3052 2429 3107 multa
2460 3051 2769 3107 discrimina
2797 3066 2999 3115 rerum,
3030 3049 3225 3103 vestris
3246 3048 3404 3103 almis
3425 3047 3622 3102 oratio-

2040 3144 2195 3198 nibus
2214 3182 2229 3207 ,
2272 3141 2337 3196 ad
2368 3149 2566 3196 terram
2595 3149 2792 3195 nostrm
2818 3139 3163 3210 pervenimus
3190 3137 3507 3192 nativitatis.
3544 3136 3622 3191 lbi

2036 3249 2138 3289 nec
2165 3234 2291 3288 dum
2322 3233 2534 3302 integro
2563 3230 2774 3300 expleto
2803 3229 2927 3284 anni
2959 3228 3147 3283 circuli
3168 3227 3456 3291 curriculo,
3488 3241 3625 3281 nun-

2037 3324 2169 3377 tium
2198 3324 2266 3377 ad
2292 3336 2393 3376 nos
2418 3320 2681 3390 perlatum
2703 3329 2786 3373 est
2807 3319 2980 3382 triste,
3012 3317 3381 3371 beatissimum
3404 3314 3623 3368 Patrem

2036 3415 2103 3469 de
2131 3411 2403 3483 ergastulo
2442 3409 2623 3463 carnis
2652 3409 2718 3463 ad
2748 3422 2980 3476 superna
3009 3406 3269 3475 migrasse
3293 3420 3307 3469 ;
3347 3404 3394 3457 si
3437 3411 3620 3457 tamen

2037 3506 2090 3559 id
2117 3505 2271 3557 triste
2292 3504 2471 3557 dicere
2500 3500 2582 3555 fas
2610 3509 2711 3564 est,
2764 3514 2885 3552 cum
2913 3498 3074 3551 talem
3105 3496 3173 3551 ad
3192 3496 3313 3551 coeli
3335 3504 3625 3564 patronum

2040 3594 2335 3648 meruimus
2362 3590 2690 3660 praemittere
2716 3604 2902 3658 regna,
2930 3586 3085 3656 cujus
3118 3602 3218 3641 nos
3249 3587 3421 3640 sacris
3456 3586 3628 3639 inter-

2040 3682 2394 3745 cessionibus,
2445 3680 2555 3733 Deo
2601 3673 2913 3743 auxiliante,
2965 3678 3165 3747 ubique
3207 3692 3328 3732 esse
3379 3674 3628 3731 suﬁ‘ultos

2042 3783 2190 3831 certa
2221 3773 2536 3829 credulitate
2576 3772 2913 3826 conﬁdimus.
2961 3772 3026 3824 Et
3064 3770 3310 3841 quamvis
3346 3767 3629 3839 prmsentis

2044 3867 2168 3919 vitae
2196 3864 2450 3917 amissum
2482 3862 2733 3917 solatium
2760 3862 2941 3915 multis
2963 3869 3018 3915 et
3057 3860 3258 3919 amaris
3283 3860 3516 3913 luximus
3548 3858 3629 3911 la-

2046 3956 2275 4026 crymis,
2311 3962 2490 4007 tamen
2533 3952 2622 4007 ille
2662 3952 2773 4021 qui,
2816 3967 2913 4007 suo
2951 3952 3210 4020 sanguine
3239 3949 3383 4014 fuso,
3414 3948 3630 4003 Christo

2044 4050 2390 4099 consecratus
2431 4048 2516 4095 est
2559 4048 2785 4111 martyr,
2816 4041 2978 4095 decus
3022 4047 3077 4094 et
3114 4039 3361 4095 columen
3387 4036 3631 4092 omnium

2046 4150 2180 4205 quos
2204 4148 2443 4204 prmsens
2476 4132 2698 4203 protulit
2725 4132 2921 4202 patria,
2973 4147 3070 4209 suo
3097 4131 3409 4186 beatissimo
3438 4142 3629 4201 agone,

2046 4231 2249 4300 optimo
2285 4229 2470 4283 labore
2510 4233 2915 4291 consummato,
2960 4224 3349 4293 gloriosissimo
3379 4222 3484 4277 ﬂne
3506 4237 3633 4291 per-

2048 4328 2189 4383 acto,
2235 4325 2418 4371 nostra
2462 4317 2618 4371 valde
2654 4324 2845 4371 moesta
2870 4314 3073 4382 majore
3110 4313 3296 4367 luatitia
3325 4312 3538 4381 mitigat
3577 4318 3635 4364 et

371 4421 603 4461 reamur.
641 4405 882 4459 Misimus
907 4404 1061 4460 vobis
1106 4419 1271 4473 parva
1298 4405 1484 4467 xenia,
1515 4404 1568 4459 id
1602 4413 1687 4459 est
1739 4412 1942 4473 reptent
1978 4425 2024 4481 ο
2051 4410 2318 4464 demulcet
2365 4416 2606 4477 pectora.
2656 4407 2767 4461 Nos
2804 4414 3047 4461 nostram
3083 4404 3327 4459 dolemus
3368 4402 3539 4456 vicem
3578 4402 3634 4456 in

372 4495 618 4564 ruptilem
700 4509 882 4559 unam,
935 4495 1286 4562 deprecantes
1346 4494 1543 4549 obnixe
1580 4502 1643 4548 ut
1705 4509 1947 4548 amorem

371 4584 636 4639 mittentis
657 4584 828 4655 magis
846 4600 1009 4654 quam
1055 4600 1277 4640 censum
1306 4585 1675 4653 perpendatis,
1701 4587 1770 4640 ob
1798 4600 1947 4654 spem

371 4673 673 4736 meliorum,
710 4675 854 4743 quod
885 4674 1114 4729 celerius
1158 4674 1220 4728 ﬁt
1267 4676 1550 4730 orantibus
1579 4676 1750 4740 vobis,
1780 4676 1825 4730 si
1848 4676 1953 4729 Do-

374 4763 553 4817 minus
604 4763 771 4816 vitam
798 4772 854 4817 et
901 4764 1043 4818 vires
1112 4765 1463 4819 concesserit.
1504 4764 1770 4819 Memores
1805 4765 1949 4819 enim

373 4869 561 4909 sumus
587 4854 876 4909 verborum
911 4855 1150 4909 omnium
1176 4869 1297 4924 quae
1323 4870 1389 4909 ex
1413 4855 1740 4910 abundantia
1772 4856 1952 4911 cordis

314 4993 319 4999 .
376 4944 540 4999 vestri
569 4945 774 5014 prolata
821 4945 1021 4999 nostris
1068 4945 1287 5000 auribus
1330 4953 1626 5000 sonuerunt
1659 4945 1955 5015 adimplen-

375 5035 465 5100 da,
506 5049 627 5103 qua:
672 5044 935 5104 quantum
974 5051 1123 5089 ames
1160 5043 1402 5089 amantes
1436 5043 1488 5089 te
1512 5052 1579 5090 ex
1610 5038 1759 5091 omni
1804 5047 1956 5106 parte

377 5126 745 5181 declarabant.
786 5127 924 5194 Quid
965 5127 1109 5181 enim
1161 5127 1307 5182 aliud
1358 5128 1512 5183 nobis
1553 5131 1816 5199 agendum
1851 5141 1952 5197 est,

378 5214 482 5268 nisi
510 5222 568 5268 ut
613 5215 936 5271 charitatem
986 5216 1184 5287 quoad,
1224 5216 1331 5271 Deo
1354 5216 1670 5285 disponente
1715 5226 1770 5272 et
1797 5219 1955 5274 ﬁnem

379 5317 699 5363 cunctorum
743 5309 1138 5376 considerante,
1180 5324 1369 5366 omnes
1409 5308 1789 5367 advixerimus.
1830 5310 1959 5363 fide-

383 5396 507 5450 liter
532 5396 600 5452 ad
621 5396 849 5452 invicem
878 5399 1264 5454 custodiamus.
1305 5400 1573 5455 Praeterea
1612 5401 1961 5456 nihilominus

341 5508 351 5517 κ
386 5496 441 5541 et
479 5485 732 5557 deinceps
765 5490 891 5544 dum
940 5490 1134 5560 aliquis
1165 5507 1195 5547 e
1221 5493 1379 5548 nobis
1406 5493 1630 5550 alterius
1675 5496 1799 5549 vitae
1823 5497 1957 5561 vias,

385 5587 447 5631 ut
489 5587 636 5648 opto,
687 5578 872 5635 felices
909 5580 1059 5650 prior
1097 5583 1447 5651 ingrediatur,
1482 5598 1548 5638 en
1577 5586 1961 5654 superveniens

388 5669 506 5724 sine
545 5686 727 5739 mora,
753 5671 932 5727 missis
957 5680 1011 5727 et
1039 5672 1413 5744 eleemosynis,
1442 5676 1603 5732 itiner
1649 5677 1790 5732 illius
1836 5678 1961 5734 hinc

2052 4501 2189 4553 valle
2218 4500 2601 4568 lacrymarum,
2638 4505 2691 4551 et
2719 4498 2772 4550 in
2805 4497 2907 4550 hac
2931 4497 3061 4559 vita,
3092 4509 3212 4563 quae
3240 4501 3351 4547 tota
3383 4492 3637 4546 tentatio-

2053 4606 2181 4644 num
2223 4588 2378 4658 plena
2438 4595 2555 4648 est,
2607 4593 2922 4650 manentes;
2970 4584 3079 4649 ille,
3123 4581 3410 4653 peregrino
3452 4580 3637 4635 labore

2054 4694 2249 4748 magno
2278 4692 2398 4732 cum
2422 4676 2616 4730 sudore
2639 4676 2851 4746 expleto
2868 4716 2883 4741 ,
2922 4676 2988 4731 ad
3013 4674 3454 4745 gloriosissimam
3474 4672 3635 4727 Chri-

2058 4771 2125 4824 sti
2151 4777 2356 4839 martyr
2379 4768 2625 4837 pervenit
2653 4775 2902 4832 mortem,
2930 4778 2983 4823 et
3000 4783 3098 4837 pro
3123 4767 3343 4831 nostris,
3373 4774 3433 4820 ut
3453 4765 3631 4827 credo,

2054 4861 2382 4925 excessibus,
2415 4858 2459 4913 si
2490 4859 2700 4913 Domini
2732 4859 2860 4914 sinit
2887 4859 3078 4927 pietas,
3112 4857 3283 4911 fidelis
3312 4856 3638 4909 intercessor

2058 4955 2111 5007 in
2137 4954 2344 5009 caelesti
2368 4952 2683 5016 Jerusalem,
2720 4968 2842 5006 cum
2863 4951 3100 5014 Christo,
3131 4947 3439 5003 beatissima
3469 4952 3634 5010 sorte,

2056 5045 2258 5100 sanctis
2283 5042 2600 5113 eonjunctus
2623 5042 2849 5106 civibus,
2879 5054 3108 5110 superna
3132 5039 3285 5093 laetus
3311 5034 3557 5091 consistit
3584 5035 3637 5088 in

2058 5150 2204 5190 arce.
2244 5135 2369 5189 Haec
2397 5137 2463 5189 de
2486 5134 2856 5187 amantissimo
2880 5133 3059 5197 Patre,
3090 5129 3243 5199 cujus
3272 5128 3634 5183 venerabilem

2058 5227 2223 5279 \itam
2248 5234 2303 5279 et
2331 5224 2620 5294 gloriosum
2649 5224 2829 5289 tinem,
2858 5232 2916 5277 ut
2942 5223 3071 5277 mihi
3104 5223 3155 5276 in
3183 5221 3429 5275 notitiam
3454 5218 3638 5271 venire

2060 5318 2245 5381 facias,
2274 5318 2402 5372 totis
2442 5316 2646 5371 viribus
2673 5324 2886 5386 empto.
2913 5316 3072 5370 Aliud
3100 5331 3165 5370 ex
3194 5314 3361 5369 sodali
3414 5310 3637 5379 collegio

2060 5409 2242 5463 dicere
2270 5408 2434 5463 menti
2460 5407 2712 5471 occurrit,
2746 5415 2996 5476 tuamque
3018 5406 3383 5461 dulcissimam
3406 5403 3639 5459 charita‘

2063 5507 2169 5555 tem
2201 5499 2406 5553 intimis
2437 5500 2664 5554 obsecro
2688 5498 3015 5568 prmcordiis,
3055 5507 3110 5552 et
3138 5505 3389 5565 tanquam
3418 5493 3523 5548 tuis
3548 5508 3641 5562 pe-

2062 5590 2219 5645 dibus
2237 5589 2647 5658 praesentialiter
2674 5597 2976 5659 prostratus
2999 5588 3268 5643 humiliter
3297 5585 3539 5655 imploro,
3578 5589 3640 5636 ut

2069 5681 2359 5737 fraternam
2408 5683 2776 5739 dilectionem.
2811 5697 2974 5752 quam
3017 5682 3159 5736 inter
3195 5696 3295 5735 nos
3341 5672 3639 5733 communis
