4028 6176
454 291 558 347 835

1554 283 1610 337 S.
1651 279 1851 335 Lifl.l.l
1892 277 2274 333 MOGUNTINI
2312 280 2619 337 EPISCOPI
3693 280 3781 335 εἷς

454 401 614 456 Pater
647 400 819 455 beata:
848 398 1234 453 recordationis
1256 406 1310 452 et
1339 404 1541 452 sauctre
1567 394 1839 449 memorire
1872 391 2029 446 Boni—
2059 392 2109 450 Δ
2133 400 2215 445 est
2259 393 2510 447 roborata
2563 393 2761 463 oppido
2800 394 3133 462 patrociniis.
3182 394 3443 450 Idcirco
3496 393 3787 450 audaciter

455 490 645 554 facins,
684 489 884 544 Christi
911 498 1181 543 annuente
1206 487 1487 551 cbaritate,
1530 485 1700 539 sacris
1730 481 2035 537 conciliavit

454 579 664 643 verbis,
706 578 862 631 almis
898 576 1073 631 univit
1112 576 1365 639 oraculis,
1415 590 1524 629 non
1568 572 1900 635 transitoria,
1942 570 2036 624 sed

454 667 559 723 ﬁxa
585 667 957 722 rectrdatione
998 675 1088 721 tua
1121 667 1382 721 recondas
1421 665 1475 719 in
1512 665 1694 729 corde,
1739 664 1865 732 quia
1903 661 2036 716 mihi

452 769 506 813 et
536 757 632 813 tibi
660 757 814 811 valde
849 756 1190 826 profuturum
1212 798 1227 823 ,
1250 757 1397 811 omni
1427 757 1776 825 ambiguitate
1818 762 2031 825 postpo‘

454 851 577 916 sita,
615 850 747 915 seio,
778 850 824 903 si
864 860 972 903 tam
1010 850 1215 921 egregii
1248 849 1487 904 doctoris
1522 856 1788 918 praecepta
1816 846 2037 916 implere

453 957 736 1006 conamur,
769 956 960 1010 meque
987 943 1227 996 omnium
1257 940 1483 995 fratrum
1513 951 1724 996 tuorum
1754 939 2036 993 minimum

455 1034 511 1087 in
540 1033 746 1087 meritis
765 1072 780 1096 ,
828 1032 1067 1087 fraterna
1099 1034 1364 1088 cbaritate
1390 1033 1685 1095 instruere,
1729 1032 1899 1086 sacris
1922 1045 2038 1084 mn-

456 1123 574 1175 uire
600 1121 902 1191 prmeeptis,
937 1122 1093 1175 almis
1117 1122 1451 1176 orationibus
1476 1121 1684 1184 fulcire,
1715 1136 1749 1175 ο
1777 1119 2038 1174 amantis-

454 1213 588 1268 sime
608 1214 823 1282 praesul,
855 1230 960 1268 non
992 1215 1193 1284 pigeat,
1227 1216 1367 1268 unde
1393 1213 1565 1267 fateor
1593 1221 1646 1267 et
1674 1213 1776 1266 ﬁda
1811 1212 2040 1281 promis-

453 1304 604 1358 sione
658 1303 932 1373 Spondeo,
993 1305 1187 1357 vestris
1242 1302 1626 1357 sincerissimis
1679 1300 2031 1369 jussionibus,

452 1391 605 1460 iuxta
621 1393 937 1462 qualitatem
964 1394 1179 1458 virium,
1206 1393 1259 1446 in
1286 1393 1536 1447 omnibus
1557 1392 1788 1446 libenter
1811 1405 1897 1444 me
1918 1404 2039 1444 esse

456 1495 799 1550 secuturum,
864 1493 920 1539 et
969 1484 1124 1539 ﬁrma
1172 1484 1459 1539 dilectione
1507 1482 1663 1537 ﬁdam
1723 1480 2035 1545 amicitiam,

453 1575 691 1645 quandiu
727 1574 948 1643 spiritus
982 1575 1083 1629 hos
1123 1575 1261 1643 regit
1302 1582 1450 1628 artus
1476 1614 1489 1638 ,
1537 1574 1821 1640 vitalisque
1868 1577 2041 1624 status

455 1666 541 1721 his
560 1665 896 1720 moribundis
918 1666 1183 1719 inhabitat
1208 1666 1483 1728 membris,
1514 1672 1685 1717 tecum
1716 1678 1929 1718 servare
1961 1662 2042 1714 in-

2136 496 2329 551 rogare
2351 484 2730 553 prmsumimus
2756 491 2990 537 vestram
3014 485 3227 538 beatam
3259 500 3342 538 ac
3375 496 3531 537 vere
3566 484 3788 539 benedi-

2136 581 2279 627 ctam
2306 573 2622 639 almitatem,
2653 581 2713 627 ut
2738 582 3002 639 nostram,
3048 575 3312 630 viventes
3361 574 3429 628 in
3452 575 3585 643 bac
3622 574 3791 645 laery~

2138 677 2347 717 marum
2378 663 2530 721 valle.
2564 669 2676 717 tum
2698 663 2859 717 etiam
2891 663 2945 717 in
2968 664 3391 734 gloriosissima
3424 663 3790 733 praescieutia

2138 756 2231 809 Dei
2265 755 2318 808 in
2350 754 2565 810 Christo
2594 764 2905 823 pausantes,
2941 754 3174 811 assiduis
3207 771 3281 810 ac
3337 755 3548 810 sacris
3590 756 3793 809 oratio-

2136 848 2295 901 nibus
2341 856 2643 902 vestrarum
2684 849 2878 903 studiis
2916 849 3144 904 Domino
3189 850 3317 904 Deo
3375 848 3793 903 commendare

2135 936 2451 1006 dignemini.
2477 937 2589 1007 Ego
2613 953 2827 1009 quoque
2849 940 3104 994 minimus
3116 939 3405 995 Ecclesia:
3432 954 3656 993 servus
3681 954 3792 1007 sup

2135 1025 2260 1095 plici
2300 1042 2397 1095 per
2433 1026 2719 1081 Dominum
2760 1027 3138 1097 deprecatione
3168 1030 3392 1099 rogito,
3443 1037 3513 1082 ut
3546 1043 3645 1083 me
3678 1044 3792 1083 eum

2137 1133 2254 1172 mea
2282 1118 2501 1181 familia,
2542 1120 2771 1173 Domino
2794 1121 2905 1174 Deo
2934 1131 3128 1175 cuncta
3154 1122 3560 1191 dispensante
3592 1136 3665 1175 ac
3699 1122 3794 1173 rite

2138 1217 2374 1279 regente,
2406 1210 2545 1262 inter
2572 1218 2797 1265 creteros
2824 1210 3009 1265 ﬁdeles
3036 1219 3247 1266 vestros
3272 1212 3530 1266 amicos
3564 1211 3625 1263 iu
3649 1225 3794 1264 com-

2137 1316 2299 1356 mune
2326 1302 2556 1371 benigne
2593 1302 2925 1370 suscipiatis,
2967 1303 3058 1372 qui
3086 1305 3316 1372 proprio
3355 1305 3542 1357 dicor
3565 1303 3794 1356 nomine

2136 1394 2448 1457 Aldbertus,
2478 1393 2791 1448 diaconatus
2816 1392 2990 1448 oflicio
3020 1393 3267 1464 fungens,
3306 1394 3463 1448 licet
3492 1394 3788 1463 indignus,

2137 1492 2216 1549 ut,
2248 1484 2420 1539 sancti
2447 1484 2647 1555 gradus
2669 1485 3028 1540 ministerium
3064 1486 3191 1539 olim
3220 1494 3547 1557 acceptum
3585 1486 3790 1539 vestris

2138 1576 2509 1630 saluberrimis
2540 1572 3017 1632 intercessionibus
3052 1577 3447 1639 meliorando,
3489 1577 3565 1631 de
3598 1576 3691 1631 die
3730 1576 3785 1629 in

2142 1667 2280 1721 diem
2310 1666 2607 1737 proﬁciam.
2638 1666 2949 1722 Almitatem
2977 1678 3211 1723 vestram
3243 1684 3351 1739 pro
3389 1668 3571 1722 nobis
3613 1683 3782 1722 oran-

457 1755 587 1808 tima
624 1754 910 1819 cbaritate,
942 1755 1051 1809 Deo
1082 1764 1241 1819 teste,
1282 1756 1559 1824 proﬁteor,
1602 1763 1655 1807 et
1686 1756 1812 1810 totis
1832 1756 2038 1809 viribus
2066 1731 2112 1790 Β
2145 1770 2254 1815 tem
2279 1774 2522 1813 summus
2546 1759 2747 1812 arbiter
2766 1759 2913 1813 orbis
2930 1761 2999 1813 ab
3021 1760 3128 1813 alta
3157 1761 3448 1815 caelorum
3474 1773 3608 1813 arce
3633 1758 3783 1811 tueri

459 1846 770 1901 medullitus
805 1847 1090 1900 admodum
1133 1854 1327 1916 exopto
1351 1887 1365 1911 ,
1406 1855 1467 1900 ut
1508 1848 1598 1900 ﬁat
1623 1889 1637 1910 ,
1685 1847 1903 1905 Christo
1947 1848 2043 1902 tri-

457 1937 675 2000 buente,
714 1936 853 2005 quod
892 1938 1153 2006 scriptum
1189 1950 1273 1992 est
1302 1953 1317 1991 :
1354 1937 1521 1993 Erant
1563 1938 1668 1993 illis
1694 1941 1873 1994 omnia
1899 1957 2041 1994 com-

455 2028 658 2081 munia.
699 2026 806 2082 Sed
840 2027 952 2083 hmc
983 2029 1184 2093 omnia,
1214 2044 1333 2098 quae
1370 2030 1606 2084 breviter
1647 2046 1678 2085 a
1713 2031 1869 2087 nobis
1894 2033 2036 2088 dicta

455 2131 602 2188 sunt,
649 2124 694 2178 si
735 2124 877 2179 Deus
901 2126 1237 2194 omnipotens
1276 2140 1595 2195 prosperum
1631 2126 1876 2182 concedit
1914 2127 2035 2192 iter,

454 2230 554 2284 per
575 2217 789 2286 gerulos
818 2217 1045 2271 istarum
1084 2217 1385 2272 litterarum
1411 2217 1624 2286 plenius
1667 2225 1722 2273 et
1749 2218 2042 2274 verbaliter

457 2306 552 2361 tibi
598 2306 838 2362 indicare
875 2307 1080 2361 curavi.
1134 2306 1376 2361 Misimus
1408 2314 1678 2376 ‘prmterea
1716 2323 1881 2378 parva
1923 2324 2042 2362 mu-

453 2398 710 2463 nuscula,
752 2415 871 2469 qua:
897 2407 1164 2467 optamus,
1204 2405 1264 2452 ut
1306 2414 1369 2453 ea
1417 2397 1702 2455 dilectione
1736 2399 2037 2467 accipiatis,

453 2504 562 2558 qua
588 2505 619 2542 a
649 2489 824 2553 nobis,
853 2489 962 2544 Deo
985 2497 1143 2554 teste,
1166 2487 1433 2543 destinata
1466 2497 1614 2544 sunt.

530 2581 777 2635 Vestram
803 2579 1144 2636 dilectionem
1173 2594 1271 2648 pro
1306 2580 1506 2635 nostris
1526 2580 1840 2636 excessibus
1866 2580 2039 2634 inter-

454 2670 734 2725 cedentem
763 2670 1008 2726 Christus
1047 2670 1184 2725 tueri
1222 2672 1489 2740 dignetur.

528 2758 750 2814 Librum
780 2759 1006 2829 Pyrpyri
1036 2760 1192 2815 metri
1232 2760 1352 2815 ideo
1381 2776 1488 2815 non
1527 2760 1671 2825 misi,
1717 2758 1842 2829 quia
1869 2756 2041 2813 Gnth-

454 2852 641 2905 bertus
663 2850 829 2918 episc.
861 2851 1036 2906 adhuc
1065 2851 1287 2907 reddere
1317 2853 1542 2907 distulit.
1566 2850 1881 2906 lmmanuel.
1918 2850 2042 2921 Epi-

456 2938 592 2994 stola
617 2938 829 2993 Hilredi
854 2940 1011 3011 episc.
1043 2941 1310 3009 o/ferenda
1336 2940 1503 2996 Lulltr
1529 2942 1687 3011 episc.

998 3030 1332 3087 EPISTOLA
1359 3032 1495 3087 XVI.

1037 3140 1242 3179 TRECEA
1276 3139 1465 3181 LULLO.

862 3211 1042 3284 (Circa
1064 3231 1259 3268 annum
1285 3214 1498 3269 Domini
1526 3214 1673 3286 756.)

531 3308 761 3367 Domino
788 3310 843 3364 in
868 3308 1097 3363 Domino
1122 3303 1503 3361 venerabiliter
1526 3302 1798 3375 diligendo
1822 3314 1875 3359 et
1900 3306 2045 3360 delc—

459 3400 731 3457 etabiliter
756 3397 1072 3455 honorando
1110 3395 1297 3463 Lullo,
1342 3397 1682 3465 episcopatus
1720 3394 1885 3450 infula
1926 3395 2043 3450 fun-

461 3496 628 3568 genti,
672 3494 876 3549 Trecea
908 3490 1131 3563 supplex
1166 3490 1486 3547 vernaculus
1528 3490 1585 3545 in
1618 3488 1835 3546 Christo
1852 3505 2045 3561 peren-

463 3603 586 3643 nem
616 3585 866 3642 salutem.

532 3677 797 3747 Tempore
814 3690 987 3747 nuper
1006 3684 1298 3741 transacto,
1330 3682 1524 3732 vestrm
1553 3676 1810 3732 almitatis
1840 3676 2046 3731 littera-

463 3778 640 3829 turam
665 3783 837 3837 usque
861 3766 927 3821 ad
950 3774 1147 3822 nostra:
1169 3767 1554 3823 mediocritatis
1570 3768 1910 3836 praesentiam
1938 3770 2045 3824 ﬁdo

455 3864 709 3928 gestante
752 3855 939 3926 gerulo
990 3856 1256 3921 delatam,
1325 3857 1719 3912 exsultantibus
1768 3868 2046 3927 pectorum

458 3945 796 4015 praecordiis,
837 3952 891 3999 et
912 3942 1051 3998 laetis
1072 3944 1350 4000 oculorum
1374 3946 1596 4000 orbibus
1623 3948 2047 4016 contemplantes

463 4035 598 4091 satis
623 4033 854 4088 libenter
894 4032 1233 4101 suscipimus,
1273 4042 1328 4087 et
1353 4035 1586 4088 maxime
1626 4035 1679 4088 in
1709 4046 1895 4091 vestra
1924 4053 2049 4092 san-

460 4132 552 4179 cta
579 4121 957 4192 promissione,
985 4135 1146 4190 quam
1173 4122 1305 4176 ordo
1331 4123 1540 4191 apicum
1571 4130 1872 4178 vestrorum
1896 4127 2049 4182 inno-

466 4216 588 4280 tuit,
608 4223 669 4268 ut
695 4190 892 4268 vestris
920 4213 1151 4269 assiduis
1168 4228 1232 4267 ac
1256 4214 1427 4269 sacris
1450 4215 1785 4270 orationibus
1804 4227 2046 4275 nostram

464 4304 813 4375 fragilitatem
838 4302 1126 4359 defendere
1157 4304 1353 4370 vellet;
1391 4305 1461 4359 ita
1499 4313 1553 4361 et
1588 4314 1771 4361 nostra
1798 4308 2049 4379 imperfe-

2066 3081 2117 3144 C

2143 1847 2416 1918 dignetur.
2444 1846 2631 1901 Valete
2652 1847 2705 1900 in
2736 1848 2980 1901 Domino.

2596 1936 3056 1992 EPISTOLA
3103 1939 3264 1993 XVII.

2669 2046 2952 2086 BOTWINUS
3001 2046 3190 2085 LITLLO.

2517 2119 2691 2191 (Circa
2722 2136 2915 2173 annum
2950 2120 3159 2172 Domini
3193 2116 3343 2190 736.)

2210 2212 2544 2269 Veneranda:
2570 2211 2848 2282 dignitatis
2888 2210 3038 2264 Lullo
3081 2210 3249 2279 episc.
3274 2210 3594 2265 Botwinus
3641 2206 3761 2261 abb.

2140 2303 2430 2373 optabilem
2458 2303 2511 2357 in
2534 2301 2751 2357 Christo
2773 2302 3020 2357 salutem.

2192 2393 2428 2469 .Litterae
2452 2390 2791 2445 auctoritatis
2815 2399 2939 2454 tute,
2969 2406 3106 2459 quas
3135 2407 3255 2446 cum
3286 2393 3507 2447 diviurc
3537 2389 3760 2461 pictatis

2139 2482 2318 2539 studio
2340 2496 2511 2551 usque
2530 2482 2597 2536 ad
2621 2497 2719 2536 nos
2738 2482 3003 2546 direxisti,
3022 2481 3442 2538 lzetiﬁcaverunt
3460 2498 3561 2537 me
3579 2480 3752 2543 valde,

2139 2576 2267 2645 quia
2310 2583 2395 2638 tu,
2438 2573 2609 2628 imbre
2648 2572 2886 2627 ccelestis
2921 2572 3060 2627 roris
3091 2573 3322 2639 illectus,
3365 2574 3645 2628 ultimum
3674 2583 3757 2625 me

2141 2663 2516 2720 servunculum
2543 2678 2822 2718 servorum
2858 2663 2954 2719 Dei
2983 2678 3105 2718 cum
3140 2673 3250 2717 tam
3282 2679 3493 2733 magna
3530 2663 3644 2718 ﬁde
3671 2660 3750 2715 di-

2125 2744 2249 2811 vvini
2276 2756 2497 2821 amoris,
2525 2755 2923 2825 sacularizeque
2952 2756 3231 2827 dignitatis
3259 2772 3496 2812 munere
3526 2756 3751 2810 visitare

2141 2848 2391 2919 dignatus
2413 2846 2583 2902 fuisti.
2614 2847 2831 2903 Gratias
2860 2862 2960 2919 ago
2984 2849 3115 2914 Deo,
3136 2859 3346 2918 petens,
3372 2865 3509 2904 cum
3539 2848 3744 2903 intimae

2141 2937 2423 2992 charitatis
2442 2937 2725 3003 desiderio,
2767 2946 2826 2993 ut
2853 2938 2992 2993 fidus
3024 2937 3204 2993 fautor
3226 2939 3356 2992 mihi
3387 2954 3494 3010 per
3524 2937 3747 2993 celsitu—

2148 3028 2330 3085 dinem
2350 3030 2651 3085 sanctitatis
2680 3038 2784 3086 tuze
2813 3045 2995 3086 coram
3020 3030 3238 3087 Christo
3263 3030 3393 3087 Jcsu
3421 3033 3657 3093 existas,
3688 3026 3739 3081 in

2148 3121 2360 3191 istoque
2406 3122 2603 3178 saeculo
2635 3136 2826 3177 serena
2863 3131 3044 3177 mente
3089 3122 3316 3187 amicus,
3361 3123 3409 3177 si
3442 3130 3632 3178 rector
3661 3133 3742 3172 re-

2150 3226 2268 3267 rum
2299 3212 2539 3267 omnium
2570 3212 2725 3267 istius
2753 3214 2879 3268 vitae
2905 3214 2960 3268 in
2986 3214 3177 3270 itinere
3212 3230 3300 3270 me
3327 3214 3552 3287 longius
3584 3225 3739 3281 super

2147 3311 2203 3365 te
2230 3303 2424 3358 sudare
2457 3302 2734 3371 diiudicat,
2764 3305 2916 3374 ploro
2943 3306 3309 3363 indesinenter
3331 3322 3587 3378 precaris,
3618 3317 3735 3359 eum

2146 3393 2292 3448 omni
2332 3401 2548 3448 caterva
2574 3409 2694 3463 quae
2736 3395 2952 3451 Christo
2985 3397 3211 3453 Domino
3254 3399 3356 3453 sub
3398 3414 3523 3455 mea
3552 3392 3735 3452 condio

2146 3484 2293 3538 tione
2337 3484 2599 3550 deservit,
2653 3486 2847 3543 divina:
2886 3488 3267 3547 misericordia:
3309 3489 3505 3545 solatia
3546 3487 3732 3543 anima:

2147 3583 2253 3630 tua:
2298 3576 2515 3648 largiri,
2554 3584 2613 3632 ut
2640 3584 2696 3631 tu
2733 3578 2894 3634 simili
2936 3580 3095 3636 modo
3122 3581 3479 3637 ecclesiarum
3518 3590 3728 3635 tuarum

2147 3668 2386 3724 subsidia
2408 3669 2540 3724 mihi
2567 3679 2826 3740 priestare
2852 3671 3110 3743 digneris.
3136 3661 3265 3728 Haec
3284 3688 3501 3743 quoque
3522 3669 3725 3728 modica

2148 3760 2465 3815 munuscula
2488 3801 2504 3826 ,
2539 3760 2593 3815 id
2617 3770 2731 3827 est,
2784 3778 2845 3817 ιιι
2882 3762 3125 3819 lacernas
3166 3764 3396 3819 almitati
3424 3773 3530 3820 tua:
3575 3761 3726 3817 mitto

2147 3858 2340 3920 optans
2364 3858 2424 3904 ut
2450 3858 2668 3921 accepta
2697 3851 2821 3905 sint.

2668 3941 2997 3998 EPlSTOLA
3029 3944 3212 3999 XV'lll.

2663 4049 2973 4088 WICBEBTUS
3009 4050 3198 4089 ιυιιιο.

2522 4127 2698 4197 (Circa
2726 4144 2922 4182 annum
2951 4128 3163 4182 Domini
3186 4128 3335 4200 756.)

2219 4216 2573 4272 Sanctissimo
2598 4226 2654 4273 et
2685 4233 2717 4272 a
2743 4218 2854 4273 Deo
2893 4233 3106 4288 semper
3138 4230 3457 4274 conservato
3499 4216 3715 4275 Domino

2147 4308 2300 4363 Lullo
2349 4309 2601 4378 episcopo
2644 4309 2989 4375 Wicbertus,
3039 4327 3229 4367 servus
3278 4328 3557 4367 servorum
3609 4309 3714 4372 Dei.

462 4404 553 4452 cta
580 4396 923 4451 mediocritas
950 4396 1186 4466 undique
1210 4411 1346 4466 pene
1385 4398 1438 4452 in
1476 4399 1726 4455 omnibus
1764 4400 1920 4457 bonis
1950 4418 2046 4458 ve-
2069 4429 2122 4488 Ι)
2148 4413 2453 4467 quanquam
2497 4398 2769 4467 indignus,
2811 4401 3006 4465 abbas,
3054 4410 3108 4456 et
3155 4409 3338 4456 vester
3382 4402 3437 4455 in
3476 4401 3712 4456 omnibus

466 4496 636 4542 stram
662 4487 1049 4541 beatitudinem
1078 4487 1410 4543 orationibus
1440 4489 1660 4554 intimis,
1704 4490 1815 4547 Deo
1847 4493 2047 4564 ubique

466 4577 780 4641 auxiliante,
827 4580 1164 4647 deprecando
1201 4595 1423 4649 poscere
1452 4582 1621 4636 Deum
1654 4594 1901 4655 prompta
1939 4596 2043 4652 est,

468 4683 677 4725 necnon
736 4675 792 4722 et
846 4668 1189 4723 dilectionem
1233 4669 1590 4728 fraternitatis
1636 4689 1763 4746 erga
1811 4687 2045 4733 vestram

469 4756 808 4812 clementiam
840 4758 1142 4821 observare,
1172 4761 1465 4814 secundum
1488 4762 1649 4827 vires,
1673 4765 1807 4820 velle
1834 4769 2050 4823 demon-

470 4862 725 4912 stramus,
766 4849 992 4904 Domino
1019 4862 1206 4905 nostro
1228 4851 1354 4906 Jesu
1383 4851 1600 4909 Christo
1623 4855 1851 4913 docente
1879 4874 1943 4915 ac
1968 4861 2049 4915 di-

468 4946 663 4993 cente:
695 4935 810 4992 Hoc
831 4946 904 4992 est
925 4949 1235 5008 prazceptum
1261 4957 1453 5005 meum,
1478 4953 1534 4995 ut
1554 4944 1786 5015 diligatis
1809 4948 2044 5004 invicem.

471 5032 540 5085 Et
564 5032 692 5085 item
716 5047 730 5085 :
768 5030 834 5085 In
863 5032 958 5085 hoc
986 5043 1291 5101 cognoscent
1319 5050 1497 5089 omnes
1521 5038 1645 5106 quia
1670 5041 1769 5092 mei
1798 5042 1921 5094 estis
1941 5042 2049 5096 dis-

470 5122 653 5194 cipuli,
682 5124 726 5178 si
754 5122 1080 5177 dilectionem
1101 5124 1386 5190 habueritis
1413 5127 1481 5179 ad
1511 5129 1747 5194 invicem,
1777 5140 1882 5185 etc.
1916 5132 2046 5187 Item

472 5214 539 5268 de
562 5214 749 5269 eadem
793 5213 983 5268 beatus
1010 5213 1200 5268 Petrus
1235 5217 1442 5284 primus
1471 5227 1525 5271 et
1562 5222 1811 5289 princeps
1837 5235 2051 5292 aposto-

396 5372 405 5375 _
475 5305 650 5360 lorum
677 5303 994 5361 sententiam
1024 5307 1398 5378 promulgavit,
1430 5307 1649 5365 dicens:
1681 5312 1860 5368 Estole
1878 5317 2050 5387 itaque

475 5394 772 5462 prudentes,
806 5403 854 5449 et
884 5394 1090 5465 vigilate
1121 5396 1175 5451 in
1203 5398 1547 5463 orationibus,
1590 5413 1710 5456 ante
1737 5407 1912 5459 omnia
1937 5424 2052 5461 mu-

477 5492 621 5539 tuam
646 5484 701 5538 in
737 5485 1103 5555 nobismetipsis
1132 5487 1436 5541 alacritatem
1464 5492 1763 5545 continuam
1785 5494 2046 5562 habentes,

477 5575 602 5646 quia
630 5574 857 5630 charitas
885 5577 1109 5648 cooperit
1142 5576 1525 5634 multitudinem
1563 5592 1910 5651 peccatorum,
1940 5596 2044 5644 etc.

480 5666 672 5728 Nostra
694 5680 841 5749 ergo,
872 5669 927 5723 ni
954 5667 1126 5734 fallor,
1167 5670 1402 5739 parvitas
1427 5687 1532 5727 non
1559 5681 1828 5745 utcunque
1856 5678 2049 5737 vestris

2150 4489 2315 4561 (Deus
2340 4486 2462 4557 scit)
2512 4489 2648 4542 bene
2676 4490 2899 4559 cupiens
2936 4498 2991 4544 et
3019 4490 3193 4547 ﬁdelis
3225 4491 3277 4544 in
3309 4491 3528 4547 vinculo
3549 4486 3715 4546 chari-

2151 4582 2278 4635 tatis
2305 4582 2605 4652 colligatus.

2220 4675 2477 4746 Suscepta
2502 4683 2680 4730 vestra
2704 4676 2976 4741 alimonia,
3008 4686 3192 4731 sancta
3214 4683 3405 4731 cuneta
3435 4687 3715 4746 congrega-

2150 4768 2225 4821 tio
2253 4768 2641 4822 monachorum
2666 4775 2974 4823 nostrorum
2995 4782 3096 4836 pro
3128 4768 3281 4823 vobis
3318 4767 3559 4837 singulos
3587 4763 3716 4835 psal-

2149 4859 2316 4913 terios
2345 4858 2570 4911 Domino
2609 4858 3064 4922 decantaverunt,
3099 4866 3154 4911 et
3184 4858 3493 4912 sacerdotes
3534 4857 3714 4926 quinas

2150 4949 2343 5005 missas
2369 4946 2613 5004 fecerunt
2637 4963 2736 5018 per
2759 4948 3016 5018 singulos,
3056 4956 3113 5002 ut
3142 4950 3295 5004 vobis
3316 4949 3579 5004 Dominus
3615 4946 3716 5017 pri-

2150 5040 2346 5094 stinam
2387 5041 2672 5095 sanitatem
2704 5041 2998 5100 tribueret,
3037 5048 3091 5093 et
3123 5039 3231 5093 dixi
3276 5040 3341 5094 ad
3370 5039 3511 5103 illos,
3547 5046 3713 5092 vestra

2151 5133 2440 5196 voluntate,
2471 5133 2739 5201 quomodo
2766 5132 2921 5186 nobis
2947 5132 3241 5186 mandastis
3275 5139 3333 5184 ut
3361 5131 3451 5184 hic
3471 5145 3572 5199 pro
3598 5137 3718 5183 tem-

2151 5237 2279 5291 pore
2327 5223 2577 5278 devenire
2613 5223 2903 5291 jubebatis.
2961 5222 3066 5277 Sed
3107 5237 3296 5277 omnes
3339 5237 3577 5277 consona
3618 5233 3715 5275 una

2149 5312 2436 5367 concordia
2480 5313 2907 5383 responderunt,
2959 5313 3101 5381 quod
3144 5324 3327 5368 nos:ra
3370 5312 3621 5367 voluntas
3668 5311 3716 5363 in

2148 5405 2400 5459 omnibus
2424 5413 2526 5469 est,
2560 5404 2727 5473 ipsius
2764 5403 3063 5458 inﬁrmitati
3085 5412 3501 5474 compatescere,
3534 5414 3589 5458 et
3617 5405 3715 5458 sic-
3746 5395 3754 5404 ’

2151 5505 2208 5552 ιιι
2242 5498 2515 5566 proprium
2542 5496 2785 5562 fratrem,
2819 5499 2893 5552 ita
2918 5499 3061 5553 circa
3103 5499 3252 5553 illum
3281 5497 3426 5551 omni
3462 5497 3715 5551 charitate

2151 5588 2478 5657 impendere.
2517 5585 2623 5641 Sed
2651 5602 2747 5642 vos
2776 5590 2934 5643 modo
2962 5589 3008 5644 si
3046 5588 3229 5654 vultis,
3268 5588 3348 5643 sic
3369 5587 3557 5642 venire
3578 5594 3715 5654 pote—

2149 5679 2267 5743 stis,
2294 5676 2562 5749 quomodo
2584 5677 2638 5731 in
2669 5687 2844 5733 vestra
2875 5683 3090 5747 propria
3133 5696 3279 5749 casa,
3321 5685 3375 5731 et
3404 5692 3504 5733 nos
3529 5679 3582 5731 in
3609 5689 3714 5732 om-
