4028 6176
361 266 473 322 :‘37
1809 257 1952 315 EPIS

2045 256 2168 312 ιωε
2179 297 2194 312 .
3532 267 3636 323 838

368 384 552 447 uibus,
584 382 641 436 in
663 391 925 452 quantum
946 396 1263 452 possumus,
1294 382 1561 437 charitate
1586 380 1815 451 pristina
1836 380 1951 436 exi—
1976 378 2029 434 Δ
2123 372 2379 428 Libenter
2434 387 2566 444 ergo
2618 371 2940 442 suscipimus
3001 370 3222 429 fratrem
3263 389 3293 429 a
3331 383 3383 431 te
3431 379 3500 432 ad
3537 396 3637 434 nos

368 482 563 544 gentes
590 482 786 529 vestra:
827 473 1074 530 volumus
1100 483 1501 544 compatesccre
1539 473 1861 528 inﬁrmitati.
1900 471 1959 525 In
2057 481 2228 536 usque
2262 466 2527 523 directum
2557 482 2682 522 cum
2711 467 2993 523 dulcedine
3019 468 3312 523 donorum'
3332 481 3639 531 vestrorum

366 566 711 622 orationibus
737 566 843 622 tuis
872 568 1315 622 commendamus
1332 582 1451 633 nos,
1492 568 1834 623 sanctissime
1864 566 1959 621 Pa-
2055 571 2111 619 et
2135 566 2337 634 gratias
2365 573 2586 635 agentes
2621 565 2732 622 Deo
2769 574 2825 621 et
2849 567 3020 634 vobis,
3054 569 3196 639 quod
3226 572 3394 625 nostri
3435 586 3636 629 memo-

368 669 479 713 ter.
823 707 890 736 Α,
989 731 1002 736 _
1062 730 1075 736 _
1198 729 1229 736 _
1331 730 1342 736 _
1454 727 1476 736 _
1535 727 1565 736 __
1694 731 1704 736 _
2057 657 2191 711 riam
2227 673 2291 712 ex
2333 666 2441 712 tam
2470 660 2693 714 remetis
2715 668 2981 716 ten'arum
3026 662 3224 719 ﬁnibus
3253 662 3433 720 facere
3456 667 3635 736 digne-

816 727 1161 785 Sanctissimo
1188 729 1413 784 Domino
1443 727 1598 783 Lullo
1625 731 1882 800 episcopo.
2056 747 2209 801 ιηίηί,
2243 748 2312 801 Et
2354 747 2405 802 id

2056 747 2209 801 mini.
2243 748 2312 801 Et
2354 747 2472 803 ideo
2513 750 2652 805 sicut
2680 766 2779 807 vos
2800 753 2935 808 velle
2975 756 3335 823 comperimus
3372 771 3636 815 memores

961 819 1258 876 Ψίθθετεαδ
1285 820 1532 892 indignus
1559 819 1737 874 abba"
2057 855 2244 895 sumus
2269 840 2456 907 vestri,
2490 841 2546 895 in
2574 851 2854 911 quantum,
2902 819 3132 901 Domino
3170 844 3477 915 adjuvante,
3512 864 3636 920 per-

902 935 1239 992 EPlSTOLA
1277 935 1418 990 XIX.
2057 930 2325 984 mittimur
2345 946 2561 1001 semper
2580 932 2632 986 in
2658 934 2995 990 orationibus
3015 936 3235 1003 nostris,
3269 939 3636 1007 obsecrantes,

974 1045 1118 1085 υοτο
1156 1045 1348 1085 ιυιιο,
2056 1029 2117 1074 ut
2134 1022 2276 1091 quod
2299 1022 2463 1089 ﬁdeli,
2481 1039 2545 1079 ac
2573 1023 2886 1080 ﬁrmissimo
2909 1028 3151 1097 cmpistis
3172 1030 3354 1085 animo
3376 1047 3547 1101 usque
3571 1033 3637 1087 ad

751 1118 929 1193 (Circa
952 1136 1151 1175 annum
1178 1120 1392 1175 Domini
1425 1119 1573 1193 756.)
2057 1111 2219 1167 finem
2245 1111 2342 1167 [im

2057 1111 2219 1167 finem
2245 1111 2458 1167 ﬁrmum
2502 1115 2812 1181 retineatis;
2843 1133 3151 1188 quanquam
3180 1122 3363 1177 multis
3408 1124 3635 1179 tribula-

441 1211 670 1267 Domino
685 1219 873 1266 sancto
886 1210 1363 1279 sanctorum,quia
1378 1209 1589 1265 meritis
1604 1211 1951 1280 coaequando,
2057 1202 2295 1260 tionibus
2332 1206 2640 1271 lundimini,
2675 1223 2810 1277 quas
2836 1213 3221 1278 propemodum
3249 1228 3437 1269 omnes
3467 1216 3637 1279 sancti

364 1311 426 1356 et
448 1318 478 1356 a
500 1302 657 1357 nobis
681 1316 805 1357 cum
821 1316 1031 1356 summa
1054 1301 1401 1355 veneratione
1413 1299 1705 1371 diligendo,
1736 1302 1790 1356 in
1806 1301 1882 1357 Ch
1892 1302 1960 1355 ri-
2057 1294 2197 1348 soliti
2225 1302 2349 1349 sunt
2366 1296 2605 1351 asmculo
2622 1299 2850 1367 perpeti,
2875 1314 2975 1353 nec
3000 1309 3178 1355 tamen
3206 1301 3423 1359 Christo
3449 1322 3634 1376 coope-

369 1403 458 1448 sto
484 1392 651 1447 Patre
687 1391 860 1456 Lullo,
902 1391 1241 1462 coepiscopo,
1296 1392 1435 1446 Doto
1458 1407 1650 1448 servus
1675 1406 1957 1447 servorum
2056 1392 2232 1450 rante,
2259 1393 2314 1438 et
2341 1384 2695 1442 conﬁrmante
2723 1386 2938 1443 illorum
2991 1393 3351 1447 constantiam
3375 1436 3390 1460 ,
3427 1395 3630 1452 deﬁcie-

369 1487 488 1551 Dei,
516 1486 684 1540 etiam
716 1494 771 1540 et
792 1499 982 1540 omnes
1016 1484 1265 1540 monachi
1306 1485 1480 1540 sancti
1515 1485 1663 1540 Petri
1688 1485 1958 1556 apostolo.-
2056 1477 2206 1533 bant.
2244 1477 2437 1533 Medici
2487 1480 2791 1536 munusculi
2829 1483 3359 1554 quantulamcunque
3403 1490 3641 1557 parvitav

368 1590 492 1629 rum
533 1575 794 1644 principis
838 1574 1093 1643 degentes
1129 1574 1230 1629 sub
1266 1589 1456 1629 norma
1500 1583 1701 1631 sanctae
1734 1574 1953 1646 regulzn,
2058 1577 2167 1625 tem
2182 1571 3067 1630 cbaritatistantummodointuitu
3093 1576 3405 1644 direximus,
3420 1578 3523 1635 hoc
3537 1591 3637 1648 est,

368 1677 630 1722 mtemam
668 1669 722 1721 in
754 1667 980 1722 Domino
1015 1676 1204 1722 nostro
1241 1666 1367 1723 .lcsu
1412 1667 1631 1725 Christo
1669 1668 1736 1725 ad
1762 1669 1958 1725 sancti-
1991 1726 2031 1739 ﬁ
2060 1664 2125 1718 de
2149 1669 2335 1719 nostro
2374 1664 2572 1718 vestitu
2618 1663 3010 1728 indumentum,
3060 1666 3202 1722 sicut
3232 1668 3408 1723 solent
3452 1673 3632 1739 prode-

368 1765 534 1812 tatem
564 1764 800 1812 vestram
828 1756 1101 1812 destinare
1131 1757 1440 1813 curavimus
1467 1759 1724 1814 salutem.
1991 1726 2034 1785 Β
2061 1766 2305 1807 cessores
2338 1752 2509 1807 nostri
2535 1754 3006 1821 prodecessoribus
3036 1755 3141 1810 tuis
3176 1756 3465 1822 destinare,
3499 1762 3641 1827 quod

438 1849 563 1904 meo
606 1848 965 1917 omnipotenti
1011 1847 1239 1903 Domino
1285 1849 1491 1918 gratias
1534 1848 1854 1917 referimus,
1900 1861 1960 1907 ιη
2060 1850 2115 1898 te
2141 1858 2240 1913 pro
2267 1842 2570 1898 humilitate
2601 1852 2653 1899 et
2690 1845 3103 1901 mansuetudine
3148 1854 3239 1900 tua
3268 1848 3541 1917 suscipere
3568 1848 3652 1903 di—

363 1939 546 1995 omnia
572 1954 694 2009 qua:
715 1939 860 1993 circa
888 1953 985 1994 vos
1008 1945 1134 1994 sunt
1161 1953 1421 2009 prospera
1447 1956 1555 1995 non
1587 1941 1760 1997 solum
1794 1945 1960 1999 babe-
2059 1946 2307 2010 gnanter.
2344 1949 2393 1992 ei
2424 1938 2499 1992 uti
2553 1938 2866 2008 suppliciter
2883 1954 3201 2007 precamur.

366 2047 510 2097 mus,
550 2030 645 2085 sed
694 2036 750 2084 et
778 2029 882 2085 hoc
918 2029 1287 2084 indesinenter
1327 2031 1528 2086 sedulis
1567 2033 1821 2101 precibus
1861 2036 1961 2091 Do-
2128 2028 2321 2084 Valere
2353 2036 2403 2083 te
2446 2029 2501 2082 in
2525 2027 2761 2094 Christo,
2806 2038 2860 2084 et
2904 2037 2963 2083 ut
3001 2044 3129 2085 vere
3174 2028 3382 2085 felicem
3430 2045 3648 2102 semper

365 2123 500 2178 mini
539 2122 967 2178 misericordiam
1006 2121 1378 2191 imploramus,
1425 2132 1485 2177 ut
1518 2124 1684 2177 vitam
1720 2135 1956 2182 vestram
2057 2129 2324 2188 ορῑηιηιις.

364 2214 623 2286 longzevis
667 2213 831 2268 faciat
873 2212 964 2268 hic
1006 2213 1243 2284 gaudere
1280 2214 1629 2284 temporibus,
1667 2225 1721 2272 et
1761 2218 1872 2274 illic
1902 2220 1955 2274 in
2595 2208 2928 2265 EPISTOLA
2980 2211 3116 2265 ΧΧΙ-

362 2314 566 2360 aaterna
605 2303 937 2359 beatitudine
971 2319 1095 2359 cum
1143 2305 1348 2360 sanctis
1395 2306 1511 2362 suis
1555 2306 1719 2364 faciat
1749 2312 1958 2380 pariter
2684 2341 2735 2354 --
2764 2340 2777 2354 -
2836 2319 3026 2358 LULLO-

363 2397 637 2453 exsultare
680 2399 987 2470 triumphis.
1022 2403 1099 2458 De
1127 2412 1324 2460 czetero
1364 2407 1652 2475 quamvis,
1694 2411 1954 2467 amantis-
2416 2391 2594 2464 (δέκα
2640 2409 2837 2447 “mium
2879 2392 3093 2447 υοτηίηί
3125 2393 3268 2465 756)-

362 2491 501 2545 sime
538 2490 729 2557 Pater,
767 2501 1035 2549 terrarum
1065 2495 1398 2568 tangitudine
1424 2503 1657 2569 separati
1686 2504 1948 2570 videmur,
2127 2481 2481 2538 Sanctissimo
2518 2491 2679 2553 atque
2708 2483 2999 2537 venerabili
3048 2484 3300 2553 episcopo
3326 2483 3482 2541 Lullo
3526 2500 3635 2541 serv

365 2591 547 2637 tamen
580 2590 637 2637 et
670 2593 942 2641 terrarum
980 2588 1348 2659 longinquitas
1391 2608 1496 2646 non
1533 2593 1723 2648 dividit
1748 2606 1950 2663 mente,
2051 2589 2155 2629 τηε
2198 2589 2478 2629 servorum
2514 2574 2609 2629 Dei
2654 2574 2966 2629 Visccmcm
3012 2574 3066 2628 in
3112 2575 3340 2630 Domino
3386 2576 3634 2632 531mm“-

359 2689 502 2743 quos
552 2677 797 2732 Charitas
855 2679 1036 2735 divina
1089 2681 1368 2750 conjunxit
1412 2684 1467 2738 in
1513 2687 1694 2741 corde.
1747 2687 1954 2744 Idcirco
2124 2667 2276 2737 Rogo
2302 2674 2374 2731 te,
2403 2667 2812 2723 odilectissime
2855 2666 3041 2727 frater,
3088 2665 3227 2721 sicut
3252 2667 3454 2735 optime
3500 2669 3553 2720 in
3585 2676 3633 2723 te

362 2767 661 2835 comperiat
687 2770 949 2825 sanctitas
969 2780 1147 2827 vestra
1188 2775 1316 2843 quia
1340 2791 1441 2831 nos
1481 2792 1670 2831 omnes
1696 2793 1796 2848 per
1830 2780 1953 2835 obe-

2052 2758 2233 2822 credo,
2261 2767 2322 2811 ut
2346 2773 2452 2811 non
2479 2758 2763 2812 immemor
2800 2758 2895 2821 sis,
2928 2758 3021 2811 sed
3053 2771 3266 2825 semper
3290 2757 3635 2828 sagacissimo

361 2855 623 2911 dientiam
657 2859 785 2914 almi
817 2859 996 2917 Patris
1032 2864 1207 2918 nostri
1247 2864 1454 2920 Dodoni
1496 2867 1727 2933 abbatis,
1770 2876 1824 2923 et
1851 2885 1952 2939 pro
2053 2858 2233 2905 meme
2268 2853 2336 2903 ad
2374 2848 2694 2904 memoriam
2740 2849 2965 2939 reducas
2994 2848 3315 2939 ίίηιιίίίἓιειηῖ⁸
3341 2848 3635 2939 ﬁliculam

360 2960 549 3002 amore
580 2955 757 3006 vestro
784 2959 839 3005 et
859 2952 1007 3006 omni
1044 2952 1405 3010 sollicitudine
1433 2971 1534 3016 pro
1569 2959 1741 3016 vobis.
1781 2968 1835 3015 et
1852 2937 1952 3016 de-
2053 2949 2315 3004 ηοδίτθῖην
2346 2954 2508 3009 quam
2549 2939 2691 2993 ίηιθτ
2714 2954 2813 2993 "05
2842 2938 3131 2992 δθδυίῖηυε
3177 2937 3229 2991 in
3269 2937 3533 2993 “aldubia
3561 2938 3627 2994 οῖ’

360 2971 549 3002 more
580 2971 757 3006 vestro
784 2971 1007 3006 etomni
1044 2971 1405 3010 sontcituamc
1433 2971 1534 3027 pro
1569 2971 1741 3025 voms,
1781 2971 1835 3015 et
1857 2971 1952 3016 de-
2053 2971 2315 3004 ιιυοιιαιιι,
2346 2971 2508 3009 uuam
2549 2971 2680 2993 ιιιιυι
2714 2971 2813 2993 Wa
2844 2971 3131 2992 ιιιιυυιιιιυδ
3178 2971 3229 2991 ιι·
3270 2971 3533 2993 ιἰιιιυιιυιιι
3561 2971 3627 2994 ω’

358 3039 639 3094 votissima
675 3049 859 3096 sancta
899 3045 1315 3114 congregatione
1344 3053 1552 3111 vestra,
1596 3063 1627 3102 θ
1663 3047 1774 3104 Deo
1797 3051 1951 3107 vobis
1974 3082 2021 3114 η
2053 3031 2238 3098 vitate,
2257 3031 2469 3100 quando
2487 3031 2633 3085 Eaba
2657 3030 2826 3085 abbas
2851 3029 2903 3083 in
2924 3027 3140 3083 amabili
3178 3029 3442 3084 cliaritate
3468 3030 3636 3084 nutri-

373 3082 639 3094 ,νηνυηυυ-
675 3082 859 3096 ιιι-ην...
899 3082 1315 3114 ννιιδιυοαυινυυ
1353 3082 1552 3111 νυδιιιι,
1596 3082 1627 3102 ιι
1663 3082 1774 3104 υῡυ
1804 3082 1951 3107 vuum

360 3133 681 3198 commissa,
732 3135 787 3189 in
820 3136 1022 3191 nostris
1048 3136 1281 3193 assiduis
1307 3140 1561 3209 precibus
1607 3140 1820 3198 Domini
1849 3144 1951 3197 mi-

362 3222 711 3263 corinnmlinm
748 3240 974 3263 orni-nlla
1011 3243 1116 3263 nnn
1147 3229 1453 3263 ΑΔεῖι-ιοηηιο
1521 3231 1690 3263 Iahn-
1716 3249 1835 3263 num
1865 3250 1920 3263 nn

2054 3125 2150 3187 vit,
2179 3132 2233 3178 et
2262 3124 2364 3178 hoc
2388 3124 2599 3193 signum
2619 3124 2893 3188 recordor,
2930 3123 3073 3193 quod
3108 3137 3207 3191 pro
3244 3124 3460 3178 nomine
3481 3139 3634 3179 voca--

2052 3209 2131 3263 vit
2159 3217 2212 3263 te
2252 3207 2398 3263 lrtel.
2445 3208 2647 3263 idcirco
2681 3208 2881 3262 salutat
2917 3216 2968 3261 te
3005 3206 3207 3261 lict-cca
3236 3207 3402 3261 abbas
3453 3206 3507 3260 in
3556 3222 3634 3262 sa-

361 3222 712 3279 sericordiam
748 3240 974 3282 exorare
1011 3243 1119 3284 non
1147 3229 1474 3287 desinemus.
1521 3231 1690 3287 igitur
1715 3249 1838 3287 cum
1865 3250 1952 3287 sa—

2052 3209 2131 3263 vit
2159 3217 2212 3263 te
2252 3207 2398 3274 lrtel,
2445 3208 2647 3263 idcirco
2681 3208 2881 3262 salutat
2917 3216 2968 3261 te
3005 3206 3207 3261 lict-cca
3236 3207 3402 3261 abbas
3453 3206 3507 3260 in
3556 3222 3639 3262 sa-

361 3249 712 3279 sencuruiaiu
748 3249 974 3282 exorare
1012 3249 1119 3284 non
1147 3249 1474 3287 desinemus.
1522 3249 1690 3303 Igitur
1715 3249 1838 3289 cum
1865 3250 1952 3290 sa—
2065 3249 2131 3263 '"
2162 3249 2212 3263 *ν
2252 3249 2398 3274 "“"
2445 3249 2646 3263 '“""“’
2681 3249 2881 3309 "“""j"
2917 3249 2968 3261 "’
3005 3249 3402 3308 ""‘“"",“""“"
3556 3249 3614 3262 ⁹“

359 3315 638 3373 lutationis
661 3316 868 3386 officiis,
909 3321 1098 3375 humili
1126 3337 1287 3392 prece
1313 3324 1673 3393 deposcimus,
1704 3335 1763 3380 ut
1788 3328 1948 3382 istam
2053 3299 2551 3393 '“mﬁf’n‘isaf‘cla'
2597 3305 2651 3351 et
2692 3313 2868 3393 armis
2915 3306 3266 3393 fongregau?
3298 3312 3417 3366 qum
3460 3314 3637 3393 "1.8m

359 3407 619 3463 familiam
656 3410 856 3467 Christi
906 3422 961 3468 et
1007 3386 1179 3469 sane“
1221 3386 1463 3471 pem'in
1504 3386 1682 3473 vestr;
1713 3434 1949 3473 comme_
2052 3389 2337 3443 cmnobiali
2367 3388 2477 3441 vita
2504 3395 2707 3451 manet,
2739 3387 2866 3456 quia
2897 3387 3085 3456 dignos
3109 3402 3206 3439 nos
3232 3386 3284 3439 in
3320 3388 3636 3442 memoriam

360 3502 660 3558 moratione
686 3520 899 3577 semper
924 3510 1188 3576 habeatis,
1219 3519 1274 3566 et
1300 3512 1400 3582 ipsi
1428 3527 1527 3581 pro
1547 3514 1799 3568 omnibus
1821 3513 1950 3567 ami-
2052 3478 2288 3582 hamis?
2336 3477 2675 3582 ff’c“‘“'_9“i
2721 3485 2900 3582 funem
2930 3477 3473 3582 .Petﬁefcraverit..iu
3503 3492 3638 3582 φξϐ

359 3589 439 3645 ei,
465 3593 664 3649 mm,
684 3551 1950 3671 3;;re},31;;';;’e;;l;g'c;;;oj‘;;;g;gg;
2049 3583 2220 3637 usque
2251 3570 2302 3623 in
2335 3569 2518 3633 linem,
2551 3569 2639 3623 hic
2663 3569 2842 3624 salvus
2865 3569 2990 3623 erit.
3030 3569 3178 3633 vae,
3216 3570 3486 3637 amabilis,
3514 3570 3636 3625 rem-

358 3681 505 3738 tibus
537 3690 595 3737 ct
627 3700 817 3741 eorum
847 3660 1146 3754 monachis,
1193 3706 1289 3746 seu
1330 3699 1385 3745 et
1412 3660 1701 3747 abbatissis
1726 3693 1809 3746 vel
1836 3694 1948 3748 Deo
2051 3661 2186 3754 91‘“
2205 3661 2259 3714 in
2286 3675 2494 3754 ﬂium;
2531 3675 2683 3754 mel,”
2699 3660 2947 3754 dilecms’
2969 3661 3079 3716 Deo
3099 3662 3324 3726 eleaus’
3351 3661 3475 3733 quia
3507 3662 3636 3717 Cha”

358 3773 552 3830 dicatis
581 3777 649 3839 in
675 3778 776 3832 ista
805 3750 1222 3851 congregatione
1260 3782 1431 3837 sancti
1473 3782 1654 3847 Petri,
1702 3791 1948 3839 oratores
2050 3751 2183 3855 mis
2207 3750 2443 3855 Ρνίῖιίυηῖ
2474 3765 2581 3855 ηξξη
2624 3750 2807 3855 ᾕθδθξ’

357 3870 569 3918 vestros
587 3875 698 3919 tam
732 3868 885 3922 vivos
905 3843 1065 3937 quam
1103 3869 1386 3926 defunctos
1413 3871 1467 3925 in
1491 3843 1671 3927 vestra
1698 3873 1947 3928 mercede
2119 3843 2234 3899 Hoc
2259 3844 2471 3915 Signum
2503 3844 2707 3898 "amca
2736 3844 2987 3899 abbatem
3019 3844 3166 3901 ίθθίί·

357 3966 787 4010 commemorare
812 3955 1045 4022 faciatis,
1090 3965 1150 4013 ut
1178 3959 1234 4013 in
1273 3960 1443 4015 sacris
1469 3959 1809 4017 orationibus
1832 3961 1948 4015 illo-
2490 3951 2534 4008 E
2548 3952 2620 4008 ΡΙ
2636 3953 2674 4009 S
2688 3953 2729 4008 Τ
2742 3953 2786 4009 Ο
2801 3954 2842 4008 L
2858 3954 2899 4008 Α
2968 3954 3017 4008 Χ
3031 3955 3075 4009 Χ
3091 3955 3162 4010 1L

356 4058 476 4097 rum
503 4058 623 4098 eam
650 4047 865 4102 assidue
912 4063 1215 4105 memorare
1239 4049 1498 4116 debeant,
1548 4060 1815 4122 quatenus
1848 4069 1947 4124 per
2553 4061 2904 4101 CUTUBEBTUS
2928 4063 3118 4102 LULLO.
3204 4043 3235 4062 “

357 4132 571 4189 morum
609 4134 864 4209 “magia
905 4138 1035 4194 Olim
1071 4147 1311 4209 Optatam
1337 4140 1487 4195 adire
1513 4157 1820 4197 mereamur
1844 4156 1943 4212 pa-
2411 4136 2588 4211 (Circa
2627 4155 2823 4193 annum
2859 4139 3073 4193 Domini
3100 4139 3249 4212 758.)

357 4229 517 4284 triam
543 4231 798 4300 paradisi.
826 4231 1089 4289 Similiter
1107 4250 1204 4291 vos
1224 4236 1596 4305 deprecamur,
1621 4245 1679 4290 ut
1701 4238 1943 4291 omnium
2112 4228 2615 4286 Desiderantissimo
2634 4238 2688 4283 et
2708 4230 3029 4285 suavissimo
3051 4230 3103 4283 in
3130 4230 3329 4287 Christi
3348 4235 3641 4292 dilectione

356 4320 653 4375 amicorum
679 4330 986 4378 vestrorum
1034 4325 1253 4381 nomina
1300 4334 1408 4381 tam
1448 4328 1694 4383 vivorum
1720 4370 1735 4394 ,
1779 4344 1942 4399 quam
2043 4323 2219 4378 amico
2239 4322 2393 4376 Lullo
2421 4322 2694 4392 episcopo,
2728 4328 2782 4376 et
2813 4322 3051 4375 omnium
3081 4324 3385 4379 antistitum
3419 4327 3633 4383 charis-

355 4409 730 4466 defunctorum
756 4454 771 4479 ,
816 4429 914 4483 per
950 4424 1271 4484 przesentem
1314 4415 1540 4473 fratrem
1572 4428 1818 4475 nostrum
1854 4419 1945 4474 Sa.
1973 4436 2026 4497 ι)
2050 4412 2188 4467 Simo
2213 4452 2227 4477 .
2266 4412 2594 4467 Culhbel'lus
2642 4411 2941 4479 ἀὶεοίρυιυε
2991 4410 3148 4466 Βεὼιὲ
3200 4415 3501 4485 Presbyteri
3540 4432 3630 4472 sa-

355 4504 675 4573 ganaldum,
719 4522 816 4575 per
856 4508 1019 4562 breve
1062 4509 1129 4563 ad
1176 4525 1275 4565 nos
1315 4509 1550 4581 dirigere
1588 4510 1832 4577 faciatis,
1884 4520 1942 4566 ut
2046 4507 2232 4560 lutem.
2445 4584 2450 4588 _

355 4594 516 4662 ipsos,
545 4595 686 4649 sicut
716 4598 783 4652 de
807 4598 930 4654 aliis
961 4597 1220 4655 fratribus
1252 4603 1456 4657 nostris
1487 4600 1735 4666 facimus,
1785 4602 1859 4657 ita
1887 4603 1939 4657 in

2112 4596 2400 4651 Gratanter
2411 4595 2626 4664 quidem
2645 4593 2961 4650 munuscula
2979 4602 3079 4648 tuae
3096 4594 3378 4653 cbaritatis
3396 4600 3632 4668 suscepi,

354 4688 556 4742 nostris
608 4688 840 4744 assiduis
903 4691 1243 4746 orationibus
1288 4691 1433 4761 ipsos
1492 4707 1797 4746 memorare
1849 4693 1943 4746 de-
2040 4697 2095 4742 et
2151 4703 2216 4743 eo
2257 4687 2597 4757 gratantius,
2640 4702 2748 4757 quo
2800 4695 2852 4740 te
2907 4688 3022 4742 hanc
3077 4688 3268 4744 intimo
3324 4691 3632 4747 devotionis

354 4778 592 4835 beamus.
622 4779 809 4836 Gratia
840 4783 983 4853 regis
1004 4782 1241 4839 caelestis
1275 4784 1542 4839 custodiat
1581 4800 1677 4839 vos
1703 4801 1936 4856 semper.
2040 4780 2233 4835 affectu
2288 4779 2502 4835 mittere
2554 4780 2800 4852 COgHOVi.
2854 4780 2907 4835 id
2959 4788 3075 4845 εει,
3140 4781 3496 4838 hoiosel‘icam
3557 4785 3627 4839 ad

352 4865 543 4921 Amen.
2041 4871 2296 4941 reliquias
2329 4872 2498 4927 beata:
2528 4872 2803 4927 memoria:
2853 4873 2996 4927 Beda
3034 4872 3280 4942 magistri
3313 4874 3504 4937 nostri,
3555 4875 3626 4929 ob

421 4956 951 5038 Indiculusﬂirectus
971 4961 1040 5015 ad
1066 4961 1347 5016 Lullonum
1376 4963 1693 5034 episcopum.
1726 4964 1939 5019 Emma-
2039 4962 2465 5018 recordationem
2512 4969 2566 5015 et
2613 4962 2754 5016 illius
2793 4961 3194 5017 venerationem
3224 4962 3525 5017 destinasti.
3560 4964 3628 5018 Et

355 5050 471 5105 nuc!
499 5051 767 5107 nobiscum
796 5054 884 5107 sit.
2036 5065 2242 5111 rectum
2273 5057 2487 5126 quidem
2525 5056 2655 5109 mihi
2693 5055 2907 5109 videtur
2929 5062 2989 5108 ut
3019 5062 3129 5108 tota
3157 5068 3289 5125 gens
3328 5054 3624 5126 Anglorum

900 5144 1233 5202 EPISTOLA
1285 5147 1405 5203 XX.
2038 5148 2090 5202 in
2110 5147 2361 5203 omnibus
2388 5146 2698 5216 provinciis,
2732 5146 3038 5215 ubicunque
3079 5146 3280 5215 reperti
3308 5157 3454 5214 sunt,
3501 5163 3623 5217 gra~

872 5255 1178 5294 cvsesnous
1235 5255 1424 5295 LULLO.
1654 5280 1659 5285 .
2036 5242 2138 5296 tias
2169 5241 2279 5294 Deo
2297 5238 2553 5303 referant,
2578 5239 2704 5309 quia
2730 5247 2839 5292 tam
2874 5238 3176 5293 mirabilem
3201 5239 3399 5305 vimm,
3426 5241 3623 5309 praedi-

704 5331 881 5403 (Circa
927 5348 1123 5386 annum
1170 5331 1380 5386 Domini
1410 5327 1551 5402 756.)
2034 5342 2149 5389 tum
2190 5332 2418 5389 diversis
2446 5332 2618 5397 donis,
2642 5338 2862 5400 tamque
2907 5330 2972 5385 ad
3013 5332 3315 5388 exercenda
3341 5332 3480 5386 dona
3508 5340 3621 5386 stu-

418 5424 644 5480 Domino
688 5438 1012 5496 magnopere
1064 5425 1353 5497 diligendo,
1394 5434 1448 5481 et
1501 5424 1657 5480 nobis
1691 5425 1931 5479 omnium
2032 5426 2275 5490 diosum,
2319 5423 2675 5493 similiterque
2724 5423 2781 5478 in
2822 5422 2981 5478 bonis
3034 5423 3275 5481 moribus
3304 5423 3570 5479 viventem
3597 5463 3614 5485 ,

357 5516 807 5587 peregrinantium
839 5531 938 5586 pro
968 5515 1169 5571 Christi
1196 5531 1382 5572 amore
1416 5516 1752 5581 cbarissimo,
1780 5516 1933 5570 Lullo
2031 5519 2173 5574 Deus
2197 5519 2304 5573 illis
2337 5518 2391 5571 in
2428 5532 2523 5571 sua
2552 5516 2770 5571 natione
2815 5517 3054 5580 donavit,
3090 5516 3216 5586 quia
3263 5533 3360 5586 per
3404 5518 3617 5586 experi~

357 5610 613 5674 antistiti,
653 5609 953 5664 Cineardus
992 5609 1263 5680 indignus,
1304 5618 1365 5664 ut
1404 5623 1616 5674 vereor,
1647 5608 1934 5680 episc0pus
2033 5618 2292 5673 mentum,
2318 5609 2384 5663 ad
2414 5609 2578 5678 pedes
2602 5622 2718 5676 eius
2741 5609 2996 5671 nutritus,
3026 5609 3128 5663 hoc
3169 5612 3311 5678 quod
3342 5623 3505 5663 narro
3540 5608 3618 5662 die

358 5699 406 5754 in
428 5699 648 5756 Christo
674 5698 923 5755 salutem.
1615 5764 1619 5768 ἢ
2031 5703 2156 5759 dici.
2201 5702 2567 5774 Similiterque
2594 5702 2840 5759 mihimet
2884 5701 2981 5774 ipsi
3007 5704 3404 5773 coopertorium
3440 5702 3618 5758 varia-
