4028 6176
349 218 455 275 839
1447 209 1505 262 S.
1546 207 1744 262 LULLI
1783 205 2163 262 MUCUNTINI
2200 203 2507 259 EPISL’OI‘I
3509 208 3609 266 uo

352 344 467 397 tum
496 333 563 388 ad
586 336 869 401 tegendum
898 333 1124 397 scilicet,
1144 339 1365 402 propter
1386 329 1576 401 frigus,
1607 343 1782 382 meum
1808 343 1927 382 cor-
1955 333 1999 387 Α
2028 326 2349 382 eruditionis
2374 341 2438 381 ac
2457 325 2764 380 sanctitatis
2793 325 2862 380 ad
2895 340 2994 380 nos
3038 324 3249 381 litteras
3299 327 3608 404 transmise-

351 441 455 497 pus
484 425 697 491 misisti,
726 425 868 494 quod
896 424 1145 480 videlicet
1178 422 1658 492 omnipotentiDeo
1685 430 1739 475 et
1770 421 1928 475 beato
2029 423 2133 469 rat.
2178 413 2515 485 Quapropter
2556 423 2839 484 paternam
2888 423 2995 469 tua:
3043 416 3327 470 charitatis
3362 431 3609 477 reveren-

356 514 521 570 Paulo
547 514 789 584 apostolo
817 513 886 568 ad
924 513 1255 569 induendum
1294 512 1496 577 altare,
1527 510 1673 581 quod
1708 511 1766 564 in
1814 507 1931 577 ejus
2030 507 2161 561 tiam
2198 507 2567 571 obsecramus,
2610 514 2689 570 ut,
2724 520 2940 575 semper
2982 507 3156 561 nostri
3213 522 3451 571 memor,
3489 523 3614 579 sup-

356 606 583 660 ecclesia
621 605 732 660 Deo
762 613 1137 659 consecratum
1170 610 1274 669 est,
1325 618 1448 658 cum
1491 616 1686 672 magno
1736 600 1931 670 gaudio
2028 597 2195 667 plices
2226 612 2325 667 pro
2348 597 2506 652 nobis
2530 597 2747 652 domino
2772 612 2962 667 preces
2997 596 3194 652 otl‘erre
3223 613 3333 653 non
3379 598 3613 669 refrage-

356 695 498 759 dedi,
539 694 663 763 quia
697 702 752 749 et
795 709 897 766 ego
938 695 1038 750 sub
1076 694 1193 763 ejus
1218 693 1554 765 protectione
1591 691 1646 745 in
1690 691 1795 746 hoc
1825 705 1935 744 mo-

360 784 596 839 nasterio
632 800 700 838 xt.
748 793 803 839 et
831 802 891 839 ιιι
924 800 1095 840 annos
1121 785 1250 839 vixi.
1302 784 1456 839 Nunc
1488 797 1635 848 vero,
1676 782 1802 852 quia
1848 796 1934 835 ro-

357 873 497 942 gasti
539 872 743 941 aliquid
790 872 858 927 de
902 873 1174 942 opusculis
1220 873 1363 928 beati
1398 870 1594 935 Patris,
1639 885 1763 925 cum
1799 869 1934 923 meis

357 964 560 1032 pueris,
586 963 741 1032 juxta
769 964 931 1027 vires,
963 964 1104 1033 quod
1127 963 1279 1032 potui
1305 973 1408 1019 ture
1432 961 1700 1017 dilectioni
1731 975 1936 1030 praepa—

361 1055 472 1108 ravi
498 1070 512 1107 :
548 1054 758 1109 libellos
785 1052 852 1106 de
864 1054 993 1108 Viro
1022 1054 1118 1108 Dei
1149 1053 1468 1117 Cudbercto,
1498 1060 1671 1106 metro
1694 1059 1750 1105 et
1776 1065 1936 1120 prosa

361 1148 706 1214 compositos,
736 1154 840 1200 tua:
880 1145 1148 1200 voluntati
1189 1145 1393 1210 direxi;
1421 1151 1477 1198 et
1502 1144 1549 1198 si
1587 1143 1709 1213 plus
1733 1140 1938 1210 potuis-

361 1250 491 1297 sem,
525 1234 754 1288 libenter
800 1234 1114 1298 voluissem,
1147 1233 1273 1302 quia
1317 1232 1605 1302 przesentia
1650 1230 1939 1299 praeteritae

362 1325 555 1379 hiemis
591 1325 818 1379 multum
847 1324 1180 1379 horribiliter
1200 1323 1432 1378 insulam
1461 1330 1663 1377 nostrae
1687 1321 1861 1391 gentis
1885 1321 1939 1373 in

363 1413 579 1483 frigore,
606 1421 662 1467 et
704 1413 845 1482 gelu,
880 1421 936 1468 et
962 1422 1265 1477 ventorum,
1291 1420 1347 1466 et
1380 1409 1632 1466 imbrium
1665 1408 1936 1479 procellis,

361 1504 453 1559 diu
490 1506 705 1574 lateque
731 1506 1012 1575 depressit,
1052 1506 1281 1575 ideoque
1309 1504 1589 1573 scriptoris
1632 1516 1843 1567 manus,
1872 1516 1940 1556 ne

363 1595 419 1648 in
467 1596 823 1665 plurimorum
872 1596 1136 1652 librorum
1166 1610 1449 1650 numerum
1485 1593 1810 1663 perveniret,
1850 1607 1938 1645 re-

2031 686 2127 741 ris.
2159 685 2267 741 Nos
2289 686 2367 741 tui
2404 700 2619 756 quoque
2645 687 2788 742 scias
2817 702 3032 756 semper
3055 688 3292 743 existere
3325 703 3614 752 memores,

2032 778 2078 832 si
2104 778 2232 846 quid
2256 784 2368 831 tam
2395 777 2583 832 vilium
2622 778 2767 848 apud
2810 778 3087 832 dominum
3122 778 3264 834 valet
3308 778 3621 849 deprecatio

2032 881 2332 922 servorum.
2360 866 2635 934 Quantum
2682 869 2831 923 enim
2875 868 2943 923 de
2973 870 3122 924 omni
3156 878 3338 926 vestro
3370 871 3619 940 profectu

2034 961 2203 1032 gavisi
2241 975 2448 1026 sumus,
2489 968 2856 1030 quantamque
2898 975 3062 1030 super
3103 961 3191 1015 his
3223 976 3343 1031 quae
3375 963 3430 1015 in
3461 978 3619 1033 pere-

2035 1051 2205 1122 grinis
2230 1049 2363 1105 locis
2390 1050 2542 1106 vobis
2568 1065 2827 1120 prospera
2853 1058 3137 1106 cesserunt
3178 1050 3421 1105 laetitiam
3451 1051 3617 1105 habe-

2037 1157 2238 1198 remus.
2259 1181 2273 1195 .
2294 1181 2308 1194 .
2325 1181 2340 1196 .
2359 1181 2374 1195 .
2412 1142 2598 1211 Teque
2638 1157 2800 1197 nosse
2825 1142 3092 1207 volumus,
3121 1142 3264 1212 quod
3290 1143 3395 1196 hoc
3426 1157 3622 1212 perpe-

2038 1232 2259 1287 tualiter
2278 1232 2515 1287 studium
2541 1232 2823 1286 charitatis
2844 1233 2953 1287 tuis
2970 1231 3179 1286 meritis
3208 1231 3623 1300 impetrantibus

2037 1324 2407 1389 observemus,
2435 1330 2690 1391 tuamque
2713 1336 2810 1392 per
2833 1321 3015 1376 omnia
3045 1321 3411 1376 desideremus
3431 1323 3625 1378 amici-

2040 1418 2170 1470 tiam
2194 1415 2413 1480 mereri,
2438 1414 2679 1470 volentes
2715 1414 2819 1483 ipsi
2857 1429 2956 1482 per
2992 1413 3173 1468 omnia
3199 1410 3482 1480 tuzejusta:
3521 1427 3619 1468 vo-

2040 1505 2263 1559 luntatis
2302 1504 2679 1573 obtemperare
2722 1503 2975 1569 decretis,
3024 1504 3189 1558 etiam
3230 1504 3456 1558 Domino
3490 1519 3621 1572 pro-

2041 1602 2297 1659 curante,
2354 1595 2609 1664 quando,
2658 1594 2999 1665 ingrediente
3046 1603 3098 1648 te
3160 1594 3305 1648 viam
3355 1595 3616 1650 universa:

366 1687 575 1740 tardata
622 1694 735 1753 est;
793 1687 886 1742 sed
944 1695 999 1743 et
1028 1698 1154 1742 ante
1203 1702 1297 1743 sex
1346 1701 1516 1741 annos
1550 1700 1648 1755 per
1685 1684 1938 1739 Hunwini
1969 1672 2015 1730 Β
2044 1694 2230 1749 terrae,
2283 1692 2444 1754 atque
2491 1685 2561 1739 ad
2611 1685 2832 1754 praemia
2887 1685 3012 1739 vita:
3061 1692 3281 1739 aeterna:
3329 1688 3610 1752 perducto,

365 1792 543 1830 meum
564 1779 937 1847 presbyterum
958 1778 1087 1833 illuc
1115 1779 1187 1833 ad
1204 1784 1383 1832 vestra
1405 1777 1523 1832 loca
1547 1776 1940 1838 advenientem,

364 1874 421 1921 et
450 1866 677 1921 Romam
700 1868 881 1922 videre
908 1868 1299 1923 desiderantem
1316 1909 1331 1933 ,
1358 1862 1537 1937 aliqua
1574 1881 1740 1936 parva
1764 1865 1941 1929 xenia,

366 1955 611 2010 cultellos
634 1956 884 2011 videlicet
912 1972 982 2011 xx
1010 1965 1063 2010 et
1077 1972 1311 2027 gunnam
1335 1957 1402 2011 de
1426 1956 1656 2026 pellibus
1680 1955 1946 2009 lutrarum

368 2044 566 2099 factam
605 2053 710 2099 tua:
756 2046 1083 2099 fraternitati
1104 2046 1247 2101 misi.
1278 2046 1372 2101 Ille
1410 2061 1622 2115 quoque
1664 2046 1947 2115 presbyter

369 2137 642 2202 Hunwini,
671 2137 739 2192 ad
764 2139 947 2193 urbem
984 2154 1105 2208 quae
1148 2147 1375 2194 vocatur
1419 2140 1784 2195 Beneventum
1824 2153 1949 2208 per-

367 2230 607 2293 veniens,
641 2230 716 2285 ibi
749 2230 815 2285 de
837 2231 939 2286 hac
962 2231 1081 2286 luce
1108 2232 1377 2302 migravit.
1412 2230 1748 2300 Quapropter
1775 2244 1948 2298 neque

367 2335 466 2388 per
489 2319 655 2382 illum,
686 2334 859 2388 neque
882 2334 981 2388 per
1002 2327 1216 2375 tuorum
1237 2321 1490 2389 aliquem,
1523 2328 1707 2375 utrum
1739 2321 1844 2373 ista
1882 2317 1949 2371 ad

372 2419 424 2465 te
441 2412 811 2480 pervenerint,
842 2411 952 2464 ulla
999 2411 1279 2481 responsio
1302 2426 1541 2480 unquam
1578 2410 1712 2465 mihi
1742 2408 1949 2463 reddita

368 2510 471 2557 est.
500 2503 616 2557 Duo
644 2517 766 2557 vero
801 2503 961 2571 pallia
991 2502 1326 2558 subtilissimi
1373 2502 1573 2572 operis,
1603 2492 1780 2556 ‘unum
1820 2497 1949 2559 albi,

369 2591 600 2644 alterum
630 2592 784 2645 tincti
811 2591 1006 2647 coloris
1034 2607 1157 2646 cum
1179 2591 1392 2657 libellis,
1417 2599 1471 2645 et
1492 2591 1715 2652 clocam,
1738 2586 1950 2657 qualem

371 2678 442 2732 ad
487 2693 705 2732 manum
746 2678 931 2746 habui,
981 2687 1088 2735 tum
1114 2680 1426 2749 paternitati
1478 2680 1694 2734 mittere
1745 2674 1953 2730 curavi-

374 2783 512 2831 mus,
548 2781 848 2836 precorque
877 2776 935 2823 ut
966 2784 1142 2824 meam
1161 2770 1478 2838 petitionem
1498 2778 1553 2824 et
1574 2767 1954 2823 necessitatem

375 2879 483 2917 non
516 2876 759 2931 spernas.
806 2860 866 2916 Si
897 2861 1091 2930 aliquis
1123 2861 1286 2915 homo
1335 2860 1391 2914 in
1433 2867 1525 2912 tua
1573 2858 1643 2913 sit
1695 2855 1952 2926 parochia

378 2952 471 3022 qui
500 2951 670 3005 vitrea
708 2965 837 3004 vasa
865 2952 1002 3005 bene
1034 2951 1204 3018 possit
1237 2949 1433 3015 facere,
1466 2964 1589 3003 eum
1617 2955 1825 3016 tempus
1866 2960 1955 2998 ar-

378 3045 571 3111 rideat,
614 3044 748 3098 mihi
779 3044 992 3097 mittere
1014 3042 1271 3113 digneris,
1316 3047 1410 3095 aut
1459 3040 1506 3094 si
1544 3038 1774 3094 fortasse
1809 3036 1951 3091 ultra

380 3136 513 3191 lines
560 3144 644 3191 est
693 3136 749 3190 in
788 3142 1054 3204 potestate
1097 3132 1376 3202 cujusdam
1425 3132 1666 3196 alterius,
1698 3132 1814 3186 sine
1860 3137 1953 3184 tua

375 3227 653 3297 parochia,
682 3241 812 3298 rogo
840 3232 901 3279 ut
948 3223 1263 3279 fraternitas
1286 3233 1374 3278 tua
1404 3224 1482 3279 illi
1528 3223 1754 3279 suadeat
1781 3230 1843 3276 ut
1883 3222 1955 3275 ad

380 3334 479 3374 nos
513 3332 685 3388 usque
729 3316 1028 3387 perveniat,
1073 3316 1199 3385 quia
1245 3313 1482 3382 ejusdem
1512 3315 1647 3367 artis
1691 3312 1864 3383 ignari
1902 3319 1958 3366 et

378 3411 567 3482 inopes
593 3424 799 3473 sumus,
827 3415 882 3463 et
912 3408 958 3463 si
1001 3409 1103 3462 hoc
1134 3407 1365 3463 fortasse
1388 3405 1652 3476 contingit
1677 3412 1739 3458 ut
1765 3404 1959 3472 aliquis

381 3503 449 3558 de
485 3499 908 3556 vitrifactoribus
955 3515 1079 3553 cum
1117 3506 1210 3553 tua
1230 3498 1521 3569 diligentia,
1567 3497 1677 3551 Deo
1722 3495 1952 3559 volente,

380 3591 450 3645 ad
475 3606 574 3646 nos
600 3606 770 3660 usque
802 3591 989 3645 venire
1013 3591 1377 3660 permittatur,
1399 3605 1523 3645 cum
1542 3590 1773 3660 benigna
1808 3604 1959 3642 man-

288 3742 293 3745 ,
381 3683 680 3745 suetudine,
717 3681 822 3736 vita
869 3682 1086 3746 comite,
1124 3682 1274 3736 illum
1318 3682 1573 3750 suscipio.
1604 3681 1842 3736 Delectat
1874 3695 1960 3734 me

382 3787 599 3841 quoque
621 3772 971 3842 cytharistam
1000 3773 1213 3836 habere,
1246 3772 1337 3840 qui
1360 3773 1530 3840 possit
1557 3772 1877 3826 citharisare
1905 3772 1959 3824 in

382 3864 615 3926 cithara,
643 3876 804 3930 quam
836 3877 934 3915 nos
961 3863 1289 3931 appellamus
1332 3871 1510 3929 rottre,
1542 3864 1667 3931 quia
1695 3864 1961 3917 citharam

389 3951 582 4014 habeo,
614 3958 668 4004 et
696 3950 961 4003 artiﬁcem
1002 3964 1109 4004 non
1160 3952 1351 4006 habeo.
1409 3952 1465 4006 Si
1515 3967 1676 4021 grave
1714 3968 1823 4005 non
1868 3953 1956 4015 sit,

387 4048 443 4095 et
475 4041 639 4094 istum
674 4054 891 4109 quoque
937 4055 1069 4094 mete
1126 4041 1461 4110 dispositioni
1497 4043 1669 4096 mitte.
1727 4040 1963 4096 Obsecro

386 4138 448 4185 ut
488 4130 629 4184 hanc
655 4145 827 4184 meam
859 4131 1193 4201 rogationem
1242 4146 1309 4186 ne
1347 4131 1628 4201 despicias,
1676 4141 1731 4186 et
1775 4132 1963 4185 risioni

388 4238 494 4277 non
554 4222 795 4292 deputes.
845 4224 923 4278 De
974 4223 1245 4292 opusculis
1303 4239 1433 4279 vero
1484 4224 1655 4279 beata:
1710 4223 1962 4278 recorda-

388 4313 549 4367 tionis
588 4313 758 4376 Beda,
790 4328 910 4383 qua:
939 4314 1117 4369 adhuc
1156 4314 1425 4384 descripta
1467 4330 1575 4368 non
1621 4314 1806 4378 habes,
1833 4328 1962 4383 pro-

389 4408 583 4470 mitto,
640 4422 763 4471 me,
813 4408 859 4461 si
896 4407 1230 4472 vixerimus,
1279 4414 1386 4462 tua:
1435 4406 1695 4461 voluntati
1741 4405 1963 4475 adjuva-

393 4504 593 4550 turum.

497 4587 679 4641 Abbas
701 4586 1030 4643 Cuthbertus
1056 4596 1110 4643 te
1139 4595 1192 4642 te
1222 4589 1308 4643 bis
1337 4596 1525 4657 terque
1552 4588 1783 4652 salutat;

496 4676 572 4732 Te
598 4677 738 4731 Deus
771 4680 1113 4747 omnipotens
1138 4679 1344 4733 salvum
1370 4687 1654 4734 conservet
1678 4679 1741 4746 in.
1767 4693 1960 4733 zevnm.

880 4766 1216 4823 EPISTULA
1282 4768 1468 4823 XXIII.

944 4873 1186 4912 EANVULT
1228 4875 1417 4914 LULLO.

452 5002 459 5005 ν
866 4949 1037 5020 (Anno
1089 4950 1299 5005 Domini
1337 4952 1487 5023 758.)

466 5036 692 5094 Domino
747 5040 1089 5095 desiderabili
1126 5057 1189 5096 ac
1224 5040 1347 5110 jure
1388 5042 1681 5097 venerabili
1716 5056 1966 5112 episcopo

399 5128 567 5193 Lullo,
602 5130 831 5185 Eanvult
877 5147 1064 5187 servus
1102 5132 1304 5187 Christi
1328 5132 1475 5199 Jesu,
1522 5150 1626 5189 una
1669 5150 1791 5189 eum
1843 5149 1968 5189 con-

397 5221 566 5275 servis
595 5222 685 5291 qui
733 5238 943 5277 mecum
986 5224 1071 5278 his
1112 5225 1163 5278 in
1201 5225 1334 5279 locis
1367 5227 1743 5280 suavissimum
1797 5225 1971 5280 Evan-

399 5309 519 5379 gelii
550 5308 760 5381 jugum,
806 5326 905 5381 pro
948 5314 1263 5367 invenienda
1300 5316 1352 5367 in
1396 5316 1547 5370 caelis
1585 5318 1770 5385 requie
1794 5358 1807 5380 ,
1860 5324 1969 5371 tra-

402 5400 530 5454 here
574 5402 823 5471 gaudent,
863 5412 1138 5474 perpetem
1168 5406 1222 5459 in
1270 5407 1494 5462 Domino
1525 5409 1772 5463 salutem.

470 5489 635 5545 Multo
669 5493 887 5560 quidem
924 5495 1117 5564 gaudio
1137 5495 1458 5553 delectatum
1479 5507 1564 5554 est
1584 5516 1679 5556 cor
1703 5510 1967 5568 nostrum,

403 5596 597 5649 magna
641 5583 995 5638 exsultatione
1031 5586 1208 5654 lingua
1238 5588 1503 5655 insonuit,
1530 5592 1652 5645 dum
1688 5602 1847 5649 tanta:
1888 5596 1972 5650 vir

2046 1786 2173 1833 tunc
2207 1786 2358 1831 tuum
2400 1777 2707 1832 venerabile
2751 1792 2948 1831 nomen
2994 1776 3330 1845 disponimus
3381 1774 3620 1828 scribere

2046 1885 2169 1924 cum
2196 1870 2505 1923 nominibus
2530 1868 2903 1938 episcoporum
2932 1876 3261 1928 nostrorum,
3287 1873 3344 1921 et
3375 1880 3495 1920 cum
3520 1880 3626 1919 no-

2046 1960 2283 2015 minibus
2306 1959 2548 2014 omnium
2590 1956 3010 2027 praecedentium
3052 1955 3283 2010 fratrum
3312 1952 3471 2023 hujus
3508 1969 3628 2009 mo-

2047 2055 2289 2109 nasterii.

2118 2143 2372 2209 Orantem
2412 2157 2510 2211 pro
2530 2142 2686 2196 nobis
2711 2141 2909 2195 almam
2943 2138 3287 2209 paternitatis
3315 2144 3509 2191 vestrae
3537 2151 3632 2191 eo-

2048 2249 2238 2289 rouam
2300 2232 2537 2288 ctelestis
2590 2232 2765 2302 gratia
2823 2228 3126 2292 custodiat,
3178 2228 3526 2283 dilectissime
3571 2226 3629 2281 in

2048 2323 2264 2379 Christo
2285 2321 2532 2377 antistes.
2553 2360 2567 2374 .
2587 2360 2601 2373 .
2622 2360 2635 2373 .
2658 2360 2671 2373 .
2721 2319 2934 2389 Scripta
2969 2318 3161 2373 indict.
3190 2317 3278 2384 11,
3309 2332 3366 2372 1x
3386 2316 3505 2370 Kal.
3533 2312 3632 2370 Ju-

2050 2416 2187 2471 nias.
2206 2454 2221 2468 .
2243 2454 2256 2469 .
2272 2453 2288 2468 .
2311 2454 2324 2468 .
2357 2413 2426 2468 ad
2443 2412 2556 2468 Jul.
2586 2414 2736 2483 epist.
2765 2412 2894 2482 epis.

2524 2501 2864 2557 EPISTOLA
2943 2500 3130 2555 XXIV.

2566 2609 2867 2650 IACINCOOZ
2898 2610 3090 2648 LULLO.

2410 2684 2587 2753 (Circa
2642 2702 2839 2740 annum
2879 2685 3092 2739 Domini
3128 2683 3276 2758 760.)

2129 2776 2441 2835 Venerando
2484 2777 2747 2832 sacerdoti
2779 2776 2981 2831 Christi
3002 2815 3018 2841 ,
3065 2789 3249 2829 amore
3294 2788 3519 2844 prorsus
3563 2789 3631 2830 ac

2052 2871 2352 2927 reverentia
2366 2869 2572 2939 pariter
2590 2884 2621 2923 a
2647 2869 2803 2925 nobis
2817 2868 2994 2922 studio
3017 2866 3278 2936 peculiari
3305 2865 3627 2930 contuendo,

2057 2960 2212 3016 Lullo
2252 2960 2502 3030 episcopo
2531 2958 2845 3029 Magingooz
2873 2972 3064 3012 servus
3090 2972 3370 3012 servorum
3411 2957 3507 3012 Dei
3534 2970 3632 3029 pe-

2058 3066 2281 3108 rennem
2307 3052 2363 3105 in
2390 3050 2607 3106 Christo
2635 3049 2882 3104 salutem.

2124 3146 2183 3200 In
2230 3142 2496 3213 colloquio
2539 3156 2712 3210 nuper
2753 3140 3073 3196 venerandae
3120 3139 3475 3194 fraternitatis
3525 3146 3631 3192 tua:

2056 3234 2319 3304 comperti
2358 3228 2544 3287 sumus
2569 3231 2708 3300 quia.
2735 3230 3018 3286 consilium
3062 3229 3295 3299 proximi
3340 3229 3511 3284 nostri
3541 3244 3633 3283 cu-

2051 3323 2265 3393 jusdam
2321 3324 2497 3377 minus
2546 3328 2702 3376 caute
2726 3360 2741 3385 ,
2809 3320 2991 3376 saeculi
3042 3320 3426 3390 impedimento
3488 3326 3634 3389 post-

2056 3416 2254 3486 posito,
2287 3414 2425 3467 viam
2471 3412 2750 3483 religionis
2802 3411 3009 3481 ingredi
3049 3411 3317 3480 cupientis
3349 3409 3633 3479 prudentia

2059 3512 2239 3559 vestra
2279 3501 2578 3573 praevenire
2602 3501 2815 3555 utiliore
2839 3500 3086 3555 consulto
3114 3499 3394 3566 voluisset,
3420 3499 3530 3568 qui,
3576 3506 3635 3552 ut

2060 3596 2312 3660 arbitror,
2354 3594 2439 3649 bis
2478 3592 2658 3648 verbis
2683 3591 2829 3646 velut
2875 3592 3092 3648 nomine
3123 3592 3344 3661 proprio
3391 3591 3635 3662 designa-

2060 3692 2169 3739 tur.
2198 3685 2266 3738 Et
2294 3697 2479 3739 revera
2510 3683 2683 3736 visum
2709 3681 2840 3735 mihi
2877 3688 3087 3736 estnon
3112 3696 3271 3750 posse
3292 3680 3452 3737 aliter
3489 3693 3634 3733 com-

2060 3777 2194 3849 pleri
2233 3777 2377 3831 circa
2407 3775 2554 3829 illum
2584 3772 2819 3828 cilicium
2854 3773 3046 3828 debitae
3082 3771 3359 3828 felicitatis
3404 3779 3459 3827 et
3501 3770 3633 3825 chao

2061 3868 2257 3932 ritatis,
2308 3865 2413 3920 nisi
2457 3880 2579 3919 cum
2615 3864 2862 3934 pluribus
2889 3864 2954 3918 de
2999 3863 3189 3917 eadem
3231 3875 3292 3916 re
3331 3861 3634 3918 necessario

2062 3959 2306 4015 sollicitis
2352 3958 2708 4012 contendatur
2730 3997 2744 4020 ,
2783 3971 2852 4010 ne
2887 3956 3032 4009 hunc
3058 3952 3292 4009 fortasse
3319 3954 3374 4007 in
3410 3954 3523 4022 ipso
3547 3951 3638 4005 iti-

2063 4065 2211 4109 nere.
2256 4064 2363 4117 quo
2417 4047 2740 4103 desiderium
2797 4046 2974 4111 ducit,
3026 4046 3242 4101 incauta
3290 4044 3638 4116 praesumptio

2063 4138 2385 4208 supplantet,
2423 4138 2517 4193 sed
2563 4137 2926 4192 necessarium
2956 4137 3206 4191 existimo
3232 4144 3293 4191 ut
3334 4134 3638 4205 diligentius

2064 4229 2409 4300 provideatur
2433 4244 2540 4298 quo
2561 4238 2721 4299 pacto
2759 4227 2843 4283 vel
2868 4229 3063 4296 quibus
3089 4228 3462 4282 instrumentis
3479 4240 3637 4295 pere-

1993 4348 2042 4408 Ι)
2067 4321 2384 4392 grinationis
2438 4320 2597 4387 illius,
2634 4336 2795 4390 quam
2834 4321 2973 4375 sicut
3028 4320 3179 4375 scitis
3222 4321 3635 4389 optimam.....

2065 4414 2332 4470 stabilitas
2370 4422 2424 4468 et
2454 4413 2745 4484 possibilis,
2773 4421 2826 4467 et
2852 4413 2898 4469 si
2927 4412 3041 4468 fieri
3066 4414 3321 4483 potuerit,
3366 4413 3640 4466 inexcusa-

2064 4506 2224 4570 bilis,
2280 4506 2346 4560 iis
2392 4520 2515 4560 cum
2557 4505 2752 4574 quibus
2792 4520 3031 4575 prmsens
3091 4519 3254 4559 causa
3294 4504 3499 4575 agenda
3518 4511 3637 4565 est,

2064 4594 2210 4648 omni
2255 4594 2482 4648 rationis
2539 4593 2797 4649 firmitate
2848 4595 3246 4664 comprobetur.
3305 4593 3641 4664 Quapropter

2067 4695 2266 4741 nostra:
2294 4686 2545 4755 parvitati
2575 4686 2811 4741 indicare
2837 4701 2933 4755 per
2962 4687 3171 4741 litteras
3212 4701 3319 4741 non
3346 4684 3641 4757 gravemini

2069 4785 2249 4832 utrum
2276 4777 2427 4831 vobis
2461 4776 2706 4832 videatur
2758 4792 2827 4831 an
2874 4777 3147 4832 communi
3177 4791 3429 4831 sermone
3477 4775 3640 4830 unius

2066 4867 2308 4938 epistolae
2360 4868 2665 4922 exhortatio
2717 4868 2979 4931 mittatur,
3028 4882 3096 4921 an
3129 4876 3359 4935 uterque
3398 4874 3642 4921 nostrum

2067 4976 2098 5014 a
2132 4975 2191 5015 se
2217 4958 2498 5029 epistolam
2522 4959 2735 5025 mittat;
2775 4959 2917 5029 quod
2940 4958 2985 5012 si
3025 4956 3366 5027 profuturum
3389 4957 3645 5028 judicetis

2067 5059 2128 5106 ut
2152 5065 2436 5106 commune
2471 5059 2527 5103 et
2572 5064 2741 5103 unum
2785 5065 2815 5103 a
2847 5048 3003 5103 nobis
3036 5049 3327 5103 indiculum
3359 5048 3641 5120 dirigatur,

2068 5157 2098 5195 a
2132 5149 2308 5195 vestra
2335 5140 2619 5194 charitatis
2663 5139 2925 5193 industria
2952 5153 3081 5209 rogo
3125 5145 3185 5193 ut
3210 5137 3546 5194 conficiatur.
3584 5137 3643 5191 Si

2068 5246 2175 5285 non
2210 5230 2327 5284 fieri
2362 5244 2519 5297 posse
2543 5230 2882 5297 putaveritis,
2910 5236 2971 5282 ut
3010 5230 3127 5285 sine
3161 5230 3341 5299 aliqua
3368 5230 3642 5299 pneseuti,

2046 5323 2182 5378 'sive
2230 5330 2437 5386 nostra,
2486 5322 2599 5375 sive
2637 5317 2957 5376 cancrorum
3009 5335 3288 5375 servorum
3324 5320 3437 5384 Dei,
3484 5319 3642 5376 colla-

2071 5414 2215 5469 tione
2247 5412 2491 5467 consulto
2538 5412 2748 5467 decenti
2789 5419 2844 5465 et
2896 5411 3106 5481 integra
3148 5410 3433 5465 soliditatis
3474 5411 3639 5464 valeat

2070 5504 2387 5574 perpetrari.
2435 5503 2572 5570 Quid
2632 5504 2813 5571 itaque
2862 5502 3016 5556 vobis
3067 5500 3408 5570 profuturum
3462 5500 3635 5555 viden.

2074 5603 2181 5649 tur.
2230 5601 2286 5646 ut
2316 5607 2345 5645 a
2383 5593 2536 5647 nobis
2561 5593 2662 5648 hac
2693 5594 2759 5647 de
2800 5607 2858 5646 re
2887 5600 3076 5662 agatur
3108 5603 3204 5660 per
3230 5590 3456 5675 litteras,
3489 5587 3643 5654 hujus
