4028 6176
320 332 423 390 8i!

1754 342 2138 403 EPISTOLA‘J.

3484 382 3590 441 84!

314 442 692 516 Ψίθιὶωιωῐω
718 447 968 518 portitori
996 450 1240 520 traditas,
1270 453 1426 511 nobis
1450 453 1693 512 indicare
1713 456 1906 528 digne-
1930 459 1982 519 Δ
2009 475 2138 519 vero
2176 464 2323 534 quod
2357 466 2425 524 de
2471 468 2622 528 libris
2664 472 2939 547 inquisisti
2966 483 3190 543 marinis
3218 493 3439 553 testibus
3478 506 3590 555 ter-

317 551 474 595 imm.

389 628 585 685 Valere
614 629 917 688 bonitatem
945 642 1206 702 vestram,
1235 642 1291 690 et
1312 635 1366 690 in
1382 634 1607 693 Christo
1634 637 1902 708 proﬁcere

312 731 416 787 pro
428 718 587 775 nobis
609 718 1053 790 intercedentem,
1072 724 1299 797 integris
1324 725 1615 782 desideriis
1624 734 1898 796 optamus.

314 809 428 879 017'.
468 809 623 868 Lullo
652 813 810 882 episc.

836 905 1172 967 EPISTOLA
1210 909 1385 965 XXV.

800 1011 1150 1056 CUTHBER'I‘UB
1220 1017 1409 1057 LULLO.

670 1081 846 1156 (Circa
886 1105 1084 1143 annum
1121 1090 1335 1146 Domini
1385 1091 1534 1164 760.)

402 1173 631 1229 Domino
682 1175 736 1230 in
786 1176 1014 1234 Domino
1064 1181 1416 1237 dilectissimo
1469 1190 1525 1237 et
1586 1180 1899 1238 fidelissimo

306 1264 487 1320 amico
549 1265 705 1321 Lullo
748 1269 1003 1340 episcopo
1052 1270 1382 1327 Cuthbertus
1421 1273 1591 1328 abbas
1640 1272 1895 1328 salutem.

382 1354 604 1415 Multum
625 1365 903 1426 gratanter
928 1361 1109 1433 accepi
1133 1361 1343 1417 litteras
1365 1362 1478 1417 sive
1500 1362 1665 1417 etiam
1709 1378 1900 1418 mune.

309 1461 404 1512 ra,
432 1448 535 1502 hoc
555 1457 661 1513 est,
685 1449 931 1506 vitiosam
959 1459 1015 1507 et
1047 1453 1350 1519 sindonem,
1377 1469 1498 1524 quae
1533 1463 1622 1509 tua
1648 1454 1899 1509 fraterni-

309 1549 392 1593 tas
415 1539 482 1592 ad
502 1554 591 1594 me
612 1539 827 1595 mittere
852 1542 1069 1611 dignata
1097 1552 1209 1609 est;
1242 1553 1383 1600 eteo
1411 1546 1733 1614 gratantius,
1750 1545 1896 1614 quod

303 1643 373 1683 ex
411 1628 601 1683 intima
644 1631 910 1688 cbaritate
945 1648 1009 1687 ea
1053 1634 1326 1691 destinata
1364 1651 1486 1693 esse
1511 1652 1621 1693 non
1658 1637 1892 1708 ambigo.

308 1717 457 1774 Unde
502 1723 1055 1791 recompensationem
1104 1725 1350 1781 beneficii
1377 1726 1534 1783 istius
1560 1726 1789 1783 reddens
1842 1737 1896 1784 et

302 1810 419 1881 ipse
454 1812 530 1866 tui
567 1813 898 1883 quotidianis
926 1815 981 1869 in
1023 1817 1278 1887 precibus
1315 1833 1504 1877 curam
1535 1819 1738 1875 habere
1782 1836 1889 1874 non
1923 1804 1971 1865 Β

301 1917 492 1968 cesso;
551 1904 712 1959 simul
757 1906 921 1960 etiam
971 1909 1190 1964 nomina
1236 1908 1464 1966 fratrum
1502 1928 1622 1983 quae
1664 1914 1734 1969 ad
1789 1930 1891 1970 nos

301 1994 500 2049 misisti
551 2011 675 2051 cum
730 1998 1040 2053 nominibus
1092 1998 1254 2069 hujus
1296 2003 1611 2058 nmnasterii
1658 2002 1890 2060 fratrum

298 2083 687 2140 dormientium
721 2084 776 2139 in
829 2084 1046 2142 Christo
1080 2087 1283 2158 scripta
1319 2091 1683 2156 continentur,
1724 2092 1797 2146 ita
1832 2100 1892 2145 ut

298 2190 400 2245 pro
422 2175 530 2231 illis
554 2176 847 2247 nonaginta
870 2185 926 2233 et
962 2192 1028 2234 eo
1054 2178 1284 2249 amplius
1308 2179 1502 2237 missas
1544 2180 1726 2237 facere
1753 2197 1891 2252 pra:-

297 2265 556 2334 ceperim.
596 2264 821 2338 Insuper
861 2268 1025 2321 etiam
1075 2267 1295 2333 librum,
1334 2284 1497 2338 quem
1548 2268 1889 2326 clarissimus

297 2355 556 2412 Ecclesia:
573 2356 669 2411 Dei
697 2357 953 2427 magister
974 2358 1120 2414 Beda
1148 2356 1216 2414 de
1243 2358 1499 2416 Ediiicio
1527 2360 1710 2431 templi
1736 2376 1880 2416 com-

294 2448 493 2518 posuit,
537 2448 605 2502 ad
649 2448 1079 2504 consolationem
1111 2457 1216 2505 tua:
1254 2450 1716 2522 peregrinationis
1765 2451 1887 2507 mit-

295 2545 413 2593 tere
454 2539 673 2603 curavi,
728 2547 876 2593 tuam
926 2537 1327 2597 fraternitatem
1393 2542 1672 2597 humiliter
1732 2542 1882 2597 obse-

229 2652 235 2658 ι
293 2643 478 2694 crans,
513 2637 571 2683 ut
612 2629 742 2684 olim
779 2631 1042 2688 condictte
1072 2633 1219 2688 inter
1253 2649 1353 2690 nos
1395 2633 1650 2690 amicitia:
1681 2633 1885 2691 foedera

292 2731 466 2787 usque
512 2718 579 2773 ad
630 2719 790 2783 finem
829 2721 1046 2779 ﬁrmum
1078 2725 1352 2780 custodire
1397 2725 1656 2795 digneris,
1688 2725 1741 2780 in
1783 2726 1884 2781 hoc

289 2808 541 2864 videlicet
568 2810 824 2877 maxime,
857 2812 1002 2882 quod
1024 2829 1147 2869 cum
1176 2814 1283 2870 tuis
1307 2816 1582 2882 omnibus,
1620 2831 1758 2886 quos
1786 2816 1883 2872 tibi

290 2899 473 2954 divina
503 2900 830 2970 dispensatio
843 2903 1010 2958 voluit
1030 2919 1151 2960 esse
1170 2903 1461 2975 subjectos,
1477 2920 1576 2977 pro
1599 2904 1883 2960 inlimita-

291 2992 437 3047 tibus
470 2993 605 3048 meis
632 2995 773 3063 apud
806 2994 1358 3065 supernumiudicem
1381 2997 1598 3053 sedulus
1626 2997 1881 3056 interces-

290 3096 386 3137 sor
416 3084 639 3138 existas.
668 3083 824 3140 Lullo
861 3088 1021 3157 epiac.

2006 568 2122 610 ram
2176 556 2604 630 advectantibus,
2636 570 2856 626 omnino
2900 573 3235 648 incognitum
3260 593 3363 640 est.
3412 586 3586 649 Caete-

2003 661 2125 701 rum
2155 647 2277 709 libri
2311 659 2875 741 cosmographicorum
2912 647 3141 727 necdum
3178 676 3334 732 nobis
3362 681 3430 737 ad
3470 647 3588 741 ma-

2002 754 2133 793 num
2161 752 2455 815 venerunt;
2502 765 2604 806 nec
2633 740 2736 807 alia
2773 757 2912 825 apud
2953 774 3053 816 nos
3082 766 3433 837 exemplaria,
3478 773 3586 831 nisi

2002 829 2227 900 picturis
2268 842 2322 888 et
2370 835 2570 895 litteris
2610 846 2958 912 permolesta.
3015 851 3135 909 Jam
3189 829 3386 928 saipius
3419 829 3588 922 mihi:

2002 932 2114 977 met
2140 931 2478 995 perscribere
2514 934 2810 1001 destinavi.
2851 945 2946 1000 sed
2974 948 3212 1007 nondum
3254 957 3403 1024 potui
3443 961 3584 1015 scri-

2000 1022 2185 1115 ptores
2212 1023 2509 1091 acquirere.
2550 1027 2715 1085 Forte
2767 1038 2873 1090 tuts
2919 1036 3136 1107 adjutus
3177 1022 3587 1115 supplicationi-

2001 1105 2267 1166 bus.....

2073 1198 2426 1262 Sanctitatem
2473 1218 2706 1269 vestram
2749 1218 2818 1273 ad
2850 1224 3239 1289 protectionem
3266 1231 3454 1291 eiecta:
3482 1235 3581 1291 Do-

2000 1290 2160 1349 ruinae
2190 1308 2291 1349 rex
2312 1297 2549 1355 salvator
2575 1318 2860 1364 conservet
2891 1312 2944 1366 in
2971 1330 3164 1372 aevum.

2071 1380 2216 1451 Scio,
2257 1385 2436 1454 Pater,
2470 1395 2613 1461 quod
2643 1396 2754 1463 illa,
2787 1416 2907 1471 qua:
2928 1407 3211 1466 cbaritatis
3233 1416 3408 1485 gratia
3437 1421 3581 1490 misi,

1998 1488 2030 1528 a
2054 1483 2106 1530 te
2131 1478 2245 1534 visa
2270 1498 2377 1537 non
2415 1494 2563 1541 sunt.
3236 1478 3263 1485 ⁷
3290 1528 3297 1533 ·

2174 1573 2414 1632 Vivendo
2443 1576 2569 1635 felix
2603 1581 2804 1641 Christi
2828 1588 3036 1650 lauratc
3057 1598 3365 1674 triumphis,

2173 1665 2294 1720 Vita
2328 1670 2454 1735 tuis,
2480 1674 2639 1730 saeclo
2694 1681 2987 1751 specimen,
3041 1690 3359 1753 charissime
3420 1704 3578 1770 cmlo,

2168 1755 2400 1815 Iustitia:
2425 1763 2619 1831 cultor,
2642 1781 2802 1826 verus
2824 1773 3041 1845 pietatis
3062 1792 3293 1853 amator,

2171 1847 2472 1908 Defendens
2492 1856 2639 1927 vigili
2668 1860 2884 1919 sanc'tas
2906 1874 3169 1930 tutamine
3195 1847 3468 1950 mandras,

2171 1937 2377 2045 Dascua
2399 1945 2666 2019 ﬂorigeris
2692 1956 2935 2023 pandens
2962 1966 3250 2031 prmdulcia
3280 1937 3505 2045 campis,

2174 2029 2365 2090 iudice
2388 2047 2646 2099 centenos
2666 2056 2893 2115 portans
2926 2029 3179 2115 veniente
3220 2029 3504 2137 manipios:

2063 2119 2261 2211 (ille:
2443 2129 2629 2211 ιιμιιο
2659 2135 2727 2191 Fr
2916 2145 3027 2211 νῖοι
3210 2119 3435 2211 minis;

2063 2194 2229 2249 renda
2247 2194 2275 2247 Ι.
2443 2194 2458 2252 i
2474 2202 2697 2274 piscopo
2910 2194 2971 2270 ro
3011 2194 3027 2276 ξ
3209 2194 3400 2279 i

2488 2355 2823 2419 EPISTOLA
2863 2366 3074 2425 XXVII.

2510 2464 2761 2509 WIGBERT
2770 2471 2833 2512 US
2871 2476 3064 2518 LULLO.

2363 2535 2543 2607 (Circa
2577 2558 2776 2598 annum
2810 2546 3024 2606 Domini
3054 2554 3203 2629 760.)

2060 2618 2292 2681 Domino
2325 2642 2454 2684 vere
2478 2631 2656 2701 beato,
2687 2645 2853 2707 atque
2893 2643 3041 2697 omni
3087 2618 3265 2704 cilicio
3290 2651 3575 2715 charitatia

1989 2717 2316 2783 venerando,
2360 2720 2546 2789 Lunai,
2602 2729 2773 2797 gratia
2814 2731 2909 2788 Dei
2959 2737 3233 2810 episcopo,
3260 2742 3573 2817 Wigbertus

1985 2809 2272 2879 presbyter
2294 2820 2478 2869 vester
2494 2816 2667 2874 ﬁdelis
2695 2835 2902 2891 servus,
2929 2830 3220 2897 optabilem
3249 2834 3303 2889 in
3352 2809 3572 2896 bbristo

1986 2898 2237 2959 salutem.

2062 2993 2265 3052 Vestris
2304 3001 2640 3060 orationibus
2676 3008 2993 3083 meritisque
3036 3004 3470 3091 suifragantibus,
3509 3035 3571 3082 ut

1984 3083 2277 3177 credimus,
2305 3099 2360 3144 et
2391 3106 2492 3161 pro
2519 3104 2671 3152 certo
2699 3101 2902 3157 scimus
2929 3119 3188 3177 prospera
3204 3083 3381 3169 vnobis

889 3150 899 3157 ν
2261 3150 2271 3155 -
2392 3150 2409 3161 .
2566 3150 2573 3151 κ
2624 3150 2659 3152 ν-
2702 3150 2901 3157 ψη---
2931 3150 3057 3174 ,ων
3133 3150 3188 3162 η.
3222 3150 3381 3169 um...
3408 3150 3567 3171 ,οιηυ

361 3171 625 3228 Dominus
668 3176 1011 3246 omnipotens
1046 3177 1444 3235 fraternitatem
1474 3190 1621 3236 tuam
1675 3181 1730 3237 in
1777 3195 1879 3239 suo
1905 3150 1954 3218 ο
1987 3176 2260 3270 “fatisque
2283 3180 2498 3251 ίιίιιεη,
2537 3198 2820 3259 postquam
2873 3209 2903 3247 a
2954 3150 3126 3253 vobis“
3162 3201 3419 3270 ieramus,
3465 3207 3567 3263 Dei

289 3274 505 3332 semper
529 3276 716 3321 amore
750 3274 1055 3323 conservet.

795 3373 1134 3434 EPISTOLA
1192 3379 1381 3436 XXVI.

905 3485 1038 3525 CENE
1078 3487 1269 3527 LULLO.

642 3557 818 3629 (Circa
862 3576 1059 3614 annum
1102 3561 1313 3616 Domini
1358 3563 1506 3635 760.)

354 3648 584 3704 Domino
628 3650 940 3705 beatissimo
988 3652 1245 3721 omnique
1292 3653 1499 3709 honore
1543 3656 1872 3713 nominando

279 3739 450 3795 Lullze
476 3743 727 3810 episeopo
745 3740 930 3806 Coena,
947 3756 1140 3798 servus
1161 3759 1443 3800 servorum
1467 3747 1873 3819 Dei,perpctuas

277 3847 314 3900 ε
325 3829 478 3883 ralia:
500 3829 748 3884 salutem.
1328 3910 1335 3913 ν

347 3917 601 3989 Acceptis
624 3927 730 3975 tuae
764 3922 1115 3980 beatitudinis
1138 3964 1152 3989 ,
1199 3924 1363 3982 Pater
1394 3928 1866 3998 excellentissime,

278 4007 492 4074 litteris,
519 4009 688 4065 multa
711 4027 831 4068 sum
858 4013 1043 4069 iaztitia
1071 4015 1361 4084 delibutus,
1392 4018 1465 4074 ita
1492 4028 1552 4074 ut
1577 4020 1703 4075 totis
1730 4036 1870 4091 pra:-

278 4098 587 4156 cordiorum
615 4101 889 4163 intestinis
912 4105 1151 4175 gaudens
1177 4106 1610 4179 lacrymaverim,
1649 4112 1866 4168 beatum

278 4192 409 4246 mihi
454 4207 521 4249 ac
562 4192 905 4263 profuturum
944 4197 1222 4254 aestimans
1265 4199 1401 4255 tanti
1440 4199 1618 4257 Patris
1657 4200 1864 4273 perfrui

277 4280 538 4345 amicitia,
567 4280 796 4353 ideoque
830 4285 980 4339 omni
1015 4286 1198 4345 cordis
1236 4287 1493 4345 aviditate
1529 4299 1677 4347 tuam
1724 4292 1867 4348 desi-

275 4372 570 4429 derabilem
621 4374 919 4445 amplector
954 4377 1230 4448 pietatem,
1281 4388 1372 4437 tua
1411 4382 1680 4440 inhianter
1733 4399 1863 4443 con-

273 4460 511 4517 delector
534 4461 821 4532 charitate,
860 4479 925 4520 ea
968 4468 1314 4536 potissimum
1347 4487 1531 4541 causa,
1562 4474 1688 4544 quia
1716 4474 1859 4530 saiu-
1886 4497 1942 4563 ι)

274 4552 412 4608 taria
442 4552 745 4611 dilectionis
792 4567 1064 4629 prmcepta
1113 4561 1434 4630 divinitatis,
1474 4565 1643 4621 indita
1701 4567 1857 4623 nobis

272 4657 664 4709 rememorans,
705 4660 805 4701 nee
835 4662 944 4701 non
990 4657 1046 4704 et
1091 4650 1402 4722 aliquandiu
1447 4654 1713 4711 fautorem
1743 4657 1856 4713 sive

269 4732 639 4788 consiliarium
668 4734 931 4805 adoptans
973 4737 1247 4799 laboribus
1299 4753 1499 4800 nostra:
1550 4747 1852 4816 parvitatis,

269 4835 432 4890 quem
466 4821 781 4879 misericors
828 4827 1072 4883 omnium
1102 4830 1368 4888 bonortun
1415 4834 1644 4907 largitor
1675 4839 1852 4905 nobis,

269 4910 323 4965 in
354 4917 408 4965 te
441 4926 535 4966 sua
573 4913 806 4985 benigna
832 4918 1205 4986 providentia,
1250 4931 1311 4977 ut
1335 4926 1625 4993 credimus,
1652 4944 1855 4999 praeor-

266 5004 489 5058 dinavit.
524 5003 885 5078 Quapropter,
921 5009 1235 5068 dulcissime
1262 5013 1451 5083 frater,
1482 5018 1536 5072 in
1578 5034 1851 5088 quascun-

266 5108 373 5162 que
415 5104 616 5151 sanette
640 5098 792 5166 pacis
830 5099 1061 5158 ditiones
1093 5104 1333 5173 vocabis,
1361 5106 1570 5175 lubens,
1622 5109 1852 5172 festinus

262 5187 610 5258 gaudensque
638 5195 802 5255 totus,
826 5192 986 5263 pleno
1007 5196 1170 5251 corde
1210 5198 1457 5255 advenio.
1490 5200 1715 5275 Insuper
1734 5204 1853 5276 plu-

264 5276 420 5331 rimis
462 5278 897 5337 obsecrationem
944 5282 1201 5354 lacrymis
1253 5287 1533 5359 deprecor,
1568 5302 1629 5347 ut
1673 5297 1850 5353 nostri

264 5368 790 5442 quantulamcunque
813 5374 867 5429 in
898 5375 1006 5430 tuis
1028 5380 1232 5434 sanctis
1266 5383 1606 5440 orationibus
1649 5388 1850 5446 habere

263 5465 579 5520 memoriam
611 5467 870 5538 digneris,
901 5484 1220 5541 semperque
1244 5476 1382 5529 bene
1412 5486 1604 5548 empta:
1631 5480 1850 5550 pietatis

262 5557 530 5626 promissa
569 5559 864 5624 custodias,
892 5561 1021 5630 quia
1060 5569 1433 5634 perseveranti
1478 5570 1710 5641 gloriosa
1763 5590 1850 5630 rc-

267 5649 577 5707 tributionis
623 5651 955 5723 impenditur
994 5670 1194 5711 corona
1218 5698 1232 5721 ,
1286 5674 1603 5733 mercesque
1654 5665 1850 5724 futura;

264 5736 540 5800 felicitatis
584 5744 638 5799 in
686 5743 793 5801 line
841 5748 1102 5819 cujusque
1147 5753 1328 5822 operis
1377 5762 1670 5825 spectatur.
1712 5757 1848 5815 illud

711 5857 971 5922 Ptrnot.
1009 5863 1229 5927 XCVI.

1979 3265 2265 3326 clementia
2288 3278 2575 3343 concessit,
2608 3280 2919 3352 amicosque
2962 3294 3018 3340 et
3047 3292 3377 3361 propinquos
3405 3265 3566 3353 sanos

1977 3366 2035 3416 et
2084 3362 2381 3423 incolumes
2438 3369 2759 3437 invenimus,
2815 3375 3155 3449 benigneque
3209 3385 3567 3455 suscipientes

1977 3455 2158 3508 omnia
2208 3459 2514 3513 necessaria
2567 3468 2679 3516 tam
2727 3463 2783 3517 in
2826 3471 3257 3533 possessionibus
3285 3490 3562 3546 agrorum,

1977 3555 2141 3611 quam
2176 3548 2229 3600 in
2255 3547 2520 3616 jumentis
2563 3557 2619 3605 et
2669 3555 2975 3622 pecoribus,
3024 3560 3252 3632 aliisque
3295 3568 3564 3638 sujtpeile-

1974 3638 2192 3695 ctilibus
2228 3648 2418 3709 sponte
2453 3642 2610 3700 nobis
2656 3646 2973 3705 tribuentes.
3004 3651 3159 3719 Quod
3204 3671 3375 3727 usque
3400 3661 3563 3717 hodie

1974 3731 2177 3801 absque
2206 3733 2316 3787 ulla
2347 3737 2777 3793 contradictione
2825 3742 3110 3812 habentes,
3139 3755 3286 3805 tuam
3315 3760 3560 3809 sanctam

1975 3820 2389 3891 fraternitatem;
2425 3842 2546 3896 qua:
2571 3843 2673 3884 nos
2698 3844 2913 3903 semper
2941 3843 2999 3889 et
3035 3852 3294 3911 acjuvare
3330 3851 3386 3899 et
3426 3861 3563 3903 con-

1972 3913 2137 3969 solari
2179 3928 2549 3985 consueverat,
2598 3937 2852 3993 rogamus
2880 3934 2936 3981 et
2969 3929 3338 4004 obsecramus,
3383 3945 3444 3993 ut
3478 3941 3561 3995 vi-

1971 4005 2099 4062 deas
2144 4016 2199 4063 et
2226 4011 2538 4069 consideres
2565 4016 2695 4085 quid
2734 4018 2891 4074 nobis
2936 4023 3122 4079 utilius
3167 4031 3432 4099 agendum
3462 4034 3555 4089 sit.

1969 4095 2162 4155 Omnia
2191 4101 2337 4157 enim
2380 4103 2481 4160 tibi
2528 4116 2655 4163 nota
2697 4119 2861 4179 sunt;
2908 4114 3088 4171 ethoc
3112 4124 3167 4172 et
3198 4095 3349 4182 illud.
3384 4123 3550 4193 quid-

1969 4188 2099 4259 quid
2124 4190 2224 4247 tibi
2262 4193 2464 4249 bonum
2493 4196 2728 4265 videtur,
2762 4201 2868 4256 hoc
2897 4218 2985 4259 me
3010 4204 3187 4262 fateor
3220 4208 3346 4266 laeto

1968 4276 2162 4335 fecisse
2180 4290 2258 4347 ,et
2286 4290 2439 4339 tuum
2462 4286 2679 4344 salubre
2704 4292 2986 4348 consilium
3010 4295 3065 4350 in
3089 4297 3237 4353 nullo
3258 4303 3550 4369 sprevisse.

1968 4368 2029 4425 Si
2058 4370 2156 4428 tibi
2185 4373 2420 4441 videtur,
2450 4383 2512 4430 ut
2539 4380 2608 4433 ad
2643 4395 2738 4435 vos
2763 4397 3073 4454 pergamus,
3108 4368 3301 4456 utiles,
3322 4400 3382 4445 ut
3430 4408 3556 4450 oro-

1969 4463 2166 4530 dimus,
2212 4466 2316 4522 viri
2350 4475 2425 4533 et,
2455 4476 2517 4524 ut
2545 4470 2716 4539 aiunt,
2760 4475 2888 4531 boni
2918 4477 2972 4532 in
3013 4488 3203 4537 nostro
3240 4483 3555 4543 desiderant

1961 4567 2084 4609 esse
2104 4554 2387 4612 comitatu.
2418 4556 2514 4613 Sin
2540 4569 2723 4617 autem
2746 4563 2892 4621 aliud
2917 4568 3095 4638 magis
3117 4570 3317 4640 placet,
3346 4581 3548 4649 utnon,
3581 4579 3585 4583 ’

1960 4660 2083 4700 cum
2118 4654 2304 4703 nostro
2327 4664 2578 4707 sermone
2601 4660 2657 4709 et
2704 4657 2953 4726 consilio,
2993 4660 3040 4716 si
3079 4664 3234 4720 vobis
3264 4667 3353 4723 sic
3393 4669 3547 4725 vide-

1958 4743 2067 4804 tur,
2097 4737 2321 4796 visitare
2355 4756 2452 4798 vos
2488 4744 2818 4802 desiderant.
2871 4749 2947 4806 De
2995 4767 3103 4823 qua
3140 4771 3225 4822 re,
3283 4759 3413 4828 quid
3438 4760 3549 4816 tibi

1956 4829 2169 4886 videtur
2216 4831 2303 4889 fac
2340 4836 2592 4893 sciamus.
2630 4837 2739 4894 Sed
2780 4840 2911 4910 quid
2954 4844 3127 4915 magis
3170 4861 3374 4915 moror,
3419 4865 3546 4906 cum

1956 4923 2149 4981 litterae
2179 4934 2283 4983 tuae
2300 4944 2476 5000 usque
2509 4930 2575 4986 ad
2610 4947 2710 4987 nos
2736 4935 2977 5003 veniunt,
3008 4951 3160 5006 quas,
3199 4947 3260 4993 ut
3290 4939 3379 4995 isti
3397 4955 3547 5011 ειν-ω-

1955 5018 2095 5072 senti
2132 5021 2385 5089 portitori
2420 5021 2726 5079 litterarum
2754 5041 2998 5082 mearum
3034 5030 3265 5097 tribuas,
3290 5033 3545 5089 obsecra-

1954 5124 2095 5165 mus.
2148 5109 2419 5182 Quidquid
2464 5113 2521 5168 in
2566 5113 2672 5171 illis
2705 5113 2955 5183 iusseris,
2998 5126 3092 5175 aut
3136 5122 3393 5188 suaseris,
3424 5124 3544 5179 Deo

1952 5206 2299 5275 permittente
2328 5217 2384 5263 et
2408 5210 2518 5264 vita
2551 5210 2769 5276 comite,
2818 5211 3048 5269 libenter
3084 5211 3366 5271 faciemus.
3397 5216 3541 5272 Mol-

1953 5304 2065 5353 tum
2096 5298 2211 5368 jam
2236 5300 2361 5356 vitae
2381 5310 2579 5357 nostra:
2603 5301 2914 5361 ﬂuctuando
2940 5315 2995 5362 et
3018 5308 3355 5379 negligendo,
3380 5310 3541 5379 quasi

1952 5399 2105 5447 extra
2143 5406 2244 5448 nos
2280 5391 2402 5457 fusi,
2449 5394 2776 5466 peregimus,
2807 5397 3022 5453 tandem
3060 5399 3352 5469 aliquando
3379 5409 3439 5456 ut
3468 5402 3539 5458 ad

1951 5482 2308 5552 nosmetipsos
2342 5484 2644 5550 redeamus,
2681 5501 2903 5542 necesse
2943 5495 3046 5556 est,
3097 5490 3329 5547 scientes
3358 5493 3536 5562 scrip-

1950 5581 2067 5628 tum
2095 5573 2239 5642 quod
2267 5575 2357 5648 qui
2399 5576 2620 5631 seminat
2654 5577 2709 5631 in
2756 5577 3025 5650 lacrymis,
3047 5582 3104 5635 in
3130 5581 3325 5652 gaudio
3350 5592 3534 5647 metet,

1949 5671 2003 5720 et
2026 5664 2147 5719 ideo
2172 5665 2298 5720 vita:
2326 5676 2526 5722 nostra:
2547 5667 2691 5737 quod
2711 5678 2901 5737 restat,
2930 5687 3050 5728 cum
3080 5685 3264 5730 veSIro
3304 5668 3540 5731 'consiiio

1949 5765 2321 5814 transcurrere
2370 5774 2644 5815 curamus.
2694 5761 2771 5817 De
2803 5771 2999 5819 c'etero
3041 5766 3295 5820 autemsi
3348 5766 3400 5819 in
3436 5779 3525 5816 re-

3013 5879 3090 5938 27
