4028 6176
446 386 552 444 845

1572 383 1627 438 s.
1668 380 1876 439 LULLI
1916 360 2299 438 MOCUNTlNl
2337 383 2646 441 EPlSCOPl

3628 386 3734 446 8M

444 505 606 577 gionc
636 499 810 572 gemis
848 505 1067 564 nostrae,
1110 495 1164 551 id
1195 500 1279 552 est
1328 493 1629 563 Saxonum,
1669 496 1849 566 aliqua
1872 495 2039 566 ianua
2070 496 2119 558 Α
2144 495 2392 551 videlicet
2432 497 2575 553 beati
2604 495 2789 554 Patris
2821 505 2878 555 et
2911 497 3324 570 prmdecessoﬁs
3348 500 3426 557 tui
3474 499 3737 562 Bonifaeis

445 594 643 649 divina:
679 587 1069 645 misericordiae
1106 594 1292 657 aperta
1317 586 1405 651 sit,
1444 587 1763 643 remandare
1803 588 1959 643 nobis
1980 586 2037 643 id

447 685 624 756 ipsum
677 689 867 738 curate
905 695 1071 752 quam
1124 679 1301 745 multi,
1334 694 1458 734 cum
1515 679 1612 734 Dei
1658 677 1943 748 adiutorio,
1980 678 2038 733 in

444 764 635 832 eorum
656 773 932 829 'auxilium
965 772 1227 828 festinare
1259 771 1503 841 cupiunt.
1533 771 1728 826 Omnia
1755 770 1875 835 ista,
1916 783 2037 839 quae

448 869 607 937 longo
653 879 904 921 sermone
946 862 1389 933 perstrinximus,
1441 869 1499 916 tu
1546 868 1725 916 mente
1769 861 2037 931 pervigili,

446 955 579 1028 quid
621 955 814 1011 melius
842 952 1049 1024 agendo
1102 952 1192 1017 sit,
1222 961 1519 1021 pertracta,
1551 959 1604 1006 et
1650 952 1852 1011 litteris
1907 952 2036 1007 iuti-

446 1063 598 1103 mare
626 1056 716 1101 tua
743 1052 930 1102 sancta
956 1044 1175 1099 almitas
1201 1059 1307 1098 non
1336 1044 1537 1113 pigeat.
1562 1043 1714 1099 Vale.

517 1140 630 1211 Ego
653 1137 918 1193 llrothuin
957 1136 1159 1191 dudum
1188 1133 1391 1205 aliquid
1418 1135 1696 1189 vobiscum
1721 1151 1735 1200 ;
1768 1149 1911 1189 nunc
1945 1148 2040 1187 au-

447 1240 555 1287 tem
607 1230 691 1285 his
732 1228 941 1298 positus
993 1226 1255 1292 scribens,
1314 1226 1496 1297 legens
1546 1226 1852 1296 docensque
1896 1226 2043 1295 quod

445 1320 571 1392 legi,
623 1318 851 1374 multum
897 1333 995 1373 vos
1041 1317 1236 1379 saluto,
1285 1319 1578 1373 obsecrans
1633 1326 1693 1372 ut
1738 1332 1804 1372 eo
1858 1316 2042 1371 animo

446 1426 576 1483 erga
606 1423 694 1464 me
738 1410 880 1474 sitis,
913 1424 1021 1479 quo
1055 1416 1109 1463 et
1164 1424 1265 1478 ego
1310 1424 1455 1464 eirea
1509 1424 1605 1463 vos
1654 1424 1772 1464 sum
1806 1409 2036 1478 positus.

449 1499 635 1555 Saluta
660 1514 849 1555 omnes
870 1499 961 1569 qui
998 1506 1185 1553 amant
1228 1498 1513 1552 Dominum
1547 1507 1792 1554 nostrum
1846 1496 2033 1553 Jesum

448 1586 745 1643 Christum.

964 1726 1300 1783 EPISTOIA
1339 1728 1573 1783 XXVIII.
1620 1734 1629 1742 '

995 1859 1303 1900 BftECWINUS
1338 1860 1528 1900 LULLO.

830 1956 1009 2026 (Circa
1052 1973 1247 2009 annum
1283 1956 1494 2011 Domini
1519 1955 1668 2011 76I.l

524 2068 996 2127 Reverendissimo
1047 2075 1101 2121 ct
1150 2069 1201 2121 in
1249 2066 1469 2125 Christo
1520 2068 1843 2124 charissimo
1891 2067 2046 2123 fratri

449 2164 606 2221 Lullo
626 2162 877 2233 episcopo
902 2161 1242 2232 Brcgwiuus,
1272 2176 1461 2216 servus
1483 2175 1764 2216 servorum
1789 2159 1905 2227 Dei,
1930 2175 2048 2231 per-

451 2265 670 2326 petuam
696 2254 751 2308 in
778 2251 981 2308 Christi
1007 2252 1230 2307 nomine
1256 2251 1507 2307 salutem.

521 2347 646 2402 Dies
689 2344 843 2400 multi
871 2344 1037 2414 elapsi
1068 2352 1290 2399 suntex
1316 2358 1425 2413 quo
1471 2344 1735 2400 sollicitus
1783 2350 2050 2414 praeopta-

408 2443 575 2496 sbam
628 2447 709 2503 ut,
748 2437 859 2492 Deo
891 2433 1126 2500 favente,
1156 2433 1373 2490 tandem
1398 2434 1688 2505 aliquando
1727 2450 2049 2505 prosperum

453 2529 558 2584 iter
602 2526 851 2598 legatarii
901 2527 1075 2581 nostri
1118 2525 1467 2594 perveniendi
1534 2525 1603 2580 ad
1657 2524 2048 2580 beatitudinem

454 2627 692 2676 vestram
742 2616 984 2671 invenire
1020 2615 1345 2685 potuissent,
1384 2614 1508 2686 quia
1539 2630 1637 2684 per
1688 2615 1809 2679 hos,
1842 2613 2051 2670 scilicet

452 2708 1116 2781 proxime-decurrentes,
1172 2704 1382 2776 priores
1434 2720 1625 2771 annos,
1680 2704 1930 2773 plurima:
1983 2718 2050 2759 ac

454 2803 683 2861 diversae
720 2800 1121 2871 inquietudines
1168 2799 1310 2868 apud
1353 2811 1453 2853 nos
1497 2798 1553 2852 in
1598 2795 1911 2861 Britanniae,
1964 2795 2050 2850 vel

454 2896 510 2951 in
542 2893 728 2950 Galliae
766 2892 1010 2963 partibus
1036 2890 1394 2945 audiebantur
1427 2890 1683 2954 existere,
1723 2887 1928 2953 ethoc
1970 2887 2051 2941 vi-

458 2986 657 3044 delicet
681 2994 927 3041 nostrum
944 2978 1319 3038 desiderabile
1339 2981 1675 3052 propositum
1719 2979 1916 3049 saepius
1942 2978 2046 3035 im-

452 3078 678 3150 pcdivit,
709 3086 765 3133 ct
793 3074 1150 3147 perterrendo
1187 3073 1343 3130 valde
1382 3075 1681 3145 prohibuit,
1733 3073 1799 3127 de
1849 3072 2049 3130 nostris

456 3172 668 3242 aliquos
704 3170 773 3226 ad
799 3185 895 3225 vos
940 3168 1173 3239 dirigere
1211 3184 1306 3240 per
1336 3176 1441 3222 tam
1473 3169 1708 3222 incertas
1737 3173 2044 3235 tamque...
2077 3196 2122 3259 C

455 3263 664 3318 crebris
722 3261 1163 3318 infestationibus
1212 3260 1583 3329 improborum
1630 3257 1913 3313 hominum
1987 3253 2046 3310 in

456 3353 750 3424 provinciis
805 3352 1122 3423 Anglorum,
1175 3366 1270 3406 seu
1338 3349 1524 3406 Galli-.e
1571 3349 1837 3420 regiones.
1892 3347 2048 3403 Nunc

459 3462 587 3501 vero
634 3460 769 3514 pace
820 3460 886 3500 ac
941 3444 1169 3499 tuitione
1194 3443 1352 3499 nobis
1388 3458 1419 3497 a
1446 3442 1785 3513 principibus
1826 3440 2044 3497 indubi-

460 3550 641 3595 tanter
669 3539 907 3607 undique
929 3537 1215 3608 promissa,
1254 3536 1504 3593 misimus
1525 3536 1594 3590 ad
1619 3543 1857 3591 vestram
1884 3549 2048 3590 vene-

460 3631 683 3686 rabilem
759 3628 1159 3684 fraternitatem
1232 3630 1377 3684 hunc
1436 3635 1758 3698 praesentem
1820 3625 2045 3681 fratrem

463 3720 689 3776 istarum
738 3719 1089 3788 praesentium
1126 3719 1431 3773 litterarum
1474 3716 1735 3785 baiulum,
1768 3715 2047 3772 Hildeber-

461 3811 647 3865 chtum
688 3808 926 3873 nomine,
965 3808 1322 3863 reminiscens
1348 3807 1601 3862 videlicet
1631 3806 1865 3876 qualiter
1905 3807 2049 3863 inter

460 3914 563 3953 nos
614 3898 669 3952 iu
718 3898 938 3953 civitate
982 3899 1226 3952 Romana
1274 3899 1341 3953 de
1385 3897 1639 3952 amicitiae
1689 3897 2048 3953 conventione

464 3988 792 4058 colloquium
818 3989 1125 4053 habuimus,
1155 3987 1299 4057 quod
1328 3988 1493 4043 etiam
1513 4003 1613 4042 nos
1637 4001 1854 4044 servare
1874 3987 2050 4042 omni—

458 4078 639 4135 modis
673 4077 1014 4135 coufitemur.
1043 4076 1382 4147 Quapropter
1416 4085 1470 4132 et
1495 4093 1595 4148 ego
1625 4093 1789 4144 nunc,
1834 4077 1891 4132 in
1939 4086 2044 4134 tute

461 4169 816 4227 beatitudinis
836 4169 1073 4226 amicitia
1087 4170 1341 4236 conﬁsus,
1371 4178 1432 4225 ut
1457 4172 1751 4227 secundum
1787 4171 1929 4240 quod
1955 4186 2051 4227 an-

464 4274 764 4321 tecessores
799 4264 973 4319 nostri
1008 4263 1152 4318 inter
1187 4279 1247 4319 se
1277 4263 1457 4320 facere
1484 4279 1592 4321 non
1623 4272 1923 4329 cessarunt,
1974 4265 2049 4320 ita

462 4357 630 4415 etiam
680 4364 735 4412 et
762 4371 863 4412 nos
901 4354 1082 4412 facere
1106 4355 1355 4412 similiter
1395 4357 1733 4425 adoptamus,
1774 4355 2050 4413 mittentes

462 4450 630 4506 verba
661 4447 982 4505 suavissima
1013 4448 1353 4504 salutationis
1390 4456 1445 4503 et
1478 4448 1645 4519 pacis,
1683 4455 1745 4502 ut
1775 4447 2048 4519 evangeli-

2145 600 2358 656 semper
2389 587 2711 644 inconcussa
2732 588 2954 655 mansit,
2995 597 3051 644 et
3087 597 3372 659 permanet
3405 588 3609 661 iugiter
3650 607 3740 649 re-

2140 680 2315 748 posita
2345 678 2583 744 dilectio,
2609 688 2670 734 ut
2696 680 2840 736 inter
2867 695 2967 736 nos
3010 696 3225 751 quoque
3249 688 3304 737 et
3330 690 3546 738 nostros
3583 682 3733 739 dein-

2142 784 2270 839 ceps
2308 768 2592 826 familiaris
2617 786 2682 826 ac
2726 770 3027 842 spiritualis
3063 772 3325 837 amicitia,
3356 780 3469 826 tam
3505 774 3576 829 ad
3621 776 3731 829 ani-

2143 877 2355 916 marum
2396 871 2712 918 nostrarum
2740 864 2980 919 remedia
3012 865 3067 920 in
3094 866 3433 921 orationibus
3455 874 3511 921 et
3541 868 3734 923 missa-

2142 967 2265 1006 rum
2306 952 2785 1020 celebrationibus,
2826 970 2988 1024 quam
3013 956 3081 1011 ad
3128 955 3292 1026 huius
3333 958 3460 1013 vita:
3512 974 3736 1030 quzeque

2142 1043 2502 1110 competentia
2546 1042 2895 1115 fraternaque
2944 1044 3223 1116 suffragia,
3257 1047 3490 1103 fideliter
3538 1052 3730 1118 persis-

2144 1140 2241 1187 tat.
2276 1133 2342 1188 Et
2373 1134 2441 1189 ad
2477 1135 2593 1189 hmc
2623 1151 2838 1205 quoque
2861 1152 2983 1206 quae
3010 1138 3253 1208 pnemisi
3274 1153 3604 1210 magnopere
3645 1150 3735 1197 tua

2140 1222 2327 1292 perlici
2365 1223 2649 1280 dilectione
2682 1220 2971 1294 desidero,
3004 1237 3065 1282 ut
3105 1244 3294 1284 omnes
3323 1232 3525 1300 quippe
3555 1248 3733 1288 sacer-

2144 1311 2298 1367 dotes
2347 1312 2442 1367 Dei
2472 1322 2525 1369 ct
2574 1313 2808 1370 familias
2855 1317 3128 1372 benedicti
3185 1334 3250 1373 ac
3297 1321 3443 1375 beati
3476 1310 3751 1380 Bonifacii

2145 1404 2398 1473 martyris
2420 1402 2625 1459 Christi
2658 1406 2946 1477 diligenter
2970 1417 3136 1478 atque
3166 1410 3475 1467 amabiliter
3501 1428 3568 1467 ex
3613 1428 3737 1470 meo

2144 1498 2345 1554 salutes
2379 1500 2612 1565 nomine,
2652 1501 2995 1572 horterisque
3029 1518 3128 1573 pro
3152 1505 3331 1570 nobis,
3374 1509 3519 1575 quod
3542 1514 3597 1562 et
3630 1524 3735 1578 pro

2147 1592 2276 1661 ipsis
2304 1591 2479 1647 facere
2509 1608 2618 1647 non
2660 1593 2989 1659 desistimus,
3037 1596 3425 1665 omnipotentis
3471 1598 3565 1653 Dei
3620 1600 3736 1654 cle-

2050 1759 2063 1768 _
2146 1683 2404 1737 mentiam
2452 1684 2667 1740 obnixis
2705 1700 2931 1741 exorare
2975 1688 3244 1756 precibus.
3309 1690 3389 1745 De
3438 1691 3734 1748 redditione

2149 1788 2280 1830 vero
2313 1775 2550 1844 praefatae
2586 1774 2685 1841 rei,
2717 1776 2831 1831 sive
2854 1791 2951 1846 per
2979 1778 3143 1832 verba
3172 1776 3361 1834 fratris
3396 1782 3576 1847 nostri,
3613 1784 3736 1839 sive

2076 1847 2123 1907 Β
2149 1866 2312 1920 etiam
2342 1881 2441 1937 per
2476 1867 2687 1924 litteras
2718 1875 2824 1925 tuae
2852 1868 3107 1925 fraterna:
3148 1871 3369 1941 pietatis
3402 1889 3498 1930 nos
3538 1876 3738 1931 certio-

2150 1971 2273 2011 rare
2295 1956 2507 2026 iubeto.

2218 2047 2614 2120 Omnipotentis
2685 2052 2782 2110 Dei
2832 2054 3011 2123 pietas
3057 2069 3156 2110 sua
3230 2071 3332 2112 nos
3401 2059 3740 2128 protectione

2148 2141 2374 2204 muniat,
2428 2149 2482 2196 et
2541 2142 2609 2211 ad
2662 2143 2951 2199 utilitatem
3014 2145 3377 2215 plurimorum
3435 2151 3740 2207 sanctitatis

2147 2241 2344 2288 vestrm
2392 2233 2818 2291 sincerissimam
2868 2233 3191 2293 charitatem
3233 2237 3440 2311 iugiter
3468 2242 3523 2296 in
3553 2258 3741 2314 perpe-

2151 2330 2301 2375 tuum
2336 2337 2659 2378 conservare
2682 2332 2737 2378 et
2757 2325 3030 2380 custodire
3055 2326 3324 2397 dignetur.

2219 2413 2372 2468 Diem
2412 2429 2540 2469 vero
2576 2414 2927 2485 depositionis
2975 2416 3240 2488 religiosae
3276 2418 3479 2476 Christi
3527 2420 3741 2478 famula:

2148 2505 2363 2575 Buggan
2382 2505 2737 2573 celebramus,
2782 2522 2903 2576 qua:
2940 2507 3041 2562 fuit
3075 2508 3409 2566 honorabilis
3443 2513 3740 2577 abbatissa,

2150 2596 2301 2667 cuius
2327 2596 2488 2653 etiam
2521 2598 2634 2653 dies
2658 2599 3008 2669 depositionis
3041 2600 3143 2656 fuit
3176 2618 3229 2656 vi
3257 2601 3376 2656 Kal.
3409 2601 3531 2657 Jan.
3562 2603 3743 2672 [loga-

2149 2691 2226 2744 vit
2271 2705 2358 2745 me
2397 2690 2611 2755 obnixe,
2646 2689 2773 2745 dum
2804 2692 2981 2748 adhuc
3009 2694 3235 2761 viveret,
3286 2702 3347 2748 ut
3396 2696 3499 2750 hoc
3543 2705 3742 2751 vestrm

2149 2780 2469 2838 beatitudini
2495 2783 2938 2839 transmitterem.
2973 2785 3040 2841 Et
3073 2786 3213 2842 sicut
3242 2789 3481 2857 speravit
3524 2797 3579 2844 et
3613 2804 3740 2844 cre-

2150 2872 2305 2940 didit,
2338 2873 2411 2928 ita
2438 2873 2619 2929 facere
2652 2884 2859 2941 curate,
2898 2878 3155 2946 quoniam
3197 2879 3344 2935 illius
3386 2888 3544 2949 pater
3573 2890 3742 2952 atque

2151 2972 2410 3034 patronus
2437 2963 2539 3019 fuit
2577 2965 2631 3019 in
2668 2965 2885 3022 Christo
2907 2967 3213 3025 Bonifacius
3234 2971 3536 3041 episcopus.

2668 3099 3003 3159 EPISTOLA
3051 3103 3242 3159 XXIX.

2741 3232 2943 3272 LULLUS
2998 3232 3172 3274 CENE.

2515 3328 2692 3401 (Circa
2735 3346 2931 3385 annum
2976 3330 3191 3386 Domini
3225 3332 3373 3404 762.)

2226 3440 2405 3496 Fratri
2426 3448 2479 3496 et
2493 3443 2867 3497 consacerdoti
2888 3450 2942 3496 et
2956 3444 3163 3500 meritis
3181 3445 3398 3501 domino
3417 3446 3743 3504 charissimo

2158 3531 2324 3588 Coena
2352 3532 2548 3587 summi
2571 3532 2922 3602 pontificatus
2948 3532 3116 3588 infula
3135 3536 3361 3603 praedito
3391 3536 3595 3603 Lullus,
3625 3539 3742 3595 exi-

2158 3642 2293 3699 guus
2317 3641 2506 3682 servus
2534 3641 2814 3681 servorum
2842 3626 2959 3693 Dei,
2988 3640 3282 3704 perennem
3314 3629 3370 3683 in
3406 3629 3623 3686 Christo
3649 3646 3744 3686 sa-

2157 3718 2345 3774 lutem.

2229 3807 2545 3863 Sanctitatis
2568 3814 2672 3864 tute
2702 3808 3067 3864 reverentiam
3094 3810 3378 3867 humiliter
3410 3814 3654 3877 obsecro,
3673 3822 3746 3868 ut

2159 3898 2412 3954 amicitiae
2440 3898 2582 3953 inter
2629 3913 2728 3955 nos
2754 3899 2884 3954 olim
2921 3899 2976 3954 in
3000 3896 3217 3957 Christo
3248 3903 3527 3973 copulatae,
3556 3913 3611 3959 et
3654 3921 3746 3960 se-

2158 3988 2263 4043 mel
2292 3996 2503 4059 cmptm,
2523 4003 2716 4058 perpes
2739 3989 3013 4044 reminisci
3035 3989 3295 4062 digneris,
3324 4008 3393 4048 ne
3414 4002 3739 4061 veterescat,

2158 4088 2214 4136 et
2236 4079 2493 4135 oblivioni
2527 4081 2790 4146 tradatur,
2823 4095 2983 4150 quam
3022 4096 3203 4137 coram
3230 4082 3341 4140 Deo
3376 4084 3518 4141 ﬁdeli
3575 4102 3745 4157 spon-

2159 4173 2311 4229 sione
2332 4172 2651 4244 pepigimus.
2677 4171 2784 4228 Pro
2805 4174 3022 4229 nomine
3043 4174 3188 4229 enim
3217 4174 3419 4231 Christi
3459 4177 3513 4231 in
3547 4187 3741 4233 contu-

2160 4264 2339 4320 meliis
2362 4271 2418 4319 et
2447 4263 2885 4319 tribulationibus
2919 4264 3145 4335 gloriari
3173 4273 3228 4320 et
3262 4266 3592 4325 exaltatione
3634 4269 3743 4327 Ec—

2161 4354 2338 4410 clesiae
2368 4352 2487 4423 eius
2507 4370 2608 4410 nos
2637 4363 2870 4424 oportet,
2904 4371 3022 4425 quae
3046 4357 3290 4426 quotidie
3328 4359 3591 4427 tunditur,
3618 4376 3748 4431 prc—

2160 4447 2329 4502 mitur
2353 4454 2514 4516 atque
2545 4445 2820 4517 fatigatur,
2846 4448 2973 4516 quia
2998 4449 3242 4503 moderni
3276 4450 3553 4530 principis
3572 4467 3750 4507 novos

463 4557 562 4598 cus
596 4556 777 4597 sermo
807 4540 1093 4610 impleatur
1123 4540 1178 4594 in
1204 4540 1382 4606 nobis,
1409 4539 1554 4610 quod
1580 4537 1696 4608 eius
1742 4554 1864 4595 esse
1889 4538 2055 4595 disci-
2081 4535 2134 4598 D
2159 4553 2337 4593 mores
2362 4551 2638 4607 novasque
2663 4538 2812 4607 leges
2848 4538 3141 4593 secundum
3177 4554 3272 4593 sua
3309 4539 3576 4594 desideria
3612 4555 3751 4595 con—

462 4632 577 4703 puli
597 4646 924 4695 mereamur,
950 4633 995 4703 si
1018 4630 1349 4686 dilectionem
1368 4631 1707 4686 habuerimus
1721 4631 1789 4684 ad
1812 4631 2050 4685 invicem.

463 4702 674 4779 Idcirco
707 4719 804 4776 tibi
835 4702 1078 4776 iudicare
1115 4720 1426 4775 curavimus
1461 4734 1562 4774 nos
1602 4719 1819 4776 misisse
1860 4726 2055 4774 vestra:

465 4808 787 4877 beatitudini
834 4824 998 4880 parva
1050 4810 1297 4878 quaadam
1340 4808 1680 4874 munuscula,
1738 4824 1846 4863 non
1886 4823 2054 4878 parva

465 4902 737 4975 siquidem
764 4901 1051 4967 charitate,
1093 4900 1147 4955 id
1168 4907 1250 4955 est
1276 4916 1491 4971 capsam
1521 4916 1684 4955 unam
1712 4900 1782 4956 ad
1819 4899 2055 4956 ollicium

466 4994 685 5063 quidem
727 4991 1063 5049 sacerdotale
1101 5006 1168 5046 ex
1215 4992 1431 5047 ossibus
1453 4990 1797 5057 fabricatam,
1856 4991 2058 5047 saluta-

467 5086 629 5141 tionis
668 5083 1039 5139 tantummodo
1087 5098 1152 5138 ac
1189 5082 1581 5139 benedictionis
1620 5098 1803 5150 causa,
1843 5098 1941 5152 per
1974 5082 2055 5138 Is-

468 5175 700 5231 hardum
738 5174 1053 5246 religiosum
1097 5174 1497 5245 presbyterum,
1527 5182 1673 5229 utea
1721 5190 1841 5244 quae
1870 5181 2056 5228 nostra

467 5274 595 5321 sunt
630 5264 862 5335 benigne
890 5264 1222 5334 suscipiatis,
1259 5265 1618 5335 similiterque
1663 5276 1719 5321 et
1755 5281 1856 5321 nos
1892 5281 1922 5320 a
1957 5280 2054 5320 vo-

468 5355 553 5412 bis
602 5356 745 5411 bona
806 5356 1049 5426 recipere
1093 5363 1363 5426 optamus.
1434 5356 1663 5427 Insuper
1707 5357 1891 5421 etiam,
1942 5371 2058 5411 om-

469 5444 619 5501 nium
679 5444 909 5499 fratrum
956 5445 1299 5513 charissime,
1368 5461 1467 5517 pro
1527 5456 1680 5502 certo
1736 5447 1842 5503 hoc
1895 5461 2057 5502 nosse

471 5543 617 5589 tuam
663 5534 946 5589 amabilem
990 5534 1352 5600 devotionem,
1410 5537 1520 5592 Deo
1571 5545 1727 5601 teste,
1787 5537 2054 5602 desidero,

444 5624 616 5694 .quod
646 5631 753 5676 tute
790 5623 1094 5677 sanctitatis
1118 5624 1456 5680 dilectionem
1497 5627 1552 5681 in
1583 5627 1832 5683 eumdem
1879 5627 2060 5683 chari-

473 5717 607 5774 tatis
652 5715 831 5770 locum
872 5725 927 5771 et
964 5716 1218 5773 fraternae
1260 5720 1534 5776 societatis
1583 5716 1941 5778 consolatium
1994 5722 2059 5777 li-

474 5809 668 5866 benter
711 5805 968 5874 suscipio,
1018 5814 1179 5877 atque
1224 5809 1466 5865 tenacius
1517 5812 1787 5879 contineo,
1856 5814 1908 5867 in
1946 5829 2057 5883 quo

2156 4628 2307 4682 dunt.
2339 4626 2546 4682 Idcirco
2583 4628 2959 4684 excellentiam
2986 4636 3131 4684 tuam
3152 4628 3336 4699 iugem
3364 4631 3747 4700 precatricem,

2154 4733 2253 4788 pro
2276 4718 2472 4773 anima:
2502 4726 2703 4775 nostrae
2731 4720 2922 4787 salute,
2959 4721 3188 4777 subnixa
3216 4737 3377 4793 prece
3410 4721 3745 4794 ﬂagitamus.

2153 4807 2405 4864 Assiduis
2446 4810 2591 4865 enim
2628 4811 2871 4880 corporis
2907 4812 3317 4882 (egritudinibus
3369 4827 3495 4867 cum
3543 4813 3751 4868 mentis

2154 4903 2428 4958 anxietate
2455 4917 2619 4973 cogor
2631 4918 2698 4958 ex
2726 4903 2829 4957 hac
2854 4916 3160 4958 aerumnosa
3184 4909 3240 4958 et
3260 4901 3517 4973 periculis
3540 4900 3753 4972 plenis-

2156 4996 2292 5051 sima
2314 4996 2425 5050 vita
2449 4995 2620 5061 exire,
2645 4994 2956 5050 redditurus
2980 4994 3069 5064 pio
3098 5003 3154 5049 et
3188 4992 3441 5048 districto
3456 4991 3629 5061 iudici
3654 5006 3754 5045 ra-

2157 5087 2378 5141 tionem.
2408 5085 2582 5141 Parva
2610 5102 2740 5142 vero
2771 5084 3089 5140 munuscula
3118 5083 3397 5139 dilectioni
3428 5092 3534 5138 tute
3562 5083 3744 5138 direxi

2156 5174 2259 5230 hoc
2288 5182 2392 5241 est,
2430 5174 2626 5244 pallam
2652 5173 3011 5230 holosericam
3035 5173 3224 5242 optimi
3254 5172 3470 5242 generis
3486 5213 3501 5237 ,
3523 5186 3622 5242 per
3643 5186 3756 5241 ge-

2158 5265 2332 5321 rulum
2359 5267 2552 5322 harum
2574 5266 2899 5322 litterarum.
2933 5262 3173 5321 Obsecro
3218 5274 3278 5320 ut
3328 5262 3757 5334 quemlibetho—

2156 5374 2278 5413 rum
2321 5357 2583 5436 librorum
2619 5357 2872 5426 acquiras
2914 5363 2969 5411 et
3024 5355 3184 5411 nobis
3233 5355 3453 5412 mittere
3482 5354 3753 5426 digneris,

2157 5466 2293 5522 quos
2321 5451 2504 5505 beam
2527 5446 2804 5502 memoriae
2829 5446 2972 5502 Beda
3010 5446 3295 5517 presbyter
3343 5443 3594 5515 exposuit
3615 5483 3630 5507 ,
3676 5442 3758 5497 ad

2158 5540 2581 5597 consolationem
2621 5536 3079 5609 peregrinationis
3127 5543 3368 5600 nostrae;
3421 5535 3474 5589 id
3526 5540 3637 5594 est,
3694 5531 3759 5585 in

2157 5632 2383 5702 primam
2437 5638 2637 5701 partem
2694 5625 2959 5683 Samuelis
2988 5641 3152 5697 usque
3193 5624 3264 5679 ad
3289 5634 3506 5678 mortem
3537 5620 3757 5688 Saulis,

2159 5721 2319 5777 libros
2364 5731 2594 5793 quatuor
2651 5736 2670 5775 :
2719 5720 2834 5775 sive
2867 5719 2922 5772 in
2972 5716 3201 5771 Esaram
3254 5725 3303 5770 et
3335 5714 3642 5770 Nehemiam
3686 5712 3759 5768 li-

2161 5814 2278 5868 bros
2318 5823 2454 5878 tres,
2504 5812 2587 5865 vel
2635 5813 2687 5865 in
2729 5806 3072 5878 Evangelium
3097 5805 3271 5860 Marci
3306 5805 3467 5859 libros
3490 5811 3761 5874 quatuor.
