4028 6176
316 324 421 383 835

1768 322 2150 382 EPISTOLE.

3477 328 3577 387 846

313 430 512 489 Gravia
536 432 677 492 forte
705 434 934 505 postulo,
973 433 1069 493 sed
1100 435 1239 491 nihil
1272 449 1437 507 grave
1460 447 1600 490 vera:
1628 416 1881 490 charitati
1914 436 1960 494 Δ
1989 433 2187 489 comite
2214 438 2268 488 et
2305 433 2415 487 Deo
2455 435 2784 489 concedente
2806 473 2821 499 ,
2862 433 3004 503 quod
3048 432 3210 503 iubes
3251 434 3429 492 facere
3469 439 3579 496 dis-

311 520 555 595 injungo.

835 615 1171 672 EPISTOLA
1189 613 1360 671 XXX.

745 762 1162 838 ;WIGBERTUS
1207 760 1445 801 LULLO.

697 843 872 924 (Circa
895 875 1091 912 annum
1128 857 1341 911 Domini
1366 853 1522 927 762.)

383 986 613 1043 Domino
632 994 822 1043 sancto
848 1002 915 1042 ac
923 987 1258 1052 beatissimo,
1274 985 1513 1055 mihique
1525 982 1669 1039 omni
1697 980 1893 1038 affectu

310 1092 528 1147 semper
544 1077 864 1131 charissimo
876 1076 1042 1132 Lullat
1058 1077 1231 1146 gratia
1247 1075 1343 1130 Dei
1355 1076 1626 1144 episcopo,
1641 1072 1893 1144 Wigber-

308 1181 398 1226 tus
418 1170 644 1241 exiguus
666 1168 884 1249 familiae
906 1168 1106 1225 Christi
1132 1162 1367 1223 famulus
1388 1165 1893 1222 immarcescibilem

307 1264 651 1334 sempiterna:
667 1262 943 1334 sospitatis
968 1262 1217 1318 salutem.

380 1374 571 1446 Magno
593 1376 795 1431 etenim
816 1373 1054 1444 repletus
1075 1388 1194 1429 sum
1225 1372 1440 1444 gaudio,
1470 1369 1734 1438 valdeque
1755 1368 1894 1424 hila-

306 1468 473 1524 rescit
502 1469 716 1523 animus
749 1482 921 1535 meus,
971 1468 1259 1538 cognita-a
1301 1463 1576 1520 nonnullis
1606 1471 1698 1518 tua
1729 1463 1890 1518 beata

306 1560 585 1629 sospitate.
613 1558 912 1629 Quamque,
936 1558 1034 1613 Dei
1059 1557 1234 1628 gratia
1274 1554 1620 1619 concedente,
1660 1560 1722 1608 ut
1744 1568 1891 1608 sem-

302 1664 404 1723 per
437 1654 657 1717 habeas,
686 1660 964 1721 optamus,
998 1664 1402 1718 memoremque
1443 1647 1615 1702 nostri
1659 1660 1783 1701 esse
1833 1646 1888 1698 in

304 1745 415 1801 tuis
448 1745 652 1801 sanctis
683 1744 1039 1807 orationibus,
1070 1742 1166 1797 Dei
1203 1740 1377 1811 gratia
1420 1737 1750 1794 concedente
1776 1777 1790 1801 ,
1828 1744 1885 1788 et

302 1837 501 1892 vestris
523 1836 753 1900 meritis,
788 1842 851 1889 ut
870 1833 1161 1899 credimus,
1192 1829 1631 1901 suffragantibus,
1670 1826 1787 1882 sani
1829 1834 1901 1891 et,

303 1926 603 1982 incolumes
646 1939 798 1979 mare
844 1923 1226 1987 transivimus,
1264 1930 1615 1990 nostramque
1652 1918 1885 1988 patriam

298 2017 647 2088 pervenimus
670 2058 685 2083 ,
731 2022 1020 2085 vestraque
1066 2015 1205 2069 dona
1241 2012 1538 2084 episcopis,
1599 2009 1886 2066 abbatibus

299 2109 600 2179 amicisque
635 2108 830 2163 vestris
855 2148 869 2173 ,
913 2107 1055 2162 sicut
1101 2105 1399 2160 mandastis
1422 2145 1436 2169 ,
1476 2103 1791 2167 obtulimus,
1830 2110 1887 2157 et

297 2202 450 2273 juxta
485 2200 760 2257 modulum
794 2199 967 2254 nostri
991 2197 1192 2269 ingenii
1226 2210 1506 2252 sermones
1532 2201 1746 2249 vestros
1791 2207 1885 2246 vo—

298 2293 672 2361 luntatemque
697 2298 932 2345 vestram
957 2287 1210 2343 intimare
1233 2285 1561 2341 curavimus.
1594 2283 1675 2338 illi
1702 2291 1882 2337 autem

300 2380 550 2437 fecerunt
571 2381 711 2436 sicut
736 2387 893 2435 erant
932 2379 1129 2446 edocti,
1161 2378 1459 2443 humiliter,
1498 2383 1886 2448 gratanterque

297 2471 483 2527 omnia
508 2471 886 2541 suscipientes,
922 2485 1147 2542 magnas
1172 2469 1377 2540 gratias
1402 2467 1618 2523 Christo
1657 2465 1886 2521 Domino

299 2560 619 2626 referentes,
641 2561 783 2630 quod
799 2568 980 2614 vestra
1008 2559 1309 2615 sublimitas
1334 2572 1524 2613 eorum
1559 2555 1884 2626 parvitatem

299 2667 399 2721 per
428 2651 567 2705 dona
614 2650 883 2719 simulque
918 2660 973 2705 et
1020 2649 1234 2705 litteras
1256 2649 1486 2704 visitare
1521 2648 1742 2717 dignata
1777 2654 1880 2710 est,

302 2748 643 2811 vestramque
672 2740 1104 2796 communionem
1124 2748 1179 2794 et
1204 2738 1423 2794 familia:
1452 2745 1649 2793 vestra:
1675 2738 1881 2791 instan-

301 2834 434 2887 tiam
456 2834 760 2887 orationum
788 2846 1003 2900 semper
1025 2846 1082 2887 se
1110 2832 1393 2887 habituros
1419 2844 1538 2885 esse
1562 2828 1887 2899 promitten-

302 2929 417 2988 tes;
459 2936 763 2991 nomenque
792 2930 963 2986 tuum,
993 2930 1053 2976 ut
1079 2922 1526 2977 charissimorum
1555 2934 1796 2983 suorum,
1826 2919 1879 2972 in

301 3016 542 3072 ecclesiis
585 3016 699 3071 suis
740 3016 1040 3071 scribentes
1061 3055 1075 3080 ,
1111 3015 1535 3084 memoriamque
1563 3013 1639 3066 tui
1667 3020 1775 3065 tam
1802 3011 1882 3065 vi-

302 3106 476 3162 ventis
492 3121 650 3174 quam
675 3105 912 3159 defuncti
926 3103 1129 3175 iugiter
1144 3119 1203 3159 se
1216 3103 1453 3159 facturos
1471 3117 1592 3160 esse
1606 3102 1875 3167 dicentes,
1905 3130 1955 3194 ρ

302 3192 664 3265 epistolasque
706 3210 832 3249 suas
880 3195 1141 3249 missuros
1182 3194 1431 3263 scriptas,
1482 3199 1544 3247 ut
1573 3192 1653 3248 eis
1681 3191 1878 3262 placet,

303 3286 787 3358 promittentesque
812 3287 993 3342 omnia
1025 3303 1145 3357 qua:
1169 3287 1343 3358 longis
1384 3287 1727 3343 sermonibus
1757 3302 1884 3359 pro-

306 3377 589 3440 trahimus,
628 3378 730 3432 iste
749 3377 982 3447 portitor
1001 3379 1197 3434 harum
1220 3379 1524 3434 litterarum
1556 3379 1762 3449 ,mclius
1785 3378 1883 3447 tibi

305 3467 485 3522 verbis
537 3467 792 3522 intimare
832 3475 1050 3536 potest,
1099 3482 1261 3537 quem
1307 3468 1459 3523 vobis
1502 3469 1880 3537 presbyterum

306 3558 673 3614 transmittere
728 3561 1067 3627 curavimus;
1114 3561 1395 3615 credentes
1443 3567 1499 3615 et
1548 3559 1884 3625 conﬁdentes

306 3651 446 3720 quod
469 3650 602 3705 utile
628 3666 723 3705 vas
749 3651 820 3704 sit
848 3652 902 3704 in
927 3651 1087 3705 domo
1121 3651 1357 3715 Domini,
1385 3665 1548 3720 quem
1570 3658 1631 3704 ut
1649 3650 1884 3720 benigne

306 3746 355 3795 et
378 3738 697 3802 honorifice,
735 3738 780 3791 si
801 3738 996 3808 dignus
1025 3739 1113 3802 sit,
1142 3745 1323 3792 vestra
1348 3738 1611 3792 sanctitas
1636 3738 1884 3808 accipere

307 3835 358 3884 at
375 3827 595 3889 habere,
620 3827 761 3895 quod
792 3834 980 3881 noster
1004 3836 1058 3882 et
1083 3826 1290 3881 amicus
1323 3836 1379 3882 et
1408 3828 1740 3898 propinquus
1767 3836 1879 3892 est,

304 3916 519 3986 dignata
546 3916 635 3981 sit,
672 3916 1040 3972 obsecramus.
1066 3915 1177 3972 Nos
1201 3916 1383 3984 igitur,
1409 3915 1551 3987 quod
1574 3916 1880 3987 celarenon

304 4023 617 4080 possumus,
648 4006 807 4061 amici
852 4015 907 4061 et
931 4008 1214 4078 propinqui
1242 4007 1415 4062 nostri
1444 4007 1553 4063 isto
1586 4023 1729 4063 anno
1762 4022 1795 4063 a
1823 4023 1881 4063 se

305 4098 606 4168 relinquere
622 4097 829 4163 nolunt,
852 4105 908 4152 et
928 4097 1048 4153 ideo
1070 4098 1288 4154 nuntios
1310 4113 1460 4154 meos
1477 4099 1546 4153 ad
1569 4114 1663 4153 vos
1682 4097 1879 4163 direxi,

303 4190 600 4250 obsecrans.
619 4203 715 4243 vos
739 4187 930 4242 humili
951 4187 1340 4258 supplicatione
1368 4203 1465 4259 per
1485 4188 1701 4244 Domini
1721 4189 1884 4247 mise-

307 4280 613 4347 ricordiam,
652 4288 710 4334 ut
732 4287 788 4334 et
810 4286 933 4334 vota
963 4288 1020 4335 et
1053 4295 1349 4346 sermones,
1389 4281 1584 4350 quibus
1617 4297 1706 4337 me
1728 4282 1881 4339 vobis

305 4368 621 4434 constrinxi,
647 4376 827 4423 vestra
848 4368 1135 4424 clementia
1161 4369 1380 4439 dignata
1406 4371 1478 4425 sit
1508 4371 1787 4427 absolvere
1826 4381 1881 4427 et

306 4477 398 4533 per
427 4461 711 4531 epistolam
736 4470 905 4528 tuam,
946 4476 1043 4531 per
1069 4462 1288 4517 nuntios
1334 4478 1487 4519 meos
1524 4472 1877 4530 revertentes,
1904 4480 1959 4540 1)

305 4553 432 4622 quid
457 4567 618 4622 agere
653 4550 878 4606 debeam
933 4552 1192 4607 insinues.
1225 4552 1421 4609 Fateor
1446 4554 1591 4608 enim
1637 4555 1733 4610 tibi
1782 4568 1881 4623 per

306 4648 493 4710 Deum,
521 4643 663 4713 quod
683 4651 871 4698 contra
900 4642 1232 4700 voluntatem
1264 4651 1410 4699 tuam
1448 4644 1594 4699 nulla
1644 4644 1882 4715 dignitas

306 4734 469 4799 szecli,
496 4733 642 4787 nulla
674 4732 951 4787 smcularis
975 4733 1231 4797 amicitia,
1261 4748 1349 4787 me
1375 4734 1465 4787 hic
1486 4733 1593 4788 ullo
1615 4736 1775 4790 modo
1797 4751 1883 4791 re-

304 4825 478 4879 tinere
502 4830 697 4893 potest,
730 4823 964 4878 maxime
987 4822 1130 4892 quod
1152 4831 1205 4877 te
1236 4838 1398 4893 super
1422 4838 1612 4880 omnes
1636 4825 1882 4882 homines

302 4916 488 4987 diligo,
515 4917 658 4971 Deus
685 4915 836 4970 testis
856 4923 959 4970 est.
1000 4914 1059 4970 Si
1083 4922 1263 4970 autem
1298 4915 1393 4969 tibi
1418 4916 1617 4970 bonum
1645 4917 1877 4983 videtur,

300 5016 359 5064 et
386 5017 476 5061 tua
502 5007 752 5062 voluntas
773 5007 863 5072 sit,
891 5015 951 5061 ut
976 5006 1045 5061 ad
1066 5021 1160 5061 vos
1183 5004 1344 5061 citius
1367 5007 1603 5073 redeam,
1628 5004 1883 5065 Ecclesia:

301 5106 360 5153 ct
385 5097 708 5162 ministerio,
737 5098 824 5152 cui
847 5106 972 5152 ante
993 5097 1279 5162 deservivi,
1299 5098 1661 5163 medimittas,
1686 5100 1753 5155 de
1774 5116 1883 5156 uno

302 5205 436 5262 rogo
456 5198 512 5246 et
531 5191 779 5245 obsecro.
801 5188 977 5246 Amici
1004 5191 1130 5254 mei,
1153 5198 1208 5244 et
1226 5191 1535 5261 propinqui,
1572 5200 1627 5246 et
1655 5200 1879 5260 terram,

302 5287 361 5336 et
390 5279 764 5336 haereditatem
814 5295 965 5335 suam
1003 5281 1134 5335 mihi
1171 5281 1514 5351 promittunt,
1543 5289 1598 5336 et
1624 5283 1754 5337 dare
1780 5283 1885 5340 dis-

303 5380 529 5444 ponunt,
558 5375 605 5428 si
635 5374 726 5429 hic
748 5389 871 5429 cum
894 5374 974 5429 eis
994 5389 1314 5445 permanere
1351 5375 1576 5444 dispono
1600 5393 1614 5441 ;
1657 5377 1742 5431 sin
1783 5393 1883 5432 au-

305 5473 444 5529 tem,
484 5462 1009 5532 alienis'permittere
1038 5463 1252 5519 debent.
1295 5463 1518 5530 Etideo,
1547 5464 1623 5519 mi
1646 5465 1881 5531 domine,

303 5571 404 5627 per
428 5554 770 5627 prudentiam
794 5562 943 5608 tuam
965 5561 1019 5608 et
1039 5567 1134 5608 cor
1156 5554 1510 5624 intelligibile,
1533 5562 1808 5625 pertracta
1831 5563 1885 5611 et

305 5644 587 5701 considera
639 5644 770 5714 quid
799 5643 897 5699 tibi
933 5644 1133 5700 bonum
1174 5645 1386 5700 videtur
1440 5653 1495 5700 et
1545 5653 1752 5701 rectum
1774 5687 1789 5711 ,
1831 5653 1885 5702 et

308 5737 473 5804 illud,
531 5744 591 5790 ut
649 5735 795 5802 dixi,
866 5749 965 5804 per
1001 5734 1210 5791 litteras
1264 5736 1474 5791 intima.
1518 5737 1641 5792 Vita
1681 5737 1882 5792 etenim

1915 1782 1962 1843 B

2033 537 2157 579 οηο.

2033 538 2157 579 ono.

1995 538 2030 592 Ρ
2065 612 2321 669 Orantem
2376 629 2478 683 pro
2538 614 2696 670 nobis
2753 614 3143 670 beatitudinem
3201 623 3438 673 vestram
3499 618 3577 675 di-

1995 703 2117 757 vina
2145 703 2517 760 misericordia
2554 705 2605 760 in
2630 712 2955 775 perpetuum
2991 707 3265 763 custodire
3305 708 3576 780 dignetur.

1994 791 2186 847 Amen.

2066 880 2178 953 Ego
2216 882 2484 940 llrothuin
2545 886 2818 955 quondam
2878 885 3307 956 cognatus'tuus
3335 930 3351 955 ,
3403 889 3578 947 saluto

1992 980 2086 1039 te,
2125 974 2355 1030 multum
2419 991 2615 1048 rogans
2662 981 2722 1029 ut
2769 976 3028 1046 quidquid
3078 978 3579 1047 reprehensibiliter

1995 1064 2255 1133 scriptum
2321 1066 2592 1135 reperies,
2652 1064 2881 1119 indoctm
2951 1065 3238 1134 imperitiae
3304 1067 3573 1138 ignoscas.

1994 1155 2245 1221 Utinam,
2298 1155 2342 1211 si
2378 1157 2494 1210 fieri
2526 1164 2733 1227 potest,
2775 1162 2829 1209 et
2864 1157 2909 1211 si
2945 1154 3041 1210 Dei
3077 1155 3327 1212 voluntas
3364 1159 3476 1225 sit,
3519 1168 3576 1214 ut

1992 1246 2130 1302 facie
2166 1248 2235 1303 ad
2280 1244 2472 1303 faciem
2528 1248 2804 1303 videamus
2849 1249 2982 1303 nos!
3032 1248 3163 1305 Vale
3209 1258 3264 1304 et
3306 1258 3577 1306 memento

1992 1338 2186 1393 nostri.

2063 1429 2330 1485 Macarius
2351 1431 2554 1500 polaris
2585 1431 2721 1485 aulae
2738 1438 3091 1501 pantocrator
3115 1430 3350 1488 clemens
3364 1431 3456 1487 diu
3479 1446 3576 1488 vos

1992 1523 2289 1580 incolumes
2313 1524 2591 1580 custodire
2629 1525 2900 1593 dignetur.

2486 1630 2820 1687 EPISTOLA
2871 1630 3064 1688 XXXI.

2482 1738 2684 1777 LULLUS
2720 1738 3067 1777 CUTIIBEBTO.

2357 1813 2536 1885 (Circa
2565 1830 2759 1868 annum
2787 1808 3002 1867 Domini
3048 1814 3195 1886 772.)

2061 1904 2261 1959 Sancto
2285 1918 2350 1958 ac
2368 1904 2665 1959 venerabili
2696 1905 2750 1958 in
2784 1886 3002 1959 Christo
3055 1904 3217 1958 fratri
3270 1904 3573 1960 Cuthberto

1987 1995 2167 2050 abbati
2193 1994 2379 2049 Lullus
2391 1995 2619 2065 exiguus
2639 2008 2828 2049 servus
2850 2009 3132 2050 servorum
3162 1994 3255 2048 Dei
3280 1984 3573 2065 perennem

1985 2087 2042 2139 in
2064 2084 2280 2141 Christo
2302 2085 2556 2140 salutem.

2056 2175 2309 2231 Charitas
2332 2190 2451 2244 qua:
2478 2174 2728 2230 desinere
2756 2160 2929 2230 nescit
2953 2190 3228 2244 nunquam
3259 2173 3573 2240 veterascit,

1988 2267 2188 2322 interni
2212 2268 2466 2321 ardorem
2506 2268 2646 2337 ignis
2669 2267 2760 2321 vix
2785 2268 2838 2321 in
2866 2282 2925 2323 se
2952 2267 3064 2322 sola
3102 2267 3381 2322 continere
3404 2266 3569 2321 valet.

1984 2358 2192 2414 Idcirco
2219 2358 2421 2428 placuit
2451 2354 3058 2425 nostrag'mediocritati
3085 2359 3152 2412 de
3187 2366 3278 2411 tua
3315 2357 3574 2426 sospitate

1985 2462 2331 2519 cognoscere,
2360 2455 2419 2502 ut
2444 2457 2624 2503 tecum
2661 2448 2716 2502 in
2744 2447 2974 2503 Domino
3010 2448 3338 2517 gratularer,
3374 2454 3435 2500 ut
3466 2447 3572 2503 sci—

1986 2555 2106 2607 res,
2130 2556 2251 2610 quze
2278 2541 2424 2595 circa
2458 2539 2805 2611 fragilitatem
2849 2554 3024 2594 meam
3045 2536 3193 2607 justo
3235 2537 3441 2607 judicio
3476 2537 3570 2591 Dei

1986 2641 2270 2703 geruntur.
2295 2632 2475 2705 Cogor
2498 2633 2644 2687 enim
2667 2634 2924 2688 continua
2956 2633 3203 2701 corporis
3248 2631 3571 2702 mgritudine

1985 2726 2052 2787 de
2082 2726 2186 2782 hac
2208 2726 2326 2781 luce
2357 2725 2582 2798 fugitiva
2603 2766 2616 2791 ,
2649 2734 2704 2780 et
2732 2725 2868 2780 valle
2911 2725 3276 2796 lacrymarum
3303 2764 3317 2789 ,
3376 2724 3466 2794 pio
3514 2732 3572 2778 ct

1985 2818 2235 2875 districto
2284 2817 2461 2874 Judici
2511 2821 2779 2874 rationem
2834 2816 3145 2872 redditurus
3174 2816 3429 2888 migrare.
3488 2816 3572 2872 ld-

1984 2910 2135 2962 circo
2160 2907 2477 2977 suppliciter
2504 2910 2752 2973 obsecro,
2782 2915 2842 2961 ut
2865 2921 2966 2976 pro
3004 2906 3201 2961 animae
3224 2920 3359 2960 mete
3397 2904 3571 2960 salute

1984 2997 2199 3053 enixius
2234 2999 2521 3053 Dominum
2568 2998 2899 3068 depreceris.
2954 2996 3202 3052 Misimus
3248 2997 3416 3052 etiam
3465 3004 3573 3051 tua:

1986 3090 2258 3147 dilectioni
2292 3107 2461 3162 parva
2492 3092 2831 3159 munuscula,
2860 3106 3024 3146 unam
3071 3091 3272 3162 pallam
3304 3090 3572 3145 holoseri-

1987 3198 2126 3238 cam.
2168 3170 2410 3240 Petimus
2436 3186 2601 3239 etiam
2624 3193 2686 3239 ut
2704 3185 2772 3239 ad
2799 3184 3225 3239 consolationem
3260 3199 3366 3237 non
3396 3183 3568 3238 solum

1984 3276 2458 3346 peregrinationis,
2482 3276 2578 3333 sed
2605 3278 2770 3331 etiam
2798 3275 3133 3330 infirmitatis
3157 3282 3377 3339 nostrm,
3403 3274 3572 3329 libros

1987 3370 2121 3426 istos
2142 3369 2367 3443 abeatae
2386 3370 2663 3425 memoria:
2692 3366 2838 3424 Beda
2876 3370 3173 3443 expositos,
3226 3369 3443 3431 mittere
3490 3369 3571 3422 di-

1986 3461 2209 3530 gneris,
2253 3461 2319 3515 de
2381 3459 2763 3515 jEditicatione
2828 3458 3044 3527 templi,
3104 3442 3188 3512 vel
3246 3457 3299 3511 in
3342 3458 3566 3513 Cantica

1987 3550 2487 3614 canticorum,.sive
2513 3550 2959 3619 epigrammatum
2984 3546 3204 3602 heroico
3245 3556 3418 3602 metro
3456 3547 3570 3602 sive

1986 3639 2225 3709 elegiaco
2246 3638 2670 3708 compositorum
2698 3677 2713 3702 ,
2742 3636 2786 3692 si
2823 3636 2941 3691 fieri
2974 3644 3181 3706 potest,
3218 3650 3445 3703 omnes;
3483 3637 3568 3691 sin

1988 3735 2203 3795 autem,
2242 3729 2308 3784 de
2333 3727 2720 3784 IEdiﬁcatione
2746 3727 2931 3796 templi
2979 3727 3147 3783 libros
3184 3735 3316 3782 tres.
3356 3726 3573 3783 Fortas-

1988 3818 2063 3875 sis
2092 3818 2326 3874 ditIicilis
2353 3818 2562 3889 petitio,
2593 3818 2688 3874 sed
2730 3817 2863 3872 nihil
2906 3818 3147 3873 arbitror
3185 3832 3306 3874 esse
3350 3817 3570 3874 difﬁcile

1968 3923 2128 3964 .verte
2152 3907 2429 3983 charitati.

2060 3998 2240 4069 Usque
2267 3999 2335 4054 ad
2370 3990 2711 4070 decrepitam
2727 3998 2908 4059 valeas
2933 4007 3146 4055 aetatem
3172 4014 3295 4054 cum
3318 3999 3572 4056 omnibus

1986 4090 2077 4161 qui
2106 4098 2284 4146 tecum
2309 4089 2539 4145 Domino
2568 4091 2681 4145 Deo
2700 4090 3034 4147 deserviunt.

2055 4180 2285 4238 Nomina
2319 4196 2534 4251 quoque
2569 4180 2798 4237 fratrum
2837 4190 2894 4236 et
2925 4182 3223 4237 amicorum
3260 4191 3568 4239 nostrorum

1984 4271 2052 4329 de
2071 4272 2173 4327 hac
2186 4271 2308 4328 luce
2328 4272 2676 4342 migrantium
2702 4281 2807 4327 luce
2830 4272 3087 4328 charitati
3107 4275 3567 4339 commendantes,

1984 4378 2106 4433 qua:
2127 4370 2319 4417 sunt...

2484 4452 2819 4509 EPlSTOLA
2858 4454 3075 4508 XXXII.

2410 4559 2856 4599 CYNEWULFUS
2908 4560 3135 4601 LULLO.

2372 4631 2548 4706 (Circa
2571 4652 2767 4689 annum
2799 4633 3010 4690 Domini
3043 4635 3192 4709 772.)

2057 4725 2282 4781 Domino
2312 4725 2627 4781 beatissimo
2669 4733 2725 4781 et
2764 4727 2986 4797 speciali
3031 4742 3217 4784 amore
3260 4730 3570 4786 venerando

1983 4817 2137 4872 Lullo
2170 4817 2423 4889 episcopo
2469 4831 2571 4889 ego
2594 4817 2974 4890 Cynewulfus,
3029 4835 3122 4876 rex
3151 4817 3567 4875 occidentalium

1985 4908 2281 4977 Saxonum,
2303 4926 2412 4965 una
2436 4926 2559 4966 cum
2584 4911 2853 4981 episcopis
2888 4912 3044 4979 meis,
3075 4927 3178 4968 nec
3193 4927 3301 4966 non
3333 4926 3457 4965 cum
3479 4925 3568 4965 ca-

1985 5008 2135 5055 terva
2158 5009 2521 5072 satraparum,
2541 5011 2802 5058 aeternam
2828 5004 3105 5074 sospitatis
3134 5004 3189 5059 in
3221 5003 3450 5059 Domino
3475 5018 3566 5059 sa-

1985 5091 2176 5146 lutcm.

2058 5183 2179 5238 Tibi
2215 5184 2572 5241 testificamur
2590 5184 2734 5254 quod
2754 5185 2911 5255 juxta
2940 5186 3160 5243 modum
3197 5193 3402 5242 nostra:
3438 5199 3568 5256 pos-

1986 5274 2288 5340 sibilitatis,
2327 5275 2593 5346 quidquid
2617 5283 2710 5333 tua
2735 5279 2997 5335 sanctitas
3018 5279 3425 5345 desideraverit,
3452 5278 3567 5334 sive

1978 5367 2226 5440 jusserit,
2251 5366 2484 5423 libenter
2512 5382 2675 5439 agere
2696 5369 2871 5439 parati
2897 5385 3106 5436 sumus,
3138 5378 3201 5426 ut
3236 5385 3362 5427 cum
3407 5384 3566 5431 revev

1987 5460 2312 5520 rendissimo
2335 5467 2390 5516 et
2417 5461 2760 5517 sanctissimo
2784 5462 2836 5517 vi
2845 5476 2904 5519 ro
2927 5463 3021 5519 Dei
3048 5465 3448 5535 praedecessore
3468 5468 3566 5519 tuo

1986 5551 2264 5610 Bonifacio
2282 5552 2606 5625 pepigimus,
2636 5553 2750 5608 sive
2798 5555 2851 5610 in
2883 5555 3223 5612 orationibus
3263 5556 3375 5612 Deo
3401 5556 3563 5611 devo-

1987 5644 2077 5708 tis,
2105 5657 2197 5698 seu
2226 5642 2281 5696 in
2304 5641 2428 5697 aliis
2462 5642 2791 5713 quibuslibet
2821 5646 3003 5711 rebus,
3029 5644 3085 5700 in
3107 5645 3308 5715 quibus
3325 5645 3562 5699 humana

1986 5735 2272 5808 fragilitas,
2312 5735 2422 5793 Deo
2441 5736 2777 5808 disponente,
2816 5738 3018 5795 mutuis
3051 5737 3375 5794 alterutrum
3424 5732 3562 5789 sola-
