4028 6176
391 286 497 344 853

1688 289 1962 348 ΝΟΤΙΤΙΑ
2000 291 2388 349 HlSTORlCA.

3559 295 3659 347 8b!

386 401 553 457 variis
579 401 632 458 in
660 403 796 460 locis
820 419 1039 461 suorum
1071 418 1325 475 operum,
1364 413 1424 460 ut
1459 405 1536 461 ait
1573 405 1830 471 Morales;
1870 406 1970 462 ibi-
2000 410 2048 469 Α
2074 406 2154 462 ιιιὶ
2172 404 2477 476 praesentis,
2503 421 2626 462 cum
2650 420 2777 462 vere
2808 404 2921 476 ﬁat,
2945 405 3023 459 uti
3050 405 3310 476 adversus
3343 404 3659 476 Elipandum

386 486 493 547 que
516 487 642 528 eum
683 484 893 547 notare,
936 476 1157 531 Beatum
1199 475 1536 545 impeditiore
1579 476 1759 547 lingua
1805 476 1973 532 fuisse

388 544 699 615 idcircoque
722 546 790 601 ad
817 546 1159 601 scribendum
1189 544 1351 615 quam
1382 548 1450 601 ad
1472 544 1852 615 disputandum
1879 547 1975 601 ha-

385 613 635 687 biliorem
671 622 727 669 et
757 617 1160 687 promptiorem.
1198 613 1308 671 Nos
1344 617 1486 687 hunc
1511 613 1627 684 ejus
1656 617 1833 673 locum
1864 632 1972 671 non

387 684 622 757 vidimus
648 684 857 757 quo'ita
883 684 948 741 de
973 687 1136 741 Beato
1158 694 1363 751 censet,
1392 686 1488 757 sed
1513 695 1720 742 tantum
1749 687 1893 757 quod
1920 688 1973 741 in

385 754 614 823 epistola
640 754 691 821 i7,
722 757 791 810 ad
813 757 1089 812 Aurelium
1115 757 1360 811 Flavium
1387 755 1668 821 Joannem,
1699 754 1841 812 inter
1867 757 1973 811 alia

386 834 703 898 sanctorum
744 826 965 880 Patrum
993 827 1299 898 testimonia
1334 836 1709 898 argumentum
1733 826 1975 898 ejusdem

385 896 628 964 epistolae
651 898 1038 966 promoventia,
1070 896 1227 963 Item,
1255 898 1350 962 ait,
1375 896 1440 952 ea:
1468 897 1599 951 libro
1635 897 1783 951 Beati
1818 896 1976 951 [lete-

388 966 454 1039 r_ii
483 965 666 1020 contra
691 965 1045 1039 Helipquum
1080 967 1477 1039 (legesis__Beati
1505 977 1551 1039 et
1590 966 1813 1032 Heterii,
1848 982 1974 1022 nam

389 1034 498 1107 duo?
545 1045 695 1107 sunt,
746 1034 1118 1092 et'Heteriurn
1160 1034 1225 1092 'et
1266 1036 1623 1107 Hetipandum
1676 1053 1799 1091 cum
1846 1045 1973 1093 nota

386 1106 733 1175 aspirationis
761 1123 868 1161 non
899 1107 1228 1231 incusamuii)
1269 1106 1398 1164 cum
1429 1108 1555 1161 dicit
1584 1124 1602 1161 :
1631 1109 1720 1177 qui
1761 1124 1844 1161 me
1870 1108 1975 1163 mi-

386 1176 472 1231 sit.
524 1192 726 1230 mecum
770 1188 866 1231 est.
915 1187 1021 1231 etc.
1069 1177 1182 1231 Con
1227 1186 1472 1231 rmatuue
1519 1178 1969 1231 emendationem.

386 1176 472 1238 sit,
524 1192 726 1247 mecum
770 1188 866 1241 est,
915 1187 1021 1232 etc.
1069 1176 1472 1247 Conﬁrmatque
1519 1176 1969 1240 emendationem,

384 1246 907 1318 eumdemglaudans
947 1248 1171 1318 statim:
1215 1247 1347 1302 Item
1386 1246 1629 1318 superius
1675 1249 1973 1302 nominatus

386 1313 689 1370 Livanemis
713 1316 930 1371 Beatus.
961 1316 1114 1382 Quod
1137 1319 1182 1372 si
1211 1313 1469 1372 discutere
1498 1317 1740 1383 volueris,
1772 1327 1878 1372 etc.
1909 1318 1975 1371 Et

388 1384 444 1458 in
474 1385 577 1439 alia
603 1386 670 1458 ad
692 1387 940 1458 eumdem
972 1405 985 1440 :
1026 1386 1133 1443 Sed
1165 1397 1221 1442 ut
1259 1387 1455 1458 Beatus
1494 1387 1821 1442 Libaniensis
1859 1404 1975 1458 pre-

384 1455 558 1527 sbyter
576 1455 746 1527 _dia:it.
787 1456 1095 1527 Ibidemque
1132 1473 1255 1513 mox
1292 1476 1305 1511 :
1346 1457 1488 1513 Pene
1524 1458 1770 1527 temporis
1808 1455 1973 1512 nostri

383 1524 885 1598 BeatiLivaniemis
913 1524 1215 1598 presbyteri.

455 1594 660 1661 Quibus
686 1596 818 1652 locis
843 1594 956 1653 sive
982 1594 1213 1667 patriam
1248 1597 1361 1653 sive
1389 1598 1568 1653 locum
1593 1598 1977 1654 commoratio-

384 1664 469 1738 nis
492 1680 609 1733 ejus
634 1666 855 1722 indicat.
889 1664 1044 1738 Apud
1079 1667 1455 1723 Sebastianum
1493 1668 1973 1724 Salmanticensem

380 1736 712 1810 episcopum,
738 1738 853 1792 sive
874 1736 1209 1808 Alphonsum
1234 1753 1432 1810 regem,
1467 1739 1522 1793 in
1547 1738 1816 1794 Chronico
1845 1758 1857 1792 :
1889 1739 1972 1810 in-

382 1812 469 1861 ter
497 1806 631 1862 alios
658 1814 817 1863 terra:
850 1806 1053 1863 tractus
1082 1810 1211 1934 “quo
1236 1806 1463 1865 immissi
1495 1809 1671 1865 denuo
1713 1817 1840 1866 sunt
1869 1809 1969 1863 sub

382 1875 658 1934 Alohonso
697 1878 976 1934 Catholico
1016 1880 1089 1934 Pe
1113 1881 1217 1934 acii
1256 1894 1452 1934 uenero
1486 1878 1671 1934 fideles
1699 1880 1969 1934 Hisnanize

381 1875 658 1951 Alphonso
697 1878 976 1951 Catholica
1016 1875 1217 1950 Pelagii
1256 1894 1452 1951 genero
1484 1878 1671 1951 fideles
1690 1880 1971 1951 Hispaniae

380 1947 591 2018 populi,
620 1947 964 2003 Asturiarum
987 1947 1309 2019 quibusdam
1336 1950 1546 2021 angulis
1573 1951 1643 2021 ob
1674 1947 1971 2021 saraceno-

380 2028 740 2091 rummetum
766 2035 937 2089 usque
965 2022 1034 2076 ad
1061 2036 1183 2075 eum
1212 2022 1355 2076 diem
1390 2020 1670 2091 restricti),
1709 2020 1971 2091 Levanam

379 2089 1051 2162 pominatamjegimusi
1096 2091 1175 2146 Eo
1208 2099 1452 2162 tempore
1487 2089 1834 2162 populantur,
1871 2090 1968 2155 ait,

380 2156 696 2230 Primorias,
728 2156 960 2225 Levana,
989 2156 1338 2225 Transmera,
1359 2156 1649 2230 Supporta,
1676 2159 1967 2222 Carranza,

379 2227 595 2301 Burgis,
626 2246 745 2299 quze
785 2247 928 2286 nunc
966 2230 1263 2301 appellatur
1288 2227 1540 2295 Castella,
1573 2238 1627 2285 et
1662 2245 1788 2300 pars
1808 2229 1970 2301 pinari-

380 2298 514 2352 tima
538 2298 823 2356 Callaeciae.
862 2322 880 2353 ι
916 2298 1086 2356 Hodie
1122 2318 1230 2357 non
1268 2302 1433 2357 ullum
1461 2298 1678 2355 certum‘
1694 2300 1967 2369 oppidum,

381 2369 529 2438 quod
560 2371 881 2443 sciam,_sed
918 2387 1044 2441 pars
1077 2373 1323 2443 quamam
1352 2371 1614 2427 Asturum
1643 2372 1785 2426 inter
1818 2369 1974 2443 Oveti

379 2446 436 2492 et
464 2448 669 2495 sanctae
695 2440 934 2496 Julianaa’
959 2443 1072 2497 sive
1095 2440 1435 2506 Santitlanw,
1466 2450 1526 2495 ut
1566 2449 1780 2505 vocant,
1810 2441 1974 2495 Astu—

381 2509 496 2581 rias
513 2550 528 2573 ,
556 2511 722 2566 totius
749 2513 1040 2581 provincia:
1064 2513 1321 2568 altissima
1348 2521 1403 2567 et
1429 2513 1751 2581 asperrima,
1781 2526 1974 2581 novem

380 2578 541 2651 longa
566 2578 799 2650 quatuor
823 2591 1002 2637 autem
1047 2583 1214 2638 leucis
1255 2583 1383 2649 lata,
1428 2578 1708 2651 provincia
1751 2582 1816 2635 de
1858 2580 1977 2634 Lie—

383 2649 522 2703 bana
548 2649 890 2722 nuncupatur
924 2653 1024 2708 sub
1046 2654 1197 2722 ducis
1234 2649 1532 2708 Infantatus
1557 2652 1890 2722 ditione._ln_
1911 2666 1975 2706 eo

381 2727 561 2794 tractu
600 2720 855 2794 oppidum
897 2732 1010 2794 est,
1051 2721 1507 2794 Yatlemcavatam
1547 2723 1742 2794 (Vulgo
1792 2720 1976 2775 Valca-

381 2789 538 2860 vado)
565 2789 932 2861 vocantjuxta
963 2792 1231 2856 Saldaﬁa,
1273 2792 1327 2861 in
1352 2789 1757 2861 cujusecclesia
1781 2806 1977 2860 corpus

382 2861 653 2929 quoddam
709 2859 880 2918 sancti
936 2863 1066 2926 viri,
1103 2878 1263 2931 quem
1302 2859 1654 2932 Santo-Yieco
1692 2859 1977 2932 populares

382 2940 676 3001 corrupte,
731 2942 791 2988 ut
841 2935 1079 2997 videtur,
1131 2949 1231 3002 pro
1285 2940 1437 2987 canto
1486 2931 1650 2987 Beato
1695 2931 1977 3001 appellare

382 3012 568 3086 amant
587 3043 601 3068 ,
630 3003 1244 3086 religiose‘asservatun;
1277 3017 1629 3086 seorsumque
1649 3002 1972 3086 alterummex

382 3069 502 3140 ejus
542 3069 780 3128 brachiis
822 3074 1105 3130 colendum
1143 3074 1321 3143 palam
1361 3069 1572 3128 ostendi
1610 3073 1794 3154 plures
1834 3070 1975 3126 allir-
2001 3102 2048 3163 ο

383 3151 531 3163 ““‘
580 3143 595 3163 ’
638 3144 651 3163 ‘
734 3144 807 3163 "~
866 3146 1045 3163 μλικημ-
1105 3160 1251 3163 ---ψη
1307 3143 1632 3163 ιιΛμ,,ιε,,ι-η
1685 3142 1753 3163 ,n
1805 3142 1950 3163 .__‘A

383 3151 533 3216 ruant
577 3143 1053 3216 (a)._Monachum
1100 3142 1634 3216 suumBenedictini
1681 3142 1757 3216 (ti)
1805 3142 1973 3216 lepos,

384 3210 547 3267 Wion
575 3210 642 3269 ét'
660 3214 965 3281 Menardus,
1002 3215 1110 3269 imo
1136 3213 1562 3281 hypobolimzeus
1588 3210 1894 3269 llaub'ertu’s
1922 3215 1975 3267 in

395 3229 547 3267 mon
575 3229 631 3269 et
660 3229 965 3281 menaraus,
1002 3229 1110 3269 uno
1136 3229 1170 3269 ιι
1195 3230 1205 3242 ’
1248 3229 1562 3269 onoumzeus
1589 3229 1894 3269 uauuertus
1922 3232 1975 3267 ιιι

383 3280 650 3356 Chronico
675 3285 743 3340 ad
773 3302 975 3340 annum
1014 3284 1136 3356 792.
1175 3229 1515 3356 “nbillonius
1553 3284 1624 3356 (c)
1664 3293 1841 3339 autem
1881 3284 1978 3356 ali-

383 3355 614 3421 quando,
645 3362 699 3411 et
732 3356 823 3410 alii
848 3372 1037 3411 omnes
1062 3355 1140 3426 (ά)
1169 3372 1274 3426 non
1310 3353 1427 3423 ejus
1465 3353 1729 3426 instituti,
1754 3355 1978 3426 presby-

383 3430 560 3478 terum
587 3432 797 3480 tantum
825 3426 992 3481 fuisse
1020 3425 1190 3481 aiunt.
1233 3425 1339 3481 Sed
1381 3427 1693 3481 retractavit
1717 3425 1975 3495 iudiciuin

384 3509 543 3565 suum
579 3495 916 3552 Mabillonius
953 3513 1074 3552 cum
1111 3497 1179 3552 ad
1216 3497 1365 3550 Beati
1399 3496 1632 3551 accessit
1670 3512 1758 3550 res
1797 3503 1977 3565 gestas

385 3564 568 3636 priore
594 3575 747 3636 parte
776 3567 956 3636 smculi
979 3566 1176 3636 quarti,
1209 3567 1533 3620 monachum
1560 3575 1614 3619 et
1636 3566 1886 3636 abbatem
1910 3580 1976 3619 ex

386 3633 617 3704 Alcuini,
655 3645 818 3704 atque
858 3633 1212 3704 cjusdemmet
1259 3636 1410 3689 Beati
1452 3636 1625 3699 libris,
1665 3634 1974 3689 ostendens.

384 3702 473 3774 Ex
508 3702 818 3774 legendario
856 3702 1090 3774 quodam
1128 3704 1497 3759 Asturicensis
1533 3704 1779 3760 ecclesia:
1827 3704 1977 3758 Beati

384 3771 547 3844 hujus
564 3771 739 3828 'aetus
778 3771 1100 3839 seu—Vitam,
1129 3775 1195 3829 ad
1224 3774 1506 3844 Februarii
1549 3774 1695 3844 diem
1740 3774 1827 3844 19,
1872 3788 1978 3844 quo

386 3841 472 3893 vir
497 3852 716 3897 sanctus
741 3845 952 3908 colitur,
983 3844 1140 3898 Joan.
1166 3843 1423 3897 Tamaius
1452 3843 1728 3913 produxit.
1757 3843 1862 3898 Sed
1884 3841 1977 3912 qui

385 3925 615 3985 parvam
633 3923 723 3966 aut
747 3915 949 3985 nullam
981 3914 1144 3985 ﬁdem
1183 3914 1549 3985 huic‘habent
1590 3913 1996 3985 martyrologio,

385 3980 720 4054 nonpfaciunt
740 3984 790 4038 ei
814 3985 974 4039 ullam
1016 3981 1424 4054 injuriam.Quo
1446 3985 1512 4039 de
1552 3984 1691 4039 infra
1734 3980 1973 4053 ngemns.

382 4051 592 4125 Quibus
631 4053 788 4125 aliter
825 4054 1002 4109 visum
1041 4051 1225 4121 fuerit,
1266 4054 1418 4109 Beati
1459 4055 1666 4125 obitum
1707 4051 1848 4109 anno
1873 4055 1976 4110 798

384 4123 506 4196 inde
534 4124 677 4196 docti
704 4125 1079 4196 assignabunt.

455 4192 608 4259 Quod
640 4210 768 4251 vero
795 4192 867 4251 ibi
886 4237 901 4261 ,
938 4204 992 4249 et
1018 4195 1161 4264 apud
1198 4193 1446 4251 eumdem
1472 4195 1803 4251 liaubertum
1834 4210 1976 4251 anno

384 4263 489 4335 792
510 4266 823 4321 adnotatum
858 4263 1073 4335 legitur,
1099 4266 1376 4321 Heterium
1409 4276 1464 4321 et
1495 4267 1719 4321 Beatum
1758 4282 1857 4335 pro
1886 4282 1977 4321 ca-

385 4334 597 4418 tholicis
624 4335 876 4418 Hispanis
908 4336 1103 4392 missos
1132 4335 1603 4418 Franeofordicnsi
1632 4334 1860 4392 concilio
1890 4337 1975 4390 in-

385 4404 632 4459 terfuisse
667 4421 685 4476 ς
721 4404 913 4462 iisdem
946 4423 1107 4476 supra
1144 4407 1373 4462 laudatis
1409 4408 1627 4462 Patrum
1663 4423 1730 4463 eo
1758 4416 1977 4462 vocato-

386 4455 626 4547 nam
647 4455 1040 4547 ca'r'aﬁ'ag‘a'
1051 4455 1977 4547 ᾖῖεὲὲἰῇἰῖέ’ἰίῐιὲί-ἰζᾶιῐῑιίέῖιῖἦίῖε
2009 4455 2057 4514 ί)

382 4545 662 4616 episcopos
684 4548 923 4614 directis,
939 4545 1291 4620 'redarguitur
1316 4548 1408 4620 (ε).
1440 4547 1597 4603 Nulla
1627 4548 1773 4603 enim
1803 4545 1972 4613 Beati,

456 4672 531 4745 (τι)
573 4675 820 4742 Morales,
861 4679 955 4733 lib.
1000 4696 1094 4735 xm
1124 4689 1178 4734 et
1216 4696 1399 4745 xxvu;
1441 4680 1647 4735 Lobera
1685 4680 1740 4734 in
1772 4680 1975 4735 llistor.

384 4742 628 4820 Legion.,
661 4762 780 4820 cap.
811 4751 911 4820 335;
944 4749 1200 4805 Tamaius
1233 4752 1284 4804 in
1314 4742 1538 4820 Martyr.
1569 4750 1744 4819 Hisp.,
1775 4766 1808 4804 x
1846 4750 1975 4805 Feb.

479 4813 530 4887 ὁ)
566 4816 714 4885 lepos
729 4813 787 4870 in
809 4818 1012 4874 Chron.
1037 4820 1235 4875 Bened.
1259 4821 1326 4875 ad
1348 4813 1547 4874 annnm
1570 4813 1688 4882 783',
1716 4813 1860 4875 tomo
1883 4821 1975 4887 lll;

383 4893 438 4964 et
464 4886 531 4937 ad
560 4901 761 4964 annum
786 4888 912 4964 5.3],
944 4905 993 4943 c.
1021 4891 1075 4964 ξ),
1110 4891 1326 4964 tom._l;
1359 4890 1518 4964 Wion
1550 4890 1806 4964 in__Ligno
1833 4892 1976 4958 vita},

382 4953 574 5036 ξὶὺηιιλ
598 4972 646 5036 c_.
676 4957 783 5036 635‘
822 4959 1110 5016 Menardus
1150 4961 1204 5015 in
1244 4960 1554 5030 Appendice
1592 4953 1817 5030 Martyr.
1865 4953 1981 5018 mo;

382 5027 577 5080 nastiei
608 5027 713 5083 litt.
747 5030 807 5083 Β.

477 5101 536 5218 Ἄ
566 5096 626 5218 Ὠ
652 5098 804 5161 Actis
832 5099 933 5184 SS.
960 5101 1158 5156 Bencd.
1194 5101 1375 5157 Steculi
1404 5117 1486 5164 ιιι,
1510 5109 1665 5184 parte
1690 5117 1748 5180 u.

629 5169 823 5218 orales-
865 5172 956 5218 lih-
992 5188 1087 5218 xm
1107 5213 1121 5218 _
1153 5187 1274 5218 mn-
1301 5172 1402 5218 26:
1447 5171 1711 5218 Mal-mna-

516 5165 824 5241 )_Morgiles,
863 5172 956 5226 lib.
992 5188 1122 5237 xm,
1153 5187 1274 5241 cap.
1301 5172 1403 5235 26;
1446 5165 1712 5237 Mairiaria,
1746 5173 1842 5228 lib.
1869 5189 1976 5240 vn,

379 5250 505 5325 cap.
668 5240 924 5325 Tamaius
964 5242 1018 5297 in
1050 5239 1526 5325 _hlarty_.r.nllisp.,
1577 5242 1663 5299 die
1711 5245 1778 5325 19
1820 5242 1975 5325 Fe_b.,

381 5308 1298 5503 3:3;g;ﬁas§3{ii“§§iifmiﬂfo
1305 5313 1979 5454 δέἓιῗῗ⁰ἕὲ¹ἷ¹¹οῗ³νῗξι¹ιῗηὲ¹ιῗέ

531 5465 605 5504 m.

456 5517 533 5643 )
572 5521 630 5576 In
657 5521 1022 5606 Sacrosyllab.
1048 5540 1142 5580 seu
1171 5526 1331 5596 epist.
1357 5523 1472 5595 jam
1496 5524 1712 5581 laudata
1738 5526 1973 5597 episeop.

456 5622 459 5641 ι
484 5606 549 5643 tm
572 5601 762 5643 contra
794 5594 1132 5643 Elmamlnm.

383 5586 549 5664 italiae
572 5601 763 5664 contra
793 5586 1132 5664 Elipandum.

452 5659 529 5742 (β)
568 5662 829 5742 Igem-igne.
862 5659 1111 5742 Histriae,
1149 5664 1449 5742 Hesperias,
1478 5666 1743 5742 gramina,
1776 5667 1859 5724 vel
1887 5667 1977 5724 lli-

386 5734 551 5800 strim,
587 5734 843 5804 Venetim,
872 5734 1106 5795 Emilia:
1133 5735 1328 5793 vellent
1356 5737 1444 5792 alii
1476 5738 1671 5811 legere.

2075 475 2355 546 scriptoris
2386 476 2518 531 inibi
2554 476 2777 532 mentio.
2814 475 2880 530 Et
2899 489 2964 529 ex
2987 476 3175 546 eodem
3199 475 3394 531 Carolo
3416 475 3663 533 novimus

2075 545 2400 602 convocatos
2433 546 2488 600 in
2525 546 2667 603 hunc
2699 554 2900 601 coetum
2922 560 3112 601 omnes
3131 545 3248 615 ejus
3272 546 3511 610 ditionis,
3546 561 3666 616 qua)

2076 626 2206 672 tunc
2229 617 2560 671 Francorum
2584 618 2693 687 regi
2717 618 2958 686 parebat,
3002 616 3317 685 episcopos;
3362 631 3574 687 necnon
3612 627 3666 672 ct

2073 702 2141 743 ex
2180 687 2475 743 Britanniis
2516 686 2743 756 aliquos,
2786 687 3110 754 tandemque
3148 700 3215 740 ex
3256 687 3407 741 Italia
3445 686 3665 742 Petrum

2075 757 2546 822 Mediolanensem,
2585 757 2867 813 Paulinum
2903 756 3323 825 Aquileiensem,
3350 767 3404 810 et
3439 774 3506 812 ex
3537 757 3664 813 Ger-

2076 829 2275 898 mania,
2325 827 2528 891 Gallia,
2578 827 2868 898 Aquitania
2915 828 3083 890 alios,
3131 828 3262 897 quin
3304 826 3560 897 adjungat
3598 844 3665 883 ex

2075 897 2332 967 Hispania
2378 898 2609 980 aliquos.
2653 897 2915 979 Paulinus
3082 907 3261 980 autem
3303 898 3668 982 Aquileiensis

2075 969 2217 1022 uuod
2254 985 2319 1022 ea:
2358 967 2612 1022 Hesperia
2650 970 2815 1022 addit.
2859 967 2933 1022 (al
3020 985 3311 1022 muriaque.
3351 967 3580 1022 Αῖιηιιια
3619 977 3667 1022 et

2113 969 2217 1023 uod
2254 985 2319 1023 ea:
2358 967 2612 1039 Hesperia
2650 969 2815 1032 addit,
2859 967 2933 1091 (ἕ)
2974 967 3311 1049 Liguriaque,
3351 967 3580 1023 AEmilia
3619 977 3667 1023 et

2113 1040 2289 1091 .ustria
2315 1039 2612 1091 nrovinciis.
2640 1038 2818 1091 notius
2840 1056 2869 1091 a
2936 1039 3173 1091 Italicam
3195 1054 3356 1091 uuam
3384 1040 3451 1091 ad
3474 1039 3638 1091 Hisna

2124 1040 2289 1096 ustria
2315 1038 2612 1108 provinciis,
2640 1038 2818 1108 potius
2840 1038 2905 1091 ad
2936 1038 3173 1092 Italicam
3195 1038 3356 1107 quam
3384 1040 3451 1093 ad
3474 1039 3638 1108 Hispo

2074 1109 2253 1164 nieam
2282 1108 2594 1177 Hesperiam
2625 1109 2880 1177 pertinet.
2914 1108 3047 1162 Nam
3074 1118 3129 1163 et
3158 1109 3274 1177 ipse
3301 1108 3481 1163 sedem
3512 1125 3665 1164 suam

2074 1179 2493 1301 Aquileiensem,
2538 1176 2653 1233 sive
2693 1176 3131 1245 Foroiuliensem,
3175 1176 3296 1248 qua:
3335 1194 3462 1247 pars
3501 1180 3665 1234 Italiae

2074 1265 2138 1301 ve
2198 1264 2339 1301 nunc
2381 1258 2484 1301 est.
2535 1248 2803 1301 Hesueriis
2842 1249 2949 1301 oris
2988 1250 3277 1301 accinctum
3320 1249 3479 1301 paulo
3516 1250 3665 1301 prius

2074 1248 2159 1304 vel
2198 1264 2339 1303 nunc
2381 1258 2484 1313 est,
2535 1248 2803 1319 Hesperiis
2842 1249 2949 1302 oris
2988 1250 3277 1303 accinctum
3320 1249 3479 1317 paulo
3516 1250 3666 1318 prius

2074 1319 2456 1390 appellaverat.

2146 1412 2225 1483 Ex
2242 1412 2430 1483 eadem
2442 1421 2598 1483 certe
2612 1418 2823 1466 constat
2838 1410 3071 1483 Felicem
3089 1411 3304 1480 scriptae
3327 1408 3484 1483 hujus
3507 1426 3667 1483 syno-

2075 1482 2213 1537 dalis
2241 1482 2451 1536 Paulini
2487 1483 2627 1553 stylo
2662 1482 2921 1551 epistolae,
2952 1482 3053 1536 hoc
3080 1489 3163 1535 est
3192 1482 3403 1553 concilii
3430 1482 3666 1536 Franco-

2074 1553 2361 1608 fordiensis
2389 1552 2647 1623 tempere,
2678 1555 2911 1607 nondum
2940 1568 3065 1606 vere
3090 1552 3429 1622 paenituisse,
3459 1553 3573 1607 sive
3601 1553 3668 1607 ad

2076 1623 2305 1678 lueresin
2356 1639 2507 1678 suam
2557 1639 2663 1678 una
2713 1639 2835 1678 cum
2884 1623 3144 1691 Elipando
3190 1623 3441 1691 tuendam
3490 1624 3667 1677 denuo

2076 1694 2287 1762 lapsum
2326 1693 2521 1758 fuisse;
2561 1695 2671 1749 imo
2709 1693 3134 1762 imptenitentem
3169 1694 3278 1747 vita
3329 1692 3569 1747 functum
3610 1693 3670 1747 in

2002 1758 2047 1816 Β
2078 1758 2418 1835 Lngdunensi
2462 1758 2811 1835 relegatione,
2847 1763 2963 1817 Ado
2995 1762 3533 1835 \‘iennensispauctor
3563 1773 3666 1818 est.

2077 1833 2455 1903 De'Elipando
2495 1833 2654 1888 aliter
2688 1834 2845 1903 vulgo
2889 1833 3131 1888 sentiunt
3168 1833 3265 1903 (Ιι).
3309 1833 3576 1897 Profecto,
3624 1836 3670 1888 si

2073 1919 2328 1975 germana
2355 1913 2439 1959 est
2471 1905 2753 1961 Areharici
2785 1903 3134 1959 Bracarensis
3171 1903 3406 1973 episcopi
3442 1905 3509 1958 ad
3547 1919 3671 1975 eum

2073 1974 2321 2044 cpistola,
2342 1990 2502 2044 quam
2526 1976 2780 2030 Tamaius
2802 1991 2867 2029 ex
2892 1990 2992 2029 ms.
3020 1975 3205 2029 codice
3228 1990 3284 2028 se
3309 1974 3671 2043 desumpsisse

2074 2043 2296 2116 aiti(Die
2329 2047 2412 2100 l9.
2446 2043 2598 2116 Feb.,
2629 2063 2749 2116 pag.
2784 2045 2927 2113 187),
2958 2060 3144 2100 revera
3174 2053 3351 2116 autem
3381 2045 3523 2116 inter
3551 2046 3668 2116 cpi-

2075 2114 2242 2185 stolas
2308 2114 2601 2185 pra-aulum
2629 2114 2781 2183 quas
2828 2116 3042 2184 collegit
3091 2124 3145 2168 et
3188 2115 3331 2169 notis
3382 2114 3671 2169 illustravit

2074 2184 2325 2257 Julianus
2361 2185 2563 2257 (omnia
2608 2186 2834 2240 oﬂicina:
2879 2185 3219 2257 Higuerianae
3261 2185 3493 2257 merces)
3538 2201 3565 2257 a
3600 2185 3666 2257 ι),

2076 2255 2377 2311 Laurentio
2410 2255 2718 2311 Ramirezio
2755 2256 2899 2309 edita
2933 2255 3047 2323 jam
3093 2256 3268 2309 fuerat
3302 2274 3314 2309 :
3350 2255 3496 2310 certe
3538 2255 3668 2307 inibi

2077 2324 2322 2395 Toletani
2368 2325 2583 2381 concilii
2629 2326 2696 2380 ab
2739 2326 3001 2395 Elipando
3040 2327 3234 2389 coacti,
3284 2326 3671 2395 retractatique

2077 2410 2262 2449 coram
2289 2394 2540 2451 Patribus
2566 2397 2769 2451 veteris
2799 2394 3001 2450 erroris
3031 2396 3359 2450 mentionem
3392 2394 3621 2465 legimus
3654 2413 3666 2447 :

2076 2466 2402 2548 quzenomnia
2433 2481 2585 2548 more
2612 2466 3085 2548 suo_ampliiieavi_t
3121 2466 3669 2548 pseudo-liuitpratigli

2077 2482 2197 2535 qum
2221 2482 2402 2521 omnia
2433 2482 2583 2521 more
2612 2482 2709 2520 suo
2739 2482 3085 2548 ampuueavit
3121 2482 3475 2535 pseudo-nun
3518 2482 3669 2519 rantn

2077 2535 2298 2599 artifex,
2330 2551 2393 2590 ac
2420 2535 2876 2605 pseudo-Juliani,
2917 2536 3162 2605 pluribus
3197 2538 3249 2590 in
3278 2537 3411 2591 locis
3558 2554 3570 2589 :
3606 2536 3673 2589 de

2077 2607 2273 2660 quibus
2309 2610 2430 2660 mox
2473 2607 2649 2660 aliqua
2676 2607 2900 2660 dicenda
2931 2616 3084 2660 sunt.
3126 2616 3413 2660 nostauam
3449 2613 3672 2660 amota-

2076 2607 2273 2675 quibus
2309 2610 2430 2661 mdx
2473 2607 2649 2676 aliqua
2676 2607 2900 2662 dicenda
2931 2616 3084 2671 sunt,
3126 2616 3413 2676 postquam
3449 2607 3672 2660 adnota-

2077 2677 2255 2747 bimus
2279 2676 2428 2731 Beati
2458 2685 2653 2747 praeter
2676 2677 2878 2733 dictum
2906 2691 3042 2745 opus
3069 2677 3327 2747 adversus
3354 2677 3673 2747 Elipandum

2079 2745 2156 2818 (in
2186 2761 2293 2815 quo
2314 2745 2721 2819 notandum_.est
2746 2762 2869 2819 cum
2892 2747 3098 2819 Joanne
3124 2745 3551 2819 Mabillonioiln
3576 2747 3671 2800 ob-

2076 2816 2208 2871 serv.
2252 2818 2447 2889 pra:th
2483 2818 2553 2871 ad
2594 2817 2745 2889 Beati
2797 2816 2988 2889 Vitam]
3036 2827 3159 2889 aeta
3200 2817 3373 2872 sancti
3420 2816 3669 2889 Andreae,

2077 2902 2220 2971 quzeu
2242 2882 2546 2971 recentiora
2585 2887 2896 2971 creduntur,
2940 2882 3195 2971 laudari),
3238 2897 3456 2971 exstare
3497 2887 3674 2941 adhuc

2080 2956 2279 3041 inedita
2324 2958 2382 3041 in_
2405 2957 2764 3041 Apocalypsin
2807 2956 3218 3041 commentaria,
3260 2958 3375 3041 sive
3402 2966 3671 3041 catenam,

2080 3034 2140 3081 ut
2178 3028 2385 3098 vulgari
2431 3028 2624 3085 similis
2670 3028 2857 3084 fomite
2899 3029 3171 3098 scribendi
3212 3029 3377 3085 verbo
3423 3036 3563 3093 utar,
3607 3041 3674 3081 ex

2363 3100 2605 3164 atribus,
2643 3114 2870 3169 quorum
2907 3099 3071 3168 aliqui
3101 3097 3213 3166 jam
3256 3116 3363 3154 non
3398 3106 3673 3154 exstantes

2081 3168 2154 3222 ibi
2185 3168 2498 3235 laudantur;
2532 3168 2693 3240 atque
2720 3170 2922 3224 idcirco
2948 3185 3201 3240 magnum
3231 3185 3410 3239 opera:
3439 3170 3674 3240 pretium

2079 3246 2223 3293 esset
2262 3254 2323 3294 ea
2374 3240 2429 3293 in
2475 3239 2920 3310 publicumﬂpost
2976 3239 3084 3310 tam
3125 3239 3368 3310 longum
3400 3239 3674 3310 silentium

2079 3255 2223 3293 esset
2262 3255 2323 3294 ea
2374 3255 2429 3293 in
2475 3255 2748 3310 punncum
2798 3255 2920 3307 posr
2976 3255 3084 3292 tam
3137 3255 3222 3293 non
3264 3256 3354 3292 um
3400 3255 3570 3294 suenu

2079 3310 2228 3364 exire
2253 3310 2322 3381 (j)
2354 3326 2366 3362 :
2399 3310 2542 3379 quod
2569 3311 2711 3365 idem
2738 3308 3079 3363 Mabillonius
3107 3255 3449 3364 desiderabat
3476 3308 3570 3380 (Ῐὶ).

2150 3420 2220 3474 At
2244 3420 2347 3474 hoc
2376 3433 2497 3473 esse
2537 3418 2684 3472 Beati
2717 3433 2871 3486 opus,
2903 3431 3214 3486 quanquam
3245 3414 3386 3471 desit
3422 3416 3675 3473 omnibus

2080 3493 2136 3547 in
2179 3488 2442 3556 exemplis
2487 3488 2722 3543 auctoris
2771 3502 2998 3551 nomen,
3045 3487 3357 3556 ambiguum
3405 3488 3550 3541 haud
3593 3494 3676 3540 est

2079 3560 2220 3629 apud
2270 3565 2502 3629 nostros_.
2534 3556 2891 3629 Argumenta
2934 3564 3104 3629 sunt,
3148 3558 3396 3629 primum
3457 3556 3677 3629 lleterio

2080 3627 2445 3698 nuncupatum
2470 3627 2640 3698 fuisse,
2653 3641 2766 3698 quo
2789 3642 2913 3681 cum
2932 3627 3194 3695 Elipando
3218 3628 3414 3681 Beatus
3439 3627 3673 3698 obstitit,

2079 3697 2279 3755 verbis
2294 3699 2377 3754 bis
2408 3712 2528 3764 qua:
2555 3697 2797 3751 indicant
2821 3698 2946 3753 vita:
2975 3698 3422 3754 consuetudinem
3445 3705 3501 3752 et
3534 3697 3675 3751 ami-

2079 3770 2261 3826 citiam
2293 3787 2305 3822 :
2345 3787 2363 3819 ‹
2403 3768 2529 3826 llaec
2554 3783 2675 3838 ego,
2710 3775 2896 3838 sancte
2930 3768 3090 3823 Pater
3120 3768 3336 3833 Heteri,
3376 3775 3428 3822 te
3454 3776 3672 3837 petente

2078 3841 2148 3896 ob
2176 3837 2777 3908 aedificationem’studii
2806 3837 3036 3894 fratrum
3068 3839 3178 3908 tibi
3197 3839 3392 3903 dicavi,
3429 3847 3488 3893 ut
3511 3854 3674 3908 quem

2079 3919 2386 3967 consortem
2412 3907 2662 3980 perfruor
2679 3909 2904 3973 ordinis,
2936 3907 3272 3964 cohaeredem
3293 3910 3458 3964 etiam
3478 3907 3674 3980 faciam

2078 3982 2185 4037 mei
2222 3978 2443 4039 laboris.
2480 4000 2499 4032 ι
2534 3978 2862 4043 Secundum,
2895 3980 3102 4037 servari
3128 3980 3371 4036 codicem
3409 3981 3465 4034 in
3499 3979 3674 4037 eccle-

2078 4054 2158 4108 sia
2188 4050 2600 4122 Vallis-Cavata:
2635 4052 3139 4115 membranaceum,
3181 4050 3235 4104 in
3268 4066 3374 4120 quo
3399 4051 3673 4122 descripta

2077 4131 2203 4179 sunt
2236 4129 2362 4177 ante
2391 4121 2759 4192 septingentos
2793 4136 2963 4192 annos
3000 4123 3386 4192 commentaria
3424 4121 3552 4187 ista,
3595 4122 3675 4176 fa-

2078 4208 2331 4263 mamque
2362 4192 2434 4249 ibi
2473 4191 2731 4263 perpetuo
2760 4191 2996 4263 viguisse
3033 4191 3151 4259 ejus
3179 4207 3243 4245 ea
3276 4207 3396 4247 esse
3435 4192 3675 4263 auctoris

2077 4262 2231 4331 cujus
2244 4262 2339 4317 est
2371 4262 2636 4331 sepultum
2666 4262 2862 4317 ibidem
2891 4278 2955 4317 ac
2986 4263 3234 4331 religiose
3260 4263 3464 4317 cultum
3496 4262 3673 4317 sancti

2079 4335 2179 4388 viri
2210 4349 2425 4402 corpus.
2456 4332 2634 4402 Codex
2667 4333 2756 4386 hic
2780 4332 3079 4401 descriptus
3105 4332 3206 4386 fuit
3233 4348 3342 4387 tera
3379 4331 3538 4396 1008,
3571 4332 3674 4386 hoc

2079 4411 2163 4459 est
2198 4401 2340 4457 anno
2367 4401 2581 4456 Domini
2617 4403 2740 4465 970,
2773 4402 2865 4455 sed
2897 4403 3041 4455 hunc
3078 4416 3135 4456 se
3165 4402 3362 4457 vidisse
3394 4402 3534 4470 apud
3562 4402 3677 4470 pri-

2084 4417 2163 4459 est
2198 4418 2340 4457 anno
2368 4417 2581 4456 uomnn
2617 4417 2740 4465 υιυ,
2773 4417 2865 4455 seu
2897 4417 3041 4455 nunc
3078 4417 3135 4456 se
3165 4417 3362 4457 vniisse
3394 4417 3423 4453 a
3465 4417 3534 4455 ua
3562 4417 3674 4470 pri-

2084 4482 2263 4527 vatum
2290 4470 2577 4541 quemdam
2603 4471 2965 4539 Hieronymus
2986 4471 3262 4527 Romanus
3281 4472 3347 4526 de
3368 4471 3418 4525 la
3429 4417 3674 4541 gliguera

2082 4542 2331 4599 Historiae
2362 4540 2635 4596 Toletanae
2665 4542 2844 4595 adhuc
2874 4556 2976 4595 ms.
3014 4541 3106 4597 lib.
3140 4558 3250 4608 xxv,
3276 4556 3395 4612 cap.
3424 4540 3676 4608 l7,’scri-

2148 4672 2229 4746 (Ii)
2270 4673 2518 4738 Morales,
2540 4673 2692 4746 dicto
2716 4688 2842 4746 cap.
2863 4672 2965 4741 26;
2997 4673 3235 4746 Mariana
3264 4676 3406 4732 dicto
3429 4692 3547 4746 cap.
3580 4676 3634 4731 8.

2176 4688 2229 4746 η)
2270 4688 2518 4738 tuorales,
2546 4688 2692 4729 meto
2716 4688 2835 4800 cap.
2864 4688 2965 4741 zu;
2997 4688 3235 4731 martana
3264 4688 3406 4732 dlClO
3429 4692 3547 4746 cap.
3580 4688 3634 4731 δ.

2176 4747 2215 4816 i)
2264 4745 2444 4815 Luitp.
2484 4745 2552 4800 ad
2587 4761 2715 4799 ann.
2744 4744 2773 4797 Ἰ
2813 4744 2847 4799 5
2870 4753 2926 4800 et
2950 4746 3085 4813 8l0;
3129 4745 3377 4803 Julianus
3412 4748 3467 4802 in
3499 4747 3674 4803 Chro-

2080 4815 2218 4878 nico,
2253 4832 2405 4872 num.
2438 4815 2565 4882 409.,
2591 4816 2716 4870 411.

2152 4887 2219 4959 (j)
2247 4888 2380 4959 Vide
2397 4888 2725 4959 Ludovieum
2738 4886 2967 4959 Aleazar
2979 4887 3033 4959 in
3049 4887 3427 4959 Apocalypsin,
3441 4903 3563 4959 pag.
3579 4888 3668 4959 89.

2153 4958 2226 5042 (It)
2261 4958 2340 5014 De
2363 4958 2514 5013 Beati
2542 4961 2732 5042 γνησίῳ
2756 4957 2820 5040 in.
2838 4957 3197 5042 Anpoealypsin
3224 4957 3450 5042 Joannis
3471 4957 3673 5042 inLedito

2081 5027 2343 5085 hactenus
2369 5027 2778 5093 commentario,
2807 5027 3235 5085 inferius'sermo
3259 5029 3476 5085 redibit.
3502 5028 3673 5083 Arca-

2082 5099 2178 5155 rici
2205 5108 2386 5169 autem
2418 5099 2532 5169 sive
2567 5097 2847 5158 Areharici
2877 5097 3225 5169 Bracarensis
3254 5100 3323 5156 ad
3348 5100 3670 5169 Elipanoum

2080 5168 2327 5240 epistola,
2356 5167 2511 5236 cujus
2530 5177 2720 5240 noster
2757 5169 2859 5227 hoc
2888 5168 3009 5225 loco
3044 5170 3290 5225 meminit
3323 5171 3389 5226 de
3422 5167 3538 5240 eius
3567 5169 3673 5225 lide

2080 5239 2353 5305 dubitans,
2380 5254 2499 5311 sese
2526 5239 2637 5309 ipsa
2660 5240 3084 5311 commentitiam
3110 5241 3333 5311 herique
3356 5239 3458 5311 aut
3474 5241 3673 5311 nudius

2080 5310 2273 5367 tertius
2298 5310 2587 5383 confictam
2613 5310 2812 5378 prodit.
2839 5326 2868 5383 ρ
2903 5309 3126 5383 Μίτίίίοθ
3149 5309 3383 5383 (incipit)
3411 5327 3499 5368 me
3526 5310 3674 5383 dele-

2079 5388 2364 5452 ctaverunt
2405 5380 2599 5435 littera:
2642 5379 2984 5452 paternitatis
3028 5379 3245 5447 vestrae,
3283 5379 3490 5452 'qu'ibus
3533 5381 3670 5437 mihi

2078 5451 2395 5523 signiﬁcatis
2422 5449 3022 5535 vosﬂcoramPatribu‘s
3047 5452 3118 5535 ad
3141 5449 3443 5535 copeiliunl
3457 5453 3673 5535 To‘letaf

2080 5539 2206 5578 num
2249 5523 2590 5646 congregatis
2632 5523 2847 5576 stetisse
2887 5523 3170 5580 sententiae
3200 5523 3257 5580 S.
3294 5524 3363 5578 Μ.
3402 5524 3466 5579 Ε.
3505 5524 3571 5579 ll.
3613 5531 3672 5578 et

2079 5591 2357 5674 iussibus"
2384 5590 2491 5674 ._D.
2523 5589 2799 5674 apostolici
2828 5591 3051 5674 Andriani
3085 5595 3458 5674 benevolasiet
3484 5592 3672 5674 faciles

2079 5657 2237 5736 aures
2274 5657 2602 5736 adhibuisse,
2633 5673 2743 5736 _c_tc.
2789 5662 3532 5736 ipltisum‘teneatistApud
3562 5657 3681 5736 Ta:

2079 5733 2281 5791 maium
2317 5732 2594 5805 Martyrol.
2630 5733 2782 5806 llisp.
2815 5733 2878 5792 T.
2907 5732 2959 5801 l,
2994 5734 3062 5790 ad
3090 5736 3230 5794 diem
3260 5736 3327 5793 19
3356 5730 3661 5792 Februarii.
