4028 6176
414 242 518 302 839

1234 236 1637 305 ELIPANDUS,
1674 235 1901 304 FELIX,
1939 236 2288 294 HETERIUS
2322 237 2413 293 ET
2454 238 2512 294 S.
2552 237 2848 296 BEATUS.

3585 243 3701 300 860

1286 532 1953 651 ELIPANDI
1985 628 1996 639 .
2033 469 2813 642 EPISTOLIE.

1660 786 1756 851 (Ex
1778 784 1967 846 Florez,
1986 781 2175 844 Espana
2196 783 2442 845 sagrada.)

898 986 1236 1047 EPISTOLA
1285 983 1518 1042 PRIMA.

799 1100 867 1140 AD
907 1095 933 1123 ⁸
973 1095 1236 1138 ΙΙῧῐ-ἒτιυὶί
1281 1090 1630 1133 HERETICUI.

498 1179 551 1232 l.
586 1174 882 1247 Epistulam
918 1182 1086 1238 tuam,
1131 1169 1349 1226 modulo
1379 1166 1613 1221 libellari
1647 1170 1908 1232 aptatam,
1946 1158 2014 1213 de

425 1265 861 1322 tnmulo.cordis
901 1263 978 1318 tui
1024 1260 1284 1317 horriﬁco
1337 1264 1600 1322 exortam,
1659 1254 1725 1310 de
1770 1252 2017 1307 cineroso

426 1358 665 1427 pectoris
706 1356 785 1410 tui
828 1353 1075 1425 sepulcro
1122 1350 1411 1420 prolatam,
1460 1362 1570 1421 non
1618 1359 1750 1400 voce
1786 1342 2019 1399 interro—

431 1451 629 1522 gantis,
659 1446 753 1502 sed
790 1445 1019 1517 imperio
1043 1441 1286 1499 docentis
1310 1439 1585 1509 scriptam,
1615 1437 1745 1491 olim
1770 1431 2017 1503 suscepi-

432 1555 554 1595 mus
594 1537 955 1608 relegendam.
999 1532 1266 1597 Vidimus,
1301 1530 1545 1600 inquam,
1578 1526 1833 1590 vidimus,
1865 1532 1919 1580 et
1947 1523 2019 1578 ir-

433 1629 654 1685 risimus
681 1625 882 1680 fatuam
910 1632 964 1677 et
995 1621 1339 1691 insipientem
1367 1617 1549 1673 cordis
1576 1616 1656 1672 tui
1686 1614 1978 1670 amentiam
2005 1627 2020 1667 :

436 1720 702 1783 Vidimus,
748 1726 805 1771 et
850 1707 985 1770 risui
1030 1714 1248 1784 dignam
1297 1708 1665 1780 reputavimus
1708 1720 1902 1761 sensus
1943 1703 2022 1758 tui

433 1809 725 1880 ignaviam.
765 1805 901 1861 Inibi
935 1801 1314 1873 prospeximus
1361 1798 1488 1867 quia
1529 1796 1618 1852 ille
1651 1804 1749 1865 per
1776 1810 1840 1850 os
1871 1801 2019 1848 tuum

436 1900 648 1956 locutus
685 1905 789 1962 est,
833 1895 925 1965 qui
966 1894 1137 1949 dixit:
1167 1892 1276 1947 Ero
1307 1890 1531 1961 spiritus
1566 1889 1798 1944 mendax
1836 1887 1889 1942 in
1928 1900 2025 1942 ore

434 1990 821 2060 prophetarum
860 1985 1020 2039 illius.
1060 1983 1137 2038 lbi
1180 1981 1370 2052 procul
1415 1980 1579 2037 dubio
1621 1980 1858 2034 vidimus
1895 1979 2023 2048 quia

436 2090 495 2135 tu
531 2095 589 2134 es
614 2080 702 2133 ille
732 2078 797 2132 de
822 2090 930 2146 quo
961 2073 1249 2129 Psalmista
1277 2073 1354 2126 ait
1383 2090 1395 2125 :
1426 2071 1600 2126 Verba
1638 2070 1750 2124 oris
1775 2067 1894 2136 ejus
1920 2068 2026 2122 ini-

440 2172 620 2241 quitas
652 2178 708 2224 et
742 2169 913 2233 dolus,
965 2166 1139 2222 noluit
1170 2163 1470 2236 intelligere
1516 2170 1576 2217 ut
1620 2164 1759 2218 bene
1798 2168 2020 2231 ageret:

439 2260 780 2329 iniquitatem
826 2257 1116 2311 meditatus
1155 2262 1240 2310 est
1270 2254 1324 2308 in
1354 2253 1517 2309 cubili
1550 2269 1668 2308 suo.
1712 2253 1780 2307 Et
1828 2252 2023 2307 iterum

438 2350 507 2406 de
534 2324 748 2419 vquibus
806 2346 933 2401 alibi
976 2345 1244 2416 Propheta
1292 2344 1405 2398 ait:
1430 2344 1737 2399 Docuerunt
1785 2343 2022 2413 linguam
2054 2324 2102 2384 Β

441 2457 596 2496 suam
632 2439 777 2510 loqui
805 2438 1177 2503 mendacium;
1206 2445 1267 2492 ut
1286 2436 1470 2507 inique
1496 2446 1719 2508 agerent
1746 2436 2027 2490 laborave-

443 2541 590 2590 runt.

514 2625 567 2679 2.
607 2625 989 2680 Verumtamen
1035 2631 1325 2693 antequam
1350 2621 1418 2675 ad
1442 2635 1543 2675 nos
1565 2620 1765 2689 scripta
1796 2618 2029 2674 vesaniae

446 2725 553 2771 tuae
573 2715 779 2786 perlata
810 2712 1039 2769 fuissent
1064 2729 1078 2766 :
1108 2721 1400 2782 antequam
1437 2710 1572 2767 odor
1595 2712 1883 2766 verborum
1918 2718 2032 2764 tuo-

453 2822 594 2872 rum,
626 2806 781 2861 nobis
805 2803 1177 2871 fetidissimus,
1215 2805 1524 2874 aspirasset,
1566 2818 1781 2857 rumore
1812 2817 2033 2871 percur-

446 2907 599 2956 rente
643 2894 788 2968 vulgi
831 2896 1174 2968 insipientis,
1220 2895 1479 2950 nonnulla
1523 2896 1593 2950 de
1629 2902 1681 2949 te
1727 2903 1873 2949 recta
1912 2909 2033 2949 esse

447 2989 801 3045 credebamus
825 3003 840 3053 ;
873 2995 1159 3057 postquam
1188 2995 1366 3041 tamen
1398 2986 1642 3040 stultitim
1671 2985 1876 3040 ntenias
1899 2983 2033 3039 vidi-

448 3094 586 3144 mus,
630 3080 812 3134 statim
852 3095 958 3134 non
990 3079 1166 3134 solum
1197 3094 1316 3143 nos,
1349 3078 1442 3133 sed
1463 3084 1517 3132 et
1537 3077 1715 3134 omnis
1742 3085 1917 3133 status
1944 3093 2033 3133 ca-

450 3171 664 3227 tholica:
691 3170 815 3226 ﬁdei
850 3178 901 3224 te
930 3178 986 3224 et
1018 3184 1237 3224 omnem
1269 3167 1462 3223 fetoris
1494 3166 1575 3221 tui
1603 3168 1902 3223 doctrinam
1940 3182 2036 3222 ex-

452 3261 805 3327 horruimus,
881 3267 938 3315 et
997 3266 1259 3328 perpetuo
1325 3257 1671 3311 anathemate
1740 3254 2036 3312 feriendam
2106 3266 2109 3269 '

448 3353 478 3393 δ
500 3351 895 3408 damnabimns.
921 3350 1131 3403 Revera
1170 3347 1293 3418 quia
1338 3347 1557 3419 dignum
1584 3354 1668 3402 est
1699 3354 1758 3401 ut
1784 3361 1877 3402 eos
1902 3362 2038 3415 quos

449 3444 547 3500 Dei
586 3443 754 3499 Filius
794 3457 890 3512 per
930 3440 1350 3511 praevenientem
1388 3438 1618 3508 gratiam
1667 3438 1733 3494 de
1776 3437 2038 3507 sepulcris

450 3535 814 3590 hmreseorum
845 3531 1155 3585 nullomodo
1184 3530 1441 3594 suscitat,
1490 3529 1735 3598 discipuli
1779 3527 1898 3598 ejus
1929 3544 2038 3583 non

452 3624 627 3679 solum
668 3637 1010 3691 nequaquam
1038 3635 1132 3676 eos
1158 3621 1368 3676 solvere
1410 3636 1519 3675 non
1554 3628 1899 3690 praasumant,
1945 3621 2038 3676 sed

451 3714 615 3768 etiam
644 3711 910 3781 profundo
935 3711 1298 3767 anathematis
1328 3709 1613 3781 sarcofago
1656 3725 2041 3781 usquequaque

455 3804 780 3871 dimergant,
811 3819 879 3857 ne
909 3803 1136 3858 ulterius
1163 3803 1350 3858 talium
1376 3804 1666 3858 verborum
1702 3801 1843 3858 fetor
1863 3818 2043 3858 erum-

455 3899 569 3961 pat,
612 3891 733 3945 illos
755 3891 1004 3960 discipuli
1044 3891 1252 3947 Christ:
1288 3893 1362 3946 ita
1390 3892 1505 3945 oris
1535 3891 1713 3961 gladio
1740 3891 1957 3957 feriant,
1983 3899 2044 3945 ut

457 3980 685 4035 ulterius
724 3996 828 4035 non
853 3980 1024 4034 solum
1070 3997 1355 4052 resurgere
1392 3983 1607 4051 penitus
1634 3989 1923 4050 nequeant,
1954 3996 2045 4036 ve-

459 4085 579 4127 rum
606 4070 769 4125 etiam
804 4069 1062 4125 eradicati
1100 4070 1342 4127 funditus
1379 4079 1622 4140 pereant,
1654 4071 1746 4138 qui
1782 4072 2045 4127 unitatem

457 4162 584 4216 ﬁdei
605 4161 885 4217 catholica),
904 4163 1184 4217 venenatis
1205 4162 1595 4217 assertionibus
1614 4161 1918 4217 discindere
1939 4179 2046 4218 non

458 4254 768 4311 formidant.
792 4255 1023 4325 Ideoque
1044 4258 1331 4313 ostendere
1351 4256 1631 4326 cupientes
1663 4263 1715 4310 te
1742 4256 1943 4311 erroris
1969 4256 2047 4310 tui

457 4346 637 4401 socios
684 4345 1036 4402 fabricatores
1084 4347 1370 4412 mendacii,
1407 4355 1462 4401 et
1492 4347 1729 4403 cultores
1765 4363 2049 4417 perverso-

461 4452 581 4491 rum
622 4437 956 4508 dogmatum,
998 4446 1312 4493 sanctarum
1361 4437 1762 4508 Scripturarum
1802 4441 2049 4498 testimo-

461 4531 567 4585 niis
614 4531 667 4584 in
717 4530 967 4584 solatium
1019 4532 1192 4584 nostri
1242 4530 1519 4598 adhibitis,
1570 4541 1847 4601 przeeunte
1894 4513 2051 4587 nobis

465 4634 488 4661 ο
528 4620 663 4676 Filio
705 4620 803 4675 Dei
842 4623 897 4675 in
943 4622 1194 4677 columna
1232 4622 1391 4677 nubis
1434 4638 1532 4693 per
1576 4623 1738 4688 diem,
1785 4630 1840 4677 et
1872 4623 1927 4677 in
1961 4639 2053 4679 co-

463 4708 647 4763 lumna
687 4708 825 4776 ignis
850 4724 947 4777 per
974 4719 1212 4775 noctem,
1246 4710 1438 4766 armati
1479 4711 1594 4766 zelo
1634 4711 1756 4766 ﬁdei
1789 4712 1842 4766 in
1862 4727 2054 4769 occur-

461 4814 584 4855 sum
616 4799 713 4864 tui,
767 4807 826 4855 ut
875 4816 1003 4856 vere
1042 4811 1230 4857 contra
1260 4804 1473 4857 hostem
1521 4803 1746 4868 Christi,
1795 4807 2054 4875 egredere

463 4892 687 4946 nitimur
712 4892 955 4949 dicentes
983 4912 995 4948 :
1024 4895 1269 4965 lncrepet
1303 4896 1565 4951 Dominus
1597 4896 1650 4951 in
1690 4904 1742 4952 te
1773 4896 1962 4963 Satan,
2001 4907 2056 4953 et

2064 3673 2112 3738 α

2034 977 2084 1035 Δ
2112 976 2359 1046 protinus
2403 976 2729 1044 ulciscatur;
2769 992 2840 1033 ne
2879 986 3069 1034 contra
3114 993 3310 1034 canem
3359 979 3553 1035 leviter
3598 994 3708 1038 nos

2119 1068 2434 1123 mussitasse
2478 1069 2792 1135 videamur;
2847 1078 2908 1124 ut
2960 1070 3255 1125 conterrita
3314 1071 3524 1136 rabies,
3580 1087 3708 1143 qua:

2119 1168 2305 1215 contra
2344 1170 2591 1217 sanctum
2622 1160 2815 1218 divina:
2844 1162 3129 1218 Trinitatis
3156 1165 3476 1235 mysterium
3519 1165 3703 1233 latrat,

2122 1250 2446 1306 auctoritate
2474 1252 2623 1307 vocis
2648 1251 2792 1308 illico
2820 1253 3232 1323 comprimatur.
3280 1254 3399 1309 Non
3435 1256 3580 1310 enim
3625 1255 3705 1312 fo-

2122 1350 2304 1396 mento
2350 1342 2461 1396 vini
2493 1350 2548 1397 et
2576 1342 2680 1396 olei
2726 1350 2816 1397 tua
2850 1341 2967 1411 jam
3001 1344 3243 1400 curanda
3290 1354 3377 1400 est
3421 1346 3706 1417 agritudo,

2124 1433 2219 1487 sed
2246 1433 2442 1503 gladio,
2472 1448 2539 1487 ex
2564 1442 2794 1504 utraque
2828 1443 2983 1503 parte
3017 1443 3197 1501 acuto,
3236 1442 3328 1489 tua
3366 1436 3708 1506 praecidenda

2124 1531 2207 1579 est
2233 1524 2487 1579 diuturna
2512 1525 2760 1595 putredo.
2788 1526 2947 1581 Prius
2972 1526 3191 1595 quidem
3215 1533 3421 1581 turrem
3445 1527 3710 1596 superbia:

2125 1622 2233 1671 tuze
2260 1616 2428 1670 ariete
2449 1614 2678 1684 justitlze
2705 1616 2904 1672 elidere
2935 1616 3184 1683 nitimur,
3234 1632 3304 1673 ne
3341 1618 3534 1673 umbra
3561 1633 3712 1672 erro-

2124 1709 2202 1763 ris
2225 1706 2342 1777 ejus
2375 1708 2639 1763 exitiabili
2669 1708 2860 1763 morbo
2885 1707 3131 1763 fidelibus
3166 1709 3526 1780 impendatur.
3552 1708 3716 1765 Prius

2127 1803 2377 1855 amentia:
2403 1808 2508 1855 tua:
2540 1800 2801 1854 fabricam
2828 1800 3057 1856 rationis
3082 1801 3257 1871 lapide
3281 1809 3523 1856 evertere
3548 1816 3715 1856 cona-

2126 1908 2269 1957 mur,
2323 1907 2393 1947 ne
2436 1891 2462 1932 δ
2508 1893 2903 1947 munimentum
2956 1893 3287 1949 defensionis
3334 1894 3716 1964 insipientibus

2125 1983 2370 2052 praebere
2418 1992 2680 2037 conetur:
2728 1982 2782 2036 in
2826 1998 2891 2037 eo
2922 1984 3129 2039 scilicet
3159 1985 3302 2054 quod
3330 2000 3439 2039 non
3475 1985 3716 2040 interro-

2127 2073 2322 2142 gantis,
2363 2074 2457 2129 sed
2479 2074 2630 2144 prius
2670 2072 2913 2129 docentis
2953 2075 3250 2145 arripueris
3290 2072 3546 2140 officium,
3588 2090 3714 2130 cum

2094 2218 2101 2219 ,
2127 2164 2243 2233 ipse
2269 2165 2528 2221 Dominus
2562 2173 2615 2221 et
2642 2165 2972 2236 Redemer
3001 2181 3033 2221 e
3061 2167 3356 2231 contrario,
3395 2165 3720 2221 humilitatis

2129 2256 2391 2312 exhibens
2434 2256 2685 2324 formam,
2736 2272 2842 2312 non
2887 2258 3042 2327 prius
3065 2258 3120 2312 in
3142 2257 3341 2327 templo
3363 2256 3583 2323 docens,
3622 2258 3719 2312 sed

2128 2346 2469 2418 interrogans
2493 2348 2661 2402 voluit
2682 2348 2932 2402 inveniri.
2961 2348 3112 2403 Unde
3132 2356 3189 2403 et
3206 2349 3398 2404 beatus
3423 2345 3721 2417 Gregorius

2128 2443 2261 2498 recti
2309 2440 2521 2494 itineris
2559 2440 2750 2494 callem
2779 2454 3008 2509 pergere
3036 2439 3380 2510 cupientibus
3414 2438 3716 2499 insinuans,

2127 2533 2299 2588 dicit:
2334 2531 2529 2586 «Nulla
2566 2547 2655 2587 res
2692 2532 2897 2601 absque
2939 2532 3200 2602 magistro
3231 2532 3411 2587 doceri
3439 2529 3722 2602 praesumi-

2128 2632 2248 2688 tur,
2304 2621 2412 2677 nisi
2459 2621 2666 2675 intenta
2711 2621 2865 2691 prius
2919 2620 3276 2707 meditatione
3310 2621 3569 2675 discatur.
3600 2638 3617 2670 ›
3653 2617 3723 2671 Et

2129 2714 2329 2769 iterum
2372 2713 2501 2768 alibi
2531 2730 2543 2765 :
2579 2732 2597 2763 ‹
2619 2711 2784 2779 Quasi
2829 2711 2977 2767 enim
3017 2712 3292 2781 quoddam
3327 2711 3721 2766 nutrimentum

2131 2806 2283 2862 verbi
2306 2813 2391 2860 est
2417 2820 2647 2860 censura
2684 2804 2923 2859 silentii:
2954 2804 3023 2858 Et
3068 2812 3215 2859 recte
3250 2818 3350 2875 per
3387 2807 3723 2859 crescentem

2132 2912 2347 2969 quoque
2391 2896 2621 2967 gratiam
2670 2909 2974 2952 sermonem
3036 2896 3295 2952 doctrina:
3345 2896 3574 2965 accipit,
3629 2894 3722 2963 qui

2132 2990 2382 3046 ordinate
2409 2996 2534 3043 ante
2572 3003 2669 3058 per
2703 2987 3060 3042 humilitatem
3095 2993 3254 3041 tacet.
3285 2984 3424 3040 Ilinc
3448 2986 3597 3039 enim
3625 2999 3726 3054 per

2137 3081 2484 3138 Salomonem
2515 3079 2713 3134 dicitur
2742 3097 2755 3132 :
2792 3078 3012 3149 Tempus
3057 3077 3284 3141 tacendi,
3329 3090 3377 3131 et
3407 3087 3616 3147 tempus
3648 3075 3726 3129 ιο-

2134 3169 2349 3242 ιμιεκάὶ.
2381 3168 2496 3222 Non
2529 3166 2674 3222 enim
2704 3167 2819 3221 ait:
2852 3167 3087 3236 Tempus
3122 3165 3397 3235 loquendi,
3430 3173 3488 3219 et
3517 3173 3729 3234 tempus

2136 3262 2349 3317 tacendi
2377 3278 2391 3328 ;
2436 3261 2529 3316 sed
2553 3260 2702 3331 prius
2732 3260 2945 3314 tacendi
2978 3260 3259 3330 praemisit,
3301 3266 3355 3314 et
3382 3258 3728 3330 postmodum

2139 3353 2377 3410 subdidit
2411 3350 2685 3421 loquendi.
2710 3370 2728 3401 ι
2770 3350 2970 3405 Beatus
3015 3366 3232 3421 quoque
3278 3349 3463 3414 Efren,
3496 3358 3548 3403 te
3572 3357 3628 3404 et
3652 3349 3730 3405 si—

2139 3444 2297 3499 miles
2340 3450 2461 3497 tuos
2484 3441 2806 3512 praevidens,
2847 3441 2922 3494 ita
2965 3440 3179 3496 loeutus
3219 3448 3303 3495 est
3344 3440 3563 3494 dicens:
3592 3456 3610 3488 ι
3634 3438 3730 3493 Et-

2142 3534 2287 3589 enim
2320 3532 2412 3602 qui
2452 3532 2600 3586 venit
2634 3530 2862 3594 institui,
2914 3537 3204 3599 antequam
3254 3529 3586 3593 instituatur,
3611 3527 3728 3596 jam

2145 3623 2282 3678 alios
2325 3621 2608 3677 instituere
2650 3622 2820 3691 cupit,
2869 3628 2925 3676 et
2972 3620 3166 3675 docere
3207 3628 3497 3694 antequam
3531 3619 3724 3674 discat.

2145 3717 2470 3787 Priusquam
2517 3714 2814 3780 erudiatur,
2866 3712 3211 3783 promulgare
3270 3712 3385 3766 vult
3429 3712 3645 3782 legem:
3675 3719 3730 3766 et

2142 3813 2432 3876 antequam
2473 3812 2665 3860 noscat
2697 3804 2940 3859 ordinem
2972 3803 3322 3874 syllabarum,
3359 3802 3726 3873 philoSOphari

2144 3897 2381 3967 incipiet.
2436 3895 2756 3965 Priusquam
2799 3894 3117 3964 subjiciatur
3164 3908 3264 3963 pro
3307 3893 3479 3948 salute
3532 3891 3726 3945 anima:

2145 4002 2274 4048 sua},
2322 3987 2438 4041 vult
2479 3987 2679 4041 habere
2705 3984 2978 4053 subjech
3006 3999 3021 4039 :
3055 3992 3110 4039 et
3133 3992 3421 4049 antequam
3452 3981 3725 4037 seniorum

2139 4078 2307 4148 jussis
2359 4078 2725 4146 obtemperet,
2777 4077 3001 4145 arripiet
3040 4074 3281 4143 jubentis
3325 4074 3562 4129 ollicium
3609 4087 3626 4125 :
3672 4080 3729 4126 et

2146 4178 2434 4239 antequam
2486 4179 2510 4207 ε
2538 4167 2746 4222 ratione
2780 4176 2836 4221 et
2872 4166 3076 4220 virtute
3107 4164 3446 4221 discretionis
3494 4162 3729 4216 instrua-

2148 4269 2255 4327 tur,
2304 4261 2575 4314 instruere
2617 4257 2753 4313 alios
2802 4271 2867 4310 ac
2916 4270 3138 4310 monere
3194 4259 3438 4322 usurpat.
3500 4251 3729 4319 Ideoque

2148 4351 2371 4421 dignum
2401 4357 2486 4403 est
2516 4357 2575 4402 ut
2596 4348 2700 4401 iste
2733 4345 2858 4400 talis
2895 4346 3153 4415 magister
3192 4342 3463 4398 mendacii
3504 4341 3728 4403 existat,
3763 4348 3774 4362 ‘

2150 4444 2239 4513 qui
2266 4441 2559 4509 discipulus
2580 4439 2824 4494 veritatis
2848 4454 2966 4493 esse
2989 4445 3223 4501 recusat,
3245 4444 3300 4491 et
3320 4437 3510 4491 doctor
3533 4433 3732 4488 erroris

2150 4540 2425 4605 appareat,
2453 4532 2544 4601 qui
2575 4531 2819 4586 docentis
2847 4530 2864 4568 τ
2899 4529 3204 4600 imperium,
3244 4525 3423 4583 fronte
3455 4534 3727 4596 proterva,

2151 4640 2430 4684 assumere
2453 4641 2562 4679 non
2587 4622 2861 4678 formidat.
2887 4642 2906 4675 ι

2221 4719 2276 4773 5.
2317 4716 2469 4784 Quod
2498 4722 2677 4769 autem
2714 4714 2769 4768 in
2799 4712 3067 4783 principio
3095 4709 3363 4766 schedulm
3392 4717 3498 4764 tua:
3530 4706 3736 4763 fetidis-

2153 4811 2305 4866 simae
2330 4816 2440 4865 tres
2467 4821 2727 4878 personas
2755 4819 3043 4875 corporeas
3079 4804 3133 4857 in
3160 4801 3451 4857 Bivinitate
3474 4815 3597 4855 esse
3615 4814 3737 4869 pro-

2158 4903 2394 4967 testaris,
2434 4900 2706 4956 dicendo:
2748 4896 2892 4967 quod
2937 4895 3117 4950 Patris
3157 4908 3388 4964 persona
3434 4891 3736 4962 specialiter

464 4983 709 5081 increpet
758 4985 813 5081 in
845 4993 917 5051 te,
962 4985 1058 5081 qui
1100 4984 1624 5081 elegit‘Jernsalem.
1667 4987 1787 5043 Tibi
1832 4988 2049 5055 dicitur,
2081 5020 2136 5081 Β
2162 4993 2328 5047 David
2348 5006 2468 5046 esse
2490 4988 2763 5054 credatur,
2788 5001 2853 5043 eo
2873 4986 3015 5055 quod
3037 4985 3152 5055 ipse
3173 4984 3241 5039 de
3262 4983 3554 5053 semetipso
3575 4982 3733 5044 dicat,

468 5072 671 5143 Migeti,
699 5075 791 5143 qui
816 5075 1212 5144 cognominaris
1264 5075 1517 5142 Satanas,
1572 5078 1709 5132 vade
1747 5086 1911 5132 retro.
1963 5079 2054 5133 Di-

465 5180 634 5235 gnum
677 5173 733 5222 et
770 5166 976 5235 justum
1007 5177 1090 5223 est
1135 5177 1195 5223 ut
1243 5171 1334 5224 tali
1389 5170 1609 5227 stimulo
1662 5170 1907 5238 feriatur,
1960 5173 2054 5242 qui

446 5272 655 5317 ‘contra
688 5263 927 5333 regulam
953 5264 1232 5320 catholica)
1273 5265 1396 5321 ﬁdei
1435 5267 1702 5337 superbim
1739 5266 2054 5322 calcaneum

467 5351 681 5409 elevare
710 5364 971 5424 conatur,
1025 5364 1085 5412 ut
1125 5357 1499 5428 hujuscemodi
1547 5359 1782 5429 pugione
1823 5357 2052 5429 justitia:

543 5496 570 5558 ξ
601 5483 729 5558 his"
768 5484 1015 5558 Iguium:

546 5553 575 5592 b
599 5554 719 5621 Ms.,
748 5553 1103 5618 damnabitur.

550 5632 571 5661 ε
603 5623 725 5691 518.,
757 5624 973 5683 Filium.

2159 5084 2430 5141 Eructavit
2455 5099 2546 5137 cor
2565 5097 2737 5136 meum
2758 5078 2967 5133 verbum
2987 5076 3208 5140 bonum;
3232 5083 3286 5129 et
3314 5074 3510 5128 iterum
3535 5073 3601 5127 de
3626 5073 3735 5142 ipso

2160 5179 2329 5233 David
2350 5176 2601 5231 credatur
2621 5187 2742 5229 esse
2765 5172 2987 5231 dictum,
3016 5168 3137 5225 Non
3157 5166 3482 5238 derelinques
3508 5166 3736 5219 animum

2159 5286 2327 5323 meam
2365 5269 2422 5322 in
2453 5267 2678 5339 inferno,
2718 5280 2879 5335 neque
2905 5262 3055 5316 dabis
3093 5259 3345 5316 Sanctum
3385 5267 3533 5313 tuum
3574 5252 3736 5310 videre

2160 5360 2564 5430 corruptionem.
2613 5358 2681 5411 Et
2735 5357 2931 5410 iterum
2973 5368 3205 5425 persona
3247 5350 3369 5407 Filii
3411 5348 3505 5404 Dei
3546 5358 3737 5401 asscns

2233 5493 2259 5533 ἀ
2292 5493 2411 5555 Ms.,
2439 5493 2781 5546 munimento.

2239 5578 2261 5603 ε
2302 5565 2422 5628 Ms.,
2452 5564 2704 5616 rationem
2731 5571 2777 5616 et
2806 5561 3063 5616 virtutem.

2241 5634 2257 5673 ί
2288 5634 2408 5690 Ms”
2438 5634 2672 5687 imperio.
