4028 6176
354 311 455 371 8t?!

1630 312 1947 371 ELIPANDI
1985 304 2363 373 EPISTOLIEQ

3525 329 3630 386 863

353 431 501 503 quod
539 445 603 486 ea
643 430 715 486 sit
753 430 985 488 secunda
1022 431 1078 486 in
1110 431 1376 487 Trinitate
1406 444 1661 501 persma,
1688 447 1808 502 qua:
1850 445 1936 485 as-
1962 427 2013 487 Δ
2043 429 2195 487 nefas
2236 440 2340 499 est,
2382 440 2437 487 et
2474 449 2584 489 non
2627 434 2696 489 de
2729 434 2890 490 Patre
2925 437 3142 507 genitus
3180 447 3263 495 est
3296 440 3413 498 sine
3454 443 3628 501 initio.

356 529 570 592 sumpta
616 532 702 577 est
743 521 811 577 de
844 523 1081 594 Virgine,
1116 521 1433 578 allirmando
1474 538 1605 578 voce
1648 523 1941 593 apostolica

355 612 580 667 dicens:
619 611 724 677 Qui
764 613 936 682 factus
983 620 1057 668 est
1103 613 1168 667 de
1214 615 1407 667 semine
1441 612 1611 668 Darid
1658 613 1943 668 secundum

354 717 591 757 carnem.
624 702 807 758 Tertia
840 717 967 758 vero
990 717 1219 773 persona
1252 702 1489 773 Spiritus
1516 704 1687 758 sancti
1716 704 1942 758 Paulum

354 792 662 863 apostolum
692 808 812 848 esse
840 793 994 858 dicis,
1026 793 1377 863 protestaudo
1411 791 1555 860 quod
1581 792 1647 846 de
1692 806 1758 846 co
1787 790 1941 845 Psal-

354 886 518 941 mista
545 885 690 941 dicat
719 902 731 938 :
767 884 996 955 Spiritus
1035 886 1141 938 oris
1176 884 1291 954 ejus
1336 883 1503 936 omnis
1536 883 1696 936 virtus
1726 897 1941 936 eorum:

353 982 413 1032 et
449 976 576 1046 quia
602 975 852 1031 Christus
881 975 975 1029 Dei
1012 975 1182 1030 Filius
1215 975 1281 1029 de
1324 989 1389 1029 eo
1436 974 1579 1029 dicat
1619 992 1630 1026 :
1689 973 1938 1043 Spiritus,

351 1067 445 1136 qui
477 1085 511 1120 a
539 1066 702 1121 Patre
738 1083 852 1121 meo
878 1068 1131 1137 procedit,
1163 1065 1251 1120 ille
1282 1083 1369 1120 vos
1398 1066 1598 1120 docebit
1628 1082 1831 1119 omnem
1863 1082 1945 1119 ve-

352 1163 587 1216 ritatem.
630 1160 756 1215 llaec
781 1161 960 1215 omnia
990 1160 1334 1230 supradictus
1372 1160 1462 1214 ille
1491 1160 1714 1229 spiritus
1739 1159 1944 1213 erroris

357 1251 639 1306 mendacio
685 1250 894 1321 plenus,
938 1267 1034 1321 per
1068 1266 1131 1306 os
1159 1260 1311 1305 tuum
1356 1251 1689 1305 mendaciter
1735 1250 1943 1305 locutus

355 1351 460 1397 est.
493 1342 657 1397 Recte
683 1343 887 1397 etenim
910 1341 977 1397 de
1005 1351 1076 1409 te,
1107 1352 1161 1399 et
1190 1355 1216 1383 ι
1246 1344 1407 1398 sociis
1434 1345 1540 1398 tu‘is
1575 1343 1716 1397 idem
1743 1342 1945 1397 Paulus

356 1434 632 1503 apostolus
648 1433 860 1489 locutus
884 1443 967 1489 est
994 1435 1178 1490 dicens
1204 1454 1216 1488 :
1249 1435 1478 1501 Quidam
1501 1436 1801 1489 aberrantes
1822 1452 1945 1488 con-

340 1525 490 1578 versi
517 1534 636 1578 sunt
666 1526 721 1578 iu
752 1523 1125 1596 vaniloquium,
1154 1525 1376 1581 volentes
1401 1544 1510 1580 esse
1537 1528 1665 1597 regis
1685 1526 1940 1589 doctores,

357 1617 643 1670 nescientes
674 1633 791 1686 qua:
824 1615 1129 1687 loquuntur,
1158 1635 1318 1688 neque
1346 1618 1409 1671 de
1437 1618 1626 1688 quibus
1661 1619 1940 1688 aﬂirmant.

358 1709 434 1763 De
454 1710 650 1778 quibus
677 1710 839 1765 etiam
874 1711 1063 1766 beatus
1088 1711 1342 1777 Isidorus,
1374 1711 1562 1767 doctor
1587 1711 1856 1782 egregius,
1888 1711 1944 1765 iu

2049 522 2183 578 Cum
2222 524 2277 577 in
2314 534 2500 580 sancta
2523 524 2786 583 Trinitate
2824 528 2956 581 nihil
2992 530 3249 585 credatur
3284 545 3407 588 esse
3440 550 3635 605 corpo-

2050 628 2221 678 reum,
2246 614 2378 670 nihil
2402 615 2577 685 majus
2595 624 2688 670 aut
2710 616 2908 683 minus,
2933 619 3201 687 quomodo
3226 620 3453 678 formam
3484 624 3634 680 illam

2046 706 2301 761 servilem
2341 708 2630 762 secundam
2676 707 2730 761 in
2769 707 3034 763 Trinitate
3078 712 3276 766 asseris
3319 729 3630 782 personam,

2049 807 2072 835 ο
2110 814 2232 852 cum
2268 798 2379 867 ipse
2409 797 2579 854 Filius
2607 800 2705 853 Dei
2748 803 3044 857 secundum
3084 818 3206 858 eam
3247 804 3476 862 formam
3526 824 3634 878 qua

2046 890 2225 945 minor
2264 902 2349 948 est
2376 893 2557 959 Patre,
2602 908 2699 965 per
2742 897 3093 966 semetipsum
3143 908 3374 955 testatur
3413 903 3631 959 dicens:

2047 979 2209 1037 Pater
2234 986 2407 1055 major
2430 1003 2509 1040 me
2539 996 2634 1041 est.
2666 987 2732 1042 Et
2766 989 2830 1043 de
2858 1005 2965 1059 qua
2994 988 3171 1045 forma
3206 1008 3308 1047 vox
3333 993 3509 1050 Patris
3534 1010 3635 1065 per

2045 1067 2369 1142 Prophetam
2413 1073 2652 1144 loquitur
2701 1075 2887 1132 dicens
2934 1095 2946 1130 :
2991 1076 3127 1132 Ecce
3170 1079 3412 1151 intelligit
3457 1099 3634 1138 servus

2046 1180 2211 1230 meus,
2232 1174 2280 1218 et
2308 1165 2646 1232 exaltabitur,
2678 1178 2725 1221 et
2751 1167 3051 1236 elevabitur,
3078 1177 3133 1225 et
3162 1179 3377 1226 cetera.
3422 1173 3487 1227 Et
3511 1184 3636 1244 post

2046 1253 2226 1323 aliqua
2257 1273 2269 1308 :
2300 1254 2571 1326 Tanquam
2613 1259 2720 1311 ovis
2751 1258 2820 1311 ad
2860 1260 3173 1315 occisionem
3221 1262 3412 1317 ductus
3450 1274 3556 1328 est,
3587 1271 3635 1319 et

2045 1346 2179 1399 sicut
2208 1362 2374 1415 agnus
2404 1364 2581 1400 eorant
2612 1347 2876 1403 tondente.

2118 1436 2171 1490 5.
2231 1437 2305 1491 De
2350 1438 2505 1491 tertia
2546 1454 2675 1493 vero
2717 1456 2947 1509 persona
2995 1440 3231 1512 Spiritus
3272 1445 3445 1500 sancti
3488 1446 3635 1515 quod

2048 1527 2204 1594 dicis,
2240 1542 2306 1582 eo
2331 1529 2475 1604 quod
2504 1529 2703 1584 Paulus
2734 1533 2823 1597 sit,
2863 1528 3093 1589 dicendo
3118 1536 3263 1605 quod
3298 1538 3363 1592 de
3392 1553 3456 1593 co
3484 1535 3636 1593 Scri-

2048 1629 2205 1691 ptura
2235 1622 2380 1676 dicat
2414 1641 2425 1676 :
2467 1622 2699 1694 Spiritus
2728 1627 2834 1680 oris
2872 1627 2986 1698 ejus
3018 1631 3187 1684 omnis
3225 1632 3386 1685 virtus
3414 1646 3634 1700 eorum;

2049 1721 2104 1766 et
2131 1712 2324 1767 iterum
2344 1728 2409 1768 eo
2430 1715 2575 1784 quod
2601 1715 2715 1786 ipse
2738 1717 2803 1771 de
2829 1726 3119 1789 semetipso
3142 1720 3392 1789 loquatur
3411 1721 3628 1777 dicens:

356 1801 472 1854 suis
511 1802 850 1871 dogmatibus
896 1801 969 1855 ita
1012 1802 1250 1871 loquitur
1293 1802 1479 1857 dicens
1515 1820 1530 1857 :
1577 1820 1594 1852 ι
1631 1802 1942 1871 Scripturas
1974 1782 2019 1842 Β
2048 1798 2172 1855 Non
2212 1802 2277 1855 ab
2315 1782 2541 1868 homine,
2576 1782 2737 1875 neque
2768 1823 2861 1876 per
2899 1782 3189 1873 hominem,
3212 1782 3311 1863 sed
3350 1827 3442 1881 per
3466 1810 3637 1864 Deum

355 1890 596 1947 heretici
625 1909 759 1948 sano
796 1907 957 1947 sensu
986 1909 1092 1948 nou
1127 1895 1386 1949 sentiunt.
1430 1895 1552 1950 Ideo
1580 1910 1674 1949 eas
1704 1893 1771 1948 ad
1794 1908 1944 1948 erro-

358 1999 478 2038 rem
530 2000 710 2054 prava:
761 1984 1130 2055 intelligentia:
1165 1986 1488 2055 perducunt,
1532 2001 1707 2056 neque
1750 1995 1947 2042 semet-

357 2074 509 2146 ipsos
534 2090 720 2129 earum
766 2075 1015 2130 sensibus
1045 2077 1307 2140 subdunt,
1351 2078 1446 2132 sed
1474 2093 1566 2131 eas
1597 2092 1850 2147 perverse
1877 2077 1944 2131 ad

357 2179 599 2219 errorem
623 2164 899 2234 preprimu
931 2165 1268 2234 pertralumt.
1304 2187 1322 2218 ι
1354 2166 1419 2220 Ει
1447 2166 1641 2221 iterum
1667 2185 1678 2219 :
1718 2185 1735 2217 ι
1765 2167 1947 2222 litare-

358 2259 452 2312 tici
483 2258 680 2327 ingenti
708 2258 883 2313 studio
907 2258 1183 2311 mendacia
1210 2274 1305 2311 sua
1331 2257 1642 2323 defendunt,
1687 2267 1742 2311 et
1766 2259 1949 2312 labore

358 2351 684 2415 vehementi,
718 2366 783 2404 ne
814 2351 878 2403 ad
912 2351 1170 2405 unitatem
1204 2351 1457 2406 Ecclesia:
1486 2352 1705 2406 veniant
1750 2353 1947 2408 dehor-

361 2453 563 2497 tantur.
600 2461 619 2495 ι
649 2442 809 2497 Certe
839 2443 885 2497 si
918 2458 1025 2497 uou
1052 2451 1133 2497 est
1162 2443 1235 2496 ita
1263 2443 1405 2512 quod
1435 2442 1778 2513 proferimus,
1813 2460 1947 2513 quo-

360 2534 521 2590 tnodo
558 2542 734 2604 potest
766 2534 882 2588 fieri
924 2543 981 2587 ut
1011 2534 1101 2589 Dei
1129 2535 1304 2589 Patris
1340 2550 1568 2604 persona
1612 2533 1779 2589 David
1826 2552 1947 2591 esse

359 2628 634 2693 credatur,
661 2640 726 2681 eo
752 2627 893 2696 quod
923 2626 1066 2681 dicat
1094 2644 1105 2679 :
1134 2626 1401 2681 Eructavit
1431 2644 1521 2681 cor
1542 2644 1713 2681 meum
1737 2629 1945 2682 verbum

361 2722 574 2788 bonum,
608 2736 729 2775 cum
768 2720 881 2790 ipse
905 2718 1070 2773 David
1097 2720 1314 2789 proprie
1345 2720 1410 2774 de
1442 2720 1734 2789 semetipso
1768 2721 1941 2775 dicat:

360 2809 430 2864 In
463 2811 824 2881 iniquitatibus
861 2820 1135 2880 conceptus
1163 2827 1299 2872 sum,
1332 2820 1376 2864 et
1412 2811 1464 2864 in
1499 2811 1721 2880 peccatis
1751 2812 1947 2882 peperit

359 2919 443 2956 me
480 2912 648 2956 mater
686 2902 841 2956 utea?
885 2911 939 2956 et
988 2901 1179 2955 iterum
1218 2917 1232 2956 :
1264 2899 1603 2971 lniquitatem
1646 2918 1810 2954 meam
1853 2917 1945 2971 ego

362 3011 616 3066 tigilGSCO,
662 3005 708 3049 et
747 3005 1014 3064 peccatum
1057 3010 1227 3047 meum
1268 3004 1387 3047 ante
1438 2991 1627 3062 faciem
1668 3009 1837 3047 nteant
1871 3005 1945 3048 ρει

360 3102 580 3157 semper.
607 3086 670 3141 Et
698 3085 824 3139 alibi
850 3104 862 3138 :
889 3084 1002 3156 Ego
1027 3101 1143 3139 sum
1164 3086 1253 3154 qui
1278 3085 1500 3155 peccavi,
1524 3100 1616 3154 ego
1643 3085 1816 3155 inique
1841 3085 1942 3154 egi.

363 3176 432 3231 Et
469 3178 661 3232 itermu
702 3178 846 3246 quod
880 3178 1081 3233 asseris
1104 3176 1229 3246 quia
1258 3176 1327 3231 de
1363 3176 1654 3246 semetipso
1682 3177 1817 3231 dixit
1844 3177 1950 3230 Da-

364 3270 452 3325 vid
482 3287 496 3323 :
524 3270 645 3325 Non
672 3270 822 3324 dabis
853 3269 1109 3326 Sanctum
1144 3279 1290 3323 tuum
1328 3268 1501 3323 videre
1530 3270 1948 3339 corruptionem;

364 3360 411 3415 si
434 3360 508 3414 ita
538 3370 638 3424 cst,
668 3374 799 3431 ergo
827 3359 893 3414 de
926 3360 1218 3429 semetipso
1242 3360 1454 3415 locutus
1479 3368 1559 3412 est
1588 3358 1773 3413 dicens
1807 3375 1819 3411 :
1849 3355 1953 3411 Fo-

361 3453 550 3507 derunt
577 3470 764 3507 manus
790 3469 932 3506 meas
960 3462 1006 3506 et
1036 3452 1191 3523 pedes
1229 3469 1388 3514 meos,
1422 3462 1468 3505 et
1493 3451 1951 3505 dinmnerarerunt

362 3546 540 3600 omnia
587 3561 706 3598 ossa
756 3560 891 3596 mea.
947 3544 1011 3597 Et
1054 3545 1293 3599 iterum:
1325 3542 1625 3596 Diviserunt
1659 3540 1760 3594 sibi
1804 3540 1953 3592 vesti-

362 3645 538 3691 menta
570 3651 705 3699 mea,
735 3645 781 3688 et
812 3651 971 3703 super
1012 3643 1199 3688 vestem
1246 3650 1414 3686 meam
1458 3634 1709 3685 miserunt
1738 3639 1948 3683 sortem.

365 3727 433 3781 Et
458 3727 696 3781 iterum:
733 3725 993 3778 Dederunt
1024 3726 1078 3778 in
1116 3742 1234 3778 esca
1272 3740 1387 3777 utea
1419 3722 1509 3792 fel,
1552 3730 1598 3776 et
1632 3722 1688 3774 iu
1728 3721 1817 3775 siti
1838 3737 1953 3773 mea

364 3826 668 3885 potaverunt
698 3832 777 3869 me
815 3826 978 3869 aceto.
1023 3814 1181 3870 Certe
1207 3815 1251 3869 si
1277 3815 1391 3884 ipse
1418 3822 1502 3869 est
1529 3813 1696 3867 David
1724 3827 1951 3882 persona

369 3905 462 3959 Dei
488 3905 685 3970 Patris,
719 3905 941 3975 eoquod
961 3905 1116 3972 dixit,
1148 3905 1418 3959 Eructavit
1440 3922 1529 3959 cor
1545 3922 1713 3959 nteant
1746 3903 1951 3958 verbum

366 3997 580 4062 bonum,
599 4010 728 4067 ergo
750 3999 863 4067 ipse
885 4007 967 4052 est
992 3996 1153 4052 Pater
1176 3997 1298 4051 Filii
1322 3997 1416 4052 Dei
1435 3997 1731 4052 secundum
1759 3996 1951 4051 divini-

369 4099 554 4155 tatem,
606 4091 696 4159 qui
743 4091 880 4145 dixit
932 4091 999 4145 ad
1047 4090 1242 4145 Filium
1289 4090 1444 4161 :Ego
1490 4091 1643 4144 hodie
1680 4090 1835 4161 genui
1880 4099 1947 4144 te.

369 4181 424 4235 Si
466 4167 771 4255 ipse'David
807 4190 889 4236 est
926 4197 1154 4253 persona
1195 4182 1287 4236 Dei
1325 4181 1519 4247 Patris,
1559 4197 1687 4253 ergo
1720 4183 1834 4252 ipse
1870 4190 1954 4236 est

368 4273 460 4342 qui
490 4273 625 4328 dixit
651 4290 666 4328 :
696 4272 866 4336 Audi,
895 4272 1099 4339 Israel,
1140 4273 1399 4326 Dominus
1424 4271 1564 4326 Deus
1613 4281 1762 4336 tuus,
1808 4271 1950 4324 Deus

2048 1888 2265 1944 Patrem
2287 1900 2334 1945 et
2355 1909 2448 1963 per
2467 1893 2647 1946 Iesum
2671 1892 2958 1959 Christum,
2987 1896 3107 1950 ideo
3131 1898 3267 1952 dicis
3290 1899 3414 1966 quia
3441 1898 3640 1953 Paulus

2047 1982 2193 2051 quod
2227 1991 2308 2036 est
2335 1982 2569 2052 Spiritus
2602 1987 2837 2048 sanctus,
2863 2001 2893 2037 a
2919 1984 3079 2040 Patre
3101 1986 3346 2056 Filioque
3373 1987 3637 2055 procedit.

2050 2072 2108 2127 Si
2147 2075 2221 2127 ita
2252 2082 2337 2129 est
2373 2076 2748 2143 accipiendum
2785 2084 2843 2129 ut
2879 2084 2969 2130 tua
3015 2078 3225 2131 insania
3261 2078 3471 2142 delirat,
3511 2094 3641 2147 ergo

2049 2164 2164 2235 ipse
2194 2164 2393 2219 Paulus
2422 2175 2505 2219 est
2552 2167 2787 2235 Spiritus
2820 2176 3037 2223 sanctus
3068 2170 3132 2224 de
3166 2186 3272 2239 quo
3306 2169 3432 2224 alibi
3478 2170 3637 2224 dicit:

2050 2254 2280 2324 Spiritus
2302 2254 2513 2308 Domini
2536 2255 2801 2324 ferebatur
2829 2276 2986 2328 super
3012 2277 3198 2329 aquas.
3227 2258 3285 2313 Si
3308 2259 3508 2314 Paulus
3536 2268 3637 2324 est,

2051 2355 2111 2400 ut
2136 2346 2355 2412 asseris,
2382 2362 2614 2416 persona
2660 2348 2896 2418 Spiritus
2930 2352 3122 2417 sancti,
3155 2368 3275 2421 qua:
3311 2367 3339 2405 a
3369 2351 3528 2407 Patre
3549 2352 3641 2406 Fi-

2048 2438 2227 2507 lioque
2255 2440 2517 2509 procedit,
2544 2456 2673 2509 crgo
2706 2441 2820 2509 ipse
2851 2450 2934 2496 est
2961 2443 3051 2512 qui
3088 2443 3142 2496 in
3166 2443 3344 2513 specie
3374 2443 3638 2498 columba:

2050 2543 2212 2598 super
2253 2530 2586 2599 baptizatum
2631 2532 2918 2586 Dominum
2966 2534 3021 2587 in
3052 2532 3287 2590 Jordane
3322 2535 3634 2590 descendit:

2048 2622 2267 2688 iterum,
2295 2623 2385 2692 qui
2415 2624 2469 2677 in
2496 2625 2675 2693 specie
2703 2625 2841 2695 ignis
2867 2641 3029 2695 super
3054 2627 3231 2696 capita
3256 2628 3641 2697 discipulorum

2010 2782 2013 2783 ν
2050 2714 2319 2783 apparuit.
2347 2713 2467 2784 Ipse
2496 2730 2627 2785 ergo
2653 2715 2872 2781 Paulus,
2902 2732 3063 2786 quem
3093 2733 3214 2771 cum
3247 2717 3405 2771 Patre
3432 2726 3487 2772 et
3506 2716 3645 2771 Filio

2054 2802 2389 2856 adorandum
2429 2810 2485 2857 et
2521 2803 2934 2873 gloriﬁcandum
2980 2818 3101 2860 esse
3135 2808 3499 2877 prtecipimur,
3532 2806 3647 2878 ipse

2052 2902 2136 2947 est
2174 2892 2372 2947 iterum
2399 2893 2466 2947 de
2493 2909 2601 2963 quo
2626 2895 2887 2950 Dominus
2916 2895 3052 2950 dixit
3079 2914 3093 2952 :
3122 2896 3253 2951 Cum
3298 2898 3499 2963 abiero,
3534 2896 3642 2953 Pa-

2053 2983 2279 3039 racletus
2309 2987 2473 3042 veniet
2503 2987 2571 3040 ad
2601 3005 2707 3042 vos.
2748 2988 2854 3043 Sed
2886 2988 3155 3058 quomodo
3181 2991 3353 3045 errori
3391 2999 3483 3045 tuo
3516 3006 3649 3046 con-

2056 3077 2394 3130 sentiendum
2422 3086 2524 3141 est,
2556 3095 2679 3133 cum
2709 3083 2821 3149 ipse
2848 3081 3106 3135 Dominus
3136 3082 3202 3137 de
3227 3083 3430 3153 Spiritu
3458 3091 3646 3139 sancto

1978 3143 2024 3203 C
2058 3167 2238 3221 dicat:
2272 3166 2411 3232 Quia
2440 3169 2654 3239 spiritus
2692 3143 2904 3224 carnem
2947 3180 2994 3225 et
3021 3188 3140 3226 ossa
3172 3143 3283 3225 non.
3302 3174 3475 3227 habet.
3516 3174 3648 3241 Quis

2054 3255 2343 3325 aliquando
2392 3259 2642 3326 spiritum
2706 3274 3028 3328 corporeum
3086 3267 3139 3313 et
3195 3260 3461 3315 visibilem
3526 3277 3648 3318 esse

2056 3347 2221 3402 dixit?
2270 3348 2551 3414 Quomodo
2582 3349 2819 3402 l'atuitati
2852 3357 2959 3402 tua:
2982 3350 3312 3403 credendum
3340 3357 3442 3415 est,
3481 3359 3541 3404 ut
3579 3350 3646 3406 de

2058 3440 2222 3494 Paulo
2260 3457 2323 3494 ea
2360 3456 2479 3509 qua:
2510 3440 2707 3494 asseris
2735 3441 2976 3511 profecta
3017 3455 3138 3494 esse
3179 3442 3492 3508 credantur,
3523 3459 3647 3497 cum

2056 3531 2123 3585 de
2147 3546 2212 3583 eo
2245 3529 2523 3599 Scriptura
2552 3529 2695 3583 dicat
2724 3545 2738 3582 :
2765 3530 3045 3600 Benjamin
3087 3530 3241 3602 lupus
3288 3548 3455 3601 rapax
3492 3549 3648 3587 mane

2056 3618 2293 3673 comedat
2344 3618 2611 3689 pra’dam,
2658 3628 2704 3671 et
2756 3619 2825 3671 ad
2876 3636 3137 3688 vesperam
3194 3620 3387 3674 dividet
3439 3620 3649 3693 spolia?

2057 3711 2339 3777 Quomodo
2383 3710 2526 3780 quod
2586 3719 2641 3765 tu
2684 3712 2883 3767 asseris
2938 3712 3222 3768 verissime
3265 3712 3640 3782 accipiendum

2056 3814 2159 3869 est,
2186 3820 2309 3859 cum
2346 3804 2462 3875 ipse
2488 3804 2748 3859 Dominus
2773 3805 2949 3859 eidem
2979 3803 3146 3861 Paulo
3175 3805 3375 3860 dixerit
3403 3825 3416 3860 :
3456 3806 3642 3875 Saule,

2058 3897 2238 3963 Saule,
2269 3899 2398 3970 quid
2427 3914 2507 3953 me
2524 3899 2886 3969 persequeris?
2914 3898 3137 3954 Frustra
3174 3899 3419 3954 insanisti
3451 3908 3642 3954 contra

2056 4006 2251 4045 nomen
2308 4004 2517 4054 meum,
2568 3996 2622 4043 et
2662 3988 2910 4058 lapidasti
2967 3988 3298 4060 Stephanum
3349 3996 3643 4059 martyrem

2055 4097 2235 4137 meum
2265 4098 2278 4133 :
2307 4096 2407 4153 ego
2422 4088 2475 4135 te
2495 4078 2689 4135 faciam
2716 4095 2934 4135 servum
2960 4094 3159 4134 meum.
3178 4078 3332 4146 Quod
3349 4079 3484 4134 dicis
3513 4078 3641 4149 quia

2055 4175 2253 4230 Paulus
2291 4189 2582 4244 personam
2626 4172 2912 4243 distinguit
2959 4172 3014 4226 in
3055 4188 3113 4226 sc
3159 4186 3378 4226 manere
3406 4171 3642 4241 Spiritus

2057 4264 2249 4330 sancti,
2299 4280 2420 4318 cum
2458 4264 2571 4332 ipse
2613 4261 2759 4316 dicat
2788 4280 2800 4313 :
2835 4261 2948 4330 Ego
2973 4277 3089 4313 sum
3110 4260 3359 4313 minimus
3399 4258 3642 4313 omnium

372 4383 505 4421 unus
533 4375 628 4420 est.
658 4366 723 4420 Et
752 4367 985 4421 iterum:
1014 4365 1125 4437 Ego
1154 4384 1271 4421 sum
1301 4366 1455 4429 Deus,
1493 4376 1542 4420 et
1572 4382 1673 4419 non
1710 4374 1784 4419 est
1814 4364 1951 4417 alius
2041 4354 2438 4451 onstolgrum,
2481 4356 2571 4425 qui
2613 4372 2717 4408 ηοη
2753 4369 2868 4407 sum
2907 4352 3095 4431 dign“?
3141 4351 3316 4405 υοεανί
3352 4351 3641 4421 αροειοιιιε,

367 4467 559 4526 prwter
597 4473 697 4511 me.
746 4457 811 4510 Et
841 4457 885 4511 si
921 4458 993 4511 ita
1029 4467 1114 4511 est
1152 4466 1210 4511 ut
1248 4457 1475 4521 asseris,
1515 4457 1642 4525 quia
1683 4455 1749 4510 de
1782 4454 1947 4508 David

2061 4448 2186 4517 quia
2232 4439 2529 4514 pcrsecutus
2568 4460 2683 4495 sum
2713 4440 3001 4494 Ecclesiam
3043 4440 3159 4493 Dei.
3207 4439 3487 4506 Quomodo
3529 4441 3646 4510 ipse

369 4548 571 4603 dictuut
600 4556 685 4604 est
714 4565 727 4601 :
760 4548 885 4603 Non
927 4548 1077 4603 dabis
1111 4550 1365 4604 Sanctum
1394 4559 1542 4602 tuum
1568 4548 1741 4602 videre
1771 4564 1952 4600 corru-

367 4642 625 4706 ptionem,
678 4640 947 4709 quomodo
1013 4655 1044 4695 e
1098 4641 1372 4695 contrario
1435 4639 1627 4694 Petrus
1680 4638 1955 4707 apostolus

369 4733 502 4788 dixit
531 4751 544 4787 :
574 4732 713 4799 Quia
746 4733 932 4795 Dat-id,
967 4743 1014 4787 et
1044 4733 1275 4803 sepultus
1304 4742 1400 4798 est,
1430 4742 1477 4786 et
1507 4730 1803 4802 sepulcrum
1839 4731 1954 4801 ejus

365 4834 448 4881 ρει
475 4824 616 4895 apud
652 4841 744 4879 nos
771 4840 929 4895 usque
968 4825 1023 4879 in
1054 4823 1366 4877 hodiernum
1405 4821 1565 4886 dtem,
1596 4828 1647 4875 et
1679 4835 1807 4875 caro
1837 4818 1955 4889 ejus

375 4914 502 4971 vidit
532 4915 955 4985 corruptionem.
1248 4918 1257 4925 ’

438 5005 495 5060 4.
536 5006 612 5062 De
648 5006 768 5061 Filii
809 5021 1044 5076 namque
1087 5019 1317 5076 persona
1350 5005 1492 5072 quod
1522 5003 1683 5067 dicis,
1720 5014 1785 5057 eo
1813 5004 1954 5073 quod

370 5115 436 5156 ea
469 5101 541 5155 sit
572 5100 805 5155 secunda
843 5098 897 5152 iu
926 5099 1195 5153 Trinitate
1218 5111 1447 5166 persona
1475 5110 1593 5164 qua:
1622 5094 1761 5149 facta
1784 5104 1867 5148 est
1890 5108 1957 5148 ex

370 5193 579 5247 semine
602 5190 767 5246 David
806 5190 1105 5248 secundum
1141 5202 1379 5250 carnem,
1411 5194 1464 5240 et
1492 5202 1596 5240 non
1614 5202 1688 5239 ea
1716 5200 1836 5254 qua:
1865 5200 1956 5255 ge—

373 5282 484 5335 nita
510 5289 593 5335 est
622 5296 653 5334 a
675 5279 833 5334 Patre
865 5295 877 5331 :
907 5279 951 5332 si
995 5278 1067 5332 ita
1107 5285 1164 5332 ut
1205 5286 1296 5331 tua
1332 5275 1525 5331 delirat
1571 5275 1799 5339 insania,
1827 5290 1956 5344 ergo

372 5369 545 5427 Filius
587 5370 682 5425 Dei
728 5370 793 5426 de
834 5377 1009 5423 matre
1060 5376 1269 5422 tantum
1306 5367 1335 5407 ι)
1371 5375 1611 5433 exortus,
1662 5366 1805 5434 quod
1849 5365 1955 5420 dici

446 5542 471 5570 ι·
505 5528 627 5593 Με.,
651 5529 819 5582 socios
845 5536 983 5581 tuos.

445 5598 476 5640 ιδ
515 5599 637 5663 Με.,
665 5596 959 5651 exordium.

447 5681 471 5710 ο
514 5669 614 5725 llic
642 5668 883 5741 loquitur
898 5668 1196 5741 iElipandus
1219 5667 1511 5724 secundum
1538 5682 1694 5723 suum
1712 5680 1954 5723 errorem

382 5744 446 5797 de
472 5740 761 5812 adoptione
790 5738 932 5794 Filii.

2056 4535 2255 4590 Paulus
2292 4549 2520 4603 persona
2556 4530 2791 4601 Spiritus
2828 4527 3022 4594 sancti,
3061 4543 3183 4582 cum
3216 4529 3331 4598 ipse
3360 4543 3481 4583 cum
3514 4529 3646 4582 Bar-

2058 4630 2197 4683 naba
2223 4626 2246 4665 ι¹
2279 4624 2607 4697 Lycaoniam
2636 4622 2888 4685 veniens,
2930 4626 2984 4674 et
3022 4620 3091 4675 ob
3123 4618 3368 4673 miraculi
3408 4618 3644 4673 admira-

2057 4722 2260 4776 tionem
2304 4732 2471 4773 unum
2514 4730 2581 4770 ex
2629 4714 2707 4769 eis
2742 4718 3001 4766 vocarent
3038 4707 3256 4777 Jovem,
3301 4709 3463 4764 alium
3512 4724 3641 4763 vero

2059 4818 2405 4879 Mercurium,
2448 4822 2504 4868 et
2549 4812 2628 4867 eis
2670 4810 2824 4882 quasi
2866 4808 2970 4863 diis
3007 4806 3138 4861 fatui
3170 4805 3416 4860 homines
3444 4801 3645 4857 vellent

2058 4910 2385 4973 sacrificare,
2416 4905 2696 4976 reSpondit
2718 4903 2903 4958 dicens
2928 4918 2941 4953 :
2969 4896 3115 4963 Viri,
3146 4895 3273 4968 quid
3293 4896 3404 4949 ha’c
3427 4891 3645 4963 facitis?

2057 5016 2105 5060 et
2130 5022 2223 5059 nos
2246 4998 2489 5056 mortales
2516 5013 2695 5052 sumus
2723 4992 2919 5049 similes
2944 4991 3084 5047 vobis
3122 4989 3356 5042 homines
3387 4997 3411 5025 ε
3451 5024 3464 5038 .
3509 5023 3522 5037 .
3567 5022 3582 5037 .
3621 5020 3640 5039 .

2062 5138 2077 5153 .
2117 5135 2132 5151 .
2177 5136 2190 5150 .
2233 5135 2247 5149 .
2290 5135 2302 5147 .
2342 5108 2409 5147 ne
2456 5092 2559 5145 sibi
2606 5088 2968 5144 immolareut.
3030 5082 3086 5137 Si
3124 5082 3238 5152 ipse
3282 5087 3365 5134 est
3407 5075 3643 5147 Spiritus

2059 5195 2297 5250 sanctus,
2321 5198 2488 5253 quare
2515 5188 2663 5235 tanta
2707 5181 2760 5233 in
2799 5175 3141 5247 passionibus
3176 5169 3429 5226 sustulit?
3472 5180 3642 5237 quare

2058 5281 2125 5335 ad
2155 5279 2401 5334 ultimum
2444 5270 2622 5344 gladio
2648 5284 2937 5340 percussus
2975 5262 3263 5320 occubuit?
3303 5259 3444 5330 Ergo
3474 5257 3641 5330 (quod

2059 5373 2239 5429 dicere
2264 5381 2481 5440 quoque
2516 5363 2692 5420 scelus
2720 5358 2825 5432 est)
2867 5357 3102 5431 Spiritus
3151 5364 3370 5411 sanctus
3411 5358 3638 5407 mortem

2129 5527 2155 5566 ά
2199 5525 2320 5588 Με.,
2356 5520 2592 5581 Licaoni.

2134 5610 2156 5636 ο
2196 5574 2333 5649 inii};
2356 5574 2431 5647 in
2456 5574 2556 5646 ms.
2589 5590 2795 5644 lacuna.
2810 5585 3023 5650 brevis;
3070 5581 3215 5652 quod
3247 5587 3424 5635 tamen
3455 5574 3638 5632 sensui

2061 5685 2166 5725 non
2194 5664 2377 5721 allicit.
