4022 6154
464 280 568 339 9.63

1277 273 1686 343 ELlPANDUS,
1726 272 1953 342 FELIX,
1987 273 2338 336 HETERIUS
2372 281 2464 339 ET
2504 285 2563 341 S.
2607 288 2904 349 BEATUS.

3638 302 3746 363 δα

463 388 683 465 pertulit
709 395 765 445 et
788 387 1125 488 sepulcrum:
1152 386 1425 459 Agnosce,
1450 387 1636 488 miser,
1664 395 1868 488 quanta
1906 386 2042 443 falsa
2071 389 2124 455 Α
2149 387 2313 488 Pater
2346 412 2526 488 unum
2564 417 2767 459 sumus.
2818 403 2889 461 Et
2935 407 3134 463 iterum
3165 426 3180 464 :
3212 410 3328 482 Ego
3376 415 3435 472 in
3457 415 3645 488 Patre,
3692 434 3741 479 et

464 482 527 537 de
555 486 743 534 ventre
785 485 878 532 tuo
919 476 1186 547 loquaris;
1232 491 1486 547 agnosce,
1532 476 1808 543 baeretice,
1839 485 2044 547 quanta

462 570 605 627 mala
655 570 723 625 de
768 582 865 624 ore
909 576 1002 624 tuo
1050 567 1341 639 protuleris
1395 583 1708 624 caneeroso.
1772 568 2048 639 Agnoscat

459 661 610 733 plebs
660 661 751 716 illa
801 660 870 715 de
912 675 1094 715 massa
1133 659 1453 731 perditionis
1492 657 1714 727 effecta,
1765 676 1886 731 qum
1937 660 2044 716 tuis

457 755 734 810 erroribus
771 754 1115 809 consentiens
1153 754 1396 808 noscitur
1423 768 1545 808 esse
1588 753 1844 824 decepta;
1878 768 2046 825 agno-

456 854 573 902 scat
599 845 750 916 plebs
792 845 903 912 illa,
931 860 1052 915 quae
1076 844 1173 899 Dei
1212 844 1585 901 misericordia
1625 854 1900 917 praeventa
1934 845 2042 901 tuis

455 936 732 993 erroribus
781 951 1121 1006 nequaquam
1167 937 1533 1002 consentiens,
1575 936 1795 993 dextera
1823 937 2040 993 Domini

456 1029 524 1083 ab
563 1026 723 1096 hujus
761 1027 1032 1083 haeretica:
1070 1027 1353 1097 pravitatis
1380 1027 1638 1085 barathro
1661 1029 1903 1087 cernitur
1920 1044 2045 1085 esse

455 1126 661 1186 erepta.
698 1116 885 1172 Nullus
920 1118 975 1172 in
1016 1117 1287 1173 htereticis
1327 1116 1425 1173 tibi
1467 1117 1710 1188 aqualis,
1738 1119 1918 1175 nullus
1943 1120 2043 1174 tibi

455 1205 698 1261 sodalis:
727 1215 930 1276 quanto
970 1207 1180 1262 cunctis
1228 1205 1576 1271 novissimus,
1607 1214 1758 1262 tanto
1797 1208 2044 1264 omnium

456 1298 832 1354 hereticorum
857 1310 884 1338 ει
912 1312 1119 1353 veneno
1160 1296 1392 1353 refertus
1417 1314 1432 1353 :
1461 1299 1702 1353 omnium
1759 1299 2045 1356 hzeretico-

456 1403 578 1442 rum
618 1403 777 1444 coeno
816 1387 1003 1443 lethali
1045 1387 1342 1444 inebriatus
1391 1405 1407 1447 :
1459 1397 1647 1459 aperte
1670 1388 2043 1447 Antichristus

454 1478 792 1549 dignosceris
821 1467 1187 1534 esse’missus.

526 1566 578 1622 6.
617 1567 714 1623 Dic
742 1566 919 1632 nobis,
956 1567 1197 1622 omnium
1234 1565 1613 1623 haereticorum
1656 1569 1917 1639 spurcitia
1955 1586 2043 1626 sa-

454 1659 655 1730 ginate,
685 1659 807 1729 quis
844 1658 1134 1730 aliquando
1167 1659 1233 1715 de
1266 1660 1472 1716 sanctis
1507 1660 1821 1718 doctoribus
1860 1662 1955 1731 ita,
1981 1673 2043 1721 ut

2148 480 2313 537 Pater
2340 484 2396 540 in
2422 480 2515 543 me
2532 500 2628 545 est.

2217 575 2271 630 8.
2324 576 2560 649 Spiritus
2608 584 2782 639 sancti
2826 600 3043 659 quoque
3094 606 3385 661 personam
3430 613 3541 654 non
3583 594 3739 659 Pauli

2147 667 2418 755 credimus
2443 685 2591 736 esse,
2635 675 2723 730 cui
2753 676 2938 733 datum
2969 687 3053 735 est
3090 690 3150 736 ut
3179 684 3471 755 aliquando
3500 691 3569 746 de
3594 692 3740 749 malo

2145 754 2448 815 elliceretur
2498 762 2692 830 bonus,
2738 767 2835 823 sed
2886 784 3009 824 eum
3055 773 3147 841 qui
3198 754 3317 831 sine
3362 777 3740 840 immutatione

2146 846 2230 901 sui
2255 851 2573 908 naturaliter
2595 869 2810 927 semper
2838 866 2921 914 est
2945 860 3154 928 bonus;
3182 863 3249 920 de
3290 882 3400 936 quo
3423 869 3555 926 dicit
3589 872 3741 930 Scri-

2143 945 2302 1035 ptura
2325 957 2339 996 :
2367 938 2625 1012 Spiritum
2654 954 2802 1001 tuum
2829 947 3021 1004 bonum
3046 952 3241 1008 dedisti
3262 957 3360 1022 eis,
3379 955 3625 1028 Domine,
3646 965 3739 1035 qui

2143 1025 2350 1082 doceret
2372 1046 2492 1097 eos;
2523 1040 2579 1087 et
2599 1033 2727 1090 alibi
2759 1053 2772 1089 :
2805 1035 3001 1094 Misisti
3028 1039 3286 1112 Spiritum
3315 1055 3486 1114 tuum,
3512 1060 3563 1104 et
3589 1025 3738 1107 crea-

2145 1115 2357 1186 buntur,
2397 1130 2444 1175 et
2472 1126 2741 1181 renovabis
2767 1127 2959 1199 faciem
3007 1141 3181 1187 terrm.
3222 1135 3291 1192 Et
3318 1137 3518 1195 iterum
3554 1160 3569 1196 :
3614 1143 3735 1216 Spi-

2144 1208 2303 1263 ritum
2350 1220 2498 1267 tuum
2545 1233 2608 1270 ne
2656 1217 2871 1289 auferas
2918 1238 2952 1277 a
2993 1241 3096 1280 me.
3148 1226 3217 1281 Et
3244 1229 3382 1286 alius
3426 1208 3730 1304 propheta:

2145 1297 2376 1394 Spiritus
2414 1303 2627 1362 Domini
2656 1327 2813 1383 super
2836 1330 2958 1382 me;
3003 1329 3221 1390 propter
3264 1325 3405 1394 quod
3429 1297 3609 1385 mnsit
3652 1349 3734 1387 me

2141 1392 2432 1461 prtedicare
2453 1413 2634 1466 pacem
2653 1403 2879 1473 populis.

2212 1482 2268 1538 9.
2301 1483 2446 1582 licce
2477 1496 2600 1582 tres
2620 1507 2907 1563 personas,
2932 1497 3142 1569 Patris,
3168 1512 3224 1560 et
3244 1505 3389 1575 Filii,
3417 1519 3474 1565 et
3495 1510 3736 1582 Spiritus

2141 1574 2337 1642 sancti,
2359 1577 2686 1648 spiritualcs,
2706 1583 3074 1658 incorporeas,
3099 1574 3383 1663 indivisas,
3396 1574 3729 1670 inconiuus,

2142 1669 2557 1740 coessentiales,
2610 1677 3125 1750 consubstantiales,
3173 1696 3471 1746 coaeternas
3515 1693 3569 1747 in
3612 1669 3728 1750 una

455 1759 512 1803 tu
536 1750 753 1815 asseris,
775 1749 1094 1805 Trinitatem
1122 1756 1368 1804 sanctam
1393 1750 1617 1806 credere
1637 1750 1855 1808 docuit?
1884 1753 2037 1821 Quod
2066 1755 2115 1816 B
2144 1760 2445 1827 divinitate,
2488 1772 2544 1820 et
2581 1776 2869 1838 potestate,
2913 1782 2968 1829 et
3013 1776 3298 1846 majestate
3326 1799 3340 1836 :
3378 1784 3490 1839 sine
3532 1785 3729 1850 initio,

454 1844 743 1899 concilium
773 1842 875 1898 fuit
901 1851 961 1897 ut
999 1844 1076 1898 ita
1104 1843 1458 1898 discretiones
1489 1858 1862 1913 personarum,
1893 1856 1953 1902 ut
1980 1857 2038 1905 tu

454 1935 762 2007 distinguis,
801 1943 1002 1992 sanctae
1027 1935 1284 1991 Ecclesiae
1321 1935 1600 1991 catholica:
1628 1937 1915 1994 tenendum
1957 1939 2040 1994 in-

453 2026 669 2082 stituit?
706 2027 816 2083 Nos
838 2042 969 2083 vero
999 2043 1030 2083 e
1058 2027 1351 2094 contrario,
1381 2028 1495 2083 sive
1528 2044 1738 2097 omnes,
1766 2032 1858 2102 qui
1890 2040 2038 2088 recta

452 2118 520 2174 de
549 2119 661 2175 Deo
687 2120 944 2185 sentiunt,
978 2119 1068 2190 qui
1100 2126 1246 2174 recta
1272 2120 1508 2189 sapiunt,
1542 2123 1839 2178 secundum
1870 2124 2041 2180 tradi-

453 2208 630 2263 tiones
665 2208 908 2274 Patrum,
930 2223 1161 2279 quorum
1192 2216 1276 2264 est
1308 2224 1416 2264 non
1446 2224 1698 2278 carneus,
1741 2212 1836 2268 sed
1868 2213 2041 2284 spiri-

453 2300 614 2357 tualis
656 2301 981 2368 intellectus,
1013 2308 1070 2357 et
1110 2315 1289 2356 sermo
1314 2301 1592 2372 sapientia:
1624 2302 1737 2359 sale
1761 2304 2034 2372 conditus,

450 2392 523 2446 ita
553 2394 825 2448 credimus
861 2393 1003 2463 quod
1027 2406 1089 2446 ea
1121 2392 1192 2447 sit
1213 2406 1445 2462 persona
1490 2392 1585 2447 Dei
1627 2392 1812 2450 Patris
1854 2397 2034 2451 omni-

447 2488 713 2556 potentis,
765 2502 885 2557 quac
924 2487 952 2527 ιι
996 2486 1125 2541 nulli
1176 2486 1381 2543 homini
1424 2487 1720 2542 consimilis
1777 2496 1887 2555 est,
1953 2484 2037 2542 vel

447 2575 701 2644 mqualis;
739 2576 830 2646 qui
855 2591 1071 2632 omnem
1111 2582 1416 2630 creaturam
1456 2585 1745 2647 exsuperat
1786 2579 2037 2646 potentia

446 2683 559 2723 suae
606 2666 933 2736 maiestatis;
985 2682 1106 2738 qua:
1162 2667 1299 2722 dixit
1352 2668 1420 2723 ad
1465 2666 1700 2723 Filium:
1732 2668 1847 2740 Ego
1876 2670 2035 2725 hodie

446 2760 604 2829 genui
628 2767 697 2813 te.
741 2759 809 2814 Et
838 2759 1034 2813 iterum
1067 2774 1082 2813 :
1110 2758 1197 2814 Ea:
1232 2769 1379 2814 utero
1408 2769 1530 2814 ante
1571 2758 1849 2831 luciferum
1871 2762 2033 2832 genui

444 2858 514 2914 te,
557 2848 612 2904 id
641 2858 727 2905 est
762 2865 830 2905 ex
860 2850 949 2904 illa
975 2851 1164 2905 intima
1202 2859 1259 2906 et
1287 2850 1544 2911 inell'abili
1570 2851 1880 2907 Divinitatis
1909 2853 2012 2909 sub

444 2938 643 2993 stantia
682 2938 910 3009 produxi
947 2947 1019 2994 te.
1052 2939 1122 2994 Et
1152 2939 1347 2995 iterum
1376 2956 1392 2995 :
1428 2938 1701 2994 Eructavit
1737 2955 1828 2993 cor
1854 2956 2024 2995 meum

442 3027 652 3082 verbum
698 3027 924 3093 bonum;
968 3030 1035 3085 de
1071 3045 1179 3100 quo
1221 3028 1349 3085 alibi
1375 3029 1687 3099 Propheta:
1733 3028 1896 3086 Verbo
1921 3031 2032 3086 Do—

2140 1853 2258 1909 sine
2288 1852 2413 1921 line,
2439 1870 2653 1928 semper
2681 1872 2991 1933 manentes;
3026 1867 3092 1924 de
3115 1870 3312 1940 quibus
3334 1876 3614 1944 propheta,
3642 1885 3730 1934 ter

2139 1944 2402 2001 vocabulo
2445 1948 2712 2018 repetito,
2774 1954 3073 2013 trinitatem
3127 1976 3482 2031 personarum
3525 1968 3579 2023 in
3620 1986 3728 2025 una

2139 2030 2337 2089 deitate
2361 2033 2387 2074 ἀ
2414 2037 2799 2098 consistentem
2826 2043 3107 2104 insinuans
3129 2030 3298 2107 dicit:
3327 2052 3578 2121 Sanctus,
3605 2076 3729 2114 san-

2140 2132 2274 2190 ctus,
2309 2136 2543 2195 sanctus,
2585 2129 2845 2188 Dominus
2883 2134 3135 2205 Sabaoth,
3168 2141 3310 2212 pleni
3353 2157 3477 2201 sunt
3521 2147 3637 2203 cadi
3679 2160 3726 2203 et

2139 2220 2280 2268 terra
2320 2214 2490 2286 gloria
2516 2219 2651 2289 ejus.
2693 2221 2849 2289 Quod
2894 2241 3025 2283 vero
3048 2228 3247 2288 Paulus
3276 2233 3333 2287 in
3357 2237 3583 2291 exordio
3621 2240 3730 2304 sui,

2138 2300 2420 2373 Benjamin
2449 2306 2605 2379 lupus
2640 2327 2829 2383 rapax,
2875 2316 2930 2369 in
2957 2326 3202 2377 extremo
3243 2339 3332 2377 vas
3364 2324 3633 2381 electionis
3657 2329 3727 2383 sit

2139 2392 2383 2461 cll‘ectus,
2408 2398 2530 2492 hoc
2556 2401 2690 2492 ipse,
2730 2413 2789 2459 ut
2816 2407 2983 2477 (quod
3021 2427 3183 2482 supra
3217 2414 3334 2485 jam
3377 2416 3477 2472 fati
3514 2422 3731 2492 sumus)

2141 2490 2368 2580 testatur
2390 2486 2577 2544 dicens
2600 2508 2612 2544 :
2634 2491 2916 2565 Benjamin
2947 2497 3123 2571 lupus,
3151 2520 3305 2559 mane
3330 2508 3562 2563 comedet
3589 2486 3726 2580 prie:-

2137 2569 2282 2668 dant,
2310 2585 2360 2628 et
2386 2576 2456 2629 ad
2491 2595 2756 2651 vesperam
2797 2569 3216 2663 dividet—spolia.
3247 2594 3456 2662 Quibus
3482 2569 3729 2668 proiecto

2138 2661 2315 2761 dictis,
2345 2675 2405 2720 ut
2426 2668 2501 2723 ait
2524 2670 2716 2729 beatus
2737 2661 3062 2749 Gregorius,
3075 2661 3367 2755 Apostolus
3389 2661 3723 2761 designatur,

2137 2752 2204 2809 de
2224 2756 2502 2853 Beniamin
2550 2764 2720 2835 stirpe
2766 2772 3097 2841 progenitus,
3123 2752 3236 2846 vqui
3285 2794 3446 2836 mane
3484 2752 3723 2853 ι).τωύθῶ

2136 2847 2390 2944 comedit,
2416 2853 2543 2920 quia
2566 2853 2619 2908 in
2642 2856 2956 2925 primordiis
2977 2866 3107 2931 suis,
3134 2865 3339 2936 ﬁdeles,
3362 2847 3500 2942 quos
3526 2874 3723 2944 potuit,

2135 2938 2371 3007 rapiens,
2396 2943 2701 3001 crudelitati
2723 2953 2957 3021 propria:
2980 2955 3273 3025 satisfecit;
3297 2938 3723 3036 vespere-Spolia

2134 3030 2343 3098 dividit,
2368 3036 2496 3103 quia
2523 3037 2696 3096 ﬁdelis
2718 3046 3061 3112 postmodum
3090 3047 3266 3108 factus
3290 3030 3539 3111 ﬁdelibus
3563 3030 3723 3115 sacra

439 3118 573 3174 mini
602 3119 716 3174 caeli
744 3121 872 3192 facti
890 3131 1031 3176 sunt.
1060 3121 1128 3176 Et
1157 3137 1251 3193 per
1280 3120 1445 3176 alium
1471 3122 1788 3193 prophetam
1818 3141 1831 3177 :
1859 3122 2025 3194 Egre-
2052 3105 2101 3171 (ἶ
2129 3121 2344 3194 eloquia
2377 3136 2401 3165 ο
2423 3105 2739 3199 exponenda
2764 3133 2969 3191 tribuit.

438 3207 616 3264 dietur
630 3209 695 3264 de
714 3226 802 3265 ore
823 3227 936 3266 meo
946 3211 1172 3282 justitia:
1191 3211 1432 3277 verbum;
1454 3211 1522 3268 de
1541 3227 1649 3284 quo
1668 3212 2019 3284 evangelista:

439 3298 511 3357 In
532 3300 792 3373 principio
820 3312 931 3357 erat
958 3300 1197 3369 Verbum,
1212 3312 1258 3356 et
1286 3300 1504 3357 Verbum
1529 3312 1641 3357 erat
1664 3303 1804 3374 apud
1820 3303 2026 3368 Deum;

440 3397 499 3448 et
524 3389 627 3460 qui
685 3391 881 3447 iterum
914 3392 1045 3448 dicit
1096 3391 1162 3447 ad
1192 3392 1427 3447 Filium:
1455 3392 1568 3465 Ego
1604 3404 1725 3448 ante
1751 3404 1801 3448 te
1838 3393 1944 3461 ibo,
1972 3404 2026 3449 et

438 3478 694 3551 gloriosos
718 3489 872 3535 terra:
885 3481 1192 3536 humiliabo.
1209 3482 1279 3536 Et
1293 3481 1361 3538 de
1375 3497 1482 3552 quo
1503 3483 1698 3539 iterum
1721 3484 1985 3554 propheta
2007 3498 2023 3538 :

439 3567 569 3623 Haec
598 3570 722 3624 dicit
738 3568 995 3626 Dominus
1021 3570 1228 3626 (.hristo
1254 3588 1367 3627 meo
1390 3573 1637 3640 Domino,
1661 3574 1815 3644 cujus
1840 3591 2025 3646 appre-

436 3663 593 3719 hendi
621 3665 910 3734 dexteram,
933 3676 989 3743 ut
1014 3668 1292 3739 subjiciam
1317 3677 1438 3723 ante
1464 3668 1655 3739 faciem
1680 3670 1795 3741 ejus
1825 3681 2019 3742 gentes,

437 3764 484 3807 et
513 3756 746 3826 aperiam
776 3773 955 3812 coram
981 3775 1040 3812 eo
1052 3758 1273 3828 jannas,
1290 3767 1339 3813 et
1366 3769 1531 3830 porta:
1555 3776 1659 3815 non
1686 3760 2019 3817 claudentur.

437 3844 507 3899 Et
527 3845 619 3914 qui
654 3844 850 3900 iterum
879 3847 946 3900 ad
974 3846 1211 3917 Moysem
1249 3847 1487 3918 loquitur
1506 3846 1694 3904 dicens
1719 3867 1732 3903 :
1766 3850 1905 3906 Ecce
1928 3869 2023 3924 ego

436 3934 585 3988 mitto
614 3933 860 4006 angelum
898 3951 1070 3989 nteant
1108 3937 1197 4007 qui
1226 3937 1490 4007 prwcedat
1522 3947 1571 3992 et
1602 3938 1862 3993 custodiat
1897 3948 1945 3994 te
1967 3942 2023 3996 in

436 4026 542 4092 via,
569 4036 616 4080 et
646 4036 720 4080 est
749 4043 935 4081 nomen
962 4044 1133 4083 meum
1164 4030 1217 4084 in
1243 4030 1356 4085 illo.

509 4119 563 4173 7.
603 4118 898 4178 Personam
946 4138 1075 4181 vero
1106 4126 1224 4181 Filii
1276 4143 1384 4183 non
1436 4143 1555 4183 eam
1589 4144 1710 4185 esse
1752 4144 1914 4199 quam
1966 4140 2021 4187 tu

435 4213 636 4269 asseris
661 4212 809 4269 Patri
849 4225 905 4271 et
940 4216 1164 4288 Spiritui
1208 4229 1397 4275 sancto
1433 4221 1696 4293 aequalem
1733 4237 1870 4288 esse,
1900 4239 2022 4294 qua:

439 4304 581 4360 facta
613 4314 698 4361 est
729 4322 795 4361 ex
826 4309 1033 4363 semine
1060 4310 1227 4365 David
1265 4311 1558 4367 secundum
1590 4327 1809 4368 carnem
1836 4315 1889 4369 in
1917 4331 2007 4383 nq-

435 4395 659 4452 vissimo
689 4406 958 4467 tempore;
989 4411 1010 4438 ο
1031 4400 1126 4455 sed
1148 4414 1268 4455 eam
1292 4415 1413 4470 qua:
1434 4402 1613 4473 genita
1635 4411 1717 4458 est
1742 4419 1772 4457 a
1787 4403 1896 4460 Deo
1917 4404 2019 4460 Pa-

436 4496 536 4555 tre,
580 4490 698 4543 sine
740 4489 894 4544 initio
942 4490 1216 4560 temporis,
1259 4506 1380 4561 qum
1422 4500 1549 4547 ante
1593 4495 2016 4564 assumptionem

431 4579 612 4635 carnis
653 4580 790 4635 dixit
831 4594 929 4651 per
954 4581 1279 4652 Prophetam
1311 4582 1486 4639 :Ante
1505 4584 1671 4641 colles
1704 4602 1805 4657 ego
1834 4595 2019 4657 partu-

430 4674 631 4738 riebar,
660 4673 837 4730 adhuc
882 4682 1082 4731 terram
1118 4694 1226 4733 non
1260 4677 1491 4744 fecerat,
1534 4682 1749 4749 quando
1790 4683 2016 4753 parabat

429 4764 596 4820 caelos
622 4764 860 4832 aderam,
887 4766 1013 4822 dum
1036 4767 1261 4823 vallaret
1286 4770 1421 4823 mari
1438 4766 1743 4837 terminum,
1769 4782 1823 4829 et
1844 4773 2015 4845 legem

430 4842 655 4928 poneret
692 4858 867 4929 aquis,
895 4873 996 4928 ego
1030 4872 1203 4915 eram.
1251 4858 1320 4913 Et
1361 4860 1554 4917 iterum
1587 4878 1601 4918 :
1631 4861 1771 4919 Ante
1799 4842 2013 4921 omnem

430 4957 735 5005 creaturam
759 4966 863 5023 ego
891 4965 957 5006 ex
983 4964 1079 5005 ore
1101 4948 1365 5007 Altissimi
1393 4955 1661 5023 processi;
1696 4956 2015 5027 priusquam

430 5040 483 5097 in
505 5042 729 5111 planitie
749 5050 1117 5114 prosterneret
1139 5053 1366 5111 montes,
1392 5060 1493 5117 ego
1513 5062 1661 5103 eram
1679 5050 1817 5120 apud
1837 5049 2014 5120 ipsum

431 5148 760 5205 componens
784 5136 998 5202 omnia;
1024 5151 1123 5208 ego
1149 5151 1316 5203 eram,
1334 5138 1421 5193 cui
1436 5138 1597 5195 Pater
1616 5142 2009 5212 congaudebat.

428 5220 558 5279 Post
590 5226 1011 5294 assumptionem
1036 5241 1166 5283 vero
1206 5229 1406 5294 carnis,
1453 5245 1559 5285 non
1601 5246 1719 5286 eam
1748 5250 1909 5304 quam
1954 5243 2012 5292 tu

428 5314 647 5381 asseris,
676 5316 971 5372 secundum
1003 5333 1245 5384 carnem,
1275 5320 1342 5375 de
1367 5334 1473 5390 qua
1510 5319 1625 5389 ipse
1657 5322 1822 5378 dicit:
1849 5324 2014 5380 Pater

426 5403 603 5474 major
628 5422 708 5459 me
749 5417 857 5473 est;
910 5409 1005 5463 scd
1050 5422 1171 5463 eam
1213 5408 1280 5464 de
1319 5424 1425 5479 qua
1478 5409 1593 5480 ipse
1619 5410 1788 5467 dicit:
1820 5412 1930 5486 Ego
1963 5425 2011 5469 et

498 5550 522 5577 α
566 5535 685 5600 Ms,
719 5554 930 5593 venena.

466 5622 471 5627 ·
500 5607 527 5645 ι»
572 5606 689 5671 Ms.,
724 5607 868 5663 nullo
889 5609 1135 5664 hominis.

502 5690 521 5717 υ
566 5676 667 5734 llic
693 5677 832 5733 male
857 5678 1135 5747 distinguit
1162 5677 1456 5749 Elipandus
1483 5698 1769 5753 personam
1794 5687 1935 5744 Filii.

2203 3234 2291 3289 ιο.
2328 3236 2405 3293 De
2449 3242 2823 3301 sacerdotibus
2863 3262 2993 3306 vero
3041 3253 3188 3321 quod
3237 3254 3469 3322 asseris,
3515 3272 3616 3313 cur
3660 3274 3722 3315 se

2128 3330 2477 3397 pronuntient
2513 3344 2861 3404 peccatores,
2895 3341 2940 3395 si
2970 3355 3098 3397 vere
3127 3345 3303 3401 sancti
3347 3348 3510 3403 sunt?
3547 3358 3643 3404 aut
3672 3350 3718 3404 si

2128 3427 2276 3474 certe
2299 3435 2360 3476 se
2383 3432 2697 3492 peccatores
2727 3441 2847 3484 csse
2876 3426 3135 3499 fatentur,
3163 3447 3333 3504 quare
3369 3436 3439 3492 ad
3467 3437 3716 3494 ministe-

2129 3508 2272 3563 rium
2320 3513 2580 3569 accedere
2622 3528 2991 3588 przesumunt;
3028 3536 3098 3578 eo
3123 3525 3268 3594 quod
3308 3525 3424 3596 ipse
3451 3528 3718 3585 Dominus

2127 3598 2274 3654 dicat
2299 3617 2312 3654 :
2338 3599 2520 3659 Estote
2543 3608 2732 3673 sancti,
2755 3610 2880 3679 quia
2906 3620 2954 3664 et
2965 3628 3057 3683 ego
3079 3626 3292 3671 sanctus
3311 3632 3430 3671 sum
3453 3617 3714 3677 Dominus

2125 3685 2269 3744 Deus
2325 3700 2507 3747 vester.
2589 3694 2648 3751 Si
2696 3698 2822 3753 talia
2860 3702 3158 3760 dixerimus
3194 3708 3299 3762 erit
3338 3711 3715 3782 unusquisque

2125 3789 2369 3838 nostrum
2396 3785 2590 3843 similis
2620 3789 2695 3844 tui
2748 3792 3002 3849 mendax.
3049 3794 3371 3855 Poteramus
3417 3801 3709 3871 siquidem,

2124 3880 2180 3927 et
2203 3888 2303 3929 nos
2336 3874 2409 3929 ita
2443 3877 2703 3948 proferre,
2737 3883 2881 3952 quod
2910 3883 3072 3951 absit,
3114 3887 3160 3942 si
3189 3888 3410 3959 spiritus
3439 3890 3533 3947 ille
3556 3908 3714 3949 erro-

2123 3961 2221 4028 ris,
2256 3965 2347 4033 qui
2396 3965 2450 4021 in
2479 3975 2532 4022 te
2560 3977 2664 4036 est,
2714 3971 2974 4029 interiora
3023 3984 3212 4031 nostra
3260 3978 3567 4049 docuisset;
3616 3983 3714 4039 sed

2122 4057 2248 4126 quia
2294 4057 2384 4114 ille
2419 4062 2702 4119 nobiscum
2743 4063 2916 4133 adest,
2957 4071 3047 4139 qui
3093 4072 3229 4127 dixit
3261 4091 3275 4128 :
3304 4072 3435 4129 Cum
3482 4077 3713 4147 feceritis

2122 4148 2297 4200 omnia
2324 4165 2442 4219 qua:
2467 4165 2727 4225 prwcepta
2755 4168 2878 4212 sunt
2910 4161 3071 4227 vobis,
3100 4162 3256 4221 dicite
3280 4166 3407 4235 quia
3454 4170 3590 4224 servi
3629 4171 3712 4225 in-

2121 4236 2273 4292 utiles
2309 4255 2521 4306 sumus;
2569 4242 2691 4300 ideo
2727 4251 2997 4305 veraciter
3045 4268 3166 4308 cum
3193 4257 3459 4327 propheta
3510 4260 3713 4317 clama-

2120 4344 2240 4385 mus
2267 4349 2279 4384 :
2310 4330 2462 4388 Facti
2488 4352 2668 4391 sumus
2692 4338 2951 4398 immundi
2982 4360 3159 4401 omnes
3184 4364 3297 4413 nos,
3327 4352 3483 4420 quasi
3502 4370 3710 4423 pannus

2044 4456 2096 4518 Β
2120 4430 2453 4518 menstruam
2510 4426 2764 4483 universa:
2809 4430 3036 4500 justitia:
3084 4446 3297 4493 nostrae.
3366 4438 3437 4494 Et
3478 4441 3705 4498 iterum:

2121 4507 2480 4581 Peccavimus,
2512 4517 2686 4589 inique
2713 4521 2911 4590 egimus
2939 4538 2957 4576 :
2990 4525 3285 4582 recedentes
3321 4546 3353 4583 α
3381 4538 3454 4595 te,
3476 4548 3543 4586 en
3572 4532 3704 4588 deli-

2116 4601 2323 4671 quimus
2351 4604 2407 4657 in
2434 4607 2694 4663 omnibus.
2727 4610 2793 4665 Et
2822 4627 2945 4668 cum
2962 4614 3219 4684 Apostolo
3258 4619 3458 4675 iterum
3488 4638 3502 4676 :
3536 4621 3599 4678 Si
3626 4625 3709 4678 di-

2115 4692 2349 4763 xerimus
2373 4696 2496 4765 quia
2518 4708 2787 4767 peccatum
2817 4720 2919 4759 non
2960 4702 3230 4775 habemus,
3264 4726 3358 4766 nos
3386 4712 3530 4784 ipsos
3553 4714 3708 4769 sedu-

2116 4784 2301 4851 cimus,
2327 4798 2374 4841 et
2406 4790 2594 4845 veritas
2623 4792 2677 4846 in
2698 4793 2846 4849 nobis
2875 4814 2979 4852 non
2999 4809 3092 4854 est.
3122 4799 3183 4856 Si
3205 4816 3335 4860 vero
3358 4804 3706 4875 conﬁteamur

2113 4886 2325 4944 peccata
2362 4888 2559 4947 nostra,
2591 4882 2763 4952 ﬁdelis
2785 4895 2880 4953 est,
2903 4897 2951 4942 et
2972 4889 3173 4959 justus,
3213 4903 3269 4947 ut
3300 4896 3527 4950 remittat
3558 4897 3705 4952 nobis

2112 4977 2343 5036 peccata,
2367 4979 2414 5023 et
2440 4972 2652 5027 mandet
2674 4991 2767 5029 nos
2796 4976 2860 5031 ab
2885 4980 3026 5033 omni
3050 4981 3346 5053 iniquitate.
3377 4984 3459 5039 Tu
3486 5002 3704 5057 quoque

2114 5071 2220 5126 qua
2267 5062 2571 5119 temeritate
2622 5072 2675 5119 te
2719 5075 2966 5123 sanctum
3012 5086 3133 5126 esse
3173 5075 3532 5143 pronuntias,
3578 5092 3701 5132 cum

2115 5146 2390 5219 Scriptura
2421 5152 2566 5223 dicat
2595 5172 2608 5208 :
2637 5153 2768 5223 Quis
2795 5157 3111 5229 gloriabitur
3161 5178 3357 5233 purum
3393 5180 3454 5221 se
3497 5167 3703 5223 habere

2112 5242 2238 5295 cor?
2280 5250 2374 5296 aut
2408 5245 2528 5315 quis
2572 5247 2793 5305 audebit
2833 5250 3015 5308 dicere
3044 5257 3303 5312 mundum
3330 5272 3388 5313 se
3416 5274 3541 5316 esse
3576 5276 3693 5331 pec-

2112 5334 2276 5388 cato?
2325 5334 2393 5389 Et
2437 5336 2632 5394 iterum
2658 5358 2670 5393 :
2701 5339 2872 5397 Nemo
2905 5345 3131 5401 mundus
3160 5365 3194 5402 a
3219 5349 3392 5417 sorde,
3437 5367 3531 5405 nec
3562 5369 3700 5409 unus

2109 5429 2338 5500 quidem,
2364 5433 2520 5486 etiam
2541 5434 2586 5488 si
2612 5436 2767 5492 unius
2791 5437 2949 5510 fuerit
2971 5440 3076 5497 diei
3104 5443 3209 5499 rita
3238 5444 3353 5514 ejus
3389 5461 3550 5516 super
3588 5454 3693 5501 ter-

2181 5563 2204 5603 ι¹
2249 5564 2368 5637 bis,
2412 5568 2767 5637 consistentes.

2187 5646 2209 5675 ο
2251 5634 2374 5703 Ms.,
2414 5634 2748 5709 exponendis.
