4028 6176
319 373 424 433 865

1586 367 1903 427 ELlPANDl
1939 368 2314 430 EHSTOLE.

3487 384 3591 439 866

316 512 455 550 ram.
488 491 622 559 Quis
646 497 730 545 est
755 489 899 545 cnim
921 489 1200 545 hominum
1227 489 1346 545 sine
1379 488 1618 558 querela,
1653 495 1748 541 aut
1775 485 1898 556 quis
1925 488 1976 550 Α
2003 486 2296 542 inﬁdelium
2343 487 2572 558 :poiluat
2617 498 2829 546 mentes
2883 489 3165 560 ﬁdelium;
3235 509 3366 552 eum
3417 499 3591 555 etiam

316 587 521 660 poterit
559 585 742 654 justus
783 597 905 639 esse
938 584 1029 652 qui
1064 593 1223 638 natus
1251 591 1336 637 est
1367 597 1435 637 ex
1469 580 1729 636 muliere?
1765 577 1903 633 Nam

319 681 363 735 si
397 691 499 733 nec
531 676 652 731 coeli
682 691 791 730 non
835 682 960 729 sunt
1002 674 1184 728 mundi
1240 673 1295 728 in
1340 679 1633 742 conSpectu
1664 669 1899 734 Domini,

316 776 521 840 quanto
552 767 723 836 magis
755 765 1102 820 exsecrabilis
1129 773 1183 819 ct
1209 764 1516 818 immundus
1542 762 1668 816 vir?
1715 761 1782 815 Et
1804 761 1903 814 ite-

316 878 440 916 rum
490 860 659 915 sancti
683 857 872 912 Patres
910 857 963 911 in
1005 857 1119 913 suis
1154 857 1528 928 dogmatibus:
1556 855 1744 910 Nullus
1780 869 1905 909 san-

317 963 440 1010 ctus
466 952 712 1020 etjustus
745 958 895 1006 caret
917 959 1155 1020 peccato,
1185 965 1285 1005 nec
1314 957 1492 1004 tamen
1524 965 1589 1003 ex
1620 949 1722 1003 hoc
1750 945 1899 1001 desi-

316 1048 398 1101 nit
425 1061 545 1100 esse
565 1043 762 1112 justus,
794 1042 878 1097 vel
913 1050 1151 1107 sanctus,
1176 1057 1298 1096 cum
1335 1040 1529 1095 aﬂ‘ectu
1556 1047 1738 1095 teneat
1766 1055 1898 1093 san-

316 1139 582 1193 ctitatem.
626 1135 743 1189 Non
786 1136 928 1189 enim
965 1143 1170 1189 naturae
1217 1133 1445 1198 viribus,
1494 1133 1589 1188 sed
1637 1132 1902 1203 pr0positi

317 1229 629 1300 adjumento
667 1243 767 1298 per
805 1228 1037 1299 gratiam
1063 1227 1395 1296 acquirimus
1437 1226 1778 1280 sanctitatem
1807 1241 1818 1276 :
1850 1233 1906 1280 et

317 1322 443 1376 ideo
467 1320 734 1374 veraciter
759 1333 816 1375 se
841 1333 1030 1373 omnes
1055 1317 1228 1373 sancti
1270 1318 1623 1388 pronuntiant
1649 1325 1904 1387 peccato-

318 1426 429 1478 res,
455 1410 578 1479 quia
607 1410 659 1463 in
680 1409 908 1464 veritate
929 1408 1132 1464 habent
1154 1409 1295 1479 quod
1327 1408 1600 1479 plangant,
1628 1418 1683 1462 et
1710 1408 1755 1462 si
1793 1422 1901 1462 non

320 1500 740 1572 reprehensione
773 1501 1134 1564 conscientiae,
1165 1508 1311 1554 certe
1352 1499 1653 1554 mobilitate
1691 1507 1748 1553 et
1787 1515 1905 1553 mu-

320 1591 584 1660 tabilitate
633 1590 958 1646 conditionis
1008 1589 1277 1644 humanm.
1325 1590 1526 1644 lterum
1559 1591 1751 1645 beatus
1773 1588 1902 1644 Ful-

316 1682 532 1754 gentius
557 1681 722 1736 Petro
747 1693 770 1721 α
801 1675 1229 1752 Hierosolymam
1259 1679 1526 1750 pergenti,
1562 1680 1635 1734 ita
1662 1679 1905 1750 praecipit

318 1777 504 1832 dicens
529 1793 543 1828 :
568 1775 906 1830 Firmissime
929 1783 1070 1839 tene,
1097 1783 1152 1828 et
1174 1773 1479 1829 nullatenus
1500 1774 1714 1829 dubites
1736 1773 1897 1828 etiam

2002 575 2293 648 Apostolus
2323 579 2511 635 dicat:
2567 580 2761 636 Omnia
2796 583 2994 637 munda
3032 585 3247 640 mundis
3275 603 3296 652 ;
3349 589 3591 661 coinqui-

2006 671 2143 722 natis
2205 678 2379 724 autem
2436 681 2484 724 et
2543 671 2843 740 inﬁdelibus
2897 673 3030 727 nihil
3071 685 3146 730 est
3203 679 3481 735 mundum.
3525 681 3595 737 Et

2005 761 2149 829 quod
2196 777 2318 816 cum
2365 767 2738 834 peccatoribus
2781 769 2961 824 cibum
3004 782 3224 823 sumere
3265 785 3481 836 renuas,
3543 781 3597 828 te

2006 852 2123 922 ipso
2187 854 2513 910 sanctiorem
2563 858 2797 914 Domino
2857 869 2912 916 et
2974 859 3338 929 Redemptore
3404 872 3591 919 nostro

2005 942 2342 1008 existimans,
2372 953 2426 998 et
2460 945 2572 1014 jam
2601 949 2719 1004 sine
2755 950 2964 1018 peccati
2997 951 3224 1015 macula,
3268 955 3594 1024 arrogantiae

2005 1036 2197 1106 Spiritu
2232 1037 2467 1105 elevans,
2495 1057 2618 1096 cum
2668 1044 2782 1114 ipse
2823 1043 2915 1098 Dei
2945 1041 3132 1106 Filius,
3177 1045 3442 1100 medicina
3481 1061 3592 1101 cce-

2006 1126 2157 1184 lestis
2183 1137 2236 1183 et
2290 1131 2399 1185 vita
2447 1143 2808 1200 mortuorum,
2875 1151 2998 1190 cum
3047 1135 3367 1206 publicanis,
3395 1146 3448 1192 et
3473 1155 3599 1209 pee-

2006 1221 2281 1275 catoribus
2349 1237 2489 1292 szepe
2571 1225 2771 1295 legitur
2832 1226 3202 1281 combihisse:
3256 1242 3356 1281 nec
3415 1236 3596 1283 tamen

2005 1325 2194 1367 omnes
2244 1314 2311 1368 ab
2339 1328 2526 1370 errore
2579 1316 2681 1370 vize
2736 1332 2846 1371 suae
2889 1331 3185 1372 conversos
3222 1315 3390 1372 fuisse
3433 1319 3594 1372 beato

2004 1404 2306 1475 Augustino
2368 1416 2682 1473 attestantc,
2736 1409 2828 1479 qui
2874 1410 3006 1464 dicit
3035 1426 3048 1461 :
3079 1409 3219 1464 Ecce
3269 1424 3458 1464 omnes
3505 1411 3591 1465 ad-

2005 1497 2363 1565 mirabantur,
2431 1516 2533 1555 nec
2602 1508 2779 1555 tamen
2837 1517 3027 1556 omnes
3091 1503 3547 1556 convertebantur
3573 1520 3592 1556 ':

2005 1589 2260 1644 omnibus
2287 1591 2505 1661 quidem
2526 1603 2644 1648 erat
2685 1594 2739 1648 in
2794 1596 2975 1649 verbis
3009 1595 3220 1650 Domini
3280 1596 3589 1660 admiratio,

2005 1697 2106 1736 nec
2156 1691 2336 1739 tamen
2379 1687 2709 1741 omnibusin
2762 1687 2918 1742 factis
2946 1687 3062 1757 ejus
3123 1688 3457 1742 credulitatis
3515 1690 3598 1743 in-

2006 1784 2120 1830 erat
2147 1776 2462 1846 plenitudo;
2517 1795 2641 1833 nam
2684 1789 2735 1835 et
2775 1781 2890 1850 ipse
2921 1780 3182 1834 Dominus
3213 1780 3266 1833 in
3307 1780 3598 1850 Evangelia

309 1866 489 1936 justos
515 1875 674 1937 atque
706 1873 922 1921 sanctos
943 1865 1208 1932 homines,
1240 1865 1481 1934 exceptis
1503 1865 1588 1920 his
1612 1865 1702 1934 qui
1725 1864 1900 1934 bapti-
1930 1839 1976 1898 Β
2006 1865 2071 1920 de
2115 1839 2406 1937 semetipso
2448 1839 2578 1924 dicit
2613 1885 2628 1924 :
2667 1839 2827 1927 Venit
2867 1869 3102 1926 Joannes
3145 1871 3381 1941 Baptista
3422 1839 3598 1941 neque

317 1958 424 2012 zati
462 1957 672 2028 parvuli
723 1964 867 2023 sunt,
897 1957 1014 2011 sine
1057 1964 1279 2027 peccato
1304 1957 1391 2011 hic
1417 1955 1689 2010 neminem
1719 1955 1900 2009 vivere

315 2061 494 2118 posse,
538 2060 858 2117 semperque
897 2047 1044 2101 omni
1097 2046 1322 2111 homini,
1359 2045 1388 2086 ι)
1428 2055 1485 2100 et
1527 2055 1751 2116 peccata
1802 2061 1900 2100 sua

316 2153 489 2209 usque
529 2140 584 2193 in
609 2139 773 2193 ﬁnem
806 2138 930 2191 vita:
958 2137 1241 2208 praesentis
1285 2135 1644 2206 eleemosynis
1673 2134 1897 2201 diluere,

313 2238 372 2284 et
401 2229 776 2284 remissionem
800 2228 1075 2282 humiliter
1113 2243 1145 2281 a
1169 2227 1281 2282 Deo
1302 2226 1568 2281 veraciter
1602 2225 1895 2296 postulare.

315 2322 516 2376 Beatus
559 2321 724 2386 igitur
767 2318 1003 2375 Joannes
1033 2319 1452 2391 Chrysostomus
1495 2317 1568 2371 ita
1612 2316 1902 2371 conﬁtetur

314 2415 540 2471 dicens:
569 2414 758 2468 Nullus
782 2423 867 2468 est
907 2421 1150 2469 nostrum
1197 2429 1226 2466 a
1255 2419 1476 2482 peccato
1502 2410 1729 2474 alienus,
1760 2408 1901 2463 sicut

315 2505 496 2560 nullus
538 2513 717 2576 potest
757 2520 877 2560 esse
921 2503 1065 2559 inter
1108 2513 1353 2559 mortuos
1399 2501 1555 2556 liber.
1611 2500 1684 2556 Ut
1718 2508 1899 2554 autem

313 2605 494 2660 adhuc
540 2603 772 2674 amplius
823 2603 1028 2674 aliquid
1074 2603 1250 2658 dicam
1297 2619 1312 2655 :
1366 2617 1466 2656 nos
1509 2613 1723 2670 quoque
1772 2598 1896 2669 ipsi,

312 2695 407 2766 qui
440 2695 494 2749 in
520 2695 882 2750 Ecclesiarum
922 2708 1148 2748 munere
1195 2701 1380 2749 tenere
1409 2693 1656 2746 videmur
1691 2692 1899 2761 apicem

312 2787 614 2856 dignitatis,
661 2795 716 2840 et
761 2785 933 2840 sacris
975 2785 1192 2840 sedibus
1235 2784 1566 2839 illustramur
1597 2801 1609 2836 :
1643 2799 1762 2847 nos,
1817 2782 1900 2836 in-

309 2891 499 2954 quam,
547 2877 649 2947 ipsi
695 2877 965 2946 principes
1015 2875 1378 2940 sacerdotum,
1420 2882 1477 2928 et
1517 2874 1757 2946 magistri
1803 2889 1899 2943 po-

313 2970 586 3041 pulorum,
636 2980 798 3042 atque
836 2972 1108 3037 doctores,
1147 2971 1314 3024 variis
1360 2985 1609 3025 errorum
1667 2969 1900 3024 circum-

249 3121 270 3134 .
314 3063 508 3116 damur
533 3062 856 3132 agminibus,
887 3061 1034 3116 vitiis
1061 3060 1371 3130 frequenter
1399 3060 1702 3116 subdimur.
1758 3058 1899 3114 Non-

312 3165 587 3219 nunquam
617 3150 780 3203 etiam
806 3148 1164 3204 delicatorum
1214 3149 1334 3203 labe
1379 3147 1746 3213 maculamur;
1799 3147 1894 3202 sed

312 3253 492 3296 tamen
540 3241 912 3297 misericordis
955 3241 1168 3296 Domini
1209 3240 1550 3298 clementiam
1602 3239 1894 3304 intuemur,

315 3335 383 3390 de
421 3333 574 3404 cujus
601 3335 844 3390 bonitate
892 3334 1116 3389 minime
1163 3333 1494 3389 dubitamus.
1544 3331 1718 3387 Tanta
1755 3333 1900 3387 enim

314 3421 434 3492 ejus
456 3439 582 3496 erga
603 3425 852 3480 homines
878 3433 962 3480 est
989 3425 1306 3490 liberalitas,
1335 3432 1396 3480 ut
1424 3425 1515 3480 ubi
1544 3423 1901 3478 abundaverit

314 3527 613 3588 peccatum,
643 3519 752 3574 illic
781 3517 954 3588 major
982 3519 1157 3589 gratia
1199 3519 1526 3573 exabundet.
1568 3517 1648 3571 Tu
1685 3531 1900 3586 quoque

313 3609 446 3679 ipse,
462 3610 552 3679 qui
567 3609 633 3664 dc
649 3610 935 3666 sanctitate
949 3609 1221 3679 gloriaris,
1235 3617 1291 3663 et
1311 3617 1364 3663 te
1378 3609 1612 3662 alienum
1633 3623 1662 3661 a
1674 3615 1900 3676 peccato

311 3714 432 3755 esse
456 3700 612 3763 dicis,
641 3709 826 3770 aperte
863 3700 1021 3755 datur
1048 3699 1273 3766 intelligi
1297 3699 1422 3768 quia
1449 3699 1494 3754 si
1528 3707 1772 3768 tempore
1807 3697 1899 3752 illo

309 3790 706 3860 prmscntaliter
741 3790 1006 3846 adfuisses
1032 3805 1140 3860 quo
1165 3790 1424 3845 Dominus
1448 3799 1504 3845 et
1547 3789 1896 3860 Redemptor,

307 3880 482 3948 digito
511 3880 566 3932 in
594 3889 738 3933 terra
769 3879 1034 3945 scribens,
1063 3880 1128 3935 de
1158 3880 1384 3934 muliere
1427 3880 1516 3934 illa
1548 3880 1601 3934 in
1631 3879 1898 3936 adulterio

308 3969 648 4038 deprehensa
667 3967 867 4026 Judaeis
893 3970 1128 4025 diceret:
1154 3969 1212 4025 Si
1233 3970 1354 4040 quis
1373 3980 1612 4029 vestrum
1651 3979 1734 4026 est
1780 3972 1901 4028 sine

310 4070 536 4130 peccato
565 4060 742 4114 mittat
789 4060 1024 4132 lapidem
1063 4076 1226 4132 super
1253 4075 1394 4128 eam,
1422 4071 1642 4134 poteras
1678 4071 1736 4120 tu
1784 4063 1899 4134 ipse

310 4149 586 4208 homicidii
624 4151 828 4206 crimen
867 4151 1018 4222 prius
1045 4152 1340 4218 incurrere,
1369 4155 1461 4224 qui
1489 4166 1542 4210 te
1577 4153 1690 4222 jam
1719 4170 1749 4209 a
1769 4169 1897 4226 pec-

309 4249 432 4297 cato
456 4251 774 4299 extraneum
805 4245 942 4300 dicis
969 4260 1108 4300 esse.
1131 4245 1229 4301 Cui
1256 4261 1385 4317 ergo
1415 4257 1467 4304 te
1485 4247 1714 4302 similem
1744 4247 1898 4304 dixe-

309 4335 500 4401 rimus,
529 4335 633 4389 nisi
671 4336 762 4405 qui
785 4336 922 4391 dixit
954 4353 966 4388 :
994 4335 1199 4390 Ponant
1237 4337 1412 4391 sedem
1441 4355 1609 4393 meam
1637 4339 1702 4392 ab
1730 4338 1894 4411 Aqui-

308 4425 446 4492 lone,
488 4437 536 4481 et
579 4443 668 4481 ero
713 4426 904 4482 similis
925 4425 1233 4482 Altissimo?
1276 4427 1375 4484 Cui
1415 4445 1544 4501 ergo
1591 4437 1649 4484 tu
1697 4430 1891 4486 similis

2001 1957 2335 2013 manducans
2367 1975 2558 2028 panem
2609 1977 2782 2031 neque
2825 1963 3020 2017 bibens
3055 1963 3263 2028 vinum,
3305 1971 3358 2017 et
3383 1963 3584 2027 dicitis,

2000 2051 2334 2106 Dzemonium
2356 2053 2519 2109 habet
2545 2071 2559 2120 ;
2602 2057 2750 2110 venit
2778 2055 2947 2111 Filius
2973 2055 3208 2110 hominis
3237 2055 3592 2122 manducans,

2000 2150 2056 2197 et
2105 2144 2297 2199 bibens
2335 2154 2392 2198 et
2433 2145 2613 2202 dicitis
2652 2161 2668 2200 :
2719 2146 2856 2202 Ecce
2883 2147 3045 2204 homo
3085 2150 3393 2210 devorator,
3434 2149 3594 2206 ctbi~

1999 2236 2136 2290 bens
2180 2235 2385 2299 vinum,
2419 2236 2626 2292 amicus
2667 2237 3081 2310 publicanorum
3134 2251 3190 2297 et
3224 2253 3592 2313 peccatorum.

2003 2322 2114 2378 Sed
2141 2333 2203 2378 ut
2255 2325 2432 2380 adhuc
2459 2340 2676 2382 omnem
2717 2329 3108 2385 dubitationem
3138 2347 3169 2386 a
3219 2333 3470 2388 ﬁdelibus
3499 2349 3594 2388 an-

2007 2413 2178 2468 ferret
2233 2414 2544 2485 Apostolus,
2600 2418 2681 2472 sic
2728 2418 2856 2474 alibi
2913 2419 3088 2475 dicit:
3144 2421 3203 2477 Si
3243 2423 3364 2493 quis
3434 2433 3594 2480 vocat

1999 2518 2096 2558 vos
2142 2503 2458 2573 inﬁdelium,
2516 2516 2572 2562 et
2635 2509 2798 2564 vultis
2843 2509 2940 2575 ire,
3036 2526 3195 2567 omne
3240 2514 3386 2583 quod
3442 2515 3596 2570 vobis

1999 2594 2289 2665 apponitur
2332 2599 2673 2666 manducatr,
2743 2600 2878 2656 nihil
2931 2601 3331 2673 interrogantes
3369 2613 3594 2674 propter

1997 2693 2405 2748 conscientiam.
2458 2691 2575 2747 Non
2641 2691 2786 2747 enim
2841 2693 2897 2747 in
2955 2691 3285 2749 Christianis
3352 2696 3591 2764 qualitas

1999 2786 2124 2850 cibi,
2157 2787 2250 2841 sed
2293 2785 2636 2855 superﬂuitas
2678 2785 2990 2851 damnatur,
3047 2802 3221 2856 neque
3268 2787 3336 2842 ab
3384 2789 3588 2854 omnia,

1997 2873 2135 2930 dsed
2167 2875 2346 2928 anima
2383 2883 2597 2944 oportet
2646 2875 2952 2940 abstinere;
3000 2876 3126 2944 quia
3152 2875 3306 2944 juxta
3351 2878 3594 2947 Apostoli

1996 2981 2204 3030 vocem,
2260 2981 2368 3019 non
2418 2973 2504 3020 est
2540 2981 2766 3035 regnum
2815 2966 2910 3020 Dei
2959 2981 3084 3020 esca
3142 2975 3196 3020 et
3243 2979 3444 3038 potus;
3495 2971 3590 3026 sed

1989 3054 2219 3123 justitia,
2275 3065 2329 3110 et
2387 3073 2514 3127 pax,
2568 3064 2622 3110 et
2680 3058 2936 3127 gaudium
2991 3057 3046 3112 in
3097 3057 3303 3128 Spiritu
3355 3068 3587 3114 sancto:

2000 3146 2134 3201 Esca
2180 3148 2325 3201 enim
2383 3149 2576 3213 ventri,
2635 3157 2689 3201 et
2737 3157 2930 3202 venter
2988 3150 3166 3213 escis,
3227 3150 3369 3204 Deus
3405 3160 3588 3205 autem

2005 3248 2059 3293 et
2125 3239 2270 3293 hunc
2326 3247 2380 3292 ct
2457 3240 2572 3294 lucc
2642 3239 2905 3294 destruet.
2965 3241 3163 3294 Beatus
3227 3241 3591 3313 Hieronymus

2003 3344 2236 3399 namque
2269 3329 2323 3383 in
2376 3329 2630 3398 Exposito
2671 3329 2924 3398 Episzolze
2950 3330 3041 3382 ad.
3077 3329 3353 3385 Romanos
3409 3332 3488 3388 sic
3517 3333 3596 3388 lo-

2003 3422 2187 3492 quitur
2221 3421 2444 3476 dicens:
2485 3420 2668 3489 Neque
2703 3422 2852 3475 enim
2893 3420 3018 3482 cibi,
3067 3436 3204 3489 quos
3235 3422 3382 3476 Deus
3433 3439 3588 3478 crea-

2000 3515 2097 3577 vit,
2142 3522 2237 3568 aut
2275 3515 2586 3582 ignoranter
2608 3521 2702 3566 aut
2734 3512 3053 3581 simpliciter
3083 3516 3304 3585 sumpti,
3353 3532 3596 3573 commu-

2001 3618 2130 3658 nem
2178 3601 2358 3656 facere
2421 3610 2678 3672 poterunt
2737 3601 3017 3656 hominem
3083 3611 3176 3656 aut
3225 3605 3584 3663 immundum.

2001 3693 2202 3747 Beatus
2261 3692 2458 3746 iterum
2513 3691 2808 3764 Gregorius
2858 3693 2912 3746 in
2980 3692 3240 3763 Exposito
3287 3695 3593 3753 Ezechielis

2001 3786 2077 3841 ita
2123 3785 2408 3840 conﬁrmat
2450 3785 2678 3840 dicens:
2709 3785 2898 3856 Magna
2954 3785 3095 3840 enim
3143 3796 3226 3842 est
3256 3788 3430 3842 virtus
3469 3790 3594 3844 abs-

2004 3876 2262 3942 tinentiae,
2317 3877 2411 3931 sed
2458 3876 2504 3931 si
2534 3877 2657 3946 quis
2690 3877 2765 3931 ita
2808 3877 2876 3931 ab
2925 3876 3198 3932 alimentis
3224 3878 3494 3933 abstineat
3524 3889 3584 3935 ut

2001 3975 2228 4024 ceteros
2270 3967 2324 4021 in
2382 3968 2506 4024 cibo
2548 3965 2823 4036 dijudicet,
2877 3967 3134 4022 alimenta
3183 3969 3395 4034 eadem,
3463 3986 3586 4041 quae

1998 4060 2143 4116 Deus
2186 4061 2393 4117 creavit
2430 4063 2498 4116 ad
2540 4060 2946 4130 percipiendum
2996 4076 3119 4116 cum
3161 4062 3462 4134 gratiarum
3502 4079 3588 4120 ac-

2001 4153 2170 4221 tione,
2234 4153 2483 4212 ﬁdelibus
2538 4156 2703 4212 etiam
2766 4156 3006 4222 damnet,
3051 4157 3183 4226 quid
3240 4157 3368 4212 huic
3413 4157 3591 4214 virtus

1999 4247 2338 4302 abstinentia:
2391 4246 2536 4303 facta
2574 4257 2677 4313 est,
2733 4249 2838 4303 nisi
2881 4247 3108 4317 laqueus
3162 4248 3378 4317 culpae?

2071 4336 2157 4390 12.
2209 4337 2362 4403 Quod
2429 4353 2559 4392 vero
2619 4339 2820 4392 asseris
2865 4338 2994 4406 quia
3022 4337 3076 4390 in
3131 4337 3242 4392 sola
3281 4337 3454 4392 Roma
3502 4338 3574 4392 sit

1997 4439 2238 4500 potestas
2277 4431 2393 4498 Dei,
2454 4443 2478 4470 θ
2517 4431 2573 4485 in
2607 4446 2712 4500 qua
2763 4430 3016 4486 Christus
3075 4430 3311 4494 habitat,
3369 4440 3588 4485 contra-

309 4530 370 4570 cs
406 4516 510 4570 nisi
540 4515 813 4572 Pharismo
854 4515 931 4570 illi
981 4517 1074 4586 qui
1109 4517 1249 4588 apud
1295 4519 1644 4589 semetipsum
1690 4521 1885 4590 agebat
1907 4524 1965 4582 =0
1992 4526 2109 4584 rius
2165 4523 2449 4593 Prophetae
2511 4521 2748 4584 oraculo,
2802 4520 2892 4589 qui
2935 4519 3105 4574 dicit:
3141 4518 3510 4573 Dominabitur
3550 4537 3583 4572 a

307 4607 493 4662 dicens
517 4625 530 4660 :
555 4607 802 4674 Domine,
832 4623 940 4664 non
971 4623 1089 4663 sum
1115 4624 1229 4680 ego
1254 4610 1394 4666 sicut
1418 4612 1599 4666 caeteri
1622 4611 1888 4676 homines,

309 4705 570 4767 raptores,
625 4697 871 4762 adulteri,
905 4706 959 4752 et
999 4699 1230 4754 caetera?
1277 4698 1388 4754 Cur
1411 4716 1521 4755 non
1557 4700 1884 4764 recordaris,

307 4789 511 4854 Infelix,
553 4789 684 4860 quid
722 4791 913 4846 beatus
947 4789 1246 4862 Gregorius
1290 4792 1356 4847 de
1385 4792 1583 4848 talibus
1623 4801 1889 4848 memoret

306 4883 494 4938 dicens
521 4897 536 4936 :
566 4883 846 4952 Apostatre
893 4884 1086 4954 angelo
1133 4884 1327 4940 similis
1374 4883 1624 4952 edicitur,
1673 4885 1888 4956 quando

307 4976 470 5030 homo
499 4974 706 5029 homini
734 4974 929 5029 similis
955 4989 1074 5030 esse
1103 4976 1443 5045 dedignatur.

285 5087 290 5098 ι
376 5065 465 5119 11.
507 5065 662 5132 Quod
690 5074 866 5121 autem
899 5066 966 5121 de
994 5067 1135 5122 escis
1171 5075 1226 5122 et
1250 5074 1492 5122 stercore
1533 5066 1737 5121 ventris
1783 5067 1892 5122 dis-

303 5163 500 5226 putare
563 5156 813 5221 conaris,
867 5166 1060 5212 contra
1112 5157 1438 5214 sententiam
1497 5158 1742 5226 Domini,
1797 5160 1888 5229 qui

304 5246 444 5302 dixit
477 5262 493 5300 ε
526 5246 672 5302 Nihil
731 5248 1048 5318 coinquinat
1101 5249 1246 5319 quod
1292 5250 1348 5304 in
1414 5265 1511 5306 ore
1566 5251 1885 5320 ingreditur,

304 5349 329 5378 ο
380 5347 608 5410 excepta
635 5339 871 5395 hominis
893 5354 1077 5406 carne,
1136 5338 1229 5396 sed
1264 5341 1394 5397 illud
1433 5342 1745 5413 coinquinat
1788 5341 1890 5398 ho-

305 5431 508 5488 minem
560 5433 705 5503 quod
733 5434 799 5489 de
822 5447 918 5489 ore
960 5434 1253 5505 egreditur.
1307 5435 1388 5490 Tu
1417 5413 1472 5492 θ’
1493 5436 1764 5492 contrario
1821 5435 1888 5490 de

305 5523 485 5578 cordis
517 5523 598 5578 tui
645 5524 942 5594 sanguineo
987 5525 1263 5581 intellectu
1314 5528 1513 5584 asseris
1544 5529 1688 5598 quod
1734 5527 1888 5583 cibus

377 5667 405 5726 ξ
447 5655 569 5720 Ms.,
613 5653 1013 5726 Hierosolyma’.

379 5725 409 5765 δ
447 5726 606 5797 Deest
634 5736 831 5797 oportet
857 5725 938 5780 vel
966 5740 1218 5785 convenit.

381 5806 404 5835 ε
446 5796 571 5863 Ms.,
594 5796 802 5868 εει-ερεο
832 5797 1057 5854 hominis
1086 5816 1229 5856 caro.

1995 4620 2132 4675 mari
2177 4633 2342 4688 usque
2376 4615 2446 4669 ad
2477 4631 2646 4678 mare,
2673 4622 2722 4667 et
2771 4629 2804 4665 a
2835 4610 3149 4666 ﬂuminibus
3190 4627 3356 4682 usque
3375 4610 3446 4665 ad
3481 4620 3585 4665 ter-

1992 4713 2162 4766 minos
2191 4708 2331 4762 orbis
2378 4715 2536 4762 terrte
2563 4720 2584 4758 :
2614 4712 2680 4758 et
2713 4703 2839 4774 quia
2887 4704 3012 4774 ipsa
3043 4703 3114 4757 sit
3166 4711 3376 4757 tantum
3399 4702 3586 4758 Eccle-

1992 4802 2074 4858 sia
2136 4798 2421 4864 catholica,
2467 4795 2560 4852 ubi
2599 4810 2790 4851 omnes
2827 4794 3003 4850 sancti
3055 4793 3178 4854 sint.
3243 4793 3438 4865 absque
3467 4809 3584 4846 ma-

1993 4893 2113 4949 cula
2165 4901 2212 4947 et
2259 4907 2427 4962 ruga;
2482 4898 2539 4944 et
2571 4889 2696 4958 quia
2728 4888 2795 4942 de
2834 4904 2899 4942 ea
2952 4885 3066 4941 sola
3121 4885 3332 4939 dicatur
3372 4899 3392 4937 :
3420 4881 3498 4936 Tu
3527 4897 3580 4936 es

1994 4985 2204 5050 Petrus,
2263 4993 2312 5037 et
2362 4998 2519 5054 super
2569 4981 2705 5035 hanc
2743 4988 2944 5050 petram
2974 4974 3248 5045 adiﬁcabo
3284 4972 3576 5028 Ecclesium

1993 5092 2205 5130 meam:
2243 5075 2308 5130 Et
2357 5075 2617 5142 quianon
2657 5070 2882 5125 intrabit
2926 5069 2980 5122 in
3039 5082 3104 5120 ea
3163 5063 3366 5133 aliquid
3429 5063 3582 5117 coin-

1992 5168 2294 5238 quinatum,
2351 5172 2406 5219 et
2453 5163 2657 5218 faciens
2731 5159 3186 5216 abominationem
3234 5163 3291 5210 et
3349 5155 3578 5210 menda-

1993 5259 2135 5313 cium
2173 5273 2185 5308 :
2217 5264 2274 5312 et
2301 5255 2428 5325 quia
2472 5253 2587 5324 ipsa
2623 5260 2708 5308 est
2730 5248 3029 5306 Jerusalem
3060 5263 3221 5312 nova,
3252 5261 3412 5316 quam
3443 5245 3579 5300 vidit

1991 5350 2226 5406 Joannes
2269 5345 2684 5403 descendentem
2707 5344 2772 5400 de
2803 5342 2972 5398 caelo.
3025 5341 3152 5394 llmc
3176 5339 3358 5394 omnia
3387 5352 3577 5392 amens

1991 5444 2080 5499 ille
2124 5441 2364 5512 spiritus,
2419 5448 2474 5493 et
2498 5435 2873 5508 imprudentiae
2923 5441 3029 5487 tua:
3057 5430 3360 5486 intellectus
3389 5435 3443 5484 te
3473 5427 3574 5482 ista

1990 5533 2288 5605 intelligere
2319 5529 2521 5587 docuit.
2553 5529 2661 5584 Nos
2689 5540 2820 5583 vero
2853 5539 2884 5580 e
2921 5522 3195 5579 contrario
3225 5536 3334 5576 non
3366 5519 3432 5576 de
3459 5518 3573 5575 sola

2060 5665 2086 5704 ά
2125 5664 2287 5718 Deest
2320 5661 2524 5731 aliquid
2565 5661 2707 5718 inter
2739 5660 2842 5716 ista
2869 5657 3012 5714 male
3036 5655 3247 5712 Latina.

2066 5754 2090 5782 ο
2129 5735 2252 5802 Με.,
2289 5735 2345 5788 in
2373 5749 2550 5804 quam.
