4028 6176
442 320 544 374 8.ὶῖ

1261 322 1667 390 ELIPANDUS,
1709 321 1943 385 FELIX,
1985 313 2338 373 HETERIUS
2374 314 2465 369 ET
2506 312 2564 369 S.
2603 312 2899 371 BEATUS.

3617 305 3731 367 858

440 436 614 497 Roma
638 436 922 493 Dominum
944 435 1107 490 Petro
1129 433 1335 491 dixisse
1375 435 1683 490 credimus:
1735 433 1814 488 Tu
1833 450 1887 487 es
1916 431 2020 486 Pe-
2048 434 2096 493 Α
2122 425 2301 497 pistici
2327 425 2598 494 pretiosus
2635 435 2748 482 toto
2784 440 2922 496 pene
2956 424 3163 496 fragrat
3188 424 3243 480 in
3275 425 3498 493 mundo,
3534 436 3721 485 nostro

438 544 573 599 trus,
617 530 824 587 scilicet
874 525 1108 581 ﬁrmitas
1153 524 1298 590 ﬁdei,
1356 533 1405 580 et
1430 540 1586 594 super
1640 525 1776 579 hanc
1819 531 2021 593 petram

436 620 709 694 wdiﬁcabo
772 615 1066 672 Ecclesium
1122 631 1336 681 meam;
1387 626 1414 656 α
1466 615 1561 671 sed
1607 614 1674 671 de
1725 610 2022 669 universali

435 711 678 768 Ecclesia
732 705 1001 763 catholica
1068 720 1172 774 per
1206 706 1524 761 universum
1580 705 1768 761 orbem
1841 711 2022 759 terra-

437 819 560 860 rum
616 803 673 858 in
719 814 854 870 pace
899 796 1137 863 diﬁ'usa;
1195 796 1264 851 de
1307 811 1413 866 qua
1454 797 1570 865 ipse
1620 795 1884 850 Dominus
1936 802 2021 849 te-

436 904 613 952 statur
659 894 844 949 dicens
880 908 894 943 :
935 887 1149 942 Veniant
1196 889 1260 943 ab
1294 890 1492 943 oriente
1540 898 1589 943 et
1634 890 1702 943 ab
1731 887 2018 952 occidente,

435 995 486 1042 et
530 984 824 1040 recumbent
866 996 982 1033 cum
1039 979 1303 1033 Abraham
1335 1019 1351 1045 ,
1405 977 1583 1043 Isaac,
1621 987 1671 1032 et
1724 977 1915 1043 Iacob,
1966 978 2023 1032 in

438 1093 599 1148 regno
657 1072 925 1129 emtorum.
974 1069 1111 1124 Nam
1162 1069 1306 1133 quod
1355 1070 1555 1124 asseris
1601 1068 1727 1138 quia
1776 1068 1892 1126 ipsa
1938 1076 2026 1122 est

434 1170 678 1228 Ecclesia
733 1167 855 1222 sine
904 1164 1116 1219 macula
1165 1171 1221 1218 et
1273 1177 1441 1231 ruga,
1496 1168 1553 1216 et
1604 1164 1731 1230 quia
1784 1175 1893 1215 non
1938 1159 2021 1213 in-

436 1264 604 1320 trabit
657 1262 713 1316 in
761 1275 825 1316 ea
861 1257 1064 1327 aliquid
1119 1255 1549 1324 coinquinatum,
1576 1261 1633 1308 et
1668 1252 1872 1307 faciens
1894 1252 2026 1306 abo-

435 1353 790 1411 minationem
836 1357 892 1404 et
929 1347 1315 1403 mendacium:
1369 1346 1415 1400 si
1445 1345 1516 1399 ita
1572 1351 1674 1408 est,
1715 1357 1884 1413 quare
1930 1342 2022 1396 Li—

434 1445 640 1507 berius,
693 1438 936 1510 ejusdem
981 1436 1239 1491 Ecclesiae
1270 1432 1532 1503 pontifex,
1564 1433 1707 1487 inter
1736 1432 2024 1489 haereticos

435 1536 727 1591 damnatus
771 1529 889 1585 est?
918 1528 946 1567 1³
1004 1526 1115 1581 Cur
1154 1528 1344 1582 beatus
1366 1524 1659 1596 Gregorius
1686 1532 1768 1579 tot
1786 1524 2023 1579 scelera-

433 1632 519 1680 tos
585 1620 833 1689 homines
912 1619 968 1673 in
1029 1617 1203 1670 Roma
1260 1614 1427 1671 fuisse
1480 1615 1864 1684 protestatur?
1929 1613 2024 1669 sed

434 1715 562 1786 quia
606 1714 659 1768 in
715 1710 863 1765 omni
893 1707 1137 1764 Ecclesia
1180 1705 1309 1760 mali
1355 1720 1479 1760 cum
1517 1706 1693 1771 bonis,
1724 1712 1780 1759 et
1805 1703 2019 1774 reprobi

2126 516 2332 573 redolet
2353 517 2525 581 cordi,
2574 533 2605 574 e
2641 518 2877 587 pectoris
2907 534 3143 584 arcano;
3188 517 3343 587 cujus
3387 527 3448 574 ut
3489 520 3726 591 sospitas

2125 608 2306 663 divina
2338 616 2655 678 protegente
2693 608 2919 665 dextera
2947 625 3048 679 pro
3093 609 3391 665 salvatione
3423 612 3588 666 totius
3622 613 3724 669 Ec-

2124 699 2302 755 clesia:
2327 699 2606 754 catholicae
2637 698 2845 754 diutino
2866 708 3217 754 conservetur
3240 715 3338 770 per
3361 716 3538 756 aevum
3564 701 3727 758 accli~

2124 804 2222 845 nes
2249 788 2507 858 prostrati
2529 789 2694 842 humo
2714 804 2904 859 preces
2926 788 3206 845 oﬁ'erimus
3227 790 3342 861 regi
3370 792 3720 860 sempiterno.

2196 879 2250 933 2.
2285 879 2381 935 His
2410 878 2708 948 prmdictis,
2762 881 2830 935 ad
2859 879 3134 934 notionem
3180 895 3457 935 servorum
3508 890 3722 937 tuorum

2121 971 2369 1041 pervenit
2385 987 2449 1026 eo
2464 971 2607 1040 quod
2633 969 2916 1025 Antifrasii
2938 971 3086 1025 Beati
3116 969 3265 1027 fetidi
3291 970 3497 1025 nidoris
3520 973 3721 1044 scripto

2126 1063 2486 1139 quorumdam
2524 1062 2866 1116 sacerdotum
2902 1062 3409 1131 parvipendentium
3440 1063 3601 1117 corda
3624 1078 3722 1119 suo

2121 1150 2374 1223 polluerit
2422 1164 2660 1216 veneno;
2698 1151 2749 1203 in
2782 1166 2847 1205 eo
2874 1152 3017 1220 quod
3061 1151 3347 1206 Dominum
3396 1151 3491 1206 Dei
3527 1152 3722 1207 Filium

2125 1244 2242 1298 sine
2270 1250 2511 1311 tempore
2545 1241 2898 1311 unigenitum,
2927 1250 2983 1296 et
3024 1242 3142 1296 sine
3168 1242 3476 1311 adoptione,
3500 1259 3643 1298 nunc
3669 1245 3720 1298 in

2125 1332 2232 1388 ﬁne
2274 1332 2532 1402 temporis
2566 1347 2665 1402 pro
2696 1332 2917 1386 humani
2959 1333 3174 1403 generis
3217 1333 3515 1389 salvatione
3559 1342 3723 1403 atque

2125 1424 2494 1492 redemptione
2516 1422 2737 1493 plenum
2767 1430 2821 1476 et
2862 1421 3161 1491 perfectum
3199 1423 3495 1488 hominem,
3522 1431 3724 1493 praeter

2126 1514 2310 1569 delicti
2334 1524 2355 1552 ε
2390 1513 2721 1584 contagium,
2747 1513 2984 1567 humano
3011 1514 3196 1583 generi
3218 1512 3576 1579 consimilem,
3594 1530 3721 1570 con-

2126 1614 2348 1668 sortem,
2387 1612 2547 1674 atque
2573 1603 2928 1669 conformem,
2956 1612 3011 1659 et
3041 1605 3394 1669 colueredem,
3422 1606 3720 1660 secundum

2123 1694 2580 1763 patriarcharum,
2629 1694 3039 1764 prophetarum,
3077 1695 3465 1763 apostolorum,
3487 1710 3722 1767 evange-

434 1785 559 1863 eum
584 1803 773 1858 electis
798 1800 1066 1863 habitant,
1108 1798 1222 1866 ipse
1246 1796 1508 1851 Dominus
1537 1802 1766 1851 testatur
1791 1795 1977 1849 dicens
2004 1811 2015 1846 :
2051 1793 2099 1852 Β
2129 1785 2374 1840 [istarum
2422 1793 2585 1856 atque
2621 1786 2902 1840 doctorum
2930 1785 3089 1840 ﬁdem
3107 1827 3121 1851 ,
3151 1786 3215 1840 de
3241 1787 3435 1860 quibus
3460 1787 3722 1842 Dominus

436 1896 608 1951 Mittet
652 1893 698 1947 F
702 1893 825 1947 ilius
871 1890 1095 1945 hominis
1130 1887 1342 1959 angelos
1383 1904 1526 1953 suos,
1573 1897 1620 1942 et
1669 1886 1911 1958 colligent
1960 1885 2024 1940 de

437 2005 595 2061 regno
649 1987 765 2058 ejus
798 1983 974 2038 omnia
1016 1978 1314 2043 scandala;
1345 1993 1519 2049 neque
1561 1977 1706 2033 enim
1733 1978 1786 2032 in
1816 1977 1908 2032 illo
1938 1992 2024 2031 rc-

435 2094 541 2151 gno
604 2090 857 2146 superno,
906 2072 999 2127 ubi
1044 2086 1150 2141 pax
1200 2086 1411 2125 summa
1440 2076 1542 2134 est,
1574 2068 1888 2124 scandalum
1943 2069 2025 2123 in-

435 2170 607 2225 veniri
652 2174 847 2238 potest,
881 2163 975 2220 sed
1005 2163 1070 2218 de
1116 2162 1370 2233 praesenti
1399 2160 1642 2217 Ecclesia
1687 2161 1889 2215 dictum
1918 2167 2020 2225 est,

436 2262 550 2325 ubi,
602 2260 744 2315 sicut
791 2255 1142 2328 praediximus
1169 2294 1184 2319 ,
1229 2254 1403 2308 veluti
1448 2254 1502 2311 in
1558 2269 1685 2309 arca
1731 2254 1865 2318 Noe,
1912 2268 2021 2309 non

436 2340 608 2396 solum
652 2337 917 2402 homines,
948 2336 1042 2390 sed
1068 2344 1124 2388 et
1166 2333 1359 2388 bestiae
1388 2334 1554 2389 fuisse
1608 2341 1923 2398 noscuntur,
1951 2334 2024 2387 ita

438 2432 581 2497 intra
620 2430 799 2488 sinum
850 2426 1043 2481 matris
1090 2423 1347 2479 Ecclesim
1395 2418 1531 2478 mali
1579 2440 1704 2480 cum
1730 2422 1890 2480 bonis
1928 2423 2025 2478 ba-

436 2523 610 2578 bitarc
641 2526 854 2575 nonest
897 2517 1140 2580 dubium,
1200 2514 1371 2569 donec
1417 2514 1469 2568 in
1502 2514 1608 2569 line
1654 2513 1837 2570 surculi
1882 2512 2027 2567 triti-

438 2628 563 2669 cum
639 2608 965 2664 recondatur
1028 2604 1083 2658 in
1143 2604 1401 2659 horreum
1485 2601 1732 2670 Domini,
1800 2602 2026 2658 zizanizc

437 2717 567 2756 vero
620 2697 905 2755 fasciculos
949 2695 1338 2751 comburantur
1394 2696 1517 2766 igne
1578 2694 2023 2766 inexstinguibili.

510 2793 597 2846 15.
659 2789 812 2857 Quod
850 2802 981 2844 vero
1027 2787 1261 2846 Romam
1328 2790 1499 2859 ipsam
1529 2787 1664 2843 dicis
1708 2800 1826 2842 esse
1870 2784 2025 2839 Jeru-

438 2881 607 2938 salem
654 2896 846 2936 novam
892 2883 1308 2938 descendentem
1376 2881 1441 2935 de
1484 2879 1643 2944 ccelo,
1712 2878 1799 2932 cui
1844 2877 2026 2947 potius

440 2971 764 3027 credendum
822 2981 925 3037 est,
966 2973 1063 3027 tibi
1102 2988 1172 3026 an
1220 2971 1381 3025 Petro
1424 2967 1707 3040 apostolo?
1759 2965 1896 3021 Nam
1923 2964 2027 3019 Pe-

440 3071 557 3117 trus
599 3077 719 3117 eam
749 3061 1075 3134 Babylonem
1108 3061 1362 3132 appellat,
1392 3060 1636 3115 scribens
1658 3056 1981 3127 quibusdam
2007 3073 2021 3108 :

2128 1873 2337 1930 locutus
2358 1884 2441 1930 est
2469 1893 2482 1929 :
2512 1873 2613 1929 Vos
2630 1876 2757 1938 estis
2780 1875 2873 1928 lar
2895 1875 3097 1941 mundi,
3117 1883 3172 1929 et
3188 1892 3273 1929 vos
3296 1877 3415 1929 estis
3443 1876 3523 1929 sal
3543 1887 3720 1943 terrm,

2127 1977 2182 2024 et
2223 1970 2312 2039 qui
2354 1986 2443 2023 vos
2491 1967 2662 2034 audit,
2717 1985 2797 2022 me
2834 1967 3003 2032 audit,
3043 1979 3091 2020 et
3123 1968 3213 2037 qui
3256 1984 3341 2021 vos
3392 1968 3606 2037 spernit,
3639 1985 3723 2024 me

2125 2061 2342 2131 spernit.
2363 2099 2376 2111 .
2398 2099 2410 2111 .
2430 2098 2444 2111 .
2466 2098 2479 2111 .
2500 2097 2513 2111 .
2534 2097 2549 2111 .
2571 2057 2833 2113 nefandus
2847 2054 3139 2128 presbyter
3157 2064 3213 2112 et
3232 2058 3447 2127 pseudo
3458 2059 3724 2127 propheta

2127 2158 2401 2203 asseverat
2417 2148 2512 2202 Dei
2536 2147 2731 2201 Filium
2756 2148 2811 2202 in
2835 2147 3007 2201 forma
3036 2148 3177 2202 servi
3198 2148 3396 2203 deitate
3417 2150 3718 2219 exinanita,

2128 2256 2470 2311 nequaquam
2493 2257 2560 2296 ex
2584 2248 2741 2295 utero
2767 2240 3003 2310 Virginis
3025 2241 3205 2295 carnis
3236 2242 3594 2310 assumpsisse
3630 2245 3721 2298 ad-

2126 2334 2422 2403 optionem.
2448 2332 2650 2389 Contra
2673 2334 2825 2402 cujus
2843 2333 3117 2388 vesaniam
3133 2349 3232 2388 nos
3248 2333 3453 2404 indigni
3470 2342 3525 2387 et
3538 2334 3718 2405 exigui

2118 2421 2277 2491 juxta
2323 2424 2642 2479 tenuitatem
2678 2424 2848 2478 nostri
2892 2438 3082 2478 sensus
3126 2424 3497 2479 sacerdotibus
3534 2431 3717 2479 vestro

2127 2515 2377 2586 regimini
2422 2515 2654 2570 subditis
2690 2514 2974 2584 epistolam
3026 2514 3366 2584 relcgendam
3412 2522 3574 2584 atque
3598 2524 3716 2569 tra-

2114 2607 2397 2683 .ctandam,
2436 2615 2491 2661 et
2523 2607 2723 2661 vestris
2771 2606 2942 2661 sacris
2974 2605 3250 2660 obtutibus
3283 2606 3713 2673 praesentandam

2126 2695 2446 2761 direximus,
2472 2703 2758 2766 poscentes
2796 2710 2894 2750 vos
2918 2710 3017 2763 per
3044 2708 3168 2749 eum
3194 2694 3286 2763 qui
3310 2709 3409 2764 pro
3435 2694 3569 2748 tein
3596 2709 3723 2749 cru-

2124 2801 2243 2842 cem
2278 2802 2469 2842 manus
2515 2786 2764 2842 innoxias
2791 2786 3053 2851 extendit,
3088 2793 3143 2840 et
3181 2799 3280 2854 pro
3317 2794 3370 2840 te
3404 2785 3720 2855 sanguinem

2124 2878 2422 2947 pretiosum
2452 2878 2660 2945 effudit,
2688 2887 2742 2933 ct
2766 2894 2867 2948 pro
2885 2886 2938 2934 te
2957 2887 3187 2934 mortem
3212 2879 3437 2949 pertulit
3458 2887 3512 2934 et
3542 2879 3725 2948 sepul-

2126 2984 2280 3024 crum
2311 2979 2366 3025 et
2400 2972 2467 3026 ad
2491 2970 2518 3010 d
2550 2971 2859 3027 liberandos
2883 2970 3083 3027 electos
3111 2971 3178 3024 ad
3201 2969 3472 3025 infernum
3493 2970 3724 3027 descen-

2129 3060 2230 3129 dit,
2261 3069 2316 3117 et
2343 3077 2442 3132 pro
2491 3069 2545 3115 te
2592 3078 2881 3133 resurgens
2930 3062 3028 3117 tibi
3063 3061 3203 3115 viam
3243 3061 3311 3116 ad
3344 3062 3507 3117 caelos
3538 3077 3724 3118 rever-

442 3143 655 3208 Saluiat
709 3170 795 3208 vos
848 3132 966 3226 quw
1025 3163 1099 3207 est
1149 3154 1202 3207 in
1248 3150 1515 3221 Babylone
1566 3146 1825 3203 Ecclesia.
1871 3132 2099 3201 ι]ηάοῧ
2128 3154 2299 3219 tendi,
2346 3153 2551 3209 scilicet
2601 3155 2668 3208 ad
2714 3154 2989 3209 cmlestem
3024 3153 3278 3222 patriam,
3307 3153 3720 3220 demonstravit,

439 3243 587 3298 nullo
656 3250 814 3313 pacto
876 3243 1080 3313 lapides
1131 3240 1370 3311 ejusdem
1428 3240 1599 3304 urbis,
1666 3244 1760 3291 aut
1825 3236 2027 3292 muenia

441 3334 679 3389 civitatis
746 3334 952 3404 ipsius,
1017 3332 1172 3401 juxta
1227 3332 1372 3402 quod
1416 3337 1506 3384 tua
1556 3329 1750 3385 delirat
1805 3326 2028 3382 vesania

439 3426 650 3494 capitis,
701 3425 767 3479 de
816 3424 953 3479 cmlo
986 3422 1326 3478 descendisse
1377 3420 1703 3476 credendum
1741 3418 2028 3485 cst,quod

441 3517 485 3570 si
552 3515 781 3571 fortasse
833 3514 1007 3569 adhuc
1070 3514 1136 3569 de
1190 3512 1395 3569 sanctis
1436 3512 1639 3568 dictum
1669 3525 1789 3565 esse
1841 3505 2028 3562 existi-

439 3622 579 3672 mas,
619 3620 791 3676 nequc
815 3606 919 3660 hoc
947 3605 1319 3675 accipiendum
1345 3610 1446 3670 est,
1491 3602 1615 3673 quia
1644 3600 1815 3657 sancti
1839 3611 2029 3654 ascen-

440 3695 582 3771 dunt
624 3697 801 3764 potius
851 3710 1013 3765 quam
1045 3694 1376 3750 descendunt
1402 3708 1415 3747 :
1444 3692 1539 3748 sed
1566 3692 1693 3762 quia
1715 3687 2025 3746 Jerusalem

439 3786 577 3840 visio
621 3786 771 3855 pacis
818 3785 1222 3855 interpretatur,
1255 3785 1385 3855 quid
1410 3782 1659 3839 estaliud
1705 3781 1858 3850 pacis
1884 3781 2025 3834 visio

440 3878 654 3931 noviter
726 3877 1122 3944 quodammodo
1179 3877 1521 3932 descendisse
1579 3875 1645 3930 de
1691 3873 1865 3939 cmlo,
1919 3871 2027 3927 nisi

441 3974 644 4021 sanctm
682 3965 966 4019 Trinitatis
1010 3965 1132 4020 ﬁdei
1182 3966 1433 4020 omnibus
1482 3965 1731 4035 gentibus
1752 3963 1818 4017 ad
1860 3962 2027 4015 vitam

442 4054 839 4128 praedestinatis
888 4062 1075 4123 aperta
1144 4054 1403 4126 cognitio,
1461 4053 1740 4108 illustrans
1795 4051 2027 4107 creden-

443 4146 579 4199 tium
626 4143 836 4198 animas
864 4157 962 4197 suo
1014 4152 1217 4199 sancta:
1256 4143 1380 4200 ﬁdei
1410 4150 1770 4209 sacramento,
1798 4150 1853 4197 et
1879 4142 2028 4213 puri-

444 4234 616 4291 ﬁcans
653 4249 747 4290 eos
793 4234 1220 4305 regenerationis
1265 4235 1499 4291 lavacro.

1028 4324 1364 4382 EPISTOLA
1394 4326 1458 4381 ll.

939 4431 1008 4471 AD
1032 4431 1261 4472 FIDELEM
1288 4431 1557 4472 ΑΒΒᾹΤΕΠ.

442 4511 604 4586 (Vide
646 4512 789 4582 infra
813 4512 882 4566 ad
927 4512 1199 4586 epistolam
1247 4510 1449 4586 Heterii
1501 4520 1549 4586 et
1580 4510 1733 4566 Beati
1776 4510 2024 4566 adversus
2054 4477 2104 4541 υ

925 4581 1271 4654 Elipandum,
1320 4582 1412 4637 lib.
1461 4582 1529 4654 ι.)

1013 4695 1347 4753 EPISTOLA
1376 4696 1464 4751 Ill.

919 4803 987 4841 AD
1025 4802 1274 4841 CAROLUII
1313 4801 1554 4842 HAGNUII.

514 4874 743 4931 Domino
774 4874 974 4946 inclyto
994 4883 1157 4944 atque
1172 4873 1405 4944 glorioso
1431 4874 1765 4929 diversarum
1789 4873 2033 4945 gentium

441 4967 672 5037 principi
698 4984 795 5021 m"
830 4968 883 5021 in
913 4966 1140 5022 Domino
1173 4966 1353 5031 Patre,
1383 4974 1438 5021 et
1464 4965 1693 5021 Domino
1726 4964 1853 5021 Jesu
1877 4966 2034 5023 Chri-

426 5054 526 5118 ἐιο
564 5062 704 5118 Filio
742 5060 875 5131 ejus,
917 5071 969 5118 et
1005 5062 1210 5133 Spiritu
1249 5071 1437 5118 sancto
1481 5071 1739 5119 teternam
1779 5062 2027 5119 salutem.

432 5149 640 5209 ~Amen.
687 5212 692 5218 ,

514 5242 567 5296 Ι.
600 5241 824 5297 Celebre
852 5258 916 5297 ac
942 5243 1181 5300 solemne
1208 5259 1403 5300 nomen
1429 5244 1560 5300 illud
1586 5243 1888 5317 gloriﬁcare
1911 5242 2030 5300 fau-

442 5343 557 5391 tore
576 5334 706 5401 Deo,
735 5334 901 5390 veluti
920 5333 1085 5403 jubar
1107 5338 1405 5393 :ethereum
1437 5352 1550 5408 pra:
1580 5338 1789 5393 cunctis
1815 5337 2032 5408 regibus

441 5431 620 5491 terrae,
652 5425 804 5495 cujus
837 5426 1019 5497 opinio
1063 5427 1219 5497 quasi
1256 5429 1392 5485 odor
1434 5437 1720 5487 nectareus
1773 5437 1832 5485 et
1874 5430 2028 5485 nardi

510 5545 535 5572 ι
580 5532 716 5590 Vide
751 5553 903 5592 num.
940 5536 991 5590 7.

514 5604 542 5643 ιι
581 5605 715 5660 Vide
747 5608 998 5662 eumdem
1024 5623 1176 5663 num.
1205 5608 1256 5664 7.

514 5685 537 5713 ο
572 5673 700 5745 Ms,
731 5677 992 5745 contagio.

511 5745 537 5784 ἀ
568 5739 692 5811 Ms.,
721 5739 1005 5800 liberandis
1033 5746 1231 5801 electis.

2128 3252 2190 3299 ut
2216 3259 2315 3315 per
2342 3252 2395 3299 te
2428 3244 2604 3314 ipsum
2638 3244 2844 3299 arbiter
2870 3244 3080 3309 redeas,
3105 3251 3159 3297 et
3190 3244 3333 3298 inter
3350 3242 3585 3299 Felicem
3606 3246 3726 3316 epi-

2129 3349 2372 3403 scopum,
2397 3349 2559 3405 quem
2581 3334 2832 3390 novimus
2857 3333 2924 3388 ab
2949 3333 3171 3388 ineunte
3200 3340 3362 3387 aetate
3389 3333 3444 3386 in
3476 3333 3571 3387 Dei
3599 3348 3720 3388 ser-

2127 3426 2261 3481 vitio
2286 3426 2595 3496 proximum
2622 3426 2794 3494 partis
2823 3434 3021 3480 nostrae
3045 3424 3405 3491 defensorem,
3429 3433 3484 3480 et
3505 3439 3599 3480 eos
3626 3426 3721 3496 qui

2129 3516 2450 3587 sacrilegum
2489 3524 2543 3569 et
2570 3516 2749 3572 carnis
2776 3515 2978 3586 ﬂagitio
3026 3516 3349 3587 saginatum,
3375 3516 3487 3585 jam
3516 3517 3720 3572 dictum

2127 3607 2485 3663 Antifrasium
2506 3608 2730 3663 Beatum
2752 3606 3063 3671 defendunt,
3098 3616 3250 3664 casto
3274 3616 3328 3662 et
3356 3610 3559 3664 salubri
3578 3608 3726 3677 judi-

2129 3698 2215 3752 cio
2251 3697 2498 3763 dirimas,
2533 3707 2588 3753 et
2610 3698 2815 3767 absque
2850 3710 2873 3737 θ
2898 3698 3225 3755 adulationis
3247 3700 3387 3765 oleo,
3413 3714 3569 3769 aequo
3587 3714 3725 3769 pon-

2130 3790 2257 3845 dere
2277 3791 2601 3845 sententiam
2618 3805 2856 3860 promas.
2885 3791 2960 3846 Ita
2991 3793 3252 3847 Dominus
3272 3794 3368 3847 Dei
3396 3792 3566 3847 Filius
3585 3793 3724 3848 colla

2129 3882 2373 3952 gentium
2399 3883 2779 3948 barbarorum,
2814 3892 2870 3940 et
2906 3885 3149 3939 omnium
3206 3887 3302 3941 tibi
3343 3888 3720 3956 superborum,

2130 3971 2358 4040 imperio
2381 3972 2663 4042 potestatis
2686 3971 2707 4011 ί
2735 3982 2927 4030 vestra:
2953 3974 3220 4043 subjiciat,
3243 3984 3298 4030 et
3323 3978 3511 4033 dentes
3532 3992 3721 4033 eorum

2129 4061 2310 4117 acrius
2335 4070 2600 4129 conterat,
2630 4070 2683 4118 ct
2718 4064 2948 4133 gloriam
2998 4079 3185 4121 eorum
3209 4066 3299 4138 qui
3331 4067 3425 4121 tibi
3457 4068 3725 4122 contradi-

2129 4161 2254 4204 cunt
2287 4151 2343 4206 in
2366 4153 2647 4222 pulverem
2672 4154 2901 4223 redigat.
2941 4155 3203 4225 Equidem
3236 4165 3393 4210 erant
3418 4157 3596 4211 adhuc
3626 4156 3728 4211 ali-

2132 4255 2234 4310 qua
2266 4244 2574 4297 necessaria
2598 4259 2717 4313 qua:
2740 4245 2964 4300 culmini
3001 4256 3185 4302 vestro
3228 4246 3339 4301 Deo
3364 4247 3591 4316 przesule
3632 4262 3728 4302 su-

2130 4332 2374 4407 blimato,
2420 4335 2560 4405 stylo
2603 4345 2954 4406 percurrente
2982 4339 3136 4393 vobis
3173 4339 3591 4404 insinuaremus,
3626 4340 3725 4396 sed

2131 4427 2389 4496 temporis
2434 4428 2683 4496 angustia
2729 4429 3027 4498 prtepediti,
3078 4430 3222 4500 quod
3261 4431 3427 4486 verbo
3451 4431 3727 4500 explicare

2128 4515 2490 4583 nequivimus,
2528 4517 2768 4585 epistolae
2818 4518 3004 4589 gerulo
3061 4520 3216 4574 vobis
3255 4519 3639 4575 insinuandum
3665 4519 3725 4576 in

2129 4620 2226 4661 ore
2259 4607 2560 4676 posuimus.
2591 4610 2790 4664 lterum
2836 4611 3006 4667 nimio
3033 4613 3219 4668 dolore
3250 4613 3470 4667 contriti
3496 4619 3726 4667 senten-

2129 4697 2264 4752 tiam
2293 4699 2508 4755 Domini
2536 4701 2634 4757 tibi
2682 4717 3021 4772 nequaquam
3056 4704 3383 4774 incognitam
3412 4702 3478 4759 ad
3517 4717 3728 4760 memo-

2130 4787 2270 4843 riam
2299 4789 2639 4859 reducimus,
2665 4792 2790 4861 quia
2815 4794 2947 4848 dicit
2971 4808 2986 4847 :
3012 4794 3208 4848 Discite
3241 4812 3274 4848 a
3301 4811 3385 4848 me
3416 4797 3541 4865 quia
3578 4795 3725 4848 mitis

2129 4897 2247 4936 sum
2276 4891 2324 4935 et
2346 4881 2561 4937 Immitis
2589 4884 2763 4949 corde,
2795 4895 2844 4939 et
2877 4886 3147 4940 invenietis
3182 4887 3411 4957 requiem
3446 4885 3726 4939 animabus

2131 4972 2333 5027 vestris.
2365 4972 2434 5026 Et
2467 4973 2597 5029 illud
2642 4977 2785 5045 quod
2827 4975 3108 5031 mulierem
3145 4976 3199 5031 in
3245 4977 3511 5031 adulterio
3538 4976 3728 5045 depre-

2129 5063 2383 5128 hensam,
2416 5071 2470 5118 et
2497 5064 2562 5119 de
2587 5065 2852 5136 lapidibus
2903 5065 3213 5124 Judmorum
3260 5068 3527 5133 liberavit,
3556 5075 3613 5123 et
3651 5082 3728 5123 ne

2135 5153 2161 5193 ⁸
2176 5153 2433 5209 delictum
2462 5156 2685 5211 iteraret
2709 5156 3006 5212 admonuit.

2200 5247 2255 5301 3.
2294 5245 2501 5302 Idcirco
2546 5248 2711 5304 veluti
2758 5251 3016 5319 prostrati
3066 5266 3251 5308 coram
3298 5253 3404 5308 tuis
3441 5253 3726 5308 obtutibus

2130 5354 2255 5394 cum
2277 5338 2534 5410 lacrymis
2561 5343 2834 5410 poscimus
2862 5351 2925 5398 ut
2944 5342 3202 5400 famulum
3224 5353 3377 5400 tuum
3403 5344 3635 5401 Felicem
3662 5345 3724 5401 in

2128 5430 2349 5501 proprio
2388 5430 2593 5487 honore
2630 5442 2925 5503 restaures,
2956 5445 3010 5492 et
3033 5444 3307 5507 pastorem
3337 5438 3486 5510 gregi
3520 5454 3551 5493 a
3577 5435 3729 5508 lupis

2206 5556 2229 5583 ε
2272 5543 2395 5609 Ms.,
2435 5542 2773 5601 adolationis.

2208 5613 2229 5686 ξ
2261 5613 2386 5686 his,
2412 5618 2679 5686 potestati.

2206 5685 2234 5725 ε
2271 5678 2392 5751 513.,
2412 5678 2736 5756 'deliqutum.
