4028 6176
324 349 435 409 869
486 402 491 407 .

324 546 476 616 quod
502 542 844 612 omnipotens
867 543 1010 598 Deus
1033 558 1064 597 a
1101 542 1253 598 vobis
1281 541 1440 612 longe
1470 539 1665 595 efﬁciat
1689 541 1755 595 de
1777 539 1919 595 Con-

325 634 571 689 stantluo
589 633 931 702 imperatore,
951 633 1042 702 qui
1068 634 1195 688 dum
1213 640 1357 687 esset
1381 630 1700 685 idololatriae
1719 631 1913 697 cultor,

322 742 425 799 per
469 728 692 783 beatum
750 726 1106 798 Sylvestrium
1166 726 1341 781 factus
1400 734 1482 781 est
1543 724 1914 791 Christianus,

323 827 518 891 postea
546 832 644 886 per
671 825 977 886 serpentem
1004 831 1245 871 sororem
1280 830 1433 870 suam
1468 821 1778 869 sanctorum
1809 823 1919 869 tre-

324 920 612 965 centorum
665 907 852 963 decem
911 916 966 962 et
1006 915 1130 962 octo
1186 907 1510 961 sententiam
1565 904 1809 960 refutans
1860 906 1915 960 in

324 1000 532 1053 Ariano
568 998 818 1067 dogmate
865 1012 1178 1063 conversus,
1210 1006 1267 1052 et
1319 1000 1386 1053 ad
1430 995 1697 1051 infernum
1742 995 1915 1051 flenda

325 1091 481 1145 ruina
521 1090 805 1155 dimersus,
839 1090 982 1144 diem
1021 1090 1216 1145 clausit
1261 1098 1565 1145 extremum
1606 1101 1654 1142 α.
1682 1088 1757 1142 De
1806 1104 1915 1158 quo

324 1182 519 1235 beatus
568 1177 804 1233 lsidorus
854 1177 986 1233 dicit
1025 1193 1041 1232 :
1082 1178 1162 1232 Eu
1212 1180 1349 1247 proh
1379 1177 1564 1232 dolor!
1604 1178 1746 1232 bono
1784 1193 1915 1231 usus

318 1269 611 1341 principio,
640 1277 696 1323 et
725 1267 834 1323 ﬁne
859 1268 1034 1323 malo!
1066 1268 1216 1324 Unde
1243 1269 1429 1324 itidem
1448 1268 1685 1338 petimus
1708 1276 1766 1321 ut
1792 1267 1915 1322 feti-

319 1366 531 1422 dissimi
581 1363 864 1419 Antifrasii
914 1365 1064 1419 Beati
1108 1364 1431 1431 doctrinam,
1463 1365 1553 1434 qui
1587 1364 1679 1419 Dei
1716 1363 1911 1417 Filium

320 1472 505 1513 veram
527 1457 594 1511 de
615 1457 852 1527 Virgine,
878 1466 1077 1526 praeter
1096 1457 1124 1496 δ
1141 1465 1444 1527 peccatum,
1470 1471 1687 1512 carnem
1715 1454 1912 1512 nostra:

319 1547 552 1605 similem
583 1549 941 1618 assumpsisse
968 1547 1216 1618 denegat,
1251 1547 1318 1602 de
1352 1562 1518 1616 regno
1552 1555 1644 1602 tuo
1669 1546 1907 1612 abolens,

316 1646 376 1695 et
402 1637 725 1693 catholicam
757 1639 915 1693 ﬁdem
955 1638 1236 1693 enucleate
1265 1653 1544 1703 sermone,
1574 1638 1773 1708 popqu
1812 1639 1909 1694 tibi

319 1732 537 1787 subdito
564 1731 846 1785 tenendam
873 1732 1175 1801 praecipias.

1569 339 1884 396 ELlPANDl
1921 339 2280 398 EPISTOLAI
2294 380 2307 395 .

324 455 619 528 rapacibus
664 452 906 525 disperso
946 450 1228 510 reformes.
1278 449 1654 506 Reminiscens
1697 459 1753 505 et
1787 450 1917 507 illud
1948 446 2002 516 Α

3506 348 3611 407 870

2577 450 2915 507 EPISTOLA
2949 453 3040 509 lV.

2630 559 2698 596 ΑΙ)
2737 557 2992 597 ΑιΒικυΙ.

2092 632 2143 685 1.
2177 631 2633 687 Reverentissimo
2650 631 2804 687 fratri
2822 633 3020 689 Albino
3033 633 3262 692 diacono
3280 652 3387 693 non
3411 638 3612 699 Christi

2018 722 2286 788 ministro,
2316 724 2412 778 sed
2437 722 2755 793 Antiphrasi
2786 724 2934 779 Beati
2978 723 3286 781 fetidissimi
3326 729 3611 799 discipulo,

2017 822 2260 884 tempore
2279 816 2496 887 gloriosi
2518 816 2781 886 principis
2796 816 2852 869 in
2869 817 3070 871 ﬁnibus
3097 816 3116 856 τ
3142 817 3380 874 Austria:
3399 830 3611 886 exorto,

2016 922 2157 963 novo
2181 909 2328 972 Ario,
2355 918 2668 964 sanctorum
2691 909 3080 964 venerabihum
3105 909 3350 976 Patrum,
3381 912 3612 969 Ambro-

2017 1000 2104 1064 sii,
2132 999 2443 1070 Augustini,
2470 1001 2683 1065 lsidori,
2719 1000 3056 1071 Hieronymi,
3083 1001 3346 1058 doctrinis
3389 1015 3609 1060 contra-

2016 1090 2118 1154 rio,
2149 1090 2195 1144 si
2223 1092 2555 1145 converterit
2579 1092 2648 1145 ab
2669 1105 2856 1145 errore
2876 1090 2979 1145 via:
3003 1106 3135 1157 suae,
3160 1107 3190 1144 a
3208 1092 3436 1149 Domino
3455 1103 3613 1149 arter-

2016 1199 2143 1238 nam
2172 1184 2402 1239 salutem
2429 1200 2444 1249 ;
2472 1193 2526 1238 et
2545 1184 2590 1237 si
2616 1183 2871 1248 noluerit,
2899 1193 3159 1238 :eternam
3182 1186 3608 1241 damnationem.

2086 1277 2384 1346 Epistolam
2416 1286 2562 1330 tuam
2590 1292 2621 1329 a
2664 1284 2828 1330 recta:
2856 1276 2978 1330 fidei
3006 1277 3224 1331 tramite
3265 1277 3497 1342 deviam,
3530 1278 3612 1331 ni-

2017 1378 2132 1426 tore
2162 1369 2399 1424 sulfurea
2426 1369 2757 1432 horrificam,
2786 1369 3167 1438 superstitioso
3191 1384 3443 1424 sermone
3472 1370 3607 1425 scri-

2016 1473 2180 1531 ptam,
2211 1471 2440 1517 exeunte
2472 1461 2635 1526 Julio,
2667 1460 2975 1529 accepinms
3011 1462 3036 1500 ³
3063 1460 3426 1529 relcgendam.
3457 1463 3610 1517 Vidi-

2015 1570 2153 1619 mus,
2194 1555 2432 1623 inquam,
2480 1554 2731 1617 vidimus,
2781 1551 2905 1620 quia
2962 1565 3067 1606 non
3111 1552 3336 1620 spiritus
3379 1553 3487 1617 ille,
3516 1554 3608 1623 qui

2012 1659 2175 1713 super
2203 1646 2378 1714 capita
2413 1644 2804 1713 discipulorum
2853 1653 2972 1712 post
3000 1643 3370 1698 ascensionem
3395 1643 3610 1699 Domini

2014 1736 2041 1776 ιι
2070 1743 2130 1789 ut
2152 1735 2501 1804 loquerentur
2523 1734 2785 1803 magualia
2813 1733 2924 1791 Dei.
2950 1747 3046 1801 per
3070 1744 3122 1787 te
3145 1732 3354 1788 loculus
3373 1745 3455 1789 est
3477 1748 3492 1787 :
3515 1736 3608 1789 sed

387 1822 444 1875 4.
479 1821 585 1877 Sed
627 1829 681 1876 et
726 1822 859 1877 illud
896 1823 1201 1891 pavendum
1248 1832 1331 1879 est
1366 1824 1607 1894 piissime
1654 1832 1710 1880 et
1752 1826 1907 1882 nobis
1938 1807 1984 1866 Β
2014 1826 2101 1881 ille
2121 1842 2212 1896 qut
2239 1826 2393 1891 dixit,
2424 1826 2530 1878 Ero
2554 1826 2768 1894 spiritus
2791 1827 3034 1879 mendax.
3053 1840 3202 1880 more
3220 1827 3605 1893 prophetarum

321 1925 344 1952 ο
363 1912 585 1968 vernule
605 1913 849 1979 Domine,
864 1928 933 1968 ne
947 1913 1178 1970 fortasse
1204 1916 1295 1969 ubi
1326 1916 1436 1971 Deo
1458 1918 1687 1986 pra:sule
1715 1918 1908 1974 merito

321 2010 502 2058 vestro
529 2002 757 2058 visibilis
799 2004 1079 2074 gentilium
1108 2020 1214 2060 non
1245 2013 1330 2060 est
1372 2007 1611 2076 ingressa
1647 2017 1905 2078 potestas,

320 2094 496 2149 hostis
530 2093 755 2163 antiqui,
807 2093 950 2163 quod
1004 2095 1166 2160 absit,
1218 2096 1566 2152 invisibiliter
1603 2099 1912 2154 dominetur

317 2184 649 2239 exsecranda
696 2184 996 2249 calamitas,
1023 2201 1143 2255 qua:
1172 2194 1227 2240 et
1263 2186 1553 2241 multarum
1604 2190 1909 2245 animarum

316 2276 679 2346 perditionem
726 2291 825 2345 per
863 2275 1218 2332 Antifrasium
1270 2293 1414 2347 saepe
1437 2279 1642 2334 dictum
1687 2282 1909 2336 Beatum

315 2361 502 2424 carnis
526 2365 758 2421 lascivia:
778 2367 1038 2432 deditum,
1057 2368 1159 2424 sibi
1182 2369 1448 2438 acquirat,
1473 2379 1529 2424 et
1547 2372 1613 2425 ad
1638 2369 1908 2427 infernum

318 2461 463 2532 ignis
487 2460 676 2516 aeterni
698 2459 948 2515 incendio
968 2463 1240 2518 exurendo
1263 2477 1444 2518 secum
1471 2464 1750 2533 perducat.
1779 2465 1911 2520 Per-

317 2558 516 2606 tractet
533 2557 590 2605 et
613 2550 849 2604 rmninet
872 2550 1002 2605 illud
1027 2552 1167 2606 sacri
1192 2554 1428 2621 pectoris
1456 2554 1621 2608 vestri
1648 2569 1908 2610 arcanum

315 2639 463 2711 quod
486 2652 612 2694 vere
642 2639 752 2694 Deo
782 2639 853 2693 sit
872 2639 1149 2710 placitum,
1177 2651 1233 2696 et
1262 2642 1315 2696 in
1344 2656 1637 2713 conspectu
1668 2643 1784 2713 ejus
1823 2660 1909 2701 re-

318 2731 500 2787 doleat
520 2730 702 2800 operis
722 2730 890 2784 vestri
933 2730 1236 2797 incensum,
1255 2742 1309 2787 et
1329 2734 1699 2804 thymiamatis
1719 2734 1910 2807 ﬂagret

319 2823 445 2879 boni
500 2822 684 2877 odoris
739 2822 1136 2877 holocaustum.
1180 2823 1209 2863 ἀ
1262 2815 1663 2881 Reminiscatur
1689 2837 1745 2882 et
1781 2829 1909 2884 illud

318 2914 557 2969 charitas
604 2919 782 2967 vestra
827 2913 971 2983 quod
1021 2912 1214 2969 Petrus
1241 2916 1491 2985 princeps
1541 2917 1906 2987 apostolorum

316 3018 445 3060 cum
492 3003 549 3057 in
598 3003 849 3073 gentibus
882 3002 1352 3061 circumcisionem
1385 3006 1501 3061 ﬁeri
1543 3008 1820 3064 ordinaret
1874 3024 1904 3063 a

317 3094 529 3165 iuniore
561 3093 748 3156 Paulo,
801 3108 908 3148 non
932 3095 1216 3161 abscouse,
1264 3097 1358 3152 sed
1382 3098 1593 3167 publice
1623 3099 1905 3168 reprehen-

318 3202 412 3244 sus
439 3201 562 3243 esse
588 3186 938 3258 dignoscitur,
968 3188 1154 3244 dicens
1183 3204 1198 3243 :
1224 3188 1286 3244 Si
1308 3198 1386 3255 tu,
1419 3206 1535 3243 cum
1564 3190 1636 3244 sis
1657 3190 1899 3256 Juda'us,

318 3277 576 3348 gentiliter
615 3287 664 3331 et
703 3294 809 3332 non
843 3278 1067 3334 Judaice
1091 3280 1234 3347 vivis,
1276 3280 1536 3351 quomodo
1565 3291 1738 3351 gentes
1764 3282 1905 3352 cogis

321 3366 635 3431 iudaizare?
659 3365 823 3435 Cujus
862 3368 1184 3423 sententiam
1221 3370 1513 3441 pmdietus
1539 3370 1907 3439 apostolorum

321 3460 593 3530 princeps,
622 3460 819 3514 rationi
842 3461 1177 3517 concordans
1201 3471 1254 3517 et
1280 3462 1524 3517 veritatis
1546 3463 1771 3529 amicus,
1800 3479 1905 3518 non

321 3553 666 3621 contempsit,
691 3555 785 3608 sed
812 3554 956 3608 illico
982 3554 1270 3623 acquievit,
1312 3555 1559 3608 recolens
1587 3554 1731 3623 quod
1774 3555 1909 3609 scri-

322 3650 472 3711 ptum
499 3651 584 3698 est
612 3660 626 3695 :
661 3642 722 3698 Si
737 3643 943 3712 juniori
980 3642 1259 3697 revelatum
1285 3643 1465 3711 fuerit,
1495 3644 1671 3696 senior
1697 3652 1863 3696 taceat
1887 3660 1905 3697 :

322 3740 396 3799 et,
424 3733 709 3787 Proximus
737 3732 827 3786 ille
847 3732 958 3785 Deo
982 3741 1056 3786 est
1079 3733 1169 3803 qui
1193 3735 1288 3787 scit
1321 3733 1523 3787 ratione
1553 3743 1742 3787 tacere.
1773 3733 1907 3788 Nam

323 3835 379 3880 et
406 3823 748 3893 omnipotens
774 3823 917 3878 Deus
949 3823 1237 3892 aliquando
1256 3824 1578 3879 sententiam
1609 3838 1762 3881 suam
1789 3840 1909 3879 mu-

324 3924 427 3982 tat,
470 3915 754 3971 consilium
805 3930 935 3970 vero
962 3930 1258 3984 nunquam.
1294 3913 1448 3970 Sicut
1478 3914 1544 3971 de
1573 3915 1803 3970 Ezecbia
1832 3913 1912 3968 fa-

321 4014 472 4063 ctum
498 4013 601 4060 est.
635 4004 744 4060 Cur
790 4005 893 4059 ista
937 4004 1189 4069 dixerim,
1214 4018 1379 4074 porro
1406 4004 1597 4060 doctus
1623 4005 1905 4075 intelliget.

324 4097 432 4152 Sed
480 4103 535 4151 et
583 4094 733 4160 illud,
783 4094 1069 4150 consilium
1093 4094 1387 4148 multorum
1416 4110 1486 4150 ne
1517 4095 1909 4165 contempseris

325 4204 482 4245 unus.
538 4186 757 4243 Scilicet
804 4196 1082 4243 tanton
1128 4186 1521 4242 venerabilium
1574 4188 1796 4244 Patrum
1844 4190 1910 4245 de

324 4282 610 4350 adoptione
633 4282 813 4337 carnis
835 4280 1037 4336 Christi
1058 4281 1355 4336 sententias
1376 4295 1442 4335 ne
1466 4282 1720 4351 reprobes
1740 4281 1905 4337 solus.

328 4370 458 4426 Nam
496 4372 696 4426 dicitur
721 4370 864 4440 quod
898 4378 1104 4427 terrore
1132 4372 1417 4443 potestatis
1441 4372 1658 4439 multos,
1696 4388 1805 4428 non
1824 4372 1911 4442 ju-

325 4462 494 4527 stitia,
528 4462 872 4518 ecouvincas.
889 4462 1079 4518 Doleat
1105 4463 1292 4533 pietati
1319 4472 1512 4520 vestra:
1537 4464 1679 4520 idem
1707 4464 1909 4520 fetidus

328 4554 522 4608 Beatus
565 4562 688 4623 post
732 4554 1139 4609 conversionem
1184 4555 1381 4610 iterum
1408 4565 1573 4626 atque
1616 4556 1809 4611 iterum
1841 4563 1908 4609 ad

327 4644 543 4700 lhorum
572 4644 738 4699 scorti
767 4658 1015 4700 reversus
1041 4661 1101 4701 se
1139 4646 1431 4714 glorietur,
1458 4655 1514 4701 et
1543 4647 1599 4701 in
1629 4646 1911 4702 universas

327 4744 509 4809 partes
530 4738 754 4803 scribat,
779 4745 836 4793 et
858 4739 1154 4808 gloriosum
1178 4741 1476 4811 principem
1510 4756 1607 4810 per
1632 4756 1788 4797 suam
1814 4740 1912 4797 do—

327 4826 556 4883 ctrinam
603 4828 936 4894 horribilem,
987 4830 1138 4885 etab
1185 4845 1372 4886 errore
1404 4846 1742 4896 conversum,
1775 4840 1829 4887 et
1854 4832 1908 4885 in

327 4918 432 4972 ﬁde
461 4918 724 4974 catholica
746 4918 1146 4974 conﬁrmatum.
1181 4920 1288 4975 Sed
1314 4929 1370 4976 et
1398 4922 1582 4991 Opinio
1626 4920 1832 4977 inutilis
1854 4922 1911 4976 in

326 5008 577 5077 gentibus
600 5008 875 5080 divulgata
899 5017 1004 5076 est,
1026 5011 1169 5080 quod
1198 5009 1345 5066 credi
1373 5009 1527 5065 nefas
1549 5018 1652 5076 est,
1678 5026 1744 5067 eo
1767 5012 1912 5081 quod

331 5116 481 5158 more
517 5103 797 5172 gentilium
834 5104 1110 5161 Christum
1156 5105 1437 5175 negaveris
1467 5105 1562 5160 Dei
1592 5104 1770 5161 Patris
1794 5120 1913 5162 esse

332 5191 546 5247 Filium.
568 5193 664 5249 His
685 5195 921 5265 explosis
935 5195 1169 5265 petimus
1198 5204 1258 5250 ut
1272 5196 1413 5252 clam
1433 5212 1532 5252 nos
1546 5197 1913 5267 reciprocatus

329 5299 512 5341 sermo
540 5295 720 5341 vester
745 5286 992 5351 itlustret,
1014 5287 1108 5357 qui
1131 5303 1230 5343 nos
1256 5286 1512 5353 lzetiﬁcet,
1534 5295 1589 5343 et
1608 5288 1786 5343 oratio
1800 5303 1914 5344 ser-

330 5391 522 5431 vorum
549 5384 765 5432 tuorum
792 5378 1006 5449 imperii
1031 5380 1196 5435 vestri
1230 5379 1444 5437 culmen
1471 5380 1691 5436 exaltet.
1714 5380 1909 5438 Amen.

405 5510 433 5540 ι
471 5497 608 5552 Vide
628 5511 778 5551 num.
809 5494 863 5547 i.

405 5568 436 5608 δ
458 5567 583 5633 113.,
620 5576 854 5637 peccato.

407 5649 429 5678 ο
457 5638 595 5710 _l_ds.,
620 5634 831 5710 aemulo
863 5652 881 5690 :
914 5635 1150 5707 intellige
1173 5634 1470 5692 dominium
1499 5638 1642 5710 regis
1672 5638 1728 5695 in
1753 5638 1915 5710 parti-

336 5709 436 5779 bus
456 5708 755 5779 Hispanim.
804 5777 813 5779 _
1368 5742 1373 5748 ι

405 5778 432 5818 ἀ
472 5776 595 5846 Μεῖ,
628 5776 945 5832 reminiscat.

1931 3149 1978 3211 C

2010 1915 2147 1985 ejus.
2176 1917 2294 1986 Ipse
2318 1926 2498 1970 tamen
2525 1915 2616 1970 Dei
2647 1914 2836 1978 l-‘ilius,
2867 1914 2957 1984 qui
2988 1917 3167 1970 aufert
3191 1916 3365 1970 stillas
3389 1916 3605 1984 piuviw,

2010 2016 2065 2060 et
2088 2006 2314 2063 effundit
2335 2007 2538 2061 imbres
2556 2006 2625 2060 ad
2648 2005 2821 2060 instar
2838 2016 3134 2075 gurgitum,
3158 2006 3247 2075 qni
3276 2006 3445 2061 fortes
3467 2006 3610 2061 scili-

2012 2106 2097 2153 cet
2118 2098 2185 2152 ad
2210 2098 2491 2169 praemium
2514 2103 2691 2162 vocat,
2724 2107 2780 2151 et
2809 2112 2998 2151 eorum
3030 2096 3147 2151 vice
3169 2097 3375 2152 debiles
3395 2098 3462 2152 ad
3489 2112 3609 2152 eer-

2010 2192 2214 2245 tamina
2241 2189 2465 2245 roborat
2489 2204 2502 2241 :
2533 2188 2626 2258 qui
2663 2188 2784 2242 illos
2808 2187 3153 2257 suscipiendo
3193 2198 3523 2253 remuneral,
3551 2197 3609 2243 et

2012 2283 2132 2337 istis
2148 2282 2395 2337 laborum
2418 2280 2581 2343 vires,
2606 2279 2805 2349 quibus
2820 2279 3120 2333 subsistere
3144 2278 3374 2343 valeant,
3402 2278 3608 2333 sulnni-

2010 2375 2225 2439 nistrat,
2259 2373 2348 2429 det
2372 2373 2425 2427 in
2456 2386 2553 2427 ore
2577 2386 2699 2426 meo
2729 2373 2950 2425 verbum
2972 2371 3237 2436 veritatis,
3272 2381 3328 2425 et
3353 2372 3489 2425 bene
3523 2385 3607 2427 so-

2010 2473 2252 2530 nantem,
2280 2473 2336 2519 et
2379 2477 2695 2533 responsum
2724 2461 2915 2516 inedize
2944 2475 3078 2515 mea:
3108 2461 3341 2515 mulceat
3364 2462 3605 2515 auditum

2009 2555 2266 2611 Ecclesia:
2288 2553 2568 2608 catholica:
2593 2553 2647 2606 in
2680 2550 2884 2607 Christi
2913 2550 3132 2605 nomine
3159 2552 3494 2606 constitute.

2079 2647 2133 2701 2.
2177 2647 2329 2713 Quod
2359 2659 2490 2700 vero
2540 2644 2741 2699 asseris
2787 2642 2987 2696 nullam
3033 2642 3216 2697 carnis
3260 2642 3606 2711 adoptionem

2010 2740 2065 2795 in
2091 2738 2229 2792 Filio
2264 2736 2358 2791 Dei
2385 2736 2681 2791 secundum
2715 2737 2946 2788 formam
2977 2733 3120 2787 servi
3150 2733 3217 2785 de
3255 2732 3486 2800 gloriosa
3513 2731 3606 2785 Dei

2011 2830 2232 2899 Virgine
2258 2828 2580 2897 suscepisse,
2611 2841 2721 2880 non
2762 2839 2887 2879 vera
2921 2823 3279 2894 persequeris,
3319 2824 3412 2877 sed
3458 2839 3608 2877 men-

2009 2923 2162 2977 dacio
2189 2921 2380 2991 plenus
2429 2934 2549 2974 esse
2587 2918 2912 2983 ostenderis,
2943 2917 3088 2971 sicut
3112 2925 3163 2969 cl
3200 2916 3457 2983 magister
3488 2928 3608 2970 ltttts

2008 3012 2389 3083 Autiphrasius
2438 3010 2635 3065 Beatus
2682 3006 3003 3063 Antichristi
3054 3005 3384 3074 discipulus,
3422 3005 3606 3060 carnis

2010 3104 2354 3160 immunditia
2402 3103 2628 3168 fetidus,
2686 3108 2742 3155 et
2786 3100 2854 3155 ab
2899 3098 3093 3153 altario
3146 3098 3239 3151 Dei
3291 3107 3602 3162 extraneus.

2006 3201 2210 3272 pseudo
2256 3198 2505 3253 Christus
2550 3203 2606 3251 et
2644 3193 2846 3264 pseudo
2888 3193 3169 3261 propheta.
3206 3191 3283 3245 De
3330 3191 3422 3245 illo
3455 3190 3604 3245 enim

2005 3293 2138 3347 dicit
2159 3292 2346 3346 doctor
2374 3286 2622 3357 egregius
2654 3286 2843 3342 beatus
2867 3283 3162 3351 Gregorius
3196 3298 3210 3333 :
3242 3281 3486 3335 Perdidit
3513 3297 3605 3335 au-

2006 3384 2317 3440 ctoritatem
2346 3378 2573 3434 docendi
2603 3374 2759 3443 cujus
2779 3388 2960 3429 sermo
2986 3386 3152 3441 opere
3175 3370 3493 3425 destruitur.
3522 3372 3604 3426 Tu

2005 3491 2155 3540 vero,
2203 3471 2524 3528 charissime
2553 3468 2738 3532 frater,
2785 3467 2909 3521 vide
2952 3481 3040 3531 ne,
3072 3467 3216 3535 quod
3247 3465 3410 3529 absit,
3446 3466 3513 3519 de
3550 3474 3603 3520 te

2008 3566 2081 3620 sit
2106 3564 2368 3633 scriptum
2399 3578 2413 3613 :
2448 3559 2526 3613 De
2564 3558 2742 3611 radice
2768 3556 2970 3610 colubri
2994 3573 3231 3627 egressus
3266 3567 3342 3610 est
3370 3556 3601 3627 regulus,

2008 3667 2058 3710 et
2087 3656 2151 3709 de
2179 3652 2438 3723 foramine
2478 3650 2677 3721 aspidis
2708 3664 2945 3719 egressus
2978 3657 3051 3702 est
3076 3647 3372 3713 basiliscus,
3406 3649 3459 3704 id
3494 3657 3598 3715 est,

2007 3745 2251 3809 Albinus,
2286 3742 2565 3812 nigredine
2608 3740 2936 3795 teterrimus.
2972 3739 3103 3794 Vide
3136 3754 3204 3794 ne
3234 3740 3465 3795 fortasse
3490 3756 3598 3796 non

2009 3837 2085 3893 sis
2132 3837 2406 3906 particeps
2456 3833 2632 3888 levita:
2671 3833 2964 3902 Stephano,
3009 3833 3101 3901 qui
3147 3845 3208 3887 se
3256 3832 3391 3887 dicit
3432 3835 3603 3890 etelos

2010 3936 2225 3998 apertos
2256 3926 2458 3990 videre,
2485 3932 2541 3978 et
2574 3921 2758 3977 lesum
2789 3932 3022 3977 stantem
3051 3938 3083 3976 a
3110 3923 3318 3978 dextris
3356 3923 3452 3978 Dei
3496 3923 3598 3978 Pa-

2008 4020 2108 4075 tris
2137 4036 2150 4072 :
2181 4019 2274 4073 scd
2299 4032 2421 4071 cum
2460 4015 2701 4081 Nicolao,
2750 4012 2907 4083 cujus
2958 4014 3102 4070 facta
3130 4014 3271 4069 idem
3306 4015 3401 4069 Dei
3430 4015 3599 4072 Filius

2010 4127 2069 4168 se
2095 4111 2272 4166 odisse
2308 4116 2557 4164 testatur.
2587 4108 2654 4162 Et
2680 4108 2897 4174 iterum,
2930 4108 3050 4163 vide
3076 4122 3144 4164 ne
3171 4123 3277 4163 non
3306 4109 3382 4163 sis
3406 4110 3601 4165 similis

2009 4209 2186 4264 levita:
2230 4206 2532 4271 Vincentio,
2565 4204 2661 4259 sed
2700 4203 2894 4258 similis
2934 4202 3183 4268 Datiano,
3218 4202 3308 4270 qui
3351 4202 3599 4262 eumdem

2010 4301 2231 4354 levitam
2264 4296 2601 4353 consecravit
2626 4294 2908 4365 martyrio.

2082 4394 2135 4447 5.
2178 4389 2245 4442 Et
2274 4391 2494 4451 iterum,
2522 4386 2643 4440 vide
2690 4401 2759 4439 ne
2802 4393 2860 4438 tu
2913 4384 2990 4438 sis
3034 4383 3227 4436 similis
3256 4381 3473 4448 Ruﬁno,
3507 4384 3602 4452 qui

1942 4498 1989 4555 ι)
2011 4486 2226 4541 beatum
2256 4480 2489 4535 Felicem
2518 4486 2812 4547 martyrem
2840 4475 3031 4530 ferinis
3055 4475 3268 4530 actibus
3289 4474 3466 4533 cultor
3486 4476 3603 4530 ido—

2012 4575 2240 4630 lolatria:
2269 4571 2496 4636 exstitit,
2529 4570 2672 4624 sicut
2713 4579 2768 4623 et
2797 4576 2853 4623 tu
2880 4567 3225 4637 persequeris
3262 4567 3426 4622 alium
3462 4566 3604 4623 Feli-

2011 4685 2128 4725 cem
2172 4667 2555 4728 confessorem,
2603 4678 2764 4733 quem
2815 4664 3063 4718 novimus
3106 4664 3173 4719 ah
3200 4664 3418 4720 ineunte
3443 4672 3604 4721 mtate

2012 4760 2279 4816 charitate
2314 4771 2606 4822 summum,
2656 4753 2912 4825 pudicum
2956 4762 3011 4809 et
3052 4756 3292 4811 moribus
3327 4765 3599 4822 ornatum,

2011 4867 2174 4922 quem
2209 4858 2267 4904 tu
2301 4848 2646 4919 persequeris
2675 4847 2731 4901 in
2758 4847 3034 4902 montibus
3055 4855 3109 4903 et
3143 4848 3196 4901 in
3231 4848 3522 4917 speluncis,
3549 4856 3606 4904 et

2013 4943 2069 4996 in
2097 4942 2345 4996 cavernis
2368 4951 2526 4996 terra:
2560 4939 2880 4994 latitantem.
2912 4939 3046 4995 Vide
3078 4954 3148 4995 ne
3181 4948 3239 4993 tu
3265 4939 3359 5006 sis,
3386 4938 3455 4994 de
3496 4954 3605 5010 quo

2011 5032 2282 5102 Propheta
2328 5032 2499 5087 dicit:
2526 5028 2735 5084 Fatuus
2782 5030 2933 5100 fatua
2982 5029 3233 5101 loquitur,
3275 5040 3324 5085 et
3364 5047 3456 5085 cor
3488 5032 3604 5103 ejus

2014 5142 2147 5180 vana
2175 5124 2446 5195 intelliget.
2480 5123 2549 5178 Et
2574 5123 2770 5178 iterum
2798 5139 2811 5175 :
2851 5122 3155 5177 Docuerunt
3188 5122 3423 5194 linguam
3451 5141 3603 5179 suam

2013 5216 2157 5287 loqui
2185 5216 2533 5279 mendacium,
2565 5225 2621 5268 ut
2649 5207 3084 5286 inique'agercnt,
3115 5213 3505 5269 laboraverunt.
3536 5214 3606 5270 Et

2012 5306 2301 5379 Apostolus
2330 5321 2345 5360 :
2371 5305 2630 5360 Anim'alis
2654 5306 2810 5361 homo
2828 5323 2944 5374 ,non
2968 5306 3184 5378 percipit
3204 5323 3323 5378 qua:
3345 5316 3469 5361 sunt
3497 5307 3607 5379 spi-

2014 5399 2148 5453 ritus
2168 5396 2285 5451 Dei.
2315 5397 2602 5452 Psalmista
2627 5412 2842 5467 quoque
2869 5398 2946 5453 ait
2974 5416 2987 5451 :
3016 5397 3238 5453 Destrue
3258 5399 3530 5454 inimicum
3553 5407 3606 5454 et

2091 5506 2117 5536 θ
2145 5494 2270 5562 Ms.,
2306 5496 2615 5550 conuicaris.

2092 5565 2119 5631 ι,
2140 5566 2364 5638 Austria
2388 5565 2670 5638 dicebatur
2690 5565 3123 5638 parserientalis
3146 5564 3411 5623 Franciae.

2091 5638 2116 5707 β
2155 5637 2322 5703 Edit.,
2350 5634 2677 5707 relegentem.

2090 5706 2120 5747 ιι
2150 5707 2313 5764 Deest
2347 5706 2629 5764 descendit.
