4028 6176
443 339 544 399 871

1267 328 1677 396 suosunus,
1717 325 1946 390 reus,
1989 323 2340 384 HETERIUS
2377 310 2465 384 Er
2506 329 2564 384 s.
2607 325 2902 386 BEATUS.

3617 322 3736 384 872

445 455 792 526 defensorem.
824 447 1080 503 Inimicus
1124 454 1180 500 et
1217 444 1474 500 defensor
1512 458 1634 498 esse
1679 437 2031 512 dignosceris,
2061 435 2112 497 Δ
2137 437 2438 504 Athanasii,
2464 439 2677 504 llilarii,
2701 437 2994 503 Ambrosii,
3015 435 3325 507 Augustini,
3348 434 3561 501 lsidori,
3585 437 3739 508 quod

447 545 575 616 quia
598 545 724 598 dum
745 540 1000 595 deitatem
1015 536 1138 591 Filii
1166 536 1262 591 Dei
1287 535 1564 591 vindicare
1590 531 1892 590 ostenderis
1911 537 2038 584 ante

448 634 644 692 saecula
672 650 736 689 ex
776 632 936 686 Patre
977 629 1168 701 geniti,
1197 629 1595 685 humanitatem
1623 625 1742 696 ejus
1781 624 1850 680 de
1884 631 2040 679 utero

451 725 688 797 Virginis
731 730 1038 792 susceptam
1077 722 1130 775 in
1162 721 1267 775 line
1298 719 1556 790 temporis
1592 732 1793 786 negare
1819 713 2039 779 videris,

451 819 652 874 oblitus
683 817 1008 872 sententiam
1056 813 1290 877 Domini,
1325 827 1430 882 qua
1479 809 1856 866 haesitantibus
1884 806 2046 863 disci-

451 911 596 980 pulis
635 909 765 964 dicit
800 925 813 960 :
851 905 896 958 0
923 904 1069 960 stulti
1115 913 1165 957 et
1190 903 1334 957 tardi
1362 902 1518 956 corde
1543 902 1612 954 ad
1643 899 1958 954 credendum
1991 897 2047 951 in

454 1002 694 1056 omnibus
720 1015 837 1069 quo:
863 999 1056 1067 scripta
1079 1004 1199 1050 sunt
1235 996 1290 1048 in
1314 993 1423 1064 lege
1446 1002 1495 1047 et
1527 991 1833 1062 prophetis!
1859 989 2049 1043 Nonne

456 1095 532 1148 sie
561 1091 785 1163 oportuit
828 1090 938 1158 pati
979 1087 1263 1151 Christum,
1307 1094 1355 1139 et
1398 1087 1474 1138 ita
1515 1085 1716 1138 intrare
1745 1083 1799 1136 in
1826 1080 2050 1151 gloriam

457 1200 610 1237 suam
627 1183 652 1235 2’
679 1181 744 1234 Et
769 1178 1062 1248 Apostolus
1093 1195 1105 1232 :
1132 1176 1180 1232 0
1206 1176 1352 1230 stulti
1390 1174 1628 1230 Galatw!
1649 1174 1765 1244 quis
1785 1188 1872 1226 vos
1893 1170 2055 1240 fasci-

461 1274 605 1326 navit
630 1271 832 1326 veritati
855 1286 963 1324 non
991 1268 1238 1323 obedire?

531 1362 586 1416 4.
628 1361 786 1427 Quod
831 1361 970 1415 dicis
1012 1360 1066 1412 in
1098 1358 1302 1427 scripto
1329 1365 1423 1411 tuo
1445 1355 1570 1424 quia
1601 1355 1714 1424 ipse
1743 1351 1890 1408 solus
1933 1364 2058 1406 cum

463 1454 654 1523 paucis
671 1453 722 1506 in
744 1467 809 1506 ea
831 1451 1173 1514 credulitate,
1189 1465 1352 1518 quam
1368 1449 1542 1504 omnis
1566 1446 1823 1516 Hispania
1839 1445 2054 1507 retinet,

468 1552 742 1598 memento
767 1542 1053 1597 Dominum
1082 1541 1283 1596 dixisse
1309 1554 1322 1592 :
1352 1539 1484 1593 Lata
1523 1548 1572 1593 et
1613 1539 1844 1608 spatiosa
1878 1537 1959 1590 via
1985 1544 2060 1590 est

465 1650 584 1704 qua:
617 1633 761 1686 ducit
807 1631 876 1685 ad
926 1640 1166 1695 mortem,
1207 1640 1256 1684 et
1294 1629 1446 1684 multi
1481 1637 1600 1683 sunt
1622 1629 1712 1699 qui
1746 1628 1944 1681 intrant
1971 1641 2064 1696 per

2141 530 2288 584 nulla
2315 531 2530 600 adoptio
2559 531 2740 586 carnis
2765 545 2868 586 nec
2893 543 3023 584 vera
3045 529 3356 584 humanitas
3387 527 3440 582 in
3466 528 3602 583 Filio
3633 528 3741 586 Dei

2143 622 2326 688 fuerit,
2351 625 2684 679 consentiam
2708 624 2983 678 erroribus
3007 623 3132 678 tuis.
3165 620 3298 676 Nam
3323 621 3749 692 sicutmagister

2145 722 2270 767 tuus
2306 711 2504 768 fetidus
2538 720 2593 767 et
2622 713 2899 768 horribilis
2935 712 3227 767 maculavit
3253 712 3538 777 Libanam,
3569 713 3646 766 ita
3677 720 3746 767 tu

2143 816 2373 872 regnum
2416 796 2704 872 regnorum
2748 801 3042 857 Austriam.
3089 800 3196 858 Sed
3238 802 3423 858 desine
3463 802 3748 859 incassum

2146 895 2383 964 pendere
2404 894 2563 959 labia,
2589 909 2710 964 quae
2735 903 2921 950 contra
2939 895 3034 949 Dei
3057 895 3374 965 mysterium
3397 895 3618 949 latrant.
3645 894 3750 950 Vi-

2149 984 2219 1039 de
2237 999 2311 1040 no
2336 992 2392 1038 tu
2415 985 2510 1050 s‘s,
2539 983 2685 1054 quod
2711 985 2884 1050 absit,
2907 986 3166 1041 Beemoth
3188 985 3278 1041 ille
3296 1026 3312 1051 ,
3337 986 3424 1040 cui
3450 995 3662 1042 montes
3687 994 3748 1042 in

2152 1075 2412 1130 alimento
2447 1075 2696 1130 deferunt
2732 1076 2950 1141 herbas,
3004 1084 3058 1131 et
3102 1092 3226 1132 cum
3277 1092 3386 1146 quo
3431 1077 3636 1132 dormis
3687 1080 3752 1134 in

2154 1174 2367 1221 secreto
2401 1166 2614 1231 calami,
2653 1167 2707 1221 in
2746 1167 2880 1222 locis
2912 1169 3272 1224 humectibus.
3324 1168 3458 1224 Vide
3488 1184 3554 1223 ne
3579 1181 3640 1223 tu
3669 1169 3756 1224 sis

2158 1255 2296 1310 alter
2319 1255 2500 1321 Arius,
2527 1257 2621 1326 qui
2645 1256 3058 1313 Constantinum
3088 1259 3470 1328 imperatorem
3493 1275 3589 1328 per
3615 1262 3759 1315 beas-

2159 1355 2272 1402 tum
2301 1346 2636 1418 Sylvestrum
2667 1347 3032 1404 Christianum
3071 1350 3295 1416 factum,
3333 1365 3433 1420 per
3465 1351 3656 1406 Arium
3693 1359 3759 1406 et

2160 1441 2442 1496 mulierem
2469 1440 2668 1497 factum
2701 1443 3037 1505 hmreticum,
3064 1444 3129 1498 de
3153 1459 3262 1513 quo
3285 1445 3478 1498 beatus
3511 1443 3760 1499 Isidorus

2162 1534 2312 1599 dicit,
2329 1534 2440 1590 Heu
2451 1536 2588 1604 proh
2601 1535 2755 1590 dolor
2772 1536 2784 1588 ι
2805 1536 3071 1605 principio
3086 1538 3247 1600 bono,
3265 1536 3371 1592 line
3383 1536 3542 1591 malo.
3577 1535 3763 1604 Cujus

2160 1626 2403 1696 pravitas
2428 1641 2534 1680 non
2564 1627 2734 1682 solum
2770 1627 3042 1692 Guthiam,
3074 1630 3168 1684 sed
3197 1629 3444 1700 Libyam,
3473 1639 3522 1685 et
3549 1629 3761 1685 Orien-

467 1739 604 1778 eam.
635 1722 808 1789 Quam
834 1731 983 1776 arcta
1011 1731 1058 1775 et
1089 1730 1312 1790 angusta
1339 1720 1420 1774 via
1454 1726 1528 1772 est
1557 1733 1677 1788 qua:
1699 1716 1842 1770 ducit
1874 1715 1943 1768 ad
1995 1715 2065 1768 vi-
2091 1785 2132 1792 _
2165 1729 2274 1775 tem
2299 1727 2354 1775 et
2381 1719 2725 1776 Occidentem
2757 1736 2928 1789 usque
2950 1722 3018 1776 ad
3045 1729 3286 1792 tempora
3316 1723 3446 1777 diem
3470 1724 3764 1777 memoria;

469 1824 602 1878 tam,
642 1785 696 1867 et
732 1813 889 1884 pauci
919 1821 1040 1866 sunt
1079 1785 1180 1882 qui
1199 1810 1464 1864 inveniunt
1492 1785 1628 1862 eant.
1662 1805 1930 1861 Memento
1960 1804 2065 1858 Do-
2091 1785 2140 1846 Β
2167 1810 2427 1866 Becaredi
2450 1810 2596 1880 regis
2627 1824 2726 1864 suo
2756 1785 3046 1874 maculavit
3077 1785 3303 1868 veneno.
3333 1813 3459 1868 Vide
3483 1828 3549 1868 ne
3579 1821 3642 1866 tu
3673 1814 3766 1867 sis

474 1905 685 1959 mitium
702 1904 903 1959 dixisse
925 1903 1069 1972 quod
1092 1901 1334 1956 Lazarus
1355 1914 1561 1969 pauper
1579 1897 1852 1954 ulceribus
1875 1895 2067 1966 plenus

470 1994 692 2065 iacebat
717 1995 786 2050 ad
822 1993 1044 2063 jauuam
1073 1993 1275 2056 divitis,
1303 1990 1526 2059 cupiens
1555 1987 1788 2043 saturari
1819 1987 1885 2042 de
1912 1985 2069 2040 micis

475 2102 597 2157 quae
618 2087 881 2141 cadebant
917 2085 986 2141 de
1027 2083 1212 2140 divitis
1258 2095 1466 2145 mensa,
1498 2087 1554 2136 et
1576 2093 1735 2134 nemo
1765 2077 1842 2132 illi
1865 2077 2064 2142 dabat;

474 2179 572 2232 sed
595 2191 758 2233 canes
786 2177 1095 2241 veniebant,
1126 2184 1179 2229 et
1204 2175 1481 2246 lingebant
1511 2173 1694 2227 ulcera
1718 2169 1854 2240 ejus.
1886 2169 2071 2226 Conti-

474 2266 558 2336 git
585 2277 767 2320 autem
811 2274 872 2320 ut
903 2275 1130 2335 uterque
1169 2281 1276 2320 uno
1323 2265 1412 2320 die
1453 2271 1776 2319 moreretur.
1829 2261 2071 2316 Lazarus

475 2358 790 2428 deportatus
815 2367 898 2412 est
919 2358 987 2412 ab
1021 2357 1226 2428 angelis
1247 2357 1301 2411 in
1333 2357 1455 2412 sinu
1476 2355 1728 2412 Abraham
1760 2354 1921 2409 Dives
1940 2367 2070 2408 vero

475 2448 720 2518 sepultus
740 2457 824 2504 est
850 2449 906 2503 in
928 2447 1159 2515 interm,
1180 2463 1432 2520 quaerens
1458 2447 1526 2504 de
1548 2448 1718 2518 digito
1742 2445 1934 2502 Lazari
1957 2453 2072 2516 gut-

485 2547 619 2604 tam,
650 2540 742 2609 qui
770 2557 878 2596 non
911 2540 1135 2596 dederat
1158 2541 1375 2596 micam.

539 2630 594 2684 5.
621 2632 753 2687 Vide
776 2647 844 2686 ne
872 2639 927 2686 tu
955 2634 1031 2688 sis
1058 2647 1124 2687 ex
1155 2632 1260 2687 illis
1277 2632 1371 2702 qui
1391 2631 1580 2703 viginti
1603 2631 1770 2688 millia
1794 2644 2073 2686 servorum

481 2725 684 2778 habere
713 2723 1066 2790 dignosceris,
1093 2730 1146 2778 et
1191 2723 1311 2778 ideo
1337 2723 1541 2778 divitiis
1567 2721 1781 2778 inﬂatus
1809 2722 2074 2792 sapientia

483 2824 596 2878 tua,
620 2830 740 2883 qua:
769 2830 875 2868 non
900 2821 983 2868 est
1015 2813 1296 2868 desursum
1322 2811 1677 2877 descendens,
1711 2812 1806 2867 sed
1837 2821 2071 2875 terrena,

483 2909 750 2972 animalis,
777 2907 1063 2961 diabolica.
1090 2905 1358 2960 Memento
1383 2905 1670 2959 Dominum
1695 2905 1895 2960 dixisse
1931 2922 1944 2958 :
1975 2903 2076 2959 Ubi

484 3002 677 3070 fuerint
719 2999 825 3051 duo
867 2996 943 3051 uel
985 3005 1089 3049 tres
1112 2996 1166 3048 in
1199 2997 1406 3049 nomine
1434 3012 1547 3049 meo
1571 2995 1890 3065 congregati,
1913 3004 1961 3047 et
1984 3009 2077 3064 ego

2167 1901 2304 1956 alter
2330 1901 2710 1968 Nabuzardan,
2742 1902 2996 1972 princeps
3023 1904 3450 1973 coquorum,qui
3483 1903 3766 1959 destruxit

2168 2010 2354 2050 muros
2378 1993 2697 2050 Jerusalem.
2717 1995 2852 2050 Vide
2879 2011 2945 2049 ne
2961 2007 3019 2049 tu
3039 1997 3213 2065 ipsum
3231 1996 3402 2052 facias
3429 1996 3496 2051 de
3517 1997 3766 2066 glorioso

2167 2086 2409 2156 principe
2434 2086 2656 2150 Carolo,
2688 2086 2829 2142 sicut
2856 2088 3017 2143 Arius
3043 2087 3171 2143 fecit
3195 2088 3261 2143 de
3285 2088 3672 2155 Constantino,
3704 2097 3766 2144 et

2170 2177 2351 2248 lugeat
2371 2193 2433 2234 se
2462 2179 2516 2233 in
2543 2178 2738 2234 saecula
2767 2179 3109 2234 smculorum.

2240 2268 2292 2321 7.
2333 2269 2502 2325 Erant
2531 2277 2585 2324 et
2612 2270 2718 2325 alia
2745 2270 2915 2326 multa
2947 2272 3040 2327 tibi
3069 2273 3373 2336 scribenda,
3404 2274 3498 2328 sed
3531 2287 3766 2344 oppres-

2171 2361 2322 2416 sione
2358 2361 2533 2432 gentis
2569 2359 2771 2427 alllicti,
2817 2378 2926 2418 non
2974 2376 3263 2432 possumus
3313 2363 3411 2418 tibi
3456 2363 3768 2419 rescribere

2171 2461 2388 2507 cuncta.
2421 2451 2502 2506 Tu
2529 2461 2716 2531 tamen
2737 2453 2791 2507 si
2818 2453 3059 2507 nolueris
3085 2454 3273 2509 audire
3298 2453 3534 2525 Hoysen,
3565 2456 3770 2512 audis

2171 2540 2526 2596 Pharaonem.
2576 2540 2696 2611 Ipse
2741 2550 2924 2598 tamen
2968 2542 3182 2614 Moyses
3229 2545 3394 2610 dixit,
3444 2544 3769 2616 Prophetas!

2171 2631 2441 2686 suscitabit
2477 2631 2734 2686 Dominus
2771 2633 2910 2688 Deus
2949 2634 3016 2688 de
3049 2634 3301 2703 fratribus
3341 2638 3550 2698 vestris;
3583 2638 3768 2706 ipsum

2174 2723 2400 2778 audietis
2425 2733 2675 2794 tanquam
2709 2741 2811 2779 me.
2850 2725 2988 2781 Ecce
3025 2725 3238 2796 Moyses
3270 2728 3549 2796 adoptivus
3589 2727 3769 2782 Filius

2177 2816 2293 2881 Dei,
2336 2817 2466 2872 dicit
2502 2818 2606 2872 sibi
2641 2818 2874 2873 similem
2911 2835 3031 2875 esse
3065 2835 3259 2883 carne,
3307 2836 3418 2874 non
3467 2837 3670 2890 genere
3709 2830 3775 2876 et

2176 2909 2480 2978 adoptione,
2507 2920 2563 2966 et
2587 2919 2642 2965 tu
2663 2925 2829 2981 negas
2846 2912 2945 2967 Dei
2968 2911 3162 2966 Filium
3183 2912 3252 2967 de
3276 2913 3444 2982 stirpe
3466 2913 3772 2976 Abraham,

2178 3000 2350 3067 Iesse,
2409 3010 2466 3056 et
2509 3000 2796 3070 gloriosam
2841 3003 2937 3057 Dei
2984 3003 3261 3073 Virginem
3299 3004 3370 3059 de
3407 3001 3656 3059 Joacbim
3706 3007 3780 3058 de

483 3091 540 3145 in
561 3090 730 3144 ηιεάιο
751 3087 1108 3151 eorum,sicut
1127 3095 1210 3139 est
1233 3085 1385 3140 Felix
1407 3085 1686 3140 confessor
1708 3093 1762 3138 et
1783 3084 1915 3139 socii
1936 3083 2073 3152 ejus.
2106 3128 2151 3190 C
2183 3094 2434 3163 adoptivo
2463 3093 2575 3149 [mo
2593 3095 2897 3163 adoptiva“,
2923 3095 3088 3150 (mam
3114 3097 3375 3166 genuum,
3405 3111 3630 3151 came...
3663 3114 3779 3153 mn

485 3183 754 3238 Memento
776 3179 906 3248 quid
930 3178 1210 3249 Scriptura
1233 3179 1376 3233 dicat
1405 3195 1418 3231 :
1447 3178 1636 3232 Nonne
1662 3177 1802 3231 Deus
1825 3193 2077 3247 pauperes

487 3277 637 3347 elegit
663 3277 719 3328 in
741 3272 954 3336 mundo,
983 3271 1166 3326 divites
1191 3273 1246 3325 in
1274 3271 1400 3339 ﬁde,
1435 3281 1482 3324 et
1502 3269 1731 3324 hmredes
1763 3269 1946 3338 regni?
1975 3268 2084 3324 Mc-

491 3377 674 3425 mcnto
699 3366 842 3436 quod
867 3364 1152 3420 Psalmista
1173 3363 1316 3418 dicat
1340 3380 1352 3414 :
1378 3361 1575 3415 Divites
1598 3370 1868 3431 eguerunt,
1894 3368 1942 3414 et
1967 3375 2085 3412 esu—

490 3461 687 3514 rierunt
726 3474 745 3512 :
790 3458 1105 3527 inquirentes
1154 3464 1329 3508 autent
1366 3453 1651 3507 Dominum
1691 3469 1794 3507 non
1841 3453 2084 3518 deﬁcient

490 3551 632 3604 omni
659 3549 813 3602 bono.
861 3547 928 3601 Et
954 3549 1152 3601 iterum
1182 3564 1194 3598 :
1225 3545 1433 3600 Diritio:
1476 3546 1522 3599 si
1563 3546 1756 3615 fluant,
1807 3544 1966 3598 nolite
1995 3560 2088 3598 cor

490 3655 768 3710 apponere.
793 3637 858 3691 Et
881 3639 1077 3692 iterum
1107 3651 1122 3689 :
1148 3635 1506 3700 Tltesaurizat,
1532 3645 1579 3689 et
1610 3637 1816 3705 ignorat
1848 3651 1944 3689 cur
1963 3649 2087 3688 con-

493 3744 665 3802 greget
692 3749 774 3785 ea.
809 3731 916 3786 Sed
943 3740 998 3786 et
1023 3731 1152 3785 illud
1184 3731 1311 3785 huic
1338 3730 1486 3799 operi
1514 3728 1944 3784 connectendum
1968 3741 2088 3782 esse

495 3826 698 3894 putavi,
734 3825 878 3892 quod
905 3824 1047 3879 Deus
1068 3824 1230 3878 Pater
1251 3839 1409 3878 servo
1433 3839 1532 3878 suo
1564 3821 1734 3876 David
1767 3821 1980 3876 locutus
2005 3827 2089 3875 est

497 3917 686 3971 dicens
715 3933 728 3966 :
757 3916 889 3968 Cum
937 3914 1212 3968 dormieris
1243 3931 1360 3968 cum
1388 3914 1639 3967 Patribus
1674 3916 1798 3980 tuis,
1826 3913 2089 3968 suscitabo

498 4006 564 4059 de
593 4005 782 4058 lumbis
812 4005 917 4056 tuis
952 4004 1041 4072 qui
1079 4003 1254 4056 sedeat
1285 4019 1442 4072 super
1470 4004 1716 4056 thronum
1750 4001 1942 4055 Israel.
1976 4001 2090 4072 Ego

498 4113 589 4152 ero
613 4099 660 4150 ei
683 4097 736 4149 in
755 4094 987 4158 Patrem,
1007 4104 1053 4148 et
1072 4095 1181 4164 ipse
1203 4094 1300 4146 erit
1325 4093 1452 4146 milii
1474 4093 1529 4146 in
1547 4093 1739 4161 ﬁlium.
1765 4093 1832 4146 Et
1854 4093 2047 4147 iterum
2073 4106 2088 4148 :

503 4189 681 4243 Radix
712 4188 858 4243 Iesse
902 4188 990 4258 qui
1038 4196 1141 4242 stat
1176 4187 1232 4240 in
1288 4186 1494 4256 signum
1543 4186 1874 4257 populorum,
1922 4187 2091 4257 ipsum

501 4291 678 4362 gentes
695 4279 1127 4351 deprecabuntur,
1147 4287 1195 4332 et
1211 4279 1306 4332 erit
1330 4278 1626 4348 sepulcrum
1647 4277 1762 4347 ejus
1783 4277 2088 4348 gloriosum.

501 4373 642 4427 Ecce
665 4372 782 4440 ipse
824 4370 993 4426 Filius
1016 4371 1112 4424 Dei
1142 4371 1438 4426 secundum
1476 4369 1706 4426 formam
1735 4370 1877 4426 servi
1927 4386 2090 4441 quam

2184 3189 2502 3257 suscepisse
2524 3197 2591 3242 tut
2618 3199 2760 3244 esset
2786 3190 3069 3259 adoptivus
3095 3190 3280 3246 ﬁlius?
3303 3191 3395 3246 Sic
3416 3193 3552 3246 enim
3577 3191 3785 3246 nefan-

2185 3277 2312 3334 dum
2353 3281 2726 3349 presbyterum
2756 3280 2824 3335 de
2859 3281 3103 3336 doctrina
3145 3281 3362 3337 nefandi
3402 3282 3546 3337 Beati
3585 3282 3782 3336 audivi

2185 3373 2407 3427 auribus
2441 3373 2577 3428 meis
2612 3374 2879 3429 dicentem
2905 3389 2920 3427 :
2945 3374 3194 3429 Christus
3229 3373 3386 3430 Iesus
3423 3376 3474 3430 in
3508 3375 3786 3429 maternis

2186 3464 2486 3519 visceribus
2513 3479 2732 3519 carnem
2760 3481 3062 3529 assumens,
3089 3481 3196 3520 non
3226 3465 3293 3520 de
3317 3467 3580 3521 maternis
3601 3468 3788 3522 visce-

2186 3557 2337 3611 ribus
2365 3556 2608 3619 trahens,
2639 3555 2736 3609 sed
2760 3570 2978 3611 carnem
3011 3555 3114 3610 sibi
3151 3571 3343 3609 novam
3371 3555 3630 3612 efﬁciens.

2253 3648 2314 3709 .8.
2369 3645 2636 3716 Incipiunt
2687 3647 2995 3701 testimonia
3035 3656 3344 3700 sanctorum
3383 3649 3787 3704 venerabilius]

2189 3740 2410 3794 Patrum
2434 3739 2500 3792 de
2525 3737 2812 3806 adoptione
2838 3737 2892 3792 in
2917 3737 3055 3794 Filio
3084 3737 3178 3792 Dei
3203 3739 3497 3793 secundum
3522 3740 3793 3794 humani-

2181 3839 2376 3894 tatem,
2407 3839 2459 3885 e'
2483 3847 2595 3886 non
2617 3829 2914 3885 secundum
2939 3829 3298 3883 divinitatem.
3325 3829 3391 3883 ili
3417 3839 3541 3883 sunt
3565 3829 3640 3885 de
3661 3833 3792 3900 qui-

2181 3925 2291 3979 bus
2313 3923 2578 3978 Dominus
2603 3920 2760 3976 Jesus
2787 3920 3036 3976 Christus
3061 3921 3273 3976 locutus
3300 3930 3383 3975 est
3414 3922 3603 3976 dicens
3629 3940 3646 3975 :
3686 3920 3792 3976 Vos

2188 4016 2310 4068 estis
2335 4014 2429 4069 tua:
2452 4012 2655 4077 mundi,
2679 4022 2728 4065 et
2754 4027 2839 4065 vos
2861 4011 2982 4065 estis
3001 4010 3082 4065 sal
3103 4021 3258 4066 terra!
3276 4028 3296 4066 :
3315 4027 3643 4083 quiscunque
3665 4013 3797 4067 dli-

2191 4107 2434 4176 gaverilis
2461 4114 2856 4176 super-terram,
2889 4104 3053 4174 ligata
3083 4113 3255 4168 erm,
3293 4115 3341 4159 et
3371 4121 3488 4176 qua:
3522 4105 3796 4160 soluen’tis

2190 4195 2361 4249 soluta
2395 4207 2567 4249 erunt.
2608 4194 2806 4249 Beatus
2840 4193 3159 4249 Ambrosius
3195 4195 3250 4248 in
3288 4195 3402 4249 suis
3437 4194 3800 4265 dogmatibus

2192 4286 2322 4341 dicit
2346 4304 2360 4340 :
2384 4284 2582 4340 Nostro
2613 4301 2717 4340 usu
2754 4284 3038 4353 adoptivus
3071 4283 3262 4348 Filius,
3301 4293 3357 4339 et
3389 4299 3548 4338 verus
3589 4279 3798 4341 Filios.

2192 4377 2388 4432 Beatus
2419 4376 2778 4446 Hieronymus
2807 4376 3003 4428 itemm
3033 4375 3202 4430 dicit:
3225 4374 3326 4430 llic
3350 4374 3516 4429 Filius
3543 4374 3803 4430 humilis

501 4463 798 4533 assumpsit
822 4478 889 4517 ex
918 4463 1151 4534 Virgine,
1178 4463 1232 4516 in
1257 4478 1363 4533 qua
1392 4463 1570 4518 minor
1593 4472 1676 4519 est
1699 4463 1881 4529 Patre,
1909 4474 1964 4519 et
1985 4480 2094 4519 non
2122 4475 2174 4536 ο
2197 4485 2295 4540 per
2308 4469 2400 4524 Dei
2419 4468 2613 4522 Filium
2631 4467 2685 4522 in
2707 4467 2800 4520 Dei
2815 4465 2958 4522 'Filio
2979 4479 3098 4521 esse
3114 4475 3472 4536 promeretur,
3495 4479 3601 4520 nec
3621 4467 3800 4536 adop-

501 4567 586 4612 est
622 4573 840 4627 genere,
880 4557 975 4611 sed
1001 4558 1304 4626 adoptione,
1342 4557 1626 4626 adoptivus
1654 4557 1747 4612 Dci
1769 4558 2096 4629 primogeni-

506 4661 594 4704 tus
625 4649 679 4702 in
719 4649 908 4703 multis
953 4648 1213 4704 fratribus
1239 4650 1533 4704 secundum
1555 4650 1891 4719 Apostolum.
1917 4650 2097 4718 Quare

504 4757 614 4797 non
641 4742 858 4818 dicatur.
878 4741 1162 4811 adoptivus
1189 4743 1282 4811 qui
1308 4742 1381 4796 ita
1407 4750 1553 4797 totus
1582 4751 1667 4798 est
1690 4743 1745 4797 in
1771 4743 1974 4798 nostris
1998 4744 2099 4799 sic-

507 4843 565 4888 ut
589 4841 734 4890 totus
757 4844 838 4888 est
868 4834 919 4887 in
956 4835 1090 4898 suis,
1117 4844 1316 4904 praeter
1338 4835 1626 4890 delictum?
1660 4836 1800 4890 Ecce
1827 4833 2092 4902 Joachim,

505 4925 659 4994 cujus
700 4925 807 4979 lilia
846 4926 1078 4994 gloriosa
1125 4927 1220 4980 Dei
1264 4927 1416 4995 virgo
1445 4927 1608 4980 Maria
1660 4942 1780 4982 esse
1823 4928 2096 4997 dignosci-

507 5027 615 5081 tur,
641 5018 889 5086 adoptiva
911 5034 1031 5073 esse
1060 5019 1317 5088 creditur.
1340 5018 1516 5086 Quare
1542 5035 1648 5072 non
1664 5020 1875 5073 dicatur
1895 5021 2100 5090 adopti-

507 5126 606 5163 vus
625 5109 885 5163 Dominus
905 5107 1064 5164 Jesus
1075 5111 1334 5165 Christus
1349 5113 1427 5166 de
1446 5113 1642 5167 eadem
1661 5113 1986 5182 generatus?

580 5198 633 5252 6.
693 5199 961 5255 Memento
1014 5202 1303 5256 Dominum
1355 5204 1558 5258 dixisse
1613 5204 1892 5273 discipulis
1936 5206 2096 5259 suis:

511 5289 616 5355 Qui
646 5308 730 5344 vos
760 5293 908 5345 audit
939 5309 1019 5345 me
1045 5294 1214 5357 audit,
1246 5303 1294 5347 et
1315 5296 1412 5366 qui
1445 5313 1531 5348 nos
1558 5297 1752 5365 spernit
1777 5313 1857 5348 me
1876 5298 2094 5366 spernit.

515 5381 587 5434 De
621 5382 705 5436 his
733 5384 938 5438 etenim
969 5387 1174 5440 sanctis
1210 5387 1541 5450 doctoribus,
1578 5404 1809 5456 quorum
1843 5388 2098 5444 nonnulla

512 5471 821 5526 testimonia
847 5475 1192 5541 protulimus,
1218 5479 1478 5546 propheta
1506 5478 1640 5534 dicit
1663 5495 1677 5531 :
1705 5478 1837 5549 Liga
1861 5482 2099 5534 testimo-

513 5561 676 5621 nium,
710 5564 860 5630 signa
897 5563 1060 5633 legem
1097 5568 1154 5618 iu
1183 5568 1463 5638 discipulis
1501 5572 1649 5623 mis.
1678 5571 1772 5626 His
1799 5573 2097 5641 pmtﬁctis,

515 5651 559 5703 si
619 5665 728 5702 non
776 5650 971 5716 recipis
1014 5661 1287 5706 tantorum
1340 5659 1728 5713 venerabilium
1781 5671 2098 5718 sanctorum

519 5742 741 5795 Patrum
787 5739 1175 5807 testimonium,
1232 5744 1299 5797 da
1349 5747 1482 5799 mihi
1540 5751 1906 5807 testimonium
1957 5756 2100 5809 beati

2197 4571 2275 4616 tio
2311 4575 2344 4614 a
2382 4567 2576 4615 natura
2615 4566 2916 4627 separatur,
2958 4557 3054 4613 sed
3092 4566 3286 4614 natura
3332 4573 3456 4616 ctua
3494 4557 3804 4626 adoptione

2198 4652 2562 4723 conjungitur.
2609 4651 2809 4705 lterum
2837 4650 2893 4703 in
2918 4649 3164 4718 exposito
3185 4649 3511 4718 Apocalyps.
3553 4646 3804 4703 Gemma

2197 4746 2320 4800 alba
2349 4743 2565 4813 adoptio
2597 4750 2680 4796 est
2714 4742 2769 4795 in
2796 4740 2992 4794 Filium
3031 4740 3149 4794 Dei.
3189 4740 3390 4794 Beatus
3422 4753 3642 4808 quoque
3675 4739 3803 4793 Au-

2197 4841 2448 4911 gustinus
2470 4837 2766 4893 secundum
2795 4835 3135 4891 divinitatem
3156 4835 3306 4898 dicit,
3335 4835 3430 4888 Dei
3459 4832 3633 4888 Filius
3666 4845 3805 4887 ante

2190 4931 2394 4986 assecuta
2430 4945 2495 4983 ex
2534 4929 2696 4982 Patre
2726 4927 2938 4996 genitus
2969 4941 3076 4980 non
3105 4936 3196 4980 est
3226 4925 3532 4993 adoptione,
3568 4925 3674 4979 sed
3703 4940 3797 4994 ge-

2198 5038 2328 5078 nere
2346 5063 2360 5087 ,
2393 5036 2569 5090 neque
2595 5020 2770 5090 gratia
2792 5059 2806 5080 ,
2843 5019 2939 5073 sed
2967 5027 3188 5080 natura,
3218 5019 3514 5072 secundum
3531 5017 3796 5071 humani-

2193 5115 2584 5169 tatem-dicitur
2605 5113 2767 5166 homo
2787 5113 3093 5180 adoptatus,
3119 5109 3272 5178 cujus
3291 5110 3516 5180 gloriam
3533 5109 3799 5176 quasiril

2193 5208 2292 5277 qui
2316 5216 2400 5261 est
2427 5207 2497 5260 ab
2526 5205 2618 5260 illo
2644 5203 2836 5258 unicus
2862 5211 3038 5257 natus.
3066 5203 3265 5255 Beatus
3298 5215 3512 5271 quoque
3543 5198 3660 5254 Leo
3699 5214 3798 5267 pa-

2198 5315 2266 5368 pa
2307 5299 2360 5352 in
2395 5299 2512 5352 suis
2545 5296 2895 5367 dogmatibus
2933 5295 3062 5350 dicit
3091 5312 3103 5346 :
3135 5294 3307 5348 Totus
3343 5296 3399 5348 in
3455 5293 3598 5356 suis,
3639 5300 3806 5346 iouis

2191 5393 2254 5445 in
2277 5391 2587 5454 .mstris,et
2611 5386 3264 5444 secundumdivinitatem
3290 5385 3600 5442 coruscavit
3628 5384 3799 5437 mira-

2201 5484 2356 5547 culis,
2385 5490 2439 5537 et
2461 5482 2755 5537 secundum
2778 5481 3165 5534 humanitatem
3188 5480 3371 5534 carnis
3402 5477 3668 5547 suhjacuit
3702 5476 3803 5529 in-

2195 5574 2376 5643 juriis.
2412 5574 2552 5629 Ecce
2579 5574 2626 5627 si
2657 5573 2730 5626 ita
2761 5581 2845 5626 est
2873 5581 3018 5626 totus
3047 5571 3102 5625 in
3133 5570 3266 5632 suis,
3297 5569 3486 5639 νεοαιί
3515 5568 3680 5623 dubio
3709 5574 3810 5622 t0-

2193 5675 2291 5721 ‘tus
2316 5675 2398 5720 est
2416 5673 2477 5720 et
2503 5664 2556 5717 in
2585 5663 2808 5728 nostris,
2837 5670 3034 5731 prater
3060 5669 3342 5730 peccatum
3362 5702 3378 5724 ,
3403 5661 3550 5729 quod
3571 5674 3680 5717 non
3712 5657 3795 5713 ΐο-

2205 5757 2296 5814 cit.
2323 5757 2440 5827 ipse
2465 5755 2725 5813 Dominus
2761 5764 2816 5809 ct
2843 5752 3170 5824 Redemptor
3204 5753 3500 5809 secundum
3540 5749 3805 5808 divinita-
